ts,close,volume,bid_price,bid_volume,ask_price,ask_volume,tick_type,datetime
1653987614943472000,19.85,237,19.8,3,19.85,16,0,2022-05-31 09:00:14
1653987615047323000,19.85,1,19.8,3,19.85,16,1,2022-05-31 09:00:15
1653987615630191000,19.8,3,19.75,6,19.85,16,2,2022-05-31 09:00:15
1653987615630191000,19.75,7,19.75,6,19.85,16,2,2022-05-31 09:00:15
1653987615777585000,19.75,6,19.65,16,19.85,16,2,2022-05-31 09:00:15
1653987615777585000,19.7,5,19.65,16,19.85,16,2,2022-05-31 09:00:15
1653987615777585000,19.65,15,19.65,16,19.85,16,2,2022-05-31 09:00:15
1653987619037463000,19.65,5,19.65,11,19.85,24,2,2022-05-31 09:00:19
1653987620589667000,19.7,5,19.7,85,19.8,1,2,2022-05-31 09:00:20
1653987624263726000,19.7,1,19.7,84,19.75,1,2,2022-05-31 09:00:24
1653987624297645000,19.75,1,19.7,84,19.8,2,1,2022-05-31 09:00:24
1653987625166310000,19.8,2,19.7,85,19.85,24,1,2022-05-31 09:00:25
1653987628260932000,19.85,2,19.8,5,19.85,22,1,2022-05-31 09:00:28
1653987628594337000,19.8,1,19.8,4,19.85,22,2,2022-05-31 09:00:28
1653987628605087000,19.85,10,19.8,4,19.85,12,1,2022-05-31 09:00:28
1653987628966062000,19.85,1,19.8,4,19.85,11,1,2022-05-31 09:00:28
1653987629644424000,19.85,6,19.8,6,19.85,5,1,2022-05-31 09:00:29
1653987629675007000,19.85,1,19.8,6,19.85,4,1,2022-05-31 09:00:29
1653987629675647000,19.85,4,19.85,6,19.9,25,1,2022-05-31 09:00:29
1653987629984465000,19.9,1,19.85,6,19.9,24,1,2022-05-31 09:00:29
1653987630058989000,19.9,12,19.85,6,19.9,12,1,2022-05-31 09:00:30
1653987630095012000,19.9,1,19.85,6,19.9,11,1,2022-05-31 09:00:30
1653987630395793000,19.85,6,19.8,6,19.9,11,2,2022-05-31 09:00:30
1653987630928788000,19.9,2,19.8,6,19.9,9,1,2022-05-31 09:00:30
1653987631001256000,19.9,1,19.8,6,19.9,8,1,2022-05-31 09:00:31
1653987631791222000,19.85,1,19.8,6,19.9,8,2,2022-05-31 09:00:31
1653987633786749000,19.85,1,19.8,6,19.9,8,2,2022-05-31 09:00:33
1653987635440392000,19.85,2,19.85,1,19.9,8,2,2022-05-31 09:00:35
1653987635744519000,19.9,5,19.85,1,19.9,3,1,2022-05-31 09:00:35
1653987636432636000,19.9,1,19.85,1,19.9,2,1,2022-05-31 09:00:36
1653987638321515000,19.85,1,19.85,7,19.9,2,2,2022-05-31 09:00:38
1653987638979860000,19.9,4,19.9,6,19.95,7,1,2022-05-31 09:00:38
1653987643625800000,19.95,1,19.9,11,19.95,7,1,2022-05-31 09:00:43
1653987643631389000,19.9,1,19.9,10,19.95,7,2,2022-05-31 09:00:43
1653987643746513000,19.95,2,19.9,10,19.95,5,1,2022-05-31 09:00:43
1653987643768519000,19.95,2,19.9,10,19.95,3,1,2022-05-31 09:00:43
1653987644177494000,19.95,1,19.9,10,19.95,2,1,2022-05-31 09:00:44
1653987644193297000,19.9,1,19.9,9,19.95,2,2,2022-05-31 09:00:44
1653987644672170000,19.9,2,19.9,7,19.95,2,2,2022-05-31 09:00:44
1653987645171605000,19.9,7,19.85,11,19.95,2,2,2022-05-31 09:00:45
1653987645263311000,19.95,2,19.95,8,20.0,10,1,2022-05-31 09:00:45
1653987646218090000,19.95,1,19.95,8,20.0,10,2,2022-05-31 09:00:46
1653987647058392000,19.95,3,19.95,5,20.0,10,2,2022-05-31 09:00:47
1653987647499370000,19.95,4,19.95,1,20.0,10,2,2022-05-31 09:00:47
1653987647540449000,19.95,1,19.85,11,20.0,10,2,2022-05-31 09:00:47
1653987649149109000,20.0,2,19.85,11,20.0,10,1,2022-05-31 09:00:49
1653987649321446000,20.0,1,19.85,11,20.0,9,1,2022-05-31 09:00:49
1653987650345977000,19.9,1,19.85,9,20.05,3,1,2022-05-31 09:00:50
1653987650345977000,20.0,9,19.85,9,20.05,3,1,2022-05-31 09:00:50
1653987650818367000,19.95,3,19.9,1,20.0,5,2,2022-05-31 09:00:50
1653987651110485000,19.9,1,19.85,9,20.0,5,2,2022-05-31 09:00:51
1653987651449210000,20.0,2,19.85,9,20.0,3,1,2022-05-31 09:00:51
1653987651682677000,20.0,1,19.85,9,20.0,2,1,2022-05-31 09:00:51
1653987652996311000,19.85,3,19.85,7,19.95,1,2,2022-05-31 09:00:52
1653987653472205000,19.95,1,19.85,7,20.05,8,1,2022-05-31 09:00:53
1653987653472205000,20.0,2,19.85,7,20.05,8,1,2022-05-31 09:00:53
1653987654239523000,20.0,1,19.9,1,20.05,8,1,2022-05-31 09:00:54
1653987654521300000,19.9,4,19.85,6,20.05,10,2,2022-05-31 09:00:54
1653987654521300000,19.85,1,19.85,6,20.05,10,2,2022-05-31 09:00:54
1653987655048655000,19.95,3,19.95,4,20.0,9,2,2022-05-31 09:00:55
1653987655079964000,19.95,4,19.85,6,20.0,9,2,2022-05-31 09:00:55
1653987655297744000,20.0,1,19.85,6,20.0,8,1,2022-05-31 09:00:55
1653987655351044000,19.85,1,19.85,5,20.0,8,2,2022-05-31 09:00:55
1653987656204282000,19.95,1,19.9,3,20.0,7,1,2022-05-31 09:00:56
1653987656204282000,20.0,1,19.9,3,20.0,7,1,2022-05-31 09:00:56
1653987656323058000,20.0,7,19.9,3,20.05,9,1,2022-05-31 09:00:56
1653987656323058000,20.05,1,19.9,3,20.05,9,1,2022-05-31 09:00:56
1653987656449716000,20.05,1,19.9,3,20.05,8,1,2022-05-31 09:00:56
1653987656594594000,20.0,1,19.9,3,20.05,8,2,2022-05-31 09:00:56
1653987656926360000,20.0,1,19.9,3,20.05,8,2,2022-05-31 09:00:56
1653987657991837000,19.9,2,19.9,1,20.0,2,2,2022-05-31 09:00:57
1653987658262392000,19.9,1,19.85,5,20.0,2,2,2022-05-31 09:00:58
1653987658504272000,20.0,1,19.85,5,20.0,1,1,2022-05-31 09:00:58
1653987658750383000,20.0,1,19.85,5,20.05,8,1,2022-05-31 09:00:58
1653987659758838000,19.95,1,19.9,1,20.05,10,1,2022-05-31 09:00:59
1653987659758838000,20.05,3,19.9,1,20.05,10,1,2022-05-31 09:00:59
1653987659823200000,19.9,2,19.9,1,20.05,10,2,2022-05-31 09:00:59
1653987659881345000,19.95,2,19.85,5,20.0,2,2,2022-05-31 09:00:59
1653987659991077000,19.85,1,19.85,4,20.0,2,2,2022-05-31 09:00:59
1653987661072912000,20.0,2,20.0,4,20.05,10,1,2022-05-31 09:01:01
1653987661111910000,20.0,4,19.85,6,20.05,10,2,2022-05-31 09:01:01
1653987662590077000,20.0,1,19.95,2,20.0,3,1,2022-05-31 09:01:02
1653987663363496000,19.95,2,19.85,7,19.95,1,2,2022-05-31 09:01:03
1653987663492021000,19.85,1,19.85,6,19.95,1,2,2022-05-31 09:01:03
1653987665272667000,19.9,2,19.85,7,19.95,7,1,2022-05-31 09:01:05
1653987665848131000,19.95,1,19.85,9,19.95,6,1,2022-05-31 09:01:05
1653987665949725000,19.9,2,19.9,82,19.95,46,2,2022-05-31 09:01:05
1653987668349083000,19.95,2,19.9,84,19.95,39,1,2022-05-31 09:01:08
1653987668749812000,19.95,2,19.9,84,19.95,37,1,2022-05-31 09:01:08
1653987668798983000,19.9,68,19.9,16,19.95,37,2,2022-05-31 09:01:08
1653987668821553000,19.9,2,19.9,14,19.95,37,2,2022-05-31 09:01:08
1653987668822058000,19.9,14,19.85,11,19.95,37,2,2022-05-31 09:01:08
1653987668997100000,19.95,1,19.85,11,19.95,36,1,2022-05-31 09:01:08
1653987670613429000,19.85,5,19.85,6,19.9,6,2,2022-05-31 09:01:10
1653987670655963000,19.85,3,19.85,3,19.9,6,2,2022-05-31 09:01:10
1653987671308236000,19.9,5,19.85,3,19.9,1,1,2022-05-31 09:01:11
1653987671570627000,19.9,1,19.85,3,19.95,35,1,2022-05-31 09:01:11
1653987671570627000,19.95,2,19.85,3,19.95,35,1,2022-05-31 09:01:11
1653987671890097000,19.85,2,19.85,1,19.95,35,2,2022-05-31 09:01:11
1653987672926942000,19.95,1,19.9,1,19.95,34,1,2022-05-31 09:01:12
1653987672995120000,19.9,1,19.85,1,19.95,34,2,2022-05-31 09:01:12
1653987673446153000,19.85,1,19.8,5,19.9,1,2,2022-05-31 09:01:13
1653987673612010000,19.9,1,19.8,5,19.95,34,1,2022-05-31 09:01:13
1653987675832470000,19.9,1,19.85,2,19.9,1,1,2022-05-31 09:01:15
1653987676324554000,19.85,2,19.8,7,19.9,1,2,2022-05-31 09:01:16
1653987676324554000,19.8,3,19.8,7,19.9,1,2,2022-05-31 09:01:16
1653987677276992000,19.9,2,19.85,1,19.95,34,1,2022-05-31 09:01:17
1653987680413045000,19.9,1,19.9,2,19.95,36,2,2022-05-31 09:01:20
1653987681062506000,19.9,1,19.9,1,19.95,36,2,2022-05-31 09:01:21
1653987682416920000,19.9,1,19.9,3,19.95,36,2,2022-05-31 09:01:22
1653987683043980000,19.9,3,19.85,1,19.9,2,2,2022-05-31 09:01:23
1653987683808264000,19.9,3,19.85,1,19.9,10,1,2022-05-31 09:01:23
1653987684503132000,19.9,1,19.85,1,19.9,10,1,2022-05-31 09:01:24
1653987685969805000,19.9,1,19.85,1,19.9,9,1,2022-05-31 09:01:25
1653987686496310000,19.9,1,19.85,1,19.9,9,1,2022-05-31 09:01:26
1653987686951816000,19.85,1,19.85,1,19.9,9,2,2022-05-31 09:01:26
1653987687283183000,19.85,1,19.8,11,19.85,6,2,2022-05-31 09:01:27
1653987687786798000,19.85,4,19.8,11,19.85,2,1,2022-05-31 09:01:27
1653987688380251000,19.85,2,19.8,11,19.9,12,1,2022-05-31 09:01:28
1653987688380251000,19.9,1,19.8,11,19.9,12,1,2022-05-31 09:01:28
1653987688738428000,19.85,1,19.8,11,19.9,12,1,2022-05-31 09:01:28
1653987690147567000,19.8,1,19.8,10,19.9,12,2,2022-05-31 09:01:30
1653987692425440000,19.8,5,19.8,6,19.85,2,2,2022-05-31 09:01:32
1653987695138521000,19.85,1,19.8,6,19.85,1,1,2022-05-31 09:01:35
1653987696314006000,19.8,1,19.8,5,19.85,1,2,2022-05-31 09:01:36
1653987697634808000,19.8,3,19.8,2,19.85,1,2,2022-05-31 09:01:37
1653987699213846000,19.85,1,19.8,2,19.85,1,1,2022-05-31 09:01:39
1653987703330097000,19.8,1,19.8,1,19.85,5,2,2022-05-31 09:01:43
1653987703368349000,19.8,1,19.75,5,19.85,5,2,2022-05-31 09:01:43
1653987703957603000,19.85,1,19.75,5,19.85,4,1,2022-05-31 09:01:43
1653987705085530000,19.75,3,19.75,2,19.85,4,2,2022-05-31 09:01:45
1653987707800050000,19.75,2,19.75,1,19.85,9,2,2022-05-31 09:01:47
1653987708846331000,19.75,1,19.7,8,19.85,9,2,2022-05-31 09:01:48
1653987709853711000,19.75,3,19.7,8,19.75,6,2,2022-05-31 09:01:49
1653987709977075000,19.7,1,19.7,7,19.75,9,2,2022-05-31 09:01:49
1653987710373696000,19.7,5,19.7,2,19.75,9,2,2022-05-31 09:01:50
1653987712748116000,19.75,1,19.7,2,19.75,8,1,2022-05-31 09:01:52
1653987712779892000,19.75,1,19.7,2,19.75,7,1,2022-05-31 09:01:52
1653987717158091000,19.75,2,19.7,3,19.75,8,1,2022-05-31 09:01:57
1653987717659765000,19.7,1,19.7,2,19.75,8,2,2022-05-31 09:01:57
1653987724434404000,19.7,2,19.65,11,19.75,8,2,2022-05-31 09:02:04
1653987726749799000,19.7,5,19.65,11,19.75,8,1,2022-05-31 09:02:06
1653987727159507000,19.65,7,19.65,4,19.75,8,2,2022-05-31 09:02:07
1653987727171029000,19.75,8,19.65,4,19.9,13,1,2022-05-31 09:02:07
1653987727171029000,19.85,12,19.65,4,19.9,13,1,2022-05-31 09:02:07
1653987727215994000,19.65,3,19.65,1,19.75,30,2,2022-05-31 09:02:07
1653987729314233000,19.65,1,19.6,31,19.75,30,2,2022-05-31 09:02:09
1653987732257451000,19.6,1,19.6,29,19.75,30,2,2022-05-31 09:02:12
1653987732269513000,19.6,1,19.6,28,19.75,30,2,2022-05-31 09:02:12
1653987733490047000,19.6,2,19.6,26,19.75,30,2,2022-05-31 09:02:13
1653987735792644000,19.6,1,19.6,25,19.7,2,2,2022-05-31 09:02:15
1653987739493653000,19.6,5,19.6,19,19.7,2,2,2022-05-31 09:02:19
1653987741952248000,19.65,2,19.65,1,19.7,2,2,2022-05-31 09:02:21
1653987749340261000,19.65,3,19.65,4,19.7,3,2,2022-05-31 09:02:29
1653987749405525000,19.65,1,19.65,3,19.7,3,2,2022-05-31 09:02:29
1653987759472930000,19.65,5,19.65,1,19.7,6,2,2022-05-31 09:02:39
1653987761668055000,19.65,1,19.6,19,19.65,1,2,2022-05-31 09:02:41
1653987761695631000,19.65,1,19.6,19,19.7,6,1,2022-05-31 09:02:41
1653987762709725000,19.7,1,19.6,19,19.7,5,1,2022-05-31 09:02:42
1653987767946614000,19.7,1,19.65,3,19.7,4,1,2022-05-31 09:02:47
1653987768736577000,19.65,1,19.65,4,19.7,4,2,2022-05-31 09:02:48
1653987773376593000,19.65,1,19.65,4,19.7,6,2,2022-05-31 09:02:53
1653987774443261000,19.7,3,19.65,9,19.7,3,1,2022-05-31 09:02:54
1653987774477930000,19.7,3,19.65,9,19.75,31,1,2022-05-31 09:02:54
1653987775015360000,19.75,1,19.65,9,19.75,30,1,2022-05-31 09:02:55
1653987780695703000,19.7,1,19.65,17,19.75,30,2,2022-05-31 09:03:00
1653987781954042000,19.75,1,19.65,17,19.75,29,1,2022-05-31 09:03:01
1653987785382971000,19.7,1,19.65,17,19.75,29,2,2022-05-31 09:03:05
1653987790099392000,19.7,2,19.7,4,19.75,29,2,2022-05-31 09:03:10
1653987793233649000,19.75,1,19.7,10,19.75,28,1,2022-05-31 09:03:13
1653987795798432000,19.75,1,19.7,11,19.75,27,1,2022-05-31 09:03:15
1653987795837958000,19.75,9,19.7,11,19.75,18,1,2022-05-31 09:03:15
1653987795878847000,19.75,18,19.7,11,19.85,11,1,2022-05-31 09:03:15
1653987796151125000,19.85,4,19.7,11,19.85,7,1,2022-05-31 09:03:16
1653987796775460000,19.85,1,19.7,11,19.85,6,1,2022-05-31 09:03:16
1653987798974388000,19.85,1,19.7,11,19.85,5,1,2022-05-31 09:03:18
1653987799007397000,19.85,2,19.7,11,19.85,3,1,2022-05-31 09:03:19
1653987809941949000,19.85,5,19.8,1,19.9,11,1,2022-05-31 09:03:29
1653987816598328000,19.9,1,19.85,10,19.9,10,1,2022-05-31 09:03:36
1653987818187583000,19.9,1,19.85,11,19.9,9,1,2022-05-31 09:03:38
1653987818354558000,19.9,2,19.85,11,19.9,7,1,2022-05-31 09:03:38
1653987818734932000,19.9,1,19.85,11,19.9,6,1,2022-05-31 09:03:38
1653987818905140000,19.9,1,19.85,11,19.9,5,1,2022-05-31 09:03:38
1653987819550276000,19.9,1,19.85,11,19.9,4,1,2022-05-31 09:03:39
1653987820312912000,19.9,4,19.9,1,19.95,36,1,2022-05-31 09:03:40
1653987820962197000,19.9,1,19.8,1,19.85,8,2,2022-05-31 09:03:40
1653987820962197000,19.85,11,19.8,1,19.85,8,2,2022-05-31 09:03:40
1653987821584484000,19.85,1,19.8,1,19.85,7,1,2022-05-31 09:03:41
1653987822472960000,19.85,1,19.8,1,19.85,6,1,2022-05-31 09:03:42
1653987822956131000,19.85,1,19.8,1,19.85,5,1,2022-05-31 09:03:42
1653987823161265000,19.85,1,19.8,1,19.85,4,1,2022-05-31 09:03:43
1653987824753307000,19.85,2,19.8,2,19.85,2,1,2022-05-31 09:03:44
1653987824794600000,19.85,2,19.8,2,19.95,36,1,2022-05-31 09:03:44
1653987830413033000,19.85,5,19.85,1,19.95,36,2,2022-05-31 09:03:50
1653987830446416000,19.85,1,19.8,2,19.95,36,2,2022-05-31 09:03:50
1653987833724070000,19.85,2,19.8,2,19.85,1,2,2022-05-31 09:03:53
1653987834528341000,19.85,1,19.8,2,19.9,10,1,2022-05-31 09:03:54
1653987836461109000,19.9,5,19.85,2,19.9,5,1,2022-05-31 09:03:56
1653987836494568000,19.9,5,19.85,2,19.95,36,1,2022-05-31 09:03:56
1653987838892961000,19.9,1,19.85,2,19.95,36,2,2022-05-31 09:03:58
1653987842922212000,19.9,1,19.85,5,19.95,36,2,2022-05-31 09:04:02
1653987850709594000,19.9,2,19.85,6,19.95,36,2,2022-05-31 09:04:10
1653987855363492000,19.9,2,19.9,4,19.95,36,2,2022-05-31 09:04:15
1653987859757900000,19.95,2,19.9,9,19.95,35,1,2022-05-31 09:04:19
1653987860822360000,19.95,14,19.9,9,19.95,22,1,2022-05-31 09:04:20
1653987860822677000,19.95,1,19.9,9,19.95,21,1,2022-05-31 09:04:20
1653987860822843000,19.95,15,19.9,9,19.95,6,1,2022-05-31 09:04:20
1653987860860359000,19.95,3,19.9,9,19.95,3,1,2022-05-31 09:04:20
1653987860860853000,19.95,2,19.9,9,19.95,1,1,2022-05-31 09:04:20
1653987862302563000,19.95,1,19.9,11,20.0,8,1,2022-05-31 09:04:22
1653987862943038000,19.9,2,19.9,9,20.0,9,2,2022-05-31 09:04:22
1653987864131270000,20.0,1,19.95,5,20.0,8,1,2022-05-31 09:04:24
1653987866195805000,20.0,2,19.95,11,20.0,6,1,2022-05-31 09:04:26
1653987866825937000,20.0,2,19.95,11,20.0,4,1,2022-05-31 09:04:26
1653987868055220000,20.0,2,19.95,12,20.0,2,1,2022-05-31 09:04:28
1653987868082248000,20.0,1,19.95,12,20.0,1,1,2022-05-31 09:04:28
1653987868649343000,19.95,2,19.95,10,20.0,1,2,2022-05-31 09:04:28
1653987869426057000,20.0,1,19.95,10,20.05,11,1,2022-05-31 09:04:29
1653987870189864000,20.05,1,20.0,5,20.05,10,1,2022-05-31 09:04:30
1653987873854622000,20.0,1,20.0,9,20.05,10,2,2022-05-31 09:04:33
1653987874523264000,20.0,1,20.0,8,20.05,10,2,2022-05-31 09:04:34
1653987875067226000,20.05,5,20.0,13,20.05,5,1,2022-05-31 09:04:35
1653987875393872000,20.0,2,20.0,11,20.05,5,2,2022-05-31 09:04:35
1653987875451179000,20.0,1,20.0,10,20.05,5,2,2022-05-31 09:04:35
1653987875500833000,20.05,1,20.0,10,20.05,4,1,2022-05-31 09:04:35
1653987876204072000,20.05,1,20.0,11,20.05,3,1,2022-05-31 09:04:36
1653987878124310000,20.05,2,20.0,21,20.05,1,1,2022-05-31 09:04:38
1653987879224553000,20.05,2,20.05,3,20.1,9,1,2022-05-31 09:04:39
1653987881340985000,20.1,1,20.05,14,20.1,8,1,2022-05-31 09:04:41
1653987881394467000,20.1,3,20.05,14,20.1,5,1,2022-05-31 09:04:41
1653987881560654000,20.05,1,20.05,13,20.1,5,2,2022-05-31 09:04:41
1653987885128179000,20.1,5,20.05,19,20.15,4,1,2022-05-31 09:04:45
1653987889626753000,20.15,5,20.1,11,20.2,23,1,2022-05-31 09:04:49
1653987890032864000,20.15,1,20.15,49,20.2,23,1,2022-05-31 09:04:50
1653987890915416000,20.15,1,20.15,48,20.2,23,2,2022-05-31 09:04:50
1653987892349752000,20.15,2,20.15,46,20.2,23,2,2022-05-31 09:04:52
1653987892380897000,20.2,5,20.15,46,20.2,18,1,2022-05-31 09:04:52
1653987892937746000,20.15,2,20.15,44,20.2,18,2,2022-05-31 09:04:52
1653987893166954000,20.2,5,20.15,44,20.2,13,1,2022-05-31 09:04:53
1653987894363680000,20.2,1,20.15,46,20.2,12,1,2022-05-31 09:04:54
1653987894799101000,20.2,5,20.15,47,20.2,7,1,2022-05-31 09:04:54
1653987894972420000,20.2,3,20.15,47,20.2,4,1,2022-05-31 09:04:54
1653987895004865000,20.2,2,20.15,47,20.2,2,1,2022-05-31 09:04:55
1653987895185296000,20.2,1,20.15,47,20.2,1,1,2022-05-31 09:04:55
1653987895215043000,20.2,1,20.15,47,20.25,15,1,2022-05-31 09:04:55
1653987895246825000,20.25,1,20.15,49,20.25,14,1,2022-05-31 09:04:55
1653987895354543000,20.25,1,20.15,49,20.25,13,1,2022-05-31 09:04:55
1653987895578064000,20.25,1,20.2,10,20.25,12,1,2022-05-31 09:04:55
1653987896412628000,20.2,1,20.2,17,20.25,12,2,2022-05-31 09:04:56
1653987897677002000,20.25,1,20.2,23,20.25,11,1,2022-05-31 09:04:57
1653987897679106000,20.2,1,20.2,22,20.25,11,2,2022-05-31 09:04:57
1653987898103984000,20.2,1,20.2,21,20.25,11,2,2022-05-31 09:04:58
1653987898578292000,20.2,5,20.2,18,20.25,6,2,2022-05-31 09:04:58
1653987899123544000,20.25,6,20.25,4,20.3,10,1,2022-05-31 09:04:59
1653987899160745000,20.25,4,20.2,20,20.3,10,2,2022-05-31 09:04:59
1653987900095276000,20.3,5,20.25,1,20.3,5,1,2022-05-31 09:05:00
1653987900396725000,20.25,6,20.2,22,20.25,8,2,2022-05-31 09:05:00
1653987900402236000,20.2,22,20.15,51,20.2,10,2,2022-05-31 09:05:00
1653987900596076000,20.2,2,20.15,51,20.2,51,1,2022-05-31 09:05:00
1653987900708508000,20.15,4,20.15,47,20.2,51,2,2022-05-31 09:05:00
1653987901184094000,20.2,2,20.15,47,20.2,49,1,2022-05-31 09:05:01
1653987901508521000,20.2,4,20.15,47,20.2,48,1,2022-05-31 09:05:01
1653987901785057000,20.2,1,20.15,47,20.2,47,1,2022-05-31 09:05:01
1653987903081804000,20.2,2,20.15,47,20.2,57,1,2022-05-31 09:05:03
1653987903283049000,20.2,2,20.15,45,20.2,55,1,2022-05-31 09:05:03
1653987903613308000,20.2,5,20.15,45,20.2,50,1,2022-05-31 09:05:03
1653987903927015000,20.2,1,20.15,45,20.2,50,1,2022-05-31 09:05:03
1653987903987427000,20.2,2,20.15,45,20.2,48,1,2022-05-31 09:05:03
1653987904369219000,20.2,1,20.15,45,20.2,47,1,2022-05-31 09:05:04
1653987904556631000,20.2,2,20.15,45,20.2,45,1,2022-05-31 09:05:04
1653987904619274000,20.2,30,20.15,45,20.2,20,1,2022-05-31 09:05:04
1653987905317359000,20.15,1,20.15,44,20.2,22,2,2022-05-31 09:05:05
1653987905571591000,20.2,1,20.15,45,20.2,21,1,2022-05-31 09:05:05
1653987906537082000,20.2,1,20.15,45,20.2,20,1,2022-05-31 09:05:06
1653987906617163000,20.2,1,20.15,45,20.2,19,1,2022-05-31 09:05:06
1653987907431992000,20.2,1,20.15,45,20.2,33,1,2022-05-31 09:05:07
1653987907652531000,20.2,1,20.15,44,20.2,32,1,2022-05-31 09:05:07
1653987907817793000,20.2,5,20.15,44,20.2,27,1,2022-05-31 09:05:07
1653987908173724000,20.2,5,20.15,44,20.2,24,1,2022-05-31 09:05:08
1653987908191671000,20.15,6,20.15,38,20.2,24,2,2022-05-31 09:05:08
1653987908318276000,20.2,1,20.15,38,20.2,23,1,2022-05-31 09:05:08
1653987908624953000,20.2,1,20.15,38,20.2,22,1,2022-05-31 09:05:08
1653987908646111000,20.2,1,20.15,38,20.2,21,1,2022-05-31 09:05:08
1653987909312796000,20.2,1,20.15,39,20.2,20,1,2022-05-31 09:05:09
1653987909574471000,20.2,1,20.15,39,20.2,19,1,2022-05-31 09:05:09
1653987909828002000,20.2,3,20.15,39,20.2,16,1,2022-05-31 09:05:09
1653987911256372000,20.15,1,20.15,39,20.2,26,2,2022-05-31 09:05:11
1653987911338387000,20.2,10,20.15,39,20.2,16,1,2022-05-31 09:05:11
1653987911661718000,20.2,2,20.15,39,20.2,14,1,2022-05-31 09:05:11
1653987912219840000,20.2,1,20.15,39,20.2,13,1,2022-05-31 09:05:12
1653987912354838000,20.2,1,20.15,39,20.2,12,1,2022-05-31 09:05:12
1653987912555283000,20.15,1,20.15,38,20.2,12,2,2022-05-31 09:05:12
1653987912887699000,20.2,1,20.15,43,20.2,11,1,2022-05-31 09:05:12
1653987913473305000,20.2,1,20.15,43,20.2,10,1,2022-05-31 09:05:13
1653987914515112000,20.2,2,20.15,43,20.2,14,1,2022-05-31 09:05:14
1653987914613923000,20.2,3,20.15,43,20.2,11,1,2022-05-31 09:05:14
1653987914721784000,20.2,1,20.15,43,20.2,10,1,2022-05-31 09:05:14
1653987915506775000,20.2,1,20.15,44,20.2,9,1,2022-05-31 09:05:15
1653987915866632000,20.15,4,20.15,40,20.2,10,2,2022-05-31 09:05:15
1653987916302777000,20.2,1,20.15,41,20.2,9,1,2022-05-31 09:05:16
1653987916451257000,20.2,11,20.2,4,20.25,27,1,2022-05-31 09:05:16
1653987916543396000,20.2,2,20.2,2,20.25,27,2,2022-05-31 09:05:16
1653987916815963000,20.2,3,20.15,39,20.2,17,2,2022-05-31 09:05:16
1653987918156889000,20.15,1,20.15,42,20.2,21,2,2022-05-31 09:05:18
1653987918401339000,20.15,1,20.15,40,20.2,21,2,2022-05-31 09:05:18
1653987918423732000,20.15,17,20.15,23,20.2,21,2,2022-05-31 09:05:18
1653987918444129000,20.15,6,20.15,17,20.2,21,2,2022-05-31 09:05:18
1653987918444470000,20.15,10,20.15,7,20.2,21,2,2022-05-31 09:05:18
1653987918464636000,20.15,1,20.15,6,20.2,21,2,2022-05-31 09:05:18
1653987918508175000,20.2,4,20.15,6,20.2,17,1,2022-05-31 09:05:18
1653987918940198000,20.15,6,20.1,8,20.15,2,2,2022-05-31 09:05:18
1653987920530350000,20.15,2,20.1,8,20.15,2,1,2022-05-31 09:05:20
1653987921953818000,20.15,2,20.1,8,20.15,3,1,2022-05-31 09:05:21
1653987922425135000,20.1,1,20.1,7,20.15,3,2,2022-05-31 09:05:22
1653987922895013000,20.15,1,20.1,7,20.15,2,1,2022-05-31 09:05:22
1653987924685127000,20.15,4,20.1,8,20.2,23,1,2022-05-31 09:05:24
1653987924685127000,20.2,3,20.1,8,20.2,23,1,2022-05-31 09:05:24
1653987925063857000,20.1,1,20.1,7,20.2,23,2,2022-05-31 09:05:25
1653987926995951000,20.15,1,20.15,1,20.2,23,2,2022-05-31 09:05:26
1653987929292709000,20.15,1,20.1,6,20.2,23,2,2022-05-31 09:05:29
1653987930898486000,20.2,2,20.1,7,20.2,21,1,2022-05-31 09:05:30
1653987934290456000,20.2,5,20.1,7,20.2,18,1,2022-05-31 09:05:34
1653987935428008000,20.1,1,20.1,6,20.15,1,2,2022-05-31 09:05:35
1653987938443373000,20.15,1,20.1,7,20.15,3,1,2022-05-31 09:05:38
1653987939928776000,20.1,2,20.1,6,20.15,4,2,2022-05-31 09:05:39
1653987940965601000,20.1,5,20.1,1,20.15,4,2,2022-05-31 09:05:40
1653987941316059000,20.15,3,20.1,1,20.15,1,1,2022-05-31 09:05:41
1653987941505700000,20.1,1,20.05,5,20.15,1,2,2022-05-31 09:05:41
1653987941505700000,20.05,6,20.05,5,20.15,1,2,2022-05-31 09:05:41
1653987941930541000,20.05,3,20.05,2,20.15,1,2,2022-05-31 09:05:41
1653987942018728000,20.15,1,20.05,2,20.2,12,1,2022-05-31 09:05:42
1653987944469263000,20.1,1,20.05,3,20.15,3,2,2022-05-31 09:05:44
1653987946166792000,20.1,1,20.05,3,20.15,6,2,2022-05-31 09:05:46
1653987947942871000,20.15,5,20.1,2,20.15,2,1,2022-05-31 09:05:47
1653987949254176000,20.1,1,20.1,2,20.15,2,2,2022-05-31 09:05:49
1653987952657388000,20.1,2,20.05,3,20.1,1,2,2022-05-31 09:05:52
1653987953146119000,20.1,1,20.05,3,20.15,2,1,2022-05-31 09:05:53
1653987957031009000,20.05,3,19.95,9,20.1,1,2,2022-05-31 09:05:57
1653987957031009000,20.0,19,19.95,9,20.1,1,2,2022-05-31 09:05:57
1653987957031009000,19.95,7,19.95,9,20.1,1,2,2022-05-31 09:05:57
1653987959505559000,19.95,7,19.95,2,20.1,2,2,2022-05-31 09:05:59
1653987959906181000,19.9,2,19.85,12,20.1,3,2,2022-05-31 09:05:59
1653987960890032000,19.85,1,19.85,11,20.05,1,2,2022-05-31 09:06:00
1653987960939761000,19.85,4,19.85,7,20.05,1,2,2022-05-31 09:06:00
1653987961266632000,19.85,7,19.8,8,19.85,8,2,2022-05-31 09:06:01
1653987961334922000,19.8,2,19.75,2,19.85,8,2,2022-05-31 09:06:01
1653987966116802000,19.75,2,19.7,4,19.75,1,2,2022-05-31 09:06:06
1653987967294042000,19.7,3,19.7,1,19.75,1,2,2022-05-31 09:06:07
1653987967835325000,19.7,1,19.65,15,19.75,1,2,2022-05-31 09:06:07
1653987967835325000,19.65,4,19.65,15,19.75,1,2,2022-05-31 09:06:07
1653987972672102000,19.7,1,19.65,8,19.75,4,2,2022-05-31 09:06:12
1653987972672102000,19.65,9,19.65,8,19.75,4,2,2022-05-31 09:06:12
1653987975828734000,19.75,1,19.65,1,19.8,2,2,2022-05-31 09:06:15
1653987975828734000,19.65,6,19.65,1,19.8,2,2,2022-05-31 09:06:15
1653987976546804000,19.65,1,19.65,3,19.8,2,2,2022-05-31 09:06:16
1653987981328485000,19.75,1,19.65,2,19.8,1,2,2022-05-31 09:06:21
1653987981328485000,19.65,1,19.65,2,19.8,1,2,2022-05-31 09:06:21
1653987982116363000,19.75,1,19.65,3,19.85,53,2,2022-05-31 09:06:22
1653987988486813000,19.8,1,19.75,7,19.8,9,2,2022-05-31 09:06:28
1653987993665140000,19.8,6,19.75,8,19.8,3,1,2022-05-31 09:06:33
1653987993692623000,19.8,3,19.75,8,19.85,53,1,2022-05-31 09:06:33
1653987994236770000,19.75,5,19.75,3,19.85,53,2,2022-05-31 09:06:34
1653987996310308000,19.75,1,19.75,4,19.85,53,2,2022-05-31 09:06:36
1653987997784243000,19.8,1,19.8,1,19.85,53,2,2022-05-31 09:06:37
1653987998189124000,19.8,1,19.75,5,19.85,53,2,2022-05-31 09:06:38
1653988002499895000,19.85,2,19.8,9,19.85,51,1,2022-05-31 09:06:42
1653988006062216000,19.85,4,19.8,21,19.85,47,1,2022-05-31 09:06:46
1653988006094475000,19.85,2,19.8,21,19.85,45,1,2022-05-31 09:06:46
1653988006094918000,19.85,45,19.8,21,20.0,6,1,2022-05-31 09:06:46
1653988022982908000,20.05,1,19.95,7,20.1,9,1,2022-05-31 09:07:02
1653988022982908000,20.1,1,19.95,7,20.1,9,1,2022-05-31 09:07:02
1653988023548871000,19.95,2,19.95,5,20.1,9,2,2022-05-31 09:07:03
1653988028492039000,20.0,1,19.95,9,20.0,11,1,2022-05-31 09:07:08
1653988035891065000,19.95,5,19.95,29,20.0,12,2,2022-05-31 09:07:15
1653988035924258000,19.95,29,19.9,6,20.0,12,2,2022-05-31 09:07:15
1653988036538972000,20.0,5,19.9,6,20.0,7,1,2022-05-31 09:07:16
1653988037730668000,19.95,1,19.9,6,20.0,7,2,2022-05-31 09:07:17
1653988040231287000,19.95,1,19.9,6,20.0,7,1,2022-05-31 09:07:20
1653988045231640000,19.95,2,19.9,6,20.0,9,2,2022-05-31 09:07:25
1653988046202115000,19.95,1,19.95,7,20.0,28,1,2022-05-31 09:07:26
1653988047473730000,19.95,1,19.95,6,20.0,28,2,2022-05-31 09:07:27
1653988047513253000,19.95,3,19.95,3,20.0,28,2,2022-05-31 09:07:27
1653988048234587000,20.0,1,19.95,4,20.0,28,1,2022-05-31 09:07:28
1653988052302052000,19.95,1,19.95,5,20.0,30,2,2022-05-31 09:07:32
1653988053207483000,19.95,1,19.95,5,20.0,30,2,2022-05-31 09:07:33
1653988053249306000,19.95,1,19.95,4,20.0,32,2,2022-05-31 09:07:33
1653988053292168000,19.95,4,19.9,11,20.0,32,2,2022-05-31 09:07:33
1653988053582696000,19.9,7,19.9,4,19.95,5,2,2022-05-31 09:07:33
1653988053604171000,19.9,1,19.9,3,19.95,5,2,2022-05-31 09:07:33
1653988053604597000,19.9,1,19.9,2,19.95,5,2,2022-05-31 09:07:33
1653988055281259000,19.95,2,19.9,2,19.95,5,1,2022-05-31 09:07:35
1653988055860569000,19.95,1,19.9,2,19.95,6,1,2022-05-31 09:07:35
1653988056392386000,19.9,1,19.9,1,19.95,6,2,2022-05-31 09:07:36
1653988057363988000,19.9,1,19.85,12,19.95,7,2,2022-05-31 09:07:37
1653988057562108000,19.95,2,19.85,12,19.95,5,1,2022-05-31 09:07:37
1653988058681766000,19.9,1,19.9,2,19.95,6,2,2022-05-31 09:07:38
1653988059188675000,19.95,2,19.9,2,19.95,4,1,2022-05-31 09:07:39
1653988060765152000,19.9,2,19.85,12,19.95,8,2,2022-05-31 09:07:40
1653988063210025000,19.85,1,19.85,12,19.95,8,2,2022-05-31 09:07:43
1653988065625679000,19.95,1,19.85,12,19.95,6,1,2022-05-31 09:07:45
1653988065824556000,19.95,3,19.85,12,19.95,3,1,2022-05-31 09:07:45
1653988071532638000,19.95,3,19.9,1,20.0,24,1,2022-05-31 09:07:51
1653988071949516000,20.0,2,19.9,1,20.0,22,1,2022-05-31 09:07:51
1653988080236583000,19.9,6,19.85,32,19.95,1,2,2022-05-31 09:08:00
1653988083138655000,19.9,2,19.85,27,19.95,1,2,2022-05-31 09:08:03
1653988083138655000,19.85,10,19.85,27,19.95,1,2,2022-05-31 09:08:03
1653988089694966000,19.9,1,19.85,28,19.95,1,2,2022-05-31 09:08:09
1653988103248178000,19.85,20,19.85,10,19.95,9,2,2022-05-31 09:08:23
1653988107132950000,19.85,1,19.85,9,19.9,3,2,2022-05-31 09:08:27
1653988109732052000,19.9,3,19.85,9,19.95,9,1,2022-05-31 09:08:29
1653988132534547000,19.9,1,19.85,20,19.95,12,2,2022-05-31 09:08:52
1653988136795468000,19.9,1,19.9,1,19.95,10,1,2022-05-31 09:08:56
1653988136994353000,19.9,1,19.85,24,19.95,10,2,2022-05-31 09:08:56
1653988141342643000,19.9,1,19.9,2,19.95,11,2,2022-05-31 09:09:01
1653988142611776000,19.9,1,19.9,1,19.95,11,2,2022-05-31 09:09:02
1653988142844764000,19.9,1,19.85,24,19.9,5,2,2022-05-31 09:09:02
1653988143597938000,19.9,2,19.85,24,19.9,3,1,2022-05-31 09:09:03
1653988146156983000,19.85,11,19.85,13,19.9,3,2,2022-05-31 09:09:06
1653988149516415000,19.85,2,19.85,11,19.9,3,2,2022-05-31 09:09:09
1653988152257034000,19.85,3,19.85,8,19.9,3,2,2022-05-31 09:09:12
1653988152317480000,19.85,2,19.85,6,19.9,3,2,2022-05-31 09:09:12
1653988152351261000,19.85,4,19.85,2,19.9,3,2,2022-05-31 09:09:12
1653988152616313000,19.85,2,19.8,35,19.85,1,2,2022-05-31 09:09:12
1653988152644433000,19.85,1,19.8,35,19.9,3,1,2022-05-31 09:09:12
1653988155101117000,19.8,1,19.8,34,19.85,13,2,2022-05-31 09:09:15
1653988155150811000,19.8,15,19.8,19,19.85,13,2,2022-05-31 09:09:15
1653988158858416000,19.8,1,19.8,19,19.85,2,2,2022-05-31 09:09:18
1653988163302699000,19.8,1,19.8,13,19.85,2,2,2022-05-31 09:09:23
1653988164112951000,19.8,2,19.8,11,19.85,2,2,2022-05-31 09:09:24
1653988164342583000,19.8,5,19.8,6,19.85,2,2,2022-05-31 09:09:24
1653988164375361000,19.8,1,19.8,5,19.85,2,2,2022-05-31 09:09:24
1653988165270636000,19.8,1,19.8,4,19.85,2,2,2022-05-31 09:09:25
1653988166932948000,19.8,4,19.75,16,19.8,1,2,2022-05-31 09:09:26
1653988167703451000,19.8,1,19.8,1,19.85,7,1,2022-05-31 09:09:27
1653988168116318000,19.8,1,19.75,16,19.8,9,2,2022-05-31 09:09:28
1653988174071156000,19.75,1,19.75,15,19.8,11,2,2022-05-31 09:09:34
1653988176658713000,19.75,1,19.75,14,19.8,14,2,2022-05-31 09:09:36
1653988177239618000,19.75,1,19.75,13,19.8,14,2,2022-05-31 09:09:37
1653988178604771000,19.75,1,19.75,12,19.8,14,2,2022-05-31 09:09:38
1653988181456249000,19.8,10,19.75,12,19.8,4,1,2022-05-31 09:09:41
1653988181499017000,19.75,1,19.75,11,19.8,3,2,2022-05-31 09:09:41
1653988182764254000,19.75,10,19.75,1,19.8,3,2,2022-05-31 09:09:42
1653988183287346000,19.75,1,19.7,10,19.8,3,2,2022-05-31 09:09:43
1653988185318238000,19.75,1,19.8,1,19.85,11,1,2022-05-31 09:09:45
1653988185318238000,19.8,3,19.8,1,19.85,11,1,2022-05-31 09:09:45
1653988185868057000,19.8,1,19.7,10,19.85,11,2,2022-05-31 09:09:45
1653988192963220000,19.75,1,19.75,10,19.85,5,2,2022-05-31 09:09:52
1653988198607563000,19.8,1,19.75,9,19.8,1,1,2022-05-31 09:09:58
1653988198779691000,19.8,1,19.75,9,19.85,12,1,2022-05-31 09:09:58
1653988200372453000,19.85,1,19.75,9,19.85,12,1,2022-05-31 09:10:00
1653988205094701000,19.75,1,19.75,8,19.85,12,2,2022-05-31 09:10:05
1653988212703382000,19.8,1,19.75,15,19.8,8,1,2022-05-31 09:10:12
1653988222897954000,19.8,1,19.75,15,19.8,9,1,2022-05-31 09:10:22
1653988233380978000,19.8,1,19.75,14,19.8,4,1,2022-05-31 09:10:33
1653988237312822000,19.8,4,19.75,14,19.8,1,1,2022-05-31 09:10:37
1653988247032033000,19.8,1,19.75,14,19.8,4,1,2022-05-31 09:10:47
1653988251494909000,19.75,1,19.75,13,19.8,4,2,2022-05-31 09:10:51
1653988252438182000,19.75,5,19.75,8,19.8,4,2,2022-05-31 09:10:52
1653988254140293000,19.8,4,19.75,8,19.85,65,1,2022-05-31 09:10:54
1653988256500456000,19.75,5,19.75,3,19.85,65,2,2022-05-31 09:10:56
1653988265232017000,19.8,1,19.75,4,19.8,1,2,2022-05-31 09:11:05
1653988269015523000,19.75,4,19.65,16,19.8,5,2,2022-05-31 09:11:09
1653988269015523000,19.7,10,19.65,16,19.8,5,2,2022-05-31 09:11:09
1653988284445308000,19.7,2,19.7,3,19.75,1,2,2022-05-31 09:11:24
1653988287087208000,19.7,3,19.65,10,19.75,1,2,2022-05-31 09:11:27
1653988287087208000,19.65,7,19.65,10,19.75,1,2,2022-05-31 09:11:27
1653988290845151000,19.7,1,19.65,9,19.75,1,1,2022-05-31 09:11:30
1653988296469410000,19.65,1,19.65,8,19.75,5,2,2022-05-31 09:11:36
1653988297449805000,19.75,5,19.65,8,19.85,44,1,2022-05-31 09:11:37
1653988297449805000,19.8,9,19.65,8,19.85,44,1,2022-05-31 09:11:37
1653988297449805000,19.85,16,19.65,8,19.85,44,1,2022-05-31 09:11:37
1653988320307670000,19.85,1,19.75,3,19.85,44,1,2022-05-31 09:12:00
1653988322701471000,19.85,5,19.75,3,19.85,39,1,2022-05-31 09:12:02
1653988325343047000,19.75,3,19.7,6,19.85,39,2,2022-05-31 09:12:05
1653988335542767000,19.75,3,19.7,6,19.75,7,2,2022-05-31 09:12:15
1653988339223883000,19.75,2,19.7,6,19.75,5,1,2022-05-31 09:12:19
1653988339247249000,19.75,4,19.7,6,19.75,1,1,2022-05-31 09:12:19
1653988341278929000,19.75,1,19.75,2,19.8,1,1,2022-05-31 09:12:21
1653988345324306000,19.8,2,19.75,2,19.85,38,1,2022-05-31 09:12:25
1653988364518388000,19.8,1,19.8,1,19.85,43,2,2022-05-31 09:12:44
1653988364554469000,19.8,1,19.75,7,19.85,43,2,2022-05-31 09:12:44
1653988368446384000,19.8,1,19.75,7,19.8,3,1,2022-05-31 09:12:48
1653988378715724000,19.75,1,19.75,6,19.8,3,2,2022-05-31 09:12:58
1653988381150399000,19.8,3,19.8,2,19.85,53,1,2022-05-31 09:13:01
1653988383967265000,19.8,2,19.75,6,19.85,55,2,2022-05-31 09:13:03
1653988392017361000,19.8,1,19.75,7,19.8,2,1,2022-05-31 09:13:12
1653988395311583000,19.75,2,19.75,5,19.8,5,2,2022-05-31 09:13:15
1653988397663962000,19.75,1,19.75,4,19.8,5,2,2022-05-31 09:13:17
1653988397832404000,19.75,1,19.75,3,19.8,5,2,2022-05-31 09:13:17
1653988403549862000,19.75,3,19.7,32,19.8,5,2,2022-05-31 09:13:23
1653988404432090000,19.8,1,19.7,32,19.8,4,1,2022-05-31 09:13:24
1653988408757425000,19.75,1,19.7,32,19.75,1,1,2022-05-31 09:13:28
1653988410414035000,19.7,2,19.7,30,19.75,1,2,2022-05-31 09:13:30
1653988410818839000,19.75,1,19.7,30,19.8,4,1,2022-05-31 09:13:30
1653988418383469000,19.75,1,19.7,30,19.8,4,2,2022-05-31 09:13:38
1653988428982000000,19.75,1,19.75,2,19.8,7,2,2022-05-31 09:13:48
1653988439493589000,19.75,1,19.75,2,19.8,7,2,2022-05-31 09:13:59
1653988441125898000,19.75,2,19.7,33,19.75,1,2,2022-05-31 09:14:01
1653988448808594000,19.7,1,19.7,32,19.75,3,2,2022-05-31 09:14:08
1653988450940102000,19.7,1,19.7,31,19.75,3,2,2022-05-31 09:14:10
1653988451167171000,19.7,1,19.7,30,19.75,4,2,2022-05-31 09:14:11
1653988463889664000,19.7,2,19.7,28,19.75,1,2,2022-05-31 09:14:23
1653988471842138000,19.7,10,19.7,19,19.75,1,2,2022-05-31 09:14:31
1653988472848310000,19.7,1,19.7,18,19.75,1,2,2022-05-31 09:14:32
1653988474636996000,19.7,5,19.7,13,19.8,8,2,2022-05-31 09:14:34
1653988474901231000,19.7,5,19.7,8,19.75,10,2,2022-05-31 09:14:34
1653988477843630000,19.7,1,19.7,7,19.75,10,2,2022-05-31 09:14:37
1653988480501804000,19.7,5,19.7,2,19.75,10,2,2022-05-31 09:14:40
1653988480530899000,19.7,2,19.65,26,19.75,10,2,2022-05-31 09:14:40
1653988493457137000,19.65,3,19.65,23,19.7,10,2,2022-05-31 09:14:53
1653988496410012000,19.7,3,19.65,26,19.7,7,1,2022-05-31 09:14:56
1653988497916773000,19.7,1,19.65,26,19.7,6,1,2022-05-31 09:14:57
1653988497990294000,19.7,1,19.65,26,19.7,5,1,2022-05-31 09:14:57
1653988499396657000,19.7,1,19.65,26,19.7,4,1,2022-05-31 09:14:59
1653988499790161000,19.65,1,19.65,25,19.7,4,2,2022-05-31 09:14:59
1653988505247549000,19.7,6,19.7,10,19.8,7,1,2022-05-31 09:15:05
1653988505305493000,19.7,2,19.7,8,19.8,8,2,2022-05-31 09:15:05
1653988505336750000,19.7,1,19.7,7,19.8,8,2,2022-05-31 09:15:05
1653988507395984000,19.7,1,19.7,6,19.8,8,2,2022-05-31 09:15:07
1653988510400327000,19.7,1,19.7,5,19.8,8,2,2022-05-31 09:15:10
1653988510948156000,19.7,2,19.7,3,19.8,8,2,2022-05-31 09:15:10
1653988517546925000,19.7,1,19.7,2,19.8,8,2,2022-05-31 09:15:17
1653988527252104000,19.7,2,19.65,34,19.8,9,2,2022-05-31 09:15:27
1653988536023120000,19.7,1,19.65,34,19.7,37,2,2022-05-31 09:15:36
1653988544028255000,19.7,2,19.65,34,19.7,35,1,2022-05-31 09:15:44
1653988546671800000,19.65,1,19.65,33,19.7,36,2,2022-05-31 09:15:46
1653988547576314000,19.7,1,19.65,32,19.7,35,1,2022-05-31 09:15:47
1653988557789158000,19.65,1,19.65,31,19.7,35,2,2022-05-31 09:15:57
1653988562853832000,19.65,5,19.65,26,19.7,37,2,2022-05-31 09:16:02
1653988562891473000,19.65,18,19.65,8,19.7,37,2,2022-05-31 09:16:02
1653988562891643000,19.65,8,19.6,11,19.7,37,2,2022-05-31 09:16:02
1653988562945861000,19.6,3,19.6,8,19.7,37,2,2022-05-31 09:16:02
1653988562976832000,19.6,1,19.6,7,19.65,5,2,2022-05-31 09:16:02
1653988563073786000,19.6,5,19.6,2,19.65,5,2,2022-05-31 09:16:03
1653988563910815000,19.6,1,19.6,1,19.65,5,2,2022-05-31 09:16:03
1653988565614992000,19.6,1,19.55,21,19.65,5,2,2022-05-31 09:16:05
1653988565614992000,19.55,2,19.55,21,19.65,5,2,2022-05-31 09:16:05
1653988565728322000,19.55,1,19.55,20,19.65,5,2,2022-05-31 09:16:05
1653988565818662000,19.55,5,19.55,15,19.65,5,2,2022-05-31 09:16:05
1653988567711324000,19.55,3,19.55,11,19.6,72,2,2022-05-31 09:16:07
1653988569594749000,19.55,2,19.55,9,19.6,70,2,2022-05-31 09:16:09
1653988570573084000,19.55,3,19.55,26,19.6,70,2,2022-05-31 09:16:10
1653988571413171000,19.55,26,19.5,43,19.55,44,2,2022-05-31 09:16:11
1653988571868958000,19.5,10,19.5,33,19.55,44,2,2022-05-31 09:16:11
1653988571975394000,19.5,3,19.5,30,19.55,44,2,2022-05-31 09:16:11
1653988572524803000,19.5,10,19.5,20,19.55,46,2,2022-05-31 09:16:12
1653988572691474000,19.5,1,19.5,24,19.55,46,2,2022-05-31 09:16:12
1653988572804500000,19.5,1,19.5,23,19.55,46,2,2022-05-31 09:16:12
1653988576165111000,19.5,23,19.45,7,19.5,21,2,2022-05-31 09:16:16
1653988576196963000,19.5,4,19.45,7,19.5,17,1,2022-05-31 09:16:16
1653988576260206000,19.5,3,19.45,7,19.5,14,1,2022-05-31 09:16:16
1653988576616273000,19.5,1,19.45,7,19.5,15,1,2022-05-31 09:16:16
1653988576743192000,19.5,2,19.45,7,19.5,13,1,2022-05-31 09:16:16
1653988576771924000,19.5,9,19.45,7,19.5,4,1,2022-05-31 09:16:16
1653988576804301000,19.5,4,19.45,7,19.55,4,1,2022-05-31 09:16:16
1653988576939358000,19.5,2,19.45,10,19.55,4,1,2022-05-31 09:16:16
1653988578319981000,19.55,2,19.45,10,19.55,3,1,2022-05-31 09:16:18
1653988579751916000,19.5,3,19.45,10,19.5,2,1,2022-05-31 09:16:19
1653988579788789000,19.5,2,19.45,10,19.55,3,1,2022-05-31 09:16:19
1653988579996784000,19.45,1,19.45,9,19.55,3,2,2022-05-31 09:16:19
1653988582291840000,19.5,3,19.5,1,19.55,5,1,2022-05-31 09:16:22
1653988584603764000,19.55,5,19.55,5,19.65,1,1,2022-05-31 09:16:24
1653988584951770000,19.55,2,19.55,3,19.65,1,2,2022-05-31 09:16:24
1653988592638831000,19.65,1,19.55,8,19.7,36,1,2022-05-31 09:16:32
1653988610257476000,19.65,2,19.65,1,19.7,41,2,2022-05-31 09:16:50
1653988613284716000,19.65,5,19.6,3,19.7,41,2,2022-05-31 09:16:53
1653988619525362000,19.65,1,19.6,3,19.65,3,1,2022-05-31 09:16:59
1653988620094492000,19.65,1,19.6,3,19.65,2,1,2022-05-31 09:17:00
1653988621530884000,19.65,3,19.65,17,19.7,42,1,2022-05-31 09:17:01
1653988622726354000,19.65,2,19.65,15,19.7,42,2,2022-05-31 09:17:02
1653988626697814000,19.7,1,19.65,15,19.7,41,1,2022-05-31 09:17:06
1653988628738255000,19.65,1,19.65,14,19.7,41,2,2022-05-31 09:17:08
1653988632858316000,19.7,2,19.65,14,19.7,39,1,2022-05-31 09:17:12
1653988633275993000,19.65,1,19.65,13,19.7,39,2,2022-05-31 09:17:13
1653988634296195000,19.7,1,19.65,13,19.7,38,1,2022-05-31 09:17:14
1653988642576274000,19.65,2,19.65,13,19.7,39,2,2022-05-31 09:17:22
1653988656414033000,19.7,5,19.65,18,19.7,4,1,2022-05-31 09:17:36
1653988656430366000,19.7,2,19.65,18,19.7,2,1,2022-05-31 09:17:36
1653988656430399000,19.7,2,19.65,18,19.75,1,1,2022-05-31 09:17:36
1653988663481398000,19.75,1,19.65,18,19.8,8,1,2022-05-31 09:17:43
1653988685125327000,19.75,1,19.7,4,19.8,13,1,2022-05-31 09:18:05
1653988686285285000,19.8,2,19.7,5,19.8,11,1,2022-05-31 09:18:06
1653988692281984000,19.8,3,19.75,1,19.8,8,1,2022-05-31 09:18:12
1653988693922093000,19.8,1,19.75,1,19.8,7,1,2022-05-31 09:18:13
1653988694095731000,19.8,3,19.75,1,19.8,4,1,2022-05-31 09:18:14
1653988696776953000,19.8,1,19.75,2,19.8,3,1,2022-05-31 09:18:16
1653988698797036000,19.8,1,19.75,3,19.8,2,1,2022-05-31 09:18:18
1653988700568672000,19.8,1,19.75,3,19.8,4,1,2022-05-31 09:18:20
1653988709601108000,19.75,1,19.75,1,19.8,4,2,2022-05-31 09:18:29
1653988716844913000,19.75,1,19.7,5,19.8,18,2,2022-05-31 09:18:36
1653988771223637000,19.65,5,19.6,11,19.7,1,2,2022-05-31 09:19:31
1653988784480684000,19.65,1,19.65,4,19.7,6,2,2022-05-31 09:19:44
1653988785536171000,19.65,1,19.65,3,19.7,5,2,2022-05-31 09:19:45
1653988786597693000,19.65,2,19.65,1,19.7,5,2,2022-05-31 09:19:46
1653988786875825000,19.65,1,19.6,8,19.65,4,2,2022-05-31 09:19:46
1653988792155150000,19.6,2,19.6,6,19.65,4,2,2022-05-31 09:19:52
1653988801539278000,19.65,7,19.65,4,19.7,7,1,2022-05-31 09:20:01
1653988807659058000,19.65,2,19.65,2,19.7,4,2,2022-05-31 09:20:07
1653988819647125000,19.65,1,19.65,1,19.7,8,2,2022-05-31 09:20:19
1653988831980734000,19.7,3,19.65,1,19.7,5,1,2022-05-31 09:20:31
1653988841798485000,19.7,1,19.65,6,19.7,5,1,2022-05-31 09:20:41
1653988843128709000,19.7,1,19.65,6,19.7,4,1,2022-05-31 09:20:43
1653988845173855000,19.7,4,19.7,1,19.75,36,1,2022-05-31 09:20:45
1653988867970970000,19.7,2,19.7,4,19.75,35,2,2022-05-31 09:21:07
1653988874418744000,19.7,1,19.7,3,19.75,35,2,2022-05-31 09:21:14
1653988881355592000,19.7,3,19.65,6,19.75,35,2,2022-05-31 09:21:21
1653988896667950000,19.7,1,19.65,5,19.75,35,2,2022-05-31 09:21:36
1653988896667950000,19.65,1,19.65,5,19.75,35,2,2022-05-31 09:21:36
1653988909629122000,19.65,1,19.65,4,19.7,12,2,2022-05-31 09:21:49
1653988916431747000,19.65,1,19.65,4,19.7,12,2,2022-05-31 09:21:56
1653988946581349000,19.65,1,19.65,4,19.7,12,2,2022-05-31 09:22:26
1653988985372700000,19.7,1,19.65,9,19.7,11,1,2022-05-31 09:23:05
1653988991718450000,19.65,7,19.65,3,19.7,13,2,2022-05-31 09:23:11
1653988996210299000,19.65,4,19.6,15,19.65,1,2,2022-05-31 09:23:16
1653989003533694000,19.65,1,19.65,2,19.7,13,1,2022-05-31 09:23:23
1653989040799525000,19.65,8,19.6,19,19.7,16,2,2022-05-31 09:24:00
1653989048158093000,19.65,1,19.6,15,19.7,16,1,2022-05-31 09:24:08
1653989092386776000,19.7,1,19.65,5,19.7,18,1,2022-05-31 09:24:52
1653989135198966000,19.7,2,19.65,6,19.7,13,1,2022-05-31 09:25:35
1653989144204222000,19.7,3,19.65,6,19.7,7,1,2022-05-31 09:25:44
1653989145666770000,19.7,1,19.65,7,19.7,6,1,2022-05-31 09:25:45
1653989145930180000,19.7,2,19.65,7,19.7,4,1,2022-05-31 09:25:45
1653989147308362000,19.7,1,19.65,7,19.7,3,1,2022-05-31 09:25:47
1653989152995203000,19.7,1,19.65,8,19.7,2,1,2022-05-31 09:25:52
1653989180411693000,19.65,4,19.65,5,19.7,13,2,2022-05-31 09:26:20
1653989191988533000,19.65,5,19.6,24,19.7,13,2,2022-05-31 09:26:31
1653989240166705000,19.65,1,19.6,26,19.65,2,1,2022-05-31 09:27:20
1653989256898291000,19.6,16,19.6,70,19.65,2,2,2022-05-31 09:27:36
1653989264293017000,19.6,1,19.6,69,19.65,6,2,2022-05-31 09:27:44
1653989273959403000,19.6,10,19.6,59,19.65,6,2,2022-05-31 09:27:53
1653989278123388000,19.6,3,19.6,56,19.65,6,2,2022-05-31 09:27:58
1653989282153436000,19.6,5,19.6,52,19.65,6,2,2022-05-31 09:28:02
1653989282185532000,19.6,21,19.6,31,19.65,6,2,2022-05-31 09:28:02
1653989284557210000,19.6,2,19.6,29,19.65,6,2,2022-05-31 09:28:04
1653989288393599000,19.6,22,19.6,7,19.65,6,2,2022-05-31 09:28:08
1653989288425099000,19.6,7,19.55,18,19.65,6,2,2022-05-31 09:28:08
1653989336070045000,19.6,1,19.55,18,19.6,5,1,2022-05-31 09:28:56
1653989341424065000,19.6,1,19.55,18,19.6,4,1,2022-05-31 09:29:01
1653989342547991000,19.6,3,19.55,18,19.6,1,1,2022-05-31 09:29:02
1653989343598299000,19.6,1,19.6,4,19.65,5,1,2022-05-31 09:29:03
1653989373264817000,19.6,3,19.6,10,19.65,5,2,2022-05-31 09:29:33
1653989422623435000,19.6,3,19.6,5,19.65,5,2,2022-05-31 09:30:22
1653989434268861000,19.6,4,19.6,2,19.65,5,2,2022-05-31 09:30:34
1653989434296656000,19.6,2,19.55,13,19.65,5,2,2022-05-31 09:30:34
1653989452412250000,19.6,3,19.55,13,19.6,1,1,2022-05-31 09:30:52
1653989455727338000,19.6,1,19.55,13,19.65,5,1,2022-05-31 09:30:55
1653989476299035000,19.6,2,19.55,11,19.65,6,2,2022-05-31 09:31:16
1653989476299035000,19.55,2,19.55,11,19.65,6,2,2022-05-31 09:31:16
1653989512425443000,19.55,5,19.55,9,19.6,4,2,2022-05-31 09:31:52
1653989516304409000,19.55,9,19.5,22,19.55,1,2,2022-05-31 09:31:56
1653989545903955000,19.5,1,19.5,21,19.55,7,2,2022-05-31 09:32:25
1653989546496489000,19.5,1,19.5,20,19.55,22,2,2022-05-31 09:32:26
1653989548884749000,19.5,1,19.5,19,19.55,23,2,2022-05-31 09:32:28
1653989551065701000,19.5,3,19.5,16,19.55,23,2,2022-05-31 09:32:31
1653989558045321000,19.5,3,19.5,14,19.55,23,2,2022-05-31 09:32:38
1653989560987223000,19.5,14,19.45,5,19.5,1,2,2022-05-31 09:32:40
1653989562866319000,19.45,5,19.4,43,19.5,2,2,2022-05-31 09:32:42
1653989562976353000,19.4,3,19.4,40,19.5,2,2,2022-05-31 09:32:42
1653989563075099000,19.4,10,19.4,30,19.5,2,2,2022-05-31 09:32:43
1653989563169955000,19.4,4,19.4,26,19.5,2,2,2022-05-31 09:32:43
1653989563193760000,19.4,3,19.4,23,19.5,2,2,2022-05-31 09:32:43
1653989564034113000,19.4,3,19.35,51,19.5,2,2,2022-05-31 09:32:44
1653989571092638000,19.35,15,19.35,36,19.45,2,2,2022-05-31 09:32:51
1653989571983760000,19.35,1,19.35,35,19.45,2,2,2022-05-31 09:32:51
1653989574848243000,19.35,3,19.35,31,19.45,4,2,2022-05-31 09:32:54
1653989575052992000,19.35,5,19.35,26,19.45,4,2,2022-05-31 09:32:55
1653989578698917000,19.35,5,19.35,21,19.45,4,2,2022-05-31 09:32:58
1653989579782758000,19.35,4,19.35,17,19.4,1,2,2022-05-31 09:32:59
1653989579928968000,19.35,5,19.35,12,19.4,1,2,2022-05-31 09:32:59
1653989581629286000,19.35,4,19.35,9,19.4,1,2,2022-05-31 09:33:01
1653989586577984000,19.4,1,19.35,14,19.45,4,1,2022-05-31 09:33:06
1653989589130163000,19.35,2,19.35,12,19.45,4,2,2022-05-31 09:33:09
1653989592670784000,19.4,1,19.35,12,19.45,3,2,2022-05-31 09:33:12
1653989595520411000,19.45,3,19.4,13,19.5,4,1,2022-05-31 09:33:15
1653989601383858000,19.45,1,19.4,14,19.5,3,2,2022-05-31 09:33:21
1653989601383858000,19.4,1,19.4,14,19.5,3,2,2022-05-31 09:33:21
1653989608096653000,19.45,1,19.4,15,19.45,2,1,2022-05-31 09:33:28
1653989609079945000,19.45,1,19.4,15,19.45,1,1,2022-05-31 09:33:29
1653989609118901000,19.45,1,19.4,15,19.5,3,1,2022-05-31 09:33:29
1653989609898152000,19.5,1,19.4,16,19.5,2,1,2022-05-31 09:33:29
1653989616101620000,19.45,2,19.4,16,19.45,3,1,2022-05-31 09:33:36
1653989616242231000,19.45,1,19.4,16,19.45,2,1,2022-05-31 09:33:36
1653989617474020000,19.45,2,19.4,16,19.5,2,1,2022-05-31 09:33:37
1653989622524447000,19.45,1,19.4,16,19.5,4,2,2022-05-31 09:33:42
1653989631492467000,19.5,1,19.45,8,19.5,3,1,2022-05-31 09:33:51
1653989638860038000,19.45,1,19.45,8,19.5,3,2,2022-05-31 09:33:58
1653989641122783000,19.45,1,19.45,9,19.5,3,2,2022-05-31 09:34:01
1653989643564948000,19.5,1,19.45,9,19.5,2,1,2022-05-31 09:34:03
1653989648417114000,19.45,8,19.4,15,19.5,2,2,2022-05-31 09:34:08
1653989662041114000,19.4,1,19.4,14,19.5,5,2,2022-05-31 09:34:22
1653989672441579000,19.45,2,19.4,15,19.5,7,2,2022-05-31 09:34:32
1653989679182813000,19.45,1,19.4,16,19.45,1,2,2022-05-31 09:34:39
1653989684578954000,19.45,1,19.4,16,19.5,10,1,2022-05-31 09:34:44
1653989688661996000,19.45,1,19.4,16,19.5,10,1,2022-05-31 09:34:48
1653989701783802000,19.45,1,19.45,1,19.5,10,2,2022-05-31 09:35:01
1653989706526016000,19.45,1,19.4,21,19.5,10,2,2022-05-31 09:35:06
1653989720668697000,19.5,2,19.4,21,19.5,3,1,2022-05-31 09:35:20
1653989727421947000,19.45,1,19.4,14,19.5,3,2,2022-05-31 09:35:27
1653989727421947000,19.4,7,19.4,14,19.5,3,2,2022-05-31 09:35:27
1653989744659853000,19.45,1,19.45,4,19.5,3,2,2022-05-31 09:35:44
1653989763236401000,19.5,1,19.45,4,19.5,2,1,2022-05-31 09:36:03
1653989770167085000,19.5,1,19.45,4,19.5,1,1,2022-05-31 09:36:10
1653989791296715000,19.5,1,19.45,4,19.55,1,1,2022-05-31 09:36:31
1653989818689772000,19.5,1,19.45,4,19.55,1,1,2022-05-31 09:36:58
1653989826900143000,19.55,1,19.5,1,19.6,6,1,2022-05-31 09:37:06
1653989870670793000,19.55,1,19.5,2,19.55,2,2,2022-05-31 09:37:50
1653989877509493000,19.5,1,19.5,1,19.55,2,2,2022-05-31 09:37:57
1653990041894209000,19.55,1,19.5,9,19.55,2,1,2022-05-31 09:40:41
1653990049513564000,19.55,1,19.5,12,19.55,1,1,2022-05-31 09:40:49
1653990051078567000,19.55,1,19.5,12,19.6,7,1,2022-05-31 09:40:51
1653990063244251000,19.6,3,19.55,1,19.6,4,1,2022-05-31 09:41:03
1653990078906457000,19.6,3,19.55,2,19.6,1,1,2022-05-31 09:41:18
1653990089991889000,19.6,1,19.55,3,19.6,1,1,2022-05-31 09:41:29
1653990091457678000,19.6,1,19.55,2,19.65,8,1,2022-05-31 09:41:31
1653990108406450000,19.65,3,19.6,4,19.65,6,1,2022-05-31 09:41:48
1653990109652809000,19.6,1,19.6,3,19.65,6,2,2022-05-31 09:41:49
1653990142686984000,19.6,2,19.6,15,19.65,6,2,2022-05-31 09:42:22
1653990157692834000,19.6,5,19.6,10,19.65,6,2,2022-05-31 09:42:37
1653990157725697000,19.6,9,19.6,1,19.65,6,2,2022-05-31 09:42:37
1653990157755950000,19.6,1,19.55,1,19.65,6,2,2022-05-31 09:42:37
1653990196429652000,19.6,1,19.6,2,19.65,7,1,2022-05-31 09:43:16
1653990197439053000,19.6,1,19.6,1,19.65,7,2,2022-05-31 09:43:17
1653990200530602000,19.65,1,19.6,1,19.65,6,1,2022-05-31 09:43:20
1653990205104059000,19.6,1,19.55,1,19.65,6,2,2022-05-31 09:43:25
1653990212395051000,19.55,1,19.5,5,19.6,2,2,2022-05-31 09:43:32
1653990212395051000,19.5,1,19.5,5,19.6,2,2,2022-05-31 09:43:32
1653990226222495000,19.6,2,19.55,1,19.65,5,1,2022-05-31 09:43:46
1653990376297120000,19.6,4,19.55,7,19.6,1,2,2022-05-31 09:46:16
1653990381843660000,19.6,1,19.55,7,19.65,6,1,2022-05-31 09:46:21
1653990415057939000,19.65,1,19.55,9,19.65,4,1,2022-05-31 09:46:55
1653990432939530000,19.6,1,19.55,10,19.65,3,1,2022-05-31 09:47:12
1653990432939530000,19.65,1,19.55,10,19.65,3,1,2022-05-31 09:47:12
1653990437590856000,19.65,1,19.55,10,19.65,2,1,2022-05-31 09:47:17
1653990440273910000,19.65,2,19.6,1,19.7,19,1,2022-05-31 09:47:20
1653990452796072000,19.65,1,19.6,3,19.7,19,2,2022-05-31 09:47:32
1653990485264585000,19.65,1,19.65,1,19.7,19,2,2022-05-31 09:48:05
1653990502922273000,19.65,2,19.65,1,19.7,21,2,2022-05-31 09:48:22
1653990507679786000,19.65,1,19.6,4,19.7,21,2,2022-05-31 09:48:27
1653990520557952000,19.6,4,19.55,8,19.6,1,2,2022-05-31 09:48:40
1653990564432258000,19.6,1,19.55,11,19.65,2,1,2022-05-31 09:49:24
1653990569246686000,19.6,1,19.55,11,19.6,1,1,2022-05-31 09:49:29
1653990644172486000,19.55,1,19.55,9,19.6,7,2,2022-05-31 09:50:44
1653990646749730000,19.55,1,19.55,8,19.6,12,2,2022-05-31 09:50:46
1653990656943580000,19.55,8,19.5,11,19.55,2,2,2022-05-31 09:50:56
1653990666662702000,19.5,1,19.5,10,19.55,9,2,2022-05-31 09:51:06
1653990670165253000,19.5,3,19.5,7,19.55,8,2,2022-05-31 09:51:10
1653990675325998000,19.5,1,19.5,6,19.55,8,2,2022-05-31 09:51:15
1653990679163885000,19.5,3,19.5,3,19.55,8,2,2022-05-31 09:51:19
1653990681180481000,19.5,3,19.45,7,19.5,7,2,2022-05-31 09:51:21
1653990704410499000,19.45,2,19.45,10,19.5,7,2,2022-05-31 09:51:44
1653990726406785000,19.5,2,19.45,10,19.5,5,1,2022-05-31 09:52:06
1653990726431219000,19.45,1,19.45,9,19.5,5,2,2022-05-31 09:52:06
1653990746999350000,19.5,5,19.45,6,19.55,8,1,2022-05-31 09:52:26
1653990750200781000,19.45,2,19.45,3,19.55,8,2,2022-05-31 09:52:30
1653990854388089000,19.45,5,19.45,1,19.55,8,2,2022-05-31 09:54:14
1653990857020520000,19.45,1,19.4,34,19.45,1,2,2022-05-31 09:54:17
1653990857043254000,19.45,1,19.4,34,19.55,8,1,2022-05-31 09:54:17
1653990912957955000,19.5,2,19.45,11,19.55,9,2,2022-05-31 09:55:12
1653990912957955000,19.45,1,19.45,11,19.55,9,2,2022-05-31 09:55:12
1653990964539480000,19.5,1,19.45,12,19.55,9,2,2022-05-31 09:56:04
1653991239941295000,19.5,1,19.5,5,19.55,7,2,2022-05-31 10:00:39
1653991241023639000,19.5,3,19.5,2,19.55,7,2,2022-05-31 10:00:41
1653991256029627000,19.5,1,19.5,1,19.55,6,2,2022-05-31 10:00:56
1653991263708426000,19.55,1,19.5,1,19.55,5,1,2022-05-31 10:01:03
1653991264086481000,19.55,1,19.5,1,19.55,4,1,2022-05-31 10:01:04
1653991273969965000,19.5,1,19.45,13,19.55,4,2,2022-05-31 10:01:13
1653991332586980000,19.5,1,19.45,13,19.55,5,2,2022-05-31 10:02:12
1653991392587825000,19.55,5,19.55,45,19.6,8,1,2022-05-31 10:03:12
1653991436574212000,19.6,3,19.55,45,19.6,5,1,2022-05-31 10:03:56
1653991436607447000,19.6,5,19.55,45,19.65,4,1,2022-05-31 10:03:56
1653991469446157000,19.65,2,19.6,4,19.65,2,1,2022-05-31 10:04:29
1653991473040440000,19.65,1,19.6,4,19.7,18,1,2022-05-31 10:04:33
1653991480574334000,19.65,1,19.6,4,19.7,18,1,2022-05-31 10:04:40
1653991508726761000,19.6,1,19.6,5,19.7,17,2,2022-05-31 10:05:08
1653991520006611000,19.6,5,19.55,42,19.7,17,2,2022-05-31 10:05:20
1653991520006611000,19.55,3,19.55,42,19.7,17,2,2022-05-31 10:05:20
1653991604171621000,19.6,1,19.55,48,19.65,10,1,2022-05-31 10:06:44
1653991641208121000,19.6,5,19.55,48,19.6,5,1,2022-05-31 10:07:21
1653991671249344000,19.6,3,19.55,48,19.6,2,1,2022-05-31 10:07:51
1653991673673354000,19.6,1,19.55,48,19.6,1,1,2022-05-31 10:07:53
1653991676680205000,19.6,1,19.6,6,19.65,13,1,2022-05-31 10:07:56
1653991690756187000,19.6,1,19.6,6,19.65,3,2,2022-05-31 10:08:10
1653991814192676000,19.6,1,19.55,48,19.6,4,2,2022-05-31 10:10:14
1653991996987862000,19.6,1,19.55,4,19.6,5,1,2022-05-31 10:13:16
1653992011216173000,19.55,4,19.5,46,19.6,5,2,2022-05-31 10:13:31
1653992025167054000,19.5,2,19.5,44,19.6,5,2,2022-05-31 10:13:45
1653992113589935000,19.55,1,19.55,4,19.6,15,1,2022-05-31 10:15:13
1653992159562397000,19.55,1,19.55,3,19.6,17,2,2022-05-31 10:15:59
1653992182465117000,19.55,1,19.55,2,19.6,17,2,2022-05-31 10:16:22
1653992237148818000,19.55,1,19.55,3,19.6,17,2,2022-05-31 10:17:17
1653992336518342000,19.55,3,19.55,1,19.6,14,2,2022-05-31 10:18:56
1653992343718904000,19.55,1,19.5,55,19.55,9,2,2022-05-31 10:19:03
1653992362478380000,19.55,1,19.5,55,19.55,8,1,2022-05-31 10:19:22
1653992374372240000,19.55,1,19.5,55,19.55,7,1,2022-05-31 10:19:34
1653992481348170000,19.55,1,19.5,55,19.55,6,1,2022-05-31 10:21:21
1653992498198526000,19.55,6,19.5,55,19.6,24,1,2022-05-31 10:21:38
1653992526077811000,19.6,5,19.55,3,19.6,19,1,2022-05-31 10:22:06
1653992567828161000,19.6,1,19.55,3,19.6,18,1,2022-05-31 10:22:47
1653992631959885000,19.6,1,19.55,4,19.6,17,1,2022-05-31 10:23:51
1653992698811087000,19.6,1,19.55,6,19.6,15,1,2022-05-31 10:24:58
1653992746903942000,19.6,2,19.55,4,19.6,13,1,2022-05-31 10:25:46
1653992803550866000,19.6,1,19.55,6,19.6,15,1,2022-05-31 10:26:43
1653992807382632000,19.55,6,19.5,59,19.6,15,2,2022-05-31 10:26:47
1653992829630270000,19.5,14,19.5,45,19.55,1,2,2022-05-31 10:27:09
1653992878867783000,19.5,1,19.5,45,19.55,2,2,2022-05-31 10:27:58
1653992937811627000,19.5,1,19.5,44,19.55,2,2,2022-05-31 10:28:57
1653992954107060000,19.5,1,19.5,43,19.55,1,2,2022-05-31 10:29:14
1653993021852498000,19.5,1,19.5,43,19.55,1,2,2022-05-31 10:30:21
1653993038773720000,19.55,1,19.55,3,19.6,23,1,2022-05-31 10:30:38
1653993046576674000,19.6,1,19.55,3,19.6,22,1,2022-05-31 10:30:46
1653993062328436000,19.55,2,19.55,1,19.6,22,2,2022-05-31 10:31:02
1653993116420244000,19.55,1,19.5,43,19.6,22,2,2022-05-31 10:31:56
1653993330058295000,19.55,2,19.55,9,19.6,23,2,2022-05-31 10:35:30
1653993353431416000,19.55,1,19.55,17,19.6,23,2,2022-05-31 10:35:53
1653993544617419000,19.55,2,19.55,16,19.6,31,2,2022-05-31 10:39:04
1653993567486651000,19.55,1,19.55,15,19.6,31,2,2022-05-31 10:39:27
1653993574965616000,19.55,1,19.55,14,19.6,31,2,2022-05-31 10:39:34
1653993574998916000,19.55,1,19.55,13,19.6,31,2,2022-05-31 10:39:34
1653993666708429000,19.6,7,19.55,13,19.6,25,1,2022-05-31 10:41:06
1653993675651082000,19.6,1,19.55,13,19.6,24,1,2022-05-31 10:41:15
1653993686908864000,19.55,3,19.55,10,19.6,24,2,2022-05-31 10:41:26
1653993697717661000,19.6,1,19.55,10,19.6,23,1,2022-05-31 10:41:37
1653993760976460000,19.6,2,19.55,10,19.6,21,1,2022-05-31 10:42:40
1653993769477409000,19.6,5,19.55,10,19.6,16,1,2022-05-31 10:42:49
1653993770739598000,19.6,3,19.55,10,19.6,13,1,2022-05-31 10:42:50
1653993772351793000,19.6,2,19.55,10,19.6,11,1,2022-05-31 10:42:52
1653993774525115000,19.6,2,19.55,10,19.6,9,1,2022-05-31 10:42:54
1653993776733674000,19.6,1,19.55,11,19.6,8,1,2022-05-31 10:42:56
1653993779321295000,19.6,1,19.55,11,19.6,7,1,2022-05-31 10:42:59
1653993779911426000,19.6,7,19.55,11,19.65,5,1,2022-05-31 10:42:59
1653993808169938000,19.65,5,19.65,2,19.7,28,1,2022-05-31 10:43:28
1653993823746917000,19.7,3,19.65,2,19.7,25,1,2022-05-31 10:43:43
1653993825277235000,19.65,1,19.65,4,19.7,25,2,2022-05-31 10:43:45
1653993826502789000,19.7,3,19.65,4,19.7,22,1,2022-05-31 10:43:46
1653993832024698000,19.7,2,19.65,4,19.7,20,1,2022-05-31 10:43:52
1653993834587666000,19.7,1,19.65,4,19.7,19,1,2022-05-31 10:43:54
1653993834642040000,19.7,3,19.65,4,19.7,16,1,2022-05-31 10:43:54
1653993840689622000,19.7,3,19.65,4,19.7,9,1,2022-05-31 10:44:00
1653993843112136000,19.7,5,19.65,4,19.7,4,1,2022-05-31 10:44:03
1653993843140184000,19.7,4,19.65,4,19.75,30,1,2022-05-31 10:44:03
1653993859943281000,19.75,1,19.7,4,19.75,29,1,2022-05-31 10:44:19
1653993866534045000,19.75,10,19.7,4,19.75,19,1,2022-05-31 10:44:26
1653993871770045000,19.75,9,19.7,5,19.75,10,1,2022-05-31 10:44:31
1653993872954613000,19.75,5,19.7,5,19.75,5,1,2022-05-31 10:44:32
1653993873510995000,19.75,3,19.75,2,19.8,24,1,2022-05-31 10:44:33
1653993875568926000,19.8,20,19.75,4,19.8,4,1,2022-05-31 10:44:35
1653993879168758000,19.8,1,19.75,7,19.8,3,1,2022-05-31 10:44:39
1653993879606728000,19.8,2,19.75,7,19.8,1,1,2022-05-31 10:44:39
1653993879853396000,19.8,1,19.75,7,19.85,20,1,2022-05-31 10:44:39
1653993887120143000,19.85,1,19.75,8,19.85,17,1,2022-05-31 10:44:47
1653993887291912000,19.85,15,19.75,8,19.85,2,1,2022-05-31 10:44:47
1653993887700056000,19.85,2,19.8,5,19.9,49,1,2022-05-31 10:44:47
1653993891523681000,19.85,2,19.8,6,19.85,1,1,2022-05-31 10:44:51
1653993891568784000,19.8,2,19.8,4,19.85,1,2,2022-05-31 10:44:51
1653993893862639000,19.85,1,19.85,1,19.9,49,1,2022-05-31 10:44:53
1653993903041244000,19.85,8,19.8,4,19.85,2,2,2022-05-31 10:45:03
1653993904202279000,19.85,1,19.8,4,19.85,1,1,2022-05-31 10:45:04
1653993911118694000,19.9,5,19.85,2,19.9,44,1,2022-05-31 10:45:11
1653993911329477000,19.9,1,19.85,2,19.9,43,1,2022-05-31 10:45:11
1653993911350119000,19.9,1,19.85,2,19.9,42,1,2022-05-31 10:45:11
1653993912998330000,19.85,1,19.85,1,19.9,42,2,2022-05-31 10:45:12
1653993915818446000,19.85,1,19.8,9,19.85,1,2,2022-05-31 10:45:15
1653993915867772000,19.85,1,19.8,9,19.9,42,1,2022-05-31 10:45:15
1653993916943276000,19.85,1,19.8,9,19.9,42,2,2022-05-31 10:45:16
1653993923770636000,19.9,2,19.8,9,19.9,40,1,2022-05-31 10:45:23
1653993928172669000,19.9,1,19.85,1,19.9,39,1,2022-05-31 10:45:28
1653993929056723000,19.85,2,19.8,10,19.9,39,2,2022-05-31 10:45:29
1653993935902010000,19.9,2,19.85,2,19.9,39,1,2022-05-31 10:45:35
1653993936780292000,19.85,1,19.85,2,19.9,39,2,2022-05-31 10:45:36
1653993941587468000,19.85,2,19.8,2,19.9,39,2,2022-05-31 10:45:41
1653993941587468000,19.8,13,19.8,2,19.9,39,2,2022-05-31 10:45:41
1653993944943854000,19.85,1,19.8,2,19.9,39,1,2022-05-31 10:45:44
1653993948818482000,19.85,1,19.8,2,19.9,40,2,2022-05-31 10:45:48
1653993956787805000,19.85,2,19.8,4,19.85,3,1,2022-05-31 10:45:56
1653993959847227000,19.8,2,19.8,2,19.85,3,2,2022-05-31 10:45:59
1653993962438945000,19.85,3,19.8,2,19.9,38,1,2022-05-31 10:46:02
1653993962438945000,19.9,2,19.8,2,19.9,38,1,2022-05-31 10:46:02
1653993963362886000,19.85,1,19.8,2,19.85,9,2,2022-05-31 10:46:03
1653993964776288000,19.85,1,19.8,2,19.85,13,1,2022-05-31 10:46:04
1653993965513357000,19.85,10,19.8,2,19.85,3,1,2022-05-31 10:46:05
1653993965546373000,19.85,3,19.8,2,19.9,38,1,2022-05-31 10:46:05
1653993972983112000,19.85,2,19.8,7,19.85,1,1,2022-05-31 10:46:12
1653993973634301000,19.85,2,19.8,7,19.9,38,1,2022-05-31 10:46:13
1653993997619023000,19.85,1,19.85,7,19.9,38,2,2022-05-31 10:46:37
1653994017490120000,19.85,2,19.85,4,19.9,38,2,2022-05-31 10:46:57
1653994021239775000,19.9,10,19.85,4,19.9,28,1,2022-05-31 10:47:01
1653994022860017000,19.85,4,19.8,9,19.9,28,2,2022-05-31 10:47:02
1653994027670287000,19.85,1,19.85,1,19.9,28,1,2022-05-31 10:47:07
1653994043700946000,19.9,7,19.85,5,19.9,21,1,2022-05-31 10:47:23
1653994047021910000,19.9,1,19.85,5,19.9,20,1,2022-05-31 10:47:27
1653994052220357000,19.9,1,19.85,5,19.9,19,1,2022-05-31 10:47:32
1653994064078814000,19.9,3,19.85,7,19.9,17,1,2022-05-31 10:47:44
1653994070131208000,19.9,5,19.85,7,19.9,12,1,2022-05-31 10:47:50
1653994070163879000,19.9,1,19.85,7,19.9,11,1,2022-05-31 10:47:50
1653994070317118000,19.9,2,19.85,7,19.9,9,1,2022-05-31 10:47:50
1653994070340034000,19.9,3,19.85,7,19.9,6,1,2022-05-31 10:47:50
1653994072865626000,19.9,5,19.85,7,19.9,1,1,2022-05-31 10:47:52
1653994072866172000,19.9,1,19.9,1,19.95,16,1,2022-05-31 10:47:52
1653994082329567000,19.9,9,19.85,6,19.95,16,2,2022-05-31 10:48:02
1653994082329567000,19.85,1,19.85,6,19.95,16,2,2022-05-31 10:48:02
1653994083228787000,19.95,10,19.85,6,19.95,6,1,2022-05-31 10:48:03
1653994084014065000,19.95,1,19.85,6,19.95,5,1,2022-05-31 10:48:04
1653994085993755000,19.9,2,19.85,6,19.95,5,1,2022-05-31 10:48:05
1653994100105211000,19.9,4,19.9,3,19.95,13,2,2022-05-31 10:48:20
1653994104384646000,19.9,1,19.9,2,19.95,13,2,2022-05-31 10:48:24
1653994104406742000,19.9,2,19.85,11,19.95,13,2,2022-05-31 10:48:24
1653994109205178000,19.9,1,19.85,11,19.95,13,1,2022-05-31 10:48:29
1653994115802464000,19.9,1,19.85,12,19.95,13,1,2022-05-31 10:48:35
1653994122546556000,19.9,2,19.85,11,19.9,5,1,2022-05-31 10:48:42
1653994125928039000,19.9,1,19.85,11,19.9,4,1,2022-05-31 10:48:45
1653994129566812000,19.85,7,19.85,4,19.9,35,2,2022-05-31 10:48:49
1653994129583781000,19.85,4,19.8,14,19.9,35,2,2022-05-31 10:48:49
1653994136217391000,19.8,1,19.8,8,19.85,21,2,2022-05-31 10:48:56
1653994136947743000,19.8,2,19.8,6,19.85,21,2,2022-05-31 10:48:56
1653994139498015000,19.8,1,19.8,5,19.85,21,2,2022-05-31 10:48:59
1653994139525575000,19.8,5,19.75,8,19.85,21,2,2022-05-31 10:48:59
1653994144496369000,19.75,4,19.75,4,19.85,21,2,2022-05-31 10:49:04
1653994156705535000,19.8,1,19.75,6,19.8,2,1,2022-05-31 10:49:16
1653994159255198000,19.8,1,19.75,6,19.8,1,1,2022-05-31 10:49:19
1653994178901703000,19.8,1,19.75,6,19.85,3,1,2022-05-31 10:49:38
1653994208801428000,19.8,1,19.8,1,19.85,8,2,2022-05-31 10:50:08
1653994208831851000,19.8,1,19.75,6,19.85,8,2,2022-05-31 10:50:08
1653994211064669000,19.8,1,19.75,6,19.85,8,2,2022-05-31 10:50:11
1653994217084510000,19.75,6,19.65,1,19.85,8,2,2022-05-31 10:50:17
1653994217084510000,19.7,11,19.65,1,19.85,8,2,2022-05-31 10:50:17
1653994217084510000,19.65,8,19.65,1,19.85,8,2,2022-05-31 10:50:17
1653994227908047000,19.7,1,19.7,1,19.85,7,2,2022-05-31 10:50:27
1653994240024792000,19.75,2,19.75,3,19.8,3,2,2022-05-31 10:50:40
1653994250086670000,19.75,1,19.75,2,19.8,3,2,2022-05-31 10:50:50
1653994250113585000,19.75,2,19.7,3,19.8,3,2,2022-05-31 10:50:50
1653994270141597000,19.75,1,19.7,2,19.8,5,2,2022-05-31 10:51:10
1653994343591210000,19.7,1,19.7,3,19.75,1,2,2022-05-31 10:52:23
1653994344142918000,19.7,1,19.7,2,19.8,3,2,2022-05-31 10:52:24
1653994344983841000,19.7,1,19.7,1,19.8,3,2,2022-05-31 10:52:24
1653994373118838000,19.75,1,19.7,1,19.8,3,1,2022-05-31 10:52:53
1653994387845938000,19.75,2,19.7,5,19.75,6,2,2022-05-31 10:53:07
1653994394247842000,19.75,1,19.7,5,19.75,5,1,2022-05-31 10:53:14
1653994404497367000,19.75,1,19.7,6,19.75,4,1,2022-05-31 10:53:24
1653994409862593000,19.75,1,19.7,6,19.75,3,1,2022-05-31 10:53:29
1653994464483446000,19.75,1,19.7,2,19.75,2,1,2022-05-31 10:54:24
1653994546586826000,19.75,1,19.7,4,19.75,1,1,2022-05-31 10:55:46
1653994550393866000,19.75,1,19.7,4,19.8,1,1,2022-05-31 10:55:50
1653994570399634000,19.8,1,19.75,2,19.85,19,1,2022-05-31 10:56:10
1653994576872219000,19.85,1,19.75,2,19.85,18,1,2022-05-31 10:56:16
1653994588270725000,19.85,5,19.8,1,19.85,12,1,2022-05-31 10:56:28
1653994590583829000,19.85,1,19.8,1,19.85,11,1,2022-05-31 10:56:30
1653994590958658000,19.85,5,19.8,1,19.85,6,1,2022-05-31 10:56:30
1653994591684553000,19.85,5,19.8,2,19.85,1,1,2022-05-31 10:56:31
1653994592443131000,19.85,1,19.8,2,19.9,34,1,2022-05-31 10:56:32
1653994602071620000,19.9,1,19.85,5,19.9,33,1,2022-05-31 10:56:42
1653994603964740000,19.9,4,19.85,5,19.9,29,1,2022-05-31 10:56:43
1653994604790571000,19.9,5,19.85,5,19.9,24,1,2022-05-31 10:56:44
1653994606805391000,19.9,5,19.85,3,19.9,19,1,2022-05-31 10:56:46
1653994607986801000,19.9,4,19.85,3,19.9,15,1,2022-05-31 10:56:47
1653994608000178000,19.9,2,19.85,3,19.9,13,1,2022-05-31 10:56:48
1653994609298088000,19.9,3,19.85,3,19.9,10,1,2022-05-31 10:56:49
1653994609727852000,19.9,10,19.85,3,19.95,39,1,2022-05-31 10:56:49
1653994612514589000,19.95,1,19.9,5,19.95,38,1,2022-05-31 10:56:52
1653994617779881000,19.95,1,19.9,5,19.95,37,1,2022-05-31 10:56:57
1653994618930709000,19.95,4,19.9,3,19.95,28,1,2022-05-31 10:56:58
1653994619634680000,19.95,3,19.9,3,19.95,25,1,2022-05-31 10:56:59
1653994620847463000,19.95,5,19.9,3,19.95,20,1,2022-05-31 10:57:00
1653994621729050000,19.9,3,19.85,2,19.9,2,2,2022-05-31 10:57:01
1653994639046247000,19.9,1,19.85,8,19.9,1,1,2022-05-31 10:57:19
1653994645775272000,19.9,2,19.85,10,19.9,5,1,2022-05-31 10:57:25
1653994665440048000,19.9,3,19.85,10,19.9,5,1,2022-05-31 10:57:45
1653994672603555000,19.9,1,19.85,20,19.9,2,1,2022-05-31 10:57:52
1653994689205627000,19.95,10,19.9,7,19.95,18,1,2022-05-31 10:58:09
1653994690186577000,19.9,1,19.9,6,19.95,18,2,2022-05-31 10:58:10
1653994719340532000,19.95,1,19.9,8,19.95,17,1,2022-05-31 10:58:39
1653994735554354000,19.9,1,19.9,7,19.95,17,2,2022-05-31 10:58:55
1653994737466706000,19.9,5,19.9,2,19.95,17,2,2022-05-31 10:58:57
1653994739444516000,19.9,2,19.85,20,19.9,1,2,2022-05-31 10:58:59
1653994741879802000,19.9,1,19.85,20,19.95,17,1,2022-05-31 10:59:01
1653994766682756000,19.9,8,19.9,1,19.95,19,1,2022-05-31 10:59:26
1653994773718799000,19.9,1,19.85,21,19.9,1,2,2022-05-31 10:59:33
1653994778195014000,19.9,1,19.85,21,19.9,8,1,2022-05-31 10:59:38
1653994794665576000,19.85,1,19.85,20,19.9,8,2,2022-05-31 10:59:54
1653994799800437000,19.85,1,19.85,19,19.9,8,2,2022-05-31 10:59:59
1653994806669496000,19.9,3,19.85,18,19.9,5,1,2022-05-31 11:00:06
1653994808807227000,19.9,1,19.85,18,19.9,4,1,2022-05-31 11:00:08
1653994810190247000,19.9,4,19.9,3,19.95,18,1,2022-05-31 11:00:10
1653994825021117000,19.95,10,19.9,8,19.95,7,1,2022-05-31 11:00:25
1653994827145086000,19.95,1,19.9,8,19.95,6,1,2022-05-31 11:00:27
1653994827167219000,19.95,5,19.9,8,19.95,1,1,2022-05-31 11:00:27
1653994828489041000,19.95,1,19.9,8,20.0,101,1,2022-05-31 11:00:28
1653994836239175000,19.95,1,19.95,3,20.0,101,2,2022-05-31 11:00:36
1653994836432461000,20.0,5,19.95,3,20.0,96,1,2022-05-31 11:00:36
1653994836478839000,20.0,1,19.95,3,20.0,95,1,2022-05-31 11:00:36
1653994836543378000,20.0,1,19.95,3,20.0,94,1,2022-05-31 11:00:36
1653994836726974000,20.0,5,19.95,3,20.0,89,1,2022-05-31 11:00:36
1653994837521192000,19.95,1,19.95,2,20.0,89,2,2022-05-31 11:00:37
1653994838662774000,19.95,1,19.95,1,20.0,89,2,2022-05-31 11:00:38
1653994839412273000,20.0,1,19.95,11,20.0,88,1,2022-05-31 11:00:39
1653994841519130000,20.0,3,19.95,11,20.0,85,1,2022-05-31 11:00:41
1653994842402021000,20.0,1,19.95,11,20.0,84,1,2022-05-31 11:00:42
1653994842457419000,19.95,1,19.95,10,20.0,84,2,2022-05-31 11:00:42
1653994849802080000,19.95,1,19.95,11,20.0,84,2,2022-05-31 11:00:49
1653994860063748000,19.95,1,19.95,16,20.0,87,2,2022-05-31 11:01:00
1653994863964785000,19.95,10,19.95,8,20.0,87,2,2022-05-31 11:01:03
1653994865336408000,19.95,9,19.9,6,19.95,11,2,2022-05-31 11:01:05
1653994866945718000,19.9,6,19.85,19,19.9,4,2,2022-05-31 11:01:06
1653994874112882000,19.9,1,19.85,19,19.9,3,1,2022-05-31 11:01:14
1653994876666309000,19.9,3,19.9,1,19.95,22,1,2022-05-31 11:01:16
1653994881508967000,19.9,1,19.85,20,19.9,1,2,2022-05-31 11:01:21
1653994883014587000,19.9,1,19.85,20,19.95,23,1,2022-05-31 11:01:23
1653994884401827000,19.9,1,19.85,20,19.95,24,2,2022-05-31 11:01:24
1653994884951630000,19.9,1,19.85,20,19.95,20,1,2022-05-31 11:01:24
1653994884951630000,19.95,4,19.85,20,19.95,20,1,2022-05-31 11:01:24
1653994909375958000,19.95,10,19.9,6,19.95,14,1,2022-05-31 11:01:49
1653994919860784000,19.95,1,19.9,6,19.95,13,1,2022-05-31 11:01:59
1653994925539706000,19.95,1,19.9,7,19.95,12,1,2022-05-31 11:02:05
1653994930113069000,19.95,5,19.9,7,19.95,7,1,2022-05-31 11:02:10
1653994930145159000,19.95,2,19.9,7,19.95,5,1,2022-05-31 11:02:10
1653994933083706000,19.95,1,19.9,7,19.95,4,1,2022-05-31 11:02:13
1653994933094126000,19.95,4,19.95,2,20.0,92,1,2022-05-31 11:02:13
1653994934016656000,20.0,2,19.95,2,20.0,90,1,2022-05-31 11:02:14
1653994938483850000,19.95,2,19.95,1,20.0,90,2,2022-05-31 11:02:18
1653994939029160000,20.0,10,19.95,1,20.0,80,1,2022-05-31 11:02:19
1653994940619964000,19.95,1,19.9,9,20.0,80,2,2022-05-31 11:02:20
1653994941000439000,20.0,20,19.9,9,20.0,60,1,2022-05-31 11:02:21
1653994943121598000,19.95,1,19.95,4,20.0,60,2,2022-05-31 11:02:23
1653994945829883000,20.0,5,19.95,5,20.0,55,1,2022-05-31 11:02:25
1653994945878358000,20.0,5,19.95,5,20.0,50,1,2022-05-31 11:02:25
1653994946181073000,20.0,1,19.95,5,20.0,49,1,2022-05-31 11:02:26
1653994946591469000,20.0,1,19.95,5,20.0,48,1,2022-05-31 11:02:26
1653994948097539000,20.0,1,19.95,5,20.0,47,1,2022-05-31 11:02:28
1653994948212882000,20.0,1,19.95,5,20.0,46,1,2022-05-31 11:02:28
1653994948501931000,20.0,1,19.95,5,20.0,45,1,2022-05-31 11:02:28
1653994953337405000,20.0,5,19.95,5,20.0,41,1,2022-05-31 11:02:33
1653994954181772000,20.0,30,19.95,5,20.0,11,1,2022-05-31 11:02:34
1653994954222151000,20.0,3,19.95,5,20.0,8,1,2022-05-31 11:02:34
1653994954222401000,20.0,8,19.95,5,20.05,20,1,2022-05-31 11:02:34
1653994955124274000,20.0,3,19.95,5,20.05,13,1,2022-05-31 11:02:35
1653994955124274000,20.05,7,19.95,5,20.05,13,1,2022-05-31 11:02:35
1653994955334485000,20.05,1,19.95,5,20.05,12,1,2022-05-31 11:02:35
1653994955400190000,20.05,2,19.95,5,20.05,10,1,2022-05-31 11:02:35
1653994955534605000,20.05,3,19.95,7,20.05,7,1,2022-05-31 11:02:35
1653994956943541000,20.05,1,20.0,31,20.05,6,1,2022-05-31 11:02:36
1653994957543164000,20.05,1,20.0,42,20.05,5,1,2022-05-31 11:02:37
1653994958756746000,20.05,1,20.0,42,20.05,5,1,2022-05-31 11:02:38
1653994958759821000,20.05,1,20.0,42,20.05,4,1,2022-05-31 11:02:38
1653994958907188000,20.05,4,20.0,42,20.1,40,1,2022-05-31 11:02:38
1653994970684600000,20.1,1,20.05,20,20.1,40,1,2022-05-31 11:02:50
1653994972243161000,20.05,1,20.05,19,20.1,40,2,2022-05-31 11:02:52
1653994972843895000,20.1,3,20.05,19,20.1,37,1,2022-05-31 11:02:52
1653994975773897000,20.1,6,20.05,19,20.1,31,1,2022-05-31 11:02:55
1653994975899819000,20.05,10,20.05,9,20.1,32,2,2022-05-31 11:02:55
1653994975923584000,20.1,6,20.05,9,20.1,26,1,2022-05-31 11:02:55
1653994978117303000,20.1,3,20.05,17,20.1,23,1,2022-05-31 11:02:58
1653994978718111000,20.1,1,20.05,17,20.1,22,1,2022-05-31 11:02:58
1653994979018945000,20.1,5,20.05,17,20.1,17,1,2022-05-31 11:02:59
1653994979784307000,20.1,1,20.05,17,20.1,16,1,2022-05-31 11:02:59
1653994980271281000,20.1,1,20.05,17,20.1,15,1,2022-05-31 11:03:00
1653994980287571000,20.1,2,20.05,17,20.1,13,1,2022-05-31 11:03:00
1653994980918031000,20.1,3,20.05,16,20.1,10,1,2022-05-31 11:03:00
1653994981227359000,20.1,1,20.05,16,20.1,9,1,2022-05-31 11:03:01
1653994981697468000,20.1,2,20.05,16,20.1,7,1,2022-05-31 11:03:01
1653994982595600000,20.1,1,20.05,16,20.1,7,1,2022-05-31 11:03:02
1653994982638735000,20.1,5,20.05,16,20.1,2,1,2022-05-31 11:03:02
1653994982964221000,20.1,2,20.05,16,20.15,20,1,2022-05-31 11:03:02
1653994984381465000,20.1,1,20.1,6,20.15,20,2,2022-05-31 11:03:04
1653994989291900000,20.1,6,20.05,12,20.15,23,2,2022-05-31 11:03:09
1653994989291900000,20.05,4,20.05,12,20.15,23,2,2022-05-31 11:03:09
1653994991545288000,20.1,1,20.05,12,20.1,5,1,2022-05-31 11:03:11
1653994992862297000,20.1,5,20.05,12,20.15,23,1,2022-05-31 11:03:12
1653994993859130000,20.15,2,20.05,12,20.15,21,1,2022-05-31 11:03:13
1653994996702056000,20.1,1,20.05,12,20.1,7,1,2022-05-31 11:03:16
1653994998585376000,20.1,2,20.05,12,20.1,5,1,2022-05-31 11:03:18
1653994998689989000,20.1,1,20.05,12,20.1,4,1,2022-05-31 11:03:18
1653995000230439000,20.05,10,20.05,2,20.1,14,2,2022-05-31 11:03:20
1653995000248828000,20.05,2,20.0,5,20.1,14,2,2022-05-31 11:03:20
1653995001499620000,20.1,2,20.0,5,20.1,12,1,2022-05-31 11:03:21
1653995005716246000,20.05,2,20.0,4,20.1,16,2,2022-05-31 11:03:25
1653995014177175000,20.05,1,20.05,1,20.1,14,2,2022-05-31 11:03:34
1653995015060184000,20.05,1,20.05,1,20.1,14,2,2022-05-31 11:03:35
1653995018450458000,20.1,1,20.05,3,20.1,14,1,2022-05-31 11:03:38
1653995023194189000,20.1,3,20.05,3,20.1,20,1,2022-05-31 11:03:43
1653995025281871000,20.1,2,20.05,6,20.1,19,1,2022-05-31 11:03:45
1653995026826060000,20.1,1,20.05,6,20.1,18,1,2022-05-31 11:03:46
1653995027081548000,20.1,5,20.05,6,20.1,13,1,2022-05-31 11:03:47
1653995031337494000,20.1,1,20.05,6,20.1,16,1,2022-05-31 11:03:51
1653995033933292000,20.05,6,20.0,1,20.1,15,2,2022-05-31 11:03:53
1653995033933292000,20.0,4,20.0,1,20.1,15,2,2022-05-31 11:03:53
1653995035652294000,20.05,2,19.95,7,20.1,15,2,2022-05-31 11:03:55
1653995035652294000,20.0,1,19.95,7,20.1,15,2,2022-05-31 11:03:55
1653995035652294000,19.95,2,19.95,7,20.1,15,2,2022-05-31 11:03:55
1653995035849707000,20.1,2,19.95,7,20.1,15,1,2022-05-31 11:03:55
1653995038494770000,20.1,2,19.95,7,20.1,13,1,2022-05-31 11:03:58
1653995040003984000,20.05,1,19.95,7,20.05,1,1,2022-05-31 11:04:00
1653995040988574000,20.0,9,19.95,6,20.05,1,2,2022-05-31 11:04:00
1653995040988574000,19.95,1,19.95,6,20.05,1,2,2022-05-31 11:04:00
1653995045289621000,20.05,2,19.95,9,20.1,12,1,2022-05-31 11:04:05
1653995045289621000,20.1,3,19.95,9,20.1,12,1,2022-05-31 11:04:05
1653995053692257000,20.1,5,20.0,3,20.1,26,1,2022-05-31 11:04:13
1653995055079957000,20.1,1,20.0,13,20.1,26,1,2022-05-31 11:04:15
1653995055355854000,20.1,2,20.0,13,20.1,24,1,2022-05-31 11:04:15
1653995064784028000,20.1,1,20.05,100,20.1,24,1,2022-05-31 11:04:24
1653995067189190000,20.1,1,20.05,100,20.1,23,1,2022-05-31 11:04:27
1653995069703974000,20.1,1,20.05,100,20.1,23,1,2022-05-31 11:04:29
1653995074541473000,20.1,2,20.05,100,20.1,22,1,2022-05-31 11:04:34
1653995074881541000,20.1,22,20.05,100,20.2,32,1,2022-05-31 11:04:34
1653995074881541000,20.15,20,20.05,100,20.2,32,1,2022-05-31 11:04:34
1653995074881541000,20.2,3,20.05,100,20.2,32,1,2022-05-31 11:04:34
1653995079807209000,20.2,10,20.1,8,20.2,19,1,2022-05-31 11:04:39
1653995081588034000,20.2,1,20.1,8,20.2,18,1,2022-05-31 11:04:41
1653995084076506000,20.15,1,20.1,7,20.15,1,1,2022-05-31 11:04:44
1653995084729260000,20.15,1,20.1,7,20.2,13,1,2022-05-31 11:04:44
1653995084729260000,20.2,2,20.1,7,20.2,13,1,2022-05-31 11:04:44
1653995085699335000,20.2,10,20.1,7,20.2,3,1,2022-05-31 11:04:45
1653995089095608000,20.2,3,20.1,7,20.25,16,1,2022-05-31 11:04:49
1653995092130111000,20.2,1,20.2,4,20.25,16,1,2022-05-31 11:04:52
1653995097888377000,20.2,1,20.2,6,20.25,18,2,2022-05-31 11:04:57
1653995100173875000,20.2,3,20.2,18,20.25,18,2,2022-05-31 11:05:00
1653995101417716000,20.25,1,20.2,20,20.25,17,1,2022-05-31 11:05:01
1653995101643446000,20.25,17,20.2,20,20.3,36,1,2022-05-31 11:05:01
1653995101643446000,20.3,7,20.2,20,20.3,36,1,2022-05-31 11:05:01
1653995102881847000,20.3,5,20.25,6,20.3,32,1,2022-05-31 11:05:02
1653995103847151000,20.3,10,20.25,6,20.3,19,1,2022-05-31 11:05:03
1653995104566803000,20.3,10,20.25,1,20.3,9,1,2022-05-31 11:05:04
1653995104709275000,20.3,9,20.25,1,20.35,2,1,2022-05-31 11:05:04
1653995104709275000,20.35,1,20.25,1,20.35,2,1,2022-05-31 11:05:04
1653995104815644000,20.35,2,20.25,1,20.45,7,1,2022-05-31 11:05:04
1653995104815644000,20.4,8,20.25,1,20.45,7,1,2022-05-31 11:05:04
1653995104870445000,20.45,7,20.3,1,20.5,45,1,2022-05-31 11:05:04
1653995104870445000,20.5,1,20.3,1,20.5,45,1,2022-05-31 11:05:04
1653995104871022000,20.5,1,20.3,1,20.5,44,1,2022-05-31 11:05:04
1653995104918603000,20.5,1,20.35,1,20.5,43,1,2022-05-31 11:05:04
1653995105350904000,20.4,1,20.2,16,20.5,43,2,2022-05-31 11:05:05
1653995105350904000,20.35,1,20.2,16,20.5,43,2,2022-05-31 11:05:05
1653995105350904000,20.25,4,20.2,16,20.5,43,2,2022-05-31 11:05:05
1653995105350904000,20.2,4,20.2,16,20.5,43,2,2022-05-31 11:05:05
1653995106734739000,20.35,1,20.2,16,20.25,1,2,2022-05-31 11:05:06
1653995106761900000,20.25,1,20.2,16,20.45,4,1,2022-05-31 11:05:06
1653995106762370000,20.45,1,20.2,16,20.45,3,1,2022-05-31 11:05:06
1653995107605980000,20.4,5,20.3,7,20.45,3,1,2022-05-31 11:05:07
1653995108608386000,20.4,1,20.45,46,20.5,44,1,2022-05-31 11:05:08
1653995108608386000,20.45,3,20.45,46,20.5,44,1,2022-05-31 11:05:08
1653995111545376000,20.5,1,20.45,46,20.5,42,1,2022-05-31 11:05:11
1653995111574038000,20.5,23,20.45,46,20.5,19,1,2022-05-31 11:05:11
1653995111760097000,20.45,2,20.45,44,20.5,19,2,2022-05-31 11:05:11
1653995112391074000,20.5,3,20.45,44,20.5,16,1,2022-05-31 11:05:12
1653995113541167000,20.5,1,20.45,49,20.5,11,1,2022-05-31 11:05:13
1653995113746868000,20.5,1,20.45,49,20.5,10,1,2022-05-31 11:05:13
1653995114048240000,20.45,1,20.45,48,20.5,10,2,2022-05-31 11:05:14
1653995114314908000,20.5,3,20.45,48,20.5,7,1,2022-05-31 11:05:14
1653995115226315000,20.5,1,20.45,50,20.5,6,1,2022-05-31 11:05:15
1653995115564486000,20.5,1,20.45,50,20.5,5,1,2022-05-31 11:05:15
1653995115803762000,20.5,1,20.45,50,20.5,4,1,2022-05-31 11:05:15
1653995116214822000,20.5,2,20.45,51,20.5,2,1,2022-05-31 11:05:16
1653995116270439000,20.5,2,20.45,51,20.55,5,1,2022-05-31 11:05:16
1653995116797336000,20.5,1,20.45,51,20.55,5,1,2022-05-31 11:05:16
1653995117160342000,20.45,5,20.45,47,20.5,2,2,2022-05-31 11:05:17
1653995117364165000,20.5,3,20.5,2,20.55,5,1,2022-05-31 11:05:17
1653995117644193000,20.5,3,20.45,47,20.55,5,2,2022-05-31 11:05:17
1653995118543589000,20.5,1,20.45,47,20.55,5,2,2022-05-31 11:05:18
1653995118602256000,20.55,1,20.45,47,20.55,4,1,2022-05-31 11:05:18
1653995118624762000,20.45,2,20.45,45,20.55,4,2,2022-05-31 11:05:18
1653995119358210000,20.5,1,20.5,10,20.55,4,2,2022-05-31 11:05:19
1653995120370422000,20.5,5,20.5,7,20.55,19,2,2022-05-31 11:05:20
1653995120397769000,20.5,7,20.45,45,20.55,19,2,2022-05-31 11:05:20
1653995121269252000,20.5,1,20.45,45,20.55,22,2,2022-05-31 11:05:21
1653995122677631000,20.5,2,20.45,45,20.55,22,2,2022-05-31 11:05:22
1653995123397284000,20.45,1,20.45,39,20.55,22,2,2022-05-31 11:05:23
1653995123863175000,20.5,2,20.45,34,20.55,22,2,2022-05-31 11:05:23
1653995123863175000,20.45,5,20.45,34,20.55,22,2,2022-05-31 11:05:23
1653995125161507000,20.5,3,20.45,34,20.5,6,1,2022-05-31 11:05:25
1653995125170647000,20.5,2,20.45,34,20.5,4,1,2022-05-31 11:05:25
1653995125859662000,20.45,5,20.45,29,20.5,6,2,2022-05-31 11:05:25
1653995125957828000,20.45,1,20.45,28,20.5,6,2,2022-05-31 11:05:25
1653995126732856000,20.45,10,20.45,18,20.5,9,2,2022-05-31 11:05:26
1653995126765527000,20.45,1,20.45,17,20.5,9,2,2022-05-31 11:05:26
1653995126765717000,20.45,7,20.45,10,20.5,9,2,2022-05-31 11:05:26
1653995126798302000,20.45,1,20.45,9,20.5,9,2,2022-05-31 11:05:26
1653995126867022000,20.45,1,20.45,8,20.5,9,2,2022-05-31 11:05:26
1653995127177287000,20.45,1,20.45,8,20.5,9,2,2022-05-31 11:05:27
1653995127294107000,20.45,1,20.45,7,20.5,9,2,2022-05-31 11:05:27
1653995127320537000,20.45,1,20.45,6,20.5,9,2,2022-05-31 11:05:27
1653995127447112000,20.5,1,20.45,6,20.5,8,1,2022-05-31 11:05:27
1653995127463653000,20.45,1,20.45,5,20.5,8,2,2022-05-31 11:05:27
1653995127725588000,20.45,1,20.45,4,20.5,9,2,2022-05-31 11:05:27
1653995128094548000,20.45,2,20.45,12,20.5,10,2,2022-05-31 11:05:28
1653995128108907000,20.45,1,20.45,11,20.5,10,2,2022-05-31 11:05:28
1653995128239978000,20.45,1,20.45,10,20.5,10,2,2022-05-31 11:05:28
1653995129050441000,20.5,1,20.45,10,20.5,10,1,2022-05-31 11:05:29
1653995129564441000,20.45,1,20.45,9,20.5,11,2,2022-05-31 11:05:29
1653995130657658000,20.45,1,20.45,8,20.5,12,2,2022-05-31 11:05:30
1653995130689591000,20.45,1,20.45,7,20.5,12,2,2022-05-31 11:05:30
1653995131831545000,20.45,1,20.45,9,20.5,15,2,2022-05-31 11:05:31
1653995131860561000,20.45,1,20.45,8,20.5,15,2,2022-05-31 11:05:31
1653995132149784000,20.45,5,20.45,3,20.5,17,2,2022-05-31 11:05:32
1653995132179924000,20.45,2,20.45,1,20.5,17,2,2022-05-31 11:05:32
1653995132416944000,20.45,1,20.3,2,20.45,9,2,2022-05-31 11:05:32
1653995132853988000,20.45,3,20.3,2,20.45,7,1,2022-05-31 11:05:32
1653995136412268000,20.45,14,20.35,1,20.45,3,1,2022-05-31 11:05:36
1653995137670200000,20.4,1,20.35,4,20.45,4,1,2022-05-31 11:05:37
1653995137670200000,20.45,4,20.35,4,20.45,4,1,2022-05-31 11:05:37
1653995137712618000,20.35,1,20.35,3,20.45,4,2,2022-05-31 11:05:37
1653995140170641000,20.4,1,20.35,4,20.45,11,1,2022-05-31 11:05:40
1653995140769829000,20.45,1,20.35,4,20.45,12,1,2022-05-31 11:05:40
1653995144672557000,20.4,1,20.35,6,20.4,2,1,2022-05-31 11:05:44
1653995144976013000,20.4,2,20.35,6,20.45,12,1,2022-05-31 11:05:44
1653995144976013000,20.45,2,20.35,6,20.45,12,1,2022-05-31 11:05:44
1653995145028584000,20.45,5,20.35,6,20.45,7,1,2022-05-31 11:05:45
1653995145678888000,20.45,1,20.35,6,20.45,7,1,2022-05-31 11:05:45
1653995146901314000,20.4,1,20.4,1,20.45,7,1,2022-05-31 11:05:46
1653995147266413000,20.4,1,20.35,7,20.4,4,2,2022-05-31 11:05:47
1653995147370812000,20.4,4,20.35,7,20.45,8,1,2022-05-31 11:05:47
1653995147370812000,20.45,1,20.35,7,20.45,8,1,2022-05-31 11:05:47
1653995149680307000,20.45,1,20.35,7,20.45,7,1,2022-05-31 11:05:49
1653995151721564000,20.4,1,20.35,7,20.4,4,2,2022-05-31 11:05:51
1653995152353353000,20.4,1,20.35,6,20.4,3,1,2022-05-31 11:05:52
1653995155179666000,20.4,1,20.35,6,20.4,2,1,2022-05-31 11:05:55
1653995155211335000,20.4,1,20.35,6,20.4,1,1,2022-05-31 11:05:55
1653995156986304000,20.4,2,20.4,1,20.45,12,1,2022-05-31 11:05:56
1653995157625445000,20.45,1,20.4,3,20.45,11,1,2022-05-31 11:05:57
1653995158207276000,20.4,3,20.35,6,20.4,1,2,2022-05-31 11:05:58
1653995160026426000,20.4,1,20.35,5,20.45,23,1,2022-05-31 11:06:00
1653995160284776000,20.35,2,20.35,1,20.45,23,2,2022-05-31 11:06:00
1653995164906892000,20.35,1,20.35,3,20.4,2,2,2022-05-31 11:06:04
1653995165603010000,20.35,1,20.35,2,20.4,2,2,2022-05-31 11:06:05
1653995166212479000,20.4,2,20.4,48,20.45,25,1,2022-05-31 11:06:06
1653995172447790000,20.45,1,20.4,58,20.45,22,1,2022-05-31 11:06:12
1653995173413585000,20.45,10,20.4,59,20.45,12,1,2022-05-31 11:06:13
1653995173568495000,20.45,1,20.4,59,20.45,11,1,2022-05-31 11:06:13
1653995173822032000,20.45,1,20.4,60,20.45,10,1,2022-05-31 11:06:13
1653995173921551000,20.45,5,20.4,60,20.45,5,1,2022-05-31 11:06:13
1653995174038342000,20.45,2,20.4,60,20.45,3,1,2022-05-31 11:06:14
1653995174069498000,20.45,3,20.4,60,20.5,32,1,2022-05-31 11:06:14
1653995174836458000,20.5,1,20.45,5,20.5,31,1,2022-05-31 11:06:14
1653995175132209000,20.5,2,20.45,5,20.5,29,1,2022-05-31 11:06:15
1653995175397152000,20.45,3,20.45,2,20.5,29,2,2022-05-31 11:06:15
1653995175550210000,20.5,1,20.45,2,20.5,28,1,2022-05-31 11:06:15
1653995176551152000,20.45,2,20.4,60,20.45,8,2,2022-05-31 11:06:16
1653995177097724000,20.45,8,20.45,7,20.5,27,1,2022-05-31 11:06:17
1653995177703434000,20.5,1,20.45,9,20.5,26,1,2022-05-31 11:06:17
1653995179059807000,20.5,1,20.45,9,20.5,25,1,2022-05-31 11:06:19
1653995180933364000,20.5,1,20.45,9,20.5,24,1,2022-05-31 11:06:20
1653995180936437000,20.5,1,20.45,9,20.5,23,1,2022-05-31 11:06:20
1653995181443768000,20.5,1,20.45,9,20.5,22,1,2022-05-31 11:06:21
1653995185644137000,20.45,1,20.45,9,20.5,23,2,2022-05-31 11:06:25
1653995185848224000,20.5,2,20.45,9,20.5,21,1,2022-05-31 11:06:25
1653995187538824000,20.5,1,20.45,9,20.5,20,1,2022-05-31 11:06:27
1653995188109756000,20.5,1,20.45,9,20.5,21,1,2022-05-31 11:06:28
1653995188561534000,20.45,1,20.45,9,20.5,21,2,2022-05-31 11:06:28
1653995188629160000,20.5,10,20.45,9,20.5,11,1,2022-05-31 11:06:28
1653995193157531000,20.5,5,20.45,9,20.5,10,1,2022-05-31 11:06:33
1653995195624993000,20.5,1,20.45,10,20.5,9,1,2022-05-31 11:06:35
1653995196365457000,20.5,1,20.45,10,20.5,8,1,2022-05-31 11:06:36
1653995198381648000,20.5,3,20.45,11,20.5,6,1,2022-05-31 11:06:38
1653995198661235000,20.5,6,20.5,4,20.55,41,1,2022-05-31 11:06:38
1653995199587223000,20.55,1,20.5,21,20.55,40,1,2022-05-31 11:06:39
1653995200988079000,20.5,1,20.5,25,20.55,40,2,2022-05-31 11:06:40
1653995201620419000,20.5,1,20.5,24,20.55,40,2,2022-05-31 11:06:41
1653995207594988000,20.55,5,20.5,29,20.55,16,1,2022-05-31 11:06:47
1653995207776066000,20.5,1,20.5,28,20.55,16,2,2022-05-31 11:06:47
1653995208606107000,20.55,10,20.5,25,20.55,5,1,2022-05-31 11:06:48
1653995209127234000,20.55,1,20.5,25,20.55,4,1,2022-05-31 11:06:49
1653995209234410000,20.55,1,20.5,25,20.55,3,1,2022-05-31 11:06:49
1653995209546908000,20.55,1,20.5,25,20.55,2,1,2022-05-31 11:06:49
1653995210259261000,20.55,1,20.5,74,20.55,1,1,2022-05-31 11:06:50
1653995210374146000,20.55,1,20.5,74,20.6,11,1,2022-05-31 11:06:50
1653995212211396000,20.55,2,20.5,75,20.55,14,1,2022-05-31 11:06:52
1653995212307433000,20.5,10,20.5,65,20.55,14,2,2022-05-31 11:06:52
1653995212469764000,20.55,1,20.5,65,20.55,13,1,2022-05-31 11:06:52
1653995213107098000,20.55,3,20.5,65,20.55,10,1,2022-05-31 11:06:53
1653995214736259000,20.55,1,20.5,66,20.55,9,1,2022-05-31 11:06:54
1653995215098970000,20.55,6,20.5,66,20.55,3,1,2022-05-31 11:06:55
1653995215519055000,20.55,1,20.5,66,20.55,2,1,2022-05-31 11:06:55
1653995216386464000,20.55,4,20.55,2,20.6,13,1,2022-05-31 11:06:56
1653995216419396000,20.55,2,20.5,66,20.55,1,2,2022-05-31 11:06:56
1653995217788735000,20.55,1,20.5,66,20.6,13,1,2022-05-31 11:06:57
1653995218429982000,20.55,3,20.5,66,20.55,2,2,2022-05-31 11:06:58
1653995220781716000,20.55,1,20.5,66,20.55,9,1,2022-05-31 11:07:00
1653995221699591000,20.55,11,20.55,37,20.6,13,1,2022-05-31 11:07:01
1653995222061994000,20.55,1,20.55,36,20.6,13,2,2022-05-31 11:07:02
1653995223686635000,20.55,1,20.55,35,20.6,13,2,2022-05-31 11:07:03
1653995226640469000,20.6,2,20.55,37,20.6,11,1,2022-05-31 11:07:06
1653995227862931000,20.55,2,20.55,36,20.6,11,2,2022-05-31 11:07:07
1653995228319216000,20.6,10,20.55,37,20.6,1,1,2022-05-31 11:07:08
1653995229939374000,20.6,2,20.55,37,20.65,22,1,2022-05-31 11:07:09
1653995229948531000,20.65,1,20.55,37,20.65,21,1,2022-05-31 11:07:09
1653995230142756000,20.65,1,20.55,36,20.65,20,1,2022-05-31 11:07:10
1653995230835525000,20.55,5,20.55,31,20.65,20,2,2022-05-31 11:07:10
1653995231594042000,20.6,7,20.6,3,20.65,20,2,2022-05-31 11:07:11
1653995231625704000,20.6,3,20.55,31,20.65,20,2,2022-05-31 11:07:11
1653995232135705000,20.6,4,20.55,18,20.65,20,2,2022-05-31 11:07:12
1653995232135705000,20.55,13,20.55,18,20.65,20,2,2022-05-31 11:07:12
1653995233340368000,20.65,1,20.55,18,20.65,19,1,2022-05-31 11:07:13
1653995234070621000,20.6,1,20.55,18,20.6,2,1,2022-05-31 11:07:14
1653995234472900000,20.55,1,20.55,17,20.6,2,2,2022-05-31 11:07:14
1653995235064429000,20.6,1,20.55,17,20.6,1,1,2022-05-31 11:07:15
1653995236226047000,20.6,1,20.55,17,20.6,2,1,2022-05-31 11:07:16
1653995236807141000,20.55,1,20.55,16,20.6,2,2,2022-05-31 11:07:16
1653995236935433000,20.6,1,20.55,16,20.6,4,1,2022-05-31 11:07:16
1653995237090351000,20.6,2,20.55,16,20.6,2,1,2022-05-31 11:07:17
1653995237450812000,20.55,2,20.55,14,20.6,2,2,2022-05-31 11:07:17
1653995237539790000,20.6,1,20.55,14,20.6,1,1,2022-05-31 11:07:17
1653995237947021000,20.55,1,20.55,13,20.6,3,2,2022-05-31 11:07:17
1653995238398807000,20.6,2,20.55,13,20.6,1,1,2022-05-31 11:07:18
1653995238689610000,20.6,1,20.6,2,20.65,21,1,2022-05-31 11:07:18
1653995238848360000,20.6,1,20.6,1,20.65,21,2,2022-05-31 11:07:18
1653995240728968000,20.6,1,20.6,5,20.65,19,2,2022-05-31 11:07:20
1653995241317236000,20.6,2,20.6,3,20.65,20,2,2022-05-31 11:07:21
1653995241337803000,20.6,1,20.6,2,20.65,20,2,2022-05-31 11:07:21
1653995241355854000,20.6,2,20.55,15,20.65,20,2,2022-05-31 11:07:21
1653995241454656000,20.55,1,20.55,14,20.65,20,2,2022-05-31 11:07:21
1653995241575875000,20.6,1,20.55,14,20.6,1,1,2022-05-31 11:07:21
1653995241589930000,20.55,2,20.55,12,20.6,1,2,2022-05-31 11:07:21
1653995244410774000,20.6,2,20.55,12,20.6,14,1,2022-05-31 11:07:24
1653995245354297000,20.6,7,20.55,12,20.6,8,1,2022-05-31 11:07:25
1653995247141090000,20.6,2,20.55,11,20.6,7,1,2022-05-31 11:07:27
1653995247439776000,20.6,1,20.55,11,20.6,6,1,2022-05-31 11:07:27
1653995251040486000,20.6,5,20.55,19,20.6,4,1,2022-05-31 11:07:31
1653995251270213000,20.6,2,20.55,19,20.6,2,1,2022-05-31 11:07:31
1653995254178420000,20.6,2,20.55,19,20.6,2,1,2022-05-31 11:07:34
1653995254585444000,20.6,1,20.55,20,20.6,1,1,2022-05-31 11:07:34
1653995255212670000,20.6,1,20.55,20,20.6,1,1,2022-05-31 11:07:35
1653995256622044000,20.6,1,20.6,1,20.65,24,1,2022-05-31 11:07:36
1653995259855670000,20.6,2,20.6,11,20.65,24,2,2022-05-31 11:07:39
1653995260884497000,20.65,1,20.6,11,20.65,24,1,2022-05-31 11:07:40
1653995267145676000,20.65,1,20.6,21,20.65,23,1,2022-05-31 11:07:47
1653995270154603000,20.6,4,20.6,19,20.65,23,2,2022-05-31 11:07:50
1653995274007333000,20.6,5,20.6,18,20.65,25,2,2022-05-31 11:07:54
1653995274738834000,20.65,7,20.6,11,20.65,18,1,2022-05-31 11:07:54
1653995275148505000,20.6,5,20.6,6,20.65,18,2,2022-05-31 11:07:55
1653995276749267000,20.6,1,20.6,5,20.65,18,2,2022-05-31 11:07:56
1653995277131786000,20.6,2,20.6,3,20.65,18,2,2022-05-31 11:07:57
1653995277656494000,20.6,3,20.55,16,20.65,15,2,2022-05-31 11:07:57
1653995278780622000,20.6,4,20.55,16,20.6,2,1,2022-05-31 11:07:58
1653995279613492000,20.6,1,20.55,16,20.6,1,1,2022-05-31 11:07:59
1653995279652364000,20.6,1,20.55,16,20.65,16,1,2022-05-31 11:07:59
1653995279652364000,20.65,1,20.55,16,20.65,16,1,2022-05-31 11:07:59
1653995281251820000,20.6,1,20.55,16,20.6,3,1,2022-05-31 11:08:01
1653995285401185000,20.6,1,20.55,16,20.6,8,1,2022-05-31 11:08:05
1653995287113324000,20.55,1,20.55,15,20.6,9,2,2022-05-31 11:08:07
1653995287265978000,20.6,2,20.55,15,20.6,7,1,2022-05-31 11:08:07
1653995287462961000,20.6,1,20.55,15,20.6,6,1,2022-05-31 11:08:07
1653995289705400000,20.55,1,20.55,14,20.6,7,2,2022-05-31 11:08:09
1653995290733388000,20.55,1,20.55,13,20.6,7,2,2022-05-31 11:08:10
1653995293920353000,20.6,1,20.55,13,20.6,6,1,2022-05-31 11:08:13
1653995294131010000,20.6,1,20.55,13,20.6,5,1,2022-05-31 11:08:14
1653995295763697000,20.55,13,20.5,28,20.55,1,2,2022-05-31 11:08:15
1653995297315180000,20.55,1,20.6,2,20.65,17,1,2022-05-31 11:08:17
1653995297315180000,20.6,7,20.6,2,20.65,17,1,2022-05-31 11:08:17
1653995299715209000,20.6,1,20.6,1,20.65,17,2,2022-05-31 11:08:19
1653995299745199000,20.6,1,20.55,4,20.65,17,2,2022-05-31 11:08:19
1653995304293423000,20.6,1,20.55,7,20.6,2,1,2022-05-31 11:08:24
1653995304314363000,20.6,2,20.55,7,20.65,18,1,2022-05-31 11:08:24
1653995304589507000,20.6,1,20.55,7,20.6,7,1,2022-05-31 11:08:24
1653995305376988000,20.6,1,20.55,8,20.6,8,1,2022-05-31 11:08:25
1653995306498028000,20.6,8,20.6,2,20.65,18,1,2022-05-31 11:08:26
1653995306681302000,20.6,2,20.55,8,20.65,18,2,2022-05-31 11:08:26
1653995311690242000,20.6,3,20.55,9,20.6,2,1,2022-05-31 11:08:31
1653995312856072000,20.6,1,20.55,9,20.6,3,1,2022-05-31 11:08:32
1653995314506461000,20.6,1,20.55,14,20.6,3,1,2022-05-31 11:08:34
1653995323118340000,20.55,1,20.55,8,20.6,6,2,2022-05-31 11:08:43
1653995327518862000,20.55,1,20.55,8,20.6,6,2,2022-05-31 11:08:47
1653995327661902000,20.6,6,20.6,4,20.65,18,1,2022-05-31 11:08:47
1653995328198261000,20.6,1,20.6,3,20.65,18,2,2022-05-31 11:08:48
1653995328235135000,20.6,3,20.55,8,20.65,18,2,2022-05-31 11:08:48
1653995330197656000,20.65,10,20.55,8,20.65,7,1,2022-05-31 11:08:50
1653995335206527000,20.55,5,20.55,3,20.6,5,2,2022-05-31 11:08:55
1653995338963774000,20.6,1,20.55,9,20.6,5,1,2022-05-31 11:08:58
1653995338964819000,20.6,1,20.55,9,20.6,4,1,2022-05-31 11:08:58
1653995339328945000,20.55,3,20.55,6,20.6,4,2,2022-05-31 11:08:59
1653995340323162000,20.6,4,20.6,2,20.65,9,1,2022-05-31 11:09:00
1653995349180139000,20.6,1,20.6,3,20.65,7,2,2022-05-31 11:09:09
1653995353176241000,20.65,1,20.6,3,20.65,6,1,2022-05-31 11:09:13
1653995357092099000,20.65,1,20.6,2,20.65,11,1,2022-05-31 11:09:17
1653995358318112000,20.65,3,20.6,2,20.65,13,1,2022-05-31 11:09:18
1653995361008959000,20.65,1,20.6,10,20.65,12,1,2022-05-31 11:09:21
1653995361885352000,20.65,1,20.6,11,20.65,11,1,2022-05-31 11:09:21
1653995365382582000,20.65,1,20.6,14,20.65,11,1,2022-05-31 11:09:25
1653995368262831000,20.65,5,20.6,16,20.65,7,1,2022-05-31 11:09:28
1653995369177344000,20.65,3,20.6,16,20.65,4,1,2022-05-31 11:09:29
1653995369612126000,20.65,1,20.6,16,20.65,3,1,2022-05-31 11:09:29
1653995369634122000,20.65,2,20.6,16,20.65,1,1,2022-05-31 11:09:29
1653995369879250000,20.65,1,20.65,1,20.7,29,1,2022-05-31 11:09:29
1653995373648040000,20.65,3,20.65,5,20.7,29,2,2022-05-31 11:09:33
1653995375407584000,20.7,5,20.65,28,20.7,24,1,2022-05-31 11:09:35
1653995375602179000,20.7,1,20.65,28,20.7,23,1,2022-05-31 11:09:35
1653995375965194000,20.7,20,20.65,28,20.7,3,1,2022-05-31 11:09:35
1653995375998598000,20.7,3,20.65,28,20.75,11,1,2022-05-31 11:09:35
1653995376157770000,20.75,3,20.65,28,20.75,8,1,2022-05-31 11:09:36
1653995376227001000,20.7,1,20.65,28,20.7,1,1,2022-05-31 11:09:36
1653995376331068000,20.7,1,20.65,28,20.75,7,1,2022-05-31 11:09:36
1653995376331068000,20.75,1,20.65,28,20.75,7,1,2022-05-31 11:09:36
1653995376361994000,20.75,1,20.65,28,20.75,6,1,2022-05-31 11:09:36
1653995377179771000,20.7,4,20.65,28,20.7,1,2,2022-05-31 11:09:37
1653995377695072000,20.7,2,20.65,28,20.7,1,1,2022-05-31 11:09:37
1653995377799544000,20.7,1,20.65,28,20.75,6,1,2022-05-31 11:09:37
1653995378431727000,20.75,1,20.7,1,20.75,5,1,2022-05-31 11:09:38
1653995380437550000,20.75,1,20.7,8,20.75,5,1,2022-05-31 11:09:40
1653995382865939000,20.75,1,20.7,15,20.75,5,1,2022-05-31 11:09:42
1653995383161556000,20.75,1,20.7,15,20.75,4,1,2022-05-31 11:09:43
1653995383492764000,20.75,4,20.7,15,20.8,17,1,2022-05-31 11:09:43
1653995383492764000,20.8,1,20.7,15,20.8,17,1,2022-05-31 11:09:43
1653995383653803000,20.8,17,20.7,15,20.85,8,1,2022-05-31 11:09:43
1653995383653803000,20.85,3,20.7,15,20.85,8,1,2022-05-31 11:09:43
1653995384050957000,20.85,1,20.7,17,20.85,7,1,2022-05-31 11:09:44
1653995384229756000,20.75,1,20.7,17,20.85,7,1,2022-05-31 11:09:44
1653995387580511000,20.8,1,20.75,17,20.85,11,2,2022-05-31 11:09:47
1653995389738309000,20.85,2,20.8,5,20.85,10,1,2022-05-31 11:09:49
1653995390052835000,20.85,5,20.8,5,20.85,5,1,2022-05-31 11:09:50
1653995390615196000,20.85,1,20.8,21,20.85,4,1,2022-05-31 11:09:50
1653995391077608000,20.8,1,20.8,20,20.85,4,2,2022-05-31 11:09:51
1653995391366361000,20.85,3,20.8,20,20.85,1,1,2022-05-31 11:09:51
1653995391994043000,20.85,1,20.85,1,20.9,26,1,2022-05-31 11:09:51
1653995392225692000,20.85,1,20.8,20,20.9,26,2,2022-05-31 11:09:52
1653995392729025000,20.85,1,20.85,1,20.9,26,2,2022-05-31 11:09:52
1653995393607803000,20.85,1,20.85,5,20.9,26,2,2022-05-31 11:09:53
1653995393661298000,20.85,2,20.85,3,20.9,26,2,2022-05-31 11:09:53
1653995394291515000,20.9,1,20.85,3,20.9,25,1,2022-05-31 11:09:54
1653995394952161000,20.85,1,20.85,2,20.9,25,2,2022-05-31 11:09:54
1653995396817555000,20.9,2,20.85,8,20.9,24,1,2022-05-31 11:09:56
1653995398058045000,20.9,1,20.85,10,20.9,23,1,2022-05-31 11:09:58
1653995398974896000,20.85,1,20.85,19,20.9,23,2,2022-05-31 11:09:58
1653995399302873000,20.9,5,20.85,19,20.9,18,1,2022-05-31 11:09:59
1653995400370109000,20.9,1,20.85,21,20.9,18,1,2022-05-31 11:10:00
1653995400395949000,20.9,1,20.85,21,20.9,17,1,2022-05-31 11:10:00
1653995400495392000,20.9,2,20.85,21,20.9,15,1,2022-05-31 11:10:00
1653995401457161000,20.9,1,20.85,20,20.9,14,1,2022-05-31 11:10:01
1653995402034534000,20.9,1,20.85,20,20.9,15,1,2022-05-31 11:10:02
1653995402055377000,20.9,5,20.85,20,20.9,10,1,2022-05-31 11:10:02
1653995402144034000,20.9,1,20.85,20,20.9,9,1,2022-05-31 11:10:02
1653995402336853000,20.9,1,20.85,20,20.9,8,1,2022-05-31 11:10:02
1653995403762988000,20.9,5,20.85,20,20.9,8,1,2022-05-31 11:10:03
1653995404339322000,20.9,8,20.9,16,20.95,10,1,2022-05-31 11:10:04
1653995404346682000,20.95,5,20.9,16,20.95,5,1,2022-05-31 11:10:04
1653995406665294000,20.9,1,20.9,24,20.95,5,2,2022-05-31 11:10:06
1653995408224952000,20.95,10,20.9,24,20.95,1,1,2022-05-31 11:10:08
1653995408673212000,20.95,1,20.9,31,21.0,124,1,2022-05-31 11:10:08
1653995408692738000,20.9,1,20.9,30,21.0,124,2,2022-05-31 11:10:08
1653995410179153000,20.95,14,20.9,47,21.0,118,1,2022-05-31 11:10:10
1653995410179153000,21.0,6,20.9,47,21.0,118,1,2022-05-31 11:10:10
1653995410944545000,20.9,6,20.9,42,21.0,119,2,2022-05-31 11:10:10
1653995411430355000,21.0,1,20.9,42,21.0,118,1,2022-05-31 11:10:11
1653995411822796000,20.9,1,20.9,41,21.0,118,2,2022-05-31 11:10:11
1653995413703085000,20.95,1,20.9,49,20.95,1,1,2022-05-31 11:10:13
1653995415393151000,20.95,1,20.9,50,20.95,5,1,2022-05-31 11:10:15
1653995415582035000,20.9,2,20.9,48,20.95,5,2,2022-05-31 11:10:15
1653995416006264000,20.95,2,20.9,45,20.95,3,1,2022-05-31 11:10:16
1653995416446394000,20.95,3,20.95,2,21.0,129,1,2022-05-31 11:10:16
1653995416477072000,20.95,2,20.9,45,21.0,129,2,2022-05-31 11:10:16
1653995416711324000,20.95,2,20.95,1,21.0,130,1,2022-05-31 11:10:16
1653995416743420000,20.95,1,20.9,45,21.0,130,2,2022-05-31 11:10:16
1653995418425499000,20.95,1,20.9,46,20.95,2,1,2022-05-31 11:10:18
1653995418540102000,20.95,1,20.9,46,20.95,1,1,2022-05-31 11:10:18
1653995419017767000,20.95,2,20.95,3,21.0,130,1,2022-05-31 11:10:19
1653995419317373000,20.95,1,20.95,4,21.0,130,2,2022-05-31 11:10:19
1653995419604922000,21.0,1,20.95,5,21.0,129,1,2022-05-31 11:10:19
1653995420036456000,20.95,1,20.95,5,21.0,127,2,2022-05-31 11:10:20
1653995420066898000,20.95,1,20.95,4,21.0,127,2,2022-05-31 11:10:20
1653995421923598000,20.95,1,20.95,6,21.0,127,2,2022-05-31 11:10:21
1653995423076654000,20.95,1,20.95,5,21.0,129,2,2022-05-31 11:10:23
1653995423101766000,20.95,4,20.95,1,21.0,129,2,2022-05-31 11:10:23
1653995423107853000,20.95,1,20.9,45,21.0,129,2,2022-05-31 11:10:23
1653995425127885000,20.95,1,20.9,46,20.95,3,1,2022-05-31 11:10:25
1653995426690923000,20.95,10,20.9,50,20.95,6,1,2022-05-31 11:10:26
1653995428718169000,20.95,2,20.9,50,20.95,12,1,2022-05-31 11:10:28
1653995428943613000,20.9,1,20.9,49,20.95,12,2,2022-05-31 11:10:28
1653995428970290000,20.95,3,20.9,49,20.95,9,1,2022-05-31 11:10:28
1653995429620307000,20.95,2,20.9,48,20.95,15,1,2022-05-31 11:10:29
1653995429851968000,20.95,10,20.9,48,20.95,5,1,2022-05-31 11:10:29
1653995430152854000,20.95,1,20.9,48,20.95,4,1,2022-05-31 11:10:30
1653995430526128000,20.95,4,20.95,12,21.0,129,1,2022-05-31 11:10:30
1653995432313289000,20.95,3,20.95,9,21.0,129,2,2022-05-31 11:10:32
1653995432342055000,20.95,1,20.95,8,21.0,129,2,2022-05-31 11:10:32
1653995432342092000,20.95,8,20.9,33,21.0,129,2,2022-05-31 11:10:32
1653995433294150000,20.95,2,20.9,33,21.0,129,2,2022-05-31 11:10:33
1653995434921678000,20.95,1,20.9,35,20.95,23,1,2022-05-31 11:10:34
1653995435931028000,20.9,3,20.9,32,20.95,29,2,2022-05-31 11:10:35
1653995436044659000,20.9,32,20.85,11,20.9,18,2,2022-05-31 11:10:36
1653995437014219000,20.9,2,20.85,11,20.9,2,1,2022-05-31 11:10:37
1653995437365404000,20.85,3,20.85,8,20.9,3,2,2022-05-31 11:10:37
1653995437393404000,20.85,1,20.85,5,20.9,3,2,2022-05-31 11:10:37
1653995437791867000,20.85,5,20.8,9,20.9,9,2,2022-05-31 11:10:37
1653995437835777000,20.8,1,20.8,8,20.9,9,2,2022-05-31 11:10:37
1653995439191746000,20.8,2,20.8,8,20.85,1,2,2022-05-31 11:10:39
1653995442403353000,20.85,1,20.8,6,20.85,4,1,2022-05-31 11:10:42
1653995442589413000,20.8,1,20.8,5,20.85,4,2,2022-05-31 11:10:42
1653995442619380000,20.8,2,20.8,3,20.85,4,2,2022-05-31 11:10:42
1653995443990931000,20.85,1,20.8,4,20.85,3,1,2022-05-31 11:10:43
1653995444441374000,20.8,1,20.8,3,20.85,3,2,2022-05-31 11:10:44
1653995445341869000,20.8,2,20.8,1,20.85,3,2,2022-05-31 11:10:45
1653995445350392000,20.8,1,20.75,6,20.85,3,2,2022-05-31 11:10:45
1653995448399086000,20.8,1,20.8,3,20.85,5,2,2022-05-31 11:10:48
1653995449089738000,20.8,3,20.75,7,20.8,2,2,2022-05-31 11:10:49
1653995449583115000,20.8,1,20.75,5,20.8,1,1,2022-05-31 11:10:49
1653995452763390000,20.8,1,20.75,6,20.8,1,2,2022-05-31 11:10:52
1653995456379174000,20.8,3,20.8,3,20.85,12,1,2022-05-31 11:10:56
1653995457346314000,20.8,2,20.8,1,20.85,12,2,2022-05-31 11:10:57
1653995457949145000,20.8,1,20.8,6,20.85,12,2,2022-05-31 11:10:57
1653995458410032000,20.8,5,20.8,1,20.85,12,2,2022-05-31 11:10:58
1653995459798048000,20.8,5,20.8,4,20.85,12,2,2022-05-31 11:10:59
1653995460303871000,20.8,2,20.8,2,20.85,12,2,2022-05-31 11:11:00
1653995460629775000,20.85,1,20.8,7,20.85,11,1,2022-05-31 11:11:00
1653995460903534000,20.8,3,20.8,4,20.85,11,2,2022-05-31 11:11:00
1653995462043662000,20.8,2,20.8,4,20.85,12,2,2022-05-31 11:11:02
1653995463911447000,20.8,4,20.75,15,20.8,5,2,2022-05-31 11:11:03
1653995463914410000,20.75,1,20.75,14,20.8,5,2,2022-05-31 11:11:03
1653995467021380000,20.75,14,20.7,12,20.75,40,2,2022-05-31 11:11:07
1653995469657166000,20.75,1,20.7,12,20.75,39,1,2022-05-31 11:11:09
1653995471172311000,20.7,10,20.7,11,20.75,39,2,2022-05-31 11:11:11
1653995472036668000,20.75,1,20.7,11,20.75,38,1,2022-05-31 11:11:12
1653995472942266000,20.7,1,20.7,10,20.75,38,2,2022-05-31 11:11:12
1653995473675462000,20.7,10,20.65,7,20.75,40,2,2022-05-31 11:11:13
1653995475494556000,20.75,1,20.65,7,20.75,39,1,2022-05-31 11:11:15
1653995477342864000,20.7,1,20.65,11,20.7,2,1,2022-05-31 11:11:17
1653995478847106000,20.7,2,20.7,6,20.75,39,1,2022-05-31 11:11:18
1653995480758183000,20.7,1,20.7,5,20.75,40,2,2022-05-31 11:11:20
1653995488483534000,20.75,1,20.7,20,20.75,40,1,2022-05-31 11:11:28
1653995488562024000,20.7,5,20.7,15,20.75,40,2,2022-05-31 11:11:28
1653995488624392000,20.7,3,20.7,12,20.75,40,2,2022-05-31 11:11:28
1653995488764407000,20.75,3,20.7,12,20.75,37,1,2022-05-31 11:11:28
1653995489490972000,20.75,1,20.7,14,20.75,36,1,2022-05-31 11:11:29
1653995489953573000,20.7,1,20.7,13,20.75,35,2,2022-05-31 11:11:29
1653995492896635000,20.7,1,20.7,12,20.75,35,2,2022-05-31 11:11:32
1653995492972872000,20.7,2,20.7,10,20.75,35,2,2022-05-31 11:11:32
1653995495834903000,20.7,1,20.7,11,20.75,35,2,2022-05-31 11:11:35
1653995496192368000,20.7,1,20.7,10,20.75,35,2,2022-05-31 11:11:36
1653995499131127000,20.7,3,20.7,7,20.75,35,2,2022-05-31 11:11:39
1653995499223546000,20.75,1,20.7,7,20.75,34,1,2022-05-31 11:11:39
