ts,close,volume,bid_price,bid_volume,ask_price,ask_volume,tick_type,datetime
1653987617548321000,73.9,614,73.8,5,73.9,37,1,2022-05-31 09:00:17
1653987617574814000,73.8,5,73.7,5,73.9,37,2,2022-05-31 09:00:17
1653987617591234000,73.7,3,73.7,2,73.9,37,2,2022-05-31 09:00:17
1653987617638529000,73.7,2,73.6,1,73.9,38,2,2022-05-31 09:00:17
1653987617664049000,73.6,1,73.5,15,73.9,38,2,2022-05-31 09:00:17
1653987617676942000,73.5,4,73.5,11,73.9,38,2,2022-05-31 09:00:17
1653987617692450000,73.5,1,73.5,10,73.9,38,2,2022-05-31 09:00:17
1653987617781704000,73.9,1,73.5,10,73.9,37,1,2022-05-31 09:00:17
1653987617948510000,73.5,2,73.5,8,73.9,37,2,2022-05-31 09:00:17
1653987617970919000,73.5,1,73.5,7,73.9,37,2,2022-05-31 09:00:17
1653987618037360000,73.9,1,73.5,7,73.9,36,1,2022-05-31 09:00:18
1653987618247910000,73.5,7,73.4,3,73.6,44,2,2022-05-31 09:00:18
1653987618254628000,73.6,1,73.4,3,73.6,43,1,2022-05-31 09:00:18
1653987618310549000,73.4,2,73.4,1,73.6,43,2,2022-05-31 09:00:18
1653987618487562000,73.4,1,73.2,7,73.6,43,2,2022-05-31 09:00:18
1653987618487562000,73.3,5,73.2,7,73.6,43,2,2022-05-31 09:00:18
1653987618487562000,73.2,1,73.2,7,73.6,43,2,2022-05-31 09:00:18
1653987620096025000,73.2,7,73.1,3,73.4,15,2,2022-05-31 09:00:20
1653987620944226000,73.4,1,73.1,3,73.4,15,1,2022-05-31 09:00:20
1653987621099723000,73.1,1,73.1,2,73.4,15,2,2022-05-31 09:00:21
1653987621132414000,73.1,2,73.0,65,73.4,15,2,2022-05-31 09:00:21
1653987621136386000,73.4,1,73.0,65,73.4,14,1,2022-05-31 09:00:21
1653987621459000000,73.4,2,73.0,65,73.4,12,1,2022-05-31 09:00:21
1653987622007211000,73.0,1,73.0,64,73.2,2,2,2022-05-31 09:00:22
1653987622194473000,73.2,1,73.0,64,73.2,1,1,2022-05-31 09:00:22
1653987622489889000,73.0,1,73.0,63,73.2,1,2,2022-05-31 09:00:22
1653987622661346000,73.2,3,73.0,63,73.3,1,1,2022-05-31 09:00:22
1653987622791605000,73.3,1,73.2,1,73.3,2,1,2022-05-31 09:00:22
1653987622848683000,73.2,1,73.0,60,73.3,2,2,2022-05-31 09:00:22
1653987622848683000,73.0,3,73.0,60,73.3,2,2,2022-05-31 09:00:22
1653987623046352000,73.3,1,73.0,60,73.3,1,1,2022-05-31 09:00:23
1653987623355757000,73.2,1,73.0,53,73.3,1,2,2022-05-31 09:00:23
1653987623355757000,73.1,2,73.0,53,73.3,1,2,2022-05-31 09:00:23
1653987623355757000,73.0,7,73.0,53,73.3,1,2,2022-05-31 09:00:23
1653987623497104000,73.2,1,73.2,1,73.3,1,2,2022-05-31 09:00:23
1653987623510109000,73.3,1,73.2,1,73.4,11,1,2022-05-31 09:00:23
1653987624168167000,73.4,1,73.2,1,73.4,10,1,2022-05-31 09:00:24
1653987624377101000,73.3,1,73.2,1,73.3,1,1,2022-05-31 09:00:24
1653987625269187000,73.2,2,73.1,5,73.3,2,2,2022-05-31 09:00:25
1653987625269187000,73.1,1,73.1,5,73.3,2,2,2022-05-31 09:00:25
1653987625991541000,73.3,2,73.2,3,73.4,10,1,2022-05-31 09:00:25
1653987626299067000,73.2,1,73.2,2,73.4,10,2,2022-05-31 09:00:26
1653987626385940000,73.4,2,73.2,2,73.4,8,1,2022-05-31 09:00:26
1653987626574904000,73.2,2,73.2,1,73.4,8,2,2022-05-31 09:00:26
1653987626699945000,73.2,1,73.1,5,73.2,3,2,2022-05-31 09:00:26
1653987626921597000,73.2,1,73.1,5,73.2,2,1,2022-05-31 09:00:26
1653987626958572000,73.2,2,73.1,5,73.3,2,1,2022-05-31 09:00:26
1653987627631083000,73.2,1,73.2,2,73.3,2,2,2022-05-31 09:00:27
1653987627735290000,73.2,1,73.1,6,73.3,2,2,2022-05-31 09:00:27
1653987628190590000,73.2,3,73.1,5,73.3,2,1,2022-05-31 09:00:28
1653987628666251000,73.2,1,73.1,7,73.2,3,1,2022-05-31 09:00:28
1653987628699101000,73.2,3,73.1,7,73.3,3,1,2022-05-31 09:00:28
1653987629374947000,73.3,3,73.2,3,73.4,7,1,2022-05-31 09:00:29
1653987629374947000,73.4,2,73.2,3,73.4,7,1,2022-05-31 09:00:29
1653987629537848000,73.4,5,73.2,3,73.4,2,1,2022-05-31 09:00:29
1653987629573244000,73.3,1,73.2,4,73.4,1,1,2022-05-31 09:00:29
1653987629573244000,73.4,1,73.2,4,73.4,1,1,2022-05-31 09:00:29
1653987629610045000,73.3,1,73.3,1,73.4,1,2,2022-05-31 09:00:29
1653987629646294000,73.3,1,73.2,3,73.4,1,2,2022-05-31 09:00:29
1653987629646294000,73.2,1,73.2,3,73.4,1,2,2022-05-31 09:00:29
1653987630137091000,73.4,1,73.3,13,73.5,1,1,2022-05-31 09:00:30
1653987630137091000,73.5,1,73.3,13,73.5,1,1,2022-05-31 09:00:30
1653987630510784000,73.3,1,73.3,13,73.4,1,2,2022-05-31 09:00:30
1653987630512566000,73.4,1,73.3,13,73.5,1,1,2022-05-31 09:00:30
1653987630767525000,73.4,1,73.3,9,73.5,2,2,2022-05-31 09:00:30
1653987630767525000,73.3,4,73.3,9,73.5,2,2,2022-05-31 09:00:30
1653987630862619000,73.4,4,73.3,9,73.5,3,2,2022-05-31 09:00:30
1653987630896028000,73.3,2,73.3,7,73.5,3,2,2022-05-31 09:00:30
1653987631093140000,73.3,1,73.3,6,73.5,3,2,2022-05-31 09:00:31
1653987631094127000,73.5,3,73.3,6,73.6,49,1,2022-05-31 09:00:31
1653987631102938000,73.3,1,73.3,5,73.6,59,2,2022-05-31 09:00:31
1653987631254292000,73.3,1,73.3,4,73.6,59,2,2022-05-31 09:00:31
1653987631274949000,73.3,1,73.3,3,73.6,59,2,2022-05-31 09:00:31
1653987631284071000,73.3,1,73.3,2,73.6,59,2,2022-05-31 09:00:31
1653987631648079000,73.3,2,73.2,9,73.6,59,2,2022-05-31 09:00:31
1653987631648079000,73.2,8,73.2,9,73.6,59,2,2022-05-31 09:00:31
1653987631818104000,73.3,1,73.2,10,73.6,59,1,2022-05-31 09:00:31
1653987631940664000,73.5,1,73.5,9,73.6,59,2,2022-05-31 09:00:31
1653987631975623000,73.5,2,73.5,7,73.6,59,2,2022-05-31 09:00:31
1653987631975657000,73.5,1,73.5,6,73.6,59,2,2022-05-31 09:00:31
1653987631975894000,73.5,6,73.2,11,73.6,59,2,2022-05-31 09:00:31
1653987632112858000,73.6,1,73.4,1,73.6,58,1,2022-05-31 09:00:32
1653987632470403000,73.4,1,73.1,13,73.6,59,2,2022-05-31 09:00:32
1653987632470403000,73.2,13,73.1,13,73.6,59,2,2022-05-31 09:00:32
1653987632470403000,73.1,1,73.1,13,73.6,59,2,2022-05-31 09:00:32
1653987632754578000,73.3,1,73.1,14,73.5,1,2,2022-05-31 09:00:32
1653987633019233000,73.1,3,73.1,12,73.2,2,2,2022-05-31 09:00:33
1653987633101093000,73.2,1,73.1,12,73.2,1,1,2022-05-31 09:00:33
1653987633104959000,73.2,1,73.1,12,73.5,8,1,2022-05-31 09:00:33
1653987633599966000,73.3,1,73.2,3,73.3,1,1,2022-05-31 09:00:33
1653987633635186000,73.3,1,73.2,3,73.5,15,1,2022-05-31 09:00:33
1653987633765114000,73.4,2,73.2,3,73.4,13,1,2022-05-31 09:00:33
1653987633929614000,73.4,5,73.2,4,73.4,10,1,2022-05-31 09:00:33
1653987634277428000,73.4,1,73.2,5,73.4,14,1,2022-05-31 09:00:34
1653987634804656000,73.3,2,73.2,10,73.3,2,2,2022-05-31 09:00:34
1653987634977874000,73.2,1,73.2,8,73.3,2,2,2022-05-31 09:00:34
1653987635132431000,73.2,1,73.2,7,73.3,2,2,2022-05-31 09:00:35
1653987635209425000,73.2,2,73.2,10,73.3,2,2,2022-05-31 09:00:35
1653987635463323000,73.3,2,73.2,10,73.4,22,1,2022-05-31 09:00:35
1653987635490147000,73.4,3,73.2,10,73.4,19,1,2022-05-31 09:00:35
1653987635578896000,73.4,1,73.2,10,73.4,18,1,2022-05-31 09:00:35
1653987635586943000,73.2,1,73.2,9,73.4,18,2,2022-05-31 09:00:35
1653987635641664000,73.4,4,73.2,9,73.4,11,1,2022-05-31 09:00:35
1653987636226365000,73.4,3,73.2,9,73.4,8,1,2022-05-31 09:00:36
1653987636526076000,73.3,2,73.2,9,73.4,8,1,2022-05-31 09:00:36
1653987636541300000,73.4,1,73.2,9,73.4,7,1,2022-05-31 09:00:36
1653987636584592000,73.2,1,73.2,8,73.4,7,2,2022-05-31 09:00:36
1653987636727573000,73.3,10,73.3,2,73.4,8,2,2022-05-31 09:00:36
1653987636873119000,73.3,3,73.2,5,73.4,13,2,2022-05-31 09:00:36
1653987636873119000,73.2,3,73.2,5,73.4,13,2,2022-05-31 09:00:36
1653987636982568000,73.4,1,73.2,6,73.4,12,1,2022-05-31 09:00:36
1653987637189041000,73.3,1,73.2,6,73.4,12,1,2022-05-31 09:00:37
1653987637343493000,73.3,1,73.2,22,73.4,8,2,2022-05-31 09:00:37
1653987637590622000,73.4,1,73.3,1,73.4,8,1,2022-05-31 09:00:37
1653987637642958000,73.4,1,73.3,1,73.4,7,1,2022-05-31 09:00:37
1653987638018289000,73.3,1,73.2,24,73.3,3,2,2022-05-31 09:00:38
1653987638307227000,73.3,1,73.2,25,73.3,2,1,2022-05-31 09:00:38
1653987638351724000,73.3,2,73.2,25,73.4,15,1,2022-05-31 09:00:38
1653987638493902000,73.3,1,73.2,25,73.3,1,2,2022-05-31 09:00:38
1653987638550172000,73.3,1,73.2,25,73.4,15,1,2022-05-31 09:00:38
1653987638752726000,73.4,1,73.3,2,73.4,16,1,2022-05-31 09:00:38
1653987638844024000,73.4,1,73.3,2,73.4,15,1,2022-05-31 09:00:38
1653987638966607000,73.3,1,73.3,2,73.4,20,2,2022-05-31 09:00:38
1653987638969507000,73.4,5,73.3,2,73.4,15,1,2022-05-31 09:00:38
1653987639012231000,73.3,1,73.3,1,73.4,15,2,2022-05-31 09:00:39
1653987639254780000,73.3,1,73.2,27,73.4,20,2,2022-05-31 09:00:39
1653987639514822000,73.3,1,73.3,2,73.4,20,1,2022-05-31 09:00:39
1653987639723521000,73.3,1,73.3,1,73.4,20,2,2022-05-31 09:00:39
1653987639966677000,73.3,1,73.3,1,73.4,20,2,2022-05-31 09:00:39
1653987640623016000,73.3,1,73.3,11,73.4,20,2,2022-05-31 09:00:40
1653987640646644000,73.4,1,73.3,11,73.4,19,1,2022-05-31 09:00:40
1653987640783677000,73.4,2,73.3,11,73.4,17,1,2022-05-31 09:00:40
1653987640904171000,73.4,1,73.3,11,73.4,17,1,2022-05-31 09:00:40
1653987641159490000,73.3,1,73.3,11,73.4,17,2,2022-05-31 09:00:41
1653987641294554000,73.3,1,73.3,18,73.4,17,2,2022-05-31 09:00:41
1653987641362179000,73.4,2,73.3,18,73.4,15,1,2022-05-31 09:00:41
1653987641388129000,73.4,15,73.3,18,73.5,9,1,2022-05-31 09:00:41
1653987641453655000,73.3,5,73.3,16,73.5,9,2,2022-05-31 09:00:41
1653987641566142000,73.3,1,73.3,16,73.5,9,2,2022-05-31 09:00:41
1653987642168726000,73.3,1,73.3,16,73.5,13,2,2022-05-31 09:00:42
1653987642640199000,73.4,1,73.4,3,73.5,13,2,2022-05-31 09:00:42
1653987642897726000,73.4,2,73.4,1,73.5,13,2,2022-05-31 09:00:42
1653987643225877000,73.5,13,73.5,17,73.6,71,1,2022-05-31 09:00:43
1653987643232531000,73.5,1,73.5,16,73.6,71,2,2022-05-31 09:00:43
1653987643550522000,73.5,2,73.5,14,73.6,71,2,2022-05-31 09:00:43
1653987643597001000,73.5,5,73.5,9,73.6,71,2,2022-05-31 09:00:43
1653987643905880000,73.5,1,73.5,8,73.6,71,2,2022-05-31 09:00:43
1653987643981690000,73.6,2,73.5,8,73.6,69,1,2022-05-31 09:00:43
1653987644221546000,73.6,30,73.5,8,73.6,39,1,2022-05-31 09:00:44
1653987644248684000,73.6,5,73.5,8,73.6,34,1,2022-05-31 09:00:44
1653987644585598000,73.6,3,73.5,11,73.6,31,1,2022-05-31 09:00:44
1653987644649390000,73.5,1,73.5,10,73.6,31,2,2022-05-31 09:00:44
1653987644658175000,73.5,1,73.5,9,73.6,31,2,2022-05-31 09:00:44
1653987644743257000,73.6,1,73.5,9,73.6,30,1,2022-05-31 09:00:44
1653987644770588000,73.5,2,73.5,7,73.6,30,2,2022-05-31 09:00:44
1653987644831261000,73.6,10,73.5,6,73.6,20,1,2022-05-31 09:00:44
1653987644997594000,73.6,2,73.5,7,73.6,18,1,2022-05-31 09:00:44
1653987645187898000,73.6,15,73.5,17,73.6,3,1,2022-05-31 09:00:45
1653987645216771000,73.6,3,73.5,17,73.7,38,1,2022-05-31 09:00:45
1653987645327519000,73.5,15,73.5,2,73.7,38,2,2022-05-31 09:00:45
1653987645422571000,73.5,1,73.5,1,73.7,38,2,2022-05-31 09:00:45
1653987645529530000,73.5,6,73.4,15,73.7,43,2,2022-05-31 09:00:45
1653987645763725000,73.6,10,73.4,15,73.6,33,2,2022-05-31 09:00:45
1653987645853857000,73.6,20,73.4,15,73.6,13,1,2022-05-31 09:00:45
1653987645879396000,73.6,10,73.4,15,73.6,3,1,2022-05-31 09:00:45
1653987645941858000,73.6,1,73.4,15,73.6,2,1,2022-05-31 09:00:45
1653987645976441000,73.6,2,73.4,15,73.7,43,1,2022-05-31 09:00:45
1653987646088958000,73.7,1,73.4,15,73.7,42,1,2022-05-31 09:00:46
1653987646463151000,73.7,1,73.5,2,73.7,41,1,2022-05-31 09:00:46
1653987646914665000,73.7,2,73.6,4,73.7,39,1,2022-05-31 09:00:46
1653987647256376000,73.7,1,73.6,5,73.7,41,1,2022-05-31 09:00:47
1653987647258652000,73.6,1,73.6,4,73.7,41,2,2022-05-31 09:00:47
1653987647361651000,73.7,6,73.6,4,73.7,35,1,2022-05-31 09:00:47
1653987647575884000,73.7,6,73.6,12,73.7,29,1,2022-05-31 09:00:47
1653987647716922000,73.6,2,73.6,10,73.7,29,2,2022-05-31 09:00:47
1653987647766591000,73.7,1,73.6,11,73.7,28,1,2022-05-31 09:00:47
1653987647829982000,73.7,5,73.6,11,73.7,23,1,2022-05-31 09:00:47
1653987648168129000,73.6,11,73.5,3,73.7,23,2,2022-05-31 09:00:48
1653987648326131000,73.6,1,73.6,7,73.7,23,2,2022-05-31 09:00:48
1653987648456552000,73.6,1,73.6,6,73.7,23,2,2022-05-31 09:00:48
1653987648518833000,73.6,1,73.6,5,73.7,23,2,2022-05-31 09:00:48
1653987648543271000,73.7,3,73.6,5,73.7,20,1,2022-05-31 09:00:48
1653987648949975000,73.6,1,73.6,19,73.7,20,2,2022-05-31 09:00:48
1653987649426897000,73.7,4,73.6,19,73.7,16,1,2022-05-31 09:00:49
1653987649427824000,73.6,3,73.6,16,73.7,16,2,2022-05-31 09:00:49
1653987649451868000,73.6,1,73.6,15,73.7,16,2,2022-05-31 09:00:49
1653987649658564000,73.7,1,73.6,15,73.7,15,1,2022-05-31 09:00:49
1653987649783319000,73.7,1,73.6,15,73.7,14,1,2022-05-31 09:00:49
1653987649900230000,73.7,3,73.6,15,73.7,12,1,2022-05-31 09:00:49
1653987650085624000,73.7,1,73.6,15,73.7,12,1,2022-05-31 09:00:50
1653987650452688000,73.6,5,73.6,11,73.7,12,2,2022-05-31 09:00:50
1653987650473648000,73.7,1,73.6,11,73.7,11,1,2022-05-31 09:00:50
1653987650578693000,73.7,1,73.6,12,73.7,10,1,2022-05-31 09:00:50
1653987650885451000,73.7,2,73.6,12,73.7,8,1,2022-05-31 09:00:50
1653987650921564000,73.7,2,73.6,12,73.7,6,1,2022-05-31 09:00:50
1653987650927304000,73.7,1,73.6,12,73.7,5,1,2022-05-31 09:00:50
1653987651166996000,73.7,1,73.6,12,73.7,4,1,2022-05-31 09:00:51
1653987651308140000,73.7,1,73.6,14,73.7,3,1,2022-05-31 09:00:51
1653987651313980000,73.6,1,73.6,13,73.7,3,2,2022-05-31 09:00:51
1653987651390658000,73.7,2,73.6,13,73.7,1,1,2022-05-31 09:00:51
1653987651597662000,73.7,1,73.6,13,73.8,3,1,2022-05-31 09:00:51
1653987651597662000,73.8,1,73.6,13,73.8,3,1,2022-05-31 09:00:51
1653987651763663000,73.6,1,73.6,17,73.8,3,2,2022-05-31 09:00:51
1653987651823173000,73.7,1,73.6,17,73.7,1,1,2022-05-31 09:00:51
1653987651850155000,73.7,1,73.6,17,73.8,3,1,2022-05-31 09:00:51
1653987651969857000,73.8,3,73.6,20,73.9,39,1,2022-05-31 09:00:51
1653987651969857000,73.9,2,73.6,20,73.9,39,1,2022-05-31 09:00:51
1653987652103937000,73.7,5,73.6,20,73.8,12,2,2022-05-31 09:00:52
1653987652137644000,73.7,5,73.6,20,73.8,12,2,2022-05-31 09:00:52
1653987652199026000,73.8,2,73.6,20,73.8,10,1,2022-05-31 09:00:52
1653987652299244000,73.7,1,73.6,20,73.8,6,1,2022-05-31 09:00:52
1653987652299244000,73.8,4,73.6,20,73.8,6,1,2022-05-31 09:00:52
1653987652322774000,73.6,20,73.5,5,73.8,6,2,2022-05-31 09:00:52
1653987652322774000,73.5,5,73.5,5,73.8,6,2,2022-05-31 09:00:52
1653987652607691000,73.7,1,73.7,1,73.8,6,1,2022-05-31 09:00:52
1653987652643103000,73.7,1,73.6,40,73.8,6,2,2022-05-31 09:00:52
1653987652811668000,73.8,2,73.6,40,73.8,8,1,2022-05-31 09:00:52
1653987652840672000,73.8,1,73.6,40,73.8,7,1,2022-05-31 09:00:52
1653987652924738000,73.7,1,73.6,42,73.8,9,2,2022-05-31 09:00:52
1653987652998200000,73.7,1,73.6,42,73.7,2,1,2022-05-31 09:00:52
1653987653091716000,73.7,2,73.6,42,73.8,11,1,2022-05-31 09:00:53
1653987653562280000,73.8,1,73.6,44,73.8,12,1,2022-05-31 09:00:53
1653987653697906000,73.7,4,73.6,44,73.7,12,1,2022-05-31 09:00:53
1653987654052989000,73.7,1,73.6,48,73.7,11,1,2022-05-31 09:00:54
1653987654119652000,73.7,1,73.6,48,73.7,10,1,2022-05-31 09:00:54
1653987654163044000,73.7,1,73.6,48,73.7,9,1,2022-05-31 09:00:54
1653987654309586000,73.7,4,73.6,49,73.7,8,1,2022-05-31 09:00:54
1653987654318912000,73.7,1,73.6,49,73.7,7,1,2022-05-31 09:00:54
1653987654383050000,73.7,1,73.6,51,73.7,16,1,2022-05-31 09:00:54
1653987654622852000,73.7,1,73.6,51,73.7,15,1,2022-05-31 09:00:54
1653987654743329000,73.6,20,73.6,32,73.7,20,2,2022-05-31 09:00:54
1653987654767897000,73.6,1,73.6,31,73.7,20,2,2022-05-31 09:00:54
1653987654769051000,73.6,15,73.6,16,73.7,20,2,2022-05-31 09:00:54
1653987654793168000,73.6,1,73.6,15,73.7,20,2,2022-05-31 09:00:54
1653987654842817000,73.6,8,73.6,7,73.7,21,2,2022-05-31 09:00:54
1653987654846313000,73.6,7,73.5,8,73.6,3,2,2022-05-31 09:00:54
1653987654965622000,73.6,1,73.5,9,73.6,2,1,2022-05-31 09:00:54
1653987654977911000,73.5,2,73.5,7,73.6,2,2,2022-05-31 09:00:54
1653987655076088000,73.5,1,73.5,6,73.6,2,2,2022-05-31 09:00:55
1653987655154307000,73.6,1,73.5,6,73.6,11,1,2022-05-31 09:00:55
1653987655159361000,73.6,2,73.5,6,73.6,9,1,2022-05-31 09:00:55
1653987655467276000,73.5,6,73.4,8,73.6,66,2,2022-05-31 09:00:55
1653987655497001000,73.4,2,73.4,6,73.6,66,2,2022-05-31 09:00:55
1653987655564222000,73.4,1,73.4,5,73.5,3,2,2022-05-31 09:00:55
1653987655751345000,73.4,5,73.3,35,73.5,18,2,2022-05-31 09:00:55
1653987655776837000,73.4,1,73.3,35,73.5,18,1,2022-05-31 09:00:55
1653987655996743000,73.3,1,73.3,34,73.5,47,2,2022-05-31 09:00:55
1653987656134666000,73.5,5,73.3,34,73.5,42,1,2022-05-31 09:00:56
1653987656135697000,73.3,8,73.3,26,73.5,42,2,2022-05-31 09:00:56
1653987656149946000,73.5,1,73.3,26,73.5,41,1,2022-05-31 09:00:56
1653987656192565000,73.5,1,73.3,26,73.5,40,1,2022-05-31 09:00:56
1653987656199733000,73.3,1,73.3,25,73.5,40,2,2022-05-31 09:00:56
1653987656223579000,73.3,1,73.3,24,73.5,40,2,2022-05-31 09:00:56
1653987656256465000,73.3,5,73.3,19,73.4,14,2,2022-05-31 09:00:56
1653987656312742000,73.4,1,73.3,19,73.4,13,1,2022-05-31 09:00:56
1653987656506842000,73.4,1,73.3,19,73.4,18,1,2022-05-31 09:00:56
1653987656654925000,73.4,1,73.3,19,73.4,23,1,2022-05-31 09:00:56
1653987656816721000,73.4,1,73.3,18,73.4,33,1,2022-05-31 09:00:56
1653987656864954000,73.4,1,73.3,18,73.4,32,1,2022-05-31 09:00:56
1653987657168880000,73.4,6,73.3,18,73.4,26,1,2022-05-31 09:00:57
1653987657184329000,73.4,1,73.3,18,73.4,25,1,2022-05-31 09:00:57
1653987657229470000,73.3,5,73.3,13,73.4,25,2,2022-05-31 09:00:57
1653987657270684000,73.3,1,73.3,12,73.4,25,2,2022-05-31 09:00:57
1653987657378506000,73.4,1,73.3,12,73.4,26,1,2022-05-31 09:00:57
1653987657408826000,73.3,2,73.3,10,73.4,26,2,2022-05-31 09:00:57
1653987657425685000,73.3,1,73.3,9,73.4,26,2,2022-05-31 09:00:57
1653987657514081000,73.4,1,73.3,9,73.4,28,1,2022-05-31 09:00:57
1653987657524130000,73.3,1,73.3,8,73.4,28,2,2022-05-31 09:00:57
1653987657871166000,73.3,5,73.3,3,73.4,28,2,2022-05-31 09:00:57
1653987657879452000,73.4,3,73.3,3,73.4,25,1,2022-05-31 09:00:57
1653987657974546000,73.3,1,73.3,2,73.4,25,2,2022-05-31 09:00:57
1653987657987661000,73.4,2,73.3,2,73.4,23,1,2022-05-31 09:00:57
1653987658089740000,73.3,2,73.2,28,73.4,23,2,2022-05-31 09:00:58
1653987658089740000,73.2,1,73.2,28,73.4,23,2,2022-05-31 09:00:58
1653987658212995000,73.2,5,73.2,23,73.4,23,2,2022-05-31 09:00:58
1653987658225597000,73.4,1,73.2,23,73.4,22,1,2022-05-31 09:00:58
1653987658407555000,73.4,1,73.2,23,73.4,21,1,2022-05-31 09:00:58
1653987658411415000,73.4,1,73.2,23,73.4,20,1,2022-05-31 09:00:58
1653987658550383000,73.2,5,73.2,18,73.4,20,2,2022-05-31 09:00:58
1653987658808666000,73.2,18,73.1,14,73.3,11,2,2022-05-31 09:00:58
1653987659071915000,73.3,1,73.1,14,73.3,10,1,2022-05-31 09:00:59
1653987659092448000,73.3,1,73.1,14,73.3,14,1,2022-05-31 09:00:59
1653987659603526000,73.1,4,73.1,10,73.3,22,2,2022-05-31 09:00:59
1653987659769614000,73.2,2,73.2,3,73.3,22,1,2022-05-31 09:00:59
1653987659781214000,73.3,1,73.2,3,73.3,21,1,2022-05-31 09:00:59
1653987659841509000,73.3,3,73.2,3,73.3,18,1,2022-05-31 09:00:59
1653987659937237000,73.2,1,73.2,2,73.3,19,2,2022-05-31 09:00:59
1653987659970853000,73.2,1,73.2,1,73.3,19,2,2022-05-31 09:00:59
1653987660326897000,73.2,1,73.2,2,73.3,14,2,2022-05-31 09:01:00
1653987660338275000,73.3,1,73.2,2,73.3,13,1,2022-05-31 09:01:00
1653987660518189000,73.2,2,73.2,4,73.3,16,2,2022-05-31 09:01:00
1653987660584939000,73.2,2,73.2,2,73.3,16,2,2022-05-31 09:01:00
1653987660594492000,73.2,1,73.2,1,73.3,16,2,2022-05-31 09:01:00
1653987660625880000,73.2,1,73.1,10,73.3,16,2,2022-05-31 09:01:00
1653987660722681000,73.1,4,73.1,6,73.3,16,2,2022-05-31 09:01:00
1653987660734475000,73.1,6,73.0,119,73.3,16,2,2022-05-31 09:01:00
1653987660734475000,73.0,1,73.0,119,73.3,16,2,2022-05-31 09:01:00
1653987661299426000,73.2,1,73.1,3,73.3,21,1,2022-05-31 09:01:01
1653987661401486000,73.2,1,73.1,3,73.3,3,1,2022-05-31 09:01:01
1653987661401486000,73.3,18,73.1,3,73.3,3,1,2022-05-31 09:01:01
1653987661421929000,73.1,3,73.0,119,73.1,7,2,2022-05-31 09:01:01
1653987661430793000,73.1,1,73.0,119,73.1,6,1,2022-05-31 09:01:01
1653987661519208000,73.0,2,73.0,117,73.1,6,2,2022-05-31 09:01:01
1653987661846234000,73.1,2,73.0,117,73.1,7,1,2022-05-31 09:01:01
1653987661891525000,73.1,2,73.0,117,73.1,10,1,2022-05-31 09:01:01
1653987662343846000,73.0,10,73.0,108,73.1,10,2,2022-05-31 09:01:02
1653987662684070000,73.0,1,73.0,109,73.1,10,2,2022-05-31 09:01:02
1653987662685825000,73.0,1,73.0,108,73.1,10,2,2022-05-31 09:01:02
1653987663056768000,73.1,2,73.0,108,73.1,8,1,2022-05-31 09:01:03
1653987663451210000,73.0,10,73.0,97,73.1,19,2,2022-05-31 09:01:03
1653987663749139000,73.1,1,73.0,97,73.1,19,1,2022-05-31 09:01:03
1653987663961392000,73.1,2,73.0,97,73.1,17,1,2022-05-31 09:01:03
1653987664015296000,73.0,2,73.0,95,73.1,17,2,2022-05-31 09:01:04
1653987664072190000,73.0,11,73.0,84,73.1,17,2,2022-05-31 09:01:04
1653987664091442000,73.0,1,73.0,83,73.1,17,2,2022-05-31 09:01:04
1653987664144739000,73.1,1,73.0,83,73.1,17,1,2022-05-31 09:01:04
1653987664154931000,73.1,1,73.0,83,73.1,16,1,2022-05-31 09:01:04
1653987664195654000,73.0,20,73.0,65,73.1,16,2,2022-05-31 09:01:04
1653987664355903000,73.0,1,73.0,64,73.1,16,2,2022-05-31 09:01:04
1653987664367715000,73.1,1,73.0,64,73.1,15,1,2022-05-31 09:01:04
1653987664428486000,73.0,20,73.0,45,73.1,15,2,2022-05-31 09:01:04
1653987664468446000,73.1,1,73.0,45,73.1,14,1,2022-05-31 09:01:04
1653987664640214000,73.0,20,73.0,25,73.1,34,2,2022-05-31 09:01:04
1653987664673676000,73.0,17,73.0,8,73.1,34,2,2022-05-31 09:01:04
1653987664705940000,73.0,1,73.0,7,73.1,34,2,2022-05-31 09:01:04
1653987664740169000,73.0,7,72.9,7,73.1,34,2,2022-05-31 09:01:04
1653987664757388000,73.1,1,72.9,7,73.1,33,1,2022-05-31 09:01:04
1653987665011268000,73.0,6,72.9,7,73.0,12,1,2022-05-31 09:01:05
1653987665022197000,73.0,1,72.9,7,73.0,11,1,2022-05-31 09:01:05
1653987665114590000,72.9,7,72.8,8,72.9,3,2,2022-05-31 09:01:05
1653987665733361000,72.9,1,72.8,8,72.9,9,1,2022-05-31 09:01:05
1653987665744800000,72.8,1,72.8,7,72.9,11,2,2022-05-31 09:01:05
1653987665988890000,72.8,1,72.8,6,72.9,11,2,2022-05-31 09:01:05
1653987666171649000,72.9,1,72.8,5,72.9,11,1,2022-05-31 09:01:06
1653987666311323000,72.9,1,72.8,5,72.9,10,1,2022-05-31 09:01:06
1653987666586236000,72.8,5,72.4,8,72.9,10,2,2022-05-31 09:01:06
1653987666586236000,72.7,5,72.4,8,72.9,10,2,2022-05-31 09:01:06
1653987666586236000,72.6,7,72.4,8,72.9,10,2,2022-05-31 09:01:06
1653987666586236000,72.5,9,72.4,8,72.9,10,2,2022-05-31 09:01:06
1653987666586236000,72.4,14,72.4,8,72.9,10,2,2022-05-31 09:01:06
1653987666943537000,72.5,2,72.5,1,72.8,10,2,2022-05-31 09:01:06
1653987667197393000,72.8,2,72.5,1,72.8,13,1,2022-05-31 09:01:07
1653987667414958000,72.8,1,72.5,1,72.8,17,1,2022-05-31 09:01:07
1653987667558030000,72.8,2,72.5,1,72.8,15,1,2022-05-31 09:01:07
1653987667671516000,72.8,1,72.5,3,72.8,14,1,2022-05-31 09:01:07
1653987668153894000,72.7,1,72.6,3,72.7,8,1,2022-05-31 09:01:08
1653987668738118000,72.6,1,72.6,2,72.7,10,2,2022-05-31 09:01:08
1653987669054083000,72.6,1,72.6,1,72.7,10,2,2022-05-31 09:01:09
1653987669325797000,72.6,1,72.5,6,72.7,10,2,2022-05-31 09:01:09
1653987669325797000,72.5,1,72.5,6,72.7,10,2,2022-05-31 09:01:09
1653987669607287000,72.5,1,72.5,6,72.7,10,2,2022-05-31 09:01:09
1653987669630215000,72.5,1,72.5,5,72.7,10,2,2022-05-31 09:01:09
1653987669732524000,72.5,1,72.5,4,72.7,10,2,2022-05-31 09:01:09
1653987669964327000,72.5,4,72.4,13,72.5,1,2,2022-05-31 09:01:09
1653987669996132000,72.4,1,72.4,10,72.5,1,2,2022-05-31 09:01:09
1653987670026519000,72.4,3,72.4,7,72.5,1,2,2022-05-31 09:01:10
1653987670151975000,72.5,1,72.4,7,72.6,1,1,2022-05-31 09:01:10
1653987670599634000,72.4,1,72.4,7,72.5,5,2,2022-05-31 09:01:10
1653987670670847000,72.5,3,72.4,7,72.5,2,1,2022-05-31 09:01:10
1653987670699971000,72.5,2,72.4,7,72.6,1,1,2022-05-31 09:01:10
1653987670812227000,72.4,1,72.4,6,72.6,6,2,2022-05-31 09:01:10
1653987670834930000,72.4,6,72.3,5,72.6,6,2,2022-05-31 09:01:10
1653987671080814000,72.6,1,72.3,5,72.6,5,1,2022-05-31 09:01:11
1653987671163185000,72.6,5,72.3,5,72.7,8,1,2022-05-31 09:01:11
1653987671832568000,72.5,1,72.4,1,72.5,2,1,2022-05-31 09:01:11
1653987671869605000,72.5,2,72.4,1,72.6,2,1,2022-05-31 09:01:11
1653987672478859000,72.6,2,72.5,1,72.7,12,1,2022-05-31 09:01:12
1653987672491046000,72.7,1,72.5,1,72.7,11,1,2022-05-31 09:01:12
1653987672497489000,72.5,1,72.4,1,72.7,11,2,2022-05-31 09:01:12
1653987672554011000,72.4,1,72.3,5,72.7,11,2,2022-05-31 09:01:12
1653987672573434000,72.3,3,72.3,2,72.7,11,2,2022-05-31 09:01:12
1653987672653608000,72.4,5,72.3,2,72.4,5,1,2022-05-31 09:01:12
1653987672653610000,72.4,5,72.3,2,72.6,1,1,2022-05-31 09:01:12
1653987673008673000,72.4,2,72.4,1,72.5,3,2,2022-05-31 09:01:13
1653987673009682000,72.5,3,72.6,7,72.7,5,1,2022-05-31 09:01:13
1653987673009682000,72.6,1,72.6,7,72.7,5,1,2022-05-31 09:01:13
1653987673030683000,72.6,1,72.6,6,72.7,5,2,2022-05-31 09:01:13
1653987673139783000,72.6,5,72.6,1,72.7,3,2,2022-05-31 09:01:13
1653987673162676000,72.6,1,72.5,3,72.7,3,2,2022-05-31 09:01:13
1653987673405894000,72.7,3,72.5,5,72.8,20,1,2022-05-31 09:01:13
1653987673405894000,72.8,2,72.5,5,72.8,20,1,2022-05-31 09:01:13
1653987673495733000,72.5,1,72.5,4,72.7,1,2,2022-05-31 09:01:13
1653987673805903000,72.5,1,72.5,3,72.6,1,2,2022-05-31 09:01:13
1653987674879613000,72.5,1,72.5,2,72.6,1,2,2022-05-31 09:01:14
1653987675189013000,72.5,1,72.5,3,72.6,1,2,2022-05-31 09:01:15
1653987675266153000,72.6,1,72.5,3,72.7,2,1,2022-05-31 09:01:15
1653987675271213000,72.5,1,72.5,2,72.7,2,2,2022-05-31 09:01:15
1653987675378901000,72.6,1,72.5,2,72.7,2,2,2022-05-31 09:01:15
1653987675589099000,72.7,2,72.5,2,72.8,12,1,2022-05-31 09:01:15
1653987675589099000,72.8,3,72.5,2,72.8,12,1,2022-05-31 09:01:15
1653987675713996000,72.5,3,72.5,1,72.7,1,2,2022-05-31 09:01:15
1653987676595363000,72.6,1,72.6,2,72.7,1,1,2022-05-31 09:01:16
1653987676622554000,72.6,2,72.4,9,72.7,1,2,2022-05-31 09:01:16
1653987676622554000,72.5,2,72.4,9,72.7,1,2,2022-05-31 09:01:16
1653987676622554000,72.4,6,72.4,9,72.7,1,2,2022-05-31 09:01:16
1653987677187016000,72.6,1,72.5,2,72.7,4,1,2022-05-31 09:01:17
1653987677279707000,72.6,1,72.5,2,72.7,4,2,2022-05-31 09:01:17
1653987677716251000,72.5,1,72.5,2,72.7,4,2,2022-05-31 09:01:17
1653987677992000000,72.5,1,72.5,11,72.7,4,2,2022-05-31 09:01:17
1653987678166888000,72.6,2,72.5,19,72.7,4,2,2022-05-31 09:01:18
1653987678166888000,72.5,3,72.5,19,72.7,4,2,2022-05-31 09:01:18
1653987678598664000,72.7,1,72.6,2,72.7,3,1,2022-05-31 09:01:18
1653987678617650000,72.7,3,72.6,2,72.8,15,1,2022-05-31 09:01:18
1653987678769904000,72.6,1,72.6,1,72.8,15,2,2022-05-31 09:01:18
1653987678852749000,72.6,1,72.5,58,72.6,2,2,2022-05-31 09:01:18
1653987678880612000,72.6,2,72.5,58,72.8,15,1,2022-05-31 09:01:18
1653987679467238000,72.6,2,72.5,61,72.8,15,2,2022-05-31 09:01:19
1653987679467238000,72.5,3,72.5,61,72.8,15,2,2022-05-31 09:01:19
1653987679544180000,72.8,1,72.5,61,72.8,14,1,2022-05-31 09:01:19
1653987679675417000,72.5,1,72.5,60,72.8,14,2,2022-05-31 09:01:19
1653987679750129000,72.8,5,72.5,60,72.8,9,1,2022-05-31 09:01:19
1653987679909480000,72.6,1,72.5,60,72.8,9,2,2022-05-31 09:01:19
1653987680015803000,72.5,5,72.5,55,72.8,9,2,2022-05-31 09:01:20
1653987680134464000,72.6,1,72.5,55,72.8,9,1,2022-05-31 09:01:20
1653987681077865000,72.6,1,72.5,57,72.8,13,1,2022-05-31 09:01:21
1653987682015662000,72.6,2,72.5,62,72.7,3,1,2022-05-31 09:01:22
1653987682302986000,72.6,1,72.5,63,72.7,3,1,2022-05-31 09:01:22
1653987682561932000,72.7,1,72.6,1,72.7,2,1,2022-05-31 09:01:22
1653987682599128000,72.7,2,72.6,1,72.8,13,1,2022-05-31 09:01:22
1653987683399255000,72.6,2,72.6,3,72.8,13,2,2022-05-31 09:01:23
1653987683558078000,72.6,1,72.6,2,72.8,13,2,2022-05-31 09:01:23
1653987684480006000,72.6,1,72.6,20,72.8,15,2,2022-05-31 09:01:24
1653987684780014000,72.7,5,72.6,20,72.8,20,1,2022-05-31 09:01:24
1653987685056331000,72.6,1,72.6,19,72.8,20,2,2022-05-31 09:01:25
1653987686339288000,72.8,1,72.7,44,72.8,18,1,2022-05-31 09:01:26
1653987686390418000,72.8,2,72.7,44,72.8,16,1,2022-05-31 09:01:26
1653987686849588000,72.8,3,72.7,46,72.8,11,1,2022-05-31 09:01:26
1653987686880133000,72.8,11,72.7,47,72.9,5,1,2022-05-31 09:01:26
1653987687468530000,72.9,1,72.8,2,72.9,3,1,2022-05-31 09:01:27
1653987687495237000,72.9,1,72.8,2,72.9,2,1,2022-05-31 09:01:27
1653987687539457000,72.9,2,72.8,2,73.0,28,1,2022-05-31 09:01:27
1653987687549735000,73.0,1,72.8,2,73.0,27,1,2022-05-31 09:01:27
1653987687811219000,72.9,2,72.8,7,73.0,27,1,2022-05-31 09:01:27
1653987688043272000,72.8,3,72.8,15,73.0,27,2,2022-05-31 09:01:28
1653987688085585000,73.0,1,72.8,14,73.0,26,1,2022-05-31 09:01:28
1653987688404206000,72.8,1,72.8,14,72.9,4,2,2022-05-31 09:01:28
1653987688415689000,72.9,4,72.8,18,73.0,26,1,2022-05-31 09:01:28
1653987689668342000,72.9,1,72.8,29,73.0,32,1,2022-05-31 09:01:29
1653987689861253000,73.0,1,72.8,29,73.0,31,1,2022-05-31 09:01:29
1653987690052384000,73.0,1,72.8,19,73.0,30,1,2022-05-31 09:01:30
1653987690286353000,73.0,1,72.8,19,73.0,29,1,2022-05-31 09:01:30
1653987690507859000,72.8,3,72.8,16,72.9,1,2,2022-05-31 09:01:30
1653987690916435000,72.9,1,72.8,16,73.0,29,1,2022-05-31 09:01:30
1653987691170837000,72.9,1,72.8,17,73.0,29,2,2022-05-31 09:01:31
1653987691170837000,72.8,1,72.8,17,73.0,29,2,2022-05-31 09:01:31
1653987691171676000,73.0,29,72.8,17,73.1,12,1,2022-05-31 09:01:31
1653987691187401000,72.8,2,72.8,15,73.1,12,2,2022-05-31 09:01:31
1653987691212192000,72.9,1,72.8,16,73.1,12,1,2022-05-31 09:01:31
1653987691233410000,72.8,2,72.8,14,73.1,12,2,2022-05-31 09:01:31
1653987691432244000,73.1,2,72.8,20,73.1,10,1,2022-05-31 09:01:31
1653987692113000000,73.1,1,72.8,20,73.1,14,1,2022-05-31 09:01:32
1653987692440249000,72.8,1,72.8,20,73.0,3,2,2022-05-31 09:01:32
1653987692568868000,72.8,15,72.8,4,72.9,4,2,2022-05-31 09:01:32
1653987692667535000,72.9,3,72.8,4,72.9,2,1,2022-05-31 09:01:32
1653987692910251000,72.9,1,72.9,1,73.0,7,1,2022-05-31 09:01:32
1653987693010398000,72.9,2,72.8,9,73.0,10,2,2022-05-31 09:01:33
1653987693192593000,73.0,3,72.9,1,73.0,8,1,2022-05-31 09:01:33
1653987693318736000,72.9,1,72.8,9,72.9,7,2,2022-05-31 09:01:33
1653987693488476000,72.9,1,72.8,9,72.9,7,1,2022-05-31 09:01:33
1653987693638337000,72.9,1,72.8,14,72.9,5,1,2022-05-31 09:01:33
1653987693685065000,72.9,1,72.8,14,72.9,4,1,2022-05-31 09:01:33
1653987693712186000,72.9,2,72.8,14,72.9,2,1,2022-05-31 09:01:33
1653987694010461000,72.9,2,72.8,18,73.0,9,1,2022-05-31 09:01:34
1653987694304807000,72.9,2,72.8,18,72.9,1,1,2022-05-31 09:01:34
1653987694522559000,72.9,1,72.8,20,72.9,5,1,2022-05-31 09:01:34
1653987694568403000,72.8,3,72.8,17,72.9,5,2,2022-05-31 09:01:34
1653987695621739000,72.8,15,72.8,6,72.9,5,2,2022-05-31 09:01:35
1653987695653924000,72.8,1,72.8,5,72.9,11,2,2022-05-31 09:01:35
1653987695715790000,72.8,2,72.8,3,72.9,12,2,2022-05-31 09:01:35
1653987695834550000,72.9,1,72.8,3,72.9,11,1,2022-05-31 09:01:35
1653987695846266000,72.9,5,72.8,3,72.9,6,1,2022-05-31 09:01:35
1653987695962056000,72.9,1,72.8,3,72.9,4,1,2022-05-31 09:01:35
1653987695964096000,72.9,1,72.8,3,72.9,3,1,2022-05-31 09:01:35
1653987696000099000,72.8,3,72.7,58,72.9,2,2,2022-05-31 09:01:36
1653987696203454000,72.9,1,72.8,6,72.9,3,1,2022-05-31 09:01:36
1653987696264685000,72.9,2,72.9,3,73.0,15,1,2022-05-31 09:01:36
1653987696626288000,72.9,3,72.8,12,73.0,15,2,2022-05-31 09:01:36
1653987696759536000,72.9,5,72.8,13,72.9,13,1,2022-05-31 09:01:36
1653987697008852000,72.9,1,72.8,13,72.9,17,1,2022-05-31 09:01:37
1653987697524314000,72.8,2,72.8,12,72.9,20,2,2022-05-31 09:01:37
1653987697626669000,72.9,1,72.8,12,72.9,19,1,2022-05-31 09:01:37
1653987697839655000,72.9,1,72.8,12,72.9,18,1,2022-05-31 09:01:37
1653987697879343000,72.8,1,72.8,11,72.9,18,2,2022-05-31 09:01:37
1653987697948467000,72.9,1,72.8,11,72.9,17,1,2022-05-31 09:01:37
1653987697981264000,72.8,1,72.8,10,72.9,17,2,2022-05-31 09:01:37
1653987698001569000,72.9,1,72.8,10,72.9,16,1,2022-05-31 09:01:38
1653987698098101000,72.9,5,72.8,10,72.9,11,1,2022-05-31 09:01:38
1653987698216870000,72.8,1,72.8,9,72.9,16,2,2022-05-31 09:01:38
1653987698345565000,72.8,1,72.8,8,72.9,16,2,2022-05-31 09:01:38
1653987698370748000,72.9,1,72.8,8,72.9,15,1,2022-05-31 09:01:38
1653987698769340000,72.9,1,72.8,18,72.9,14,1,2022-05-31 09:01:38
1653987699137655000,72.9,14,72.8,20,73.0,18,1,2022-05-31 09:01:39
1653987699288378000,72.9,1,72.8,21,72.9,7,1,2022-05-31 09:01:39
1653987699404292000,72.9,1,72.8,21,72.9,6,1,2022-05-31 09:01:39
1653987699749441000,72.9,1,72.8,22,72.9,5,1,2022-05-31 09:01:39
1653987699958087000,72.9,1,72.8,23,72.9,4,1,2022-05-31 09:01:39
1653987699982504000,72.9,4,72.8,23,73.0,18,1,2022-05-31 09:01:39
1653987700294576000,72.9,2,72.8,27,72.9,5,1,2022-05-31 09:01:40
1653987700343972000,72.9,1,72.8,27,72.9,4,1,2022-05-31 09:01:40
1653987700547633000,72.9,4,72.8,28,73.0,16,1,2022-05-31 09:01:40
1653987700547633000,73.0,2,72.8,28,73.0,16,1,2022-05-31 09:01:40
1653987701147857000,73.0,1,72.8,28,73.0,15,1,2022-05-31 09:01:41
1653987701218142000,73.0,10,72.8,29,73.0,5,1,2022-05-31 09:01:41
1653987701501529000,73.0,1,72.9,3,73.0,6,1,2022-05-31 09:01:41
1653987702015346000,73.0,1,72.9,4,73.0,6,1,2022-05-31 09:01:42
1653987702428239000,73.0,6,72.9,9,73.1,13,1,2022-05-31 09:01:42
1653987703172510000,73.0,1,72.9,6,73.1,13,2,2022-05-31 09:01:43
1653987703172510000,72.9,9,72.9,6,73.1,13,2,2022-05-31 09:01:43
1653987703375593000,73.1,10,72.9,6,73.1,3,1,2022-05-31 09:01:43
1653987703414015000,73.1,3,72.9,7,73.2,9,1,2022-05-31 09:01:43
1653987703681151000,73.2,1,72.9,8,73.2,8,1,2022-05-31 09:01:43
1653987703855003000,73.0,3,72.9,9,73.2,13,1,2022-05-31 09:01:43
1653987704322476000,73.0,2,72.9,10,73.2,13,1,2022-05-31 09:01:44
1653987704716230000,73.0,1,72.9,12,73.2,14,2,2022-05-31 09:01:44
1653987705459286000,73.1,1,73.0,5,73.2,13,1,2022-05-31 09:01:45
1653987705459286000,73.2,1,73.0,5,73.2,13,1,2022-05-31 09:01:45
1653987705473133000,73.2,13,73.2,7,73.3,4,1,2022-05-31 09:01:45
1653987706380202000,73.2,1,73.2,6,73.3,7,2,2022-05-31 09:01:46
1653987707042727000,73.3,1,73.2,8,73.3,6,1,2022-05-31 09:01:47
1653987707373601000,73.2,1,73.2,17,73.3,6,2,2022-05-31 09:01:47
1653987707577833000,73.2,1,73.2,16,73.3,6,2,2022-05-31 09:01:47
1653987708295950000,73.3,1,73.2,16,73.3,8,1,2022-05-31 09:01:48
1653987708340114000,73.2,6,73.2,10,73.3,8,2,2022-05-31 09:01:48
1653987708425290000,73.2,1,73.2,9,73.3,9,2,2022-05-31 09:01:48
1653987708455219000,73.2,1,73.2,8,73.3,9,2,2022-05-31 09:01:48
1653987708678943000,73.2,1,73.2,7,73.3,9,2,2022-05-31 09:01:48
1653987708742865000,73.2,5,73.2,2,73.3,9,2,2022-05-31 09:01:48
1653987708776100000,73.2,2,73.1,6,73.3,10,2,2022-05-31 09:01:48
1653987708794215000,73.3,2,73.1,6,73.3,8,1,2022-05-31 09:01:48
1653987709145440000,73.3,1,73.1,6,73.3,6,1,2022-05-31 09:01:49
1653987709412295000,73.3,5,73.2,1,73.3,1,1,2022-05-31 09:01:49
1653987709472479000,73.2,1,73.1,6,73.4,7,2,2022-05-31 09:01:49
1653987709787230000,73.4,3,73.1,6,73.4,10,1,2022-05-31 09:01:49
1653987710111044000,73.2,10,73.1,6,73.3,5,2,2022-05-31 09:01:50
1653987710462905000,73.3,1,73.2,2,73.3,6,1,2022-05-31 09:01:50
1653987710472628000,73.2,2,73.1,6,73.2,3,2,2022-05-31 09:01:50
1653987710849100000,73.2,2,73.1,6,73.2,5,1,2022-05-31 09:01:50
1653987711140280000,73.2,5,73.1,6,73.3,2,1,2022-05-31 09:01:51
1653987711617217000,73.2,1,73.1,6,73.3,2,2,2022-05-31 09:01:51
1653987711724653000,73.3,1,73.2,1,73.3,2,1,2022-05-31 09:01:51
1653987711731878000,73.2,1,73.1,6,73.3,2,2,2022-05-31 09:01:51
1653987711875753000,73.4,5,73.2,1,73.4,4,1,2022-05-31 09:01:51
1653987711985991000,73.4,3,73.2,1,73.5,13,1,2022-05-31 09:01:51
1653987712121549000,73.5,1,73.2,1,73.5,13,1,2022-05-31 09:01:52
1653987712464919000,73.4,1,73.2,3,73.5,7,1,2022-05-31 09:01:52
1653987712464919000,73.5,9,73.2,3,73.5,7,1,2022-05-31 09:01:52
1653987712540569000,73.5,1,73.2,5,73.5,5,1,2022-05-31 09:01:52
1653987712792732000,73.3,2,73.2,10,73.4,1,2,2022-05-31 09:01:52
1653987712792732000,73.2,1,73.2,10,73.4,1,2,2022-05-31 09:01:52
1653987713249263000,73.2,2,73.2,8,73.4,1,2,2022-05-31 09:01:53
1653987713377021000,73.2,1,73.2,8,73.4,1,2,2022-05-31 09:01:53
1653987713579892000,73.4,1,73.3,2,73.5,5,1,2022-05-31 09:01:53
1653987713611669000,73.5,1,73.3,2,73.5,4,1,2022-05-31 09:01:53
1653987714040819000,73.3,2,73.2,12,73.4,1,2,2022-05-31 09:01:54
1653987714040819000,73.2,13,73.2,12,73.4,1,2,2022-05-31 09:01:54
1653987714336697000,73.4,1,73.3,1,73.4,3,1,2022-05-31 09:01:54
1653987714370470000,73.3,1,73.2,14,73.4,3,2,2022-05-31 09:01:54
1653987714645682000,73.2,5,73.2,9,73.3,2,2,2022-05-31 09:01:54
1653987715267386000,73.3,1,73.2,17,73.3,3,1,2022-05-31 09:01:55
1653987715301193000,73.2,3,73.2,14,73.3,3,2,2022-05-31 09:01:55
1653987715302006000,73.3,1,73.2,14,73.3,2,1,2022-05-31 09:01:55
1653987715385660000,73.2,2,73.2,12,73.3,2,2,2022-05-31 09:01:55
1653987715483601000,73.2,1,73.2,11,73.3,2,2,2022-05-31 09:01:55
1653987715663322000,73.2,1,73.2,10,73.3,2,2,2022-05-31 09:01:55
1653987715789509000,73.2,1,73.2,9,73.3,2,2,2022-05-31 09:01:55
1653987715905010000,73.2,1,73.2,9,73.3,2,2,2022-05-31 09:01:55
1653987716009529000,73.2,1,73.2,8,73.3,2,2,2022-05-31 09:01:56
1653987716065968000,73.2,3,73.2,5,73.3,3,2,2022-05-31 09:01:56
1653987716175607000,73.2,5,73.1,9,73.2,5,2,2022-05-31 09:01:56
1653987716415003000,73.2,1,73.1,10,73.2,4,1,2022-05-31 09:01:56
1653987716712965000,73.2,1,73.1,10,73.2,4,1,2022-05-31 09:01:56
1653987716807814000,73.2,1,73.1,10,73.2,3,1,2022-05-31 09:01:56
1653987716903324000,73.2,1,73.1,10,73.2,2,1,2022-05-31 09:01:56
1653987716918072000,73.2,1,73.1,10,73.2,1,1,2022-05-31 09:01:56
1653987716936881000,73.2,1,73.3,8,73.4,6,1,2022-05-31 09:01:56
1653987716936881000,73.3,4,73.3,8,73.4,6,1,2022-05-31 09:01:56
1653987716975149000,73.3,1,73.3,12,73.4,6,2,2022-05-31 09:01:56
1653987716983890000,73.3,1,73.3,11,73.4,6,2,2022-05-31 09:01:56
1653987717014175000,73.3,1,73.3,10,73.4,6,2,2022-05-31 09:01:57
1653987717168378000,73.3,1,73.3,9,73.4,8,2,2022-05-31 09:01:57
1653987717222788000,73.4,2,73.3,9,73.4,6,1,2022-05-31 09:01:57
1653987717261239000,73.3,1,73.3,8,73.4,5,2,2022-05-31 09:01:57
1653987717401029000,73.3,1,73.3,7,73.4,5,2,2022-05-31 09:01:57
1653987717453736000,73.4,3,73.3,7,73.4,3,1,2022-05-31 09:01:57
1653987717582350000,73.3,1,73.3,6,73.4,2,2,2022-05-31 09:01:57
1653987717618582000,73.3,6,73.2,6,73.3,5,2,2022-05-31 09:01:57
1653987717709793000,73.2,1,73.2,7,73.3,5,2,2022-05-31 09:01:57
1653987717711709000,73.2,2,73.2,5,73.3,5,2,2022-05-31 09:01:57
1653987717746440000,73.2,1,73.2,4,73.3,5,2,2022-05-31 09:01:57
1653987717748241000,73.2,1,73.2,3,73.3,5,2,2022-05-31 09:01:57
1653987717900926000,73.2,1,73.2,2,73.3,6,2,2022-05-31 09:01:57
1653987718033978000,73.3,1,73.2,7,73.3,5,1,2022-05-31 09:01:58
1653987718143744000,73.2,1,73.2,6,73.3,5,2,2022-05-31 09:01:58
1653987718211564000,73.3,2,73.2,6,73.3,3,1,2022-05-31 09:01:58
1653987718773989000,73.2,1,73.2,5,73.3,3,2,2022-05-31 09:01:58
1653987718807989000,73.2,3,73.2,2,73.3,3,2,2022-05-31 09:01:58
1653987719483796000,73.3,1,73.2,11,73.3,2,1,2022-05-31 09:01:59
1653987719547526000,73.3,1,73.2,12,73.3,1,1,2022-05-31 09:01:59
1653987719593489000,73.3,1,73.2,12,73.4,6,1,2022-05-31 09:01:59
1653987719593489000,73.4,1,73.2,12,73.4,6,1,2022-05-31 09:01:59
1653987719960797000,73.2,1,73.2,11,73.4,6,2,2022-05-31 09:01:59
1653987720170568000,73.2,1,73.2,28,73.4,6,2,2022-05-31 09:02:00
1653987720546077000,73.2,4,73.2,27,73.3,1,2,2022-05-31 09:02:00
1653987720779267000,73.2,7,73.2,22,73.3,1,2,2022-05-31 09:02:00
1653987720922218000,73.3,1,73.2,22,73.4,10,1,2022-05-31 09:02:00
1653987721434592000,73.4,5,73.2,24,73.4,5,1,2022-05-31 09:02:01
1653987721796380000,73.2,1,73.2,28,73.4,5,2,2022-05-31 09:02:01
1653987721843311000,73.2,1,73.2,29,73.4,5,2,2022-05-31 09:02:01
1653987722303301000,73.4,1,73.2,35,73.4,4,1,2022-05-31 09:02:02
1653987722934112000,73.3,4,73.2,38,73.3,1,2,2022-05-31 09:02:02
1653987723138611000,73.3,2,73.2,38,73.4,2,1,2022-05-31 09:02:03
1653987723138611000,73.4,8,73.2,38,73.4,2,1,2022-05-31 09:02:03
1653987723186146000,73.3,1,73.3,1,73.4,2,2,2022-05-31 09:02:03
1653987723673776000,73.4,2,73.3,2,73.5,6,1,2022-05-31 09:02:03
1653987723673776000,73.5,3,73.3,2,73.5,6,1,2022-05-31 09:02:03
1653987723741462000,73.5,1,73.3,2,73.5,5,1,2022-05-31 09:02:03
1653987723813707000,73.3,1,73.3,1,73.5,5,2,2022-05-31 09:02:03
1653987723967348000,73.3,1,73.2,40,73.5,5,2,2022-05-31 09:02:03
1653987724612980000,73.2,10,73.2,41,73.4,2,2,2022-05-31 09:02:04
1653987724711284000,73.3,2,73.2,42,73.4,2,1,2022-05-31 09:02:04
1653987725584134000,73.2,1,73.2,44,73.4,4,2,2022-05-31 09:02:05
1653987725726688000,73.4,5,73.2,44,73.4,1,1,2022-05-31 09:02:05
1653987726057745000,73.4,1,73.2,44,73.5,7,1,2022-05-31 09:02:06
1653987726057745000,73.5,1,73.2,44,73.5,7,1,2022-05-31 09:02:06
1653987726115949000,73.2,1,73.2,43,73.5,7,2,2022-05-31 09:02:06
1653987726628642000,73.3,1,73.3,2,73.4,1,1,2022-05-31 09:02:06
1653987726883346000,73.4,1,73.3,2,73.5,8,1,2022-05-31 09:02:06
1653987727178630000,73.3,2,73.2,41,73.4,1,2,2022-05-31 09:02:07
1653987727560298000,73.2,1,73.2,50,73.5,8,2,2022-05-31 09:02:07
1653987727903124000,73.2,5,73.2,45,73.5,10,2,2022-05-31 09:02:07
1653987727983692000,73.3,1,73.2,45,73.3,2,2,2022-05-31 09:02:07
1653987728164436000,73.2,5,73.2,54,73.3,2,2,2022-05-31 09:02:08
1653987728646312000,73.3,1,73.2,55,73.3,1,1,2022-05-31 09:02:08
1653987729035431000,73.3,1,73.2,56,73.4,2,1,2022-05-31 09:02:09
1653987729639596000,73.3,2,73.2,59,73.3,1,1,2022-05-31 09:02:09
1653987730259922000,73.3,1,73.2,61,73.3,1,1,2022-05-31 09:02:10
1653987730398912000,73.3,1,73.3,2,73.4,12,1,2022-05-31 09:02:10
1653987730448913000,73.3,1,73.3,1,73.4,12,2,2022-05-31 09:02:10
1653987730827148000,73.3,1,73.2,61,73.3,4,2,2022-05-31 09:02:10
1653987730832019000,73.3,1,73.2,61,73.3,3,1,2022-05-31 09:02:10
1653987730969480000,73.3,1,73.2,71,73.3,22,1,2022-05-31 09:02:10
1653987731430604000,73.3,1,73.2,74,73.3,21,1,2022-05-31 09:02:11
1653987731446972000,73.3,1,73.2,74,73.3,20,1,2022-05-31 09:02:11
1653987731573017000,73.3,1,73.2,74,73.3,19,1,2022-05-31 09:02:11
1653987731822119000,73.2,5,73.2,69,73.3,32,2,2022-05-31 09:02:11
1653987731851030000,73.2,1,73.2,68,73.3,33,2,2022-05-31 09:02:11
1653987732022969000,73.2,3,73.2,65,73.3,32,2,2022-05-31 09:02:12
1653987732059530000,73.2,1,73.2,65,73.3,33,2,2022-05-31 09:02:12
1653987732186273000,73.3,20,73.2,65,73.3,13,1,2022-05-31 09:02:12
1653987732218688000,73.2,10,73.2,55,73.3,12,2,2022-05-31 09:02:12
1653987732460569000,73.2,10,73.2,45,73.3,12,2,2022-05-31 09:02:12
1653987732539315000,73.2,10,73.2,35,73.3,12,2,2022-05-31 09:02:12
1653987732576716000,73.2,1,73.2,34,73.3,13,2,2022-05-31 09:02:12
1653987732672358000,73.2,2,73.2,32,73.3,13,2,2022-05-31 09:02:12
1653987732717873000,73.2,10,73.2,22,73.3,13,2,2022-05-31 09:02:12
1653987732719044000,73.3,5,73.2,22,73.3,8,1,2022-05-31 09:02:12
1653987732745587000,73.2,10,73.2,12,73.3,9,2,2022-05-31 09:02:12
1653987732749489000,73.2,1,73.2,11,73.3,9,2,2022-05-31 09:02:12
1653987732822856000,73.2,5,73.2,6,73.3,9,2,2022-05-31 09:02:12
1653987732832848000,73.2,1,73.2,5,73.3,14,2,2022-05-31 09:02:12
1653987732852670000,73.3,1,73.2,5,73.3,13,1,2022-05-31 09:02:12
1653987732865968000,73.2,4,73.2,1,73.3,13,2,2022-05-31 09:02:12
1653987732865983000,73.2,1,73.1,13,73.2,3,2,2022-05-31 09:02:12
1653987732929947000,73.2,1,73.1,13,73.2,18,1,2022-05-31 09:02:12
1653987733385993000,73.2,1,73.1,13,73.2,19,1,2022-05-31 09:02:13
1653987733520369000,73.1,2,73.1,3,73.2,33,2,2022-05-31 09:02:13
1653987733521360000,73.1,3,73.0,65,73.2,33,2,2022-05-31 09:02:13
1653987733684672000,73.2,4,73.0,70,73.2,30,1,2022-05-31 09:02:13
1653987733738591000,73.2,2,73.0,70,73.2,27,1,2022-05-31 09:02:13
1653987734120181000,73.1,6,73.0,70,73.1,7,1,2022-05-31 09:02:14
1653987734384889000,73.1,1,73.0,70,73.1,8,1,2022-05-31 09:02:14
1653987734645894000,73.1,1,73.0,70,73.1,14,1,2022-05-31 09:02:14
1653987734979011000,73.0,5,73.0,65,73.1,15,2,2022-05-31 09:02:14
1653987735136051000,73.0,1,73.0,64,73.1,15,2,2022-05-31 09:02:15
1653987735196586000,73.0,1,73.0,63,73.1,15,2,2022-05-31 09:02:15
1653987735428497000,73.0,1,73.0,62,73.1,13,2,2022-05-31 09:02:15
1653987735547445000,73.0,1,73.0,61,73.1,14,2,2022-05-31 09:02:15
1653987735656731000,73.0,1,73.0,59,73.1,14,2,2022-05-31 09:02:15
1653987735702051000,73.0,1,73.0,58,73.1,15,2,2022-05-31 09:02:15
1653987735749401000,73.0,1,73.0,57,73.1,15,2,2022-05-31 09:02:15
1653987735838385000,73.0,1,73.0,56,73.1,20,2,2022-05-31 09:02:15
1653987735865313000,73.1,2,73.0,56,73.1,18,1,2022-05-31 09:02:15
1653987735880142000,73.0,1,73.0,55,73.1,18,2,2022-05-31 09:02:15
1653987735891429000,73.0,1,73.0,54,73.1,18,2,2022-05-31 09:02:15
1653987735906400000,73.0,1,73.0,53,73.1,18,2,2022-05-31 09:02:15
1653987735974814000,73.1,1,73.0,53,73.1,17,1,2022-05-31 09:02:15
1653987735999678000,73.0,1,73.0,52,73.1,17,2,2022-05-31 09:02:15
1653987736065739000,73.0,1,73.0,52,73.1,17,2,2022-05-31 09:02:16
1653987736112851000,73.0,1,73.0,51,73.1,17,2,2022-05-31 09:02:16
1653987736224763000,73.0,1,73.0,50,73.1,18,2,2022-05-31 09:02:16
1653987736343882000,73.0,1,73.0,49,73.1,19,2,2022-05-31 09:02:16
1653987736390060000,73.0,1,73.0,48,73.1,19,2,2022-05-31 09:02:16
1653987736454435000,73.0,1,73.0,47,73.1,19,2,2022-05-31 09:02:16
1653987736633744000,73.0,1,73.0,46,73.1,19,2,2022-05-31 09:02:16
1653987736792797000,73.0,1,73.0,45,73.1,19,2,2022-05-31 09:02:16
1653987737589424000,73.0,1,73.0,49,73.1,16,2,2022-05-31 09:02:17
1653987737629713000,73.0,1,73.0,48,73.1,16,2,2022-05-31 09:02:17
1653987737825731000,73.0,3,73.0,45,73.1,17,2,2022-05-31 09:02:17
1653987737978712000,73.0,1,73.0,44,73.1,17,2,2022-05-31 09:02:17
1653987739167411000,73.1,24,73.0,45,73.2,14,1,2022-05-31 09:02:19
1653987739213947000,73.0,1,73.0,44,73.1,1,2,2022-05-31 09:02:19
1653987739241619000,73.1,1,73.0,44,73.2,14,1,2022-05-31 09:02:19
1653987739462636000,73.1,1,73.0,44,73.2,14,1,2022-05-31 09:02:19
1653987740068143000,73.1,1,73.0,44,73.2,14,2,2022-05-31 09:02:20
1653987740149121000,73.2,2,73.0,44,73.2,12,1,2022-05-31 09:02:20
1653987740232374000,73.1,2,73.0,44,73.2,12,1,2022-05-31 09:02:20
1653987740794086000,73.0,1,73.0,43,73.2,11,2,2022-05-31 09:02:20
1653987741446870000,73.0,3,73.0,41,73.1,3,2,2022-05-31 09:02:21
1653987741852389000,73.1,1,73.0,41,73.1,3,1,2022-05-31 09:02:21
1653987741855153000,73.1,1,73.0,41,73.1,2,1,2022-05-31 09:02:21
1653987741882383000,73.1,2,73.0,41,73.2,11,1,2022-05-31 09:02:21
1653987742503342000,73.0,5,73.0,47,73.1,6,2,2022-05-31 09:02:22
1653987743343885000,73.1,8,73.0,49,73.2,11,1,2022-05-31 09:02:23
1653987743404456000,73.1,1,73.0,49,73.2,11,1,2022-05-31 09:02:23
1653987743428700000,73.0,1,73.0,48,73.2,11,2,2022-05-31 09:02:23
1653987743687573000,73.0,1,73.0,47,73.1,1,2,2022-05-31 09:02:23
1653987744792517000,73.0,1,73.0,48,73.1,3,2,2022-05-31 09:02:24
1653987745064135000,73.1,3,73.1,2,73.2,10,1,2022-05-31 09:02:25
1653987745112907000,73.1,1,73.1,1,73.2,10,2,2022-05-31 09:02:25
1653987745553793000,73.2,10,73.1,1,73.2,2,1,2022-05-31 09:02:25
1653987745754470000,73.1,1,73.1,2,73.2,2,2,2022-05-31 09:02:25
1653987746284897000,73.1,2,73.0,50,73.1,6,2,2022-05-31 09:02:26
1653987746323145000,73.1,6,73.0,50,73.2,2,1,2022-05-31 09:02:26
1653987746637001000,73.2,1,73.0,50,73.2,1,1,2022-05-31 09:02:26
1653987746647217000,73.0,3,73.0,47,73.2,1,2,2022-05-31 09:02:26
1653987747219893000,73.0,1,73.0,58,73.2,1,2,2022-05-31 09:02:27
1653987747367908000,73.1,1,73.0,58,73.2,1,1,2022-05-31 09:02:27
1653987747749563000,73.0,3,73.0,55,73.2,2,2,2022-05-31 09:02:27
1653987748266330000,73.2,1,73.0,54,73.2,2,1,2022-05-31 09:02:28
1653987748881176000,73.2,1,73.0,56,73.2,1,1,2022-05-31 09:02:28
1653987749262775000,73.2,1,73.0,56,73.3,15,1,2022-05-31 09:02:29
1653987749262775000,73.3,2,73.0,56,73.3,15,1,2022-05-31 09:02:29
1653987749305724000,73.1,2,73.0,56,73.3,15,1,2022-05-31 09:02:29
1653987749478388000,73.3,1,73.2,1,73.3,17,1,2022-05-31 09:02:29
1653987749665075000,73.2,1,73.1,1,73.3,17,2,2022-05-31 09:02:29
1653987749878736000,73.1,1,73.0,52,73.3,18,2,2022-05-31 09:02:29
1653987749878736000,73.0,4,73.0,52,73.3,18,2,2022-05-31 09:02:29
1653987750157969000,73.3,1,73.0,52,73.3,17,1,2022-05-31 09:02:30
1653987750418606000,73.0,1,73.0,52,73.2,1,2,2022-05-31 09:02:30
1653987752163139000,73.1,1,73.1,5,73.2,6,2,2022-05-31 09:02:32
1653987753311445000,73.1,5,73.1,3,73.2,6,2,2022-05-31 09:02:33
1653987753761100000,73.1,1,73.1,2,73.2,6,2,2022-05-31 09:02:33
1653987754252234000,73.2,1,73.1,6,73.2,5,1,2022-05-31 09:02:34
1653987758354815000,73.1,1,73.1,9,73.2,74,2,2022-05-31 09:02:38
1653987758829543000,73.2,1,73.1,10,73.2,73,1,2022-05-31 09:02:38
1653987759541062000,73.1,1,73.1,9,73.2,12,2,2022-05-31 09:02:39
1653987759694071000,73.1,5,73.1,4,73.2,12,2,2022-05-31 09:02:39
1653987760368673000,73.1,2,73.1,4,73.2,13,2,2022-05-31 09:02:40
1653987760832925000,73.1,1,73.1,4,73.2,13,2,2022-05-31 09:02:40
1653987761072148000,73.1,1,73.1,3,73.2,13,2,2022-05-31 09:02:41
1653987761101123000,73.1,1,73.1,2,73.2,13,2,2022-05-31 09:02:41
1653987761214217000,73.2,1,73.1,2,73.2,12,1,2022-05-31 09:02:41
1653987761446819000,73.2,5,73.1,2,73.2,7,1,2022-05-31 09:02:41
1653987761924806000,73.1,2,73.1,1,73.2,7,2,2022-05-31 09:02:41
1653987761987566000,73.1,1,73.0,71,73.2,7,2,2022-05-31 09:02:41
1653987762910883000,73.1,1,73.0,70,73.2,7,1,2022-05-31 09:02:42
1653987763124099000,73.1,1,73.0,71,73.2,7,2,2022-05-31 09:02:43
1653987763231726000,73.0,3,73.0,68,73.2,7,2,2022-05-31 09:02:43
1653987763902692000,73.1,1,73.0,68,73.1,4,1,2022-05-31 09:02:43
1653987763908845000,73.1,1,73.0,68,73.1,3,1,2022-05-31 09:02:43
1653987764200910000,73.1,2,73.0,66,73.1,3,1,2022-05-31 09:02:44
1653987765264687000,73.1,1,73.0,72,73.1,5,1,2022-05-31 09:02:45
1653987766165972000,73.1,1,73.0,73,73.1,9,1,2022-05-31 09:02:46
1653987766210346000,73.1,9,73.0,73,73.2,7,1,2022-05-31 09:02:46
1653987766210346000,73.2,1,73.0,73,73.2,7,1,2022-05-31 09:02:46
1653987766843189000,73.1,3,73.1,17,73.2,7,2,2022-05-31 09:02:46
1653987766892822000,73.1,1,73.1,16,73.2,7,2,2022-05-31 09:02:46
1653987767069803000,73.2,1,73.1,16,73.2,9,1,2022-05-31 09:02:47
1653987767921702000,73.1,2,73.1,15,73.2,9,2,2022-05-31 09:02:47
1653987769600134000,73.1,1,73.1,17,73.2,10,2,2022-05-31 09:02:49
1653987769717927000,73.2,5,73.1,17,73.2,5,1,2022-05-31 09:02:49
1653987770115760000,73.1,1,73.1,16,73.2,5,2,2022-05-31 09:02:50
1653987770734676000,73.2,1,73.1,16,73.2,4,1,2022-05-31 09:02:50
1653987771065822000,73.2,4,73.2,6,73.3,14,1,2022-05-31 09:02:51
1653987771866453000,73.3,5,73.2,6,73.3,10,1,2022-05-31 09:02:51
1653987771907183000,73.3,10,73.2,6,73.4,16,1,2022-05-31 09:02:51
1653987772412281000,73.4,10,73.3,11,73.4,8,1,2022-05-31 09:02:52
1653987772445271000,73.4,8,73.3,12,73.5,24,1,2022-05-31 09:02:52
1653987772587418000,73.3,1,73.3,21,73.5,24,2,2022-05-31 09:02:52
1653987772601092000,73.5,1,73.3,21,73.5,23,1,2022-05-31 09:02:52
1653987772655698000,73.5,1,73.3,31,73.5,22,1,2022-05-31 09:02:52
1653987772656848000,73.5,1,73.3,31,73.5,21,1,2022-05-31 09:02:52
1653987772922367000,73.5,10,73.3,31,73.5,11,1,2022-05-31 09:02:52
1653987772938667000,73.3,1,73.3,30,73.5,11,2,2022-05-31 09:02:52
1653987772954779000,73.5,11,73.3,30,73.6,29,1,2022-05-31 09:02:52
1653987773543136000,73.3,2,73.3,19,73.6,29,2,2022-05-31 09:02:53
1653987773553454000,73.6,10,73.3,19,73.6,19,1,2022-05-31 09:02:53
1653987773742556000,73.4,1,73.3,19,73.6,14,2,2022-05-31 09:02:53
1653987774027200000,73.6,1,73.4,1,73.6,13,1,2022-05-31 09:02:54
1653987774589745000,73.6,2,73.4,1,73.6,11,1,2022-05-31 09:02:54
1653987774876074000,73.4,1,73.3,20,73.6,11,2,2022-05-31 09:02:54
1653987775157441000,73.4,1,73.3,1,73.5,2,2,2022-05-31 09:02:55
1653987775214994000,73.5,2,73.3,1,73.6,3,1,2022-05-31 09:02:55
1653987775214994000,73.6,8,73.3,1,73.6,3,1,2022-05-31 09:02:55
1653987776833343000,73.6,1,73.4,2,73.6,2,1,2022-05-31 09:02:56
1653987777826899000,73.5,1,73.4,41,73.6,3,1,2022-05-31 09:02:57
1653987778340588000,73.6,1,73.5,1,73.6,12,1,2022-05-31 09:02:58
1653987778546611000,73.6,12,73.5,1,73.7,10,1,2022-05-31 09:02:58
1653987779313514000,73.7,9,73.6,1,73.7,1,1,2022-05-31 09:02:59
1653987779499582000,73.7,1,73.6,2,73.8,21,1,2022-05-31 09:02:59
1653987779932057000,73.8,3,73.6,2,73.8,19,1,2022-05-31 09:02:59
1653987780071160000,73.6,1,73.6,1,73.8,19,2,2022-05-31 09:03:00
1653987780109932000,73.8,10,73.6,1,73.8,9,1,2022-05-31 09:03:00
1653987780590130000,73.6,1,73.6,1,73.7,4,2,2022-05-31 09:03:00
1653987780649211000,73.6,1,73.4,78,73.5,7,2,2022-05-31 09:03:00
1653987780649211000,73.5,2,73.4,78,73.5,7,2,2022-05-31 09:03:00
1653987780676894000,73.5,1,73.4,78,73.5,6,1,2022-05-31 09:03:00
1653987780677090000,73.5,6,73.4,78,73.7,4,1,2022-05-31 09:03:00
1653987781324608000,73.7,4,73.6,1,73.8,2,1,2022-05-31 09:03:01
1653987781521105000,73.7,1,73.6,1,73.8,2,1,2022-05-31 09:03:01
1653987782772224000,73.7,1,73.6,2,73.7,3,1,2022-05-31 09:03:02
1653987782883871000,73.7,1,73.6,2,73.7,2,1,2022-05-31 09:03:02
1653987782908365000,73.7,1,73.6,2,73.7,1,1,2022-05-31 09:03:02
1653987783204929000,73.6,2,73.5,6,73.6,1,2,2022-05-31 09:03:03
1653987783271604000,73.6,1,73.5,6,73.7,1,1,2022-05-31 09:03:03
1653987783454364000,73.7,3,73.5,6,73.9,41,1,2022-05-31 09:03:03
1653987783454364000,73.8,2,73.5,6,73.9,41,1,2022-05-31 09:03:03
1653987783454364000,73.9,1,73.5,6,73.9,41,1,2022-05-31 09:03:03
1653987783590233000,73.6,6,73.5,13,73.8,2,1,2022-05-31 09:03:03
1653987783764122000,73.7,1,73.5,13,73.8,3,2,2022-05-31 09:03:03
1653987784450786000,73.6,5,73.5,13,73.6,5,2,2022-05-31 09:03:04
1653987785054866000,73.6,1,73.5,14,73.6,5,1,2022-05-31 09:03:05
1653987785130138000,73.6,3,73.5,14,73.6,2,1,2022-05-31 09:03:05
1653987785537956000,73.5,1,73.5,9,73.6,13,2,2022-05-31 09:03:05
1653987785606191000,73.6,1,73.5,9,73.6,12,1,2022-05-31 09:03:05
1653987785733135000,73.6,1,73.5,9,73.6,11,1,2022-05-31 09:03:05
1653987786379861000,73.6,1,73.5,14,73.6,13,1,2022-05-31 09:03:06
1653987786558044000,73.5,12,73.5,2,73.6,13,2,2022-05-31 09:03:06
1653987786641126000,73.5,1,73.5,4,73.6,17,2,2022-05-31 09:03:06
1653987786727284000,73.6,10,73.5,4,73.6,7,1,2022-05-31 09:03:06
1653987786817887000,73.5,2,73.5,2,73.6,6,2,2022-05-31 09:03:06
1653987786915398000,73.5,1,73.5,1,73.6,7,2,2022-05-31 09:03:06
1653987786934314000,73.6,1,73.5,1,73.6,6,1,2022-05-31 09:03:06
1653987786957403000,73.6,1,73.5,1,73.6,5,1,2022-05-31 09:03:06
1653987787171746000,73.6,1,73.5,1,73.6,4,1,2022-05-31 09:03:07
1653987787295967000,73.6,3,73.6,2,73.7,15,1,2022-05-31 09:03:07
1653987787383919000,73.6,1,73.6,2,73.7,16,2,2022-05-31 09:03:07
1653987787657704000,73.6,1,73.6,1,73.7,16,2,2022-05-31 09:03:07
1653987787690500000,73.6,1,73.5,6,73.7,16,2,2022-05-31 09:03:07
1653987788210517000,73.6,1,73.5,7,73.6,6,1,2022-05-31 09:03:08
1653987788304133000,73.5,2,73.5,5,73.6,7,2,2022-05-31 09:03:08
1653987788494639000,73.6,2,73.5,5,73.6,5,1,2022-05-31 09:03:08
1653987788865336000,73.6,1,73.5,6,73.6,4,1,2022-05-31 09:03:08
1653987788970878000,73.5,2,73.5,7,73.6,4,2,2022-05-31 09:03:08
1653987789084279000,73.5,2,73.5,5,73.6,4,2,2022-05-31 09:03:09
1653987789206096000,73.6,1,73.5,5,73.6,3,1,2022-05-31 09:03:09
1653987789569672000,73.6,1,73.5,7,73.6,2,1,2022-05-31 09:03:09
1653987789789467000,73.6,1,73.5,7,73.6,1,1,2022-05-31 09:03:09
1653987790152922000,73.6,1,73.5,8,73.6,5,1,2022-05-31 09:03:10
1653987790327969000,73.6,1,73.5,8,73.6,4,1,2022-05-31 09:03:10
1653987790407172000,73.6,4,73.6,6,73.7,17,1,2022-05-31 09:03:10
1653987790977225000,73.6,5,73.6,2,73.7,17,2,2022-05-31 09:03:10
1653987791093424000,73.7,1,73.6,2,73.7,16,1,2022-05-31 09:03:11
1653987791209025000,73.6,1,73.6,1,73.7,16,2,2022-05-31 09:03:11
1653987791232867000,73.6,1,73.5,11,73.7,16,2,2022-05-31 09:03:11
1653987791245881000,73.5,1,73.5,10,73.7,16,2,2022-05-31 09:03:11
1653987791694228000,73.7,1,73.6,3,73.7,15,1,2022-05-31 09:03:11
1653987791845249000,73.6,1,73.6,2,73.7,15,2,2022-05-31 09:03:11
1653987792439328000,73.6,1,73.6,3,73.7,16,2,2022-05-31 09:03:12
1653987792849521000,73.6,2,73.6,1,73.7,16,2,2022-05-31 09:03:12
1653987793264229000,73.7,1,73.6,2,73.7,15,1,2022-05-31 09:03:13
1653987793377407000,73.6,1,73.6,1,73.7,15,2,2022-05-31 09:03:13
1653987793611352000,73.7,1,73.6,1,73.7,14,1,2022-05-31 09:03:13
1653987794084731000,73.7,1,73.6,3,73.7,13,1,2022-05-31 09:03:14
1653987794099951000,73.6,1,73.6,2,73.7,13,2,2022-05-31 09:03:14
1653987794367691000,73.6,2,73.6,2,73.7,13,2,2022-05-31 09:03:14
1653987794485566000,73.6,1,73.5,29,73.7,13,2,2022-05-31 09:03:14
1653987794825471000,73.5,1,73.5,28,73.7,14,2,2022-05-31 09:03:14
1653987795291159000,73.6,1,73.6,1,73.7,14,2,2022-05-31 09:03:15
1653987795416424000,73.6,1,73.5,30,73.7,14,2,2022-05-31 09:03:15
1653987796434540000,73.6,1,73.6,2,73.7,21,2,2022-05-31 09:03:16
1653987796765847000,73.6,1,73.6,1,73.7,21,2,2022-05-31 09:03:16
1653987797283839000,73.6,1,73.5,32,73.7,22,2,2022-05-31 09:03:17
1653987797524611000,73.6,1,73.5,32,73.6,2,2,2022-05-31 09:03:17
1653987798823833000,73.5,2,73.5,32,73.6,14,2,2022-05-31 09:03:18
1653987799169622000,73.6,1,73.5,32,73.6,20,1,2022-05-31 09:03:19
1653987799937546000,73.5,1,73.5,31,73.6,30,2,2022-05-31 09:03:19
1653987800198295000,73.6,1,73.5,31,73.6,30,1,2022-05-31 09:03:20
1653987800264008000,73.6,1,73.5,31,73.6,29,1,2022-05-31 09:03:20
1653987800699968000,73.6,1,73.5,31,73.6,28,1,2022-05-31 09:03:20
1653987800877428000,73.5,5,73.5,26,73.6,33,2,2022-05-31 09:03:20
1653987801278752000,73.5,10,73.5,16,73.6,38,2,2022-05-31 09:03:21
1653987801311980000,73.5,3,73.5,13,73.6,38,2,2022-05-31 09:03:21
1653987801312309000,73.5,13,73.4,79,73.6,38,2,2022-05-31 09:03:21
1653987801312632000,73.6,2,73.4,79,73.6,36,1,2022-05-31 09:03:21
1653987801433144000,73.5,1,73.4,79,73.5,9,1,2022-05-31 09:03:21
1653987801469826000,73.4,1,73.4,77,73.5,9,2,2022-05-31 09:03:21
1653987801503551000,73.5,1,73.4,77,73.5,8,1,2022-05-31 09:03:21
1653987801621289000,73.5,1,73.4,77,73.5,7,1,2022-05-31 09:03:21
1653987801744204000,73.4,1,73.4,76,73.5,8,2,2022-05-31 09:03:21
1653987801921758000,73.5,1,73.4,77,73.5,7,1,2022-05-31 09:03:21
1653987801957786000,73.4,1,73.4,76,73.5,7,2,2022-05-31 09:03:21
1653987802254863000,73.4,3,73.4,73,73.5,13,2,2022-05-31 09:03:22
1653987802634183000,73.5,1,73.4,73,73.5,14,1,2022-05-31 09:03:22
1653987803052356000,73.4,1,73.4,72,73.5,20,2,2022-05-31 09:03:23
1653987803329239000,73.5,2,73.4,72,73.5,18,1,2022-05-31 09:03:23
1653987803390186000,73.5,1,73.4,72,73.5,17,1,2022-05-31 09:03:23
1653987804027360000,73.4,1,73.4,73,73.5,18,2,2022-05-31 09:03:24
1653987804031129000,73.5,1,73.4,73,73.5,17,1,2022-05-31 09:03:24
1653987804330190000,73.4,1,73.4,72,73.5,22,2,2022-05-31 09:03:24
1653987804457474000,73.5,1,73.4,72,73.5,21,1,2022-05-31 09:03:24
1653987804549865000,73.4,4,73.4,68,73.5,41,2,2022-05-31 09:03:24
1653987804907205000,73.5,1,73.4,68,73.5,43,1,2022-05-31 09:03:24
1653987804947987000,73.4,1,73.4,68,73.5,43,2,2022-05-31 09:03:24
1653987805168797000,73.4,1,73.4,66,73.5,43,2,2022-05-31 09:03:25
1653987805226686000,73.4,1,73.4,65,73.5,43,2,2022-05-31 09:03:25
1653987805259395000,73.4,4,73.4,61,73.5,43,2,2022-05-31 09:03:25
1653987805757267000,73.5,1,73.4,61,73.5,48,1,2022-05-31 09:03:25
1653987805897937000,73.4,2,73.4,60,73.5,48,2,2022-05-31 09:03:25
1653987806517881000,73.4,20,73.4,40,73.5,56,2,2022-05-31 09:03:26
1653987806549732000,73.4,16,73.4,24,73.5,56,2,2022-05-31 09:03:26
1653987806780726000,73.4,2,73.4,22,73.5,56,2,2022-05-31 09:03:26
1653987806959068000,73.4,2,73.4,20,73.5,62,2,2022-05-31 09:03:26
1653987807117373000,73.5,1,73.4,20,73.5,61,1,2022-05-31 09:03:27
1653987807261813000,73.4,3,73.4,17,73.5,62,2,2022-05-31 09:03:27
1653987807292719000,73.4,10,73.4,7,73.5,62,2,2022-05-31 09:03:27
1653987807353150000,73.4,7,73.3,2,73.5,72,2,2022-05-31 09:03:27
1653987807353150000,73.3,3,73.3,2,73.5,72,2,2022-05-31 09:03:27
1653987807549729000,73.3,1,73.3,1,73.4,1,2,2022-05-31 09:03:27
1653987807781077000,73.3,1,73.2,43,73.4,3,2,2022-05-31 09:03:27
1653987807817936000,73.4,3,73.2,43,73.5,72,1,2022-05-31 09:03:27
1653987808141718000,73.2,2,73.2,41,73.4,10,2,2022-05-31 09:03:28
1653987808513761000,73.4,3,73.2,31,73.4,13,1,2022-05-31 09:03:28
1653987808808235000,73.4,2,73.2,31,73.4,15,1,2022-05-31 09:03:28
1653987809005531000,73.4,1,73.2,32,73.4,15,1,2022-05-31 09:03:29
1653987810258621000,73.2,2,73.2,30,73.3,11,2,2022-05-31 09:03:30
1653987810348220000,73.2,2,73.2,28,73.3,11,2,2022-05-31 09:03:30
1653987810414896000,73.2,1,73.2,27,73.3,11,2,2022-05-31 09:03:30
1653987810449838000,73.2,2,73.2,25,73.3,11,2,2022-05-31 09:03:30
1653987810543417000,73.2,2,73.2,18,73.3,11,2,2022-05-31 09:03:30
1653987810683836000,73.2,2,73.2,16,73.3,11,2,2022-05-31 09:03:30
1653987811017256000,73.2,2,73.2,14,73.3,11,2,2022-05-31 09:03:31
1653987811216434000,73.3,1,73.2,14,73.3,10,1,2022-05-31 09:03:31
1653987812012279000,73.3,1,73.2,13,73.3,11,1,2022-05-31 09:03:32
1653987812502362000,73.2,1,73.2,12,73.3,11,2,2022-05-31 09:03:32
1653987812611894000,73.2,1,73.2,11,73.3,11,2,2022-05-31 09:03:32
1653987812612143000,73.2,1,73.2,10,73.3,11,2,2022-05-31 09:03:32
1653987812612370000,73.2,4,73.2,6,73.3,11,2,2022-05-31 09:03:32
1653987812612586000,73.2,4,73.2,2,73.3,11,2,2022-05-31 09:03:32
1653987812612870000,73.2,2,73.1,38,73.3,11,2,2022-05-31 09:03:32
1653987812862689000,73.2,1,73.1,38,73.2,7,1,2022-05-31 09:03:32
1653987812893127000,73.2,1,73.1,38,73.2,6,1,2022-05-31 09:03:32
1653987812909724000,73.1,2,73.1,36,73.2,6,2,2022-05-31 09:03:32
1653987812909954000,73.1,3,73.1,33,73.2,6,2,2022-05-31 09:03:32
1653987812910134000,73.1,3,73.1,30,73.2,6,2,2022-05-31 09:03:32
1653987812910368000,73.1,1,73.1,29,73.2,6,2,2022-05-31 09:03:32
1653987812910621000,73.1,2,73.1,27,73.2,6,2,2022-05-31 09:03:32
1653987812910777000,73.1,1,73.1,26,73.2,6,2,2022-05-31 09:03:32
1653987812910988000,73.1,3,73.1,23,73.2,6,2,2022-05-31 09:03:32
1653987812911174000,73.1,2,73.1,21,73.2,6,2,2022-05-31 09:03:32
1653987812911454000,73.1,3,73.1,18,73.2,6,2,2022-05-31 09:03:32
1653987812925729000,73.2,6,73.1,18,73.3,11,1,2022-05-31 09:03:32
1653987812947288000,73.1,1,73.1,17,73.3,11,2,2022-05-31 09:03:32
1653987813057259000,73.1,4,73.1,14,73.2,2,2,2022-05-31 09:03:33
1653987813057934000,73.1,1,73.1,13,73.2,2,2,2022-05-31 09:03:33
1653987813058125000,73.1,3,73.1,10,73.2,2,2,2022-05-31 09:03:33
1653987813058330000,73.1,1,73.1,9,73.2,2,2,2022-05-31 09:03:33
1653987813058527000,73.1,3,73.1,6,73.2,2,2,2022-05-31 09:03:33
1653987813058799000,73.1,1,73.1,5,73.2,2,2,2022-05-31 09:03:33
1653987813058950000,73.1,1,73.1,4,73.2,2,2,2022-05-31 09:03:33
1653987813059140000,73.1,3,73.1,1,73.2,2,2,2022-05-31 09:03:33
1653987813059362000,73.1,1,73.0,100,73.1,2,2,2022-05-31 09:03:33
1653987813214204000,73.1,2,73.0,100,73.2,1,1,2022-05-31 09:03:33
1653987813214204000,73.2,1,73.0,100,73.2,1,1,2022-05-31 09:03:33
1653987813252379000,73.2,1,73.0,100,73.3,11,1,2022-05-31 09:03:33
1653987813689365000,73.2,1,73.0,107,73.3,11,1,2022-05-31 09:03:33
1653987813817460000,73.0,1,73.0,106,73.3,11,2,2022-05-31 09:03:33
1653987814402373000,73.2,1,73.1,1,73.2,3,1,2022-05-31 09:03:34
1653987814434314000,73.1,2,73.0,121,73.1,2,2,2022-05-31 09:03:34
1653987814446714000,73.1,2,73.0,122,73.2,2,1,2022-05-31 09:03:34
1653987814446714000,73.2,1,73.0,122,73.2,2,1,2022-05-31 09:03:34
1653987814788391000,73.2,3,73.1,11,73.3,11,1,2022-05-31 09:03:34
1653987815160307000,73.1,1,73.1,10,73.2,1,2,2022-05-31 09:03:35
1653987815465110000,73.2,1,73.1,11,73.3,11,1,2022-05-31 09:03:35
1653987815529565000,73.3,11,73.1,16,73.4,30,1,2022-05-31 09:03:35
1653987815714214000,73.1,1,73.1,16,73.4,30,2,2022-05-31 09:03:35
1653987815975836000,73.1,1,73.1,15,73.3,5,2,2022-05-31 09:03:35
1653987816859979000,73.2,1,73.1,14,73.3,5,1,2022-05-31 09:03:36
1653987817472861000,73.2,3,73.1,14,73.3,7,1,2022-05-31 09:03:37
1653987817689561000,73.2,2,73.1,14,73.3,2,1,2022-05-31 09:03:37
1653987817689561000,73.3,5,73.1,14,73.3,2,1,2022-05-31 09:03:37
1653987817756353000,73.3,2,73.1,15,73.4,30,1,2022-05-31 09:03:37
1653987817873051000,73.2,1,73.2,1,73.4,30,1,2022-05-31 09:03:37
1653987818458377000,73.2,2,73.1,12,73.4,28,2,2022-05-31 09:03:38
1653987818458377000,73.1,3,73.1,12,73.4,28,2,2022-05-31 09:03:38
1653987818889446000,73.1,1,73.1,14,73.4,27,2,2022-05-31 09:03:38
1653987820343971000,73.2,1,73.2,1,73.3,2,2,2022-05-31 09:03:40
1653987820960426000,73.2,1,73.1,15,73.3,2,2,2022-05-31 09:03:40
1653987820960426000,73.1,1,73.1,15,73.3,2,2,2022-05-31 09:03:40
1653987821416858000,73.1,10,73.1,8,73.3,2,2,2022-05-31 09:03:41
1653987822249890000,73.2,1,73.1,8,73.3,7,1,2022-05-31 09:03:42
1653987822314552000,73.3,7,73.1,8,73.4,27,1,2022-05-31 09:03:42
1653987822597294000,73.4,1,73.1,8,73.4,26,1,2022-05-31 09:03:42
1653987823267272000,73.3,1,73.1,6,73.4,26,1,2022-05-31 09:03:43
1653987823815738000,73.2,1,73.1,7,73.4,26,1,2022-05-31 09:03:43
1653987824465353000,73.2,1,73.1,8,73.4,27,1,2022-05-31 09:03:44
1653987825281481000,73.3,1,73.2,1,73.4,22,1,2022-05-31 09:03:45
1653987826475182000,73.3,1,73.2,8,73.4,19,1,2022-05-31 09:03:46
1653987826475182000,73.4,9,73.2,8,73.4,19,1,2022-05-31 09:03:46
1653987826509676000,73.4,3,73.2,9,73.4,16,1,2022-05-31 09:03:46
1653987826509780000,73.4,16,73.2,9,73.5,46,1,2022-05-31 09:03:46
1653987826771639000,73.4,1,73.2,9,73.5,46,2,2022-05-31 09:03:46
1653987827137890000,73.2,1,73.2,8,73.5,46,2,2022-05-31 09:03:47
1653987827152076000,73.5,1,73.2,8,73.5,45,1,2022-05-31 09:03:47
1653987827717819000,73.5,7,73.2,16,73.5,37,1,2022-05-31 09:03:47
1653987827760461000,73.5,10,73.3,1,73.5,27,1,2022-05-31 09:03:47
1653987828041545000,73.3,2,73.3,2,73.5,27,2,2022-05-31 09:03:48
1653987828444060000,73.4,1,73.3,2,73.5,27,1,2022-05-31 09:03:48
1653987828508061000,73.3,1,73.3,1,73.5,27,2,2022-05-31 09:03:48
1653987828705389000,73.5,27,73.3,3,73.6,18,1,2022-05-31 09:03:48
1653987828705389000,73.6,18,73.3,3,73.6,18,1,2022-05-31 09:03:48
1653987829393978000,73.5,1,73.3,6,73.6,18,1,2022-05-31 09:03:49
1653987830451100000,73.3,1,73.3,7,73.6,18,2,2022-05-31 09:03:50
1653987832095900000,73.6,2,73.4,11,73.6,17,1,2022-05-31 09:03:52
1653987832125982000,73.6,1,73.4,11,73.6,16,1,2022-05-31 09:03:52
1653987832190154000,73.6,16,73.4,12,73.7,12,1,2022-05-31 09:03:52
1653987832955261000,73.7,1,73.4,15,73.7,13,1,2022-05-31 09:03:52
1653987833614526000,73.6,1,73.4,17,73.7,13,1,2022-05-31 09:03:53
1653987834797809000,73.6,1,73.5,5,73.6,2,1,2022-05-31 09:03:54
1653987835169861000,73.5,5,73.4,16,73.6,2,2,2022-05-31 09:03:55
1653987836228056000,73.6,1,73.5,3,73.6,8,1,2022-05-31 09:03:56
1653987836578789000,73.5,3,73.4,15,73.5,5,2,2022-05-31 09:03:56
1653987836607965000,73.5,1,73.4,15,73.5,4,1,2022-05-31 09:03:56
1653987836642414000,73.5,4,73.4,15,73.6,7,1,2022-05-31 09:03:56
1653987836675395000,73.4,2,73.4,13,73.6,7,2,2022-05-31 09:03:56
1653987836993009000,73.6,5,73.4,14,73.6,2,1,2022-05-31 09:03:56
1653987837643786000,73.6,3,73.5,1,73.7,20,1,2022-05-31 09:03:57
1653987837643786000,73.7,8,73.5,1,73.7,20,1,2022-05-31 09:03:57
1653987838452086000,73.6,1,73.5,6,73.7,1,1,2022-05-31 09:03:58
1653987838452086000,73.7,19,73.5,6,73.7,1,1,2022-05-31 09:03:58
1653987839685332000,73.5,1,73.5,8,73.7,1,2,2022-05-31 09:03:59
1653987839921460000,73.7,1,73.5,7,73.8,21,1,2022-05-31 09:03:59
1653987840166396000,73.7,1,73.5,7,73.8,21,1,2022-05-31 09:04:00
1653987841015724000,73.7,1,73.6,2,73.7,3,1,2022-05-31 09:04:01
1653987841114171000,73.7,1,73.6,2,73.7,1,1,2022-05-31 09:04:01
1653987841300048000,73.7,1,73.6,2,73.8,20,1,2022-05-31 09:04:01
1653987841727178000,73.7,1,73.6,4,73.8,20,1,2022-05-31 09:04:01
1653987841881007000,73.8,11,73.6,4,73.8,9,1,2022-05-31 09:04:01
1653987842065857000,73.6,4,73.6,4,73.8,9,2,2022-05-31 09:04:02
1653987842182060000,73.7,1,73.5,16,73.8,9,2,2022-05-31 09:04:02
1653987842182060000,73.6,3,73.5,16,73.8,9,2,2022-05-31 09:04:02
1653987842182060000,73.5,1,73.5,16,73.8,9,2,2022-05-31 09:04:02
1653987842472005000,73.7,1,73.6,1,73.7,14,1,2022-05-31 09:04:02
1653987843058144000,73.6,1,73.6,2,73.7,17,2,2022-05-31 09:04:03
1653987843076945000,73.6,2,73.5,17,73.7,17,2,2022-05-31 09:04:03
1653987843592677000,73.5,1,73.5,12,73.7,18,2,2022-05-31 09:04:03
1653987844099255000,73.6,1,73.5,12,73.6,13,1,2022-05-31 09:04:04
1653987844473369000,73.6,3,73.5,12,73.6,10,1,2022-05-31 09:04:04
1653987844772512000,73.6,1,73.5,12,73.6,9,1,2022-05-31 09:04:04
1653987845302424000,73.6,11,73.5,12,73.7,11,1,2022-05-31 09:04:05
1653987845302424000,73.7,22,73.5,12,73.7,11,1,2022-05-31 09:04:05
1653987846001726000,73.7,1,73.6,3,73.7,12,1,2022-05-31 09:04:06
1653987846398087000,73.7,5,73.6,3,73.7,7,1,2022-05-31 09:04:06
1653987846544364000,73.7,1,73.6,7,73.7,6,1,2022-05-31 09:04:06
1653987846620593000,73.6,1,73.6,6,73.7,6,2,2022-05-31 09:04:06
1653987846681747000,73.6,1,73.6,5,73.7,6,2,2022-05-31 09:04:06
1653987847505694000,73.7,2,73.6,7,73.7,4,1,2022-05-31 09:04:07
1653987847575577000,73.6,1,73.6,6,73.7,4,2,2022-05-31 09:04:07
1653987847605868000,73.6,3,73.6,3,73.7,4,2,2022-05-31 09:04:07
1653987847632161000,73.6,1,73.6,2,73.7,4,2,2022-05-31 09:04:07
1653987848386039000,73.7,2,73.6,2,73.7,2,1,2022-05-31 09:04:08
1653987849176990000,73.6,1,73.6,1,73.7,1,2,2022-05-31 09:04:09
1653987849962951000,73.7,1,73.6,2,73.8,12,1,2022-05-31 09:04:09
1653987850039324000,73.8,1,73.6,2,73.8,12,1,2022-05-31 09:04:10
1653987850597372000,73.7,4,73.6,4,73.7,1,1,2022-05-31 09:04:10
1653987850608638000,73.7,1,73.7,1,73.8,12,1,2022-05-31 09:04:10
1653987850713382000,73.7,1,73.6,4,73.8,11,2,2022-05-31 09:04:10
1653987851174951000,73.7,5,73.6,6,73.8,11,2,2022-05-31 09:04:11
1653987851971520000,73.6,6,73.6,1,73.8,13,2,2022-05-31 09:04:11
1653987852278210000,73.7,1,73.6,1,73.7,3,1,2022-05-31 09:04:12
1653987852722753000,73.7,1,73.6,2,73.7,1,1,2022-05-31 09:04:12
1653987853739826000,73.7,1,73.6,5,73.7,12,1,2022-05-31 09:04:13
1653987854257984000,73.7,1,73.6,6,73.7,13,1,2022-05-31 09:04:14
1653987854553701000,73.7,1,73.6,7,73.7,12,1,2022-05-31 09:04:14
1653987855586665000,73.7,1,73.6,11,73.7,15,1,2022-05-31 09:04:15
1653987855654699000,73.7,5,73.6,11,73.7,10,1,2022-05-31 09:04:15
1653987856540461000,73.7,1,73.6,12,73.7,15,1,2022-05-31 09:04:16
1653987856727223000,73.7,10,73.6,12,73.7,5,1,2022-05-31 09:04:16
1653987856753378000,73.7,5,73.6,12,73.8,16,1,2022-05-31 09:04:16
1653987856849532000,73.8,2,73.6,12,73.8,14,1,2022-05-31 09:04:16
1653987856967931000,73.6,1,73.6,11,73.8,14,2,2022-05-31 09:04:16
1653987857990879000,73.7,2,73.7,13,73.8,14,2,2022-05-31 09:04:17
1653987858062155000,73.7,5,73.7,9,73.8,14,2,2022-05-31 09:04:18
1653987858758119000,73.8,1,73.7,9,73.8,12,1,2022-05-31 09:04:18
1653987859220555000,73.8,8,73.7,10,73.8,4,1,2022-05-31 09:04:19
1653987859541309000,73.7,1,73.7,9,73.8,4,2,2022-05-31 09:04:19
1653987859755642000,73.8,3,73.7,10,73.8,3,1,2022-05-31 09:04:19
1653987860035951000,73.8,3,73.8,1,73.9,41,1,2022-05-31 09:04:20
1653987860052279000,73.9,2,73.8,1,73.9,39,1,2022-05-31 09:04:20
1653987860181631000,73.9,5,73.8,1,73.9,34,1,2022-05-31 09:04:20
1653987860389544000,73.9,5,73.8,1,73.9,29,1,2022-05-31 09:04:20
1653987860720700000,73.9,10,73.8,1,73.9,19,1,2022-05-31 09:04:20
1653987860745086000,73.9,19,73.8,1,74.0,86,1,2022-05-31 09:04:20
1653987860780763000,74.0,10,73.8,1,74.0,76,1,2022-05-31 09:04:20
1653987860928582000,74.0,1,73.9,3,74.0,75,1,2022-05-31 09:04:20
1653987860945314000,74.0,36,73.9,3,74.0,39,1,2022-05-31 09:04:20
1653987860969940000,74.0,16,73.9,4,74.0,23,1,2022-05-31 09:04:20
1653987860971375000,74.0,23,73.9,4,74.1,37,1,2022-05-31 09:04:20
1653987861182510000,74.0,1,73.9,10,74.1,37,1,2022-05-31 09:04:21
1653987861295354000,74.1,27,73.9,9,74.1,9,1,2022-05-31 09:04:21
1653987861323694000,74.1,9,73.9,10,74.2,72,1,2022-05-31 09:04:21
1653987861329590000,74.2,10,73.9,10,74.2,62,1,2022-05-31 09:04:21
1653987861337701000,74.2,1,74.0,3,74.2,61,1,2022-05-31 09:04:21
1653987861366912000,74.2,3,74.0,3,74.2,58,1,2022-05-31 09:04:21
1653987861450342000,74.2,15,74.0,3,74.2,44,1,2022-05-31 09:04:21
1653987861472056000,74.2,5,74.0,3,74.2,39,1,2022-05-31 09:04:21
1653987861546289000,74.2,5,74.0,4,74.2,34,1,2022-05-31 09:04:21
1653987861576382000,74.2,15,74.0,4,74.2,19,1,2022-05-31 09:04:21
1653987861611192000,74.2,7,74.1,1,74.2,12,1,2022-05-31 09:04:21
1653987861743923000,74.2,5,74.0,7,74.2,7,1,2022-05-31 09:04:21
1653987861747569000,74.2,7,74.0,7,74.3,29,1,2022-05-31 09:04:21
1653987861747569000,74.3,8,74.0,7,74.3,29,1,2022-05-31 09:04:21
1653987861763933000,74.3,2,74.0,7,74.3,27,1,2022-05-31 09:04:21
1653987861839791000,74.3,1,74.0,7,74.3,26,1,2022-05-31 09:04:21
1653987861981565000,74.3,2,74.0,7,74.3,24,1,2022-05-31 09:04:21
1653987862012573000,74.3,11,74.0,7,74.3,13,1,2022-05-31 09:04:22
1653987862491571000,74.3,3,74.2,6,74.3,10,1,2022-05-31 09:04:22
1653987863395119000,74.2,1,74.2,5,74.3,10,2,2022-05-31 09:04:23
1653987863566144000,74.3,2,74.2,5,74.3,8,1,2022-05-31 09:04:23
1653987863907090000,74.3,3,74.2,5,74.3,5,1,2022-05-31 09:04:23
1653987863931016000,74.3,1,74.2,5,74.3,4,1,2022-05-31 09:04:23
1653987863969963000,74.3,4,74.2,5,74.4,26,1,2022-05-31 09:04:23
1653987864006440000,74.4,1,74.2,5,74.4,25,1,2022-05-31 09:04:24
1653987864061920000,74.2,2,74.2,3,74.4,25,2,2022-05-31 09:04:24
1653987864153535000,74.3,1,74.2,3,74.3,5,1,2022-05-31 09:04:24
1653987864155604000,74.3,1,74.2,3,74.3,4,1,2022-05-31 09:04:24
1653987864159578000,74.3,1,74.2,3,74.3,3,1,2022-05-31 09:04:24
1653987864267273000,74.3,2,74.2,3,74.3,2,1,2022-05-31 09:04:24
1653987864295975000,74.3,1,74.2,3,74.3,1,1,2022-05-31 09:04:24
1653987864417656000,74.3,1,74.3,1,74.4,26,1,2022-05-31 09:04:24
1653987864518162000,74.4,1,74.3,1,74.4,25,1,2022-05-31 09:04:24
1653987864541819000,74.4,1,74.3,1,74.4,24,1,2022-05-31 09:04:24
1653987864718550000,74.4,1,74.3,1,74.4,23,1,2022-05-31 09:04:24
1653987864979640000,74.4,1,74.3,3,74.4,22,1,2022-05-31 09:04:24
1653987865005447000,74.4,1,74.3,3,74.4,21,1,2022-05-31 09:04:25
1653987865283275000,74.3,3,74.2,3,74.4,21,2,2022-05-31 09:04:25
1653987865655658000,74.3,1,74.2,3,74.3,10,1,2022-05-31 09:04:25
1653987865690871000,74.3,1,74.2,3,74.3,9,1,2022-05-31 09:04:25
1653987865706683000,74.3,1,74.2,3,74.3,8,1,2022-05-31 09:04:25
1653987866275223000,74.3,2,74.1,7,74.3,32,1,2022-05-31 09:04:26
1653987866381492000,74.2,1,74.1,3,74.3,31,1,2022-05-31 09:04:26
1653987866381492000,74.3,2,74.1,3,74.3,31,1,2022-05-31 09:04:26
1653987866518585000,74.1,3,74.0,3,74.2,15,2,2022-05-31 09:04:26
1653987866554823000,74.1,1,74.0,3,74.2,15,1,2022-05-31 09:04:26
1653987866928715000,74.0,3,73.9,9,74.1,30,2,2022-05-31 09:04:26
1653987866968071000,73.9,2,73.9,7,74.1,30,2,2022-05-31 09:04:26
1653987866968729000,74.1,1,73.9,7,74.1,29,1,2022-05-31 09:04:26
1653987867019428000,73.9,1,73.9,6,74.1,29,2,2022-05-31 09:04:27
1653987867020468000,74.1,2,73.9,6,74.1,27,1,2022-05-31 09:04:27
1653987867060904000,74.1,1,73.9,6,74.1,26,1,2022-05-31 09:04:27
1653987867088747000,73.9,6,73.8,11,73.9,4,2,2022-05-31 09:04:27
1653987867136565000,73.9,2,73.8,11,73.9,3,1,2022-05-31 09:04:27
1653987867276132000,73.9,2,73.8,11,74.0,15,1,2022-05-31 09:04:27
1653987867318170000,74.0,1,73.8,11,74.0,14,1,2022-05-31 09:04:27
1653987867406787000,74.0,2,73.8,11,74.0,12,1,2022-05-31 09:04:27
1653987867429589000,74.0,1,73.8,11,74.0,11,1,2022-05-31 09:04:27
1653987867570115000,73.8,11,73.7,30,73.8,4,2,2022-05-31 09:04:27
1653987867612761000,73.7,1,73.7,29,73.8,4,2,2022-05-31 09:04:27
1653987867800005000,73.8,2,73.7,29,73.8,2,1,2022-05-31 09:04:27
1653987868156732000,73.8,1,73.7,29,73.8,1,1,2022-05-31 09:04:28
1653987868258971000,73.8,1,73.7,29,73.9,6,1,2022-05-31 09:04:28
1653987868273168000,73.7,2,73.7,27,73.9,6,2,2022-05-31 09:04:28
1653987868362591000,73.9,1,73.7,27,73.9,5,1,2022-05-31 09:04:28
1653987868445765000,73.8,1,73.7,27,73.8,2,1,2022-05-31 09:04:28
1653987868466547000,73.8,2,73.7,27,73.9,15,1,2022-05-31 09:04:28
1653987868495441000,73.9,2,73.7,27,73.9,13,1,2022-05-31 09:04:28
1653987868843281000,73.9,1,73.7,27,73.9,12,1,2022-05-31 09:04:28
1653987869108647000,73.9,1,73.7,27,73.9,13,1,2022-05-31 09:04:29
1653987869391012000,73.8,1,73.7,26,73.9,13,1,2022-05-31 09:04:29
1653987869532933000,73.9,1,73.7,26,73.9,12,1,2022-05-31 09:04:29
1653987870192920000,73.7,2,73.7,24,73.9,12,2,2022-05-31 09:04:30
1653987870234082000,73.9,1,73.7,24,73.9,11,1,2022-05-31 09:04:30
1653987870560912000,73.7,1,73.7,23,73.9,11,2,2022-05-31 09:04:30
1653987870598828000,73.9,3,73.7,23,73.9,8,1,2022-05-31 09:04:30
1653987870641333000,73.7,1,73.7,22,73.9,8,2,2022-05-31 09:04:30
1653987870800757000,73.9,1,73.7,22,73.9,7,1,2022-05-31 09:04:30
1653987870804316000,73.9,1,73.7,22,73.9,6,1,2022-05-31 09:04:30
1653987871009621000,73.9,1,73.7,22,73.9,5,1,2022-05-31 09:04:31
1653987871037978000,73.9,2,73.7,22,73.9,3,1,2022-05-31 09:04:31
1653987871117204000,73.9,1,73.7,22,73.9,2,1,2022-05-31 09:04:31
1653987871692489000,73.8,1,73.7,23,74.0,14,1,2022-05-31 09:04:31
1653987871692489000,73.9,4,73.7,23,74.0,14,1,2022-05-31 09:04:31
1653987872878245000,74.0,1,73.7,22,74.0,13,1,2022-05-31 09:04:32
1653987873086119000,74.0,5,73.7,24,74.0,9,1,2022-05-31 09:04:33
1653987873102110000,74.0,2,73.7,24,74.0,7,1,2022-05-31 09:04:33
1653987873153736000,74.0,1,73.7,24,74.0,6,1,2022-05-31 09:04:33
1653987873916141000,74.0,1,73.9,2,74.0,7,1,2022-05-31 09:04:33
1653987874111961000,73.9,2,73.8,1,74.0,7,2,2022-05-31 09:04:34
1653987874147735000,74.0,1,73.8,1,74.0,6,1,2022-05-31 09:04:34
1653987874314719000,73.9,1,73.8,1,74.0,6,1,2022-05-31 09:04:34
1653987875506281000,74.0,8,73.9,2,74.1,7,1,2022-05-31 09:04:35
1653987875506281000,74.1,2,73.9,2,74.1,7,1,2022-05-31 09:04:35
1653987875584186000,74.1,7,74.1,3,74.2,5,1,2022-05-31 09:04:35
1653987875613899000,74.1,2,74.1,1,74.2,6,2,2022-05-31 09:04:35
1653987875631741000,74.1,1,73.9,4,74.2,6,2,2022-05-31 09:04:35
1653987875879918000,74.2,2,73.9,4,74.2,3,1,2022-05-31 09:04:35
1653987876297350000,73.9,1,73.9,3,74.2,3,2,2022-05-31 09:04:36
1653987876387680000,73.9,1,73.9,2,74.0,5,2,2022-05-31 09:04:36
1653987876403970000,74.0,1,73.9,2,74.0,4,1,2022-05-31 09:04:36
1653987876598230000,74.0,1,73.9,2,74.0,3,1,2022-05-31 09:04:36
1653987876831475000,74.0,2,73.9,2,74.0,2,1,2022-05-31 09:04:36
1653987877065334000,73.9,1,73.9,1,74.0,3,2,2022-05-31 09:04:37
1653987877215917000,73.9,1,73.8,12,74.0,3,2,2022-05-31 09:04:37
1653987877373268000,74.0,1,73.8,16,74.0,2,1,2022-05-31 09:04:37
1653987877400629000,74.0,1,73.8,16,74.0,1,1,2022-05-31 09:04:37
1653987877423802000,74.0,1,73.8,16,74.2,3,1,2022-05-31 09:04:37
1653987877607815000,73.9,1,73.8,17,73.9,2,2,2022-05-31 09:04:37
1653987877626571000,73.9,1,73.8,17,73.9,1,1,2022-05-31 09:04:37
1653987877636246000,73.9,1,73.8,17,74.0,1,1,2022-05-31 09:04:37
1653987878013655000,74.0,1,73.9,1,74.1,1,1,2022-05-31 09:04:38
1653987879092885000,74.0,1,74.0,3,74.1,2,2,2022-05-31 09:04:39
1653987879100167000,74.1,1,74.0,3,74.1,1,1,2022-05-31 09:04:39
1653987880101435000,74.0,1,74.0,8,74.1,1,2,2022-05-31 09:04:40
1653987880109334000,74.1,1,74.0,8,74.2,39,1,2022-05-31 09:04:40
1653987880109334000,74.2,3,74.0,8,74.2,39,1,2022-05-31 09:04:40
1653987880382736000,74.2,2,74.0,10,74.2,37,1,2022-05-31 09:04:40
1653987880901250000,74.1,1,74.0,32,74.1,4,1,2022-05-31 09:04:40
1653987881332496000,74.0,6,74.0,26,74.1,4,2,2022-05-31 09:04:41
1653987881415175000,74.1,1,74.0,26,74.1,3,1,2022-05-31 09:04:41
1653987881516760000,74.1,3,74.0,26,74.2,39,1,2022-05-31 09:04:41
1653987881516760000,74.2,2,74.0,26,74.2,39,1,2022-05-31 09:04:41
1653987881718026000,74.0,2,74.0,24,74.2,45,2,2022-05-31 09:04:41
1653987882350000000,74.1,1,74.1,1,74.2,45,2,2022-05-31 09:04:42
1653987882537982000,74.1,1,74.0,33,74.1,1,2,2022-05-31 09:04:42
1653987882793326000,74.1,1,74.1,4,74.2,45,1,2022-05-31 09:04:42
1653987882818747000,74.1,2,74.1,2,74.2,45,2,2022-05-31 09:04:42
1653987882961452000,74.1,2,74.0,33,74.2,45,2,2022-05-31 09:04:42
1653987883263579000,74.2,1,74.1,5,74.2,54,1,2022-05-31 09:04:43
1653987883423290000,74.1,3,74.1,2,74.2,54,2,2022-05-31 09:04:43
1653987883576895000,74.1,2,74.0,32,74.2,58,2,2022-05-31 09:04:43
1653987883576895000,74.0,1,74.0,32,74.2,58,2,2022-05-31 09:04:43
1653987883627428000,74.2,2,74.0,32,74.2,56,1,2022-05-31 09:04:43
1653987883785884000,74.0,1,74.0,39,74.1,3,2,2022-05-31 09:04:43
1653987884426059000,74.1,2,74.0,39,74.1,2,1,2022-05-31 09:04:44
1653987884570522000,74.1,1,74.0,39,74.1,1,1,2022-05-31 09:04:44
1653987884878938000,74.1,1,74.1,1,74.2,56,1,2022-05-31 09:04:44
1653987884970421000,74.2,5,74.1,1,74.2,51,1,2022-05-31 09:04:44
1653987885019764000,74.2,1,74.1,2,74.2,50,1,2022-05-31 09:04:45
1653987885110192000,74.1,2,74.0,50,74.1,3,2,2022-05-31 09:04:45
1653987885398725000,74.1,1,74.0,50,74.1,2,1,2022-05-31 09:04:45
1653987885558917000,74.1,1,74.0,50,74.1,1,1,2022-05-31 09:04:45
1653987885860713000,74.0,4,74.0,46,74.1,1,2,2022-05-31 09:04:45
1653987886004184000,74.1,1,74.0,46,74.2,50,1,2022-05-31 09:04:46
1653987886192123000,74.0,2,74.0,45,74.1,5,2,2022-05-31 09:04:46
1653987886201210000,74.1,1,74.0,45,74.1,4,1,2022-05-31 09:04:46
1653987886264383000,74.1,3,74.0,45,74.1,1,1,2022-05-31 09:04:46
1653987886408594000,74.0,1,74.0,45,74.1,1,2,2022-05-31 09:04:46
1653987886864576000,74.0,1,74.0,45,74.1,18,2,2022-05-31 09:04:46
1653987886942363000,74.0,1,74.0,54,74.1,18,2,2022-05-31 09:04:46
1653987887108995000,74.1,1,74.0,56,74.1,17,1,2022-05-31 09:04:47
1653987887231890000,74.1,2,74.0,56,74.1,16,1,2022-05-31 09:04:47
1653987887389254000,74.0,9,74.0,47,74.1,16,2,2022-05-31 09:04:47
1653987887605618000,74.1,8,74.0,47,74.1,8,1,2022-05-31 09:04:47
1653987888151374000,74.1,2,74.0,50,74.1,6,1,2022-05-31 09:04:48
1653987888897773000,74.1,1,74.0,61,74.1,8,1,2022-05-31 09:04:48
1653987888981390000,74.1,1,74.0,61,74.1,7,1,2022-05-31 09:04:48
1653987889011827000,74.1,1,74.0,61,74.1,6,1,2022-05-31 09:04:49
1653987889088386000,74.1,6,74.1,14,74.2,48,1,2022-05-31 09:04:49
1653987889179840000,74.1,2,74.1,12,74.2,48,2,2022-05-31 09:04:49
1653987889291176000,74.1,5,74.1,8,74.2,48,2,2022-05-31 09:04:49
1653987889371848000,74.1,2,74.1,6,74.2,48,2,2022-05-31 09:04:49
1653987889594464000,74.2,2,74.1,7,74.2,46,1,2022-05-31 09:04:49
1653987889596518000,74.1,5,74.1,2,74.2,46,2,2022-05-31 09:04:49
1653987889720901000,74.1,1,74.1,1,74.2,46,2,2022-05-31 09:04:49
1653987889777577000,74.2,1,74.1,1,74.2,45,1,2022-05-31 09:04:49
1653987889894489000,74.1,1,74.0,77,74.2,45,2,2022-05-31 09:04:49
1653987889894489000,74.0,4,74.0,77,74.2,45,2,2022-05-31 09:04:49
1653987890043426000,74.2,1,74.0,100,74.2,44,1,2022-05-31 09:04:50
1653987890327096000,74.1,3,74.1,1,74.2,44,2,2022-05-31 09:04:50
1653987890361997000,74.1,1,74.0,105,74.2,44,2,2022-05-31 09:04:50
1653987890582843000,74.1,1,74.0,105,74.2,42,1,2022-05-31 09:04:50
1653987890582843000,74.2,2,74.0,105,74.2,42,1,2022-05-31 09:04:50
1653987891341577000,74.1,2,74.1,4,74.2,42,2,2022-05-31 09:04:51
1653987891657947000,74.1,3,74.1,1,74.2,45,2,2022-05-31 09:04:51
1653987891788158000,74.1,1,74.1,1,74.2,45,2,2022-05-31 09:04:51
1653987892039374000,74.1,2,74.0,122,74.1,1,2,2022-05-31 09:04:52
1653987892577190000,74.0,1,74.0,123,74.1,4,2,2022-05-31 09:04:52
1653987892831648000,74.1,4,74.1,1,74.2,45,1,2022-05-31 09:04:52
1653987893165432000,74.2,1,74.1,1,74.2,44,1,2022-05-31 09:04:53
1653987893386550000,74.1,1,74.0,125,74.2,44,2,2022-05-31 09:04:53
1653987893518057000,74.2,5,74.0,125,74.2,39,1,2022-05-31 09:04:53
1653987893571290000,74.2,3,74.0,125,74.2,38,1,2022-05-31 09:04:53
1653987893718675000,74.0,2,74.0,124,74.1,1,2,2022-05-31 09:04:53
1653987893892368000,74.1,1,74.0,125,74.1,6,1,2022-05-31 09:04:53
1653987894333229000,74.1,2,74.0,125,74.1,5,1,2022-05-31 09:04:54
1653987894458614000,74.0,1,74.0,124,74.1,5,2,2022-05-31 09:04:54
1653987894482393000,74.1,5,74.0,125,74.2,39,1,2022-05-31 09:04:54
1653987894482393000,74.2,5,74.0,125,74.2,39,1,2022-05-31 09:04:54
1653987894544461000,74.2,1,74.0,125,74.2,48,1,2022-05-31 09:04:54
1653987894634862000,74.1,1,74.0,127,74.2,48,1,2022-05-31 09:04:54
1653987894757691000,74.2,1,74.1,1,74.2,43,1,2022-05-31 09:04:54
1653987894943298000,74.1,1,74.1,1,74.2,40,2,2022-05-31 09:04:54
1653987894992485000,74.1,1,74.0,127,74.2,40,2,2022-05-31 09:04:54
1653987895108694000,74.1,1,74.1,2,74.2,40,2,2022-05-31 09:04:55
1653987895151506000,74.1,1,74.1,1,74.2,40,2,2022-05-31 09:04:55
1653987895193162000,74.1,1,74.0,129,74.1,2,2,2022-05-31 09:04:55
1653987895500921000,74.1,1,74.0,130,74.1,2,1,2022-05-31 09:04:55
1653987895541717000,74.1,1,74.0,130,74.1,4,1,2022-05-31 09:04:55
1653987895672084000,74.1,1,74.0,131,74.1,4,1,2022-05-31 09:04:55
1653987895695688000,74.0,1,74.0,132,74.1,7,2,2022-05-31 09:04:55
1653987895754056000,74.1,1,74.0,132,74.1,6,1,2022-05-31 09:04:55
1653987896165805000,74.1,1,74.0,138,74.1,8,1,2022-05-31 09:04:56
1653987896291323000,74.1,8,74.1,2,74.2,46,1,2022-05-31 09:04:56
1653987896404098000,74.1,3,74.0,138,74.2,47,2,2022-05-31 09:04:56
1653987896526159000,74.1,1,74.1,2,74.2,47,2,2022-05-31 09:04:56
1653987896637379000,74.1,2,74.0,147,74.2,41,2,2022-05-31 09:04:56
1653987896637379000,74.0,1,74.0,147,74.2,41,2,2022-05-31 09:04:56
1653987896953449000,74.1,1,74.0,148,74.1,2,2,2022-05-31 09:04:56
1653987896972250000,74.1,1,74.0,148,74.1,1,1,2022-05-31 09:04:56
1653987897001028000,74.1,1,74.1,4,74.2,43,1,2022-05-31 09:04:57
1653987897107657000,74.2,1,74.1,4,74.2,42,1,2022-05-31 09:04:57
1653987897303178000,74.2,1,74.1,4,74.2,47,1,2022-05-31 09:04:57
1653987897708841000,74.1,2,74.1,7,74.2,48,2,2022-05-31 09:04:57
1653987897740284000,74.1,1,74.1,6,74.2,49,2,2022-05-31 09:04:57
1653987897797434000,74.2,2,74.1,6,74.2,47,1,2022-05-31 09:04:57
1653987897848460000,74.2,1,74.1,6,74.2,46,1,2022-05-31 09:04:57
1653987897909164000,74.1,3,74.1,3,74.2,46,2,2022-05-31 09:04:57
1653987898089732000,74.1,3,74.1,1,74.2,46,2,2022-05-31 09:04:58
1653987898121645000,74.1,1,74.1,1,74.2,46,2,2022-05-31 09:04:58
1653987898797704000,74.1,6,74.0,152,74.1,14,2,2022-05-31 09:04:58
1653987899146564000,74.1,1,74.0,152,74.1,14,1,2022-05-31 09:04:59
1653987899251090000,74.1,1,74.0,158,74.1,13,1,2022-05-31 09:04:59
1653987899920245000,74.1,1,74.0,161,74.1,21,1,2022-05-31 09:04:59
1653987900454021000,74.1,1,74.0,162,74.1,21,1,2022-05-31 09:05:00
1653987900488622000,74.1,1,74.0,163,74.1,20,1,2022-05-31 09:05:00
1653987900621221000,74.1,20,74.0,164,74.2,51,1,2022-05-31 09:05:00
1653987900728471000,74.0,8,74.0,156,74.2,51,2,2022-05-31 09:05:00
1653987900733122000,74.0,8,74.0,148,74.2,51,2,2022-05-31 09:05:00
1653987900740861000,74.0,4,74.0,144,74.2,51,2,2022-05-31 09:05:00
1653987900778233000,74.2,2,74.0,144,74.2,49,1,2022-05-31 09:05:00
1653987900833895000,74.0,4,74.0,140,74.2,49,2,2022-05-31 09:05:00
1653987900914629000,74.0,12,74.0,128,74.2,49,2,2022-05-31 09:05:00
1653987900937617000,74.0,10,74.0,118,74.1,2,2,2022-05-31 09:05:00
1653987900945396000,74.1,2,74.0,118,74.2,50,1,2022-05-31 09:05:00
1653987901233629000,74.1,1,74.0,118,74.1,4,1,2022-05-31 09:05:01
1653987901370674000,74.1,1,74.0,124,74.1,3,1,2022-05-31 09:05:01
1653987901398748000,74.0,1,74.0,123,74.1,3,2,2022-05-31 09:05:01
1653987901705628000,74.1,3,74.0,124,74.2,50,1,2022-05-31 09:05:01
1653987901804136000,74.0,2,74.0,122,74.2,50,2,2022-05-31 09:05:01
1653987902292193000,74.1,11,74.0,99,74.2,51,2,2022-05-31 09:05:02
1653987902292193000,74.0,29,74.0,99,74.2,51,2,2022-05-31 09:05:02
1653987902414381000,74.0,2,74.0,97,74.2,51,2,2022-05-31 09:05:02
1653987902557380000,74.1,1,74.0,88,74.2,51,2,2022-05-31 09:05:02
1653987902557380000,74.0,9,74.0,88,74.2,51,2,2022-05-31 09:05:02
1653987903243231000,74.1,1,74.0,89,74.1,6,1,2022-05-31 09:05:03
1653987903253327000,74.0,5,74.0,84,74.1,6,2,2022-05-31 09:05:03
1653987903420427000,74.0,10,74.0,74,74.1,6,2,2022-05-31 09:05:03
1653987903435710000,74.1,2,74.0,74,74.1,19,1,2022-05-31 09:05:03
1653987903442375000,74.0,3,74.0,71,74.1,19,2,2022-05-31 09:05:03
1653987903476985000,74.1,3,74.0,71,74.1,26,1,2022-05-31 09:05:03
1653987903717662000,74.0,3,74.0,68,74.1,28,2,2022-05-31 09:05:03
1653987903752403000,74.0,3,74.0,65,74.1,28,2,2022-05-31 09:05:03
1653987903917792000,74.0,1,74.0,64,74.1,28,2,2022-05-31 09:05:03
1653987903927097000,74.1,1,74.0,64,74.1,27,1,2022-05-31 09:05:03
1653987903943069000,74.0,3,74.0,61,74.1,27,2,2022-05-31 09:05:03
1653987903947119000,74.0,1,74.0,60,74.1,27,2,2022-05-31 09:05:03
1653987904081074000,74.1,2,74.0,60,74.1,25,1,2022-05-31 09:05:04
1653987904083912000,74.0,1,74.0,59,74.1,25,2,2022-05-31 09:05:04
1653987904175396000,74.0,10,74.0,51,74.1,25,2,2022-05-31 09:05:04
1653987904187219000,74.0,5,74.0,46,74.1,25,2,2022-05-31 09:05:04
1653987904217143000,74.0,1,74.0,45,74.1,25,2,2022-05-31 09:05:04
1653987904299961000,74.0,15,74.0,30,74.1,30,2,2022-05-31 09:05:04
1653987904320000000,74.0,10,74.0,20,74.1,30,2,2022-05-31 09:05:04
1653987904346254000,74.0,1,74.0,19,74.1,30,2,2022-05-31 09:05:04
1653987904421952000,74.0,1,74.0,18,74.1,33,2,2022-05-31 09:05:04
1653987904434915000,74.0,1,74.0,17,74.1,33,2,2022-05-31 09:05:04
1653987904462664000,74.1,1,74.0,17,74.1,32,1,2022-05-31 09:05:04
1653987904482207000,74.0,5,74.0,12,74.1,32,2,2022-05-31 09:05:04
1653987904514657000,74.0,3,74.0,9,74.1,32,2,2022-05-31 09:05:04
1653987904649817000,74.1,1,74.0,9,74.1,34,1,2022-05-31 09:05:04
1653987904752628000,74.0,1,74.0,9,74.1,34,2,2022-05-31 09:05:04
1653987904764909000,74.0,3,74.0,7,74.1,34,2,2022-05-31 09:05:04
1653987904887266000,74.0,2,74.0,5,74.1,36,2,2022-05-31 09:05:04
1653987904947747000,74.0,1,74.0,4,74.1,36,2,2022-05-31 09:05:04
1653987904966080000,74.0,2,74.0,2,74.1,36,2,2022-05-31 09:05:04
1653987905128015000,74.0,3,73.9,32,74.0,2,2,2022-05-31 09:05:05
1653987905159610000,73.9,1,73.9,31,74.0,2,2,2022-05-31 09:05:05
1653987905202406000,73.9,2,73.9,29,74.0,2,2,2022-05-31 09:05:05
1653987905235098000,74.0,2,73.9,29,74.1,37,1,2022-05-31 09:05:05
1653987905235098000,74.1,1,73.9,29,74.1,37,1,2022-05-31 09:05:05
1653987905306885000,74.0,1,74.0,9,74.1,37,2,2022-05-31 09:05:05
1653987905317793000,74.0,1,74.0,8,74.1,37,2,2022-05-31 09:05:05
1653987905406317000,74.0,5,74.0,3,74.1,37,2,2022-05-31 09:05:05
1653987905424951000,74.0,3,73.9,27,74.1,37,2,2022-05-31 09:05:05
1653987905424951000,73.9,2,73.9,27,74.1,37,2,2022-05-31 09:05:05
1653987906065638000,73.9,1,73.9,26,74.0,18,2,2022-05-31 09:05:06
1653987906111465000,74.0,2,73.9,26,74.0,17,1,2022-05-31 09:05:06
1653987906320904000,73.9,1,73.9,24,74.0,17,2,2022-05-31 09:05:06
1653987906419338000,73.9,1,73.9,23,74.0,17,2,2022-05-31 09:05:06
1653987906562411000,73.9,1,73.9,22,74.0,18,2,2022-05-31 09:05:06
1653987906749263000,73.9,1,73.9,24,74.0,18,2,2022-05-31 09:05:06
1653987907222034000,73.9,1,73.9,23,74.0,18,2,2022-05-31 09:05:07
1653987907244282000,74.0,1,73.9,23,74.0,17,1,2022-05-31 09:05:07
1653987907449041000,73.9,1,73.9,22,74.0,18,2,2022-05-31 09:05:07
1653987907561021000,73.9,2,73.9,20,74.0,18,2,2022-05-31 09:05:07
1653987907656807000,73.9,1,73.9,19,74.0,18,2,2022-05-31 09:05:07
1653987907833080000,73.9,1,73.9,18,74.0,18,2,2022-05-31 09:05:07
1653987908129380000,73.9,1,73.9,17,74.0,18,2,2022-05-31 09:05:08
1653987908411558000,74.0,1,73.9,17,74.0,17,1,2022-05-31 09:05:08
1653987908423999000,74.0,1,73.9,17,74.0,16,1,2022-05-31 09:05:08
1653987908461526000,74.0,1,73.9,17,74.0,15,1,2022-05-31 09:05:08
1653987908652241000,73.9,5,73.9,12,74.0,25,2,2022-05-31 09:05:08
1653987909277744000,73.9,1,73.9,11,74.0,25,2,2022-05-31 09:05:09
1653987910042503000,73.9,2,73.9,9,74.0,23,2,2022-05-31 09:05:10
1653987910139422000,73.9,1,73.9,8,74.0,23,2,2022-05-31 09:05:10
1653987910300261000,73.9,5,73.9,4,74.0,23,2,2022-05-31 09:05:10
1653987910330175000,73.9,1,73.9,3,74.0,24,2,2022-05-31 09:05:10
1653987910703096000,73.9,1,73.9,2,74.0,34,2,2022-05-31 09:05:10
1653987910705219000,74.0,1,73.9,2,74.0,33,1,2022-05-31 09:05:10
1653987910944331000,73.9,2,73.8,15,74.0,34,2,2022-05-31 09:05:10
1653987911444440000,73.9,1,73.8,15,73.9,2,2,2022-05-31 09:05:11
1653987911483702000,73.9,2,73.8,15,74.0,21,1,2022-05-31 09:05:11
1653987911483702000,74.0,13,73.8,15,74.0,21,1,2022-05-31 09:05:11
1653987911898719000,73.9,1,73.8,15,73.9,2,1,2022-05-31 09:05:11
1653987912427592000,73.8,2,73.8,15,73.9,2,2,2022-05-31 09:05:12
1653987912689650000,73.9,1,73.8,13,73.9,2,1,2022-05-31 09:05:12
1653987913606376000,73.9,1,73.8,13,73.9,6,1,2022-05-31 09:05:13
1653987913880919000,73.9,1,73.8,13,73.9,5,1,2022-05-31 09:05:13
1653987914500209000,73.9,1,73.8,13,73.9,24,1,2022-05-31 09:05:14
1653987914518391000,73.8,1,73.8,12,73.9,24,2,2022-05-31 09:05:14
1653987914633006000,73.8,1,73.8,11,73.9,24,2,2022-05-31 09:05:14
1653987914767557000,73.8,1,73.8,10,73.9,25,2,2022-05-31 09:05:14
1653987915043551000,73.8,3,73.8,7,73.9,25,2,2022-05-31 09:05:15
1653987915754835000,73.8,1,73.8,6,73.9,31,2,2022-05-31 09:05:15
1653987916585176000,73.8,2,73.8,4,73.9,39,2,2022-05-31 09:05:16
1653987916649772000,73.8,1,73.8,3,73.9,39,2,2022-05-31 09:05:16
1653987916775017000,73.9,1,73.8,3,73.9,38,1,2022-05-31 09:05:16
1653987916998199000,73.8,2,73.8,1,73.9,38,2,2022-05-31 09:05:16
1653987917149856000,73.8,1,73.7,14,73.9,38,2,2022-05-31 09:05:17
1653987917366384000,73.7,10,73.7,4,73.8,2,2,2022-05-31 09:05:17
1653987917400463000,73.7,1,73.7,3,73.8,2,2,2022-05-31 09:05:17
1653987918925995000,73.7,3,73.6,39,73.8,8,2,2022-05-31 09:05:18
1653987918967719000,73.6,10,73.6,29,73.8,8,2,2022-05-31 09:05:18
1653987919408503000,73.8,1,73.6,29,73.8,8,1,2022-05-31 09:05:19
1653987920415662000,73.8,1,73.6,29,73.8,7,1,2022-05-31 09:05:20
1653987921275819000,73.6,10,73.6,22,73.8,7,2,2022-05-31 09:05:21
1653987921542299000,73.7,1,73.6,23,73.8,8,1,2022-05-31 09:05:21
1653987921812022000,73.6,3,73.6,20,73.8,9,2,2022-05-31 09:05:21
1653987921917641000,73.7,1,73.6,20,73.8,9,2,2022-05-31 09:05:21
1653987922261908000,73.6,20,73.5,129,73.6,10,2,2022-05-31 09:05:22
1653987923018876000,73.6,2,73.5,129,73.6,9,1,2022-05-31 09:05:23
1653987923274248000,73.5,1,73.5,128,73.6,9,2,2022-05-31 09:05:23
1653987923511793000,73.5,1,73.5,127,73.6,9,2,2022-05-31 09:05:23
1653987923572059000,73.5,3,73.5,124,73.6,9,2,2022-05-31 09:05:23
1653987923600116000,73.6,9,73.5,124,73.7,3,1,2022-05-31 09:05:23
1653987924394951000,73.5,30,73.5,94,73.6,1,2,2022-05-31 09:05:24
1653987924448814000,73.5,1,73.5,93,73.6,1,2,2022-05-31 09:05:24
1653987924756677000,73.6,1,73.5,93,73.6,1,1,2022-05-31 09:05:24
1653987924908815000,73.6,1,73.5,93,73.7,4,1,2022-05-31 09:05:24
1653987925074803000,73.5,2,73.5,92,73.7,4,2,2022-05-31 09:05:25
1653987925189880000,73.5,5,73.5,87,73.7,4,2,2022-05-31 09:05:25
1653987925701529000,73.6,1,73.5,87,73.7,4,2,2022-05-31 09:05:25
1653987926362148000,73.6,1,73.5,88,73.6,2,1,2022-05-31 09:05:26
1653987926447885000,73.6,1,73.5,88,73.6,1,1,2022-05-31 09:05:26
1653987927042187000,73.5,1,73.5,86,73.6,24,2,2022-05-31 09:05:27
1653987927536030000,73.6,10,73.5,86,73.6,16,1,2022-05-31 09:05:27
1653987927663624000,73.5,2,73.5,84,73.6,16,2,2022-05-31 09:05:27
1653987927904639000,73.6,5,73.5,84,73.6,11,1,2022-05-31 09:05:27
1653987927946417000,73.5,1,73.5,83,73.6,11,2,2022-05-31 09:05:27
1653987928341361000,73.6,3,73.5,83,73.6,13,1,2022-05-31 09:05:28
1653987928464363000,73.5,1,73.5,82,73.6,13,2,2022-05-31 09:05:28
1653987928624891000,73.6,2,73.5,82,73.6,21,1,2022-05-31 09:05:28
1653987928637295000,73.5,12,73.5,70,73.6,21,2,2022-05-31 09:05:28
1653987928731656000,73.5,5,73.5,65,73.6,22,2,2022-05-31 09:05:28
1653987929074707000,73.5,4,73.5,61,73.6,23,2,2022-05-31 09:05:29
1653987929153862000,73.5,3,73.5,58,73.6,23,2,2022-05-31 09:05:29
1653987929544015000,73.5,1,73.5,57,73.6,23,2,2022-05-31 09:05:29
1653987929830868000,73.5,2,73.5,55,73.6,23,2,2022-05-31 09:05:29
1653987929951358000,73.5,1,73.5,64,73.6,23,2,2022-05-31 09:05:29
1653987930086476000,73.6,1,73.5,64,73.6,22,1,2022-05-31 09:05:30
1653987930405999000,73.5,3,73.5,61,73.6,22,2,2022-05-31 09:05:30
1653987931202690000,73.5,1,73.5,60,73.6,23,2,2022-05-31 09:05:31
1653987931317445000,73.5,2,73.5,58,73.6,24,2,2022-05-31 09:05:31
1653987932732024000,73.5,1,73.5,41,73.6,25,2,2022-05-31 09:05:32
1653987933192683000,73.5,10,73.5,31,73.6,25,2,2022-05-31 09:05:33
1653987933306495000,73.5,1,73.5,30,73.6,25,2,2022-05-31 09:05:33
1653987933731361000,73.5,1,73.5,29,73.6,25,2,2022-05-31 09:05:33
1653987934121286000,73.5,31,73.4,9,73.6,25,2,2022-05-31 09:05:34
1653987934121286000,73.4,19,73.4,9,73.6,25,2,2022-05-31 09:05:34
1653987934320167000,73.5,3,73.4,9,73.5,1,1,2022-05-31 09:05:34
1653987934393745000,73.4,1,73.4,8,73.6,25,2,2022-05-31 09:05:34
1653987934399429000,73.4,1,73.4,7,73.6,25,2,2022-05-31 09:05:34
1653987935771190000,73.4,2,73.4,7,73.5,29,2,2022-05-31 09:05:35
1653987936373062000,73.5,1,73.4,7,73.5,31,1,2022-05-31 09:05:36
1653987936459346000,73.5,5,73.4,7,73.5,27,1,2022-05-31 09:05:36
1653987936540520000,73.4,2,73.4,5,73.5,29,2,2022-05-31 09:05:36
1653987936804355000,73.5,1,73.4,6,73.5,31,1,2022-05-31 09:05:36
1653987937748508000,73.4,5,73.4,1,73.5,32,2,2022-05-31 09:05:37
1653987937794919000,73.4,1,73.3,13,73.5,32,2,2022-05-31 09:05:37
1653987937900598000,73.4,1,73.3,14,73.5,34,1,2022-05-31 09:05:37
1653987938210417000,73.5,2,73.3,13,73.5,32,1,2022-05-31 09:05:38
1653987938411714000,73.3,2,73.3,11,73.5,32,2,2022-05-31 09:05:38
1653987938839111000,73.4,2,73.3,11,73.4,8,1,2022-05-31 09:05:38
1653987938860172000,73.4,1,73.3,12,73.4,7,1,2022-05-31 09:05:38
1653987938880100000,73.4,7,73.3,12,73.5,33,1,2022-05-31 09:05:38
1653987938992955000,73.4,1,73.3,12,73.5,33,1,2022-05-31 09:05:38
1653987939173201000,73.5,1,73.3,12,73.5,32,1,2022-05-31 09:05:39
1653987939466555000,73.3,3,73.3,9,73.5,32,2,2022-05-31 09:05:39
1653987939991512000,73.4,1,73.3,8,73.5,33,2,2022-05-31 09:05:39
1653987940039793000,73.3,4,73.3,4,73.5,34,2,2022-05-31 09:05:40
1653987940084818000,73.3,1,73.3,3,73.5,34,2,2022-05-31 09:05:40
1653987941538760000,73.4,2,73.3,5,73.4,3,1,2022-05-31 09:05:41
1653987941742223000,73.3,1,73.3,6,73.4,3,2,2022-05-31 09:05:41
1653987942159306000,73.4,2,73.3,13,73.4,1,1,2022-05-31 09:05:42
1653987942190028000,73.4,1,73.3,13,73.5,37,1,2022-05-31 09:05:42
1653987942242235000,73.5,1,73.3,12,73.5,36,1,2022-05-31 09:05:42
1653987942801009000,73.4,1,73.3,16,73.5,34,2,2022-05-31 09:05:42
1653987943519410000,73.4,1,73.4,9,73.5,55,2,2022-05-31 09:05:43
1653987943826873000,73.4,5,73.4,4,73.5,56,2,2022-05-31 09:05:43
1653987944166563000,73.4,4,73.3,25,73.4,1,2,2022-05-31 09:05:44
1653987944786650000,73.3,1,73.3,28,73.4,11,2,2022-05-31 09:05:44
1653987945074860000,73.4,1,73.3,28,73.4,10,1,2022-05-31 09:05:45
1653987945111800000,73.3,2,73.3,26,73.4,10,2,2022-05-31 09:05:45
1653987945356158000,73.4,10,73.3,26,73.5,66,1,2022-05-31 09:05:45
1653987945974880000,73.4,1,73.3,27,73.5,66,1,2022-05-31 09:05:45
1653987946390784000,73.3,1,73.3,26,73.5,67,2,2022-05-31 09:05:46
1653987946661909000,73.3,1,73.3,25,73.4,1,2,2022-05-31 09:05:46
1653987946780684000,73.3,1,73.3,24,73.4,1,2,2022-05-31 09:05:46
1653987946853316000,73.4,1,73.3,24,73.5,67,1,2022-05-31 09:05:46
1653987947716186000,73.5,1,73.4,3,73.5,66,1,2022-05-31 09:05:47
1653987947722981000,73.4,3,73.3,28,73.4,1,2,2022-05-31 09:05:47
1653987948256958000,73.4,1,73.3,28,73.5,66,1,2022-05-31 09:05:48
1653987948540613000,73.3,1,73.3,27,73.5,66,2,2022-05-31 09:05:48
1653987948554099000,73.3,1,73.3,26,73.5,66,2,2022-05-31 09:05:48
1653987948687586000,73.5,2,73.3,26,73.5,64,1,2022-05-31 09:05:48
1653987949768703000,73.4,1,73.3,30,73.4,9,1,2022-05-31 09:05:49
1653987950089202000,73.3,5,73.3,25,73.4,9,2,2022-05-31 09:05:50
1653987950346819000,73.4,1,73.3,24,73.4,8,1,2022-05-31 09:05:50
1653987950637083000,73.4,2,73.3,24,73.4,19,1,2022-05-31 09:05:50
1653987950993778000,73.4,5,73.3,24,73.4,17,1,2022-05-31 09:05:50
1653987951028690000,73.4,17,73.3,26,73.5,64,1,2022-05-31 09:05:51
1653987952444467000,73.4,2,73.4,19,73.5,69,2,2022-05-31 09:05:52
1653987952580832000,73.4,1,73.4,18,73.5,69,2,2022-05-31 09:05:52
1653987954263503000,73.4,1,73.4,23,73.5,71,2,2022-05-31 09:05:54
1653987954512732000,73.4,2,73.4,22,73.5,69,2,2022-05-31 09:05:54
1653987955540551000,73.4,1,73.4,24,73.5,68,2,2022-05-31 09:05:55
1653987955728488000,73.4,1,73.4,23,73.5,68,2,2022-05-31 09:05:55
1653987955786439000,73.4,2,73.4,21,73.5,68,2,2022-05-31 09:05:55
1653987958226147000,73.4,5,73.4,23,73.5,69,2,2022-05-31 09:05:58
1653987958439688000,73.4,10,73.4,13,73.5,69,2,2022-05-31 09:05:58
1653987959246877000,73.4,1,73.4,15,73.5,69,2,2022-05-31 09:05:59
1653987959828037000,73.4,1,73.4,14,73.5,69,2,2022-05-31 09:05:59
1653987960060854000,73.4,5,73.4,9,73.5,69,2,2022-05-31 09:06:00
1653987960314627000,73.4,5,73.4,4,73.5,69,2,2022-05-31 09:06:00
1653987960661779000,73.4,1,73.4,3,73.5,69,2,2022-05-31 09:06:00
1653987960683041000,73.4,1,73.4,2,73.5,69,2,2022-05-31 09:06:00
1653987961168912000,73.4,2,73.3,48,73.4,3,2,2022-05-31 09:06:01
1653987961466475000,73.4,1,73.3,47,73.4,6,1,2022-05-31 09:06:01
1653987962238121000,73.3,2,73.3,42,73.4,9,2,2022-05-31 09:06:02
1653987962376049000,73.3,17,73.3,25,73.4,11,2,2022-05-31 09:06:02
1653987962410541000,73.3,25,73.2,37,73.4,12,2,2022-05-31 09:06:02
1653987962597775000,73.2,13,73.2,24,73.3,42,2,2022-05-31 09:06:02
1653987962809802000,73.2,4,73.2,20,73.3,42,2,2022-05-31 09:06:02
1653987962958217000,73.2,2,73.2,18,73.3,42,2,2022-05-31 09:06:02
