ts,close,volume,bid_price,bid_volume,ask_price,ask_volume,tick_type,datetime
1653987603301636000,209.5,442,209.0,23,209.5,22,2,2022-05-31 09:00:03
1653987603338179000,209.0,12,209.0,11,209.5,22,2,2022-05-31 09:00:03
1653987603367329000,209.0,11,208.5,21,209.5,22,2,2022-05-31 09:00:03
1653987603670954000,208.5,1,208.5,20,209.5,22,2,2022-05-31 09:00:03
1653987603876589000,208.5,2,208.5,18,209.5,22,2,2022-05-31 09:00:03
1653987604354406000,209.5,1,208.5,18,209.5,21,1,2022-05-31 09:00:04
1653987604949582000,209.5,1,208.5,18,209.5,20,1,2022-05-31 09:00:04
1653987605225808000,208.5,2,208.5,16,209.5,20,2,2022-05-31 09:00:05
1653987605347964000,209.5,3,208.5,16,209.5,17,1,2022-05-31 09:00:05
1653987608296718000,208.5,17,208.0,43,208.5,3,2,2022-05-31 09:00:08
1653987608326600000,208.5,3,208.0,43,209.5,18,1,2022-05-31 09:00:08
1653987608576635000,209.5,3,208.0,43,209.5,35,1,2022-05-31 09:00:08
1653987608721591000,208.0,1,208.0,42,209.5,35,2,2022-05-31 09:00:08
1653987609170451000,208.0,4,208.0,38,209.5,35,2,2022-05-31 09:00:09
1653987609771329000,208.0,2,208.0,36,209.5,35,2,2022-05-31 09:00:09
1653987611520808000,208.0,1,208.0,36,209.0,10,2,2022-05-31 09:00:11
1653987612872681000,209.0,1,208.0,36,209.0,29,1,2022-05-31 09:00:12
1653987612893922000,208.0,1,208.0,35,209.0,29,2,2022-05-31 09:00:12
1653987613092795000,209.0,1,208.0,36,209.0,28,1,2022-05-31 09:00:13
1653987613197886000,208.5,1,208.0,36,209.0,28,2,2022-05-31 09:00:13
1653987613765661000,209.0,1,208.0,36,209.0,27,1,2022-05-31 09:00:13
1653987613891225000,208.0,1,208.0,35,209.0,27,2,2022-05-31 09:00:13
1653987613945830000,208.5,1,208.0,35,209.0,27,2,2022-05-31 09:00:13
1653987614264073000,208.0,5,208.0,30,209.0,27,2,2022-05-31 09:00:14
1653987615718473000,208.0,1,208.0,30,209.0,28,2,2022-05-31 09:00:15
1653987615824264000,208.0,1,208.0,29,209.0,28,2,2022-05-31 09:00:15
1653987616392315000,208.0,1,208.0,28,209.0,28,2,2022-05-31 09:00:16
1653987616539148000,209.0,1,208.0,28,209.0,27,1,2022-05-31 09:00:16
1653987616630946000,208.0,1,208.0,27,209.0,27,2,2022-05-31 09:00:16
1653987616706320000,208.0,1,208.0,26,208.5,1,2,2022-05-31 09:00:16
1653987617597389000,208.5,1,208.0,27,209.0,27,1,2022-05-31 09:00:17
1653987619205140000,209.0,1,208.5,12,209.0,27,1,2022-05-31 09:00:19
1653987619212781000,208.5,1,208.5,11,209.0,27,2,2022-05-31 09:00:19
1653987620235104000,208.5,1,208.5,15,209.0,27,2,2022-05-31 09:00:20
1653987620772614000,209.0,1,208.5,15,209.0,26,1,2022-05-31 09:00:20
1653987621126157000,209.0,1,208.5,17,209.0,25,1,2022-05-31 09:00:21
1653987621293413000,209.0,1,208.5,17,209.0,24,1,2022-05-31 09:00:21
1653987621648381000,208.5,1,208.5,16,209.0,29,2,2022-05-31 09:00:21
1653987622778995000,208.5,1,208.5,18,209.0,29,2,2022-05-31 09:00:22
1653987622973363000,209.0,1,208.5,21,209.0,28,1,2022-05-31 09:00:22
1653987623059001000,208.5,1,208.5,20,209.0,78,2,2022-05-31 09:00:23
1653987623096042000,208.5,5,208.5,15,209.0,78,2,2022-05-31 09:00:23
1653987623096063000,208.5,9,208.5,6,209.0,78,2,2022-05-31 09:00:23
1653987623119403000,208.5,1,208.5,5,209.0,78,2,2022-05-31 09:00:23
1653987623126781000,208.5,5,208.0,51,209.0,78,2,2022-05-31 09:00:23
1653987623346025000,208.5,1,208.0,51,209.0,78,2,2022-05-31 09:00:23
1653987623586475000,208.5,1,208.5,1,209.0,79,2,2022-05-31 09:00:23
1653987623639619000,208.5,1,208.0,51,209.0,79,2,2022-05-31 09:00:23
1653987625377261000,208.5,5,208.0,44,209.0,80,2,2022-05-31 09:00:25
1653987625377261000,208.0,7,208.0,44,209.0,80,2,2022-05-31 09:00:25
1653987625956756000,209.0,1,208.5,4,209.0,79,1,2022-05-31 09:00:25
1653987626377694000,208.5,1,208.5,5,209.0,129,2,2022-05-31 09:00:26
1653987627023412000,208.5,1,208.5,6,209.0,129,2,2022-05-31 09:00:27
1653987627114718000,208.5,3,208.5,3,209.0,129,2,2022-05-31 09:00:27
1653987627214553000,208.5,4,208.0,45,209.0,129,2,2022-05-31 09:00:27
1653987627591623000,209.0,20,208.5,7,209.0,109,1,2022-05-31 09:00:27
1653987628050365000,208.5,1,208.5,10,209.0,112,2,2022-05-31 09:00:28
1653987628079360000,208.5,3,208.5,7,209.0,112,2,2022-05-31 09:00:28
1653987628683892000,209.0,12,208.5,10,209.0,100,1,2022-05-31 09:00:28
1653987629177386000,208.5,4,208.5,6,209.0,101,2,2022-05-31 09:00:29
1653987629197149000,208.5,2,208.5,4,209.0,101,2,2022-05-31 09:00:29
1653987629736819000,209.0,1,208.5,6,209.0,102,1,2022-05-31 09:00:29
1653987630003194000,208.5,1,208.5,5,209.0,103,2,2022-05-31 09:00:30
1653987630461990000,208.5,4,208.5,3,209.0,103,2,2022-05-31 09:00:30
1653987630741333000,209.0,1,208.5,7,209.0,102,1,2022-05-31 09:00:30
1653987631096982000,208.5,1,208.5,7,209.0,102,2,2022-05-31 09:00:31
1653987631266628000,208.5,1,208.5,6,209.0,102,2,2022-05-31 09:00:31
1653987631604345000,209.0,1,208.5,8,209.0,101,1,2022-05-31 09:00:31
1653987631853911000,209.0,1,208.5,8,209.0,100,1,2022-05-31 09:00:31
1653987632011354000,208.5,1,208.5,7,209.0,100,2,2022-05-31 09:00:32
1653987633174421000,208.5,1,208.5,15,209.0,102,2,2022-05-31 09:00:33
1653987633445141000,209.0,1,208.5,18,209.0,101,1,2022-05-31 09:00:33
1653987633657759000,209.0,1,208.5,22,209.0,100,1,2022-05-31 09:00:33
1653987636817949000,209.0,1,208.5,51,209.0,99,1,2022-05-31 09:00:36
1653987636972308000,209.0,1,208.5,51,209.0,99,1,2022-05-31 09:00:36
1653987637312557000,208.5,2,208.5,49,209.0,99,2,2022-05-31 09:00:37
1653987637820716000,209.0,1,208.5,53,209.0,98,1,2022-05-31 09:00:37
1653987637874364000,209.0,1,208.5,53,209.0,97,1,2022-05-31 09:00:37
1653987638092762000,209.0,1,208.5,53,209.0,96,1,2022-05-31 09:00:38
1653987638152597000,209.0,1,208.5,53,209.0,95,1,2022-05-31 09:00:38
1653987638212146000,209.0,1,208.5,53,209.0,96,1,2022-05-31 09:00:38
1653987638212474000,209.0,3,208.5,53,209.0,93,1,2022-05-31 09:00:38
1653987639479701000,208.5,2,208.5,56,209.0,94,2,2022-05-31 09:00:39
1653987639513449000,209.0,1,208.5,56,209.0,93,1,2022-05-31 09:00:39
1653987639926615000,209.0,1,208.5,58,209.0,92,1,2022-05-31 09:00:39
1653987640079964000,209.0,1,208.5,58,209.0,91,1,2022-05-31 09:00:40
1653987640953052000,209.0,93,209.0,95,209.5,41,1,2022-05-31 09:00:40
1653987641186533000,209.0,1,209.0,95,209.5,41,2,2022-05-31 09:00:41
1653987642572950000,209.0,1,209.0,107,209.5,42,2,2022-05-31 09:00:42
1653987643274015000,209.5,1,209.0,105,209.5,41,1,2022-05-31 09:00:43
1653987644942174000,209.5,1,209.0,122,209.5,39,1,2022-05-31 09:00:44
1653987644958672000,209.5,1,209.0,123,209.5,38,1,2022-05-31 09:00:44
1653987645016049000,209.5,2,209.0,123,209.5,36,1,2022-05-31 09:00:45
1653987645082946000,209.5,1,209.0,124,209.5,35,1,2022-05-31 09:00:45
1653987645400832000,209.5,1,209.0,124,209.5,34,1,2022-05-31 09:00:45
1653987645754309000,209.0,1,209.0,125,209.5,34,2,2022-05-31 09:00:45
1653987645756408000,209.5,3,209.0,125,209.5,31,1,2022-05-31 09:00:45
1653987645828875000,209.5,1,209.0,125,209.5,30,1,2022-05-31 09:00:45
1653987645854222000,209.0,1,209.0,124,209.5,30,2,2022-05-31 09:00:45
1653987646271850000,209.5,1,209.0,125,209.5,29,1,2022-05-31 09:00:46
1653987646325595000,209.5,1,209.0,125,209.5,28,1,2022-05-31 09:00:46
1653987646338134000,209.5,2,209.0,125,209.5,26,1,2022-05-31 09:00:46
1653987646380097000,209.5,1,209.0,125,209.5,25,1,2022-05-31 09:00:46
1653987646579697000,209.5,1,209.0,125,209.5,24,1,2022-05-31 09:00:46
1653987646638903000,209.0,1,209.0,124,209.5,24,2,2022-05-31 09:00:46
1653987646669658000,209.5,1,209.0,124,209.5,23,1,2022-05-31 09:00:46
1653987646742273000,209.5,2,209.0,124,209.5,21,1,2022-05-31 09:00:46
1653987646950893000,209.5,2,209.0,134,209.5,19,1,2022-05-31 09:00:46
1653987646972237000,209.5,1,209.0,134,209.5,18,1,2022-05-31 09:00:46
1653987647219875000,209.0,1,209.0,133,209.5,18,2,2022-05-31 09:00:47
1653987647276681000,209.5,1,209.0,133,209.5,17,1,2022-05-31 09:00:47
1653987647370364000,209.5,1,209.0,133,209.5,16,1,2022-05-31 09:00:47
1653987647612367000,209.5,1,209.0,133,209.5,15,1,2022-05-31 09:00:47
1653987647640934000,209.5,1,209.0,132,209.5,14,1,2022-05-31 09:00:47
1653987648075775000,209.5,10,209.0,132,209.5,4,1,2022-05-31 09:00:48
1653987648261976000,209.5,1,209.0,132,209.5,3,1,2022-05-31 09:00:48
1653987648291992000,209.5,2,209.0,132,209.5,1,1,2022-05-31 09:00:48
1653987648320439000,209.5,1,209.5,2,210.0,55,1,2022-05-31 09:00:48
1653987648351234000,209.5,2,209.0,132,210.0,55,2,2022-05-31 09:00:48
1653987649205540000,210.0,5,209.5,11,210.0,50,1,2022-05-31 09:00:49
1653987649489332000,209.5,1,209.5,12,210.0,50,2,2022-05-31 09:00:49
1653987650108610000,210.0,2,209.5,14,210.0,47,1,2022-05-31 09:00:50
1653987650591740000,209.5,1,209.5,17,210.0,47,2,2022-05-31 09:00:50
1653987650799110000,210.0,1,209.5,19,210.0,46,1,2022-05-31 09:00:50
1653987650966584000,210.0,1,209.5,22,210.0,45,1,2022-05-31 09:00:50
1653987651337248000,210.0,2,209.5,25,210.0,43,1,2022-05-31 09:00:51
1653987652163817000,210.0,1,209.5,28,210.0,42,1,2022-05-31 09:00:52
1653987652749715000,209.5,1,209.5,38,210.0,45,2,2022-05-31 09:00:52
1653987653145686000,210.0,1,209.5,42,210.0,44,1,2022-05-31 09:00:53
1653987653206266000,210.0,2,209.5,42,210.0,42,1,2022-05-31 09:00:53
1653987653824089000,210.0,1,209.5,43,210.0,41,1,2022-05-31 09:00:53
1653987654230542000,210.0,1,209.5,44,210.0,40,1,2022-05-31 09:00:54
1653987654844085000,210.0,1,209.5,66,210.0,39,1,2022-05-31 09:00:54
1653987655388377000,210.0,1,209.5,66,210.0,38,1,2022-05-31 09:00:55
1653987655390511000,210.0,1,209.5,66,210.0,37,1,2022-05-31 09:00:55
1653987655404202000,210.0,1,209.5,66,210.0,36,1,2022-05-31 09:00:55
1653987655790975000,210.0,1,209.5,67,210.0,35,1,2022-05-31 09:00:55
1653987656062866000,209.5,2,209.5,65,210.0,35,2,2022-05-31 09:00:56
1653987656310661000,210.0,1,209.5,66,210.0,34,1,2022-05-31 09:00:56
1653987656517615000,210.0,1,209.5,67,210.0,33,1,2022-05-31 09:00:56
1653987656546046000,210.0,1,209.5,66,210.0,32,1,2022-05-31 09:00:56
1653987656546440000,210.0,1,209.5,66,210.0,31,1,2022-05-31 09:00:56
1653987656666549000,210.0,1,209.5,66,210.0,30,1,2022-05-31 09:00:56
1653987656666577000,210.0,1,209.5,66,210.0,29,1,2022-05-31 09:00:56
1653987656825843000,210.0,1,209.5,66,210.0,28,1,2022-05-31 09:00:56
1653987656914389000,210.0,1,209.5,66,210.0,27,1,2022-05-31 09:00:56
1653987656963062000,210.0,1,209.5,66,210.0,26,1,2022-05-31 09:00:56
1653987657249089000,210.0,1,209.5,67,210.0,25,1,2022-05-31 09:00:57
1653987657515720000,210.0,3,209.5,68,210.0,22,1,2022-05-31 09:00:57
1653987657583413000,210.0,1,209.5,68,210.0,21,1,2022-05-31 09:00:57
1653987657678772000,210.0,1,209.5,68,210.0,20,1,2022-05-31 09:00:57
1653987657715666000,210.0,1,209.5,68,210.0,19,1,2022-05-31 09:00:57
1653987657788221000,210.0,1,209.5,68,210.0,18,1,2022-05-31 09:00:57
1653987658044757000,210.0,2,209.5,72,210.0,17,1,2022-05-31 09:00:58
1653987658150627000,210.0,1,209.5,72,210.0,16,1,2022-05-31 09:00:58
1653987658288738000,210.0,2,209.5,70,210.0,14,1,2022-05-31 09:00:58
1653987658577813000,210.0,4,209.5,72,210.0,10,1,2022-05-31 09:00:58
1653987658604175000,210.0,1,209.5,72,210.0,9,1,2022-05-31 09:00:58
1653987658620634000,210.0,4,209.5,72,210.0,5,1,2022-05-31 09:00:58
1653987658757883000,210.0,1,209.5,73,210.0,4,1,2022-05-31 09:00:58
1653987658809399000,210.0,1,209.5,73,210.0,3,1,2022-05-31 09:00:58
1653987658900041000,210.0,1,209.5,74,210.0,2,1,2022-05-31 09:00:58
1653987658911121000,210.0,1,209.5,74,210.0,1,1,2022-05-31 09:00:58
1653987658955599000,210.0,1,209.5,74,210.5,12,1,2022-05-31 09:00:58
1653987659059710000,210.0,1,210.0,1,210.5,13,2,2022-05-31 09:00:59
1653987659628064000,210.0,8,210.0,8,210.5,16,2,2022-05-31 09:00:59
1653987660009483000,210.5,1,210.0,10,210.5,15,1,2022-05-31 09:01:00
1653987660481772000,210.0,3,210.0,18,210.5,15,2,2022-05-31 09:01:00
1653987660498651000,210.0,1,210.0,22,210.5,15,2,2022-05-31 09:01:00
1653987660718808000,210.0,24,209.5,80,210.5,20,2,2022-05-31 09:01:00
1653987660817618000,210.0,1,209.5,80,210.5,20,2,2022-05-31 09:01:00
1653987660921587000,210.0,1,209.5,80,210.5,21,2,2022-05-31 09:01:00
1653987660985269000,210.5,1,209.5,80,210.5,20,1,2022-05-31 09:01:00
1653987661665108000,210.0,1,209.5,80,210.5,25,1,2022-05-31 09:01:01
1653987661808349000,210.0,1,209.5,78,210.5,25,2,2022-05-31 09:01:01
1653987661872009000,210.0,1,209.5,78,210.5,25,2,2022-05-31 09:01:01
1653987661925164000,210.5,1,209.5,78,210.5,24,1,2022-05-31 09:01:01
1653987662184454000,210.0,1,209.5,67,210.5,24,2,2022-05-31 09:01:02
1653987662184454000,209.5,11,209.5,67,210.5,24,2,2022-05-31 09:01:02
1653987662327834000,210.0,1,209.5,68,210.5,24,2,2022-05-31 09:01:02
1653987662566308000,210.0,1,209.5,69,210.5,21,1,2022-05-31 09:01:02
1653987662653818000,210.0,1,209.5,69,210.5,21,2,2022-05-31 09:01:02
1653987662787500000,209.5,1,209.5,68,210.0,1,2,2022-05-31 09:01:02
1653987663057906000,210.0,1,209.5,68,210.5,21,1,2022-05-31 09:01:03
1653987663103861000,210.0,2,209.5,68,210.5,21,2,2022-05-31 09:01:03
1653987663111985000,210.5,3,209.5,68,210.5,18,1,2022-05-31 09:01:03
1653987663357505000,210.0,1,209.5,70,210.0,16,1,2022-05-31 09:01:03
1653987663435182000,210.0,1,209.5,70,210.0,15,1,2022-05-31 09:01:03
1653987663795127000,210.0,1,209.5,70,210.0,15,1,2022-05-31 09:01:03
1653987663818634000,210.0,5,209.5,70,210.0,10,1,2022-05-31 09:01:03
1653987663853386000,210.0,10,209.5,70,210.5,19,1,2022-05-31 09:01:03
1653987664102583000,210.0,1,209.5,1,210.5,70,2,2022-05-31 09:01:04
1653987664102583000,209.5,69,209.5,1,210.5,70,2,2022-05-31 09:01:04
1653987664219641000,210.5,1,209.5,1,210.5,69,1,2022-05-31 09:01:04
1653987664229928000,210.5,1,209.5,1,210.5,68,1,2022-05-31 09:01:04
1653987664431749000,210.5,1,209.5,2,210.5,67,1,2022-05-31 09:01:04
1653987664489565000,210.5,1,209.5,3,210.5,66,1,2022-05-31 09:01:04
1653987664683981000,210.0,1,209.5,4,210.5,66,1,2022-05-31 09:01:04
1653987664910496000,210.5,2,209.5,4,210.5,64,1,2022-05-31 09:01:04
1653987665137243000,210.0,1,209.5,4,210.0,3,1,2022-05-31 09:01:05
1653987665323383000,209.5,1,209.5,3,210.0,11,2,2022-05-31 09:01:05
1653987665962364000,210.0,1,209.5,4,210.0,14,1,2022-05-31 09:01:05
1653987666016979000,210.0,1,209.5,4,210.0,13,1,2022-05-31 09:01:06
1653987666039411000,210.0,1,209.5,4,210.0,12,1,2022-05-31 09:01:06
1653987666350034000,209.5,5,209.0,158,210.0,12,2,2022-05-31 09:01:06
1653987666788256000,210.0,1,209.0,159,210.0,12,1,2022-05-31 09:01:06
1653987667233849000,210.0,1,209.5,2,210.0,11,1,2022-05-31 09:01:07
1653987667442252000,210.0,1,209.5,2,210.0,10,1,2022-05-31 09:01:07
1653987667500862000,210.0,2,209.5,2,210.0,8,1,2022-05-31 09:01:07
1653987668717545000,210.0,1,209.5,4,210.0,8,1,2022-05-31 09:01:08
1653987669058282000,210.0,2,209.5,5,210.0,6,1,2022-05-31 09:01:09
1653987669557429000,210.0,1,209.5,8,210.0,6,1,2022-05-31 09:01:09
1653987669573650000,210.0,1,209.5,8,210.0,5,1,2022-05-31 09:01:09
1653987669943433000,210.0,1,209.5,10,210.0,6,1,2022-05-31 09:01:09
1653987670608908000,210.0,1,209.5,14,210.0,9,1,2022-05-31 09:01:10
1653987670688862000,210.0,1,209.5,14,210.0,8,1,2022-05-31 09:01:10
1653987670974499000,210.0,9,210.0,1,210.5,69,1,2022-05-31 09:01:10
1653987670999627000,210.0,1,209.5,20,210.5,69,2,2022-05-31 09:01:10
1653987671204815000,210.0,1,209.5,20,210.5,69,2,2022-05-31 09:01:11
1653987671358501000,210.0,3,210.0,1,210.5,69,2,2022-05-31 09:01:11
1653987671389181000,210.0,1,209.5,21,210.5,69,2,2022-05-31 09:01:11
1653987671846470000,210.0,1,209.5,21,210.0,3,1,2022-05-31 09:01:11
1653987671883436000,210.0,3,209.5,21,210.5,69,1,2022-05-31 09:01:11
1653987671955307000,209.5,2,209.5,20,210.5,69,2,2022-05-31 09:01:11
1653987672010831000,210.0,1,209.5,20,210.5,69,2,2022-05-31 09:01:12
1653987672157703000,210.0,1,210.0,1,210.5,69,1,2022-05-31 09:01:12
1653987672259036000,210.0,2,210.0,1,210.5,69,2,2022-05-31 09:01:12
1653987672796586000,210.0,2,210.0,4,210.5,69,2,2022-05-31 09:01:12
1653987673118862000,210.0,1,210.0,4,210.5,69,2,2022-05-31 09:01:13
1653987673277056000,210.0,1,210.0,3,210.5,69,2,2022-05-31 09:01:13
1653987673699566000,210.0,5,209.5,24,210.5,69,2,2022-05-31 09:01:13
1653987673699566000,209.5,5,209.5,24,210.5,69,2,2022-05-31 09:01:13
1653987673749692000,210.5,2,209.5,23,210.5,67,1,2022-05-31 09:01:13
1653987673817279000,210.0,1,209.5,23,210.0,2,2,2022-05-31 09:01:13
1653987673858100000,210.0,1,209.5,23,210.0,1,1,2022-05-31 09:01:13
1653987675006175000,210.0,1,209.5,26,210.5,69,1,2022-05-31 09:01:15
1653987675195715000,210.0,1,209.5,26,210.0,9,2,2022-05-31 09:01:15
1653987675425957000,210.0,2,209.5,26,210.0,23,1,2022-05-31 09:01:15
1653987675886827000,210.0,1,209.5,27,210.0,24,1,2022-05-31 09:01:15
1653987676627014000,210.0,1,209.5,28,210.0,49,1,2022-05-31 09:01:16
1653987676683342000,209.5,16,209.5,13,210.0,49,2,2022-05-31 09:01:16
1653987676714972000,209.5,1,209.5,12,210.0,49,2,2022-05-31 09:01:16
1653987676717393000,209.5,1,209.5,11,210.0,49,2,2022-05-31 09:01:16
1653987677612150000,210.0,1,209.5,13,210.0,49,1,2022-05-31 09:01:17
1653987677781598000,210.0,1,209.5,14,210.0,48,1,2022-05-31 09:01:17
1653987677801932000,210.0,1,209.5,14,210.0,47,1,2022-05-31 09:01:17
1653987677891792000,210.0,1,209.5,14,210.0,46,1,2022-05-31 09:01:17
1653987679429462000,210.0,1,209.5,17,210.0,53,1,2022-05-31 09:01:19
1653987679463853000,209.5,1,209.5,17,210.0,53,2,2022-05-31 09:01:19
1653987679917788000,210.0,2,209.5,18,210.0,51,1,2022-05-31 09:01:19
1653987680182608000,209.5,3,209.5,15,210.0,48,2,2022-05-31 09:01:20
1653987680487981000,210.0,1,209.5,15,210.0,48,1,2022-05-31 09:01:20
1653987680568244000,209.5,5,209.5,11,210.0,48,2,2022-05-31 09:01:20
1653987681004871000,209.5,1,209.5,10,210.0,48,2,2022-05-31 09:01:21
1653987681321522000,209.5,5,209.5,7,210.0,49,2,2022-05-31 09:01:21
1653987681353340000,209.5,1,209.5,6,210.0,49,2,2022-05-31 09:01:21
1653987681483869000,210.0,1,209.5,7,210.0,48,1,2022-05-31 09:01:21
1653987681737889000,209.5,1,209.5,7,210.0,54,2,2022-05-31 09:01:21
1653987682306376000,209.5,1,209.5,9,210.0,60,2,2022-05-31 09:01:22
1653987683309035000,209.5,1,209.5,10,210.0,61,2,2022-05-31 09:01:23
1653987683496451000,209.5,1,209.5,12,210.0,64,2,2022-05-31 09:01:23
1653987684137349000,209.5,12,209.0,205,210.0,67,2,2022-05-31 09:01:24
1653987684428803000,209.5,1,209.0,204,210.0,67,1,2022-05-31 09:01:24
1653987684439250000,210.0,1,209.0,204,210.0,66,1,2022-05-31 09:01:24
1653987685754546000,209.5,2,209.5,2,210.0,67,2,2022-05-31 09:01:25
1653987685779207000,209.5,1,209.5,1,210.0,67,2,2022-05-31 09:01:25
1653987685801550000,210.0,2,209.5,1,210.0,65,1,2022-05-31 09:01:25
1653987686213102000,209.5,1,209.0,207,210.0,65,2,2022-05-31 09:01:26
1653987686895504000,209.5,1,209.0,203,210.0,66,2,2022-05-31 09:01:26
1653987687950071000,209.5,1,209.0,201,209.5,3,1,2022-05-31 09:01:27
1653987688110828000,209.5,1,209.0,201,209.5,2,1,2022-05-31 09:01:28
1653987688442350000,209.5,2,209.5,5,210.0,64,1,2022-05-31 09:01:28
1653987689040414000,209.5,1,209.5,4,210.0,66,2,2022-05-31 09:01:29
1653987689709581000,209.5,4,209.5,15,210.0,67,2,2022-05-31 09:01:29
1653987689742841000,209.5,1,209.5,14,210.0,67,2,2022-05-31 09:01:29
1653987689744765000,209.5,1,209.5,13,210.0,67,2,2022-05-31 09:01:29
1653987689909918000,209.5,1,209.5,17,210.0,67,2,2022-05-31 09:01:29
1653987690203714000,209.5,1,209.5,16,210.0,67,2,2022-05-31 09:01:30
1653987690470628000,209.5,1,209.5,15,210.0,67,2,2022-05-31 09:01:30
1653987691149923000,209.5,2,209.5,15,210.0,67,2,2022-05-31 09:01:31
1653987692074683000,210.0,2,209.5,16,210.0,65,1,2022-05-31 09:01:32
1653987692478749000,209.5,1,209.5,31,210.0,67,2,2022-05-31 09:01:32
1653987692503954000,209.5,5,209.5,26,210.0,67,2,2022-05-31 09:01:32
1653987692798863000,209.5,1,209.5,25,210.0,67,2,2022-05-31 09:01:32
1653987693461201000,209.5,1,209.5,39,210.0,67,2,2022-05-31 09:01:33
1653987695586790000,209.5,1,209.5,49,210.0,63,2,2022-05-31 09:01:35
1653987695629251000,209.5,1,209.5,48,210.0,63,2,2022-05-31 09:01:35
1653987696303785000,209.5,5,209.5,48,210.0,63,2,2022-05-31 09:01:36
1653987696334436000,209.5,20,209.5,28,210.0,63,2,2022-05-31 09:01:36
1653987696368513000,209.5,1,209.5,27,210.0,63,2,2022-05-31 09:01:36
1653987696370558000,209.5,1,209.5,26,210.0,63,2,2022-05-31 09:01:36
1653987699060211000,209.5,3,209.5,24,210.0,69,2,2022-05-31 09:01:39
1653987699772791000,209.5,1,209.5,24,210.0,69,2,2022-05-31 09:01:39
1653987700318345000,210.0,3,209.5,26,210.0,67,1,2022-05-31 09:01:40
1653987700509460000,209.5,5,209.5,21,210.0,67,2,2022-05-31 09:01:40
1653987700760295000,209.5,2,209.5,19,210.0,67,2,2022-05-31 09:01:40
1653987701940533000,209.5,1,209.5,37,210.0,67,2,2022-05-31 09:01:41
1653987702856149000,209.5,1,209.5,37,210.0,70,2,2022-05-31 09:01:42
1653987703368276000,209.5,2,209.5,37,210.0,70,2,2022-05-31 09:01:43
1653987703832688000,209.5,1,209.5,36,210.0,71,2,2022-05-31 09:01:43
1653987703853540000,209.5,1,209.5,35,210.0,71,2,2022-05-31 09:01:43
1653987705169758000,209.5,1,209.5,37,210.0,71,2,2022-05-31 09:01:45
1653987706244464000,209.5,2,209.5,36,210.0,71,2,2022-05-31 09:01:46
1653987706588616000,209.5,10,209.5,26,210.0,71,2,2022-05-31 09:01:46
1653987706615747000,209.5,26,209.0,213,210.0,71,2,2022-05-31 09:01:46
1653987706879586000,209.5,1,209.0,212,209.5,1,1,2022-05-31 09:01:46
1653987707023504000,209.0,1,209.0,211,210.0,71,2,2022-05-31 09:01:47
1653987707232904000,209.5,10,209.5,5,210.0,72,1,2022-05-31 09:01:47
1653987707355667000,210.0,30,209.5,5,210.0,42,1,2022-05-31 09:01:47
1653987707435030000,210.0,1,209.5,6,210.0,41,1,2022-05-31 09:01:47
1653987708027605000,209.5,1,209.5,6,210.0,41,2,2022-05-31 09:01:48
1653987708719053000,209.5,1,209.5,5,210.0,42,2,2022-05-31 09:01:48
1653987708729378000,209.5,1,209.5,4,210.0,42,2,2022-05-31 09:01:48
1653987708759018000,209.5,1,209.5,3,210.0,42,2,2022-05-31 09:01:48
1653987709228556000,209.5,1,209.5,2,210.0,53,2,2022-05-31 09:01:49
1653987710000200000,209.5,2,209.5,1,210.0,53,2,2022-05-31 09:01:50
1653987711379837000,209.5,3,209.5,21,210.0,83,2,2022-05-31 09:01:51
1653987711423217000,209.5,10,209.5,12,210.0,83,2,2022-05-31 09:01:51
1653987711446053000,209.5,1,209.5,11,210.0,83,2,2022-05-31 09:01:51
1653987712155835000,209.5,1,209.5,13,210.0,84,2,2022-05-31 09:01:52
1653987712583298000,209.5,1,209.5,12,210.0,84,2,2022-05-31 09:01:52
1653987713185228000,209.5,1,209.5,12,210.0,85,2,2022-05-31 09:01:53
1653987713499400000,209.5,1,209.5,11,210.0,85,2,2022-05-31 09:01:53
1653987715565782000,209.5,5,209.5,31,210.0,86,2,2022-05-31 09:01:55
1653987715731382000,209.5,31,209.0,208,209.5,19,2,2022-05-31 09:01:55
1653987715893926000,209.5,3,209.0,207,209.5,16,1,2022-05-31 09:01:55
1653987715934619000,209.0,1,209.0,207,209.5,16,2,2022-05-31 09:01:55
1653987715996110000,209.5,2,209.0,207,209.5,14,1,2022-05-31 09:01:55
1653987716341879000,209.5,1,209.0,207,209.5,13,1,2022-05-31 09:01:56
1653987717042664000,209.5,1,209.0,207,209.5,12,1,2022-05-31 09:01:57
1653987717306883000,209.5,1,209.0,207,209.5,11,1,2022-05-31 09:01:57
1653987717418289000,209.0,1,209.0,206,209.5,11,2,2022-05-31 09:01:57
1653987717515412000,209.0,2,209.0,204,209.5,12,2,2022-05-31 09:01:57
1653987717972281000,209.5,1,209.0,204,209.5,11,1,2022-05-31 09:01:57
1653987718494394000,209.5,1,209.0,204,209.5,10,1,2022-05-31 09:01:58
1653987718683732000,209.5,1,209.0,204,209.5,9,1,2022-05-31 09:01:58
1653987718716889000,209.5,2,209.0,204,209.5,7,1,2022-05-31 09:01:58
1653987718825394000,209.5,1,209.0,204,209.5,6,1,2022-05-31 09:01:58
1653987720039107000,209.5,1,209.0,204,209.5,11,1,2022-05-31 09:02:00
1653987720359873000,209.0,3,209.0,197,209.5,11,2,2022-05-31 09:02:00
1653987720376393000,209.0,3,209.0,194,209.5,11,2,2022-05-31 09:02:00
1653987720417718000,209.0,1,209.0,192,209.5,11,2,2022-05-31 09:02:00
1653987720859576000,209.5,1,209.0,192,209.5,10,1,2022-05-31 09:02:00
1653987721184325000,209.5,1,209.0,192,209.5,10,1,2022-05-31 09:02:01
1653987721382239000,209.0,3,209.0,189,209.5,10,2,2022-05-31 09:02:01
1653987721418112000,209.0,1,209.0,188,209.5,10,2,2022-05-31 09:02:01
1653987721484616000,209.5,1,209.0,187,209.5,9,1,2022-05-31 09:02:01
1653987722462282000,209.5,1,209.0,190,209.5,11,1,2022-05-31 09:02:02
1653987722943241000,209.5,1,209.0,189,209.5,21,1,2022-05-31 09:02:02
1653987723189423000,209.5,1,209.0,189,209.5,25,1,2022-05-31 09:02:03
1653987723197861000,209.5,1,209.0,189,209.5,24,1,2022-05-31 09:02:03
1653987725239079000,209.5,2,209.0,192,209.5,30,1,2022-05-31 09:02:05
1653987725655128000,209.5,1,209.0,192,209.5,31,1,2022-05-31 09:02:05
1653987725716994000,209.0,3,209.0,189,209.5,31,2,2022-05-31 09:02:05
1653987725741027000,209.0,1,209.0,188,209.5,31,2,2022-05-31 09:02:05
1653987726338712000,209.0,5,209.0,183,209.5,32,2,2022-05-31 09:02:06
1653987726357483000,209.5,2,209.0,183,209.5,30,1,2022-05-31 09:02:06
1653987726372715000,209.0,1,209.0,182,209.5,30,2,2022-05-31 09:02:06
1653987726383904000,209.0,1,209.0,181,209.5,30,2,2022-05-31 09:02:06
1653987728179829000,209.5,1,209.0,179,209.5,38,1,2022-05-31 09:02:08
1653987729321800000,209.5,2,209.0,179,209.5,36,1,2022-05-31 09:02:09
1653987730342524000,209.5,1,209.0,179,209.5,35,1,2022-05-31 09:02:10
1653987730743364000,209.5,2,209.0,182,209.5,33,1,2022-05-31 09:02:10
1653987731760997000,209.5,1,209.0,182,209.5,32,1,2022-05-31 09:02:11
1653987734578397000,209.5,1,209.0,183,209.5,35,1,2022-05-31 09:02:14
1653987735150746000,209.5,1,209.0,183,209.5,35,1,2022-05-31 09:02:15
1653987735195721000,209.0,1,209.0,182,209.5,35,2,2022-05-31 09:02:15
1653987735310296000,209.5,3,209.0,182,209.5,32,1,2022-05-31 09:02:15
1653987735453947000,209.0,50,209.0,132,209.5,32,2,2022-05-31 09:02:15
1653987735482454000,209.0,1,209.0,130,209.5,32,2,2022-05-31 09:02:15
1653987735485074000,209.0,1,209.0,129,209.5,32,2,2022-05-31 09:02:15
1653987735485163000,209.0,1,209.0,128,209.5,32,2,2022-05-31 09:02:15
1653987735492339000,209.0,1,209.0,127,209.5,32,2,2022-05-31 09:02:15
1653987735499098000,209.0,1,209.0,126,209.5,32,2,2022-05-31 09:02:15
1653987735551546000,209.5,1,209.0,126,209.5,31,1,2022-05-31 09:02:15
1653987735613421000,209.0,11,209.0,115,209.5,31,2,2022-05-31 09:02:15
1653987736105455000,209.5,1,209.0,115,209.5,32,1,2022-05-31 09:02:16
1653987736620023000,209.0,10,209.0,107,209.5,30,2,2022-05-31 09:02:16
1653987737218962000,209.5,2,209.0,108,209.5,31,1,2022-05-31 09:02:17
1653987737677940000,209.0,100,209.0,8,209.5,30,2,2022-05-31 09:02:17
1653987737709512000,209.0,8,208.5,91,209.5,32,2,2022-05-31 09:02:17
1653987737843213000,208.5,1,208.5,90,209.0,2,2,2022-05-31 09:02:17
1653987737956659000,209.0,1,208.5,91,209.0,5,1,2022-05-31 09:02:17
1653987737994566000,208.5,1,208.5,90,209.0,5,2,2022-05-31 09:02:17
1653987738002775000,208.5,1,208.5,89,209.0,5,2,2022-05-31 09:02:18
1653987738007934000,208.5,1,208.5,88,209.0,5,2,2022-05-31 09:02:18
1653987738008155000,208.5,1,208.5,87,209.0,5,2,2022-05-31 09:02:18
1653987738010142000,209.0,1,208.5,87,209.0,4,1,2022-05-31 09:02:18
1653987738028164000,208.5,1,208.5,86,209.0,4,2,2022-05-31 09:02:18
1653987738051859000,208.5,1,208.5,85,209.0,4,2,2022-05-31 09:02:18
1653987738071115000,208.5,1,208.5,84,209.0,4,2,2022-05-31 09:02:18
1653987738874853000,208.5,1,208.5,83,209.0,6,2,2022-05-31 09:02:18
1653987739372826000,209.0,1,208.5,83,209.0,6,1,2022-05-31 09:02:19
1653987740641294000,208.5,10,208.5,72,209.0,22,2,2022-05-31 09:02:20
1653987740682753000,208.5,1,208.5,71,209.0,25,2,2022-05-31 09:02:20
1653987740682985000,208.5,1,208.5,70,209.0,25,2,2022-05-31 09:02:20
1653987740720561000,208.5,67,208.0,140,209.0,36,2,2022-05-31 09:02:20
1653987740742276000,209.0,2,208.0,140,209.0,34,1,2022-05-31 09:02:20
1653987740851449000,208.5,1,208.0,139,208.5,11,1,2022-05-31 09:02:20
1653987741616134000,208.5,5,208.0,139,208.5,7,1,2022-05-31 09:02:21
1653987741660644000,208.0,1,208.0,138,208.5,7,2,2022-05-31 09:02:21
1653987741764036000,208.5,3,208.0,138,208.5,4,1,2022-05-31 09:02:21
1653987741888846000,208.0,1,208.0,137,208.5,4,2,2022-05-31 09:02:21
1653987742336735000,208.0,1,208.0,129,208.5,4,2,2022-05-31 09:02:22
1653987742777065000,208.5,2,208.0,129,208.5,2,1,2022-05-31 09:02:22
1653987742921840000,208.0,1,208.0,128,208.5,1,2,2022-05-31 09:02:22
1653987742996539000,208.5,3,208.0,123,209.0,95,1,2022-05-31 09:02:22
1653987742996539000,209.0,12,208.0,123,209.0,95,1,2022-05-31 09:02:22
1653987743955433000,208.5,1,208.0,124,209.0,105,2,2022-05-31 09:02:23
1653987744386764000,208.5,1,208.0,123,209.0,155,2,2022-05-31 09:02:24
1653987744911490000,208.0,1,208.0,119,209.0,156,2,2022-05-31 09:02:24
1653987744986093000,208.0,1,208.0,118,209.0,156,2,2022-05-31 09:02:24
1653987745396930000,208.5,1,208.0,118,209.0,157,2,2022-05-31 09:02:25
1653987746925221000,208.5,1,208.5,14,209.0,165,2,2022-05-31 09:02:26
1653987747043409000,208.5,5,208.5,9,209.0,165,2,2022-05-31 09:02:27
1653987747076386000,208.5,9,208.0,119,209.0,165,2,2022-05-31 09:02:27
1653987747556014000,208.0,1,208.0,117,208.5,26,2,2022-05-31 09:02:27
1653987749645973000,208.0,3,208.0,117,208.5,26,2,2022-05-31 09:02:29
1653987750331992000,208.0,3,208.0,113,208.5,32,2,2022-05-31 09:02:30
1653987751067252000,208.0,5,208.0,108,208.5,37,2,2022-05-31 09:02:31
1653987751094926000,208.5,2,208.0,108,208.5,35,1,2022-05-31 09:02:31
1653987751314093000,208.0,1,208.0,108,208.5,35,2,2022-05-31 09:02:31
1653987751497590000,208.0,5,208.0,103,208.5,35,2,2022-05-31 09:02:31
1653987751548825000,208.0,1,208.0,100,208.5,35,2,2022-05-31 09:02:31
1653987751656178000,208.0,1,208.0,99,208.5,35,2,2022-05-31 09:02:31
1653987751688956000,208.0,1,208.0,98,208.5,35,2,2022-05-31 09:02:31
1653987751689796000,208.0,1,208.0,97,208.5,35,2,2022-05-31 09:02:31
1653987751723026000,208.0,1,208.0,96,208.5,35,2,2022-05-31 09:02:31
1653987751918694000,208.0,3,208.0,93,208.5,35,2,2022-05-31 09:02:31
1653987752422248000,208.0,1,208.0,92,208.5,37,2,2022-05-31 09:02:32
1653987752552424000,208.0,2,208.0,90,208.5,37,2,2022-05-31 09:02:32
1653987752696398000,208.0,1,208.0,90,208.5,37,2,2022-05-31 09:02:32
1653987752873793000,208.0,5,208.0,80,208.5,37,2,2022-05-31 09:02:32
1653987752906051000,208.0,1,208.0,79,208.5,37,2,2022-05-31 09:02:32
1653987753022989000,208.0,5,208.0,74,208.5,43,2,2022-05-31 09:02:33
1653987753380868000,208.0,2,208.0,72,208.5,45,2,2022-05-31 09:02:33
1653987753422111000,208.0,1,208.0,71,208.5,45,2,2022-05-31 09:02:33
1653987753529413000,208.0,5,208.0,66,208.5,45,2,2022-05-31 09:02:33
1653987754009391000,208.0,1,208.0,65,208.5,45,2,2022-05-31 09:02:34
1653987754030187000,208.0,1,208.0,64,208.5,45,2,2022-05-31 09:02:34
1653987754264250000,208.5,5,208.0,64,208.5,40,1,2022-05-31 09:02:34
1653987754621316000,208.0,4,208.0,64,208.5,42,2,2022-05-31 09:02:34
1653987754682619000,208.0,1,208.0,63,208.5,42,2,2022-05-31 09:02:34
1653987754728985000,208.0,3,208.0,65,208.5,42,2,2022-05-31 09:02:34
1653987755022352000,208.0,2,208.0,64,208.5,42,2,2022-05-31 09:02:35
1653987755045509000,208.0,1,208.0,63,208.5,42,2,2022-05-31 09:02:35
1653987755088628000,208.0,1,208.0,60,208.5,42,2,2022-05-31 09:02:35
1653987755095379000,208.5,1,208.0,60,208.5,41,1,2022-05-31 09:02:35
1653987755097730000,208.0,1,208.0,59,208.5,41,2,2022-05-31 09:02:35
1653987755144833000,208.0,1,208.0,58,208.5,41,2,2022-05-31 09:02:35
1653987755234311000,208.0,16,208.0,42,208.5,44,2,2022-05-31 09:02:35
1653987755274558000,208.0,1,208.0,41,208.5,44,2,2022-05-31 09:02:35
1653987755304178000,208.0,1,208.0,40,208.5,44,2,2022-05-31 09:02:35
1653987755710829000,208.0,1,208.0,39,208.5,44,2,2022-05-31 09:02:35
1653987755979812000,208.0,5,208.0,34,208.5,46,2,2022-05-31 09:02:35
1653987756017865000,208.0,1,208.0,32,208.5,46,2,2022-05-31 09:02:36
1653987756061479000,208.0,2,208.0,30,208.5,46,2,2022-05-31 09:02:36
1653987756093280000,208.0,30,207.5,69,208.5,46,2,2022-05-31 09:02:36
1653987756103869000,207.5,2,207.5,67,208.5,46,2,2022-05-31 09:02:36
1653987756589408000,208.0,1,207.5,67,208.0,2,2,2022-05-31 09:02:36
1653987757548668000,207.5,1,207.5,66,208.0,11,2,2022-05-31 09:02:37
1653987758076188000,208.0,1,207.5,65,208.0,13,1,2022-05-31 09:02:38
1653987758153744000,207.5,1,207.5,64,208.0,13,2,2022-05-31 09:02:38
1653987758415635000,208.0,1,207.5,64,208.0,14,1,2022-05-31 09:02:38
1653987759876190000,208.0,3,207.5,66,208.0,16,1,2022-05-31 09:02:39
1653987760324210000,208.0,1,207.5,67,208.0,15,1,2022-05-31 09:02:40
1653987760365088000,208.0,1,207.5,67,208.0,14,1,2022-05-31 09:02:40
1653987760435227000,208.0,1,207.5,67,208.0,13,1,2022-05-31 09:02:40
1653987760469121000,208.0,13,207.5,67,208.5,55,1,2022-05-31 09:02:40
1653987760581888000,208.0,1,207.5,63,208.5,55,1,2022-05-31 09:02:40
1653987760664016000,208.0,1,208.0,1,208.5,55,2,2022-05-31 09:02:40
1653987760696115000,208.0,4,207.5,66,208.0,5,2,2022-05-31 09:02:40
1653987760935305000,208.0,1,208.0,1,208.5,55,1,2022-05-31 09:02:40
1653987761557863000,208.0,1,208.0,5,208.5,54,2,2022-05-31 09:02:41
1653987762078405000,208.0,1,208.0,8,208.5,54,2,2022-05-31 09:02:42
1653987762539918000,208.0,1,208.0,12,208.5,54,2,2022-05-31 09:02:42
1653987763001904000,208.0,10,208.0,7,208.5,54,2,2022-05-31 09:02:43
1653987763383290000,208.0,2,208.0,6,208.5,54,2,2022-05-31 09:02:43
1653987763564259000,208.0,1,208.0,3,208.5,54,2,2022-05-31 09:02:43
1653987764127374000,208.0,1,208.0,11,208.5,56,2,2022-05-31 09:02:44
1653987764353349000,208.0,4,208.0,8,208.5,56,2,2022-05-31 09:02:44
1653987764650814000,208.0,1,208.0,5,208.5,56,2,2022-05-31 09:02:44
1653987765406619000,208.0,1,208.0,9,208.5,58,2,2022-05-31 09:02:45
1653987765457497000,208.0,1,208.0,8,208.5,58,2,2022-05-31 09:02:45
1653987765549063000,208.0,1,208.0,7,208.5,58,2,2022-05-31 09:02:45
1653987765586455000,208.0,3,208.0,4,208.5,58,2,2022-05-31 09:02:45
1653987766093177000,208.0,1,208.0,3,208.5,58,2,2022-05-31 09:02:46
1653987766141332000,208.0,1,208.0,2,208.5,58,2,2022-05-31 09:02:46
1653987766832651000,208.0,1,208.0,7,208.5,59,2,2022-05-31 09:02:46
1653987767024233000,208.0,2,208.0,10,208.5,41,2,2022-05-31 09:02:47
1653987767155071000,208.0,1,208.0,9,208.5,41,2,2022-05-31 09:02:47
1653987767179474000,208.0,1,208.0,8,208.5,41,2,2022-05-31 09:02:47
1653987767251052000,208.0,2,208.0,8,208.5,41,2,2022-05-31 09:02:47
1653987767406682000,208.0,2,208.0,10,208.5,39,2,2022-05-31 09:02:47
1653987767627763000,208.0,1,208.0,7,208.5,39,2,2022-05-31 09:02:47
1653987768314917000,208.0,2,208.0,8,208.5,39,2,2022-05-31 09:02:48
1653987768731515000,208.0,1,208.0,5,208.5,41,2,2022-05-31 09:02:48
1653987768781312000,208.0,5,207.5,81,208.5,41,2,2022-05-31 09:02:48
1653987769115965000,208.5,2,208.0,1,208.5,39,1,2022-05-31 09:02:49
1653987769339508000,208.0,3,207.5,85,208.0,7,2,2022-05-31 09:02:49
1653987769369425000,208.0,7,207.5,85,208.5,39,1,2022-05-31 09:02:49
1653987769689761000,208.0,1,208.0,2,208.5,39,2,2022-05-31 09:02:49
1653987769749509000,208.0,2,207.5,84,208.5,39,2,2022-05-31 09:02:49
1653987770004399000,208.0,1,207.5,80,208.0,1,1,2022-05-31 09:02:50
1653987770306905000,208.0,1,207.5,80,208.0,2,1,2022-05-31 09:02:50
1653987770445210000,208.0,2,208.0,3,208.5,36,1,2022-05-31 09:02:50
1653987770708349000,208.0,1,208.0,3,208.5,36,2,2022-05-31 09:02:50
1653987771610171000,208.0,4,208.0,5,208.5,36,2,2022-05-31 09:02:51
1653987772034925000,208.0,1,208.0,8,208.5,36,2,2022-05-31 09:02:52
1653987772582692000,208.0,1,208.0,8,208.5,36,2,2022-05-31 09:02:52
1653987772780937000,208.0,1,208.0,8,208.5,36,2,2022-05-31 09:02:52
1653987773224911000,208.0,2,208.0,6,208.5,37,2,2022-05-31 09:02:53
1653987773261649000,208.0,1,208.0,5,208.5,37,2,2022-05-31 09:02:53
1653987773392779000,208.0,5,207.5,79,208.0,11,2,2022-05-31 09:02:53
1653987774055138000,208.0,1,207.5,79,208.0,11,1,2022-05-31 09:02:54
1653987774155574000,207.5,2,207.5,82,208.0,11,2,2022-05-31 09:02:54
1653987774186857000,208.0,10,207.5,80,208.0,1,1,2022-05-31 09:02:54
1653987774220643000,207.5,1,207.5,79,208.0,1,2,2022-05-31 09:02:54
1653987774224938000,207.5,1,207.5,78,208.0,1,2,2022-05-31 09:02:54
1653987774262813000,208.0,1,207.5,78,208.0,4,1,2022-05-31 09:02:54
1653987774289571000,208.0,4,208.0,1,208.5,37,1,2022-05-31 09:02:54
1653987774447368000,208.5,31,208.0,18,208.5,6,1,2022-05-31 09:02:54
1653987774447555000,208.5,6,208.0,18,209.0,172,1,2022-05-31 09:02:54
1653987774751333000,208.0,1,208.0,21,209.0,172,2,2022-05-31 09:02:54
1653987775160358000,208.5,1,208.0,22,209.0,174,1,2022-05-31 09:02:55
1653987776072092000,208.5,1,208.0,26,209.0,174,2,2022-05-31 09:02:56
1653987778490622000,208.0,1,208.0,47,209.0,174,2,2022-05-31 09:02:58
1653987779841999000,208.5,1,208.0,48,208.5,1,1,2022-05-31 09:02:59
1653987780006708000,208.5,1,208.0,48,209.0,176,1,2022-05-31 09:03:00
1653987780772169000,208.5,2,208.0,52,209.0,177,2,2022-05-31 09:03:00
1653987781213989000,208.0,2,208.0,49,209.0,175,2,2022-05-31 09:03:01
1653987781857233000,208.5,1,208.0,65,208.5,1,1,2022-05-31 09:03:01
1653987782869258000,208.5,4,208.0,69,208.5,2,1,2022-05-31 09:03:02
1653987783035154000,208.5,1,208.0,69,208.5,1,1,2022-05-31 09:03:03
1653987783288526000,208.0,4,208.0,71,208.5,1,2,2022-05-31 09:03:03
1653987783559013000,208.0,4,208.0,70,208.5,3,2,2022-05-31 09:03:03
1653987783564767000,208.0,4,208.0,66,208.5,3,2,2022-05-31 09:03:03
1653987783601071000,208.0,1,208.0,65,208.5,6,2,2022-05-31 09:03:03
1653987783869546000,208.0,3,208.0,60,208.5,9,2,2022-05-31 09:03:03
1653987784152485000,208.5,1,208.0,60,208.5,9,1,2022-05-31 09:03:04
1653987787438049000,208.5,1,208.0,68,208.5,16,1,2022-05-31 09:03:07
1653987787830140000,208.5,1,208.0,69,208.5,14,1,2022-05-31 09:03:07
1653987789308503000,208.5,1,208.0,78,208.5,16,1,2022-05-31 09:03:09
1653987791652712000,208.5,1,208.0,81,208.5,22,1,2022-05-31 09:03:11
1653987792082828000,208.5,1,208.0,92,208.5,22,1,2022-05-31 09:03:12
1653987793350605000,208.0,3,208.0,91,208.5,22,2,2022-05-31 09:03:13
1653987794082758000,208.5,2,208.0,91,208.5,20,1,2022-05-31 09:03:14
1653987794238763000,208.0,1,208.0,90,208.5,20,2,2022-05-31 09:03:14
1653987794974005000,208.0,2,208.0,93,208.5,20,2,2022-05-31 09:03:14
1653987796466940000,208.5,1,208.0,94,208.5,22,1,2022-05-31 09:03:16
1653987796486318000,208.0,3,208.0,91,208.5,22,2,2022-05-31 09:03:16
1653987798050175000,208.5,1,208.0,93,208.5,21,1,2022-05-31 09:03:18
1653987798711579000,208.0,1,208.0,87,208.5,21,2,2022-05-31 09:03:18
1653987799736021000,208.5,5,208.0,90,208.5,16,1,2022-05-31 09:03:19
1653987799977560000,208.5,16,208.0,93,209.0,171,1,2022-05-31 09:03:19
1653987800140216000,208.5,1,208.0,98,209.0,171,2,2022-05-31 09:03:20
1653987800140216000,208.0,1,208.0,98,209.0,171,2,2022-05-31 09:03:20
1653987801128813000,208.5,1,208.0,96,208.5,1,1,2022-05-31 09:03:21
1653987802451356000,208.5,1,208.0,92,208.5,1,1,2022-05-31 09:03:22
1653987802567587000,208.5,1,208.0,96,209.0,173,1,2022-05-31 09:03:22
1653987803130154000,208.0,1,208.0,101,208.5,2,2,2022-05-31 09:03:23
1653987803171359000,208.5,1,208.0,101,208.5,1,1,2022-05-31 09:03:23
1653987803369001000,208.0,1,208.0,100,208.5,2,2,2022-05-31 09:03:23
1653987803404720000,208.5,2,208.0,100,208.5,1,1,2022-05-31 09:03:23
1653987803589186000,208.5,1,208.5,3,209.0,173,1,2022-05-31 09:03:23
1653987803897901000,208.5,1,208.5,5,209.0,174,2,2022-05-31 09:03:23
1653987805093619000,208.5,1,208.5,7,209.0,174,2,2022-05-31 09:03:25
1653987806970433000,208.5,6,208.5,3,209.0,175,2,2022-05-31 09:03:26
1653987807030101000,209.0,1,208.5,3,209.0,174,1,2022-05-31 09:03:27
1653987809037592000,209.0,1,208.5,14,209.0,174,1,2022-05-31 09:03:29
1653987809763230000,208.5,2,208.5,14,209.0,173,2,2022-05-31 09:03:29
1653987810460216000,208.5,1,208.5,14,209.0,174,2,2022-05-31 09:03:30
1653987812384555000,208.5,2,208.5,20,209.0,174,2,2022-05-31 09:03:32
1653987812885205000,209.0,1,208.5,26,209.0,173,1,2022-05-31 09:03:32
1653987816166215000,208.5,1,208.5,40,209.0,174,2,2022-05-31 09:03:36
1653987817384971000,208.5,3,208.5,38,209.0,174,2,2022-05-31 09:03:37
1653987819098244000,209.0,1,208.5,42,209.0,175,1,2022-05-31 09:03:39
1653987820602983000,208.5,1,208.5,48,209.0,175,2,2022-05-31 09:03:40
1653987821566074000,209.0,1,208.5,50,209.0,174,1,2022-05-31 09:03:41
1653987822324843000,208.5,10,208.5,40,209.0,174,2,2022-05-31 09:03:42
1653987823838963000,208.5,1,208.5,39,209.0,174,2,2022-05-31 09:03:43
1653987824781387000,209.0,5,208.5,40,209.0,168,1,2022-05-31 09:03:44
1653987826378863000,208.5,1,208.5,42,209.0,168,2,2022-05-31 09:03:46
1653987826457101000,208.5,1,208.5,41,209.0,168,2,2022-05-31 09:03:46
1653987827228463000,209.0,1,208.5,43,209.0,167,1,2022-05-31 09:03:47
1653987828218530000,208.5,1,208.5,42,209.0,167,2,2022-05-31 09:03:48
1653987831954323000,208.5,1,208.5,44,209.0,168,2,2022-05-31 09:03:51
1653987832640046000,208.5,1,208.5,46,209.0,168,2,2022-05-31 09:03:52
1653987836237494000,208.5,1,208.5,51,209.0,168,2,2022-05-31 09:03:56
1653987837307132000,208.5,1,208.5,51,209.0,168,2,2022-05-31 09:03:57
1653987837333382000,208.5,2,208.5,49,209.0,168,2,2022-05-31 09:03:57
1653987840820057000,208.5,1,208.5,49,209.0,172,2,2022-05-31 09:04:00
1653987841274110000,208.5,1,208.5,48,209.0,172,2,2022-05-31 09:04:01
1653987841387457000,208.5,2,208.5,46,209.0,172,2,2022-05-31 09:04:01
1653987843083262000,208.5,5,208.5,42,209.0,172,2,2022-05-31 09:04:03
1653987843183350000,208.5,5,208.5,38,209.0,173,2,2022-05-31 09:04:03
1653987843219954000,208.5,1,208.5,37,209.0,173,2,2022-05-31 09:04:03
1653987843254704000,208.5,1,208.5,36,209.0,173,2,2022-05-31 09:04:03
1653987844295461000,209.0,1,208.5,38,209.0,175,1,2022-05-31 09:04:04
1653987844521869000,209.0,1,208.5,38,209.0,174,1,2022-05-31 09:04:04
1653987846426123000,208.5,1,208.5,37,209.0,175,2,2022-05-31 09:04:06
1653987849245009000,208.5,3,208.5,37,209.0,176,2,2022-05-31 09:04:09
1653987849251468000,208.5,15,208.5,22,209.0,176,2,2022-05-31 09:04:09
1653987849282796000,208.5,1,208.5,21,209.0,176,2,2022-05-31 09:04:09
1653987851467899000,208.5,5,208.5,18,209.0,178,2,2022-05-31 09:04:11
1653987851989412000,208.5,1,208.5,17,209.0,178,2,2022-05-31 09:04:11
1653987853175426000,208.5,1,208.5,16,209.0,178,2,2022-05-31 09:04:13
1653987853506238000,209.0,1,208.5,16,209.0,177,1,2022-05-31 09:04:13
1653987853999813000,208.5,1,208.5,19,209.0,178,2,2022-05-31 09:04:13
1653987854826912000,208.5,5,208.5,15,209.0,178,2,2022-05-31 09:04:14
1653987855225944000,208.5,1,208.5,11,209.0,178,2,2022-05-31 09:04:15
1653987855429232000,208.5,1,208.5,10,209.0,178,2,2022-05-31 09:04:15
1653987855487609000,209.0,1,208.5,10,209.0,177,1,2022-05-31 09:04:15
1653987855742667000,209.0,1,208.5,11,209.0,176,1,2022-05-31 09:04:15
1653987855879185000,208.5,5,208.5,12,209.0,176,2,2022-05-31 09:04:15
1653987855925351000,208.5,3,208.5,10,209.0,176,2,2022-05-31 09:04:15
1653987856848254000,208.5,1,208.5,7,209.0,176,2,2022-05-31 09:04:16
1653987857387897000,208.5,2,208.5,2,209.0,176,2,2022-05-31 09:04:17
1653987857694170000,208.5,1,208.5,9,209.0,176,2,2022-05-31 09:04:17
1653987859504959000,208.5,1,208.5,11,209.0,174,2,2022-05-31 09:04:19
1653987859652531000,208.5,5,208.5,6,209.0,174,2,2022-05-31 09:04:19
1653987860577188000,208.5,5,208.0,157,208.5,1,2,2022-05-31 09:04:20
1653987860607039000,208.5,1,208.0,157,209.0,173,1,2022-05-31 09:04:20
1653987860638678000,208.5,1,208.5,2,209.0,173,2,2022-05-31 09:04:20
1653987861968421000,208.5,1,208.5,1,209.0,174,1,2022-05-31 09:04:21
1653987862141646000,208.5,2,208.5,2,209.0,172,2,2022-05-31 09:04:22
1653987862205305000,209.0,5,208.5,4,209.0,167,1,2022-05-31 09:04:22
1653987863124192000,208.5,1,208.5,5,209.0,167,2,2022-05-31 09:04:23
1653987864246692000,208.5,7,208.0,161,208.5,1,2,2022-05-31 09:04:24
1653987864281891000,208.5,1,208.0,161,209.0,169,1,2022-05-31 09:04:24
1653987866095024000,208.5,1,208.5,4,209.0,169,2,2022-05-31 09:04:26
1653987866746509000,208.5,1,208.5,5,209.0,169,2,2022-05-31 09:04:26
1653987868230392000,208.5,1,208.5,10,209.0,171,2,2022-05-31 09:04:28
1653987868780528000,208.5,1,208.5,10,209.0,171,2,2022-05-31 09:04:28
1653987877427656000,209.0,1,208.5,20,209.0,170,1,2022-05-31 09:04:37
1653987881264886000,208.5,1,208.5,26,209.0,174,2,2022-05-31 09:04:41
1653987883204904000,208.5,1,208.5,27,209.0,173,2,2022-05-31 09:04:43
1653987884305286000,208.5,1,208.5,28,209.0,173,2,2022-05-31 09:04:44
1653987885065303000,209.0,1,208.5,30,209.0,172,1,2022-05-31 09:04:45
1653987886190724000,208.5,1,208.5,26,209.0,172,2,2022-05-31 09:04:46
1653987886578536000,208.5,5,208.5,21,209.0,172,2,2022-05-31 09:04:46
1653987889644404000,209.0,1,208.5,29,209.0,171,1,2022-05-31 09:04:49
1653987891008209000,209.0,6,208.5,30,209.0,166,1,2022-05-31 09:04:51
1653987895262867000,208.5,1,208.5,40,209.0,168,2,2022-05-31 09:04:55
1653987897318777000,208.5,1,208.5,42,209.0,166,2,2022-05-31 09:04:57
1653987900428395000,209.0,1,208.5,44,209.0,165,1,2022-05-31 09:05:00
1653987900802666000,208.5,3,208.5,43,209.0,166,2,2022-05-31 09:05:00
1653987901136054000,209.0,3,208.5,43,209.0,163,1,2022-05-31 09:05:01
1653987902638097000,208.5,4,208.5,47,209.0,163,2,2022-05-31 09:05:02
1653987902859468000,208.5,4,208.5,42,209.0,163,2,2022-05-31 09:05:02
1653987904142706000,209.0,5,208.5,42,209.0,157,1,2022-05-31 09:05:04
1653987905740491000,209.0,1,208.5,42,209.0,156,1,2022-05-31 09:05:05
1653987914031211000,209.0,1,208.5,59,209.0,160,1,2022-05-31 09:05:14
1653987916567293000,208.5,5,208.5,55,209.0,161,2,2022-05-31 09:05:16
1653987918075916000,209.0,1,208.5,57,209.0,160,1,2022-05-31 09:05:18
1653987918485101000,209.0,1,208.5,58,209.0,159,1,2022-05-31 09:05:18
1653987922429054000,208.5,2,208.5,83,209.0,160,2,2022-05-31 09:05:22
1653987923193427000,209.0,1,208.5,83,209.0,160,1,2022-05-31 09:05:23
1653987923458713000,209.0,1,208.5,83,209.0,159,1,2022-05-31 09:05:23
1653987923834586000,209.0,1,208.5,83,209.0,158,1,2022-05-31 09:05:23
1653987924982033000,208.5,1,208.5,87,209.0,159,2,2022-05-31 09:05:24
1653987925533609000,209.0,1,208.5,86,209.0,159,1,2022-05-31 09:05:25
1653987925756217000,209.0,2,208.5,86,209.0,157,1,2022-05-31 09:05:25
1653987926257244000,208.5,2,208.5,84,209.0,157,2,2022-05-31 09:05:26
1653987926370871000,208.5,1,208.5,83,209.0,156,2,2022-05-31 09:05:26
1653987929438469000,208.5,20,208.5,65,209.0,156,2,2022-05-31 09:05:29
1653987929475229000,208.5,1,208.5,64,209.0,157,2,2022-05-31 09:05:29
1653987929913081000,208.5,2,208.5,63,209.0,157,2,2022-05-31 09:05:29
1653987930157125000,209.0,1,208.5,63,209.0,156,1,2022-05-31 09:05:30
1653987933643496000,208.5,1,208.5,68,209.0,155,2,2022-05-31 09:05:33
1653987933674353000,208.5,1,208.5,67,209.0,155,2,2022-05-31 09:05:33
1653987936113662000,208.5,5,208.5,64,209.0,161,2,2022-05-31 09:05:36
1653987937841417000,208.5,1,208.5,60,209.0,159,2,2022-05-31 09:05:37
1653987938284562000,209.0,4,208.5,57,209.0,155,1,2022-05-31 09:05:38
1653987939324289000,208.5,1,208.5,57,209.0,154,2,2022-05-31 09:05:39
1653987940651327000,208.5,10,208.5,53,209.0,156,2,2022-05-31 09:05:40
1653987941663356000,209.0,1,208.5,55,209.0,157,1,2022-05-31 09:05:41
1653987945978111000,209.0,1,208.5,68,209.0,157,1,2022-05-31 09:05:45
1653987948410051000,208.5,1,208.5,66,209.0,158,2,2022-05-31 09:05:48
1653987949279388000,208.5,1,208.5,65,209.0,158,2,2022-05-31 09:05:49
1653987949710737000,209.0,1,208.5,65,209.0,157,1,2022-05-31 09:05:49
1653987952653509000,208.5,18,208.5,54,209.0,157,2,2022-05-31 09:05:52
1653987954123455000,209.0,2,208.5,56,209.0,156,1,2022-05-31 09:05:54
1653987954648366000,208.5,1,208.5,58,209.0,155,2,2022-05-31 09:05:54
1653987954909382000,208.5,11,208.5,47,209.0,155,2,2022-05-31 09:05:54
1653987955694983000,208.5,53,208.0,174,209.0,157,2,2022-05-31 09:05:55
1653987955860060000,208.5,1,208.0,172,208.5,3,1,2022-05-31 09:05:55
1653987956715137000,208.5,3,208.0,172,208.5,3,1,2022-05-31 09:05:56
1653987957310386000,208.5,1,208.0,172,208.5,9,1,2022-05-31 09:05:57
1653987957411070000,208.0,1,208.0,171,208.5,9,2,2022-05-31 09:05:57
1653987957628243000,208.5,1,208.0,171,208.5,8,1,2022-05-31 09:05:57
1653987957656407000,208.5,5,208.0,171,208.5,3,1,2022-05-31 09:05:57
1653987957875009000,208.5,3,208.0,171,209.0,155,1,2022-05-31 09:05:57
1653987958702243000,208.5,2,208.0,171,208.5,48,2,2022-05-31 09:05:58
1653987959342765000,208.5,1,208.0,171,208.5,50,1,2022-05-31 09:05:59
1653987960792708000,208.5,5,208.0,171,208.5,46,1,2022-05-31 09:06:00
1653987961394940000,208.5,1,208.0,168,208.5,46,1,2022-05-31 09:06:01
1653987964017590000,208.5,1,208.0,168,208.5,50,1,2022-05-31 09:06:04
1653987964145974000,208.0,1,208.0,167,208.5,50,2,2022-05-31 09:06:04
1653987964248559000,208.5,1,208.0,167,208.5,49,1,2022-05-31 09:06:04
1653987964429158000,208.5,1,208.0,167,208.5,48,1,2022-05-31 09:06:04
1653987966198313000,208.5,1,208.0,168,208.5,50,1,2022-05-31 09:06:06
1653987966483415000,208.5,50,208.5,64,209.0,154,1,2022-05-31 09:06:06
1653987968382944000,208.5,1,208.5,64,209.0,153,2,2022-05-31 09:06:08
1653987969509841000,208.5,1,208.5,74,209.0,153,2,2022-05-31 09:06:09
1653987969620504000,208.5,2,208.5,72,209.0,151,2,2022-05-31 09:06:09
1653987969773948000,208.5,1,208.5,72,209.0,151,2,2022-05-31 09:06:09
1653987972249591000,208.5,1,208.5,75,209.0,152,2,2022-05-31 09:06:12
1653987972263565000,209.0,1,208.5,75,209.0,151,1,2022-05-31 09:06:12
1653987972732574000,208.5,60,208.5,15,209.0,151,2,2022-05-31 09:06:12
1653987972935861000,208.5,16,208.0,162,209.0,152,2,2022-05-31 09:06:12
1653987972935861000,208.0,14,208.0,162,209.0,152,2,2022-05-31 09:06:12
1653987973426842000,208.0,30,208.0,129,209.0,152,2,2022-05-31 09:06:13
1653987973652883000,208.0,1,208.0,124,208.5,14,2,2022-05-31 09:06:13
1653987973780310000,208.5,1,208.0,123,208.5,13,1,2022-05-31 09:06:13
1653987973938931000,208.0,5,208.0,118,208.5,13,2,2022-05-31 09:06:13
1653987974334519000,208.5,1,208.0,118,208.5,13,1,2022-05-31 09:06:14
1653987974429431000,208.5,1,208.0,118,208.5,12,1,2022-05-31 09:06:14
1653987974670761000,208.5,1,208.0,117,208.5,11,1,2022-05-31 09:06:14
1653987974925560000,208.5,1,208.0,117,208.5,13,1,2022-05-31 09:06:14
1653987976738186000,208.5,1,208.0,117,208.5,19,1,2022-05-31 09:06:16
1653987977000226000,208.5,1,208.0,117,208.5,19,1,2022-05-31 09:06:17
1653987977317374000,208.5,1,208.0,117,208.5,28,1,2022-05-31 09:06:17
1653987977671759000,208.0,4,208.0,111,208.5,28,2,2022-05-31 09:06:17
1653987977860649000,208.5,1,208.0,111,208.5,27,1,2022-05-31 09:06:17
1653987978210022000,208.0,3,208.0,108,208.5,27,2,2022-05-31 09:06:18
1653987978682091000,208.0,30,208.0,79,208.5,27,2,2022-05-31 09:06:18
1653987978710863000,208.0,12,208.0,67,208.5,27,2,2022-05-31 09:06:18
1653987978710907000,208.0,1,208.0,66,208.5,27,2,2022-05-31 09:06:18
1653987978711251000,208.0,38,208.0,28,208.5,27,2,2022-05-31 09:06:18
1653987978713444000,208.0,1,208.0,27,208.5,27,2,2022-05-31 09:06:18
1653987978714131000,208.0,1,208.0,26,208.5,27,2,2022-05-31 09:06:18
1653987978715456000,208.0,1,208.0,25,208.5,27,2,2022-05-31 09:06:18
1653987978740105000,208.0,12,208.0,13,208.5,27,2,2022-05-31 09:06:18
1653987978741503000,208.0,8,208.0,5,208.5,27,2,2022-05-31 09:06:18
1653987978741747000,208.0,1,208.0,4,208.5,27,2,2022-05-31 09:06:18
1653987978766031000,208.0,4,207.5,99,208.0,5,2,2022-05-31 09:06:18
1653987978802778000,207.5,2,207.5,97,208.0,9,2,2022-05-31 09:06:18
1653987979046059000,208.0,1,207.5,97,208.0,9,1,2022-05-31 09:06:19
1653987979451678000,208.0,2,207.5,95,208.0,7,1,2022-05-31 09:06:19
1653987979509447000,207.5,1,207.5,94,208.0,7,2,2022-05-31 09:06:19
1653987980161236000,208.0,1,207.5,94,208.0,10,1,2022-05-31 09:06:20
1653987980490004000,208.0,1,207.5,94,208.0,9,1,2022-05-31 09:06:20
1653987981011564000,208.0,1,207.5,94,208.0,8,1,2022-05-31 09:06:21
1653987982543059000,208.0,4,207.5,93,208.0,5,1,2022-05-31 09:06:22
1653987982571703000,207.5,1,207.5,92,208.0,5,2,2022-05-31 09:06:22
1653987983557375000,208.0,1,207.5,92,208.0,7,1,2022-05-31 09:06:23
1653987986356162000,208.0,1,207.5,91,208.0,12,1,2022-05-31 09:06:26
1653987987337086000,208.0,2,207.5,91,208.0,11,1,2022-05-31 09:06:27
1653987988505023000,208.0,10,207.5,91,208.0,1,1,2022-05-31 09:06:28
1653987989081158000,208.0,1,207.5,92,208.0,3,1,2022-05-31 09:06:29
1653987989800028000,208.0,1,207.5,92,208.0,2,1,2022-05-31 09:06:29
1653987990031032000,208.0,1,207.5,92,208.0,1,1,2022-05-31 09:06:30
1653987990151668000,208.0,1,208.0,1,208.5,36,1,2022-05-31 09:06:30
1653987991491939000,208.0,2,208.0,12,208.5,36,2,2022-05-31 09:06:31
1653987995331619000,208.0,1,208.0,24,208.5,40,2,2022-05-31 09:06:35
1653987996192793000,208.0,1,208.0,25,208.5,42,2,2022-05-31 09:06:36
1653987997107150000,208.0,9,208.0,20,208.5,34,2,2022-05-31 09:06:37
1653987998543397000,208.0,5,208.0,16,208.5,38,2,2022-05-31 09:06:38
1653987999234548000,208.5,1,208.0,17,208.5,37,1,2022-05-31 09:06:39
1653987999373623000,208.0,5,208.0,12,208.5,37,2,2022-05-31 09:06:39
1653988000247221000,208.0,2,208.0,10,208.5,51,2,2022-05-31 09:06:40
1653988000744268000,208.0,1,208.0,16,208.5,53,2,2022-05-31 09:06:40
1653988001360438000,208.0,10,208.0,6,208.5,53,2,2022-05-31 09:06:41
1653988001877439000,208.0,1,208.0,5,208.5,55,2,2022-05-31 09:06:41
1653988002156115000,208.0,2,208.0,3,208.5,55,2,2022-05-31 09:06:42
1653988003274209000,208.0,1,208.0,2,208.5,55,2,2022-05-31 09:06:43
1653988003313254000,208.0,1,208.0,1,208.5,55,2,2022-05-31 09:06:43
1653988003777165000,208.0,1,208.0,2,208.5,55,2,2022-05-31 09:06:43
1653988003851234000,208.0,2,208.0,1,208.5,55,2,2022-05-31 09:06:43
1653988004331548000,208.0,1,207.5,108,208.5,55,2,2022-05-31 09:06:44
1653988004935213000,207.5,1,207.5,108,208.0,9,2,2022-05-31 09:06:44
1653988005267777000,208.0,1,207.5,108,208.0,8,1,2022-05-31 09:06:45
1653988005331375000,208.0,9,207.5,112,208.5,53,1,2022-05-31 09:06:45
1653988005990388000,208.0,2,208.0,3,208.5,53,1,2022-05-31 09:06:45
1653988008247385000,208.0,3,207.5,116,208.5,53,2,2022-05-31 09:06:48
1653988010608528000,208.0,3,208.0,4,208.5,53,2,2022-05-31 09:06:50
1653988010811278000,208.0,1,208.0,8,208.5,53,2,2022-05-31 09:06:50
1653988011195088000,208.0,1,208.0,7,208.5,53,2,2022-05-31 09:06:51
1653988011232776000,208.0,1,208.0,6,208.5,53,2,2022-05-31 09:06:51
1653988011273916000,208.0,1,208.0,5,208.5,53,2,2022-05-31 09:06:51
1653988011898339000,208.0,1,208.0,6,208.5,53,2,2022-05-31 09:06:51
1653988013548649000,208.0,1,208.0,15,208.5,55,2,2022-05-31 09:06:53
1653988014407075000,208.0,1,208.0,17,208.5,56,2,2022-05-31 09:06:54
1653988014623176000,208.0,1,208.0,16,208.5,56,2,2022-05-31 09:06:54
1653988014740597000,208.0,1,208.0,15,208.5,56,2,2022-05-31 09:06:54
1653988015006862000,208.0,1,208.0,14,208.5,56,2,2022-05-31 09:06:55
1653988016442204000,208.0,1,208.0,13,208.5,56,2,2022-05-31 09:06:56
1653988017639483000,208.0,1,208.0,12,208.5,58,2,2022-05-31 09:06:57
1653988018391440000,208.0,2,208.0,10,208.5,58,2,2022-05-31 09:06:58
1653988018686896000,208.0,5,208.0,5,208.5,58,2,2022-05-31 09:06:58
1653988019104831000,208.0,1,208.0,6,208.5,59,2,2022-05-31 09:06:59
1653988020410793000,208.0,1,208.0,8,208.5,59,2,2022-05-31 09:07:00
1653988020707008000,208.5,1,208.0,8,208.5,58,1,2022-05-31 09:07:00
1653988022479794000,208.0,1,208.0,9,208.5,59,2,2022-05-31 09:07:02
1653988023090421000,208.0,3,208.0,6,208.5,59,2,2022-05-31 09:07:03
1653988023982461000,208.0,6,207.5,118,208.0,9,2,2022-05-31 09:07:03
1653988024014781000,208.0,9,207.5,118,208.5,59,1,2022-05-31 09:07:04
1653988025694052000,208.0,1,207.5,119,208.0,4,2,2022-05-31 09:07:05
1653988026133967000,208.0,1,207.5,120,208.0,3,1,2022-05-31 09:07:06
1653988026760368000,207.5,1,207.5,119,208.0,3,2,2022-05-31 09:07:06
1653988026797390000,207.5,1,207.5,118,208.0,3,2,2022-05-31 09:07:06
1653988027068079000,208.0,2,207.5,118,208.0,1,1,2022-05-31 09:07:07
1653988027102390000,207.5,2,207.5,116,208.0,1,2,2022-05-31 09:07:07
1653988028271635000,208.0,1,207.5,115,208.0,2,1,2022-05-31 09:07:08
1653988029112343000,208.0,2,207.5,115,208.5,70,1,2022-05-31 09:07:09
1653988030952598000,208.0,1,207.5,117,208.5,70,1,2022-05-31 09:07:10
1653988032345380000,207.5,1,207.5,115,208.0,1,2,2022-05-31 09:07:12
1653988032864535000,208.0,1,207.5,115,208.0,2,1,2022-05-31 09:07:12
1653988033335913000,208.0,1,207.5,115,208.0,1,1,2022-05-31 09:07:13
1653988033361362000,208.0,1,207.5,115,208.5,70,1,2022-05-31 09:07:13
1653988034240214000,208.5,1,207.5,115,208.5,69,1,2022-05-31 09:07:14
1653988034300580000,208.0,1,207.5,115,208.5,69,1,2022-05-31 09:07:14
1653988034432786000,207.5,2,207.5,113,208.5,69,2,2022-05-31 09:07:14
1653988037118583000,207.5,1,207.5,111,208.0,1,2,2022-05-31 09:07:17
1653988038208632000,208.0,1,207.5,112,208.5,75,1,2022-05-31 09:07:18
1653988039789465000,207.5,1,207.5,118,208.0,2,2,2022-05-31 09:07:19
1653988040276004000,208.0,1,207.5,118,208.0,2,1,2022-05-31 09:07:20
1653988043760062000,208.0,1,207.5,117,208.0,32,1,2022-05-31 09:07:23
1653988044684418000,208.0,1,207.5,117,208.0,32,1,2022-05-31 09:07:24
1653988044778042000,208.0,1,207.5,117,208.0,31,1,2022-05-31 09:07:24
1653988044820656000,208.0,1,207.5,117,208.0,31,1,2022-05-31 09:07:24
1653988045507104000,207.5,1,207.5,116,208.0,31,2,2022-05-31 09:07:25
1653988045538512000,207.5,1,207.5,115,208.0,31,2,2022-05-31 09:07:25
1653988046798861000,208.0,1,207.5,115,208.0,32,1,2022-05-31 09:07:26
1653988047968617000,207.5,1,207.5,114,208.0,33,2,2022-05-31 09:07:27
1653988048303880000,208.0,1,207.5,114,208.0,32,1,2022-05-31 09:07:28
1653988051996434000,208.0,1,207.5,115,208.0,55,1,2022-05-31 09:07:31
1653988056412442000,208.0,1,207.5,117,208.0,57,1,2022-05-31 09:07:36
1653988058822231000,208.0,1,207.5,121,208.0,59,1,2022-05-31 09:07:38
1653988061553875000,207.5,4,207.5,118,208.0,65,2,2022-05-31 09:07:41
1653988061606899000,207.5,1,207.5,117,208.0,65,2,2022-05-31 09:07:41
1653988065516849000,208.0,1,207.5,124,208.0,66,1,2022-05-31 09:07:45
1653988069643416000,208.0,5,207.5,132,208.0,70,1,2022-05-31 09:07:49
1653988069667054000,208.0,70,207.5,132,208.5,83,1,2022-05-31 09:07:49
1653988069688887000,208.0,1,208.0,2,208.5,80,2,2022-05-31 09:07:49
1653988069837894000,208.0,1,208.0,9,208.5,80,2,2022-05-31 09:07:49
1653988070482453000,208.0,1,208.0,4,208.5,80,2,2022-05-31 09:07:50
1653988075646606000,208.0,1,208.0,27,208.5,81,2,2022-05-31 09:07:55
1653988077238219000,208.5,2,208.0,32,208.5,76,1,2022-05-31 09:07:57
1653988079576094000,208.5,1,208.0,39,208.5,75,1,2022-05-31 09:07:59
1653988079680677000,208.0,2,208.0,37,208.5,75,2,2022-05-31 09:07:59
1653988084471764000,208.5,1,208.0,44,208.5,75,1,2022-05-31 09:08:04
1653988095467052000,208.5,1,208.0,71,208.5,76,1,2022-05-31 09:08:15
1653988100163949000,208.0,1,208.0,82,208.5,76,2,2022-05-31 09:08:20
1653988101327305000,208.0,15,208.0,67,208.5,77,2,2022-05-31 09:08:21
1653988101627118000,208.0,1,208.0,66,208.5,66,2,2022-05-31 09:08:21
1653988101993604000,208.5,1,208.0,66,208.5,65,1,2022-05-31 09:08:21
1653988106963388000,208.5,1,208.0,69,208.5,69,1,2022-05-31 09:08:26
1653988106978080000,208.5,2,208.0,69,208.5,67,1,2022-05-31 09:08:26
1653988112661265000,208.5,5,208.0,75,208.5,63,1,2022-05-31 09:08:32
1653988113878224000,208.5,1,208.0,75,208.5,65,1,2022-05-31 09:08:33
1653988114191404000,208.0,19,208.0,56,208.5,65,2,2022-05-31 09:08:34
1653988114228215000,208.0,45,208.0,10,208.5,68,2,2022-05-31 09:08:34
1653988114258786000,208.0,10,207.5,164,208.5,68,2,2022-05-31 09:08:34
1653988114341035000,208.0,1,207.5,156,208.0,2,1,2022-05-31 09:08:34
1653988114635908000,208.5,5,207.5,156,208.5,63,1,2022-05-31 09:08:34
1653988115100535000,208.5,1,207.5,157,208.5,62,1,2022-05-31 09:08:35
1653988115232746000,208.5,2,207.5,157,208.5,60,1,2022-05-31 09:08:35
1653988115455481000,208.5,1,207.5,157,208.5,59,1,2022-05-31 09:08:35
1653988116379048000,208.5,1,208.0,1,208.5,58,1,2022-05-31 09:08:36
1653988116567452000,208.0,1,208.0,3,208.5,58,2,2022-05-31 09:08:36
1653988119034583000,208.0,1,207.5,155,208.5,60,2,2022-05-31 09:08:39
1653988122371591000,208.0,2,207.5,158,208.0,3,2,2022-05-31 09:08:42
1653988123081570000,208.0,1,207.5,158,208.0,4,1,2022-05-31 09:08:43
1653988123490108000,208.0,1,207.5,158,208.0,3,1,2022-05-31 09:08:43
1653988123670270000,208.0,1,207.5,158,208.0,2,1,2022-05-31 09:08:43
1653988124816278000,207.5,1,207.5,157,208.0,2,2,2022-05-31 09:08:44
1653988126100278000,208.0,1,207.5,155,208.0,7,1,2022-05-31 09:08:46
1653988126666821000,208.0,1,207.5,153,208.0,6,1,2022-05-31 09:08:46
1653988126796589000,207.5,19,207.5,134,208.0,6,2,2022-05-31 09:08:46
1653988126848729000,207.5,1,207.5,133,208.0,8,2,2022-05-31 09:08:46
1653988126849701000,207.5,1,207.5,132,208.0,8,2,2022-05-31 09:08:46
1653988127292474000,207.5,132,207.0,130,208.0,10,2,2022-05-31 09:08:47
1653988127660223000,207.5,1,207.0,129,207.5,3,1,2022-05-31 09:08:47
1653988129298454000,207.0,2,207.0,127,207.5,5,2,2022-05-31 09:08:49
1653988129325244000,207.5,1,207.0,127,207.5,4,1,2022-05-31 09:08:49
1653988129342784000,207.0,1,207.0,126,207.5,5,2,2022-05-31 09:08:49
1653988129427228000,207.0,1,207.0,125,207.5,5,2,2022-05-31 09:08:49
1653988131739176000,207.0,2,207.0,123,207.5,7,2,2022-05-31 09:08:51
1653988131766502000,207.0,1,207.0,122,207.5,7,2,2022-05-31 09:08:51
1653988131854594000,207.5,1,207.0,122,207.5,6,1,2022-05-31 09:08:51
1653988133546905000,207.5,1,207.0,122,207.5,8,1,2022-05-31 09:08:53
1653988133640656000,207.0,1,207.0,118,207.5,8,2,2022-05-31 09:08:53
1653988133790585000,207.0,2,207.0,116,207.5,8,2,2022-05-31 09:08:53
1653988135217705000,207.0,1,207.0,117,207.5,8,2,2022-05-31 09:08:55
1653988135832842000,207.0,1,207.0,117,207.5,9,2,2022-05-31 09:08:55
1653988137289525000,207.5,1,207.0,120,207.5,13,1,2022-05-31 09:08:57
1653988137433196000,207.0,2,207.0,120,207.5,16,2,2022-05-31 09:08:57
1653988138068283000,207.0,1,207.0,120,207.5,17,2,2022-05-31 09:08:58
1653988138106085000,207.0,1,207.0,119,207.5,17,2,2022-05-31 09:08:58
1653988138604406000,207.0,5,207.0,114,207.5,18,2,2022-05-31 09:08:58
1653988139732667000,207.0,1,207.0,113,207.5,17,2,2022-05-31 09:08:59
1653988143944191000,207.0,20,207.0,91,207.5,26,2,2022-05-31 09:09:03
1653988143985837000,207.0,1,207.0,90,207.5,27,2,2022-05-31 09:09:03
1653988144136660000,207.0,1,207.0,89,207.5,27,2,2022-05-31 09:09:04
1653988144333931000,207.0,1,207.0,88,207.5,28,2,2022-05-31 09:09:04
1653988144611171000,207.0,1,207.0,92,207.5,27,2,2022-05-31 09:09:04
1653988144755463000,207.0,1,207.0,91,207.5,27,2,2022-05-31 09:09:04
1653988144761300000,207.0,5,207.0,86,207.5,27,2,2022-05-31 09:09:04
1653988144811380000,207.0,1,207.0,85,207.5,27,2,2022-05-31 09:09:04
1653988144985761000,207.0,2,207.0,83,207.5,27,2,2022-05-31 09:09:04
1653988145043390000,207.0,1,207.0,82,207.5,27,2,2022-05-31 09:09:05
1653988145251014000,207.0,1,207.0,81,207.5,27,2,2022-05-31 09:09:05
1653988145256144000,207.0,1,207.0,80,207.5,27,2,2022-05-31 09:09:05
1653988145802949000,207.0,1,207.0,82,207.5,27,2,2022-05-31 09:09:05
1653988146589896000,207.0,1,207.0,81,207.5,28,2,2022-05-31 09:09:06
1653988146620951000,207.0,2,207.0,79,207.5,28,2,2022-05-31 09:09:06
1653988146825971000,207.0,1,207.0,78,207.5,29,2,2022-05-31 09:09:06
1653988146882346000,207.0,1,207.0,77,207.5,29,2,2022-05-31 09:09:06
1653988149137181000,207.0,1,207.0,77,207.5,32,2,2022-05-31 09:09:09
1653988149263213000,207.5,5,207.0,77,207.5,27,1,2022-05-31 09:09:09
1653988149345416000,207.0,1,207.0,76,207.5,27,2,2022-05-31 09:09:09
1653988149628032000,207.5,6,207.0,76,207.5,21,1,2022-05-31 09:09:09
1653988149843525000,207.0,10,207.0,67,207.5,21,2,2022-05-31 09:09:09
1653988151276267000,207.0,2,207.0,70,207.5,23,2,2022-05-31 09:09:11
1653988151639198000,207.5,2,207.0,74,207.5,23,1,2022-05-31 09:09:11
1653988152224520000,207.0,5,207.0,70,207.5,26,2,2022-05-31 09:09:12
1653988152234843000,207.0,1,207.0,69,207.5,26,2,2022-05-31 09:09:12
1653988152259242000,207.5,21,207.0,68,207.5,5,1,2022-05-31 09:09:12
1653988152341456000,207.5,5,207.0,72,208.0,35,1,2022-05-31 09:09:12
1653988152552541000,207.0,1,207.0,71,207.5,1,2,2022-05-31 09:09:12
1653988154725713000,207.0,2,207.0,69,207.5,16,2,2022-05-31 09:09:14
1653988155804646000,207.5,1,207.0,68,207.5,15,1,2022-05-31 09:09:15
1653988156554730000,207.0,2,207.0,66,207.5,15,2,2022-05-31 09:09:16
1653988156583621000,207.0,3,207.0,66,207.5,15,2,2022-05-31 09:09:16
1653988157338963000,207.5,1,207.0,63,207.5,15,1,2022-05-31 09:09:17
1653988158307058000,207.0,3,207.0,69,207.5,16,2,2022-05-31 09:09:18
1653988159144282000,207.0,1,207.0,69,207.5,17,2,2022-05-31 09:09:19
1653988159167553000,207.0,1,207.0,68,207.5,17,2,2022-05-31 09:09:19
1653988159172704000,207.5,5,207.0,68,207.5,12,1,2022-05-31 09:09:19
1653988159195184000,207.5,12,207.0,68,208.0,38,1,2022-05-31 09:09:19
1653988159891435000,207.5,1,207.0,68,208.0,39,1,2022-05-31 09:09:19
1653988160117601000,208.0,13,207.5,9,208.0,25,1,2022-05-31 09:09:20
1653988160555431000,207.5,1,207.5,10,208.0,25,2,2022-05-31 09:09:20
1653988161436997000,207.5,1,207.5,10,208.0,23,2,2022-05-31 09:09:21
1653988162055519000,207.5,1,207.5,9,208.0,23,2,2022-05-31 09:09:22
1653988162349714000,208.0,7,207.5,14,208.0,16,1,2022-05-31 09:09:22
1653988162466432000,207.5,1,207.5,13,208.0,16,2,2022-05-31 09:09:22
1653988163063264000,207.5,1,207.5,16,208.0,14,2,2022-05-31 09:09:23
1653988163405754000,207.5,1,207.5,17,208.0,13,2,2022-05-31 09:09:23
1653988165261582000,207.5,2,207.5,21,208.0,12,2,2022-05-31 09:09:25
1653988166316146000,207.5,1,207.5,22,208.0,12,2,2022-05-31 09:09:26
1653988166969442000,207.5,4,207.5,25,208.0,13,2,2022-05-31 09:09:26
1653988166998060000,208.0,13,207.5,25,208.5,64,1,2022-05-31 09:09:26
1653988168110140000,207.5,1,207.5,26,208.5,73,2,2022-05-31 09:09:28
1653988169391331000,207.5,1,207.5,28,208.5,73,2,2022-05-31 09:09:29
1653988170041096000,207.5,2,207.5,27,208.5,73,2,2022-05-31 09:09:30
1653988170537297000,208.0,1,208.0,9,208.5,73,1,2022-05-31 09:09:30
1653988172084413000,208.0,10,208.0,1,208.5,70,2,2022-05-31 09:09:32
1653988172400174000,208.0,1,207.5,33,208.5,74,2,2022-05-31 09:09:32
1653988174332022000,208.0,5,208.0,3,208.5,72,2,2022-05-31 09:09:34
1653988175610119000,208.0,2,208.0,1,208.5,75,2,2022-05-31 09:09:35
1653988175627574000,208.0,1,207.5,35,208.0,8,2,2022-05-31 09:09:35
1653988176063602000,207.5,1,207.5,34,208.5,79,2,2022-05-31 09:09:36
1653988176919236000,208.0,1,207.5,36,208.5,79,1,2022-05-31 09:09:36
1653988179186227000,208.0,1,208.0,3,208.5,70,2,2022-05-31 09:09:39
1653988180099289000,208.5,1,208.0,4,208.5,70,1,2022-05-31 09:09:40
1653988180513866000,208.0,4,207.5,36,208.5,70,2,2022-05-31 09:09:40
1653988180513866000,207.5,1,207.5,36,208.5,70,2,2022-05-31 09:09:40
1653988181217310000,208.0,2,208.0,1,208.5,70,2,2022-05-31 09:09:41
1653988181697570000,208.0,1,208.0,2,208.5,70,2,2022-05-31 09:09:41
1653988183305797000,208.0,1,208.0,1,208.5,72,2,2022-05-31 09:09:43
1653988183414681000,208.0,1,207.5,39,208.0,4,2,2022-05-31 09:09:43
1653988185989359000,208.0,1,207.5,40,208.0,16,1,2022-05-31 09:09:45
1653988189050682000,208.0,1,207.5,34,208.0,22,1,2022-05-31 09:09:49
1653988192021855000,208.0,1,207.5,35,208.0,35,1,2022-05-31 09:09:52
1653988194989885000,207.5,5,207.5,31,208.0,36,2,2022-05-31 09:09:54
1653988195577773000,208.0,1,207.5,31,208.0,38,1,2022-05-31 09:09:55
1653988197900461000,207.5,2,207.5,30,208.0,39,2,2022-05-31 09:09:57
1653988200163217000,208.0,20,207.5,31,208.0,22,1,2022-05-31 09:10:00
1653988200226495000,207.5,1,207.5,31,208.0,19,2,2022-05-31 09:10:00
1653988206448036000,207.5,1,207.5,38,208.0,24,2,2022-05-31 09:10:06
1653988207825064000,208.0,5,207.5,38,208.0,19,1,2022-05-31 09:10:07
1653988207919111000,207.5,1,207.5,37,208.0,19,2,2022-05-31 09:10:07
1653988210795066000,208.0,20,207.5,43,208.5,71,1,2022-05-31 09:10:10
1653988210900245000,208.0,1,207.5,43,208.5,74,2,2022-05-31 09:10:10
1653988210900245000,207.5,1,207.5,43,208.5,74,2,2022-05-31 09:10:10
1653988215660895000,208.0,2,207.5,58,208.5,65,1,2022-05-31 09:10:15
1653988215660895000,208.5,8,207.5,58,208.5,65,1,2022-05-31 09:10:15
1653988215682002000,207.5,1,207.5,57,208.5,65,2,2022-05-31 09:10:15
1653988216705746000,208.0,1,207.5,58,208.0,1,1,2022-05-31 09:10:16
1653988219852843000,208.0,1,207.5,61,208.0,5,1,2022-05-31 09:10:19
1653988223181935000,208.0,1,207.5,70,208.0,7,1,2022-05-31 09:10:23
1653988224944151000,208.0,2,207.5,81,208.0,6,1,2022-05-31 09:10:24
1653988226003912000,208.0,1,207.5,82,208.0,5,1,2022-05-31 09:10:26
1653988227305265000,208.0,1,207.5,84,208.0,6,1,2022-05-31 09:10:27
1653988228053913000,208.0,3,207.5,84,208.0,11,1,2022-05-31 09:10:28
1653988228082177000,208.0,11,207.5,84,208.5,68,1,2022-05-31 09:10:28
1653988229448604000,208.0,1,207.5,84,208.0,3,2,2022-05-31 09:10:29
1653988229562821000,208.0,1,207.5,84,208.0,2,1,2022-05-31 09:10:29
1653988229688100000,208.0,1,207.5,84,208.0,1,1,2022-05-31 09:10:29
1653988229903689000,208.0,1,207.5,86,208.0,1,1,2022-05-31 09:10:29
1653988230336629000,208.0,1,207.5,86,208.5,65,1,2022-05-31 09:10:30
1653988230714917000,207.5,1,207.5,85,208.5,65,2,2022-05-31 09:10:30
1653988231025687000,208.0,1,207.5,84,208.5,66,2,2022-05-31 09:10:31
1653988232472503000,208.0,1,208.0,4,208.5,64,2,2022-05-31 09:10:32
1653988235301225000,208.0,5,208.0,8,208.5,64,2,2022-05-31 09:10:35
1653988235394642000,208.0,2,208.0,6,208.5,65,2,2022-05-31 09:10:35
1653988235541562000,208.0,6,207.5,86,208.0,4,2,2022-05-31 09:10:35
1653988235573713000,207.5,1,207.5,85,208.0,4,2,2022-05-31 09:10:35
1653988235604581000,208.0,1,207.5,85,208.0,3,1,2022-05-31 09:10:35
1653988235720836000,208.0,1,207.5,85,208.0,3,1,2022-05-31 09:10:35
1653988236497232000,208.0,1,207.5,86,208.0,2,1,2022-05-31 09:10:36
1653988236935527000,208.0,5,207.5,81,208.0,2,1,2022-05-31 09:10:36
1653988239842115000,208.0,1,207.5,82,208.0,3,1,2022-05-31 09:10:39
1653988240968076000,208.0,1,207.5,83,208.0,3,1,2022-05-31 09:10:40
1653988241712691000,208.0,3,207.5,84,208.5,65,1,2022-05-31 09:10:41
1653988246926446000,208.0,1,208.0,8,208.5,68,2,2022-05-31 09:10:46
1653988246999659000,208.5,1,208.0,8,208.5,67,1,2022-05-31 09:10:46
1653988247465453000,208.0,1,208.0,7,208.5,67,2,2022-05-31 09:10:47
1653988248170752000,208.0,3,208.0,5,208.5,67,2,2022-05-31 09:10:48
1653988248998719000,208.0,1,208.0,4,208.5,68,2,2022-05-31 09:10:48
1653988249555985000,208.0,1,208.0,3,208.5,68,2,2022-05-31 09:10:49
1653988250785932000,208.0,2,208.0,3,208.5,68,2,2022-05-31 09:10:50
1653988255127824000,208.0,2,208.0,4,208.5,68,2,2022-05-31 09:10:55
1653988257302760000,208.0,1,208.0,10,208.5,67,2,2022-05-31 09:10:57
1653988257862348000,208.5,10,208.0,13,208.5,57,1,2022-05-31 09:10:57
1653988258495958000,208.0,10,208.0,3,208.5,57,2,2022-05-31 09:10:58
1653988261021652000,208.0,1,208.0,6,208.5,57,2,2022-05-31 09:11:01
1653988265999858000,208.0,1,208.0,20,208.5,55,2,2022-05-31 09:11:05
1653988267330852000,208.0,1,208.0,23,208.5,55,2,2022-05-31 09:11:07
1653988268096249000,208.0,1,208.0,23,208.5,55,2,2022-05-31 09:11:08
1653988268163259000,208.0,1,208.0,22,208.5,55,2,2022-05-31 09:11:08
1653988268163892000,208.0,1,208.0,21,208.5,55,2,2022-05-31 09:11:08
1653988268185003000,208.5,1,208.0,21,208.5,54,1,2022-05-31 09:11:08
1653988270432863000,208.0,1,208.0,21,208.5,53,2,2022-05-31 09:11:10
1653988273956021000,208.0,1,208.0,19,208.5,62,2,2022-05-31 09:11:13
1653988275996629000,208.0,1,208.0,18,208.5,63,2,2022-05-31 09:11:15
1653988276587271000,208.5,1,208.0,31,208.5,66,1,2022-05-31 09:11:16
1653988278215222000,208.0,1,208.0,35,208.5,66,2,2022-05-31 09:11:18
1653988279638341000,208.0,2,208.0,33,208.5,77,2,2022-05-31 09:11:19
1653988279667762000,208.0,1,208.0,32,208.5,77,2,2022-05-31 09:11:19
1653988291390399000,208.0,10,208.0,45,208.5,83,2,2022-05-31 09:11:31
1653988295115863000,208.5,1,208.0,46,208.5,84,1,2022-05-31 09:11:35
1653988295982191000,208.0,1,208.0,45,208.5,84,2,2022-05-31 09:11:35
1653988297925576000,208.0,1,208.0,44,208.5,85,2,2022-05-31 09:11:37
1653988298090291000,208.0,12,208.0,32,208.5,85,2,2022-05-31 09:11:38
1653988298859435000,208.0,33,207.5,93,208.0,17,2,2022-05-31 09:11:38
1653988298884709000,207.5,1,207.5,89,208.0,20,2,2022-05-31 09:11:38
1653988298923281000,207.5,1,207.5,88,208.0,20,2,2022-05-31 09:11:38
1653988299067501000,208.0,5,207.5,88,208.0,17,1,2022-05-31 09:11:39
1653988300037545000,208.0,1,207.5,89,208.0,15,1,2022-05-31 09:11:40
1653988301004049000,208.0,1,207.5,89,208.0,16,1,2022-05-31 09:11:41
1653988301107639000,208.0,1,207.5,89,208.0,15,1,2022-05-31 09:11:41
1653988302092677000,208.0,1,207.5,89,208.0,14,1,2022-05-31 09:11:42
1653988303214308000,208.0,1,207.5,83,208.0,17,1,2022-05-31 09:11:43
1653988303676818000,208.0,1,207.5,82,208.0,16,1,2022-05-31 09:11:43
1653988304560563000,208.0,1,207.5,82,208.0,19,1,2022-05-31 09:11:44
1653988316524027000,208.0,1,207.5,85,208.0,33,1,2022-05-31 09:11:56
1653988318222958000,208.0,2,207.5,85,208.0,34,1,2022-05-31 09:11:58
1653988325289966000,208.0,1,207.5,81,208.0,35,1,2022-05-31 09:12:05
1653988326719536000,208.0,1,207.5,80,208.0,34,1,2022-05-31 09:12:06
1653988327506444000,208.0,1,207.5,80,208.0,31,1,2022-05-31 09:12:07
1653988331322791000,208.0,5,207.5,78,208.0,27,1,2022-05-31 09:12:11
1653988331429696000,208.0,1,207.5,78,208.0,23,1,2022-05-31 09:12:11
1653988334672619000,208.0,1,207.5,80,208.0,36,1,2022-05-31 09:12:14
1653988336153557000,208.0,1,207.5,80,208.0,35,1,2022-05-31 09:12:16
1653988336639560000,208.0,1,207.5,80,208.0,34,1,2022-05-31 09:12:16
1653988337387857000,208.0,2,207.5,80,208.0,32,1,2022-05-31 09:12:17
1653988339488866000,208.0,2,207.5,78,208.0,30,1,2022-05-31 09:12:19
1653988339665039000,208.0,1,207.5,78,208.0,29,1,2022-05-31 09:12:19
1653988340365224000,208.0,1,207.5,78,208.0,28,1,2022-05-31 09:12:20
1653988340895927000,208.0,2,207.5,78,208.0,29,1,2022-05-31 09:12:20
1653988341305891000,208.0,1,207.5,78,208.0,28,1,2022-05-31 09:12:21
1653988341427018000,208.0,2,207.5,78,208.0,26,1,2022-05-31 09:12:21
1653988341908344000,207.5,1,207.5,77,208.0,27,2,2022-05-31 09:12:21
1653988342562408000,208.0,4,207.5,77,208.0,23,1,2022-05-31 09:12:22
1653988342870072000,208.0,1,207.5,77,208.0,22,1,2022-05-31 09:12:22
1653988344044179000,208.0,1,207.5,77,208.0,21,1,2022-05-31 09:12:24
1653988345658026000,208.0,1,207.5,78,208.0,20,1,2022-05-31 09:12:25
1653988346606377000,208.0,3,207.5,78,208.0,14,1,2022-05-31 09:12:26
1653988347508996000,208.0,1,207.5,78,208.0,13,1,2022-05-31 09:12:27
1653988348090676000,208.0,1,207.5,78,208.0,12,1,2022-05-31 09:12:28
1653988348801291000,208.0,1,207.5,78,208.0,12,1,2022-05-31 09:12:28
1653988350874666000,208.0,1,207.5,77,208.0,13,1,2022-05-31 09:12:30
1653988351682374000,208.0,2,207.5,78,208.0,11,1,2022-05-31 09:12:31
1653988352270269000,208.0,1,207.5,78,208.0,12,1,2022-05-31 09:12:32
1653988352557751000,208.0,1,207.5,78,208.0,11,1,2022-05-31 09:12:32
1653988352810482000,208.0,1,207.5,78,208.0,10,1,2022-05-31 09:12:32
1653988353616113000,208.0,1,207.5,78,208.0,9,1,2022-05-31 09:12:33
1653988354712446000,208.0,1,207.5,78,208.0,9,1,2022-05-31 09:12:34
1653988354872538000,208.0,1,207.5,78,208.0,6,1,2022-05-31 09:12:34
1653988354990211000,208.0,1,207.5,79,208.0,5,1,2022-05-31 09:12:34
1653988356026760000,208.0,1,207.5,79,208.0,4,1,2022-05-31 09:12:36
1653988356150051000,208.0,4,208.0,6,208.5,78,1,2022-05-31 09:12:36
1653988365133564000,208.5,1,208.0,27,208.5,80,1,2022-05-31 09:12:45
1653988371499191000,208.5,1,208.0,31,208.5,78,1,2022-05-31 09:12:51
1653988380374992000,208.5,1,208.0,37,208.5,79,1,2022-05-31 09:13:00
1653988380973243000,208.5,1,208.0,40,208.5,78,1,2022-05-31 09:13:00
1653988381990268000,208.5,1,208.0,40,208.5,77,1,2022-05-31 09:13:01
1653988384397275000,208.0,2,208.0,39,208.5,78,2,2022-05-31 09:13:04
1653988384791593000,208.0,1,208.0,38,208.5,82,2,2022-05-31 09:13:04
1653988393422647000,208.0,2,208.0,39,208.5,84,2,2022-05-31 09:13:13
1653988393689616000,208.5,3,208.0,40,208.5,82,1,2022-05-31 09:13:13
1653988398095622000,208.5,1,208.0,39,208.5,79,1,2022-05-31 09:13:18
1653988403789705000,208.5,1,208.0,40,208.5,77,1,2022-05-31 09:13:23
1653988415141245000,208.5,1,208.0,44,208.5,81,1,2022-05-31 09:13:35
1653988415691649000,208.5,1,208.0,44,208.5,79,1,2022-05-31 09:13:35
1653988429965479000,208.0,3,208.0,50,208.5,186,2,2022-05-31 09:13:49
1653988436873975000,208.5,1,208.0,56,208.5,86,1,2022-05-31 09:13:56
1653988440325068000,208.5,1,208.0,56,208.5,84,1,2022-05-31 09:14:00
1653988451650103000,208.5,1,208.0,68,208.5,89,1,2022-05-31 09:14:11
1653988459333437000,208.5,1,208.0,70,208.5,89,1,2022-05-31 09:14:19
1653988460459996000,208.5,1,208.0,70,208.5,88,1,2022-05-31 09:14:20
1653988462665314000,208.5,1,208.0,61,208.5,86,1,2022-05-31 09:14:22
1653988469906110000,208.0,1,208.0,73,208.5,86,2,2022-05-31 09:14:29
1653988471078676000,208.0,1,208.0,72,208.5,76,2,2022-05-31 09:14:31
1653988472759842000,208.0,2,208.0,70,208.5,76,2,2022-05-31 09:14:32
1653988478344897000,208.5,1,208.0,75,208.5,77,1,2022-05-31 09:14:38
1653988488953334000,208.0,5,208.0,73,208.5,74,2,2022-05-31 09:14:48
1653988491933438000,208.0,1,208.0,74,208.5,75,2,2022-05-31 09:14:51
1653988492961170000,208.0,1,208.0,74,208.5,75,2,2022-05-31 09:14:52
1653988494854009000,208.5,1,208.0,76,208.5,74,1,2022-05-31 09:14:54
1653988502530718000,208.0,2,208.0,76,208.5,74,2,2022-05-31 09:15:02
1653988507899470000,208.5,1,208.0,80,208.5,68,1,2022-05-31 09:15:07
1653988511174594000,208.0,1,208.0,79,208.5,68,2,2022-05-31 09:15:11
1653988511928020000,208.0,1,208.0,78,208.5,69,2,2022-05-31 09:15:11
1653988513469681000,208.5,10,208.0,78,208.5,60,1,2022-05-31 09:15:13
1653988515160162000,208.5,10,208.0,81,208.5,49,1,2022-05-31 09:15:15
1653988520818266000,208.5,1,208.0,86,208.5,47,1,2022-05-31 09:15:20
1653988531606816000,208.5,1,208.0,89,208.5,47,1,2022-05-31 09:15:31
1653988532107356000,208.5,1,208.0,89,208.5,45,1,2022-05-31 09:15:32
1653988532950309000,208.5,3,208.0,86,208.5,40,1,2022-05-31 09:15:32
1653988535024278000,208.5,1,208.0,87,208.5,39,1,2022-05-31 09:15:35
1653988540130573000,208.5,1,208.0,86,208.5,39,1,2022-05-31 09:15:40
1653988542384245000,208.5,1,208.0,85,208.5,38,1,2022-05-31 09:15:42
1653988542547346000,208.5,1,208.0,84,208.5,37,1,2022-05-31 09:15:42
1653988543760272000,208.5,1,208.0,85,208.5,36,1,2022-05-31 09:15:43
1653988544543482000,208.5,2,208.0,85,208.5,35,1,2022-05-31 09:15:44
1653988545423424000,208.5,1,208.0,85,208.5,34,1,2022-05-31 09:15:45
1653988546353531000,208.5,10,208.0,85,208.5,24,1,2022-05-31 09:15:46
1653988547282929000,208.5,5,208.0,86,208.5,19,1,2022-05-31 09:15:47
1653988547343399000,208.5,1,208.0,86,208.5,18,1,2022-05-31 09:15:47
1653988547776684000,208.5,1,208.0,86,208.5,16,1,2022-05-31 09:15:47
1653988548475258000,208.5,5,208.0,86,208.5,11,1,2022-05-31 09:15:48
1653988548504298000,208.5,1,208.0,86,208.5,10,1,2022-05-31 09:15:48
1653988548777280000,208.5,1,208.0,86,208.5,9,1,2022-05-31 09:15:48
1653988548861472000,208.5,1,208.0,86,208.5,8,1,2022-05-31 09:15:48
1653988548915835000,208.5,1,208.0,86,208.5,7,1,2022-05-31 09:15:48
1653988548973811000,208.5,2,208.0,86,208.5,5,1,2022-05-31 09:15:48
1653988549271638000,208.5,1,208.0,86,208.5,4,1,2022-05-31 09:15:49
1653988549726892000,208.5,2,208.0,93,208.5,5,1,2022-05-31 09:15:49
1653988550244220000,208.5,1,208.0,93,208.5,4,1,2022-05-31 09:15:50
1653988550324112000,208.5,1,208.0,92,208.5,3,1,2022-05-31 09:15:50
1653988550397495000,208.5,1,208.0,91,208.5,2,1,2022-05-31 09:15:50
1653988550537299000,208.5,2,208.5,8,209.0,81,1,2022-05-31 09:15:50
1653988551246343000,208.5,3,208.5,9,209.0,81,2,2022-05-31 09:15:51
1653988553406179000,209.0,2,208.5,21,209.0,83,1,2022-05-31 09:15:53
1653988561233734000,209.0,1,208.5,26,209.0,82,1,2022-05-31 09:16:01
1653988568563861000,209.0,1,208.5,27,209.0,81,1,2022-05-31 09:16:08
1653988569368982000,208.5,1,208.5,27,209.0,81,2,2022-05-31 09:16:09
1653988570046634000,208.5,1,208.5,23,209.0,81,2,2022-05-31 09:16:10
1653988570091422000,208.5,23,208.0,92,209.0,81,2,2022-05-31 09:16:10
1653988570091422000,208.0,7,208.0,92,209.0,81,2,2022-05-31 09:16:10
1653988573730818000,208.5,2,208.0,92,208.5,39,1,2022-05-31 09:16:13
1653988574183768000,208.0,5,208.0,88,208.5,41,2,2022-05-31 09:16:14
1653988574225701000,208.0,1,208.0,88,208.5,41,2,2022-05-31 09:16:14
1653988574245964000,208.0,1,208.0,87,208.5,41,2,2022-05-31 09:16:14
1653988574309961000,208.0,1,208.0,86,208.5,41,2,2022-05-31 09:16:14
1653988574398596000,208.5,1,208.0,86,208.5,40,1,2022-05-31 09:16:14
1653988576315866000,208.0,1,208.0,84,208.5,41,2,2022-05-31 09:16:16
1653988584137625000,208.5,1,208.0,92,208.5,56,1,2022-05-31 09:16:24
1653988585270428000,208.0,1,208.0,92,208.5,57,2,2022-05-31 09:16:25
1653988585390174000,208.5,1,208.0,92,208.5,56,1,2022-05-31 09:16:25
1653988594999912000,208.0,1,208.0,94,208.5,64,2,2022-05-31 09:16:34
1653988603567827000,208.0,2,208.0,95,208.5,65,2,2022-05-31 09:16:43
1653988603613346000,208.0,1,208.0,94,208.5,65,2,2022-05-31 09:16:43
1653988603652481000,208.0,1,208.0,93,208.5,65,2,2022-05-31 09:16:43
1653988603837694000,208.0,24,208.0,69,208.5,65,2,2022-05-31 09:16:43
1653988603870077000,208.0,69,207.5,137,208.5,69,2,2022-05-31 09:16:43
1653988604176115000,208.0,1,207.5,137,208.0,8,1,2022-05-31 09:16:44
1653988609614327000,208.0,1,207.5,132,208.0,42,1,2022-05-31 09:16:49
1653988618831885000,207.5,1,207.5,92,208.0,44,2,2022-05-31 09:16:58
1653988620150160000,208.0,1,207.5,92,208.0,54,1,2022-05-31 09:17:00
1653988621961835000,207.5,5,207.5,87,208.0,54,2,2022-05-31 09:17:01
1653988621998951000,207.5,1,207.5,86,208.0,54,2,2022-05-31 09:17:01
1653988629752969000,207.5,1,207.5,88,208.0,58,2,2022-05-31 09:17:09
1653988632355380000,207.5,2,207.5,86,208.0,60,2,2022-05-31 09:17:12
1653988634116454000,207.5,1,207.5,85,208.0,60,2,2022-05-31 09:17:14
1653988634645358000,207.5,2,207.5,83,208.0,60,2,2022-05-31 09:17:14
1653988634752632000,208.0,1,207.5,83,208.0,59,1,2022-05-31 09:17:14
1653988636716049000,207.5,10,207.5,73,208.0,60,2,2022-05-31 09:17:16
1653988636752218000,207.5,1,207.5,72,208.0,60,2,2022-05-31 09:17:16
1653988637906127000,207.5,2,207.5,70,208.0,60,2,2022-05-31 09:17:17
1653988637942139000,207.5,1,207.5,69,208.0,60,2,2022-05-31 09:17:17
1653988642468534000,207.5,5,207.5,65,208.0,64,2,2022-05-31 09:17:22
1653988643336639000,207.5,5,207.5,60,208.0,64,2,2022-05-31 09:17:23
1653988645209751000,207.5,10,207.5,51,208.0,65,2,2022-05-31 09:17:25
1653988647049471000,207.5,2,207.5,49,208.0,65,2,2022-05-31 09:17:27
1653988647122442000,207.5,1,207.5,48,208.0,65,2,2022-05-31 09:17:27
1653988647841810000,207.5,1,207.5,46,208.0,76,2,2022-05-31 09:17:27
1653988647884336000,207.5,1,207.5,45,208.0,76,2,2022-05-31 09:17:27
1653988647944865000,207.5,1,207.5,44,208.0,76,2,2022-05-31 09:17:27
1653988647976707000,207.5,1,207.5,43,208.0,76,2,2022-05-31 09:17:27
1653988648583257000,207.5,1,207.5,42,208.0,76,2,2022-05-31 09:17:28
1653988648795285000,207.5,1,207.5,41,208.0,76,2,2022-05-31 09:17:28
1653988649152850000,207.5,1,207.5,40,208.0,76,2,2022-05-31 09:17:29
1653988649201028000,207.5,1,207.5,39,208.0,76,2,2022-05-31 09:17:29
1653988649316433000,207.5,1,207.5,38,208.0,76,2,2022-05-31 09:17:29
1653988649516737000,207.5,2,207.5,36,208.0,76,2,2022-05-31 09:17:29
1653988649996854000,207.5,1,207.5,37,208.0,81,2,2022-05-31 09:17:29
1653988649997329000,207.5,1,207.5,36,208.0,81,2,2022-05-31 09:17:29
1653988650550000000,207.5,4,207.5,32,208.0,81,2,2022-05-31 09:17:30
1653988650608984000,207.5,1,207.5,31,208.0,81,2,2022-05-31 09:17:30
1653988650839775000,207.5,1,207.5,30,208.0,81,2,2022-05-31 09:17:30
1653988651127773000,207.5,1,207.5,29,208.0,83,2,2022-05-31 09:17:31
1653988651560064000,207.5,1,207.5,28,208.0,82,2,2022-05-31 09:17:31
1653988653095176000,207.5,1,207.5,27,208.0,81,2,2022-05-31 09:17:33
1653988653103249000,207.5,1,207.5,26,208.0,81,2,2022-05-31 09:17:33
1653988653736969000,207.5,2,207.5,24,208.0,83,2,2022-05-31 09:17:33
1653988653907110000,207.5,1,207.5,23,208.0,83,2,2022-05-31 09:17:33
1653988653914440000,207.5,1,207.5,22,208.0,82,2,2022-05-31 09:17:33
1653988654703468000,207.5,10,207.5,12,208.0,81,2,2022-05-31 09:17:34
1653988654735864000,207.5,2,207.5,10,208.0,81,2,2022-05-31 09:17:34
1653988655589578000,207.5,1,207.5,9,208.0,81,2,2022-05-31 09:17:35
1653988655643204000,207.5,9,207.0,160,207.5,1,2,2022-05-31 09:17:35
1653988655705729000,207.0,1,207.0,159,207.5,5,2,2022-05-31 09:17:35
1653988655740198000,207.0,8,207.0,151,207.5,8,2,2022-05-31 09:17:35
1653988655740697000,207.0,25,207.0,126,207.5,8,2,2022-05-31 09:17:35
1653988655777405000,207.0,1,207.0,125,207.5,12,2,2022-05-31 09:17:35
1653988655840938000,207.0,1,207.0,124,207.5,12,2,2022-05-31 09:17:35
1653988658263386000,207.5,1,207.0,121,207.5,22,1,2022-05-31 09:17:38
1653988660051099000,207.0,1,207.0,119,207.5,30,2,2022-05-31 09:17:40
1653988663550699000,207.0,2,207.0,116,207.5,29,2,2022-05-31 09:17:43
1653988666744734000,207.0,3,207.0,111,207.5,28,2,2022-05-31 09:17:46
1653988670029288000,207.0,1,207.0,107,207.5,33,2,2022-05-31 09:17:50
1653988672250120000,207.0,1,207.0,111,207.5,34,2,2022-05-31 09:17:52
1653988673731395000,207.0,1,207.0,120,207.5,36,2,2022-05-31 09:17:53
1653988676164580000,207.0,1,207.0,121,207.5,36,2,2022-05-31 09:17:56
1653988676175399000,207.5,36,207.0,121,208.0,63,1,2022-05-31 09:17:56
1653988677952844000,207.5,8,207.0,123,207.5,2,2,2022-05-31 09:17:57
1653988679267645000,207.0,1,207.0,122,207.5,2,2,2022-05-31 09:17:59
1653988680099511000,207.5,1,207.0,122,207.5,1,1,2022-05-31 09:18:00
1653988680753449000,207.5,1,207.0,123,208.0,48,1,2022-05-31 09:18:00
1653988682407222000,208.0,3,207.5,9,208.0,45,1,2022-05-31 09:18:02
1653988684159335000,208.0,39,207.5,17,208.0,6,1,2022-05-31 09:18:04
1653988684188818000,208.0,6,207.5,19,208.5,29,1,2022-05-31 09:18:04
1653988686033191000,208.0,1,207.5,22,208.5,25,1,2022-05-31 09:18:06
1653988690209818000,208.0,1,208.0,8,208.5,25,2,2022-05-31 09:18:10
1653988696119051000,208.0,1,208.0,9,208.5,25,2,2022-05-31 09:18:16
1653988704363333000,208.0,1,208.0,8,208.5,39,2,2022-05-31 09:18:24
1653988706449689000,208.0,2,208.0,7,208.5,40,2,2022-05-31 09:18:26
1653988709999014000,208.0,1,208.0,6,208.5,41,2,2022-05-31 09:18:29
1653988715776413000,208.0,1,208.0,6,208.5,38,2,2022-05-31 09:18:35
1653988719147955000,208.0,1,208.0,8,208.5,39,2,2022-05-31 09:18:39
1653988719468249000,208.0,8,207.5,33,208.0,2,2,2022-05-31 09:18:39
1653988719496469000,208.0,2,207.5,33,208.5,37,1,2022-05-31 09:18:39
1653988722126637000,208.0,1,207.5,36,208.5,38,2,2022-05-31 09:18:42
1653988732685787000,208.0,1,208.0,5,208.5,39,2,2022-05-31 09:18:52
1653988736594261000,208.0,5,207.5,39,208.0,1,2,2022-05-31 09:18:56
1653988736624634000,208.0,1,207.5,39,208.5,40,1,2022-05-31 09:18:56
1653988740042009000,208.0,1,207.5,38,208.0,1,1,2022-05-31 09:19:00
1653988740073406000,208.0,1,207.5,38,208.5,40,1,2022-05-31 09:19:00
1653988740367621000,207.5,1,207.5,36,208.5,40,2,2022-05-31 09:19:00
1653988748807837000,208.0,1,207.5,43,208.5,51,2,2022-05-31 09:19:08
1653988749593391000,208.0,5,207.5,42,208.5,62,1,2022-05-31 09:19:09
1653988749649909000,208.0,1,207.5,42,208.0,3,1,2022-05-31 09:19:09
1653988752340912000,208.0,2,207.5,43,208.0,3,1,2022-05-31 09:19:12
1653988755412445000,208.0,1,207.5,44,208.0,3,1,2022-05-31 09:19:15
1653988757614092000,208.0,1,207.5,44,208.0,2,1,2022-05-31 09:19:17
1653988757642273000,208.0,2,207.5,44,208.5,64,1,2022-05-31 09:19:17
1653988759578587000,208.0,1,208.0,1,208.5,64,2,2022-05-31 09:19:19
1653988759590516000,208.0,1,207.5,44,208.5,64,2,2022-05-31 09:19:19
1653988762808908000,208.0,1,207.5,48,208.5,63,1,2022-05-31 09:19:22
1653988763094957000,208.5,1,207.5,48,208.5,62,1,2022-05-31 09:19:23
1653988768010476000,208.0,1,208.0,3,208.5,50,2,2022-05-31 09:19:28
1653988780477057000,208.0,1,208.0,16,208.5,48,2,2022-05-31 09:19:40
1653988783954428000,208.5,36,208.0,18,208.5,11,1,2022-05-31 09:19:43
1653988783985100000,208.5,4,208.0,19,208.5,7,1,2022-05-31 09:19:43
1653988783985344000,208.5,2,208.0,19,208.5,5,1,2022-05-31 09:19:43
1653988783985363000,208.5,5,208.0,19,209.0,104,1,2022-05-31 09:19:43
1653988785167572000,208.5,2,208.0,42,209.0,100,2,2022-05-31 09:19:45
1653988785167572000,208.0,1,208.0,42,209.0,100,2,2022-05-31 09:19:45
1653988787820614000,208.5,1,208.5,9,209.0,101,2,2022-05-31 09:19:47
1653988787935878000,208.5,9,208.0,42,208.5,1,2,2022-05-31 09:19:47
1653988787975971000,208.5,1,208.0,42,209.0,101,1,2022-05-31 09:19:47
1653988790488118000,208.5,1,208.5,1,209.0,101,2,2022-05-31 09:19:50
1653988790922859000,208.5,1,208.5,1,209.0,103,2,2022-05-31 09:19:50
1653988797441544000,208.5,1,208.0,28,209.0,103,1,2022-05-31 09:19:57
1653988802885593000,208.5,5,208.0,30,208.5,5,2,2022-05-31 09:20:02
1653988803919550000,208.5,1,208.0,31,208.5,4,1,2022-05-31 09:20:03
1653988806384723000,208.5,1,208.0,31,208.5,4,1,2022-05-31 09:20:06
1653988806572191000,208.5,2,208.0,31,208.5,2,1,2022-05-31 09:20:06
1653988806601815000,208.5,2,208.0,31,209.0,102,1,2022-05-31 09:20:06
1653988807944199000,208.5,1,208.0,31,209.0,102,1,2022-05-31 09:20:07
1653988808673169000,208.5,1,208.0,30,209.0,102,1,2022-05-31 09:20:08
1653988809809199000,208.5,1,208.5,2,209.0,101,2,2022-05-31 09:20:09
1653988814043729000,208.5,1,208.5,7,209.0,99,2,2022-05-31 09:20:14
1653988818999903000,208.5,1,208.5,9,209.0,103,2,2022-05-31 09:20:18
1653988821566395000,208.5,3,208.5,6,209.0,104,2,2022-05-31 09:20:21
1653988823225390000,208.5,3,208.5,6,209.0,105,2,2022-05-31 09:20:23
1653988825963450000,208.5,1,208.5,6,209.0,104,2,2022-05-31 09:20:25
1653988832382399000,208.5,1,208.5,5,209.0,115,2,2022-05-31 09:20:32
1653988833615758000,208.5,1,208.5,5,209.0,110,2,2022-05-31 09:20:33
1653988834536859000,208.5,1,208.5,3,209.0,110,2,2022-05-31 09:20:34
1653988836655457000,208.5,1,208.5,3,209.0,112,2,2022-05-31 09:20:36
1653988837339944000,208.5,1,208.5,2,209.0,112,2,2022-05-31 09:20:37
1653988837377962000,208.5,2,208.0,21,208.5,2,2,2022-05-31 09:20:37
1653988838792309000,208.5,1,208.0,21,208.5,1,1,2022-05-31 09:20:38
1653988840890573000,208.5,1,208.0,19,208.5,5,1,2022-05-31 09:20:40
1653988843877681000,208.5,3,208.0,19,208.5,6,1,2022-05-31 09:20:43
1653988846956746000,208.5,1,208.0,19,208.5,8,1,2022-05-31 09:20:46
1653988848315734000,208.5,5,208.0,19,208.5,3,1,2022-05-31 09:20:48
1653988849101285000,208.5,1,208.0,20,208.5,2,1,2022-05-31 09:20:49
1653988850612803000,208.5,1,208.0,20,208.5,3,1,2022-05-31 09:20:50
1653988851684412000,208.5,1,208.0,21,208.5,2,1,2022-05-31 09:20:51
1653988852923684000,208.5,1,208.0,21,208.5,1,1,2022-05-31 09:20:52
1653988853095685000,208.5,1,208.0,21,209.0,109,1,2022-05-31 09:20:53
1653988862417489000,209.0,1,208.5,6,209.0,109,1,2022-05-31 09:21:02
1653988862553602000,208.5,2,208.5,4,209.0,109,2,2022-05-31 09:21:02
1653988881534856000,208.5,1,208.5,19,209.0,109,2,2022-05-31 09:21:21
1653988885436856000,208.5,2,208.5,19,209.0,108,2,2022-05-31 09:21:25
1653988886927963000,208.5,1,208.5,18,209.0,109,2,2022-05-31 09:21:26
1653988896660972000,208.5,5,208.5,18,209.0,109,2,2022-05-31 09:21:36
1653988896974648000,208.5,1,208.5,17,209.0,109,2,2022-05-31 09:21:36
1653988900408339000,208.5,5,208.5,12,209.0,109,2,2022-05-31 09:21:40
1653988900806474000,208.5,1,208.5,11,209.0,110,2,2022-05-31 09:21:40
1653988901518842000,208.5,2,208.5,9,209.0,110,2,2022-05-31 09:21:41
1653988901518881000,208.5,9,208.0,61,209.0,110,2,2022-05-31 09:21:41
1653988903943171000,208.5,1,208.0,32,208.5,3,1,2022-05-31 09:21:43
1653988908393312000,208.0,2,208.0,31,208.5,30,2,2022-05-31 09:21:48
1653988908393374000,208.0,31,207.5,80,208.5,30,2,2022-05-31 09:21:48
1653988908450513000,207.5,11,207.5,65,208.0,6,2,2022-05-31 09:21:48
1653988908458948000,208.0,1,207.5,65,208.0,7,1,2022-05-31 09:21:48
1653988908480488000,207.5,1,207.5,64,208.0,9,2,2022-05-31 09:21:48
1653988908568016000,207.5,2,207.5,62,208.0,10,2,2022-05-31 09:21:48
1653988909319447000,208.0,1,207.5,62,208.0,8,1,2022-05-31 09:21:49
1653988911659340000,208.0,2,207.5,63,208.0,8,1,2022-05-31 09:21:51
1653988912363888000,208.0,1,207.5,62,208.0,5,1,2022-05-31 09:21:52
1653988920546794000,208.0,1,207.5,60,208.0,21,1,2022-05-31 09:22:00
1653988921220799000,208.0,1,207.5,61,208.0,20,1,2022-05-31 09:22:01
1653988925821247000,208.0,1,207.5,91,208.0,9,1,2022-05-31 09:22:05
1653988930241629000,208.0,1,207.5,90,208.0,8,1,2022-05-31 09:22:10
1653988930475896000,208.0,1,207.5,90,208.0,7,1,2022-05-31 09:22:10
1653988931066496000,208.0,2,207.5,90,208.0,5,1,2022-05-31 09:22:11
1653988933710161000,208.0,1,207.5,93,208.0,10,1,2022-05-31 09:22:13
1653988933740160000,208.0,1,207.5,93,208.0,9,1,2022-05-31 09:22:13
1653988933796231000,207.5,1,207.5,92,208.0,9,2,2022-05-31 09:22:13
1653988946647898000,208.0,1,207.5,97,208.0,17,1,2022-05-31 09:22:26
1653988958210752000,208.0,1,207.5,98,208.0,26,1,2022-05-31 09:22:38
1653988959541122000,207.5,1,207.5,97,208.0,27,2,2022-05-31 09:22:39
1653988960314626000,208.0,1,207.5,97,208.0,26,1,2022-05-31 09:22:40
1653988966771189000,208.0,1,207.5,109,208.0,18,1,2022-05-31 09:22:46
1653988967199360000,208.0,1,207.5,109,208.0,15,1,2022-05-31 09:22:47
1653988967636195000,208.0,1,207.5,109,208.0,14,1,2022-05-31 09:22:47
1653988970770498000,208.0,2,207.5,111,208.0,15,1,2022-05-31 09:22:50
1653988972798813000,208.0,1,207.5,111,208.0,14,1,2022-05-31 09:22:52
1653988973404443000,208.0,1,207.5,111,208.0,13,1,2022-05-31 09:22:53
1653988975337531000,208.0,1,207.5,111,208.0,12,1,2022-05-31 09:22:55
1653988976776073000,208.0,1,207.5,112,208.0,11,1,2022-05-31 09:22:56
1653988977484726000,208.0,5,207.5,113,208.0,4,1,2022-05-31 09:22:57
1653988978494691000,208.0,1,207.5,113,208.0,3,1,2022-05-31 09:22:58
1653988978597806000,208.0,3,208.0,2,208.5,47,1,2022-05-31 09:22:58
1653988994774657000,208.0,1,208.0,30,208.5,57,2,2022-05-31 09:23:14
1653988996242043000,208.0,1,208.0,29,208.5,57,2,2022-05-31 09:23:16
1653988999968105000,208.5,1,208.0,31,208.5,56,1,2022-05-31 09:23:19
1653989007879990000,208.5,1,208.0,37,208.5,55,1,2022-05-31 09:23:27
1653989030141254000,208.5,10,208.0,62,208.5,62,1,2022-05-31 09:23:50
1653989031313522000,208.0,1,208.0,62,208.5,63,2,2022-05-31 09:23:51
1653989033819297000,208.5,1,208.0,65,208.5,62,1,2022-05-31 09:23:53
1653989034912409000,208.5,1,208.0,66,208.5,61,1,2022-05-31 09:23:54
1653989037586025000,208.5,1,208.0,68,208.5,60,1,2022-05-31 09:23:57
1653989042210585000,208.5,1,208.0,69,208.5,52,1,2022-05-31 09:24:02
1653989045717950000,208.0,2,208.0,68,208.5,56,2,2022-05-31 09:24:05
1653989046920887000,208.5,1,208.0,70,208.5,55,1,2022-05-31 09:24:06
1653989066267203000,208.5,1,208.0,83,208.5,56,1,2022-05-31 09:24:26
1653989072409996000,208.5,1,208.0,85,208.5,55,1,2022-05-31 09:24:32
1653989076968242000,208.5,2,208.0,85,208.5,53,1,2022-05-31 09:24:36
1653989086450376000,208.5,1,208.0,85,208.5,55,1,2022-05-31 09:24:46
1653989091661969000,208.5,1,208.0,87,208.5,54,1,2022-05-31 09:24:51
1653989108942857000,208.5,1,208.0,96,208.5,57,1,2022-05-31 09:25:08
1653989113245313000,208.5,1,208.0,94,208.5,56,1,2022-05-31 09:25:13
1653989119412692000,208.0,1,208.0,96,208.5,59,2,2022-05-31 09:25:19
1653989121371543000,208.5,1,208.0,96,208.5,59,1,2022-05-31 09:25:21
1653989134067503000,208.5,1,208.0,95,208.5,58,1,2022-05-31 09:25:34
1653989139336931000,208.0,1,208.0,94,208.5,58,2,2022-05-31 09:25:39
1653989162310657000,208.0,1,208.0,104,208.5,56,2,2022-05-31 09:26:02
1653989166168359000,208.5,1,208.0,105,208.5,55,1,2022-05-31 09:26:06
1653989170117683000,208.0,1,208.0,104,208.5,55,2,2022-05-31 09:26:10
1653989173985011000,208.0,1,208.0,105,208.5,55,2,2022-05-31 09:26:13
1653989182859764000,208.5,1,208.0,105,208.5,56,1,2022-05-31 09:26:22
1653989184870513000,208.0,1,208.0,104,208.5,56,2,2022-05-31 09:26:24
1653989187043461000,208.0,1,208.0,105,208.5,56,2,2022-05-31 09:26:27
1653989189075610000,208.5,1,208.0,103,208.5,55,1,2022-05-31 09:26:29
1653989189276295000,208.5,2,208.0,103,208.5,53,1,2022-05-31 09:26:29
1653989204911080000,208.5,1,208.0,109,208.5,57,1,2022-05-31 09:26:44
1653989207232295000,208.5,1,208.0,109,208.5,56,1,2022-05-31 09:26:47
1653989213291773000,208.5,1,208.0,113,208.5,56,1,2022-05-31 09:26:53
1653989229209035000,208.5,2,208.0,113,208.5,56,1,2022-05-31 09:27:09
1653989230499614000,208.5,1,208.0,113,208.5,55,1,2022-05-31 09:27:10
1653989232287187000,208.5,3,208.0,108,208.5,52,1,2022-05-31 09:27:12
1653989236074406000,208.5,53,208.5,22,209.0,113,1,2022-05-31 09:27:16
1653989237492551000,208.5,1,208.5,22,209.0,112,2,2022-05-31 09:27:17
1653989245621184000,209.0,1,208.5,31,209.0,110,1,2022-05-31 09:27:25
1653989254215767000,208.5,1,208.5,40,209.0,111,2,2022-05-31 09:27:34
1653989256005291000,209.0,1,208.5,41,209.0,111,1,2022-05-31 09:27:36
1653989260564508000,209.0,1,208.5,43,209.0,110,1,2022-05-31 09:27:40
1653989266809134000,209.0,1,208.5,54,209.0,110,1,2022-05-31 09:27:46
1653989272963197000,209.0,1,208.5,65,209.0,107,1,2022-05-31 09:27:52
1653989276421119000,209.0,1,208.5,67,209.0,107,1,2022-05-31 09:27:56
1653989278045103000,209.0,1,208.5,68,209.0,106,1,2022-05-31 09:27:58
1653989278197194000,209.0,5,208.5,68,209.0,101,1,2022-05-31 09:27:58
1653989280906229000,209.0,1,208.5,68,209.0,98,1,2022-05-31 09:28:00
1653989283152138000,209.0,2,208.5,68,209.0,97,1,2022-05-31 09:28:03
1653989283576579000,209.0,1,208.5,68,209.0,96,1,2022-05-31 09:28:03
1653989285303509000,209.0,3,208.5,71,209.0,94,1,2022-05-31 09:28:05
1653989289053381000,209.0,1,208.5,76,209.0,96,1,2022-05-31 09:28:09
1653989289578390000,209.0,1,208.5,75,209.0,93,1,2022-05-31 09:28:09
1653989292004343000,209.0,1,208.5,76,209.0,92,1,2022-05-31 09:28:12
1653989293471270000,208.5,45,208.5,31,209.0,91,2,2022-05-31 09:28:13
1653989293483944000,209.0,1,208.5,31,209.0,90,1,2022-05-31 09:28:13
1653989293510834000,208.5,30,208.0,119,209.0,91,2,2022-05-31 09:28:13
1653989293624564000,208.5,1,208.0,98,208.5,17,1,2022-05-31 09:28:13
1653989293799223000,208.0,1,208.0,97,208.5,17,2,2022-05-31 09:28:13
1653989294222660000,208.5,1,208.0,97,208.5,16,1,2022-05-31 09:28:14
1653989297423586000,208.5,1,208.0,97,208.5,22,1,2022-05-31 09:28:17
1653989299057131000,208.5,1,208.0,96,208.5,122,1,2022-05-31 09:28:19
1653989299439734000,208.5,1,208.0,96,208.5,123,1,2022-05-31 09:28:19
1653989301594231000,208.5,1,208.0,97,208.5,23,1,2022-05-31 09:28:21
1653989304105983000,208.5,1,208.0,100,208.5,14,1,2022-05-31 09:28:24
1653989309485951000,208.5,1,208.0,99,208.5,18,1,2022-05-31 09:28:29
1653989310203941000,208.5,1,208.0,99,208.5,17,1,2022-05-31 09:28:30
1653989310503801000,208.5,4,208.0,99,208.5,13,1,2022-05-31 09:28:30
1653989311444696000,208.5,4,208.0,119,208.5,9,1,2022-05-31 09:28:31
1653989312363461000,208.5,1,208.0,120,208.5,9,1,2022-05-31 09:28:32
1653989312590039000,208.5,1,208.0,120,208.5,8,1,2022-05-31 09:28:32
1653989312767051000,208.5,1,208.0,120,208.5,7,1,2022-05-31 09:28:32
1653989312979027000,208.5,1,208.0,120,208.5,6,1,2022-05-31 09:28:32
1653989313280417000,208.5,1,208.0,120,208.5,5,1,2022-05-31 09:28:33
1653989315152846000,208.5,1,208.0,119,208.5,4,1,2022-05-31 09:28:35
1653989317612962000,208.5,1,208.0,119,208.5,6,1,2022-05-31 09:28:37
1653989322342806000,208.5,1,208.0,117,208.5,15,1,2022-05-31 09:28:42
1653989325867798000,208.5,1,208.0,118,208.5,14,1,2022-05-31 09:28:45
1653989330927349000,208.5,1,208.0,119,208.5,16,1,2022-05-31 09:28:50
1653989333308871000,208.5,1,208.0,123,208.5,19,1,2022-05-31 09:28:53
1653989337589107000,208.5,3,208.0,122,208.5,17,1,2022-05-31 09:28:57
1653989339085741000,208.5,1,208.0,122,208.5,16,1,2022-05-31 09:28:59
1653989339210466000,208.5,1,208.0,122,208.5,15,1,2022-05-31 09:28:59
1653989341777493000,208.5,1,208.0,122,208.5,14,1,2022-05-31 09:29:01
1653989350337834000,208.5,1,208.0,123,208.5,17,1,2022-05-31 09:29:10
1653989364364713000,208.5,1,208.0,121,208.5,17,1,2022-05-31 09:29:24
1653989372378501000,208.5,5,208.0,121,208.5,12,1,2022-05-31 09:29:32
1653989374309049000,208.5,3,208.0,121,208.5,15,1,2022-05-31 09:29:34
1653989378487135000,208.5,1,208.0,121,208.5,8,1,2022-05-31 09:29:38
1653989381536348000,208.5,1,208.0,121,208.5,8,1,2022-05-31 09:29:41
1653989382812669000,208.5,1,208.0,121,208.5,7,1,2022-05-31 09:29:42
1653989406073115000,208.5,1,208.0,122,208.5,24,1,2022-05-31 09:30:06
1653989415633618000,208.5,1,208.0,122,208.5,25,1,2022-05-31 09:30:15
1653989416593022000,208.5,1,208.0,123,208.5,24,1,2022-05-31 09:30:16
1653989422336430000,208.5,1,208.0,122,208.5,32,1,2022-05-31 09:30:22
1653989427592346000,208.5,1,208.0,123,208.5,24,1,2022-05-31 09:30:27
1653989434291063000,208.5,3,208.0,123,208.5,25,1,2022-05-31 09:30:34
1653989438685225000,208.5,1,208.0,124,208.5,24,1,2022-05-31 09:30:38
1653989442299917000,208.0,1,208.0,122,208.5,26,2,2022-05-31 09:30:42
1653989447143863000,208.5,26,208.0,121,208.5,1,1,2022-05-31 09:30:47
1653989450605076000,208.5,1,208.0,122,208.5,7,1,2022-05-31 09:30:50
1653989451363341000,208.5,1,208.0,121,208.5,6,1,2022-05-31 09:30:51
1653989451479609000,208.5,1,208.0,121,208.5,6,1,2022-05-31 09:30:51
1653989451589253000,208.5,3,208.0,121,208.5,3,1,2022-05-31 09:30:51
1653989453548560000,208.0,1,208.0,120,208.5,7,2,2022-05-31 09:30:53
1653989457365020000,208.5,1,208.0,125,208.5,7,1,2022-05-31 09:30:57
1653989457976241000,208.5,1,208.0,125,208.5,6,1,2022-05-31 09:30:57
1653989458631920000,208.5,2,208.0,125,208.5,4,1,2022-05-31 09:30:58
1653989459673434000,208.5,1,208.0,125,208.5,4,1,2022-05-31 09:30:59
1653989460504619000,208.5,1,208.0,125,208.5,3,1,2022-05-31 09:31:00
