ts,close,volume,bid_price,bid_volume,ask_price,ask_volume,tick_type,datetime
1653987600709580000,44.8,2440,44.75,2,44.8,25,1,2022-05-31 09:00:00
1653987600748753000,44.75,2,44.7,16,44.8,25,2,2022-05-31 09:00:00
1653987600748753000,44.7,18,44.7,16,44.8,25,2,2022-05-31 09:00:00
1653987600766400000,44.8,2,44.7,16,44.8,23,1,2022-05-31 09:00:00
1653987600831409000,44.8,1,44.7,16,44.8,23,1,2022-05-31 09:00:00
1653987600848757000,44.8,5,44.7,16,44.8,18,1,2022-05-31 09:00:00
1653987600934059000,44.8,5,44.7,16,44.8,13,1,2022-05-31 09:00:00
1653987601024649000,44.8,1,44.7,16,44.8,12,1,2022-05-31 09:00:01
1653987601086425000,44.8,4,44.7,16,44.8,8,1,2022-05-31 09:00:01
1653987601126611000,44.7,13,44.7,3,44.8,8,2,2022-05-31 09:00:01
1653987601235502000,44.8,1,44.7,3,44.8,7,1,2022-05-31 09:00:01
1653987601279545000,44.75,2,44.7,3,44.75,19,1,2022-05-31 09:00:01
1653987601449369000,44.75,1,44.7,3,44.75,18,1,2022-05-31 09:00:01
1653987601458962000,44.7,3,44.65,340,44.75,18,2,2022-05-31 09:00:01
1653987601458962000,44.65,1,44.65,340,44.75,18,2,2022-05-31 09:00:01
1653987601486978000,44.65,1,44.65,339,44.75,18,2,2022-05-31 09:00:01
1653987601545143000,44.65,4,44.65,335,44.75,18,2,2022-05-31 09:00:01
1653987601559637000,44.65,2,44.65,333,44.75,18,2,2022-05-31 09:00:01
1653987601568507000,44.65,1,44.65,332,44.75,18,2,2022-05-31 09:00:01
1653987601570972000,44.75,1,44.65,332,44.75,17,1,2022-05-31 09:00:01
1653987601606249000,44.65,11,44.65,321,44.75,17,2,2022-05-31 09:00:01
1653987601623059000,44.75,3,44.65,321,44.75,14,1,2022-05-31 09:00:01
1653987601650359000,44.75,14,44.65,321,44.8,6,1,2022-05-31 09:00:01
1653987601651377000,44.65,4,44.65,317,44.8,6,2,2022-05-31 09:00:01
1653987602163434000,44.65,3,44.65,315,44.75,1,2,2022-05-31 09:00:02
1653987602163726000,44.65,4,44.65,311,44.75,1,2,2022-05-31 09:00:02
1653987602163932000,44.65,1,44.65,310,44.75,1,2,2022-05-31 09:00:02
1653987602164111000,44.65,3,44.65,307,44.75,1,2,2022-05-31 09:00:02
1653987602164343000,44.65,3,44.65,304,44.75,1,2,2022-05-31 09:00:02
1653987602164532000,44.65,3,44.65,301,44.75,1,2,2022-05-31 09:00:02
1653987602164732000,44.65,1,44.65,300,44.75,1,2,2022-05-31 09:00:02
1653987602164914000,44.65,2,44.65,298,44.75,1,2,2022-05-31 09:00:02
1653987602272533000,44.65,2,44.65,296,44.75,1,2,2022-05-31 09:00:02
1653987602300084000,44.65,1,44.65,295,44.75,1,2,2022-05-31 09:00:02
1653987602304414000,44.75,1,44.65,295,44.8,5,1,2022-05-31 09:00:02
1653987602304414000,44.8,1,44.65,295,44.8,5,1,2022-05-31 09:00:02
1653987602558707000,44.7,3,44.65,295,44.7,7,1,2022-05-31 09:00:02
1653987602622646000,44.65,10,44.65,285,44.7,7,2,2022-05-31 09:00:02
1653987602939869000,44.7,7,44.65,288,44.8,5,1,2022-05-31 09:00:02
1653987602955102000,44.8,5,44.65,288,44.85,15,1,2022-05-31 09:00:02
1653987602955102000,44.85,5,44.65,288,44.85,15,1,2022-05-31 09:00:02
1653987603000738000,44.7,3,44.65,271,44.85,15,2,2022-05-31 09:00:03
1653987603000738000,44.65,17,44.65,271,44.85,15,2,2022-05-31 09:00:03
1653987603105292000,44.65,2,44.65,266,44.85,15,2,2022-05-31 09:00:03
1653987603324930000,44.7,2,44.7,1,44.85,15,2,2022-05-31 09:00:03
1653987603349183000,44.85,1,44.7,1,44.85,14,1,2022-05-31 09:00:03
1653987603367449000,44.85,11,44.7,1,44.85,3,1,2022-05-31 09:00:03
1653987603454594000,44.85,3,44.7,1,44.9,15,1,2022-05-31 09:00:03
1653987603584406000,44.7,1,44.7,3,44.75,20,2,2022-05-31 09:00:03
1653987603592666000,44.7,2,44.7,1,44.75,20,2,2022-05-31 09:00:03
1653987603622459000,44.75,1,44.7,1,44.75,19,1,2022-05-31 09:00:03
1653987603844921000,44.75,3,44.7,1,44.75,16,1,2022-05-31 09:00:03
1653987603893658000,44.75,1,44.7,1,44.75,15,1,2022-05-31 09:00:03
1653987603907653000,44.7,1,44.65,266,44.75,15,2,2022-05-31 09:00:03
1653987604003496000,44.7,2,44.65,266,44.75,15,2,2022-05-31 09:00:04
1653987604007810000,44.75,3,44.65,266,44.75,12,1,2022-05-31 09:00:04
1653987604008798000,44.65,5,44.65,261,44.75,12,2,2022-05-31 09:00:04
1653987604170495000,44.75,3,44.7,2,44.75,9,1,2022-05-31 09:00:04
1653987604205935000,44.75,1,44.7,3,44.75,8,1,2022-05-31 09:00:04
1653987604318729000,44.75,1,44.7,13,44.75,7,1,2022-05-31 09:00:04
1653987604328524000,44.7,2,44.7,11,44.75,7,2,2022-05-31 09:00:04
1653987604356375000,44.75,3,44.7,11,44.75,4,1,2022-05-31 09:00:04
1653987604358709000,44.7,5,44.7,6,44.75,4,2,2022-05-31 09:00:04
1653987604394683000,44.75,1,44.7,6,44.75,3,1,2022-05-31 09:00:04
1653987604473966000,44.7,6,44.65,247,44.75,3,2,2022-05-31 09:00:04
1653987604473966000,44.65,14,44.65,247,44.75,3,2,2022-05-31 09:00:04
1653987604573488000,44.75,3,44.65,247,44.8,20,1,2022-05-31 09:00:04
1653987604590837000,44.8,2,44.7,1,44.8,18,1,2022-05-31 09:00:04
1653987604617781000,44.8,18,44.7,1,44.9,15,1,2022-05-31 09:00:04
1653987604705080000,44.8,1,44.75,1,44.9,15,2,2022-05-31 09:00:04
1653987604723676000,44.75,1,44.7,1,44.9,15,2,2022-05-31 09:00:04
1653987604765902000,44.75,1,44.75,2,44.9,15,2,2022-05-31 09:00:04
1653987604930707000,44.75,2,44.7,2,44.9,15,2,2022-05-31 09:00:04
1653987605057180000,44.75,1,44.75,2,44.9,65,2,2022-05-31 09:00:05
1653987605069039000,44.9,2,44.75,2,44.9,63,1,2022-05-31 09:00:05
1653987605171174000,44.9,10,44.75,5,44.9,53,1,2022-05-31 09:00:05
1653987605218860000,44.9,1,44.75,5,44.9,52,1,2022-05-31 09:00:05
1653987605611822000,44.8,1,44.8,9,44.85,30,1,2022-05-31 09:00:05
1653987605676483000,44.85,5,44.8,9,44.85,25,1,2022-05-31 09:00:05
1653987605754312000,44.8,2,44.8,12,44.85,25,2,2022-05-31 09:00:05
1653987605814722000,44.85,10,44.8,15,44.85,15,1,2022-05-31 09:00:05
1653987605880676000,44.8,1,44.8,14,44.85,15,2,2022-05-31 09:00:05
1653987606081045000,44.8,1,44.8,16,44.85,15,2,2022-05-31 09:00:06
1653987606238221000,44.85,5,44.8,19,44.85,10,1,2022-05-31 09:00:06
1653987606305942000,44.85,10,44.8,19,44.9,56,1,2022-05-31 09:00:06
1653987606461372000,44.9,5,44.85,3,44.9,51,1,2022-05-31 09:00:06
1653987606528072000,44.9,5,44.85,3,44.9,46,1,2022-05-31 09:00:06
1653987606593701000,44.9,35,44.85,6,44.9,11,1,2022-05-31 09:00:06
1653987606624763000,44.9,11,44.85,16,44.95,23,1,2022-05-31 09:00:06
1653987606744925000,44.85,1,44.85,15,44.95,23,2,2022-05-31 09:00:06
1653987607051372000,44.95,10,44.85,18,44.95,13,1,2022-05-31 09:00:07
1653987607241193000,44.9,2,44.9,14,44.95,13,2,2022-05-31 09:00:07
1653987607303642000,44.95,1,44.9,15,44.95,12,1,2022-05-31 09:00:07
1653987607426905000,44.9,1,44.9,17,44.95,12,2,2022-05-31 09:00:07
1653987607619293000,44.9,5,44.9,23,44.95,12,2,2022-05-31 09:00:07
1653987607696295000,44.95,3,44.9,24,44.95,9,1,2022-05-31 09:00:07
1653987608310111000,44.95,29,44.9,29,45.0,164,1,2022-05-31 09:00:08
1653987608310111000,45.0,171,44.9,29,45.0,164,1,2022-05-31 09:00:08
1653987608372850000,44.9,2,44.9,27,45.0,164,2,2022-05-31 09:00:08
1653987608455728000,45.0,3,44.9,27,45.0,161,1,2022-05-31 09:00:08
1653987608523018000,45.0,1,44.9,27,45.0,160,1,2022-05-31 09:00:08
1653987608878498000,45.0,1,44.95,1,45.0,159,1,2022-05-31 09:00:08
1653987609006733000,45.0,1,44.95,2,45.0,159,1,2022-05-31 09:00:09
1653987609096704000,45.0,5,44.95,2,45.0,154,1,2022-05-31 09:00:09
1653987609292714000,44.95,1,44.95,1,45.0,153,2,2022-05-31 09:00:09
1653987609303474000,45.0,5,44.95,1,45.0,148,1,2022-05-31 09:00:09
1653987609427602000,45.0,1,44.95,1,45.0,147,1,2022-05-31 09:00:09
1653987609772455000,45.0,4,44.95,5,45.0,143,1,2022-05-31 09:00:09
1653987609796383000,45.0,1,44.95,5,45.0,142,1,2022-05-31 09:00:09
1653987609838297000,45.0,4,44.95,5,45.0,138,1,2022-05-31 09:00:09
1653987609907740000,45.0,2,44.95,6,45.0,136,1,2022-05-31 09:00:09
1653987610042278000,44.95,6,44.9,19,45.0,186,2,2022-05-31 09:00:10
1653987610066168000,45.0,4,44.9,19,45.0,182,1,2022-05-31 09:00:10
1653987610148178000,45.0,10,44.95,1,45.0,172,1,2022-05-31 09:00:10
1653987610194530000,44.95,1,44.95,2,45.0,172,2,2022-05-31 09:00:10
1653987610234862000,45.0,2,44.95,2,45.0,170,1,2022-05-31 09:00:10
1653987610262560000,45.0,5,44.95,2,45.0,165,1,2022-05-31 09:00:10
1653987610338304000,45.0,1,44.95,2,45.0,164,1,2022-05-31 09:00:10
1653987610339685000,45.0,5,44.95,2,45.0,159,1,2022-05-31 09:00:10
1653987610539367000,44.95,2,44.9,20,45.0,159,2,2022-05-31 09:00:10
1653987610544279000,45.0,1,44.9,20,45.0,158,1,2022-05-31 09:00:10
1653987610626209000,45.0,2,44.9,20,45.0,156,1,2022-05-31 09:00:10
1653987610987221000,45.0,2,44.95,2,45.0,154,1,2022-05-31 09:00:10
1653987610999297000,44.95,1,44.95,1,45.0,154,2,2022-05-31 09:00:10
1653987611015801000,45.0,5,44.95,1,45.0,149,1,2022-05-31 09:00:11
1653987611189223000,44.95,1,44.95,1,45.0,149,2,2022-05-31 09:00:11
1653987611257890000,45.0,5,44.95,1,45.0,144,1,2022-05-31 09:00:11
1653987611264894000,45.0,1,44.95,1,45.0,143,1,2022-05-31 09:00:11
1653987611271800000,44.95,1,44.9,22,45.0,143,2,2022-05-31 09:00:11
1653987611271800000,44.9,3,44.9,22,45.0,143,2,2022-05-31 09:00:11
1653987611294802000,45.0,1,44.95,1,45.0,142,1,2022-05-31 09:00:11
1653987611348754000,45.0,1,44.95,1,45.0,143,1,2022-05-31 09:00:11
1653987611420575000,45.0,1,44.95,1,45.0,142,1,2022-05-31 09:00:11
1653987611431720000,45.0,1,44.95,1,45.0,141,1,2022-05-31 09:00:11
1653987611471377000,44.95,1,44.9,23,45.0,141,2,2022-05-31 09:00:11
1653987611660356000,45.0,20,44.95,3,45.0,121,1,2022-05-31 09:00:11
1653987611735099000,45.0,1,44.95,4,45.0,120,1,2022-05-31 09:00:11
1653987611737863000,45.0,1,44.95,4,45.0,119,1,2022-05-31 09:00:11
1653987611782917000,45.0,10,44.95,4,45.0,109,1,2022-05-31 09:00:11
1653987611821491000,45.0,1,44.95,5,45.0,108,1,2022-05-31 09:00:11
1653987611829661000,45.0,1,44.95,5,45.0,107,1,2022-05-31 09:00:11
1653987611837547000,45.0,1,44.95,5,45.0,106,1,2022-05-31 09:00:11
1653987611934739000,45.0,1,44.95,5,45.0,105,1,2022-05-31 09:00:11
1653987612002488000,45.0,1,44.95,5,45.0,104,1,2022-05-31 09:00:12
1653987612203414000,45.0,1,44.95,7,45.0,103,1,2022-05-31 09:00:12
1653987612262870000,45.0,2,44.95,7,45.0,101,1,2022-05-31 09:00:12
1653987612324289000,45.0,1,44.95,7,45.0,100,1,2022-05-31 09:00:12
1653987612404894000,45.0,1,44.95,7,45.0,99,1,2022-05-31 09:00:12
1653987612478203000,45.0,1,44.95,7,45.0,98,1,2022-05-31 09:00:12
1653987612482608000,45.0,2,44.95,7,45.0,96,1,2022-05-31 09:00:12
1653987612554695000,45.0,1,44.95,7,45.0,95,1,2022-05-31 09:00:12
1653987612569595000,44.95,7,44.9,26,44.95,3,2,2022-05-31 09:00:12
1653987612580531000,44.95,1,44.9,26,44.95,2,1,2022-05-31 09:00:12
1653987612715026000,44.95,1,44.9,26,44.95,1,1,2022-05-31 09:00:12
1653987612729202000,44.95,1,44.9,26,45.0,96,1,2022-05-31 09:00:12
1653987612874234000,45.0,3,44.95,1,45.0,103,1,2022-05-31 09:00:12
1653987612937224000,45.0,1,44.95,1,45.0,102,1,2022-05-31 09:00:12
1653987612948309000,45.0,1,44.95,1,45.0,101,1,2022-05-31 09:00:12
1653987613094796000,45.0,9,44.95,1,45.0,94,1,2022-05-31 09:00:13
1653987613119335000,44.95,2,44.9,28,44.95,18,2,2022-05-31 09:00:13
1653987613183416000,44.95,1,44.9,30,44.95,17,1,2022-05-31 09:00:13
1653987613264900000,44.95,1,44.9,30,44.95,17,1,2022-05-31 09:00:13
1653987613325556000,44.95,3,44.9,31,44.95,14,1,2022-05-31 09:00:13
1653987613342895000,44.95,14,44.9,31,45.0,95,1,2022-05-31 09:00:13
1653987613451389000,45.0,10,44.95,1,45.0,86,1,2022-05-31 09:00:13
1653987613452953000,45.0,1,44.95,1,45.0,85,1,2022-05-31 09:00:13
1653987613455211000,45.0,4,44.95,1,45.0,81,1,2022-05-31 09:00:13
1653987613516088000,45.0,2,44.95,1,45.0,79,1,2022-05-31 09:00:13
1653987613527897000,44.95,1,44.9,31,44.95,19,2,2022-05-31 09:00:13
1653987613531524000,44.95,1,44.9,31,44.95,18,1,2022-05-31 09:00:13
1653987613555326000,44.95,1,44.9,31,44.95,17,1,2022-05-31 09:00:13
1653987613577241000,44.95,1,44.9,31,44.95,16,1,2022-05-31 09:00:13
1653987613649059000,44.95,16,44.9,31,45.0,65,1,2022-05-31 09:00:13
1653987613649059000,45.0,14,44.9,31,45.0,65,1,2022-05-31 09:00:13
1653987613704984000,45.0,1,44.9,33,45.0,65,1,2022-05-31 09:00:13
1653987613724443000,45.0,2,44.9,33,45.0,63,1,2022-05-31 09:00:13
1653987613733194000,44.9,5,44.9,28,45.0,63,2,2022-05-31 09:00:13
1653987613776968000,45.0,10,44.9,28,45.0,53,1,2022-05-31 09:00:13
1653987613778214000,45.0,3,44.9,28,45.0,50,1,2022-05-31 09:00:13
1653987613804544000,44.95,5,44.9,28,45.0,50,1,2022-05-31 09:00:13
1653987613866105000,45.0,1,44.95,1,45.0,49,1,2022-05-31 09:00:13
1653987614000048000,45.0,1,44.95,1,45.0,50,1,2022-05-31 09:00:14
1653987614015466000,45.0,1,44.95,1,45.0,49,1,2022-05-31 09:00:14
1653987614128095000,45.0,3,44.95,2,45.0,46,1,2022-05-31 09:00:14
1653987614137781000,44.95,2,44.9,28,44.95,2,2,2022-05-31 09:00:14
1653987614174923000,44.95,1,44.9,28,44.95,1,1,2022-05-31 09:00:14
1653987614221772000,44.95,1,44.9,27,45.0,46,1,2022-05-31 09:00:14
1653987614376964000,45.0,3,44.95,3,45.0,43,1,2022-05-31 09:00:14
1653987614420746000,45.0,1,44.95,4,45.0,42,1,2022-05-31 09:00:14
1653987614492470000,45.0,1,44.95,4,45.0,41,1,2022-05-31 09:00:14
1653987614497252000,44.95,2,44.95,2,45.0,41,2,2022-05-31 09:00:14
1653987614529841000,45.0,2,44.95,3,45.0,39,1,2022-05-31 09:00:14
1653987614535100000,45.0,1,44.95,3,45.0,38,1,2022-05-31 09:00:14
1653987614547126000,44.95,1,44.95,2,45.0,38,2,2022-05-31 09:00:14
1653987614609120000,45.0,4,44.95,4,45.0,34,1,2022-05-31 09:00:14
1653987614644015000,44.95,4,44.9,28,45.0,34,2,2022-05-31 09:00:14
1653987614649954000,45.0,5,44.9,28,45.0,29,1,2022-05-31 09:00:14
1653987614726400000,45.0,3,44.9,30,45.0,26,1,2022-05-31 09:00:14
1653987614817548000,45.0,2,44.95,8,45.0,24,1,2022-05-31 09:00:14
1653987614861731000,45.0,1,44.95,8,45.0,23,1,2022-05-31 09:00:14
1653987614902245000,44.95,2,44.95,6,45.0,23,2,2022-05-31 09:00:14
1653987614995766000,45.0,5,44.95,7,45.0,18,1,2022-05-31 09:00:14
1653987615027688000,45.0,1,44.95,8,45.0,17,1,2022-05-31 09:00:15
1653987615219041000,44.95,1,44.95,9,45.0,68,2,2022-05-31 09:00:15
1653987615236887000,45.0,1,44.95,9,45.0,67,1,2022-05-31 09:00:15
1653987615246231000,45.0,2,44.95,9,45.0,65,1,2022-05-31 09:00:15
1653987615288836000,45.0,5,44.95,9,45.0,60,1,2022-05-31 09:00:15
1653987615322686000,45.0,1,44.95,10,45.0,59,1,2022-05-31 09:00:15
1653987615349527000,44.95,2,44.95,8,45.0,59,2,2022-05-31 09:00:15
1653987615367876000,45.0,10,44.95,8,45.0,49,1,2022-05-31 09:00:15
1653987615410440000,45.0,1,44.95,8,45.0,48,1,2022-05-31 09:00:15
1653987615420859000,45.0,5,44.95,8,45.0,43,1,2022-05-31 09:00:15
1653987615443320000,45.0,1,44.95,8,45.0,42,1,2022-05-31 09:00:15
1653987615484451000,45.0,2,44.95,8,45.0,45,1,2022-05-31 09:00:15
1653987615499471000,45.0,1,44.95,8,45.0,44,1,2022-05-31 09:00:15
1653987615553813000,44.95,2,44.95,6,45.0,44,2,2022-05-31 09:00:15
1653987615789846000,45.0,2,44.95,19,45.0,43,1,2022-05-31 09:00:15
1653987615829758000,45.0,1,44.95,19,45.0,42,1,2022-05-31 09:00:15
1653987615903090000,45.0,1,44.95,20,45.0,42,1,2022-05-31 09:00:15
1653987615926057000,45.0,1,44.95,20,45.0,41,1,2022-05-31 09:00:15
1653987615931173000,44.95,5,44.95,15,45.0,41,2,2022-05-31 09:00:15
1653987615935043000,45.0,1,44.95,15,45.0,40,1,2022-05-31 09:00:15
1653987615964258000,45.0,1,44.95,15,45.0,39,1,2022-05-31 09:00:15
1653987616020378000,45.0,1,44.95,15,45.0,38,1,2022-05-31 09:00:16
1653987616035624000,45.0,1,44.95,16,45.0,37,1,2022-05-31 09:00:16
1653987616066794000,45.0,1,44.95,16,45.0,36,1,2022-05-31 09:00:16
1653987616090363000,45.0,1,44.95,17,45.0,35,1,2022-05-31 09:00:16
1653987616092295000,45.0,1,44.95,17,45.0,34,1,2022-05-31 09:00:16
1653987616157522000,44.95,1,44.95,17,45.0,34,2,2022-05-31 09:00:16
1653987616243266000,45.0,1,44.95,17,45.0,33,1,2022-05-31 09:00:16
1653987616247279000,45.0,1,44.95,17,45.0,32,1,2022-05-31 09:00:16
1653987616252284000,44.95,5,44.95,12,45.0,32,2,2022-05-31 09:00:16
1653987616335107000,44.95,2,44.95,11,45.0,32,2,2022-05-31 09:00:16
1653987616361310000,45.0,1,44.95,11,45.0,37,1,2022-05-31 09:00:16
1653987616417502000,44.95,10,44.95,2,45.0,37,2,2022-05-31 09:00:16
1653987616448746000,45.0,5,44.95,2,45.0,33,1,2022-05-31 09:00:16
1653987616467608000,44.95,2,44.9,48,45.0,33,2,2022-05-31 09:00:16
1653987616520024000,45.0,2,44.95,1,45.0,30,1,2022-05-31 09:00:16
1653987616521986000,45.0,1,44.95,1,45.0,29,1,2022-05-31 09:00:16
1653987616531023000,44.95,1,44.9,50,45.0,29,2,2022-05-31 09:00:16
1653987616531088000,45.0,1,44.9,50,45.0,28,1,2022-05-31 09:00:16
1653987616646544000,44.95,1,44.9,50,44.95,7,1,2022-05-31 09:00:16
1653987616679178000,44.95,1,44.9,50,44.95,6,1,2022-05-31 09:00:16
1653987616682405000,44.95,2,44.9,50,44.95,4,1,2022-05-31 09:00:16
1653987616714754000,44.95,4,44.9,52,45.0,17,1,2022-05-31 09:00:16
1653987616714754000,45.0,11,44.9,52,45.0,17,1,2022-05-31 09:00:16
1653987616720500000,45.0,1,44.9,52,45.0,16,1,2022-05-31 09:00:16
1653987616833514000,45.0,1,44.95,1,45.0,17,1,2022-05-31 09:00:16
1653987616834023000,45.0,3,44.95,1,45.0,14,1,2022-05-31 09:00:16
1653987616850077000,45.0,8,44.95,1,45.0,7,1,2022-05-31 09:00:16
1653987616868216000,45.0,1,44.95,1,45.0,6,1,2022-05-31 09:00:16
1653987616912164000,44.95,1,44.9,54,44.95,1,2,2022-05-31 09:00:16
1653987616991225000,44.95,1,44.9,55,44.95,18,1,2022-05-31 09:00:16
1653987617020295000,44.95,1,44.9,55,44.95,24,1,2022-05-31 09:00:17
1653987617025860000,44.95,1,44.9,55,44.95,23,1,2022-05-31 09:00:17
1653987617051773000,44.95,2,44.9,51,44.95,21,1,2022-05-31 09:00:17
1653987617074412000,44.95,1,44.9,52,44.95,20,1,2022-05-31 09:00:17
1653987617077629000,44.95,1,44.9,52,44.95,19,1,2022-05-31 09:00:17
1653987617105669000,44.95,1,44.9,52,44.95,18,1,2022-05-31 09:00:17
1653987617157602000,44.95,1,44.9,52,44.95,17,1,2022-05-31 09:00:17
1653987617176389000,44.95,1,44.9,52,44.95,16,1,2022-05-31 09:00:17
1653987617205393000,44.95,10,44.9,52,44.95,6,1,2022-05-31 09:00:17
1653987617217073000,44.95,2,44.9,51,44.95,4,1,2022-05-31 09:00:17
1653987617291219000,44.95,2,44.9,52,44.95,2,1,2022-05-31 09:00:17
1653987617292554000,44.95,1,44.9,52,44.95,1,1,2022-05-31 09:00:17
1653987617312764000,44.95,1,44.9,52,45.0,6,1,2022-05-31 09:00:17
1653987617312764000,45.0,2,44.9,52,45.0,6,1,2022-05-31 09:00:17
1653987617355094000,44.9,2,44.9,50,45.0,6,2,2022-05-31 09:00:17
1653987617436092000,44.9,2,44.9,48,45.0,6,2,2022-05-31 09:00:17
1653987617448216000,45.0,1,44.9,48,45.0,5,1,2022-05-31 09:00:17
1653987617456100000,45.0,3,44.9,48,45.0,2,1,2022-05-31 09:00:17
1653987617515754000,45.0,4,44.9,48,45.05,15,1,2022-05-31 09:00:17
1653987617515754000,45.05,21,44.9,48,45.05,15,1,2022-05-31 09:00:17
1653987617517333000,45.05,1,44.9,48,45.05,14,1,2022-05-31 09:00:17
1653987617545931000,45.0,1,44.9,48,45.05,14,2,2022-05-31 09:00:17
1653987617617058000,45.0,1,44.95,2,45.05,14,2,2022-05-31 09:00:17
1653987618003596000,45.0,1,45.0,21,45.05,14,2,2022-05-31 09:00:18
1653987618034600000,45.0,1,45.0,20,45.05,14,2,2022-05-31 09:00:18
1653987618154908000,45.0,1,45.0,27,45.05,14,2,2022-05-31 09:00:18
1653987618346969000,45.0,10,45.0,23,45.05,14,2,2022-05-31 09:00:18
1653987618452456000,45.05,3,45.0,23,45.05,11,1,2022-05-31 09:00:18
1653987618491381000,45.05,1,45.0,23,45.05,10,1,2022-05-31 09:00:18
1653987618494074000,45.05,1,45.0,23,45.05,9,1,2022-05-31 09:00:18
1653987618583515000,45.05,3,45.0,23,45.05,6,1,2022-05-31 09:00:18
1653987618602521000,45.0,1,45.0,22,45.05,6,2,2022-05-31 09:00:18
1653987618636212000,45.0,10,45.0,12,45.05,6,2,2022-05-31 09:00:18
1653987618699212000,45.0,2,45.0,11,45.05,6,2,2022-05-31 09:00:18
1653987618764895000,45.05,3,45.0,12,45.05,3,1,2022-05-31 09:00:18
1653987618871242000,45.05,3,45.0,12,45.1,35,1,2022-05-31 09:00:18
1653987618871242000,45.1,2,45.0,12,45.1,35,1,2022-05-31 09:00:18
1653987618944551000,45.0,2,45.0,10,45.1,35,2,2022-05-31 09:00:18
1653987619129363000,45.1,10,45.0,10,45.1,25,1,2022-05-31 09:00:19
1653987619288421000,45.1,2,45.05,1,45.1,23,1,2022-05-31 09:00:19
1653987619534310000,45.1,2,45.05,1,45.1,21,1,2022-05-31 09:00:19
1653987619593264000,45.1,2,45.05,1,45.1,19,1,2022-05-31 09:00:19
1653987619725954000,45.05,1,45.0,30,45.1,19,2,2022-05-31 09:00:19
1653987619854377000,45.1,1,45.0,79,45.1,18,1,2022-05-31 09:00:19
1653987620248587000,45.0,1,45.0,88,45.1,73,2,2022-05-31 09:00:20
1653987620419804000,45.1,1,45.0,89,45.1,92,1,2022-05-31 09:00:20
1653987620483368000,45.0,1,45.0,89,45.1,92,2,2022-05-31 09:00:20
1653987620699964000,45.1,1,45.0,91,45.1,91,1,2022-05-31 09:00:20
1653987621077126000,45.0,1,45.0,96,45.05,5,2,2022-05-31 09:00:21
1653987621080282000,45.05,1,45.0,96,45.05,4,1,2022-05-31 09:00:21
1653987621199915000,45.05,1,45.0,96,45.05,3,1,2022-05-31 09:00:21
1653987621322127000,45.05,3,45.0,96,45.1,89,1,2022-05-31 09:00:21
1653987621322127000,45.1,7,45.0,96,45.1,89,1,2022-05-31 09:00:21
1653987621370759000,45.0,1,45.0,96,45.1,89,2,2022-05-31 09:00:21
1653987621430518000,45.0,5,45.0,99,45.1,89,2,2022-05-31 09:00:21
1653987621522479000,45.05,1,45.0,120,45.1,90,2,2022-05-31 09:00:21
1653987621754298000,45.05,10,45.0,140,45.1,90,2,2022-05-31 09:00:21
1653987621842661000,45.05,1,45.0,109,45.1,90,2,2022-05-31 09:00:21
1653987621842661000,45.0,32,45.0,109,45.1,90,2,2022-05-31 09:00:21
1653987621958976000,45.05,1,45.0,109,45.1,90,2,2022-05-31 09:00:21
1653987621993998000,45.1,1,45.0,109,45.1,89,1,2022-05-31 09:00:21
1653987622033938000,45.05,2,45.05,18,45.1,90,2,2022-05-31 09:00:22
1653987622043921000,45.05,1,45.05,17,45.1,90,2,2022-05-31 09:00:22
1653987622142303000,45.1,1,45.05,17,45.1,90,1,2022-05-31 09:00:22
1653987622158831000,45.1,2,45.05,17,45.1,88,1,2022-05-31 09:00:22
1653987622211593000,45.05,18,45.0,109,45.1,87,2,2022-05-31 09:00:22
1653987622211593000,45.0,2,45.0,109,45.1,87,2,2022-05-31 09:00:22
1653987622231241000,45.0,1,45.0,108,45.1,87,2,2022-05-31 09:00:22
1653987622283028000,45.1,1,45.0,108,45.1,86,1,2022-05-31 09:00:22
1653987622369554000,45.05,1,45.05,3,45.1,86,2,2022-05-31 09:00:22
1653987622519248000,45.1,1,45.05,3,45.1,86,1,2022-05-31 09:00:22
1653987622666918000,45.1,5,45.05,3,45.1,81,1,2022-05-31 09:00:22
1653987622753931000,45.1,1,45.05,3,45.1,79,1,2022-05-31 09:00:22
1653987622846092000,45.1,1,45.05,3,45.1,78,1,2022-05-31 09:00:22
1653987622940073000,45.05,3,45.0,118,45.05,2,2,2022-05-31 09:00:22
1653987623015669000,45.05,1,45.0,118,45.05,1,1,2022-05-31 09:00:23
1653987623029358000,45.0,10,45.0,108,45.05,1,2,2022-05-31 09:00:23
1653987623109994000,45.05,1,45.0,108,45.1,78,1,2022-05-31 09:00:23
1653987623122544000,45.1,20,45.0,108,45.1,58,1,2022-05-31 09:00:23
1653987623232242000,45.1,1,45.0,108,45.1,57,1,2022-05-31 09:00:23
1653987623406123000,45.1,1,45.05,1,45.1,56,1,2022-05-31 09:00:23
1653987623633708000,45.1,1,45.05,1,45.1,65,1,2022-05-31 09:00:23
1653987623636595000,45.1,4,45.05,1,45.1,61,1,2022-05-31 09:00:23
1653987623845963000,45.1,1,45.05,2,45.1,60,1,2022-05-31 09:00:23
1653987624050371000,45.05,1,45.05,1,45.1,71,2,2022-05-31 09:00:24
1653987624086709000,45.05,1,45.0,145,45.05,4,2,2022-05-31 09:00:24
1653987624157105000,45.05,5,45.0,145,45.05,19,1,2022-05-31 09:00:24
1653987624173490000,45.05,2,45.0,145,45.05,17,1,2022-05-31 09:00:24
1653987624249681000,45.05,1,45.0,147,45.05,16,1,2022-05-31 09:00:24
1653987624253649000,45.05,1,45.0,147,45.05,15,1,2022-05-31 09:00:24
1653987624280314000,45.05,1,45.0,147,45.05,14,1,2022-05-31 09:00:24
1653987624391505000,45.05,3,45.0,162,45.05,31,1,2022-05-31 09:00:24
1653987624416287000,45.0,3,45.0,159,45.05,31,2,2022-05-31 09:00:24
1653987624439459000,45.05,2,45.0,159,45.05,29,1,2022-05-31 09:00:24
1653987624456512000,45.05,2,45.0,159,45.05,27,1,2022-05-31 09:00:24
1653987624498665000,45.05,5,45.0,160,45.05,22,1,2022-05-31 09:00:24
1653987624580748000,45.05,1,45.0,160,45.05,23,1,2022-05-31 09:00:24
1653987624621423000,45.05,1,45.0,160,45.05,22,1,2022-05-31 09:00:24
1653987624709517000,45.05,1,45.0,162,45.05,21,1,2022-05-31 09:00:24
1653987624882259000,45.05,1,45.0,168,45.05,24,1,2022-05-31 09:00:24
1653987624967221000,45.05,2,45.0,173,45.05,22,1,2022-05-31 09:00:24
1653987624972854000,45.05,2,45.0,173,45.05,20,1,2022-05-31 09:00:24
1653987625033123000,45.0,50,45.0,123,45.05,72,2,2022-05-31 09:00:25
1653987625052138000,45.0,14,45.0,110,45.05,72,2,2022-05-31 09:00:25
1653987625064618000,45.05,1,45.0,110,45.05,71,1,2022-05-31 09:00:25
1653987625072503000,45.0,7,45.0,104,45.05,71,2,2022-05-31 09:00:25
1653987625111950000,45.05,2,45.0,105,45.05,69,1,2022-05-31 09:00:25
1653987625146585000,45.05,6,45.0,105,45.05,65,1,2022-05-31 09:00:25
1653987625225681000,45.05,1,45.0,106,45.05,64,1,2022-05-31 09:00:25
1653987625246370000,45.05,1,45.0,106,45.05,63,1,2022-05-31 09:00:25
1653987625249214000,45.05,1,45.0,106,45.05,62,1,2022-05-31 09:00:25
1653987625264747000,45.0,6,45.0,100,45.05,62,2,2022-05-31 09:00:25
1653987625420251000,45.05,40,45.0,100,45.05,22,1,2022-05-31 09:00:25
1653987625461616000,45.05,2,45.0,101,45.05,20,1,2022-05-31 09:00:25
1653987625462900000,45.0,10,45.0,91,45.05,20,2,2022-05-31 09:00:25
1653987625487708000,45.05,1,45.0,92,45.05,19,1,2022-05-31 09:00:25
1653987625535977000,45.05,1,45.0,92,45.05,18,1,2022-05-31 09:00:25
1653987625557391000,45.05,10,45.0,92,45.05,8,1,2022-05-31 09:00:25
1653987625564215000,45.0,1,45.0,91,45.05,13,2,2022-05-31 09:00:25
1653987625600946000,45.05,1,45.0,91,45.05,12,1,2022-05-31 09:00:25
1653987625619778000,45.0,1,45.0,90,45.05,12,2,2022-05-31 09:00:25
1653987625733431000,45.0,5,45.0,89,45.05,12,2,2022-05-31 09:00:25
1653987625813352000,45.0,2,45.0,93,45.05,12,2,2022-05-31 09:00:25
1653987625824361000,45.0,50,45.0,43,45.05,12,2,2022-05-31 09:00:25
1653987625843466000,45.0,10,45.0,33,45.05,12,2,2022-05-31 09:00:25
1653987625867971000,45.05,1,45.0,33,45.05,12,1,2022-05-31 09:00:25
1653987625868392000,45.0,6,45.0,27,45.05,12,2,2022-05-31 09:00:25
1653987625878677000,45.0,13,45.0,14,45.05,12,2,2022-05-31 09:00:25
1653987625922942000,45.05,1,45.0,14,45.05,11,1,2022-05-31 09:00:25
1653987625923307000,45.0,14,44.95,58,45.0,2,2,2022-05-31 09:00:25
1653987625962732000,45.0,1,44.95,58,45.0,2,1,2022-05-31 09:00:25
1653987626014809000,45.0,1,44.95,58,45.0,2,1,2022-05-31 09:00:26
1653987626018963000,45.0,2,44.95,58,45.05,5,1,2022-05-31 09:00:26
1653987626018963000,45.05,8,44.95,58,45.05,5,1,2022-05-31 09:00:26
1653987626022319000,45.05,1,44.95,58,45.05,4,1,2022-05-31 09:00:26
1653987626095719000,45.05,3,44.95,63,45.05,1,1,2022-05-31 09:00:26
1653987626170773000,45.05,1,45.05,1,45.1,89,1,2022-05-31 09:00:26
1653987626213928000,45.05,1,45.0,1,45.05,2,2,2022-05-31 09:00:26
1653987626282399000,45.0,1,44.95,63,45.0,1,2,2022-05-31 09:00:26
1653987626289722000,45.0,1,44.95,63,45.05,3,1,2022-05-31 09:00:26
1653987626318388000,45.0,1,44.95,63,45.05,3,1,2022-05-31 09:00:26
1653987626410714000,45.05,1,44.95,63,45.05,33,1,2022-05-31 09:00:26
1653987626504476000,45.05,1,45.0,2,45.05,33,1,2022-05-31 09:00:26
1653987626511958000,45.05,10,45.0,2,45.05,23,1,2022-05-31 09:00:26
1653987626521611000,45.0,2,44.95,62,45.0,2,2,2022-05-31 09:00:26
1653987626609541000,44.95,20,44.95,42,45.0,22,2,2022-05-31 09:00:26
1653987626630131000,45.0,1,44.95,42,45.0,24,1,2022-05-31 09:00:26
1653987626644338000,45.0,1,44.95,42,45.0,23,1,2022-05-31 09:00:26
1653987626647243000,44.95,42,44.9,90,45.0,23,2,2022-05-31 09:00:26
1653987626688125000,45.0,1,44.9,87,45.0,22,1,2022-05-31 09:00:26
1653987626714909000,45.0,1,44.9,87,45.0,21,1,2022-05-31 09:00:26
1653987626720115000,45.0,1,44.9,87,45.0,20,1,2022-05-31 09:00:26
1653987626733865000,45.0,1,44.9,87,45.0,19,1,2022-05-31 09:00:26
1653987626760940000,45.0,1,44.9,87,45.0,18,1,2022-05-31 09:00:26
1653987626888520000,45.0,1,44.9,87,45.0,17,1,2022-05-31 09:00:26
1653987626932218000,45.0,19,45.0,1,45.05,38,1,2022-05-31 09:00:26
1653987626950510000,45.0,3,44.9,87,45.05,38,2,2022-05-31 09:00:26
1653987627003460000,45.05,1,44.9,87,45.05,37,1,2022-05-31 09:00:27
1653987627003985000,45.05,1,44.9,87,45.05,36,1,2022-05-31 09:00:27
1653987627086332000,45.0,1,44.9,87,45.0,4,1,2022-05-31 09:00:27
1653987627122880000,45.0,4,44.9,87,45.05,35,1,2022-05-31 09:00:27
1653987627122880000,45.05,6,44.9,87,45.05,35,1,2022-05-31 09:00:27
1653987627181856000,44.95,3,44.9,87,44.95,7,1,2022-05-31 09:00:27
1653987627267736000,44.95,2,44.9,87,44.95,10,1,2022-05-31 09:00:27
1653987627297529000,44.9,10,44.9,77,44.95,10,2,2022-05-31 09:00:27
1653987627313890000,44.95,2,44.9,77,44.95,8,1,2022-05-31 09:00:27
1653987627317701000,44.95,3,44.9,77,44.95,5,1,2022-05-31 09:00:27
1653987627336324000,44.95,5,44.9,77,45.0,17,1,2022-05-31 09:00:27
1653987627336324000,45.0,5,44.9,77,45.0,17,1,2022-05-31 09:00:27
1653987627376099000,45.0,2,44.9,77,45.0,15,1,2022-05-31 09:00:27
1653987627412081000,45.0,1,44.9,77,45.0,14,1,2022-05-31 09:00:27
1653987627413076000,44.9,1,44.9,76,45.0,14,2,2022-05-31 09:00:27
1653987627418428000,44.9,10,44.9,66,45.0,14,2,2022-05-31 09:00:27
1653987627452777000,44.9,36,44.9,30,45.0,16,2,2022-05-31 09:00:27
1653987627458163000,45.0,2,44.9,30,45.0,14,1,2022-05-31 09:00:27
1653987627482935000,44.9,3,44.9,27,45.0,14,2,2022-05-31 09:00:27
1653987627514217000,44.9,27,44.85,17,45.0,14,2,2022-05-31 09:00:27
1653987627563093000,44.85,10,44.85,7,45.0,16,2,2022-05-31 09:00:27
1653987627563921000,45.0,1,44.85,7,45.0,15,1,2022-05-31 09:00:27
1653987627590558000,45.0,1,44.85,7,45.0,14,1,2022-05-31 09:00:27
1653987627663901000,45.0,1,44.85,7,45.0,14,1,2022-05-31 09:00:27
1653987627699175000,44.85,7,44.8,37,45.0,14,2,2022-05-31 09:00:27
1653987627699175000,44.8,3,44.8,37,45.0,14,2,2022-05-31 09:00:27
1653987627733389000,45.0,1,44.8,37,45.0,13,1,2022-05-31 09:00:27
1653987627744384000,45.0,1,44.8,37,45.0,12,1,2022-05-31 09:00:27
1653987627745734000,45.0,1,44.8,37,45.0,11,1,2022-05-31 09:00:27
1653987627768584000,45.0,5,44.8,37,45.0,6,1,2022-05-31 09:00:27
1653987627786294000,45.0,2,44.8,37,45.0,24,1,2022-05-31 09:00:27
1653987627875770000,44.8,10,44.8,27,45.0,24,2,2022-05-31 09:00:27
1653987627896016000,44.8,2,44.8,25,45.0,24,2,2022-05-31 09:00:27
1653987627931279000,44.95,1,44.9,2,45.0,24,2,2022-05-31 09:00:27
1653987627951135000,45.0,1,44.9,2,45.0,23,1,2022-05-31 09:00:27
1653987627960672000,45.0,1,44.9,2,45.0,22,1,2022-05-31 09:00:27
1653987627966706000,44.9,2,44.8,22,45.0,22,2,2022-05-31 09:00:27
1653987627966706000,44.8,3,44.8,22,45.0,22,2,2022-05-31 09:00:27
1653987627992884000,45.0,2,44.8,22,45.0,20,1,2022-05-31 09:00:27
1653987628010164000,45.0,10,44.8,22,45.0,10,1,2022-05-31 09:00:28
1653987628081552000,45.0,2,44.8,22,45.0,8,1,2022-05-31 09:00:28
1653987628103447000,45.0,1,44.8,22,45.0,7,1,2022-05-31 09:00:28
1653987628119506000,45.0,2,44.8,22,45.0,5,1,2022-05-31 09:00:28
1653987628197318000,45.0,1,44.9,2,45.0,4,1,2022-05-31 09:00:28
1653987628250155000,44.9,2,44.8,4,44.95,5,2,2022-05-31 09:00:28
1653987628250155000,44.8,18,44.8,4,44.95,5,2,2022-05-31 09:00:28
1653987628508847000,44.95,4,44.85,1,44.95,11,1,2022-05-31 09:00:28
1653987628509189000,44.95,3,44.85,1,44.95,8,1,2022-05-31 09:00:28
1653987628510226000,44.85,1,44.8,4,44.95,8,2,2022-05-31 09:00:28
1653987628566306000,44.95,1,44.8,4,44.95,7,1,2022-05-31 09:00:28
1653987628732500000,44.95,1,44.8,4,44.95,7,1,2022-05-31 09:00:28
1653987628750655000,44.8,4,44.75,5,44.95,7,2,2022-05-31 09:00:28
1653987628750655000,44.75,1,44.75,5,44.95,7,2,2022-05-31 09:00:28
1653987628755961000,44.95,3,44.75,5,44.95,4,1,2022-05-31 09:00:28
1653987628848717000,44.95,1,44.75,6,44.95,3,1,2022-05-31 09:00:28
1653987628960357000,44.95,1,44.85,2,44.95,2,1,2022-05-31 09:00:28
1653987629024192000,44.95,2,44.85,2,45.0,24,1,2022-05-31 09:00:29
1653987629024192000,45.0,3,44.85,2,45.0,24,1,2022-05-31 09:00:29
1653987629094484000,44.85,2,44.8,19,45.0,24,2,2022-05-31 09:00:29
1653987629106786000,45.0,1,44.8,19,45.0,23,1,2022-05-31 09:00:29
1653987629123884000,45.0,1,44.8,19,45.0,22,1,2022-05-31 09:00:29
1653987629153638000,45.0,1,44.8,19,45.0,21,1,2022-05-31 09:00:29
1653987629227576000,45.0,3,44.8,19,45.0,18,1,2022-05-31 09:00:29
1653987629382857000,44.95,2,44.8,19,45.0,40,1,2022-05-31 09:00:29
1653987629382857000,45.0,3,44.8,19,45.0,40,1,2022-05-31 09:00:29
1653987629464745000,45.0,2,44.85,2,45.0,39,1,2022-05-31 09:00:29
1653987629693247000,44.9,1,44.85,3,44.9,1,1,2022-05-31 09:00:29
1653987629731631000,44.9,1,44.85,3,45.0,42,1,2022-05-31 09:00:29
1653987629786721000,45.0,1,44.85,3,45.0,41,1,2022-05-31 09:00:29
1653987629860577000,44.95,2,44.85,2,44.95,28,1,2022-05-31 09:00:29
1653987629881913000,44.85,2,44.8,13,44.95,28,2,2022-05-31 09:00:29
1653987629881913000,44.8,8,44.8,13,44.95,28,2,2022-05-31 09:00:29
1653987630084751000,44.95,1,44.85,5,44.95,78,1,2022-05-31 09:00:30
1653987630119075000,44.85,1,44.85,5,44.95,78,2,2022-05-31 09:00:30
1653987630215582000,44.85,2,44.85,3,44.95,78,2,2022-05-31 09:00:30
1653987630235581000,44.95,1,44.85,3,44.95,77,1,2022-05-31 09:00:30
1653987630357293000,44.95,1,44.85,3,44.95,76,1,2022-05-31 09:00:30
1653987630469576000,44.85,1,44.85,2,44.95,76,2,2022-05-31 09:00:30
1653987630545648000,44.85,2,44.8,24,44.9,20,2,2022-05-31 09:00:30
1653987630552371000,44.8,1,44.8,23,44.9,20,2,2022-05-31 09:00:30
1653987630599264000,44.9,5,44.8,23,44.9,15,1,2022-05-31 09:00:30
1653987630616642000,44.9,8,44.8,23,44.9,7,1,2022-05-31 09:00:30
1653987630625136000,44.9,3,44.8,23,44.9,4,1,2022-05-31 09:00:30
1653987630639588000,44.9,1,44.8,23,44.9,3,1,2022-05-31 09:00:30
1653987630670592000,44.9,1,44.8,23,44.9,2,1,2022-05-31 09:00:30
1653987630696453000,44.9,2,44.8,23,44.95,76,1,2022-05-31 09:00:30
1653987630843123000,44.9,1,44.8,23,44.95,77,2,2022-05-31 09:00:30
1653987630866459000,44.95,1,44.8,23,44.95,76,1,2022-05-31 09:00:30
1653987630868228000,44.95,1,44.8,23,44.95,75,1,2022-05-31 09:00:30
1653987630941150000,44.95,5,44.8,23,44.95,70,1,2022-05-31 09:00:30
1653987631058262000,44.95,1,44.8,23,44.95,70,1,2022-05-31 09:00:31
1653987631147935000,44.9,1,44.85,1,44.9,49,1,2022-05-31 09:00:31
1653987631556633000,44.9,1,44.85,1,44.9,50,1,2022-05-31 09:00:31
1653987631704692000,44.85,1,44.8,22,44.9,73,2,2022-05-31 09:00:31
1653987631704692000,44.8,1,44.8,22,44.9,73,2,2022-05-31 09:00:31
1653987631851703000,44.8,20,44.8,2,44.9,73,2,2022-05-31 09:00:31
1653987631852641000,44.9,1,44.8,2,44.9,72,1,2022-05-31 09:00:31
1653987631858674000,44.9,1,44.8,2,44.9,71,1,2022-05-31 09:00:31
1653987631886418000,44.8,2,44.75,15,44.85,1,2,2022-05-31 09:00:31
1653987632001056000,44.75,14,44.7,19,44.85,1,2,2022-05-31 09:00:32
1653987632001056000,44.7,16,44.7,19,44.85,1,2,2022-05-31 09:00:32
1653987632025862000,44.85,1,44.7,19,44.9,71,1,2022-05-31 09:00:32
1653987632043635000,44.8,1,44.7,19,44.9,71,2,2022-05-31 09:00:32
1653987632044120000,44.7,1,44.7,18,44.9,71,2,2022-05-31 09:00:32
1653987632081986000,44.85,1,44.7,18,44.9,71,1,2022-05-31 09:00:32
1653987632143815000,44.8,1,44.7,18,44.9,71,1,2022-05-31 09:00:32
1653987632212488000,44.9,1,44.7,18,44.9,70,1,2022-05-31 09:00:32
1653987632278429000,44.7,1,44.7,17,44.9,70,2,2022-05-31 09:00:32
1653987632336105000,44.85,5,44.85,10,44.9,75,2,2022-05-31 09:00:32
1653987632368965000,44.85,10,44.7,17,44.9,75,2,2022-05-31 09:00:32
1653987632447329000,44.9,1,44.8,1,44.9,74,1,2022-05-31 09:00:32
1653987632480153000,44.85,1,44.8,1,44.9,74,2,2022-05-31 09:00:32
1653987632683108000,44.85,1,44.8,1,44.85,5,1,2022-05-31 09:00:32
1653987632719137000,44.8,1,44.7,17,44.85,5,2,2022-05-31 09:00:32
1653987632827648000,44.75,2,44.7,17,44.85,25,2,2022-05-31 09:00:32
1653987632855463000,44.85,1,44.7,17,44.85,24,1,2022-05-31 09:00:32
1653987632925704000,44.85,11,44.7,17,44.85,14,1,2022-05-31 09:00:32
1653987633146391000,44.85,1,44.8,1,44.85,13,1,2022-05-31 09:00:33
1653987633159850000,44.85,1,44.8,1,44.85,12,1,2022-05-31 09:00:33
1653987633199911000,44.85,1,44.8,1,44.85,11,1,2022-05-31 09:00:33
1653987633207017000,44.85,1,44.8,1,44.85,10,1,2022-05-31 09:00:33
1653987633218649000,44.8,1,44.7,17,44.85,10,2,2022-05-31 09:00:33
1653987633218649000,44.75,2,44.7,17,44.85,10,2,2022-05-31 09:00:33
1653987633425943000,44.8,1,44.75,15,44.85,10,2,2022-05-31 09:00:33
1653987633631284000,44.8,1,44.75,15,44.85,11,1,2022-05-31 09:00:33
1653987633634978000,44.85,1,44.75,15,44.85,10,1,2022-05-31 09:00:33
1653987633704483000,44.85,1,44.75,15,44.85,9,1,2022-05-31 09:00:33
1653987633856556000,44.75,1,44.75,14,44.85,9,2,2022-05-31 09:00:33
1653987634028744000,44.85,5,44.75,14,44.85,4,1,2022-05-31 09:00:34
1653987634206618000,44.8,1,44.75,16,44.85,4,1,2022-05-31 09:00:34
1653987634516969000,44.8,5,44.75,15,44.85,6,1,2022-05-31 09:00:34
1653987634538904000,44.85,6,44.75,15,44.9,62,1,2022-05-31 09:00:34
1653987634538904000,44.9,14,44.75,15,44.9,62,1,2022-05-31 09:00:34
1653987634672593000,44.75,15,44.7,17,44.8,6,2,2022-05-31 09:00:34
1653987634672593000,44.7,15,44.7,17,44.8,6,2,2022-05-31 09:00:34
1653987634691004000,44.7,1,44.7,16,44.8,6,2,2022-05-31 09:00:34
1653987634711914000,44.8,6,44.7,16,44.9,59,1,2022-05-31 09:00:34
1653987634711914000,44.85,1,44.7,16,44.9,59,1,2022-05-31 09:00:34
1653987634711914000,44.9,3,44.7,16,44.9,59,1,2022-05-31 09:00:34
1653987634727182000,44.7,5,44.7,11,44.75,3,2,2022-05-31 09:00:34
1653987634753723000,44.7,11,44.65,254,44.75,3,2,2022-05-31 09:00:34
1653987634845413000,44.75,3,44.65,254,44.9,59,1,2022-05-31 09:00:34
1653987634965169000,44.85,1,44.8,2,44.85,5,1,2022-05-31 09:00:34
1653987635001009000,44.9,1,44.8,2,44.9,58,1,2022-05-31 09:00:35
1653987635228899000,44.8,2,44.75,8,44.8,23,2,2022-05-31 09:00:35
1653987635286623000,44.75,1,44.75,7,44.8,23,2,2022-05-31 09:00:35
1653987635409054000,44.75,1,44.75,6,44.8,23,2,2022-05-31 09:00:35
1653987635468294000,44.8,1,44.75,6,44.8,22,1,2022-05-31 09:00:35
1653987635489675000,44.75,1,44.75,5,44.8,22,2,2022-05-31 09:00:35
1653987635514112000,44.75,1,44.75,4,44.8,22,2,2022-05-31 09:00:35
1653987635529991000,44.8,1,44.75,4,44.8,21,1,2022-05-31 09:00:35
1653987635575402000,44.8,1,44.75,4,44.8,20,1,2022-05-31 09:00:35
1653987635657449000,44.8,3,44.75,4,44.8,17,1,2022-05-31 09:00:35
1653987635736602000,44.75,4,44.65,253,44.8,17,2,2022-05-31 09:00:35
1653987635736602000,44.65,1,44.65,253,44.8,17,2,2022-05-31 09:00:35
1653987636034314000,44.8,5,44.7,25,44.8,12,1,2022-05-31 09:00:36
1653987636090425000,44.8,1,44.7,25,44.8,11,1,2022-05-31 09:00:36
1653987636128246000,44.8,2,44.7,25,44.8,9,1,2022-05-31 09:00:36
1653987636129011000,44.8,4,44.7,25,44.8,5,1,2022-05-31 09:00:36
1653987636154332000,44.8,1,44.7,25,44.8,4,1,2022-05-31 09:00:36
1653987636299501000,44.8,1,44.7,25,44.8,4,1,2022-05-31 09:00:36
1653987636329652000,44.8,4,44.7,25,44.85,23,1,2022-05-31 09:00:36
1653987636500482000,44.85,1,44.7,25,44.85,26,1,2022-05-31 09:00:36
1653987636534333000,44.7,1,44.7,24,44.85,26,2,2022-05-31 09:00:36
1653987636582287000,44.7,2,44.7,22,44.85,26,2,2022-05-31 09:00:36
1653987636618909000,44.7,1,44.7,21,44.8,3,2,2022-05-31 09:00:36
1653987636652582000,44.7,2,44.7,19,44.8,3,2,2022-05-31 09:00:36
1653987636830502000,44.7,1,44.7,27,44.8,3,2,2022-05-31 09:00:36
1653987636900652000,44.8,1,44.7,28,44.8,2,1,2022-05-31 09:00:36
1653987637015993000,44.8,1,44.7,38,44.8,13,1,2022-05-31 09:00:37
1653987637018271000,44.7,1,44.7,37,44.8,13,2,2022-05-31 09:00:37
1653987637238782000,44.75,15,44.7,40,44.8,16,2,2022-05-31 09:00:37
1653987637553817000,44.7,4,44.7,46,44.8,21,2,2022-05-31 09:00:37
1653987637836075000,44.7,2,44.7,45,44.8,34,2,2022-05-31 09:00:37
1653987638064712000,44.75,1,44.7,45,44.8,54,1,2022-05-31 09:00:38
1653987638089897000,44.8,1,44.7,45,44.8,53,1,2022-05-31 09:00:38
1653987638171227000,44.75,1,44.7,36,44.8,53,2,2022-05-31 09:00:38
1653987638171227000,44.7,9,44.7,36,44.8,53,2,2022-05-31 09:00:38
1653987638489014000,44.7,3,44.7,33,44.8,63,2,2022-05-31 09:00:38
1653987638664243000,44.8,1,44.7,34,44.8,63,1,2022-05-31 09:00:38
1653987638724687000,44.7,1,44.7,33,44.8,65,2,2022-05-31 09:00:38
1653987638733371000,44.7,1,44.7,32,44.8,65,2,2022-05-31 09:00:38
1653987639122372000,44.75,5,44.75,10,44.8,66,2,2022-05-31 09:00:39
1653987639153093000,44.75,3,44.75,7,44.8,67,2,2022-05-31 09:00:39
1653987639153341000,44.75,3,44.75,4,44.8,67,2,2022-05-31 09:00:39
1653987639153576000,44.75,3,44.75,1,44.8,67,2,2022-05-31 09:00:39
1653987639153773000,44.75,1,44.7,32,44.75,2,2,2022-05-31 09:00:39
1653987639172709000,44.7,1,44.7,31,44.75,11,2,2022-05-31 09:00:39
1653987639195367000,44.75,1,44.7,31,44.75,10,1,2022-05-31 09:00:39
1653987639224496000,44.7,1,44.7,30,44.75,10,2,2022-05-31 09:00:39
1653987639301892000,44.7,10,44.7,20,44.75,10,2,2022-05-31 09:00:39
1653987639332558000,44.7,20,44.65,255,44.75,10,2,2022-05-31 09:00:39
1653987639684921000,44.7,2,44.7,3,44.75,16,1,2022-05-31 09:00:39
1653987639979242000,44.7,2,44.7,1,44.75,16,2,2022-05-31 09:00:39
1653987640115946000,44.7,1,44.65,256,44.75,16,2,2022-05-31 09:00:40
1653987640426385000,44.75,5,44.7,1,44.75,35,1,2022-05-31 09:00:40
1653987640519509000,44.7,3,44.7,18,44.75,35,2,2022-05-31 09:00:40
1653987640550605000,44.7,1,44.7,17,44.75,35,2,2022-05-31 09:00:40
1653987640606059000,44.7,1,44.7,16,44.75,35,2,2022-05-31 09:00:40
1653987640693187000,44.7,2,44.7,15,44.75,35,2,2022-05-31 09:00:40
1653987640708107000,44.7,1,44.7,14,44.75,35,2,2022-05-31 09:00:40
1653987640764025000,44.75,1,44.7,14,44.75,34,1,2022-05-31 09:00:40
1653987640801482000,44.75,1,44.7,14,44.75,33,1,2022-05-31 09:00:40
1653987641084243000,44.7,5,44.7,10,44.75,33,2,2022-05-31 09:00:41
1653987641096109000,44.7,5,44.7,5,44.75,33,2,2022-05-31 09:00:41
1653987641106776000,44.7,1,44.7,4,44.75,33,2,2022-05-31 09:00:41
1653987641154301000,44.7,4,44.65,272,44.7,64,2,2022-05-31 09:00:41
1653987641165564000,44.7,3,44.65,272,44.7,61,1,2022-05-31 09:00:41
1653987641255464000,44.65,17,44.65,255,44.7,61,2,2022-05-31 09:00:41
1653987641382647000,44.7,2,44.65,255,44.7,59,1,2022-05-31 09:00:41
1653987641402274000,44.7,1,44.65,255,44.7,63,1,2022-05-31 09:00:41
1653987641422601000,44.7,15,44.65,255,44.7,48,1,2022-05-31 09:00:41
1653987641518038000,44.7,1,44.65,255,44.7,47,1,2022-05-31 09:00:41
1653987641590618000,44.7,30,44.65,255,44.7,17,1,2022-05-31 09:00:41
1653987641595269000,44.65,2,44.65,253,44.7,17,2,2022-05-31 09:00:41
1653987641667016000,44.7,15,44.65,253,44.7,11,1,2022-05-31 09:00:41
1653987641787194000,44.65,250,44.65,3,44.7,11,2,2022-05-31 09:00:41
1653987641804982000,44.65,3,44.6,8,44.7,11,2,2022-05-31 09:00:41
1653987641847366000,44.6,1,44.6,7,44.65,3,2,2022-05-31 09:00:41
1653987641853683000,44.65,2,44.6,7,44.65,1,1,2022-05-31 09:00:41
1653987641881634000,44.65,1,44.6,7,44.7,2,1,2022-05-31 09:00:41
1653987641881634000,44.7,9,44.6,7,44.7,2,1,2022-05-31 09:00:41
1653987641887905000,44.6,2,44.6,5,44.7,2,2,2022-05-31 09:00:41
1653987641916115000,44.6,5,44.55,13,44.7,2,2,2022-05-31 09:00:41
1653987641926530000,44.55,2,44.55,11,44.7,2,2,2022-05-31 09:00:41
1653987642077428000,44.7,5,44.65,1,44.7,1,1,2022-05-31 09:00:42
1653987642088106000,44.7,1,44.65,1,44.75,32,1,2022-05-31 09:00:42
1653987642133162000,44.65,1,44.6,4,44.75,32,2,2022-05-31 09:00:42
1653987642211117000,44.6,1,44.6,3,44.75,33,2,2022-05-31 09:00:42
1653987642411344000,44.6,3,44.5,60,44.65,20,2,2022-05-31 09:00:42
1653987642411344000,44.55,11,44.5,60,44.65,20,2,2022-05-31 09:00:42
1653987642411344000,44.5,6,44.5,60,44.65,20,2,2022-05-31 09:00:42
1653987642449781000,44.5,1,44.5,59,44.65,20,2,2022-05-31 09:00:42
1653987642474345000,44.65,1,44.5,59,44.65,19,1,2022-05-31 09:00:42
1653987642526198000,44.65,2,44.5,59,44.65,18,1,2022-05-31 09:00:42
1653987642531402000,44.5,2,44.5,57,44.65,18,2,2022-05-31 09:00:42
1653987642537814000,44.5,2,44.5,55,44.65,18,2,2022-05-31 09:00:42
1653987642597620000,44.5,1,44.5,54,44.65,18,2,2022-05-31 09:00:42
1653987642599096000,44.65,1,44.5,54,44.65,17,1,2022-05-31 09:00:42
1653987642624525000,44.5,5,44.5,49,44.65,17,2,2022-05-31 09:00:42
1653987642688951000,44.65,2,44.5,49,44.65,15,1,2022-05-31 09:00:42
1653987642753183000,44.65,10,44.5,49,44.65,5,1,2022-05-31 09:00:42
1653987642762857000,44.5,1,44.5,48,44.65,5,2,2022-05-31 09:00:42
1653987642898976000,44.5,1,44.5,47,44.6,43,2,2022-05-31 09:00:42
1653987642972340000,44.6,1,44.5,47,44.6,42,1,2022-05-31 09:00:42
1653987643051523000,44.5,1,44.5,46,44.6,42,2,2022-05-31 09:00:43
1653987643107458000,44.6,1,44.5,46,44.6,41,1,2022-05-31 09:00:43
1653987643119657000,44.6,1,44.5,46,44.6,40,1,2022-05-31 09:00:43
1653987643172802000,44.5,1,44.5,45,44.6,40,2,2022-05-31 09:00:43
1653987643195229000,44.6,1,44.5,45,44.6,39,1,2022-05-31 09:00:43
1653987643206776000,44.5,1,44.5,44,44.6,39,2,2022-05-31 09:00:43
1653987643261942000,44.55,15,44.5,44,44.55,5,1,2022-05-31 09:00:43
1653987643315568000,44.55,5,44.55,15,44.6,39,1,2022-05-31 09:00:43
1653987643319317000,44.55,15,44.5,19,44.6,39,2,2022-05-31 09:00:43
1653987643319317000,44.5,25,44.5,19,44.6,39,2,2022-05-31 09:00:43
1653987643501792000,44.5,2,44.5,17,44.6,44,2,2022-05-31 09:00:43
1653987643514729000,44.6,1,44.5,17,44.6,43,1,2022-05-31 09:00:43
1653987643578842000,44.6,1,44.5,17,44.6,47,1,2022-05-31 09:00:43
1653987643813990000,44.6,2,44.5,17,44.6,47,1,2022-05-31 09:00:43
1653987643817123000,44.6,1,44.5,17,44.6,46,1,2022-05-31 09:00:43
1653987643829802000,44.6,1,44.5,17,44.6,45,1,2022-05-31 09:00:43
1653987643955649000,44.5,6,44.5,11,44.6,45,2,2022-05-31 09:00:43
1653987644014698000,44.6,1,44.5,11,44.6,44,1,2022-05-31 09:00:44
1653987644124430000,44.55,1,44.55,14,44.6,44,2,2022-05-31 09:00:44
1653987644283338000,44.6,1,44.55,15,44.6,43,1,2022-05-31 09:00:44
1653987644295213000,44.55,5,44.55,10,44.6,43,2,2022-05-31 09:00:44
1653987644358872000,44.55,1,44.55,9,44.6,43,2,2022-05-31 09:00:44
1653987644369818000,44.6,2,44.55,9,44.6,41,1,2022-05-31 09:00:44
1653987644509444000,44.55,5,44.55,4,44.6,41,2,2022-05-31 09:00:44
1653987644629608000,44.55,4,44.5,13,44.6,41,2,2022-05-31 09:00:44
1653987644675924000,44.55,1,44.5,13,44.55,1,1,2022-05-31 09:00:44
1653987644792753000,44.55,1,44.5,13,44.6,41,1,2022-05-31 09:00:44
1653987644809233000,44.5,1,44.5,12,44.6,41,2,2022-05-31 09:00:44
1653987644876137000,44.5,6,44.5,6,44.55,2,2,2022-05-31 09:00:44
1653987644908190000,44.5,6,44.45,5,44.55,2,2,2022-05-31 09:00:44
1653987644911109000,44.45,2,44.45,3,44.55,2,2,2022-05-31 09:00:44
1653987644934870000,44.45,1,44.45,2,44.55,2,2,2022-05-31 09:00:44
1653987645028820000,44.45,1,44.45,1,44.55,2,2,2022-05-31 09:00:45
1653987645060656000,44.55,1,44.45,1,44.55,1,1,2022-05-31 09:00:45
1653987645135439000,44.5,1,44.5,14,44.55,1,2,2022-05-31 09:00:45
1653987645152449000,44.5,3,44.5,11,44.55,1,2,2022-05-31 09:00:45
1653987645284590000,44.55,1,44.55,1,44.6,23,1,2022-05-31 09:00:45
1653987645297789000,44.6,5,44.55,1,44.6,18,1,2022-05-31 09:00:45
1653987645324858000,44.6,1,44.55,1,44.6,17,1,2022-05-31 09:00:45
1653987645341761000,44.55,1,44.5,11,44.6,17,2,2022-05-31 09:00:45
1653987645420499000,44.5,1,44.5,10,44.6,17,2,2022-05-31 09:00:45
1653987645442564000,44.5,1,44.5,9,44.6,17,2,2022-05-31 09:00:45
1653987645536943000,44.55,3,44.5,9,44.55,1,1,2022-05-31 09:00:45
1653987645792553000,44.55,1,44.5,9,44.6,18,1,2022-05-31 09:00:45
1653987645920445000,44.5,1,44.5,8,44.6,18,2,2022-05-31 09:00:45
1653987645935096000,44.5,1,44.5,7,44.6,18,2,2022-05-31 09:00:45
1653987646234485000,44.5,5,44.5,2,44.55,5,2,2022-05-31 09:00:46
1653987646395029000,44.5,6,44.5,1,44.55,5,2,2022-05-31 09:00:46
1653987646627044000,44.5,1,44.45,17,44.55,6,2,2022-05-31 09:00:46
1653987646751774000,44.55,1,44.45,17,44.55,5,1,2022-05-31 09:00:46
1653987646973633000,44.5,1,44.45,17,44.55,5,2,2022-05-31 09:00:46
1653987647343741000,44.5,3,44.5,7,44.55,8,1,2022-05-31 09:00:47
1653987647355281000,44.55,2,44.5,7,44.55,6,1,2022-05-31 09:00:47
1653987647435088000,44.55,1,44.5,7,44.55,5,1,2022-05-31 09:00:47
1653987647469531000,44.5,2,44.5,6,44.55,5,2,2022-05-31 09:00:47
1653987647724914000,44.5,5,44.45,20,44.55,5,2,2022-05-31 09:00:47
1653987647812590000,44.55,1,44.5,1,44.55,4,1,2022-05-31 09:00:47
1653987647865210000,44.5,1,44.45,20,44.55,4,2,2022-05-31 09:00:47
1653987648004295000,44.5,2,44.5,14,44.55,4,2,2022-05-31 09:00:48
1653987648169086000,44.5,4,44.5,11,44.55,4,2,2022-05-31 09:00:48
1653987648245256000,44.5,1,44.5,12,44.55,4,2,2022-05-31 09:00:48
1653987648322852000,44.5,1,44.5,11,44.55,4,2,2022-05-31 09:00:48
1653987648514147000,44.5,5,44.5,6,44.55,6,2,2022-05-31 09:00:48
1653987648559023000,44.55,1,44.5,6,44.55,5,1,2022-05-31 09:00:48
1653987648569011000,44.5,1,44.5,5,44.55,5,2,2022-05-31 09:00:48
1653987648684637000,44.5,5,44.45,25,44.55,5,2,2022-05-31 09:00:48
1653987648684637000,44.45,5,44.45,25,44.55,5,2,2022-05-31 09:00:48
1653987648734734000,44.55,1,44.45,24,44.55,4,1,2022-05-31 09:00:48
1653987648867420000,44.5,1,44.45,95,44.55,4,1,2022-05-31 09:00:48
1653987648871953000,44.55,1,44.45,95,44.55,3,1,2022-05-31 09:00:48
1653987648986965000,44.5,1,44.5,15,44.55,3,2,2022-05-31 09:00:48
1653987649014820000,44.5,15,44.45,94,44.5,15,2,2022-05-31 09:00:49
1653987649061605000,44.5,1,44.45,94,44.5,14,1,2022-05-31 09:00:49
1653987649112660000,44.5,1,44.45,94,44.5,13,1,2022-05-31 09:00:49
1653987649230456000,44.5,2,44.45,95,44.5,11,1,2022-05-31 09:00:49
1653987649234900000,44.45,1,44.45,94,44.5,11,2,2022-05-31 09:00:49
1653987649244098000,44.45,1,44.45,93,44.5,11,2,2022-05-31 09:00:49
1653987649314620000,44.5,1,44.45,94,44.5,10,1,2022-05-31 09:00:49
1653987649439809000,44.5,5,44.45,94,44.5,5,1,2022-05-31 09:00:49
1653987649478881000,44.45,10,44.45,84,44.5,5,2,2022-05-31 09:00:49
1653987649654335000,44.45,1,44.45,86,44.5,6,2,2022-05-31 09:00:49
1653987649687711000,44.45,1,44.45,85,44.5,11,2,2022-05-31 09:00:49
1653987649965228000,44.45,1,44.45,84,44.5,11,2,2022-05-31 09:00:49
1653987650075817000,44.45,5,44.45,79,44.5,11,2,2022-05-31 09:00:50
1653987650213000000,44.5,3,44.45,78,44.5,8,1,2022-05-31 09:00:50
1653987650291484000,44.5,1,44.45,79,44.5,7,1,2022-05-31 09:00:50
1653987650443713000,44.45,1,44.45,77,44.5,19,2,2022-05-31 09:00:50
1653987650457510000,44.45,5,44.45,72,44.5,20,2,2022-05-31 09:00:50
1653987650519945000,44.45,4,44.45,68,44.5,20,2,2022-05-31 09:00:50
1653987650541933000,44.45,1,44.45,67,44.5,20,2,2022-05-31 09:00:50
1653987650724834000,44.45,1,44.45,81,44.5,25,2,2022-05-31 09:00:50
1653987650763852000,44.5,1,44.45,81,44.5,24,1,2022-05-31 09:00:50
1653987650788417000,44.5,3,44.45,81,44.5,21,1,2022-05-31 09:00:50
1653987650798729000,44.5,1,44.45,81,44.5,20,1,2022-05-31 09:00:50
1653987650892154000,44.5,1,44.45,81,44.5,19,1,2022-05-31 09:00:50
1653987651045583000,44.45,1,44.45,77,44.5,19,2,2022-05-31 09:00:51
1653987651056078000,44.5,1,44.45,82,44.5,18,1,2022-05-31 09:00:51
1653987651139002000,44.5,15,44.45,82,44.5,5,1,2022-05-31 09:00:51
1653987651216812000,44.5,5,44.45,83,44.55,10,1,2022-05-31 09:00:51
1653987651216812000,44.55,5,44.45,83,44.55,10,1,2022-05-31 09:00:51
1653987651257921000,44.55,1,44.45,83,44.55,9,1,2022-05-31 09:00:51
1653987651286686000,44.45,2,44.45,81,44.55,9,2,2022-05-31 09:00:51
1653987651316771000,44.55,1,44.45,82,44.55,8,1,2022-05-31 09:00:51
1653987651691539000,44.5,1,44.45,83,44.5,2,1,2022-05-31 09:00:51
1653987651841509000,44.5,1,44.45,83,44.5,3,1,2022-05-31 09:00:51
1653987651868573000,44.45,1,44.45,82,44.5,3,2,2022-05-31 09:00:51
1653987651902908000,44.5,2,44.45,82,44.5,1,1,2022-05-31 09:00:51
1653987652000669000,44.45,1,44.45,84,44.5,2,2,2022-05-31 09:00:52
1653987652016426000,44.45,1,44.45,83,44.5,2,2,2022-05-31 09:00:52
1653987652085321000,44.45,1,44.45,82,44.5,2,2,2022-05-31 09:00:52
1653987652097507000,44.45,1,44.45,81,44.5,2,2,2022-05-31 09:00:52
1653987652145209000,44.45,1,44.45,80,44.5,2,2,2022-05-31 09:00:52
1653987652180152000,44.5,2,44.5,8,44.55,8,1,2022-05-31 09:00:52
1653987652190402000,44.5,1,44.5,7,44.55,8,2,2022-05-31 09:00:52
1653987652399619000,44.5,1,44.5,24,44.55,8,2,2022-05-31 09:00:52
1653987652425704000,44.5,1,44.5,23,44.55,8,2,2022-05-31 09:00:52
1653987652434674000,44.5,2,44.5,21,44.55,8,2,2022-05-31 09:00:52
1653987652526204000,44.5,1,44.5,19,44.55,8,2,2022-05-31 09:00:52
1653987652598794000,44.5,1,44.5,18,44.55,8,2,2022-05-31 09:00:52
1653987652748190000,44.5,1,44.5,33,44.55,8,2,2022-05-31 09:00:52
1653987652936797000,44.5,1,44.5,32,44.55,8,2,2022-05-31 09:00:52
1653987653189965000,44.5,1,44.5,33,44.55,8,2,2022-05-31 09:00:53
1653987653219761000,44.5,1,44.5,32,44.55,8,2,2022-05-31 09:00:53
1653987653312954000,44.5,2,44.5,30,44.55,8,2,2022-05-31 09:00:53
1653987653333946000,44.55,3,44.5,30,44.55,5,1,2022-05-31 09:00:53
1653987653383734000,44.55,3,44.5,30,44.55,2,1,2022-05-31 09:00:53
1653987653517291000,44.5,7,44.5,23,44.55,2,2,2022-05-31 09:00:53
1653987653600118000,44.5,10,44.5,13,44.55,3,2,2022-05-31 09:00:53
1653987653616465000,44.5,1,44.5,12,44.55,3,2,2022-05-31 09:00:53
1653987653636311000,44.5,1,44.5,11,44.55,3,2,2022-05-31 09:00:53
1653987653801421000,44.55,1,44.5,25,44.55,2,1,2022-05-31 09:00:53
1653987653888410000,44.55,2,44.55,3,44.6,27,1,2022-05-31 09:00:53
1653987654187174000,44.55,1,44.55,21,44.6,27,2,2022-05-31 09:00:54
1653987654208154000,44.55,5,44.55,16,44.6,27,2,2022-05-31 09:00:54
1653987654217947000,44.55,2,44.55,14,44.6,27,2,2022-05-31 09:00:54
1653987654347792000,44.55,1,44.55,13,44.6,27,2,2022-05-31 09:00:54
1653987654529358000,44.6,1,44.55,14,44.6,26,1,2022-05-31 09:00:54
1653987654582657000,44.55,1,44.55,14,44.6,26,2,2022-05-31 09:00:54
1653987654596901000,44.6,11,44.55,14,44.6,15,1,2022-05-31 09:00:54
1653987654601705000,44.55,1,44.55,13,44.6,15,2,2022-05-31 09:00:54
1653987655269707000,44.6,3,44.55,21,44.6,7,1,2022-05-31 09:00:55
1653987655309603000,44.6,7,44.55,21,44.65,322,1,2022-05-31 09:00:55
1653987655449790000,44.55,5,44.55,16,44.6,13,2,2022-05-31 09:00:55
1653987655884853000,44.55,1,44.55,38,44.6,26,2,2022-05-31 09:00:55
1653987655904674000,44.55,5,44.55,33,44.6,26,2,2022-05-31 09:00:55
1653987655917835000,44.55,1,44.55,32,44.6,26,2,2022-05-31 09:00:55
1653987656102617000,44.6,26,44.6,44,44.65,322,1,2022-05-31 09:00:56
1653987656661409000,44.65,2,44.6,44,44.65,321,1,2022-05-31 09:00:56
1653987656721277000,44.6,1,44.6,43,44.65,321,2,2022-05-31 09:00:56
1653987656765948000,44.6,1,44.6,42,44.65,321,2,2022-05-31 09:00:56
1653987656774906000,44.6,4,44.6,38,44.65,321,2,2022-05-31 09:00:56
1653987656801341000,44.6,5,44.6,33,44.65,321,2,2022-05-31 09:00:56
1653987656810124000,44.6,1,44.6,32,44.65,321,2,2022-05-31 09:00:56
1653987656969359000,44.6,2,44.6,32,44.65,321,2,2022-05-31 09:00:56
1653987657153271000,44.65,70,44.6,32,44.65,251,1,2022-05-31 09:00:57
1653987657166562000,44.6,1,44.6,33,44.65,251,2,2022-05-31 09:00:57
1653987657179616000,44.65,3,44.6,33,44.65,248,1,2022-05-31 09:00:57
1653987657280072000,44.6,1,44.6,32,44.65,248,2,2022-05-31 09:00:57
1653987657586745000,44.6,1,44.6,32,44.65,248,2,2022-05-31 09:00:57
1653987657815322000,44.65,1,44.6,32,44.65,247,1,2022-05-31 09:00:57
1653987658003658000,44.6,7,44.6,25,44.65,247,2,2022-05-31 09:00:58
1653987658044695000,44.6,1,44.6,24,44.65,247,2,2022-05-31 09:00:58
1653987658133129000,44.6,10,44.6,14,44.65,247,2,2022-05-31 09:00:58
1653987658201759000,44.6,1,44.6,13,44.65,247,2,2022-05-31 09:00:58
1653987658275646000,44.65,1,44.6,13,44.65,246,1,2022-05-31 09:00:58
1653987658365218000,44.65,20,44.6,15,44.65,226,1,2022-05-31 09:00:58
1653987658418047000,44.65,100,44.6,15,44.65,126,1,2022-05-31 09:00:58
1653987658455731000,44.65,12,44.6,16,44.65,114,1,2022-05-31 09:00:58
1653987658727205000,44.6,5,44.6,13,44.65,114,2,2022-05-31 09:00:58
1653987658757436000,44.6,13,44.55,41,44.65,115,2,2022-05-31 09:00:58
1653987658966542000,44.65,1,44.55,42,44.65,113,1,2022-05-31 09:00:58
1653987659064835000,44.6,1,44.55,42,44.6,13,1,2022-05-31 09:00:59
1653987659200597000,44.6,3,44.55,45,44.6,9,1,2022-05-31 09:00:59
1653987659292789000,44.6,1,44.55,45,44.6,8,1,2022-05-31 09:00:59
1653987659502660000,44.6,1,44.55,44,44.6,15,1,2022-05-31 09:00:59
1653987659535044000,44.6,1,44.55,44,44.6,14,1,2022-05-31 09:00:59
1653987659686771000,44.6,1,44.55,44,44.6,13,1,2022-05-31 09:00:59
1653987659767169000,44.6,1,44.55,44,44.6,12,1,2022-05-31 09:00:59
1653987659801842000,44.6,3,44.55,44,44.6,9,1,2022-05-31 09:00:59
1653987659811021000,44.6,1,44.55,44,44.6,8,1,2022-05-31 09:00:59
1653987659898982000,44.6,2,44.55,44,44.6,6,1,2022-05-31 09:00:59
1653987660001048000,44.55,1,44.55,43,44.6,7,2,2022-05-31 09:01:00
1653987660193849000,44.6,7,44.6,3,44.65,114,1,2022-05-31 09:01:00
1653987660431461000,44.65,3,44.6,4,44.65,111,1,2022-05-31 09:01:00
1653987660437756000,44.65,1,44.6,4,44.65,110,1,2022-05-31 09:01:00
1653987660504633000,44.6,1,44.6,3,44.65,110,2,2022-05-31 09:01:00
1653987660514203000,44.6,1,44.6,2,44.65,110,2,2022-05-31 09:01:00
1653987660557982000,44.6,3,44.6,2,44.65,110,2,2022-05-31 09:01:00
1653987660699989000,44.6,1,44.6,1,44.65,110,2,2022-05-31 09:01:00
1653987660753869000,44.65,20,44.6,1,44.65,90,1,2022-05-31 09:01:00
1653987660882726000,44.6,1,44.55,44,44.65,90,2,2022-05-31 09:01:00
1653987660899106000,44.65,1,44.55,44,44.65,89,1,2022-05-31 09:01:00
1653987661226785000,44.6,1,44.55,45,44.6,39,1,2022-05-31 09:01:01
1653987661315541000,44.6,1,44.55,45,44.6,38,1,2022-05-31 09:01:01
1653987661331756000,44.6,2,44.55,45,44.6,36,1,2022-05-31 09:01:01
1653987661623153000,44.6,5,44.55,55,44.6,31,1,2022-05-31 09:01:01
1653987661810406000,44.6,1,44.55,55,44.6,30,1,2022-05-31 09:01:01
1653987661815469000,44.6,1,44.55,55,44.6,29,1,2022-05-31 09:01:01
1653987661902454000,44.6,1,44.55,55,44.6,28,1,2022-05-31 09:01:01
1653987662028119000,44.55,1,44.55,54,44.6,28,2,2022-05-31 09:01:02
1653987662333366000,44.6,5,44.55,54,44.6,25,1,2022-05-31 09:01:02
1653987662457523000,44.6,1,44.55,55,44.6,24,1,2022-05-31 09:01:02
1653987662548464000,44.6,1,44.55,55,44.6,23,1,2022-05-31 09:01:02
1653987662575221000,44.6,10,44.55,55,44.6,16,1,2022-05-31 09:01:02
1653987662683668000,44.6,16,44.55,55,44.65,87,1,2022-05-31 09:01:02
1653987662926285000,44.65,1,44.6,14,44.65,86,1,2022-05-31 09:01:02
1653987662950342000,44.6,1,44.6,13,44.65,86,2,2022-05-31 09:01:02
1653987662970251000,44.6,1,44.6,12,44.65,86,2,2022-05-31 09:01:02
1653987662985850000,44.65,59,44.6,12,44.65,27,1,2022-05-31 09:01:02
1653987663013369000,44.65,27,44.6,13,44.7,149,1,2022-05-31 09:01:03
1653987663126852000,44.65,1,44.65,7,44.7,149,2,2022-05-31 09:01:03
1653987663551837000,44.7,2,44.65,8,44.7,146,1,2022-05-31 09:01:03
1653987663833261000,44.7,5,44.65,8,44.7,141,1,2022-05-31 09:01:03
1653987664042894000,44.7,12,44.65,12,44.7,129,1,2022-05-31 09:01:04
1653987664077822000,44.7,3,44.65,12,44.7,126,1,2022-05-31 09:01:04
1653987664134611000,44.65,2,44.65,10,44.7,126,2,2022-05-31 09:01:04
1653987664166757000,44.65,1,44.65,29,44.7,126,2,2022-05-31 09:01:04
1653987664168296000,44.7,5,44.65,29,44.7,121,1,2022-05-31 09:01:04
1653987664320787000,44.7,2,44.65,45,44.7,119,1,2022-05-31 09:01:04
1653987664373162000,44.65,1,44.65,44,44.7,119,2,2022-05-31 09:01:04
1653987664395132000,44.65,10,44.65,34,44.7,119,2,2022-05-31 09:01:04
1653987664403926000,44.65,5,44.65,29,44.7,119,2,2022-05-31 09:01:04
1653987664555184000,44.65,5,44.65,25,44.7,119,2,2022-05-31 09:01:04
1653987664618401000,44.65,2,44.65,23,44.7,119,2,2022-05-31 09:01:04
1653987664667391000,44.7,3,44.65,23,44.7,116,1,2022-05-31 09:01:04
1653987664763956000,44.65,14,44.65,9,44.7,116,2,2022-05-31 09:01:04
1653987664982915000,44.65,5,44.65,3,44.7,117,2,2022-05-31 09:01:04
1653987665037754000,44.7,20,44.65,3,44.7,97,1,2022-05-31 09:01:05
1653987665042968000,44.65,3,44.6,27,44.7,97,2,2022-05-31 09:01:05
1653987665042968000,44.6,11,44.6,27,44.7,97,2,2022-05-31 09:01:05
1653987665046464000,44.6,14,44.6,13,44.7,97,2,2022-05-31 09:01:05
1653987665074543000,44.7,5,44.65,1,44.7,91,1,2022-05-31 09:01:05
1653987665149536000,44.6,1,44.6,12,44.7,91,2,2022-05-31 09:01:05
1653987665154088000,44.7,5,44.6,12,44.7,86,1,2022-05-31 09:01:05
1653987665232126000,44.7,1,44.6,13,44.7,85,1,2022-05-31 09:01:05
1653987665237073000,44.7,3,44.6,13,44.7,82,1,2022-05-31 09:01:05
1653987665385198000,44.7,1,44.6,14,44.7,81,1,2022-05-31 09:01:05
1653987665496892000,44.7,3,44.6,14,44.7,78,1,2022-05-31 09:01:05
1653987665530320000,44.7,1,44.6,15,44.7,77,1,2022-05-31 09:01:05
1653987665553647000,44.6,1,44.6,14,44.7,77,2,2022-05-31 09:01:05
1653987666018838000,44.7,5,44.65,2,44.7,72,1,2022-05-31 09:01:06
1653987666080879000,44.65,1,44.65,2,44.7,72,2,2022-05-31 09:01:06
1653987666087887000,44.65,1,44.65,1,44.7,72,2,2022-05-31 09:01:06
1653987666290924000,44.7,1,44.6,18,44.7,71,1,2022-05-31 09:01:06
1653987666417383000,44.6,1,44.6,17,44.7,71,2,2022-05-31 09:01:06
1653987666478824000,44.7,2,44.6,17,44.7,69,1,2022-05-31 09:01:06
1653987666730338000,44.7,1,44.65,1,44.7,68,1,2022-05-31 09:01:06
1653987667396214000,44.7,2,44.65,3,44.7,66,1,2022-05-31 09:01:07
1653987667455809000,44.65,1,44.65,2,44.7,66,2,2022-05-31 09:01:07
1653987667550150000,44.7,1,44.65,3,44.7,65,1,2022-05-31 09:01:07
1653987667583421000,44.7,20,44.65,3,44.7,45,1,2022-05-31 09:01:07
1653987667812862000,44.7,1,44.65,4,44.7,44,1,2022-05-31 09:01:07
1653987667839254000,44.7,2,44.65,4,44.7,42,1,2022-05-31 09:01:07
1653987667938375000,44.7,1,44.65,4,44.7,41,1,2022-05-31 09:01:07
1653987667969494000,44.7,1,44.65,4,44.7,40,1,2022-05-31 09:01:07
1653987668059586000,44.65,4,44.6,27,44.65,4,2,2022-05-31 09:01:08
1653987668089955000,44.65,2,44.6,27,44.65,2,1,2022-05-31 09:01:08
1653987668158299000,44.65,2,44.6,28,44.7,40,1,2022-05-31 09:01:08
1653987668197238000,44.65,1,44.6,28,44.65,14,2,2022-05-31 09:01:08
1653987668267686000,44.65,1,44.6,27,44.65,13,1,2022-05-31 09:01:08
1653987668288858000,44.65,1,44.6,30,44.65,12,1,2022-05-31 09:01:08
1653987668435568000,44.65,1,44.6,30,44.65,11,1,2022-05-31 09:01:08
1653987668581279000,44.65,5,44.6,32,44.65,6,1,2022-05-31 09:01:08
1653987668602055000,44.65,1,44.6,32,44.65,5,1,2022-05-31 09:01:08
1653987668628632000,44.6,1,44.6,32,44.65,5,2,2022-05-31 09:01:08
1653987668781675000,44.65,1,44.6,32,44.65,4,1,2022-05-31 09:01:08
1653987668937075000,44.65,3,44.6,32,44.65,1,1,2022-05-31 09:01:08
1653987668963346000,44.65,1,44.6,32,44.7,40,1,2022-05-31 09:01:08
1653987669313596000,44.65,1,44.6,32,44.65,1,1,2022-05-31 09:01:09
1653987669348039000,44.65,1,44.65,4,44.7,40,1,2022-05-31 09:01:09
1653987669609059000,44.7,2,44.65,9,44.7,38,1,2022-05-31 09:01:09
1653987669798729000,44.7,1,44.65,22,44.7,37,1,2022-05-31 09:01:09
1653987669881191000,44.65,1,44.65,23,44.7,37,2,2022-05-31 09:01:09
1653987669955372000,44.7,1,44.65,22,44.7,36,1,2022-05-31 09:01:09
1653987669991021000,44.7,36,44.65,23,44.7,1,1,2022-05-31 09:01:09
1653987670024219000,44.7,1,44.65,22,44.75,66,1,2022-05-31 09:01:10
1653987670120866000,44.75,2,44.65,33,44.75,64,1,2022-05-31 09:01:10
1653987670190109000,44.65,2,44.65,33,44.75,64,2,2022-05-31 09:01:10
1653987670829070000,44.7,7,44.65,45,44.7,23,2,2022-05-31 09:01:10
1653987670956942000,44.7,1,44.65,44,44.7,22,1,2022-05-31 09:01:10
1653987671285160000,44.7,1,44.65,45,44.7,21,1,2022-05-31 09:01:11
1653987671419481000,44.7,1,44.65,45,44.7,20,1,2022-05-31 09:01:11
1653987671443591000,44.65,1,44.65,45,44.7,20,2,2022-05-31 09:01:11
1653987671597752000,44.7,15,44.65,50,44.7,5,1,2022-05-31 09:01:11
1653987671912627000,44.7,6,44.7,4,44.75,58,1,2022-05-31 09:01:11
1653987671970459000,44.75,35,44.7,5,44.75,23,1,2022-05-31 09:01:11
1653987672278476000,44.75,1,44.7,7,44.75,24,1,2022-05-31 09:01:12
1653987672651533000,44.75,2,44.7,8,44.75,22,1,2022-05-31 09:01:12
1653987672687884000,44.75,4,44.7,9,44.75,18,1,2022-05-31 09:01:12
1653987672691022000,44.7,1,44.7,8,44.75,18,2,2022-05-31 09:01:12
1653987672831507000,44.75,1,44.7,11,44.75,17,1,2022-05-31 09:01:12
1653987672867569000,44.75,15,44.7,11,44.75,2,1,2022-05-31 09:01:12
1653987672901090000,44.75,2,44.7,11,44.8,79,1,2022-05-31 09:01:12
1653987672998896000,44.7,1,44.7,10,44.8,79,2,2022-05-31 09:01:12
1653987673110086000,44.7,2,44.7,7,44.8,79,2,2022-05-31 09:01:13
1653987673339348000,44.7,1,44.7,47,44.8,79,2,2022-05-31 09:01:13
1653987673915721000,44.7,1,44.7,45,44.75,53,2,2022-05-31 09:01:13
1653987673983606000,44.75,1,44.7,50,44.75,52,1,2022-05-31 09:01:13
1653987674123984000,44.75,1,44.7,50,44.75,51,1,2022-05-31 09:01:14
1653987674521777000,44.7,4,44.7,52,44.75,52,2,2022-05-31 09:01:14
1653987674561091000,44.7,1,44.7,51,44.75,52,2,2022-05-31 09:01:14
1653987674630048000,44.75,2,44.7,52,44.75,50,1,2022-05-31 09:01:14
1653987674949355000,44.7,5,44.7,52,44.75,50,2,2022-05-31 09:01:14
1653987675114825000,44.75,1,44.7,53,44.75,49,1,2022-05-31 09:01:15
1653987675241008000,44.75,1,44.7,53,44.75,48,1,2022-05-31 09:01:15
1653987675629764000,44.75,6,44.7,53,44.75,43,1,2022-05-31 09:01:15
1653987676285110000,44.75,1,44.7,69,44.75,43,1,2022-05-31 09:01:16
1653987676318422000,44.75,1,44.7,69,44.75,42,1,2022-05-31 09:01:16
1653987676369388000,44.75,5,44.7,70,44.75,38,1,2022-05-31 09:01:16
1653987676423928000,44.75,1,44.7,70,44.75,37,1,2022-05-31 09:01:16
1653987676472426000,44.75,1,44.7,70,44.75,36,1,2022-05-31 09:01:16
1653987676739335000,44.7,1,44.7,70,44.75,36,2,2022-05-31 09:01:16
1653987676773376000,44.75,3,44.7,70,44.75,33,1,2022-05-31 09:01:16
1653987676863452000,44.75,1,44.7,70,44.75,32,1,2022-05-31 09:01:16
1653987677016849000,44.7,1,44.7,70,44.75,32,2,2022-05-31 09:01:17
1653987677061667000,44.7,1,44.7,69,44.75,32,2,2022-05-31 09:01:17
1653987677168796000,44.7,10,44.7,59,44.75,37,2,2022-05-31 09:01:17
1653987677187179000,44.75,18,44.7,59,44.75,19,1,2022-05-31 09:01:17
1653987677272635000,44.75,1,44.7,60,44.75,18,1,2022-05-31 09:01:17
1653987677299736000,44.75,1,44.7,60,44.75,18,1,2022-05-31 09:01:17
1653987677309775000,44.75,5,44.7,60,44.75,13,1,2022-05-31 09:01:17
1653987677409389000,44.75,2,44.7,62,44.75,11,1,2022-05-31 09:01:17
1653987677422860000,44.75,1,44.7,62,44.75,10,1,2022-05-31 09:01:17
1653987677524966000,44.7,1,44.7,61,44.75,10,2,2022-05-31 09:01:17
1653987677572545000,44.75,1,44.7,61,44.75,9,1,2022-05-31 09:01:17
1653987677644314000,44.75,1,44.7,64,44.75,8,1,2022-05-31 09:01:17
1653987677874381000,44.75,4,44.7,69,44.75,4,1,2022-05-31 09:01:17
1653987677909633000,44.75,1,44.7,69,44.75,3,1,2022-05-31 09:01:17
1653987677994777000,44.75,1,44.7,69,44.75,2,1,2022-05-31 09:01:17
1653987677999152000,44.75,1,44.7,69,44.75,1,1,2022-05-31 09:01:17
1653987678020356000,44.75,1,44.7,69,44.8,79,1,2022-05-31 09:01:18
1653987678149955000,44.7,1,44.7,68,44.8,99,2,2022-05-31 09:01:18
1653987678277226000,44.7,1,44.7,67,44.8,99,2,2022-05-31 09:01:18
1653987678346941000,44.75,3,44.7,67,44.75,20,1,2022-05-31 09:01:18
1653987678351349000,44.75,1,44.7,67,44.75,19,1,2022-05-31 09:01:18
1653987678393830000,44.75,1,44.7,67,44.75,18,1,2022-05-31 09:01:18
1653987678459736000,44.75,1,44.7,67,44.75,17,1,2022-05-31 09:01:18
1653987678503296000,44.75,1,44.7,67,44.75,16,1,2022-05-31 09:01:18
1653987678522154000,44.75,2,44.7,67,44.75,14,1,2022-05-31 09:01:18
1653987678610203000,44.75,1,44.7,67,44.75,13,1,2022-05-31 09:01:18
1653987678818673000,44.75,2,44.7,67,44.75,11,1,2022-05-31 09:01:18
1653987678849021000,44.75,2,44.7,67,44.75,9,1,2022-05-31 09:01:18
1653987678857026000,44.75,1,44.7,67,44.75,8,1,2022-05-31 09:01:18
1653987678899284000,44.75,1,44.7,67,44.75,7,1,2022-05-31 09:01:18
1653987678908802000,44.75,7,44.75,3,44.8,100,1,2022-05-31 09:01:18
1653987679117848000,44.8,1,44.75,12,44.8,99,1,2022-05-31 09:01:19
1653987679118608000,44.75,2,44.75,10,44.8,99,2,2022-05-31 09:01:19
1653987679513827000,44.8,10,44.75,25,44.8,89,1,2022-05-31 09:01:19
1653987679937050000,44.8,1,44.75,41,44.8,88,1,2022-05-31 09:01:19
1653987680074495000,44.75,1,44.75,41,44.8,88,2,2022-05-31 09:01:20
1653987680294701000,44.75,1,44.75,44,44.8,88,2,2022-05-31 09:01:20
1653987680397699000,44.8,1,44.75,44,44.8,87,1,2022-05-31 09:01:20
1653987680455080000,44.75,5,44.75,39,44.8,87,2,2022-05-31 09:01:20
1653987680615826000,44.8,1,44.75,41,44.8,86,1,2022-05-31 09:01:20
1653987680768480000,44.8,1,44.75,42,44.8,85,1,2022-05-31 09:01:20
1653987681189460000,44.75,5,44.75,62,44.8,85,2,2022-05-31 09:01:21
1653987681374633000,44.8,2,44.75,85,44.8,83,1,2022-05-31 09:01:21
1653987681444038000,44.8,1,44.75,85,44.8,82,1,2022-05-31 09:01:21
1653987681450694000,44.75,1,44.75,84,44.8,82,2,2022-05-31 09:01:21
1653987681528170000,44.75,50,44.75,34,44.8,82,2,2022-05-31 09:01:21
1653987681561020000,44.75,1,44.75,33,44.8,82,2,2022-05-31 09:01:21
1653987681573443000,44.8,2,44.75,33,44.8,80,1,2022-05-31 09:01:21
1653987681652116000,44.8,2,44.75,33,44.8,78,1,2022-05-31 09:01:21
1653987681725317000,44.8,2,44.75,34,44.8,76,1,2022-05-31 09:01:21
1653987682095271000,44.8,2,44.75,43,44.8,77,1,2022-05-31 09:01:22
1653987682164727000,44.75,2,44.75,41,44.8,77,2,2022-05-31 09:01:22
1653987682401073000,44.8,3,44.75,42,44.8,74,1,2022-05-31 09:01:22
1653987682413200000,44.8,1,44.75,42,44.8,73,1,2022-05-31 09:01:22
1653987682546815000,44.75,43,44.7,99,44.75,7,2,2022-05-31 09:01:22
1653987682552003000,44.75,1,44.7,99,44.75,6,1,2022-05-31 09:01:22
1653987682629528000,44.75,1,44.7,99,44.75,5,1,2022-05-31 09:01:22
1653987682795302000,44.75,1,44.7,99,44.75,4,1,2022-05-31 09:01:22
1653987682983127000,44.75,1,44.7,100,44.75,3,1,2022-05-31 09:01:22
1653987682990116000,44.75,1,44.7,100,44.75,2,1,2022-05-31 09:01:22
1653987683052679000,44.75,2,44.7,101,44.8,72,1,2022-05-31 09:01:23
1653987683052679000,44.8,3,44.7,101,44.8,72,1,2022-05-31 09:01:23
1653987683052968000,44.8,20,44.7,101,44.8,52,1,2022-05-31 09:01:23
1653987683149546000,44.75,3,44.7,102,44.75,7,2,2022-05-31 09:01:23
1653987683201289000,44.75,1,44.7,103,44.75,22,1,2022-05-31 09:01:23
1653987683252322000,44.75,1,44.7,103,44.75,21,1,2022-05-31 09:01:23
1653987683319550000,44.7,40,44.7,63,44.75,21,2,2022-05-31 09:01:23
1653987683352475000,44.7,30,44.7,33,44.75,21,2,2022-05-31 09:01:23
1653987683357204000,44.7,1,44.7,32,44.75,21,2,2022-05-31 09:01:23
1653987683393935000,44.7,1,44.7,31,44.75,21,2,2022-05-31 09:01:23
1653987683396634000,44.7,1,44.7,30,44.75,21,2,2022-05-31 09:01:23
1653987683507431000,44.75,1,44.7,30,44.75,21,1,2022-05-31 09:01:23
1653987683534698000,44.75,1,44.7,30,44.75,20,1,2022-05-31 09:01:23
1653987683618475000,44.75,1,44.7,30,44.75,19,1,2022-05-31 09:01:23
1653987683618675000,44.75,5,44.7,30,44.75,14,1,2022-05-31 09:01:23
1653987683786876000,44.7,1,44.7,30,44.75,20,2,2022-05-31 09:01:23
1653987683789973000,44.7,2,44.7,28,44.75,20,2,2022-05-31 09:01:23
1653987683907652000,44.75,1,44.7,28,44.75,19,1,2022-05-31 09:01:23
1653987683993901000,44.75,1,44.7,28,44.75,18,1,2022-05-31 09:01:23
1653987684004479000,44.7,2,44.7,26,44.75,18,2,2022-05-31 09:01:24
1653987684043242000,44.75,1,44.7,28,44.75,17,1,2022-05-31 09:01:24
1653987684072436000,44.75,1,44.7,28,44.75,16,1,2022-05-31 09:01:24
1653987684252609000,44.75,1,44.7,28,44.75,16,1,2022-05-31 09:01:24
1653987684262188000,44.75,1,44.7,28,44.75,15,1,2022-05-31 09:01:24
1653987684287281000,44.75,2,44.7,28,44.75,13,1,2022-05-31 09:01:24
1653987684298504000,44.75,4,44.7,28,44.75,9,1,2022-05-31 09:01:24
1653987684384514000,44.75,1,44.7,28,44.75,8,1,2022-05-31 09:01:24
1653987684396206000,44.75,1,44.7,28,44.75,7,1,2022-05-31 09:01:24
1653987684400147000,44.75,2,44.7,28,44.75,5,1,2022-05-31 09:01:24
1653987684401921000,44.75,1,44.7,28,44.75,4,1,2022-05-31 09:01:24
1653987684561553000,44.75,1,44.7,28,44.75,3,1,2022-05-31 09:01:24
1653987684625217000,44.75,3,44.75,2,44.8,65,1,2022-05-31 09:01:24
1653987684693009000,44.8,1,44.75,3,44.8,64,1,2022-05-31 09:01:24
1653987684857298000,44.75,3,44.7,28,44.75,2,2,2022-05-31 09:01:24
1653987684862017000,44.75,2,44.7,28,44.8,64,1,2022-05-31 09:01:24
1653987684900049000,44.8,1,44.7,28,44.8,63,1,2022-05-31 09:01:24
1653987685164407000,44.75,1,44.7,31,44.75,9,1,2022-05-31 09:01:25
1653987685425517000,44.75,1,44.7,32,44.75,10,1,2022-05-31 09:01:25
1653987685466868000,44.75,1,44.7,32,44.75,9,1,2022-05-31 09:01:25
1653987685671975000,44.75,1,44.7,32,44.75,10,1,2022-05-31 09:01:25
1653987685749804000,44.7,8,44.7,25,44.75,10,2,2022-05-31 09:01:25
1653987685753383000,44.75,1,44.7,25,44.75,9,1,2022-05-31 09:01:25
1653987685813449000,44.75,2,44.7,25,44.75,9,1,2022-05-31 09:01:25
1653987685837847000,44.7,1,44.7,24,44.75,9,2,2022-05-31 09:01:25
1653987685914373000,44.75,9,44.7,24,44.8,52,1,2022-05-31 09:01:25
1653987685914373000,44.8,11,44.7,24,44.8,52,1,2022-05-31 09:01:25
1653987686125179000,44.75,5,44.7,24,44.8,52,1,2022-05-31 09:01:26
1653987686257328000,44.8,3,44.75,2,44.8,50,1,2022-05-31 09:01:26
1653987686427215000,44.75,1,44.75,3,44.8,50,2,2022-05-31 09:01:26
1653987686544841000,44.8,2,44.75,14,44.8,48,1,2022-05-31 09:01:26
1653987686824090000,44.75,1,44.75,13,44.8,48,2,2022-05-31 09:01:26
1653987687146525000,44.8,2,44.75,23,44.8,46,1,2022-05-31 09:01:27
1653987687359536000,44.8,5,44.75,23,44.8,46,1,2022-05-31 09:01:27
1653987687642467000,44.8,10,44.75,23,44.8,37,1,2022-05-31 09:01:27
1653987687747233000,44.8,1,44.75,25,44.8,36,1,2022-05-31 09:01:27
1653987687897120000,44.8,1,44.75,25,44.8,35,1,2022-05-31 09:01:27
1653987687941731000,44.8,1,44.75,25,44.8,34,1,2022-05-31 09:01:27
1653987688180204000,44.8,10,44.75,25,44.8,24,1,2022-05-31 09:01:28
1653987688274079000,44.8,2,44.75,29,44.8,22,1,2022-05-31 09:01:28
1653987688636835000,44.8,1,44.75,33,44.8,21,1,2022-05-31 09:01:28
1653987689146719000,44.8,1,44.75,45,44.8,21,1,2022-05-31 09:01:29
1653987689539861000,44.8,1,44.75,49,44.8,20,1,2022-05-31 09:01:29
1653987689589153000,44.75,1,44.75,48,44.8,20,2,2022-05-31 09:01:29
1653987689608643000,44.8,1,44.75,48,44.8,19,1,2022-05-31 09:01:29
1653987689661814000,44.8,1,44.75,48,44.8,18,1,2022-05-31 09:01:29
1653987689695119000,44.75,2,44.75,47,44.8,18,2,2022-05-31 09:01:29
1653987689720015000,44.8,1,44.75,47,44.8,17,1,2022-05-31 09:01:29
1653987690207757000,44.8,2,44.75,62,44.8,15,1,2022-05-31 09:01:30
1653987690223012000,44.8,1,44.75,62,44.8,14,1,2022-05-31 09:01:30
1653987690290046000,44.8,1,44.75,62,44.8,13,1,2022-05-31 09:01:30
1653987690347884000,44.8,10,44.75,62,44.8,3,1,2022-05-31 09:01:30
1653987690461451000,44.8,1,44.75,64,44.8,2,1,2022-05-31 09:01:30
1653987690755056000,44.8,1,44.75,73,44.8,1,1,2022-05-31 09:01:30
1653987691092747000,44.8,1,44.75,74,44.8,3,1,2022-05-31 09:01:31
1653987691127301000,44.75,2,44.75,72,44.8,3,2,2022-05-31 09:01:31
1653987691128635000,44.8,1,44.75,72,44.8,2,1,2022-05-31 09:01:31
1653987691196252000,44.8,1,44.75,74,44.8,1,1,2022-05-31 09:01:31
1653987691210166000,44.8,1,44.8,2,44.85,36,1,2022-05-31 09:01:31
1653987691252424000,44.85,1,44.8,2,44.85,35,1,2022-05-31 09:01:31
1653987691302137000,44.8,2,44.75,84,44.85,38,2,2022-05-31 09:01:31
1653987691325838000,44.85,5,44.75,84,44.85,43,1,2022-05-31 09:01:31
1653987691847029000,44.8,1,44.8,29,44.85,43,2,2022-05-31 09:01:31
1653987691902576000,44.85,2,44.8,29,44.85,41,1,2022-05-31 09:01:31
1653987692378639000,44.8,25,44.8,6,44.85,41,2,2022-05-31 09:01:32
1653987692513340000,44.85,2,44.8,7,44.85,40,1,2022-05-31 09:01:32
1653987692541297000,44.85,20,44.8,9,44.85,20,1,2022-05-31 09:01:32
1653987692620454000,44.8,10,44.75,90,44.8,10,2,2022-05-31 09:01:32
1653987692668922000,44.8,1,44.75,90,44.8,9,1,2022-05-31 09:01:32
1653987692689640000,44.8,1,44.75,90,44.8,11,1,2022-05-31 09:01:32
1653987692714297000,44.8,2,44.75,90,44.8,9,1,2022-05-31 09:01:32
1653987692733681000,44.8,1,44.75,91,44.8,8,1,2022-05-31 09:01:32
1653987692837055000,44.8,5,44.75,91,44.8,3,1,2022-05-31 09:01:32
1653987692852489000,44.8,3,44.75,92,44.85,9,1,2022-05-31 09:01:32
1653987692852489000,44.85,7,44.75,92,44.85,9,1,2022-05-31 09:01:32
1653987693122372000,44.8,1,44.8,3,44.85,9,2,2022-05-31 09:01:33
1653987693191528000,44.85,2,44.8,3,44.85,7,1,2022-05-31 09:01:33
1653987693500793000,44.85,1,44.8,12,44.85,6,1,2022-05-31 09:01:33
1653987693731604000,44.8,2,44.8,10,44.85,6,2,2022-05-31 09:01:33
1653987693818250000,44.85,1,44.8,10,44.85,5,1,2022-05-31 09:01:33
1653987693945979000,44.85,1,44.8,16,44.85,14,1,2022-05-31 09:01:33
1653987693963933000,44.85,4,44.8,17,44.85,10,1,2022-05-31 09:01:33
1653987694145942000,44.8,1,44.8,16,44.85,20,2,2022-05-31 09:01:34
1653987694551150000,44.85,1,44.8,32,44.85,39,1,2022-05-31 09:01:34
1653987694647629000,44.8,1,44.8,31,44.85,39,2,2022-05-31 09:01:34
1653987694856513000,44.8,5,44.8,29,44.85,39,2,2022-05-31 09:01:34
1653987694896253000,44.8,10,44.8,19,44.85,40,2,2022-05-31 09:01:34
1653987695208966000,44.85,1,44.8,21,44.85,39,1,2022-05-31 09:01:35
1653987695268753000,44.85,2,44.8,21,44.85,37,1,2022-05-31 09:01:35
1653987695307928000,44.85,10,44.8,21,44.85,27,1,2022-05-31 09:01:35
1653987695389798000,44.85,1,44.8,21,44.85,27,1,2022-05-31 09:01:35
1653987695469691000,44.85,1,44.8,26,44.85,26,1,2022-05-31 09:01:35
1653987695479226000,44.85,1,44.8,26,44.85,25,1,2022-05-31 09:01:35
1653987695585631000,44.85,10,44.8,31,44.85,17,1,2022-05-31 09:01:35
1653987695969351000,44.85,2,44.8,35,44.85,17,1,2022-05-31 09:01:35
1653987696005171000,44.85,1,44.8,35,44.85,16,1,2022-05-31 09:01:36
1653987696034249000,44.8,5,44.8,30,44.85,16,2,2022-05-31 09:01:36
1653987696056805000,44.85,2,44.8,31,44.85,14,1,2022-05-31 09:01:36
1653987696174707000,44.85,1,44.8,32,44.85,13,1,2022-05-31 09:01:36
1653987696189731000,44.85,1,44.8,32,44.85,12,1,2022-05-31 09:01:36
1653987696302192000,44.85,1,44.8,32,44.85,11,1,2022-05-31 09:01:36
1653987696306619000,44.8,1,44.8,31,44.85,11,2,2022-05-31 09:01:36
1653987696339694000,44.8,1,44.8,30,44.85,11,2,2022-05-31 09:01:36
1653987696364192000,44.85,2,44.8,30,44.85,9,1,2022-05-31 09:01:36
1653987696395518000,44.85,5,44.8,31,44.85,4,1,2022-05-31 09:01:36
1653987696399814000,44.85,4,44.85,1,44.9,86,1,2022-05-31 09:01:36
1653987696401502000,44.85,1,44.8,30,44.9,86,2,2022-05-31 09:01:36
1653987696401502000,44.8,1,44.8,30,44.9,86,2,2022-05-31 09:01:36
1653987696490155000,44.85,1,44.85,4,44.9,86,2,2022-05-31 09:01:36
1653987696837385000,44.9,2,44.85,15,44.9,84,1,2022-05-31 09:01:36
1653987696841755000,44.85,1,44.85,14,44.9,84,2,2022-05-31 09:01:36
1653987697013766000,44.9,1,44.85,14,44.9,83,1,2022-05-31 09:01:37
1653987697122614000,44.9,1,44.85,16,44.9,82,1,2022-05-31 09:01:37
1653987697231517000,44.85,5,44.85,11,44.9,82,2,2022-05-31 09:01:37
1653987697283401000,44.85,2,44.85,9,44.9,82,2,2022-05-31 09:01:37
1653987697322031000,44.85,5,44.85,4,44.9,83,2,2022-05-31 09:01:37
1653987697356992000,44.85,1,44.85,3,44.9,83,2,2022-05-31 09:01:37
1653987697967582000,44.9,10,44.85,22,44.9,72,1,2022-05-31 09:01:37
1653987698497255000,44.85,1,44.85,49,44.9,72,2,2022-05-31 09:01:38
1653987698531197000,44.9,8,44.85,49,44.9,69,1,2022-05-31 09:01:38
1653987698744505000,44.9,1,44.85,70,44.9,68,1,2022-05-31 09:01:38
1653987698809694000,44.85,1,44.85,69,44.9,68,2,2022-05-31 09:01:38
1653987698930006000,44.85,1,44.85,83,44.9,68,2,2022-05-31 09:01:38
1653987699239774000,44.9,10,44.85,95,44.9,58,1,2022-05-31 09:01:39
1653987699421564000,44.9,10,44.85,95,44.9,48,1,2022-05-31 09:01:39
1653987699557607000,44.9,10,44.85,97,44.9,38,1,2022-05-31 09:01:39
1653987699590171000,44.85,5,44.85,92,44.9,38,2,2022-05-31 09:01:39
1653987699608316000,44.9,1,44.85,92,44.9,38,1,2022-05-31 09:01:39
1653987699675264000,44.9,1,44.85,92,44.9,37,1,2022-05-31 09:01:39
1653987699809207000,44.9,37,44.85,92,44.95,50,1,2022-05-31 09:01:39
1653987699954005000,44.9,3,44.85,92,44.95,45,1,2022-05-31 09:01:39
1653987699954005000,44.95,7,44.85,92,44.95,45,1,2022-05-31 09:01:39
1653987700047339000,44.85,1,44.85,93,44.95,45,2,2022-05-31 09:01:40
1653987700299396000,44.9,1,44.9,19,44.95,45,1,2022-05-31 09:01:40
1653987700568335000,44.9,1,44.9,23,44.95,45,2,2022-05-31 09:01:40
1653987700810589000,44.9,2,44.9,21,44.95,55,2,2022-05-31 09:01:40
1653987700966911000,44.95,2,44.9,23,44.95,63,1,2022-05-31 09:01:40
1653987701197727000,44.95,2,44.9,24,44.95,61,1,2022-05-31 09:01:41
1653987701266750000,44.95,1,44.9,24,44.95,60,1,2022-05-31 09:01:41
1653987701397856000,44.95,2,44.9,33,44.95,58,1,2022-05-31 09:01:41
1653987701841403000,44.95,1,44.9,42,44.95,57,1,2022-05-31 09:01:41
1653987701853242000,44.95,1,44.9,42,44.95,56,1,2022-05-31 09:01:41
1653987702271202000,44.95,4,44.9,63,44.95,53,1,2022-05-31 09:01:42
1653987702577743000,44.95,10,44.9,66,44.95,43,1,2022-05-31 09:01:42
1653987702627149000,44.95,1,44.9,67,44.95,42,1,2022-05-31 09:01:42
1653987702826067000,44.95,10,44.9,69,44.95,32,1,2022-05-31 09:01:42
1653987702892010000,44.95,3,44.9,69,44.95,29,1,2022-05-31 09:01:42
1653987702934013000,44.9,1,44.9,68,44.95,29,2,2022-05-31 09:01:42
1653987702962221000,44.95,10,44.9,68,44.95,19,1,2022-05-31 09:01:42
1653987702970533000,44.95,1,44.9,68,44.95,18,1,2022-05-31 09:01:42
1653987703240037000,44.95,10,44.9,71,44.95,8,1,2022-05-31 09:01:43
1653987703280583000,44.95,4,44.9,71,44.95,4,1,2022-05-31 09:01:43
1653987703488862000,44.95,3,44.9,93,44.95,2,1,2022-05-31 09:01:43
1653987703526934000,44.95,1,44.9,93,44.95,11,1,2022-05-31 09:01:43
1653987703711656000,44.95,1,44.9,93,44.95,20,1,2022-05-31 09:01:43
1653987703735107000,44.95,5,44.9,93,44.95,15,1,2022-05-31 09:01:43
1653987703951937000,44.95,1,44.9,95,44.95,28,1,2022-05-31 09:01:43
1653987704097876000,44.95,1,44.9,96,44.95,37,1,2022-05-31 09:01:44
1653987704132297000,44.95,11,44.9,97,44.95,26,1,2022-05-31 09:01:44
1653987704144751000,44.9,2,44.9,95,44.95,26,2,2022-05-31 09:01:44
1653987704156058000,44.95,4,44.9,95,44.95,22,1,2022-05-31 09:01:44
1653987704190967000,44.95,1,44.9,95,44.95,23,1,2022-05-31 09:01:44
1653987704311638000,44.95,1,44.9,95,44.95,22,1,2022-05-31 09:01:44
1653987704399531000,44.9,10,44.9,84,44.95,22,2,2022-05-31 09:01:44
1653987704401399000,44.95,1,44.9,84,44.95,21,1,2022-05-31 09:01:44
1653987704439380000,44.9,2,44.9,97,44.95,22,2,2022-05-31 09:01:44
1653987704475475000,44.95,5,44.9,98,44.95,17,1,2022-05-31 09:01:44
1653987704529055000,44.95,1,44.9,99,44.95,16,1,2022-05-31 09:01:44
1653987704627182000,44.95,3,44.9,99,44.95,13,1,2022-05-31 09:01:44
1653987704647752000,44.95,3,44.9,99,44.95,10,1,2022-05-31 09:01:44
1653987704660558000,44.95,1,44.9,99,44.95,9,1,2022-05-31 09:01:44
1653987704738840000,44.95,1,44.9,99,44.95,8,1,2022-05-31 09:01:44
1653987704758498000,44.95,1,44.9,100,44.95,7,1,2022-05-31 09:01:44
1653987704855483000,44.95,4,44.9,100,44.95,3,1,2022-05-31 09:01:44
1653987704903056000,44.95,3,44.95,7,45.0,500,1,2022-05-31 09:01:44
1653987704957819000,44.95,5,44.95,2,45.0,500,2,2022-05-31 09:01:44
1653987704963178000,44.95,2,44.9,101,45.0,500,2,2022-05-31 09:01:44
1653987705163334000,44.95,3,44.95,3,45.0,501,2,2022-05-31 09:01:45
1653987705201364000,45.0,2,44.95,3,45.0,499,1,2022-05-31 09:01:45
1653987705273172000,45.0,100,44.95,3,45.0,399,1,2022-05-31 09:01:45
1653987705330046000,45.0,1,44.95,5,45.0,397,1,2022-05-31 09:01:45
1653987705533702000,45.0,1,44.95,23,45.0,396,1,2022-05-31 09:01:45
1653987705776513000,44.95,10,44.95,16,45.0,396,2,2022-05-31 09:01:45
1653987706054854000,45.0,10,44.95,26,45.0,386,1,2022-05-31 09:01:46
1653987706692413000,45.0,1,44.95,36,45.0,388,1,2022-05-31 09:01:46
1653987706714370000,45.0,1,44.95,36,45.0,387,1,2022-05-31 09:01:46
1653987707146416000,45.0,10,44.95,45,45.0,377,1,2022-05-31 09:01:47
1653987707177909000,44.95,1,44.95,44,45.0,377,2,2022-05-31 09:01:47
1653987707289690000,45.0,1,44.95,45,45.0,376,1,2022-05-31 09:01:47
1653987707293355000,45.0,2,44.95,45,45.0,374,1,2022-05-31 09:01:47
1653987707467669000,45.0,1,44.95,49,45.0,372,1,2022-05-31 09:01:47
1653987707745385000,44.95,1,44.95,56,45.0,372,2,2022-05-31 09:01:47
1653987707968588000,45.0,1,44.95,58,45.0,371,1,2022-05-31 09:01:47
1653987708026504000,44.95,2,44.95,58,45.0,371,2,2022-05-31 09:01:48
1653987708061164000,44.95,1,44.95,57,45.0,371,2,2022-05-31 09:01:48
1653987708102110000,44.95,1,44.95,56,45.0,371,2,2022-05-31 09:01:48
1653987708123487000,45.0,1,44.95,56,45.0,370,1,2022-05-31 09:01:48
1653987708189013000,45.0,3,44.95,56,45.0,367,1,2022-05-31 09:01:48
1653987708389995000,45.0,2,44.95,59,45.0,365,1,2022-05-31 09:01:48
1653987708433545000,44.95,2,44.95,57,45.0,365,2,2022-05-31 09:01:48
1653987708530764000,45.0,1,44.95,58,45.0,364,1,2022-05-31 09:01:48
1653987708549472000,45.0,7,44.95,58,45.0,357,1,2022-05-31 09:01:48
1653987708706690000,45.0,2,44.95,59,45.0,356,1,2022-05-31 09:01:48
1653987708841574000,45.0,2,44.95,61,45.0,354,1,2022-05-31 09:01:48
1653987708982094000,45.0,1,44.95,66,45.0,353,1,2022-05-31 09:01:48
1653987708994093000,45.0,2,44.95,66,45.0,351,1,2022-05-31 09:01:48
1653987709002850000,45.0,1,44.95,66,45.0,350,1,2022-05-31 09:01:49
1653987709294782000,45.0,1,44.95,73,45.0,349,1,2022-05-31 09:01:49
1653987709503914000,44.95,2,44.95,74,45.0,354,2,2022-05-31 09:01:49
1653987709582802000,45.0,10,44.95,74,45.0,344,1,2022-05-31 09:01:49
1653987709729311000,45.0,1,44.95,74,45.0,341,1,2022-05-31 09:01:49
1653987709744284000,44.95,1,44.95,73,45.0,341,2,2022-05-31 09:01:49
1653987709770264000,44.95,5,44.95,68,45.0,341,2,2022-05-31 09:01:49
1653987709801195000,44.95,2,44.95,66,45.0,341,2,2022-05-31 09:01:49
1653987709899445000,45.0,1,44.95,65,45.0,343,1,2022-05-31 09:01:49
1653987709939658000,45.0,4,44.95,70,45.0,339,1,2022-05-31 09:01:49
1653987710017548000,45.0,5,44.95,73,45.0,332,1,2022-05-31 09:01:50
1653987710067714000,44.95,1,44.95,72,45.0,332,2,2022-05-31 09:01:50
1653987710405113000,45.0,30,44.95,75,45.0,306,1,2022-05-31 09:01:50
1653987710748319000,44.95,2,44.95,75,45.0,306,2,2022-05-31 09:01:50
1653987710751647000,44.95,1,44.95,74,45.0,306,2,2022-05-31 09:01:50
1653987710909957000,45.0,5,44.95,75,45.0,303,1,2022-05-31 09:01:50
1653987710983090000,45.0,3,44.95,79,45.0,298,1,2022-05-31 09:01:50
1653987711087264000,45.0,5,44.95,82,45.0,293,1,2022-05-31 09:01:51
1653987711088432000,45.0,6,44.95,82,45.0,287,1,2022-05-31 09:01:51
1653987711104119000,45.0,1,44.95,82,45.0,286,1,2022-05-31 09:01:51
1653987711108209000,45.0,3,44.95,82,45.0,283,1,2022-05-31 09:01:51
1653987711158369000,45.0,250,44.95,87,45.0,34,1,2022-05-31 09:01:51
1653987711181026000,45.0,2,44.95,87,45.0,32,1,2022-05-31 09:01:51
1653987711196430000,44.95,2,44.95,90,45.0,32,2,2022-05-31 09:01:51
1653987711212569000,45.0,1,44.95,91,45.0,31,1,2022-05-31 09:01:51
1653987711236473000,45.0,3,44.95,90,45.0,28,1,2022-05-31 09:01:51
1653987711261364000,44.95,3,44.95,87,45.0,28,2,2022-05-31 09:01:51
1653987711392778000,45.0,10,44.95,88,45.0,18,1,2022-05-31 09:01:51
1653987711462654000,45.0,1,44.95,88,45.0,17,1,2022-05-31 09:01:51
1653987711508263000,45.0,3,44.95,89,45.0,14,1,2022-05-31 09:01:51
1653987711663893000,45.0,1,44.95,89,45.0,20,1,2022-05-31 09:01:51
1653987711724047000,45.0,1,44.95,88,45.0,19,1,2022-05-31 09:01:51
1653987711798075000,45.0,5,44.95,89,45.0,14,1,2022-05-31 09:01:51
1653987711802534000,45.0,5,44.95,89,45.0,9,1,2022-05-31 09:01:51
1653987711827572000,45.0,1,44.95,90,45.0,8,1,2022-05-31 09:01:51
1653987711827796000,45.0,4,44.95,90,45.0,4,1,2022-05-31 09:01:51
1653987711834335000,45.0,4,45.0,1,45.05,32,1,2022-05-31 09:01:51
1653987711867834000,45.05,1,45.0,1,45.05,31,1,2022-05-31 09:01:51
1653987711997662000,45.05,1,45.0,12,45.05,30,1,2022-05-31 09:01:51
1653987712159780000,45.05,1,45.0,13,45.05,29,1,2022-05-31 09:01:52
1653987712301149000,45.05,5,45.0,39,45.05,24,1,2022-05-31 09:01:52
1653987712335023000,45.05,5,45.0,39,45.05,19,1,2022-05-31 09:01:52
1653987712583787000,45.05,10,45.0,63,45.05,9,1,2022-05-31 09:01:52
1653987712756245000,45.05,1,45.0,70,45.05,8,1,2022-05-31 09:01:52
1653987712874936000,45.05,1,45.0,75,45.05,7,1,2022-05-31 09:01:52
1653987713004640000,45.05,7,45.0,86,45.1,16,1,2022-05-31 09:01:53
1653987713004640000,45.1,33,45.0,86,45.1,16,1,2022-05-31 09:01:53
1653987713027381000,45.1,2,45.0,88,45.1,14,1,2022-05-31 09:01:53
1653987713058433000,45.1,5,45.0,89,45.1,9,1,2022-05-31 09:01:53
1653987713083360000,45.1,1,45.0,89,45.1,8,1,2022-05-31 09:01:53
1653987713344337000,45.0,4,45.0,106,45.1,8,2,2022-05-31 09:01:53
1653987713743901000,45.1,1,45.05,7,45.1,7,1,2022-05-31 09:01:53
1653987713884499000,45.05,2,45.05,10,45.1,7,2,2022-05-31 09:01:53
1653987713942507000,45.1,2,45.05,10,45.1,5,1,2022-05-31 09:01:53
1653987714040648000,45.05,3,45.05,8,45.1,5,2,2022-05-31 09:01:54
1653987714064940000,45.1,5,45.05,8,45.15,45,1,2022-05-31 09:01:54
1653987714136151000,45.05,1,45.05,10,45.15,45,2,2022-05-31 09:01:54
1653987714186091000,45.05,3,45.05,7,45.15,45,2,2022-05-31 09:01:54
1653987714674907000,45.15,1,45.05,10,45.15,44,1,2022-05-31 09:01:54
1653987714776560000,45.15,2,45.05,10,45.15,42,1,2022-05-31 09:01:54
1653987714878678000,45.05,1,45.05,9,45.1,20,2,2022-05-31 09:01:54
1653987714925824000,45.1,1,45.05,9,45.1,19,1,2022-05-31 09:01:54
1653987714986667000,45.05,2,45.05,8,45.1,19,2,2022-05-31 09:01:54
1653987715010722000,45.1,10,45.05,8,45.1,9,1,2022-05-31 09:01:55
1653987715013812000,45.05,1,45.05,7,45.1,9,2,2022-05-31 09:01:55
1653987715018433000,45.1,1,45.05,7,45.1,8,1,2022-05-31 09:01:55
1653987715073164000,45.1,1,45.05,7,45.1,7,1,2022-05-31 09:01:55
1653987715153133000,45.1,2,45.05,7,45.1,5,1,2022-05-31 09:01:55
1653987715266124000,45.1,2,45.05,9,45.1,3,1,2022-05-31 09:01:55
1653987715298544000,45.05,2,45.05,7,45.1,3,2,2022-05-31 09:01:55
1653987715312453000,45.05,2,45.05,5,45.1,3,2,2022-05-31 09:01:55
1653987715491070000,45.05,2,45.05,3,45.1,4,2,2022-05-31 09:01:55
1653987715685088000,45.1,3,45.05,24,45.1,1,1,2022-05-31 09:01:55
1653987715698701000,45.05,1,45.05,23,45.1,1,2,2022-05-31 09:01:55
1653987715763125000,45.1,1,45.1,3,45.15,58,1,2022-05-31 09:01:55
1653987715798318000,45.15,2,45.1,3,45.15,56,1,2022-05-31 09:01:55
1653987715843130000,45.1,3,45.05,43,45.1,7,2,2022-05-31 09:01:55
1653987715856561000,45.1,1,45.05,43,45.1,6,1,2022-05-31 09:01:55
1653987715893159000,45.1,2,45.05,43,45.1,4,1,2022-05-31 09:01:55
1653987715900523000,45.1,2,45.05,43,45.1,2,1,2022-05-31 09:01:55
1653987715980864000,45.1,1,45.05,44,45.1,1,1,2022-05-31 09:01:55
1653987716058389000,45.05,1,45.05,44,45.1,1,2,2022-05-31 09:01:56
1653987716103808000,45.1,1,45.05,43,45.15,55,1,2022-05-31 09:01:56
1653987716103808000,45.15,1,45.05,43,45.15,55,1,2022-05-31 09:01:56
1653987716264870000,45.15,55,45.05,44,45.2,103,1,2022-05-31 09:01:56
1653987716349795000,45.2,2,45.05,44,45.2,108,1,2022-05-31 09:01:56
1653987716434797000,45.05,1,45.05,43,45.1,50,2,2022-05-31 09:01:56
1653987716463271000,45.05,1,45.05,41,45.1,51,2,2022-05-31 09:01:56
1653987716616071000,45.05,1,45.05,40,45.1,52,2,2022-05-31 09:01:56
1653987716688918000,45.1,2,45.05,41,45.1,50,1,2022-05-31 09:01:56
1653987716754298000,45.1,1,45.05,41,45.1,49,1,2022-05-31 09:01:56
1653987716794442000,45.1,1,45.05,42,45.1,48,1,2022-05-31 09:01:56
1653987716915824000,45.1,1,45.05,44,45.1,47,1,2022-05-31 09:01:56
1653987716940498000,45.1,2,45.05,44,45.1,45,1,2022-05-31 09:01:56
1653987717056194000,45.05,6,45.0,239,45.1,45,2,2022-05-31 09:01:57
1653987717176809000,45.1,9,45.05,1,45.1,36,1,2022-05-31 09:01:57
1653987717226045000,45.1,1,45.05,5,45.1,45,1,2022-05-31 09:01:57
1653987717276049000,45.1,3,45.05,5,45.1,42,1,2022-05-31 09:01:57
1653987717294732000,45.1,2,45.05,5,45.1,40,1,2022-05-31 09:01:57
1653987717472554000,45.1,2,45.05,5,45.1,38,1,2022-05-31 09:01:57
1653987717523770000,45.1,1,45.05,5,45.1,38,1,2022-05-31 09:01:57
1653987717526600000,45.1,1,45.05,5,45.1,37,1,2022-05-31 09:01:57
1653987717550034000,45.1,1,45.05,5,45.1,36,1,2022-05-31 09:01:57
1653987717651405000,45.1,1,45.05,7,45.1,35,1,2022-05-31 09:01:57
1653987717710805000,45.1,5,45.05,8,45.1,30,1,2022-05-31 09:01:57
1653987717811221000,45.1,2,45.05,8,45.1,29,1,2022-05-31 09:01:57
1653987717835741000,45.1,1,45.05,8,45.1,28,1,2022-05-31 09:01:57
1653987717837468000,45.1,1,45.05,8,45.1,27,1,2022-05-31 09:01:57
1653987717909161000,45.1,2,45.05,8,45.1,25,1,2022-05-31 09:01:57
1653987717910544000,45.05,8,45.0,251,45.1,25,2,2022-05-31 09:01:57
1653987718300459000,45.1,1,45.05,6,45.1,25,1,2022-05-31 09:01:58
1653987718424979000,45.1,1,45.05,7,45.1,25,1,2022-05-31 09:01:58
1653987718481533000,45.1,2,45.05,7,45.1,24,1,2022-05-31 09:01:58
1653987718561826000,45.1,3,45.05,7,45.1,23,1,2022-05-31 09:01:58
1653987718568028000,45.1,1,45.05,7,45.1,22,1,2022-05-31 09:01:58
1653987718714865000,45.05,1,45.05,6,45.1,22,2,2022-05-31 09:01:58
1653987718719045000,45.1,1,45.05,6,45.1,21,1,2022-05-31 09:01:58
1653987718769481000,45.1,2,45.05,6,45.1,19,1,2022-05-31 09:01:58
1653987718775511000,45.1,2,45.05,6,45.1,17,1,2022-05-31 09:01:58
1653987718849297000,45.1,3,45.05,6,45.1,14,1,2022-05-31 09:01:58
1653987718856307000,45.05,1,45.05,6,45.1,14,2,2022-05-31 09:01:58
1653987718885262000,45.1,10,45.05,6,45.1,4,1,2022-05-31 09:01:58
1653987718896780000,45.05,1,45.05,5,45.1,4,2,2022-05-31 09:01:58
1653987719020443000,45.05,5,45.05,3,45.1,4,2,2022-05-31 09:01:59
1653987719051755000,45.1,1,45.05,3,45.1,3,1,2022-05-31 09:01:59
1653987719068343000,45.05,1,45.05,2,45.1,3,2,2022-05-31 09:01:59
1653987719090561000,45.1,1,45.05,2,45.1,2,1,2022-05-31 09:01:59
1653987719141394000,45.1,3,45.05,15,45.15,43,1,2022-05-31 09:01:59
1653987719156362000,45.15,3,45.05,15,45.15,40,1,2022-05-31 09:01:59
1653987719310083000,45.1,1,45.05,15,45.15,39,1,2022-05-31 09:01:59
1653987719310083000,45.15,1,45.05,15,45.15,39,1,2022-05-31 09:01:59
1653987719363998000,45.15,1,45.05,15,45.15,40,1,2022-05-31 09:01:59
1653987719402981000,45.1,1,45.1,1,45.15,40,2,2022-05-31 09:01:59
1653987719414800000,45.1,1,45.05,7,45.15,40,2,2022-05-31 09:01:59
1653987719414800000,45.05,9,45.05,7,45.15,40,2,2022-05-31 09:01:59
1653987719455228000,45.1,1,45.1,9,45.15,40,2,2022-05-31 09:01:59
1653987719455527000,45.1,1,45.1,8,45.15,40,2,2022-05-31 09:01:59
1653987719675018000,45.1,3,45.1,7,45.15,42,2,2022-05-31 09:01:59
1653987719736662000,45.1,2,45.1,5,45.15,43,2,2022-05-31 09:01:59
1653987719741839000,45.1,2,45.1,3,45.15,43,2,2022-05-31 09:01:59
1653987719758403000,45.1,2,45.1,1,45.15,43,2,2022-05-31 09:01:59
1653987719797638000,45.1,2,45.05,12,45.15,43,2,2022-05-31 09:01:59
1653987720007863000,45.1,1,45.05,15,45.15,40,1,2022-05-31 09:02:00
1653987720007863000,45.15,4,45.05,15,45.15,40,1,2022-05-31 09:02:00
1653987720074316000,45.1,1,45.1,22,45.15,38,2,2022-05-31 09:02:00
1653987720098840000,45.1,2,45.1,20,45.15,40,2,2022-05-31 09:02:00
1653987720245681000,45.1,4,45.1,16,45.15,40,2,2022-05-31 09:02:00
1653987720309660000,45.1,6,45.1,10,45.15,40,2,2022-05-31 09:02:00
1653987720490612000,45.15,2,45.1,10,45.15,38,1,2022-05-31 09:02:00
1653987720513796000,45.15,6,45.1,10,45.15,32,1,2022-05-31 09:02:00
1653987720588441000,45.15,1,45.1,10,45.15,29,1,2022-05-31 09:02:00
1653987720708808000,45.15,1,45.1,44,45.15,28,1,2022-05-31 09:02:00
1653987720836227000,45.1,5,45.1,44,45.15,28,2,2022-05-31 09:02:00
1653987720950740000,45.15,1,45.1,46,45.15,27,1,2022-05-31 09:02:00
1653987721153444000,45.1,1,45.1,60,45.15,27,2,2022-05-31 09:02:01
1653987721161955000,45.1,1,45.1,59,45.15,27,2,2022-05-31 09:02:01
1653987721768049000,45.15,1,45.1,85,45.15,26,1,2022-05-31 09:02:01
1653987721789148000,45.15,1,45.1,85,45.15,25,1,2022-05-31 09:02:01
1653987722204673000,45.15,1,45.1,88,45.15,34,1,2022-05-31 09:02:02
1653987722321918000,45.1,2,45.1,92,45.15,35,2,2022-05-31 09:02:02
1653987722361491000,45.1,5,45.1,87,45.15,35,2,2022-05-31 09:02:02
1653987722413368000,45.15,20,45.1,89,45.15,15,1,2022-05-31 09:02:02
1653987722436101000,45.15,5,45.1,91,45.15,10,1,2022-05-31 09:02:02
1653987722494270000,45.15,1,45.1,91,45.15,9,1,2022-05-31 09:02:02
1653987722519340000,45.15,1,45.1,91,45.15,8,1,2022-05-31 09:02:02
1653987722578439000,45.1,15,45.1,76,45.15,8,2,2022-05-31 09:02:02
1653987722618913000,45.1,15,45.1,61,45.15,8,2,2022-05-31 09:02:02
1653987722886222000,45.15,1,45.1,69,45.15,7,1,2022-05-31 09:02:02
1653987722905324000,45.15,7,45.1,69,45.2,300,1,2022-05-31 09:02:02
1653987722905324000,45.2,5,45.1,69,45.2,300,1,2022-05-31 09:02:02
1653987722914813000,45.1,15,45.1,54,45.2,300,2,2022-05-31 09:02:02
1653987722992813000,45.2,1,45.1,59,45.2,299,1,2022-05-31 09:02:02
1653987723002286000,45.2,2,45.1,59,45.2,297,1,2022-05-31 09:02:03
1653987723023752000,45.1,18,45.1,41,45.2,297,2,2022-05-31 09:02:03
1653987723054935000,45.15,1,45.1,41,45.2,297,2,2022-05-31 09:02:03
1653987723076078000,45.2,1,45.1,41,45.2,289,1,2022-05-31 09:02:03
1653987723177918000,45.2,3,45.15,3,45.2,286,1,2022-05-31 09:02:03
1653987723212572000,45.2,4,45.15,3,45.2,282,1,2022-05-31 09:02:03
1653987723619562000,45.15,1,45.15,25,45.2,282,2,2022-05-31 09:02:03
1653987723659790000,45.15,1,45.15,24,45.2,282,2,2022-05-31 09:02:03
1653987723766426000,45.2,2,45.15,24,45.2,280,1,2022-05-31 09:02:03
1653987723899775000,45.15,20,45.15,5,45.2,280,2,2022-05-31 09:02:03
1653987723955304000,45.2,2,45.15,5,45.2,278,1,2022-05-31 09:02:03
1653987724097505000,45.15,7,45.1,56,45.15,3,2,2022-05-31 09:02:04
1653987724281167000,45.15,1,45.1,56,45.15,12,1,2022-05-31 09:02:04
1653987724326196000,45.15,1,45.1,61,45.15,11,1,2022-05-31 09:02:04
1653987724423428000,45.15,1,45.1,61,45.15,10,1,2022-05-31 09:02:04
1653987724578396000,45.15,1,45.1,63,45.15,21,1,2022-05-31 09:02:04
1653987724663077000,45.15,2,45.1,63,45.15,19,1,2022-05-31 09:02:04
1653987724871295000,45.15,5,45.1,66,45.15,24,1,2022-05-31 09:02:04
1653987724882180000,45.15,2,45.1,66,45.15,22,1,2022-05-31 09:02:04
1653987724972453000,45.15,1,45.1,67,45.15,21,1,2022-05-31 09:02:04
1653987725073974000,45.15,1,45.1,67,45.15,21,1,2022-05-31 09:02:05
1653987725094981000,45.15,1,45.1,67,45.15,20,1,2022-05-31 09:02:05
1653987725134096000,45.15,2,45.1,71,45.15,20,1,2022-05-31 09:02:05
1653987725201237000,45.15,1,45.1,71,45.15,19,1,2022-05-31 09:02:05
1653987725202461000,45.1,3,45.1,68,45.15,19,2,2022-05-31 09:02:05
1653987725295922000,45.15,1,45.1,69,45.15,18,1,2022-05-31 09:02:05
1653987725337065000,45.15,6,45.1,69,45.15,12,1,2022-05-31 09:02:05
1653987725359673000,45.15,1,45.1,69,45.15,11,1,2022-05-31 09:02:05
1653987725370410000,45.15,1,45.1,69,45.15,10,1,2022-05-31 09:02:05
1653987725434711000,45.1,2,45.1,68,45.15,10,2,2022-05-31 09:02:05
1653987725551656000,45.15,2,45.1,74,45.15,8,1,2022-05-31 09:02:05
1653987725557201000,45.15,1,45.1,74,45.15,7,1,2022-05-31 09:02:05
1653987725566077000,45.15,1,45.1,74,45.15,6,1,2022-05-31 09:02:05
1653987725632837000,45.1,2,45.1,74,45.15,6,2,2022-05-31 09:02:05
1653987725766877000,45.1,2,45.1,84,45.15,7,2,2022-05-31 09:02:05
1653987725769899000,45.15,1,45.1,84,45.15,6,1,2022-05-31 09:02:05
1653987725946439000,45.1,2,45.1,85,45.15,15,2,2022-05-31 09:02:05
1653987726001428000,45.15,1,45.1,86,45.15,15,1,2022-05-31 09:02:06
1653987726018348000,45.15,1,45.1,86,45.15,14,1,2022-05-31 09:02:06
1653987726020704000,45.15,1,45.1,86,45.15,13,1,2022-05-31 09:02:06
1653987726072642000,45.15,1,45.1,86,45.15,12,1,2022-05-31 09:02:06
1653987726083625000,45.15,2,45.1,86,45.15,10,1,2022-05-31 09:02:06
1653987726103356000,45.15,1,45.1,91,45.15,9,1,2022-05-31 09:02:06
1653987726112472000,45.15,3,45.1,91,45.15,6,1,2022-05-31 09:02:06
1653987726116992000,45.15,2,45.1,91,45.15,4,1,2022-05-31 09:02:06
1653987726124369000,45.1,1,45.1,95,45.15,4,2,2022-05-31 09:02:06
1653987726126416000,45.1,1,45.1,94,45.15,4,2,2022-05-31 09:02:06
1653987726148315000,45.15,1,45.1,95,45.15,3,1,2022-05-31 09:02:06
1653987726164377000,45.15,3,45.15,7,45.2,293,1,2022-05-31 09:02:06
1653987726202732000,45.15,1,45.15,6,45.2,293,2,2022-05-31 09:02:06
1653987726214552000,45.15,5,45.15,1,45.2,293,2,2022-05-31 09:02:06
1653987726284238000,45.15,1,45.1,97,45.2,293,2,2022-05-31 09:02:06
1653987726304121000,45.2,1,45.1,97,45.2,292,1,2022-05-31 09:02:06
1653987726311945000,45.15,1,45.1,1,45.2,292,2,2022-05-31 09:02:06
1653987726311945000,45.1,96,45.1,1,45.2,292,2,2022-05-31 09:02:06
1653987726338079000,45.15,5,45.1,1,45.15,5,2,2022-05-31 09:02:06
1653987726457474000,45.15,1,45.1,1,45.15,7,1,2022-05-31 09:02:06
1653987726669763000,45.1,1,45.1,13,45.15,12,2,2022-05-31 09:02:06
1653987726742536000,45.15,1,45.1,13,45.15,27,1,2022-05-31 09:02:06
1653987726823810000,45.1,9,45.1,10,45.15,28,2,2022-05-31 09:02:06
1653987726856357000,45.1,1,45.1,9,45.15,37,2,2022-05-31 09:02:06
1653987726857529000,45.1,1,45.1,8,45.15,37,2,2022-05-31 09:02:06
1653987726865537000,45.1,1,45.1,8,45.15,35,2,2022-05-31 09:02:06
1653987726894833000,45.15,1,45.1,8,45.15,36,1,2022-05-31 09:02:06
1653987726925562000,45.1,7,45.1,1,45.15,37,2,2022-05-31 09:02:06
1653987726927980000,45.15,37,45.1,1,45.2,285,1,2022-05-31 09:02:06
1653987726927980000,45.2,7,45.1,1,45.2,285,1,2022-05-31 09:02:06
1653987727102731000,45.15,1,45.1,5,45.15,19,1,2022-05-31 09:02:07
1653987727149367000,45.15,1,45.1,10,45.15,41,1,2022-05-31 09:02:07
1653987727188858000,45.15,1,45.1,10,45.15,42,1,2022-05-31 09:02:07
1653987727206716000,45.15,1,45.1,10,45.15,41,1,2022-05-31 09:02:07
1653987727350309000,45.15,1,45.1,10,45.15,55,1,2022-05-31 09:02:07
1653987727398585000,45.15,2,45.1,10,45.15,53,1,2022-05-31 09:02:07
1653987727454220000,45.15,1,45.1,15,45.15,54,1,2022-05-31 09:02:07
1653987727454623000,45.15,1,45.1,15,45.15,53,1,2022-05-31 09:02:07
1653987727502965000,45.15,1,45.1,16,45.15,52,1,2022-05-31 09:02:07
1653987727517250000,45.1,1,45.1,15,45.15,52,2,2022-05-31 09:02:07
1653987727539041000,45.15,2,45.1,15,45.15,50,1,2022-05-31 09:02:07
1653987727681305000,45.1,16,45.05,116,45.1,4,2,2022-05-31 09:02:07
1653987727709932000,45.1,1,45.05,116,45.1,3,1,2022-05-31 09:02:07
1653987727710091000,45.1,2,45.05,116,45.1,1,1,2022-05-31 09:02:07
1653987727738078000,45.1,1,45.05,116,45.1,2,1,2022-05-31 09:02:07
1653987727743204000,45.1,1,45.05,116,45.1,1,1,2022-05-31 09:02:07
