ts,close,volume,bid_price,bid_volume,ask_price,ask_volume,tick_type,datetime
1651222817955697000,27.5,1785,27.45,31,27.5,29,1,2022-04-29 09:00:17
1651222817967169000,27.5,1,27.45,31,27.5,28,1,2022-04-29 09:00:17
1651222818008365000,27.5,5,27.45,31,27.5,23,1,2022-04-29 09:00:18
1651222818043283000,27.5,1,27.45,31,27.5,22,1,2022-04-29 09:00:18
1651222818044559000,27.5,12,27.45,31,27.5,12,1,2022-04-29 09:00:18
1651222818044991000,27.5,12,27.45,31,27.55,44,1,2022-04-29 09:00:18
1651222818068554000,27.45,13,27.45,18,27.55,44,2,2022-04-29 09:00:18
1651222818381261000,27.5,2,27.45,18,27.5,4,1,2022-04-29 09:00:18
1651222818523095000,27.5,1,27.45,18,27.5,3,1,2022-04-29 09:00:18
1651222818558221000,27.5,3,27.45,18,27.55,44,1,2022-04-29 09:00:18
1651222819013763000,27.55,2,27.45,18,27.55,42,1,2022-04-29 09:00:19
1651222819931718000,27.55,1,27.5,1,27.55,41,1,2022-04-29 09:00:19
1651222820113906000,27.5,1,27.45,18,27.5,9,2,2022-04-29 09:00:20
1651222820151115000,27.5,9,27.45,18,27.55,41,1,2022-04-29 09:00:20
1651222820776874000,27.5,2,27.5,4,27.55,41,2,2022-04-29 09:00:20
1651222820950479000,27.55,1,27.5,6,27.55,40,1,2022-04-29 09:00:20
1651222820993012000,27.55,40,27.5,6,27.6,29,1,2022-04-29 09:00:20
1651222822095755000,27.5,2,27.5,5,27.55,1,2,2022-04-29 09:00:22
1651222822854844000,27.55,1,27.5,40,27.6,29,1,2022-04-29 09:00:22
1651222823274108000,27.6,8,27.55,1,27.6,31,1,2022-04-29 09:00:23
1651222824023764000,27.55,1,27.55,3,27.6,31,2,2022-04-29 09:00:24
1651222824040093000,27.6,3,27.55,3,27.6,28,1,2022-04-29 09:00:24
1651222824106897000,27.6,1,27.55,3,27.6,31,1,2022-04-29 09:00:24
1651222824295873000,27.55,5,27.5,31,27.6,31,2,2022-04-29 09:00:24
1651222824295873000,27.5,11,27.5,31,27.6,31,2,2022-04-29 09:00:24
1651222824300918000,27.5,11,27.5,20,27.6,31,2,2022-04-29 09:00:24
1651222824378838000,27.55,1,27.5,20,27.6,31,1,2022-04-29 09:00:24
1651222824660028000,27.5,5,27.5,16,27.6,31,2,2022-04-29 09:00:24
1651222825138626000,27.6,1,27.55,3,27.6,36,1,2022-04-29 09:00:25
1651222825257544000,27.55,3,27.5,4,27.6,36,2,2022-04-29 09:00:25
1651222825257544000,27.5,15,27.5,4,27.6,36,2,2022-04-29 09:00:25
1651222825316722000,27.6,10,27.5,4,27.6,26,1,2022-04-29 09:00:25
1651222825322665000,27.6,1,27.5,4,27.6,25,1,2022-04-29 09:00:25
1651222825587497000,27.55,1,27.5,5,27.55,3,1,2022-04-29 09:00:25
1651222825592902000,27.5,5,27.4,141,27.55,7,2,2022-04-29 09:00:25
1651222825592902000,27.45,18,27.4,141,27.55,7,2,2022-04-29 09:00:25
1651222825592902000,27.4,86,27.4,141,27.55,7,2,2022-04-29 09:00:25
1651222825631113000,27.4,10,27.4,131,27.55,7,2,2022-04-29 09:00:25
1651222825642054000,27.4,10,27.4,121,27.55,7,2,2022-04-29 09:00:25
1651222825804715000,27.5,1,27.45,2,27.55,7,1,2022-04-29 09:00:25
1651222825825691000,27.45,2,27.4,120,27.55,7,2,2022-04-29 09:00:25
1651222825825691000,27.4,1,27.4,120,27.55,7,2,2022-04-29 09:00:25
1651222825922010000,27.4,4,27.4,116,27.55,7,2,2022-04-29 09:00:25
1651222826020712000,27.55,3,27.4,116,27.55,44,1,2022-04-29 09:00:26
1651222826174822000,27.5,1,27.4,116,27.55,49,2,2022-04-29 09:00:26
1651222826225314000,27.55,2,27.4,116,27.55,47,1,2022-04-29 09:00:26
1651222826265909000,27.5,1,27.5,1,27.55,47,2,2022-04-29 09:00:26
1651222826272863000,27.5,1,27.4,116,27.55,47,2,2022-04-29 09:00:26
1651222826445916000,27.5,1,27.4,116,27.5,44,1,2022-04-29 09:00:26
1651222826548937000,27.4,2,27.4,114,27.45,24,2,2022-04-29 09:00:26
1651222826558489000,27.4,1,27.4,113,27.45,24,2,2022-04-29 09:00:26
1651222826573374000,27.4,1,27.4,112,27.45,24,2,2022-04-29 09:00:26
1651222826578516000,27.45,1,27.4,112,27.45,23,1,2022-04-29 09:00:26
1651222826608050000,27.4,1,27.4,111,27.45,23,2,2022-04-29 09:00:26
1651222826704211000,27.4,2,27.4,109,27.45,23,2,2022-04-29 09:00:26
1651222826775525000,27.4,1,27.4,108,27.45,23,2,2022-04-29 09:00:26
1651222826811493000,27.4,40,27.4,68,27.45,23,2,2022-04-29 09:00:26
1651222826811566000,27.4,3,27.4,65,27.45,23,2,2022-04-29 09:00:26
1651222826816308000,27.45,1,27.4,65,27.45,22,1,2022-04-29 09:00:26
1651222826844211000,27.4,20,27.4,45,27.45,22,2,2022-04-29 09:00:26
1651222826858734000,27.45,1,27.4,45,27.45,21,1,2022-04-29 09:00:26
1651222826863935000,27.4,2,27.4,43,27.45,21,2,2022-04-29 09:00:26
1651222826877201000,27.4,43,27.35,6,27.45,21,2,2022-04-29 09:00:26
1651222826906471000,27.35,6,27.3,1,27.45,21,2,2022-04-29 09:00:26
1651222826906471000,27.3,30,27.3,1,27.45,21,2,2022-04-29 09:00:26
1651222827222515000,27.35,1,27.3,1,27.35,1,1,2022-04-29 09:00:27
1651222827297748000,27.3,1,27.25,6,27.35,1,2,2022-04-29 09:00:27
1651222827297748000,27.25,5,27.25,6,27.35,1,2,2022-04-29 09:00:27
1651222827311576000,27.25,6,27.1,80,27.35,1,2,2022-04-29 09:00:27
1651222827311576000,27.2,41,27.1,80,27.35,1,2,2022-04-29 09:00:27
1651222827311576000,27.15,10,27.1,80,27.35,1,2,2022-04-29 09:00:27
1651222827311576000,27.1,3,27.1,80,27.35,1,2,2022-04-29 09:00:27
1651222827346996000,27.3,1,27.15,4,27.3,4,1,2022-04-29 09:00:27
1651222827364425000,27.3,1,27.15,4,27.3,3,1,2022-04-29 09:00:27
1651222827428157000,27.3,3,27.15,4,27.35,6,1,2022-04-29 09:00:27
1651222827428157000,27.35,7,27.15,4,27.35,6,1,2022-04-29 09:00:27
1651222827429271000,27.15,2,27.15,2,27.35,6,2,2022-04-29 09:00:27
1651222827504170000,27.35,1,27.2,7,27.35,5,1,2022-04-29 09:00:27
1651222827551737000,27.35,5,27.2,8,27.4,65,1,2022-04-29 09:00:27
1651222827551737000,27.4,5,27.2,8,27.4,65,1,2022-04-29 09:00:27
1651222827571044000,27.2,1,27.2,7,27.4,67,2,2022-04-29 09:00:27
1651222827646329000,27.4,1,27.2,12,27.4,66,1,2022-04-29 09:00:27
1651222827683298000,27.4,1,27.2,12,27.4,70,1,2022-04-29 09:00:27
1651222827711917000,27.2,12,27.1,38,27.25,5,2,2022-04-29 09:00:27
1651222827711917000,27.15,2,27.1,38,27.25,5,2,2022-04-29 09:00:27
1651222827711917000,27.1,36,27.1,38,27.25,5,2,2022-04-29 09:00:27
1651222827724161000,27.25,5,27.1,38,27.4,70,1,2022-04-29 09:00:27
1651222827740664000,27.4,1,27.1,38,27.4,69,1,2022-04-29 09:00:27
1651222827860870000,27.15,4,27.15,3,27.35,4,2,2022-04-29 09:00:27
1651222827874176000,27.15,1,27.15,2,27.35,4,2,2022-04-29 09:00:27
1651222828068047000,27.25,1,27.15,2,27.25,4,1,2022-04-29 09:00:28
1651222828158728000,27.15,2,27.1,30,27.25,4,2,2022-04-29 09:00:28
1651222828158728000,27.1,8,27.1,30,27.25,4,2,2022-04-29 09:00:28
1651222828268864000,27.2,2,27.1,30,27.2,1,1,2022-04-29 09:00:28
1651222828306195000,27.2,1,27.1,30,27.25,4,1,2022-04-29 09:00:28
1651222828409113000,27.25,4,27.1,30,27.35,16,1,2022-04-29 09:00:28
1651222828409113000,27.3,1,27.1,30,27.35,16,1,2022-04-29 09:00:28
1651222828470165000,27.35,1,27.15,1,27.35,15,1,2022-04-29 09:00:28
1651222828575449000,27.35,1,27.15,1,27.35,14,1,2022-04-29 09:00:28
1651222828598661000,27.15,1,27.1,11,27.35,14,2,2022-04-29 09:00:28
1651222828598661000,27.1,19,27.1,11,27.35,14,2,2022-04-29 09:00:28
1651222828751934000,27.1,11,27.05,34,27.3,11,2,2022-04-29 09:00:28
1651222828751934000,27.05,9,27.05,34,27.3,11,2,2022-04-29 09:00:28
1651222828873943000,27.3,10,27.05,34,27.3,13,1,2022-04-29 09:00:28
1651222828928066000,27.05,10,27.05,24,27.3,1,2,2022-04-29 09:00:28
1651222829044405000,27.2,1,27.05,24,27.25,23,2,2022-04-29 09:00:29
1651222829153064000,27.1,10,27.05,24,27.25,33,1,2022-04-29 09:00:29
1651222829276134000,27.2,1,27.05,24,27.2,11,1,2022-04-29 09:00:29
1651222829342249000,27.2,2,27.1,1,27.2,9,1,2022-04-29 09:00:29
1651222829429926000,27.2,1,27.1,3,27.2,8,1,2022-04-29 09:00:29
1651222829439950000,27.1,3,27.05,11,27.2,8,2,2022-04-29 09:00:29
1651222829439950000,27.05,13,27.05,11,27.2,8,2,2022-04-29 09:00:29
1651222829779337000,27.2,3,27.1,1,27.2,5,1,2022-04-29 09:00:29
1651222829850805000,27.2,5,27.1,4,27.25,31,1,2022-04-29 09:00:29
1651222829850805000,27.25,5,27.1,4,27.25,31,1,2022-04-29 09:00:29
1651222829892801000,27.1,2,27.1,7,27.25,31,2,2022-04-29 09:00:29
1651222830057410000,27.1,4,27.1,3,27.25,41,2,2022-04-29 09:00:30
1651222830112295000,27.25,1,27.1,3,27.25,39,1,2022-04-29 09:00:30
1651222830287352000,27.15,10,27.1,6,27.25,39,1,2022-04-29 09:00:30
1651222830293848000,27.1,5,27.1,1,27.25,39,2,2022-04-29 09:00:30
1651222830337354000,27.25,1,27.1,1,27.25,38,1,2022-04-29 09:00:30
1651222830448696000,27.1,1,27.0,877,27.15,10,2,2022-04-29 09:00:30
1651222830448696000,27.05,11,27.0,877,27.15,10,2,2022-04-29 09:00:30
1651222830448696000,27.0,88,27.0,877,27.15,10,2,2022-04-29 09:00:30
1651222830451712000,27.15,1,27.0,877,27.15,9,1,2022-04-29 09:00:30
1651222830486891000,27.15,1,27.0,876,27.15,20,1,2022-04-29 09:00:30
1651222830487503000,27.15,1,27.0,876,27.15,19,1,2022-04-29 09:00:30
1651222830633765000,27.0,8,27.0,868,27.15,19,2,2022-04-29 09:00:30
1651222830724174000,27.0,10,27.0,858,27.15,19,2,2022-04-29 09:00:30
1651222830809888000,27.15,5,27.0,858,27.15,14,1,2022-04-29 09:00:30
1651222830951094000,27.15,1,27.0,858,27.15,13,1,2022-04-29 09:00:30
1651222830994840000,27.15,1,27.0,858,27.15,12,1,2022-04-29 09:00:30
1651222831354086000,27.0,7,27.0,851,27.15,12,2,2022-04-29 09:00:31
1651222831421171000,27.15,1,27.0,443,27.15,11,1,2022-04-29 09:00:31
1651222832187464000,27.05,5,27.0,441,27.1,1,2,2022-04-29 09:00:32
1651222832187464000,27.0,2,27.0,441,27.1,1,2,2022-04-29 09:00:32
1651222832256575000,27.0,1,27.0,440,27.1,1,2,2022-04-29 09:00:32
1651222832287987000,27.05,1,27.0,440,27.1,1,1,2022-04-29 09:00:32
1651222832317686000,27.1,1,27.0,440,27.15,2,1,2022-04-29 09:00:32
1651222832317686000,27.15,9,27.0,440,27.15,2,1,2022-04-29 09:00:32
1651222832461547000,27.05,1,27.05,8,27.15,2,2,2022-04-29 09:00:32
1651222832859956000,27.05,5,27.05,3,27.1,1,2,2022-04-29 09:00:32
1651222832920955000,27.1,1,27.05,3,27.2,23,1,2022-04-29 09:00:32
1651222832920955000,27.15,11,27.05,3,27.2,23,1,2022-04-29 09:00:32
1651222832920955000,27.2,8,27.05,3,27.2,23,1,2022-04-29 09:00:32
1651222833359043000,27.1,1,27.05,16,27.1,1,1,2022-04-29 09:00:33
1651222833411286000,27.05,6,27.05,10,27.1,1,2,2022-04-29 09:00:33
1651222833475780000,27.05,10,27.0,440,27.1,1,2,2022-04-29 09:00:33
1651222833509816000,27.1,1,27.0,440,27.15,4,1,2022-04-29 09:00:33
1651222833514457000,27.0,6,27.0,434,27.15,16,2,2022-04-29 09:00:33
1651222833600815000,27.0,2,27.0,432,27.15,16,2,2022-04-29 09:00:33
1651222833753467000,27.05,2,27.0,432,27.05,3,1,2022-04-29 09:00:33
1651222833773193000,27.0,30,27.0,402,27.05,3,2,2022-04-29 09:00:33
1651222833784576000,27.05,1,27.0,402,27.05,2,1,2022-04-29 09:00:33
1651222833873900000,27.05,1,27.0,402,27.05,1,1,2022-04-29 09:00:33
1651222834564892000,27.05,1,27.0,401,27.1,7,1,2022-04-29 09:00:34
1651222834564892000,27.1,3,27.0,401,27.1,7,1,2022-04-29 09:00:34
1651222834651719000,27.05,1,27.0,401,27.1,7,1,2022-04-29 09:00:34
1651222834672348000,27.0,10,27.0,391,27.1,7,2,2022-04-29 09:00:34
1651222834746569000,27.05,1,27.0,391,27.1,4,1,2022-04-29 09:00:34
1651222834746569000,27.1,3,27.0,391,27.1,4,1,2022-04-29 09:00:34
1651222834817504000,27.05,1,27.0,391,27.1,4,2,2022-04-29 09:00:34
1651222834837734000,27.0,5,27.0,386,27.1,4,2,2022-04-29 09:00:34
1651222834974376000,27.1,3,27.0,386,27.1,1,1,2022-04-29 09:00:34
1651222835220958000,27.1,1,27.0,386,27.15,20,1,2022-04-29 09:00:35
1651222835293881000,27.0,1,27.0,385,27.15,20,2,2022-04-29 09:00:35
1651222835305423000,27.0,1,27.0,384,27.05,3,2,2022-04-29 09:00:35
1651222835434578000,27.05,1,27.0,384,27.05,12,1,2022-04-29 09:00:35
1651222835471014000,27.05,1,27.0,384,27.05,11,1,2022-04-29 09:00:35
1651222835518031000,27.0,2,27.0,382,27.05,11,2,2022-04-29 09:00:35
1651222835767985000,27.0,1,27.0,371,27.05,34,2,2022-04-29 09:00:35
1651222835841667000,27.05,1,27.0,371,27.05,33,1,2022-04-29 09:00:35
1651222835994947000,27.0,3,27.0,369,27.05,33,2,2022-04-29 09:00:35
1651222836028489000,27.05,1,27.0,369,27.05,32,1,2022-04-29 09:00:36
1651222836465589000,27.05,2,27.0,369,27.05,30,1,2022-04-29 09:00:36
1651222836619575000,27.0,10,27.0,359,27.05,30,2,2022-04-29 09:00:36
1651222836807699000,27.0,10,27.0,350,27.05,31,2,2022-04-29 09:00:36
1651222837042118000,27.0,1,27.0,351,27.05,31,2,2022-04-29 09:00:37
1651222837222854000,27.0,4,27.0,347,27.05,31,2,2022-04-29 09:00:37
1651222837329063000,27.05,1,27.0,347,27.05,30,1,2022-04-29 09:00:37
1651222837371178000,27.05,2,27.0,347,27.05,28,1,2022-04-29 09:00:37
1651222837533293000,27.0,1,27.0,346,27.05,29,2,2022-04-29 09:00:37
1651222837738030000,27.05,1,27.0,346,27.05,29,1,2022-04-29 09:00:37
1651222837825763000,27.0,5,27.0,341,27.05,29,2,2022-04-29 09:00:37
1651222837895260000,27.05,1,27.0,341,27.05,28,1,2022-04-29 09:00:37
1651222838055639000,27.0,1,27.0,340,27.05,31,2,2022-04-29 09:00:38
1651222838127489000,27.0,11,27.0,329,27.05,34,2,2022-04-29 09:00:38
1651222838160000000,27.0,15,27.0,314,27.05,36,2,2022-04-29 09:00:38
1651222838194805000,27.0,10,27.0,304,27.05,36,2,2022-04-29 09:00:38
1651222838312569000,27.0,5,27.0,301,27.05,46,2,2022-04-29 09:00:38
1651222838330362000,27.05,2,27.0,301,27.05,44,1,2022-04-29 09:00:38
1651222838551926000,27.0,5,27.0,296,27.05,44,2,2022-04-29 09:00:38
1651222838618626000,27.0,10,27.0,286,27.05,44,2,2022-04-29 09:00:38
1651222838733368000,27.0,5,27.0,281,27.05,48,2,2022-04-29 09:00:38
1651222838784206000,27.05,1,27.0,281,27.05,47,1,2022-04-29 09:00:38
1651222838813042000,27.0,10,27.0,271,27.05,48,2,2022-04-29 09:00:38
1651222838826304000,27.05,5,27.0,271,27.05,43,1,2022-04-29 09:00:38
1651222838920831000,27.0,20,27.0,251,27.05,43,2,2022-04-29 09:00:38
1651222838924706000,27.05,5,27.0,251,27.05,38,1,2022-04-29 09:00:38
1651222838974059000,27.05,10,27.0,252,27.05,28,1,2022-04-29 09:00:38
1651222839180561000,27.05,2,27.0,254,27.05,27,1,2022-04-29 09:00:39
1651222839267198000,27.0,1,27.0,253,27.05,32,2,2022-04-29 09:00:39
1651222839398072000,27.0,2,27.0,251,27.05,32,2,2022-04-29 09:00:39
1651222839545631000,27.0,1,27.0,250,27.05,37,2,2022-04-29 09:00:39
1651222839581009000,27.0,2,27.0,248,27.05,37,2,2022-04-29 09:00:39
1651222839771285000,27.0,1,27.0,248,27.05,38,2,2022-04-29 09:00:39
1651222839857958000,27.05,5,27.0,248,27.05,33,1,2022-04-29 09:00:39
1651222840018892000,27.0,10,27.0,238,27.05,40,2,2022-04-29 09:00:40
1651222840033571000,27.0,2,27.0,236,27.05,40,2,2022-04-29 09:00:40
1651222840111964000,27.0,1,27.0,235,27.05,40,2,2022-04-29 09:00:40
1651222840188991000,27.0,1,27.0,234,27.05,40,2,2022-04-29 09:00:40
1651222840220691000,27.0,2,27.0,232,27.05,40,2,2022-04-29 09:00:40
1651222840420625000,27.0,2,27.0,235,27.05,40,2,2022-04-29 09:00:40
1651222840431710000,27.0,1,27.0,234,27.05,40,2,2022-04-29 09:00:40
1651222840441215000,27.0,10,27.0,224,27.05,40,2,2022-04-29 09:00:40
1651222840455809000,27.05,1,27.0,224,27.05,39,1,2022-04-29 09:00:40
1651222840494343000,27.05,5,27.0,224,27.05,34,1,2022-04-29 09:00:40
1651222840654144000,27.0,1,27.0,223,27.05,43,2,2022-04-29 09:00:40
1651222840692275000,27.0,1,27.0,222,27.05,43,2,2022-04-29 09:00:40
1651222840856292000,27.05,10,27.0,222,27.05,33,1,2022-04-29 09:00:40
1651222841102628000,27.0,5,27.0,218,27.05,33,2,2022-04-29 09:00:41
1651222841166943000,27.05,1,27.0,224,27.05,32,1,2022-04-29 09:00:41
1651222841336926000,27.0,20,27.0,204,27.05,32,2,2022-04-29 09:00:41
1651222841345397000,27.0,2,27.0,202,27.05,32,2,2022-04-29 09:00:41
1651222841351234000,27.0,1,27.0,201,27.05,32,2,2022-04-29 09:00:41
1651222841415059000,27.0,4,27.0,197,27.05,32,2,2022-04-29 09:00:41
1651222841451038000,27.05,4,27.0,197,27.05,28,1,2022-04-29 09:00:41
1651222841480797000,27.05,1,27.0,197,27.05,27,1,2022-04-29 09:00:41
1651222841551272000,27.0,1,27.0,196,27.05,27,2,2022-04-29 09:00:41
1651222841693985000,27.05,1,27.0,198,27.05,31,1,2022-04-29 09:00:41
1651222841734899000,27.05,1,27.0,198,27.05,30,1,2022-04-29 09:00:41
1651222841785175000,27.0,1,27.0,197,27.05,30,2,2022-04-29 09:00:41
1651222841786542000,27.0,10,27.0,187,27.05,30,2,2022-04-29 09:00:41
1651222841888227000,27.05,3,27.0,188,27.05,27,1,2022-04-29 09:00:41
1651222841945513000,27.0,5,27.0,183,27.05,27,2,2022-04-29 09:00:41
1651222842008837000,27.0,5,27.0,178,27.05,27,2,2022-04-29 09:00:42
1651222842162478000,27.05,2,27.0,178,27.05,26,1,2022-04-29 09:00:42
1651222842169390000,27.0,5,27.0,178,27.05,26,2,2022-04-29 09:00:42
1651222842212390000,27.05,10,27.0,178,27.05,20,1,2022-04-29 09:00:42
1651222842228365000,27.0,1,27.0,177,27.05,20,2,2022-04-29 09:00:42
1651222842305855000,27.0,2,27.0,176,27.05,20,2,2022-04-29 09:00:42
1651222842721061000,27.0,30,27.0,148,27.05,28,2,2022-04-29 09:00:42
1651222842792375000,27.05,1,27.0,148,27.05,31,1,2022-04-29 09:00:42
1651222842817170000,27.0,3,27.0,145,27.05,31,2,2022-04-29 09:00:42
1651222842942641000,27.0,10,27.0,135,27.05,32,2,2022-04-29 09:00:42
1651222842952896000,27.0,1,27.0,134,27.05,32,2,2022-04-29 09:00:42
1651222842982197000,27.0,53,27.0,81,27.05,32,2,2022-04-29 09:00:42
1651222842988364000,27.0,81,26.95,9,27.0,19,2,2022-04-29 09:00:42
1651222843035395000,26.95,3,26.95,6,27.0,21,2,2022-04-29 09:00:43
1651222843283394000,27.0,1,26.95,6,27.0,21,1,2022-04-29 09:00:43
1651222843380993000,26.95,2,26.95,4,27.0,24,2,2022-04-29 09:00:43
1651222843492771000,27.0,1,26.95,4,27.0,25,1,2022-04-29 09:00:43
1651222843648768000,27.0,1,26.95,4,27.0,37,1,2022-04-29 09:00:43
1651222843763313000,27.0,1,26.95,4,27.0,37,1,2022-04-29 09:00:43
1651222843882714000,27.0,3,26.95,4,27.0,34,1,2022-04-29 09:00:43
1651222843973582000,27.0,1,26.95,4,27.0,43,1,2022-04-29 09:00:43
1651222844073033000,27.0,1,26.95,5,27.0,48,1,2022-04-29 09:00:44
1651222844082309000,27.0,2,26.95,5,27.0,46,1,2022-04-29 09:00:44
1651222844101815000,26.95,1,26.95,4,27.0,46,2,2022-04-29 09:00:44
1651222844105296000,26.95,3,26.95,1,27.0,46,2,2022-04-29 09:00:44
1651222844116572000,27.0,1,26.95,1,27.0,45,1,2022-04-29 09:00:44
1651222844237306000,27.0,1,26.95,1,27.0,44,1,2022-04-29 09:00:44
1651222844331638000,27.0,1,26.95,1,27.0,49,1,2022-04-29 09:00:44
1651222844369649000,26.95,1,26.9,13,27.0,49,2,2022-04-29 09:00:44
1651222844369649000,26.9,9,26.9,13,27.0,49,2,2022-04-29 09:00:44
1651222844538148000,26.95,5,26.9,3,27.0,49,1,2022-04-29 09:00:44
1651222844668565000,26.95,1,26.95,9,27.0,62,2,2022-04-29 09:00:44
1651222844758461000,27.0,5,26.95,9,27.0,57,1,2022-04-29 09:00:44
1651222844862756000,27.0,5,26.95,9,27.0,52,1,2022-04-29 09:00:44
1651222844902304000,27.0,1,26.95,9,27.0,51,1,2022-04-29 09:00:44
1651222844941640000,27.0,1,26.95,9,27.0,50,1,2022-04-29 09:00:44
1651222845164425000,26.95,4,26.95,5,27.0,53,2,2022-04-29 09:00:45
1651222845299349000,27.0,1,26.95,5,27.0,54,1,2022-04-29 09:00:45
1651222845360689000,26.95,1,26.95,4,27.0,54,2,2022-04-29 09:00:45
1651222845407905000,27.0,9,26.95,4,27.0,47,1,2022-04-29 09:00:45
1651222845420244000,26.95,1,26.95,3,27.0,47,2,2022-04-29 09:00:45
1651222845444592000,26.95,3,26.85,6,27.0,47,2,2022-04-29 09:00:45
1651222845444592000,26.9,3,26.85,6,27.0,47,2,2022-04-29 09:00:45
1651222845444592000,26.85,4,26.85,6,27.0,47,2,2022-04-29 09:00:45
1651222845622621000,26.95,1,26.85,5,26.95,4,1,2022-04-29 09:00:45
1651222845644577000,26.95,4,26.85,5,27.0,51,1,2022-04-29 09:00:45
1651222845644577000,27.0,1,26.85,5,27.0,51,1,2022-04-29 09:00:45
1651222845645406000,27.0,5,26.85,5,27.0,46,1,2022-04-29 09:00:45
1651222845777163000,26.95,1,26.85,5,27.0,42,1,2022-04-29 09:00:45
1651222845855641000,26.9,15,26.85,5,27.0,42,1,2022-04-29 09:00:45
1651222846074059000,26.85,5,26.8,77,26.85,5,2,2022-04-29 09:00:46
1651222846108783000,26.85,5,26.8,77,26.95,4,1,2022-04-29 09:00:46
1651222846184329000,26.95,1,26.8,77,26.95,3,1,2022-04-29 09:00:46
1651222846287211000,26.95,1,26.8,77,26.95,2,1,2022-04-29 09:00:46
1651222846397407000,26.95,2,26.8,77,27.0,46,1,2022-04-29 09:00:46
1651222846483019000,27.0,1,26.8,77,27.0,45,1,2022-04-29 09:00:46
1651222846669201000,26.85,2,26.8,77,26.85,1,2,2022-04-29 09:00:46
1651222846683105000,26.85,1,26.85,1,27.0,45,1,2022-04-29 09:00:46
1651222846744673000,26.85,1,26.8,75,27.0,45,2,2022-04-29 09:00:46
1651222846744673000,26.8,2,26.8,75,27.0,45,2,2022-04-29 09:00:46
1651222846753663000,27.0,5,26.8,75,27.0,40,1,2022-04-29 09:00:46
1651222847079219000,26.95,3,26.85,3,26.95,12,1,2022-04-29 09:00:47
1651222847231896000,26.85,10,26.85,5,26.95,12,2,2022-04-29 09:00:47
1651222847371270000,26.95,10,26.85,7,26.95,2,1,2022-04-29 09:00:47
1651222847514756000,26.85,2,26.85,5,26.95,8,2,2022-04-29 09:00:47
1651222847695758000,26.95,1,26.85,5,26.95,7,1,2022-04-29 09:00:47
1651222847851458000,26.95,7,26.85,5,27.0,65,1,2022-04-29 09:00:47
1651222847851458000,27.0,3,26.85,5,27.0,65,1,2022-04-29 09:00:47
1651222847856588000,26.85,1,26.85,4,27.0,65,2,2022-04-29 09:00:47
1651222848033317000,26.9,5,26.85,4,27.0,82,1,2022-04-29 09:00:48
1651222848143783000,26.95,1,26.85,4,27.0,82,1,2022-04-29 09:00:48
1651222848155459000,27.0,5,26.85,4,27.0,77,1,2022-04-29 09:00:48
1651222848311507000,26.85,1,26.85,3,27.0,77,2,2022-04-29 09:00:48
1651222848499790000,27.0,36,26.85,3,27.0,41,1,2022-04-29 09:00:48
1651222848681127000,27.0,1,26.85,3,27.0,40,1,2022-04-29 09:00:48
1651222848859276000,26.9,1,26.9,1,26.95,5,2,2022-04-29 09:00:48
1651222848901201000,26.95,6,26.9,1,27.0,40,1,2022-04-29 09:00:48
1651222849090043000,27.0,3,26.9,1,27.0,42,1,2022-04-29 09:00:49
1651222849106377000,27.0,5,26.9,1,27.0,37,1,2022-04-29 09:00:49
1651222849335714000,27.0,5,26.9,1,27.0,37,1,2022-04-29 09:00:49
1651222849589407000,26.95,1,26.9,1,27.0,37,1,2022-04-29 09:00:49
1651222849757661000,26.9,1,26.85,22,27.0,37,2,2022-04-29 09:00:49
1651222849766880000,26.9,2,26.85,22,27.0,37,2,2022-04-29 09:00:49
1651222849773652000,27.0,5,26.85,22,27.0,32,1,2022-04-29 09:00:49
1651222849894471000,26.9,1,26.85,28,27.0,35,1,2022-04-29 09:00:49
1651222849936253000,27.0,3,26.85,28,27.0,32,1,2022-04-29 09:00:49
1651222850559756000,27.0,15,26.9,6,27.0,22,1,2022-04-29 09:00:50
1651222850597588000,27.0,22,26.9,6,27.05,52,1,2022-04-29 09:00:50
1651222850643957000,27.0,1,26.9,6,27.05,52,1,2022-04-29 09:00:50
1651222850710391000,26.95,1,26.9,6,27.05,52,1,2022-04-29 09:00:50
1651222850767594000,26.95,3,26.9,6,27.0,3,1,2022-04-29 09:00:50
1651222850850299000,27.0,2,26.9,6,27.0,1,1,2022-04-29 09:00:50
1651222851163429000,26.95,5,26.9,6,27.0,1,1,2022-04-29 09:00:51
1651222851189129000,27.0,1,26.9,6,27.0,2,1,2022-04-29 09:00:51
1651222851494610000,26.95,1,26.9,15,26.95,3,1,2022-04-29 09:00:51
1651222851534564000,26.95,3,26.9,15,27.0,9,1,2022-04-29 09:00:51
1651222851735642000,26.95,1,26.9,15,27.0,9,1,2022-04-29 09:00:51
1651222852021030000,26.9,14,26.9,21,27.0,14,2,2022-04-29 09:00:52
1651222852513304000,26.9,1,26.9,20,27.0,26,2,2022-04-29 09:00:52
1651222852577359000,26.9,20,26.8,82,27.0,26,2,2022-04-29 09:00:52
1651222852577359000,26.85,35,26.8,82,27.0,26,2,2022-04-29 09:00:52
1651222852577359000,26.8,5,26.8,82,27.0,26,2,2022-04-29 09:00:52
1651222852641933000,26.8,60,26.8,22,26.95,12,2,2022-04-29 09:00:52
1651222852670098000,26.95,12,26.8,22,27.0,23,1,2022-04-29 09:00:52
1651222852670098000,27.0,3,26.8,22,27.0,23,1,2022-04-29 09:00:52
1651222852696545000,26.9,1,26.8,22,27.0,23,2,2022-04-29 09:00:52
1651222852885010000,27.0,1,26.85,12,27.0,23,1,2022-04-29 09:00:52
1651222853301044000,26.9,1,26.9,9,26.95,53,2,2022-04-29 09:00:53
1651222853356321000,26.9,5,26.9,4,26.95,53,2,2022-04-29 09:00:53
1651222853380990000,26.9,4,26.85,12,26.95,53,2,2022-04-29 09:00:53
1651222853448100000,26.9,1,26.85,12,26.95,56,2,2022-04-29 09:00:53
1651222853666673000,26.95,5,26.85,12,26.95,51,1,2022-04-29 09:00:53
1651222853817332000,26.95,1,26.85,13,26.95,53,1,2022-04-29 09:00:53
1651222853851842000,26.95,1,26.85,13,26.95,52,1,2022-04-29 09:00:53
1651222854146332000,26.95,5,26.85,15,26.95,50,1,2022-04-29 09:00:54
1651222854280428000,26.9,3,26.85,16,26.9,8,1,2022-04-29 09:00:54
1651222854370531000,26.85,1,26.85,15,26.9,8,2,2022-04-29 09:00:54
1651222854939810000,26.9,5,26.85,15,26.9,8,1,2022-04-29 09:00:54
1651222855210654000,26.85,1,26.85,14,26.9,17,2,2022-04-29 09:00:55
1651222855216618000,26.9,1,26.85,14,26.9,16,1,2022-04-29 09:00:55
1651222855689113000,26.9,2,26.85,14,26.9,20,1,2022-04-29 09:00:55
1651222855722942000,26.9,8,26.85,14,26.9,12,1,2022-04-29 09:00:55
1651222855878489000,26.85,14,26.8,23,26.9,15,2,2022-04-29 09:00:55
1651222855878489000,26.8,6,26.8,23,26.9,15,2,2022-04-29 09:00:55
1651222856286134000,26.9,3,26.8,23,26.9,12,1,2022-04-29 09:00:56
1651222856325820000,26.9,1,26.8,23,26.9,11,1,2022-04-29 09:00:56
1651222856583626000,26.85,3,26.8,23,26.9,11,1,2022-04-29 09:00:56
1651222856755228000,26.8,1,26.8,22,26.85,3,2,2022-04-29 09:00:56
1651222856839922000,26.85,1,26.8,22,26.85,2,1,2022-04-29 09:00:56
1651222856866231000,26.85,2,26.8,22,26.9,11,1,2022-04-29 09:00:56
1651222857721678000,26.85,5,26.8,22,26.85,3,1,2022-04-29 09:00:57
1651222857811573000,26.85,3,26.85,27,26.9,17,1,2022-04-29 09:00:57
1651222857950833000,26.9,1,26.85,27,26.9,16,1,2022-04-29 09:00:57
1651222858933778000,26.9,1,26.85,29,26.9,23,1,2022-04-29 09:00:58
1651222858951647000,26.85,1,26.85,28,26.9,23,2,2022-04-29 09:00:58
1651222859040164000,26.85,2,26.85,26,26.9,23,2,2022-04-29 09:00:59
1651222859213585000,26.9,1,26.85,26,26.9,20,1,2022-04-29 09:00:59
1651222859238044000,26.85,5,26.85,21,26.9,20,2,2022-04-29 09:00:59
1651222859288744000,26.85,6,26.85,15,26.9,20,2,2022-04-29 09:00:59
1651222859439098000,26.85,3,26.85,12,26.9,30,2,2022-04-29 09:00:59
1651222859442773000,26.9,5,26.85,12,26.9,25,1,2022-04-29 09:00:59
1651222859515366000,26.85,10,26.85,2,26.9,25,2,2022-04-29 09:00:59
1651222859517975000,26.85,1,26.85,1,26.9,25,2,2022-04-29 09:00:59
1651222859761997000,26.85,2,26.8,23,26.85,18,2,2022-04-29 09:00:59
1651222859795525000,26.85,9,26.8,23,26.85,9,1,2022-04-29 09:00:59
1651222860176208000,26.85,2,26.8,23,26.85,8,1,2022-04-29 09:01:00
1651222860363935000,26.8,3,26.8,21,26.85,8,2,2022-04-29 09:01:00
1651222860468404000,26.85,1,26.8,21,26.85,7,1,2022-04-29 09:01:00
1651222860640171000,26.85,1,26.8,22,26.85,9,1,2022-04-29 09:01:00
1651222860656092000,26.8,11,26.8,11,26.85,9,2,2022-04-29 09:01:00
1651222861037138000,26.8,3,26.8,8,26.85,9,2,2022-04-29 09:01:01
1651222861042938000,26.85,1,26.8,8,26.85,8,1,2022-04-29 09:01:01
1651222861082242000,26.85,1,26.8,8,26.85,7,1,2022-04-29 09:01:01
1651222861282945000,26.85,10,26.8,8,26.9,28,1,2022-04-29 09:01:01
1651222861865775000,26.85,1,26.8,8,26.85,1,1,2022-04-29 09:01:01
1651222862339138000,26.85,1,26.8,10,26.9,29,1,2022-04-29 09:01:02
1651222862605343000,26.8,2,26.8,8,26.9,29,2,2022-04-29 09:01:02
1651222862862295000,26.85,2,26.8,7,26.9,29,2,2022-04-29 09:01:02
1651222862862295000,26.8,1,26.8,7,26.9,29,2,2022-04-29 09:01:02
1651222862911827000,26.8,4,26.8,3,26.9,29,2,2022-04-29 09:01:02
1651222863147624000,26.85,2,26.8,4,26.85,8,2,2022-04-29 09:01:03
1651222863263014000,26.85,6,26.8,4,26.85,2,1,2022-04-29 09:01:03
1651222863296466000,26.85,2,26.8,9,26.9,29,1,2022-04-29 09:01:03
1651222863499991000,26.85,1,26.8,9,26.85,5,2,2022-04-29 09:01:03
1651222863881543000,26.85,1,26.8,12,26.85,4,1,2022-04-29 09:01:03
1651222864061106000,26.8,2,26.8,13,26.85,4,2,2022-04-29 09:01:04
1651222864137021000,26.8,2,26.8,11,26.85,4,2,2022-04-29 09:01:04
1651222864499189000,26.85,1,26.8,13,26.85,3,1,2022-04-29 09:01:04
1651222864528340000,26.85,3,26.8,13,26.9,27,1,2022-04-29 09:01:04
1651222864528340000,26.9,2,26.8,13,26.9,27,1,2022-04-29 09:01:04
1651222864528619000,26.9,1,26.8,13,26.9,26,1,2022-04-29 09:01:04
1651222864896882000,26.85,1,26.8,18,26.9,26,2,2022-04-29 09:01:04
1651222865390377000,26.9,5,26.85,4,26.9,21,1,2022-04-29 09:01:05
1651222865432183000,26.85,4,26.8,22,26.85,6,2,2022-04-29 09:01:05
1651222865476322000,26.85,6,26.8,22,26.85,2,1,2022-04-29 09:01:05
1651222865476395000,26.85,2,26.8,22,26.9,21,1,2022-04-29 09:01:05
1651222865497375000,26.8,5,26.8,21,26.9,21,2,2022-04-29 09:01:05
1651222865638125000,26.85,1,26.8,22,26.9,12,1,2022-04-29 09:01:05
1651222865638125000,26.9,9,26.8,22,26.9,12,1,2022-04-29 09:01:05
1651222865756788000,26.85,10,26.8,23,26.9,12,1,2022-04-29 09:01:05
1651222866998901000,26.8,1,26.8,30,26.85,22,2,2022-04-29 09:01:06
1651222867098253000,26.85,1,26.8,30,26.85,21,1,2022-04-29 09:01:07
1651222867153850000,26.85,2,26.8,30,26.85,19,1,2022-04-29 09:01:07
1651222867200024000,26.85,5,26.8,34,26.85,14,1,2022-04-29 09:01:07
1651222867215548000,26.8,1,26.8,33,26.85,14,2,2022-04-29 09:01:07
1651222867231465000,26.8,5,26.8,28,26.85,14,2,2022-04-29 09:01:07
1651222867296720000,26.8,3,26.8,25,26.85,14,2,2022-04-29 09:01:07
1651222867413929000,26.85,5,26.8,27,26.85,9,1,2022-04-29 09:01:07
1651222867529270000,26.85,1,26.8,27,26.85,8,1,2022-04-29 09:01:07
1651222867589089000,26.85,2,26.8,27,26.85,6,1,2022-04-29 09:01:07
1651222867690080000,26.85,5,26.8,27,26.85,2,1,2022-04-29 09:01:07
1651222867712739000,26.85,1,26.8,27,26.85,1,1,2022-04-29 09:01:07
1651222867721089000,26.85,1,26.8,27,26.9,19,1,2022-04-29 09:01:07
1651222867729765000,26.8,1,26.8,26,26.9,19,2,2022-04-29 09:01:07
1651222867750762000,26.9,4,26.8,26,26.9,15,1,2022-04-29 09:01:07
1651222867981233000,26.85,1,26.85,5,26.9,15,2,2022-04-29 09:01:07
1651222868165877000,26.85,1,26.85,14,26.9,28,2,2022-04-29 09:01:08
1651222868334765000,26.85,2,26.85,15,26.9,28,2,2022-04-29 09:01:08
1651222868442209000,26.9,10,26.85,20,26.9,18,1,2022-04-29 09:01:08
1651222868476055000,26.9,5,26.85,20,26.9,13,1,2022-04-29 09:01:08
1651222868518535000,26.9,13,26.85,20,26.95,18,1,2022-04-29 09:01:08
1651222868770699000,26.9,1,26.9,1,26.95,18,2,2022-04-29 09:01:08
1651222869107366000,26.9,1,26.85,44,26.95,18,2,2022-04-29 09:01:09
1651222869316590000,26.95,2,26.9,4,26.95,16,1,2022-04-29 09:01:09
1651222869436875000,26.9,1,26.9,3,26.95,16,2,2022-04-29 09:01:09
1651222869643440000,26.95,16,26.9,45,27.0,48,1,2022-04-29 09:01:09
1651222869663677000,26.9,2,26.9,43,27.0,48,2,2022-04-29 09:01:09
1651222869703076000,26.9,1,26.9,42,27.0,48,2,2022-04-29 09:01:09
1651222870875613000,26.95,2,26.95,8,27.0,48,2,2022-04-29 09:01:10
1651222871101110000,27.0,1,26.95,8,27.0,47,1,2022-04-29 09:01:11
1651222871112957000,27.0,47,26.95,8,27.05,64,1,2022-04-29 09:01:11
1651222872018571000,27.05,5,26.95,33,27.05,59,1,2022-04-29 09:01:12
1651222872282461000,27.05,1,26.95,33,27.05,58,1,2022-04-29 09:01:12
1651222873006685000,27.0,1,26.95,127,27.05,57,2,2022-04-29 09:01:13
1651222873044602000,27.05,1,26.95,127,27.05,56,1,2022-04-29 09:01:13
1651222873832511000,27.05,6,27.0,6,27.05,49,1,2022-04-29 09:01:13
1651222873863129000,27.05,16,27.0,6,27.05,33,1,2022-04-29 09:01:13
1651222873874651000,27.05,2,27.0,6,27.05,31,1,2022-04-29 09:01:13
1651222873928304000,27.05,31,27.0,8,27.1,71,1,2022-04-29 09:01:13
1651222874625627000,27.05,1,27.0,119,27.1,71,2,2022-04-29 09:01:14
1651222874850490000,27.0,2,27.0,117,27.1,71,2,2022-04-29 09:01:14
1651222876069865000,27.1,10,27.05,130,27.1,61,1,2022-04-29 09:01:16
1651222876099633000,27.1,6,27.05,130,27.1,55,1,2022-04-29 09:01:16
1651222877317457000,27.1,55,27.1,49,27.15,13,1,2022-04-29 09:01:17
1651222878016273000,27.15,2,27.1,59,27.15,11,1,2022-04-29 09:01:18
1651222878828080000,27.1,1,27.1,68,27.15,11,2,2022-04-29 09:01:18
1651222879356119000,27.15,2,27.1,69,27.15,9,1,2022-04-29 09:01:19
1651222879395847000,27.15,9,27.15,30,27.2,68,1,2022-04-29 09:01:19
1651222879964667000,27.15,4,27.15,26,27.2,68,2,2022-04-29 09:01:19
1651222880281612000,27.15,1,27.15,26,27.2,78,2,2022-04-29 09:01:20
1651222880689424000,27.2,5,27.15,27,27.2,73,1,2022-04-29 09:01:20
1651222881019437000,27.15,5,27.15,23,27.2,73,2,2022-04-29 09:01:21
1651222881029266000,27.15,1,27.15,22,27.2,73,2,2022-04-29 09:01:21
1651222881250151000,27.2,5,27.15,23,27.2,72,1,2022-04-29 09:01:21
1651222881844610000,27.2,1,27.15,27,27.2,71,1,2022-04-29 09:01:21
1651222882027886000,27.2,1,27.15,28,27.2,70,1,2022-04-29 09:01:22
1651222882143913000,27.2,1,27.15,28,27.2,69,1,2022-04-29 09:01:22
1651222882264003000,27.2,1,27.15,28,27.2,68,1,2022-04-29 09:01:22
1651222882334410000,27.2,2,27.15,28,27.2,66,1,2022-04-29 09:01:22
1651222882480461000,27.15,4,27.15,25,27.2,66,2,2022-04-29 09:01:22
1651222882595388000,27.15,4,27.15,21,27.2,66,2,2022-04-29 09:01:22
1651222882605937000,27.2,1,27.15,21,27.2,65,1,2022-04-29 09:01:22
1651222882669187000,27.2,2,27.15,21,27.2,63,1,2022-04-29 09:01:22
1651222882905513000,27.15,4,27.15,17,27.2,63,2,2022-04-29 09:01:22
1651222882906508000,27.2,10,27.15,17,27.2,53,1,2022-04-29 09:01:22
1651222882918517000,27.15,4,27.15,13,27.2,53,2,2022-04-29 09:01:22
1651222882968676000,27.2,1,27.15,13,27.2,52,1,2022-04-29 09:01:22
1651222883021284000,27.2,1,27.15,13,27.2,51,1,2022-04-29 09:01:23
1651222883298994000,27.2,3,27.15,15,27.2,48,1,2022-04-29 09:01:23
1651222883588448000,27.2,1,27.15,16,27.2,47,1,2022-04-29 09:01:23
1651222883697818000,27.2,1,27.15,16,27.2,46,1,2022-04-29 09:01:23
1651222883775596000,27.2,10,27.15,17,27.2,36,1,2022-04-29 09:01:23
1651222883835240000,27.15,2,27.15,15,27.2,36,2,2022-04-29 09:01:23
1651222884229611000,27.15,25,27.1,49,27.15,25,2,2022-04-29 09:01:24
1651222884260842000,27.1,1,27.1,48,27.15,25,2,2022-04-29 09:01:24
1651222884262005000,27.1,1,27.1,47,27.15,25,2,2022-04-29 09:01:24
1651222884337841000,27.15,2,27.1,47,27.15,25,1,2022-04-29 09:01:24
1651222884531936000,27.15,20,27.1,47,27.15,5,1,2022-04-29 09:01:24
1651222884558307000,27.15,1,27.1,47,27.15,4,1,2022-04-29 09:01:24
1651222884578039000,27.15,1,27.1,57,27.15,3,1,2022-04-29 09:01:24
1651222884660190000,27.15,1,27.1,57,27.15,2,1,2022-04-29 09:01:24
1651222884835290000,27.15,1,27.1,57,27.15,1,1,2022-04-29 09:01:24
1651222884846168000,27.15,1,27.1,57,27.2,36,1,2022-04-29 09:01:24
1651222885010322000,27.2,4,27.1,57,27.2,32,1,2022-04-29 09:01:25
1651222885018079000,27.2,1,27.1,57,27.2,31,1,2022-04-29 09:01:25
1651222885055825000,27.2,3,27.1,57,27.2,28,1,2022-04-29 09:01:25
1651222885082543000,27.2,1,27.1,57,27.2,27,1,2022-04-29 09:01:25
1651222885175934000,27.1,2,27.1,55,27.15,25,2,2022-04-29 09:01:25
1651222885179378000,27.15,1,27.1,55,27.15,24,1,2022-04-29 09:01:25
1651222885271005000,27.15,1,27.1,55,27.15,23,1,2022-04-29 09:01:25
1651222885279011000,27.15,5,27.1,55,27.15,18,1,2022-04-29 09:01:25
1651222885304362000,27.15,2,27.1,55,27.15,16,1,2022-04-29 09:01:25
1651222885349158000,27.15,1,27.1,55,27.15,15,1,2022-04-29 09:01:25
1651222885359662000,27.1,1,27.1,54,27.15,15,2,2022-04-29 09:01:25
1651222885426311000,27.15,1,27.1,54,27.15,14,1,2022-04-29 09:01:25
1651222885455712000,27.15,1,27.1,54,27.15,13,1,2022-04-29 09:01:25
1651222885652701000,27.15,1,27.1,54,27.15,21,1,2022-04-29 09:01:25
1651222885655878000,27.1,10,27.1,44,27.15,21,2,2022-04-29 09:01:25
1651222885700741000,27.1,1,27.1,43,27.15,21,2,2022-04-29 09:01:25
1651222885714516000,27.1,1,27.1,42,27.15,21,2,2022-04-29 09:01:25
1651222885865665000,27.1,2,27.1,40,27.15,45,2,2022-04-29 09:01:25
1651222886073762000,27.15,2,27.1,40,27.15,44,1,2022-04-29 09:01:26
1651222886171585000,27.1,20,27.1,20,27.15,44,2,2022-04-29 09:01:26
1651222886202357000,27.1,20,27.05,21,27.15,49,2,2022-04-29 09:01:26
1651222886226046000,27.1,1,27.05,21,27.15,49,1,2022-04-29 09:01:26
1651222886228966000,27.15,2,27.05,21,27.15,47,1,2022-04-29 09:01:26
1651222886239610000,27.1,2,27.05,21,27.1,1,1,2022-04-29 09:01:26
1651222886516109000,27.1,1,27.1,4,27.15,53,1,2022-04-29 09:01:26
1651222886537918000,27.1,2,27.1,2,27.15,53,2,2022-04-29 09:01:26
1651222886540851000,27.1,1,27.1,1,27.15,53,2,2022-04-29 09:01:26
1651222886564210000,27.1,1,27.05,21,27.15,53,2,2022-04-29 09:01:26
1651222886655714000,27.05,3,27.05,18,27.1,24,2,2022-04-29 09:01:26
1651222886681352000,27.05,1,27.05,17,27.1,24,2,2022-04-29 09:01:26
1651222886699935000,27.05,1,27.05,16,27.1,24,2,2022-04-29 09:01:26
1651222886706190000,27.1,1,27.05,16,27.1,23,1,2022-04-29 09:01:26
1651222886761305000,27.1,2,27.05,18,27.1,21,1,2022-04-29 09:01:26
1651222886834781000,27.1,5,27.05,18,27.1,16,1,2022-04-29 09:01:26
1651222886843896000,27.1,2,27.05,18,27.1,16,1,2022-04-29 09:01:26
1651222886874381000,27.1,1,27.05,18,27.1,15,1,2022-04-29 09:01:26
1651222886875101000,27.05,1,27.05,17,27.1,15,2,2022-04-29 09:01:26
1651222887089402000,27.1,1,27.05,18,27.1,14,1,2022-04-29 09:01:27
1651222887094201000,27.05,18,27.0,65,27.1,14,2,2022-04-29 09:01:27
1651222887094201000,27.0,12,27.0,65,27.1,14,2,2022-04-29 09:01:27
1651222887259855000,27.0,5,27.0,60,27.05,2,2,2022-04-29 09:01:27
1651222887320935000,27.0,1,27.0,59,27.05,2,2,2022-04-29 09:01:27
1651222887407907000,27.05,2,27.0,60,27.1,47,1,2022-04-29 09:01:27
1651222887407907000,27.1,1,27.0,60,27.1,47,1,2022-04-29 09:01:27
1651222887489724000,27.05,1,27.0,60,27.05,19,1,2022-04-29 09:01:27
1651222887820751000,27.05,1,27.0,60,27.05,31,1,2022-04-29 09:01:27
1651222887875002000,27.05,12,27.0,60,27.05,19,1,2022-04-29 09:01:27
1651222887935776000,27.0,5,27.0,55,27.05,19,2,2022-04-29 09:01:27
1651222887940699000,27.05,1,27.0,55,27.05,18,1,2022-04-29 09:01:27
1651222887966549000,27.0,1,27.0,54,27.05,18,2,2022-04-29 09:01:27
1651222887972715000,27.0,1,27.0,53,27.05,18,2,2022-04-29 09:01:27
1651222887993449000,27.05,2,27.0,53,27.05,16,1,2022-04-29 09:01:27
1651222888042544000,27.05,3,27.0,53,27.05,13,1,2022-04-29 09:01:28
1651222888046037000,27.05,1,27.0,53,27.05,12,1,2022-04-29 09:01:28
1651222888165343000,27.0,5,27.0,48,27.05,12,2,2022-04-29 09:01:28
1651222888381108000,27.0,5,27.0,44,27.05,13,2,2022-04-29 09:01:28
1651222888596259000,27.0,5,27.0,39,27.05,14,2,2022-04-29 09:01:28
1651222888603020000,27.0,1,27.0,38,27.05,14,2,2022-04-29 09:01:28
1651222888620964000,27.05,1,27.0,38,27.05,13,1,2022-04-29 09:01:28
1651222888659024000,27.0,1,27.0,37,27.05,13,2,2022-04-29 09:01:28
1651222888805574000,27.0,5,27.0,32,27.05,15,2,2022-04-29 09:01:28
1651222888844303000,27.0,1,27.0,31,27.05,15,2,2022-04-29 09:01:28
1651222888910205000,27.05,2,27.0,31,27.05,13,1,2022-04-29 09:01:28
1651222888958748000,27.05,2,27.0,31,27.05,11,1,2022-04-29 09:01:28
1651222889022611000,27.05,1,27.0,31,27.05,16,1,2022-04-29 09:01:29
1651222889336645000,27.05,3,27.0,34,27.05,13,1,2022-04-29 09:01:29
1651222889353640000,27.0,5,27.0,29,27.05,13,2,2022-04-29 09:01:29
1651222889379167000,27.05,13,27.1,11,27.15,41,1,2022-04-29 09:01:29
1651222889379167000,27.1,31,27.1,11,27.15,41,1,2022-04-29 09:01:29
1651222889410211000,27.1,11,27.0,29,27.15,41,2,2022-04-29 09:01:29
1651222889461944000,27.0,2,27.0,27,27.15,41,2,2022-04-29 09:01:29
1651222889664896000,27.15,1,27.0,27,27.15,28,1,2022-04-29 09:01:29
1651222889689003000,27.0,1,27.0,26,27.15,28,2,2022-04-29 09:01:29
1651222890291040000,27.0,1,27.0,25,27.15,38,2,2022-04-29 09:01:30
1651222890555791000,27.1,6,27.0,27,27.15,36,1,2022-04-29 09:01:30
1651222890555791000,27.15,2,27.0,27,27.15,36,1,2022-04-29 09:01:30
1651222890866263000,27.15,1,27.0,30,27.15,35,1,2022-04-29 09:01:30
1651222891388647000,27.05,1,27.0,31,27.1,5,2,2022-04-29 09:01:31
1651222891388647000,27.0,1,27.0,31,27.1,5,2,2022-04-29 09:01:31
1651222891415044000,27.0,10,27.0,21,27.1,5,2,2022-04-29 09:01:31
1651222891614161000,27.05,1,27.0,21,27.1,5,1,2022-04-29 09:01:31
1651222891832779000,27.1,1,27.0,21,27.1,8,1,2022-04-29 09:01:31
1651222891897521000,27.1,1,27.0,21,27.1,7,1,2022-04-29 09:01:31
1651222892138553000,27.1,2,27.0,21,27.1,5,1,2022-04-29 09:01:32
1651222892573125000,27.1,2,27.0,25,27.1,3,1,2022-04-29 09:01:32
1651222892618792000,27.0,1,27.0,24,27.1,3,2,2022-04-29 09:01:32
1651222893001585000,27.05,1,27.0,25,27.05,3,1,2022-04-29 09:01:33
1651222893003889000,27.05,3,27.0,25,27.1,6,1,2022-04-29 09:01:33
1651222893003889000,27.1,12,27.0,25,27.1,6,1,2022-04-29 09:01:33
1651222893375493000,27.05,5,27.0,28,27.05,4,1,2022-04-29 09:01:33
1651222893571613000,27.05,1,27.0,33,27.05,7,1,2022-04-29 09:01:33
1651222893586929000,27.0,29,27.0,4,27.05,7,2,2022-04-29 09:01:33
1651222893595673000,27.05,1,27.0,4,27.05,6,1,2022-04-29 09:01:33
1651222893634674000,27.0,1,27.0,3,27.05,6,2,2022-04-29 09:01:33
1651222893647566000,27.0,1,27.0,2,27.05,6,2,2022-04-29 09:01:33
1651222893651806000,27.0,2,26.95,8,27.05,6,2,2022-04-29 09:01:33
1651222893839040000,27.05,2,27.0,12,27.05,8,1,2022-04-29 09:01:33
1651222893937527000,27.05,5,27.0,16,27.05,3,1,2022-04-29 09:01:33
1651222894216146000,27.05,1,27.0,17,27.05,10,1,2022-04-29 09:01:34
1651222894225264000,27.0,5,27.0,12,27.05,10,2,2022-04-29 09:01:34
1651222894238422000,27.05,10,27.05,40,27.1,26,1,2022-04-29 09:01:34
1651222894258255000,27.05,1,27.05,39,27.1,26,2,2022-04-29 09:01:34
1651222894265135000,27.05,18,27.05,21,27.1,26,2,2022-04-29 09:01:34
1651222894298223000,27.05,21,27.0,13,27.1,26,2,2022-04-29 09:01:34
1651222894493262000,27.0,2,27.0,11,27.05,1,2,2022-04-29 09:01:34
1651222894523147000,27.05,1,27.0,11,27.1,36,1,2022-04-29 09:01:34
1651222894523147000,27.1,1,27.0,11,27.1,36,1,2022-04-29 09:01:34
1651222894812785000,27.0,4,27.0,9,27.1,36,2,2022-04-29 09:01:34
1651222894824502000,27.0,4,27.0,5,27.1,36,2,2022-04-29 09:01:34
1651222895564442000,27.05,1,27.0,15,27.05,10,1,2022-04-29 09:01:35
1651222895645785000,27.0,1,27.0,14,27.05,10,2,2022-04-29 09:01:35
1651222896150536000,27.05,2,27.0,16,27.05,23,1,2022-04-29 09:01:36
1651222896297271000,27.05,1,27.0,17,27.05,27,1,2022-04-29 09:01:36
1651222896383289000,27.0,1,27.0,17,27.05,27,2,2022-04-29 09:01:36
1651222896414444000,27.05,10,27.0,17,27.05,17,1,2022-04-29 09:01:36
1651222896414637000,27.05,5,27.0,17,27.05,12,1,2022-04-29 09:01:36
1651222896469501000,27.0,1,27.0,16,27.05,12,2,2022-04-29 09:01:36
1651222896558118000,27.0,2,27.0,14,27.05,12,2,2022-04-29 09:01:36
1651222897038779000,27.0,10,27.0,17,27.05,15,2,2022-04-29 09:01:37
1651222897074586000,27.05,1,27.0,17,27.05,14,1,2022-04-29 09:01:37
1651222897608722000,27.05,1,27.0,17,27.05,18,1,2022-04-29 09:01:37
1651222897787742000,27.05,1,27.0,18,27.05,17,1,2022-04-29 09:01:37
1651222898057816000,27.05,1,27.0,20,27.05,16,1,2022-04-29 09:01:38
1651222898597048000,27.05,2,27.0,27,27.05,15,1,2022-04-29 09:01:38
1651222898759646000,27.05,5,27.0,28,27.05,10,1,2022-04-29 09:01:38
1651222899787339000,27.05,2,27.0,43,27.05,15,1,2022-04-29 09:01:39
1651222900103432000,27.05,1,27.0,49,27.05,14,1,2022-04-29 09:01:40
1651222900127387000,27.05,5,27.0,49,27.05,9,1,2022-04-29 09:01:40
1651222900315067000,27.05,2,27.0,49,27.05,7,1,2022-04-29 09:01:40
1651222900415738000,27.05,7,27.0,53,27.1,42,1,2022-04-29 09:01:40
1651222900486199000,27.05,1,27.05,1,27.1,42,1,2022-04-29 09:01:40
1651222900948969000,27.05,1,27.05,10,27.1,42,2,2022-04-29 09:01:40
1651222901413713000,27.1,1,27.05,14,27.1,41,1,2022-04-29 09:01:41
1651222901851259000,27.1,1,27.05,14,27.1,35,1,2022-04-29 09:01:41
1651222902301230000,27.1,1,27.05,21,27.1,35,1,2022-04-29 09:01:42
1651222902350632000,27.1,24,27.05,21,27.1,11,1,2022-04-29 09:01:42
1651222902393601000,27.1,11,27.05,21,27.15,68,1,2022-04-29 09:01:42
1651222902738991000,27.1,5,27.05,21,27.15,68,1,2022-04-29 09:01:42
1651222902833057000,27.1,4,27.1,8,27.15,68,1,2022-04-29 09:01:42
1651222903776159000,27.15,2,27.1,24,27.15,80,1,2022-04-29 09:01:43
1651222903787955000,27.1,1,27.1,23,27.15,80,2,2022-04-29 09:01:43
1651222903813754000,27.1,2,27.1,21,27.15,80,2,2022-04-29 09:01:43
1651222904241442000,27.1,1,27.1,20,27.15,80,2,2022-04-29 09:01:44
1651222904386064000,27.15,5,27.1,20,27.15,75,1,2022-04-29 09:01:44
1651222904659576000,27.15,2,27.1,25,27.15,73,1,2022-04-29 09:01:44
1651222904798112000,27.1,3,27.1,22,27.15,73,2,2022-04-29 09:01:44
1651222904919135000,27.15,1,27.1,22,27.15,72,1,2022-04-29 09:01:44
1651222905217095000,27.15,5,27.1,22,27.15,67,1,2022-04-29 09:01:45
1651222905227532000,27.15,1,27.1,22,27.15,66,1,2022-04-29 09:01:45
1651222905685884000,27.15,16,27.1,23,27.15,50,1,2022-04-29 09:01:45
1651222905697156000,27.15,1,27.1,23,27.15,49,1,2022-04-29 09:01:45
1651222905701010000,27.15,18,27.1,23,27.15,31,1,2022-04-29 09:01:45
1651222905707822000,27.1,23,27.05,34,27.1,27,2,2022-04-29 09:01:45
1651222905731884000,27.1,6,27.05,34,27.1,22,1,2022-04-29 09:01:45
1651222905783858000,27.05,3,27.05,31,27.1,22,2,2022-04-29 09:01:45
1651222905783930000,27.1,3,27.05,31,27.1,19,1,2022-04-29 09:01:45
1651222906268646000,27.1,19,27.1,1,27.15,31,1,2022-04-29 09:01:46
1651222906292988000,27.1,1,27.05,31,27.15,31,2,2022-04-29 09:01:46
1651222906676460000,27.1,6,27.05,31,27.1,4,1,2022-04-29 09:01:46
1651222907044473000,27.1,5,27.15,37,27.2,41,1,2022-04-29 09:01:47
1651222907044473000,27.15,31,27.15,37,27.2,41,1,2022-04-29 09:01:47
1651222907345750000,27.15,10,27.15,27,27.2,41,2,2022-04-29 09:01:47
1651222907355109000,27.15,1,27.15,26,27.2,41,2,2022-04-29 09:01:47
1651222907412213000,27.2,1,27.15,26,27.2,40,1,2022-04-29 09:01:47
1651222907945270000,27.15,26,27.1,5,27.15,24,2,2022-04-29 09:01:47
1651222908326337000,27.1,3,27.1,4,27.15,24,2,2022-04-29 09:01:48
1651222908385932000,27.1,1,27.1,3,27.15,24,2,2022-04-29 09:01:48
1651222908770044000,27.15,1,27.1,3,27.15,23,1,2022-04-29 09:01:48
1651222909068462000,27.1,1,27.1,8,27.15,23,2,2022-04-29 09:01:49
1651222909277472000,27.15,1,27.1,9,27.15,22,1,2022-04-29 09:01:49
1651222909876416000,27.1,6,27.1,7,27.15,28,2,2022-04-29 09:01:49
1651222910059811000,27.15,1,27.1,7,27.15,27,1,2022-04-29 09:01:50
1651222910227096000,27.15,3,27.1,8,27.15,24,1,2022-04-29 09:01:50
1651222910955135000,27.1,1,27.1,7,27.15,24,2,2022-04-29 09:01:50
1651222911021515000,27.1,8,27.05,39,27.1,2,2,2022-04-29 09:01:51
1651222911051010000,27.05,1,27.05,38,27.1,2,2,2022-04-29 09:01:51
1651222911138983000,27.1,2,27.05,38,27.15,26,1,2022-04-29 09:01:51
1651222911282023000,27.15,1,27.1,1,27.15,26,1,2022-04-29 09:01:51
1651222911735727000,27.15,3,27.1,2,27.15,23,1,2022-04-29 09:01:51
1651222911817115000,27.15,1,27.1,2,27.15,22,1,2022-04-29 09:01:51
1651222912568513000,27.15,5,27.1,6,27.15,17,1,2022-04-29 09:01:52
1651222912728991000,27.1,5,27.1,1,27.15,17,2,2022-04-29 09:01:52
1651222912837216000,27.1,1,27.05,48,27.15,17,2,2022-04-29 09:01:52
1651222912890282000,27.05,2,27.05,46,27.15,17,2,2022-04-29 09:01:52
1651222912961715000,27.1,1,27.1,1,27.15,17,1,2022-04-29 09:01:52
1651222913031197000,27.15,1,27.1,1,27.15,16,1,2022-04-29 09:01:53
1651222913474325000,27.15,1,27.1,1,27.15,15,1,2022-04-29 09:01:53
1651222913488195000,27.15,1,27.1,1,27.15,14,1,2022-04-29 09:01:53
1651222914175954000,27.15,1,27.1,2,27.15,15,1,2022-04-29 09:01:54
1651222914186398000,27.15,10,27.1,2,27.15,5,1,2022-04-29 09:01:54
1651222914630946000,27.1,2,27.05,18,27.15,6,2,2022-04-29 09:01:54
1651222914630946000,27.05,28,27.05,18,27.15,6,2,2022-04-29 09:01:54
1651222914675030000,27.15,1,27.05,18,27.15,5,1,2022-04-29 09:01:54
1651222914720049000,27.1,1,27.05,18,27.15,5,1,2022-04-29 09:01:54
1651222914756563000,27.15,2,27.05,18,27.15,3,1,2022-04-29 09:01:54
1651222915274864000,27.15,1,27.05,21,27.15,2,1,2022-04-29 09:01:55
1651222915544344000,27.15,2,27.15,8,27.2,59,1,2022-04-29 09:01:55
1651222915582788000,27.15,8,27.1,10,27.2,59,2,2022-04-29 09:01:55
1651222915650051000,27.1,2,27.1,8,27.2,59,2,2022-04-29 09:01:55
1651222915752969000,27.2,5,27.1,8,27.2,54,1,2022-04-29 09:01:55
1651222916944575000,27.15,1,27.1,8,27.15,9,1,2022-04-29 09:01:56
1651222917029419000,27.15,3,27.1,8,27.15,6,1,2022-04-29 09:01:57
1651222917183357000,27.1,3,27.1,5,27.15,6,2,2022-04-29 09:01:57
1651222917221482000,27.1,1,27.1,4,27.15,6,2,2022-04-29 09:01:57
1651222917388225000,27.15,3,27.1,6,27.15,3,1,2022-04-29 09:01:57
1651222917821770000,27.15,2,27.1,8,27.15,1,1,2022-04-29 09:01:57
1651222918229925000,27.1,10,27.05,27,27.15,5,2,2022-04-29 09:01:58
1651222918443836000,27.1,1,27.05,28,27.15,7,1,2022-04-29 09:01:58
1651222918950964000,27.1,5,27.15,38,27.2,54,1,2022-04-29 09:01:58
1651222918950964000,27.15,7,27.15,38,27.2,54,1,2022-04-29 09:01:58
1651222920111097000,27.15,10,27.15,31,27.2,54,2,2022-04-29 09:02:00
1651222920196407000,27.15,10,27.15,21,27.2,54,2,2022-04-29 09:02:00
1651222920384319000,27.2,1,27.15,24,27.2,53,1,2022-04-29 09:02:00
1651222920427704000,27.15,1,27.15,23,27.2,53,2,2022-04-29 09:02:00
1651222920527683000,27.15,6,27.15,17,27.2,53,2,2022-04-29 09:02:00
1651222920714362000,27.2,1,27.15,17,27.2,50,1,2022-04-29 09:02:00
1651222921019966000,27.15,1,27.15,16,27.2,50,2,2022-04-29 09:02:01
1651222921338388000,27.2,1,27.15,16,27.2,49,1,2022-04-29 09:02:01
1651222921873505000,27.15,1,27.15,15,27.2,51,2,2022-04-29 09:02:01
1651222922620238000,27.2,1,27.15,32,27.2,51,1,2022-04-29 09:02:02
1651222922627444000,27.2,1,27.15,32,27.2,50,1,2022-04-29 09:02:02
1651222922880840000,27.15,2,27.15,31,27.2,50,2,2022-04-29 09:02:02
1651222923174222000,27.15,31,27.1,17,27.15,19,2,2022-04-29 09:02:03
1651222923216876000,27.15,3,27.1,17,27.15,17,1,2022-04-29 09:02:03
1651222923368500000,27.15,2,27.1,17,27.15,15,1,2022-04-29 09:02:03
1651222924246650000,27.15,5,27.1,19,27.15,10,1,2022-04-29 09:02:04
1651222924531630000,27.15,1,27.1,19,27.15,10,1,2022-04-29 09:02:04
1651222924584806000,27.15,10,27.1,19,27.2,73,1,2022-04-29 09:02:04
1651222924584806000,27.2,5,27.1,19,27.2,73,1,2022-04-29 09:02:04
1651222924697079000,27.15,2,27.1,19,27.15,6,1,2022-04-29 09:02:04
1651222924759479000,27.15,1,27.1,19,27.15,5,1,2022-04-29 09:02:04
1651222924960748000,27.15,2,27.1,19,27.15,6,1,2022-04-29 09:02:04
1651222925774925000,27.15,1,27.1,25,27.15,10,1,2022-04-29 09:02:05
1651222927162881000,27.15,2,27.1,29,27.15,16,1,2022-04-29 09:02:07
1651222927174711000,27.15,2,27.1,29,27.15,14,1,2022-04-29 09:02:07
1651222927356902000,27.15,1,27.1,29,27.15,64,1,2022-04-29 09:02:07
1651222927390249000,27.1,1,27.1,28,27.15,64,2,2022-04-29 09:02:07
1651222927515595000,27.15,1,27.1,34,27.15,63,1,2022-04-29 09:02:07
1651222927707270000,27.15,2,27.1,34,27.15,63,1,2022-04-29 09:02:07
1651222927755320000,27.1,1,27.1,33,27.15,63,2,2022-04-29 09:02:07
1651222927811983000,27.15,2,27.1,48,27.15,61,1,2022-04-29 09:02:07
1651222927888194000,27.15,3,27.1,46,27.15,59,1,2022-04-29 09:02:07
1651222928196427000,27.1,2,27.1,50,27.15,63,2,2022-04-29 09:02:08
1651222928295288000,27.15,1,27.1,53,27.15,63,1,2022-04-29 09:02:08
1651222928433559000,27.15,1,27.1,53,27.15,67,1,2022-04-29 09:02:08
1651222928814976000,27.1,1,27.1,56,27.15,67,2,2022-04-29 09:02:08
1651222929085914000,27.15,1,27.1,56,27.15,66,1,2022-04-29 09:02:09
1651222929166068000,27.15,1,27.1,56,27.15,65,1,2022-04-29 09:02:09
1651222929488600000,27.1,5,27.1,62,27.15,75,2,2022-04-29 09:02:09
1651222929639063000,27.15,2,27.1,63,27.15,73,1,2022-04-29 09:02:09
1651222929683817000,27.15,3,27.1,63,27.15,70,1,2022-04-29 09:02:09
1651222929683978000,27.15,1,27.1,63,27.15,69,1,2022-04-29 09:02:09
1651222930097950000,27.1,2,27.1,61,27.15,69,2,2022-04-29 09:02:10
1651222930173201000,27.1,5,27.1,56,27.15,70,2,2022-04-29 09:02:10
1651222930267588000,27.15,50,27.1,56,27.15,20,1,2022-04-29 09:02:10
1651222930324805000,27.1,2,27.1,54,27.15,20,2,2022-04-29 09:02:10
1651222930644720000,27.15,5,27.1,54,27.15,15,1,2022-04-29 09:02:10
1651222930667680000,27.15,16,27.15,20,27.2,104,1,2022-04-29 09:02:10
1651222930971134000,27.15,1,27.15,25,27.2,104,2,2022-04-29 09:02:10
1651222931244601000,27.15,25,27.15,2,27.2,104,2,2022-04-29 09:02:11
1651222931268358000,27.15,2,27.1,54,27.2,104,2,2022-04-29 09:02:11
1651222932247348000,27.15,1,27.1,74,27.15,4,1,2022-04-29 09:02:12
1651222934073162000,27.15,2,27.1,102,27.15,14,1,2022-04-29 09:02:14
1651222934130903000,27.15,5,27.1,102,27.15,9,1,2022-04-29 09:02:14
1651222934206284000,27.15,1,27.1,102,27.15,8,1,2022-04-29 09:02:14
1651222934446769000,27.1,1,27.1,101,27.15,9,2,2022-04-29 09:02:14
1651222934637935000,27.15,1,27.1,101,27.15,22,1,2022-04-29 09:02:14
1651222934699171000,27.1,2,27.1,99,27.15,22,2,2022-04-29 09:02:14
1651222935333721000,27.15,1,27.1,101,27.15,22,1,2022-04-29 09:02:15
1651222935751213000,27.15,1,27.1,101,27.15,22,1,2022-04-29 09:02:15
1651222935761183000,27.15,1,27.1,101,27.15,21,1,2022-04-29 09:02:15
1651222936158566000,27.15,1,27.1,103,27.15,21,1,2022-04-29 09:02:16
1651222936823417000,27.15,1,27.1,103,27.15,23,1,2022-04-29 09:02:16
1651222938222104000,27.15,1,27.1,117,27.15,32,1,2022-04-29 09:02:18
1651222938271856000,27.15,10,27.1,117,27.15,22,1,2022-04-29 09:02:18
1651222938340444000,27.1,1,27.1,116,27.15,22,2,2022-04-29 09:02:18
1651222938794550000,27.15,1,27.1,116,27.15,22,1,2022-04-29 09:02:18
1651222938873721000,27.15,2,27.1,116,27.15,20,1,2022-04-29 09:02:18
1651222938978126000,27.15,1,27.1,116,27.15,19,1,2022-04-29 09:02:18
1651222939603836000,27.15,1,27.1,119,27.15,19,1,2022-04-29 09:02:19
1651222940103075000,27.15,1,27.1,131,27.15,21,1,2022-04-29 09:02:20
1651222940490318000,27.15,1,27.1,131,27.15,25,1,2022-04-29 09:02:20
1651222940708234000,27.15,1,27.1,131,27.15,24,1,2022-04-29 09:02:20
1651222941136269000,27.1,3,27.1,131,27.15,24,2,2022-04-29 09:02:21
1651222941326918000,27.15,3,27.1,131,27.15,23,1,2022-04-29 09:02:21
1651222941417281000,27.15,1,27.1,131,27.15,22,1,2022-04-29 09:02:21
1651222942292443000,27.15,1,27.1,131,27.15,22,1,2022-04-29 09:02:22
1651222942775819000,27.15,1,27.1,133,27.15,21,1,2022-04-29 09:02:22
1651222942785349000,27.15,1,27.1,133,27.15,20,1,2022-04-29 09:02:22
1651222942837647000,27.15,1,27.1,133,27.15,29,1,2022-04-29 09:02:22
1651222943013023000,27.15,2,27.1,133,27.15,37,1,2022-04-29 09:02:23
1651222943180792000,27.15,36,27.1,133,27.15,11,1,2022-04-29 09:02:23
1651222943674048000,27.1,25,27.1,108,27.15,31,2,2022-04-29 09:02:23
1651222943697341000,27.1,45,27.1,63,27.15,41,2,2022-04-29 09:02:23
1651222943705118000,27.1,1,27.1,62,27.15,51,2,2022-04-29 09:02:23
1651222943716464000,27.1,1,27.1,61,27.15,51,2,2022-04-29 09:02:23
1651222943719411000,27.1,41,27.1,20,27.15,51,2,2022-04-29 09:02:23
1651222943724989000,27.1,1,27.1,19,27.15,51,2,2022-04-29 09:02:23
1651222943726194000,27.1,1,27.1,18,27.15,51,2,2022-04-29 09:02:23
1651222943729261000,27.15,6,27.1,18,27.15,45,1,2022-04-29 09:02:23
1651222943736220000,27.1,1,27.1,17,27.15,45,2,2022-04-29 09:02:23
1651222943741292000,27.1,1,27.1,16,27.15,45,2,2022-04-29 09:02:23
1651222943751992000,27.1,1,27.1,15,27.15,45,2,2022-04-29 09:02:23
1651222943752159000,27.1,1,27.1,14,27.15,45,2,2022-04-29 09:02:23
1651222943759537000,27.1,1,27.1,13,27.15,45,2,2022-04-29 09:02:23
1651222943760979000,27.1,1,27.1,12,27.15,45,2,2022-04-29 09:02:23
1651222943862866000,27.1,6,27.1,6,27.15,59,2,2022-04-29 09:02:23
1651222943862890000,27.1,6,27.05,71,27.15,59,2,2022-04-29 09:02:23
1651222944269491000,27.1,1,27.05,71,27.15,71,2,2022-04-29 09:02:24
1651222944873763000,27.1,1,27.05,71,27.1,23,1,2022-04-29 09:02:24
1651222945118779000,27.05,5,27.05,66,27.1,34,2,2022-04-29 09:02:25
1651222945127930000,27.1,5,27.05,66,27.1,29,1,2022-04-29 09:02:25
1651222945293236000,27.05,43,27.05,23,27.1,34,2,2022-04-29 09:02:25
1651222945329358000,27.05,23,27.0,303,27.1,34,2,2022-04-29 09:02:25
1651222945422371000,27.05,1,27.0,303,27.05,3,1,2022-04-29 09:02:25
1651222945608161000,27.05,1,27.0,314,27.05,2,1,2022-04-29 09:02:25
1651222945793532000,27.05,1,27.0,314,27.05,6,1,2022-04-29 09:02:25
1651222945845143000,27.05,1,27.0,314,27.05,29,1,2022-04-29 09:02:25
1651222945860880000,27.0,1,27.0,313,27.05,29,2,2022-04-29 09:02:25
1651222945884345000,27.0,20,27.0,293,27.05,29,2,2022-04-29 09:02:25
1651222945930998000,27.0,1,27.0,292,27.05,29,2,2022-04-29 09:02:25
1651222945940078000,27.0,1,27.0,291,27.05,29,2,2022-04-29 09:02:25
1651222945951780000,27.0,1,27.0,290,27.05,29,2,2022-04-29 09:02:25
1651222946123765000,27.05,5,27.0,291,27.05,31,1,2022-04-29 09:02:26
1651222946239034000,27.0,1,27.0,290,27.05,37,2,2022-04-29 09:02:26
1651222946415976000,27.05,2,27.0,290,27.05,40,1,2022-04-29 09:02:26
1651222946711475000,27.0,5,27.0,285,27.05,43,2,2022-04-29 09:02:26
1651222946747223000,27.0,1,27.0,284,27.05,43,2,2022-04-29 09:02:26
1651222947396462000,27.0,5,27.0,279,27.05,48,2,2022-04-29 09:02:27
1651222947429025000,27.0,1,27.0,278,27.05,48,2,2022-04-29 09:02:27
1651222947455900000,27.0,1,27.0,277,27.05,48,2,2022-04-29 09:02:27
1651222947623205000,27.0,5,27.0,272,27.05,48,2,2022-04-29 09:02:27
1651222947667384000,27.0,1,27.0,271,27.05,48,2,2022-04-29 09:02:27
1651222947813632000,27.0,2,27.0,269,27.05,48,2,2022-04-29 09:02:27
1651222947881133000,27.05,2,27.0,269,27.05,46,1,2022-04-29 09:02:27
1651222947891336000,27.0,100,27.0,169,27.05,46,2,2022-04-29 09:02:27
1651222947896200000,27.0,1,27.0,168,27.05,46,2,2022-04-29 09:02:27
1651222947921092000,27.0,46,27.0,122,27.05,46,2,2022-04-29 09:02:27
1651222947923933000,27.0,1,27.0,121,27.05,46,2,2022-04-29 09:02:27
1651222947925445000,27.0,1,27.0,120,27.05,46,2,2022-04-29 09:02:27
1651222947949579000,27.0,5,27.0,115,27.05,46,2,2022-04-29 09:02:27
1651222947951149000,27.0,1,27.0,114,27.05,46,2,2022-04-29 09:02:27
1651222947968314000,27.0,5,27.0,109,27.05,46,2,2022-04-29 09:02:27
1651222947986726000,27.0,26,27.0,83,27.05,46,2,2022-04-29 09:02:27
1651222948019283000,27.0,18,27.0,65,27.05,46,2,2022-04-29 09:02:28
1651222948019746000,27.0,3,27.0,62,27.05,46,2,2022-04-29 09:02:28
1651222948052501000,27.0,6,27.0,56,27.05,46,2,2022-04-29 09:02:28
1651222948204076000,27.05,1,27.0,56,27.05,45,1,2022-04-29 09:02:28
1651222948343823000,27.0,5,27.0,51,27.05,45,2,2022-04-29 09:02:28
1651222948381721000,27.0,1,27.0,50,27.05,45,2,2022-04-29 09:02:28
1651222948476187000,27.0,5,27.0,45,27.05,45,2,2022-04-29 09:02:28
1651222948492152000,27.0,5,27.0,40,27.05,45,2,2022-04-29 09:02:28
1651222948671974000,27.0,15,27.0,25,27.05,45,2,2022-04-29 09:02:28
1651222948746983000,27.0,1,27.0,24,27.05,45,2,2022-04-29 09:02:28
1651222948951562000,27.0,5,27.0,19,27.05,45,2,2022-04-29 09:02:28
1651222948986725000,27.0,6,27.0,13,27.05,45,2,2022-04-29 09:02:28
1651222948993545000,27.0,2,27.0,11,27.05,45,2,2022-04-29 09:02:28
1651222949066482000,27.0,5,27.0,7,27.05,45,2,2022-04-29 09:02:29
1651222949138283000,27.0,5,27.0,2,27.05,45,2,2022-04-29 09:02:29
1651222949184121000,27.05,1,27.0,2,27.05,44,1,2022-04-29 09:02:29
1651222949230164000,27.0,2,26.95,17,27.0,1,2,2022-04-29 09:02:29
1651222949310504000,27.0,1,27.0,10,27.05,44,1,2022-04-29 09:02:29
1651222949332919000,27.0,5,27.0,5,27.05,44,2,2022-04-29 09:02:29
1651222949351178000,27.0,5,26.95,17,27.05,44,2,2022-04-29 09:02:29
1651222949435551000,27.0,2,26.95,17,27.0,8,2,2022-04-29 09:02:29
1651222949500133000,26.95,5,26.95,12,27.0,8,2,2022-04-29 09:02:29
1651222949589598000,26.95,1,26.95,11,27.0,10,2,2022-04-29 09:02:29
1651222949598906000,26.95,1,26.95,10,27.0,10,2,2022-04-29 09:02:29
1651222949684855000,27.0,1,26.95,10,27.0,19,1,2022-04-29 09:02:29
1651222950174705000,26.95,1,26.95,9,27.0,27,2,2022-04-29 09:02:30
1651222950207407000,26.95,1,26.95,8,27.0,27,2,2022-04-29 09:02:30
1651222950240066000,26.95,1,26.95,7,27.0,27,2,2022-04-29 09:02:30
1651222950880248000,26.95,5,26.95,2,27.0,40,2,2022-04-29 09:02:30
1651222951403302000,26.95,2,26.95,9,27.0,44,2,2022-04-29 09:02:31
1651222951697435000,27.0,2,26.95,9,27.0,50,1,2022-04-29 09:02:31
1651222952099606000,27.0,2,26.95,9,27.0,49,1,2022-04-29 09:02:32
1651222952100244000,27.0,30,26.95,9,27.0,19,1,2022-04-29 09:02:32
1651222952227206000,27.0,1,26.95,9,27.0,18,1,2022-04-29 09:02:32
1651222952255246000,26.95,9,26.9,26,27.0,18,2,2022-04-29 09:02:32
1651222952255246000,26.9,11,26.9,26,27.0,18,2,2022-04-29 09:02:32
1651222952255425000,26.9,2,26.9,24,27.0,18,2,2022-04-29 09:02:32
1651222952326309000,26.9,1,26.9,23,26.95,3,2,2022-04-29 09:02:32
1651222953129257000,26.9,1,26.9,22,26.95,5,2,2022-04-29 09:02:33
1651222953165671000,26.95,1,26.9,22,26.95,4,1,2022-04-29 09:02:33
1651222953783684000,26.9,5,26.9,17,26.95,4,2,2022-04-29 09:02:33
1651222954288853000,26.9,9,26.9,8,26.95,14,2,2022-04-29 09:02:34
1651222954316208000,26.9,1,26.9,7,26.95,14,2,2022-04-29 09:02:34
1651222954338454000,26.9,1,26.9,6,26.95,14,2,2022-04-29 09:02:34
1651222954550249000,26.9,2,26.9,4,26.95,14,2,2022-04-29 09:02:34
1651222954640823000,26.95,1,26.9,4,26.95,14,1,2022-04-29 09:02:34
1651222954783804000,26.9,1,26.9,3,26.95,14,2,2022-04-29 09:02:34
1651222955094256000,26.9,1,26.9,2,26.95,15,2,2022-04-29 09:02:35
1651222955593610000,26.95,3,26.9,2,26.95,14,1,2022-04-29 09:02:35
1651222955812502000,26.9,1,26.9,1,26.95,14,2,2022-04-29 09:02:35
1651222956583676000,26.9,1,26.9,3,26.95,24,2,2022-04-29 09:02:36
1651222956667779000,26.95,5,26.9,3,26.95,19,1,2022-04-29 09:02:36
1651222956702265000,26.9,1,26.9,2,26.95,19,2,2022-04-29 09:02:36
1651222956788230000,26.95,4,26.9,2,26.95,15,1,2022-04-29 09:02:36
1651222957026261000,26.9,2,26.85,88,26.95,15,2,2022-04-29 09:02:37
1651222957026261000,26.85,3,26.85,88,26.95,15,2,2022-04-29 09:02:37
1651222957305467000,26.85,10,26.85,78,26.9,1,2,2022-04-29 09:02:37
1651222957331780000,26.9,4,26.85,78,26.9,2,1,2022-04-29 09:02:37
1651222957349836000,26.9,2,26.85,78,26.95,11,1,2022-04-29 09:02:37
1651222957349836000,26.95,4,26.85,78,26.95,11,1,2022-04-29 09:02:37
1651222957415805000,26.9,1,26.85,78,26.95,11,2,2022-04-29 09:02:37
1651222957431059000,26.85,5,26.85,73,26.95,11,2,2022-04-29 09:02:37
1651222957636399000,26.85,10,26.85,63,26.95,11,2,2022-04-29 09:02:37
1651222959669132000,26.9,2,26.85,67,26.9,16,1,2022-04-29 09:02:39
1651222959872211000,26.85,1,26.85,66,26.9,16,2,2022-04-29 09:02:39
1651222959899941000,26.85,3,26.85,63,26.9,16,2,2022-04-29 09:02:39
1651222960102436000,26.85,2,26.85,61,26.9,20,2,2022-04-29 09:02:40
1651222960262904000,26.85,27,26.85,34,26.9,21,2,2022-04-29 09:02:40
1651222960279302000,26.85,1,26.85,33,26.9,21,2,2022-04-29 09:02:40
1651222960298775000,26.85,1,26.85,32,26.9,21,2,2022-04-29 09:02:40
1651222960352689000,26.85,3,26.85,29,26.9,21,2,2022-04-29 09:02:40
1651222960378002000,26.85,1,26.85,28,26.9,21,2,2022-04-29 09:02:40
1651222961545159000,26.9,1,26.85,39,26.9,32,1,2022-04-29 09:02:41
1651222961552145000,26.85,5,26.85,34,26.9,32,2,2022-04-29 09:02:41
1651222961593243000,26.85,1,26.85,33,26.9,32,2,2022-04-29 09:02:41
1651222961746760000,26.85,1,26.85,32,26.9,32,2,2022-04-29 09:02:41
1651222961777449000,26.85,1,26.85,31,26.9,32,2,2022-04-29 09:02:41
1651222961792318000,26.85,2,26.85,29,26.9,32,2,2022-04-29 09:02:41
1651222961943126000,26.9,2,26.85,31,26.9,32,1,2022-04-29 09:02:41
1651222963304211000,26.85,2,26.85,29,26.9,33,2,2022-04-29 09:02:43
1651222963325646000,26.85,10,26.85,19,26.9,33,2,2022-04-29 09:02:43
1651222963377311000,26.85,1,26.85,18,26.9,33,2,2022-04-29 09:02:43
1651222963778723000,26.9,1,26.85,19,26.9,32,1,2022-04-29 09:02:43
1651222963854698000,26.9,5,26.85,19,26.9,27,1,2022-04-29 09:02:43
1651222963962695000,26.9,10,26.85,19,26.9,17,1,2022-04-29 09:02:43
1651222964006095000,26.85,1,26.85,18,26.9,17,2,2022-04-29 09:02:44
1651222964231374000,26.9,1,26.85,18,26.9,16,1,2022-04-29 09:02:44
1651222964614787000,26.85,1,26.85,17,26.9,21,2,2022-04-29 09:02:44
1651222964794253000,26.85,5,26.85,12,26.9,21,2,2022-04-29 09:02:44
1651222965543543000,26.9,1,26.85,12,26.9,20,1,2022-04-29 09:02:45
1651222965745573000,26.85,1,26.85,23,26.9,20,2,2022-04-29 09:02:45
1651222966099640000,26.9,1,26.85,23,26.9,20,1,2022-04-29 09:02:46
1651222966858889000,26.85,28,26.8,169,26.85,2,2,2022-04-29 09:02:46
1651222966880992000,26.85,2,26.8,169,26.9,20,1,2022-04-29 09:02:46
1651222966885030000,26.8,1,26.8,168,26.9,20,2,2022-04-29 09:02:46
1651222966929265000,26.9,1,26.8,168,26.9,19,1,2022-04-29 09:02:46
1651222967418165000,26.9,21,26.85,35,26.95,14,1,2022-04-29 09:02:47
1651222967580768000,26.85,5,26.85,32,26.95,14,2,2022-04-29 09:02:47
1651222968221482000,26.9,5,26.9,3,26.95,14,2,2022-04-29 09:02:48
1651222968299600000,26.9,3,26.85,40,26.9,2,2,2022-04-29 09:02:48
1651222968302173000,26.85,1,26.85,39,26.9,2,2,2022-04-29 09:02:48
1651222968323099000,26.9,2,26.85,39,26.95,13,1,2022-04-29 09:02:48
1651222968433610000,26.85,2,26.85,43,26.95,13,2,2022-04-29 09:02:48
1651222968961244000,26.9,1,26.9,5,26.95,13,2,2022-04-29 09:02:48
1651222969366709000,26.9,1,26.9,16,26.95,28,2,2022-04-29 09:02:49
1651222970076289000,26.95,1,26.9,17,26.95,27,1,2022-04-29 09:02:50
1651222970268205000,26.9,5,26.9,12,26.95,27,2,2022-04-29 09:02:50
1651222970409255000,26.9,10,26.9,2,26.95,27,2,2022-04-29 09:02:50
1651222971236326000,26.9,5,26.9,6,26.95,32,2,2022-04-29 09:02:51
1651222972119243000,26.9,1,26.9,9,26.95,32,2,2022-04-29 09:02:52
1651222973390432000,26.95,1,26.9,23,26.95,31,1,2022-04-29 09:02:53
1651222973445494000,26.95,31,26.9,28,27.0,83,1,2022-04-29 09:02:53
1651222974342590000,26.95,2,26.95,4,27.0,83,2,2022-04-29 09:02:54
1651222974635673000,26.95,9,26.9,35,27.0,83,2,2022-04-29 09:02:54
1651222974635673000,26.9,6,26.9,35,27.0,83,2,2022-04-29 09:02:54
1651222974790663000,26.95,1,26.95,4,27.0,83,2,2022-04-29 09:02:54
1651222975091170000,26.95,1,26.95,3,27.0,83,2,2022-04-29 09:02:55
1651222975161912000,27.0,10,26.95,3,27.0,73,1,2022-04-29 09:02:55
1651222975209996000,26.95,1,26.95,2,27.0,73,2,2022-04-29 09:02:55
1651222975314163000,26.95,2,26.95,10,27.0,73,2,2022-04-29 09:02:55
1651222975623135000,26.95,10,26.9,38,26.95,20,2,2022-04-29 09:02:55
1651222976150280000,26.95,20,26.9,40,27.0,63,1,2022-04-29 09:02:56
1651222976150280000,27.0,10,26.9,40,27.0,63,1,2022-04-29 09:02:56
1651222976598454000,26.95,1,26.95,4,27.0,63,2,2022-04-29 09:02:56
1651222976677979000,26.95,3,26.95,1,27.0,63,2,2022-04-29 09:02:56
1651222976686859000,26.95,1,26.9,43,27.0,63,2,2022-04-29 09:02:56
1651222976746786000,26.9,2,26.9,42,27.0,63,2,2022-04-29 09:02:56
1651222978323601000,26.95,2,26.95,11,27.0,63,2,2022-04-29 09:02:58
1651222978450824000,26.95,1,26.95,15,27.0,63,2,2022-04-29 09:02:58
1651222978562367000,26.95,3,26.95,12,27.0,63,2,2022-04-29 09:02:58
1651222978576655000,26.95,5,26.95,7,27.0,63,2,2022-04-29 09:02:58
1651222978845254000,26.95,1,26.95,6,27.0,63,2,2022-04-29 09:02:58
1651222979572732000,26.95,6,26.95,8,27.0,64,2,2022-04-29 09:02:59
1651222980072830000,26.95,1,26.95,7,27.0,64,2,2022-04-29 09:03:00
1651222980390881000,26.95,7,26.9,32,27.0,64,2,2022-04-29 09:03:00
1651222980390881000,26.9,17,26.9,32,27.0,64,2,2022-04-29 09:03:00
1651222980484117000,26.95,1,26.9,32,27.0,64,1,2022-04-29 09:03:00
1651222980630760000,26.9,1,26.9,31,27.0,66,2,2022-04-29 09:03:00
1651222980637238000,26.9,1,26.9,30,27.0,66,2,2022-04-29 09:03:00
1651222980696437000,26.95,1,26.9,30,27.0,66,1,2022-04-29 09:03:00
1651222981192164000,26.95,2,26.9,32,26.95,8,2,2022-04-29 09:03:01
1651222981911028000,26.9,1,26.9,37,26.95,8,2,2022-04-29 09:03:01
1651222982022617000,26.95,5,26.9,37,26.95,3,1,2022-04-29 09:03:02
1651222982044269000,26.95,3,26.9,37,27.0,66,1,2022-04-29 09:03:02
1651222982382748000,26.95,1,26.9,11,27.0,27,2,2022-04-29 09:03:02
1651222982382748000,26.9,31,26.9,11,27.0,27,2,2022-04-29 09:03:02
1651222982993742000,26.95,2,26.9,12,26.95,1,1,2022-04-29 09:03:02
1651222983386163000,26.95,1,26.9,12,26.95,10,1,2022-04-29 09:03:03
1651222983857676000,26.95,1,26.9,11,26.95,9,1,2022-04-29 09:03:03
1651222983957541000,26.95,9,26.9,11,27.0,6,1,2022-04-29 09:03:03
1651222983957541000,27.0,21,26.9,11,27.0,6,1,2022-04-29 09:03:03
1651222984058414000,26.95,3,26.9,11,27.0,6,1,2022-04-29 09:03:04
1651222984392626000,26.95,5,26.9,11,26.95,4,2,2022-04-29 09:03:04
1651222984419774000,26.95,1,26.9,11,26.95,3,1,2022-04-29 09:03:04
1651222985056835000,26.95,1,26.9,11,26.95,13,1,2022-04-29 09:03:05
1651222985203326000,26.95,6,26.9,11,26.95,8,1,2022-04-29 09:03:05
1651222985235450000,26.95,8,26.9,11,27.0,6,1,2022-04-29 09:03:05
1651222986328750000,27.0,1,26.9,24,27.0,5,1,2022-04-29 09:03:06
1651222986878065000,26.95,1,26.9,26,27.0,9,1,2022-04-29 09:03:06
1651222987349489000,26.95,5,26.95,5,27.0,9,2,2022-04-29 09:03:07
1651222988362631000,26.95,1,26.95,4,27.0,9,2,2022-04-29 09:03:08
1651222988789714000,26.95,3,26.95,1,27.0,12,2,2022-04-29 09:03:08
1651222988814358000,26.95,1,26.9,38,27.0,12,2,2022-04-29 09:03:08
1651222989630622000,27.0,2,26.95,10,27.0,10,1,2022-04-29 09:03:09
1651222990096644000,26.95,5,26.95,14,27.0,13,2,2022-04-29 09:03:10
1651222991173229000,27.0,17,27.0,3,27.05,18,1,2022-04-29 09:03:11
1651222991273135000,27.0,3,26.95,8,27.05,18,2,2022-04-29 09:03:11
1651222991273135000,26.95,7,26.95,8,27.05,18,2,2022-04-29 09:03:11
1651222991781178000,27.05,5,26.95,9,27.05,13,1,2022-04-29 09:03:11
1651222992435880000,27.0,1,27.0,2,27.05,13,2,2022-04-29 09:03:12
1651222993672706000,27.0,1,27.0,3,27.05,13,2,2022-04-29 09:03:13
1651222994971423000,27.0,1,27.0,13,27.05,13,2,2022-04-29 09:03:14
1651222995803033000,27.0,14,26.95,23,27.0,6,2,2022-04-29 09:03:15
1651222995836786000,27.0,6,26.95,23,27.05,13,1,2022-04-29 09:03:15
1651222996043301000,27.05,4,26.95,23,27.05,9,1,2022-04-29 09:03:16
1651222996289320000,27.05,1,26.95,23,27.05,8,1,2022-04-29 09:03:16
1651222998551430000,27.05,5,27.0,12,27.05,6,1,2022-04-29 09:03:18
1651222998585996000,27.05,6,27.0,12,27.1,19,1,2022-04-29 09:03:18
1651222998794095000,27.0,2,27.0,25,27.1,19,2,2022-04-29 09:03:18
1651222999201807000,27.05,1,27.0,25,27.05,2,1,2022-04-29 09:03:19
1651222999281047000,27.0,1,27.0,24,27.05,2,2,2022-04-29 09:03:19
1651222999631155000,27.05,2,27.0,24,27.1,11,1,2022-04-29 09:03:19
1651222999631155000,27.1,8,27.0,24,27.1,11,1,2022-04-29 09:03:19
1651222999717095000,27.05,1,27.0,25,27.1,11,1,2022-04-29 09:03:19
1651222999727038000,27.1,2,27.0,25,27.1,9,1,2022-04-29 09:03:19
1651222999836343000,27.1,3,27.0,25,27.1,6,1,2022-04-29 09:03:19
1651223000598445000,27.1,2,27.05,3,27.1,4,1,2022-04-29 09:03:20
1651223001213289000,27.1,4,27.05,4,27.15,44,1,2022-04-29 09:03:21
1651223001420392000,27.15,1,27.05,6,27.15,43,1,2022-04-29 09:03:21
1651223001442347000,27.15,2,27.05,6,27.15,41,1,2022-04-29 09:03:21
1651223002031362000,27.15,1,27.05,6,27.15,40,1,2022-04-29 09:03:22
1651223003106621000,27.15,5,27.1,10,27.15,12,1,2022-04-29 09:03:23
1651223003529266000,27.15,10,27.1,10,27.15,2,1,2022-04-29 09:03:23
1651223003552163000,27.15,2,27.1,10,27.2,111,1,2022-04-29 09:03:23
1651223005547254000,27.2,4,27.15,10,27.2,107,1,2022-04-29 09:03:25
1651223005635817000,27.2,3,27.15,10,27.2,104,1,2022-04-29 09:03:25
1651223005912828000,27.15,5,27.15,8,27.2,104,2,2022-04-29 09:03:25
1651223006111216000,27.2,20,27.15,9,27.2,64,1,2022-04-29 09:03:26
1651223006270796000,27.2,30,27.15,9,27.2,34,1,2022-04-29 09:03:26
1651223006326483000,27.2,1,27.15,9,27.2,33,1,2022-04-29 09:03:26
1651223006594714000,27.2,1,27.15,9,27.2,32,1,2022-04-29 09:03:26
1651223006655669000,27.2,1,27.15,10,27.2,31,1,2022-04-29 09:03:26
1651223006686180000,27.15,1,27.15,9,27.2,31,2,2022-04-29 09:03:26
1651223006967746000,27.15,1,27.15,5,27.2,41,2,2022-04-29 09:03:26
1651223007545722000,27.2,1,27.15,7,27.2,40,1,2022-04-29 09:03:27
1651223008609121000,27.2,2,27.15,8,27.2,38,1,2022-04-29 09:03:28
1651223008907559000,27.2,1,27.15,9,27.2,37,1,2022-04-29 09:03:28
1651223009356991000,27.15,5,27.15,11,27.2,37,2,2022-04-29 09:03:29
1651223009962502000,27.15,2,27.15,9,27.2,37,2,2022-04-29 09:03:29
1651223010443198000,27.2,1,27.15,10,27.2,36,1,2022-04-29 09:03:30
1651223010479368000,27.2,18,27.15,10,27.2,23,1,2022-04-29 09:03:30
1651223011189687000,27.2,1,27.15,10,27.2,23,1,2022-04-29 09:03:31
1651223011205747000,27.2,2,27.15,10,27.2,21,1,2022-04-29 09:03:31
1651223011263647000,27.2,1,27.15,10,27.2,20,1,2022-04-29 09:03:31
1651223011308214000,27.15,3,27.15,7,27.2,20,2,2022-04-29 09:03:31
1651223011309751000,27.15,7,27.1,18,27.15,3,2,2022-04-29 09:03:31
1651223011359311000,27.15,1,27.1,18,27.15,2,1,2022-04-29 09:03:31
1651223011481069000,27.15,5,27.1,18,27.15,2,1,2022-04-29 09:03:31
1651223011523016000,27.15,1,27.1,18,27.15,1,1,2022-04-29 09:03:31
1651223011550588000,27.15,1,27.1,18,27.2,20,1,2022-04-29 09:03:31
1651223011674047000,27.2,10,27.1,18,27.2,10,1,2022-04-29 09:03:31
1651223011775232000,27.15,1,27.1,18,27.15,1,2,2022-04-29 09:03:31
1651223011799842000,27.15,1,27.1,18,27.2,10,1,2022-04-29 09:03:31
1651223012327947000,27.2,1,27.15,2,27.2,9,1,2022-04-29 09:03:32
1651223012581621000,27.2,1,27.15,3,27.2,8,1,2022-04-29 09:03:32
1651223012584468000,27.15,3,27.1,18,27.15,8,2,2022-04-29 09:03:32
1651223012792129000,27.15,5,27.1,18,27.15,3,1,2022-04-29 09:03:32
1651223012819902000,27.15,3,27.1,18,27.2,8,1,2022-04-29 09:03:32
1651223013252406000,27.2,2,27.1,18,27.2,6,1,2022-04-29 09:03:33
1651223013408949000,27.2,2,27.15,9,27.2,4,1,2022-04-29 09:03:33
1651223013853869000,27.2,1,27.15,10,27.2,8,1,2022-04-29 09:03:33
1651223013879656000,27.2,1,27.15,10,27.2,7,1,2022-04-29 09:03:33
1651223013963475000,27.2,5,27.15,10,27.2,2,1,2022-04-29 09:03:33
1651223013990799000,27.2,2,27.15,11,27.25,31,1,2022-04-29 09:03:33
1651223014271139000,27.15,10,27.15,4,27.25,31,2,2022-04-29 09:03:34
1651223014479252000,27.2,1,27.15,6,27.25,31,2,2022-04-29 09:03:34
1651223014911056000,27.25,2,27.15,11,27.25,29,1,2022-04-29 09:03:34
1651223014954949000,27.25,2,27.15,11,27.25,27,1,2022-04-29 09:03:34
1651223015235799000,27.2,1,27.15,11,27.2,9,1,2022-04-29 09:03:35
1651223015544038000,27.2,5,27.15,18,27.2,5,1,2022-04-29 09:03:35
1651223015885307000,27.2,5,27.15,24,27.25,17,1,2022-04-29 09:03:35
1651223015885307000,27.25,10,27.15,24,27.25,17,1,2022-04-29 09:03:35
1651223015912699000,27.15,5,27.15,19,27.25,17,2,2022-04-29 09:03:35
1651223016690195000,27.15,5,27.15,14,27.2,5,2,2022-04-29 09:03:36
1651223016740688000,27.2,1,27.15,14,27.2,4,1,2022-04-29 09:03:36
1651223016867747000,27.2,4,27.15,15,27.25,11,1,2022-04-29 09:03:36
1651223017006770000,27.2,1,27.15,15,27.25,11,2,2022-04-29 09:03:37
1651223017535230000,27.25,5,27.2,3,27.25,7,1,2022-04-29 09:03:37
1651223018976443000,27.2,10,27.2,69,27.25,9,2,2022-04-29 09:03:38
1651223019102750000,27.2,50,27.2,19,27.25,9,2,2022-04-29 09:03:39
1651223019225516000,27.25,2,27.2,19,27.25,7,1,2022-04-29 09:03:39
1651223019287752000,27.25,1,27.2,19,27.25,6,1,2022-04-29 09:03:39
1651223019484658000,27.2,10,27.2,9,27.25,6,2,2022-04-29 09:03:39
1651223019773490000,27.2,1,27.2,9,27.25,7,2,2022-04-29 09:03:39
1651223019804428000,27.2,1,27.2,12,27.25,7,2,2022-04-29 09:03:39
1651223020311873000,27.2,5,27.2,7,27.25,9,2,2022-04-29 09:03:40
1651223020545511000,27.25,9,27.25,1,27.3,68,1,2022-04-29 09:03:40
1651223020545764000,27.25,1,27.2,8,27.3,68,2,2022-04-29 09:03:40
1651223020894483000,27.2,1,27.2,8,27.3,68,2,2022-04-29 09:03:40
1651223021091834000,27.2,5,27.2,13,27.3,68,2,2022-04-29 09:03:41
1651223021166730000,27.2,3,27.2,10,27.25,17,2,2022-04-29 09:03:41
1651223021727654000,27.25,1,27.2,19,27.25,17,1,2022-04-29 09:03:41
1651223022048538000,27.25,1,27.2,19,27.25,16,1,2022-04-29 09:03:42
1651223022366675000,27.25,1,27.2,19,27.25,15,1,2022-04-29 09:03:42
1651223022503578000,27.25,3,27.2,20,27.25,12,1,2022-04-29 09:03:42
1651223022578897000,27.2,10,27.2,10,27.25,12,2,2022-04-29 09:03:42
1651223022938486000,27.25,1,27.2,10,27.25,11,1,2022-04-29 09:03:42
1651223023207153000,27.25,5,27.2,11,27.25,6,1,2022-04-29 09:03:43
1651223023210936000,27.25,1,27.2,11,27.25,5,1,2022-04-29 09:03:43
1651223023339904000,27.25,1,27.2,11,27.25,4,1,2022-04-29 09:03:43
1651223023517265000,27.25,1,27.2,13,27.25,15,1,2022-04-29 09:03:43
1651223023573883000,27.25,1,27.2,13,27.25,14,1,2022-04-29 09:03:43
1651223023627737000,27.25,1,27.2,13,27.25,13,1,2022-04-29 09:03:43
1651223023826792000,27.25,1,27.2,13,27.25,12,1,2022-04-29 09:03:43
1651223024171411000,27.25,1,27.2,14,27.25,16,1,2022-04-29 09:03:44
1651223024204421000,27.25,10,27.2,14,27.25,6,1,2022-04-29 09:03:44
1651223024246054000,27.25,6,27.2,14,27.25,10,1,2022-04-29 09:03:44
1651223024249349000,27.25,6,27.2,14,27.25,4,1,2022-04-29 09:03:44
1651223024278651000,27.25,1,27.2,14,27.25,3,1,2022-04-29 09:03:44
1651223024316701000,27.25,3,27.2,14,27.3,69,1,2022-04-29 09:03:44
1651223024501218000,27.25,1,27.2,15,27.25,1,1,2022-04-29 09:03:44
1651223024761173000,27.25,1,27.2,16,27.3,65,1,2022-04-29 09:03:44
1651223024761173000,27.3,4,27.2,16,27.3,65,1,2022-04-29 09:03:44
1651223025058577000,27.2,5,27.2,11,27.3,65,2,2022-04-29 09:03:45
1651223025721872000,27.3,1,27.25,12,27.3,64,1,2022-04-29 09:03:45
1651223025866990000,27.3,30,27.25,14,27.3,34,1,2022-04-29 09:03:45
1651223026169764000,27.3,5,27.25,14,27.3,29,1,2022-04-29 09:03:46
1651223026272898000,27.3,5,27.25,14,27.3,24,1,2022-04-29 09:03:46
1651223026578987000,27.25,5,27.25,13,27.3,24,2,2022-04-29 09:03:46
1651223026601998000,27.25,10,27.25,4,27.3,24,2,2022-04-29 09:03:46
1651223026819845000,27.25,1,27.25,3,27.3,24,2,2022-04-29 09:03:46
1651223027008076000,27.3,1,27.25,8,27.3,23,1,2022-04-29 09:03:47
1651223027156793000,27.3,1,27.25,8,27.3,22,1,2022-04-29 09:03:47
1651223027242904000,27.25,1,27.25,7,27.3,22,2,2022-04-29 09:03:47
1651223027372566000,27.3,3,27.25,7,27.3,19,1,2022-04-29 09:03:47
1651223027763389000,27.3,1,27.25,11,27.3,18,1,2022-04-29 09:03:47
1651223027790242000,27.3,18,27.25,11,27.45,3,1,2022-04-29 09:03:47
1651223027790242000,27.35,21,27.25,11,27.45,3,1,2022-04-29 09:03:47
1651223027790242000,27.4,54,27.25,11,27.45,3,1,2022-04-29 09:03:47
1651223027790242000,27.45,7,27.25,11,27.45,3,1,2022-04-29 09:03:47
1651223027823226000,27.3,1,27.25,11,27.45,3,1,2022-04-29 09:03:47
1651223027840336000,27.45,1,27.25,11,27.45,2,1,2022-04-29 09:03:47
1651223027934467000,27.4,5,27.3,5,27.5,54,1,2022-04-29 09:03:47
1651223027934467000,27.45,2,27.3,5,27.5,54,1,2022-04-29 09:03:47
1651223027934467000,27.5,3,27.3,5,27.5,54,1,2022-04-29 09:03:47
1651223028559687000,27.3,1,27.3,9,27.5,56,2,2022-04-29 09:03:48
1651223028875749000,27.45,7,27.3,9,27.45,5,1,2022-04-29 09:03:48
1651223029714962000,27.45,5,27.35,7,27.5,158,1,2022-04-29 09:03:49
1651223029929441000,27.35,2,27.35,10,27.5,158,2,2022-04-29 09:03:49
1651223030332889000,27.4,1,27.4,4,27.45,3,2,2022-04-29 09:03:50
1651223030492621000,27.45,1,27.4,4,27.45,2,1,2022-04-29 09:03:50
1651223030844103000,27.45,2,27.4,4,27.5,158,1,2022-04-29 09:03:50
1651223031080298000,27.45,1,27.4,6,27.5,158,1,2022-04-29 09:03:51
1651223031239205000,27.45,1,27.4,6,27.45,19,1,2022-04-29 09:03:51
1651223031503041000,27.45,1,27.4,6,27.45,18,1,2022-04-29 09:03:51
1651223031689229000,27.45,7,27.4,6,27.45,11,1,2022-04-29 09:03:51
1651223031888929000,27.45,1,27.4,6,27.45,10,1,2022-04-29 09:03:51
1651223032166329000,27.45,14,27.45,6,27.5,155,1,2022-04-29 09:03:52
1651223032408350000,27.45,2,27.45,4,27.5,155,2,2022-04-29 09:03:52
1651223032437372000,27.45,1,27.45,3,27.5,155,2,2022-04-29 09:03:52
1651223032640946000,27.45,1,27.45,2,27.5,155,2,2022-04-29 09:03:52
1651223033223930000,27.45,2,27.4,7,27.45,3,2,2022-04-29 09:03:53
1651223033314210000,27.4,1,27.4,7,27.45,4,2,2022-04-29 09:03:53
1651223033574250000,27.45,4,27.4,7,27.5,156,1,2022-04-29 09:03:53
1651223033574250000,27.5,1,27.4,7,27.5,156,1,2022-04-29 09:03:53
1651223033757111000,27.45,2,27.4,7,27.5,156,2,2022-04-29 09:03:53
1651223034202812000,27.45,2,27.4,4,27.45,1,2,2022-04-29 09:03:54
1651223034210207000,27.45,1,27.45,1,27.5,161,1,2022-04-29 09:03:54
1651223034263669000,27.5,1,27.45,1,27.5,160,1,2022-04-29 09:03:54
1651223034573938000,27.45,2,27.4,9,27.5,158,2,2022-04-29 09:03:54
1651223034617687000,27.4,1,27.4,8,27.5,158,2,2022-04-29 09:03:54
1651223034690319000,27.45,1,27.4,8,27.45,4,1,2022-04-29 09:03:54
1651223034782290000,27.45,2,27.4,8,27.45,2,1,2022-04-29 09:03:54
1651223035046497000,27.45,10,27.4,9,27.45,2,1,2022-04-29 09:03:55
1651223035090695000,27.45,2,27.4,9,27.5,158,1,2022-04-29 09:03:55
1651223035564397000,27.45,1,27.4,18,27.45,4,1,2022-04-29 09:03:55
1651223035707687000,27.4,1,27.4,17,27.45,44,2,2022-04-29 09:03:55
1651223035758225000,27.45,10,27.4,17,27.45,34,1,2022-04-29 09:03:55
1651223035898457000,27.45,2,27.4,17,27.45,32,1,2022-04-29 09:03:55
1651223036182112000,27.45,10,27.4,18,27.45,22,1,2022-04-29 09:03:56
1651223036250745000,27.45,1,27.4,18,27.45,24,1,2022-04-29 09:03:56
1651223036348370000,27.45,2,27.4,18,27.45,22,1,2022-04-29 09:03:56
1651223036370211000,27.4,2,27.4,16,27.45,22,2,2022-04-29 09:03:56
1651223036371609000,27.4,16,27.35,12,27.4,8,2,2022-04-29 09:03:56
1651223036457821000,27.4,1,27.35,12,27.4,7,1,2022-04-29 09:03:56
1651223036463088000,27.4,1,27.35,12,27.4,6,1,2022-04-29 09:03:56
1651223036508194000,27.4,5,27.35,12,27.4,1,1,2022-04-29 09:03:56
1651223036528188000,27.4,1,27.35,12,27.45,22,1,2022-04-29 09:03:56
1651223036548116000,27.35,1,27.35,11,27.45,22,2,2022-04-29 09:03:56
1651223036570710000,27.35,1,27.35,10,27.45,22,2,2022-04-29 09:03:56
1651223036708107000,27.4,1,27.35,10,27.4,2,1,2022-04-29 09:03:56
1651223036756991000,27.4,1,27.35,10,27.4,1,1,2022-04-29 09:03:56
1651223036778962000,27.4,1,27.35,10,27.45,23,1,2022-04-29 09:03:56
1651223036778962000,27.45,2,27.35,10,27.45,23,1,2022-04-29 09:03:56
1651223036991312000,27.45,1,27.35,10,27.45,24,1,2022-04-29 09:03:56
1651223036998851000,27.45,1,27.35,10,27.45,23,1,2022-04-29 09:03:56
1651223037298653000,27.45,1,27.4,2,27.45,28,1,2022-04-29 09:03:57
1651223037453696000,27.45,5,27.4,2,27.45,23,1,2022-04-29 09:03:57
1651223037573680000,27.45,1,27.4,2,27.45,23,1,2022-04-29 09:03:57
1651223037689285000,27.45,1,27.4,2,27.45,22,1,2022-04-29 09:03:57
1651223037750623000,27.45,2,27.4,2,27.45,20,1,2022-04-29 09:03:57
1651223037805097000,27.45,3,27.4,2,27.45,22,1,2022-04-29 09:03:57
1651223037840188000,27.45,2,27.4,2,27.45,20,1,2022-04-29 09:03:57
1651223037904724000,27.45,2,27.4,2,27.45,18,1,2022-04-29 09:03:57
1651223038142266000,27.45,5,27.4,3,27.45,14,1,2022-04-29 09:03:58
1651223038345416000,27.45,2,27.4,14,27.45,14,1,2022-04-29 09:03:58
1651223038449956000,27.4,5,27.4,9,27.45,14,2,2022-04-29 09:03:58
1651223038513508000,27.4,1,27.4,8,27.45,14,2,2022-04-29 09:03:58
1651223038539709000,27.45,9,27.4,8,27.45,5,1,2022-04-29 09:03:58
1651223038660924000,27.45,1,27.4,8,27.45,4,1,2022-04-29 09:03:58
1651223038719258000,27.45,1,27.4,8,27.45,3,1,2022-04-29 09:03:58
1651223038719906000,27.45,1,27.4,8,27.45,2,1,2022-04-29 09:03:58
1651223038806118000,27.45,2,27.45,1,27.5,163,1,2022-04-29 09:03:58
1651223038876903000,27.45,1,27.4,8,27.45,3,2,2022-04-29 09:03:58
1651223038890257000,27.45,1,27.4,8,27.45,2,1,2022-04-29 09:03:58
1651223039050367000,27.45,1,27.4,8,27.45,3,1,2022-04-29 09:03:59
1651223039050619000,27.45,3,27.45,3,27.5,163,1,2022-04-29 09:03:59
1651223039137011000,27.5,5,27.45,3,27.5,159,1,2022-04-29 09:03:59
1651223039210389000,27.45,2,27.45,1,27.5,157,2,2022-04-29 09:03:59
1651223039285762000,27.45,1,27.4,8,27.5,157,2,2022-04-29 09:03:59
1651223039435282000,27.45,1,27.45,6,27.5,157,1,2022-04-29 09:03:59
1651223039487545000,27.45,1,27.45,5,27.5,157,2,2022-04-29 09:03:59
1651223039812201000,27.45,1,27.45,4,27.5,207,2,2022-04-29 09:03:59
1651223039819078000,27.5,10,27.45,4,27.5,197,1,2022-04-29 09:03:59
1651223039840878000,27.45,4,27.4,10,27.45,2,2,2022-04-29 09:03:59
1651223039966812000,27.45,3,27.45,7,27.5,198,1,2022-04-29 09:03:59
1651223040038437000,27.45,1,27.45,7,27.5,198,2,2022-04-29 09:04:00
1651223040072347000,27.5,3,27.45,7,27.5,195,1,2022-04-29 09:04:00
1651223040072364000,27.5,5,27.45,7,27.5,190,1,2022-04-29 09:04:00
1651223040303185000,27.45,1,27.45,7,27.5,190,2,2022-04-29 09:04:00
1651223040322068000,27.5,1,27.45,7,27.5,189,1,2022-04-29 09:04:00
1651223040517603000,27.45,2,27.45,5,27.5,189,2,2022-04-29 09:04:00
1651223040551335000,27.45,5,27.4,6,27.5,189,2,2022-04-29 09:04:00
1651223040551335000,27.4,5,27.4,6,27.5,189,2,2022-04-29 09:04:00
1651223040808783000,27.45,1,27.4,7,27.45,4,1,2022-04-29 09:04:00
1651223040951375000,27.45,2,27.4,7,27.45,3,1,2022-04-29 09:04:00
1651223041108866000,27.45,3,27.45,7,27.5,189,1,2022-04-29 09:04:01
1651223041123319000,27.45,1,27.45,6,27.5,189,2,2022-04-29 09:04:01
1651223041314033000,27.45,1,27.45,10,27.5,189,2,2022-04-29 09:04:01
1651223041331699000,27.5,10,27.45,10,27.5,179,1,2022-04-29 09:04:01
1651223041499023000,27.45,1,27.45,9,27.5,179,2,2022-04-29 09:04:01
1651223041596155000,27.45,1,27.45,8,27.5,179,2,2022-04-29 09:04:01
1651223041658398000,27.5,2,27.45,8,27.5,177,1,2022-04-29 09:04:01
1651223041863759000,27.45,1,27.45,7,27.5,177,2,2022-04-29 09:04:01
1651223041906041000,27.5,50,27.45,7,27.5,127,1,2022-04-29 09:04:01
1651223042056651000,27.5,1,27.45,7,27.5,127,1,2022-04-29 09:04:02
1651223042066458000,27.5,5,27.45,7,27.5,122,1,2022-04-29 09:04:02
1651223042112391000,27.5,10,27.45,7,27.5,112,1,2022-04-29 09:04:02
1651223042159666000,27.5,1,27.45,7,27.5,111,1,2022-04-29 09:04:02
1651223042212293000,27.5,1,27.45,7,27.5,110,1,2022-04-29 09:04:02
1651223042645712000,27.45,3,27.45,20,27.5,110,2,2022-04-29 09:04:02
1651223042667824000,27.5,10,27.45,20,27.5,100,1,2022-04-29 09:04:02
1651223042702957000,27.5,5,27.45,20,27.5,95,1,2022-04-29 09:04:02
1651223042817875000,27.5,10,27.45,22,27.5,85,1,2022-04-29 09:04:02
1651223042903375000,27.5,2,27.45,22,27.5,83,1,2022-04-29 09:04:02
1651223042990914000,27.5,1,27.45,27,27.5,82,1,2022-04-29 09:04:02
1651223042995493000,27.5,1,27.45,27,27.5,81,1,2022-04-29 09:04:02
1651223043083050000,27.5,24,27.45,27,27.5,57,1,2022-04-29 09:04:03
1651223043120237000,27.5,25,27.45,27,27.5,32,1,2022-04-29 09:04:03
1651223043154478000,27.5,18,27.45,27,27.5,14,1,2022-04-29 09:04:03
1651223043154798000,27.5,14,27.45,27,27.55,14,1,2022-04-29 09:04:03
1651223043246017000,27.5,1,27.5,50,27.55,14,2,2022-04-29 09:04:03
1651223043509840000,27.5,1,27.5,55,27.55,14,2,2022-04-29 09:04:03
1651223043605819000,27.5,1,27.5,54,27.55,14,2,2022-04-29 09:04:03
1651223043678022000,27.55,2,27.5,69,27.55,12,1,2022-04-29 09:04:03
1651223043861711000,27.5,1,27.5,70,27.55,12,2,2022-04-29 09:04:03
1651223044016824000,27.55,1,27.5,70,27.55,11,1,2022-04-29 09:04:04
1651223044043416000,27.55,1,27.5,70,27.55,10,1,2022-04-29 09:04:04
1651223044051468000,27.55,1,27.5,70,27.55,9,1,2022-04-29 09:04:04
1651223044110814000,27.5,1,27.5,70,27.55,9,2,2022-04-29 09:04:04
1651223044207505000,27.55,1,27.5,70,27.55,8,1,2022-04-29 09:04:04
1651223044209143000,27.55,5,27.5,70,27.55,3,1,2022-04-29 09:04:04
1651223044215213000,27.55,3,27.5,70,27.6,59,1,2022-04-29 09:04:04
1651223044243600000,27.6,1,27.5,70,27.6,58,1,2022-04-29 09:04:04
1651223044297163000,27.6,2,27.5,70,27.6,56,1,2022-04-29 09:04:04
1651223044417407000,27.6,1,27.5,70,27.6,55,1,2022-04-29 09:04:04
1651223044444721000,27.5,20,27.5,50,27.6,55,2,2022-04-29 09:04:04
1651223044690577000,27.6,1,27.5,51,27.6,54,1,2022-04-29 09:04:04
1651223044804661000,27.6,1,27.55,8,27.6,53,1,2022-04-29 09:04:04
1651223044813310000,27.6,1,27.55,8,27.6,52,1,2022-04-29 09:04:04
1651223044898205000,27.6,2,27.55,8,27.6,50,1,2022-04-29 09:04:04
1651223044996237000,27.6,1,27.55,8,27.6,49,1,2022-04-29 09:04:04
1651223045146188000,27.6,1,27.55,9,27.6,48,1,2022-04-29 09:04:05
1651223045255093000,27.6,1,27.55,9,27.6,47,1,2022-04-29 09:04:05
1651223045262191000,27.55,1,27.55,8,27.6,47,2,2022-04-29 09:04:05
1651223045323433000,27.6,6,27.55,8,27.6,41,1,2022-04-29 09:04:05
1651223045378794000,27.6,10,27.55,9,27.6,81,1,2022-04-29 09:04:05
1651223045763291000,27.6,1,27.55,16,27.6,80,1,2022-04-29 09:04:05
1651223046165500000,27.6,2,27.55,16,27.6,79,1,2022-04-29 09:04:06
1651223046318465000,27.55,5,27.55,11,27.6,79,2,2022-04-29 09:04:06
1651223046332889000,27.6,1,27.55,11,27.6,78,1,2022-04-29 09:04:06
1651223046353021000,27.6,1,27.55,11,27.6,77,1,2022-04-29 09:04:06
1651223046614959000,27.6,3,27.55,11,27.6,74,1,2022-04-29 09:04:06
1651223046891210000,27.6,1,27.55,11,27.6,73,1,2022-04-29 09:04:06
1651223047021464000,27.6,1,27.55,11,27.6,72,1,2022-04-29 09:04:07
1651223047136296000,27.6,1,27.55,11,27.6,71,1,2022-04-29 09:04:07
1651223047223043000,27.6,2,27.55,11,27.6,69,1,2022-04-29 09:04:07
1651223047283125000,27.6,1,27.55,11,27.6,68,1,2022-04-29 09:04:07
1651223047518830000,27.6,2,27.55,11,27.6,65,1,2022-04-29 09:04:07
1651223047562496000,27.55,5,27.55,6,27.6,65,2,2022-04-29 09:04:07
1651223047571314000,27.6,1,27.55,6,27.6,64,1,2022-04-29 09:04:07
1651223047719070000,27.6,1,27.55,6,27.6,63,1,2022-04-29 09:04:07
1651223048096091000,27.6,10,27.55,7,27.6,54,1,2022-04-29 09:04:08
1651223048199780000,27.6,2,27.55,7,27.6,53,1,2022-04-29 09:04:08
1651223048205055000,27.55,3,27.55,4,27.6,53,2,2022-04-29 09:04:08
1651223048293403000,27.6,10,27.55,5,27.6,43,1,2022-04-29 09:04:08
1651223048306387000,27.6,1,27.55,5,27.6,42,1,2022-04-29 09:04:08
1651223048321285000,27.6,20,27.55,5,27.6,22,1,2022-04-29 09:04:08
1651223048476653000,27.6,2,27.55,5,27.6,20,1,2022-04-29 09:04:08
1651223048578013000,27.6,5,27.55,5,27.6,15,1,2022-04-29 09:04:08
1651223048657880000,27.55,1,27.55,6,27.6,15,2,2022-04-29 09:04:08
1651223048765253000,27.6,1,27.55,7,27.6,14,1,2022-04-29 09:04:08
1651223048781908000,27.6,3,27.55,7,27.6,11,1,2022-04-29 09:04:08
1651223048810828000,27.55,1,27.55,6,27.6,11,2,2022-04-29 09:04:08
1651223049037006000,27.6,4,27.55,6,27.6,7,1,2022-04-29 09:04:09
1651223049045341000,27.6,1,27.55,6,27.6,6,1,2022-04-29 09:04:09
1651223049129731000,27.55,2,27.55,4,27.6,57,2,2022-04-29 09:04:09
1651223049141717000,27.6,2,27.55,4,27.6,55,1,2022-04-29 09:04:09
1651223049145909000,27.6,1,27.55,4,27.6,54,1,2022-04-29 09:04:09
1651223049176591000,27.6,2,27.55,4,27.6,52,1,2022-04-29 09:04:09
1651223049281747000,27.6,1,27.55,15,27.6,51,1,2022-04-29 09:04:09
1651223049450149000,27.6,1,27.55,15,27.6,50,1,2022-04-29 09:04:09
1651223049492489000,27.6,1,27.55,16,27.6,49,1,2022-04-29 09:04:09
1651223049526592000,27.6,1,27.55,16,27.6,48,1,2022-04-29 09:04:09
1651223049638632000,27.6,20,27.55,16,27.6,28,1,2022-04-29 09:04:09
1651223049653650000,27.6,1,27.55,16,27.6,27,1,2022-04-29 09:04:09
1651223049680072000,27.6,1,27.55,16,27.6,26,1,2022-04-29 09:04:09
1651223049735539000,27.6,5,27.55,16,27.6,21,1,2022-04-29 09:04:09
1651223049735568000,27.6,1,27.55,16,27.6,20,1,2022-04-29 09:04:09
1651223049740644000,27.6,1,27.55,16,27.6,19,1,2022-04-29 09:04:09
1651223049770647000,27.6,5,27.55,16,27.6,14,1,2022-04-29 09:04:09
1651223049775494000,27.6,2,27.55,16,27.6,12,1,2022-04-29 09:04:09
1651223049790508000,27.6,3,27.55,16,27.6,9,1,2022-04-29 09:04:09
1651223049861105000,27.6,1,27.55,16,27.6,8,1,2022-04-29 09:04:09
1651223049909178000,27.6,2,27.55,16,27.6,6,1,2022-04-29 09:04:09
1651223049921639000,27.6,1,27.55,16,27.6,6,1,2022-04-29 09:04:09
1651223049958177000,27.55,1,27.55,15,27.6,6,2,2022-04-29 09:04:09
1651223050073759000,27.6,1,27.55,15,27.6,5,1,2022-04-29 09:04:10
1651223050150489000,27.6,2,27.55,15,27.6,3,1,2022-04-29 09:04:10
1651223050234920000,27.55,1,27.55,14,27.6,3,2,2022-04-29 09:04:10
1651223050267288000,27.6,1,27.55,14,27.6,2,1,2022-04-29 09:04:10
1651223050274401000,27.6,1,27.55,18,27.6,1,1,2022-04-29 09:04:10
1651223050387834000,27.6,1,27.6,2,27.65,18,1,2022-04-29 09:04:10
1651223050512418000,27.6,2,27.55,68,27.6,3,2,2022-04-29 09:04:10
1651223050671873000,27.6,3,27.55,68,27.65,15,1,2022-04-29 09:04:10
1651223050671873000,27.65,2,27.55,68,27.65,15,1,2022-04-29 09:04:10
1651223050672489000,27.65,1,27.55,68,27.65,14,1,2022-04-29 09:04:10
1651223050739802000,27.6,1,27.55,69,27.65,14,1,2022-04-29 09:04:10
1651223050943175000,27.65,1,27.6,5,27.65,13,1,2022-04-29 09:04:10
1651223050977412000,27.6,1,27.6,4,27.65,13,2,2022-04-29 09:04:10
1651223050988062000,27.65,4,27.6,4,27.65,9,1,2022-04-29 09:04:10
1651223051010353000,27.6,4,27.55,70,27.65,9,2,2022-04-29 09:04:11
1651223051082124000,27.6,1,27.55,70,27.6,4,2,2022-04-29 09:04:11
1651223051109819000,27.6,2,27.55,70,27.6,2,1,2022-04-29 09:04:11
1651223051110482000,27.6,2,27.6,3,27.65,9,1,2022-04-29 09:04:11
1651223051138990000,27.6,3,27.55,71,27.6,22,2,2022-04-29 09:04:11
1651223051207816000,27.6,4,27.55,71,27.6,21,1,2022-04-29 09:04:11
1651223051370127000,27.6,9,27.55,71,27.6,12,1,2022-04-29 09:04:11
1651223051430261000,27.6,2,27.55,71,27.6,10,1,2022-04-29 09:04:11
1651223051445433000,27.6,1,27.55,71,27.6,9,1,2022-04-29 09:04:11
1651223051530802000,27.6,5,27.55,71,27.6,4,1,2022-04-29 09:04:11
1651223051541004000,27.6,1,27.55,71,27.6,3,1,2022-04-29 09:04:11
1651223051673057000,27.6,1,27.55,71,27.6,2,1,2022-04-29 09:04:11
1651223051680366000,27.6,1,27.55,71,27.6,1,1,2022-04-29 09:04:11
1651223051752675000,27.6,1,27.55,71,27.65,8,1,2022-04-29 09:04:11
1651223051752675000,27.65,1,27.55,71,27.65,8,1,2022-04-29 09:04:11
1651223051767859000,27.65,1,27.55,71,27.65,12,1,2022-04-29 09:04:11
1651223051970395000,27.6,1,27.55,71,27.65,18,2,2022-04-29 09:04:11
1651223052263252000,27.6,2,27.55,72,27.6,5,1,2022-04-29 09:04:12
1651223052264147000,27.6,2,27.55,72,27.6,3,1,2022-04-29 09:04:12
1651223052305266000,27.6,1,27.55,72,27.6,2,1,2022-04-29 09:04:12
1651223052325765000,27.6,2,27.6,18,27.65,18,1,2022-04-29 09:04:12
1651223052378782000,27.65,1,27.6,18,27.65,17,1,2022-04-29 09:04:12
1651223052392249000,27.6,10,27.6,8,27.65,17,2,2022-04-29 09:04:12
1651223052425075000,27.6,8,27.55,73,27.65,17,2,2022-04-29 09:04:12
1651223052492861000,27.6,1,27.55,73,27.65,17,2,2022-04-29 09:04:12
1651223052567498000,27.65,10,27.55,73,27.65,7,1,2022-04-29 09:04:12
1651223052649362000,27.55,9,27.55,64,27.6,2,2,2022-04-29 09:04:12
1651223052706163000,27.55,27,27.55,39,27.6,52,2,2022-04-29 09:04:12
1651223052737047000,27.55,1,27.55,38,27.6,52,2,2022-04-29 09:04:12
1651223052737141000,27.55,1,27.55,37,27.6,52,2,2022-04-29 09:04:12
1651223052745985000,27.55,1,27.55,36,27.6,52,2,2022-04-29 09:04:12
1651223052752361000,27.6,5,27.55,36,27.6,47,1,2022-04-29 09:04:12
1651223052755746000,27.55,1,27.55,35,27.6,47,2,2022-04-29 09:04:12
1651223052764140000,27.55,35,27.5,34,27.6,47,2,2022-04-29 09:04:12
1651223052805407000,27.55,1,27.5,34,27.6,47,1,2022-04-29 09:04:12
1651223052806606000,27.6,1,27.5,34,27.6,46,1,2022-04-29 09:04:12
1651223052815632000,27.6,1,27.5,34,27.6,45,1,2022-04-29 09:04:12
1651223052843897000,27.55,2,27.5,34,27.6,44,1,2022-04-29 09:04:12
1651223052843897000,27.6,1,27.5,34,27.6,44,1,2022-04-29 09:04:12
1651223053241555000,27.6,33,27.5,35,27.6,13,1,2022-04-29 09:04:13
1651223053402298000,27.6,1,27.55,1,27.6,12,1,2022-04-29 09:04:13
1651223053516983000,27.55,1,27.5,35,27.55,23,2,2022-04-29 09:04:13
1651223053629078000,27.55,1,27.5,34,27.55,22,1,2022-04-29 09:04:13
1651223053632600000,27.55,1,27.5,34,27.55,21,1,2022-04-29 09:04:13
1651223053866695000,27.55,2,27.5,34,27.55,19,1,2022-04-29 09:04:13
1651223053956499000,27.5,5,27.5,29,27.55,19,2,2022-04-29 09:04:13
1651223054142700000,27.5,10,27.5,19,27.55,27,2,2022-04-29 09:04:14
1651223054175648000,27.5,1,27.5,18,27.55,27,2,2022-04-29 09:04:14
1651223054226681000,27.55,1,27.5,18,27.55,26,1,2022-04-29 09:04:14
1651223054311432000,27.55,5,27.5,18,27.55,21,1,2022-04-29 09:04:14
1651223054314170000,27.55,1,27.5,18,27.55,20,1,2022-04-29 09:04:14
1651223054317871000,27.5,11,27.5,7,27.55,20,2,2022-04-29 09:04:14
1651223054328276000,27.55,2,27.5,7,27.55,18,1,2022-04-29 09:04:14
1651223054333001000,27.55,4,27.5,7,27.55,14,1,2022-04-29 09:04:14
1651223054347676000,27.5,3,27.5,4,27.55,14,2,2022-04-29 09:04:14
1651223054352140000,27.5,1,27.5,3,27.55,14,2,2022-04-29 09:04:14
1651223054363855000,27.5,3,27.45,54,27.55,14,2,2022-04-29 09:04:14
1651223054395257000,27.55,1,27.45,54,27.55,13,1,2022-04-29 09:04:14
1651223054469352000,27.5,1,27.45,54,27.55,13,1,2022-04-29 09:04:14
1651223054645372000,27.5,3,27.45,54,27.5,7,1,2022-04-29 09:04:14
1651223054773325000,27.5,10,27.45,53,27.5,6,1,2022-04-29 09:04:14
1651223054821793000,27.5,1,27.45,53,27.5,5,1,2022-04-29 09:04:14
1651223054893983000,27.5,10,27.45,54,27.5,53,1,2022-04-29 09:04:14
1651223054898822000,27.5,2,27.45,54,27.5,51,1,2022-04-29 09:04:14
1651223054947929000,27.5,1,27.45,54,27.5,50,1,2022-04-29 09:04:14
1651223054979525000,27.5,1,27.45,54,27.5,49,1,2022-04-29 09:04:14
1651223055094943000,27.5,1,27.45,54,27.5,48,1,2022-04-29 09:04:15
1651223055132820000,27.5,1,27.45,54,27.5,49,1,2022-04-29 09:04:15
1651223055167529000,27.5,1,27.45,54,27.5,48,1,2022-04-29 09:04:15
1651223055189163000,27.5,1,27.45,54,27.5,52,1,2022-04-29 09:04:15
1651223055204285000,27.45,12,27.45,42,27.5,52,2,2022-04-29 09:04:15
1651223055258562000,27.45,1,27.45,41,27.5,52,2,2022-04-29 09:04:15
1651223055264954000,27.5,2,27.45,41,27.5,52,1,2022-04-29 09:04:15
1651223055400650000,27.5,10,27.45,41,27.5,43,1,2022-04-29 09:04:15
1651223055409365000,27.5,1,27.45,41,27.5,42,1,2022-04-29 09:04:15
1651223055428286000,27.45,1,27.45,40,27.5,42,2,2022-04-29 09:04:15
1651223055435501000,27.45,1,27.45,39,27.5,42,2,2022-04-29 09:04:15
1651223055449346000,27.45,1,27.45,38,27.5,42,2,2022-04-29 09:04:15
1651223055471270000,27.5,1,27.45,38,27.5,41,1,2022-04-29 09:04:15
1651223055481280000,27.45,38,27.4,30,27.45,12,2,2022-04-29 09:04:15
1651223055511343000,27.4,1,27.4,29,27.45,12,2,2022-04-29 09:04:15
1651223055543629000,27.4,1,27.4,28,27.45,12,2,2022-04-29 09:04:15
1651223055545149000,27.4,1,27.4,27,27.45,12,2,2022-04-29 09:04:15
1651223055556417000,27.4,1,27.4,26,27.45,12,2,2022-04-29 09:04:15
1651223055559819000,27.45,1,27.4,26,27.45,11,1,2022-04-29 09:04:15
1651223055612040000,27.45,2,27.4,26,27.45,9,1,2022-04-29 09:04:15
1651223055730693000,27.4,18,27.4,8,27.45,69,2,2022-04-29 09:04:15
1651223055763611000,27.4,8,27.35,7,27.45,69,2,2022-04-29 09:04:15
1651223055811677000,27.4,1,27.35,7,27.4,1,1,2022-04-29 09:04:15
1651223055874654000,27.4,1,27.35,7,27.45,66,1,2022-04-29 09:04:15
1651223055874654000,27.45,3,27.35,7,27.45,66,1,2022-04-29 09:04:15
1651223055903525000,27.45,3,27.35,7,27.45,63,1,2022-04-29 09:04:15
1651223056053907000,27.45,1,27.35,7,27.45,74,1,2022-04-29 09:04:16
1651223056214764000,27.45,10,27.35,7,27.45,76,1,2022-04-29 09:04:16
1651223056297569000,27.45,2,27.35,9,27.45,74,1,2022-04-29 09:04:16
1651223056383288000,27.45,1,27.35,9,27.45,73,1,2022-04-29 09:04:16
1651223056518330000,27.4,1,27.35,9,27.4,11,1,2022-04-29 09:04:16
1651223056744222000,27.4,5,27.35,9,27.4,6,1,2022-04-29 09:04:16
1651223057003705000,27.4,1,27.35,9,27.4,15,1,2022-04-29 09:04:17
1651223057248014000,27.4,1,27.35,9,27.4,15,1,2022-04-29 09:04:17
1651223057280718000,27.4,5,27.35,9,27.4,10,1,2022-04-29 09:04:17
1651223057307348000,27.35,1,27.35,8,27.4,10,2,2022-04-29 09:04:17
1651223057314720000,27.4,1,27.35,8,27.4,9,1,2022-04-29 09:04:17
1651223057319152000,27.35,1,27.35,7,27.4,9,2,2022-04-29 09:04:17
1651223057657890000,27.35,1,27.35,6,27.4,16,2,2022-04-29 09:04:17
1651223057663386000,27.35,6,27.3,25,27.4,16,2,2022-04-29 09:04:17
1651223057769955000,27.4,1,27.3,25,27.4,15,1,2022-04-29 09:04:17
1651223058072563000,27.4,1,27.3,25,27.4,14,1,2022-04-29 09:04:18
1651223058099675000,27.4,3,27.3,25,27.4,11,1,2022-04-29 09:04:18
1651223058163640000,27.35,1,27.3,25,27.4,11,1,2022-04-29 09:04:18
1651223058193391000,27.4,10,27.35,5,27.4,1,1,2022-04-29 09:04:18
1651223058213715000,27.35,1,27.35,4,27.4,1,2,2022-04-29 09:04:18
1651223058228812000,27.4,1,27.35,4,27.45,36,1,2022-04-29 09:04:18
1651223058234602000,27.35,1,27.35,3,27.45,36,2,2022-04-29 09:04:18
1651223058235253000,27.35,1,27.35,2,27.45,36,2,2022-04-29 09:04:18
1651223058240737000,27.45,1,27.35,2,27.45,35,1,2022-04-29 09:04:18
1651223058395720000,27.45,5,27.35,2,27.45,30,1,2022-04-29 09:04:18
1651223058494847000,27.35,1,27.35,1,27.45,30,2,2022-04-29 09:04:18
1651223058653226000,27.35,1,27.3,25,27.35,1,2,2022-04-29 09:04:18
1651223058677291000,27.35,1,27.3,25,27.45,30,1,2022-04-29 09:04:18
1651223058808690000,27.3,5,27.3,20,27.45,30,2,2022-04-29 09:04:18
1651223059161922000,27.4,5,27.35,51,27.45,20,1,2022-04-29 09:04:19
1651223059186656000,27.35,2,27.35,49,27.45,20,2,2022-04-29 09:04:19
1651223059195493000,27.45,3,27.35,49,27.45,17,1,2022-04-29 09:04:19
1651223059198891000,27.35,1,27.35,48,27.45,17,2,2022-04-29 09:04:19
1651223059321481000,27.45,18,27.35,48,27.5,10,1,2022-04-29 09:04:19
1651223059321481000,27.5,2,27.35,48,27.5,10,1,2022-04-29 09:04:19
1651223059375868000,27.4,10,27.35,48,27.5,10,1,2022-04-29 09:04:19
1651223059431600000,27.5,1,27.45,4,27.5,9,1,2022-04-29 09:04:19
1651223059458729000,27.45,2,27.45,2,27.5,9,2,2022-04-29 09:04:19
1651223059512144000,27.5,9,27.45,2,27.55,39,1,2022-04-29 09:04:19
1651223059512144000,27.55,1,27.45,2,27.55,39,1,2022-04-29 09:04:19
1651223059816615000,27.5,2,27.45,3,27.55,39,2,2022-04-29 09:04:19
1651223060240906000,27.45,2,27.45,1,27.55,39,2,2022-04-29 09:04:20
1651223060246290000,27.45,1,27.4,11,27.45,4,2,2022-04-29 09:04:20
1651223060269855000,27.45,2,27.4,11,27.45,2,1,2022-04-29 09:04:20
1651223060270526000,27.45,2,27.4,11,27.55,39,1,2022-04-29 09:04:20
1651223060625643000,27.45,1,27.4,12,27.55,39,1,2022-04-29 09:04:20
1651223060681498000,27.45,1,27.4,12,27.5,50,2,2022-04-29 09:04:20
1651223060871912000,27.4,16,27.35,47,27.5,50,2,2022-04-29 09:04:20
1651223060871912000,27.35,4,27.35,47,27.5,50,2,2022-04-29 09:04:20
1651223061208401000,27.5,1,27.35,47,27.5,49,1,2022-04-29 09:04:21
1651223061366638000,27.5,49,27.6,33,27.65,26,1,2022-04-29 09:04:21
1651223061366638000,27.55,19,27.6,33,27.65,26,1,2022-04-29 09:04:21
1651223061366638000,27.6,39,27.6,33,27.65,26,1,2022-04-29 09:04:21
1651223061402555000,27.6,10,27.6,23,27.65,26,2,2022-04-29 09:04:21
1651223061435580000,27.6,13,27.6,10,27.65,27,2,2022-04-29 09:04:21
1651223061459366000,27.6,10,27.4,10,27.65,27,2,2022-04-29 09:04:21
1651223061682518000,27.5,1,27.4,10,27.6,1,1,2022-04-29 09:04:21
1651223061696593000,27.4,1,27.4,9,27.6,1,2,2022-04-29 09:04:21
1651223062114451000,27.55,7,27.45,9,27.7,119,1,2022-04-29 09:04:22
1651223062114451000,27.6,1,27.45,9,27.7,119,1,2022-04-29 09:04:22
1651223062114451000,27.65,27,27.45,9,27.7,119,1,2022-04-29 09:04:22
1651223062242026000,27.7,2,27.5,1,27.7,117,1,2022-04-29 09:04:22
1651223062290831000,27.5,2,27.35,54,27.7,117,2,2022-04-29 09:04:22
