ts,close,volume,bid_price,bid_volume,ask_price,ask_volume,tick_type,datetime
1651222811538472000,25.1,481,25.05,5,25.1,66,1,2022-04-29 09:00:11
1651222811601274000,25.05,5,24.9,2,25.1,66,2,2022-04-29 09:00:11
1651222811601274000,25.0,14,24.9,2,25.1,66,2,2022-04-29 09:00:11
1651222811601274000,24.95,5,24.9,2,25.1,66,2,2022-04-29 09:00:11
1651222811601274000,24.9,16,24.9,2,25.1,66,2,2022-04-29 09:00:11
1651222813190372000,24.9,1,24.9,2,24.95,1,2,2022-04-29 09:00:13
1651222813645962000,24.9,1,24.9,1,24.95,1,2,2022-04-29 09:00:13
1651222814576930000,24.95,1,24.9,1,25.0,10,1,2022-04-29 09:00:14
1651222814658887000,25.0,5,24.9,1,25.0,5,1,2022-04-29 09:00:14
1651222815839669000,24.9,1,24.8,62,25.0,6,2,2022-04-29 09:00:15
1651222816537750000,25.0,1,24.9,10,25.0,5,1,2022-04-29 09:00:16
1651222819364242000,25.0,1,24.9,10,25.0,5,1,2022-04-29 09:00:19
1651222820161347000,24.9,2,24.9,9,25.0,5,2,2022-04-29 09:00:20
1651222820543553000,25.0,5,24.9,9,25.0,5,1,2022-04-29 09:00:20
1651222820577788000,25.0,4,24.9,9,25.0,1,1,2022-04-29 09:00:20
1651222821232292000,25.0,1,24.9,9,25.05,2,1,2022-04-29 09:00:21
1651222821460597000,24.9,1,24.9,8,25.05,2,2,2022-04-29 09:00:21
1651222821659416000,25.05,4,24.9,8,25.05,3,1,2022-04-29 09:00:21
1651222821718712000,25.05,3,24.95,2,25.1,7,1,2022-04-29 09:00:21
1651222822010704000,25.0,1,24.95,5,25.1,7,2,2022-04-29 09:00:22
1651222822427523000,24.95,3,24.95,2,25.1,7,2,2022-04-29 09:00:22
1651222822514933000,25.1,5,25.0,1,25.1,2,1,2022-04-29 09:00:22
1651222822852959000,25.0,1,24.95,2,25.1,2,2,2022-04-29 09:00:22
1651222822945533000,24.95,2,24.85,3,25.1,2,2,2022-04-29 09:00:22
1651222822945533000,24.9,8,24.85,3,25.1,2,2,2022-04-29 09:00:22
1651222822945533000,24.85,2,24.85,3,25.1,2,2,2022-04-29 09:00:22
1651222822952969000,24.85,3,24.8,60,25.1,2,2,2022-04-29 09:00:22
1651222822952969000,24.8,4,24.8,60,25.1,2,2,2022-04-29 09:00:22
1651222822981250000,24.8,18,24.8,42,25.1,2,2,2022-04-29 09:00:22
1651222823147534000,24.9,2,24.8,42,24.85,18,2,2022-04-29 09:00:23
1651222823166824000,24.85,1,24.8,42,24.85,17,1,2022-04-29 09:00:23
1651222823242973000,24.85,1,24.8,42,24.85,16,1,2022-04-29 09:00:23
1651222823331401000,24.85,1,24.8,42,24.85,15,1,2022-04-29 09:00:23
1651222823400307000,24.85,1,24.8,42,24.85,14,1,2022-04-29 09:00:23
1651222823629391000,24.85,10,24.8,42,24.85,8,1,2022-04-29 09:00:23
1651222823708262000,24.85,1,24.8,42,24.85,7,1,2022-04-29 09:00:23
1651222823828803000,24.85,1,24.8,42,24.85,6,1,2022-04-29 09:00:23
1651222824057693000,24.85,1,24.8,42,24.85,5,1,2022-04-29 09:00:24
1651222824179455000,24.85,1,24.8,42,24.85,4,1,2022-04-29 09:00:24
1651222824599335000,24.85,4,24.8,42,25.0,1,1,2022-04-29 09:00:24
1651222824599335000,25.0,1,24.8,42,25.0,1,1,2022-04-29 09:00:24
1651222824631629000,25.0,1,25.0,1,25.05,3,1,2022-04-29 09:00:24
1651222825098651000,25.05,3,25.0,3,25.15,6,1,2022-04-29 09:00:25
1651222825098651000,25.1,2,25.0,3,25.15,6,1,2022-04-29 09:00:25
1651222825642286000,25.15,8,25.0,3,25.3,24,1,2022-04-29 09:00:25
1651222825642286000,25.2,19,25.0,3,25.3,24,1,2022-04-29 09:00:25
1651222825642286000,25.25,3,25.0,3,25.3,24,1,2022-04-29 09:00:25
1651222825729477000,25.05,1,25.05,2,25.25,2,2,2022-04-29 09:00:25
1651222825771573000,25.05,2,25.0,3,25.25,2,2,2022-04-29 09:00:25
1651222825998579000,25.2,1,25.0,3,25.3,17,1,2022-04-29 09:00:25
1651222825998579000,25.25,2,25.0,3,25.3,17,1,2022-04-29 09:00:25
1651222825998579000,25.3,7,25.0,3,25.3,17,1,2022-04-29 09:00:25
1651222826410427000,25.05,2,25.0,3,25.05,8,2,2022-04-29 09:00:26
1651222826773214000,25.05,1,25.0,3,25.05,7,1,2022-04-29 09:00:26
1651222826977605000,25.05,1,25.0,3,25.05,6,1,2022-04-29 09:00:26
1651222828252414000,25.0,1,25.0,4,25.05,6,2,2022-04-29 09:00:28
1651222828383611000,25.05,1,25.0,4,25.05,5,1,2022-04-29 09:00:28
1651222829296018000,25.05,1,25.0,4,25.05,4,1,2022-04-29 09:00:29
1651222829568106000,25.05,4,25.0,6,25.3,17,1,2022-04-29 09:00:29
1651222829568106000,25.25,2,25.0,6,25.3,17,1,2022-04-29 09:00:29
1651222830173540000,25.25,2,25.1,2,25.3,14,1,2022-04-29 09:00:30
1651222830173540000,25.3,3,25.1,2,25.3,14,1,2022-04-29 09:00:30
1651222830380584000,25.1,2,25.0,4,25.3,14,2,2022-04-29 09:00:30
1651222830380584000,25.05,3,25.0,4,25.3,14,2,2022-04-29 09:00:30
1651222830380584000,25.0,2,25.0,4,25.3,14,2,2022-04-29 09:00:30
1651222831698919000,25.05,1,25.05,11,25.2,10,2,2022-04-29 09:00:31
1651222832646498000,25.05,1,25.05,10,25.2,10,2,2022-04-29 09:00:32
1651222832980789000,25.2,1,25.05,10,25.2,9,1,2022-04-29 09:00:32
1651222833512101000,25.15,1,25.05,13,25.2,9,2,2022-04-29 09:00:33
1651222834583418000,25.2,2,25.05,24,25.2,7,1,2022-04-29 09:00:34
1651222836127545000,25.2,9,25.1,2,25.3,17,1,2022-04-29 09:00:36
1651222836127545000,25.25,1,25.1,2,25.3,17,1,2022-04-29 09:00:36
1651222836266641000,25.15,1,25.15,1,25.25,2,2,2022-04-29 09:00:36
1651222836586306000,25.15,1,25.1,5,25.25,2,2,2022-04-29 09:00:36
1651222837021526000,25.15,1,25.1,5,25.25,2,1,2022-04-29 09:00:37
1651222837118359000,25.25,2,25.1,9,25.3,16,1,2022-04-29 09:00:37
1651222837118359000,25.3,1,25.1,9,25.3,16,1,2022-04-29 09:00:37
1651222837241272000,25.15,2,25.15,3,25.3,16,2,2022-04-29 09:00:37
1651222837244841000,25.3,2,25.15,3,25.3,14,1,2022-04-29 09:00:37
1651222837328733000,25.25,2,25.15,3,25.3,14,1,2022-04-29 09:00:37
1651222840362094000,25.2,2,25.15,1,25.2,1,1,2022-04-29 09:00:40
1651222840528980000,25.2,1,25.15,1,25.3,14,1,2022-04-29 09:00:40
1651222840528980000,25.25,1,25.15,1,25.3,14,1,2022-04-29 09:00:40
1651222840528980000,25.3,2,25.15,1,25.3,14,1,2022-04-29 09:00:40
1651222840549064000,25.3,1,25.15,1,25.3,13,1,2022-04-29 09:00:40
1651222841433689000,25.3,1,25.15,6,25.3,12,1,2022-04-29 09:00:41
1651222841497015000,25.15,1,25.15,5,25.3,12,2,2022-04-29 09:00:41
1651222841915632000,25.2,1,25.1,9,25.25,1,2,2022-04-29 09:00:41
1651222841915632000,25.15,5,25.1,9,25.25,1,2,2022-04-29 09:00:41
1651222841915632000,25.1,4,25.1,9,25.25,1,2,2022-04-29 09:00:41
1651222842281654000,25.25,1,25.15,3,25.3,11,1,2022-04-29 09:00:42
1651222842281654000,25.3,1,25.15,3,25.3,11,1,2022-04-29 09:00:42
1651222842520679000,25.25,1,25.15,4,25.2,4,2,2022-04-29 09:00:42
1651222842688301000,25.2,1,25.15,4,25.2,3,1,2022-04-29 09:00:42
1651222842758860000,25.2,3,25.15,4,25.3,9,1,2022-04-29 09:00:42
1651222842758860000,25.3,2,25.15,4,25.3,9,1,2022-04-29 09:00:42
1651222843672742000,25.3,1,25.25,1,25.3,8,1,2022-04-29 09:00:43
1651222843752456000,25.3,2,25.25,1,25.3,6,1,2022-04-29 09:00:43
1651222844464775000,25.3,1,25.25,1,25.3,5,1,2022-04-29 09:00:44
1651222845030944000,25.3,1,25.25,1,25.3,4,1,2022-04-29 09:00:45
1651222845253673000,25.3,2,25.25,1,25.3,2,1,2022-04-29 09:00:45
1651222845350418000,25.3,1,25.25,1,25.3,1,1,2022-04-29 09:00:45
1651222846997246000,25.3,1,25.25,1,25.3,1,1,2022-04-29 09:00:46
1651222847564858000,25.25,1,25.2,6,25.3,1,2,2022-04-29 09:00:47
1651222847585684000,25.3,1,25.3,2,25.35,8,1,2022-04-29 09:00:47
1651222847813769000,25.35,8,25.3,2,25.4,5,1,2022-04-29 09:00:47
1651222847813769000,25.4,2,25.3,2,25.4,5,1,2022-04-29 09:00:47
1651222848517368000,25.4,1,25.3,6,25.4,4,1,2022-04-29 09:00:48
1651222848768538000,25.4,1,25.3,6,25.4,3,1,2022-04-29 09:00:48
1651222850389004000,25.3,9,25.25,1,25.4,3,2,2022-04-29 09:00:50
1651222850389004000,25.25,1,25.25,1,25.4,3,2,2022-04-29 09:00:50
1651222851180556000,25.4,1,25.35,1,25.4,2,1,2022-04-29 09:00:51
1651222851492492000,25.4,1,25.35,1,25.4,1,1,2022-04-29 09:00:51
1651222851546482000,25.4,1,25.35,1,25.45,82,1,2022-04-29 09:00:51
1651222851546482000,25.45,4,25.35,1,25.45,82,1,2022-04-29 09:00:51
1651222852130400000,25.45,1,25.35,2,25.45,81,1,2022-04-29 09:00:52
1651222852352184000,25.35,2,25.3,2,25.45,81,2,2022-04-29 09:00:52
1651222852352184000,25.3,3,25.3,2,25.45,81,2,2022-04-29 09:00:52
1651222852620438000,25.4,1,25.4,1,25.45,81,2,2022-04-29 09:00:52
1651222852888171000,25.45,3,25.4,1,25.45,78,1,2022-04-29 09:00:52
1651222853898258000,25.4,1,25.2,21,25.45,78,2,2022-04-29 09:00:53
1651222853898258000,25.3,7,25.2,21,25.45,78,2,2022-04-29 09:00:53
1651222853898258000,25.25,2,25.2,21,25.45,78,2,2022-04-29 09:00:53
1651222853963183000,25.4,2,25.25,2,25.45,75,1,2022-04-29 09:00:53
1651222853963183000,25.45,3,25.25,2,25.45,75,1,2022-04-29 09:00:53
1651222854518037000,25.4,1,25.25,7,25.4,1,2,2022-04-29 09:00:54
1651222854555011000,25.4,1,25.25,7,25.45,75,1,2022-04-29 09:00:54
1651222854580641000,25.25,7,25.2,18,25.45,75,2,2022-04-29 09:00:54
1651222854580641000,25.2,3,25.2,18,25.45,75,2,2022-04-29 09:00:54
1651222854597647000,25.45,2,25.2,18,25.45,73,1,2022-04-29 09:00:54
1651222856436056000,25.4,7,25.3,1,25.45,77,1,2022-04-29 09:00:56
1651222856436056000,25.45,3,25.3,1,25.45,77,1,2022-04-29 09:00:56
1651222856900460000,25.35,1,25.3,2,25.45,77,1,2022-04-29 09:00:56
1651222857188195000,25.4,1,25.3,2,25.45,77,1,2022-04-29 09:00:57
1651222857367656000,25.4,4,25.3,5,25.45,76,1,2022-04-29 09:00:57
1651222857367656000,25.45,1,25.3,5,25.45,76,1,2022-04-29 09:00:57
1651222857457119000,25.4,5,25.3,5,25.45,76,2,2022-04-29 09:00:57
1651222857548478000,25.4,2,25.3,5,25.45,76,2,2022-04-29 09:00:57
1651222857838176000,25.45,1,25.3,5,25.45,75,1,2022-04-29 09:00:57
1651222858149881000,25.45,1,25.3,5,25.45,74,1,2022-04-29 09:00:58
1651222858292144000,25.45,2,25.3,5,25.45,72,1,2022-04-29 09:00:58
1651222858374313000,25.45,1,25.3,5,25.45,79,1,2022-04-29 09:00:58
1651222858444906000,25.3,5,25.2,14,25.45,79,2,2022-04-29 09:00:58
1651222858444906000,25.25,1,25.2,14,25.45,79,2,2022-04-29 09:00:58
1651222858444906000,25.2,4,25.2,14,25.45,79,2,2022-04-29 09:00:58
1651222858592096000,25.4,2,25.25,2,25.4,1,1,2022-04-29 09:00:58
1651222859632726000,25.4,5,25.25,7,25.4,3,1,2022-04-29 09:00:59
1651222861083953000,25.25,2,25.2,14,25.35,6,2,2022-04-29 09:01:01
1651222862221082000,25.3,1,25.25,1,25.35,5,1,2022-04-29 09:01:02
1651222862221082000,25.35,1,25.25,1,25.35,5,1,2022-04-29 09:01:02
1651222862334242000,25.3,5,25.25,1,25.35,5,2,2022-04-29 09:01:02
1651222862479223000,25.35,1,25.25,1,25.35,5,1,2022-04-29 09:01:02
1651222862803446000,25.35,5,25.25,1,25.4,72,1,2022-04-29 09:01:02
1651222862803446000,25.4,5,25.25,1,25.4,72,1,2022-04-29 09:01:02
1651222862810619000,25.4,1,25.25,1,25.4,71,1,2022-04-29 09:01:02
1651222862897565000,25.25,7,25.05,10,25.4,71,2,2022-04-29 09:01:02
1651222862897565000,25.2,19,25.05,10,25.4,71,2,2022-04-29 09:01:02
1651222862897565000,25.15,6,25.05,10,25.4,71,2,2022-04-29 09:01:02
1651222862897565000,25.1,11,25.05,10,25.4,71,2,2022-04-29 09:01:02
1651222862897565000,25.05,17,25.05,10,25.4,71,2,2022-04-29 09:01:02
1651222863069744000,25.1,1,25.1,1,25.35,8,2,2022-04-29 09:01:03
1651222863082333000,25.1,1,25.05,12,25.35,8,2,2022-04-29 09:01:03
1651222863110420000,25.05,5,25.05,5,25.35,8,2,2022-04-29 09:01:03
1651222863455155000,25.25,1,25.05,5,25.25,1,1,2022-04-29 09:01:03
1651222865159484000,25.2,1,25.05,5,25.25,1,1,2022-04-29 09:01:05
1651222865977604000,25.25,1,25.25,19,25.3,23,1,2022-04-29 09:01:05
1651222866011200000,25.25,19,25.2,10,25.3,23,2,2022-04-29 09:01:06
1651222866491450000,25.2,1,25.2,9,25.3,23,2,2022-04-29 09:01:06
1651222868072411000,25.25,10,25.2,10,25.3,23,1,2022-04-29 09:01:08
1651222868263260000,25.3,4,25.2,10,25.3,19,1,2022-04-29 09:01:08
1651222868675971000,25.3,5,25.2,10,25.3,14,1,2022-04-29 09:01:08
1651222869125032000,25.25,1,25.2,10,25.3,14,2,2022-04-29 09:01:09
1651222869199167000,25.25,1,25.2,10,25.3,14,2,2022-04-29 09:01:09
1651222869306486000,25.2,3,25.2,7,25.3,14,2,2022-04-29 09:01:09
1651222869400279000,25.2,1,25.2,6,25.3,14,2,2022-04-29 09:01:09
1651222869438459000,25.2,6,25.15,2,25.3,14,2,2022-04-29 09:01:09
1651222870165980000,25.2,1,25.2,1,25.25,3,2,2022-04-29 09:01:10
1651222870496446000,25.25,1,25.2,1,25.25,3,1,2022-04-29 09:01:10
1651222870508554000,25.2,1,25.05,2,25.25,3,2,2022-04-29 09:01:10
1651222870508554000,25.15,2,25.05,2,25.25,3,2,2022-04-29 09:01:10
1651222870508554000,25.1,5,25.05,2,25.25,3,2,2022-04-29 09:01:10
1651222870508554000,25.05,2,25.05,2,25.25,3,2,2022-04-29 09:01:10
1651222870730415000,25.05,2,25.0,63,25.2,1,2,2022-04-29 09:01:10
1651222870730415000,25.0,8,25.0,63,25.2,1,2,2022-04-29 09:01:10
1651222871302003000,25.15,1,25.0,63,25.2,1,1,2022-04-29 09:01:11
1651222871504953000,25.0,1,25.0,62,25.2,1,2,2022-04-29 09:01:11
1651222871736490000,25.15,1,25.0,62,25.2,1,2,2022-04-29 09:01:11
1651222871900285000,25.0,2,25.0,60,25.2,1,2,2022-04-29 09:01:11
1651222872192006000,25.2,1,25.0,60,25.25,3,1,2022-04-29 09:01:12
1651222872227714000,25.25,1,25.05,1,25.25,2,1,2022-04-29 09:01:12
1651222872465221000,25.25,2,25.05,1,25.3,7,1,2022-04-29 09:01:12
1651222872465221000,25.3,8,25.05,1,25.3,7,1,2022-04-29 09:01:12
1651222872604598000,25.05,1,25.0,53,25.3,7,2,2022-04-29 09:01:12
1651222872604598000,25.0,7,25.0,53,25.3,7,2,2022-04-29 09:01:12
1651222872726813000,25.25,1,25.0,53,25.25,1,1,2022-04-29 09:01:12
1651222873189733000,25.25,1,25.0,53,25.25,1,1,2022-04-29 09:01:13
1651222873916187000,25.2,2,25.2,5,25.25,1,2,2022-04-29 09:01:13
1651222873951256000,25.2,5,25.0,54,25.25,1,2,2022-04-29 09:01:13
1651222874154743000,25.2,1,25.2,1,25.25,1,1,2022-04-29 09:01:14
1651222874229011000,25.25,1,25.2,2,25.3,11,1,2022-04-29 09:01:14
1651222874229011000,25.3,1,25.2,2,25.3,11,1,2022-04-29 09:01:14
1651222874947519000,25.3,1,25.2,7,25.3,12,1,2022-04-29 09:01:14
1651222875013335000,25.2,5,25.2,2,25.3,12,2,2022-04-29 09:01:15
1651222875397602000,25.2,2,25.0,54,25.3,12,2,2022-04-29 09:01:15
1651222875823745000,25.05,1,25.0,53,25.2,1,2,2022-04-29 09:01:15
1651222875823745000,25.0,6,25.0,53,25.2,1,2,2022-04-29 09:01:15
1651222876183679000,25.2,1,25.05,1,25.25,1,1,2022-04-29 09:01:16
1651222876533263000,25.25,1,25.05,1,25.3,9,1,2022-04-29 09:01:16
1651222876533263000,25.3,3,25.05,1,25.3,9,1,2022-04-29 09:01:16
1651222876605164000,25.1,1,25.0,53,25.3,9,2,2022-04-29 09:01:16
1651222876605164000,25.05,1,25.0,53,25.3,9,2,2022-04-29 09:01:16
1651222876605164000,25.0,3,25.0,53,25.3,9,2,2022-04-29 09:01:16
1651222876611216000,25.3,9,25.0,53,25.4,23,1,2022-04-29 09:01:16
1651222876611216000,25.35,5,25.0,53,25.4,23,1,2022-04-29 09:01:16
1651222876611216000,25.4,11,25.0,53,25.4,23,1,2022-04-29 09:01:16
1651222876993547000,25.25,1,25.25,5,25.35,1,2,2022-04-29 09:01:16
1651222877025005000,25.25,5,25.0,56,25.35,1,2,2022-04-29 09:01:17
1651222878719292000,25.15,1,25.25,7,25.3,1,1,2022-04-29 09:01:18
1651222878719292000,25.2,2,25.25,7,25.3,1,1,2022-04-29 09:01:18
1651222878745161000,25.25,7,25.1,1,25.3,1,2,2022-04-29 09:01:18
1651222879185144000,25.15,2,25.0,84,25.25,2,2,2022-04-29 09:01:19
1651222879185144000,25.1,1,25.0,84,25.25,2,2,2022-04-29 09:01:19
1651222879185144000,25.05,2,25.0,84,25.25,2,2,2022-04-29 09:01:19
1651222879185144000,25.0,5,25.0,84,25.25,2,2,2022-04-29 09:01:19
1651222879909435000,25.0,1,25.0,84,25.2,5,2,2022-04-29 09:01:19
1651222880674630000,25.05,10,25.05,1,25.15,1,2,2022-04-29 09:01:20
1651222881078099000,25.05,1,25.0,84,25.15,1,2,2022-04-29 09:01:21
1651222881078099000,25.0,1,25.0,84,25.15,1,2,2022-04-29 09:01:21
1651222881135386000,25.1,1,25.1,2,25.2,4,1,2022-04-29 09:01:21
1651222881280407000,25.2,4,25.1,2,25.25,1,1,2022-04-29 09:01:21
1651222881280407000,25.25,1,25.1,2,25.25,1,1,2022-04-29 09:01:21
1651222882501611000,25.2,10,25.1,3,25.3,4,1,2022-04-29 09:01:22
1651222882501611000,25.25,1,25.1,3,25.3,4,1,2022-04-29 09:01:22
1651222882501611000,25.3,7,25.1,3,25.3,4,1,2022-04-29 09:01:22
1651222883641975000,25.2,1,25.05,30,25.1,6,2,2022-04-29 09:01:23
1651222883641975000,25.1,3,25.05,30,25.1,6,2,2022-04-29 09:01:23
1651222883694683000,25.1,1,25.05,30,25.1,5,1,2022-04-29 09:01:23
1651222884662575000,25.1,5,25.05,30,25.3,5,1,2022-04-29 09:01:24
1651222884662575000,25.25,2,25.05,30,25.3,5,1,2022-04-29 09:01:24
1651222884662575000,25.3,3,25.05,30,25.3,5,1,2022-04-29 09:01:24
1651222884768266000,25.1,3,25.05,27,25.25,2,2,2022-04-29 09:01:24
1651222884768266000,25.05,3,25.05,27,25.25,2,2,2022-04-29 09:01:24
1651222885740915000,25.05,5,25.05,22,25.1,1,2,2022-04-29 09:01:25
1651222886886104000,25.1,1,25.1,1,25.15,3,1,2022-04-29 09:01:26
1651222887227398000,25.1,1,25.05,23,25.15,3,2,2022-04-29 09:01:27
1651222887227398000,25.05,1,25.05,23,25.15,3,2,2022-04-29 09:01:27
1651222887629877000,25.15,1,25.05,23,25.15,2,1,2022-04-29 09:01:27
1651222887825354000,25.1,1,25.1,8,25.15,2,2,2022-04-29 09:01:27
1651222888032234000,25.1,1,25.1,7,25.15,2,2,2022-04-29 09:01:28
1651222889025149000,25.15,1,25.1,9,25.15,1,1,2022-04-29 09:01:29
1651222889154470000,25.15,1,25.1,9,25.25,3,1,2022-04-29 09:01:29
1651222889599000000,25.25,3,25.1,9,25.3,9,1,2022-04-29 09:01:29
1651222889599000000,25.3,5,25.1,9,25.3,9,1,2022-04-29 09:01:29
1651222889623796000,25.15,1,25.15,4,25.3,9,1,2022-04-29 09:01:29
1651222889914794000,25.15,2,25.1,1,25.25,3,2,2022-04-29 09:01:29
1651222889914794000,25.1,8,25.1,1,25.25,3,2,2022-04-29 09:01:29
1651222890002534000,25.1,1,25.05,26,25.25,3,2,2022-04-29 09:01:30
1651222890726415000,25.15,2,25.25,15,25.3,13,1,2022-04-29 09:01:30
1651222890726415000,25.25,3,25.25,15,25.3,13,1,2022-04-29 09:01:30
1651222891638865000,25.25,4,25.25,11,25.3,13,2,2022-04-29 09:01:31
1651222891869309000,25.25,11,25.0,112,25.3,13,2,2022-04-29 09:01:31
1651222891869309000,25.05,7,25.0,112,25.3,13,2,2022-04-29 09:01:31
1651222891869309000,25.0,2,25.0,112,25.3,13,2,2022-04-29 09:01:31
1651222893338048000,25.2,1,25.1,2,25.25,3,2,2022-04-29 09:01:33
1651222893338048000,25.15,1,25.1,2,25.25,3,2,2022-04-29 09:01:33
1651222893814657000,25.25,1,25.1,2,25.25,3,1,2022-04-29 09:01:33
1651222896372138000,25.2,1,25.1,7,25.2,32,1,2022-04-29 09:01:36
1651222897674028000,25.2,9,25.15,5,25.2,23,1,2022-04-29 09:01:37
1651222898292110000,25.2,2,25.15,5,25.2,21,1,2022-04-29 09:01:38
1651222899623765000,25.2,5,25.15,5,25.2,16,1,2022-04-29 09:01:39
1651222899835539000,25.2,1,25.15,5,25.2,15,1,2022-04-29 09:01:39
1651222901443388000,25.15,6,25.1,13,25.15,11,2,2022-04-29 09:01:41
1651222901741182000,25.1,1,25.1,12,25.15,11,2,2022-04-29 09:01:41
1651222901969974000,25.15,1,25.1,12,25.15,10,1,2022-04-29 09:01:41
1651222901981849000,25.15,1,25.1,12,25.15,9,1,2022-04-29 09:01:41
1651222902024641000,25.15,5,25.1,12,25.15,4,1,2022-04-29 09:01:42
1651222902121314000,25.15,1,25.1,12,25.15,3,1,2022-04-29 09:01:42
1651222904329118000,25.15,4,25.15,17,25.2,17,1,2022-04-29 09:01:44
1651222906055536000,25.15,1,25.15,16,25.2,18,2,2022-04-29 09:01:46
1651222907277416000,25.15,4,25.15,13,25.2,17,2,2022-04-29 09:01:47
1651222908227837000,25.2,1,25.15,13,25.2,16,1,2022-04-29 09:01:48
1651222909175226000,25.15,1,25.15,13,25.2,16,2,2022-04-29 09:01:49
1651222911259260000,25.2,1,25.15,14,25.2,21,1,2022-04-29 09:01:51
1651222911873260000,25.15,4,25.15,11,25.2,21,2,2022-04-29 09:01:51
1651222912518272000,25.2,1,25.15,15,25.2,21,1,2022-04-29 09:01:52
1651222913118038000,25.2,2,25.15,17,25.2,22,1,2022-04-29 09:01:53
1651222913301811000,25.15,1,25.15,17,25.2,22,2,2022-04-29 09:01:53
1651222913988386000,25.15,2,25.15,17,25.2,22,2,2022-04-29 09:01:53
1651222914708117000,25.2,2,25.15,17,25.2,20,1,2022-04-29 09:01:54
1651222915623975000,25.15,1,25.15,17,25.2,36,2,2022-04-29 09:01:55
1651222916011217000,25.2,1,25.15,17,25.2,35,1,2022-04-29 09:01:56
1651222918062692000,25.2,2,25.15,18,25.2,56,1,2022-04-29 09:01:58
1651222919513096000,25.15,4,25.15,15,25.2,58,2,2022-04-29 09:01:59
1651222920200530000,25.15,3,25.15,22,25.2,58,2,2022-04-29 09:02:00
1651222920351612000,25.15,3,25.15,19,25.2,58,2,2022-04-29 09:02:00
1651222920472494000,25.2,6,25.15,19,25.2,52,1,2022-04-29 09:02:00
1651222920636233000,25.15,1,25.15,18,25.2,53,2,2022-04-29 09:02:00
1651222920800475000,25.15,11,25.15,7,25.2,53,2,2022-04-29 09:02:00
1651222920811159000,25.2,4,25.15,7,25.2,49,1,2022-04-29 09:02:00
1651222921086965000,25.2,2,25.15,7,25.2,47,1,2022-04-29 09:02:01
1651222921312467000,25.15,1,25.15,6,25.2,47,2,2022-04-29 09:02:01
1651222921489290000,25.15,3,25.15,3,25.2,47,2,2022-04-29 09:02:01
1651222921568937000,25.15,3,25.1,15,25.2,47,2,2022-04-29 09:02:01
1651222921568937000,25.1,7,25.1,15,25.2,47,2,2022-04-29 09:02:01
1651222922433398000,25.15,1,25.1,15,25.15,2,1,2022-04-29 09:02:02
1651222922615209000,25.1,3,25.1,12,25.15,2,2,2022-04-29 09:02:02
1651222923143091000,25.15,5,25.1,12,25.15,13,1,2022-04-29 09:02:03
1651222923462531000,25.1,2,25.1,15,25.15,14,2,2022-04-29 09:02:03
1651222924113301000,25.1,1,25.1,14,25.15,15,2,2022-04-29 09:02:04
1651222924421977000,25.15,1,25.1,14,25.15,14,1,2022-04-29 09:02:04
1651222925565454000,25.15,1,25.1,15,25.15,76,1,2022-04-29 09:02:05
1651222926440863000,25.1,16,25.05,17,25.15,77,2,2022-04-29 09:02:06
1651222926440863000,25.05,4,25.05,17,25.15,77,2,2022-04-29 09:02:06
1651222926685124000,25.1,1,25.05,17,25.1,1,1,2022-04-29 09:02:06
1651222926715626000,25.1,1,25.05,17,25.15,76,1,2022-04-29 09:02:06
1651222926715626000,25.15,1,25.05,17,25.15,76,1,2022-04-29 09:02:06
1651222927076217000,25.05,17,24.95,14,25.0,18,2,2022-04-29 09:02:07
1651222927076217000,25.0,165,24.95,14,25.0,18,2,2022-04-29 09:02:07
1651222927115287000,24.95,1,24.95,13,25.0,18,2,2022-04-29 09:02:07
1651222927116834000,24.95,1,24.95,12,25.0,18,2,2022-04-29 09:02:07
1651222927124713000,24.95,1,24.95,11,25.0,18,2,2022-04-29 09:02:07
1651222927132573000,24.95,1,24.95,10,25.0,18,2,2022-04-29 09:02:07
1651222927132706000,24.95,1,24.95,9,25.0,18,2,2022-04-29 09:02:07
1651222927137435000,24.95,1,24.95,8,25.0,18,2,2022-04-29 09:02:07
1651222927137459000,24.95,1,24.95,7,25.0,18,2,2022-04-29 09:02:07
1651222927138785000,24.95,1,24.95,6,25.0,18,2,2022-04-29 09:02:07
1651222927146534000,24.95,1,24.95,5,25.0,18,2,2022-04-29 09:02:07
1651222927153874000,24.95,1,24.95,4,25.0,18,2,2022-04-29 09:02:07
1651222927155632000,24.95,4,24.9,50,25.0,18,2,2022-04-29 09:02:07
1651222927547998000,24.95,1,24.9,50,24.95,1,1,2022-04-29 09:02:07
1651222927728557000,24.95,1,24.9,50,25.0,18,1,2022-04-29 09:02:07
1651222928151513000,25.0,1,24.9,50,25.0,17,1,2022-04-29 09:02:08
1651222928614031000,25.0,1,24.9,50,25.0,16,1,2022-04-29 09:02:08
1651222929209001000,24.9,1,24.9,49,25.0,49,2,2022-04-29 09:02:09
1651222929776674000,24.9,2,24.9,47,25.0,49,2,2022-04-29 09:02:09
1651222930153751000,24.9,5,24.9,42,25.0,49,2,2022-04-29 09:02:10
1651222930190762000,24.9,42,24.85,11,25.0,49,2,2022-04-29 09:02:10
1651222930666675000,24.85,11,24.8,61,24.85,22,2,2022-04-29 09:02:10
1651222930727935000,24.8,1,24.8,60,24.85,22,2,2022-04-29 09:02:10
1651222931305388000,24.8,4,24.8,56,24.85,22,2,2022-04-29 09:02:11
1651222931330613000,24.8,4,24.8,52,24.85,22,2,2022-04-29 09:02:11
1651222931337494000,24.8,1,24.8,51,24.85,22,2,2022-04-29 09:02:11
1651222931350003000,24.8,4,24.8,47,24.85,22,2,2022-04-29 09:02:11
1651222931355378000,24.8,4,24.8,43,24.85,22,2,2022-04-29 09:02:11
1651222931377692000,24.8,10,24.8,33,24.85,22,2,2022-04-29 09:02:11
1651222931380727000,24.8,1,24.8,32,24.85,22,2,2022-04-29 09:02:11
1651222931401288000,24.8,1,24.8,31,24.85,22,2,2022-04-29 09:02:11
1651222931436326000,24.8,1,24.8,30,24.85,22,2,2022-04-29 09:02:11
1651222931474803000,24.8,21,24.8,9,24.85,22,2,2022-04-29 09:02:11
1651222931511997000,24.8,1,24.8,8,24.85,22,2,2022-04-29 09:02:11
1651222931512858000,24.8,1,24.8,7,24.85,22,2,2022-04-29 09:02:11
1651222931513879000,24.8,1,24.8,6,24.85,22,2,2022-04-29 09:02:11
1651222931727566000,24.8,1,24.8,5,24.85,22,2,2022-04-29 09:02:11
1651222931762918000,24.8,1,24.8,4,24.85,22,2,2022-04-29 09:02:11
1651222931876042000,24.8,1,24.8,3,24.85,22,2,2022-04-29 09:02:11
1651222931997764000,24.8,1,24.8,2,24.85,22,2,2022-04-29 09:02:11
1651222932169480000,24.8,3,24.75,2,24.9,2,2,2022-04-29 09:02:12
1651222932169480000,24.75,2,24.75,2,24.9,2,2,2022-04-29 09:02:12
1651222932312851000,24.75,2,24.7,15,24.8,27,2,2022-04-29 09:02:12
1651222932312851000,24.7,1,24.7,15,24.8,27,2,2022-04-29 09:02:12
1651222933158440000,24.7,5,24.7,10,24.75,5,2,2022-04-29 09:02:13
1651222933246310000,24.75,1,24.7,10,24.75,4,1,2022-04-29 09:02:13
1651222934087128000,24.7,4,24.7,6,24.75,4,2,2022-04-29 09:02:14
1651222934244015000,24.7,1,24.7,5,24.75,4,2,2022-04-29 09:02:14
1651222935177412000,24.7,5,24.65,3,24.7,10,2,2022-04-29 09:02:15
1651222935494492000,24.65,4,24.6,14,24.7,18,2,2022-04-29 09:02:15
1651222935494492000,24.6,1,24.6,14,24.7,18,2,2022-04-29 09:02:15
1651222935724511000,24.7,10,24.65,1,24.7,8,1,2022-04-29 09:02:15
1651222935875367000,24.7,3,24.65,1,24.75,2,1,2022-04-29 09:02:15
1651222935875367000,24.75,2,24.65,1,24.75,2,1,2022-04-29 09:02:15
1651222936129857000,24.75,1,24.65,2,24.75,1,1,2022-04-29 09:02:16
1651222937737194000,24.65,1,24.65,5,24.75,1,2,2022-04-29 09:02:17
1651222937831613000,24.75,1,24.75,4,24.8,41,1,2022-04-29 09:02:17
1651222937861631000,24.75,3,24.75,1,24.8,41,2,2022-04-29 09:02:17
1651222937884956000,24.75,1,24.65,1,24.8,41,2,2022-04-29 09:02:17
1651222937884956000,24.65,4,24.65,1,24.8,41,2,2022-04-29 09:02:17
1651222939204525000,24.7,2,24.6,15,24.75,3,2,2022-04-29 09:02:19
1651222939204525000,24.65,3,24.6,15,24.75,3,2,2022-04-29 09:02:19
1651222939379618000,24.65,1,24.6,15,24.7,1,2,2022-04-29 09:02:19
1651222939539872000,24.6,1,24.6,14,24.65,1,2,2022-04-29 09:02:19
1651222939545429000,24.6,4,24.6,10,24.65,1,2,2022-04-29 09:02:19
1651222939604810000,24.65,1,24.6,10,24.7,1,1,2022-04-29 09:02:19
1651222939734661000,24.7,1,24.6,10,24.75,4,1,2022-04-29 09:02:19
1651222939979299000,24.6,10,24.55,10,24.65,3,2,2022-04-29 09:02:19
1651222940111055000,24.55,3,24.55,7,24.6,2,2,2022-04-29 09:02:20
1651222940151115000,24.6,1,24.55,7,24.6,1,1,2022-04-29 09:02:20
1651222940227286000,24.6,1,24.55,7,24.65,3,1,2022-04-29 09:02:20
1651222940510244000,24.65,1,24.55,7,24.65,2,1,2022-04-29 09:02:20
1651222941690158000,24.55,1,24.55,7,24.65,2,2,2022-04-29 09:02:21
1651222941781725000,24.65,2,24.55,7,24.7,2,1,2022-04-29 09:02:21
1651222941781725000,24.7,1,24.55,7,24.7,2,1,2022-04-29 09:02:21
1651222942165449000,24.55,2,24.55,5,24.7,6,2,2022-04-29 09:02:22
1651222942203488000,24.55,5,24.2,83,24.65,1,2,2022-04-29 09:02:22
1651222942203488000,24.5,50,24.2,83,24.65,1,2,2022-04-29 09:02:22
1651222942203488000,24.45,1,24.2,83,24.65,1,2,2022-04-29 09:02:22
1651222942203488000,24.4,11,24.2,83,24.65,1,2,2022-04-29 09:02:22
1651222942203488000,24.35,9,24.2,83,24.65,1,2,2022-04-29 09:02:22
1651222942203488000,24.3,36,24.2,83,24.65,1,2,2022-04-29 09:02:22
1651222942203488000,24.25,6,24.2,83,24.65,1,2,2022-04-29 09:02:22
1651222942331313000,24.3,2,24.2,83,24.5,2,2,2022-04-29 09:02:22
1651222943089026000,24.5,2,24.2,83,24.55,1,1,2022-04-29 09:02:23
1651222943399401000,24.25,2,24.2,89,24.5,2,2,2022-04-29 09:02:23
1651222943515218000,24.45,1,24.2,89,24.5,2,1,2022-04-29 09:02:23
1651222943515218000,24.5,3,24.2,89,24.5,2,1,2022-04-29 09:02:23
1651222943669763000,24.25,2,24.2,89,24.25,38,2,2022-04-29 09:02:23
1651222943706639000,24.25,0,0.0,0,0.0,0,1,2022-04-29 09:02:23
1651223064411657000,24.8,207,24.75,5,24.8,7,1,2022-04-29 09:04:24
1651223064454502000,24.75,5,24.7,12,24.8,7,2,2022-04-29 09:04:24
1651223064602417000,24.8,1,24.7,12,24.8,6,1,2022-04-29 09:04:24
1651223064602737000,24.8,1,24.7,12,24.8,5,1,2022-04-29 09:04:24
1651223064630980000,24.8,1,24.7,12,24.8,4,1,2022-04-29 09:04:24
1651223064791355000,24.7,1,24.7,11,24.8,4,2,2022-04-29 09:04:24
1651223064899816000,24.7,6,24.7,5,24.8,4,2,2022-04-29 09:04:24
1651223065232963000,24.75,1,24.7,5,24.9,1,1,2022-04-29 09:04:25
1651223065232963000,24.8,4,24.7,5,24.9,1,1,2022-04-29 09:04:25
1651223067384034000,24.85,1,24.7,5,24.85,9,1,2022-04-29 09:04:27
1651223070798521000,24.9,2,24.7,5,24.95,5,1,2022-04-29 09:04:30
1651223070882567000,24.95,3,24.7,5,24.95,2,1,2022-04-29 09:04:30
1651223072436663000,24.95,2,24.7,5,25.0,36,1,2022-04-29 09:04:32
1651223072656924000,24.7,5,24.6,78,25.0,33,2,2022-04-29 09:04:32
1651223072656924000,24.65,6,24.6,78,25.0,33,2,2022-04-29 09:04:32
1651223072656924000,24.6,9,24.6,78,25.0,33,2,2022-04-29 09:04:32
1651223072797425000,24.95,1,24.6,78,24.95,2,1,2022-04-29 09:04:32
1651223072958290000,24.95,1,24.6,78,24.95,1,1,2022-04-29 09:04:32
1651223073710703000,24.95,1,24.6,78,25.0,25,1,2022-04-29 09:04:33
1651223073710703000,25.0,9,24.6,78,25.0,25,1,2022-04-29 09:04:33
1651223073967437000,24.95,1,24.8,2,24.95,1,1,2022-04-29 09:04:33
1651223074204872000,24.95,1,24.8,2,24.95,1,1,2022-04-29 09:04:34
1651223074993957000,24.95,1,24.8,3,25.0,25,1,2022-04-29 09:04:34
1651223076095975000,24.95,1,24.8,8,24.95,3,1,2022-04-29 09:04:36
1651223077142077000,24.95,9,24.8,8,25.0,27,1,2022-04-29 09:04:37
1651223077142077000,25.0,1,24.8,8,25.0,27,1,2022-04-29 09:04:37
1651223077734271000,24.95,1,24.9,1,24.95,1,1,2022-04-29 09:04:37
1651223077943655000,24.95,11,24.9,1,25.0,19,1,2022-04-29 09:04:37
1651223077943655000,25.0,9,24.9,1,25.0,19,1,2022-04-29 09:04:37
1651223078612911000,25.0,1,24.95,2,25.0,18,1,2022-04-29 09:04:38
1651223081158508000,25.0,2,24.95,15,25.0,14,1,2022-04-29 09:04:41
1651223081710968000,25.0,2,24.95,15,25.0,12,1,2022-04-29 09:04:41
1651223081736106000,24.95,10,24.95,15,25.0,13,2,2022-04-29 09:04:41
1651223083041548000,25.0,10,24.95,16,25.0,10,1,2022-04-29 09:04:43
1651223083146372000,25.0,2,24.95,19,25.0,8,1,2022-04-29 09:04:43
1651223083546587000,24.95,2,24.95,17,25.0,9,2,2022-04-29 09:04:43
1651223083624860000,25.0,1,24.95,17,25.0,8,1,2022-04-29 09:04:43
1651223084131082000,25.0,5,24.95,17,25.0,4,1,2022-04-29 09:04:44
1651223084267065000,25.0,4,25.0,16,25.05,14,1,2022-04-29 09:04:44
1651223084468582000,25.0,9,25.0,7,25.05,14,2,2022-04-29 09:04:44
1651223084685423000,25.0,5,25.0,12,25.05,14,2,2022-04-29 09:04:44
1651223084774913000,25.0,1,25.0,11,25.05,14,2,2022-04-29 09:04:44
1651223084810066000,25.05,5,25.0,11,25.05,9,1,2022-04-29 09:04:44
1651223085528647000,25.0,1,25.0,12,25.05,9,2,2022-04-29 09:04:45
1651223085788925000,25.05,1,25.0,12,25.05,8,1,2022-04-29 09:04:45
1651223086331413000,25.0,1,25.0,11,25.05,8,2,2022-04-29 09:04:46
1651223086529068000,25.05,1,25.0,11,25.05,7,1,2022-04-29 09:04:46
1651223086879423000,25.0,1,25.0,10,25.05,7,2,2022-04-29 09:04:46
1651223087891122000,25.0,1,25.0,9,25.05,7,2,2022-04-29 09:04:47
1651223088390335000,25.0,10,24.95,20,25.0,10,2,2022-04-29 09:04:48
1651223088996691000,25.0,1,24.95,20,25.0,9,1,2022-04-29 09:04:48
1651223089063089000,25.0,1,24.95,20,25.0,8,1,2022-04-29 09:04:49
1651223089206669000,25.0,2,24.95,20,25.0,6,1,2022-04-29 09:04:49
1651223089388699000,24.95,7,24.95,13,25.0,6,2,2022-04-29 09:04:49
1651223089589544000,24.95,2,24.95,11,25.0,6,2,2022-04-29 09:04:49
1651223089865018000,25.0,2,24.95,11,25.0,14,1,2022-04-29 09:04:49
1651223089877970000,25.0,1,24.95,11,25.0,13,1,2022-04-29 09:04:49
1651223089940263000,25.0,6,24.95,11,25.0,8,1,2022-04-29 09:04:49
1651223090055262000,25.0,1,24.95,11,25.0,7,1,2022-04-29 09:04:50
1651223090208371000,24.95,2,24.95,9,25.0,7,2,2022-04-29 09:04:50
1651223090236313000,25.0,5,24.95,9,25.0,2,1,2022-04-29 09:04:50
1651223090262183000,24.95,3,24.95,6,25.0,2,2,2022-04-29 09:04:50
1651223090270838000,24.95,6,24.9,3,24.95,3,2,2022-04-29 09:04:50
1651223090457422000,24.9,1,24.9,2,24.95,3,2,2022-04-29 09:04:50
1651223090717116000,24.95,1,24.9,2,24.95,4,1,2022-04-29 09:04:50
1651223090946580000,24.9,2,24.75,3,24.95,4,2,2022-04-29 09:04:50
1651223090946580000,24.85,1,24.75,3,24.95,4,2,2022-04-29 09:04:50
1651223090946580000,24.8,6,24.75,3,24.95,4,2,2022-04-29 09:04:50
1651223090946580000,24.75,1,24.75,3,24.95,4,2,2022-04-29 09:04:50
1651223090970539000,24.95,2,24.75,3,24.95,2,1,2022-04-29 09:04:50
1651223091017736000,24.9,2,24.8,2,24.9,2,1,2022-04-29 09:04:51
1651223091278440000,24.9,1,24.85,1,24.9,1,1,2022-04-29 09:04:51
1651223091902663000,24.85,1,24.8,2,24.85,4,2,2022-04-29 09:04:51
1651223092212761000,24.85,1,24.8,2,24.85,3,1,2022-04-29 09:04:52
1651223092283559000,24.8,1,24.8,1,24.85,3,2,2022-04-29 09:04:52
1651223092311657000,24.8,1,24.75,3,24.8,4,2,2022-04-29 09:04:52
1651223094531906000,24.75,1,24.75,2,24.85,3,2,2022-04-29 09:04:54
1651223095080806000,24.75,1,24.75,1,24.85,3,2,2022-04-29 09:04:55
1651223095663987000,24.85,1,24.75,1,24.85,2,1,2022-04-29 09:04:55
1651223096438445000,24.85,2,24.75,1,25.0,25,1,2022-04-29 09:04:56
1651223096438445000,24.9,1,24.75,1,25.0,25,1,2022-04-29 09:04:56
1651223096438445000,24.95,2,24.75,1,25.0,25,1,2022-04-29 09:04:56
1651223096470569000,24.8,1,24.8,4,24.95,2,2,2022-04-29 09:04:56
1651223096696019000,24.8,1,24.8,3,24.95,2,2,2022-04-29 09:04:56
1651223096995005000,24.8,1,24.8,3,24.9,1,2,2022-04-29 09:04:56
1651223097566263000,24.8,1,24.8,30,24.9,2,2,2022-04-29 09:04:57
1651223097808731000,24.85,1,24.8,30,24.9,2,2,2022-04-29 09:04:57
1651223097911607000,24.85,1,24.8,30,25.0,21,1,2022-04-29 09:04:57
1651223097911607000,24.9,2,24.8,30,25.0,21,1,2022-04-29 09:04:57
1651223097911607000,24.95,2,24.8,30,25.0,21,1,2022-04-29 09:04:57
1651223097911607000,25.0,5,24.8,30,25.0,21,1,2022-04-29 09:04:57
1651223097976075000,24.85,1,24.85,4,25.0,21,2,2022-04-29 09:04:57
1651223098213900000,24.95,2,24.85,2,24.95,1,1,2022-04-29 09:04:58
1651223100780898000,24.9,1,24.85,8,24.95,10,1,2022-04-29 09:05:00
1651223101140418000,24.85,8,24.8,37,24.85,4,2,2022-04-29 09:05:01
1651223101328770000,24.8,12,24.8,25,24.85,4,2,2022-04-29 09:05:01
1651223101361920000,24.8,1,24.8,24,24.85,4,2,2022-04-29 09:05:01
1651223101665071000,24.85,2,24.8,24,24.85,2,1,2022-04-29 09:05:01
1651223101740992000,24.8,1,24.8,23,24.85,2,2,2022-04-29 09:05:01
1651223101979294000,24.8,1,24.8,22,24.85,2,2,2022-04-29 09:05:01
1651223102004085000,24.8,1,24.8,21,24.85,2,2,2022-04-29 09:05:02
1651223102167327000,24.8,8,24.8,13,24.85,2,2,2022-04-29 09:05:02
1651223102187193000,24.8,8,24.8,5,24.85,2,2,2022-04-29 09:05:02
1651223102203125000,24.8,5,24.75,6,24.8,3,2,2022-04-29 09:05:02
1651223102239238000,24.8,2,24.75,6,24.8,2,1,2022-04-29 09:05:02
1651223102447229000,24.8,1,24.75,6,24.8,33,1,2022-04-29 09:05:02
1651223102660559000,24.8,5,24.75,6,24.8,44,1,2022-04-29 09:05:02
1651223102709846000,24.75,1,24.75,5,24.8,44,2,2022-04-29 09:05:02
1651223103105360000,24.75,1,24.75,4,24.8,44,2,2022-04-29 09:05:03
1651223103495870000,24.8,1,24.75,4,24.8,43,1,2022-04-29 09:05:03
1651223104055532000,24.75,4,24.6,34,24.8,43,2,2022-04-29 09:05:04
1651223104055532000,24.7,2,24.6,34,24.8,43,2,2022-04-29 09:05:04
1651223104055532000,24.65,3,24.6,34,24.8,43,2,2022-04-29 09:05:04
1651223104055532000,24.6,14,24.6,34,24.8,43,2,2022-04-29 09:05:04
1651223104134750000,24.65,2,24.6,20,24.75,6,2,2022-04-29 09:05:04
1651223104134750000,24.6,14,24.6,20,24.75,6,2,2022-04-29 09:05:04
1651223104191986000,24.6,20,24.4,21,24.75,6,2,2022-04-29 09:05:04
1651223104191986000,24.55,8,24.4,21,24.75,6,2,2022-04-29 09:05:04
1651223104191986000,24.5,39,24.4,21,24.75,6,2,2022-04-29 09:05:04
1651223104191986000,24.45,14,24.4,21,24.75,6,2,2022-04-29 09:05:04
1651223104191986000,24.4,1,24.4,21,24.75,6,2,2022-04-29 09:05:04
1651223104613906000,24.4,1,24.4,20,24.7,10,2,2022-04-29 09:05:04
1651223104840378000,24.4,1,24.4,19,24.7,10,2,2022-04-29 09:05:04
1651223104937418000,24.7,6,24.4,19,24.7,4,1,2022-04-29 09:05:04
1651223105800599000,24.65,2,24.45,1,24.7,6,1,2022-04-29 09:05:05
1651223105800599000,24.7,3,24.45,1,24.7,6,1,2022-04-29 09:05:05
1651223106614024000,24.65,1,24.5,1,24.7,1,1,2022-04-29 09:05:06
1651223107185595000,24.7,1,24.5,1,24.7,1,1,2022-04-29 09:05:07
1651223107601181000,24.55,1,24.5,1,24.7,1,2,2022-04-29 09:05:07
1651223108931038000,24.5,1,24.45,4,24.7,5,2,2022-04-29 09:05:08
1651223108931038000,24.45,1,24.45,4,24.7,5,2,2022-04-29 09:05:08
1651223109126754000,24.5,1,24.45,3,24.7,5,2,2022-04-29 09:05:09
1651223109126754000,24.45,1,24.45,3,24.7,5,2,2022-04-29 09:05:09
1651223109365973000,24.55,1,24.55,2,24.7,5,2,2022-04-29 09:05:09
1651223110173500000,24.7,1,24.55,2,24.7,4,1,2022-04-29 09:05:10
1651223110231690000,24.55,1,24.55,1,24.7,4,2,2022-04-29 09:05:10
1651223110917703000,24.65,1,24.55,1,24.75,6,1,2022-04-29 09:05:10
1651223110917703000,24.7,4,24.55,1,24.75,6,1,2022-04-29 09:05:10
1651223111531362000,24.7,1,24.55,1,24.75,6,1,2022-04-29 09:05:11
1651223112354932000,24.75,1,24.55,11,24.75,6,1,2022-04-29 09:05:12
1651223114937651000,24.65,3,24.65,7,24.7,4,2,2022-04-29 09:05:14
1651223119538923000,24.65,2,24.65,5,24.7,5,2,2022-04-29 09:05:19
1651223120025958000,24.7,3,24.65,5,24.7,2,1,2022-04-29 09:05:20
1651223120197925000,24.7,1,24.65,5,24.7,1,1,2022-04-29 09:05:20
1651223120694267000,24.7,1,24.65,5,24.75,31,1,2022-04-29 09:05:20
1651223120694267000,24.75,4,24.65,5,24.75,31,1,2022-04-29 09:05:20
1651223120874472000,24.7,1,24.65,5,24.75,31,2,2022-04-29 09:05:20
1651223121545211000,24.7,1,24.65,6,24.7,2,1,2022-04-29 09:05:21
1651223121901407000,24.65,2,24.65,4,24.7,2,2,2022-04-29 09:05:21
1651223122327896000,24.7,1,24.65,4,24.7,1,1,2022-04-29 09:05:22
1651223126388771000,24.7,2,24.65,7,24.7,9,1,2022-04-29 09:05:26
1651223126738710000,24.65,7,24.5,53,24.55,3,2,2022-04-29 09:05:26
1651223126738710000,24.6,4,24.5,53,24.55,3,2,2022-04-29 09:05:26
1651223126738710000,24.55,16,24.5,53,24.55,3,2,2022-04-29 09:05:26
1651223126772174000,24.5,1,24.5,52,24.55,3,2,2022-04-29 09:05:26
1651223126883576000,24.55,1,24.5,52,24.55,2,1,2022-04-29 09:05:26
1651223127327837000,24.55,1,24.5,52,24.55,1,1,2022-04-29 09:05:27
1651223128142296000,24.55,1,24.5,52,24.7,12,1,2022-04-29 09:05:28
1651223128142296000,24.65,1,24.5,52,24.7,12,1,2022-04-29 09:05:28
1651223128282966000,24.55,2,24.5,47,24.65,2,2,2022-04-29 09:05:28
1651223128282966000,24.5,5,24.5,47,24.65,2,2,2022-04-29 09:05:28
1651223129846642000,24.55,2,24.5,43,24.65,2,2,2022-04-29 09:05:29
1651223129846642000,24.5,3,24.5,43,24.65,2,2,2022-04-29 09:05:29
1651223130171427000,24.5,43,24.45,13,24.5,4,2,2022-04-29 09:05:30
1651223130230127000,24.45,1,24.45,12,24.5,4,2,2022-04-29 09:05:30
1651223130294663000,24.45,3,24.45,9,24.5,4,2,2022-04-29 09:05:30
1651223130799104000,24.5,1,24.45,10,24.5,3,1,2022-04-29 09:05:30
1651223130815225000,24.5,1,24.45,10,24.5,2,1,2022-04-29 09:05:30
1651223130842280000,24.45,1,24.45,9,24.5,2,2,2022-04-29 09:05:30
1651223131348743000,24.5,2,24.55,3,24.65,5,1,2022-04-29 09:05:31
1651223133378841000,24.55,1,24.55,2,24.6,1,2,2022-04-29 09:05:33
1651223134676750000,24.6,1,24.55,3,24.65,9,1,2022-04-29 09:05:34
1651223134704451000,24.55,3,24.5,1,24.55,2,2,2022-04-29 09:05:34
1651223134744358000,24.5,1,24.45,9,24.65,9,2,2022-04-29 09:05:34
1651223135086993000,24.45,1,24.45,8,24.5,1,2,2022-04-29 09:05:35
1651223135760579000,24.5,2,24.45,8,24.5,29,1,2022-04-29 09:05:35
1651223135818446000,24.5,10,24.45,8,24.5,19,1,2022-04-29 09:05:35
1651223135871998000,24.45,1,24.45,7,24.5,19,2,2022-04-29 09:05:35
1651223135872352000,24.45,1,24.45,6,24.5,19,2,2022-04-29 09:05:35
1651223136574651000,24.5,1,24.45,6,24.5,18,1,2022-04-29 09:05:36
1651223138259493000,24.45,1,24.45,7,24.5,19,2,2022-04-29 09:05:38
1651223138599033000,24.45,5,24.45,8,24.5,19,2,2022-04-29 09:05:38
1651223138745121000,24.5,1,24.45,8,24.5,18,1,2022-04-29 09:05:38
1651223138934122000,24.5,1,24.45,10,24.5,18,1,2022-04-29 09:05:38
1651223139508035000,24.5,1,24.45,11,24.5,17,1,2022-04-29 09:05:39
1651223139587718000,24.5,1,24.45,11,24.5,21,1,2022-04-29 09:05:39
1651223140039959000,24.45,1,24.45,10,24.5,21,2,2022-04-29 09:05:40
1651223140609976000,24.5,1,24.45,10,24.5,15,1,2022-04-29 09:05:40
1651223140724382000,24.5,1,24.45,10,24.5,14,1,2022-04-29 09:05:40
1651223141557293000,24.5,1,24.45,14,24.5,13,1,2022-04-29 09:05:41
1651223141843718000,24.45,1,24.45,13,24.5,14,2,2022-04-29 09:05:41
1651223142699611000,24.45,2,24.45,14,24.5,14,2,2022-04-29 09:05:42
1651223142738917000,24.45,1,24.45,13,24.5,14,2,2022-04-29 09:05:42
1651223143174682000,24.5,1,24.45,13,24.5,13,1,2022-04-29 09:05:43
1651223144747446000,24.45,10,24.45,6,24.5,13,2,2022-04-29 09:05:44
1651223144799570000,24.45,1,24.45,5,24.5,13,2,2022-04-29 09:05:44
1651223144865037000,24.5,1,24.45,5,24.5,12,1,2022-04-29 09:05:44
1651223144890781000,24.45,1,24.45,4,24.5,12,2,2022-04-29 09:05:44
1651223145865330000,24.5,2,24.45,24,24.5,11,1,2022-04-29 09:05:45
1651223146630841000,24.45,1,24.45,24,24.5,15,2,2022-04-29 09:05:46
1651223146694175000,24.45,2,24.45,22,24.5,15,2,2022-04-29 09:05:46
1651223146735671000,24.45,1,24.45,21,24.5,15,2,2022-04-29 09:05:46
1651223147043971000,24.5,1,24.45,21,24.5,14,1,2022-04-29 09:05:47
1651223147322698000,24.5,1,24.45,24,24.5,13,1,2022-04-29 09:05:47
1651223147677937000,24.45,2,24.45,23,24.5,13,2,2022-04-29 09:05:47
1651223148189573000,24.5,5,24.45,23,24.5,8,1,2022-04-29 09:05:48
1651223148214205000,24.45,21,24.45,2,24.5,8,2,2022-04-29 09:05:48
1651223148249088000,24.45,1,24.45,1,24.5,8,2,2022-04-29 09:05:48
1651223148250285000,24.45,1,24.4,30,24.5,8,2,2022-04-29 09:05:48
1651223148478319000,24.45,1,24.4,30,24.5,8,1,2022-04-29 09:05:48
1651223150222209000,24.45,1,24.4,31,24.45,2,1,2022-04-29 09:05:50
1651223150466487000,24.45,1,24.4,31,24.45,1,1,2022-04-29 09:05:50
1651223150534101000,24.4,1,24.4,30,24.45,1,2,2022-04-29 09:05:50
1651223152654761000,24.4,1,24.4,29,24.45,7,2,2022-04-29 09:05:52
1651223152746030000,24.4,29,24.3,45,24.45,7,2,2022-04-29 09:05:52
1651223152746030000,24.35,6,24.3,45,24.45,7,2,2022-04-29 09:05:52
1651223152746030000,24.3,13,24.3,45,24.45,7,2,2022-04-29 09:05:52
1651223152753556000,24.45,5,24.3,45,24.45,2,1,2022-04-29 09:05:52
1651223154677815000,24.4,1,24.35,30,24.4,36,1,2022-04-29 09:05:54
1651223155411173000,24.35,5,24.35,25,24.4,38,2,2022-04-29 09:05:55
1651223155412026000,24.35,2,24.35,23,24.4,38,2,2022-04-29 09:05:55
1651223156120412000,24.35,5,24.35,18,24.4,38,2,2022-04-29 09:05:56
1651223156165505000,24.4,20,24.35,18,24.4,18,1,2022-04-29 09:05:56
1651223156198031000,24.35,1,24.35,17,24.4,18,2,2022-04-29 09:05:56
1651223156223476000,24.35,1,24.35,16,24.4,18,2,2022-04-29 09:05:56
1651223156362443000,24.4,1,24.35,16,24.4,17,1,2022-04-29 09:05:56
1651223157035086000,24.35,2,24.35,14,24.4,17,2,2022-04-29 09:05:57
1651223157119876000,24.35,1,24.35,13,24.4,17,2,2022-04-29 09:05:57
1651223157310699000,24.4,1,24.35,13,24.4,16,1,2022-04-29 09:05:57
1651223157377059000,24.35,1,24.35,12,24.4,16,2,2022-04-29 09:05:57
1651223157983378000,24.4,1,24.35,12,24.4,15,1,2022-04-29 09:05:57
1651223158068815000,24.4,2,24.35,12,24.4,23,1,2022-04-29 09:05:58
1651223158091149000,24.35,1,24.35,11,24.4,23,2,2022-04-29 09:05:58
1651223158501644000,24.35,2,24.35,9,24.4,23,2,2022-04-29 09:05:58
1651223158862164000,24.35,1,24.35,8,24.4,23,2,2022-04-29 09:05:58
1651223160270829000,24.35,1,24.35,7,24.4,23,2,2022-04-29 09:06:00
1651223160483494000,24.35,1,24.35,6,24.4,23,2,2022-04-29 09:06:00
1651223160645968000,24.35,2,24.35,4,24.4,23,2,2022-04-29 09:06:00
1651223160672270000,24.35,4,24.3,57,24.35,6,2,2022-04-29 09:06:00
1651223160865848000,24.35,3,24.3,57,24.35,3,1,2022-04-29 09:06:00
1651223161224285000,24.35,3,24.3,57,24.4,23,1,2022-04-29 09:06:01
1651223161645824000,24.35,5,24.3,59,24.35,7,1,2022-04-29 09:06:01
1651223161923745000,24.35,1,24.3,59,24.35,6,1,2022-04-29 09:06:01
1651223161980942000,24.35,1,24.3,59,24.35,5,1,2022-04-29 09:06:01
1651223162195352000,24.3,59,24.2,13,24.35,5,2,2022-04-29 09:06:02
1651223162195352000,24.25,76,24.2,13,24.35,5,2,2022-04-29 09:06:02
1651223162195352000,24.2,65,24.2,13,24.35,5,2,2022-04-29 09:06:02
1651223162236612000,24.2,1,24.2,12,24.3,3,2,2022-04-29 09:06:02
1651223162703810000,24.3,7,24.2,12,24.3,10,1,2022-04-29 09:06:02
1651223162728661000,24.2,6,24.2,6,24.3,10,2,2022-04-29 09:06:02
1651223162912790000,24.3,10,24.2,6,24.4,23,1,2022-04-29 09:06:02
1651223162912790000,24.35,5,24.2,6,24.4,23,1,2022-04-29 09:06:02
1651223162939019000,24.25,2,24.2,6,24.25,3,1,2022-04-29 09:06:02
1651223162939146000,24.25,1,24.2,6,24.25,2,1,2022-04-29 09:06:02
1651223162962501000,24.2,2,24.2,4,24.4,23,2,2022-04-29 09:06:02
1651223162972341000,24.2,1,24.2,3,24.4,23,2,2022-04-29 09:06:02
1651223163305775000,24.25,2,24.2,3,24.3,1,1,2022-04-29 09:06:03
1651223163305775000,24.3,1,24.2,3,24.3,1,1,2022-04-29 09:06:03
1651223163432500000,24.2,2,24.2,1,24.3,1,2,2022-04-29 09:06:03
1651223163690907000,24.2,1,24.15,18,24.2,1,2,2022-04-29 09:06:03
1651223164060941000,24.2,1,24.15,18,24.3,1,1,2022-04-29 09:06:04
1651223164133428000,24.15,5,24.15,13,24.25,1,2,2022-04-29 09:06:04
1651223164395597000,24.15,3,24.15,10,24.25,1,2,2022-04-29 09:06:04
1651223164407939000,24.25,1,24.15,10,24.4,24,1,2022-04-29 09:06:04
1651223164407939000,24.3,1,24.15,10,24.4,24,1,2022-04-29 09:06:04
1651223164863877000,24.3,1,24.15,9,24.35,1,2,2022-04-29 09:06:04
1651223164863877000,24.2,1,24.15,9,24.35,1,2,2022-04-29 09:06:04
1651223164863877000,24.15,1,24.15,9,24.35,1,2,2022-04-29 09:06:04
1651223164987183000,24.25,1,24.2,2,24.3,2,1,2022-04-29 09:06:04
1651223165706959000,24.2,1,24.2,1,24.3,2,2,2022-04-29 09:06:05
1651223167333970000,24.2,1,24.2,3,24.3,2,2,2022-04-29 09:06:07
1651223167642632000,24.2,1,24.2,2,24.3,2,2,2022-04-29 09:06:07
1651223168146572000,24.25,1,24.25,1,24.3,2,1,2022-04-29 09:06:08
1651223168221172000,24.3,2,24.25,1,24.35,3,1,2022-04-29 09:06:08
1651223168820166000,24.25,1,24.2,1,24.35,3,2,2022-04-29 09:06:08
1651223168820166000,24.2,2,24.2,1,24.35,3,2,2022-04-29 09:06:08
1651223169220764000,24.2,1,24.15,9,24.2,2,2,2022-04-29 09:06:09
1651223171146377000,24.2,1,24.15,10,24.2,1,1,2022-04-29 09:06:11
1651223171189979000,24.2,1,24.2,6,24.25,1,1,2022-04-29 09:06:11
1651223171376009000,24.2,6,24.15,20,24.2,4,2,2022-04-29 09:06:11
1651223171804758000,24.15,5,24.15,14,24.2,4,2,2022-04-29 09:06:11
1651223171833945000,24.15,14,24.1,211,24.15,6,2,2022-04-29 09:06:11
1651223171860192000,24.1,2,24.1,209,24.15,7,2,2022-04-29 09:06:11
1651223171907145000,24.1,2,24.1,207,24.15,7,2,2022-04-29 09:06:11
1651223171908264000,24.1,3,24.1,204,24.15,7,2,2022-04-29 09:06:11
1651223171924262000,24.1,5,24.1,199,24.15,7,2,2022-04-29 09:06:11
1651223171964543000,24.1,1,24.1,198,24.15,7,2,2022-04-29 09:06:11
1651223172512938000,24.1,100,24.1,98,24.15,7,2,2022-04-29 09:06:12
1651223172555828000,24.1,1,24.1,97,24.15,7,2,2022-04-29 09:06:12
1651223172555980000,24.1,1,24.1,96,24.15,7,2,2022-04-29 09:06:12
1651223172563702000,24.1,1,24.1,95,24.15,7,2,2022-04-29 09:06:12
1651223172571501000,24.1,1,24.1,94,24.15,7,2,2022-04-29 09:06:12
1651223172571713000,24.1,1,24.1,93,24.15,7,2,2022-04-29 09:06:12
1651223172572364000,24.1,1,24.1,92,24.15,7,2,2022-04-29 09:06:12
1651223172572725000,24.1,1,24.1,91,24.15,7,2,2022-04-29 09:06:12
1651223172572911000,24.1,1,24.1,90,24.15,7,2,2022-04-29 09:06:12
1651223172576646000,24.1,3,24.1,87,24.15,7,2,2022-04-29 09:06:12
1651223172580705000,24.1,1,24.1,86,24.15,7,2,2022-04-29 09:06:12
1651223172600047000,24.1,2,24.1,84,24.15,7,2,2022-04-29 09:06:12
1651223172638973000,24.1,5,24.1,79,24.15,7,2,2022-04-29 09:06:12
1651223172980424000,24.1,2,24.1,89,24.15,7,2,2022-04-29 09:06:12
1651223173049392000,24.1,1,24.1,88,24.15,7,2,2022-04-29 09:06:13
1651223173178837000,24.1,2,24.1,86,24.15,7,2,2022-04-29 09:06:13
1651223173193855000,24.1,1,24.1,85,24.15,7,2,2022-04-29 09:06:13
1651223173304352000,24.1,85,24.0,149,24.15,7,2,2022-04-29 09:06:13
1651223173304352000,24.05,5,24.0,149,24.15,7,2,2022-04-29 09:06:13
1651223173304352000,24.0,10,24.0,149,24.15,7,2,2022-04-29 09:06:13
1651223173353542000,24.0,10,24.0,139,24.05,2,2,2022-04-29 09:06:13
1651223173374884000,24.0,7,24.0,132,24.05,2,2,2022-04-29 09:06:13
1651223173397650000,24.0,1,24.0,131,24.05,2,2,2022-04-29 09:06:13
1651223173415566000,24.0,1,24.0,130,24.05,2,2,2022-04-29 09:06:13
1651223173423179000,24.0,1,24.0,129,24.05,2,2,2022-04-29 09:06:13
1651223173453577000,24.0,3,24.0,136,24.05,4,2,2022-04-29 09:06:13
1651223173486568000,24.0,5,24.0,131,24.05,4,2,2022-04-29 09:06:13
1651223173531808000,24.0,3,24.0,128,24.05,4,2,2022-04-29 09:06:13
1651223173745714000,24.05,1,24.0,128,24.05,7,1,2022-04-29 09:06:13
1651223173751887000,24.0,54,24.0,74,24.05,7,2,2022-04-29 09:06:13
1651223173783466000,24.0,1,24.0,73,24.05,7,2,2022-04-29 09:06:13
1651223173793121000,24.0,1,24.0,72,24.05,7,2,2022-04-29 09:06:13
1651223173800339000,24.0,1,24.0,71,24.05,7,2,2022-04-29 09:06:13
1651223173807242000,24.0,1,24.0,70,24.05,7,2,2022-04-29 09:06:13
1651223173990176000,24.0,1,24.0,69,24.05,7,2,2022-04-29 09:06:13
1651223174318853000,24.0,2,24.0,67,24.05,7,2,2022-04-29 09:06:14
1651223174385342000,24.0,2,24.0,65,24.05,7,2,2022-04-29 09:06:14
1651223174515145000,24.0,2,24.0,63,24.05,7,2,2022-04-29 09:06:14
1651223174661375000,24.05,1,24.0,63,24.05,6,1,2022-04-29 09:06:14
1651223174690026000,24.0,5,24.0,58,24.05,6,2,2022-04-29 09:06:14
1651223174775438000,24.0,2,24.0,56,24.05,6,2,2022-04-29 09:06:14
1651223175329595000,24.05,9,24.0,55,24.1,21,1,2022-04-29 09:06:15
1651223175329595000,24.1,1,24.0,55,24.1,21,1,2022-04-29 09:06:15
1651223175556532000,24.0,1,24.0,54,24.05,2,2,2022-04-29 09:06:15
1651223176125036000,24.0,5,24.0,59,24.05,2,2,2022-04-29 09:06:16
1651223176350097000,24.0,20,24.0,39,24.05,2,2,2022-04-29 09:06:16
1651223176454229000,24.0,3,24.0,36,24.05,2,2,2022-04-29 09:06:16
1651223176499750000,24.05,2,24.0,36,24.2,15,1,2022-04-29 09:06:16
1651223176499750000,24.1,3,24.0,36,24.2,15,1,2022-04-29 09:06:16
1651223176499750000,24.15,4,24.0,36,24.2,15,1,2022-04-29 09:06:16
1651223176499750000,24.2,1,24.0,36,24.2,15,1,2022-04-29 09:06:16
1651223176769549000,24.05,1,24.05,2,24.15,2,2,2022-04-29 09:06:16
1651223176800757000,24.05,1,24.05,1,24.15,2,2,2022-04-29 09:06:16
1651223176876422000,24.05,1,24.0,36,24.05,40,2,2022-04-29 09:06:16
1651223176921199000,24.0,1,24.0,35,24.05,40,2,2022-04-29 09:06:16
1651223176993614000,24.0,5,24.0,40,24.05,40,2,2022-04-29 09:06:16
1651223177028154000,24.0,1,24.0,39,24.05,40,2,2022-04-29 09:06:17
1651223177128288000,24.0,5,24.0,34,24.05,40,2,2022-04-29 09:06:17
1651223177630427000,24.05,1,24.0,34,24.05,44,1,2022-04-29 09:06:17
1651223177638952000,24.05,2,24.0,34,24.05,42,1,2022-04-29 09:06:17
1651223178045610000,24.05,1,24.0,34,24.05,41,1,2022-04-29 09:06:18
1651223178190694000,24.0,2,24.0,32,24.05,41,2,2022-04-29 09:06:18
1651223178321084000,24.0,2,24.0,32,24.05,41,2,2022-04-29 09:06:18
1651223178329189000,24.0,5,24.0,27,24.05,41,2,2022-04-29 09:06:18
1651223178469318000,24.0,2,24.0,26,24.05,41,2,2022-04-29 09:06:18
1651223178497192000,24.0,2,24.0,24,24.05,41,2,2022-04-29 09:06:18
1651223178628167000,24.0,1,24.0,23,24.05,41,2,2022-04-29 09:06:18
1651223178841161000,24.0,2,24.0,21,24.05,41,2,2022-04-29 09:06:18
1651223178865005000,24.05,1,24.0,21,24.05,40,1,2022-04-29 09:06:18
1651223179029304000,24.0,1,24.0,20,24.05,40,2,2022-04-29 09:06:19
1651223179088785000,24.0,3,24.0,17,24.05,40,2,2022-04-29 09:06:19
1651223179115362000,24.0,5,24.0,12,24.05,40,2,2022-04-29 09:06:19
1651223179256139000,24.0,1,24.0,11,24.05,40,2,2022-04-29 09:06:19
1651223179578234000,24.0,4,24.0,7,24.05,40,2,2022-04-29 09:06:19
1651223179653869000,24.0,2,24.0,5,24.05,40,2,2022-04-29 09:06:19
1651223179796315000,24.05,5,24.0,5,24.05,35,1,2022-04-29 09:06:19
1651223180030076000,24.0,1,24.0,6,24.05,35,2,2022-04-29 09:06:20
1651223180197381000,24.0,1,24.0,5,24.05,35,2,2022-04-29 09:06:20
1651223180834811000,24.0,1,24.0,4,24.05,35,2,2022-04-29 09:06:20
1651223180836987000,24.05,1,24.0,4,24.05,34,1,2022-04-29 09:06:20
1651223180908714000,24.0,4,23.95,4,24.0,11,2,2022-04-29 09:06:20
1651223180992188000,24.0,1,23.95,4,24.0,10,1,2022-04-29 09:06:20
1651223181131800000,24.0,2,23.95,4,24.0,9,1,2022-04-29 09:06:21
1651223181168346000,23.95,1,23.95,3,24.0,9,2,2022-04-29 09:06:21
1651223181739144000,24.0,1,23.95,3,24.0,13,1,2022-04-29 09:06:21
1651223182070602000,23.95,5,23.9,14,24.0,13,2,2022-04-29 09:06:22
1651223182102931000,24.0,1,23.9,14,24.0,12,1,2022-04-29 09:06:22
1651223182169395000,24.0,6,23.9,14,24.0,6,1,2022-04-29 09:06:22
1651223182438295000,23.95,1,23.9,14,24.0,5,1,2022-04-29 09:06:22
1651223182438295000,24.0,1,23.9,14,24.0,5,1,2022-04-29 09:06:22
1651223183298819000,23.95,1,23.9,12,23.95,4,1,2022-04-29 09:06:23
1651223183871388000,23.95,4,23.9,11,24.0,6,1,2022-04-29 09:06:23
1651223183871388000,24.0,1,23.9,11,24.0,6,1,2022-04-29 09:06:23
1651223184121298000,24.0,0,0.0,0,0.0,0,1,2022-04-29 09:06:24
1651223304697383000,24.05,156,24.05,2,24.2,10,1,2022-04-29 09:08:24
1651223304753818000,24.05,2,24.0,55,24.05,11,2,2022-04-29 09:08:24
1651223305162871000,24.05,1,24.0,55,24.05,10,1,2022-04-29 09:08:25
1651223305196131000,24.0,4,24.0,51,24.05,10,2,2022-04-29 09:08:25
1651223305411502000,24.0,3,24.0,50,24.05,10,2,2022-04-29 09:08:25
1651223306193579000,24.0,10,24.0,33,24.05,10,2,2022-04-29 09:08:26
1651223306255061000,24.0,1,24.0,32,24.05,10,2,2022-04-29 09:08:26
1651223308585382000,24.05,1,24.0,41,24.05,9,1,2022-04-29 09:08:28
1651223309223733000,24.05,1,24.0,42,24.05,8,1,2022-04-29 09:08:29
1651223309496050000,24.05,8,24.05,2,24.2,10,1,2022-04-29 09:08:29
1651223310024701000,24.2,1,24.05,6,24.2,19,1,2022-04-29 09:08:30
1651223310147380000,24.2,3,24.05,6,24.2,16,1,2022-04-29 09:08:30
1651223311523644000,24.15,2,24.05,10,24.2,10,1,2022-04-29 09:08:31
1651223311523644000,24.2,6,24.05,10,24.2,10,1,2022-04-29 09:08:31
1651223312608702000,24.15,2,24.1,2,24.15,8,1,2022-04-29 09:08:32
1651223312979234000,24.15,5,24.1,2,24.15,3,1,2022-04-29 09:08:32
1651223314337263000,24.15,3,24.1,3,24.15,2,1,2022-04-29 09:08:34
1651223314474358000,24.15,2,24.1,3,24.2,21,1,2022-04-29 09:08:34
1651223315259377000,24.15,3,24.15,7,24.2,22,1,2022-04-29 09:08:35
1651223315354054000,24.2,2,24.15,7,24.2,20,1,2022-04-29 09:08:35
1651223316338524000,24.2,5,24.15,8,24.2,15,1,2022-04-29 09:08:36
1651223316424071000,24.2,1,24.15,8,24.2,14,1,2022-04-29 09:08:36
1651223316544795000,24.2,1,24.15,8,24.2,13,1,2022-04-29 09:08:36
1651223316685532000,24.2,1,24.15,8,24.2,12,1,2022-04-29 09:08:36
1651223316888284000,24.2,1,24.15,9,24.2,11,1,2022-04-29 09:08:36
1651223317215799000,24.15,9,24.1,7,24.2,11,2,2022-04-29 09:08:37
1651223317215799000,24.1,1,24.1,7,24.2,11,2,2022-04-29 09:08:37
1651223317249703000,24.2,3,24.1,7,24.2,8,1,2022-04-29 09:08:37
1651223317368354000,24.1,1,24.1,6,24.2,8,2,2022-04-29 09:08:37
1651223317579285000,24.2,1,24.1,9,24.2,7,1,2022-04-29 09:08:37
1651223317642021000,24.2,7,24.2,1,24.25,20,1,2022-04-29 09:08:37
1651223317919680000,24.2,2,24.1,7,24.2,1,2,2022-04-29 09:08:37
1651223318247572000,24.15,1,24.1,7,24.15,1,2,2022-04-29 09:08:38
1651223318663356000,24.15,1,24.1,7,24.25,14,1,2022-04-29 09:08:38
1651223318663356000,24.2,3,24.1,7,24.25,14,1,2022-04-29 09:08:38
1651223318663356000,24.25,6,24.1,7,24.25,14,1,2022-04-29 09:08:38
1651223318697895000,24.25,5,24.1,7,24.25,9,1,2022-04-29 09:08:38
1651223318971856000,24.25,5,24.1,7,24.25,4,1,2022-04-29 09:08:38
1651223319514686000,24.2,6,24.1,10,24.2,4,1,2022-04-29 09:08:39
1651223320375077000,24.2,1,24.15,2,24.2,3,1,2022-04-29 09:08:40
1651223320596510000,24.15,2,24.1,10,24.15,3,2,2022-04-29 09:08:40
1651223320599343000,24.15,3,24.15,2,24.2,3,1,2022-04-29 09:08:40
1651223321351753000,24.2,3,24.2,7,24.25,7,1,2022-04-29 09:08:41
1651223321494607000,24.25,5,24.2,10,24.25,2,1,2022-04-29 09:08:41
1651223321550062000,24.2,10,24.1,11,24.15,3,2,2022-04-29 09:08:41
1651223321550062000,24.15,2,24.1,11,24.15,3,2,2022-04-29 09:08:41
1651223321905518000,24.15,1,24.1,11,24.15,2,1,2022-04-29 09:08:41
1651223322055519000,24.15,2,24.1,11,24.3,13,1,2022-04-29 09:08:42
1651223322055519000,24.25,2,24.1,11,24.3,13,1,2022-04-29 09:08:42
1651223322055519000,24.3,1,24.1,11,24.3,13,1,2022-04-29 09:08:42
1651223323858832000,24.15,2,24.05,3,24.2,1,2,2022-04-29 09:08:43
1651223323858832000,24.1,11,24.05,3,24.2,1,2,2022-04-29 09:08:43
1651223324004566000,24.2,1,24.05,3,24.25,8,1,2022-04-29 09:08:44
1651223325987037000,24.15,5,24.1,1,24.2,10,2,2022-04-29 09:08:45
1651223327389201000,24.15,1,24.1,1,24.15,4,1,2022-04-29 09:08:47
1651223328202638000,24.15,4,24.1,7,24.25,3,1,2022-04-29 09:08:48
1651223328202638000,24.2,1,24.1,7,24.25,3,1,2022-04-29 09:08:48
1651223328923035000,24.15,1,24.1,7,24.2,10,1,2022-04-29 09:08:48
1651223329716625000,24.15,1,24.15,9,24.2,20,2,2022-04-29 09:08:49
1651223330868070000,24.2,2,24.15,13,24.2,18,1,2022-04-29 09:08:50
1651223332126707000,24.2,3,24.15,13,24.2,15,1,2022-04-29 09:08:52
1651223332565884000,24.2,16,24.2,4,24.25,7,1,2022-04-29 09:08:52
1651223332632695000,24.2,1,24.2,8,24.25,7,2,2022-04-29 09:08:52
1651223333048133000,24.2,1,24.2,8,24.25,7,2,2022-04-29 09:08:53
1651223333798435000,24.2,3,24.2,5,24.25,6,2,2022-04-29 09:08:53
1651223334541876000,24.2,4,24.2,1,24.25,6,2,2022-04-29 09:08:54
1651223334637695000,24.25,6,24.25,4,24.3,4,1,2022-04-29 09:08:54
1651223334848004000,24.3,1,24.25,4,24.3,3,1,2022-04-29 09:08:54
1651223336955807000,24.3,1,24.25,5,24.3,2,1,2022-04-29 09:08:56
1651223338117372000,24.3,1,24.25,5,24.3,1,1,2022-04-29 09:08:58
1651223339016382000,24.3,1,24.25,1,24.35,2,1,2022-04-29 09:08:59
1651223343072710000,24.35,2,24.3,14,24.35,2,1,2022-04-29 09:09:03
1651223343322585000,24.3,14,24.25,2,24.3,6,2,2022-04-29 09:09:03
1651223344604694000,24.3,1,24.25,2,24.3,5,1,2022-04-29 09:09:04
1651223344613725000,24.3,5,24.3,5,24.35,2,1,2022-04-29 09:09:04
1651223345057472000,24.35,2,24.3,5,24.4,16,1,2022-04-29 09:09:05
1651223345300758000,24.3,2,24.3,3,24.4,16,2,2022-04-29 09:09:05
1651223346239235000,24.3,3,24.25,2,24.3,7,2,2022-04-29 09:09:06
1651223346297591000,24.25,1,24.25,1,24.3,7,2,2022-04-29 09:09:06
1651223346633074000,24.3,4,24.25,1,24.3,3,1,2022-04-29 09:09:06
1651223346865768000,24.25,1,24.2,8,24.3,3,2,2022-04-29 09:09:06
1651223346865768000,24.2,4,24.2,8,24.3,3,2,2022-04-29 09:09:06
1651223347792051000,24.3,2,24.2,8,24.3,4,1,2022-04-29 09:09:07
1651223347796854000,24.2,4,24.2,4,24.3,4,2,2022-04-29 09:09:07
1651223349093075000,24.25,1,24.2,4,24.25,5,1,2022-04-29 09:09:09
1651223350963112000,24.2,1,24.2,4,24.25,9,2,2022-04-29 09:09:10
1651223351328352000,24.25,5,24.2,4,24.25,4,1,2022-04-29 09:09:11
1651223351348769000,24.25,4,24.25,1,24.3,5,1,2022-04-29 09:09:11
1651223353116221000,24.25,1,24.2,5,24.25,2,2,2022-04-29 09:09:13
1651223353625195000,24.25,1,24.2,5,24.25,1,1,2022-04-29 09:09:13
1651223354053429000,24.25,1,24.2,5,24.3,5,1,2022-04-29 09:09:14
1651223357381259000,24.25,1,24.25,1,24.3,30,2,2022-04-29 09:09:17
1651223357385158000,24.25,1,24.2,16,24.3,30,2,2022-04-29 09:09:17
1651223359509136000,24.25,2,24.2,17,24.3,30,1,2022-04-29 09:09:19
1651223360085470000,24.25,2,24.25,4,24.3,29,1,2022-04-29 09:09:20
1651223360283091000,24.25,7,24.2,4,24.3,29,2,2022-04-29 09:09:20
1651223360283091000,24.2,13,24.2,4,24.3,29,2,2022-04-29 09:09:20
1651223362068753000,24.25,1,24.2,12,24.3,30,1,2022-04-29 09:09:22
1651223362188092000,24.2,5,24.2,7,24.3,31,2,2022-04-29 09:09:22
1651223362377609000,24.2,7,24.15,26,24.2,3,2,2022-04-29 09:09:22
1651223362568566000,24.15,1,24.15,25,24.2,3,2,2022-04-29 09:09:22
1651223362858868000,24.2,2,24.15,25,24.2,1,1,2022-04-29 09:09:22
1651223362916489000,24.15,1,24.15,24,24.2,1,2,2022-04-29 09:09:22
1651223364404921000,24.2,1,24.15,24,24.2,3,1,2022-04-29 09:09:24
1651223364908305000,24.2,3,24.15,24,24.25,6,1,2022-04-29 09:09:24
1651223364908305000,24.25,2,24.15,24,24.25,6,1,2022-04-29 09:09:24
1651223365011771000,24.25,1,24.15,24,24.25,5,1,2022-04-29 09:09:25
1651223365603905000,24.15,5,24.15,19,24.2,6,2,2022-04-29 09:09:25
1651223366062237000,24.15,5,24.15,14,24.2,6,2,2022-04-29 09:09:26
1651223366064561000,24.2,5,24.15,14,24.2,1,1,2022-04-29 09:09:26
1651223367317938000,24.15,5,24.15,9,24.2,5,2,2022-04-29 09:09:27
1651223367355950000,24.2,2,24.15,9,24.2,3,1,2022-04-29 09:09:27
1651223369225911000,24.2,1,24.15,10,24.2,2,1,2022-04-29 09:09:29
1651223369257542000,24.15,1,24.15,9,24.2,2,2,2022-04-29 09:09:29
1651223369308968000,24.15,1,24.15,8,24.2,2,2,2022-04-29 09:09:29
1651223369470750000,24.2,2,24.15,8,24.25,5,1,2022-04-29 09:09:29
1651223370502237000,24.15,1,24.15,9,24.2,2,2,2022-04-29 09:09:30
1651223371109892000,24.15,9,24.1,27,24.15,4,2,2022-04-29 09:09:31
1651223371149285000,24.1,1,24.1,26,24.15,4,2,2022-04-29 09:09:31
1651223371232369000,24.15,2,24.1,26,24.15,2,1,2022-04-29 09:09:31
1651223371294387000,24.1,1,24.1,25,24.15,2,2,2022-04-29 09:09:31
1651223371385374000,24.15,1,24.1,25,24.15,1,1,2022-04-29 09:09:31
1651223371447405000,24.1,1,24.1,24,24.15,1,2,2022-04-29 09:09:31
1651223372186937000,24.1,5,24.1,19,24.15,2,2,2022-04-29 09:09:32
1651223372223950000,24.1,1,24.1,18,24.15,2,2,2022-04-29 09:09:32
1651223372692907000,24.1,18,24.05,4,24.15,2,2,2022-04-29 09:09:32
1651223372692907000,24.05,15,24.05,4,24.15,2,2,2022-04-29 09:09:32
1651223374400122000,24.05,1,24.05,3,24.1,5,2,2022-04-29 09:09:34
1651223374584827000,24.05,3,24.0,86,24.1,5,2,2022-04-29 09:09:34
1651223374584827000,24.0,2,24.0,86,24.1,5,2,2022-04-29 09:09:34
1651223374913962000,24.0,10,24.0,76,24.1,5,2,2022-04-29 09:09:34
1651223375556247000,24.0,10,24.0,66,24.05,1,2,2022-04-29 09:09:35
1651223375687991000,24.0,2,24.0,64,24.05,1,2,2022-04-29 09:09:35
1651223375874498000,24.0,4,24.0,60,24.05,1,2,2022-04-29 09:09:35
1651223375907600000,24.0,1,24.0,59,24.05,1,2,2022-04-29 09:09:35
1651223375919542000,24.0,1,24.0,58,24.05,1,2,2022-04-29 09:09:35
1651223376214847000,24.0,10,24.0,48,24.05,1,2,2022-04-29 09:09:36
1651223376223930000,24.0,10,24.0,38,24.05,1,2,2022-04-29 09:09:36
1651223376248425000,24.0,1,24.0,37,24.05,1,2,2022-04-29 09:09:36
1651223376288342000,24.0,1,24.0,36,24.05,1,2,2022-04-29 09:09:36
1651223376301728000,24.0,1,24.0,35,24.05,1,2,2022-04-29 09:09:36
1651223376398342000,24.0,1,24.0,34,24.05,1,2,2022-04-29 09:09:36
1651223376579861000,24.0,20,24.0,14,24.05,1,2,2022-04-29 09:09:36
1651223376606490000,24.0,1,24.0,13,24.05,1,2,2022-04-29 09:09:36
1651223376631378000,24.0,1,24.0,12,24.05,1,2,2022-04-29 09:09:36
1651223376638063000,24.0,9,24.0,3,24.05,1,2,2022-04-29 09:09:36
1651223376692763000,24.0,1,24.0,2,24.05,1,2,2022-04-29 09:09:36
1651223376693455000,24.0,1,24.0,1,24.05,1,2,2022-04-29 09:09:36
1651223376834737000,24.0,1,23.95,13,24.0,9,2,2022-04-29 09:09:36
1651223377321809000,24.0,1,23.95,13,24.0,10,1,2022-04-29 09:09:37
1651223377614375000,23.95,2,23.95,11,24.0,10,2,2022-04-29 09:09:37
1651223377813207000,23.95,5,23.95,6,24.0,10,2,2022-04-29 09:09:37
1651223378232085000,24.0,10,24.0,30,24.05,2,1,2022-04-29 09:09:38
1651223378266292000,24.0,1,24.0,29,24.05,2,2,2022-04-29 09:09:38
1651223378267629000,24.0,1,24.0,28,24.05,2,2,2022-04-29 09:09:38
1651223378475325000,24.0,1,24.0,27,24.05,2,2,2022-04-29 09:09:38
1651223378633396000,24.0,10,24.0,17,24.05,2,2,2022-04-29 09:09:38
1651223378656356000,24.0,2,24.0,15,24.05,2,2,2022-04-29 09:09:38
1651223379146494000,24.0,1,24.0,14,24.05,2,2,2022-04-29 09:09:39
1651223379567697000,24.05,1,24.0,14,24.05,1,1,2022-04-29 09:09:39
1651223379601090000,24.0,2,24.0,12,24.05,1,2,2022-04-29 09:09:39
1651223379866458000,24.0,4,24.0,8,24.05,1,2,2022-04-29 09:09:39
1651223380881041000,24.0,2,24.0,10,24.05,1,2,2022-04-29 09:09:40
1651223383537763000,24.0,1,24.0,16,24.1,5,2,2022-04-29 09:09:43
1651223383827642000,24.0,2,24.0,15,24.1,5,2,2022-04-29 09:09:43
1651223384146109000,24.0,1,24.0,14,24.1,5,2,2022-04-29 09:09:44
1651223384442314000,24.0,10,24.0,4,24.1,5,2,2022-04-29 09:09:44
1651223384813151000,24.0,1,24.0,4,24.1,5,2,2022-04-29 09:09:44
1651223385176537000,24.1,1,24.0,4,24.1,4,1,2022-04-29 09:09:45
1651223385178681000,24.0,2,24.0,2,24.1,4,2,2022-04-29 09:09:45
1651223385715840000,24.0,1,24.0,1,24.1,4,2,2022-04-29 09:09:45
1651223386670072000,24.0,1,23.95,7,24.05,5,2,2022-04-29 09:09:46
1651223386907014000,23.95,5,23.95,2,24.0,1,2,2022-04-29 09:09:46
1651223387447622000,24.0,2,23.95,2,24.0,9,1,2022-04-29 09:09:47
1651223387455978000,24.0,1,23.95,2,24.0,8,1,2022-04-29 09:09:47
1651223387534574000,24.0,1,23.95,2,24.0,7,1,2022-04-29 09:09:47
1651223388511489000,24.0,3,23.95,3,24.0,4,1,2022-04-29 09:09:48
1651223389000807000,24.0,1,23.95,5,24.0,3,1,2022-04-29 09:09:49
1651223389210715000,24.0,1,23.95,5,24.0,3,1,2022-04-29 09:09:49
1651223389267053000,24.0,3,23.95,5,24.1,6,1,2022-04-29 09:09:49
1651223389339467000,23.95,2,23.95,3,24.1,6,2,2022-04-29 09:09:49
1651223389901001000,24.0,1,24.0,2,24.05,2,2,2022-04-29 09:09:49
1651223390379266000,24.0,2,23.95,1,24.05,2,2,2022-04-29 09:09:50
1651223390379266000,23.95,2,23.95,1,24.05,2,2,2022-04-29 09:09:50
1651223390528773000,24.0,1,23.95,1,24.0,19,2,2022-04-29 09:09:50
1651223390584468000,24.0,1,23.95,1,24.0,18,1,2022-04-29 09:09:50
1651223390903794000,24.0,1,23.95,1,24.0,17,1,2022-04-29 09:09:50
1651223391780433000,24.0,1,23.95,1,24.0,16,1,2022-04-29 09:09:51
1651223392065187000,24.0,2,23.95,1,24.0,14,1,2022-04-29 09:09:52
1651223392537461000,24.0,1,23.95,3,24.0,13,1,2022-04-29 09:09:52
1651223393258899000,23.95,3,23.95,1,24.0,13,2,2022-04-29 09:09:53
1651223393296032000,23.95,1,23.9,67,24.0,13,2,2022-04-29 09:09:53
1651223394333311000,24.0,1,23.95,2,24.0,16,1,2022-04-29 09:09:54
1651223395537200000,24.0,2,23.95,3,24.0,14,1,2022-04-29 09:09:55
1651223397678463000,24.0,5,23.95,7,24.0,12,1,2022-04-29 09:09:57
1651223398153603000,23.95,1,23.95,6,24.0,13,2,2022-04-29 09:09:58
1651223405271677000,23.95,8,23.95,17,24.0,16,2,2022-04-29 09:10:05
1651223405310462000,23.95,1,23.95,16,24.0,16,2,2022-04-29 09:10:05
1651223405327448000,23.95,1,23.95,15,24.0,16,2,2022-04-29 09:10:05
1651223405851555000,23.95,2,23.95,13,24.0,16,2,2022-04-29 09:10:05
1651223406276127000,24.0,5,23.95,13,24.0,11,1,2022-04-29 09:10:06
1651223406434731000,23.95,2,23.95,11,24.0,9,2,2022-04-29 09:10:06
1651223407169911000,23.95,6,23.95,10,24.0,9,2,2022-04-29 09:10:07
1651223407233661000,23.95,1,23.95,9,24.0,9,2,2022-04-29 09:10:07
1651223407536932000,23.95,4,23.95,6,24.0,9,2,2022-04-29 09:10:07
1651223407617794000,23.95,6,23.9,61,24.0,9,2,2022-04-29 09:10:07
1651223407617794000,23.9,2,23.9,61,24.0,9,2,2022-04-29 09:10:07
1651223408163215000,23.95,2,23.9,61,23.95,9,1,2022-04-29 09:10:08
1651223408188621000,23.9,1,23.9,60,23.95,9,2,2022-04-29 09:10:08
1651223408559528000,23.9,3,23.9,57,23.95,11,2,2022-04-29 09:10:08
1651223408595159000,23.9,1,23.9,56,23.95,11,2,2022-04-29 09:10:08
1651223409035764000,23.9,10,23.9,53,23.95,11,2,2022-04-29 09:10:09
1651223409089789000,23.9,1,23.9,52,23.95,11,2,2022-04-29 09:10:09
1651223409096149000,23.95,2,23.9,52,23.95,9,1,2022-04-29 09:10:09
1651223409100771000,23.9,1,23.9,51,23.95,9,2,2022-04-29 09:10:09
1651223409264700000,23.9,1,23.9,50,23.95,9,2,2022-04-29 09:10:09
1651223409610562000,23.95,1,23.9,50,23.95,8,1,2022-04-29 09:10:09
1651223409706064000,23.9,10,23.9,40,23.95,8,2,2022-04-29 09:10:09
1651223409748074000,23.9,1,23.9,39,23.95,8,2,2022-04-29 09:10:09
1651223409749514000,23.9,1,23.9,38,23.95,8,2,2022-04-29 09:10:09
1651223409778506000,23.9,1,23.9,37,23.95,8,2,2022-04-29 09:10:09
1651223410880059000,23.95,1,23.9,37,23.95,7,1,2022-04-29 09:10:10
1651223411009077000,23.95,1,23.9,35,23.95,6,1,2022-04-29 09:10:11
1651223411234026000,23.95,1,23.9,35,23.95,5,1,2022-04-29 09:10:11
1651223411942276000,23.9,1,23.9,34,23.95,5,2,2022-04-29 09:10:11
1651223412708052000,23.9,2,23.9,36,23.95,5,2,2022-04-29 09:10:12
1651223413333259000,23.9,1,23.9,37,23.95,5,2,2022-04-29 09:10:13
1651223413926061000,23.95,1,23.9,37,23.95,1,1,2022-04-29 09:10:13
1651223414050750000,23.95,1,23.95,1,24.0,15,1,2022-04-29 09:10:14
1651223416225162000,23.95,1,23.9,40,24.0,14,2,2022-04-29 09:10:16
1651223417561898000,23.9,1,23.9,39,24.0,14,2,2022-04-29 09:10:17
1651223418876851000,23.95,1,23.95,2,24.0,14,2,2022-04-29 09:10:18
1651223418943938000,23.95,1,23.95,1,24.0,14,2,2022-04-29 09:10:18
1651223419384761000,23.95,1,23.9,40,24.0,14,2,2022-04-29 09:10:19
1651223419384761000,23.9,1,23.9,40,24.0,14,2,2022-04-29 09:10:19
1651223420399202000,23.95,4,23.9,36,24.0,14,2,2022-04-29 09:10:20
1651223420399202000,23.9,9,23.9,36,24.0,14,2,2022-04-29 09:10:20
1651223421052036000,24.0,10,23.9,36,24.0,4,1,2022-04-29 09:10:21
1651223421306590000,23.9,36,23.85,90,24.0,4,2,2022-04-29 09:10:21
1651223421306590000,23.85,64,23.85,90,24.0,4,2,2022-04-29 09:10:21
1651223422310416000,23.95,5,23.9,1,23.95,4,1,2022-04-29 09:10:22
1651223422340653000,23.9,1,23.85,90,23.9,4,2,2022-04-29 09:10:22
1651223422374817000,23.85,5,23.85,85,23.9,4,2,2022-04-29 09:10:22
1651223422507571000,23.95,4,23.85,85,24.0,4,1,2022-04-29 09:10:22
1651223423378680000,23.95,1,23.95,4,24.0,4,2,2022-04-29 09:10:23
1651223424333266000,23.95,1,23.95,3,24.0,4,2,2022-04-29 09:10:24
1651223424396645000,23.95,3,23.85,85,23.95,7,2,2022-04-29 09:10:24
1651223426913109000,23.9,4,23.9,6,23.95,7,2,2022-04-29 09:10:26
1651223427280777000,23.95,2,23.9,6,23.95,7,1,2022-04-29 09:10:27
1651223427323552000,23.9,1,23.9,5,23.95,7,2,2022-04-29 09:10:27
1651223427683867000,23.95,5,23.9,5,23.95,2,1,2022-04-29 09:10:27
1651223429411563000,23.95,1,23.9,10,23.95,2,1,2022-04-29 09:10:29
1651223429578396000,23.9,6,23.9,4,23.95,2,2,2022-04-29 09:10:29
1651223431040745000,23.9,6,23.85,79,23.9,4,2,2022-04-29 09:10:31
1651223431176230000,23.9,2,23.85,79,23.9,2,1,2022-04-29 09:10:31
1651223431237504000,23.9,1,23.85,79,23.9,1,1,2022-04-29 09:10:31
1651223431757329000,23.9,1,23.9,4,23.95,2,1,2022-04-29 09:10:31
1651223432778902000,23.95,1,23.9,4,23.95,1,1,2022-04-29 09:10:32
1651223433709509000,23.9,1,23.9,5,23.95,1,2,2022-04-29 09:10:33
1651223434971625000,23.9,1,23.9,7,23.95,2,2,2022-04-29 09:10:34
1651223435330636000,23.9,1,23.9,6,23.95,2,2,2022-04-29 09:10:35
1651223435879857000,23.9,1,23.9,7,23.95,4,2,2022-04-29 09:10:35
1651223436064747000,23.9,1,23.9,7,23.95,3,2,2022-04-29 09:10:36
1651223437327611000,23.9,1,23.9,12,23.95,3,2,2022-04-29 09:10:37
1651223437511391000,23.9,10,23.9,2,23.95,3,2,2022-04-29 09:10:37
1651223437648212000,23.9,2,23.85,90,23.9,1,2,2022-04-29 09:10:37
1651223439227123000,23.9,1,23.85,100,23.9,10,1,2022-04-29 09:10:39
1651223439931282000,23.9,1,23.85,100,23.9,13,1,2022-04-29 09:10:39
1651223440355513000,23.85,20,23.85,80,23.9,13,2,2022-04-29 09:10:40
1651223441442807000,23.85,1,23.85,80,23.9,13,2,2022-04-29 09:10:41
1651223441652644000,23.9,1,23.85,80,23.9,12,1,2022-04-29 09:10:41
1651223441658384000,23.85,50,23.85,30,23.9,12,2,2022-04-29 09:10:41
1651223441695349000,23.85,1,23.85,29,23.9,12,2,2022-04-29 09:10:41
1651223441708572000,23.85,1,23.85,28,23.9,12,2,2022-04-29 09:10:41
1651223441723787000,23.85,1,23.85,27,23.9,12,2,2022-04-29 09:10:41
1651223442812881000,23.85,4,23.85,27,23.9,13,2,2022-04-29 09:10:42
1651223443165293000,23.85,9,23.85,24,23.9,13,2,2022-04-29 09:10:43
1651223443211245000,23.85,1,23.85,23,23.9,13,2,2022-04-29 09:10:43
1651223443626228000,23.85,1,23.85,24,23.9,13,2,2022-04-29 09:10:43
1651223443674591000,23.85,1,23.85,23,23.9,13,2,2022-04-29 09:10:43
1651223443876197000,23.85,10,23.85,13,23.9,13,2,2022-04-29 09:10:43
1651223444170274000,23.85,5,23.85,8,23.9,13,2,2022-04-29 09:10:44
1651223444237388000,23.85,1,23.85,7,23.9,13,2,2022-04-29 09:10:44
1651223444503694000,23.85,1,23.85,6,23.9,13,2,2022-04-29 09:10:44
1651223444610324000,23.9,5,23.85,6,23.9,8,1,2022-04-29 09:10:44
1651223444633394000,23.85,4,23.85,2,23.9,8,2,2022-04-29 09:10:44
1651223444636588000,23.85,2,23.8,109,23.85,7,2,2022-04-29 09:10:44
1651223445459608000,23.8,1,23.8,107,23.85,9,2,2022-04-29 09:10:45
1651223446063411000,23.8,10,23.8,97,23.85,16,2,2022-04-29 09:10:46
1651223446104155000,23.8,1,23.8,96,23.85,16,2,2022-04-29 09:10:46
1651223446262297000,23.8,10,23.8,86,23.85,16,2,2022-04-29 09:10:46
1651223446520803000,23.85,7,23.8,86,23.85,9,1,2022-04-29 09:10:46
1651223448508414000,23.8,4,23.8,83,23.85,10,2,2022-04-29 09:10:48
1651223448831208000,23.8,1,23.8,82,23.85,10,2,2022-04-29 09:10:48
1651223449008432000,23.8,1,23.8,81,23.85,10,2,2022-04-29 09:10:49
1651223449032051000,23.85,5,23.8,81,23.85,5,1,2022-04-29 09:10:49
1651223449153412000,23.8,1,23.8,80,23.85,5,2,2022-04-29 09:10:49
1651223449209300000,23.8,1,23.8,79,23.85,5,2,2022-04-29 09:10:49
1651223449261210000,23.85,4,23.8,79,23.85,1,1,2022-04-29 09:10:49
1651223449288567000,23.8,1,23.8,78,23.85,1,2,2022-04-29 09:10:49
1651223449445413000,23.8,1,23.8,77,23.85,1,2,2022-04-29 09:10:49
1651223449581019000,23.8,1,23.8,76,23.85,1,2,2022-04-29 09:10:49
1651223449679022000,23.8,1,23.8,74,23.85,1,2,2022-04-29 09:10:49
1651223449729414000,23.8,1,23.8,73,23.85,1,2,2022-04-29 09:10:49
1651223449872758000,23.8,1,23.8,72,23.85,2,2,2022-04-29 09:10:49
1651223450062660000,23.8,1,23.8,71,23.85,2,2,2022-04-29 09:10:50
1651223450093836000,23.8,1,23.8,70,23.85,2,2,2022-04-29 09:10:50
1651223450473604000,23.8,5,23.8,65,23.85,2,2,2022-04-29 09:10:50
1651223451578447000,23.85,2,23.85,3,23.9,28,1,2022-04-29 09:10:51
1651223451609635000,23.85,3,23.8,63,23.9,28,2,2022-04-29 09:10:51
1651223451609635000,23.8,2,23.8,63,23.9,28,2,2022-04-29 09:10:51
1651223453830239000,23.8,10,23.8,53,23.85,6,2,2022-04-29 09:10:53
1651223453905210000,23.8,1,23.8,52,23.85,6,2,2022-04-29 09:10:53
1651223454249930000,23.8,1,23.8,51,23.85,6,2,2022-04-29 09:10:54
1651223454585383000,23.85,1,23.8,51,23.85,5,1,2022-04-29 09:10:54
1651223454683857000,23.8,3,23.8,48,23.85,5,2,2022-04-29 09:10:54
1651223454824774000,23.8,8,23.8,40,23.85,5,2,2022-04-29 09:10:54
1651223454888770000,23.8,1,23.8,39,23.85,5,2,2022-04-29 09:10:54
1651223455688500000,23.8,2,23.8,38,23.85,6,2,2022-04-29 09:10:55
1651223456515072000,23.8,5,23.8,33,23.85,7,2,2022-04-29 09:10:56
1651223456525263000,23.8,5,23.8,28,23.85,7,2,2022-04-29 09:10:56
1651223456558291000,23.8,1,23.8,27,23.85,7,2,2022-04-29 09:10:56
1651223456853637000,23.8,1,23.8,26,23.85,7,2,2022-04-29 09:10:56
1651223457231344000,23.8,1,23.8,25,23.85,7,2,2022-04-29 09:10:57
1651223457592144000,23.8,1,23.8,24,23.85,7,2,2022-04-29 09:10:57
1651223458147239000,23.8,1,23.8,23,23.85,7,2,2022-04-29 09:10:58
1651223459030030000,23.8,7,23.8,16,23.85,12,2,2022-04-29 09:10:59
1651223459040599000,23.8,1,23.8,15,23.85,12,2,2022-04-29 09:10:59
1651223459096145000,23.8,15,23.75,34,23.8,35,2,2022-04-29 09:10:59
1651223459164279000,23.75,1,23.75,33,23.8,36,2,2022-04-29 09:10:59
1651223459261353000,23.8,2,23.75,33,23.8,34,1,2022-04-29 09:10:59
1651223459646040000,23.75,1,23.75,32,23.8,34,2,2022-04-29 09:10:59
1651223461294805000,23.75,8,23.75,24,23.8,43,2,2022-04-29 09:11:01
1651223461324875000,23.75,1,23.75,23,23.8,43,2,2022-04-29 09:11:01
1651223461327546000,23.75,1,23.75,22,23.8,43,2,2022-04-29 09:11:01
1651223461656994000,23.8,1,23.75,22,23.8,42,1,2022-04-29 09:11:01
1651223463319302000,23.75,22,23.7,15,23.75,3,2,2022-04-29 09:11:03
1651223463360747000,23.7,1,23.7,14,23.75,3,2,2022-04-29 09:11:03
1651223463382000000,23.7,1,23.7,13,23.75,3,2,2022-04-29 09:11:03
1651223464936958000,23.75,9,23.7,13,23.75,6,1,2022-04-29 09:11:04
1651223464981272000,23.7,1,23.7,12,23.75,6,2,2022-04-29 09:11:04
1651223465261054000,23.7,1,23.7,11,23.75,6,2,2022-04-29 09:11:05
1651223465652201000,23.7,1,23.7,10,23.75,6,2,2022-04-29 09:11:05
1651223466761875000,23.7,1,23.7,9,23.75,6,2,2022-04-29 09:11:06
1651223466798395000,23.7,2,23.7,7,23.75,6,2,2022-04-29 09:11:06
1651223466847527000,23.7,6,23.7,1,23.75,6,2,2022-04-29 09:11:06
1651223466862630000,23.7,1,23.65,8,23.75,6,2,2022-04-29 09:11:06
1651223467861313000,23.65,1,23.65,7,23.7,16,2,2022-04-29 09:11:07
1651223467988020000,23.65,2,23.65,5,23.7,16,2,2022-04-29 09:11:07
1651223468859115000,23.65,5,23.6,22,23.65,5,2,2022-04-29 09:11:08
1651223469459208000,23.6,1,23.6,21,23.65,5,2,2022-04-29 09:11:09
1651223470537990000,23.6,25,23.55,13,23.6,2,2,2022-04-29 09:11:10
1651223470569701000,23.55,1,23.55,12,23.6,2,2,2022-04-29 09:11:10
1651223470594414000,23.55,1,23.55,11,23.6,2,2,2022-04-29 09:11:10
1651223470723589000,23.6,1,23.55,11,23.6,1,1,2022-04-29 09:11:10
1651223470871492000,23.6,1,23.55,11,23.65,5,1,2022-04-29 09:11:10
1651223471001783000,23.55,3,23.55,8,23.65,5,2,2022-04-29 09:11:11
1651223471087284000,23.55,8,23.5,51,23.6,1,2,2022-04-29 09:11:11
1651223471087284000,23.5,2,23.5,51,23.6,1,2,2022-04-29 09:11:11
1651223471553774000,23.6,2,23.5,51,23.65,6,1,2022-04-29 09:11:11
1651223471553774000,23.65,1,23.5,51,23.65,6,1,2022-04-29 09:11:11
1651223472029023000,23.6,1,23.5,51,23.65,4,1,2022-04-29 09:11:12
1651223472803741000,23.55,1,23.55,1,23.6,3,2,2022-04-29 09:11:12
1651223472837050000,23.55,1,23.5,51,23.55,4,2,2022-04-29 09:11:12
1651223473848211000,23.55,3,23.55,1,23.6,4,2,2022-04-29 09:11:13
1651223474979060000,23.6,1,23.55,1,23.6,3,1,2022-04-29 09:11:14
1651223476439828000,23.55,2,23.55,3,23.6,4,2,2022-04-29 09:11:16
1651223478107204000,23.55,1,23.55,6,23.6,44,2,2022-04-29 09:11:18
1651223478312427000,23.6,1,23.55,6,23.6,43,1,2022-04-29 09:11:18
1651223478635784000,23.55,1,23.55,5,23.6,43,2,2022-04-29 09:11:18
1651223479534984000,23.55,1,23.55,5,23.6,43,2,2022-04-29 09:11:19
1651223479556357000,23.55,1,23.55,4,23.6,43,2,2022-04-29 09:11:19
1651223479592359000,23.55,1,23.55,3,23.6,43,2,2022-04-29 09:11:19
1651223480067221000,23.55,2,23.55,1,23.6,44,2,2022-04-29 09:11:20
1651223481084697000,23.55,5,23.55,2,23.6,49,2,2022-04-29 09:11:21
1651223483155530000,23.55,2,23.55,3,23.6,55,2,2022-04-29 09:11:23
1651223483386339000,23.55,1,23.55,3,23.6,56,2,2022-04-29 09:11:23
1651223483642932000,23.55,1,23.55,4,23.6,56,2,2022-04-29 09:11:23
1651223483677013000,23.55,1,23.55,3,23.6,56,2,2022-04-29 09:11:23
1651223484248860000,23.55,3,23.55,1,23.6,56,2,2022-04-29 09:11:24
1651223484278071000,23.55,1,23.5,56,23.6,56,2,2022-04-29 09:11:24
1651223484302465000,23.6,1,23.5,56,23.6,55,1,2022-04-29 09:11:24
1651223484386007000,23.55,1,23.5,55,23.55,1,2,2022-04-29 09:11:24
1651223484387365000,23.5,4,23.5,51,23.55,1,2,2022-04-29 09:11:24
1651223484608556000,23.55,1,23.5,105,23.55,1,1,2022-04-29 09:11:24
1651223484735621000,23.55,1,23.5,106,23.6,55,1,2022-04-29 09:11:24
1651223485566272000,23.55,1,23.5,109,23.55,2,1,2022-04-29 09:11:25
1651223486012521000,23.55,1,23.5,109,23.55,7,1,2022-04-29 09:11:26
1651223487109727000,23.5,1,23.5,111,23.55,7,2,2022-04-29 09:11:27
1651223487277638000,23.55,1,23.5,111,23.55,6,1,2022-04-29 09:11:27
1651223487294031000,23.5,1,23.5,110,23.55,6,2,2022-04-29 09:11:27
1651223487329312000,23.55,1,23.5,110,23.55,5,1,2022-04-29 09:11:27
1651223487524528000,23.55,1,23.5,110,23.55,4,1,2022-04-29 09:11:27
1651223487563095000,23.55,1,23.5,110,23.55,3,1,2022-04-29 09:11:27
1651223487656817000,23.55,1,23.5,110,23.55,2,1,2022-04-29 09:11:27
1651223487915191000,23.5,47,23.5,63,23.55,2,2,2022-04-29 09:11:27
1651223487941879000,23.55,2,23.5,63,23.6,55,1,2022-04-29 09:11:27
1651223487949988000,23.5,1,23.5,62,23.6,55,2,2022-04-29 09:11:27
1651223487950095000,23.5,1,23.5,61,23.6,55,2,2022-04-29 09:11:27
1651223487950464000,23.5,1,23.5,60,23.6,55,2,2022-04-29 09:11:27
1651223487964092000,23.5,1,23.5,59,23.6,55,2,2022-04-29 09:11:27
1651223487975049000,23.5,1,23.5,58,23.6,55,2,2022-04-29 09:11:27
1651223487975268000,23.5,1,23.5,57,23.6,55,2,2022-04-29 09:11:27
1651223488036090000,23.55,1,23.5,57,23.55,1,2,2022-04-29 09:11:28
1651223488143939000,23.55,1,23.5,57,23.6,55,1,2022-04-29 09:11:28
1651223489452072000,23.55,3,23.5,57,23.55,1,2,2022-04-29 09:11:29
1651223490032080000,23.55,3,23.5,57,23.6,53,1,2022-04-29 09:11:30
1651223490032080000,23.6,2,23.5,57,23.6,53,1,2022-04-29 09:11:30
1651223490260570000,23.55,1,23.55,1,23.6,53,2,2022-04-29 09:11:30
1651223490777816000,23.55,1,23.5,53,23.6,53,2,2022-04-29 09:11:30
1651223490777816000,23.5,4,23.5,53,23.6,53,2,2022-04-29 09:11:30
1651223490816444000,23.55,1,23.5,53,23.6,53,1,2022-04-29 09:11:30
1651223490917769000,23.5,2,23.5,51,23.6,53,2,2022-04-29 09:11:30
1651223494141687000,23.6,3,23.55,7,23.6,50,1,2022-04-29 09:11:34
1651223494344651000,23.55,7,23.5,50,23.6,50,2,2022-04-29 09:11:34
1651223494344651000,23.5,3,23.5,50,23.6,50,2,2022-04-29 09:11:34
1651223494502441000,23.5,12,23.5,38,23.55,1,2,2022-04-29 09:11:34
1651223494563693000,23.5,1,23.5,37,23.55,1,2,2022-04-29 09:11:34
1651223495727342000,23.5,3,23.5,34,23.55,1,2,2022-04-29 09:11:35
1651223495753740000,23.55,1,23.55,4,23.6,51,1,2022-04-29 09:11:35
1651223496555651000,23.55,4,23.5,28,23.6,51,2,2022-04-29 09:11:36
1651223496555651000,23.5,6,23.5,28,23.6,51,2,2022-04-29 09:11:36
1651223496767490000,23.55,1,23.5,28,23.6,51,1,2022-04-29 09:11:36
1651223497494003000,23.5,2,23.5,27,23.6,46,2,2022-04-29 09:11:37
1651223497698829000,23.5,10,23.5,17,23.6,46,2,2022-04-29 09:11:37
1651223498030248000,23.55,2,23.5,17,23.6,45,1,2022-04-29 09:11:38
1651223498030248000,23.6,1,23.5,17,23.6,45,1,2022-04-29 09:11:38
1651223498792832000,23.5,1,23.5,17,23.55,2,2,2022-04-29 09:11:38
1651223499750739000,23.5,13,23.5,4,23.55,6,2,2022-04-29 09:11:39
1651223499784475000,23.55,5,23.5,4,23.55,1,1,2022-04-29 09:11:39
1651223500483927000,23.55,1,23.5,5,23.6,45,1,2022-04-29 09:11:40
1651223500976429000,23.5,5,23.45,5,23.5,5,2,2022-04-29 09:11:40
1651223501831980000,23.5,4,23.45,5,23.5,7,1,2022-04-29 09:11:41
1651223502469238000,23.5,1,23.45,5,23.5,6,1,2022-04-29 09:11:42
1651223503109322000,23.5,1,23.45,5,23.5,5,1,2022-04-29 09:11:43
1651223503245054000,23.5,1,23.45,5,23.5,4,1,2022-04-29 09:11:43
1651223503364783000,23.45,4,23.45,1,23.5,5,2,2022-04-29 09:11:43
1651223503403655000,23.45,1,23.4,10,23.5,5,2,2022-04-29 09:11:43
1651223503406262000,23.5,1,23.4,10,23.5,4,1,2022-04-29 09:11:43
1651223504474483000,23.5,1,23.45,16,23.5,3,1,2022-04-29 09:11:44
1651223504496512000,23.5,2,23.45,16,23.5,1,1,2022-04-29 09:11:44
1651223504778019000,23.5,1,23.45,16,23.6,45,1,2022-04-29 09:11:44
1651223505594867000,23.5,1,23.5,3,23.6,45,2,2022-04-29 09:11:45
1651223507677952000,23.5,10,23.45,16,23.5,26,2,2022-04-29 09:11:47
1651223507764909000,23.5,2,23.45,16,23.5,24,1,2022-04-29 09:11:47
1651223507981208000,23.45,1,23.45,15,23.5,24,2,2022-04-29 09:11:47
1651223508245586000,23.45,1,23.45,14,23.5,24,2,2022-04-29 09:11:48
1651223508858036000,23.5,1,23.45,14,23.5,23,1,2022-04-29 09:11:48
1651223509061868000,23.5,1,23.45,14,23.5,22,1,2022-04-29 09:11:49
1651223509620359000,23.5,2,23.45,14,23.5,20,1,2022-04-29 09:11:49
1651223511079755000,23.45,5,23.45,9,23.5,20,2,2022-04-29 09:11:51
1651223511105579000,23.45,5,23.45,4,23.5,20,2,2022-04-29 09:11:51
1651223511690138000,23.45,4,23.4,13,23.5,20,2,2022-04-29 09:11:51
1651223511785025000,23.45,1,23.4,13,23.5,20,1,2022-04-29 09:11:51
1651223512455323000,23.45,1,23.4,13,23.45,1,1,2022-04-29 09:11:52
1651223513274439000,23.4,1,23.4,12,23.45,11,2,2022-04-29 09:11:53
1651223514043103000,23.4,1,23.4,14,23.45,13,2,2022-04-29 09:11:54
1651223514095882000,23.4,1,23.4,13,23.45,13,2,2022-04-29 09:11:54
1651223514405659000,23.45,3,23.4,13,23.45,10,1,2022-04-29 09:11:54
1651223514951623000,23.4,5,23.4,7,23.45,10,2,2022-04-29 09:11:54
1651223515688703000,23.4,1,23.4,6,23.45,13,2,2022-04-29 09:11:55
1651223515916289000,23.4,2,23.4,4,23.45,13,2,2022-04-29 09:11:55
1651223515985707000,23.4,1,23.4,3,23.45,13,2,2022-04-29 09:11:55
1651223516015823000,23.4,1,23.4,2,23.45,13,2,2022-04-29 09:11:56
1651223516030134000,23.4,2,23.35,25,23.4,1,2,2022-04-29 09:11:56
1651223516353019000,23.4,1,23.4,1,23.45,13,1,2022-04-29 09:11:56
1651223517072851000,23.4,1,23.35,25,23.4,1,2,2022-04-29 09:11:57
1651223517480682000,23.35,1,23.35,24,23.4,1,2,2022-04-29 09:11:57
1651223517777363000,23.35,7,23.35,12,23.4,1,2,2022-04-29 09:11:57
1651223518504809000,23.35,4,23.35,8,23.4,1,2,2022-04-29 09:11:58
1651223519401902000,23.4,2,23.4,8,23.45,15,1,2022-04-29 09:11:59
1651223519699653000,23.4,2,23.4,7,23.45,15,2,2022-04-29 09:11:59
1651223519735619000,23.4,1,23.4,6,23.45,15,2,2022-04-29 09:11:59
1651223519735746000,23.4,1,23.4,5,23.45,15,2,2022-04-29 09:11:59
1651223519774955000,23.4,1,23.4,6,23.45,15,2,2022-04-29 09:11:59
1651223522221866000,23.4,2,23.4,10,23.45,31,2,2022-04-29 09:12:02
1651223522618149000,23.4,2,23.4,18,23.45,31,2,2022-04-29 09:12:02
1651223523032834000,23.45,3,23.4,18,23.45,28,1,2022-04-29 09:12:03
1651223523068143000,23.4,1,23.4,19,23.45,28,2,2022-04-29 09:12:03
1651223523627534000,23.4,2,23.4,17,23.45,28,2,2022-04-29 09:12:03
1651223524221577000,23.4,1,23.4,16,23.45,28,2,2022-04-29 09:12:04
1651223524290441000,23.4,3,23.4,13,23.45,28,2,2022-04-29 09:12:04
1651223524930402000,23.45,1,23.4,13,23.45,27,1,2022-04-29 09:12:04
1651223525333858000,23.4,2,23.4,11,23.45,27,2,2022-04-29 09:12:05
1651223525586452000,23.4,6,23.4,5,23.45,27,2,2022-04-29 09:12:05
1651223525728660000,23.4,5,23.35,7,23.45,27,2,2022-04-29 09:12:05
1651223526146278000,23.35,1,23.35,16,23.45,27,2,2022-04-29 09:12:06
1651223526504857000,23.35,1,23.35,15,23.45,27,2,2022-04-29 09:12:06
1651223527661336000,23.4,1,23.4,1,23.45,28,2,2022-04-29 09:12:07
1651223528317774000,23.4,2,23.4,4,23.45,28,2,2022-04-29 09:12:08
1651223528647037000,23.45,1,23.4,4,23.45,27,1,2022-04-29 09:12:08
1651223529036719000,23.45,1,23.4,4,23.45,26,1,2022-04-29 09:12:09
1651223529365248000,23.4,3,23.4,5,23.45,26,2,2022-04-29 09:12:09
1651223529609214000,23.4,1,23.4,4,23.45,26,2,2022-04-29 09:12:09
1651223529639773000,23.4,1,23.4,3,23.45,26,2,2022-04-29 09:12:09
1651223529706568000,23.4,3,23.4,4,23.45,26,2,2022-04-29 09:12:09
1651223530026206000,23.4,3,23.4,1,23.45,26,2,2022-04-29 09:12:10
1651223530085112000,23.4,1,23.35,16,23.45,26,2,2022-04-29 09:12:10
1651223530722414000,23.45,3,23.35,16,23.45,23,1,2022-04-29 09:12:10
1651223531393155000,23.35,2,23.35,14,23.45,23,2,2022-04-29 09:12:11
1651223531460727000,23.35,1,23.35,13,23.45,23,2,2022-04-29 09:12:11
1651223532462687000,23.35,1,23.35,14,23.4,1,2,2022-04-29 09:12:12
1651223535204836000,23.35,1,23.35,16,23.4,2,2,2022-04-29 09:12:15
1651223535233204000,23.4,2,23.4,1,23.45,25,1,2022-04-29 09:12:15
1651223535271933000,23.4,1,23.35,16,23.45,25,2,2022-04-29 09:12:15
1651223535480947000,23.4,1,23.35,12,23.45,25,2,2022-04-29 09:12:15
1651223535480947000,23.35,4,23.35,12,23.45,25,2,2022-04-29 09:12:15
1651223535835593000,23.35,1,23.35,11,23.4,1,2,2022-04-29 09:12:15
1651223535861661000,23.35,1,23.35,10,23.4,1,2,2022-04-29 09:12:15
1651223535873625000,23.4,1,23.35,10,23.45,25,1,2022-04-29 09:12:15
1651223535895032000,23.35,1,23.35,9,23.45,25,2,2022-04-29 09:12:15
1651223535987999000,23.4,3,23.35,9,23.4,2,1,2022-04-29 09:12:15
1651223535994891000,23.4,1,23.35,9,23.4,1,1,2022-04-29 09:12:15
1651223536488189000,23.35,1,23.35,8,23.4,1,2,2022-04-29 09:12:16
1651223536672552000,23.35,8,23.3,14,23.4,1,2,2022-04-29 09:12:16
1651223536672552000,23.3,12,23.3,14,23.4,1,2,2022-04-29 09:12:16
1651223537446575000,23.35,1,23.3,54,23.35,3,1,2022-04-29 09:12:17
1651223537575423000,23.3,5,23.3,49,23.35,3,2,2022-04-29 09:12:17
1651223539364033000,23.3,1,23.3,48,23.35,5,2,2022-04-29 09:12:19
1651223539698784000,23.35,2,23.3,48,23.35,3,1,2022-04-29 09:12:19
1651223540175845000,23.3,11,23.3,37,23.35,3,2,2022-04-29 09:12:20
1651223540207706000,23.3,5,23.3,32,23.35,3,2,2022-04-29 09:12:20
1651223540970993000,23.3,20,23.3,12,23.35,3,2,2022-04-29 09:12:20
1651223541012123000,23.3,1,23.3,11,23.35,3,2,2022-04-29 09:12:21
1651223541012494000,23.3,1,23.3,10,23.35,3,2,2022-04-29 09:12:21
1651223541020211000,23.3,1,23.3,9,23.35,3,2,2022-04-29 09:12:21
1651223541274049000,23.3,1,23.3,8,23.35,3,2,2022-04-29 09:12:21
1651223541367649000,23.3,1,23.3,7,23.35,3,2,2022-04-29 09:12:21
1651223541918901000,23.3,1,23.3,6,23.35,3,2,2022-04-29 09:12:21
1651223542080646000,23.3,1,23.3,5,23.35,3,2,2022-04-29 09:12:22
1651223542258839000,23.35,1,23.3,5,23.35,2,1,2022-04-29 09:12:22
1651223542313044000,23.3,1,23.3,4,23.35,2,2,2022-04-29 09:12:22
1651223542712754000,23.3,1,23.3,3,23.35,2,2,2022-04-29 09:12:22
1651223542746763000,23.3,2,23.3,1,23.35,2,2,2022-04-29 09:12:22
1651223542956713000,23.3,1,23.25,11,23.35,1,2,2022-04-29 09:12:22
1651223542956713000,23.25,3,23.25,11,23.35,1,2,2022-04-29 09:12:22
1651223542974056000,23.35,1,23.25,11,23.4,7,1,2022-04-29 09:12:22
1651223543417037000,23.3,1,23.25,9,23.3,1,1,2022-04-29 09:12:23
1651223545226982000,23.25,3,23.25,9,23.3,8,2,2022-04-29 09:12:25
1651223545670493000,23.3,1,23.25,9,23.3,7,1,2022-04-29 09:12:25
1651223546173003000,23.3,2,23.25,9,23.3,5,1,2022-04-29 09:12:26
1651223547771843000,23.3,1,23.25,9,23.3,4,1,2022-04-29 09:12:27
1651223547882457000,23.25,1,23.25,8,23.3,4,2,2022-04-29 09:12:27
1651223548706451000,23.3,1,23.25,9,23.3,3,1,2022-04-29 09:12:28
1651223549081685000,23.3,3,23.3,2,23.35,11,1,2022-04-29 09:12:29
1651223550026825000,23.3,2,23.25,9,23.35,11,2,2022-04-29 09:12:30
1651223550026825000,23.25,1,23.25,9,23.35,11,2,2022-04-29 09:12:30
1651223550889400000,23.3,1,23.3,2,23.35,11,2,2022-04-29 09:12:30
1651223551484847000,23.3,1,23.3,2,23.35,11,2,2022-04-29 09:12:31
1651223551735224000,23.3,2,23.2,32,23.35,11,2,2022-04-29 09:12:31
1651223551735224000,23.25,10,23.2,32,23.35,11,2,2022-04-29 09:12:31
1651223552592187000,23.25,1,23.2,32,23.3,1,2,2022-04-29 09:12:32
1651223553320249000,23.3,1,23.3,10,23.35,11,1,2022-04-29 09:12:33
1651223553817779000,23.3,1,23.3,9,23.35,11,2,2022-04-29 09:12:33
1651223554452357000,23.3,1,23.3,10,23.35,11,2,2022-04-29 09:12:34
1651223555115612000,23.3,2,23.3,8,23.35,11,2,2022-04-29 09:12:35
1651223555133299000,23.3,2,23.3,6,23.35,11,2,2022-04-29 09:12:35
1651223555702464000,23.35,2,23.3,7,23.35,9,1,2022-04-29 09:12:35
1651223556355199000,23.3,1,23.3,6,23.35,12,2,2022-04-29 09:12:36
1651223557093702000,23.35,1,23.3,8,23.35,11,1,2022-04-29 09:12:37
1651223557353515000,23.3,1,23.3,7,23.35,11,2,2022-04-29 09:12:37
1651223557993220000,23.35,1,23.3,20,23.35,10,1,2022-04-29 09:12:37
1651223558230456000,23.35,1,23.3,23,23.35,9,1,2022-04-29 09:12:38
1651223558307064000,23.35,5,23.3,23,23.35,4,1,2022-04-29 09:12:38
1651223558354913000,23.3,6,23.3,17,23.35,4,2,2022-04-29 09:12:38
1651223558816702000,23.35,2,23.3,17,23.35,2,1,2022-04-29 09:12:38
1651223558851252000,23.35,2,23.3,17,23.4,18,1,2022-04-29 09:12:38
1651223558861637000,23.4,5,23.3,17,23.4,13,1,2022-04-29 09:12:38
1651223559522705000,23.35,1,23.35,6,23.4,13,2,2022-04-29 09:12:39
1651223559652578000,23.4,1,23.35,11,23.4,12,1,2022-04-29 09:12:39
1651223559917052000,23.4,12,23.4,8,23.45,13,1,2022-04-29 09:12:39
1651223561550023000,23.4,1,23.4,8,23.45,13,2,2022-04-29 09:12:41
1651223562715241000,23.45,2,23.4,13,23.45,11,1,2022-04-29 09:12:42
1651223562761306000,23.45,5,23.4,13,23.45,6,1,2022-04-29 09:12:42
1651223562805351000,23.4,1,23.4,12,23.45,6,2,2022-04-29 09:12:42
1651223563714565000,23.45,1,23.4,12,23.45,5,1,2022-04-29 09:12:43
1651223563895088000,23.4,6,23.4,6,23.45,6,2,2022-04-29 09:12:43
1651223563954928000,23.45,2,23.4,6,23.45,4,1,2022-04-29 09:12:43
1651223565698555000,23.45,1,23.4,6,23.45,3,1,2022-04-29 09:12:45
1651223566219153000,23.45,1,23.4,6,23.45,2,1,2022-04-29 09:12:46
1651223566254217000,23.4,1,23.4,5,23.45,2,2,2022-04-29 09:12:46
1651223567801362000,23.45,2,23.4,7,23.45,1,1,2022-04-29 09:12:47
1651223567888090000,23.45,1,23.4,7,23.5,28,1,2022-04-29 09:12:47
1651223570998752000,23.5,6,23.45,10,23.5,22,1,2022-04-29 09:12:50
1651223571422817000,23.5,10,23.45,10,23.5,12,1,2022-04-29 09:12:51
1651223571686492000,23.5,1,23.45,11,23.5,11,1,2022-04-29 09:12:51
1651223572062444000,23.5,4,23.45,12,23.5,7,1,2022-04-29 09:12:52
1651223572264816000,23.5,4,23.45,10,23.5,3,1,2022-04-29 09:12:52
1651223572274693000,23.45,8,23.45,2,23.5,3,2,2022-04-29 09:12:52
1651223572452236000,23.5,3,23.5,7,23.55,5,1,2022-04-29 09:12:52
1651223572614730000,23.55,5,23.5,7,23.6,10,1,2022-04-29 09:12:52
1651223573106070000,23.55,1,23.55,4,23.6,10,2,2022-04-29 09:12:53
1651223573283317000,23.6,2,23.55,4,23.6,8,1,2022-04-29 09:12:53
1651223574666306000,23.6,2,23.55,4,23.6,6,1,2022-04-29 09:12:54
1651223576182485000,23.6,1,23.55,5,23.6,5,1,2022-04-29 09:12:56
1651223576880072000,23.55,2,23.55,3,23.6,5,2,2022-04-29 09:12:56
1651223578185359000,23.6,1,23.55,3,23.6,4,1,2022-04-29 09:12:58
1651223579388986000,23.6,1,23.55,4,23.6,5,1,2022-04-29 09:12:59
1651223579434337000,23.6,1,23.55,4,23.6,4,1,2022-04-29 09:12:59
1651223580589417000,23.6,1,23.55,4,23.6,3,1,2022-04-29 09:13:00
1651223581043901000,23.6,1,23.55,4,23.6,2,1,2022-04-29 09:13:01
1651223581426241000,23.6,1,23.55,4,23.6,1,1,2022-04-29 09:13:01
1651223582943779000,23.6,1,23.55,12,23.6,7,1,2022-04-29 09:13:02
1651223583137498000,23.6,2,23.55,12,23.6,5,1,2022-04-29 09:13:03
1651223583141752000,23.6,1,23.55,12,23.6,4,1,2022-04-29 09:13:03
1651223584339091000,23.55,1,23.55,12,23.6,4,2,2022-04-29 09:13:04
1651223584484945000,23.6,2,23.55,12,23.6,2,1,2022-04-29 09:13:04
1651223584840863000,23.6,1,23.55,12,23.6,1,1,2022-04-29 09:13:04
1651223585416476000,23.6,1,23.55,12,23.65,2,1,2022-04-29 09:13:05
1651223586138308000,23.55,1,23.55,11,23.65,2,2,2022-04-29 09:13:06
1651223589428340000,23.6,1,23.6,10,23.65,5,2,2022-04-29 09:13:09
1651223590777793000,23.6,1,23.6,12,23.65,5,2,2022-04-29 09:13:10
1651223590838211000,23.65,3,23.6,12,23.65,2,1,2022-04-29 09:13:10
1651223591383743000,23.65,2,23.6,12,23.7,8,1,2022-04-29 09:13:11
1651223592469812000,23.6,4,23.6,8,23.7,6,2,2022-04-29 09:13:12
1651223594490853000,23.6,1,23.6,8,23.65,6,2,2022-04-29 09:13:14
1651223594640969000,23.6,1,23.6,7,23.65,6,2,2022-04-29 09:13:14
1651223594890425000,23.6,1,23.6,6,23.65,6,2,2022-04-29 09:13:14
1651223595838574000,23.6,7,23.55,11,23.6,13,2,2022-04-29 09:13:15
1651223596059443000,23.6,10,23.55,11,23.6,3,1,2022-04-29 09:13:16
1651223596202821000,23.55,1,23.55,10,23.6,3,2,2022-04-29 09:13:16
1651223596568842000,23.55,4,23.55,6,23.6,7,2,2022-04-29 09:13:16
1651223596753876000,23.6,1,23.55,6,23.6,6,1,2022-04-29 09:13:16
1651223597305639000,23.6,1,23.55,6,23.6,4,1,2022-04-29 09:13:17
1651223597314004000,23.55,2,23.55,4,23.6,4,2,2022-04-29 09:13:17
1651223598011240000,23.6,1,23.55,4,23.6,3,1,2022-04-29 09:13:18
1651223598592755000,23.6,4,23.6,1,23.7,1,1,2022-04-29 09:13:18
1651223599165289000,23.65,1,23.6,1,23.7,1,1,2022-04-29 09:13:19
1651223599293224000,23.6,1,23.55,1,23.7,1,2,2022-04-29 09:13:19
1651223599293224000,23.55,2,23.55,1,23.7,1,2,2022-04-29 09:13:19
1651223599384507000,23.55,1,23.5,3,23.7,1,2,2022-04-29 09:13:19
1651223600545282000,23.6,1,23.4,11,23.65,1,2,2022-04-29 09:13:20
1651223600545282000,23.5,3,23.4,11,23.65,1,2,2022-04-29 09:13:20
1651223600545282000,23.45,5,23.4,11,23.65,1,2,2022-04-29 09:13:20
1651223600545282000,23.4,11,23.4,11,23.65,1,2,2022-04-29 09:13:20
1651223603602311000,23.55,5,23.45,2,23.55,7,1,2022-04-29 09:13:23
1651223605766292000,23.45,1,23.45,1,23.55,7,2,2022-04-29 09:13:25
1651223606781816000,23.5,1,23.45,1,23.5,1,1,2022-04-29 09:13:26
1651223607119909000,23.45,1,23.4,7,23.5,1,2,2022-04-29 09:13:27
1651223607119909000,23.4,4,23.4,7,23.5,1,2,2022-04-29 09:13:27
1651223608316463000,23.4,3,23.4,5,23.5,1,2,2022-04-29 09:13:28
1651223610592967000,23.45,1,23.4,7,23.5,1,2,2022-04-29 09:13:30
1651223612245479000,23.4,5,23.4,3,23.5,1,2,2022-04-29 09:13:32
1651223613095476000,23.45,1,23.4,3,23.5,1,1,2022-04-29 09:13:33
1651223616591256000,23.4,2,23.4,2,23.5,1,2,2022-04-29 09:13:36
1651223621481840000,23.45,1,23.45,1,23.5,22,2,2022-04-29 09:13:41
1651223623699223000,23.5,1,23.45,3,23.5,22,1,2022-04-29 09:13:43
1651223625383211000,23.5,1,23.45,3,23.5,26,1,2022-04-29 09:13:45
1651223625437546000,23.45,3,23.25,5,23.5,26,2,2022-04-29 09:13:45
1651223625437546000,23.4,5,23.25,5,23.5,26,2,2022-04-29 09:13:45
1651223625437546000,23.35,4,23.25,5,23.5,26,2,2022-04-29 09:13:45
1651223625437546000,23.3,12,23.25,5,23.5,26,2,2022-04-29 09:13:45
1651223625437546000,23.25,14,23.25,5,23.5,26,2,2022-04-29 09:13:45
1651223625701887000,23.3,2,23.25,5,23.45,7,2,2022-04-29 09:13:45
1651223625934723000,23.4,1,23.25,5,23.45,6,1,2022-04-29 09:13:45
1651223625934723000,23.45,1,23.25,5,23.45,6,1,2022-04-29 09:13:45
1651223627119168000,23.4,1,23.3,1,23.4,3,2,2022-04-29 09:13:47
1651223630897681000,23.3,1,23.25,9,23.3,1,2,2022-04-29 09:13:50
1651223631857761000,23.3,1,23.25,9,23.35,1,1,2022-04-29 09:13:51
1651223633487319000,23.25,1,23.25,8,23.35,1,2,2022-04-29 09:13:53
1651223634955360000,23.3,7,23.15,9,23.35,1,2,2022-04-29 09:13:54
1651223634955360000,23.25,9,23.15,9,23.35,1,2,2022-04-29 09:13:54
1651223634955360000,23.2,29,23.15,9,23.35,1,2,2022-04-29 09:13:54
1651223634955360000,23.15,5,23.15,9,23.35,1,2,2022-04-29 09:13:54
1651223639107190000,23.2,5,23.15,5,23.25,1,2,2022-04-29 09:13:59
1651223639107190000,23.15,4,23.15,5,23.25,1,2,2022-04-29 09:13:59
1651223640721449000,23.15,1,23.15,9,23.25,2,2,2022-04-29 09:14:00
1651223641139783000,23.15,9,23.1,34,23.15,11,2,2022-04-29 09:14:01
1651223641170646000,23.1,1,23.1,33,23.15,26,2,2022-04-29 09:14:01
1651223641189435000,23.1,1,23.1,32,23.15,26,2,2022-04-29 09:14:01
1651223641189823000,23.1,1,23.1,31,23.15,26,2,2022-04-29 09:14:01
1651223641543362000,23.1,5,23.1,26,23.15,26,2,2022-04-29 09:14:01
1651223641702700000,23.1,2,23.1,24,23.15,31,2,2022-04-29 09:14:01
1651223641877738000,23.1,1,23.1,23,23.15,31,2,2022-04-29 09:14:01
1651223642456020000,23.15,3,23.1,27,23.15,28,1,2022-04-29 09:14:02
1651223642487596000,23.1,1,23.1,26,23.15,28,2,2022-04-29 09:14:02
1651223643479793000,23.15,13,23.1,26,23.15,15,1,2022-04-29 09:14:03
1651223643850401000,23.1,5,23.1,21,23.15,15,2,2022-04-29 09:14:03
1651223643912897000,23.1,1,23.1,20,23.15,15,2,2022-04-29 09:14:03
1651223644736176000,23.15,9,23.1,20,23.15,7,1,2022-04-29 09:14:04
1651223644781539000,23.1,1,23.1,19,23.15,7,2,2022-04-29 09:14:04
1651223645194077000,23.1,1,23.1,18,23.15,7,2,2022-04-29 09:14:05
1651223645434297000,23.15,1,23.1,20,23.15,6,1,2022-04-29 09:14:05
1651223645437328000,23.15,4,23.1,20,23.15,2,1,2022-04-29 09:14:05
1651223645571575000,23.1,1,23.1,19,23.15,2,2,2022-04-29 09:14:05
1651223646016499000,23.1,19,23.05,28,23.1,11,2,2022-04-29 09:14:06
1651223646621462000,23.05,5,23.05,23,23.1,11,2,2022-04-29 09:14:06
1651223647524740000,23.1,1,23.05,24,23.1,10,1,2022-04-29 09:14:07
1651223648274712000,23.1,2,23.05,24,23.1,9,1,2022-04-29 09:14:08
1651223648308537000,23.05,20,23.05,4,23.1,9,2,2022-04-29 09:14:08
1651223648612340000,23.05,2,23.05,2,23.1,9,2,2022-04-29 09:14:08
1651223649010381000,23.05,1,23.05,1,23.1,10,2,2022-04-29 09:14:09
1651223649267713000,23.1,1,23.05,1,23.1,10,1,2022-04-29 09:14:09
1651223649291150000,23.1,2,23.05,1,23.1,8,1,2022-04-29 09:14:09
1651223649455525000,23.05,1,23.0,103,23.1,18,2,2022-04-29 09:14:09
1651223649455525000,23.0,4,23.0,103,23.1,18,2,2022-04-29 09:14:09
1651223650087405000,23.0,50,23.0,53,23.1,18,2,2022-04-29 09:14:10
1651223651006064000,23.0,3,23.0,50,23.05,5,2,2022-04-29 09:14:11
1651223651383693000,23.0,1,23.0,49,23.05,5,2,2022-04-29 09:14:11
1651223651650002000,23.0,3,23.0,46,23.05,5,2,2022-04-29 09:14:11
1651223652056074000,23.0,1,23.0,45,23.05,5,2,2022-04-29 09:14:12
1651223652680181000,23.0,2,23.0,44,23.05,5,2,2022-04-29 09:14:12
1651223652727665000,23.05,5,23.0,44,23.1,21,1,2022-04-29 09:14:12
1651223652956277000,23.0,1,23.0,43,23.1,20,2,2022-04-29 09:14:12
1651223653363763000,23.1,1,23.0,43,23.1,19,1,2022-04-29 09:14:13
1651223653479216000,23.0,1,23.0,42,23.1,19,2,2022-04-29 09:14:13
1651223653540097000,23.0,3,23.0,39,23.1,19,2,2022-04-29 09:14:13
1651223653699005000,23.0,1,23.0,38,23.1,19,2,2022-04-29 09:14:13
1651223653754012000,23.1,3,23.0,38,23.1,16,1,2022-04-29 09:14:13
1651223653960008000,23.0,15,23.0,23,23.1,16,2,2022-04-29 09:14:13
1651223654563534000,23.05,1,23.0,23,23.1,16,2,2022-04-29 09:14:14
1651223654668122000,23.0,1,23.0,22,23.1,15,2,2022-04-29 09:14:14
1651223655229354000,23.0,4,23.0,18,23.1,15,2,2022-04-29 09:14:15
1651223655748711000,23.0,1,23.0,18,23.1,15,2,2022-04-29 09:14:15
1651223655820754000,23.0,1,23.0,17,23.1,15,2,2022-04-29 09:14:15
1651223656207402000,23.0,1,23.0,16,23.1,15,2,2022-04-29 09:14:16
1651223656240926000,23.0,1,23.0,15,23.1,15,2,2022-04-29 09:14:16
1651223656708722000,23.0,5,23.0,10,23.05,5,2,2022-04-29 09:14:16
1651223656781686000,23.05,1,23.0,10,23.05,4,1,2022-04-29 09:14:16
1651223657020884000,23.0,3,23.0,7,23.05,4,2,2022-04-29 09:14:17
1651223657267062000,23.0,3,23.0,4,23.05,4,2,2022-04-29 09:14:17
1651223657268828000,23.0,1,23.0,3,23.05,4,2,2022-04-29 09:14:17
1651223657305544000,23.0,3,22.95,18,23.0,7,2,2022-04-29 09:14:17
1651223657656543000,23.0,1,22.95,18,23.0,6,1,2022-04-29 09:14:17
1651223657869090000,22.95,15,22.95,3,23.0,6,2,2022-04-29 09:14:17
1651223658134205000,22.95,1,22.95,2,23.0,8,2,2022-04-29 09:14:18
1651223658186924000,22.95,1,22.95,1,23.0,8,2,2022-04-29 09:14:18
1651223658280951000,22.95,1,22.9,32,23.0,8,2,2022-04-29 09:14:18
1651223658483374000,22.95,1,22.95,3,23.0,8,2,2022-04-29 09:14:18
1651223658657795000,22.95,3,22.9,23,23.0,8,2,2022-04-29 09:14:18
1651223658657795000,22.9,8,22.9,23,23.0,8,2,2022-04-29 09:14:18
1651223659188555000,23.0,5,22.9,28,23.0,3,1,2022-04-29 09:14:19
1651223660014066000,22.9,2,22.9,26,23.0,6,2,2022-04-29 09:14:20
1651223661373260000,22.9,26,22.8,31,23.0,8,2,2022-04-29 09:14:21
1651223661373260000,22.85,19,22.8,31,23.0,8,2,2022-04-29 09:14:21
1651223661373260000,22.8,5,22.8,31,23.0,8,2,2022-04-29 09:14:21
1651223661796665000,22.9,2,22.8,31,22.95,1,1,2022-04-29 09:14:21
1651223662522757000,22.8,10,22.8,21,22.95,1,2,2022-04-29 09:14:22
1651223662667232000,22.8,1,22.8,20,22.95,3,2,2022-04-29 09:14:22
1651223663407523000,22.85,1,22.85,7,22.95,1,2,2022-04-29 09:14:23
1651223663495523000,22.85,1,22.85,6,22.95,1,2,2022-04-29 09:14:23
