ts,close,volume,bid_price,bid_volume,ask_price,ask_volume,tick_type,datetime
1646989218377084000,191.5,128,191.0,9,192.0,60,0,2022-03-11 09:00:18
1646989219183852000,191.0,2,191.0,7,191.5,2,2,2022-03-11 09:00:19
1646989219219178000,191.0,7,190.5,5,191.5,2,2,2022-03-11 09:00:19
1646989226172882000,191.5,3,190.5,6,191.5,1,1,2022-03-11 09:00:26
1646989226183996000,190.5,3,190.5,3,191.5,1,2,2022-03-11 09:00:26
1646989227297593000,190.5,1,190.5,2,191.5,1,2,2022-03-11 09:00:27
1646989230434795000,191.0,2,190.5,3,191.5,18,2,2022-03-11 09:00:30
1646989230791031000,190.5,1,190.5,2,191.5,18,2,2022-03-11 09:00:30
1646989233753134000,191.0,1,190.5,6,191.0,7,1,2022-03-11 09:00:33
1646989234617663000,190.5,1,190.5,5,191.0,7,2,2022-03-11 09:00:34
1646989237681012000,191.0,1,190.5,11,191.0,7,1,2022-03-11 09:00:37
1646989237709920000,191.0,6,190.5,11,191.0,1,1,2022-03-11 09:00:37
1646989237728345000,191.0,1,190.5,11,191.5,20,1,2022-03-11 09:00:37
1646989242178429000,191.0,1,191.0,5,191.5,20,2,2022-03-11 09:00:42
1646989242309815000,191.0,1,191.0,4,191.5,20,2,2022-03-11 09:00:42
1646989243252717000,191.0,1,191.0,3,191.5,20,2,2022-03-11 09:00:43
1646989244276944000,191.0,1,191.0,3,191.5,20,2,2022-03-11 09:00:44
1646989244860224000,191.5,2,191.0,4,191.5,18,1,2022-03-11 09:00:44
1646989245607454000,191.5,1,191.0,5,191.5,17,1,2022-03-11 09:00:45
1646989245765211000,191.5,17,191.0,7,192.0,58,1,2022-03-11 09:00:45
1646989248497342000,191.5,2,191.5,3,192.0,58,2,2022-03-11 09:00:48
1646989255318117000,192.0,9,191.5,14,192.0,49,1,2022-03-11 09:00:55
1646989255352719000,192.0,46,191.5,14,192.0,3,1,2022-03-11 09:00:55
1646989255353518000,192.0,3,191.5,14,192.5,2,1,2022-03-11 09:00:55
1646989255833395000,192.0,1,192.0,1,192.5,2,2,2022-03-11 09:00:55
1646989256335929000,192.5,2,192.0,11,193.0,6,1,2022-03-11 09:00:56
1646989256711416000,193.0,1,192.0,11,193.0,5,1,2022-03-11 09:00:56
1646989258208712000,193.0,1,192.5,1,193.0,8,1,2022-03-11 09:00:58
1646989259162546000,193.0,1,192.5,1,193.0,7,1,2022-03-11 09:00:59
1646989259228905000,193.0,1,192.5,2,193.0,6,1,2022-03-11 09:00:59
1646989260807336000,192.5,1,192.5,1,193.0,6,2,2022-03-11 09:01:00
1646989260837468000,192.5,1,192.0,1,193.0,6,2,2022-03-11 09:01:00
1646989260981321000,193.0,1,192.0,2,193.0,5,1,2022-03-11 09:01:00
1646989261173253000,192.5,1,192.0,2,193.0,5,2,2022-03-11 09:01:01
1646989261839520000,193.0,2,192.0,2,193.0,3,1,2022-03-11 09:01:01
1646989262127970000,193.0,1,192.0,2,193.0,2,1,2022-03-11 09:01:02
1646989262225909000,193.0,1,192.5,5,193.0,1,1,2022-03-11 09:01:02
1646989262335462000,193.0,1,192.5,5,193.5,11,1,2022-03-11 09:01:02
1646989263476151000,193.0,5,192.5,7,193.5,13,2,2022-03-11 09:01:03
1646989263971438000,193.5,5,192.5,8,193.5,8,1,2022-03-11 09:01:03
1646989264143285000,193.0,1,192.5,8,193.5,8,2,2022-03-11 09:01:04
1646989264502877000,193.5,2,193.0,1,193.5,6,1,2022-03-11 09:01:04
1646989265523452000,193.5,1,193.0,3,193.5,5,1,2022-03-11 09:01:05
1646989265822001000,193.5,1,193.0,6,193.5,4,1,2022-03-11 09:01:05
1646989265976079000,193.5,1,193.0,6,193.5,3,1,2022-03-11 09:01:05
1646989266114343000,193.5,3,193.0,6,194.0,14,1,2022-03-11 09:01:06
1646989267518406000,193.5,1,193.5,3,194.0,14,2,2022-03-11 09:01:07
1646989267550279000,193.5,3,193.5,1,194.0,14,2,2022-03-11 09:01:07
1646989267725989000,193.5,1,193.0,9,194.0,14,2,2022-03-11 09:01:07
1646989268031775000,194.0,2,193.0,10,194.0,12,1,2022-03-11 09:01:08
1646989268077344000,194.0,1,193.0,10,194.0,11,1,2022-03-11 09:01:08
1646989268078951000,194.0,1,193.0,10,194.0,10,1,2022-03-11 09:01:08
1646989268328309000,193.5,1,193.5,1,194.0,10,1,2022-03-11 09:01:08
1646989268813993000,193.5,1,193.0,10,193.5,2,2,2022-03-11 09:01:08
1646989269039612000,193.5,1,193.0,10,193.5,1,1,2022-03-11 09:01:09
1646989269714841000,193.5,1,193.0,12,194.0,11,1,2022-03-11 09:01:09
1646989269996814000,193.5,1,193.0,12,194.0,11,1,2022-03-11 09:01:09
1646989271031999000,193.5,1,193.5,1,194.0,11,2,2022-03-11 09:01:11
1646989272177438000,194.0,2,193.5,2,194.0,8,1,2022-03-11 09:01:12
1646989272208657000,193.5,2,193.0,12,194.0,8,2,2022-03-11 09:01:12
1646989272674734000,193.5,1,193.0,13,194.0,9,2,2022-03-11 09:01:12
1646989272951090000,193.5,1,193.0,13,194.0,7,1,2022-03-11 09:01:12
1646989273544703000,194.0,1,193.5,1,194.0,5,1,2022-03-11 09:01:13
1646989273595070000,193.5,1,193.0,13,194.0,5,2,2022-03-11 09:01:13
1646989273699316000,193.5,1,193.0,13,193.5,1,1,2022-03-11 09:01:13
1646989273769001000,193.5,1,193.0,13,194.0,5,1,2022-03-11 09:01:13
1646989274241318000,194.0,1,193.5,10,194.0,4,1,2022-03-11 09:01:14
1646989274305273000,193.5,2,193.5,8,194.0,4,2,2022-03-11 09:01:14
1646989275222533000,194.0,1,193.5,12,194.0,3,1,2022-03-11 09:01:15
1646989275258164000,193.5,2,193.5,10,194.0,3,2,2022-03-11 09:01:15
1646989276431776000,194.0,1,193.5,16,194.0,2,1,2022-03-11 09:01:16
1646989276604828000,194.0,1,193.5,17,194.0,1,1,2022-03-11 09:01:16
1646989277156928000,193.5,1,193.5,19,194.0,2,2,2022-03-11 09:01:17
1646989277216728000,194.0,1,193.5,19,194.0,1,1,2022-03-11 09:01:17
1646989279952905000,194.0,1,193.5,24,194.5,7,1,2022-03-11 09:01:19
1646989280457321000,194.0,1,193.5,25,194.5,8,1,2022-03-11 09:01:20
1646989281502274000,194.5,1,194.0,1,194.5,9,1,2022-03-11 09:01:21
1646989282382337000,194.0,2,193.5,30,194.5,9,2,2022-03-11 09:01:22
1646989283678203000,194.5,1,194.0,2,194.5,10,1,2022-03-11 09:01:23
1646989283886754000,194.5,1,194.0,3,194.5,9,1,2022-03-11 09:01:23
1646989286155431000,194.5,1,194.0,13,194.5,8,1,2022-03-11 09:01:26
1646989286255484000,194.5,1,194.0,13,194.5,7,1,2022-03-11 09:01:26
1646989286777951000,194.5,1,194.0,14,194.5,5,1,2022-03-11 09:01:26
1646989287124484000,194.5,1,194.0,15,194.5,4,1,2022-03-11 09:01:27
1646989287286459000,194.5,1,194.0,15,194.5,4,1,2022-03-11 09:01:27
1646989287320232000,194.5,1,194.0,15,194.5,3,1,2022-03-11 09:01:27
1646989287419408000,194.5,1,194.0,15,194.5,2,1,2022-03-11 09:01:27
1646989287471466000,194.5,1,194.0,15,194.5,1,1,2022-03-11 09:01:27
1646989287712454000,194.5,1,194.0,16,195.0,22,1,2022-03-11 09:01:27
1646989288105714000,194.5,1,194.0,17,195.0,22,2,2022-03-11 09:01:28
1646989289863735000,194.5,1,194.5,12,195.0,25,2,2022-03-11 09:01:29
1646989290473856000,195.0,1,194.5,14,195.0,24,1,2022-03-11 09:01:30
1646989290502466000,194.5,5,194.5,9,195.0,24,2,2022-03-11 09:01:30
1646989290526013000,194.5,9,194.0,18,195.0,24,2,2022-03-11 09:01:30
1646989290820888000,194.5,1,194.0,19,195.0,25,1,2022-03-11 09:01:30
1646989290915929000,195.0,1,194.0,19,195.0,24,1,2022-03-11 09:01:30
1646989290972847000,195.0,1,194.0,19,195.0,23,1,2022-03-11 09:01:30
1646989292507047000,194.0,19,193.5,34,195.0,25,2,2022-03-11 09:01:32
1646989292537119000,194.5,1,194.5,3,195.0,25,2,2022-03-11 09:01:32
1646989292540226000,194.5,1,194.5,2,195.0,26,2,2022-03-11 09:01:32
1646989292541048000,194.5,1,194.5,1,195.0,26,2,2022-03-11 09:01:32
1646989292559581000,194.5,1,193.5,33,195.0,26,2,2022-03-11 09:01:32
1646989292648242000,193.5,2,193.5,31,194.5,2,2,2022-03-11 09:01:32
1646989292832512000,194.5,1,193.5,31,194.5,3,1,2022-03-11 09:01:32
1646989293428038000,194.5,2,194.0,1,194.5,2,1,2022-03-11 09:01:33
1646989293626562000,194.5,1,194.0,1,194.5,2,1,2022-03-11 09:01:33
1646989293814346000,194.0,1,193.5,31,194.5,12,2,2022-03-11 09:01:33
1646989293957261000,194.5,1,193.5,31,194.5,12,1,2022-03-11 09:01:33
1646989294123931000,194.0,1,194.0,1,194.5,12,2,2022-03-11 09:01:34
1646989294156882000,194.0,1,193.5,29,194.5,12,2,2022-03-11 09:01:34
1646989294201511000,194.5,1,193.5,29,194.5,15,1,2022-03-11 09:01:34
1646989294440309000,194.5,1,193.5,28,194.5,14,1,2022-03-11 09:01:34
1646989294635032000,194.0,2,193.5,28,194.0,2,1,2022-03-11 09:01:34
1646989294640721000,193.5,1,193.5,27,194.0,2,2,2022-03-11 09:01:34
1646989294679539000,194.0,1,193.5,27,194.0,1,1,2022-03-11 09:01:34
1646989294815775000,193.5,2,193.5,25,194.0,1,2,2022-03-11 09:01:34
1646989294861182000,194.0,1,193.5,25,194.5,14,1,2022-03-11 09:01:34
1646989294921888000,194.0,1,193.5,25,194.5,14,2,2022-03-11 09:01:34
1646989295040653000,194.5,10,193.5,25,194.5,4,1,2022-03-11 09:01:35
1646989295338919000,194.0,1,193.5,26,194.5,4,1,2022-03-11 09:01:35
1646989295386815000,194.5,1,194.0,1,194.5,3,1,2022-03-11 09:01:35
1646989295450046000,194.5,1,194.0,1,194.5,2,1,2022-03-11 09:01:35
1646989296536570000,194.5,1,194.0,1,194.5,11,1,2022-03-11 09:01:36
1646989296735308000,194.5,1,194.0,1,194.5,10,1,2022-03-11 09:01:36
1646989296953431000,194.0,2,193.5,25,194.5,11,2,2022-03-11 09:01:36
1646989297467090000,194.5,1,194.0,2,194.5,11,1,2022-03-11 09:01:37
1646989297539260000,194.5,4,194.0,2,194.5,7,1,2022-03-11 09:01:37
1646989297874299000,194.5,1,194.0,2,194.5,9,1,2022-03-11 09:01:37
1646989297897356000,194.0,1,194.0,1,194.5,9,2,2022-03-11 09:01:37
1646989297932097000,194.0,1,193.5,28,194.5,9,2,2022-03-11 09:01:37
1646989298876944000,194.0,1,193.5,28,194.5,19,2,2022-03-11 09:01:38
1646989299031848000,193.5,1,193.5,27,194.0,1,2,2022-03-11 09:01:39
1646989299053789000,194.0,1,193.5,27,194.5,19,1,2022-03-11 09:01:39
1646989299162997000,194.5,1,194.0,3,194.5,18,1,2022-03-11 09:01:39
1646989299361208000,194.5,1,194.0,3,194.5,18,1,2022-03-11 09:01:39
1646989299361777000,194.5,1,194.0,3,194.5,17,1,2022-03-11 09:01:39
1646989299802947000,194.5,1,194.0,3,194.5,18,1,2022-03-11 09:01:39
1646989299956294000,194.5,18,194.5,2,195.0,31,1,2022-03-11 09:01:39
1646989299985508000,194.5,2,194.0,4,195.0,31,2,2022-03-11 09:01:39
1646989300842344000,194.0,1,194.0,5,194.5,3,2,2022-03-11 09:01:40
1646989301739609000,194.5,2,194.0,6,194.5,1,1,2022-03-11 09:01:41
1646989302057872000,194.0,2,194.0,4,194.5,1,2,2022-03-11 09:01:42
1646989302127741000,194.0,4,193.5,35,194.5,2,2,2022-03-11 09:01:42
1646989302157700000,193.5,35,193.0,16,194.5,2,2,2022-03-11 09:01:42
1646989302291317000,193.0,1,193.0,14,194.0,2,2,2022-03-11 09:01:42
1646989302537825000,194.0,1,193.0,14,194.0,3,1,2022-03-11 09:01:42
1646989302829313000,194.0,1,193.0,14,194.0,1,1,2022-03-11 09:01:42
1646989302864619000,194.0,1,193.0,14,194.5,8,1,2022-03-11 09:01:42
1646989303334666000,194.0,1,193.0,14,194.5,10,2,2022-03-11 09:01:43
1646989303798012000,194.5,1,193.0,14,194.5,10,1,2022-03-11 09:01:43
1646989304134026000,193.0,5,193.0,9,194.5,11,2,2022-03-11 09:01:44
1646989304160037000,193.0,9,192.5,13,194.5,11,2,2022-03-11 09:01:44
1646989304562071000,193.5,1,193.0,5,193.5,3,1,2022-03-11 09:01:44
1646989305235492000,193.5,1,193.0,5,193.5,2,1,2022-03-11 09:01:45
1646989306035272000,193.5,1,193.0,7,193.5,1,1,2022-03-11 09:01:46
1646989306057616000,193.5,1,193.0,7,194.0,6,1,2022-03-11 09:01:46
1646989306232629000,194.0,1,193.0,7,194.0,7,1,2022-03-11 09:01:46
1646989306275955000,193.0,1,193.0,6,194.0,7,2,2022-03-11 09:01:46
1646989306669721000,194.0,1,193.0,6,194.0,4,1,2022-03-11 09:01:46
1646989306865379000,194.0,1,193.5,1,194.0,2,1,2022-03-11 09:01:46
1646989306946032000,193.5,1,193.0,6,194.0,2,2,2022-03-11 09:01:46
1646989306946032000,193.0,1,193.0,6,194.0,2,2,2022-03-11 09:01:46
1646989308026001000,194.0,1,193.5,1,194.0,2,1,2022-03-11 09:01:48
1646989308352161000,193.5,1,193.0,8,194.0,2,2,2022-03-11 09:01:48
1646989308752976000,194.0,1,193.0,8,194.0,1,1,2022-03-11 09:01:48
1646989310540229000,193.5,1,193.0,23,194.0,4,1,2022-03-11 09:01:50
1646989311082422000,193.0,1,193.0,21,193.5,1,2,2022-03-11 09:01:51
1646989311877543000,193.5,1,193.0,22,194.0,6,1,2022-03-11 09:01:51
1646989312298645000,193.5,1,193.0,23,194.0,8,2,2022-03-11 09:01:52
1646989312700046000,194.0,1,193.5,2,194.0,8,1,2022-03-11 09:01:52
1646989312731976000,193.5,1,193.5,1,194.0,9,2,2022-03-11 09:01:52
1646989312824529000,193.5,1,193.0,23,194.0,12,2,2022-03-11 09:01:52
1646989313597901000,193.5,1,193.0,22,194.0,8,1,2022-03-11 09:01:53
1646989313597901000,194.0,4,193.0,22,194.0,8,1,2022-03-11 09:01:53
1646989313857040000,193.5,1,193.5,1,194.0,9,1,2022-03-11 09:01:53
1646989313894180000,193.5,1,193.0,23,194.0,9,2,2022-03-11 09:01:53
1646989314226238000,193.5,1,193.0,23,194.0,9,2,2022-03-11 09:01:54
1646989314377949000,194.0,1,193.0,23,194.0,8,1,2022-03-11 09:01:54
1646989314976906000,193.0,1,193.0,22,194.0,8,2,2022-03-11 09:01:54
1646989315480027000,193.5,1,193.0,23,194.0,9,1,2022-03-11 09:01:55
1646989315630761000,194.0,3,193.0,23,194.0,8,1,2022-03-11 09:01:55
1646989317116653000,193.5,1,193.0,23,193.5,12,1,2022-03-11 09:01:57
1646989317188133000,193.0,1,193.0,23,193.5,14,2,2022-03-11 09:01:57
1646989317485443000,193.5,1,193.0,23,193.5,13,1,2022-03-11 09:01:57
1646989317603843000,193.0,1,193.0,23,193.5,13,2,2022-03-11 09:01:57
1646989317693297000,193.0,2,193.0,21,193.5,14,2,2022-03-11 09:01:57
1646989317732903000,193.0,1,193.0,20,193.5,14,2,2022-03-11 09:01:57
1646989317770765000,193.0,1,193.0,19,193.5,14,2,2022-03-11 09:01:57
1646989320720734000,193.5,1,193.0,32,193.5,20,1,2022-03-11 09:02:00
1646989321089189000,193.0,1,193.0,31,193.5,21,2,2022-03-11 09:02:01
1646989321097358000,193.0,1,193.0,30,193.5,21,2,2022-03-11 09:02:01
1646989321125397000,193.0,1,193.0,29,193.5,21,2,2022-03-11 09:02:01
1646989321157055000,193.0,1,193.0,28,193.5,21,2,2022-03-11 09:02:01
1646989322391632000,193.0,28,192.5,13,193.5,22,2,2022-03-11 09:02:02
1646989322849765000,192.5,3,192.5,9,193.0,1,2,2022-03-11 09:02:02
1646989323299095000,193.0,1,192.5,9,193.0,4,1,2022-03-11 09:02:03
1646989323354492000,193.0,1,192.5,9,193.0,3,1,2022-03-11 09:02:03
1646989323491131000,192.5,1,192.5,8,193.0,3,2,2022-03-11 09:02:03
1646989324381944000,192.5,1,192.5,7,193.0,3,2,2022-03-11 09:02:04
1646989324635445000,193.0,1,192.5,7,193.0,2,1,2022-03-11 09:02:04
1646989324775189000,193.0,3,193.0,7,193.5,24,1,2022-03-11 09:02:04
1646989325002459000,193.0,1,193.0,6,193.5,24,2,2022-03-11 09:02:05
1646989325022195000,193.0,6,192.5,7,193.5,24,2,2022-03-11 09:02:05
1646989325924477000,192.5,1,192.5,10,193.0,1,2,2022-03-11 09:02:05
1646989327141779000,192.5,1,192.5,10,193.0,3,2,2022-03-11 09:02:07
1646989330916398000,192.5,1,192.5,10,193.0,14,2,2022-03-11 09:02:10
1646989331173432000,192.5,1,192.5,10,193.0,14,2,2022-03-11 09:02:11
1646989331188623000,193.0,1,192.5,10,193.0,13,1,2022-03-11 09:02:11
1646989331655584000,192.5,1,192.5,9,193.0,25,2,2022-03-11 09:02:11
1646989331676151000,192.5,1,192.5,8,193.0,25,2,2022-03-11 09:02:11
1646989331709578000,192.5,8,192.0,13,193.0,25,2,2022-03-11 09:02:11
1646989331730435000,192.0,1,192.0,12,193.0,25,2,2022-03-11 09:02:11
1646989332151652000,192.0,1,192.0,11,192.5,1,2,2022-03-11 09:02:12
1646989332237803000,192.0,11,191.5,18,192.5,16,2,2022-03-11 09:02:12
1646989333841546000,192.0,1,191.5,18,192.0,16,1,2022-03-11 09:02:13
1646989334106031000,192.0,1,191.5,18,192.0,16,1,2022-03-11 09:02:14
1646989334497024000,191.5,2,191.5,16,192.0,16,2,2022-03-11 09:02:14
1646989334527661000,191.5,1,191.5,15,192.0,16,2,2022-03-11 09:02:14
1646989337654404000,191.5,1,191.5,18,192.0,20,2,2022-03-11 09:02:17
1646989337966563000,191.5,1,191.5,17,192.0,20,2,2022-03-11 09:02:17
1646989338097604000,191.5,7,191.5,10,192.0,20,2,2022-03-11 09:02:18
1646989338136298000,191.5,1,191.5,9,192.0,20,2,2022-03-11 09:02:18
1646989339086361000,191.5,1,191.5,8,192.0,21,2,2022-03-11 09:02:19
1646989340376450000,191.5,3,191.5,10,192.0,23,2,2022-03-11 09:02:20
1646989340544830000,191.5,1,191.5,9,192.0,24,2,2022-03-11 09:02:20
1646989340929740000,191.5,1,191.5,8,192.0,27,2,2022-03-11 09:02:20
1646989341175665000,191.5,1,191.5,7,192.0,27,2,2022-03-11 09:02:21
1646989342027563000,191.5,1,191.5,8,192.0,28,2,2022-03-11 09:02:22
1646989342057287000,191.5,1,191.5,7,192.0,28,2,2022-03-11 09:02:22
1646989342931859000,191.5,2,191.5,5,192.0,17,2,2022-03-11 09:02:22
1646989344009128000,191.5,4,191.5,1,192.0,17,2,2022-03-11 09:02:24
1646989344054524000,191.5,1,191.0,13,192.0,17,2,2022-03-11 09:02:24
1646989344379884000,191.5,2,191.5,1,192.0,17,2,2022-03-11 09:02:24
1646989344417053000,191.5,1,191.0,15,192.0,17,2,2022-03-11 09:02:24
1646989345839176000,191.0,1,191.0,13,191.5,2,2,2022-03-11 09:02:25
1646989345961263000,191.0,1,191.0,12,191.5,2,2,2022-03-11 09:02:25
1646989345998316000,191.0,1,191.0,11,191.5,2,2,2022-03-11 09:02:25
1646989346068646000,191.5,1,191.0,11,191.5,1,1,2022-03-11 09:02:26
1646989346097628000,191.0,1,191.0,10,191.5,1,2,2022-03-11 09:02:26
1646989346971860000,191.5,1,191.0,9,191.5,2,1,2022-03-11 09:02:26
1646989349604431000,191.0,5,191.0,6,191.5,2,2,2022-03-11 09:02:29
1646989349645339000,191.0,1,191.0,5,191.5,2,2,2022-03-11 09:02:29
1646989350949406000,191.0,1,191.0,6,191.5,2,2,2022-03-11 09:02:30
1646989351433044000,191.5,1,191.0,10,191.5,1,1,2022-03-11 09:02:31
1646989352569179000,191.0,1,191.0,11,191.5,1,2,2022-03-11 09:02:32
1646989352640208000,191.0,1,191.0,10,191.5,1,2,2022-03-11 09:02:32
1646989356172449000,191.5,1,191.0,14,192.0,15,1,2022-03-11 09:02:36
1646989357184540000,191.0,1,191.0,14,192.0,15,2,2022-03-11 09:02:37
1646989357985087000,192.0,2,191.5,1,192.0,13,1,2022-03-11 09:02:37
1646989363526896000,192.0,1,191.5,14,192.0,16,1,2022-03-11 09:02:43
1646989364483046000,191.5,1,191.5,15,192.0,16,2,2022-03-11 09:02:44
1646989364577220000,192.0,1,191.5,15,192.0,15,1,2022-03-11 09:02:44
1646989366162883000,192.0,2,191.5,15,192.0,13,1,2022-03-11 09:02:46
1646989366281682000,191.5,1,191.5,14,192.0,13,2,2022-03-11 09:02:46
1646989368500173000,192.0,1,191.5,13,192.0,12,1,2022-03-11 09:02:48
1646989369475226000,192.0,1,191.5,13,192.0,11,1,2022-03-11 09:02:49
1646989369714919000,192.0,1,191.5,13,192.0,10,1,2022-03-11 09:02:49
1646989370859422000,192.0,5,191.5,13,192.0,7,1,2022-03-11 09:02:50
1646989371715644000,192.0,5,191.5,15,192.0,2,1,2022-03-11 09:02:51
1646989371756198000,192.0,2,191.5,16,192.5,5,1,2022-03-11 09:02:51
1646989372714748000,192.0,2,191.5,15,192.5,7,2,2022-03-11 09:02:52
1646989372849730000,192.0,1,191.5,15,192.5,7,2,2022-03-11 09:02:52
1646989373097954000,191.5,1,191.5,14,192.5,9,2,2022-03-11 09:02:53
1646989373153747000,192.0,2,191.5,14,192.5,9,2,2022-03-11 09:02:53
1646989373428975000,192.0,1,192.0,1,192.5,8,1,2022-03-11 09:02:53
1646989373460572000,192.0,1,191.5,16,192.5,9,2,2022-03-11 09:02:53
1646989374886018000,192.0,1,192.0,1,192.5,8,1,2022-03-11 09:02:54
1646989374921116000,192.0,1,191.5,16,192.5,8,2,2022-03-11 09:02:54
1646989375728680000,192.0,1,191.5,16,192.5,9,1,2022-03-11 09:02:55
1646989375914921000,192.0,2,191.5,16,192.5,10,2,2022-03-11 09:02:55
1646989376720807000,192.0,2,191.5,16,192.5,10,2,2022-03-11 09:02:56
1646989379274637000,192.0,1,191.5,17,192.5,11,2,2022-03-11 09:02:59
1646989379341375000,191.5,1,191.5,16,192.5,11,2,2022-03-11 09:02:59
1646989380706945000,191.5,1,191.5,15,192.0,1,2,2022-03-11 09:03:00
1646989381491915000,192.0,1,191.5,15,192.0,1,1,2022-03-11 09:03:01
1646989381658717000,191.5,1,191.5,15,192.0,1,2,2022-03-11 09:03:01
1646989382317969000,191.5,3,191.5,12,192.0,1,2,2022-03-11 09:03:02
1646989382350066000,191.5,12,191.0,19,192.0,1,2,2022-03-11 09:03:02
1646989382676965000,191.0,1,191.0,18,192.0,4,2,2022-03-11 09:03:02
1646989382949355000,192.0,1,191.0,18,192.0,3,1,2022-03-11 09:03:02
1646989387312714000,192.0,1,191.5,1,192.0,3,1,2022-03-11 09:03:07
1646989387472150000,191.5,1,191.0,27,192.0,3,2,2022-03-11 09:03:07
1646989388266223000,191.5,1,191.0,37,192.0,4,1,2022-03-11 09:03:08
1646989393892125000,191.5,1,191.5,2,192.0,7,2,2022-03-11 09:03:13
1646989394661835000,191.5,1,191.5,2,192.0,9,2,2022-03-11 09:03:14
1646989395652951000,191.5,1,191.5,2,192.0,9,2,2022-03-11 09:03:15
1646989395683089000,191.5,2,191.0,41,192.0,9,2,2022-03-11 09:03:15
1646989395889833000,191.5,1,191.0,40,192.0,9,2,2022-03-11 09:03:15
1646989397331119000,191.5,2,191.0,42,192.0,10,2,2022-03-11 09:03:17
1646989398124306000,191.5,1,191.0,42,192.0,10,2,2022-03-11 09:03:18
1646989401491673000,191.5,1,191.0,43,192.0,9,1,2022-03-11 09:03:21
1646989404476314000,191.5,2,191.0,42,192.0,12,2,2022-03-11 09:03:24
1646989404537749000,191.5,1,191.0,42,192.0,12,2,2022-03-11 09:03:24
1646989408077169000,191.5,1,191.0,45,192.0,11,1,2022-03-11 09:03:28
1646989409688364000,191.5,1,191.0,46,192.0,11,1,2022-03-11 09:03:29
1646989411358290000,191.5,1,191.0,46,192.0,13,2,2022-03-11 09:03:31
1646989417235602000,191.5,1,191.0,47,192.0,14,1,2022-03-11 09:03:37
1646989418969269000,191.5,1,191.0,47,192.0,15,2,2022-03-11 09:03:38
1646989419040829000,191.5,1,191.0,47,192.0,15,2,2022-03-11 09:03:39
1646989421296714000,191.5,2,191.0,47,192.0,17,2,2022-03-11 09:03:41
1646989424573504000,191.0,10,191.0,36,191.5,2,2,2022-03-11 09:03:44
1646989424608802000,191.0,30,191.0,6,191.5,3,2,2022-03-11 09:03:44
1646989424639956000,191.0,6,190.5,55,191.5,3,2,2022-03-11 09:03:44
1646989425645224000,191.0,1,190.5,55,191.0,3,1,2022-03-11 09:03:45
1646989427835928000,190.5,1,190.5,54,191.0,4,2,2022-03-11 09:03:47
1646989429749836000,190.5,1,190.5,53,191.0,9,2,2022-03-11 09:03:49
1646989430528798000,190.5,1,190.5,52,191.0,10,2,2022-03-11 09:03:50
1646989436550396000,190.5,1,190.5,51,191.0,10,2,2022-03-11 09:03:56
1646989436739024000,191.0,3,190.5,51,191.0,7,1,2022-03-11 09:03:56
1646989437742956000,190.5,1,190.5,50,191.0,7,2,2022-03-11 09:03:57
1646989437955406000,190.5,1,190.5,49,191.0,7,2,2022-03-11 09:03:57
1646989437985136000,190.5,1,190.5,48,191.0,7,2,2022-03-11 09:03:57
1646989438780754000,190.5,1,190.5,47,191.0,7,2,2022-03-11 09:03:58
1646989438782046000,191.0,1,190.5,47,191.0,6,1,2022-03-11 09:03:58
1646989438999191000,191.0,1,190.5,47,191.0,5,1,2022-03-11 09:03:58
1646989442876841000,191.0,1,190.5,47,191.0,4,1,2022-03-11 09:04:02
1646989445664460000,191.0,1,190.5,48,191.0,5,1,2022-03-11 09:04:05
1646989449729436000,191.0,1,190.5,49,191.0,6,1,2022-03-11 09:04:09
1646989454839189000,190.5,1,190.5,49,191.0,8,2,2022-03-11 09:04:14
1646989455815491000,191.0,2,190.5,49,191.0,6,1,2022-03-11 09:04:15
1646989457449644000,191.0,1,190.5,51,191.0,6,1,2022-03-11 09:04:17
1646989466661697000,191.0,1,190.5,51,191.0,3,1,2022-03-11 09:04:26
1646989468355719000,191.0,1,190.5,51,191.0,2,1,2022-03-11 09:04:28
1646989468858751000,191.0,2,190.5,51,191.5,10,1,2022-03-11 09:04:28
1646989469950560000,191.0,1,190.5,51,191.0,1,1,2022-03-11 09:04:29
1646989472245368000,191.0,1,190.5,51,191.0,1,1,2022-03-11 09:04:32
1646989473805261000,191.0,1,190.5,51,191.5,8,1,2022-03-11 09:04:33
1646989479033400000,191.0,1,191.0,3,191.5,10,2,2022-03-11 09:04:39
1646989480384671000,191.0,1,191.0,2,191.5,10,2,2022-03-11 09:04:40
1646989480406417000,191.0,2,190.5,53,191.5,10,2,2022-03-11 09:04:40
1646989484357701000,191.0,1,190.5,53,191.0,1,1,2022-03-11 09:04:44
1646989484924327000,190.5,53,190.0,47,190.5,53,2,2022-03-11 09:04:44
1646989484960302000,190.0,1,190.0,45,190.5,56,2,2022-03-11 09:04:44
1646989484986850000,190.0,1,190.0,44,190.5,56,2,2022-03-11 09:04:44
1646989485023269000,190.0,1,190.0,43,190.5,57,2,2022-03-11 09:04:45
1646989485023290000,190.0,1,190.0,42,190.5,57,2,2022-03-11 09:04:45
1646989485059047000,190.0,36,190.0,6,190.5,57,2,2022-03-11 09:04:45
1646989485060600000,190.0,1,190.0,5,190.5,57,2,2022-03-11 09:04:45
1646989485104171000,190.0,1,190.0,4,190.5,57,2,2022-03-11 09:04:45
1646989485110259000,190.0,1,190.0,3,190.5,57,2,2022-03-11 09:04:45
1646989485137310000,190.0,3,189.5,6,190.5,57,2,2022-03-11 09:04:45
1646989485183791000,189.5,1,189.5,5,190.5,57,2,2022-03-11 09:04:45
1646989485350864000,189.5,1,189.5,4,190.5,57,2,2022-03-11 09:04:45
1646989485395651000,189.5,1,189.5,3,190.5,57,2,2022-03-11 09:04:45
1646989489854851000,190.0,1,189.5,3,190.0,1,2,2022-03-11 09:04:49
1646989492790599000,189.5,2,189.5,2,190.0,1,2,2022-03-11 09:04:52
1646989496007489000,189.5,1,189.5,1,190.0,6,2,2022-03-11 09:04:56
1646989496042291000,189.5,1,189.0,14,190.0,6,2,2022-03-11 09:04:56
1646989497270715000,189.5,1,189.0,16,190.0,4,2,2022-03-11 09:04:57
1646989502357716000,189.5,1,189.0,16,189.5,4,1,2022-03-11 09:05:02
1646989504540896000,189.0,2,189.0,14,189.5,5,2,2022-03-11 09:05:04
1646989508178400000,189.5,1,189.0,14,189.5,5,1,2022-03-11 09:05:08
1646989509455787000,189.0,1,189.0,14,189.5,5,2,2022-03-11 09:05:09
1646989510983621000,189.5,1,189.0,14,189.5,7,1,2022-03-11 09:05:10
1646989513673824000,189.0,1,189.0,16,189.5,8,2,2022-03-11 09:05:13
1646989514776999000,189.0,1,189.0,16,189.5,11,2,2022-03-11 09:05:14
1646989516113748000,189.0,1,189.0,13,189.5,11,2,2022-03-11 09:05:16
1646989518242469000,189.0,1,189.0,14,189.5,11,2,2022-03-11 09:05:18
1646989518287285000,189.0,1,189.0,13,189.5,11,2,2022-03-11 09:05:18
1646989519568953000,189.0,2,189.0,11,189.5,12,2,2022-03-11 09:05:19
1646989523446322000,189.0,1,189.0,10,189.5,14,2,2022-03-11 09:05:23
1646989524619181000,189.0,1,189.0,9,189.5,14,2,2022-03-11 09:05:24
1646989524755497000,189.0,1,189.0,8,189.5,14,2,2022-03-11 09:05:24
1646989526528243000,189.0,1,189.0,12,189.5,16,2,2022-03-11 09:05:26
1646989529948017000,189.0,1,189.0,12,189.5,16,2,2022-03-11 09:05:29
1646989531579991000,189.0,5,189.0,12,189.5,16,2,2022-03-11 09:05:31
1646989531784020000,189.0,12,188.5,16,189.0,41,2,2022-03-11 09:05:31
1646989531815332000,189.0,41,188.5,15,189.5,16,1,2022-03-11 09:05:31
1646989531819478000,188.5,1,188.5,14,189.5,16,2,2022-03-11 09:05:31
1646989531837240000,188.5,1,188.5,13,189.5,16,2,2022-03-11 09:05:31
1646989531880229000,188.5,1,188.5,15,189.0,1,2,2022-03-11 09:05:31
1646989531881797000,188.5,1,188.5,14,189.0,1,2,2022-03-11 09:05:31
1646989531886108000,188.5,1,188.5,13,189.0,2,2,2022-03-11 09:05:31
1646989531888520000,188.5,1,188.5,12,189.0,2,2,2022-03-11 09:05:31
1646989531896736000,189.0,1,188.5,12,189.0,1,1,2022-03-11 09:05:31
1646989531927259000,189.0,1,188.5,11,189.5,17,1,2022-03-11 09:05:31
1646989533372323000,188.5,1,188.5,11,189.5,17,2,2022-03-11 09:05:33
1646989535912316000,189.0,1,189.0,3,189.5,17,2,2022-03-11 09:05:35
1646989536276586000,189.0,1,189.0,14,189.5,17,2,2022-03-11 09:05:36
1646989536690345000,189.0,1,189.0,13,189.5,16,2,2022-03-11 09:05:36
1646989537048215000,189.0,1,189.0,12,189.5,16,2,2022-03-11 09:05:37
1646989538057831000,189.0,1,189.0,11,189.5,16,2,2022-03-11 09:05:38
1646989538093366000,189.0,1,189.0,10,189.5,16,2,2022-03-11 09:05:38
1646989538421241000,189.0,1,189.0,9,189.5,16,2,2022-03-11 09:05:38
1646989539316571000,189.0,1,189.0,8,189.5,16,2,2022-03-11 09:05:39
1646989540595509000,189.5,10,189.0,9,189.5,6,1,2022-03-11 09:05:40
1646989540624964000,189.5,6,189.0,10,190.0,13,1,2022-03-11 09:05:40
1646989541312300000,189.0,1,189.0,11,190.0,13,2,2022-03-11 09:05:41
1646989541313371000,189.0,1,189.0,10,190.0,13,2,2022-03-11 09:05:41
1646989541863155000,189.0,1,189.0,9,190.0,13,2,2022-03-11 09:05:41
1646989542102820000,189.0,1,189.0,8,190.0,13,2,2022-03-11 09:05:42
1646989542969384000,189.0,1,189.0,7,190.0,13,2,2022-03-11 09:05:42
1646989543917735000,190.0,10,189.0,8,190.0,3,1,2022-03-11 09:05:43
1646989543942390000,190.0,3,189.5,1,190.5,2,1,2022-03-11 09:05:43
1646989544330451000,189.0,3,189.0,6,190.5,2,2,2022-03-11 09:05:44
1646989550320658000,189.5,2,189.5,3,190.5,3,2,2022-03-11 09:05:50
1646989552614468000,189.5,1,189.5,12,190.5,4,2,2022-03-11 09:05:52
1646989553842580000,189.5,5,189.5,8,190.5,4,2,2022-03-11 09:05:53
1646989555809904000,190.0,1,189.5,7,190.5,5,1,2022-03-11 09:05:55
1646989558814956000,190.0,1,189.5,7,190.5,6,2,2022-03-11 09:05:58
1646989558910493000,189.5,1,189.5,8,190.5,6,2,2022-03-11 09:05:58
1646989560590097000,190.5,1,189.5,8,190.5,5,1,2022-03-11 09:06:00
1646989567011309000,190.0,1,190.0,1,190.5,6,2,2022-03-11 09:06:07
1646989567044496000,190.0,1,189.5,8,190.5,6,2,2022-03-11 09:06:07
1646989567439286000,189.5,1,189.5,7,190.5,6,2,2022-03-11 09:06:07
1646989568291603000,190.5,5,189.5,7,190.5,1,1,2022-03-11 09:06:08
1646989572525528000,190.0,1,190.0,1,190.5,2,2,2022-03-11 09:06:12
1646989572554037000,190.0,1,189.5,4,190.5,2,2,2022-03-11 09:06:12
1646989573041380000,190.5,1,189.5,7,190.5,1,1,2022-03-11 09:06:13
1646989573590698000,190.5,1,189.5,18,191.0,3,1,2022-03-11 09:06:13
1646989574781221000,190.5,1,189.5,19,191.0,3,1,2022-03-11 09:06:14
1646989582703092000,190.5,1,190.0,2,190.5,5,1,2022-03-11 09:06:22
1646989584742236000,190.5,5,190.5,5,191.0,4,1,2022-03-11 09:06:24
1646989585707568000,190.5,1,190.5,5,191.0,4,2,2022-03-11 09:06:25
1646989585906147000,190.5,1,190.5,4,191.0,4,2,2022-03-11 09:06:25
1646989598901526000,190.5,1,190.5,5,191.0,4,2,2022-03-11 09:06:38
1646989603724801000,190.5,2,190.5,4,191.0,5,2,2022-03-11 09:06:43
1646989607699958000,191.0,1,190.5,4,191.0,4,1,2022-03-11 09:06:47
1646989607970324000,190.5,1,190.5,3,191.0,4,2,2022-03-11 09:06:47
1646989628754369000,190.5,1,190.5,6,191.0,5,2,2022-03-11 09:07:08
1646989633510259000,190.5,2,190.5,5,191.0,7,2,2022-03-11 09:07:13
1646989633701097000,190.5,5,190.0,7,191.0,7,2,2022-03-11 09:07:13
1646989635864753000,190.5,1,190.0,8,190.5,5,1,2022-03-11 09:07:15
1646989635934276000,190.5,1,190.0,8,190.5,4,1,2022-03-11 09:07:15
1646989639098504000,190.5,5,190.0,8,191.0,11,2,2022-03-11 09:07:19
1646989641550418000,190.5,1,190.0,8,191.0,12,2,2022-03-11 09:07:21
1646989653877807000,190.0,7,189.5,20,190.5,12,2,2022-03-11 09:07:33
1646989654745773000,190.0,1,189.5,20,190.0,6,1,2022-03-11 09:07:34
1646989657454531000,190.0,2,189.5,20,190.0,4,1,2022-03-11 09:07:37
1646989657554419000,189.5,1,189.5,19,190.0,4,2,2022-03-11 09:07:37
1646989658952915000,189.5,12,189.5,7,190.0,1,2,2022-03-11 09:07:38
1646989659019710000,189.5,1,189.5,6,190.0,2,2,2022-03-11 09:07:39
1646989659060215000,189.5,6,189.0,29,190.0,2,2,2022-03-11 09:07:39
1646989659769760000,190.0,1,189.0,29,190.0,7,1,2022-03-11 09:07:39
1646989664158823000,189.0,1,189.0,28,190.0,1,2,2022-03-11 09:07:44
1646989674803812000,189.0,3,189.0,26,190.0,2,2,2022-03-11 09:07:54
1646989683608796000,189.0,2,189.0,23,190.0,10,2,2022-03-11 09:08:03
1646989686176544000,189.0,1,189.0,22,189.5,4,2,2022-03-11 09:08:06
1646989720651309000,189.0,1,189.0,28,189.5,10,2,2022-03-11 09:08:40
1646989721071753000,189.0,1,189.0,27,189.5,10,2,2022-03-11 09:08:41
1646989726591138000,189.0,1,189.0,26,189.5,10,2,2022-03-11 09:08:46
1646989748988211000,189.0,1,189.0,33,189.5,16,2,2022-03-11 09:09:08
1646989750797197000,189.0,1,189.0,36,189.5,16,2,2022-03-11 09:09:10
1646989758244748000,189.5,1,189.0,38,189.5,15,1,2022-03-11 09:09:18
1646989760325647000,189.5,1,189.0,39,189.5,13,1,2022-03-11 09:09:20
1646989763861927000,189.5,1,189.0,39,189.5,12,1,2022-03-11 09:09:23
1646989766266117000,189.5,3,189.0,40,189.5,9,1,2022-03-11 09:09:26
1646989766268727000,189.5,1,189.0,40,189.5,8,1,2022-03-11 09:09:26
1646989766292824000,189.5,6,189.0,40,189.5,2,1,2022-03-11 09:09:26
1646989766325118000,189.5,2,189.0,40,190.0,18,1,2022-03-11 09:09:26
1646989767944418000,189.5,1,189.0,39,190.0,22,2,2022-03-11 09:09:27
1646989768238145000,189.5,1,189.0,39,189.5,3,2,2022-03-11 09:09:28
1646989768480958000,189.0,12,189.0,25,189.5,3,2,2022-03-11 09:09:28
1646989769322559000,189.0,1,189.0,24,190.0,19,2,2022-03-11 09:09:29
1646989769815462000,189.5,1,189.0,24,190.0,19,2,2022-03-11 09:09:29
1646989770802124000,189.5,4,189.0,25,190.0,21,2,2022-03-11 09:09:30
1646989771624232000,189.5,3,189.0,22,190.0,21,2,2022-03-11 09:09:31
1646989771842290000,189.0,3,189.0,19,190.0,21,2,2022-03-11 09:09:31
1646989771874863000,189.0,19,188.5,22,190.0,21,2,2022-03-11 09:09:31
1646989774414523000,189.5,1,188.5,22,189.5,8,1,2022-03-11 09:09:34
1646989776523255000,189.0,1,189.0,1,189.5,8,2,2022-03-11 09:09:36
1646989776523428000,189.0,1,188.5,22,189.5,8,2,2022-03-11 09:09:36
1646989776834149000,189.0,1,188.5,21,189.5,8,2,2022-03-11 09:09:36
1646989778440841000,188.5,13,188.5,8,189.0,6,2,2022-03-11 09:09:38
1646989778460852000,188.5,5,188.5,3,189.0,7,2,2022-03-11 09:09:38
1646989778464919000,188.5,1,188.5,2,189.0,8,2,2022-03-11 09:09:38
1646989778465994000,188.5,1,188.5,1,189.0,8,2,2022-03-11 09:09:38
1646989778481076000,188.5,1,188.0,28,189.0,8,2,2022-03-11 09:09:38
1646989778534244000,188.0,1,188.0,27,189.0,9,2,2022-03-11 09:09:38
1646989778767643000,188.0,1,188.0,26,189.0,9,2,2022-03-11 09:09:38
1646989782159498000,188.0,1,188.0,26,188.5,1,2,2022-03-11 09:09:42
1646989784506666000,188.5,1,188.5,4,189.0,8,1,2022-03-11 09:09:44
1646989789323343000,188.5,1,188.5,3,189.0,4,2,2022-03-11 09:09:49
1646989789992327000,188.5,1,188.5,2,189.0,5,2,2022-03-11 09:09:49
1646989791267967000,188.5,1,188.5,2,189.0,5,2,2022-03-11 09:09:51
1646989792956035000,188.5,1,188.5,1,189.0,6,2,2022-03-11 09:09:52
1646989794672693000,188.5,1,188.5,3,189.0,6,2,2022-03-11 09:09:54
1646989796992821000,188.5,1,188.5,2,189.0,6,2,2022-03-11 09:09:56
1646989799040511000,188.5,2,188.5,3,189.0,6,2,2022-03-11 09:09:59
1646989805442408000,188.5,1,188.5,2,189.0,6,2,2022-03-11 09:10:05
1646989807015722000,188.5,1,188.5,2,189.0,6,2,2022-03-11 09:10:07
1646989812003063000,188.5,2,188.5,1,189.0,6,2,2022-03-11 09:10:12
1646989812611872000,188.5,1,188.0,31,189.0,6,2,2022-03-11 09:10:12
1646989814583602000,188.5,1,188.0,31,189.0,6,1,2022-03-11 09:10:14
1646989814943008000,188.5,1,188.0,31,189.0,6,1,2022-03-11 09:10:14
1646989817784200000,188.5,1,188.0,35,189.0,8,1,2022-03-11 09:10:17
1646989819395172000,188.0,2,188.0,34,189.0,8,2,2022-03-11 09:10:19
1646989828580063000,188.0,1,188.0,26,188.5,3,2,2022-03-11 09:10:28
1646989830677991000,188.0,1,188.0,24,188.5,3,2,2022-03-11 09:10:30
1646989831271293000,188.0,1,188.0,23,188.5,3,2,2022-03-11 09:10:31
1646989831314363000,188.0,1,188.0,22,188.5,3,2,2022-03-11 09:10:31
1646989842078279000,188.0,1,188.0,23,188.5,5,2,2022-03-11 09:10:42
1646989854537919000,188.0,1,188.0,26,188.5,11,2,2022-03-11 09:10:54
1646989854578162000,188.0,1,188.0,25,188.5,11,2,2022-03-11 09:10:54
1646989855382260000,188.0,2,188.0,23,188.5,11,2,2022-03-11 09:10:55
1646989862404177000,188.0,2,188.0,22,188.5,9,2,2022-03-11 09:11:02
1646989863781009000,188.0,2,188.0,20,188.5,9,2,2022-03-11 09:11:03
1646989864648713000,188.0,2,188.0,18,188.5,9,2,2022-03-11 09:11:04
1646989865669152000,188.0,3,188.0,15,188.5,9,2,2022-03-11 09:11:05
1646989865727268000,188.0,1,188.0,14,188.5,9,2,2022-03-11 09:11:05
1646989866884150000,188.0,1,188.0,13,188.5,10,2,2022-03-11 09:11:06
1646989867164287000,188.0,1,188.0,12,188.5,10,2,2022-03-11 09:11:07
1646989867178103000,188.0,1,188.0,11,188.5,10,2,2022-03-11 09:11:07
1646989867753372000,188.0,1,188.0,10,188.5,10,2,2022-03-11 09:11:07
1646989867998490000,188.0,1,188.0,9,188.5,10,2,2022-03-11 09:11:07
1646989868480817000,188.0,5,188.0,4,188.5,11,2,2022-03-11 09:11:08
1646989868502935000,188.0,1,188.0,3,188.5,11,2,2022-03-11 09:11:08
1646989868508498000,188.0,1,188.0,2,188.5,11,2,2022-03-11 09:11:08
1646989869364071000,188.0,1,188.0,1,188.5,12,2,2022-03-11 09:11:09
1646989869396432000,188.0,1,187.5,9,188.5,12,2,2022-03-11 09:11:09
1646989869478167000,188.0,1,187.5,12,188.5,11,1,2022-03-11 09:11:09
1646989878544226000,188.0,1,187.5,24,188.0,3,1,2022-03-11 09:11:18
1646989878565915000,188.0,3,187.5,24,188.5,6,1,2022-03-11 09:11:18
1646989883187758000,187.5,2,187.5,22,188.0,2,2,2022-03-11 09:11:23
1646989883225992000,188.0,2,187.5,22,188.5,6,1,2022-03-11 09:11:23
1646989889631115000,188.5,1,188.0,9,188.5,5,1,2022-03-11 09:11:29
1646989889662065000,188.5,4,188.0,15,188.5,1,1,2022-03-11 09:11:29
1646989889694577000,188.5,1,188.0,15,189.0,5,1,2022-03-11 09:11:29
1646989889726427000,188.0,1,188.0,16,189.0,5,2,2022-03-11 09:11:29
1646989889771991000,188.0,1,188.0,15,189.0,5,2,2022-03-11 09:11:29
1646989898751330000,188.5,1,188.0,19,189.0,5,2,2022-03-11 09:11:38
1646989902976534000,188.5,1,188.0,33,189.0,6,1,2022-03-11 09:11:42
1646989903803630000,188.5,1,188.0,34,189.0,6,1,2022-03-11 09:11:43
1646989905257458000,189.0,1,188.0,34,189.0,5,1,2022-03-11 09:11:45
1646989906083429000,188.0,1,188.0,33,189.0,4,2,2022-03-11 09:11:46
1646989907613263000,188.5,1,188.0,33,189.0,4,2,2022-03-11 09:11:47
1646989933131459000,188.5,10,188.5,2,189.0,6,2,2022-03-11 09:12:13
1646989933147076000,188.5,2,188.0,25,189.0,7,2,2022-03-11 09:12:13
1646989937162955000,188.0,1,188.0,13,188.5,15,2,2022-03-11 09:12:17
1646989937193591000,188.0,1,188.0,12,188.5,15,2,2022-03-11 09:12:17
1646989938631867000,188.5,10,188.0,12,188.5,5,1,2022-03-11 09:12:18
1646989944808711000,188.5,3,188.0,14,188.5,1,1,2022-03-11 09:12:24
1646989944832793000,188.5,1,188.0,15,189.0,20,1,2022-03-11 09:12:24
1646989945419197000,189.0,1,188.0,17,189.0,17,1,2022-03-11 09:12:25
1646989961741017000,189.0,1,188.5,8,189.0,3,1,2022-03-11 09:12:41
1646989964416680000,189.0,1,188.5,10,189.0,2,1,2022-03-11 09:12:44
1646989964447341000,189.0,2,188.5,10,189.5,4,1,2022-03-11 09:12:44
1646989964526642000,188.5,1,188.5,10,189.5,4,2,2022-03-11 09:12:44
1646989971664336000,189.0,2,188.5,10,189.5,7,2,2022-03-11 09:12:51
1646989978305058000,189.0,1,188.5,15,189.5,5,1,2022-03-11 09:12:58
1646989979181332000,189.0,1,188.5,16,189.5,5,1,2022-03-11 09:12:59
1646989982355831000,189.5,1,189.0,1,189.5,4,1,2022-03-11 09:13:02
1646989984061558000,189.0,3,188.5,16,189.0,3,2,2022-03-11 09:13:04
1646989984101663000,189.0,3,188.5,15,189.5,4,1,2022-03-11 09:13:04
1646989992781467000,189.0,4,188.5,16,189.5,6,2,2022-03-11 09:13:12
1646989998647796000,189.5,1,189.0,1,189.5,5,1,2022-03-11 09:13:18
1646990006849052000,189.5,1,189.0,6,189.5,5,1,2022-03-11 09:13:26
1646990010770692000,189.5,1,189.0,8,189.5,6,1,2022-03-11 09:13:30
1646990011177093000,189.5,1,189.0,8,189.5,5,1,2022-03-11 09:13:31
1646990014089945000,189.5,1,189.0,11,189.5,4,1,2022-03-11 09:13:34
1646990016274135000,189.0,1,189.0,12,189.5,4,2,2022-03-11 09:13:36
1646990017068959000,189.5,1,189.0,11,189.5,3,1,2022-03-11 09:13:37
1646990018335948000,189.5,1,189.0,11,189.5,6,1,2022-03-11 09:13:38
1646990021115316000,189.5,1,189.0,12,189.5,5,1,2022-03-11 09:13:41
1646990021130061000,189.5,1,189.0,12,189.5,4,1,2022-03-11 09:13:41
1646990023392836000,189.5,1,189.0,12,190.0,29,2,2022-03-11 09:13:43
1646990024328280000,189.5,1,189.0,12,190.0,28,1,2022-03-11 09:13:44
1646990024343569000,189.5,1,189.0,12,189.5,3,1,2022-03-11 09:13:44
1646990026724556000,189.0,1,189.0,11,189.5,4,2,2022-03-11 09:13:46
1646990026974367000,189.0,11,188.5,19,189.5,5,2,2022-03-11 09:13:46
1646990042015248000,189.0,2,188.5,20,189.5,4,2,2022-03-11 09:14:02
1646990050332311000,189.0,1,188.5,17,189.5,13,2,2022-03-11 09:14:10
1646990053181991000,189.0,1,188.5,17,189.5,13,2,2022-03-11 09:14:13
1646990069754313000,189.0,1,188.5,17,189.5,16,2,2022-03-11 09:14:29
1646990091893397000,189.5,1,189.0,1,189.5,15,1,2022-03-11 09:14:51
1646990095154367000,189.0,1,188.5,20,189.5,15,2,2022-03-11 09:14:55
1646990097495085000,189.0,1,188.5,20,189.5,14,1,2022-03-11 09:14:57
1646990103037697000,188.5,2,188.5,18,189.5,14,2,2022-03-11 09:15:03
1646990103954570000,188.5,1,188.5,17,189.0,1,2,2022-03-11 09:15:03
1646990103964115000,188.5,1,188.5,16,189.0,1,2,2022-03-11 09:15:03
1646990108666291000,189.0,1,188.5,16,189.5,14,1,2022-03-11 09:15:08
1646990143442638000,189.5,1,188.5,18,189.5,13,1,2022-03-11 09:15:43
1646990146652276000,189.0,1,188.5,18,189.5,14,2,2022-03-11 09:15:46
1646990147737944000,189.0,1,188.5,18,189.0,2,1,2022-03-11 09:15:47
1646990153087792000,189.0,2,188.5,19,189.0,3,1,2022-03-11 09:15:53
1646990153872143000,189.0,1,188.5,19,189.0,2,1,2022-03-11 09:15:53
1646990154182720000,189.0,1,188.5,19,189.0,1,1,2022-03-11 09:15:54
1646990156340597000,188.5,1,188.5,20,189.0,1,2,2022-03-11 09:15:56
1646990157578582000,189.0,1,188.5,20,189.5,14,1,2022-03-11 09:15:57
1646990163611590000,189.0,1,188.5,20,189.5,14,2,2022-03-11 09:16:03
1646990174648933000,189.0,1,189.0,4,189.5,14,2,2022-03-11 09:16:14
1646990174676310000,189.0,4,188.5,20,189.5,14,2,2022-03-11 09:16:14
1646990175882648000,189.0,1,188.5,20,189.5,14,2,2022-03-11 09:16:15
1646990179611822000,189.0,1,188.5,20,189.5,15,2,2022-03-11 09:16:19
1646990200674095000,189.5,1,189.0,13,189.5,15,1,2022-03-11 09:16:40
1646990205833703000,189.5,12,189.0,14,189.5,3,1,2022-03-11 09:16:45
1646990205867079000,189.5,1,189.0,14,189.5,2,1,2022-03-11 09:16:45
1646990205867499000,189.5,2,189.0,14,190.0,26,1,2022-03-11 09:16:45
1646990227682452000,190.0,26,189.5,17,190.5,16,1,2022-03-11 09:17:07
1646990227740856000,190.5,1,190.0,1,190.5,15,1,2022-03-11 09:17:07
1646990228267152000,190.5,1,190.0,1,190.5,14,1,2022-03-11 09:17:08
1646990228267880000,190.0,1,189.5,19,190.5,14,2,2022-03-11 09:17:08
1646990228354480000,190.0,1,189.5,19,190.5,14,2,2022-03-11 09:17:08
1646990229283895000,190.5,1,190.0,1,190.5,13,1,2022-03-11 09:17:09
1646990229824230000,190.5,1,190.0,1,190.5,12,1,2022-03-11 09:17:09
1646990230119854000,190.0,1,189.5,19,190.5,12,2,2022-03-11 09:17:10
1646990230300128000,190.5,1,190.0,1,190.5,11,1,2022-03-11 09:17:10
1646990233654596000,190.5,2,190.0,1,190.5,15,1,2022-03-11 09:17:13
1646990235581521000,190.5,1,190.0,4,190.5,13,1,2022-03-11 09:17:15
1646990238182466000,190.0,5,189.5,20,190.5,14,2,2022-03-11 09:17:18
1646990238234718000,190.5,1,189.5,20,190.5,13,1,2022-03-11 09:17:18
1646990238780028000,190.5,1,189.5,20,190.5,12,1,2022-03-11 09:17:18
1646990240246381000,190.5,1,189.5,19,190.5,13,1,2022-03-11 09:17:20
1646990240929307000,190.0,6,189.5,19,190.5,13,2,2022-03-11 09:17:20
1646990240980093000,190.5,1,189.5,18,190.5,12,1,2022-03-11 09:17:20
1646990242929852000,190.0,1,189.5,17,190.5,12,1,2022-03-11 09:17:22
1646990243961094000,189.5,1,189.5,16,190.0,1,2,2022-03-11 09:17:23
1646990244221868000,189.5,13,189.5,2,190.0,8,2,2022-03-11 09:17:24
1646990244251822000,189.5,1,189.5,1,190.0,8,2,2022-03-11 09:17:24
1646990244254970000,189.5,1,189.0,18,190.0,8,2,2022-03-11 09:17:24
1646990245485807000,189.5,5,189.0,17,189.5,3,1,2022-03-11 09:17:25
1646990246118403000,189.5,1,189.0,19,189.5,1,1,2022-03-11 09:17:26
1646990246145310000,189.5,1,189.0,19,190.0,7,1,2022-03-11 09:17:26
1646990248346475000,189.5,1,189.0,18,190.0,8,2,2022-03-11 09:17:28
1646990252499605000,189.5,1,189.5,6,190.0,11,2,2022-03-11 09:17:32
1646990261343414000,189.5,1,189.5,13,190.0,11,2,2022-03-11 09:17:41
1646990262508835000,190.0,2,189.5,14,190.0,3,1,2022-03-11 09:17:42
1646990265593495000,190.0,3,189.5,15,190.0,1,1,2022-03-11 09:17:45
1646990266145696000,190.0,1,189.5,16,190.5,15,1,2022-03-11 09:17:46
1646990266389151000,190.5,1,189.5,16,190.5,14,1,2022-03-11 09:17:46
1646990266868609000,190.5,1,189.5,16,190.5,13,1,2022-03-11 09:17:46
1646990267444519000,190.5,2,190.0,1,190.5,7,1,2022-03-11 09:17:47
1646990271864647000,190.5,2,190.0,3,190.5,6,1,2022-03-11 09:17:51
1646990274626610000,190.5,1,190.0,4,190.5,4,1,2022-03-11 09:17:54
1646990275123994000,190.5,1,190.0,4,190.5,3,1,2022-03-11 09:17:55
1646990281224094000,190.5,1,190.0,9,190.5,3,1,2022-03-11 09:18:01
1646990281384444000,190.5,1,190.0,9,190.5,2,1,2022-03-11 09:18:01
1646990287782409000,190.5,2,190.0,11,190.5,5,1,2022-03-11 09:18:07
1646990288378622000,190.5,1,190.0,11,190.5,4,1,2022-03-11 09:18:08
1646990291339301000,190.5,2,190.0,12,190.5,2,1,2022-03-11 09:18:11
1646990291340977000,190.5,1,190.0,12,190.5,1,1,2022-03-11 09:18:11
1646990292726554000,190.5,1,190.0,12,191.0,16,1,2022-03-11 09:18:12
1646990295746961000,190.5,1,190.0,13,190.5,10,1,2022-03-11 09:18:15
1646990296174959000,190.0,12,190.0,1,190.5,11,2,2022-03-11 09:18:16
1646990296195401000,190.0,1,189.5,17,190.5,11,2,2022-03-11 09:18:16
1646990296508188000,190.5,2,189.5,16,190.5,10,1,2022-03-11 09:18:16
1646990297260230000,190.5,1,189.5,16,190.5,9,1,2022-03-11 09:18:17
1646990297408198000,189.5,3,189.5,14,190.0,1,2,2022-03-11 09:18:17
1646990297434305000,189.5,1,189.5,12,190.0,2,2,2022-03-11 09:18:17
1646990302028052000,190.0,2,190.0,3,190.5,9,1,2022-03-11 09:18:22
1646990302271316000,190.0,3,189.5,14,190.5,8,2,2022-03-11 09:18:22
1646990308336699000,190.5,1,190.0,1,190.5,5,1,2022-03-11 09:18:28
1646990311336880000,190.0,1,189.5,27,190.5,5,2,2022-03-11 09:18:31
1646990314376268000,190.0,1,190.0,1,190.5,6,2,2022-03-11 09:18:34
1646990314397716000,190.0,1,189.5,27,190.5,6,2,2022-03-11 09:18:34
1646990323445192000,190.5,3,190.0,4,190.5,3,1,2022-03-11 09:18:43
1646990326540966000,190.5,2,190.0,4,190.5,3,1,2022-03-11 09:18:46
1646990330286047000,190.0,1,190.0,5,190.5,3,2,2022-03-11 09:18:50
1646990336777011000,190.5,2,190.0,12,190.5,1,1,2022-03-11 09:18:56
1646990336799772000,190.5,1,190.0,12,191.0,16,1,2022-03-11 09:18:56
1646990336895499000,190.0,1,190.0,11,191.0,16,2,2022-03-11 09:18:56
1646990338309808000,190.0,1,190.0,11,191.0,16,2,2022-03-11 09:18:58
1646990341271400000,190.5,1,190.0,11,191.0,16,2,2022-03-11 09:19:01
1646990358674776000,190.5,2,190.0,29,191.0,16,2,2022-03-11 09:19:18
1646990360635332000,190.5,1,190.0,29,191.0,16,2,2022-03-11 09:19:20
1646990373467759000,190.5,1,190.0,17,190.5,5,1,2022-03-11 09:19:33
1646990378825966000,190.5,1,190.0,21,190.5,5,1,2022-03-11 09:19:38
1646990380153599000,190.0,3,190.0,18,190.5,5,2,2022-03-11 09:19:40
1646990380969635000,190.5,1,190.0,17,190.5,4,1,2022-03-11 09:19:40
1646990383136497000,190.5,1,190.0,17,190.5,4,1,2022-03-11 09:19:43
1646990384785093000,190.5,2,190.0,18,190.5,2,1,2022-03-11 09:19:44
1646990388245359000,190.5,2,190.0,18,191.0,16,1,2022-03-11 09:19:48
1646990401982534000,191.0,1,190.0,18,191.0,14,1,2022-03-11 09:20:01
1646990402022405000,191.0,1,190.0,18,191.0,13,1,2022-03-11 09:20:02
1646990402617479000,190.5,1,190.0,18,190.5,2,1,2022-03-11 09:20:02
1646990405637502000,190.5,1,190.0,18,190.5,1,1,2022-03-11 09:20:05
1646990406857927000,190.5,1,190.0,18,191.0,14,1,2022-03-11 09:20:06
1646990419981223000,190.5,1,190.5,4,191.0,13,1,2022-03-11 09:20:19
1646990421637823000,190.5,4,190.0,19,191.0,15,2,2022-03-11 09:20:21
1646990428237428000,190.5,1,190.0,20,191.0,15,2,2022-03-11 09:20:28
1646990447735823000,190.5,1,190.0,21,191.0,15,2,2022-03-11 09:20:47
1646990447735823000,190.0,2,190.0,21,191.0,15,2,2022-03-11 09:20:47
1646990455577458000,190.5,1,190.0,21,191.0,15,2,2022-03-11 09:20:55
1646990471692493000,190.5,1,190.0,20,191.0,15,1,2022-03-11 09:21:11
1646990483537033000,191.0,10,190.5,4,191.0,5,1,2022-03-11 09:21:23
1646990485051398000,191.0,1,190.5,5,191.0,4,1,2022-03-11 09:21:25
1646990489394401000,191.0,4,191.0,6,191.5,37,1,2022-03-11 09:21:29
1646990496323434000,191.5,1,191.0,7,191.5,37,1,2022-03-11 09:21:36
1646990496896428000,191.5,1,191.0,8,191.5,36,1,2022-03-11 09:21:36
1646990496896445000,191.5,1,191.0,8,191.5,35,1,2022-03-11 09:21:36
1646990497491180000,191.5,1,191.0,9,191.5,31,1,2022-03-11 09:21:37
1646990498274909000,191.5,5,191.0,9,191.5,26,1,2022-03-11 09:21:38
1646990498622673000,191.5,1,191.0,9,191.5,25,1,2022-03-11 09:21:38
1646990499484696000,191.0,3,191.0,6,191.5,25,2,2022-03-11 09:21:39
1646990500611815000,191.5,10,191.0,5,191.5,15,1,2022-03-11 09:21:40
1646990501396070000,191.5,5,191.0,6,191.5,10,1,2022-03-11 09:21:41
1646990502971120000,191.5,1,191.0,7,191.5,9,1,2022-03-11 09:21:42
1646990503069364000,191.5,1,191.0,7,191.5,8,1,2022-03-11 09:21:43
1646990503584384000,191.5,5,191.0,7,191.5,4,1,2022-03-11 09:21:43
1646990504268324000,191.5,1,191.0,7,191.5,3,1,2022-03-11 09:21:44
1646990504647899000,191.5,1,191.0,7,191.5,2,1,2022-03-11 09:21:44
1646990505664870000,191.5,2,191.5,1,192.0,39,1,2022-03-11 09:21:45
1646990509121901000,191.5,1,191.5,2,192.0,33,2,2022-03-11 09:21:49
1646990513744619000,191.5,13,191.0,11,191.5,11,2,2022-03-11 09:21:53
1646990514460931000,191.5,2,191.0,12,191.5,9,1,2022-03-11 09:21:54
1646990516089886000,191.5,1,191.0,12,191.5,8,1,2022-03-11 09:21:56
1646990519441231000,191.5,2,191.0,13,191.5,8,1,2022-03-11 09:21:59
1646990521326059000,191.5,1,191.0,14,191.5,7,1,2022-03-11 09:22:01
1646990524372157000,191.5,1,191.0,16,191.5,6,1,2022-03-11 09:22:04
1646990524564446000,191.5,1,191.0,16,191.5,5,1,2022-03-11 09:22:04
1646990525447568000,191.5,1,191.0,17,191.5,5,1,2022-03-11 09:22:05
1646990526286651000,191.5,1,191.0,16,191.5,4,1,2022-03-11 09:22:06
1646990527744152000,191.5,1,191.0,20,191.5,3,1,2022-03-11 09:22:07
1646990527952853000,191.5,2,191.0,20,191.5,1,1,2022-03-11 09:22:07
1646990527980437000,191.5,1,191.0,20,192.0,35,1,2022-03-11 09:22:07
1646990530240512000,191.5,1,191.0,21,192.0,34,1,2022-03-11 09:22:10
1646990533166084000,191.5,1,191.0,24,191.5,2,1,2022-03-11 09:22:13
1646990535678386000,191.5,1,191.0,25,191.5,1,1,2022-03-11 09:22:15
1646990535982310000,191.5,1,191.0,25,192.0,38,1,2022-03-11 09:22:15
1646990536355715000,191.5,1,191.5,4,192.0,38,1,2022-03-11 09:22:16
1646990537377885000,192.0,2,191.5,4,192.0,36,1,2022-03-11 09:22:17
1646990545776673000,192.0,1,191.5,8,192.0,35,1,2022-03-11 09:22:25
1646990547009796000,192.0,1,191.5,8,192.0,33,1,2022-03-11 09:22:27
1646990547042856000,192.0,2,191.5,10,192.0,31,1,2022-03-11 09:22:27
1646990548728262000,192.0,3,191.5,13,192.0,28,1,2022-03-11 09:22:28
1646990552029786000,192.0,2,191.5,14,192.0,27,1,2022-03-11 09:22:32
1646990552034201000,192.0,1,191.5,14,192.0,26,1,2022-03-11 09:22:32
1646990552967439000,191.5,4,191.5,10,192.0,26,2,2022-03-11 09:22:32
1646990553365829000,192.0,1,191.5,12,192.0,25,1,2022-03-11 09:22:33
1646990554625619000,192.0,1,191.5,13,192.0,24,1,2022-03-11 09:22:34
1646990555115127000,192.0,1,191.5,13,192.0,23,1,2022-03-11 09:22:35
1646990555243747000,192.0,1,191.5,13,192.0,22,1,2022-03-11 09:22:35
1646990556547431000,192.0,1,191.5,13,192.0,21,1,2022-03-11 09:22:36
1646990558775663000,192.0,2,191.5,13,192.0,19,1,2022-03-11 09:22:38
1646990562016709000,192.0,1,191.5,17,192.0,19,1,2022-03-11 09:22:42
1646990567263968000,192.0,1,191.5,18,192.0,22,1,2022-03-11 09:22:47
1646990567692424000,192.0,2,191.5,18,192.0,20,1,2022-03-11 09:22:47
1646990569071906000,191.5,1,191.5,17,192.0,20,2,2022-03-11 09:22:49
1646990570450588000,191.5,3,191.5,15,192.0,20,2,2022-03-11 09:22:50
1646990570725991000,191.5,4,191.5,11,192.0,20,2,2022-03-11 09:22:50
1646990570765807000,191.5,11,191.0,23,192.0,20,2,2022-03-11 09:22:50
1646990573824450000,191.5,1,191.0,23,191.5,5,1,2022-03-11 09:22:53
1646990577597621000,191.5,1,191.0,23,191.5,6,1,2022-03-11 09:22:57
1646990583961220000,191.5,1,191.0,28,191.5,10,1,2022-03-11 09:23:03
1646990583992345000,191.0,1,191.0,27,191.5,10,2,2022-03-11 09:23:03
1646990589765621000,191.0,1,191.0,23,191.5,11,2,2022-03-11 09:23:09
1646990591048343000,191.5,2,191.0,24,191.5,9,1,2022-03-11 09:23:11
1646990591151216000,191.0,1,191.0,23,191.5,9,2,2022-03-11 09:23:11
1646990592371387000,191.5,1,191.0,23,191.5,9,1,2022-03-11 09:23:12
1646990598806857000,191.0,1,191.0,23,191.5,12,2,2022-03-11 09:23:18
1646990602562715000,191.0,1,191.0,22,191.5,13,2,2022-03-11 09:23:22
1646990604781561000,191.5,2,191.0,22,191.5,12,1,2022-03-11 09:23:24
1646990608373611000,191.5,3,191.0,22,191.5,11,1,2022-03-11 09:23:28
1646990615340178000,191.5,1,191.0,20,191.5,11,1,2022-03-11 09:23:35
1646990618653255000,191.5,1,191.0,21,191.5,10,1,2022-03-11 09:23:38
1646990619183622000,191.5,1,191.0,21,191.5,9,1,2022-03-11 09:23:39
1646990621374717000,191.5,1,191.0,23,191.5,8,1,2022-03-11 09:23:41
1646990622657143000,191.5,2,191.0,23,191.5,6,1,2022-03-11 09:23:42
1646990623415672000,191.5,1,191.0,23,191.5,6,1,2022-03-11 09:23:43
1646990624863509000,191.5,1,191.0,23,191.5,10,1,2022-03-11 09:23:44
1646990625109808000,191.5,2,191.0,23,191.5,8,1,2022-03-11 09:23:45
1646990626314885000,191.5,1,191.0,23,191.5,8,1,2022-03-11 09:23:46
1646990627432924000,191.5,1,191.0,23,191.5,8,1,2022-03-11 09:23:47
1646990628770980000,191.5,3,191.0,23,191.5,5,1,2022-03-11 09:23:48
1646990629415636000,191.5,1,191.0,23,191.5,6,1,2022-03-11 09:23:49
1646990633605069000,191.5,2,191.0,24,191.5,4,1,2022-03-11 09:23:53
1646990637243110000,191.5,1,191.0,26,191.5,4,1,2022-03-11 09:23:57
1646990648322967000,191.5,3,191.0,28,191.5,6,1,2022-03-11 09:24:08
1646990651218985000,191.5,1,191.0,28,191.5,6,1,2022-03-11 09:24:11
1646990651245929000,191.5,1,191.0,28,191.5,5,1,2022-03-11 09:24:11
1646990652868364000,191.5,3,191.0,28,191.5,2,1,2022-03-11 09:24:12
1646990659213585000,191.5,1,191.0,27,191.5,1,1,2022-03-11 09:24:19
1646990660133325000,191.5,1,191.0,27,192.0,26,1,2022-03-11 09:24:20
1646990668634680000,191.5,1,191.0,28,192.0,26,2,2022-03-11 09:24:28
1646990675712425000,191.0,3,191.0,25,191.5,4,2,2022-03-11 09:24:35
1646990675788913000,191.5,1,191.0,24,191.5,3,1,2022-03-11 09:24:35
1646990676572647000,191.5,2,191.0,24,191.5,1,1,2022-03-11 09:24:36
1646990684401850000,191.5,2,191.0,26,191.5,1,1,2022-03-11 09:24:44
1646990689675718000,191.5,3,191.0,28,191.5,1,1,2022-03-11 09:24:49
1646990690301075000,191.5,1,191.0,28,192.0,26,1,2022-03-11 09:24:50
1646990702645918000,191.5,1,191.5,10,192.0,28,1,2022-03-11 09:25:02
1646990703548944000,191.5,1,191.5,9,192.0,27,2,2022-03-11 09:25:03
1646990706574186000,191.5,9,191.0,29,192.0,27,2,2022-03-11 09:25:06
1646990706739209000,191.0,1,191.0,28,192.0,27,2,2022-03-11 09:25:06
1646990707217465000,191.5,1,191.0,27,192.0,27,2,2022-03-11 09:25:07
1646990707462546000,191.0,27,190.5,26,191.5,8,2,2022-03-11 09:25:07
1646990707974798000,190.5,7,190.5,18,191.0,4,2,2022-03-11 09:25:07
1646990708024391000,190.5,1,190.5,17,191.0,4,2,2022-03-11 09:25:08
1646990708066517000,190.5,1,190.5,16,191.0,4,2,2022-03-11 09:25:08
1646990709011125000,191.0,1,190.5,16,191.0,3,1,2022-03-11 09:25:09
1646990709383081000,190.5,3,190.5,13,191.0,3,2,2022-03-11 09:25:09
1646990716038094000,190.5,13,190.0,19,191.0,6,2,2022-03-11 09:25:16
1646990717833893000,190.0,1,190.0,18,191.0,8,2,2022-03-11 09:25:17
1646990717837637000,190.0,1,190.0,17,191.0,8,2,2022-03-11 09:25:17
1646990724440862000,190.0,1,190.0,14,191.0,8,2,2022-03-11 09:25:24
1646990726417876000,190.0,2,190.0,12,191.0,8,2,2022-03-11 09:25:26
1646990729898549000,190.0,4,190.0,6,191.0,8,2,2022-03-11 09:25:29
1646990729922476000,190.0,6,189.5,14,191.0,8,2,2022-03-11 09:25:29
1646990744362787000,190.0,2,189.5,14,190.0,1,1,2022-03-11 09:25:44
1646990745535780000,190.0,1,189.5,16,190.0,1,1,2022-03-11 09:25:45
1646990745593647000,190.0,1,189.5,17,190.5,4,1,2022-03-11 09:25:45
1646990747079285000,189.5,4,189.5,13,190.5,4,2,2022-03-11 09:25:47
1646990752160640000,189.5,1,189.5,12,190.0,2,2,2022-03-11 09:25:52
1646990763667752000,190.0,2,189.5,13,190.5,5,1,2022-03-11 09:26:03
1646990765906171000,190.0,2,189.5,13,190.5,5,1,2022-03-11 09:26:05
1646990766163661000,190.0,2,189.5,13,190.5,5,1,2022-03-11 09:26:06
1646990769078563000,190.0,1,189.5,13,190.5,6,1,2022-03-11 09:26:09
1646990774321025000,190.0,1,189.5,13,190.0,1,1,2022-03-11 09:26:14
1646990774350477000,190.0,1,189.5,13,190.5,8,1,2022-03-11 09:26:14
1646990775106724000,190.0,1,189.5,13,190.5,8,2,2022-03-11 09:26:15
1646990776532049000,190.0,1,189.5,16,190.0,9,2,2022-03-11 09:26:16
1646990777855325000,190.0,1,189.5,11,190.0,8,1,2022-03-11 09:26:17
1646990779530111000,190.0,1,189.5,14,190.0,7,1,2022-03-11 09:26:19
1646990786829526000,190.0,3,189.5,12,190.0,5,1,2022-03-11 09:26:26
1646990787110122000,190.0,5,189.5,14,190.5,9,1,2022-03-11 09:26:27
1646990788627919000,190.0,1,189.5,15,190.5,7,2,2022-03-11 09:26:28
1646990799390470000,190.0,2,189.5,12,190.5,9,2,2022-03-11 09:26:39
1646990812553053000,189.5,1,189.5,11,190.0,1,2,2022-03-11 09:26:52
1646990827926947000,189.5,2,189.5,7,190.0,6,2,2022-03-11 09:27:07
1646990837562095000,189.5,1,189.5,6,190.0,10,2,2022-03-11 09:27:17
1646990837580849000,189.5,4,189.5,2,190.0,10,2,2022-03-11 09:27:17
1646990838179186000,189.5,2,189.0,22,190.0,10,2,2022-03-11 09:27:18
1646990838325350000,189.0,1,189.0,22,190.0,10,2,2022-03-11 09:27:18
1646990846004078000,189.0,1,189.0,20,189.5,3,2,2022-03-11 09:27:26
1646990850800717000,189.0,1,189.0,19,189.5,3,2,2022-03-11 09:27:30
1646990861301652000,189.0,1,189.0,14,189.5,6,2,2022-03-11 09:27:41
1646990869851175000,189.5,1,189.0,14,189.5,5,1,2022-03-11 09:27:49
1646990871720496000,189.5,2,189.0,14,189.5,3,1,2022-03-11 09:27:51
1646990871792469000,189.0,1,189.0,14,189.5,3,2,2022-03-11 09:27:51
1646990881489026000,189.5,1,189.0,12,189.5,4,1,2022-03-11 09:28:01
1646990894932528000,189.5,1,189.0,13,189.5,9,1,2022-03-11 09:28:14
1646990913494592000,189.5,1,189.0,13,189.5,9,1,2022-03-11 09:28:33
1646990921426908000,189.5,1,189.0,14,189.5,8,1,2022-03-11 09:28:41
1646990922823635000,189.5,1,189.0,12,189.5,7,1,2022-03-11 09:28:42
1646990922875668000,189.5,1,189.0,13,189.5,6,1,2022-03-11 09:28:42
1646990923751658000,189.5,1,189.0,15,189.5,5,1,2022-03-11 09:28:43
1646990923772271000,189.5,5,189.0,15,190.0,8,1,2022-03-11 09:28:43
1646990950828812000,190.0,6,189.5,11,190.5,4,1,2022-03-11 09:29:10
1646990982087418000,190.5,2,190.0,8,190.5,1,1,2022-03-11 09:29:42
1646990988083577000,190.5,1,190.0,6,190.5,2,1,2022-03-11 09:29:48
1646990992235890000,190.5,1,190.0,5,190.5,1,1,2022-03-11 09:29:52
1646990993796050000,190.5,1,190.5,1,191.0,15,1,2022-03-11 09:29:53
1646991031480480000,190.5,1,190.5,3,191.0,10,2,2022-03-11 09:30:31
1646991034360706000,190.5,1,190.5,2,191.0,9,2,2022-03-11 09:30:34
1646991045183900000,190.5,1,190.5,2,191.0,9,2,2022-03-11 09:30:45
1646991046722505000,190.5,1,190.5,1,191.0,9,2,2022-03-11 09:30:46
1646991049628498000,190.5,1,190.0,4,191.0,9,2,2022-03-11 09:30:49
1646991090979982000,190.5,2,190.0,9,190.5,2,1,2022-03-11 09:31:30
1646991090995837000,190.5,2,190.0,9,191.0,9,1,2022-03-11 09:31:30
1646991112482679000,190.5,1,190.0,10,191.0,9,2,2022-03-11 09:31:52
1646991117645360000,190.5,1,190.0,7,191.0,9,2,2022-03-11 09:31:57
1646991135213368000,190.5,1,190.0,10,191.0,9,1,2022-03-11 09:32:15
1646991147139714000,190.0,2,190.0,10,191.0,9,2,2022-03-11 09:32:27
1646991151728487000,191.0,2,190.0,10,191.0,8,1,2022-03-11 09:32:31
1646991152206033000,190.5,1,190.0,10,190.5,2,1,2022-03-11 09:32:32
1646991152644728000,190.5,2,190.0,10,191.0,8,1,2022-03-11 09:32:32
1646991178228873000,190.5,1,190.0,9,191.0,8,2,2022-03-11 09:32:58
1646991202400581000,191.0,2,190.0,10,191.0,6,1,2022-03-11 09:33:22
1646991219113827000,191.0,6,190.5,5,191.5,22,1,2022-03-11 09:33:39
1646991234439238000,191.0,1,190.5,5,191.5,23,2,2022-03-11 09:33:54
1646991239214744000,191.0,1,190.5,5,191.5,24,2,2022-03-11 09:33:59
1646991251803094000,191.0,1,190.5,7,191.5,23,2,2022-03-11 09:34:11
1646991278418812000,191.0,1,190.5,8,191.5,24,2,2022-03-11 09:34:38
1646991301294317000,191.0,1,190.5,6,191.5,23,1,2022-03-11 09:35:01
1646991310510547000,191.0,1,190.5,8,191.5,23,1,2022-03-11 09:35:10
1646991312291012000,191.0,1,191.0,2,191.5,23,2,2022-03-11 09:35:12
1646991312517748000,191.5,2,191.0,3,191.5,21,1,2022-03-11 09:35:12
1646991312755543000,191.5,10,191.0,3,191.5,11,1,2022-03-11 09:35:12
1646991312781179000,191.5,11,191.0,4,192.0,41,1,2022-03-11 09:35:12
1646991313123600000,192.0,1,191.5,1,192.0,39,1,2022-03-11 09:35:13
1646991313172182000,192.0,2,191.5,1,192.0,37,1,2022-03-11 09:35:13
1646991313409712000,192.0,10,191.5,3,192.0,27,1,2022-03-11 09:35:13
1646991313924329000,191.5,1,191.5,2,192.0,27,2,2022-03-11 09:35:13
1646991314373567000,192.0,2,191.5,1,192.0,25,1,2022-03-11 09:35:14
1646991318890381000,192.0,1,191.5,3,192.0,25,1,2022-03-11 09:35:18
1646991320338836000,191.5,2,191.5,1,192.0,25,2,2022-03-11 09:35:20
1646991329143053000,191.5,1,191.5,1,192.0,25,2,2022-03-11 09:35:29
1646991332709735000,191.5,1,191.5,6,192.0,25,2,2022-03-11 09:35:32
1646991338734880000,191.5,1,191.5,7,192.0,25,2,2022-03-11 09:35:38
1646991354582356000,192.0,1,191.5,11,192.0,25,1,2022-03-11 09:35:54
1646991365944208000,192.0,1,191.5,14,192.0,22,1,2022-03-11 09:36:05
1646991366264330000,192.0,2,191.5,14,192.0,20,1,2022-03-11 09:36:06
1646991373487217000,192.0,1,191.5,18,192.0,22,1,2022-03-11 09:36:13
1646991375129508000,192.0,2,191.5,18,192.0,20,1,2022-03-11 09:36:15
1646991378654298000,192.0,1,191.5,18,192.0,20,1,2022-03-11 09:36:18
1646991382346128000,192.0,1,191.5,18,192.0,19,1,2022-03-11 09:36:22
1646991384302866000,192.0,6,191.5,18,192.0,13,1,2022-03-11 09:36:24
1646991385574103000,192.0,1,191.5,20,192.0,13,1,2022-03-11 09:36:25
1646991386137109000,192.0,4,191.5,20,192.0,9,1,2022-03-11 09:36:26
1646991386158250000,192.0,1,191.5,20,192.0,8,1,2022-03-11 09:36:26
1646991386214716000,192.0,8,191.5,21,192.5,34,1,2022-03-11 09:36:26
1646991386233557000,192.5,1,191.5,21,192.5,33,1,2022-03-11 09:36:26
1646991386281678000,192.5,1,191.5,21,192.5,32,1,2022-03-11 09:36:26
1646991386306342000,192.5,1,191.5,21,192.5,31,1,2022-03-11 09:36:26
1646991386436675000,192.5,1,191.5,21,192.5,30,1,2022-03-11 09:36:26
1646991386538722000,192.5,1,192.0,1,192.5,29,1,2022-03-11 09:36:26
1646991386984931000,192.5,1,192.0,4,192.5,28,1,2022-03-11 09:36:26
1646991389307051000,192.0,5,191.5,20,192.5,28,2,2022-03-11 09:36:29
1646991391255977000,192.0,1,191.5,20,192.5,29,2,2022-03-11 09:36:31
1646991396349038000,192.0,1,192.0,2,192.5,32,2,2022-03-11 09:36:36
1646991396359480000,192.0,1,192.0,1,192.5,32,2,2022-03-11 09:36:36
1646991398459541000,192.0,1,191.5,18,192.0,1,2,2022-03-11 09:36:38
1646991403788953000,192.0,2,191.5,22,192.5,28,1,2022-03-11 09:36:43
1646991403788953000,192.5,4,191.5,22,192.5,28,1,2022-03-11 09:36:43
1646991420504626000,192.5,2,192.0,8,192.5,29,1,2022-03-11 09:37:00
1646991422226342000,192.5,2,192.0,11,192.5,27,1,2022-03-11 09:37:02
1646991424852683000,192.0,1,192.0,12,192.5,29,2,2022-03-11 09:37:04
1646991425045681000,192.0,1,192.0,11,192.5,30,2,2022-03-11 09:37:05
1646991428411137000,192.0,1,192.0,18,192.5,31,2,2022-03-11 09:37:08
1646991428448670000,192.0,1,192.0,17,192.5,30,2,2022-03-11 09:37:08
1646991428508513000,192.5,1,192.0,17,192.5,29,1,2022-03-11 09:37:08
1646991428571124000,192.0,1,192.0,16,192.5,28,2,2022-03-11 09:37:08
1646991433366336000,192.0,1,192.0,16,192.5,33,2,2022-03-11 09:37:13
1646991433713786000,192.0,5,192.0,11,192.5,33,2,2022-03-11 09:37:13
1646991435437533000,192.0,9,192.0,2,192.5,33,2,2022-03-11 09:37:15
1646991435468439000,192.0,1,192.0,1,192.5,33,2,2022-03-11 09:37:15
1646991435468653000,192.0,1,191.5,27,192.5,33,2,2022-03-11 09:37:15
1646991435999493000,192.0,1,191.5,26,192.5,35,1,2022-03-11 09:37:15
1646991441055659000,192.0,1,191.5,27,192.0,5,1,2022-03-11 09:37:21
1646991444637028000,192.0,1,191.5,27,192.0,4,1,2022-03-11 09:37:24
1646991449887957000,192.0,1,191.5,29,192.0,6,1,2022-03-11 09:37:29
1646991452149621000,192.0,1,191.5,30,192.0,5,1,2022-03-11 09:37:32
1646991483196921000,192.0,2,191.5,26,192.0,2,1,2022-03-11 09:38:03
1646991483230674000,192.0,2,191.5,27,192.5,35,1,2022-03-11 09:38:03
1646991489481187000,192.5,10,192.0,8,192.5,24,1,2022-03-11 09:38:09
1646991489536007000,192.5,24,192.0,10,193.0,46,1,2022-03-11 09:38:09
1646991490233619000,193.0,1,192.5,3,193.0,45,1,2022-03-11 09:38:10
1646991490546632000,193.0,10,192.5,3,193.0,35,1,2022-03-11 09:38:10
1646991491249379000,193.0,1,192.5,3,193.0,34,1,2022-03-11 09:38:11
1646991492140961000,192.5,1,192.5,2,193.0,34,2,2022-03-11 09:38:12
1646991492262386000,193.0,1,192.5,4,193.0,33,1,2022-03-11 09:38:12
1646991492331345000,192.5,1,192.5,3,193.0,33,2,2022-03-11 09:38:12
1646991500516077000,192.5,1,192.5,7,193.0,35,2,2022-03-11 09:38:20
1646991504288533000,192.5,1,192.5,8,193.0,35,2,2022-03-11 09:38:24
1646991506307209000,193.0,4,192.5,9,193.0,32,1,2022-03-11 09:38:26
1646991513300640000,193.0,1,192.5,14,193.0,32,1,2022-03-11 09:38:33
1646991513739798000,193.0,1,192.5,15,193.0,26,1,2022-03-11 09:38:33
1646991515095868000,193.0,1,192.5,15,193.0,25,1,2022-03-11 09:38:35
1646991517196315000,193.0,1,192.5,16,193.0,25,1,2022-03-11 09:38:37
1646991517253908000,193.0,25,192.5,17,193.5,27,1,2022-03-11 09:38:37
1646991517691585000,193.5,1,192.5,17,193.5,26,1,2022-03-11 09:38:37
1646991517727486000,193.5,1,193.0,1,193.5,25,1,2022-03-11 09:38:37
1646991518061150000,192.5,2,192.5,15,193.5,25,2,2022-03-11 09:38:38
1646991518286269000,193.0,1,192.5,16,193.5,23,1,2022-03-11 09:38:38
1646991518286269000,193.5,2,192.5,16,193.5,23,1,2022-03-11 09:38:38
1646991518709282000,193.5,1,192.5,16,193.5,22,1,2022-03-11 09:38:38
1646991521993760000,193.5,1,193.0,16,193.5,21,1,2022-03-11 09:38:41
1646991523726694000,193.5,1,193.0,17,193.5,24,1,2022-03-11 09:38:43
1646991524686098000,193.5,1,193.0,17,193.5,23,1,2022-03-11 09:38:44
1646991527405176000,193.5,10,193.0,19,193.5,12,1,2022-03-11 09:38:47
1646991527642594000,193.5,3,193.0,20,193.5,9,1,2022-03-11 09:38:47
1646991527670527000,193.5,8,193.0,20,193.5,1,1,2022-03-11 09:38:47
1646991527870472000,193.5,1,193.0,20,194.0,71,1,2022-03-11 09:38:47
1646991530368541000,193.5,1,193.5,1,194.0,67,2,2022-03-11 09:38:50
1646991530382832000,193.5,1,193.0,14,194.0,67,2,2022-03-11 09:38:50
1646991531517035000,193.5,1,193.5,1,194.0,67,2,2022-03-11 09:38:51
1646991532070632000,194.0,2,193.5,1,194.0,65,1,2022-03-11 09:38:52
1646991532214166000,194.0,1,193.5,1,194.0,64,1,2022-03-11 09:38:52
1646991532501912000,193.5,1,193.5,1,194.0,64,2,2022-03-11 09:38:52
1646991532521985000,193.5,1,193.0,13,194.0,64,2,2022-03-11 09:38:52
1646991533327577000,193.5,1,193.5,4,194.0,63,2,2022-03-11 09:38:53
1646991534328572000,193.5,1,193.5,4,194.0,64,2,2022-03-11 09:38:54
1646991536966263000,193.5,1,193.5,5,194.0,64,2,2022-03-11 09:38:56
1646991537229070000,194.0,3,193.5,5,194.0,61,1,2022-03-11 09:38:57
1646991538028871000,194.0,1,193.5,5,194.0,60,1,2022-03-11 09:38:58
1646991539395490000,193.5,2,193.5,3,194.0,65,2,2022-03-11 09:38:59
1646991539687711000,194.0,2,193.5,3,194.0,63,1,2022-03-11 09:38:59
1646991543626654000,194.0,1,193.5,8,194.0,62,1,2022-03-11 09:39:03
1646991545693115000,194.0,1,193.5,9,194.0,62,1,2022-03-11 09:39:05
1646991548136354000,194.0,10,193.5,13,194.0,50,1,2022-03-11 09:39:08
1646991550967666000,194.0,1,193.5,13,194.0,51,1,2022-03-11 09:39:10
1646991551531839000,194.0,1,193.5,13,194.0,52,1,2022-03-11 09:39:11
1646991551573801000,194.0,1,193.5,13,194.0,51,1,2022-03-11 09:39:11
1646991552103201000,194.0,1,193.5,13,194.0,32,1,2022-03-11 09:39:12
1646991553485922000,193.5,1,193.5,13,194.0,35,2,2022-03-11 09:39:13
1646991553517806000,193.5,13,193.0,10,194.0,35,2,2022-03-11 09:39:13
1646991553771485000,194.0,1,193.0,10,194.0,33,1,2022-03-11 09:39:13
1646991553989466000,194.0,2,193.0,10,194.0,32,1,2022-03-11 09:39:13
1646991554677386000,194.0,1,193.0,10,194.0,31,1,2022-03-11 09:39:14
1646991555420976000,194.0,1,193.5,1,194.0,30,1,2022-03-11 09:39:15
1646991558317358000,193.5,1,193.5,1,194.0,35,2,2022-03-11 09:39:18
1646991558323855000,193.5,1,193.0,10,193.5,1,2,2022-03-11 09:39:18
1646991558385475000,193.0,5,193.0,5,193.5,1,2,2022-03-11 09:39:18
1646991558413972000,193.0,2,193.0,3,193.5,2,2,2022-03-11 09:39:18
1646991558432180000,193.0,1,193.0,2,193.5,3,2,2022-03-11 09:39:18
1646991558485502000,193.0,2,192.5,13,193.5,3,2,2022-03-11 09:39:18
1646991560459322000,193.0,1,192.5,16,193.5,4,2,2022-03-11 09:39:20
1646991564772804000,193.0,1,193.0,7,193.5,10,2,2022-03-11 09:39:24
1646991564960252000,193.5,1,193.0,7,193.5,8,1,2022-03-11 09:39:24
1646991566450789000,193.0,1,193.0,9,193.5,9,2,2022-03-11 09:39:26
1646991567877773000,193.5,1,193.0,10,193.5,10,1,2022-03-11 09:39:27
1646991568780573000,193.0,1,193.0,11,193.5,9,2,2022-03-11 09:39:28
1646991570382410000,193.5,1,193.0,13,193.5,7,1,2022-03-11 09:39:30
1646991573961369000,193.0,1,193.0,12,193.5,11,2,2022-03-11 09:39:33
1646991573973920000,193.5,1,193.0,12,193.5,10,1,2022-03-11 09:39:33
1646991577693023000,193.5,1,193.0,13,193.5,19,1,2022-03-11 09:39:37
1646991578287401000,193.5,1,193.0,13,193.5,18,1,2022-03-11 09:39:38
1646991579393264000,193.5,1,193.0,13,193.5,25,1,2022-03-11 09:39:39
1646991581410214000,193.5,1,193.0,13,193.5,24,1,2022-03-11 09:39:41
1646991583178192000,193.5,2,193.0,12,193.5,23,1,2022-03-11 09:39:43
1646991601108895000,193.5,26,193.0,22,194.0,48,1,2022-03-11 09:40:01
1646991603218501000,193.0,2,193.0,25,194.0,48,2,2022-03-11 09:40:03
1646991607499979000,193.5,1,193.5,5,194.0,47,2,2022-03-11 09:40:07
1646991608420858000,193.5,1,193.5,4,194.0,45,2,2022-03-11 09:40:08
1646991610181699000,193.5,4,193.0,24,194.0,46,2,2022-03-11 09:40:10
1646991610255396000,193.0,1,193.0,22,194.0,46,2,2022-03-11 09:40:10
1646991613506255000,193.5,2,193.0,21,193.5,1,1,2022-03-11 09:40:13
1646991616951466000,193.5,1,193.0,23,193.5,2,1,2022-03-11 09:40:16
1646991617309160000,193.5,1,193.0,23,193.5,1,1,2022-03-11 09:40:17
1646991617519531000,193.0,2,193.0,21,193.5,1,2,2022-03-11 09:40:17
1646991617696448000,193.5,1,193.5,1,194.0,49,1,2022-03-11 09:40:17
1646991617719467000,193.5,1,193.0,21,194.0,49,2,2022-03-11 09:40:17
1646991617910187000,193.5,1,193.0,20,194.0,49,1,2022-03-11 09:40:17
1646991617977423000,193.0,1,193.0,19,194.0,49,2,2022-03-11 09:40:17
1646991630642388000,193.0,2,193.0,23,193.5,10,2,2022-03-11 09:40:30
1646991631003492000,193.5,1,193.0,23,193.5,9,1,2022-03-11 09:40:31
1646991631530848000,193.5,1,193.0,22,193.5,8,1,2022-03-11 09:40:31
1646991638956665000,193.0,24,192.5,19,193.5,41,2,2022-03-11 09:40:38
1646991639039955000,192.5,3,192.5,16,193.0,4,2,2022-03-11 09:40:39
1646991639073522000,192.5,4,192.5,12,193.0,4,2,2022-03-11 09:40:39
1646991642952607000,192.5,2,192.5,10,193.0,4,2,2022-03-11 09:40:42
1646991645605562000,192.5,1,192.5,9,193.0,6,2,2022-03-11 09:40:45
1646991649314186000,192.5,1,192.5,9,193.0,10,2,2022-03-11 09:40:49
1646991649390760000,192.5,1,192.5,8,193.0,10,2,2022-03-11 09:40:49
1646991649427828000,192.5,8,192.0,24,193.0,10,2,2022-03-11 09:40:49
1646991656134597000,192.5,1,192.0,21,192.5,7,1,2022-03-11 09:40:56
1646991656218739000,192.0,1,192.0,20,192.5,8,2,2022-03-11 09:40:56
1646991664700437000,192.0,1,192.0,18,192.5,12,2,2022-03-11 09:41:04
1646991668297181000,192.5,2,192.0,15,192.5,8,1,2022-03-11 09:41:08
1646991671932758000,192.5,1,192.0,15,192.5,7,1,2022-03-11 09:41:11
1646991686258062000,192.5,1,192.0,17,192.5,18,1,2022-03-11 09:41:26
1646991698678312000,192.5,5,192.0,28,192.5,14,1,2022-03-11 09:41:38
1646991701249225000,192.5,1,192.0,27,192.5,14,1,2022-03-11 09:41:41
1646991702198548000,192.5,1,192.0,27,192.5,13,1,2022-03-11 09:41:42
1646991703818682000,192.5,1,192.0,27,192.5,12,1,2022-03-11 09:41:43
1646991704462198000,192.5,3,192.0,27,192.5,9,1,2022-03-11 09:41:44
1646991704867181000,192.5,1,192.0,29,192.5,8,1,2022-03-11 09:41:44
1646991705346016000,192.5,1,192.0,29,192.5,7,1,2022-03-11 09:41:45
1646991706010069000,192.5,5,192.0,29,192.5,2,1,2022-03-11 09:41:46
1646991706041132000,192.5,2,192.0,29,193.0,12,1,2022-03-11 09:41:46
1646991715746377000,192.5,4,192.0,26,193.0,13,2,2022-03-11 09:41:55
1646991715818185000,192.0,1,192.0,25,193.0,13,2,2022-03-11 09:41:55
1646991723957207000,192.0,3,192.0,21,192.5,2,2,2022-03-11 09:42:03
1646991728794464000,192.5,2,192.0,21,192.5,4,1,2022-03-11 09:42:08
1646991730535902000,192.0,1,192.0,21,192.5,3,2,2022-03-11 09:42:10
1646991731012674000,192.0,1,192.0,20,192.5,3,2,2022-03-11 09:42:11
1646991731021790000,192.0,1,192.0,19,192.5,3,2,2022-03-11 09:42:11
1646991731033838000,192.0,2,192.0,17,192.5,3,2,2022-03-11 09:42:11
1646991731111210000,192.0,1,192.0,16,192.5,4,2,2022-03-11 09:42:11
1646991732889297000,192.0,1,192.0,15,192.5,3,2,2022-03-11 09:42:12
1646991734953283000,192.0,1,192.0,15,192.5,3,2,2022-03-11 09:42:14
1646991735107702000,192.0,1,192.0,14,192.5,3,2,2022-03-11 09:42:15
1646991742176617000,192.0,1,192.0,14,192.5,3,2,2022-03-11 09:42:22
1646991752032697000,192.0,2,192.0,12,192.5,4,2,2022-03-11 09:42:32
1646991754512724000,192.0,1,192.0,12,192.5,3,2,2022-03-11 09:42:34
1646991758756409000,192.5,1,192.0,12,192.5,3,1,2022-03-11 09:42:38
1646991758824537000,192.0,1,192.0,11,192.5,3,2,2022-03-11 09:42:38
1646991763332427000,192.0,1,192.0,10,192.5,3,2,2022-03-11 09:42:43
1646991772344890000,192.0,1,192.0,10,192.5,6,2,2022-03-11 09:42:52
1646991773342575000,192.0,2,192.0,8,192.5,6,2,2022-03-11 09:42:53
1646991775287264000,192.0,1,192.0,7,192.5,7,2,2022-03-11 09:42:55
1646991777262827000,192.0,2,192.0,7,192.5,8,2,2022-03-11 09:42:57
1646991787564088000,192.0,1,192.0,8,192.5,9,2,2022-03-11 09:43:07
1646991788361382000,192.0,1,192.0,7,192.5,11,2,2022-03-11 09:43:08
1646991788433913000,192.0,1,192.0,6,192.5,11,2,2022-03-11 09:43:08
1646991789197401000,192.5,2,192.0,6,192.5,9,1,2022-03-11 09:43:09
1646991797143575000,192.5,1,192.0,8,192.5,10,1,2022-03-11 09:43:17
1646991797174639000,192.5,1,192.0,8,192.5,9,1,2022-03-11 09:43:17
1646991797834301000,192.0,1,192.0,7,192.5,9,2,2022-03-11 09:43:17
1646991800371923000,192.0,5,192.0,2,192.5,9,2,2022-03-11 09:43:20
1646991800437110000,192.0,1,192.0,1,192.5,10,2,2022-03-11 09:43:20
1646991801566464000,192.0,1,191.5,35,192.0,1,2,2022-03-11 09:43:21
1646991801731938000,192.0,1,192.0,1,192.5,10,1,2022-03-11 09:43:21
1646991803285114000,192.0,1,191.5,34,192.5,10,2,2022-03-11 09:43:23
1646991819676344000,192.0,1,191.5,33,192.0,1,1,2022-03-11 09:43:39
1646991820354182000,192.0,1,191.5,34,192.5,10,1,2022-03-11 09:43:40
1646991836236159000,192.0,1,191.5,35,192.5,12,2,2022-03-11 09:43:56
1646991849069923000,192.5,2,191.5,36,192.5,10,1,2022-03-11 09:44:09
1646991875235640000,192.0,3,192.0,7,192.5,8,1,2022-03-11 09:44:35
1646991875315626000,192.0,1,192.0,6,192.5,9,2,2022-03-11 09:44:35
1646991886643462000,192.5,1,192.0,8,192.5,8,1,2022-03-11 09:44:46
1646991900180180000,192.5,1,192.0,10,192.5,5,1,2022-03-11 09:45:00
1646991900196400000,192.5,1,192.0,10,192.5,4,1,2022-03-11 09:45:00
1646991903297783000,192.5,1,192.0,9,192.5,6,1,2022-03-11 09:45:03
1646991908988211000,192.0,8,191.5,37,192.5,11,2,2022-03-11 09:45:08
1646991909654776000,192.5,2,191.5,36,192.5,9,1,2022-03-11 09:45:09
1646991915615408000,192.5,1,191.5,43,192.5,3,1,2022-03-11 09:45:15
1646991950739099000,192.5,1,192.0,5,192.5,4,1,2022-03-11 09:45:50
1646991950812792000,192.0,1,192.0,5,192.5,4,2,2022-03-11 09:45:50
1646991958159947000,192.5,1,192.0,3,192.5,4,1,2022-03-11 09:45:58
1646991968777014000,192.5,2,192.0,3,192.5,7,1,2022-03-11 09:46:08
1646991980124855000,192.5,1,192.0,4,192.5,6,1,2022-03-11 09:46:20
1646991991134938000,192.0,1,192.0,3,192.5,6,2,2022-03-11 09:46:31
1646992001082553000,192.0,2,192.0,3,192.5,8,2,2022-03-11 09:46:41
1646992016694698000,192.0,4,191.5,36,192.5,11,2,2022-03-11 09:46:56
1646992028206911000,192.0,2,191.5,36,192.0,1,1,2022-03-11 09:47:08
1646992028231558000,192.0,1,191.5,36,192.5,11,1,2022-03-11 09:47:08
1646992042178301000,191.5,1,191.5,35,192.0,2,2,2022-03-11 09:47:22
1646992046609803000,191.5,1,191.5,33,192.0,2,2,2022-03-11 09:47:26
1646992054073715000,191.5,1,191.5,32,192.0,3,2,2022-03-11 09:47:34
1646992056718246000,191.5,2,191.5,30,192.0,3,2,2022-03-11 09:47:36
1646992057697869000,191.5,1,191.5,29,192.0,3,2,2022-03-11 09:47:37
1646992077930246000,191.5,3,191.5,26,192.0,4,2,2022-03-11 09:47:57
1646992078181872000,191.5,4,191.5,21,192.0,5,2,2022-03-11 09:47:58
1646992078432991000,191.5,1,191.5,20,192.0,9,2,2022-03-11 09:47:58
1646992088664714000,192.0,2,191.5,20,192.0,3,1,2022-03-11 09:48:08
1646992102107852000,192.0,1,191.5,21,192.0,1,1,2022-03-11 09:48:22
1646992106268149000,192.0,1,191.5,22,192.5,13,1,2022-03-11 09:48:26
1646992117754079000,192.5,1,192.0,1,192.5,13,1,2022-03-11 09:48:37
1646992149510569000,192.5,2,192.0,9,192.5,9,1,2022-03-11 09:49:09
1646992160214650000,192.5,1,192.0,8,192.5,8,1,2022-03-11 09:49:20
1646992160241709000,192.5,3,192.0,8,192.5,5,1,2022-03-11 09:49:20
1646992207764664000,192.5,2,192.0,10,192.5,7,1,2022-03-11 09:50:07
1646992212495838000,192.5,1,192.0,11,192.5,5,1,2022-03-11 09:50:12
1646992224353463000,192.5,1,192.0,11,192.5,4,1,2022-03-11 09:50:24
1646992224434052000,192.0,1,192.0,10,192.5,4,2,2022-03-11 09:50:24
1646992229370371000,192.0,1,192.0,8,192.5,5,2,2022-03-11 09:50:29
1646992257365146000,192.5,1,192.0,15,192.5,8,1,2022-03-11 09:50:57
1646992262055408000,192.5,1,192.0,16,192.5,9,1,2022-03-11 09:51:02
1646992266398835000,192.5,1,192.0,16,192.5,7,1,2022-03-11 09:51:06
1646992268524513000,192.5,2,192.0,16,192.5,6,1,2022-03-11 09:51:08
1646992271115702000,192.5,1,192.0,16,192.5,5,1,2022-03-11 09:51:11
1646992278968538000,192.5,1,192.0,16,192.5,4,1,2022-03-11 09:51:18
1646992282548411000,192.5,1,192.0,16,192.5,3,1,2022-03-11 09:51:22
1646992282626875000,192.0,1,192.0,15,192.5,3,2,2022-03-11 09:51:22
1646992287478478000,192.5,1,192.0,15,192.5,2,1,2022-03-11 09:51:27
1646992296113848000,192.5,1,192.0,15,192.5,1,1,2022-03-11 09:51:36
1646992299919225000,192.5,1,192.0,15,193.0,25,1,2022-03-11 09:51:39
1646992315515826000,192.5,1,192.5,2,193.0,26,2,2022-03-11 09:51:55
1646992323872764000,192.5,1,192.5,2,193.0,26,2,2022-03-11 09:52:03
1646992329308803000,193.0,2,192.5,6,193.0,25,1,2022-03-11 09:52:09
1646992339847907000,192.5,1,192.5,6,193.0,26,2,2022-03-11 09:52:19
1646992387564430000,193.0,2,192.5,5,193.0,25,1,2022-03-11 09:53:07
1646992401515437000,192.5,1,192.5,5,193.0,25,2,2022-03-11 09:53:21
1646992403844261000,192.5,1,192.5,6,193.0,25,2,2022-03-11 09:53:23
1646992416860802000,192.5,1,192.5,6,193.0,25,2,2022-03-11 09:53:36
1646992419509886000,192.5,2,192.5,4,193.0,25,2,2022-03-11 09:53:39
1646992422393369000,192.5,2,192.5,2,193.0,25,2,2022-03-11 09:53:42
1646992423408601000,192.5,1,192.5,1,193.0,25,2,2022-03-11 09:53:43
1646992424060786000,192.5,1,192.0,18,193.0,25,2,2022-03-11 09:53:44
1646992424153391000,192.0,1,192.0,17,193.0,25,2,2022-03-11 09:53:44
1646992448852953000,192.5,2,192.0,18,192.5,1,1,2022-03-11 09:54:08
1646992508561894000,192.5,3,192.5,7,193.0,26,1,2022-03-11 09:55:08
1646992508665394000,193.0,2,192.5,7,193.0,24,1,2022-03-11 09:55:08
1646992540450301000,193.0,10,192.5,9,193.0,13,1,2022-03-11 09:55:40
1646992540484980000,193.0,1,192.5,11,193.0,12,1,2022-03-11 09:55:40
1646992544703268000,193.0,1,192.5,10,193.0,11,1,2022-03-11 09:55:44
1646992550177428000,193.0,7,192.5,4,193.0,4,1,2022-03-11 09:55:50
1646992552309110000,193.0,1,192.5,4,193.0,3,1,2022-03-11 09:55:52
1646992552369376000,193.0,1,192.5,5,193.0,2,1,2022-03-11 09:55:52
1646992552643571000,193.0,1,192.5,5,193.0,1,1,2022-03-11 09:55:52
1646992554280642000,193.0,1,193.0,1,193.5,47,1,2022-03-11 09:55:54
1646992555439180000,193.5,1,193.0,1,193.5,47,1,2022-03-11 09:55:55
1646992558264766000,193.5,1,193.0,7,193.5,47,1,2022-03-11 09:55:58
1646992563736971000,193.5,1,193.0,10,193.5,45,1,2022-03-11 09:56:03
1646992572322287000,193.5,1,193.0,10,193.5,44,1,2022-03-11 09:56:12
1646992586199354000,193.5,1,193.0,14,193.5,43,1,2022-03-11 09:56:26
1646992597601311000,193.5,1,193.0,15,193.5,42,1,2022-03-11 09:56:37
1646992608122846000,193.5,1,193.0,20,193.5,42,1,2022-03-11 09:56:48
1646992609611239000,193.5,1,193.0,19,193.5,46,1,2022-03-11 09:56:49
1646992619426282000,193.5,1,193.0,19,193.5,46,1,2022-03-11 09:56:59
1646992628683138000,193.5,1,193.0,20,193.5,50,1,2022-03-11 09:57:08
1646992651129503000,193.5,10,193.0,20,193.5,42,1,2022-03-11 09:57:31
1646992653598138000,193.0,1,193.0,19,193.5,42,2,2022-03-11 09:57:33
1646992653662745000,193.0,1,193.0,18,193.5,42,2,2022-03-11 09:57:33
1646992657612881000,193.0,18,192.5,21,193.0,2,2,2022-03-11 09:57:37
1646992657698599000,192.5,1,192.5,20,193.0,3,2,2022-03-11 09:57:37
1646992660231179000,192.5,1,192.5,19,193.0,3,2,2022-03-11 09:57:40
1646992663536306000,193.0,1,192.5,19,193.0,3,1,2022-03-11 09:57:43
1646992678820263000,193.0,1,192.5,20,193.0,6,1,2022-03-11 09:57:58
1646992687940211000,193.0,1,192.5,19,193.0,7,1,2022-03-11 09:58:07
1646992700432530000,192.5,1,192.5,18,193.0,21,2,2022-03-11 09:58:20
1646992700465542000,192.5,18,192.0,30,193.0,21,2,2022-03-11 09:58:20
1646992708239476000,192.0,1,192.0,29,192.5,3,2,2022-03-11 09:58:28
1646992711756864000,192.5,8,192.5,2,193.0,25,1,2022-03-11 09:58:31
1646992711777513000,192.5,2,192.0,28,193.0,25,2,2022-03-11 09:58:31
1646992717070654000,192.0,1,192.0,26,193.0,19,2,2022-03-11 09:58:37
1646992724789925000,192.0,1,192.0,23,192.5,3,2,2022-03-11 09:58:44
1646992736103041000,192.0,1,192.0,19,192.5,4,2,2022-03-11 09:58:56
1646992741136685000,192.0,1,192.0,13,192.5,5,2,2022-03-11 09:59:01
1646992748149232000,192.0,1,192.0,11,192.5,6,2,2022-03-11 09:59:08
1646992749106271000,192.0,10,192.0,1,192.5,6,2,2022-03-11 09:59:09
1646992749137723000,192.0,1,191.5,47,192.5,6,2,2022-03-11 09:59:09
1646992749851423000,191.5,1,191.5,48,192.5,10,2,2022-03-11 09:59:09
1646992770645468000,191.5,1,191.5,47,192.0,10,2,2022-03-11 09:59:30
1646992784432176000,191.5,1,191.5,47,192.0,12,2,2022-03-11 09:59:44
1646992787371933000,191.5,1,191.5,46,192.0,12,2,2022-03-11 09:59:47
1646992822536548000,191.5,1,191.5,45,192.0,13,2,2022-03-11 10:00:22
1646992838067771000,191.5,1,191.5,44,192.0,13,2,2022-03-11 10:00:38
1646992838355852000,191.5,1,191.5,43,192.0,13,2,2022-03-11 10:00:38
1646992839520499000,191.5,1,191.5,42,192.0,13,2,2022-03-11 10:00:39
1646992841033055000,191.5,2,191.5,39,192.0,13,2,2022-03-11 10:00:41
1646992843224394000,191.5,1,191.5,38,192.0,13,2,2022-03-11 10:00:43
1646992848926556000,191.5,1,191.5,40,192.0,13,2,2022-03-11 10:00:48
1646992854986682000,192.0,1,191.5,39,192.0,12,1,2022-03-11 10:00:54
1646992855908240000,191.5,1,191.5,38,192.0,12,2,2022-03-11 10:00:55
1646992882596837000,191.5,1,191.5,40,192.0,12,2,2022-03-11 10:01:22
1646992948733020000,191.5,1,191.5,40,192.0,13,2,2022-03-11 10:02:28
1646992982993372000,191.5,1,191.5,40,192.0,15,2,2022-03-11 10:03:02
1646993023592992000,191.5,8,191.5,29,192.0,14,2,2022-03-11 10:03:43
1646993027612478000,191.5,1,191.5,27,192.0,14,2,2022-03-11 10:03:47
1646993028630691000,191.5,1,191.5,26,192.0,14,2,2022-03-11 10:03:48
1646993030771596000,191.5,1,191.5,25,192.0,14,2,2022-03-11 10:03:50
1646993031854066000,191.5,1,191.5,24,192.0,9,2,2022-03-11 10:03:51
1646993032298129000,191.5,5,191.5,19,192.0,9,2,2022-03-11 10:03:52
1646993033607849000,191.5,2,191.5,17,192.0,9,2,2022-03-11 10:03:53
1646993034499241000,191.5,1,191.5,16,192.0,10,2,2022-03-11 10:03:54
1646993035573877000,191.5,2,191.5,14,192.0,10,2,2022-03-11 10:03:55
1646993036122929000,191.5,1,191.5,13,192.0,11,2,2022-03-11 10:03:56
1646993037224125000,191.5,2,191.5,11,192.0,11,2,2022-03-11 10:03:57
1646993037323306000,191.5,1,191.5,10,192.0,11,2,2022-03-11 10:03:57
1646993037570720000,191.5,1,191.5,9,192.0,11,2,2022-03-11 10:03:57
1646993037991501000,191.5,1,191.5,8,192.0,11,2,2022-03-11 10:03:57
1646993038162873000,191.5,1,191.5,7,192.0,11,2,2022-03-11 10:03:58
1646993039848539000,191.5,1,191.5,6,192.0,11,2,2022-03-11 10:03:59
1646993040386277000,191.5,1,191.5,5,192.0,11,2,2022-03-11 10:04:00
1646993041110088000,191.5,1,191.5,4,192.0,11,2,2022-03-11 10:04:01
1646993042049422000,191.5,1,191.5,3,192.0,11,2,2022-03-11 10:04:02
1646993042391329000,191.5,1,191.5,2,192.0,11,2,2022-03-11 10:04:02
1646993042409348000,191.5,1,191.5,1,192.0,11,2,2022-03-11 10:04:02
1646993043014674000,191.5,1,191.0,22,191.5,1,2,2022-03-11 10:04:03
1646993052259829000,191.5,1,191.0,25,191.5,1,1,2022-03-11 10:04:12
1646993053437363000,191.5,1,191.5,2,192.0,10,1,2022-03-11 10:04:13
1646993062868321000,191.5,1,191.5,4,192.0,10,2,2022-03-11 10:04:22
1646993078504057000,191.5,4,191.0,22,191.5,1,2,2022-03-11 10:04:38
1646993104147786000,191.5,1,191.0,21,191.5,4,1,2022-03-11 10:05:04
1646993104167832000,191.5,1,191.0,21,191.5,3,1,2022-03-11 10:05:04
1646993111492595000,191.5,3,191.0,22,192.0,8,1,2022-03-11 10:05:11
1646993147443640000,191.5,1,191.5,15,192.0,10,2,2022-03-11 10:05:47
1646993151585721000,191.5,1,191.5,14,192.0,10,2,2022-03-11 10:05:51
1646993238258092000,191.5,5,191.5,5,192.0,11,2,2022-03-11 10:07:18
1646993271411781000,191.5,1,191.5,5,192.0,11,2,2022-03-11 10:07:51
1646993284477350000,192.0,10,191.5,10,192.0,1,1,2022-03-11 10:08:04
1646993284517813000,192.0,1,191.5,10,192.5,16,1,2022-03-11 10:08:04
1646993288905302000,192.5,1,192.0,7,192.5,13,1,2022-03-11 10:08:08
1646993296998218000,192.5,12,192.0,7,192.5,1,1,2022-03-11 10:08:16
1646993297018304000,192.5,1,192.0,7,193.0,36,1,2022-03-11 10:08:17
1646993300874475000,192.5,1,192.0,9,193.0,34,2,2022-03-11 10:08:20
1646993336420781000,192.5,3,192.0,8,192.5,2,2,2022-03-11 10:08:56
1646993336450200000,192.5,2,192.0,8,193.0,34,1,2022-03-11 10:08:56
1646993342846682000,192.5,1,192.0,4,193.0,34,1,2022-03-11 10:09:02
1646993364188089000,192.5,1,192.0,5,193.0,31,2,2022-03-11 10:09:24
1646993365434173000,193.0,5,192.0,5,193.0,26,1,2022-03-11 10:09:25
1646993366650893000,193.0,1,192.0,8,193.0,25,1,2022-03-11 10:09:26
1646993369104205000,193.0,1,192.0,8,193.0,23,1,2022-03-11 10:09:29
1646993377069125000,193.0,5,192.0,19,193.0,22,1,2022-03-11 10:09:37
1646993377123119000,193.0,2,192.5,1,193.0,19,1,2022-03-11 10:09:37
1646993377153641000,193.0,19,192.5,3,193.5,59,1,2022-03-11 10:09:37
1646993379954392000,193.5,1,193.0,4,193.5,59,1,2022-03-11 10:09:39
1646993381139304000,193.5,1,193.0,5,193.5,57,1,2022-03-11 10:09:41
1646993381382286000,193.5,11,193.0,5,193.5,46,1,2022-03-11 10:09:41
1646993383615546000,193.5,1,193.0,5,193.5,45,1,2022-03-11 10:09:43
1646993384681977000,193.0,1,193.0,4,193.5,45,2,2022-03-11 10:09:44
1646993385347154000,193.5,1,193.0,4,193.5,43,1,2022-03-11 10:09:45
1646993387195574000,193.5,1,193.0,5,193.5,42,1,2022-03-11 10:09:47
1646993389810132000,193.5,3,193.0,7,193.5,39,1,2022-03-11 10:09:49
1646993390079825000,193.5,11,193.0,9,193.5,28,1,2022-03-11 10:09:50
1646993390114553000,193.5,14,193.0,9,193.5,14,1,2022-03-11 10:09:50
1646993390114637000,193.5,14,193.0,9,194.0,48,1,2022-03-11 10:09:50
1646993391038945000,194.0,1,193.5,4,194.0,47,1,2022-03-11 10:09:51
1646993392052566000,194.0,1,193.5,10,194.0,45,1,2022-03-11 10:09:52
1646993395191731000,194.0,13,193.5,11,194.0,32,1,2022-03-11 10:09:55
1646993397332679000,194.0,2,193.5,14,194.0,29,1,2022-03-11 10:09:57
1646993398626289000,194.0,1,193.5,14,194.0,25,1,2022-03-11 10:09:58
1646993399310925000,194.0,2,193.5,14,194.0,22,1,2022-03-11 10:09:59
1646993399446390000,194.0,2,193.5,14,194.0,20,1,2022-03-11 10:09:59
1646993399947326000,194.0,1,193.5,14,194.0,19,1,2022-03-11 10:09:59
1646993400292405000,194.0,1,193.5,14,194.0,18,1,2022-03-11 10:10:00
1646993400689887000,194.0,1,193.5,14,194.0,17,1,2022-03-11 10:10:00
1646993400767283000,194.0,1,193.5,14,194.0,16,1,2022-03-11 10:10:00
1646993400957603000,194.0,1,193.5,14,194.0,15,1,2022-03-11 10:10:00
1646993401011430000,194.0,4,193.5,14,194.0,11,1,2022-03-11 10:10:01
1646993401034353000,194.0,1,193.5,14,194.0,10,1,2022-03-11 10:10:01
1646993401381046000,194.0,1,193.5,14,194.0,9,1,2022-03-11 10:10:01
1646993401402689000,194.0,1,193.5,14,194.0,8,1,2022-03-11 10:10:01
1646993401528986000,194.0,1,193.5,14,194.0,7,1,2022-03-11 10:10:01
1646993401556291000,194.0,2,193.5,14,194.0,5,1,2022-03-11 10:10:01
1646993402188411000,194.0,1,193.5,14,194.0,4,1,2022-03-11 10:10:02
1646993402211262000,194.0,2,193.5,17,194.0,2,1,2022-03-11 10:10:02
1646993402444587000,194.0,2,193.5,17,194.5,52,1,2022-03-11 10:10:02
1646993402619778000,194.0,1,193.5,17,194.0,4,2,2022-03-11 10:10:02
1646993403054865000,194.0,1,193.5,14,194.0,3,1,2022-03-11 10:10:03
1646993403299240000,194.0,1,193.5,13,194.0,2,1,2022-03-11 10:10:03
1646993403472988000,194.0,1,193.5,13,194.0,1,1,2022-03-11 10:10:03
1646993405252350000,194.0,1,193.5,12,194.5,48,1,2022-03-11 10:10:05
1646993409268311000,194.0,1,194.0,2,194.5,53,2,2022-03-11 10:10:09
1646993409473061000,194.0,1,194.0,1,194.5,53,2,2022-03-11 10:10:09
1646993415431854000,194.0,1,194.0,2,194.5,54,2,2022-03-11 10:10:15
1646993415480967000,194.0,1,194.0,1,194.5,54,2,2022-03-11 10:10:15
1646993416040250000,194.0,1,193.5,6,194.5,54,2,2022-03-11 10:10:16
1646993421540154000,194.0,1,193.5,1,194.0,12,1,2022-03-11 10:10:21
1646993423460793000,193.5,1,193.0,9,194.0,13,2,2022-03-11 10:10:23
1646993427204491000,194.0,1,193.0,4,194.0,11,1,2022-03-11 10:10:27
1646993444052607000,194.0,1,193.0,13,194.0,15,1,2022-03-11 10:10:44
1646993445919523000,193.5,1,193.0,14,194.0,16,1,2022-03-11 10:10:45
1646993455308273000,193.5,1,193.0,15,194.0,16,1,2022-03-11 10:10:55
1646993480906327000,193.5,1,193.0,15,193.5,6,1,2022-03-11 10:11:20
1646993481578092000,193.5,1,193.0,15,193.5,5,1,2022-03-11 10:11:21
1646993486070016000,193.5,1,193.0,15,193.5,4,1,2022-03-11 10:11:26
1646993486308025000,193.5,1,193.0,15,193.5,4,1,2022-03-11 10:11:26
1646993491610373000,193.5,1,193.0,18,193.5,3,1,2022-03-11 10:11:31
1646993495164767000,193.5,2,193.0,18,193.5,1,1,2022-03-11 10:11:35
1646993496918007000,193.5,1,193.0,18,194.0,17,1,2022-03-11 10:11:36
1646993512586061000,194.0,10,193.5,1,194.0,14,1,2022-03-11 10:11:52
1646993514158795000,193.5,1,193.0,17,194.0,14,2,2022-03-11 10:11:54
1646993525420232000,193.5,1,193.5,11,194.0,16,2,2022-03-11 10:12:05
1646993529088563000,193.5,1,193.5,10,194.0,17,2,2022-03-11 10:12:09
1646993532383060000,193.5,1,193.5,9,194.0,17,2,2022-03-11 10:12:12
1646993537233735000,193.5,1,193.5,9,194.0,18,2,2022-03-11 10:12:17
1646993539998532000,193.5,1,193.5,8,194.0,18,2,2022-03-11 10:12:19
1646993545726779000,193.5,1,193.5,10,194.0,19,2,2022-03-11 10:12:25
1646993573306836000,193.5,1,193.5,8,194.0,19,2,2022-03-11 10:12:53
1646993574908359000,193.5,1,193.5,7,194.0,19,2,2022-03-11 10:12:54
1646993576445547000,193.5,1,193.5,6,194.0,19,2,2022-03-11 10:12:56
1646993577114634000,193.5,2,193.5,4,194.0,19,2,2022-03-11 10:12:57
1646993579285300000,193.5,1,193.5,3,194.0,18,2,2022-03-11 10:12:59
1646993580640656000,193.5,1,193.5,2,194.0,20,2,2022-03-11 10:13:00
1646993580659427000,193.5,2,193.0,6,194.0,20,2,2022-03-11 10:13:00
1646993599122390000,193.5,1,193.0,18,194.0,23,1,2022-03-11 10:13:19
1646993599203801000,194.0,5,193.0,18,194.0,18,1,2022-03-11 10:13:19
1646993599932348000,193.5,1,193.0,17,194.0,18,2,2022-03-11 10:13:19
1646993599932348000,193.0,1,193.0,17,194.0,18,2,2022-03-11 10:13:19
1646993625085315000,193.5,1,193.5,1,194.0,24,2,2022-03-11 10:13:45
1646993625116286000,193.5,1,193.0,6,194.0,24,2,2022-03-11 10:13:45
1646993693268025000,193.5,8,193.0,12,194.0,28,1,2022-03-11 10:14:53
1646993724964396000,193.5,1,193.0,8,193.5,4,2,2022-03-11 10:15:24
1646993756811837000,193.0,5,193.0,2,193.5,8,2,2022-03-11 10:15:56
1646993777978054000,193.0,2,192.5,8,193.0,3,2,2022-03-11 10:16:17
1646993779342182000,193.0,2,192.5,15,193.0,1,1,2022-03-11 10:16:19
1646993790325949000,193.0,1,192.5,15,193.5,7,1,2022-03-11 10:16:30
1646993808142800000,193.0,4,192.5,7,193.0,1,2,2022-03-11 10:16:48
1646993811292170000,193.0,1,192.5,7,193.5,9,1,2022-03-11 10:16:51
1646993820654834000,193.0,2,193.0,1,193.5,8,2,2022-03-11 10:17:00
1646993824604312000,193.5,3,192.5,20,193.5,6,1,2022-03-11 10:17:04
1646993827338522000,193.0,1,192.5,7,193.5,5,2,2022-03-11 10:17:07
1646993843208188000,193.5,5,193.0,12,194.0,35,1,2022-03-11 10:17:23
1646993854857757000,193.5,1,193.5,5,194.0,35,2,2022-03-11 10:17:34
1646993858019003000,194.0,1,193.5,5,194.0,35,1,2022-03-11 10:17:38
1646993873844028000,194.0,10,193.5,5,194.0,27,1,2022-03-11 10:17:53
1646993874088197000,194.0,4,193.5,8,194.0,22,1,2022-03-11 10:17:54
1646993874124125000,194.0,10,193.5,8,194.0,12,1,2022-03-11 10:17:54
1646993876896720000,194.0,1,193.5,8,194.0,11,1,2022-03-11 10:17:56
1646993877019443000,194.0,1,193.5,8,194.0,10,1,2022-03-11 10:17:57
1646993877795762000,194.0,4,193.5,8,194.0,6,1,2022-03-11 10:17:57
1646993881130323000,194.0,3,193.5,10,194.0,3,1,2022-03-11 10:18:01
1646993881171719000,194.0,3,193.5,10,194.5,62,1,2022-03-11 10:18:01
1646993882739823000,194.5,4,194.0,3,194.5,59,1,2022-03-11 10:18:02
1646993882817201000,194.0,1,194.0,6,194.5,58,2,2022-03-11 10:18:02
1646993889817445000,194.0,1,194.0,8,194.5,58,2,2022-03-11 10:18:09
1646993895034282000,194.0,1,194.0,4,194.5,59,2,2022-03-11 10:18:15
1646993899219743000,194.0,1,194.0,3,194.5,54,2,2022-03-11 10:18:19
1646993899984361000,194.0,3,193.5,12,194.0,2,2,2022-03-11 10:18:19
1646993900478364000,194.0,1,193.5,11,194.0,7,1,2022-03-11 10:18:20
1646993900922914000,193.5,2,193.5,8,194.0,7,2,2022-03-11 10:18:20
1646993908288274000,193.5,8,193.0,7,193.5,2,2,2022-03-11 10:18:28
1646993916416940000,193.5,1,193.0,6,193.5,3,1,2022-03-11 10:18:36
1646993920598821000,193.0,1,193.0,4,193.5,2,2,2022-03-11 10:18:40
1646993944337893000,193.5,2,193.0,6,194.0,14,1,2022-03-11 10:19:04
1646993956294635000,193.5,2,193.0,7,194.0,15,1,2022-03-11 10:19:16
1646993956323245000,194.0,2,193.0,7,194.0,13,1,2022-03-11 10:19:16
1646993984395396000,194.0,9,193.5,10,194.5,57,1,2022-03-11 10:19:44
1646994010685019000,194.0,1,193.5,7,194.5,56,2,2022-03-11 10:20:10
1646994027741982000,194.0,1,193.5,10,194.0,3,1,2022-03-11 10:20:27
1646994053717363000,194.0,4,193.5,10,194.5,57,1,2022-03-11 10:20:53
1646994056235502000,194.5,4,193.5,14,194.5,53,1,2022-03-11 10:20:56
1646994057458866000,194.5,1,194.0,1,194.5,50,1,2022-03-11 10:20:57
1646994058603275000,194.5,1,194.0,2,194.5,49,1,2022-03-11 10:20:58
1646994058868598000,194.5,4,194.0,2,194.5,45,1,2022-03-11 10:20:58
1646994059746351000,194.5,1,194.0,4,194.5,44,1,2022-03-11 10:20:59
1646994059991515000,194.5,4,194.0,4,194.5,40,1,2022-03-11 10:20:59
1646994061026079000,194.5,9,194.0,7,194.5,26,1,2022-03-11 10:21:01
1646994061310278000,194.5,11,194.0,7,194.5,15,1,2022-03-11 10:21:01
1646994061322475000,194.5,4,194.0,7,194.5,11,1,2022-03-11 10:21:01
1646994061925865000,194.5,1,194.0,7,194.5,10,1,2022-03-11 10:21:01
1646994061938628000,194.5,4,194.0,7,194.5,6,1,2022-03-11 10:21:01
1646994063055583000,194.5,1,194.0,7,194.5,5,1,2022-03-11 10:21:03
1646994063076790000,194.5,4,194.0,7,194.5,1,1,2022-03-11 10:21:03
1646994063375597000,194.5,1,194.0,7,195.0,140,1,2022-03-11 10:21:03
1646994064566937000,195.0,4,194.5,7,195.0,137,1,2022-03-11 10:21:04
1646994069547289000,194.5,1,194.5,5,195.0,132,2,2022-03-11 10:21:09
1646994070005314000,194.5,1,194.5,4,195.0,133,2,2022-03-11 10:21:10
1646994070213168000,195.0,1,194.5,4,195.0,132,1,2022-03-11 10:21:10
1646994070980583000,194.5,1,194.5,3,195.0,131,2,2022-03-11 10:21:10
1646994075764641000,194.5,1,194.5,7,195.0,130,2,2022-03-11 10:21:15
1646994082521452000,195.0,1,194.5,24,195.0,124,1,2022-03-11 10:21:22
1646994089779895000,195.0,1,194.5,25,195.0,124,1,2022-03-11 10:21:29
1646994096777244000,194.5,1,194.5,23,195.0,126,2,2022-03-11 10:21:36
1646994097186908000,195.0,1,194.5,23,195.0,124,1,2022-03-11 10:21:37
1646994109032942000,194.5,1,194.5,27,195.0,122,2,2022-03-11 10:21:49
1646994109330918000,195.0,1,194.5,27,195.0,121,1,2022-03-11 10:21:49
1646994113565823000,195.0,10,194.5,27,195.0,110,1,2022-03-11 10:21:53
1646994115008332000,195.0,1,194.5,28,195.0,105,1,2022-03-11 10:21:55
1646994115453840000,195.0,1,194.5,28,195.0,104,1,2022-03-11 10:21:55
1646994116272698000,195.0,2,194.5,28,195.0,102,1,2022-03-11 10:21:56
1646994116355626000,195.0,1,194.5,29,195.0,101,1,2022-03-11 10:21:56
1646994116771816000,195.0,2,194.5,27,195.0,99,1,2022-03-11 10:21:56
1646994119153902000,195.0,1,194.5,26,195.0,99,1,2022-03-11 10:21:59
1646994120855576000,195.0,1,194.5,26,195.0,97,1,2022-03-11 10:22:00
1646994121894995000,195.0,1,194.5,26,195.0,95,1,2022-03-11 10:22:01
1646994122648335000,195.0,1,194.5,26,195.0,94,1,2022-03-11 10:22:02
1646994124093602000,195.0,1,194.5,26,195.0,95,1,2022-03-11 10:22:04
1646994124369917000,195.0,1,194.5,26,195.0,94,1,2022-03-11 10:22:04
1646994125166248000,195.0,2,194.5,26,195.0,92,1,2022-03-11 10:22:05
1646994127188014000,195.0,1,194.5,26,195.0,91,1,2022-03-11 10:22:07
1646994136115511000,195.0,1,194.5,28,195.0,88,1,2022-03-11 10:22:16
1646994138371562000,195.0,1,194.5,29,195.0,87,1,2022-03-11 10:22:18
1646994141630305000,195.0,5,194.5,29,195.0,83,1,2022-03-11 10:22:21
1646994145471677000,195.0,2,194.5,29,195.0,83,1,2022-03-11 10:22:25
1646994146431589000,195.0,1,194.5,28,195.0,82,1,2022-03-11 10:22:26
1646994146780393000,195.0,1,194.5,28,195.0,81,1,2022-03-11 10:22:26
1646994147739799000,195.0,1,194.5,28,195.0,80,1,2022-03-11 10:22:27
1646994149936282000,195.0,2,194.5,28,195.0,79,1,2022-03-11 10:22:29
1646994152967300000,194.5,1,194.5,27,195.0,79,2,2022-03-11 10:22:32
1646994155407912000,195.0,1,194.5,27,195.0,78,1,2022-03-11 10:22:35
1646994157148257000,195.0,1,194.5,27,195.0,77,1,2022-03-11 10:22:37
1646994168226691000,195.0,1,194.5,29,195.0,91,1,2022-03-11 10:22:48
1646994170892226000,194.5,3,194.5,27,195.0,91,2,2022-03-11 10:22:50
1646994171695060000,194.5,1,194.5,26,195.0,93,2,2022-03-11 10:22:51
1646994174438977000,194.5,1,194.5,25,195.0,93,2,2022-03-11 10:22:54
1646994174460386000,194.5,16,194.5,9,195.0,93,2,2022-03-11 10:22:54
1646994174481271000,194.5,9,194.0,12,195.0,93,2,2022-03-11 10:22:54
1646994178164956000,194.5,1,194.0,9,194.5,18,1,2022-03-11 10:22:58
1646994203139572000,194.0,1,194.0,11,194.5,33,2,2022-03-11 10:23:23
1646994205840254000,194.5,1,194.0,12,194.5,32,1,2022-03-11 10:23:25
1646994227787254000,194.5,1,194.0,12,194.5,34,1,2022-03-11 10:23:47
1646994232584698000,194.0,1,194.0,11,194.5,34,2,2022-03-11 10:23:52
1646994238536758000,194.0,1,194.0,10,194.5,34,2,2022-03-11 10:23:58
1646994250991347000,194.0,1,194.0,8,194.5,33,2,2022-03-11 10:24:10
1646994253841640000,194.0,1,194.0,7,194.5,32,2,2022-03-11 10:24:13
1646994260891741000,194.0,1,194.0,6,194.5,36,2,2022-03-11 10:24:20
1646994262861087000,194.0,1,194.0,5,194.5,37,2,2022-03-11 10:24:22
1646994262873573000,194.0,5,193.5,9,194.5,37,2,2022-03-11 10:24:22
1646994263314680000,193.5,1,193.5,7,194.5,37,2,2022-03-11 10:24:23
1646994274480647000,193.5,1,193.5,5,194.0,23,2,2022-03-11 10:24:34
1646994281000736000,193.5,1,193.5,11,194.0,18,2,2022-03-11 10:24:41
1646994281709269000,193.5,1,193.5,10,194.0,19,2,2022-03-11 10:24:41
1646994283552968000,193.5,1,193.5,9,194.0,19,2,2022-03-11 10:24:43
1646994286692621000,193.5,1,193.5,8,194.0,19,2,2022-03-11 10:24:46
1646994294500154000,193.5,1,193.5,7,194.0,19,2,2022-03-11 10:24:54
1646994294994140000,193.5,1,193.5,6,194.0,18,2,2022-03-11 10:24:54
1646994300921652000,193.5,1,193.5,4,194.0,20,2,2022-03-11 10:25:00
1646994302159618000,193.5,1,193.5,3,194.0,20,2,2022-03-11 10:25:02
1646994303802778000,193.5,1,193.5,2,194.0,20,2,2022-03-11 10:25:03
1646994303836370000,193.5,2,193.0,13,194.0,20,2,2022-03-11 10:25:03
1646994304057731000,193.5,2,193.0,13,194.0,20,1,2022-03-11 10:25:04
1646994304190589000,193.5,1,193.0,13,194.0,19,1,2022-03-11 10:25:04
1646994306498587000,194.0,12,193.0,14,194.0,7,1,2022-03-11 10:25:06
1646994312926426000,194.0,7,193.5,5,194.5,34,1,2022-03-11 10:25:12
1646994317601524000,194.0,1,194.0,2,194.5,34,2,2022-03-11 10:25:17
1646994339003848000,194.0,1,194.0,1,194.5,33,2,2022-03-11 10:25:39
1646994339336568000,194.0,1,193.5,7,194.5,33,2,2022-03-11 10:25:39
1646994352500278000,194.0,1,193.5,13,194.5,32,1,2022-03-11 10:25:52
1646994367263640000,193.5,1,193.5,12,194.0,3,2,2022-03-11 10:26:07
1646994380986918000,193.5,2,193.5,7,194.0,4,2,2022-03-11 10:26:20
1646994393691178000,193.5,1,193.5,6,194.0,5,2,2022-03-11 10:26:33
1646994414207214000,193.5,3,193.5,1,194.0,6,2,2022-03-11 10:26:54
1646994414234380000,193.5,1,193.0,15,194.0,6,2,2022-03-11 10:26:54
1646994418664951000,193.5,2,193.0,34,194.0,6,2,2022-03-11 10:26:58
1646994425374735000,194.0,6,193.5,17,194.5,31,1,2022-03-11 10:27:05
1646994425405681000,194.5,8,193.5,17,194.5,22,1,2022-03-11 10:27:05
1646994425443216000,194.5,4,194.0,1,194.5,18,1,2022-03-11 10:27:05
1646994426634698000,194.0,1,193.5,19,194.5,18,2,2022-03-11 10:27:06
1646994457385737000,194.0,1,194.0,5,194.5,14,2,2022-03-11 10:27:37
1646994461064027000,194.0,1,194.0,3,194.5,15,2,2022-03-11 10:27:41
1646994492030626000,194.0,1,194.0,2,194.5,14,2,2022-03-11 10:28:12
1646994495232913000,194.0,1,194.0,1,194.5,14,2,2022-03-11 10:28:15
1646994498137465000,194.0,1,193.5,12,194.0,1,2,2022-03-11 10:28:18
1646994498172889000,194.0,1,193.5,12,194.5,15,1,2022-03-11 10:28:18
1646994501363953000,194.5,4,194.0,1,194.5,10,1,2022-03-11 10:28:21
1646994516836003000,194.0,1,194.0,7,194.5,10,2,2022-03-11 10:28:36
1646994568608146000,194.0,1,194.0,3,194.5,18,2,2022-03-11 10:29:28
1646994598471234000,194.0,1,194.0,4,194.5,21,2,2022-03-11 10:29:58
1646994632283492000,194.0,1,194.0,5,194.5,27,2,2022-03-11 10:30:32
1646994666370773000,194.0,1,194.0,5,194.5,25,2,2022-03-11 10:31:06
1646994675455105000,194.0,1,194.0,4,194.5,25,2,2022-03-11 10:31:15
1646994695990088000,194.5,1,194.0,4,194.5,23,1,2022-03-11 10:31:35
1646994698314042000,194.0,1,194.0,3,194.5,23,2,2022-03-11 10:31:38
1646994719479240000,194.0,4,193.5,5,194.0,6,2,2022-03-11 10:31:59
1646994728397604000,194.0,6,193.5,6,194.5,23,1,2022-03-11 10:32:08
1646994728622571000,194.0,1,193.5,6,194.5,23,1,2022-03-11 10:32:08
1646994737212907000,194.0,1,193.5,6,194.5,23,1,2022-03-11 10:32:17
1646994737247838000,194.5,10,193.5,6,194.5,13,1,2022-03-11 10:32:17
1646994737248615000,194.5,13,193.5,6,195.0,102,1,2022-03-11 10:32:17
1646994738107970000,195.0,3,194.5,1,195.0,99,1,2022-03-11 10:32:18
1646994739177932000,195.0,1,194.5,1,195.0,98,1,2022-03-11 10:32:19
1646994739394564000,195.0,2,194.5,1,195.0,96,1,2022-03-11 10:32:19
1646994742226633000,195.0,2,194.5,2,195.0,94,1,2022-03-11 10:32:22
1646994746611264000,195.0,11,194.5,14,195.0,82,1,2022-03-11 10:32:26
1646994747315805000,194.5,1,194.5,14,195.0,82,2,2022-03-11 10:32:27
1646994747477722000,195.0,4,194.5,14,195.0,78,1,2022-03-11 10:32:27
1646994748485848000,195.0,1,194.5,14,195.0,76,1,2022-03-11 10:32:28
1646994749719070000,195.0,12,194.5,6,195.0,64,1,2022-03-11 10:32:29
1646994750054083000,195.0,10,194.5,6,195.0,54,1,2022-03-11 10:32:30
1646994751588756000,195.0,1,194.5,6,195.0,53,1,2022-03-11 10:32:31
1646994751710008000,195.0,1,194.5,6,195.0,52,1,2022-03-11 10:32:31
1646994751783865000,195.0,1,194.5,6,195.0,52,1,2022-03-11 10:32:31
