symbol,datetime,NaOb_r,NbOa_r,NaOb_s,NbOa_s,bid1,ask1,odd_bid1,odd_ask1,bidQty1,askQty1,odd_bidQty1,odd_askQty1,simulate,triggerbyOdd
2317,2022-10-31 09:35:58.395389,0.0,-0.009708737864077666,0.0,-1.0,102.0,102.5,102.5,103.0,4942.0,5887.0,5070.0,15507.0,True,True
2317,2022-10-31 09:35:58.660750,0.0,-0.009708737864077666,0.0,-1.0,102.0,102.5,102.5,103.0,4942.0,5887.0,5070.0,15507.0,False,False
2317,2022-10-31 09:35:58.856443,0.0,-0.009708737864077666,0.0,-1.0,102.0,102.5,102.5,103.0,4940.0,5887.0,5070.0,15507.0,False,False
2317,2022-10-31 09:35:59.122015,0.0,-0.009708737864077666,0.0,-1.0,102.0,102.5,102.5,103.0,4940.0,5887.0,5070.0,15507.0,False,False
2317,2022-10-31 09:35:59.572073,0.0,-0.009708737864077666,0.0,-1.0,102.0,102.5,102.5,103.0,4940.0,5888.0,5070.0,15507.0,False,False
2317,2022-10-31 09:35:59.675508,0.0,-0.009708737864077666,0.0,-1.0,102.0,102.5,102.5,103.0,4941.0,5888.0,5070.0,15507.0,False,False
2317,2022-10-31 09:36:00.319828,0.0,-0.009708737864077666,0.0,-1.0,102.0,102.5,102.5,103.0,4941.0,5888.0,5070.0,15507.0,False,False
2317,2022-10-31 09:36:01.027886,0.0,-0.009708737864077666,0.0,-1.0,102.0,102.5,102.5,103.0,4921.0,5888.0,5070.0,15507.0,False,False
2317,2022-10-31 09:36:01.337395,0.0,-0.009708737864077666,0.0,-1.0,102.0,102.5,102.5,103.0,4918.0,5888.0,5070.0,15507.0,False,False
2317,2022-10-31 09:36:01.502342,0.0,-0.009708737864077666,0.0,-1.0,102.0,102.5,102.5,103.0,4918.0,5888.0,5070.0,15507.0,False,False
2317,2022-10-31 09:36:01.506304,0.0,-0.009708737864077666,0.0,-1.0,102.0,102.5,102.5,103.0,4915.0,5888.0,5070.0,15507.0,False,False
2317,2022-10-31 09:36:02.150833,0.0,-0.009708737864077666,0.0,-1.0,102.0,102.5,102.5,103.0,4915.0,5888.0,5070.0,15507.0,False,False
2317,2022-10-31 09:36:03.059588,0.0,-0.009708737864077666,0.0,-1.0,102.0,102.5,102.5,103.0,4915.0,5890.0,5070.0,15507.0,False,False
2317,2022-10-31 09:36:03.173891,0.0,-0.009708737864077666,0.0,-1.0,102.0,102.5,102.5,103.0,4917.0,5890.0,5070.0,15507.0,False,False
2317,2022-10-31 09:36:03.353751,0.0,-0.009708737864077666,0.0,-1.0,102.0,102.5,102.5,103.0,4915.0,5890.0,5070.0,15507.0,False,False
2317,2022-10-31 09:36:03.658848,0.0,-0.009708737864077666,0.0,-1.0,102.0,102.5,102.5,103.0,4915.0,5892.0,5070.0,15507.0,False,False
2317,2022-10-31 09:36:03.692661,0.0,-0.009708737864077666,0.0,-1.0,102.0,102.5,102.5,103.0,4915.0,5892.0,5070.0,15507.0,False,False
2317,2022-10-31 09:36:04.258541,0.0,-0.009708737864077666,0.0,-1.0,102.0,102.5,102.5,103.0,4915.0,5894.0,5070.0,15507.0,False,False
2317,2022-10-31 09:36:05.372164,0.0,-0.009708737864077666,0.0,-1.0,102.0,102.5,102.5,103.0,4915.0,5894.0,5070.0,15507.0,False,False
2317,2022-10-31 09:36:05.748621,0.0,-0.009708737864077666,0.0,-1.0,102.0,102.5,102.5,103.0,4915.0,5894.0,5070.0,15507.0,False,False
2317,2022-10-31 09:36:06.703226,0.0,-0.009708737864077666,0.0,-1.0,102.0,102.5,102.5,103.0,4915.0,5894.0,5070.0,15507.0,False,False
2317,2022-10-31 09:36:07.075370,0.0,-0.009708737864077666,0.0,-1.0,102.0,102.5,102.5,103.0,4914.0,5894.0,5070.0,15507.0,False,False
2317,2022-10-31 09:36:07.113564,0.0,-0.009708737864077666,0.0,-1.0,102.0,102.5,102.5,103.0,4914.0,5894.0,5070.0,15507.0,False,False
2317,2022-10-31 09:36:07.187957,0.0,-0.009708737864077666,0.0,-1.0,102.0,102.5,102.5,103.0,4914.0,5895.0,5070.0,15507.0,False,False
2317,2022-10-31 09:36:07.475472,0.0,-0.009708737864077666,0.0,-1.0,102.0,102.5,102.5,103.0,4919.0,5895.0,5070.0,15507.0,False,False
2317,2022-10-31 09:36:07.739380,0.0,-0.009708737864077666,0.0,-1.0,102.0,102.5,102.5,103.0,4919.0,5895.0,5070.0,15507.0,False,False
2317,2022-10-31 09:36:08.073233,0.0,-0.009708737864077666,0.0,-1.0,102.0,102.5,102.5,103.0,4919.0,5895.0,5070.0,15507.0,False,False
2317,2022-10-31 09:36:08.434164,0.0,-0.009708737864077666,0.0,-1.0,102.0,102.5,102.5,103.0,4919.0,5895.0,5279.0,15507.0,True,True
2317,2022-10-31 09:36:08.443355,0.0,-0.009708737864077666,0.0,-1.0,102.0,102.5,102.5,103.0,4919.0,5895.0,5279.0,15507.0,False,False
2317,2022-10-31 09:36:08.532373,0.0,-0.009708737864077666,0.0,-1.0,102.0,102.5,102.5,103.0,4924.0,5895.0,5279.0,15507.0,False,False
2317,2022-10-31 09:36:08.705496,0.0,-0.009708737864077666,0.0,-1.0,102.0,102.5,102.5,103.0,4923.0,5895.0,5279.0,15507.0,False,False
2317,2022-10-31 09:36:08.929539,0.0,-0.009708737864077666,0.0,-1.0,102.0,102.5,102.5,103.0,4922.0,5895.0,5279.0,15507.0,False,False
2317,2022-10-31 09:36:09.176597,0.0,-0.009708737864077666,0.0,-1.0,102.0,102.5,102.5,103.0,4924.0,5895.0,5279.0,15507.0,False,False
2317,2022-10-31 09:36:10.075100,0.0,-0.009708737864077666,0.0,-1.0,102.0,102.5,102.5,103.0,4924.0,5895.0,5279.0,15507.0,False,False
2317,2022-10-31 09:36:10.591682,0.0,-0.009708737864077666,0.0,-1.0,102.0,102.5,102.5,103.0,4925.0,5895.0,5279.0,15507.0,False,False
2317,2022-10-31 09:36:11.455601,0.0,-0.009708737864077666,0.0,-1.0,102.0,102.5,102.5,103.0,4925.0,5895.0,5279.0,15507.0,False,False
2317,2022-10-31 09:36:12.466872,0.0,-0.009708737864077666,0.0,-1.0,102.0,102.5,102.5,103.0,4925.0,5895.0,5279.0,15507.0,False,False
2317,2022-10-31 09:36:14.040204,0.0,-0.009708737864077666,0.0,-1.0,102.0,102.5,102.5,103.0,4923.0,5895.0,5279.0,15507.0,False,False
2317,2022-10-31 09:36:14.569753,0.0,-0.009708737864077666,0.0,-1.0,102.0,102.5,102.5,103.0,4922.0,5895.0,5279.0,15507.0,False,False
2317,2022-10-31 09:36:14.862235,0.0,-0.009708737864077666,0.0,-1.0,102.0,102.5,102.5,103.0,4922.0,5895.0,5279.0,15507.0,False,False
2317,2022-10-31 09:36:16.300965,0.0,-0.009708737864077666,0.0,-1.0,102.0,102.5,102.5,103.0,4927.0,5895.0,5279.0,15507.0,False,False
2317,2022-10-31 09:36:18.347581,0.0,-0.009708737864077666,0.0,-1.0,102.0,102.5,102.5,103.0,4917.0,5895.0,5279.0,15507.0,False,False
2317,2022-10-31 09:36:18.475033,0.0,-0.009708737864077666,0.0,-1.0,102.0,102.5,102.5,103.0,4917.0,5895.0,5309.0,15507.0,True,True
2317,2022-10-31 09:36:19.061328,0.0,-0.009708737864077666,0.0,-1.0,102.0,102.5,102.5,103.0,4917.0,5895.0,5309.0,15507.0,False,False
2317,2022-10-31 09:36:19.320967,0.0,-0.009708737864077666,0.0,-1.0,102.0,102.5,102.5,103.0,4916.0,5895.0,5309.0,15507.0,False,False
2317,2022-10-31 09:36:19.403218,0.0,-0.009708737864077666,0.0,-1.0,102.0,102.5,102.5,103.0,4914.0,5895.0,5309.0,15507.0,False,False
2317,2022-10-31 09:36:19.416484,0.0,-0.009708737864077666,0.0,-1.0,102.0,102.5,102.5,103.0,4914.0,5895.0,5309.0,15507.0,False,False
2317,2022-10-31 09:36:20.620283,0.0,-0.009708737864077666,0.0,-1.0,102.0,102.5,102.5,103.0,4914.0,5895.0,5309.0,15507.0,False,False
2317,2022-10-31 09:36:21.049164,0.0,-0.009708737864077666,0.0,-1.0,102.0,102.5,102.5,103.0,4914.0,5895.0,5309.0,15507.0,False,False
2317,2022-10-31 09:36:21.273399,0.0,-0.009708737864077666,0.0,-1.0,102.0,102.5,102.5,103.0,4914.0,5895.0,5309.0,15507.0,False,False
2317,2022-10-31 09:36:23.022790,0.0,-0.009708737864077666,0.0,-1.0,102.0,102.5,102.5,103.0,4914.0,5895.0,5309.0,15507.0,False,False
2317,2022-10-31 09:36:23.188629,0.0,-0.009708737864077666,0.0,-1.0,102.0,102.5,102.5,103.0,4914.0,5895.0,5309.0,15507.0,False,False
2317,2022-10-31 09:36:24.641989,0.0,-0.009708737864077666,0.0,-1.0,102.0,102.5,102.5,103.0,4914.0,5895.0,5309.0,15507.0,False,False
2317,2022-10-31 09:36:24.982664,0.0,-0.009708737864077666,0.0,-1.0,102.0,102.5,102.5,103.0,4915.0,5895.0,5309.0,15507.0,False,False
2317,2022-10-31 09:36:26.030190,0.0,-0.009708737864077666,0.0,-1.0,102.0,102.5,102.5,103.0,4914.0,5895.0,5309.0,15507.0,False,False
2317,2022-10-31 09:36:26.219683,0.0,-0.009708737864077666,0.0,-1.0,102.0,102.5,102.5,103.0,4919.0,5895.0,5309.0,15507.0,False,False
2317,2022-10-31 09:36:26.285115,0.0,-0.009708737864077666,0.0,-1.0,102.0,102.5,102.5,103.0,4920.0,5895.0,5309.0,15507.0,False,False
2317,2022-10-31 09:36:26.377791,0.0,-0.009708737864077666,0.0,-1.0,102.0,102.5,102.5,103.0,4920.0,5896.0,5309.0,15507.0,False,False
2317,2022-10-31 09:36:27.028306,0.0,-0.009708737864077666,0.0,-1.0,102.0,102.5,102.5,103.0,4921.0,5896.0,5309.0,15507.0,False,False
2317,2022-10-31 09:36:27.235586,0.0,-0.009708737864077666,0.0,-1.0,102.0,102.5,102.5,103.0,4922.0,5896.0,5309.0,15507.0,False,False
2317,2022-10-31 09:36:27.496203,0.0,-0.009708737864077666,0.0,-1.0,102.0,102.5,102.5,103.0,4922.0,5897.0,5309.0,15507.0,False,False
2317,2022-10-31 09:36:28.306618,0.0,-0.009708737864077666,0.0,-1.0,102.0,102.5,102.5,103.0,4922.0,5897.0,5309.0,15507.0,False,False
2317,2022-10-31 09:36:28.506401,0.0,-0.009708737864077666,0.0,-1.0,102.0,102.5,102.5,103.0,4922.0,5897.0,5004.0,15507.0,True,True
2317,2022-10-31 09:36:30.167893,0.0,-0.009708737864077666,0.0,-1.0,102.0,102.5,102.5,103.0,4922.0,5897.0,5004.0,15507.0,False,False
2317,2022-10-31 09:36:30.245342,0.0,-0.009708737864077666,0.0,-1.0,102.0,102.5,102.5,103.0,4922.0,5897.0,5004.0,15507.0,False,False
2317,2022-10-31 09:36:30.756278,0.0,-0.009708737864077666,0.0,-1.0,102.0,102.5,102.5,103.0,4923.0,5897.0,5004.0,15507.0,False,False
2317,2022-10-31 09:36:30.827298,0.0,-0.009708737864077666,0.0,-1.0,102.0,102.5,102.5,103.0,4925.0,5897.0,5004.0,15507.0,False,False
2317,2022-10-31 09:36:30.957213,0.0,-0.009708737864077666,0.0,-1.0,102.0,102.5,102.5,103.0,4925.0,5897.0,5004.0,15507.0,False,False
2317,2022-10-31 09:36:31.251421,0.0,-0.009708737864077666,0.0,-1.0,102.0,102.5,102.5,103.0,4925.0,5897.0,5004.0,15507.0,False,False
2317,2022-10-31 09:36:31.856265,0.0,-0.009708737864077666,0.0,-1.0,102.0,102.5,102.5,103.0,4927.0,5897.0,5004.0,15507.0,False,False
2317,2022-10-31 09:36:32.573653,0.0,-0.009708737864077666,0.0,-1.0,102.0,102.5,102.5,103.0,4927.0,5897.0,5004.0,15507.0,False,False
2317,2022-10-31 09:36:33.044877,0.0,-0.009708737864077666,0.0,-1.0,102.0,102.5,102.5,103.0,4933.0,5897.0,5004.0,15507.0,False,False
2317,2022-10-31 09:36:34.138373,0.0,-0.009708737864077666,0.0,-1.0,102.0,102.5,102.5,103.0,4933.0,5897.0,5004.0,15507.0,False,False
2317,2022-10-31 09:36:34.330271,0.0,-0.009708737864077666,0.0,-1.0,102.0,102.5,102.5,103.0,4934.0,5897.0,5004.0,15507.0,False,False
2317,2022-10-31 09:36:34.742054,0.0,-0.009708737864077666,0.0,-1.0,102.0,102.5,102.5,103.0,4933.0,5897.0,5004.0,15507.0,False,False
2317,2022-10-31 09:36:35.649080,0.0,-0.009708737864077666,0.0,-1.0,102.0,102.5,102.5,103.0,4938.0,5897.0,5004.0,15507.0,False,False
2317,2022-10-31 09:36:36.149516,0.0,-0.009708737864077666,0.0,-1.0,102.0,102.5,102.5,103.0,4937.0,5897.0,5004.0,15507.0,False,False
2317,2022-10-31 09:36:36.355414,0.0,-0.009708737864077666,0.0,-1.0,102.0,102.5,102.5,103.0,4937.0,5897.0,5004.0,15507.0,False,False
2317,2022-10-31 09:36:36.494084,0.0,-0.009708737864077666,0.0,-1.0,102.0,102.5,102.5,103.0,4938.0,5897.0,5004.0,15507.0,False,False
2317,2022-10-31 09:36:36.669074,0.0,-0.009708737864077666,0.0,-1.0,102.0,102.5,102.5,103.0,4933.0,5897.0,5004.0,15507.0,False,False
2317,2022-10-31 09:36:38.540396,0.0,-0.009708737864077666,0.0,-1.0,102.0,102.5,102.5,103.0,4933.0,5897.0,4504.0,15507.0,True,True
2317,2022-10-31 09:36:38.804655,0.0,-0.009708737864077666,0.0,-1.0,102.0,102.5,102.5,103.0,4933.0,5896.0,4504.0,15507.0,False,False
2317,2022-10-31 09:36:39.121895,0.0,-0.009708737864077666,0.0,-1.0,102.0,102.5,102.5,103.0,4933.0,5896.0,4504.0,15507.0,False,False
2317,2022-10-31 09:36:39.246421,0.0,-0.009708737864077666,0.0,-1.0,102.0,102.5,102.5,103.0,4933.0,5896.0,4504.0,15507.0,False,False
2317,2022-10-31 09:36:39.687312,0.0,-0.009708737864077666,0.0,-1.0,102.0,102.5,102.5,103.0,4933.0,5896.0,4504.0,15507.0,False,False
2317,2022-10-31 09:36:39.901225,0.0,-0.009708737864077666,0.0,-1.0,102.0,102.5,102.5,103.0,4934.0,5896.0,4504.0,15507.0,False,False
2317,2022-10-31 09:36:40.341044,0.0,-0.009708737864077666,0.0,-1.0,102.0,102.5,102.5,103.0,4934.0,5896.0,4504.0,15507.0,False,False
2317,2022-10-31 09:36:40.900932,0.0,-0.009708737864077666,0.0,-1.0,102.0,102.5,102.5,103.0,4934.0,5902.0,4504.0,15507.0,False,False
2317,2022-10-31 09:36:41.123326,0.0,-0.009708737864077666,0.0,-1.0,102.0,102.5,102.5,103.0,4934.0,5902.0,4504.0,15507.0,False,False
2317,2022-10-31 09:36:41.186668,0.0,-0.009708737864077666,0.0,-1.0,102.0,102.5,102.5,103.0,4934.0,5902.0,4504.0,15507.0,False,False
2317,2022-10-31 09:36:41.265256,0.0,-0.009708737864077666,0.0,-1.0,102.0,102.5,102.5,103.0,4934.0,5884.0,4504.0,15507.0,False,False
2317,2022-10-31 09:36:41.366413,0.0,-0.009708737864077666,0.0,-1.0,102.0,102.5,102.5,103.0,4934.0,5906.0,4504.0,15507.0,False,False
2317,2022-10-31 09:36:41.545813,0.0,-0.009708737864077666,0.0,-1.0,102.0,102.5,102.5,103.0,4934.0,5906.0,4504.0,15507.0,False,False
2317,2022-10-31 09:36:42.238145,0.0,-0.009708737864077666,0.0,-1.0,102.0,102.5,102.5,103.0,4934.0,5906.0,4504.0,15507.0,False,False
2317,2022-10-31 09:36:42.312221,0.0,-0.009708737864077666,0.0,-1.0,102.0,102.5,102.5,103.0,4934.0,5906.0,4504.0,15507.0,False,False
2317,2022-10-31 09:36:43.362282,0.0,-0.009708737864077666,0.0,-1.0,102.0,102.5,102.5,103.0,4936.0,5906.0,4504.0,15507.0,False,False
2317,2022-10-31 09:36:43.948469,0.0,-0.009708737864077666,0.0,-1.0,102.0,102.5,102.5,103.0,4936.0,5906.0,4504.0,15507.0,False,False
2317,2022-10-31 09:36:44.080804,0.0,-0.009708737864077666,0.0,-1.0,102.0,102.5,102.5,103.0,4937.0,5906.0,4504.0,15507.0,False,False
2317,2022-10-31 09:36:44.227025,0.0,-0.009708737864077666,0.0,-1.0,102.0,102.5,102.5,103.0,4938.0,5906.0,4504.0,15507.0,False,False
2317,2022-10-31 09:36:44.265631,0.0,-0.009708737864077666,0.0,-1.0,102.0,102.5,102.5,103.0,4938.0,5906.0,4504.0,15507.0,False,False
2317,2022-10-31 09:36:44.437953,0.0,-0.009708737864077666,0.0,-1.0,102.0,102.5,102.5,103.0,4938.0,5906.0,4504.0,15507.0,False,False
2317,2022-10-31 09:36:44.746167,0.0,-0.009708737864077666,0.0,-1.0,102.0,102.5,102.5,103.0,4938.0,5906.0,4504.0,15507.0,False,False
2317,2022-10-31 09:36:45.425666,0.0,-0.009708737864077666,0.0,-1.0,102.0,102.5,102.5,103.0,4938.0,5906.0,4504.0,15507.0,False,False
2317,2022-10-31 09:36:45.775714,0.0,-0.009708737864077666,0.0,-1.0,102.0,102.5,102.5,103.0,4943.0,5906.0,4504.0,15507.0,False,False
2317,2022-10-31 09:36:47.153977,0.0,-0.009708737864077666,0.0,-1.0,102.0,102.5,102.5,103.0,4943.0,5906.0,4504.0,15507.0,False,False
2317,2022-10-31 09:36:47.265289,0.0,-0.009708737864077666,0.0,-1.0,102.0,102.5,102.5,103.0,4943.0,5920.0,4504.0,15507.0,False,False
2317,2022-10-31 09:36:47.414076,0.0,-0.009708737864077666,0.0,-1.0,102.0,102.5,102.5,103.0,4945.0,5920.0,4504.0,15507.0,False,False
2317,2022-10-31 09:36:47.830540,0.0,-0.009708737864077666,0.0,-1.0,102.0,102.5,102.5,103.0,4945.0,5920.0,4504.0,15507.0,False,False
2317,2022-10-31 09:36:48.317454,0.0,-0.009708737864077666,0.0,-1.0,102.0,102.5,102.5,103.0,4946.0,5920.0,4504.0,15507.0,False,False
2317,2022-10-31 09:36:48.492130,0.0,-0.009708737864077666,0.0,-1.0,102.0,102.5,102.5,103.0,4947.0,5920.0,4504.0,15507.0,False,False
2317,2022-10-31 09:36:48.584711,0.0,-0.009708737864077666,0.0,-1.0,102.0,102.5,102.5,103.0,4947.0,5920.0,4524.0,15507.0,True,True
2317,2022-10-31 09:36:48.980459,0.0,-0.009708737864077666,0.0,-1.0,102.0,102.5,102.5,103.0,4946.0,5920.0,4524.0,15507.0,False,False
2317,2022-10-31 09:36:49.777420,0.0,-0.009708737864077666,0.0,-1.0,102.0,102.5,102.5,103.0,4946.0,5920.0,4524.0,15507.0,False,False
2317,2022-10-31 09:36:51.065908,0.0,-0.009708737864077666,0.0,-1.0,102.0,102.5,102.5,103.0,4946.0,5920.0,4524.0,15507.0,False,False
2317,2022-10-31 09:36:53.364278,0.0,-0.009708737864077666,0.0,-1.0,102.0,102.5,102.5,103.0,4947.0,5920.0,4524.0,15507.0,False,False
2317,2022-10-31 09:36:53.404619,0.0,-0.009708737864077666,0.0,-1.0,102.0,102.5,102.5,103.0,4947.0,5920.0,4524.0,15507.0,False,False
2317,2022-10-31 09:36:54.128024,0.0,-0.009708737864077666,0.0,-1.0,102.0,102.5,102.5,103.0,4952.0,5920.0,4524.0,15507.0,False,False
2317,2022-10-31 09:36:54.412141,0.0,-0.009708737864077666,0.0,-1.0,102.0,102.5,102.5,103.0,4947.0,5920.0,4524.0,15507.0,False,False
2317,2022-10-31 09:36:54.699198,0.0,-0.009708737864077666,0.0,-1.0,102.0,102.5,102.5,103.0,4947.0,5920.0,4524.0,15507.0,False,False
2317,2022-10-31 09:36:54.825455,0.0,-0.009708737864077666,0.0,-1.0,102.0,102.5,102.5,103.0,4948.0,5920.0,4524.0,15507.0,False,False
2317,2022-10-31 09:36:54.941866,0.0,-0.009708737864077666,0.0,-1.0,102.0,102.5,102.5,103.0,4947.0,5920.0,4524.0,15507.0,False,False
2317,2022-10-31 09:36:55.048088,0.0,-0.009708737864077666,0.0,-1.0,102.0,102.5,102.5,103.0,4947.0,5920.0,4524.0,15507.0,False,False
2317,2022-10-31 09:36:56.127841,0.0,-0.009708737864077666,0.0,-1.0,102.0,102.5,102.5,103.0,4947.0,5920.0,4524.0,15507.0,False,False
2317,2022-10-31 09:36:56.222974,0.0,-0.009708737864077666,0.0,-1.0,102.0,102.5,102.5,103.0,4947.0,5925.0,4524.0,15507.0,False,False
2317,2022-10-31 09:36:57.362787,0.0,-0.009708737864077666,0.0,-1.0,102.0,102.5,102.5,103.0,4937.0,5925.0,4524.0,15507.0,False,False
2317,2022-10-31 09:36:57.440105,0.0,-0.009708737864077666,0.0,-1.0,102.0,102.5,102.5,103.0,4935.0,5925.0,4524.0,15507.0,False,False
2317,2022-10-31 09:36:57.671305,0.0,-0.009708737864077666,0.0,-1.0,102.0,102.5,102.5,103.0,4935.0,5925.0,4524.0,15507.0,False,False
2317,2022-10-31 09:36:57.992016,0.0,-0.009708737864077666,0.0,-1.0,102.0,102.5,102.5,103.0,4935.0,5925.0,4524.0,15507.0,False,False
2317,2022-10-31 09:36:58.577094,0.0,-0.009708737864077666,0.0,-1.0,102.0,102.5,102.5,103.0,4935.0,5925.0,4524.0,15507.0,False,False
2317,2022-10-31 09:36:58.617847,0.0,-0.009708737864077666,0.0,-1.0,102.0,102.5,102.5,103.0,4935.0,5925.0,5096.0,15507.0,True,True
2317,2022-10-31 09:36:58.695411,0.0,-0.009708737864077666,0.0,-1.0,102.0,102.5,102.5,103.0,4936.0,5925.0,5096.0,15507.0,False,False
2317,2022-10-31 09:36:59.340366,0.0,-0.009708737864077666,0.0,-1.0,102.0,102.5,102.5,103.0,4941.0,5925.0,5096.0,15507.0,False,False
2317,2022-10-31 09:36:59.458626,0.0,-0.009708737864077666,0.0,-1.0,102.0,102.5,102.5,103.0,4939.0,5925.0,5096.0,15507.0,False,False
2317,2022-10-31 09:36:59.618890,0.0,-0.009708737864077666,0.0,-1.0,102.0,102.5,102.5,103.0,4939.0,5925.0,5096.0,15507.0,False,False
2317,2022-10-31 09:37:00.173671,0.0,-0.009708737864077666,0.0,-1.0,102.0,102.5,102.5,103.0,4939.0,5925.0,5096.0,15507.0,False,False
2317,2022-10-31 09:37:00.478272,0.0,-0.009708737864077666,0.0,-1.0,102.0,102.5,102.5,103.0,4938.0,5925.0,5096.0,15507.0,False,False
2317,2022-10-31 09:37:00.992223,0.0,-0.009708737864077666,0.0,-1.0,102.0,102.5,102.5,103.0,4939.0,5925.0,5096.0,15507.0,False,False
2317,2022-10-31 09:37:01.868461,0.0,-0.009708737864077666,0.0,-1.0,102.0,102.5,102.5,103.0,4939.0,5925.0,5096.0,15507.0,False,False
2317,2022-10-31 09:37:02.143595,0.0,-0.009708737864077666,0.0,-1.0,102.0,102.5,102.5,103.0,4939.0,5925.0,5096.0,15507.0,False,False
2317,2022-10-31 09:37:02.156198,0.0,-0.009708737864077666,0.0,-1.0,102.0,102.5,102.5,103.0,4944.0,5925.0,5096.0,15507.0,False,False
2317,2022-10-31 09:37:02.359226,0.0,-0.009708737864077666,0.0,-1.0,102.0,102.5,102.5,103.0,4944.0,5925.0,5096.0,15507.0,False,False
2317,2022-10-31 09:37:02.872547,0.0,-0.009708737864077666,0.0,-1.0,102.0,102.5,102.5,103.0,4944.0,5925.0,5096.0,15507.0,False,False
2317,2022-10-31 09:37:04.398242,0.0,-0.009708737864077666,0.0,-1.0,102.0,102.5,102.5,103.0,4944.0,5925.0,5096.0,15507.0,False,False
2317,2022-10-31 09:37:05.245092,0.0,-0.009708737864077666,0.0,-1.0,102.0,102.5,102.5,103.0,4944.0,5925.0,5096.0,15507.0,False,False
2317,2022-10-31 09:37:06.232066,0.0,-0.009708737864077666,0.0,-1.0,102.0,102.5,102.5,103.0,4943.0,5925.0,5096.0,15507.0,False,False
2317,2022-10-31 09:37:06.255113,0.0,-0.009708737864077666,0.0,-1.0,102.0,102.5,102.5,103.0,4943.0,5925.0,5096.0,15507.0,False,False
2317,2022-10-31 09:37:06.275823,0.0,-0.009708737864077666,0.0,-1.0,102.0,102.5,102.5,103.0,4943.0,5924.0,5096.0,15507.0,False,False
2317,2022-10-31 09:37:06.318305,0.0,-0.009708737864077666,0.0,-1.0,102.0,102.5,102.5,103.0,4943.0,5924.0,5096.0,15507.0,False,False
2317,2022-10-31 09:37:06.643708,0.0,-0.009708737864077666,0.0,-1.0,102.0,102.5,102.5,103.0,4943.0,5924.0,5096.0,15507.0,False,False
2317,2022-10-31 09:37:07.127694,0.0,-0.009708737864077666,0.0,-1.0,102.0,102.5,102.5,103.0,4943.0,5924.0,5096.0,15507.0,False,False
2317,2022-10-31 09:37:07.356352,0.0,-0.009708737864077666,0.0,-1.0,102.0,102.5,102.5,103.0,4942.0,5924.0,5096.0,15507.0,False,False
2317,2022-10-31 09:37:07.847578,0.0,-0.009708737864077666,0.0,-1.0,102.0,102.5,102.5,103.0,4942.0,5924.0,6130.0,15507.0,False,True
2317,2022-10-31 09:37:08.015140,0.0,-0.009708737864077666,0.0,-1.0,102.0,102.5,102.5,103.0,4942.0,5924.0,6130.0,15507.0,False,False
2317,2022-10-31 09:37:08.911356,0.0,-0.009708737864077666,0.0,-1.0,102.0,102.5,102.5,103.0,4942.0,5929.0,6130.0,15507.0,False,False
2317,2022-10-31 09:37:08.951124,0.0,-0.009708737864077666,0.0,-1.0,102.0,102.5,102.5,103.0,4942.0,5929.0,6130.0,15507.0,False,False
2317,2022-10-31 09:37:09.887509,0.0,-0.009708737864077666,0.0,-1.0,102.0,102.5,102.5,103.0,4943.0,5929.0,6130.0,15507.0,False,False
2317,2022-10-31 09:37:10.773430,0.0,-0.009708737864077666,0.0,-1.0,102.0,102.5,102.5,103.0,4942.0,5929.0,6130.0,15507.0,False,False
2317,2022-10-31 09:37:11.131644,0.0,-0.009708737864077666,0.0,-1.0,102.0,102.5,102.5,103.0,4947.0,5929.0,6130.0,15507.0,False,False
2317,2022-10-31 09:37:11.932872,0.0,-0.009708737864077666,0.0,-1.0,102.0,102.5,102.5,103.0,4947.0,5929.0,6130.0,15507.0,False,False
2317,2022-10-31 09:37:12.456007,0.0,-0.009708737864077666,0.0,-1.0,102.0,102.5,102.5,103.0,4947.0,5929.0,6130.0,15507.0,False,False
2317,2022-10-31 09:37:12.838052,0.0,-0.009708737864077666,0.0,-1.0,102.0,102.5,102.5,103.0,4946.0,5929.0,6130.0,15507.0,False,False
2317,2022-10-31 09:37:13.061540,0.0,-0.009708737864077666,0.0,-1.0,102.0,102.5,102.5,103.0,4945.0,5929.0,6130.0,15507.0,False,False
2317,2022-10-31 09:37:14.662659,0.0,-0.009708737864077666,0.0,-1.0,102.0,102.5,102.5,103.0,4945.0,5929.0,6130.0,15507.0,False,False
2317,2022-10-31 09:37:16.758991,0.0,-0.009708737864077666,0.0,-1.0,102.0,102.5,102.5,103.0,4945.0,5931.0,6130.0,15507.0,False,False
2317,2022-10-31 09:37:16.874092,0.0,-0.009708737864077666,0.0,-1.0,102.0,102.5,102.5,103.0,4945.0,5931.0,6130.0,15507.0,False,False
2317,2022-10-31 09:37:16.940460,0.0,-0.009708737864077666,0.0,-1.0,102.0,102.5,102.5,103.0,4945.0,5931.0,6130.0,15507.0,False,False
2317,2022-10-31 09:37:17.570068,0.0,-0.009708737864077666,0.0,-1.0,102.0,102.5,102.5,103.0,4944.0,5931.0,6130.0,15507.0,False,False
2317,2022-10-31 09:37:17.880757,0.0,-0.009708737864077666,0.0,-1.0,102.0,102.5,102.5,103.0,4944.0,5931.0,5161.0,15507.0,True,True
2317,2022-10-31 09:37:18.252778,0.0,-0.009708737864077666,0.0,-1.0,102.0,102.5,102.5,103.0,4947.0,5931.0,5161.0,15507.0,False,False
2317,2022-10-31 09:37:18.698651,0.0,-0.009708737864077666,0.0,-1.0,102.0,102.5,102.5,103.0,4948.0,5931.0,5161.0,15507.0,False,False
2317,2022-10-31 09:37:19.042125,0.0,-0.009708737864077666,0.0,-1.0,102.0,102.5,102.5,103.0,4948.0,5931.0,5161.0,15507.0,False,False
2317,2022-10-31 09:37:19.695002,0.0,-0.009708737864077666,0.0,-1.0,102.0,102.5,102.5,103.0,4948.0,5931.0,5161.0,15507.0,False,False
2317,2022-10-31 09:37:20.079941,0.0,-0.009708737864077666,0.0,-1.0,102.0,102.5,102.5,103.0,4948.0,5933.0,5161.0,15507.0,False,False
2317,2022-10-31 09:37:20.693464,0.0,-0.009708737864077666,0.0,-1.0,102.0,102.5,102.5,103.0,4948.0,5935.0,5161.0,15507.0,False,False
2317,2022-10-31 09:37:22.021104,0.0,-0.009708737864077666,0.0,-1.0,102.0,102.5,102.5,103.0,4947.0,5935.0,5161.0,15507.0,False,False
2317,2022-10-31 09:37:22.052865,0.0,-0.009708737864077666,0.0,-1.0,102.0,102.5,102.5,103.0,4947.0,5935.0,5161.0,15507.0,False,False
2317,2022-10-31 09:37:22.139684,0.0,-0.009708737864077666,0.0,-1.0,102.0,102.5,102.5,103.0,4947.0,5945.0,5161.0,15507.0,False,False
2317,2022-10-31 09:37:22.764507,0.0,-0.009708737864077666,0.0,-1.0,102.0,102.5,102.5,103.0,4948.0,5945.0,5161.0,15507.0,False,False
2317,2022-10-31 09:37:22.954192,0.0,-0.009708737864077666,0.0,-1.0,102.0,102.5,102.5,103.0,4948.0,5945.0,5161.0,15507.0,False,False
2317,2022-10-31 09:37:23.587511,0.0,-0.009708737864077666,0.0,-1.0,102.0,102.5,102.5,103.0,4948.0,5945.0,5161.0,15507.0,False,False
2317,2022-10-31 09:37:23.687007,0.0,-0.009708737864077666,0.0,-1.0,102.0,102.5,102.5,103.0,4943.0,5945.0,5161.0,15507.0,False,False
2317,2022-10-31 09:37:23.837043,0.0,-0.009708737864077666,0.0,-1.0,102.0,102.5,102.5,103.0,4943.0,5945.0,5161.0,15507.0,False,False
2317,2022-10-31 09:37:23.911990,0.0,-0.009708737864077666,0.0,-1.0,102.0,102.5,102.5,103.0,4943.0,5945.0,5161.0,15507.0,False,False
2317,2022-10-31 09:37:23.999271,0.0,-0.009708737864077666,0.0,-1.0,102.0,102.5,102.5,103.0,4943.0,5946.0,5161.0,15507.0,False,False
2317,2022-10-31 09:37:24.158460,0.0,-0.009708737864077666,0.0,-1.0,102.0,102.5,102.5,103.0,4943.0,5946.0,5161.0,15507.0,False,False
2317,2022-10-31 09:37:24.189137,0.0,-0.009708737864077666,0.0,-1.0,102.0,102.5,102.5,103.0,4943.0,5952.0,5161.0,15507.0,False,False
2317,2022-10-31 09:37:25.222737,0.0,-0.009708737864077666,0.0,-1.0,102.0,102.5,102.5,103.0,4943.0,5952.0,5161.0,15507.0,False,False
2317,2022-10-31 09:37:25.224106,0.0,-0.009708737864077666,0.0,-1.0,102.0,102.5,102.5,103.0,4945.0,5952.0,5161.0,15507.0,False,False
2317,2022-10-31 09:37:26.224949,0.0,-0.009708737864077666,0.0,-1.0,102.0,102.5,102.5,103.0,4945.0,5952.0,5161.0,15507.0,False,False
2317,2022-10-31 09:37:26.733042,0.0,-0.009708737864077666,0.0,-1.0,102.0,102.5,102.5,103.0,4944.0,5952.0,5161.0,15507.0,False,False
2317,2022-10-31 09:37:27.062353,0.0,-0.009708737864077666,0.0,-1.0,102.0,102.5,102.5,103.0,4944.0,5952.0,5161.0,15507.0,False,False
2317,2022-10-31 09:37:27.914743,0.0,-0.009708737864077666,0.0,-1.0,102.0,102.5,102.5,103.0,4944.0,5952.0,5142.0,15507.0,True,True
2317,2022-10-31 09:37:28.659667,0.0,-0.009708737864077666,0.0,-1.0,102.0,102.5,102.5,103.0,4944.0,5947.0,5142.0,15507.0,False,False
2317,2022-10-31 09:37:29.024426,0.0,-0.009708737864077666,0.0,-1.0,102.0,102.5,102.5,103.0,4945.0,5947.0,5142.0,15507.0,False,False
2317,2022-10-31 09:37:29.086827,0.0,-0.009708737864077666,0.0,-1.0,102.0,102.5,102.5,103.0,4945.0,5947.0,5142.0,15507.0,False,False
2317,2022-10-31 09:37:29.315513,0.0,-0.009708737864077666,0.0,-1.0,102.0,102.5,102.5,103.0,5045.0,5947.0,5142.0,15507.0,False,False
2317,2022-10-31 09:37:29.548572,0.0,-0.009708737864077666,0.0,-1.0,102.0,102.5,102.5,103.0,5044.0,5947.0,5142.0,15507.0,False,False
2317,2022-10-31 09:37:30.495080,0.0,-0.009708737864077666,0.0,-1.0,102.0,102.5,102.5,103.0,5044.0,5947.0,5142.0,15507.0,False,False
2317,2022-10-31 09:37:30.662278,0.0,-0.009708737864077666,0.0,-1.0,102.0,102.5,102.5,103.0,5041.0,5947.0,5142.0,15507.0,False,False
2317,2022-10-31 09:37:30.722137,0.0,-0.009708737864077666,0.0,-1.0,102.0,102.5,102.5,103.0,5042.0,5947.0,5142.0,15507.0,False,False
2317,2022-10-31 09:37:30.939571,0.0,-0.009708737864077666,0.0,-1.0,102.0,102.5,102.5,103.0,5042.0,5947.0,5142.0,15507.0,False,False
2317,2022-10-31 09:37:31.280005,0.0,-0.009708737864077666,0.0,-1.0,102.0,102.5,102.5,103.0,5042.0,5947.0,5142.0,15507.0,False,False
2317,2022-10-31 09:37:31.521700,0.0,-0.009708737864077666,0.0,-1.0,102.0,102.5,102.5,103.0,5042.0,5947.0,5142.0,15507.0,False,False
2317,2022-10-31 09:37:31.927852,0.0,-0.009708737864077666,0.0,-1.0,102.0,102.5,102.5,103.0,5052.0,5947.0,5142.0,15507.0,False,False
2317,2022-10-31 09:37:32.206608,0.0,-0.009708737864077666,0.0,-1.0,102.0,102.5,102.5,103.0,5052.0,5947.0,5142.0,15507.0,False,False
2317,2022-10-31 09:37:32.536862,0.0,-0.009708737864077666,0.0,-1.0,102.0,102.5,102.5,103.0,5052.0,5947.0,5142.0,15507.0,False,False
2317,2022-10-31 09:37:33.545418,0.0,-0.009708737864077666,0.0,-1.0,102.0,102.5,102.5,103.0,5052.0,5947.0,5142.0,15507.0,False,False
2317,2022-10-31 09:37:34.236241,0.0,-0.009708737864077666,0.0,-1.0,102.0,102.5,102.5,103.0,5052.0,5947.0,5142.0,15507.0,False,False
2317,2022-10-31 09:37:35.663813,0.0,-0.009708737864077666,0.0,-1.0,102.0,102.5,102.5,103.0,5052.0,5953.0,5142.0,15507.0,False,False
2317,2022-10-31 09:37:36.209924,0.0,-0.009708737864077666,0.0,-1.0,102.0,102.5,102.5,103.0,5042.0,5953.0,5142.0,15507.0,False,False
2317,2022-10-31 09:37:37.915147,0.0,-0.009708737864077666,0.0,-1.0,102.0,102.5,102.5,103.0,5042.0,5953.0,5142.0,15507.0,False,False
2317,2022-10-31 09:37:37.950652,0.0,-0.009708737864077666,0.0,-1.0,102.0,102.5,102.5,103.0,5042.0,5953.0,5122.0,15607.0,True,True
2317,2022-10-31 09:37:38.384107,0.0,-0.009708737864077666,0.0,-1.0,102.0,102.5,102.5,103.0,5042.0,5953.0,5122.0,15607.0,False,False
2317,2022-10-31 09:37:38.708621,0.0,-0.009708737864077666,0.0,-1.0,102.0,102.5,102.5,103.0,5043.0,5953.0,5122.0,15607.0,False,False
2317,2022-10-31 09:37:38.948455,0.0,-0.009708737864077666,0.0,-1.0,102.0,102.5,102.5,103.0,5043.0,5953.0,5122.0,15607.0,False,False
2317,2022-10-31 09:37:39.424013,0.0,-0.009708737864077666,0.0,-1.0,102.0,102.5,102.5,103.0,5043.0,5953.0,5122.0,15607.0,False,False
2317,2022-10-31 09:37:40.999193,0.0,-0.009708737864077666,0.0,-1.0,102.0,102.5,102.5,103.0,5044.0,5953.0,5122.0,15607.0,False,False
2317,2022-10-31 09:37:42.057628,0.0,-0.009708737864077666,0.0,-1.0,102.0,102.5,102.5,103.0,5045.0,5953.0,5122.0,15607.0,False,False
2317,2022-10-31 09:37:42.155279,0.0,-0.009708737864077666,0.0,-1.0,102.0,102.5,102.5,103.0,5045.0,5953.0,5122.0,15607.0,False,False
2317,2022-10-31 09:37:42.187782,0.0,-0.009708737864077666,0.0,-1.0,102.0,102.5,102.5,103.0,5045.0,5954.0,5122.0,15607.0,False,False
2317,2022-10-31 09:37:42.624965,0.0,-0.009708737864077666,0.0,-1.0,102.0,102.5,102.5,103.0,5045.0,5954.0,5122.0,15607.0,False,False
2317,2022-10-31 09:37:43.582652,0.0,-0.009708737864077666,0.0,-1.0,102.0,102.5,102.5,103.0,5045.0,5954.0,5122.0,15607.0,False,False
2317,2022-10-31 09:37:43.904561,0.0,-0.009708737864077666,0.0,-1.0,102.0,102.5,102.5,103.0,5045.0,5954.0,5122.0,15607.0,False,False
2317,2022-10-31 09:37:44.563241,0.0,-0.009708737864077666,0.0,-1.0,102.0,102.5,102.5,103.0,5045.0,5954.0,5122.0,15607.0,False,False
2317,2022-10-31 09:37:44.818870,0.0,-0.009708737864077666,0.0,-1.0,102.0,102.5,102.5,103.0,5044.0,5954.0,5122.0,15607.0,False,False
2317,2022-10-31 09:37:44.972873,0.0,-0.009708737864077666,0.0,-1.0,102.0,102.5,102.5,103.0,5045.0,5954.0,5122.0,15607.0,False,False
2317,2022-10-31 09:37:46.064398,0.0,-0.009708737864077666,0.0,-1.0,102.0,102.5,102.5,103.0,5045.0,5954.0,5122.0,15607.0,False,False
2317,2022-10-31 09:37:46.065202,0.0,-0.009708737864077666,0.0,-1.0,102.0,102.5,102.5,103.0,5045.0,5954.0,5122.0,15607.0,False,False
2317,2022-10-31 09:37:46.113858,0.0,-0.009708737864077666,0.0,-1.0,102.0,102.5,102.5,103.0,5055.0,5954.0,5122.0,15607.0,False,False
2317,2022-10-31 09:37:46.447872,0.0,-0.009708737864077666,0.0,-1.0,102.0,102.5,102.5,103.0,5055.0,5954.0,5122.0,15607.0,False,False
2317,2022-10-31 09:37:47.191424,0.0,-0.009708737864077666,0.0,-1.0,102.0,102.5,102.5,103.0,5055.0,5954.0,5122.0,15607.0,False,False
2317,2022-10-31 09:37:47.393829,0.0,-0.009708737864077666,0.0,-1.0,102.0,102.5,102.5,103.0,5056.0,5954.0,5122.0,15607.0,False,False
2317,2022-10-31 09:37:47.763694,0.0,-0.009708737864077666,0.0,-1.0,102.0,102.5,102.5,103.0,5056.0,5954.0,5122.0,15607.0,False,False
2317,2022-10-31 09:37:47.882245,0.0,-0.009708737864077666,0.0,-1.0,102.0,102.5,102.5,103.0,5056.0,5960.0,5122.0,15607.0,False,False
2317,2022-10-31 09:37:47.948885,0.0,-0.009708737864077666,0.0,-1.0,102.0,102.5,102.5,103.0,5057.0,5960.0,5122.0,15607.0,False,False
2317,2022-10-31 09:37:47.981298,0.0,-0.009708737864077666,0.0,-1.0,102.0,102.5,102.5,103.0,5057.0,5960.0,5448.0,15607.0,True,True
2317,2022-10-31 09:37:48.026103,0.0,-0.009708737864077666,0.0,-1.0,102.0,102.5,102.5,103.0,5058.0,5960.0,5448.0,15607.0,False,False
2317,2022-10-31 09:37:48.654779,0.0,-0.009708737864077666,0.0,-1.0,102.0,102.5,102.5,103.0,5058.0,5960.0,5448.0,15607.0,False,False
2317,2022-10-31 09:37:49.843264,0.0,-0.009708737864077666,0.0,-1.0,102.0,102.5,102.5,103.0,5058.0,5960.0,5448.0,15607.0,False,False
2317,2022-10-31 09:37:50.096613,0.0,-0.009708737864077666,0.0,-1.0,102.0,102.5,102.5,103.0,5058.0,5960.0,5448.0,15607.0,False,False
2317,2022-10-31 09:37:50.439489,0.0,-0.009708737864077666,0.0,-1.0,102.0,102.5,102.5,103.0,5058.0,5960.0,5448.0,15607.0,False,False
2317,2022-10-31 09:37:51.800703,0.0,-0.009708737864077666,0.0,-1.0,102.0,102.5,102.5,103.0,5058.0,5960.0,5448.0,15607.0,False,False
2317,2022-10-31 09:37:52.127298,0.0,-0.009708737864077666,0.0,-1.0,102.0,102.5,102.5,103.0,5057.0,5960.0,5448.0,15607.0,False,False
2317,2022-10-31 09:37:52.430885,0.0,-0.009708737864077666,0.0,-1.0,102.0,102.5,102.5,103.0,5056.0,5960.0,5448.0,15607.0,False,False
2317,2022-10-31 09:37:52.577629,0.0,-0.009708737864077666,0.0,-1.0,102.0,102.5,102.5,103.0,5056.0,5960.0,5448.0,15607.0,False,False
2317,2022-10-31 09:37:53.198859,0.0,-0.009708737864077666,0.0,-1.0,102.0,102.5,102.5,103.0,5056.0,5960.0,5448.0,15607.0,False,False
2317,2022-10-31 09:37:53.336681,0.0,-0.009708737864077666,0.0,-1.0,102.0,102.5,102.5,103.0,5044.0,5960.0,5448.0,15607.0,False,False
2317,2022-10-31 09:37:53.742521,0.0,-0.009708737864077666,0.0,-1.0,102.0,102.5,102.5,103.0,5044.0,5960.0,5448.0,15607.0,False,False
2317,2022-10-31 09:37:53.903338,0.0,-0.009708737864077666,0.0,-1.0,102.0,102.5,102.5,103.0,5045.0,5960.0,5448.0,15607.0,False,False
2317,2022-10-31 09:37:54.660304,0.0,-0.009708737864077666,0.0,-1.0,102.0,102.5,102.5,103.0,5045.0,5960.0,5448.0,15607.0,False,False
2317,2022-10-31 09:37:57.019969,0.0,-0.009708737864077666,0.0,-1.0,102.0,102.5,102.5,103.0,5045.0,5960.0,5448.0,15607.0,False,False
2317,2022-10-31 09:37:57.260049,0.0,-0.009708737864077666,0.0,-1.0,102.0,102.5,102.5,103.0,5046.0,5960.0,5448.0,15607.0,False,False
2317,2022-10-31 09:37:57.569691,0.0,-0.009708737864077666,0.0,-1.0,102.0,102.5,102.5,103.0,5046.0,5960.0,5448.0,15607.0,False,False
2317,2022-10-31 09:37:58.009420,0.0,-0.009708737864077666,0.0,-1.0,102.0,102.5,102.5,103.0,5046.0,5960.0,5484.0,15607.0,True,True
2317,2022-10-31 09:37:58.380960,0.0,-0.009708737864077666,0.0,-1.0,102.0,102.5,102.5,103.0,5046.0,5966.0,5484.0,15607.0,False,False
2317,2022-10-31 09:37:58.394081,0.0,-0.009708737864077666,0.0,-1.0,102.0,102.5,102.5,103.0,5046.0,5966.0,5484.0,15607.0,False,False
2317,2022-10-31 09:37:58.793284,0.0,-0.009708737864077666,0.0,-1.0,102.0,102.5,102.5,103.0,5046.0,5966.0,5484.0,15607.0,False,False
2317,2022-10-31 09:37:59.384079,0.0,-0.009708737864077666,0.0,-1.0,102.0,102.5,102.5,103.0,5048.0,5966.0,5484.0,15607.0,False,False
2317,2022-10-31 09:37:59.533882,0.0,-0.009708737864077666,0.0,-1.0,102.0,102.5,102.5,103.0,5049.0,5966.0,5484.0,15607.0,False,False
2317,2022-10-31 09:37:59.536614,0.0,-0.009708737864077666,0.0,-1.0,102.0,102.5,102.5,103.0,5049.0,5965.0,5484.0,15607.0,False,False
2317,2022-10-31 09:38:00.172840,0.0,-0.009708737864077666,0.0,-1.0,102.0,102.5,102.5,103.0,5049.0,5965.0,5484.0,15607.0,False,False
2317,2022-10-31 09:38:00.465914,0.0,-0.009708737864077666,0.0,-1.0,102.0,102.5,102.5,103.0,5049.0,5969.0,5484.0,15607.0,False,False
2317,2022-10-31 09:38:00.466554,0.0,-0.009708737864077666,0.0,-1.0,102.0,102.5,102.5,103.0,5049.0,5969.0,5484.0,15607.0,False,False
2317,2022-10-31 09:38:00.817698,0.0,-0.009708737864077666,0.0,-1.0,102.0,102.5,102.5,103.0,5047.0,5969.0,5484.0,15607.0,False,False
2317,2022-10-31 09:38:01.700455,0.0,-0.009708737864077666,0.0,-1.0,102.0,102.5,102.5,103.0,5047.0,5969.0,5484.0,15607.0,False,False
2317,2022-10-31 09:38:01.945366,0.0,-0.009708737864077666,0.0,-1.0,102.0,102.5,102.5,103.0,5048.0,5969.0,5484.0,15607.0,False,False
2317,2022-10-31 09:38:02.162108,0.0,-0.009708737864077666,0.0,-1.0,102.0,102.5,102.5,103.0,5049.0,5969.0,5484.0,15607.0,False,False
2317,2022-10-31 09:38:02.364227,0.0,-0.009708737864077666,0.0,-1.0,102.0,102.5,102.5,103.0,5050.0,5969.0,5484.0,15607.0,False,False
2317,2022-10-31 09:38:03.980030,0.0,-0.009708737864077666,0.0,-1.0,102.0,102.5,102.5,103.0,5050.0,5969.0,5484.0,15607.0,False,False
2317,2022-10-31 09:38:04.082033,0.0,-0.009708737864077666,0.0,-1.0,102.0,102.5,102.5,103.0,5050.0,5969.0,5484.0,15607.0,False,False
2317,2022-10-31 09:38:04.534713,0.0,-0.009708737864077666,0.0,-1.0,102.0,102.5,102.5,103.0,5049.0,5968.0,5484.0,15607.0,False,False
2317,2022-10-31 09:38:05.573044,0.0,-0.009708737864077666,0.0,-1.0,102.0,102.5,102.5,103.0,5049.0,5969.0,5484.0,15607.0,False,False
2317,2022-10-31 09:38:06.429349,0.0,-0.009708737864077666,0.0,-1.0,102.0,102.5,102.5,103.0,5049.0,5969.0,5484.0,15607.0,False,False
2317,2022-10-31 09:38:06.708211,0.0,-0.009708737864077666,0.0,-1.0,102.0,102.5,102.5,103.0,5049.0,5969.0,5484.0,15607.0,False,False
2317,2022-10-31 09:38:07.284430,0.0,-0.009708737864077666,0.0,-1.0,102.0,102.5,102.5,103.0,5049.0,5969.0,5484.0,15607.0,False,False
2317,2022-10-31 09:38:07.633277,0.0,-0.009708737864077666,0.0,-1.0,102.0,102.5,102.5,103.0,5059.0,5969.0,5484.0,15607.0,False,False
2317,2022-10-31 09:38:08.039531,0.0,-0.009708737864077666,0.0,-1.0,102.0,102.5,102.5,103.0,5059.0,5969.0,5538.0,15607.0,True,True
2317,2022-10-31 09:38:08.286679,0.0,-0.009708737864077666,0.0,-1.0,102.0,102.5,102.5,103.0,5060.0,5969.0,5538.0,15607.0,False,False
2317,2022-10-31 09:38:09.054647,0.0,-0.009708737864077666,0.0,-1.0,102.0,102.5,102.5,103.0,5060.0,5969.0,5538.0,15607.0,False,False
2317,2022-10-31 09:38:09.587152,0.0,-0.009708737864077666,0.0,-1.0,102.0,102.5,102.5,103.0,5063.0,5969.0,5538.0,15607.0,False,False
2317,2022-10-31 09:38:09.698131,0.0,-0.009708737864077666,0.0,-1.0,102.0,102.5,102.5,103.0,5063.0,5969.0,5538.0,15607.0,False,False
2317,2022-10-31 09:38:10.116477,0.0,-0.009708737864077666,0.0,-1.0,102.0,102.5,102.5,103.0,5063.0,5969.0,5538.0,15607.0,False,False
2317,2022-10-31 09:38:10.271698,0.0,-0.009708737864077666,0.0,-1.0,102.0,102.5,102.5,103.0,5066.0,5969.0,5538.0,15607.0,False,False
2317,2022-10-31 09:38:10.997506,0.0,-0.009708737864077666,0.0,-1.0,102.0,102.5,102.5,103.0,5066.0,5969.0,5538.0,15607.0,False,False
2317,2022-10-31 09:38:12.149923,0.0,-0.009708737864077666,0.0,-1.0,102.0,102.5,102.5,103.0,5068.0,5969.0,5538.0,15607.0,False,False
2317,2022-10-31 09:38:12.706784,0.0,-0.009708737864077666,0.0,-1.0,102.0,102.5,102.5,103.0,5068.0,5975.0,5538.0,15607.0,False,False
2317,2022-10-31 09:38:12.864533,0.0,-0.009708737864077666,0.0,-1.0,102.0,102.5,102.5,103.0,5069.0,5975.0,5538.0,15607.0,False,False
2317,2022-10-31 09:38:13.765792,0.0,-0.009708737864077666,0.0,-1.0,102.0,102.5,102.5,103.0,5070.0,5975.0,5538.0,15607.0,False,False
2317,2022-10-31 09:38:13.950589,0.0,-0.009708737864077666,0.0,-1.0,102.0,102.5,102.5,103.0,5070.0,5976.0,5538.0,15607.0,False,False
2317,2022-10-31 09:38:14.543955,0.0,-0.009708737864077666,0.0,-1.0,102.0,102.5,102.5,103.0,5070.0,5976.0,5538.0,15607.0,False,False
2317,2022-10-31 09:38:14.833541,0.0,-0.009708737864077666,0.0,-1.0,102.0,102.5,102.5,103.0,5070.0,5977.0,5538.0,15607.0,False,False
2317,2022-10-31 09:38:14.933797,0.0,-0.009708737864077666,0.0,-1.0,102.0,102.5,102.5,103.0,5070.0,5977.0,5538.0,15607.0,False,False
2317,2022-10-31 09:38:15.251168,0.0,-0.009708737864077666,0.0,-1.0,102.0,102.5,102.5,103.0,5060.0,5977.0,5538.0,15607.0,False,False
2317,2022-10-31 09:38:15.741104,0.0,-0.009708737864077666,0.0,-1.0,102.0,102.5,102.5,103.0,5061.0,5977.0,5538.0,15607.0,False,False
2317,2022-10-31 09:38:15.902054,0.0,-0.009708737864077666,0.0,-1.0,102.0,102.5,102.5,103.0,5059.0,5977.0,5538.0,15607.0,False,False
2317,2022-10-31 09:38:17.166070,0.0,-0.009708737864077666,0.0,-1.0,102.0,102.5,102.5,103.0,5063.0,5977.0,5538.0,15607.0,False,False
2317,2022-10-31 09:38:17.278653,0.0,-0.009708737864077666,0.0,-1.0,102.0,102.5,102.5,103.0,5063.0,5977.0,5538.0,15607.0,False,False
2317,2022-10-31 09:38:17.884114,0.0,-0.009708737864077666,0.0,-1.0,102.0,102.5,102.5,103.0,5063.0,5977.0,5538.0,15607.0,False,False
2317,2022-10-31 09:38:17.886982,0.0,-0.009708737864077666,0.0,-1.0,102.0,102.5,102.5,103.0,5060.0,5977.0,5538.0,15607.0,False,False
2317,2022-10-31 09:38:18.071815,0.0,-0.009708737864077666,0.0,-1.0,102.0,102.5,102.5,103.0,5060.0,5977.0,5889.0,15607.0,True,True
2317,2022-10-31 09:38:18.303273,0.0,-0.009708737864077666,0.0,-1.0,102.0,102.5,102.5,103.0,4860.0,5977.0,5889.0,15607.0,False,False
2317,2022-10-31 09:38:18.431596,0.0,-0.009708737864077666,0.0,-1.0,102.0,102.5,102.5,103.0,4859.0,5977.0,5889.0,15607.0,False,False
2317,2022-10-31 09:38:18.461819,0.0,-0.009708737864077666,0.0,-1.0,102.0,102.5,102.5,103.0,4857.0,5977.0,5889.0,15607.0,False,False
2317,2022-10-31 09:38:18.889050,0.0,-0.009708737864077666,0.0,-1.0,102.0,102.5,102.5,103.0,4853.0,5977.0,5889.0,15607.0,False,False
2317,2022-10-31 09:38:18.891757,0.0,-0.009708737864077666,0.0,-1.0,102.0,102.5,102.5,103.0,4853.0,5977.0,5889.0,15607.0,False,False
2317,2022-10-31 09:38:18.921767,0.0,-0.009708737864077666,0.0,-1.0,102.0,102.5,102.5,103.0,4825.0,5977.0,5889.0,15607.0,False,False
2317,2022-10-31 09:38:18.925809,0.0,-0.009708737864077666,0.0,-1.0,102.0,102.5,102.5,103.0,4825.0,6044.0,5889.0,15607.0,False,False
2317,2022-10-31 09:38:19.404866,0.0,-0.009708737864077666,0.0,-1.0,102.0,102.5,102.5,103.0,4820.0,6044.0,5889.0,15607.0,False,False
2317,2022-10-31 09:38:19.502089,0.0,-0.009708737864077666,0.0,-1.0,102.0,102.5,102.5,103.0,4820.0,6062.0,5889.0,15607.0,False,False
2317,2022-10-31 09:38:19.568703,0.0,-0.009708737864077666,0.0,-1.0,102.0,102.5,102.5,103.0,4819.0,6062.0,5889.0,15607.0,False,False
2317,2022-10-31 09:38:19.612645,0.0,-0.009708737864077666,0.0,-1.0,102.0,102.5,102.5,103.0,4819.0,6062.0,5889.0,15607.0,False,False
2317,2022-10-31 09:38:19.885173,0.0,-0.009708737864077666,0.0,-1.0,102.0,102.5,102.5,103.0,4816.0,6062.0,5889.0,15607.0,False,False
2317,2022-10-31 09:38:19.886385,0.0,-0.009708737864077666,0.0,-1.0,102.0,102.5,102.5,103.0,4816.0,6062.0,5889.0,15607.0,False,False
2317,2022-10-31 09:38:20.334497,0.0,-0.009708737864077666,0.0,-1.0,102.0,102.5,102.5,103.0,4815.0,6062.0,5889.0,15607.0,False,False
2317,2022-10-31 09:38:20.457992,0.0,-0.009708737864077666,0.0,-1.0,102.0,102.5,102.5,103.0,4617.0,6062.0,5889.0,15607.0,False,False
2317,2022-10-31 09:38:20.458134,0.0,-0.009708737864077666,0.0,-1.0,102.0,102.5,102.5,103.0,4615.0,6062.0,5889.0,15607.0,False,False
2317,2022-10-31 09:38:20.517640,0.0,-0.009708737864077666,0.0,-1.0,102.0,102.5,102.5,103.0,4614.0,6062.0,5889.0,15607.0,False,False
2317,2022-10-31 09:38:20.657492,0.0,-0.009708737864077666,0.0,-1.0,102.0,102.5,102.5,103.0,4614.0,6062.0,5889.0,15607.0,False,False
2317,2022-10-31 09:38:20.940768,0.0,-0.009708737864077666,0.0,-1.0,102.0,102.5,102.5,103.0,4581.0,6062.0,5889.0,15607.0,False,False
2317,2022-10-31 09:38:20.965009,0.0,-0.009708737864077666,0.0,-1.0,102.0,102.5,102.5,103.0,4581.0,6065.0,5889.0,15607.0,False,False
2317,2022-10-31 09:38:21.128160,0.0,-0.009708737864077666,0.0,-1.0,102.0,102.5,102.5,103.0,4581.0,6043.0,5889.0,15607.0,False,False
2317,2022-10-31 09:38:21.177744,0.0,-0.009708737864077666,0.0,-1.0,102.0,102.5,102.5,103.0,4581.0,6043.0,5889.0,15607.0,False,False
2317,2022-10-31 09:38:21.281209,0.0,-0.009708737864077666,0.0,-1.0,102.0,102.5,102.5,103.0,4576.0,6071.0,5889.0,15607.0,False,False
2317,2022-10-31 09:38:21.285312,0.0,-0.009708737864077666,0.0,-1.0,102.0,102.5,102.5,103.0,4576.0,6071.0,5889.0,15607.0,False,False
2317,2022-10-31 09:38:21.523486,0.0,-0.009708737864077666,0.0,-1.0,102.0,102.5,102.5,103.0,4570.0,6071.0,5889.0,15607.0,False,False
2317,2022-10-31 09:38:21.581092,0.0,-0.009708737864077666,0.0,-1.0,102.0,102.5,102.5,103.0,4569.0,6071.0,5889.0,15607.0,False,False
2317,2022-10-31 09:38:21.897972,0.0,-0.009708737864077666,0.0,-1.0,102.0,102.5,102.5,103.0,4569.0,6071.0,5889.0,15607.0,False,False
2317,2022-10-31 09:38:22.007688,0.0,-0.009708737864077666,0.0,-1.0,102.0,102.5,102.5,103.0,4569.0,6071.0,5889.0,15607.0,False,False
2317,2022-10-31 09:38:22.284827,0.0,-0.009708737864077666,0.0,-1.0,102.0,102.5,102.5,103.0,4559.0,6071.0,5889.0,15607.0,False,False
2317,2022-10-31 09:38:22.298256,0.0,-0.009708737864077666,0.0,-1.0,102.0,102.5,102.5,103.0,4525.0,6071.0,5889.0,15607.0,False,False
2317,2022-10-31 09:38:22.317184,0.0,-0.009708737864077666,0.0,-1.0,102.0,102.5,102.5,103.0,4515.0,6071.0,5889.0,15607.0,False,False
2317,2022-10-31 09:38:22.713526,0.0,-0.009708737864077666,0.0,-1.0,102.0,102.5,102.5,103.0,4501.0,6071.0,5889.0,15607.0,False,False
2317,2022-10-31 09:38:22.722483,0.0,-0.009708737864077666,0.0,-1.0,102.0,102.5,102.5,103.0,4501.0,6071.0,5889.0,15607.0,False,False
2317,2022-10-31 09:38:22.956110,0.0,-0.009708737864077666,0.0,-1.0,102.0,102.5,102.5,103.0,4497.0,6071.0,5889.0,15607.0,False,False
2317,2022-10-31 09:38:23.414310,0.0,-0.009708737864077666,0.0,-1.0,102.0,102.5,102.5,103.0,4497.0,6071.0,5889.0,15607.0,False,False
2317,2022-10-31 09:38:23.416108,0.0,-0.009708737864077666,0.0,-1.0,102.0,102.5,102.5,103.0,4494.0,6071.0,5889.0,15607.0,False,False
2317,2022-10-31 09:38:23.431578,0.0,-0.009708737864077666,0.0,-1.0,102.0,102.5,102.5,103.0,4493.0,6071.0,5889.0,15607.0,False,False
2317,2022-10-31 09:38:23.447822,0.0,-0.009708737864077666,0.0,-1.0,102.0,102.5,102.5,103.0,4393.0,6071.0,5889.0,15607.0,False,False
2317,2022-10-31 09:38:23.545003,0.0,-0.009708737864077666,0.0,-1.0,102.0,102.5,102.5,103.0,4091.0,6071.0,5889.0,15607.0,False,False
2317,2022-10-31 09:38:23.515910,0.0,-0.009708737864077666,0.0,-1.0,102.0,102.5,102.5,103.0,4093.0,6071.0,5889.0,15607.0,False,False
2317,2022-10-31 09:38:23.571626,0.0,-0.009708737864077666,0.0,-1.0,102.0,102.5,102.5,103.0,4091.0,6071.0,5889.0,15607.0,False,False
2317,2022-10-31 09:38:23.732634,0.0,-0.009708737864077666,0.0,-1.0,102.0,102.5,102.5,103.0,4091.0,6071.0,5889.0,15607.0,False,False
2317,2022-10-31 09:38:24.019252,0.0,-0.009708737864077666,0.0,-1.0,102.0,102.5,102.5,103.0,4089.0,6071.0,5889.0,15607.0,False,False
2317,2022-10-31 09:38:24.026395,0.0,-0.009708737864077666,0.0,-1.0,102.0,102.5,102.5,103.0,4085.0,6071.0,5889.0,15607.0,False,False
2317,2022-10-31 09:38:24.207584,0.0,-0.009708737864077666,0.0,-1.0,102.0,102.5,102.5,103.0,4105.0,6071.0,5889.0,15607.0,False,False
2317,2022-10-31 09:38:24.616608,0.0,-0.009708737864077666,0.0,-1.0,102.0,102.5,102.5,103.0,4105.0,6071.0,5889.0,15607.0,False,False
2317,2022-10-31 09:38:24.873601,0.0,-0.009708737864077666,0.0,-1.0,102.0,102.5,102.5,103.0,4055.0,6071.0,5889.0,15607.0,False,False
2317,2022-10-31 09:38:24.900243,0.0,-0.009708737864077666,0.0,-1.0,102.0,102.5,102.5,103.0,3978.0,6071.0,5889.0,15607.0,False,False
2317,2022-10-31 09:38:24.883174,0.0,-0.009708737864077666,0.0,-1.0,102.0,102.5,102.5,103.0,4005.0,6071.0,5889.0,15607.0,False,False
2317,2022-10-31 09:38:25.052524,0.0,-0.009708737864077666,0.0,-1.0,102.0,102.5,102.5,103.0,3963.0,6071.0,5889.0,15607.0,False,False
2317,2022-10-31 09:38:25.053208,0.0,-0.009708737864077666,0.0,-1.0,102.0,102.5,102.5,103.0,3963.0,6071.0,5889.0,15607.0,False,False
2317,2022-10-31 09:38:25.568768,0.0,-0.009708737864077666,0.0,-1.0,102.0,102.5,102.5,103.0,3961.0,6071.0,5889.0,15607.0,False,False
2317,2022-10-31 09:38:25.963892,0.0,-0.009708737864077666,0.0,-1.0,102.0,102.5,102.5,103.0,3961.0,6070.0,5889.0,15607.0,False,False
2317,2022-10-31 09:38:25.974960,0.0,-0.009708737864077666,0.0,-1.0,102.0,102.5,102.5,103.0,3949.0,6070.0,5889.0,15607.0,False,False
2317,2022-10-31 09:38:26.016396,0.0,-0.009708737864077666,0.0,-1.0,102.0,102.5,102.5,103.0,3949.0,6070.0,5889.0,15607.0,False,False
2317,2022-10-31 09:38:26.119420,0.0,-0.009708737864077666,0.0,-1.0,102.0,102.5,102.5,103.0,3949.0,6070.0,5889.0,15607.0,False,False
2317,2022-10-31 09:38:26.461826,0.0,-0.009708737864077666,0.0,-1.0,102.0,102.5,102.5,103.0,3950.0,6070.0,5889.0,15607.0,False,False
2317,2022-10-31 09:38:26.861785,0.0,-0.009708737864077666,0.0,-1.0,102.0,102.5,102.5,103.0,3950.0,6070.0,5889.0,15607.0,False,False
2317,2022-10-31 09:38:26.956361,0.0,-0.009708737864077666,0.0,-1.0,102.0,102.5,102.5,103.0,3950.0,6076.0,5889.0,15607.0,False,False
2317,2022-10-31 09:38:27.161343,0.0,-0.009708737864077666,0.0,-1.0,102.0,102.5,102.5,103.0,3949.0,6076.0,5889.0,15607.0,False,False
2317,2022-10-31 09:38:27.164662,0.0,-0.009708737864077666,0.0,-1.0,102.0,102.5,102.5,103.0,3894.0,6076.0,5889.0,15607.0,False,False
2317,2022-10-31 09:38:27.567658,0.0,-0.009708737864077666,0.0,-1.0,102.0,102.5,102.5,103.0,3894.0,6076.0,5889.0,15607.0,False,False
2317,2022-10-31 09:38:27.715372,0.0,-0.009708737864077666,0.0,-1.0,102.0,102.5,102.5,103.0,3864.0,6076.0,5889.0,15607.0,False,False
2317,2022-10-31 09:38:27.991333,0.0,-0.009708737864077666,0.0,-1.0,102.0,102.5,102.5,103.0,3864.0,6072.0,5889.0,15607.0,False,False
2317,2022-10-31 09:38:28.025785,0.0,-0.009708737864077666,0.0,-1.0,102.0,102.5,102.5,103.0,3851.0,6072.0,5889.0,15607.0,False,False
2317,2022-10-31 09:38:28.105949,0.0,-0.009708737864077666,0.0,-1.0,102.0,102.5,102.5,103.0,3851.0,6072.0,6089.0,15607.0,True,True
2317,2022-10-31 09:38:28.314093,0.0,-0.009708737864077666,0.0,-1.0,102.0,102.5,102.5,103.0,3846.0,6072.0,6089.0,15607.0,False,False
2317,2022-10-31 09:38:28.448585,0.0,-0.009708737864077666,0.0,-1.0,102.0,102.5,102.5,103.0,3846.0,6072.0,6089.0,15607.0,False,False
2317,2022-10-31 09:38:28.449657,0.0,-0.009708737864077666,0.0,-1.0,102.0,102.5,102.5,103.0,3843.0,6072.0,6089.0,15607.0,False,False
2317,2022-10-31 09:38:28.531202,0.0,-0.009708737864077666,0.0,-1.0,102.0,102.5,102.5,103.0,3823.0,6072.0,6089.0,15607.0,False,False
2317,2022-10-31 09:38:28.635518,0.0,-0.009708737864077666,0.0,-1.0,102.0,102.5,102.5,103.0,3823.0,6092.0,6089.0,15607.0,False,False
2317,2022-10-31 09:38:29.440930,0.0,-0.009708737864077666,0.0,-1.0,102.0,102.5,102.5,103.0,3872.0,6092.0,6089.0,15607.0,False,False
2317,2022-10-31 09:38:29.442823,0.0,-0.009708737864077666,0.0,-1.0,102.0,102.5,102.5,103.0,4780.0,6092.0,6089.0,15607.0,False,False
2317,2022-10-31 09:38:30.299064,0.0,-0.009708737864077666,0.0,-1.0,102.0,102.5,102.5,103.0,4736.0,6092.0,6089.0,15607.0,False,False
2317,2022-10-31 09:38:30.300057,0.0,-0.009708737864077666,0.0,-1.0,102.0,102.5,102.5,103.0,3823.0,6092.0,6089.0,15607.0,False,False
2317,2022-10-31 09:38:30.396231,0.0,-0.009708737864077666,0.0,-1.0,102.0,102.5,102.5,103.0,3823.0,6092.0,6089.0,15607.0,False,False
2317,2022-10-31 09:38:30.943237,0.0,-0.009708737864077666,0.0,-1.0,102.0,102.5,102.5,103.0,3820.0,6092.0,6089.0,15607.0,False,False
2317,2022-10-31 09:38:31.010109,0.0,-0.009708737864077666,0.0,-1.0,102.0,102.5,102.5,103.0,3816.0,6092.0,6089.0,15607.0,False,False
2317,2022-10-31 09:38:30.956245,0.0,-0.009708737864077666,0.0,-1.0,102.0,102.5,102.5,103.0,3820.0,6092.0,6089.0,15607.0,False,False
2317,2022-10-31 09:38:31.602987,0.0,-0.009708737864077666,0.0,-1.0,102.0,102.5,102.5,103.0,3813.0,6092.0,6089.0,15607.0,False,False
2317,2022-10-31 09:38:31.758987,0.0,-0.009708737864077666,0.0,-1.0,102.0,102.5,102.5,103.0,3813.0,6092.0,6089.0,15607.0,False,False
2317,2022-10-31 09:38:32.042073,0.0,-0.009708737864077666,0.0,-1.0,102.0,102.5,102.5,103.0,3813.0,6092.0,6089.0,15607.0,False,False
2317,2022-10-31 09:38:32.773690,0.0,-0.009708737864077666,0.0,-1.0,102.0,102.5,102.5,103.0,3813.0,6092.0,6089.0,15607.0,False,False
2317,2022-10-31 09:38:33.023239,0.0,-0.009708737864077666,0.0,-1.0,102.0,102.5,102.5,103.0,3811.0,6092.0,6089.0,15607.0,False,False
2317,2022-10-31 09:38:33.082916,0.0,-0.009708737864077666,0.0,-1.0,102.0,102.5,102.5,103.0,3851.0,6092.0,6089.0,15607.0,False,False
2317,2022-10-31 09:38:33.084865,0.0,-0.009708737864077666,0.0,-1.0,102.0,102.5,102.5,103.0,4768.0,6092.0,6089.0,15607.0,False,False
2317,2022-10-31 09:38:33.273175,0.0,-0.009708737864077666,0.0,-1.0,102.0,102.5,102.5,103.0,4768.0,6097.0,6089.0,15607.0,False,False
2317,2022-10-31 09:38:33.885862,0.0,-0.009708737864077666,0.0,-1.0,102.0,102.5,102.5,103.0,4468.0,6097.0,6089.0,15607.0,False,False
2317,2022-10-31 09:38:33.942536,0.0,-0.009708737864077666,0.0,-1.0,102.0,102.5,102.5,103.0,4468.0,6097.0,6089.0,15607.0,False,False
2317,2022-10-31 09:38:34.012116,0.0,-0.009708737864077666,0.0,-1.0,102.0,102.5,102.5,103.0,3509.0,6097.0,6089.0,15607.0,False,False
2317,2022-10-31 09:38:34.035855,0.0,-0.009708737864077666,0.0,-1.0,102.0,102.5,102.5,103.0,3506.0,6097.0,6089.0,15607.0,False,False
2317,2022-10-31 09:38:33.989518,0.0,-0.009708737864077666,0.0,-1.0,102.0,102.5,102.5,103.0,3511.0,6097.0,6089.0,15607.0,False,False
2317,2022-10-31 09:38:34.101114,0.0,-0.009708737864077666,0.0,-1.0,102.0,102.5,102.5,103.0,3506.0,6097.0,6089.0,15607.0,False,False
2317,2022-10-31 09:38:34.345601,0.0,-0.009708737864077666,0.0,-1.0,102.0,102.5,102.5,103.0,3516.0,6097.0,6089.0,15607.0,False,False
2317,2022-10-31 09:38:34.430858,0.0,-0.009708737864077666,0.0,-1.0,102.0,102.5,102.5,103.0,3508.0,6097.0,6089.0,15607.0,False,False
2317,2022-10-31 09:38:34.879021,0.0,-0.009708737864077666,0.0,-1.0,102.0,102.5,102.5,103.0,3508.0,6097.0,6089.0,15607.0,False,False
2317,2022-10-31 09:38:35.043959,0.0,-0.009708737864077666,0.0,-1.0,102.0,102.5,102.5,103.0,3465.0,6097.0,6089.0,15607.0,False,False
2317,2022-10-31 09:38:35.097501,0.0,-0.009708737864077666,0.0,-1.0,102.0,102.5,102.5,103.0,3466.0,6097.0,6089.0,15607.0,False,False
2317,2022-10-31 09:38:35.223440,0.0,-0.009708737864077666,0.0,-1.0,102.0,102.5,102.5,103.0,3465.0,6097.0,6089.0,15607.0,False,False
2317,2022-10-31 09:38:35.365566,0.0,-0.009708737864077666,0.0,-1.0,102.0,102.5,102.5,103.0,3465.0,6097.0,6089.0,15607.0,False,False
2317,2022-10-31 09:38:35.366288,0.0,-0.009708737864077666,0.0,-1.0,102.0,102.5,102.5,103.0,3465.0,6097.0,6089.0,15607.0,False,False
2317,2022-10-31 09:38:35.613633,0.0,-0.009708737864077666,0.0,-1.0,102.0,102.5,102.5,103.0,3462.0,6097.0,6089.0,15607.0,False,False
2317,2022-10-31 09:38:35.647358,0.0,-0.009708737864077666,0.0,-1.0,102.0,102.5,102.5,103.0,3453.0,6097.0,6089.0,15607.0,False,False
2317,2022-10-31 09:38:36.120239,0.0,-0.009708737864077666,0.0,-1.0,102.0,102.5,102.5,103.0,3534.0,6097.0,6089.0,15607.0,False,False
2317,2022-10-31 09:38:36.145361,0.0,-0.009708737864077666,0.0,-1.0,102.0,102.5,102.5,103.0,4410.0,6093.0,6089.0,15607.0,False,False
2317,2022-10-31 09:38:36.376649,0.0,-0.009708737864077666,0.0,-1.0,102.0,102.5,102.5,103.0,4411.0,6093.0,6089.0,15607.0,False,False
2317,2022-10-31 09:38:36.735730,0.0,-0.009708737864077666,0.0,-1.0,102.0,102.5,102.5,103.0,4411.0,6093.0,6089.0,15607.0,False,False
2317,2022-10-31 09:38:37.114972,0.0,-0.009708737864077666,0.0,-1.0,102.0,102.5,102.5,103.0,4411.0,6093.0,6089.0,15607.0,False,False
2317,2022-10-31 09:38:37.144293,0.0,-0.009708737864077666,0.0,-1.0,102.0,102.5,102.5,103.0,3454.0,6093.0,6089.0,15607.0,False,False
2317,2022-10-31 09:38:37.897799,0.0,-0.009708737864077666,0.0,-1.0,102.0,102.5,102.5,103.0,3454.0,6094.0,6089.0,15607.0,False,False
2317,2022-10-31 09:38:38.060166,0.0,-0.009708737864077666,0.0,-1.0,102.0,102.5,102.5,103.0,3440.0,6094.0,6089.0,15607.0,False,False
2317,2022-10-31 09:38:38.084636,0.0,-0.009708737864077666,0.0,-1.0,102.0,102.5,102.5,103.0,3439.0,6094.0,6089.0,15607.0,False,False
2317,2022-10-31 09:38:38.142179,0.0,-0.009708737864077666,0.0,-1.0,102.0,102.5,102.5,103.0,3439.0,6094.0,5666.0,15607.0,True,True
2317,2022-10-31 09:38:38.534097,0.0,-0.009708737864077666,0.0,-1.0,102.0,102.5,102.5,103.0,3439.0,6094.0,5666.0,15607.0,False,False
2317,2022-10-31 09:38:38.647312,0.0,-0.009708737864077666,0.0,-1.0,102.0,102.5,102.5,103.0,3440.0,6094.0,5666.0,15607.0,False,False
2317,2022-10-31 09:38:38.671322,0.0,-0.009708737864077666,0.0,-1.0,102.0,102.5,102.5,103.0,3438.0,6094.0,5666.0,15607.0,False,False
2317,2022-10-31 09:38:38.943909,0.0,-0.009708737864077666,0.0,-1.0,102.0,102.5,102.5,103.0,3438.0,6094.0,5666.0,15607.0,False,False
2317,2022-10-31 09:38:39.040559,0.0,-0.009708737864077666,0.0,-1.0,102.0,102.5,102.5,103.0,3438.0,6031.0,5666.0,15607.0,False,False
2317,2022-10-31 09:38:39.076176,0.0,-0.009708737864077666,0.0,-1.0,102.0,102.5,102.5,103.0,3428.0,6031.0,5666.0,15607.0,False,False
2317,2022-10-31 09:38:39.287505,0.0,-0.009708737864077666,0.0,-1.0,102.0,102.5,102.5,103.0,3429.0,6031.0,5666.0,15607.0,False,False
2317,2022-10-31 09:38:39.443031,0.0,-0.009708737864077666,0.0,-1.0,102.0,102.5,102.5,103.0,3429.0,6037.0,5666.0,15607.0,False,False
2317,2022-10-31 09:38:39.506451,0.0,-0.009708737864077666,0.0,-1.0,102.0,102.5,102.5,103.0,3429.0,6087.0,5666.0,15607.0,False,False
2317,2022-10-31 09:38:39.889743,0.0,-0.009708737864077666,0.0,-1.0,102.0,102.5,102.5,103.0,3429.0,6087.0,5666.0,15607.0,False,False
2317,2022-10-31 09:38:40.019741,0.0,-0.009708737864077666,0.0,-1.0,102.0,102.5,102.5,103.0,3429.0,6087.0,5666.0,15607.0,False,False
2317,2022-10-31 09:38:40.165645,0.0,-0.009708737864077666,0.0,-1.0,102.0,102.5,102.5,103.0,3429.0,6088.0,5666.0,15607.0,False,False
2317,2022-10-31 09:38:40.390397,0.0,-0.009708737864077666,0.0,-1.0,102.0,102.5,102.5,103.0,3430.0,6088.0,5666.0,15607.0,False,False
2317,2022-10-31 09:38:40.681223,0.0,-0.009708737864077666,0.0,-1.0,102.0,102.5,102.5,103.0,3430.0,6088.0,5666.0,15607.0,False,False
2317,2022-10-31 09:38:41.027493,0.0,-0.009708737864077666,0.0,-1.0,102.0,102.5,102.5,103.0,3430.0,6138.0,5666.0,15607.0,False,False
2317,2022-10-31 09:38:41.057649,0.0,-0.009708737864077666,0.0,-1.0,102.0,102.5,102.5,103.0,3424.0,6138.0,5666.0,15607.0,False,False
2317,2022-10-31 09:38:41.119381,0.0,-0.009708737864077666,0.0,-1.0,102.0,102.5,102.5,103.0,3424.0,6110.0,5666.0,15607.0,False,False
2317,2022-10-31 09:38:41.165897,0.0,-0.009708737864077666,0.0,-1.0,102.0,102.5,102.5,103.0,3423.0,6110.0,5666.0,15607.0,False,False
2317,2022-10-31 09:38:41.249496,0.0,-0.009708737864077666,0.0,-1.0,102.0,102.5,102.5,103.0,3423.0,6147.0,5666.0,15607.0,False,False
2317,2022-10-31 09:38:41.293442,0.0,-0.009708737864077666,0.0,-1.0,102.0,102.5,102.5,103.0,3413.0,6147.0,5666.0,15607.0,False,False
2317,2022-10-31 09:38:41.624475,0.0,-0.009708737864077666,0.0,-1.0,102.0,102.5,102.5,103.0,3411.0,6147.0,5666.0,15607.0,False,False
2317,2022-10-31 09:38:42.159359,0.0,-0.009708737864077666,0.0,-1.0,102.0,102.5,102.5,103.0,3411.0,6147.0,5666.0,15607.0,False,False
2317,2022-10-31 09:38:42.389100,0.0,-0.009708737864077666,0.0,-1.0,102.0,102.5,102.5,103.0,3411.0,6147.0,5666.0,15607.0,False,False
2317,2022-10-31 09:38:42.743078,0.0,-0.009708737864077666,0.0,-1.0,102.0,102.5,102.5,103.0,3411.0,6147.0,5666.0,15607.0,False,False
2317,2022-10-31 09:38:42.785913,0.0,-0.009708737864077666,0.0,-1.0,102.0,102.5,102.5,103.0,3411.0,6148.0,5666.0,15607.0,False,False
2317,2022-10-31 09:38:43.070148,0.0,-0.009708737864077666,0.0,-1.0,102.0,102.5,102.5,103.0,3406.0,6148.0,5666.0,15607.0,False,False
2317,2022-10-31 09:38:43.556029,0.0,-0.009708737864077666,0.0,-1.0,102.0,102.5,102.5,103.0,3407.0,6148.0,5666.0,15607.0,False,False
2317,2022-10-31 09:38:43.562276,0.0,-0.009708737864077666,0.0,-1.0,102.0,102.5,102.5,103.0,3407.0,6146.0,5666.0,15607.0,False,False
2317,2022-10-31 09:38:43.614614,0.0,-0.009708737864077666,0.0,-1.0,102.0,102.5,102.5,103.0,3404.0,6146.0,5666.0,15607.0,False,False
2317,2022-10-31 09:38:43.710674,0.0,-0.009708737864077666,0.0,-1.0,102.0,102.5,102.5,103.0,3401.0,6146.0,5666.0,15607.0,False,False
2317,2022-10-31 09:38:43.951893,0.0,-0.009708737864077666,0.0,-1.0,102.0,102.5,102.5,103.0,3401.0,6152.0,5666.0,15607.0,False,False
2317,2022-10-31 09:38:43.955548,0.0,-0.009708737864077666,0.0,-1.0,102.0,102.5,102.5,103.0,3402.0,6152.0,5666.0,15607.0,False,False
2317,2022-10-31 09:38:44.779162,0.0,-0.009708737864077666,0.0,-1.0,102.0,102.5,102.5,103.0,3407.0,6152.0,5666.0,15607.0,False,False
2317,2022-10-31 09:38:45.046162,0.0,-0.009708737864077666,0.0,-1.0,102.0,102.5,102.5,103.0,3407.0,6152.0,5666.0,15607.0,False,False
2317,2022-10-31 09:38:45.603939,0.0,-0.009708737864077666,0.0,-1.0,102.0,102.5,102.5,103.0,3407.0,6152.0,5666.0,15607.0,False,False
2317,2022-10-31 09:38:46.086457,0.0,-0.009708737864077666,0.0,-1.0,102.0,102.5,102.5,103.0,3407.0,6152.0,5666.0,15607.0,False,False
2317,2022-10-31 09:38:46.088698,0.0,-0.009708737864077666,0.0,-1.0,102.0,102.5,102.5,103.0,3404.0,6152.0,5666.0,15607.0,False,False
2317,2022-10-31 09:38:46.148438,0.0,-0.009708737864077666,0.0,-1.0,102.0,102.5,102.5,103.0,3404.0,6152.0,5666.0,15607.0,False,False
2317,2022-10-31 09:38:46.211309,0.0,-0.009708737864077666,0.0,-1.0,102.0,102.5,102.5,103.0,3404.0,6152.0,5666.0,15607.0,False,False
2317,2022-10-31 09:38:46.909877,0.0,-0.009708737864077666,0.0,-1.0,102.0,102.5,102.5,103.0,3404.0,6152.0,5666.0,15607.0,False,False
2317,2022-10-31 09:38:47.033732,0.0,-0.009708737864077666,0.0,-1.0,102.0,102.5,102.5,103.0,3404.0,6152.0,5666.0,15607.0,False,False
2317,2022-10-31 09:38:47.091867,0.0,-0.009708737864077666,0.0,-1.0,102.0,102.5,102.5,103.0,3399.0,6152.0,5666.0,15607.0,False,False
2317,2022-10-31 09:38:47.587323,0.0,-0.009708737864077666,0.0,-1.0,102.0,102.5,102.5,103.0,3399.0,6158.0,5666.0,15607.0,False,False
2317,2022-10-31 09:38:48.105670,0.0,-0.009708737864077666,0.0,-1.0,102.0,102.5,102.5,103.0,3397.0,6158.0,5666.0,15607.0,False,False
2317,2022-10-31 09:38:48.171289,0.0,-0.009708737864077666,0.0,-1.0,102.0,102.5,102.5,103.0,3397.0,6158.0,5266.0,15607.0,True,True
2317,2022-10-31 09:38:48.764899,0.0,-0.009708737864077666,0.0,-1.0,102.0,102.5,102.5,103.0,3395.0,6158.0,5266.0,15607.0,False,False
2317,2022-10-31 09:38:49.075403,0.0,-0.009708737864077666,0.0,-1.0,102.0,102.5,102.5,103.0,3395.0,6158.0,5266.0,15607.0,False,False
2317,2022-10-31 09:38:49.803602,0.0,-0.009708737864077666,0.0,-1.0,102.0,102.5,102.5,103.0,3395.0,6158.0,5266.0,15607.0,False,False
2317,2022-10-31 09:38:49.873933,0.0,-0.009708737864077666,0.0,-1.0,102.0,102.5,102.5,103.0,3397.0,6158.0,5266.0,15607.0,False,False
2317,2022-10-31 09:38:50.794148,0.0,-0.009708737864077666,0.0,-1.0,102.0,102.5,102.5,103.0,3395.0,6158.0,5266.0,15607.0,False,False
2317,2022-10-31 09:38:50.952342,0.0,-0.009708737864077666,0.0,-1.0,102.0,102.5,102.5,103.0,3395.0,6159.0,5266.0,15607.0,False,False
2317,2022-10-31 09:38:51.502384,0.0,-0.009708737864077666,0.0,-1.0,102.0,102.5,102.5,103.0,3395.0,6159.0,5266.0,15607.0,False,False
2317,2022-10-31 09:38:51.601158,0.0,-0.009708737864077666,0.0,-1.0,102.0,102.5,102.5,103.0,3395.0,6159.0,5266.0,15607.0,False,False
2317,2022-10-31 09:38:51.664746,0.0,-0.009708737864077666,0.0,-1.0,102.0,102.5,102.5,103.0,3395.0,6156.0,5266.0,15607.0,False,False
2317,2022-10-31 09:38:52.143807,0.0,-0.009708737864077666,0.0,-1.0,102.0,102.5,102.5,103.0,3395.0,6156.0,5266.0,15607.0,False,False
2317,2022-10-31 09:38:52.350916,0.0,-0.009708737864077666,0.0,-1.0,102.0,102.5,102.5,103.0,3394.0,6156.0,5266.0,15607.0,False,False
2317,2022-10-31 09:38:52.589310,0.0,-0.009708737864077666,0.0,-1.0,102.0,102.5,102.5,103.0,3393.0,6156.0,5266.0,15607.0,False,False
2317,2022-10-31 09:38:52.670453,0.0,-0.009708737864077666,0.0,-1.0,102.0,102.5,102.5,103.0,3394.0,6156.0,5266.0,15607.0,False,False
2317,2022-10-31 09:38:52.765053,0.0,-0.009708737864077666,0.0,-1.0,102.0,102.5,102.5,103.0,3393.0,6162.0,5266.0,15607.0,False,False
2317,2022-10-31 09:38:52.915731,0.0,-0.009708737864077666,0.0,-1.0,102.0,102.5,102.5,103.0,3393.0,6162.0,5266.0,15607.0,False,False
2317,2022-10-31 09:38:53.040131,0.0,-0.009708737864077666,0.0,-1.0,102.0,102.5,102.5,103.0,3392.0,6162.0,5266.0,15607.0,False,False
2317,2022-10-31 09:38:53.268495,0.0,-0.009708737864077666,0.0,-1.0,102.0,102.5,102.5,103.0,3392.0,6162.0,5266.0,15607.0,False,False
2317,2022-10-31 09:38:53.357790,0.0,-0.009708737864077666,0.0,-1.0,102.0,102.5,102.5,103.0,3390.0,6160.0,5266.0,15607.0,False,False
2317,2022-10-31 09:38:54.306784,0.0,-0.009708737864077666,0.0,-1.0,102.0,102.5,102.5,103.0,3380.0,6160.0,5266.0,15607.0,False,False
2317,2022-10-31 09:38:54.436467,0.0,-0.009708737864077666,0.0,-1.0,102.0,102.5,102.5,103.0,3380.0,6160.0,5266.0,15607.0,False,False
2317,2022-10-31 09:38:54.460046,0.0,-0.009708737864077666,0.0,-1.0,102.0,102.5,102.5,103.0,3380.0,6160.0,5266.0,15607.0,False,False
2317,2022-10-31 09:38:54.690855,0.0,-0.009708737864077666,0.0,-1.0,102.0,102.5,102.5,103.0,3380.0,6160.0,5266.0,15607.0,False,False
2317,2022-10-31 09:38:54.706442,0.0,-0.009708737864077666,0.0,-1.0,102.0,102.5,102.5,103.0,3480.0,6160.0,5266.0,15607.0,False,False
2317,2022-10-31 09:38:54.820734,0.0,-0.009708737864077666,0.0,-1.0,102.0,102.5,102.5,103.0,3480.0,6160.0,5266.0,15607.0,False,False
2317,2022-10-31 09:38:55.150413,0.0,-0.009708737864077666,0.0,-1.0,102.0,102.5,102.5,103.0,3478.0,6160.0,5266.0,15607.0,False,False
2317,2022-10-31 09:38:55.838950,0.0,-0.009708737864077666,0.0,-1.0,102.0,102.5,102.5,103.0,3476.0,6160.0,5266.0,15607.0,False,False
2317,2022-10-31 09:38:56.179676,0.0,-0.009708737864077666,0.0,-1.0,102.0,102.5,102.5,103.0,3476.0,6160.0,5266.0,15607.0,False,False
2317,2022-10-31 09:38:56.435001,0.0,-0.009708737864077666,0.0,-1.0,102.0,102.5,102.5,103.0,3476.0,6160.0,5266.0,15607.0,False,False
2317,2022-10-31 09:38:56.607580,0.0,-0.009708737864077666,0.0,-1.0,102.0,102.5,102.5,103.0,3476.0,6160.0,5266.0,15607.0,False,False
2317,2022-10-31 09:38:56.629988,0.0,-0.009708737864077666,0.0,-1.0,102.0,102.5,102.5,103.0,3476.0,6160.0,5266.0,15607.0,False,False
2317,2022-10-31 09:38:57.027945,0.0,-0.009708737864077666,0.0,-1.0,102.0,102.5,102.5,103.0,3476.0,6160.0,5266.0,15607.0,False,False
2317,2022-10-31 09:38:57.069866,0.0,-0.009708737864077666,0.0,-1.0,102.0,102.5,102.5,103.0,3476.0,6160.0,5266.0,15607.0,False,False
2317,2022-10-31 09:38:57.986384,0.0,-0.009708737864077666,0.0,-1.0,102.0,102.5,102.5,103.0,3476.0,6163.0,5266.0,15607.0,False,False
2317,2022-10-31 09:38:58.142611,0.0,-0.009708737864077666,0.0,-1.0,102.0,102.5,102.5,103.0,3476.0,6163.0,5266.0,15607.0,False,False
2317,2022-10-31 09:38:58.197379,0.0,-0.009708737864077666,0.0,-1.0,102.0,102.5,102.5,103.0,3476.0,6163.0,5266.0,15607.0,True,True
2317,2022-10-31 09:38:58.284862,0.0,-0.009708737864077666,0.0,-1.0,102.0,102.5,102.5,103.0,3476.0,6168.0,5266.0,15607.0,False,False
2317,2022-10-31 09:38:58.426720,0.0,-0.009708737864077666,0.0,-1.0,102.0,102.5,102.5,103.0,3476.0,6171.0,5266.0,15607.0,False,False
2317,2022-10-31 09:38:58.499263,0.0,-0.009708737864077666,0.0,-1.0,102.0,102.5,102.5,103.0,3451.0,6171.0,5266.0,15607.0,False,False
2317,2022-10-31 09:38:58.537019,0.0,-0.009708737864077666,0.0,-1.0,102.0,102.5,102.5,103.0,3451.0,6171.0,5266.0,15607.0,False,False
2317,2022-10-31 09:38:58.634005,0.0,-0.009708737864077666,0.0,-1.0,102.0,102.5,102.5,103.0,3450.0,6171.0,5266.0,15607.0,False,False
2317,2022-10-31 09:38:58.754434,0.0,-0.009708737864077666,0.0,-1.0,102.0,102.5,102.5,103.0,3450.0,6172.0,5266.0,15607.0,False,False
2317,2022-10-31 09:38:59.059362,0.0,-0.009708737864077666,0.0,-1.0,102.0,102.5,102.5,103.0,3450.0,6172.0,5266.0,15607.0,False,False
2317,2022-10-31 09:38:59.251353,0.0,-0.009708737864077666,0.0,-1.0,102.0,102.5,102.5,103.0,3449.0,6172.0,5266.0,15607.0,False,False
2317,2022-10-31 09:38:59.882446,0.0,-0.009708737864077666,0.0,-1.0,102.0,102.5,102.5,103.0,3447.0,6172.0,5266.0,15607.0,False,False
2317,2022-10-31 09:39:00.177201,0.0,-0.009708737864077666,0.0,-1.0,102.0,102.5,102.5,103.0,3442.0,6172.0,5266.0,15607.0,False,False
2317,2022-10-31 09:39:01.157436,0.0,-0.009708737864077666,0.0,-1.0,102.0,102.5,102.5,103.0,3442.0,6172.0,5266.0,15607.0,False,False
2317,2022-10-31 09:39:01.381979,0.0,-0.009708737864077666,0.0,-1.0,102.0,102.5,102.5,103.0,3442.0,6172.0,5266.0,15607.0,False,False
2317,2022-10-31 09:39:01.414237,0.0,-0.009708737864077666,0.0,-1.0,102.0,102.5,102.5,103.0,3542.0,6172.0,5266.0,15607.0,False,False
2317,2022-10-31 09:39:01.946051,0.0,-0.009708737864077666,0.0,-1.0,102.0,102.5,102.5,103.0,3542.0,6172.0,5266.0,15607.0,False,False
2317,2022-10-31 09:39:02.101436,0.0,-0.009708737864077666,0.0,-1.0,102.0,102.5,102.5,103.0,3542.0,6172.0,5266.0,15607.0,False,False
2317,2022-10-31 09:39:02.463310,0.0,-0.009708737864077666,0.0,-1.0,102.0,102.5,102.5,103.0,3541.0,6172.0,5266.0,15607.0,False,False
2317,2022-10-31 09:39:02.512162,0.0,-0.009708737864077666,0.0,-1.0,102.0,102.5,102.5,103.0,4498.0,6172.0,5266.0,15607.0,False,False
2317,2022-10-31 09:39:02.608163,0.0,-0.009708737864077666,0.0,-1.0,102.0,102.5,102.5,103.0,4497.0,6177.0,5266.0,15607.0,False,False
2317,2022-10-31 09:39:02.611302,0.0,-0.009708737864077666,0.0,-1.0,102.0,102.5,102.5,103.0,4497.0,6177.0,5266.0,15607.0,False,False
2317,2022-10-31 09:39:02.907349,0.0,-0.009708737864077666,0.0,-1.0,102.0,102.5,102.5,103.0,4495.0,6177.0,5266.0,15607.0,False,False
2317,2022-10-31 09:39:03.197116,0.0,-0.009708737864077666,0.0,-1.0,102.0,102.5,102.5,103.0,4493.0,6177.0,5266.0,15607.0,False,False
2317,2022-10-31 09:39:04.000611,0.0,-0.009708737864077666,0.0,-1.0,102.0,102.5,102.5,103.0,4495.0,6177.0,5266.0,15607.0,False,False
2317,2022-10-31 09:39:04.242923,0.0,-0.009708737864077666,0.0,-1.0,102.0,102.5,102.5,103.0,4495.0,6178.0,5266.0,15607.0,False,False
2317,2022-10-31 09:39:04.577392,0.0,-0.009708737864077666,0.0,-1.0,102.0,102.5,102.5,103.0,4497.0,6178.0,5266.0,15607.0,False,False
2317,2022-10-31 09:39:04.634018,0.0,-0.009708737864077666,0.0,-1.0,102.0,102.5,102.5,103.0,4497.0,6186.0,5266.0,15607.0,False,False
2317,2022-10-31 09:39:04.962283,0.0,-0.009708737864077666,0.0,-1.0,102.0,102.5,102.5,103.0,4499.0,6186.0,5266.0,15607.0,False,False
2317,2022-10-31 09:39:05.225077,0.0,-0.009708737864077666,0.0,-1.0,102.0,102.5,102.5,103.0,4501.0,6186.0,5266.0,15607.0,False,False
2317,2022-10-31 09:39:05.835351,0.0,-0.009708737864077666,0.0,-1.0,102.0,102.5,102.5,103.0,4499.0,6186.0,5266.0,15607.0,False,False
2317,2022-10-31 09:39:06.163063,0.0,-0.009708737864077666,0.0,-1.0,102.0,102.5,102.5,103.0,4501.0,6186.0,5266.0,15607.0,False,False
2317,2022-10-31 09:39:08.228464,0.0,-0.009708737864077666,0.0,-1.0,102.0,102.5,102.5,103.0,4501.0,6186.0,5494.0,15607.0,True,True
2317,2022-10-31 09:39:08.479169,0.0,-0.009708737864077666,0.0,-1.0,102.0,102.5,102.5,103.0,4501.0,6196.0,5494.0,15607.0,False,False
2317,2022-10-31 09:39:09.421124,0.0,-0.009708737864077666,0.0,-1.0,102.0,102.5,102.5,103.0,4501.0,6196.0,5494.0,15607.0,False,False
2317,2022-10-31 09:39:09.634077,0.0,-0.009708737864077666,0.0,-1.0,102.0,102.5,102.5,103.0,4501.0,6196.0,5494.0,15607.0,False,False
2317,2022-10-31 09:39:10.010062,0.0,-0.009708737864077666,0.0,-1.0,102.0,102.5,102.5,103.0,4501.0,6196.0,5494.0,15607.0,False,False
2317,2022-10-31 09:39:10.047031,0.0,-0.009708737864077666,0.0,-1.0,102.0,102.5,102.5,103.0,4501.0,6196.0,5494.0,15607.0,False,False
2317,2022-10-31 09:39:10.700458,0.0,-0.009708737864077666,0.0,-1.0,102.0,102.5,102.5,103.0,4501.0,6202.0,5494.0,15607.0,False,False
2317,2022-10-31 09:39:11.002779,0.0,-0.009708737864077666,0.0,-1.0,102.0,102.5,102.5,103.0,4499.0,6202.0,5494.0,15607.0,False,False
2317,2022-10-31 09:39:11.137447,0.0,-0.009708737864077666,0.0,-1.0,102.0,102.5,102.5,103.0,4499.0,6203.0,5494.0,15607.0,False,False
2317,2022-10-31 09:39:11.287031,0.0,-0.009708737864077666,0.0,-1.0,102.0,102.5,102.5,103.0,4500.0,6203.0,5494.0,15607.0,False,False
2317,2022-10-31 09:39:12.041125,0.0,-0.009708737864077666,0.0,-1.0,102.0,102.5,102.5,103.0,4500.0,6203.0,5494.0,15607.0,False,False
2317,2022-10-31 09:39:12.353910,0.0,-0.009708737864077666,0.0,-1.0,102.0,102.5,102.5,103.0,4502.0,6203.0,5494.0,15607.0,False,False
2317,2022-10-31 09:39:12.496526,0.0,-0.009708737864077666,0.0,-1.0,102.0,102.5,102.5,103.0,4502.0,6225.0,5494.0,15607.0,False,False
2317,2022-10-31 09:39:13.225180,0.0,-0.009708737864077666,0.0,-1.0,102.0,102.5,102.5,103.0,4502.0,6225.0,5494.0,15607.0,False,False
2317,2022-10-31 09:39:13.344019,0.0,-0.009708737864077666,0.0,-1.0,102.0,102.5,102.5,103.0,4502.0,6225.0,5494.0,15607.0,False,False
2317,2022-10-31 09:39:13.734216,0.0,-0.009708737864077666,0.0,-1.0,102.0,102.5,102.5,103.0,4502.0,6227.0,5494.0,15607.0,False,False
2317,2022-10-31 09:39:14.036557,0.0,-0.009708737864077666,0.0,-1.0,102.0,102.5,102.5,103.0,4502.0,6227.0,5494.0,15607.0,False,False
2317,2022-10-31 09:39:14.127319,0.0,-0.009708737864077666,0.0,-1.0,102.0,102.5,102.5,103.0,4502.0,6227.0,5494.0,15607.0,False,False
2317,2022-10-31 09:39:14.884213,0.0,-0.009708737864077666,0.0,-1.0,102.0,102.5,102.5,103.0,4502.0,6227.0,5494.0,15607.0,False,False
2317,2022-10-31 09:39:15.575231,0.0,-0.009708737864077666,0.0,-1.0,102.0,102.5,102.5,103.0,4502.0,6227.0,5494.0,15607.0,False,False
2317,2022-10-31 09:39:15.706551,0.0,-0.009708737864077666,0.0,-1.0,102.0,102.5,102.5,103.0,4502.0,6227.0,5494.0,15607.0,False,False
2317,2022-10-31 09:39:15.900037,0.0,-0.009708737864077666,0.0,-1.0,102.0,102.5,102.5,103.0,4502.0,6227.0,5494.0,15607.0,False,False
2317,2022-10-31 09:39:17.028279,0.0,-0.009708737864077666,0.0,-1.0,102.0,102.5,102.5,103.0,4502.0,6227.0,5494.0,15607.0,False,False
2317,2022-10-31 09:39:17.360144,0.0,-0.009708737864077666,0.0,-1.0,102.0,102.5,102.5,103.0,4502.0,6233.0,5494.0,15607.0,False,False
2317,2022-10-31 09:39:17.613122,0.0,-0.009708737864077666,0.0,-1.0,102.0,102.5,102.5,103.0,4602.0,6233.0,5494.0,15607.0,False,False
2317,2022-10-31 09:39:18.069345,0.0,-0.009708737864077666,0.0,-1.0,102.0,102.5,102.5,103.0,4603.0,6233.0,5494.0,15607.0,False,False
2317,2022-10-31 09:39:18.268809,0.0,-0.009708737864077666,0.0,-1.0,102.0,102.5,102.5,103.0,4603.0,6233.0,5494.0,15607.0,True,True
2317,2022-10-31 09:39:18.300040,0.0,-0.009708737864077666,0.0,-1.0,102.0,102.5,102.5,103.0,4602.0,6233.0,5494.0,15607.0,False,False
2317,2022-10-31 09:39:18.547167,0.0,-0.009708737864077666,0.0,-1.0,102.0,102.5,102.5,103.0,4603.0,6233.0,5494.0,15607.0,False,False
2317,2022-10-31 09:39:18.862251,0.0,-0.009708737864077666,0.0,-1.0,102.0,102.5,102.5,103.0,4613.0,6233.0,5494.0,15607.0,False,False
2317,2022-10-31 09:39:18.904730,0.0,-0.009708737864077666,0.0,-1.0,102.0,102.5,102.5,103.0,4643.0,6233.0,5494.0,15607.0,False,False
2317,2022-10-31 09:39:18.996440,0.0,-0.009708737864077666,0.0,-1.0,102.0,102.5,102.5,103.0,4657.0,6233.0,5494.0,15607.0,False,False
2317,2022-10-31 09:39:19.254583,0.0,-0.009708737864077666,0.0,-1.0,102.0,102.5,102.5,103.0,4658.0,6233.0,5494.0,15607.0,False,False
2317,2022-10-31 09:39:19.629995,0.0,-0.009708737864077666,0.0,-1.0,102.0,102.5,102.5,103.0,4658.0,6233.0,5494.0,15607.0,False,False
2317,2022-10-31 09:39:21.401182,0.0,-0.009708737864077666,0.0,-1.0,102.0,102.5,102.5,103.0,4655.0,6233.0,5494.0,15607.0,False,False
2317,2022-10-31 09:39:21.626254,0.0,-0.009708737864077666,0.0,-1.0,102.0,102.5,102.5,103.0,4655.0,6233.0,5494.0,15607.0,False,False
2317,2022-10-31 09:39:21.700617,0.0,-0.009708737864077666,0.0,-1.0,102.0,102.5,102.5,103.0,4655.0,6234.0,5494.0,15607.0,False,False
2317,2022-10-31 09:39:22.760837,0.0,-0.009708737864077666,0.0,-1.0,102.0,102.5,102.5,103.0,4655.0,6235.0,5494.0,15607.0,False,False
2317,2022-10-31 09:39:23.308409,0.0,-0.009708737864077666,0.0,-1.0,102.0,102.5,102.5,103.0,4653.0,6235.0,5494.0,15607.0,False,False
2317,2022-10-31 09:39:23.345141,0.0,-0.009708737864077666,0.0,-1.0,102.0,102.5,102.5,103.0,4654.0,6235.0,5494.0,15607.0,False,False
2317,2022-10-31 09:39:23.442226,0.0,-0.009708737864077666,0.0,-1.0,102.0,102.5,102.5,103.0,4654.0,6329.0,5494.0,15607.0,False,False
2317,2022-10-31 09:39:23.571513,0.0,-0.009708737864077666,0.0,-1.0,102.0,102.5,102.5,103.0,4454.0,6329.0,5494.0,15607.0,False,False
2317,2022-10-31 09:39:23.622045,0.0,-0.009708737864077666,0.0,-1.0,102.0,102.5,102.5,103.0,4456.0,6329.0,5494.0,15607.0,False,False
2317,2022-10-31 09:39:23.656278,0.0,-0.009708737864077666,0.0,-1.0,102.0,102.5,102.5,103.0,4456.0,6319.0,5494.0,15607.0,False,False
2317,2022-10-31 09:39:23.686549,0.0,-0.009708737864077666,0.0,-1.0,102.0,102.5,102.5,103.0,4454.0,6319.0,5494.0,15607.0,False,False
2317,2022-10-31 09:39:23.704905,0.0,-0.009708737864077666,0.0,-1.0,102.0,102.5,102.5,103.0,4454.0,6319.0,5494.0,15607.0,False,False
2317,2022-10-31 09:39:23.764597,0.0,-0.009708737864077666,0.0,-1.0,102.0,102.5,102.5,103.0,4444.0,6319.0,5494.0,15607.0,False,False
2317,2022-10-31 09:39:24.004645,0.0,-0.009708737864077666,0.0,-1.0,102.0,102.5,102.5,103.0,4444.0,6319.0,5494.0,15607.0,False,False
2317,2022-10-31 09:39:24.025155,0.0,-0.009708737864077666,0.0,-1.0,102.0,102.5,102.5,103.0,4444.0,6319.0,5494.0,15607.0,False,False
2317,2022-10-31 09:39:24.337697,0.0,-0.009708737864077666,0.0,-1.0,102.0,102.5,102.5,103.0,4444.0,6319.0,5494.0,15607.0,False,False
2317,2022-10-31 09:39:24.437011,0.0,-0.009708737864077666,0.0,-1.0,102.0,102.5,102.5,103.0,4438.0,6319.0,5494.0,15607.0,False,False
2317,2022-10-31 09:39:24.497937,0.0,-0.009708737864077666,0.0,-1.0,102.0,102.5,102.5,103.0,4438.0,6325.0,5494.0,15607.0,False,False
2317,2022-10-31 09:39:24.861273,0.0,-0.009708737864077666,0.0,-1.0,102.0,102.5,102.5,103.0,4443.0,6325.0,5494.0,15607.0,False,False
2317,2022-10-31 09:39:25.107800,0.0,-0.009708737864077666,0.0,-1.0,102.0,102.5,102.5,103.0,4436.0,6325.0,5494.0,15607.0,False,False
2317,2022-10-31 09:39:25.175320,0.0,-0.009708737864077666,0.0,-1.0,102.0,102.5,102.5,103.0,4436.0,6324.0,5494.0,15607.0,False,False
2317,2022-10-31 09:39:25.183248,0.0,-0.009708737864077666,0.0,-1.0,102.0,102.5,102.5,103.0,4413.0,6324.0,5494.0,15607.0,False,False
2317,2022-10-31 09:39:25.272886,0.0,-0.009708737864077666,0.0,-1.0,102.0,102.5,102.5,103.0,4412.0,6324.0,5494.0,15607.0,False,False
2317,2022-10-31 09:39:25.361129,0.0,-0.009708737864077666,0.0,-1.0,102.0,102.5,102.5,103.0,4412.0,6323.0,5494.0,15607.0,False,False
2317,2022-10-31 09:39:25.452216,0.0,-0.009708737864077666,0.0,-1.0,102.0,102.5,102.5,103.0,4412.0,6323.0,5494.0,15607.0,False,False
2317,2022-10-31 09:39:25.552779,0.0,-0.009708737864077666,0.0,-1.0,102.0,102.5,102.5,103.0,4412.0,6326.0,5494.0,15607.0,False,False
2317,2022-10-31 09:39:25.623252,0.0,-0.009708737864077666,0.0,-1.0,102.0,102.5,102.5,103.0,4412.0,6326.0,5494.0,15607.0,False,False
2317,2022-10-31 09:39:25.884605,0.0,-0.009708737864077666,0.0,-1.0,102.0,102.5,102.5,103.0,4412.0,6326.0,5494.0,15607.0,False,False
2317,2022-10-31 09:39:25.911159,0.0,-0.009708737864077666,0.0,-1.0,102.0,102.5,102.5,103.0,4409.0,6326.0,5494.0,15607.0,False,False
2317,2022-10-31 09:39:25.973329,0.0,-0.009708737864077666,0.0,-1.0,102.0,102.5,102.5,103.0,4409.0,6326.0,5494.0,15607.0,False,False
2317,2022-10-31 09:39:25.996280,0.0,-0.009708737864077666,0.0,-1.0,102.0,102.5,102.5,103.0,4408.0,6326.0,5494.0,15607.0,False,False
2317,2022-10-31 09:39:26.140043,0.0,-0.009708737864077666,0.0,-1.0,102.0,102.5,102.5,103.0,4406.0,6326.0,5494.0,15607.0,False,False
2317,2022-10-31 09:39:26.183826,0.0,-0.009708737864077666,0.0,-1.0,102.0,102.5,102.5,103.0,4406.0,6326.0,5494.0,15607.0,False,False
2317,2022-10-31 09:39:26.208835,0.0,-0.009708737864077666,0.0,-1.0,102.0,102.5,102.5,103.0,4405.0,6326.0,5494.0,15607.0,False,False
2317,2022-10-31 09:39:26.183895,0.0,-0.009708737864077666,0.0,-1.0,102.0,102.5,102.5,103.0,4406.0,6326.0,5494.0,15607.0,False,False
2317,2022-10-31 09:39:26.329057,0.0,-0.009708737864077666,0.0,-1.0,102.0,102.5,102.5,103.0,4374.0,6326.0,5494.0,15607.0,False,False
2317,2022-10-31 09:39:26.403774,0.0,-0.009708737864077666,0.0,-1.0,102.0,102.5,102.5,103.0,4374.0,6324.0,5494.0,15607.0,False,False
2317,2022-10-31 09:39:26.532241,0.0,-0.009708737864077666,0.0,-1.0,102.0,102.5,102.5,103.0,4398.0,6324.0,5494.0,15607.0,False,False
2317,2022-10-31 09:39:26.677068,0.0,-0.009708737864077666,0.0,-1.0,102.0,102.5,102.5,103.0,4565.0,6324.0,5494.0,15607.0,False,False
2317,2022-10-31 09:39:26.684764,0.0,-0.009708737864077666,0.0,-1.0,102.0,102.5,102.5,103.0,4565.0,6324.0,5494.0,15607.0,False,False
2317,2022-10-31 09:39:26.909968,0.0,-0.009708737864077666,0.0,-1.0,102.0,102.5,102.5,103.0,4565.0,6324.0,5494.0,15607.0,False,False
2317,2022-10-31 09:39:27.045699,0.0,-0.009708737864077666,0.0,-1.0,102.0,102.5,102.5,103.0,4565.0,6324.0,5494.0,15607.0,False,False
2317,2022-10-31 09:39:27.127716,0.0,-0.009708737864077666,0.0,-1.0,102.0,102.5,102.5,103.0,4562.0,6324.0,5494.0,15607.0,False,False
2317,2022-10-31 09:39:27.195745,0.0,-0.009708737864077666,0.0,-1.0,102.0,102.5,102.5,103.0,4562.0,6324.0,5494.0,15607.0,False,False
2317,2022-10-31 09:39:27.220649,0.0,-0.009708737864077666,0.0,-1.0,102.0,102.5,102.5,103.0,4560.0,6324.0,5494.0,15607.0,False,False
2317,2022-10-31 09:39:27.501574,0.0,-0.009708737864077666,0.0,-1.0,102.0,102.5,102.5,103.0,4560.0,6324.0,5494.0,15607.0,False,False
2317,2022-10-31 09:39:28.147525,0.0,-0.009708737864077666,0.0,-1.0,102.0,102.5,102.5,103.0,4560.0,6324.0,5494.0,15607.0,False,False
2317,2022-10-31 09:39:28.306206,0.0,-0.009708737864077666,0.0,-1.0,102.0,102.5,102.5,103.0,4560.0,6324.0,3772.0,15607.0,True,True
2317,2022-10-31 09:39:28.314402,0.0,-0.009708737864077666,0.0,-1.0,102.0,102.5,102.5,103.0,4550.0,6324.0,3772.0,15607.0,False,False
2317,2022-10-31 09:39:28.341601,0.0,-0.009708737864077666,0.0,-1.0,102.0,102.5,102.5,103.0,3594.0,6324.0,3772.0,15607.0,False,False
2317,2022-10-31 09:39:28.373509,0.0,-0.009708737864077666,0.0,-1.0,102.0,102.5,102.5,103.0,3594.0,6324.0,3772.0,15607.0,False,False
2317,2022-10-31 09:39:28.891402,0.0,-0.009708737864077666,0.0,-1.0,102.0,102.5,102.5,103.0,3595.0,6324.0,3772.0,15607.0,False,False
2317,2022-10-31 09:39:29.196505,0.0,-0.009708737864077666,0.0,-1.0,102.0,102.5,102.5,103.0,3595.0,6324.0,3772.0,15607.0,False,False
2317,2022-10-31 09:39:29.587756,0.0,-0.009708737864077666,0.0,-1.0,102.0,102.5,102.5,103.0,3593.0,6324.0,3772.0,15607.0,False,False
2317,2022-10-31 09:39:29.647449,0.0,-0.009708737864077666,0.0,-1.0,102.0,102.5,102.5,103.0,3593.0,6324.0,3772.0,15607.0,False,False
2317,2022-10-31 09:39:29.922352,0.0,-0.009708737864077666,0.0,-1.0,102.0,102.5,102.5,103.0,3593.0,6324.0,3772.0,15607.0,False,False
2317,2022-10-31 09:39:29.964941,0.0,-0.009708737864077666,0.0,-1.0,102.0,102.5,102.5,103.0,3593.0,6324.0,3772.0,15607.0,False,False
2317,2022-10-31 09:39:30.361791,0.0,-0.009708737864077666,0.0,-1.0,102.0,102.5,102.5,103.0,3593.0,6324.0,3772.0,15607.0,False,False
2317,2022-10-31 09:39:30.395518,0.0,-0.009708737864077666,0.0,-1.0,102.0,102.5,102.5,103.0,3586.0,6324.0,3772.0,15607.0,False,False
2317,2022-10-31 09:39:30.459592,0.0,-0.009708737864077666,0.0,-1.0,102.0,102.5,102.5,103.0,3586.0,6324.0,3772.0,15607.0,False,False
2317,2022-10-31 09:39:30.533095,0.0,-0.009708737864077666,0.0,-1.0,102.0,102.5,102.5,103.0,3585.0,6323.0,3772.0,15607.0,False,False
2317,2022-10-31 09:39:30.481005,0.0,-0.009708737864077666,0.0,-1.0,102.0,102.5,102.5,103.0,3586.0,6323.0,3772.0,15607.0,False,False
2317,2022-10-31 09:39:30.639917,0.0,-0.009708737864077666,0.0,-1.0,102.0,102.5,102.5,103.0,3584.0,6323.0,3772.0,15607.0,False,False
2317,2022-10-31 09:39:31.017677,0.0,-0.009708737864077666,0.0,-1.0,102.0,102.5,102.5,103.0,3584.0,6323.0,3772.0,15607.0,False,False
2317,2022-10-31 09:39:31.605325,0.0,-0.009708737864077666,0.0,-1.0,102.0,102.5,102.5,103.0,3583.0,6323.0,3772.0,15607.0,False,False
2317,2022-10-31 09:39:31.609502,0.0,-0.009708737864077666,0.0,-1.0,102.0,102.5,102.5,103.0,3581.0,6323.0,3772.0,15607.0,False,False
2317,2022-10-31 09:39:31.954699,0.0,-0.009708737864077666,0.0,-1.0,102.0,102.5,102.5,103.0,3582.0,6323.0,3772.0,15607.0,False,False
2317,2022-10-31 09:39:31.956741,0.0,-0.009708737864077666,0.0,-1.0,102.0,102.5,102.5,103.0,3587.0,6323.0,3772.0,15607.0,False,False
2317,2022-10-31 09:39:32.120816,0.0,-0.009708737864077666,0.0,-1.0,102.0,102.5,102.5,103.0,3588.0,6323.0,3772.0,15607.0,False,False
2317,2022-10-31 09:39:32.379197,0.0,-0.009708737864077666,0.0,-1.0,102.0,102.5,102.5,103.0,3586.0,6323.0,3772.0,15607.0,False,False
2317,2022-10-31 09:39:32.648463,0.0,-0.009708737864077666,0.0,-1.0,102.0,102.5,102.5,103.0,3586.0,6329.0,3772.0,15607.0,False,False
2317,2022-10-31 09:39:32.873087,0.0,-0.009708737864077666,0.0,-1.0,102.0,102.5,102.5,103.0,3286.0,6329.0,3772.0,15607.0,False,False
2317,2022-10-31 09:39:32.909533,0.0,-0.009708737864077666,0.0,-1.0,102.0,102.5,102.5,103.0,3286.0,6333.0,3772.0,15607.0,False,False
2317,2022-10-31 09:39:32.971731,0.0,-0.009708737864077666,0.0,-1.0,102.0,102.5,102.5,103.0,3284.0,6319.0,3772.0,15607.0,False,False
2317,2022-10-31 09:39:32.956268,0.0,-0.009708737864077666,0.0,-1.0,102.0,102.5,102.5,103.0,3286.0,6319.0,3772.0,15607.0,False,False
2317,2022-10-31 09:39:33.022213,0.0,-0.009708737864077666,0.0,-1.0,102.0,102.5,102.5,103.0,3284.0,6319.0,3772.0,15607.0,False,False
2317,2022-10-31 09:39:33.053737,0.0,-0.009708737864077666,0.0,-1.0,102.0,102.5,102.5,103.0,3270.0,6319.0,3772.0,15607.0,False,False
2317,2022-10-31 09:39:33.068860,0.0,-0.009708737864077666,0.0,-1.0,102.0,102.5,102.5,103.0,3260.0,6319.0,3772.0,15607.0,False,False
2317,2022-10-31 09:39:33.138524,0.0,-0.009708737864077666,0.0,-1.0,102.0,102.5,102.5,103.0,3260.0,6317.0,3772.0,15607.0,False,False
2317,2022-10-31 09:39:33.178443,0.0,-0.009708737864077666,0.0,-1.0,102.0,102.5,102.5,103.0,3250.0,6317.0,3772.0,15607.0,False,False
2317,2022-10-31 09:39:33.259850,0.0,-0.009708737864077666,0.0,-1.0,102.0,102.5,102.5,103.0,3248.0,6317.0,3772.0,15607.0,False,False
2317,2022-10-31 09:39:33.178910,0.0,-0.009708737864077666,0.0,-1.0,102.0,102.5,102.5,103.0,3250.0,6317.0,3772.0,15607.0,False,False
2317,2022-10-31 09:39:33.314897,0.0,-0.009708737864077666,0.0,-1.0,102.0,102.5,102.5,103.0,3248.0,6317.0,3772.0,15607.0,False,False
2317,2022-10-31 09:39:33.553679,0.0,-0.009708737864077666,0.0,-1.0,102.0,102.5,102.5,103.0,3248.0,6317.0,3772.0,15607.0,False,False
2317,2022-10-31 09:39:33.735864,0.0,-0.009708737864077666,0.0,-1.0,102.0,102.5,102.5,103.0,3248.0,6317.0,3772.0,15607.0,False,False
2317,2022-10-31 09:39:33.852561,0.0,-0.009708737864077666,0.0,-1.0,102.0,102.5,102.5,103.0,3238.0,6317.0,3772.0,15607.0,False,False
2317,2022-10-31 09:39:33.856142,0.0,-0.009708737864077666,0.0,-1.0,102.0,102.5,102.5,103.0,3238.0,6323.0,3772.0,15607.0,False,False
2317,2022-10-31 09:39:33.922897,0.0,-0.009708737864077666,0.0,-1.0,102.0,102.5,102.5,103.0,3238.0,6322.0,3772.0,15607.0,False,False
2317,2022-10-31 09:39:34.007030,0.0,-0.009708737864077666,0.0,-1.0,102.0,102.5,102.5,103.0,3194.0,6322.0,3772.0,15607.0,False,False
2317,2022-10-31 09:39:34.026081,0.0,-0.009708737864077666,0.0,-1.0,102.0,102.5,102.5,103.0,3184.0,6322.0,3772.0,15607.0,False,False
2317,2022-10-31 09:39:34.391472,0.0,-0.009708737864077666,0.0,-1.0,102.0,102.5,102.5,103.0,3181.0,6322.0,3772.0,15607.0,False,False
2317,2022-10-31 09:39:34.466721,0.0,-0.009708737864077666,0.0,-1.0,102.0,102.5,102.5,103.0,3180.0,6322.0,3772.0,15607.0,False,False
2317,2022-10-31 09:39:34.660276,0.0,-0.009708737864077666,0.0,-1.0,102.0,102.5,102.5,103.0,3180.0,6322.0,3772.0,15607.0,False,False
2317,2022-10-31 09:39:34.670428,0.0,-0.009708737864077666,0.0,-1.0,102.0,102.5,102.5,103.0,3180.0,6322.0,3772.0,15607.0,False,False
2317,2022-10-31 09:39:35.155572,0.0,-0.009708737864077666,0.0,-1.0,102.0,102.5,102.5,103.0,3180.0,6322.0,3772.0,15607.0,False,False
2317,2022-10-31 09:39:35.239248,0.0,-0.009708737864077666,0.0,-1.0,102.0,102.5,102.5,103.0,3180.0,6322.0,3772.0,15607.0,False,False
2317,2022-10-31 09:39:35.397668,0.0,-0.009708737864077666,0.0,-1.0,102.0,102.5,102.5,103.0,3180.0,6322.0,3772.0,15607.0,False,False
2317,2022-10-31 09:39:35.399369,0.0,-0.009708737864077666,0.0,-1.0,102.0,102.5,102.5,103.0,3136.0,6322.0,3772.0,15607.0,False,False
2317,2022-10-31 09:39:35.422225,0.0,-0.009708737864077666,0.0,-1.0,102.0,102.5,102.5,103.0,3135.0,6322.0,3772.0,15607.0,False,False
2317,2022-10-31 09:39:35.461524,0.0,-0.009708737864077666,0.0,-1.0,102.0,102.5,102.5,103.0,3134.0,6322.0,3772.0,15607.0,False,False
2317,2022-10-31 09:39:35.504763,0.0,-0.009708737864077666,0.0,-1.0,102.0,102.5,102.5,103.0,3132.0,6320.0,3772.0,15607.0,False,False
2317,2022-10-31 09:39:35.476606,0.0,-0.009708737864077666,0.0,-1.0,102.0,102.5,102.5,103.0,3134.0,6320.0,3772.0,15607.0,False,False
2317,2022-10-31 09:39:35.876214,0.0,-0.009708737864077666,0.0,-1.0,102.0,102.5,102.5,103.0,3131.0,6319.0,3772.0,15607.0,False,False
2317,2022-10-31 09:39:36.067072,0.0,-0.009708737864077666,0.0,-1.0,102.0,102.5,102.5,103.0,3131.0,6319.0,3772.0,15607.0,False,False
2317,2022-10-31 09:39:36.149739,0.0,-0.009708737864077666,0.0,-1.0,102.0,102.5,102.5,103.0,3132.0,6319.0,3772.0,15607.0,False,False
2317,2022-10-31 09:39:36.351859,0.0,-0.009708737864077666,0.0,-1.0,102.0,102.5,102.5,103.0,3133.0,6319.0,3772.0,15607.0,False,False
2317,2022-10-31 09:39:36.473613,0.0,-0.009708737864077666,0.0,-1.0,102.0,102.5,102.5,103.0,3133.0,6319.0,3772.0,15607.0,False,False
2317,2022-10-31 09:39:36.646515,0.0,-0.009708737864077666,0.0,-1.0,102.0,102.5,102.5,103.0,3133.0,6316.0,3772.0,15607.0,False,False
2317,2022-10-31 09:39:36.680155,0.0,-0.009708737864077666,0.0,-1.0,102.0,102.5,102.5,103.0,3131.0,6316.0,3772.0,15607.0,False,False
2317,2022-10-31 09:39:36.647753,0.0,-0.009708737864077666,0.0,-1.0,102.0,102.5,102.5,103.0,3134.0,6316.0,3772.0,15607.0,False,False
2317,2022-10-31 09:39:37.136287,0.0,-0.009708737864077666,0.0,-1.0,102.0,102.5,102.5,103.0,3130.0,6315.0,3772.0,15607.0,False,False
2317,2022-10-31 09:39:37.384781,0.0,-0.009708737864077666,0.0,-1.0,102.0,102.5,102.5,103.0,3130.0,6315.0,3772.0,15607.0,False,False
2317,2022-10-31 09:39:37.412222,0.0,-0.009708737864077666,0.0,-1.0,102.0,102.5,102.5,103.0,3119.0,6315.0,3772.0,15607.0,False,False
2317,2022-10-31 09:39:37.485556,0.0,-0.009708737864077666,0.0,-1.0,102.0,102.5,102.5,103.0,3119.0,6314.0,3772.0,15607.0,False,False
2317,2022-10-31 09:39:37.651350,0.0,-0.009708737864077666,0.0,-1.0,102.0,102.5,102.5,103.0,3119.0,6314.0,3772.0,15607.0,False,False
2317,2022-10-31 09:39:37.860118,0.0,-0.009708737864077666,0.0,-1.0,102.0,102.5,102.5,103.0,3119.0,6320.0,3772.0,15607.0,False,False
2317,2022-10-31 09:39:38.071993,0.0,-0.009708737864077666,0.0,-1.0,102.0,102.5,102.5,103.0,3119.0,6320.0,3772.0,15607.0,False,False
2317,2022-10-31 09:39:38.339372,0.0,-0.009708737864077666,0.0,-1.0,102.0,102.5,102.5,103.0,3119.0,6320.0,3653.0,15607.0,True,True
2317,2022-10-31 09:39:38.461379,0.0,-0.009708737864077666,0.0,-1.0,102.0,102.5,102.5,103.0,3119.0,6320.0,3653.0,15607.0,False,False
2317,2022-10-31 09:39:38.694402,0.0,-0.009708737864077666,0.0,-1.0,102.0,102.5,102.5,103.0,3119.0,6320.0,3653.0,15607.0,False,False
2317,2022-10-31 09:39:38.813576,0.0,-0.009708737864077666,0.0,-1.0,102.0,102.5,102.5,103.0,3119.0,6320.0,3653.0,15607.0,False,False
2317,2022-10-31 09:39:39.284445,0.0,-0.009708737864077666,0.0,-1.0,102.0,102.5,102.5,103.0,3120.0,6320.0,3653.0,15607.0,False,False
2317,2022-10-31 09:39:39.432935,0.0,-0.009708737864077666,0.0,-1.0,102.0,102.5,102.5,103.0,3120.0,6320.0,3653.0,15607.0,False,False
2317,2022-10-31 09:39:39.463310,0.0,-0.009708737864077666,0.0,-1.0,102.0,102.5,102.5,103.0,3113.0,6320.0,3653.0,15607.0,False,False
2317,2022-10-31 09:39:39.547766,0.0,-0.009708737864077666,0.0,-1.0,102.0,102.5,102.5,103.0,3112.0,6320.0,3653.0,15607.0,False,False
2317,2022-10-31 09:39:39.548571,0.0,-0.009708737864077666,0.0,-1.0,102.0,102.5,102.5,103.0,3112.0,6320.0,3653.0,15607.0,False,False
2317,2022-10-31 09:39:39.670794,0.0,-0.009708737864077666,0.0,-1.0,102.0,102.5,102.5,103.0,3112.0,6317.0,3653.0,15607.0,False,False
2317,2022-10-31 09:39:39.711329,0.0,-0.009708737864077666,0.0,-1.0,102.0,102.5,102.5,103.0,3109.0,6317.0,3653.0,15607.0,False,False
2317,2022-10-31 09:39:40.183697,0.0,-0.009708737864077666,0.0,-1.0,102.0,102.5,102.5,103.0,3109.0,6317.0,3653.0,15607.0,False,False
2317,2022-10-31 09:39:40.478323,0.0,-0.009708737864077666,0.0,-1.0,102.0,102.5,102.5,103.0,3106.0,6317.0,3653.0,15607.0,False,False
2317,2022-10-31 09:39:40.563404,0.0,-0.009708737864077666,0.0,-1.0,102.0,102.5,102.5,103.0,3106.0,6316.0,3653.0,15607.0,False,False
2317,2022-10-31 09:39:40.909831,0.0,-0.009708737864077666,0.0,-1.0,102.0,102.5,102.5,103.0,3106.0,6322.0,3653.0,15607.0,False,False
2317,2022-10-31 09:39:41.004092,0.0,-0.009708737864077666,0.0,-1.0,102.0,102.5,102.5,103.0,3104.0,6322.0,3653.0,15607.0,False,False
2317,2022-10-31 09:39:41.081935,0.0,-0.009708737864077666,0.0,-1.0,102.0,102.5,102.5,103.0,3103.0,6322.0,3653.0,15607.0,False,False
2317,2022-10-31 09:39:41.427376,0.0,-0.009708737864077666,0.0,-1.0,102.0,102.5,102.5,103.0,3103.0,6322.0,3653.0,15607.0,False,False
2317,2022-10-31 09:39:41.481899,0.0,-0.009708737864077666,0.0,-1.0,102.0,102.5,102.5,103.0,3099.0,6322.0,3653.0,15607.0,False,False
2317,2022-10-31 09:39:41.453496,0.0,-0.009708737864077666,0.0,-1.0,102.0,102.5,102.5,103.0,3103.0,6322.0,3653.0,15607.0,False,False
2317,2022-10-31 09:39:41.568117,0.0,-0.009708737864077666,0.0,-1.0,102.0,102.5,102.5,103.0,3096.0,6322.0,3653.0,15607.0,False,False
2317,2022-10-31 09:39:41.693453,0.0,-0.009708737864077666,0.0,-1.0,102.0,102.5,102.5,103.0,3096.0,6320.0,3653.0,15607.0,False,False
2317,2022-10-31 09:39:41.728122,0.0,-0.009708737864077666,0.0,-1.0,102.0,102.5,102.5,103.0,3094.0,6320.0,3653.0,15607.0,False,False
2317,2022-10-31 09:39:41.884388,0.0,-0.009708737864077666,0.0,-1.0,102.0,102.5,102.5,103.0,3094.0,6320.0,3653.0,15607.0,False,False
2317,2022-10-31 09:39:42.035851,0.0,-0.009708737864077666,0.0,-1.0,102.0,102.5,102.5,103.0,3094.0,6320.0,3653.0,15607.0,False,False
2317,2022-10-31 09:39:42.066466,0.0,-0.009708737864077666,0.0,-1.0,102.0,102.5,102.5,103.0,3094.0,6320.0,3653.0,15607.0,False,False
2317,2022-10-31 09:39:42.634121,0.0,-0.009708737864077666,0.0,-1.0,102.0,102.5,102.5,103.0,3094.0,6320.0,3653.0,15607.0,False,False
2317,2022-10-31 09:39:43.307798,0.0,-0.009708737864077666,0.0,-1.0,102.0,102.5,102.5,103.0,3094.0,6320.0,3653.0,15607.0,False,False
2317,2022-10-31 09:39:44.099038,0.0,-0.009708737864077666,0.0,-1.0,102.0,102.5,102.5,103.0,3094.0,6320.0,3653.0,15607.0,False,False
2317,2022-10-31 09:39:44.452435,0.0,-0.009708737864077666,0.0,-1.0,102.0,102.5,102.5,103.0,3094.0,6326.0,3653.0,15607.0,False,False
2317,2022-10-31 09:39:44.467032,0.0,-0.009708737864077666,0.0,-1.0,102.0,102.5,102.5,103.0,3090.0,6326.0,3653.0,15607.0,False,False
2317,2022-10-31 09:39:44.584934,0.0,-0.009708737864077666,0.0,-1.0,102.0,102.5,102.5,103.0,3090.0,6326.0,3653.0,15607.0,False,False
2317,2022-10-31 09:39:44.876586,0.0,-0.009708737864077666,0.0,-1.0,102.0,102.5,102.5,103.0,3081.0,6317.0,3653.0,15607.0,False,False
2317,2022-10-31 09:39:44.890470,0.0,-0.009708737864077666,0.0,-1.0,102.0,102.5,102.5,103.0,3080.0,6317.0,3653.0,15607.0,False,False
2317,2022-10-31 09:39:44.956209,0.0,-0.009708737864077666,0.0,-1.0,102.0,102.5,102.5,103.0,3080.0,6316.0,3653.0,15607.0,False,False
2317,2022-10-31 09:39:45.257907,0.0,-0.009708737864077666,0.0,-1.0,102.0,102.5,102.5,103.0,3080.0,6316.0,3653.0,15607.0,False,False
2317,2022-10-31 09:39:45.591818,0.0,-0.009708737864077666,0.0,-1.0,102.0,102.5,102.5,103.0,3080.0,6316.0,3653.0,15607.0,False,False
2317,2022-10-31 09:39:45.716560,0.0,-0.009708737864077666,0.0,-1.0,102.0,102.5,102.5,103.0,3080.0,6316.0,3653.0,15607.0,False,False
2317,2022-10-31 09:39:45.772885,0.0,-0.009708737864077666,0.0,-1.0,102.0,102.5,102.5,103.0,3078.0,6314.0,3653.0,15607.0,False,False
2317,2022-10-31 09:39:45.737500,0.0,-0.009708737864077666,0.0,-1.0,102.0,102.5,102.5,103.0,3080.0,6314.0,3653.0,15607.0,False,False
2317,2022-10-31 09:39:45.845670,0.0,-0.009708737864077666,0.0,-1.0,102.0,102.5,102.5,103.0,3077.0,6314.0,3653.0,15607.0,False,False
2317,2022-10-31 09:39:46.320458,0.0,-0.009708737864077666,0.0,-1.0,102.0,102.5,102.5,103.0,3077.0,6314.0,3653.0,15607.0,False,False
2317,2022-10-31 09:39:46.480833,0.0,-0.009708737864077666,0.0,-1.0,102.0,102.5,102.5,103.0,3074.0,6314.0,3653.0,15607.0,False,False
2317,2022-10-31 09:39:47.316706,0.0,-0.009708737864077666,0.0,-1.0,102.0,102.5,102.5,103.0,3074.0,6320.0,3653.0,15607.0,False,False
2317,2022-10-31 09:39:48.370080,0.0,-0.009708737864077666,0.0,-1.0,102.0,102.5,102.5,103.0,3074.0,6320.0,2694.0,15607.0,True,True
2317,2022-10-31 09:39:48.757589,0.0,-0.009708737864077666,0.0,-1.0,102.0,102.5,102.5,103.0,3076.0,6320.0,2694.0,15607.0,False,False
2317,2022-10-31 09:39:48.766666,0.0,-0.009708737864077666,0.0,-1.0,102.0,102.5,102.5,103.0,3176.0,6317.0,2694.0,15607.0,False,False
2317,2022-10-31 09:39:48.796703,0.0,-0.009708737864077666,0.0,-1.0,102.0,102.5,102.5,103.0,3173.0,6317.0,2694.0,15607.0,False,False
2317,2022-10-31 09:39:49.139426,0.0,-0.009708737864077666,0.0,-1.0,102.0,102.5,102.5,103.0,3163.0,6317.0,2694.0,15607.0,False,False
2317,2022-10-31 09:39:49.207412,0.0,-0.009708737864077666,0.0,-1.0,102.0,102.5,102.5,103.0,3163.0,6316.0,2694.0,15607.0,False,False
2317,2022-10-31 09:39:49.396624,0.0,-0.009708737864077666,0.0,-1.0,102.0,102.5,102.5,103.0,3163.0,6291.0,2694.0,15607.0,False,False
2317,2022-10-31 09:39:49.404117,0.0,-0.009708737864077666,0.0,-1.0,102.0,102.5,102.5,103.0,3163.0,6291.0,2694.0,15607.0,False,False
2317,2022-10-31 09:39:49.435583,0.0,-0.009708737864077666,0.0,-1.0,102.0,102.5,102.5,103.0,3160.0,6291.0,2694.0,15607.0,False,False
2317,2022-10-31 09:39:49.521902,0.0,-0.009708737864077666,0.0,-1.0,102.0,102.5,102.5,103.0,3159.0,6291.0,2694.0,15607.0,False,False
2317,2022-10-31 09:39:49.677891,0.0,-0.009708737864077666,0.0,-1.0,102.0,102.5,102.5,103.0,3155.0,6291.0,2694.0,15607.0,False,False
2317,2022-10-31 09:39:49.720441,0.0,-0.009708737864077666,0.0,-1.0,102.0,102.5,102.5,103.0,3155.0,6322.0,2694.0,15607.0,False,False
2317,2022-10-31 09:39:49.794452,0.0,-0.009708737864077666,0.0,-1.0,102.0,102.5,102.5,103.0,3155.0,6322.0,2694.0,15607.0,False,False
2317,2022-10-31 09:39:49.890842,0.0,-0.009708737864077666,0.0,-1.0,102.0,102.5,102.5,103.0,3155.0,6322.0,2694.0,15607.0,False,False
2317,2022-10-31 09:39:50.342885,0.0,-0.009708737864077666,0.0,-1.0,102.0,102.5,102.5,103.0,3156.0,6322.0,2694.0,15607.0,False,False
2317,2022-10-31 09:39:50.441152,0.0,-0.009708737864077666,0.0,-1.0,102.0,102.5,102.5,103.0,3157.0,6322.0,2694.0,15607.0,False,False
2317,2022-10-31 09:39:50.840218,0.0,-0.009708737864077666,0.0,-1.0,102.0,102.5,102.5,103.0,3157.0,6321.0,2694.0,15607.0,False,False
2317,2022-10-31 09:39:51.450509,0.0,-0.009708737864077666,0.0,-1.0,102.0,102.5,102.5,103.0,3157.0,6321.0,2694.0,15607.0,False,False
2317,2022-10-31 09:39:51.522470,0.0,-0.009708737864077666,0.0,-1.0,102.0,102.5,102.5,103.0,3157.0,6321.0,2694.0,15607.0,False,False
2317,2022-10-31 09:39:51.783301,0.0,-0.009708737864077666,0.0,-1.0,102.0,102.5,102.5,103.0,3157.0,6322.0,2694.0,15607.0,False,False
2317,2022-10-31 09:39:51.806985,0.0,-0.009708737864077666,0.0,-1.0,102.0,102.5,102.5,103.0,3157.0,6328.0,2694.0,15607.0,False,False
2317,2022-10-31 09:39:51.968132,0.0,-0.009708737864077666,0.0,-1.0,102.0,102.5,102.5,103.0,3157.0,6328.0,2694.0,15607.0,False,False
2317,2022-10-31 09:39:52.210964,0.0,-0.009708737864077666,0.0,-1.0,102.0,102.5,102.5,103.0,3157.0,6328.0,2694.0,15607.0,False,False
2317,2022-10-31 09:39:52.808203,0.0,-0.009708737864077666,0.0,-1.0,102.0,102.5,102.5,103.0,3157.0,6325.0,2694.0,15607.0,False,False
2317,2022-10-31 09:39:52.844287,0.0,-0.009708737864077666,0.0,-1.0,102.0,102.5,102.5,103.0,3154.0,6325.0,2694.0,15607.0,False,False
2317,2022-10-31 09:39:52.906011,0.0,-0.009708737864077666,0.0,-1.0,102.0,102.5,102.5,103.0,3154.0,6325.0,2694.0,15607.0,False,False
2317,2022-10-31 09:39:52.943143,0.0,-0.009708737864077666,0.0,-1.0,102.0,102.5,102.5,103.0,3154.0,6325.0,2694.0,15607.0,False,False
2317,2022-10-31 09:39:53.118992,0.0,-0.009708737864077666,0.0,-1.0,102.0,102.5,102.5,103.0,3154.0,6325.0,2694.0,15607.0,False,False
2317,2022-10-31 09:39:53.432497,0.0,-0.009708737864077666,0.0,-1.0,102.0,102.5,102.5,103.0,3154.0,6325.0,2694.0,15607.0,False,False
2317,2022-10-31 09:39:53.609585,0.0,-0.009708737864077666,0.0,-1.0,102.0,102.5,102.5,103.0,3154.0,6325.0,2694.0,15607.0,False,False
2317,2022-10-31 09:39:53.950770,0.0,-0.009708737864077666,0.0,-1.0,102.0,102.5,102.5,103.0,3154.0,6325.0,2694.0,15607.0,False,False
2317,2022-10-31 09:39:54.644174,0.0,-0.009708737864077666,0.0,-1.0,102.0,102.5,102.5,103.0,3154.0,6326.0,2694.0,15607.0,False,False
2317,2022-10-31 09:39:54.859097,0.0,-0.009708737864077666,0.0,-1.0,102.0,102.5,102.5,103.0,3154.0,6332.0,2694.0,15607.0,False,False
2317,2022-10-31 09:39:55.061137,0.0,-0.009708737864077666,0.0,-1.0,102.0,102.5,102.5,103.0,3154.0,6332.0,2694.0,15607.0,False,False
2317,2022-10-31 09:39:55.269610,0.0,-0.009708737864077666,0.0,-1.0,102.0,102.5,102.5,103.0,3154.0,6332.0,2694.0,15607.0,False,False
2317,2022-10-31 09:39:55.544592,0.0,-0.009708737864077666,0.0,-1.0,102.0,102.5,102.5,103.0,3151.0,6332.0,2694.0,15607.0,False,False
2317,2022-10-31 09:39:55.633117,0.0,-0.009708737864077666,0.0,-1.0,102.0,102.5,102.5,103.0,3151.0,6332.0,2694.0,15607.0,False,False
2317,2022-10-31 09:39:55.730073,0.0,-0.009708737864077666,0.0,-1.0,102.0,102.5,102.5,103.0,3150.0,6332.0,2694.0,15607.0,False,False
2317,2022-10-31 09:39:56.538766,0.0,-0.009708737864077666,0.0,-1.0,102.0,102.5,102.5,103.0,3150.0,6332.0,2694.0,15607.0,False,False
