symbol,datetime,NaOb_r,NbOa_r,NaOb_s,NbOa_s,bid1,ask1,odd_bid1,odd_ask1,bidQty1,askQty1,odd_bidQty1,odd_askQty1,simulate,triggerbyOdd
2330,2022-10-31 09:36:03.014756,0.0,-0.0026109660574412663,0.0,-1.0,382.0,382.5,382.5,383.0,108.0,732.0,8980.0,9687.0,True,True
2330,2022-10-31 09:36:03.148748,0.0,-0.0026109660574412663,0.0,-1.0,382.0,382.5,382.5,383.0,107.0,732.0,8980.0,9687.0,False,False
2330,2022-10-31 09:36:03.165327,0.0,-0.0026109660574412663,0.0,-1.0,382.0,382.5,382.5,383.0,82.0,707.0,8980.0,9687.0,False,False
2330,2022-10-31 09:36:03.171789,0.0,-0.0026109660574412663,0.0,-1.0,382.0,382.5,382.5,383.0,81.0,706.0,8980.0,9687.0,False,False
2330,2022-10-31 09:36:03.195055,0.0,-0.0026109660574412663,0.0,-1.0,382.0,382.5,382.5,383.0,81.0,706.0,8980.0,9687.0,False,False
2330,2022-10-31 09:36:03.254649,0.0,-0.0026109660574412663,0.0,-1.0,382.0,382.5,382.5,383.0,81.0,706.0,8980.0,9687.0,False,False
2330,2022-10-31 09:36:03.367346,0.0,-0.0026109660574412663,0.0,-1.0,382.0,382.5,382.5,383.0,81.0,706.0,8980.0,9687.0,False,False
2330,2022-10-31 09:36:03.506094,0.0,-0.0026109660574412663,0.0,-1.0,382.0,382.5,382.5,383.0,80.0,706.0,8980.0,9687.0,False,False
2330,2022-10-31 09:36:03.433092,0.0,-0.0026109660574412663,0.0,-1.0,382.0,382.5,382.5,383.0,81.0,706.0,8980.0,9687.0,False,False
2330,2022-10-31 09:36:03.568644,0.0,-0.0026109660574412663,0.0,-1.0,382.0,382.5,382.5,383.0,79.0,706.0,8980.0,9687.0,False,False
2330,2022-10-31 09:36:03.562285,0.0,-0.0026109660574412663,0.0,-1.0,382.0,382.5,382.5,383.0,80.0,706.0,8980.0,9687.0,False,False
2330,2022-10-31 09:36:04.469313,0.0,-0.0026109660574412663,0.0,-1.0,382.0,382.5,382.5,383.0,78.0,706.0,8980.0,9687.0,False,False
2330,2022-10-31 09:36:05.286887,0.0,-0.0026109660574412663,0.0,-1.0,382.0,382.5,382.5,383.0,78.0,707.0,8980.0,9687.0,False,False
2330,2022-10-31 09:36:05.330915,0.0,-0.0026109660574412663,0.0,-1.0,382.0,382.5,382.5,383.0,78.0,707.0,8980.0,9687.0,False,False
2330,2022-10-31 09:36:05.471833,0.0,-0.0026109660574412663,0.0,-1.0,382.0,382.5,382.5,383.0,78.0,707.0,8980.0,9687.0,False,False
2330,2022-10-31 09:36:05.884063,0.0,-0.0026109660574412663,0.0,-1.0,382.0,382.5,382.5,383.0,79.0,707.0,8980.0,9687.0,False,False
2330,2022-10-31 09:36:06.474372,0.0,-0.0026109660574412663,0.0,-1.0,382.0,382.5,382.5,383.0,78.0,706.0,8980.0,9687.0,False,False
2330,2022-10-31 09:36:06.895188,0.0,-0.0026109660574412663,0.0,-1.0,382.0,382.5,382.5,383.0,78.0,706.0,8980.0,9687.0,False,False
2330,2022-10-31 09:36:06.992899,0.0,-0.0026109660574412663,0.0,-1.0,382.0,382.5,382.5,383.0,77.0,707.0,8980.0,9687.0,False,False
2330,2022-10-31 09:36:06.964338,0.0,-0.0026109660574412663,0.0,-1.0,382.0,382.5,382.5,383.0,78.0,707.0,8980.0,9687.0,False,False
2330,2022-10-31 09:36:08.022136,0.0,-0.0026109660574412663,0.0,-1.0,382.0,382.5,382.5,383.0,77.0,707.0,8980.0,9687.0,False,False
2330,2022-10-31 09:36:08.144627,0.0,-0.0026109660574412663,0.0,-1.0,382.0,382.5,382.5,383.0,78.0,707.0,8980.0,9687.0,False,False
2330,2022-10-31 09:36:08.216741,0.0,-0.0026109660574412663,0.0,-1.0,382.0,382.5,382.5,383.0,77.0,707.0,8980.0,9687.0,False,False
2330,2022-10-31 09:36:08.282013,0.0,-0.0026109660574412663,0.0,-1.0,382.0,382.5,382.5,383.0,80.0,707.0,8980.0,9687.0,False,False
2330,2022-10-31 09:36:08.402508,0.0,-0.0026109660574412663,0.0,-1.0,382.0,382.5,382.5,383.0,81.0,707.0,8980.0,9687.0,False,False
2330,2022-10-31 09:36:08.972799,0.0,-0.0026109660574412663,0.0,-1.0,382.0,382.5,382.5,383.0,80.0,707.0,8980.0,9687.0,False,False
2330,2022-10-31 09:36:09.033098,0.0,-0.0026109660574412663,0.0,-1.0,382.0,382.5,382.5,383.0,80.0,708.0,8980.0,9687.0,False,False
2330,2022-10-31 09:36:09.612001,0.0,-0.0026109660574412663,0.0,-1.0,382.0,382.5,382.5,383.0,80.0,701.0,8980.0,9687.0,False,False
2330,2022-10-31 09:36:09.618616,0.0,-0.0026109660574412663,0.0,-1.0,382.0,382.5,382.5,383.0,80.0,694.0,8980.0,9687.0,False,False
2330,2022-10-31 09:36:09.820716,0.0,-0.0026109660574412663,0.0,-1.0,382.0,382.5,382.5,383.0,80.0,694.0,8980.0,9687.0,False,False
2330,2022-10-31 09:36:10.729106,0.0,-0.0026109660574412663,0.0,-1.0,382.0,382.5,382.5,383.0,80.0,694.0,8980.0,9687.0,False,False
2330,2022-10-31 09:36:10.754334,0.0,-0.0026109660574412663,0.0,-1.0,382.0,382.5,382.5,383.0,76.0,694.0,8980.0,9687.0,False,False
2330,2022-10-31 09:36:10.785609,0.0,-0.0026109660574412663,0.0,-1.0,382.0,382.5,382.5,383.0,77.0,694.0,8980.0,9687.0,False,False
2330,2022-10-31 09:36:10.822722,0.0,-0.0026109660574412663,0.0,-1.0,382.0,382.5,382.5,383.0,77.0,695.0,8980.0,9687.0,False,False
2330,2022-10-31 09:36:11.168156,0.0,-0.0026109660574412663,0.0,-1.0,382.0,382.5,382.5,383.0,76.0,695.0,8980.0,9687.0,False,False
2330,2022-10-31 09:36:12.298505,0.0,-0.0026109660574412663,0.0,-1.0,382.0,382.5,382.5,383.0,76.0,696.0,8980.0,9687.0,False,False
2330,2022-10-31 09:36:12.952994,0.0,-0.0026109660574412663,0.0,-1.0,382.0,382.5,382.5,383.0,75.0,696.0,8980.0,9687.0,False,False
2330,2022-10-31 09:36:12.974360,0.0,-0.0026109660574412663,0.0,-1.0,382.0,382.5,382.5,383.0,75.0,696.0,8980.0,9687.0,False,False
2330,2022-10-31 09:36:13.046507,0.0,-0.0026109660574412663,0.0,-1.0,382.0,382.5,382.5,383.0,75.0,696.0,8856.0,9717.0,True,True
2330,2022-10-31 09:36:14.371680,0.0,-0.0026109660574412663,0.0,-1.0,382.0,382.5,382.5,383.0,75.0,696.0,8856.0,9717.0,False,False
2330,2022-10-31 09:36:14.483103,0.0,-0.0026109660574412663,0.0,-1.0,382.0,382.5,382.5,383.0,75.0,696.0,8856.0,9717.0,False,False
2330,2022-10-31 09:36:14.777997,0.0,-0.0026109660574412663,0.0,-1.0,382.0,382.5,382.5,383.0,76.0,696.0,8856.0,9717.0,False,False
2330,2022-10-31 09:36:15.875744,0.0,-0.0026109660574412663,0.0,-1.0,382.0,382.5,382.5,383.0,76.0,696.0,8856.0,9717.0,False,False
2330,2022-10-31 09:36:15.967570,0.0,-0.0026109660574412663,0.0,-1.0,382.0,382.5,382.5,383.0,75.0,696.0,8856.0,9717.0,False,False
2330,2022-10-31 09:36:16.027916,0.0,-0.0026109660574412663,0.0,-1.0,382.0,382.5,382.5,383.0,75.0,711.0,8856.0,9717.0,False,False
2330,2022-10-31 09:36:16.201696,0.0,-0.0026109660574412663,0.0,-1.0,382.0,382.5,382.5,383.0,75.0,711.0,8856.0,9717.0,False,False
2330,2022-10-31 09:36:16.398630,0.0,-0.0026109660574412663,0.0,-1.0,382.0,382.5,382.5,383.0,69.0,711.0,8856.0,9717.0,False,False
2330,2022-10-31 09:36:16.473208,0.0,-0.0026109660574412663,0.0,-1.0,382.0,382.5,382.5,383.0,63.0,711.0,8856.0,9717.0,False,False
2330,2022-10-31 09:36:16.520529,0.0,-0.0026109660574412663,0.0,-1.0,382.0,382.5,382.5,383.0,39.0,711.0,8856.0,9717.0,False,False
2330,2022-10-31 09:36:16.630426,0.0,-0.0026109660574412663,0.0,-1.0,382.0,382.5,382.5,383.0,39.0,709.0,8856.0,9717.0,False,False
2330,2022-10-31 09:36:16.685482,0.0,-0.0026109660574412663,0.0,-1.0,382.0,382.5,382.5,383.0,42.0,709.0,8856.0,9717.0,False,False
2330,2022-10-31 09:36:16.737873,0.0,-0.0026109660574412663,0.0,-1.0,382.0,382.5,382.5,383.0,42.0,709.0,8856.0,9717.0,False,False
2330,2022-10-31 09:36:16.864334,0.0,-0.0026109660574412663,0.0,-1.0,382.0,382.5,382.5,383.0,42.0,709.0,8856.0,9717.0,False,False
2330,2022-10-31 09:36:17.506242,0.0,-0.0026109660574412663,0.0,-1.0,382.0,382.5,382.5,383.0,41.0,709.0,8856.0,9717.0,False,False
2330,2022-10-31 09:36:17.668282,0.0,-0.0026109660574412663,0.0,-1.0,382.0,382.5,382.5,383.0,39.0,709.0,8856.0,9717.0,False,False
2330,2022-10-31 09:36:17.929636,0.0,-0.0026109660574412663,0.0,-1.0,382.0,382.5,382.5,383.0,39.0,710.0,8856.0,9717.0,False,False
2330,2022-10-31 09:36:18.181462,0.0,-0.0026109660574412663,0.0,-1.0,382.0,382.5,382.5,383.0,38.0,710.0,8856.0,9717.0,False,False
2330,2022-10-31 09:36:18.468708,0.0,-0.0026109660574412663,0.0,-1.0,382.0,382.5,382.5,383.0,28.0,710.0,8856.0,9717.0,False,False
2330,2022-10-31 09:36:18.629365,0.0,-0.0026109660574412663,0.0,-1.0,382.0,382.5,382.5,383.0,29.0,710.0,8856.0,9717.0,False,False
2330,2022-10-31 09:36:19.111796,0.0,-0.0026109660574412663,0.0,-1.0,382.0,382.5,382.5,383.0,29.0,710.0,8856.0,9717.0,False,False
2330,2022-10-31 09:36:19.535456,0.0,-0.0026109660574412663,0.0,-1.0,382.0,382.5,382.5,383.0,29.0,710.0,8856.0,9717.0,False,False
2330,2022-10-31 09:36:19.600727,0.0,-0.0026109660574412663,0.0,-1.0,382.0,382.5,382.5,383.0,30.0,710.0,8856.0,9717.0,False,False
2330,2022-10-31 09:36:20.045241,0.0,-0.0026109660574412663,0.0,-1.0,382.0,382.5,382.5,383.0,30.0,709.0,8856.0,9717.0,False,False
2330,2022-10-31 09:36:20.297294,0.0,-0.0026109660574412663,0.0,-1.0,382.0,382.5,382.5,383.0,30.0,709.0,8856.0,9717.0,False,False
2330,2022-10-31 09:36:20.362430,0.0,-0.0026109660574412663,0.0,-1.0,382.0,382.5,382.5,383.0,30.0,709.0,8856.0,9717.0,False,False
2330,2022-10-31 09:36:20.470613,0.0,-0.0026109660574412663,0.0,-1.0,382.0,382.5,382.5,383.0,30.0,709.0,8856.0,9717.0,False,False
2330,2022-10-31 09:36:21.085870,0.0,-0.0026109660574412663,0.0,-1.0,382.0,382.5,382.5,383.0,29.0,709.0,8856.0,9717.0,False,False
2330,2022-10-31 09:36:21.142280,0.0,-0.0026109660574412663,0.0,-1.0,382.0,382.5,382.5,383.0,29.0,709.0,8856.0,9717.0,False,False
2330,2022-10-31 09:36:21.305328,0.0,-0.0026109660574412663,0.0,-1.0,382.0,382.5,382.5,383.0,29.0,709.0,8856.0,9717.0,False,False
2330,2022-10-31 09:36:21.983523,0.0,-0.0026109660574412663,0.0,-1.0,382.0,382.5,382.5,383.0,13.0,709.0,8856.0,9717.0,False,False
2330,2022-10-31 09:36:22.086029,0.0,-0.0026109660574412663,0.0,-1.0,382.0,382.5,382.5,383.0,7.0,709.0,8856.0,9717.0,False,False
2330,2022-10-31 09:36:22.131468,0.0,-0.0026109660574412663,0.0,-1.0,382.0,382.5,382.5,383.0,7.0,709.0,8856.0,9717.0,False,False
2330,2022-10-31 09:36:22.151753,0.0013089005235602524,-0.003916449086161844,0.5,-1.5,381.5,382.0,382.5,383.0,119.0,8.0,8856.0,9717.0,False,False
2330,2022-10-31 09:36:22.189709,0.0013089005235602524,-0.003916449086161844,0.5,-1.5,381.5,382.0,382.5,383.0,117.0,89.0,8856.0,9717.0,False,False
2330,2022-10-31 09:36:22.254108,0.0013089005235602524,-0.003916449086161844,0.5,-1.5,381.5,382.0,382.5,383.0,117.0,88.0,8856.0,9717.0,False,False
2330,2022-10-31 09:36:22.352233,0.0013089005235602524,-0.003916449086161844,0.5,-1.5,381.5,382.0,382.5,383.0,117.0,88.0,8856.0,9717.0,False,False
2330,2022-10-31 09:36:22.423517,0.0013089005235602524,-0.003916449086161844,0.5,-1.5,381.5,382.0,382.5,383.0,118.0,88.0,8856.0,9717.0,False,False
2330,2022-10-31 09:36:22.515884,0.0013089005235602524,-0.003916449086161844,0.5,-1.5,381.5,382.0,382.5,383.0,119.0,88.0,8856.0,9717.0,False,False
2330,2022-10-31 09:36:22.606881,0.0013089005235602524,-0.003916449086161844,0.5,-1.5,381.5,382.0,382.5,383.0,120.0,89.0,8856.0,9717.0,False,False
2330,2022-10-31 09:36:22.702541,0.0013089005235602524,-0.003916449086161844,0.5,-1.5,381.5,382.0,382.5,383.0,121.0,89.0,8856.0,9717.0,False,False
2330,2022-10-31 09:36:22.806555,0.0013089005235602524,-0.003916449086161844,0.5,-1.5,381.5,382.0,382.5,383.0,122.0,89.0,8856.0,9717.0,False,False
2330,2022-10-31 09:36:22.902940,0.0013089005235602524,-0.003916449086161844,0.5,-1.5,381.5,382.0,382.5,383.0,123.0,89.0,8856.0,9717.0,False,False
2330,2022-10-31 09:36:23.087354,0.0013089005235602524,-0.003916449086161844,0.5,-1.5,381.5,382.0,382.5,383.0,123.0,89.0,7920.0,11017.0,True,True
2330,2022-10-31 09:36:23.106087,0.0013089005235602524,-0.003916449086161844,0.5,-1.5,381.5,382.0,382.5,383.0,131.0,89.0,7920.0,11017.0,False,False
2330,2022-10-31 09:36:23.200966,0.0013089005235602524,-0.003916449086161844,0.5,-1.5,381.5,382.0,382.5,383.0,132.0,100.0,7920.0,11017.0,False,False
2330,2022-10-31 09:36:23.634707,0.0013089005235602524,-0.003916449086161844,0.5,-1.5,381.5,382.0,382.5,383.0,132.0,100.0,7920.0,11017.0,False,False
2330,2022-10-31 09:36:23.682243,0.0013089005235602524,-0.003916449086161844,0.5,-1.5,381.5,382.0,382.5,383.0,132.0,100.0,7920.0,11017.0,False,False
2330,2022-10-31 09:36:23.795677,0.0013089005235602524,-0.003916449086161844,0.5,-1.5,381.5,382.0,382.5,383.0,132.0,100.0,7920.0,11017.0,False,False
2330,2022-10-31 09:36:24.073931,0.0013089005235602524,-0.003916449086161844,0.5,-1.5,381.5,382.0,382.5,383.0,130.0,100.0,7920.0,11017.0,False,False
2330,2022-10-31 09:36:24.367338,0.0013089005235602524,-0.003916449086161844,0.5,-1.5,381.5,382.0,382.5,383.0,130.0,104.0,7920.0,11017.0,False,False
2330,2022-10-31 09:36:24.480227,0.0013089005235602524,-0.003916449086161844,0.5,-1.5,381.5,382.0,382.5,383.0,130.0,105.0,7920.0,11017.0,False,False
2330,2022-10-31 09:36:25.432206,0.0013089005235602524,-0.003916449086161844,0.5,-1.5,381.5,382.0,382.5,383.0,130.0,105.0,7920.0,11017.0,False,False
2330,2022-10-31 09:36:26.097790,0.0013089005235602524,-0.003916449086161844,0.5,-1.5,381.5,382.0,382.5,383.0,130.0,105.0,7920.0,11017.0,False,False
2330,2022-10-31 09:36:26.123245,0.0013089005235602524,-0.003916449086161844,0.5,-1.5,381.5,382.0,382.5,383.0,130.0,105.0,7920.0,11017.0,False,False
2330,2022-10-31 09:36:26.976127,0.0013089005235602524,-0.003916449086161844,0.5,-1.5,381.5,382.0,382.5,383.0,130.0,105.0,7920.0,11017.0,False,False
2330,2022-10-31 09:36:26.981190,0.0013089005235602524,-0.003916449086161844,0.5,-1.5,381.5,382.0,382.5,383.0,130.0,105.0,7920.0,11017.0,False,False
2330,2022-10-31 09:36:27.091384,0.0013089005235602524,-0.003916449086161844,0.5,-1.5,381.5,382.0,382.5,383.0,130.0,115.0,7920.0,11017.0,False,False
2330,2022-10-31 09:36:27.498173,0.0013089005235602524,-0.003916449086161844,0.5,-1.5,381.5,382.0,382.5,383.0,130.0,115.0,7920.0,11017.0,False,False
2330,2022-10-31 09:36:27.498323,0.0013089005235602524,-0.003916449086161844,0.5,-1.5,381.5,382.0,382.5,383.0,130.0,115.0,7920.0,11017.0,False,False
2330,2022-10-31 09:36:27.771890,0.0013089005235602524,-0.003916449086161844,0.5,-1.5,381.5,382.0,382.5,383.0,130.0,115.0,7920.0,11017.0,False,False
2330,2022-10-31 09:36:27.926305,0.0013089005235602524,-0.003916449086161844,0.5,-1.5,381.5,382.0,382.5,383.0,130.0,115.0,7920.0,11017.0,False,False
2330,2022-10-31 09:36:27.931477,0.0013089005235602524,-0.003916449086161844,0.5,-1.5,381.5,382.0,382.5,383.0,130.0,115.0,7920.0,11017.0,False,False
2330,2022-10-31 09:36:28.145035,0.0013089005235602524,-0.003916449086161844,0.5,-1.5,381.5,382.0,382.5,383.0,130.0,115.0,7920.0,11017.0,False,False
2330,2022-10-31 09:36:28.560538,0.0013089005235602524,-0.003916449086161844,0.5,-1.5,381.5,382.0,382.5,383.0,130.0,116.0,7920.0,11017.0,False,False
2330,2022-10-31 09:36:28.646146,0.0013089005235602524,-0.003916449086161844,0.5,-1.5,381.5,382.0,382.5,383.0,129.0,116.0,7920.0,11017.0,False,False
2330,2022-10-31 09:36:28.869115,0.0013089005235602524,-0.003916449086161844,0.5,-1.5,381.5,382.0,382.5,383.0,129.0,116.0,7920.0,11017.0,False,False
2330,2022-10-31 09:36:28.874672,0.0013089005235602524,-0.003916449086161844,0.5,-1.5,381.5,382.0,382.5,383.0,128.0,116.0,7920.0,11017.0,False,False
2330,2022-10-31 09:36:28.906180,0.0013089005235602524,-0.003916449086161844,0.5,-1.5,381.5,382.0,382.5,383.0,128.0,118.0,7920.0,11017.0,False,False
2330,2022-10-31 09:36:30.596797,0.0013089005235602524,-0.003916449086161844,0.5,-1.5,381.5,382.0,382.5,383.0,128.0,119.0,7920.0,11017.0,False,False
2330,2022-10-31 09:36:30.677072,0.0013089005235602524,-0.003916449086161844,0.5,-1.5,381.5,382.0,382.5,383.0,128.0,119.0,7920.0,11017.0,False,False
2330,2022-10-31 09:36:30.973053,0.0013089005235602524,-0.003916449086161844,0.5,-1.5,381.5,382.0,382.5,383.0,128.0,125.0,7920.0,11017.0,False,False
2330,2022-10-31 09:36:33.123338,0.0013089005235602524,-0.003916449086161844,0.5,-1.5,381.5,382.0,382.5,383.0,128.0,125.0,7518.0,11617.0,True,True
2330,2022-10-31 09:36:33.403680,0.0013089005235602524,-0.003916449086161844,0.5,-1.5,381.5,382.0,382.5,383.0,128.0,125.0,7518.0,11617.0,False,False
2330,2022-10-31 09:36:33.442384,0.0013089005235602524,-0.003916449086161844,0.5,-1.5,381.5,382.0,382.5,383.0,128.0,165.0,7518.0,11617.0,False,False
2330,2022-10-31 09:36:35.205336,0.0013089005235602524,-0.003916449086161844,0.5,-1.5,381.5,382.0,382.5,383.0,128.0,165.0,7518.0,11617.0,False,False
2330,2022-10-31 09:36:35.461733,0.0013089005235602524,-0.003916449086161844,0.5,-1.5,381.5,382.0,382.5,383.0,127.0,165.0,7518.0,11617.0,False,False
2330,2022-10-31 09:36:35.513435,0.0013089005235602524,-0.003916449086161844,0.5,-1.5,381.5,382.0,382.5,383.0,127.0,165.0,7518.0,11617.0,False,False
2330,2022-10-31 09:36:35.602797,0.0013089005235602524,-0.003916449086161844,0.5,-1.5,381.5,382.0,382.5,383.0,130.0,165.0,7518.0,11617.0,False,False
2330,2022-10-31 09:36:36.174676,0.0013089005235602524,-0.003916449086161844,0.5,-1.5,381.5,382.0,382.5,383.0,130.0,165.0,7518.0,11617.0,False,False
2330,2022-10-31 09:36:36.374973,0.0013089005235602524,-0.003916449086161844,0.5,-1.5,381.5,382.0,382.5,383.0,130.0,165.0,7518.0,11617.0,False,False
2330,2022-10-31 09:36:37.217999,0.0013089005235602524,-0.003916449086161844,0.5,-1.5,381.5,382.0,382.5,383.0,130.0,166.0,7518.0,11617.0,False,False
2330,2022-10-31 09:36:37.288179,0.0013089005235602524,-0.003916449086161844,0.5,-1.5,381.5,382.0,382.5,383.0,130.0,166.0,7518.0,11617.0,False,False
2330,2022-10-31 09:36:37.357924,0.0013089005235602524,-0.003916449086161844,0.5,-1.5,381.5,382.0,382.5,383.0,130.0,169.0,7518.0,11617.0,False,False
2330,2022-10-31 09:36:37.416124,0.0013089005235602524,-0.003916449086161844,0.5,-1.5,381.5,382.0,382.5,383.0,130.0,169.0,7518.0,11617.0,False,False
2330,2022-10-31 09:36:37.584629,0.0013089005235602524,-0.003916449086161844,0.5,-1.5,381.5,382.0,382.5,383.0,130.0,182.0,7518.0,11617.0,False,False
2330,2022-10-31 09:36:37.754801,0.0013089005235602524,-0.003916449086161844,0.5,-1.5,381.5,382.0,382.5,383.0,132.0,182.0,7518.0,11617.0,False,False
2330,2022-10-31 09:36:37.831084,0.0013089005235602524,-0.003916449086161844,0.5,-1.5,381.5,382.0,382.5,383.0,132.0,182.0,7518.0,11617.0,False,False
2330,2022-10-31 09:36:38.032967,0.0013089005235602524,-0.003916449086161844,0.5,-1.5,381.5,382.0,382.5,383.0,132.0,182.0,7518.0,11617.0,False,False
2330,2022-10-31 09:36:38.308457,0.0013089005235602524,-0.003916449086161844,0.5,-1.5,381.5,382.0,382.5,383.0,133.0,182.0,7518.0,11617.0,False,False
2330,2022-10-31 09:36:39.064396,0.0013089005235602524,-0.003916449086161844,0.5,-1.5,381.5,382.0,382.5,383.0,133.0,182.0,7518.0,11617.0,False,False
2330,2022-10-31 09:36:39.096029,0.0013089005235602524,-0.003916449086161844,0.5,-1.5,381.5,382.0,382.5,383.0,133.0,182.0,7518.0,11617.0,False,False
2330,2022-10-31 09:36:39.252413,0.0013089005235602524,-0.003916449086161844,0.5,-1.5,381.5,382.0,382.5,383.0,133.0,182.0,7518.0,11617.0,False,False
2330,2022-10-31 09:36:39.361578,0.0013089005235602524,-0.003916449086161844,0.5,-1.5,381.5,382.0,382.5,383.0,134.0,183.0,7518.0,11617.0,False,False
2330,2022-10-31 09:36:39.581586,0.0013089005235602524,-0.003916449086161844,0.5,-1.5,381.5,382.0,382.5,383.0,134.0,233.0,7518.0,11617.0,False,False
2330,2022-10-31 09:36:39.637135,0.0013089005235602524,-0.003916449086161844,0.5,-1.5,381.5,382.0,382.5,383.0,134.0,233.0,7518.0,11617.0,False,False
2330,2022-10-31 09:36:39.651680,0.0013089005235602524,-0.003916449086161844,0.5,-1.5,381.5,382.0,382.5,383.0,134.0,252.0,7518.0,11617.0,False,False
2330,2022-10-31 09:36:39.911755,0.0013089005235602524,-0.003916449086161844,0.5,-1.5,381.5,382.0,382.5,383.0,134.0,251.0,7518.0,11617.0,False,False
2330,2022-10-31 09:36:40.024294,0.0013089005235602524,-0.003916449086161844,0.5,-1.5,381.5,382.0,382.5,383.0,135.0,251.0,7518.0,11617.0,False,False
2330,2022-10-31 09:36:40.600376,0.0013089005235602524,-0.003916449086161844,0.5,-1.5,381.5,382.0,382.5,383.0,135.0,401.0,7518.0,11617.0,False,False
2330,2022-10-31 09:36:40.600673,0.0013089005235602524,-0.003916449086161844,0.5,-1.5,381.5,382.0,382.5,383.0,135.0,551.0,7518.0,11617.0,False,False
2330,2022-10-31 09:36:40.670589,0.0013089005235602524,-0.003916449086161844,0.5,-1.5,381.5,382.0,382.5,383.0,135.0,571.0,7518.0,11617.0,False,False
2330,2022-10-31 09:36:40.979168,0.0013089005235602524,-0.003916449086161844,0.5,-1.5,381.5,382.0,382.5,383.0,135.0,571.0,7518.0,11617.0,False,False
2330,2022-10-31 09:36:41.032888,0.0013089005235602524,-0.003916449086161844,0.5,-1.5,381.5,382.0,382.5,383.0,135.0,572.0,7518.0,11617.0,False,False
2330,2022-10-31 09:36:41.074288,0.0013089005235602524,-0.003916449086161844,0.5,-1.5,381.5,382.0,382.5,383.0,135.0,572.0,7518.0,11617.0,False,False
2330,2022-10-31 09:36:41.358216,0.0013089005235602524,-0.003916449086161844,0.5,-1.5,381.5,382.0,382.5,383.0,135.0,572.0,7518.0,11617.0,False,False
2330,2022-10-31 09:36:41.845531,0.0013089005235602524,-0.003916449086161844,0.5,-1.5,381.5,382.0,382.5,383.0,134.0,572.0,7518.0,11617.0,False,False
2330,2022-10-31 09:36:42.174675,0.0013089005235602524,-0.003916449086161844,0.5,-1.5,381.5,382.0,382.5,383.0,137.0,572.0,7518.0,11617.0,False,False
2330,2022-10-31 09:36:42.613748,0.0013089005235602524,-0.003916449086161844,0.5,-1.5,381.5,382.0,382.5,383.0,137.0,572.0,7518.0,11617.0,False,False
2330,2022-10-31 09:36:43.160417,0.0013089005235602524,-0.003916449086161844,0.5,-1.5,381.5,382.0,382.5,383.0,137.0,572.0,7466.0,11775.0,True,True
2330,2022-10-31 09:36:43.548740,0.0013089005235602524,-0.003916449086161844,0.5,-1.5,381.5,382.0,382.5,383.0,137.0,572.0,7466.0,11775.0,False,False
2330,2022-10-31 09:36:43.556201,0.0013089005235602524,-0.003916449086161844,0.5,-1.5,381.5,382.0,382.5,383.0,137.0,571.0,7466.0,11775.0,False,False
2330,2022-10-31 09:36:43.999488,0.0013089005235602524,-0.003916449086161844,0.5,-1.5,381.5,382.0,382.5,383.0,137.0,571.0,7466.0,11775.0,False,False
2330,2022-10-31 09:36:44.031276,0.0013089005235602524,-0.003916449086161844,0.5,-1.5,381.5,382.0,382.5,383.0,137.0,571.0,7466.0,11775.0,False,False
2330,2022-10-31 09:36:44.621939,0.0013089005235602524,-0.003916449086161844,0.5,-1.5,381.5,382.0,382.5,383.0,137.0,570.0,7466.0,11775.0,False,False
2330,2022-10-31 09:36:45.197656,0.0013089005235602524,-0.003916449086161844,0.5,-1.5,381.5,382.0,382.5,383.0,136.0,570.0,7466.0,11775.0,False,False
2330,2022-10-31 09:36:45.745074,0.0013089005235602524,-0.003916449086161844,0.5,-1.5,381.5,382.0,382.5,383.0,136.0,570.0,7466.0,11775.0,False,False
2330,2022-10-31 09:36:45.924103,0.0013089005235602524,-0.003916449086161844,0.5,-1.5,381.5,382.0,382.5,383.0,136.0,571.0,7466.0,11775.0,False,False
2330,2022-10-31 09:36:46.201052,0.0013089005235602524,-0.003916449086161844,0.5,-1.5,381.5,382.0,382.5,383.0,137.0,571.0,7466.0,11775.0,False,False
2330,2022-10-31 09:36:46.811247,0.0013089005235602524,-0.003916449086161844,0.5,-1.5,381.5,382.0,382.5,383.0,137.0,571.0,7466.0,11775.0,False,False
2330,2022-10-31 09:36:47.531403,0.0013089005235602524,-0.003916449086161844,0.5,-1.5,381.5,382.0,382.5,383.0,137.0,571.0,7466.0,11775.0,False,False
2330,2022-10-31 09:36:47.731638,0.0013089005235602524,-0.003916449086161844,0.5,-1.5,381.5,382.0,382.5,383.0,137.0,572.0,7466.0,11775.0,False,False
2330,2022-10-31 09:36:48.186520,0.0013089005235602524,-0.003916449086161844,0.5,-1.5,381.5,382.0,382.5,383.0,137.0,557.0,7466.0,11775.0,False,False
2330,2022-10-31 09:36:48.288991,0.0013089005235602524,-0.003916449086161844,0.5,-1.5,381.5,382.0,382.5,383.0,138.0,557.0,7466.0,11775.0,False,False
2330,2022-10-31 09:36:48.659816,0.0013089005235602524,-0.003916449086161844,0.5,-1.5,381.5,382.0,382.5,383.0,138.0,557.0,7466.0,11775.0,False,False
2330,2022-10-31 09:36:48.787309,0.0013089005235602524,-0.003916449086161844,0.5,-1.5,381.5,382.0,382.5,383.0,138.0,557.0,7466.0,11775.0,False,False
2330,2022-10-31 09:36:49.155707,0.0013089005235602524,-0.003916449086161844,0.5,-1.5,381.5,382.0,382.5,383.0,139.0,557.0,7466.0,11775.0,False,False
2330,2022-10-31 09:36:50.298336,0.0013089005235602524,-0.003916449086161844,0.5,-1.5,381.5,382.0,382.5,383.0,138.0,557.0,7466.0,11775.0,False,False
2330,2022-10-31 09:36:51.449206,0.0013089005235602524,-0.003916449086161844,0.5,-1.5,381.5,382.0,382.5,383.0,138.0,557.0,7466.0,11775.0,False,False
2330,2022-10-31 09:36:51.456357,0.0013089005235602524,-0.003916449086161844,0.5,-1.5,381.5,382.0,382.5,383.0,138.0,557.0,7466.0,11775.0,False,False
2330,2022-10-31 09:36:51.588359,0.0013089005235602524,-0.003916449086161844,0.5,-1.5,381.5,382.0,382.5,383.0,138.0,553.0,7466.0,11775.0,False,False
2330,2022-10-31 09:36:52.031164,0.0013089005235602524,-0.003916449086161844,0.5,-1.5,381.5,382.0,382.5,383.0,138.0,554.0,7466.0,11775.0,False,False
2330,2022-10-31 09:36:52.421670,0.0013089005235602524,-0.003916449086161844,0.5,-1.5,381.5,382.0,382.5,383.0,137.0,554.0,7466.0,11775.0,False,False
2330,2022-10-31 09:36:53.200636,0.0013089005235602524,-0.003916449086161844,0.5,-1.5,381.5,382.0,382.5,383.0,137.0,554.0,7446.0,11765.0,True,True
2330,2022-10-31 09:36:53.684550,0.0013089005235602524,-0.003916449086161844,0.5,-1.5,381.5,382.0,382.5,383.0,137.0,552.0,7446.0,11765.0,False,False
2330,2022-10-31 09:36:54.250808,0.0013089005235602524,-0.003916449086161844,0.5,-1.5,381.5,382.0,382.5,383.0,137.0,553.0,7446.0,11765.0,False,False
2330,2022-10-31 09:36:54.924891,0.0013089005235602524,-0.003916449086161844,0.5,-1.5,381.5,382.0,382.5,383.0,138.0,553.0,7446.0,11765.0,False,False
2330,2022-10-31 09:36:55.124379,0.0013089005235602524,-0.003916449086161844,0.5,-1.5,381.5,382.0,382.5,383.0,138.0,553.0,7446.0,11765.0,False,False
2330,2022-10-31 09:36:55.949015,0.0013089005235602524,-0.003916449086161844,0.5,-1.5,381.5,382.0,382.5,383.0,138.0,553.0,7446.0,11765.0,False,False
2330,2022-10-31 09:36:56.354381,0.0013089005235602524,-0.003916449086161844,0.5,-1.5,381.5,382.0,382.5,383.0,138.0,554.0,7446.0,11765.0,False,False
2330,2022-10-31 09:36:56.608754,0.0013089005235602524,-0.003916449086161844,0.5,-1.5,381.5,382.0,382.5,383.0,137.0,554.0,7446.0,11765.0,False,False
2330,2022-10-31 09:36:57.193067,0.0013089005235602524,-0.003916449086161844,0.5,-1.5,381.5,382.0,382.5,383.0,137.0,554.0,7446.0,11765.0,False,False
2330,2022-10-31 09:36:57.408836,0.0013089005235602524,-0.003916449086161844,0.5,-1.5,381.5,382.0,382.5,383.0,137.0,554.0,7446.0,11765.0,False,False
2330,2022-10-31 09:36:57.515377,0.0013089005235602524,-0.003916449086161844,0.5,-1.5,381.5,382.0,382.5,383.0,137.0,554.0,7446.0,11765.0,False,False
2330,2022-10-31 09:36:58.532060,0.0013089005235602524,-0.003916449086161844,0.5,-1.5,381.5,382.0,382.5,383.0,137.0,554.0,7446.0,11765.0,False,False
2330,2022-10-31 09:36:58.638768,0.0013089005235602524,-0.003916449086161844,0.5,-1.5,381.5,382.0,382.5,383.0,137.0,554.0,7446.0,11765.0,False,False
2330,2022-10-31 09:36:59.986082,0.0013089005235602524,-0.003916449086161844,0.5,-1.5,381.5,382.0,382.5,383.0,136.0,554.0,7446.0,11765.0,False,False
2330,2022-10-31 09:37:01.396732,0.0013089005235602524,-0.003916449086161844,0.5,-1.5,381.5,382.0,382.5,383.0,136.0,562.0,7446.0,11765.0,False,False
2330,2022-10-31 09:37:02.223636,0.0013089005235602524,-0.003916449086161844,0.5,-1.5,381.5,382.0,382.5,383.0,136.0,562.0,7446.0,11765.0,False,False
2330,2022-10-31 09:37:02.628290,0.0013089005235602524,-0.003916449086161844,0.5,-1.5,381.5,382.0,382.5,383.0,136.0,562.0,9038.0,10386.0,False,True
2330,2022-10-31 09:37:02.859634,0.0013089005235602524,-0.003916449086161844,0.5,-1.5,381.5,382.0,382.5,383.0,136.0,562.0,9038.0,10386.0,False,False
2330,2022-10-31 09:37:05.168649,0.0013089005235602524,-0.003916449086161844,0.5,-1.5,381.5,382.0,382.5,383.0,136.0,562.0,9038.0,10386.0,False,False
2330,2022-10-31 09:37:05.525810,0.0013089005235602524,-0.003916449086161844,0.5,-1.5,381.5,382.0,382.5,383.0,136.0,562.0,9038.0,10386.0,False,False
2330,2022-10-31 09:37:05.655960,0.0013089005235602524,-0.003916449086161844,0.5,-1.5,381.5,382.0,382.5,383.0,136.0,562.0,9038.0,10386.0,False,False
2330,2022-10-31 09:37:05.835071,0.0013089005235602524,-0.003916449086161844,0.5,-1.5,381.5,382.0,382.5,383.0,136.0,562.0,9038.0,10386.0,False,False
2330,2022-10-31 09:37:05.924891,0.0013089005235602524,-0.003916449086161844,0.5,-1.5,381.5,382.0,382.5,383.0,137.0,562.0,9038.0,10386.0,False,False
2330,2022-10-31 09:37:06.105041,0.0013089005235602524,-0.003916449086161844,0.5,-1.5,381.5,382.0,382.5,383.0,137.0,562.0,9038.0,10386.0,False,False
2330,2022-10-31 09:37:06.767461,0.0013089005235602524,-0.003916449086161844,0.5,-1.5,381.5,382.0,382.5,383.0,138.0,562.0,9038.0,10386.0,False,False
2330,2022-10-31 09:37:06.870386,0.0013089005235602524,-0.003916449086161844,0.5,-1.5,381.5,382.0,382.5,383.0,139.0,562.0,9038.0,10386.0,False,False
2330,2022-10-31 09:37:07.072028,0.0013089005235602524,-0.003916449086161844,0.5,-1.5,381.5,382.0,382.5,383.0,139.0,562.0,9038.0,10386.0,False,False
2330,2022-10-31 09:37:07.121009,0.0013089005235602524,-0.003916449086161844,0.5,-1.5,381.5,382.0,382.5,383.0,139.0,562.0,9038.0,10386.0,False,False
2330,2022-10-31 09:37:07.237421,0.0013089005235602524,-0.003916449086161844,0.5,-1.5,381.5,382.0,382.5,383.0,139.0,562.0,9038.0,10386.0,False,False
2330,2022-10-31 09:37:07.347470,0.0013089005235602524,-0.003916449086161844,0.5,-1.5,381.5,382.0,382.5,383.0,139.0,562.0,9038.0,10386.0,False,False
2330,2022-10-31 09:37:07.475484,0.0013089005235602524,-0.003916449086161844,0.5,-1.5,381.5,382.0,382.5,383.0,139.0,561.0,9038.0,10386.0,False,False
2330,2022-10-31 09:37:07.600255,0.0013089005235602524,-0.003916449086161844,0.5,-1.5,381.5,382.0,382.5,383.0,139.0,561.0,9038.0,10386.0,False,False
2330,2022-10-31 09:37:08.101162,0.0013089005235602524,-0.003916449086161844,0.5,-1.5,381.5,382.0,382.5,383.0,139.0,561.0,9038.0,10386.0,False,False
2330,2022-10-31 09:37:08.115670,0.0013089005235602524,-0.003916449086161844,0.5,-1.5,381.5,382.0,382.5,383.0,139.0,561.0,9038.0,10386.0,False,False
2330,2022-10-31 09:37:08.189495,0.0013089005235602524,-0.003916449086161844,0.5,-1.5,381.5,382.0,382.5,383.0,139.0,561.0,9038.0,10386.0,False,False
2330,2022-10-31 09:37:08.525541,0.0013089005235602524,-0.003916449086161844,0.5,-1.5,381.5,382.0,382.5,383.0,139.0,561.0,9038.0,10386.0,False,False
2330,2022-10-31 09:37:08.694410,0.0013089005235602524,-0.003916449086161844,0.5,-1.5,381.5,382.0,382.5,383.0,139.0,562.0,9038.0,10386.0,False,False
2330,2022-10-31 09:37:08.794545,0.0013089005235602524,-0.003916449086161844,0.5,-1.5,381.5,382.0,382.5,383.0,139.0,562.0,9038.0,10386.0,False,False
2330,2022-10-31 09:37:08.796409,0.0013089005235602524,-0.003916449086161844,0.5,-1.5,381.5,382.0,382.5,383.0,139.0,562.0,9038.0,10386.0,False,False
2330,2022-10-31 09:37:09.982642,0.0013089005235602524,-0.003916449086161844,0.5,-1.5,381.5,382.0,382.5,383.0,139.0,563.0,9038.0,10386.0,False,False
2330,2022-10-31 09:37:10.556178,0.0013089005235602524,-0.003916449086161844,0.5,-1.5,381.5,382.0,382.5,383.0,139.0,563.0,9038.0,10386.0,False,False
2330,2022-10-31 09:37:10.602665,0.0013089005235602524,-0.003916449086161844,0.5,-1.5,381.5,382.0,382.5,383.0,139.0,563.0,9038.0,10386.0,False,False
2330,2022-10-31 09:37:10.684586,0.0013089005235602524,-0.003916449086161844,0.5,-1.5,381.5,382.0,382.5,383.0,139.0,563.0,9038.0,10386.0,False,False
2330,2022-10-31 09:37:11.180179,0.0013089005235602524,-0.003916449086161844,0.5,-1.5,381.5,382.0,382.5,383.0,138.0,563.0,9038.0,10386.0,False,False
2330,2022-10-31 09:37:11.605398,0.0013089005235602524,-0.003916449086161844,0.5,-1.5,381.5,382.0,382.5,383.0,138.0,563.0,9038.0,10386.0,False,False
2330,2022-10-31 09:37:11.626332,0.0013089005235602524,-0.003916449086161844,0.5,-1.5,381.5,382.0,382.5,383.0,137.0,563.0,9038.0,10386.0,False,False
2330,2022-10-31 09:37:11.685076,0.0013089005235602524,-0.003916449086161844,0.5,-1.5,381.5,382.0,382.5,383.0,136.0,563.0,9038.0,10386.0,False,False
2330,2022-10-31 09:37:11.717806,0.0013089005235602524,-0.003916449086161844,0.5,-1.5,381.5,382.0,382.5,383.0,136.0,563.0,9038.0,10386.0,False,False
2330,2022-10-31 09:37:11.790179,0.0013089005235602524,-0.003916449086161844,0.5,-1.5,381.5,382.0,382.5,383.0,136.0,563.0,9038.0,10386.0,False,False
2330,2022-10-31 09:37:12.363416,0.0013089005235602524,-0.003916449086161844,0.5,-1.5,381.5,382.0,382.5,383.0,136.0,563.0,9038.0,10386.0,False,False
2330,2022-10-31 09:37:12.395480,0.0013089005235602524,-0.003916449086161844,0.5,-1.5,381.5,382.0,382.5,383.0,136.0,563.0,9038.0,10386.0,False,False
2330,2022-10-31 09:37:12.576380,0.0013089005235602524,-0.003916449086161844,0.5,-1.5,381.5,382.0,382.5,383.0,136.0,562.0,9038.0,10386.0,False,False
2330,2022-10-31 09:37:12.663071,0.0013089005235602524,-0.003916449086161844,0.5,-1.5,381.5,382.0,382.5,383.0,136.0,562.0,8010.0,9199.0,True,True
2330,2022-10-31 09:37:12.814163,0.0013089005235602524,-0.003916449086161844,0.5,-1.5,381.5,382.0,382.5,383.0,136.0,562.0,8010.0,9199.0,False,False
2330,2022-10-31 09:37:12.856372,0.0013089005235602524,-0.003916449086161844,0.5,-1.5,381.5,382.0,382.5,383.0,136.0,562.0,8010.0,9199.0,False,False
2330,2022-10-31 09:37:13.502395,0.0013089005235602524,-0.003916449086161844,0.5,-1.5,381.5,382.0,382.5,383.0,136.0,562.0,8010.0,9199.0,False,False
2330,2022-10-31 09:37:13.816759,0.0013089005235602524,-0.003916449086161844,0.5,-1.5,381.5,382.0,382.5,383.0,136.0,560.0,8010.0,9199.0,False,False
2330,2022-10-31 09:37:14.391149,0.0013089005235602524,-0.003916449086161844,0.5,-1.5,381.5,382.0,382.5,383.0,136.0,560.0,8010.0,9199.0,False,False
2330,2022-10-31 09:37:14.447262,0.0013089005235602524,-0.003916449086161844,0.5,-1.5,381.5,382.0,382.5,383.0,136.0,560.0,8010.0,9199.0,False,False
2330,2022-10-31 09:37:14.618416,0.0013089005235602524,-0.003916449086161844,0.5,-1.5,381.5,382.0,382.5,383.0,136.0,560.0,8010.0,9199.0,False,False
2330,2022-10-31 09:37:14.668533,0.0013089005235602524,-0.003916449086161844,0.5,-1.5,381.5,382.0,382.5,383.0,135.0,560.0,8010.0,9199.0,False,False
2330,2022-10-31 09:37:14.710355,0.0013089005235602524,-0.003916449086161844,0.5,-1.5,381.5,382.0,382.5,383.0,135.0,560.0,8010.0,9199.0,False,False
2330,2022-10-31 09:37:14.884856,0.0013089005235602524,-0.003916449086161844,0.5,-1.5,381.5,382.0,382.5,383.0,135.0,561.0,8010.0,9199.0,False,False
2330,2022-10-31 09:37:14.955929,0.0013089005235602524,-0.003916449086161844,0.5,-1.5,381.5,382.0,382.5,383.0,135.0,561.0,8010.0,9199.0,False,False
2330,2022-10-31 09:37:15.013536,0.0013089005235602524,-0.003916449086161844,0.5,-1.5,381.5,382.0,382.5,383.0,135.0,561.0,8010.0,9199.0,False,False
2330,2022-10-31 09:37:15.053701,0.0013089005235602524,-0.003916449086161844,0.5,-1.5,381.5,382.0,382.5,383.0,135.0,561.0,8010.0,9199.0,False,False
2330,2022-10-31 09:37:15.353986,0.0013089005235602524,-0.003916449086161844,0.5,-1.5,381.5,382.0,382.5,383.0,135.0,561.0,8010.0,9199.0,False,False
2330,2022-10-31 09:37:15.392499,0.0013089005235602524,-0.003916449086161844,0.5,-1.5,381.5,382.0,382.5,383.0,135.0,561.0,8010.0,9199.0,False,False
2330,2022-10-31 09:37:15.879734,0.0013089005235602524,-0.003916449086161844,0.5,-1.5,381.5,382.0,382.5,383.0,135.0,561.0,8010.0,9199.0,False,False
2330,2022-10-31 09:37:16.533808,0.0013089005235602524,-0.003916449086161844,0.5,-1.5,381.5,382.0,382.5,383.0,135.0,561.0,8010.0,9199.0,False,False
2330,2022-10-31 09:37:16.597435,0.0013089005235602524,-0.003916449086161844,0.5,-1.5,381.5,382.0,382.5,383.0,135.0,561.0,8010.0,9199.0,False,False
2330,2022-10-31 09:37:16.964604,0.0013089005235602524,-0.003916449086161844,0.5,-1.5,381.5,382.0,382.5,383.0,135.0,561.0,8010.0,9199.0,False,False
2330,2022-10-31 09:37:16.966444,0.0013089005235602524,-0.003916449086161844,0.5,-1.5,381.5,382.0,382.5,383.0,135.0,561.0,8010.0,9199.0,False,False
2330,2022-10-31 09:37:17.045629,0.0013089005235602524,-0.003916449086161844,0.5,-1.5,381.5,382.0,382.5,383.0,135.0,561.0,8010.0,9199.0,False,False
2330,2022-10-31 09:37:17.251165,0.0013089005235602524,-0.003916449086161844,0.5,-1.5,381.5,382.0,382.5,383.0,135.0,561.0,8010.0,9199.0,False,False
2330,2022-10-31 09:37:17.872254,0.0013089005235602524,-0.003916449086161844,0.5,-1.5,381.5,382.0,382.5,383.0,135.0,561.0,8010.0,9199.0,False,False
2330,2022-10-31 09:37:18.046995,0.0013089005235602524,-0.003916449086161844,0.5,-1.5,381.5,382.0,382.5,383.0,135.0,561.0,8010.0,9199.0,False,False
2330,2022-10-31 09:37:18.048904,0.0013089005235602524,-0.003916449086161844,0.5,-1.5,381.5,382.0,382.5,383.0,135.0,561.0,8010.0,9199.0,False,False
2330,2022-10-31 09:37:18.215440,0.0013089005235602524,-0.003916449086161844,0.5,-1.5,381.5,382.0,382.5,383.0,135.0,561.0,8010.0,9199.0,False,False
2330,2022-10-31 09:37:18.234655,0.0013089005235602524,-0.003916449086161844,0.5,-1.5,381.5,382.0,382.5,383.0,135.0,561.0,8010.0,9199.0,False,False
2330,2022-10-31 09:37:18.505484,0.0013089005235602524,-0.003916449086161844,0.5,-1.5,381.5,382.0,382.5,383.0,135.0,561.0,8010.0,9199.0,False,False
2330,2022-10-31 09:37:18.985271,0.0013089005235602524,-0.003916449086161844,0.5,-1.5,381.5,382.0,382.5,383.0,135.0,563.0,8010.0,9199.0,False,False
2330,2022-10-31 09:37:19.042105,0.0013089005235602524,-0.003916449086161844,0.5,-1.5,381.5,382.0,382.5,383.0,135.0,563.0,8010.0,9199.0,False,False
2330,2022-10-31 09:37:19.094645,0.0013089005235602524,-0.003916449086161844,0.5,-1.5,381.5,382.0,382.5,383.0,135.0,563.0,8010.0,9199.0,False,False
2330,2022-10-31 09:37:19.753540,0.0013089005235602524,-0.003916449086161844,0.5,-1.5,381.5,382.0,382.5,383.0,135.0,563.0,8010.0,9199.0,False,False
2330,2022-10-31 09:37:19.878875,0.0013089005235602524,-0.003916449086161844,0.5,-1.5,381.5,382.0,382.5,383.0,135.0,563.0,8010.0,9199.0,False,False
2330,2022-10-31 09:37:20.003832,0.0013089005235602524,-0.003916449086161844,0.5,-1.5,381.5,382.0,382.5,383.0,135.0,563.0,8010.0,9199.0,False,False
2330,2022-10-31 09:37:20.692501,0.0013089005235602524,-0.003916449086161844,0.5,-1.5,381.5,382.0,382.5,383.0,135.0,564.0,8010.0,9199.0,False,False
2330,2022-10-31 09:37:21.256648,0.0013089005235602524,-0.003916449086161844,0.5,-1.5,381.5,382.0,382.5,383.0,135.0,564.0,8010.0,9199.0,False,False
2330,2022-10-31 09:37:21.356127,0.0013089005235602524,-0.003916449086161844,0.5,-1.5,381.5,382.0,382.5,383.0,135.0,564.0,8010.0,9199.0,False,False
2330,2022-10-31 09:37:21.379523,0.0013089005235602524,-0.003916449086161844,0.5,-1.5,381.5,382.0,382.5,383.0,135.0,564.0,8010.0,9199.0,False,False
2330,2022-10-31 09:37:21.574044,0.0013089005235602524,-0.003916449086161844,0.5,-1.5,381.5,382.0,382.5,383.0,135.0,564.0,8010.0,9199.0,False,False
2330,2022-10-31 09:37:21.641902,0.0013089005235602524,-0.003916449086161844,0.5,-1.5,381.5,382.0,382.5,383.0,135.0,564.0,8010.0,9199.0,False,False
2330,2022-10-31 09:37:21.809900,0.0013089005235602524,-0.003916449086161844,0.5,-1.5,381.5,382.0,382.5,383.0,135.0,564.0,8010.0,9199.0,False,False
2330,2022-10-31 09:37:22.078974,0.0013089005235602524,-0.003916449086161844,0.5,-1.5,381.5,382.0,382.5,383.0,135.0,564.0,8010.0,9199.0,False,False
2330,2022-10-31 09:37:22.205533,0.0013089005235602524,-0.003916449086161844,0.5,-1.5,381.5,382.0,382.5,383.0,135.0,564.0,8010.0,9199.0,False,False
2330,2022-10-31 09:37:22.292550,0.0013089005235602524,-0.003916449086161844,0.5,-1.5,381.5,382.0,382.5,383.0,135.0,564.0,8010.0,9199.0,False,False
2330,2022-10-31 09:37:22.698275,0.0013089005235602524,-0.003916449086161844,0.5,-1.5,381.5,382.0,382.5,383.0,135.0,564.0,8124.0,10099.0,True,True
2330,2022-10-31 09:37:22.810238,0.0013089005235602524,-0.003916449086161844,0.5,-1.5,381.5,382.0,382.5,383.0,135.0,564.0,8124.0,10099.0,False,False
2330,2022-10-31 09:37:22.841266,0.0013089005235602524,-0.003916449086161844,0.5,-1.5,381.5,382.0,382.5,383.0,135.0,564.0,8124.0,10099.0,False,False
2330,2022-10-31 09:37:22.963773,0.0013089005235602524,-0.003916449086161844,0.5,-1.5,381.5,382.0,382.5,383.0,135.0,564.0,8124.0,10099.0,False,False
2330,2022-10-31 09:37:23.000826,0.0013089005235602524,-0.003916449086161844,0.5,-1.5,381.5,382.0,382.5,383.0,135.0,564.0,8124.0,10099.0,False,False
2330,2022-10-31 09:37:23.225535,0.0013089005235602524,-0.003916449086161844,0.5,-1.5,381.5,382.0,382.5,383.0,135.0,564.0,8124.0,10099.0,False,False
2330,2022-10-31 09:37:23.287523,0.0013089005235602524,-0.003916449086161844,0.5,-1.5,381.5,382.0,382.5,383.0,135.0,564.0,8124.0,10099.0,False,False
2330,2022-10-31 09:37:23.910898,0.0013089005235602524,-0.003916449086161844,0.5,-1.5,381.5,382.0,382.5,383.0,135.0,564.0,8124.0,10099.0,False,False
2330,2022-10-31 09:37:23.913479,0.0013089005235602524,-0.003916449086161844,0.5,-1.5,381.5,382.0,382.5,383.0,135.0,564.0,8124.0,10099.0,False,False
2330,2022-10-31 09:37:24.823146,0.0013089005235602524,-0.003916449086161844,0.5,-1.5,381.5,382.0,382.5,383.0,135.0,564.0,8124.0,10099.0,False,False
2330,2022-10-31 09:37:25.115665,0.0013089005235602524,-0.003916449086161844,0.5,-1.5,381.5,382.0,382.5,383.0,135.0,564.0,8124.0,10099.0,False,False
2330,2022-10-31 09:37:25.577677,0.0013089005235602524,-0.003916449086161844,0.5,-1.5,381.5,382.0,382.5,383.0,135.0,564.0,8124.0,10099.0,False,False
2330,2022-10-31 09:37:25.598628,0.0013089005235602524,-0.003916449086161844,0.5,-1.5,381.5,382.0,382.5,383.0,135.0,564.0,8124.0,10099.0,False,False
2330,2022-10-31 09:37:25.681986,0.0013089005235602524,-0.003916449086161844,0.5,-1.5,381.5,382.0,382.5,383.0,135.0,564.0,8124.0,10099.0,False,False
2330,2022-10-31 09:37:25.813218,0.0013089005235602524,-0.003916449086161844,0.5,-1.5,381.5,382.0,382.5,383.0,135.0,564.0,8124.0,10099.0,False,False
2330,2022-10-31 09:37:25.960741,0.0013089005235602524,-0.003916449086161844,0.5,-1.5,381.5,382.0,382.5,383.0,135.0,564.0,8124.0,10099.0,False,False
2330,2022-10-31 09:37:25.990053,0.0013089005235602524,-0.003916449086161844,0.5,-1.5,381.5,382.0,382.5,383.0,134.0,564.0,8124.0,10099.0,False,False
2330,2022-10-31 09:37:26.019127,0.0013089005235602524,-0.003916449086161844,0.5,-1.5,381.5,382.0,382.5,383.0,134.0,564.0,8124.0,10099.0,False,False
2330,2022-10-31 09:37:26.172635,0.0013089005235602524,-0.003916449086161844,0.5,-1.5,381.5,382.0,382.5,383.0,134.0,564.0,8124.0,10099.0,False,False
2330,2022-10-31 09:37:26.281142,0.0013089005235602524,-0.003916449086161844,0.5,-1.5,381.5,382.0,382.5,383.0,134.0,564.0,8124.0,10099.0,False,False
2330,2022-10-31 09:37:26.594961,0.0013089005235602524,-0.003916449086161844,0.5,-1.5,381.5,382.0,382.5,383.0,133.0,564.0,8124.0,10099.0,False,False
2330,2022-10-31 09:37:26.607503,0.0013089005235602524,-0.003916449086161844,0.5,-1.5,381.5,382.0,382.5,383.0,133.0,564.0,8124.0,10099.0,False,False
2330,2022-10-31 09:37:27.224222,0.0013089005235602524,-0.003916449086161844,0.5,-1.5,381.5,382.0,382.5,383.0,133.0,564.0,8124.0,10099.0,False,False
2330,2022-10-31 09:37:27.333798,0.0013089005235602524,-0.003916449086161844,0.5,-1.5,381.5,382.0,382.5,383.0,133.0,564.0,8124.0,10099.0,False,False
2330,2022-10-31 09:37:27.401284,0.0013089005235602524,-0.003916449086161844,0.5,-1.5,381.5,382.0,382.5,383.0,133.0,564.0,8124.0,10099.0,False,False
2330,2022-10-31 09:37:27.897418,0.0013089005235602524,-0.003916449086161844,0.5,-1.5,381.5,382.0,382.5,383.0,134.0,564.0,8124.0,10099.0,False,False
2330,2022-10-31 09:37:27.953063,0.0013089005235602524,-0.003916449086161844,0.5,-1.5,381.5,382.0,382.5,383.0,134.0,564.0,8124.0,10099.0,False,False
2330,2022-10-31 09:37:28.159422,0.0013089005235602524,-0.003916449086161844,0.5,-1.5,381.5,382.0,382.5,383.0,137.0,564.0,8124.0,10099.0,False,False
2330,2022-10-31 09:37:28.547656,0.0013089005235602524,-0.003916449086161844,0.5,-1.5,381.5,382.0,382.5,383.0,137.0,564.0,8124.0,10099.0,False,False
2330,2022-10-31 09:37:28.835117,0.0013089005235602524,-0.003916449086161844,0.5,-1.5,381.5,382.0,382.5,383.0,137.0,564.0,8124.0,10099.0,False,False
2330,2022-10-31 09:37:29.393225,0.0013089005235602524,-0.003916449086161844,0.5,-1.5,381.5,382.0,382.5,383.0,137.0,564.0,8124.0,10099.0,False,False
2330,2022-10-31 09:37:29.433479,0.0013089005235602524,-0.003916449086161844,0.5,-1.5,381.5,382.0,382.5,383.0,137.0,564.0,8124.0,10099.0,False,False
2330,2022-10-31 09:37:29.587397,0.0013089005235602524,-0.003916449086161844,0.5,-1.5,381.5,382.0,382.5,383.0,137.0,564.0,8124.0,10099.0,False,False
2330,2022-10-31 09:37:29.709394,0.0013089005235602524,-0.003916449086161844,0.5,-1.5,381.5,382.0,382.5,383.0,136.0,564.0,8124.0,10099.0,False,False
2330,2022-10-31 09:37:29.774980,0.0013089005235602524,-0.003916449086161844,0.5,-1.5,381.5,382.0,382.5,383.0,135.0,564.0,8124.0,10099.0,False,False
2330,2022-10-31 09:37:29.799953,0.0013089005235602524,-0.003916449086161844,0.5,-1.5,381.5,382.0,382.5,383.0,135.0,564.0,8124.0,10099.0,False,False
2330,2022-10-31 09:37:29.809358,0.0013089005235602524,-0.003916449086161844,0.5,-1.5,381.5,382.0,382.5,383.0,135.0,564.0,8124.0,10099.0,False,False
2330,2022-10-31 09:37:29.870049,0.0013089005235602524,-0.003916449086161844,0.5,-1.5,381.5,382.0,382.5,383.0,135.0,564.0,8124.0,10099.0,False,False
2330,2022-10-31 09:37:30.396795,0.0013089005235602524,-0.003916449086161844,0.5,-1.5,381.5,382.0,382.5,383.0,135.0,572.0,8124.0,10099.0,False,False
2330,2022-10-31 09:37:30.460425,0.0013089005235602524,-0.003916449086161844,0.5,-1.5,381.5,382.0,382.5,383.0,135.0,572.0,8124.0,10099.0,False,False
2330,2022-10-31 09:37:30.570007,0.0013089005235602524,-0.003916449086161844,0.5,-1.5,381.5,382.0,382.5,383.0,135.0,572.0,8124.0,10099.0,False,False
2330,2022-10-31 09:37:30.593962,0.0013089005235602524,-0.003916449086161844,0.5,-1.5,381.5,382.0,382.5,383.0,134.0,572.0,8124.0,10099.0,False,False
2330,2022-10-31 09:37:31.188186,0.0013089005235602524,-0.003916449086161844,0.5,-1.5,381.5,382.0,382.5,383.0,134.0,571.0,8124.0,10099.0,False,False
2330,2022-10-31 09:37:31.246724,0.0013089005235602524,-0.003916449086161844,0.5,-1.5,381.5,382.0,382.5,383.0,133.0,571.0,8124.0,10099.0,False,False
2330,2022-10-31 09:37:31.559781,0.0013089005235602524,-0.003916449086161844,0.5,-1.5,381.5,382.0,382.5,383.0,134.0,571.0,8124.0,10099.0,False,False
2330,2022-10-31 09:37:32.129434,0.0013089005235602524,-0.003916449086161844,0.5,-1.5,381.5,382.0,382.5,383.0,137.0,571.0,8124.0,10099.0,False,False
2330,2022-10-31 09:37:32.731463,0.0013089005235602524,-0.003916449086161844,0.5,-1.5,381.5,382.0,382.5,383.0,137.0,571.0,8223.0,10883.0,True,True
2330,2022-10-31 09:37:33.130153,0.0013089005235602524,-0.003916449086161844,0.5,-1.5,381.5,382.0,382.5,383.0,137.0,571.0,8223.0,10883.0,False,False
2330,2022-10-31 09:37:33.456783,0.0013089005235602524,-0.003916449086161844,0.5,-1.5,381.5,382.0,382.5,383.0,136.0,570.0,8223.0,10883.0,False,False
2330,2022-10-31 09:37:33.512605,0.0013089005235602524,-0.003916449086161844,0.5,-1.5,381.5,382.0,382.5,383.0,132.0,566.0,8223.0,10883.0,False,False
2330,2022-10-31 09:37:33.571141,0.0013089005235602524,-0.003916449086161844,0.5,-1.5,381.5,382.0,382.5,383.0,132.0,565.0,8223.0,10883.0,False,False
2330,2022-10-31 09:37:33.641961,0.0013089005235602524,-0.003916449086161844,0.5,-1.5,381.5,382.0,382.5,383.0,131.0,565.0,8223.0,10883.0,False,False
2330,2022-10-31 09:37:38.513208,0.0013089005235602524,-0.003916449086161844,0.5,-1.5,381.5,382.0,382.5,383.0,131.0,565.0,8223.0,10883.0,False,False
2330,2022-10-31 09:37:39.424605,0.0013089005235602524,-0.003916449086161844,0.5,-1.5,381.5,382.0,382.5,383.0,131.0,565.0,8223.0,10883.0,False,False
2330,2022-10-31 09:37:39.953470,0.0013089005235602524,-0.003916449086161844,0.5,-1.5,381.5,382.0,382.5,383.0,131.0,567.0,8223.0,10883.0,False,False
2330,2022-10-31 09:37:40.567162,0.0013089005235602524,-0.003916449086161844,0.5,-1.5,381.5,382.0,382.5,383.0,131.0,565.0,8223.0,10883.0,False,False
2330,2022-10-31 09:37:40.674807,0.0013089005235602524,-0.003916449086161844,0.5,-1.5,381.5,382.0,382.5,383.0,131.0,565.0,8223.0,10883.0,False,False
2330,2022-10-31 09:37:41.372499,0.0013089005235602524,-0.003916449086161844,0.5,-1.5,381.5,382.0,382.5,383.0,131.0,565.0,8223.0,10883.0,False,False
2330,2022-10-31 09:37:41.461470,0.0013089005235602524,-0.003916449086161844,0.5,-1.5,381.5,382.0,382.5,383.0,131.0,565.0,8223.0,10883.0,False,False
2330,2022-10-31 09:37:41.480122,0.0013089005235602524,-0.003916449086161844,0.5,-1.5,381.5,382.0,382.5,383.0,131.0,565.0,8223.0,10883.0,False,False
2330,2022-10-31 09:37:41.646043,0.0013089005235602524,-0.003916449086161844,0.5,-1.5,381.5,382.0,382.5,383.0,131.0,565.0,8223.0,10883.0,False,False
2330,2022-10-31 09:37:41.796750,0.0013089005235602524,-0.003916449086161844,0.5,-1.5,381.5,382.0,382.5,383.0,131.0,565.0,8223.0,10883.0,False,False
2330,2022-10-31 09:37:41.931461,0.0013089005235602524,-0.003916449086161844,0.5,-1.5,381.5,382.0,382.5,383.0,131.0,565.0,8223.0,10883.0,False,False
2330,2022-10-31 09:37:42.163375,0.0013089005235602524,-0.003916449086161844,0.5,-1.5,381.5,382.0,382.5,383.0,131.0,565.0,8223.0,10883.0,False,False
2330,2022-10-31 09:37:42.182620,0.0013089005235602524,-0.003916449086161844,0.5,-1.5,381.5,382.0,382.5,383.0,131.0,565.0,8223.0,10883.0,False,False
2330,2022-10-31 09:37:42.267941,0.0013089005235602524,-0.003916449086161844,0.5,-1.5,381.5,382.0,382.5,383.0,131.0,565.0,8223.0,10883.0,False,False
2330,2022-10-31 09:37:42.418897,0.0013089005235602524,-0.003916449086161844,0.5,-1.5,381.5,382.0,382.5,383.0,131.0,565.0,8223.0,10883.0,False,False
2330,2022-10-31 09:37:42.512239,0.0013089005235602524,-0.003916449086161844,0.5,-1.5,381.5,382.0,382.5,383.0,131.0,565.0,8223.0,10883.0,False,False
2330,2022-10-31 09:37:42.657357,0.0013089005235602524,-0.003916449086161844,0.5,-1.5,381.5,382.0,382.5,383.0,131.0,565.0,8223.0,10883.0,False,False
2330,2022-10-31 09:37:42.763628,0.0013089005235602524,-0.003916449086161844,0.5,-1.5,381.5,382.0,382.5,383.0,131.0,565.0,7953.0,10893.0,True,True
2330,2022-10-31 09:37:42.781129,0.0013089005235602524,-0.003916449086161844,0.5,-1.5,381.5,382.0,382.5,383.0,130.0,565.0,7953.0,10893.0,False,False
2330,2022-10-31 09:37:42.810837,0.0013089005235602524,-0.003916449086161844,0.5,-1.5,381.5,382.0,382.5,383.0,130.0,565.0,7953.0,10893.0,False,False
2330,2022-10-31 09:37:43.010984,0.0013089005235602524,-0.003916449086161844,0.5,-1.5,381.5,382.0,382.5,383.0,130.0,565.0,7953.0,10893.0,False,False
2330,2022-10-31 09:37:43.075351,0.0013089005235602524,-0.003916449086161844,0.5,-1.5,381.5,382.0,382.5,383.0,130.0,565.0,7953.0,10893.0,False,False
2330,2022-10-31 09:37:43.195710,0.0013089005235602524,-0.003916449086161844,0.5,-1.5,381.5,382.0,382.5,383.0,130.0,565.0,7953.0,10893.0,False,False
2330,2022-10-31 09:37:43.331335,0.0013089005235602524,-0.003916449086161844,0.5,-1.5,381.5,382.0,382.5,383.0,130.0,565.0,7953.0,10893.0,False,False
2330,2022-10-31 09:37:43.346818,0.0013089005235602524,-0.003916449086161844,0.5,-1.5,381.5,382.0,382.5,383.0,130.0,565.0,7953.0,10893.0,False,False
2330,2022-10-31 09:37:43.940107,0.0013089005235602524,-0.003916449086161844,0.5,-1.5,381.5,382.0,382.5,383.0,127.0,565.0,7953.0,10893.0,False,False
2330,2022-10-31 09:37:44.017844,0.0013089005235602524,-0.003916449086161844,0.5,-1.5,381.5,382.0,382.5,383.0,126.0,565.0,7953.0,10893.0,False,False
2330,2022-10-31 09:37:44.063838,0.0013089005235602524,-0.003916449086161844,0.5,-1.5,381.5,382.0,382.5,383.0,126.0,565.0,7953.0,10893.0,False,False
2330,2022-10-31 09:37:44.865244,0.0013089005235602524,-0.003916449086161844,0.5,-1.5,381.5,382.0,382.5,383.0,126.0,566.0,7953.0,10893.0,False,False
2330,2022-10-31 09:37:45.475560,0.0013089005235602524,-0.003916449086161844,0.5,-1.5,381.5,382.0,382.5,383.0,131.0,566.0,7953.0,10893.0,False,False
2330,2022-10-31 09:37:45.512859,0.0013089005235602524,-0.003916449086161844,0.5,-1.5,381.5,382.0,382.5,383.0,131.0,566.0,7953.0,10893.0,False,False
2330,2022-10-31 09:37:45.619304,0.0013089005235602524,-0.003916449086161844,0.5,-1.5,381.5,382.0,382.5,383.0,132.0,565.0,7953.0,10893.0,False,False
2330,2022-10-31 09:37:45.754721,0.0013089005235602524,-0.003916449086161844,0.5,-1.5,381.5,382.0,382.5,383.0,132.0,565.0,7953.0,10893.0,False,False
2330,2022-10-31 09:37:46.081136,0.0013089005235602524,-0.003916449086161844,0.5,-1.5,381.5,382.0,382.5,383.0,132.0,565.0,7953.0,10893.0,False,False
2330,2022-10-31 09:37:46.093487,0.0013089005235602524,-0.003916449086161844,0.5,-1.5,381.5,382.0,382.5,383.0,132.0,565.0,7953.0,10893.0,False,False
2330,2022-10-31 09:37:46.437412,0.0013089005235602524,-0.003916449086161844,0.5,-1.5,381.5,382.0,382.5,383.0,132.0,565.0,7953.0,10893.0,False,False
2330,2022-10-31 09:37:46.466464,0.0013089005235602524,-0.003916449086161844,0.5,-1.5,381.5,382.0,382.5,383.0,132.0,565.0,7953.0,10893.0,False,False
2330,2022-10-31 09:37:46.515439,0.0013089005235602524,-0.003916449086161844,0.5,-1.5,381.5,382.0,382.5,383.0,133.0,565.0,7953.0,10893.0,False,False
2330,2022-10-31 09:37:47.253274,0.0013089005235602524,-0.003916449086161844,0.5,-1.5,381.5,382.0,382.5,383.0,133.0,565.0,7953.0,10893.0,False,False
2330,2022-10-31 09:37:47.266386,0.0013089005235602524,-0.003916449086161844,0.5,-1.5,381.5,382.0,382.5,383.0,133.0,565.0,7953.0,10893.0,False,False
2330,2022-10-31 09:37:47.644286,0.0013089005235602524,-0.003916449086161844,0.5,-1.5,381.5,382.0,382.5,383.0,133.0,565.0,7953.0,10893.0,False,False
2330,2022-10-31 09:37:48.896943,0.0013089005235602524,-0.003916449086161844,0.5,-1.5,381.5,382.0,382.5,383.0,133.0,565.0,7953.0,10893.0,False,False
2330,2022-10-31 09:37:49.250961,0.0013089005235602524,-0.003916449086161844,0.5,-1.5,381.5,382.0,382.5,383.0,133.0,565.0,7953.0,10893.0,False,False
2330,2022-10-31 09:37:49.254841,0.0013089005235602524,-0.003916449086161844,0.5,-1.5,381.5,382.0,382.5,383.0,133.0,566.0,7953.0,10893.0,False,False
2330,2022-10-31 09:37:49.375018,0.0013089005235602524,-0.003916449086161844,0.5,-1.5,381.5,382.0,382.5,383.0,133.0,566.0,7953.0,10893.0,False,False
2330,2022-10-31 09:37:49.472847,0.0013089005235602524,-0.003916449086161844,0.5,-1.5,381.5,382.0,382.5,383.0,133.0,566.0,7953.0,10893.0,False,False
2330,2022-10-31 09:37:51.001886,0.0013089005235602524,-0.003916449086161844,0.5,-1.5,381.5,382.0,382.5,383.0,132.0,566.0,7953.0,10893.0,False,False
2330,2022-10-31 09:37:51.147559,0.0013089005235602524,-0.003916449086161844,0.5,-1.5,381.5,382.0,382.5,383.0,127.0,566.0,7953.0,10893.0,False,False
2330,2022-10-31 09:37:51.329314,0.0013089005235602524,-0.003916449086161844,0.5,-1.5,381.5,382.0,382.5,383.0,124.0,566.0,7953.0,10893.0,False,False
2330,2022-10-31 09:37:51.409103,0.0013089005235602524,-0.003916449086161844,0.5,-1.5,381.5,382.0,382.5,383.0,116.0,566.0,7953.0,10893.0,False,False
2330,2022-10-31 09:37:51.409407,0.0013089005235602524,-0.003916449086161844,0.5,-1.5,381.5,382.0,382.5,383.0,108.0,566.0,7953.0,10893.0,False,False
2330,2022-10-31 09:37:51.410299,0.0013089005235602524,-0.003916449086161844,0.5,-1.5,381.5,382.0,382.5,383.0,106.0,566.0,7953.0,10893.0,False,False
2330,2022-10-31 09:37:51.411162,0.0013089005235602524,-0.003916449086161844,0.5,-1.5,381.5,382.0,382.5,383.0,106.0,566.0,7953.0,10893.0,False,False
2330,2022-10-31 09:37:51.471023,0.0013089005235602524,-0.003916449086161844,0.5,-1.5,381.5,382.0,382.5,383.0,104.0,566.0,7953.0,10893.0,False,False
2330,2022-10-31 09:37:51.482276,0.0013089005235602524,-0.003916449086161844,0.5,-1.5,381.5,382.0,382.5,383.0,103.0,566.0,7953.0,10893.0,False,False
2330,2022-10-31 09:37:51.535211,0.0013089005235602524,-0.003916449086161844,0.5,-1.5,381.5,382.0,382.5,383.0,103.0,567.0,7953.0,10893.0,False,False
2330,2022-10-31 09:37:51.890144,0.0013089005235602524,-0.003916449086161844,0.5,-1.5,381.5,382.0,382.5,383.0,103.0,567.0,7953.0,10893.0,False,False
2330,2022-10-31 09:37:52.795873,0.0013089005235602524,-0.003916449086161844,0.5,-1.5,381.5,382.0,382.5,383.0,103.0,567.0,7849.0,10843.0,True,True
2330,2022-10-31 09:37:53.511740,0.0013089005235602524,-0.003916449086161844,0.5,-1.5,381.5,382.0,382.5,383.0,101.0,567.0,7849.0,10843.0,False,False
2330,2022-10-31 09:37:54.653005,0.0013089005235602524,-0.003916449086161844,0.5,-1.5,381.5,382.0,382.5,383.0,101.0,565.0,7849.0,10843.0,False,False
2330,2022-10-31 09:37:55.367854,0.0013089005235602524,-0.003916449086161844,0.5,-1.5,381.5,382.0,382.5,383.0,101.0,565.0,7849.0,10843.0,False,False
2330,2022-10-31 09:37:58.191961,0.0013089005235602524,-0.003916449086161844,0.5,-1.5,381.5,382.0,382.5,383.0,100.0,565.0,7849.0,10843.0,False,False
2330,2022-10-31 09:37:58.366190,0.0013089005235602524,-0.003916449086161844,0.5,-1.5,381.5,382.0,382.5,383.0,100.0,565.0,7849.0,10843.0,False,False
2330,2022-10-31 09:38:00.407769,0.0013089005235602524,-0.003916449086161844,0.5,-1.5,381.5,382.0,382.5,383.0,101.0,565.0,7849.0,10843.0,False,False
2330,2022-10-31 09:38:01.476203,0.0013089005235602524,-0.003916449086161844,0.5,-1.5,381.5,382.0,382.5,383.0,101.0,565.0,7849.0,10843.0,False,False
2330,2022-10-31 09:38:02.304922,0.0013089005235602524,-0.003916449086161844,0.5,-1.5,381.5,382.0,382.5,383.0,101.0,566.0,7849.0,10843.0,False,False
2330,2022-10-31 09:38:02.823953,0.0013089005235602524,-0.003916449086161844,0.5,-1.5,381.5,382.0,382.5,383.0,101.0,566.0,8346.0,10926.0,True,True
2330,2022-10-31 09:38:03.099798,0.0013089005235602524,-0.003916449086161844,0.5,-1.5,381.5,382.0,382.5,383.0,101.0,566.0,8346.0,10926.0,False,False
2330,2022-10-31 09:38:03.209725,0.0013089005235602524,-0.003916449086161844,0.5,-1.5,381.5,382.0,382.5,383.0,93.0,566.0,8346.0,10926.0,False,False
2330,2022-10-31 09:38:03.274655,0.0013089005235602524,-0.003916449086161844,0.5,-1.5,381.5,382.0,382.5,383.0,91.0,566.0,8346.0,10926.0,False,False
2330,2022-10-31 09:38:03.449035,0.0013089005235602524,-0.003916449086161844,0.5,-1.5,381.5,382.0,382.5,383.0,92.0,566.0,8346.0,10926.0,False,False
2330,2022-10-31 09:38:03.726028,0.0013089005235602524,-0.003916449086161844,0.5,-1.5,381.5,382.0,382.5,383.0,93.0,566.0,8346.0,10926.0,False,False
2330,2022-10-31 09:38:04.213532,0.0013089005235602524,-0.003916449086161844,0.5,-1.5,381.5,382.0,382.5,383.0,113.0,566.0,8346.0,10926.0,False,False
2330,2022-10-31 09:38:04.307351,0.0013089005235602524,-0.003916449086161844,0.5,-1.5,381.5,382.0,382.5,383.0,114.0,566.0,8346.0,10926.0,False,False
2330,2022-10-31 09:38:04.562139,0.0013089005235602524,-0.003916449086161844,0.5,-1.5,381.5,382.0,382.5,383.0,114.0,566.0,8346.0,10926.0,False,False
2330,2022-10-31 09:38:06.131454,0.0013089005235602524,-0.003916449086161844,0.5,-1.5,381.5,382.0,382.5,383.0,113.0,566.0,8346.0,10926.0,False,False
2330,2022-10-31 09:38:06.788379,0.0013089005235602524,-0.003916449086161844,0.5,-1.5,381.5,382.0,382.5,383.0,113.0,566.0,8346.0,10926.0,False,False
2330,2022-10-31 09:38:06.849055,0.0013089005235602524,-0.003916449086161844,0.5,-1.5,381.5,382.0,382.5,383.0,111.0,566.0,8346.0,10926.0,False,False
2330,2022-10-31 09:38:06.859484,0.0013089005235602524,-0.003916449086161844,0.5,-1.5,381.5,382.0,382.5,383.0,114.0,566.0,8346.0,10926.0,False,False
2330,2022-10-31 09:38:07.147433,0.0013089005235602524,-0.003916449086161844,0.5,-1.5,381.5,382.0,382.5,383.0,117.0,566.0,8346.0,10926.0,False,False
2330,2022-10-31 09:38:07.400537,0.0013089005235602524,-0.003916449086161844,0.5,-1.5,381.5,382.0,382.5,383.0,117.0,566.0,8346.0,10926.0,False,False
2330,2022-10-31 09:38:08.186308,0.0013089005235602524,-0.003916449086161844,0.5,-1.5,381.5,382.0,382.5,383.0,118.0,566.0,8346.0,10926.0,False,False
2330,2022-10-31 09:38:08.579092,0.0013089005235602524,-0.003916449086161844,0.5,-1.5,381.5,382.0,382.5,383.0,118.0,565.0,8346.0,10926.0,False,False
2330,2022-10-31 09:38:08.704286,0.0013089005235602524,-0.003916449086161844,0.5,-1.5,381.5,382.0,382.5,383.0,119.0,565.0,8346.0,10926.0,False,False
2330,2022-10-31 09:38:09.609439,0.0013089005235602524,-0.003916449086161844,0.5,-1.5,381.5,382.0,382.5,383.0,119.0,566.0,8346.0,10926.0,False,False
2330,2022-10-31 09:38:12.249721,0.0013089005235602524,-0.003916449086161844,0.5,-1.5,381.5,382.0,382.5,383.0,119.0,566.0,8346.0,10926.0,False,False
2330,2022-10-31 09:38:12.290206,0.0013089005235602524,-0.003916449086161844,0.5,-1.5,381.5,382.0,382.5,383.0,119.0,566.0,8346.0,10926.0,False,False
2330,2022-10-31 09:38:12.416062,0.0013089005235602524,-0.003916449086161844,0.5,-1.5,381.5,382.0,382.5,383.0,119.0,566.0,8346.0,10926.0,False,False
2330,2022-10-31 09:38:12.853991,0.0013089005235602524,-0.003916449086161844,0.5,-1.5,381.5,382.0,382.5,383.0,119.0,566.0,8338.0,10959.0,True,True
2330,2022-10-31 09:38:13.226961,0.0013089005235602524,-0.003916449086161844,0.5,-1.5,381.5,382.0,382.5,383.0,119.0,566.0,8338.0,10959.0,False,False
2330,2022-10-31 09:38:13.245063,0.0013089005235602524,-0.003916449086161844,0.5,-1.5,381.5,382.0,382.5,383.0,118.0,566.0,8338.0,10959.0,False,False
2330,2022-10-31 09:38:13.972043,0.0013089005235602524,-0.003916449086161844,0.5,-1.5,381.5,382.0,382.5,383.0,118.0,566.0,8338.0,10959.0,False,False
2330,2022-10-31 09:38:15.130766,0.0013089005235602524,-0.003916449086161844,0.5,-1.5,381.5,382.0,382.5,383.0,118.0,566.0,8338.0,10959.0,False,False
2330,2022-10-31 09:38:15.173724,0.0013089005235602524,-0.003916449086161844,0.5,-1.5,381.5,382.0,382.5,383.0,118.0,566.0,8338.0,10959.0,False,False
2330,2022-10-31 09:38:15.300461,0.0013089005235602524,-0.003916449086161844,0.5,-1.5,381.5,382.0,382.5,383.0,117.0,566.0,8338.0,10959.0,False,False
2330,2022-10-31 09:38:15.371793,0.0013089005235602524,-0.003916449086161844,0.5,-1.5,381.5,382.0,382.5,383.0,116.0,566.0,8338.0,10959.0,False,False
2330,2022-10-31 09:38:17.375853,0.0013089005235602524,-0.003916449086161844,0.5,-1.5,381.5,382.0,382.5,383.0,116.0,566.0,8338.0,10959.0,False,False
2330,2022-10-31 09:38:17.546943,0.0013089005235602524,-0.003916449086161844,0.5,-1.5,381.5,382.0,382.5,383.0,116.0,566.0,8338.0,10959.0,False,False
2330,2022-10-31 09:38:18.057522,0.0013089005235602524,-0.003916449086161844,0.5,-1.5,381.5,382.0,382.5,383.0,116.0,565.0,8338.0,10959.0,False,False
2330,2022-10-31 09:38:18.909515,0.0013089005235602524,-0.003916449086161844,0.5,-1.5,381.5,382.0,382.5,383.0,116.0,565.0,8338.0,10959.0,False,False
2330,2022-10-31 09:38:19.256758,0.0013089005235602524,-0.003916449086161844,0.5,-1.5,381.5,382.0,382.5,383.0,116.0,565.0,8338.0,10959.0,False,False
2330,2022-10-31 09:38:19.332385,0.0013089005235602524,-0.003916449086161844,0.5,-1.5,381.5,382.0,382.5,383.0,116.0,575.0,8338.0,10959.0,False,False
2330,2022-10-31 09:38:19.860604,0.0013089005235602524,-0.003916449086161844,0.5,-1.5,381.5,382.0,382.5,383.0,116.0,575.0,8338.0,10959.0,False,False
2330,2022-10-31 09:38:20.789081,0.0013089005235602524,-0.003916449086161844,0.5,-1.5,381.5,382.0,382.5,383.0,115.0,575.0,8338.0,10959.0,False,False
2330,2022-10-31 09:38:22.345540,0.0013089005235602524,-0.003916449086161844,0.5,-1.5,381.5,382.0,382.5,383.0,115.0,576.0,8338.0,10959.0,False,False
2330,2022-10-31 09:38:22.885130,0.0013089005235602524,-0.003916449086161844,0.5,-1.5,381.5,382.0,382.5,383.0,115.0,576.0,8307.0,11059.0,True,True
2330,2022-10-31 09:38:22.982530,0.0013089005235602524,-0.003916449086161844,0.5,-1.5,381.5,382.0,382.5,383.0,115.0,576.0,8307.0,11059.0,False,False
2330,2022-10-31 09:38:23.152823,0.0013089005235602524,-0.003916449086161844,0.5,-1.5,381.5,382.0,382.5,383.0,115.0,576.0,8307.0,11059.0,False,False
2330,2022-10-31 09:38:23.581045,0.0013089005235602524,-0.003916449086161844,0.5,-1.5,381.5,382.0,382.5,383.0,117.0,576.0,8307.0,11059.0,False,False
2330,2022-10-31 09:38:23.680885,0.0013089005235602524,-0.003916449086161844,0.5,-1.5,381.5,382.0,382.5,383.0,118.0,576.0,8307.0,11059.0,False,False
2330,2022-10-31 09:38:24.108629,0.0013089005235602524,-0.003916449086161844,0.5,-1.5,381.5,382.0,382.5,383.0,119.0,576.0,8307.0,11059.0,False,False
2330,2022-10-31 09:38:25.182385,0.0013089005235602524,-0.003916449086161844,0.5,-1.5,381.5,382.0,382.5,383.0,119.0,426.0,8307.0,11059.0,False,False
2330,2022-10-31 09:38:25.182922,0.0013089005235602524,-0.003916449086161844,0.5,-1.5,381.5,382.0,382.5,383.0,119.0,276.0,8307.0,11059.0,False,False
2330,2022-10-31 09:38:25.320612,0.0013089005235602524,-0.003916449086161844,0.5,-1.5,381.5,382.0,382.5,383.0,119.0,188.0,8307.0,11059.0,False,False
2330,2022-10-31 09:38:25.332968,0.0013089005235602524,-0.003916449086161844,0.5,-1.5,381.5,382.0,382.5,383.0,119.0,188.0,8307.0,11059.0,False,False
2330,2022-10-31 09:38:25.457104,0.0013089005235602524,-0.003916449086161844,0.5,-1.5,381.5,382.0,382.5,383.0,119.0,188.0,8307.0,11059.0,False,False
2330,2022-10-31 09:38:26.597545,0.0013089005235602524,-0.003916449086161844,0.5,-1.5,381.5,382.0,382.5,383.0,129.0,188.0,8307.0,11059.0,False,False
2330,2022-10-31 09:38:26.634385,0.0013089005235602524,-0.003916449086161844,0.5,-1.5,381.5,382.0,382.5,383.0,129.0,188.0,8307.0,11059.0,False,False
2330,2022-10-31 09:38:27.098726,0.0013089005235602524,-0.003916449086161844,0.5,-1.5,381.5,382.0,382.5,383.0,429.0,188.0,8307.0,11059.0,False,False
2330,2022-10-31 09:38:27.171400,0.0013089005235602524,-0.003916449086161844,0.5,-1.5,381.5,382.0,382.5,383.0,453.0,188.0,8307.0,11059.0,False,False
2330,2022-10-31 09:38:27.269727,0.0013089005235602524,-0.003916449086161844,0.5,-1.5,381.5,382.0,382.5,383.0,455.0,188.0,8307.0,11059.0,False,False
2330,2022-10-31 09:38:27.371200,0.0013089005235602524,-0.003916449086161844,0.5,-1.5,381.5,382.0,382.5,383.0,456.0,188.0,8307.0,11059.0,False,False
2330,2022-10-31 09:38:27.474191,0.0013089005235602524,-0.003916449086161844,0.5,-1.5,381.5,382.0,382.5,383.0,457.0,188.0,8307.0,11059.0,False,False
2330,2022-10-31 09:38:27.597128,0.0013089005235602524,-0.003916449086161844,0.5,-1.5,381.5,382.0,382.5,383.0,458.0,120.0,8307.0,11059.0,False,False
2330,2022-10-31 09:38:27.627774,0.0,-0.003916449086161844,0.0,-1.5,381.5,382.5,382.5,383.0,458.0,58.0,8307.0,11059.0,False,False
2330,2022-10-31 09:38:27.677287,0.0,-0.0026109660574412663,0.0,-1.0,382.0,382.5,382.5,383.0,10.0,32.0,8307.0,11059.0,False,False
2330,2022-10-31 09:38:27.773653,0.0,-0.0026109660574412663,0.0,-1.0,382.0,382.5,382.5,383.0,11.0,32.0,8307.0,11059.0,False,False
2330,2022-10-31 09:38:27.881422,0.0,-0.0026109660574412663,0.0,-1.0,382.0,382.5,382.5,383.0,14.0,32.0,8307.0,11059.0,False,False
2330,2022-10-31 09:38:27.986025,0.0,-0.0026109660574412663,0.0,-1.0,382.0,382.5,382.5,383.0,15.0,32.0,8307.0,11059.0,False,False
2330,2022-10-31 09:38:28.074612,0.0,-0.0026109660574412663,0.0,-1.0,382.0,382.5,382.5,383.0,16.0,32.0,8307.0,11059.0,False,False
2330,2022-10-31 09:38:28.177310,0.0,-0.0026109660574412663,0.0,-1.0,382.0,382.5,382.5,383.0,17.0,32.0,8307.0,11059.0,False,False
2330,2022-10-31 09:38:28.296292,0.0,-0.0026109660574412663,0.0,-1.0,382.0,382.5,382.5,383.0,29.0,24.0,8307.0,11059.0,False,False
2330,2022-10-31 09:38:28.381465,0.0,-0.0026109660574412663,0.0,-1.0,382.0,382.5,382.5,383.0,30.0,24.0,8307.0,11059.0,False,False
2330,2022-10-31 09:38:28.474354,0.0,-0.0026109660574412663,0.0,-1.0,382.0,382.5,382.5,383.0,31.0,24.0,8307.0,11059.0,False,False
2330,2022-10-31 09:38:28.577215,0.0,-0.0026109660574412663,0.0,-1.0,382.0,382.5,382.5,383.0,32.0,24.0,8307.0,11059.0,False,False
2330,2022-10-31 09:38:28.814467,0.0,-0.0026109660574412663,0.0,-1.0,382.0,382.5,382.5,383.0,34.0,6.0,8307.0,11059.0,False,False
2330,2022-10-31 09:38:28.814408,0.0,-0.0026109660574412663,0.0,-1.0,382.0,382.5,382.5,383.0,34.0,23.0,8307.0,11059.0,False,False
2330,2022-10-31 09:38:28.835868,-0.0013054830287205776,-0.0026109660574412663,-0.5,-1.0,382.0,383.0,382.5,383.0,34.0,192.0,8307.0,11059.0,False,False
2330,2022-10-31 09:38:28.940887,-0.0013054830287205776,-0.0026109660574412663,-0.5,-1.0,382.0,383.0,382.5,383.0,35.0,192.0,8307.0,11059.0,False,False
2330,2022-10-31 09:38:28.991460,-0.0013054830287205776,-0.0026109660574412663,-0.5,-1.0,382.0,383.0,382.5,383.0,36.0,192.0,8307.0,11059.0,False,False
2330,2022-10-31 09:38:29.182571,-0.0013054830287205776,-0.0026109660574412663,-0.5,-1.0,382.0,383.0,382.5,383.0,28.0,192.0,8307.0,11059.0,False,False
2330,2022-10-31 09:38:29.283665,-0.0013054830287205776,-0.0026109660574412663,-0.5,-1.0,382.0,383.0,382.5,383.0,29.0,192.0,8307.0,11059.0,False,False
2330,2022-10-31 09:38:29.383154,-0.0013054830287205776,-0.0026109660574412663,-0.5,-1.0,382.0,383.0,382.5,383.0,30.0,192.0,8307.0,11059.0,False,False
2330,2022-10-31 09:38:29.482944,-0.0013054830287205776,-0.0026109660574412663,-0.5,-1.0,382.0,383.0,382.5,383.0,31.0,192.0,8307.0,11059.0,False,False
2330,2022-10-31 09:38:29.583889,-0.0013054830287205776,-0.0026109660574412663,-0.5,-1.0,382.0,383.0,382.5,383.0,32.0,192.0,8307.0,11059.0,False,False
2330,2022-10-31 09:38:29.698193,-0.0013054830287205776,-0.0026109660574412663,-0.5,-1.0,382.0,383.0,382.5,383.0,33.0,192.0,8307.0,11059.0,False,False
2330,2022-10-31 09:38:29.787782,-0.0013054830287205776,-0.0026109660574412663,-0.5,-1.0,382.0,383.0,382.5,383.0,34.0,192.0,8307.0,11059.0,False,False
2330,2022-10-31 09:38:29.889578,-0.0013054830287205776,-0.0026109660574412663,-0.5,-1.0,382.0,383.0,382.5,383.0,35.0,192.0,8307.0,11059.0,False,False
2330,2022-10-31 09:38:29.994778,-0.0013054830287205776,-0.0026109660574412663,-0.5,-1.0,382.0,383.0,382.5,383.0,36.0,192.0,8307.0,11059.0,False,False
2330,2022-10-31 09:38:30.089309,-0.0013054830287205776,-0.0026109660574412663,-0.5,-1.0,382.0,383.0,382.5,383.0,37.0,192.0,8307.0,11059.0,False,False
2330,2022-10-31 09:38:30.336515,-0.0013054830287205776,-0.0026109660574412663,-0.5,-1.0,382.0,383.0,382.5,383.0,37.0,192.0,8307.0,11059.0,False,False
2330,2022-10-31 09:38:31.588223,-0.0013054830287205776,-0.0026109660574412663,-0.5,-1.0,382.0,383.0,382.5,383.0,42.0,192.0,8307.0,11059.0,False,False
2330,2022-10-31 09:38:31.676058,-0.0013054830287205776,-0.0026109660574412663,-0.5,-1.0,382.0,383.0,382.5,383.0,43.0,192.0,8307.0,11059.0,False,False
2330,2022-10-31 09:38:32.923437,-0.0013054830287205776,-0.0026109660574412663,-0.5,-1.0,382.0,383.0,382.5,383.0,43.0,192.0,7964.0,10258.0,True,True
2330,2022-10-31 09:38:33.038150,-0.0013054830287205776,-0.0026109660574412663,-0.5,-1.0,382.0,383.0,382.5,383.0,43.0,192.0,7964.0,10258.0,False,False
2330,2022-10-31 09:38:34.417881,-0.0013054830287205776,-0.0026109660574412663,-0.5,-1.0,382.0,383.0,382.5,383.0,43.0,192.0,7964.0,10258.0,False,False
2330,2022-10-31 09:38:34.506689,-0.0013054830287205776,-0.0026109660574412663,-0.5,-1.0,382.0,383.0,382.5,383.0,46.0,192.0,7964.0,10258.0,False,False
2330,2022-10-31 09:38:34.533894,-0.0013054830287205776,-0.0026109660574412663,-0.5,-1.0,382.0,383.0,382.5,383.0,48.0,192.0,7964.0,10258.0,False,False
2330,2022-10-31 09:38:34.619676,-0.0013054830287205776,-0.0026109660574412663,-0.5,-1.0,382.0,383.0,382.5,383.0,48.0,194.0,7964.0,10258.0,False,False
2330,2022-10-31 09:38:35.057821,-0.0013054830287205776,-0.0026109660574412663,-0.5,-1.0,382.0,383.0,382.5,383.0,48.0,194.0,7964.0,10258.0,False,False
2330,2022-10-31 09:38:35.058335,-0.0013054830287205776,-0.0026109660574412663,-0.5,-1.0,382.0,383.0,382.5,383.0,48.0,194.0,7964.0,10258.0,False,False
2330,2022-10-31 09:38:35.121407,-0.0013054830287205776,-0.0026109660574412663,-0.5,-1.0,382.0,383.0,382.5,383.0,48.0,194.0,7964.0,10258.0,False,False
2330,2022-10-31 09:38:35.344908,-0.0013054830287205776,-0.0026109660574412663,-0.5,-1.0,382.0,383.0,382.5,383.0,48.0,194.0,7964.0,10258.0,False,False
2330,2022-10-31 09:38:36.454783,0.0,-0.0026109660574412663,0.0,-1.0,382.0,382.5,382.5,383.0,48.0,1.0,7964.0,10258.0,False,False
2330,2022-10-31 09:38:36.567667,0.0,-0.0026109660574412663,0.0,-1.0,382.0,382.5,382.5,383.0,48.0,3.0,7964.0,10258.0,False,False
2330,2022-10-31 09:38:36.657553,0.0,-0.0026109660574412663,0.0,-1.0,382.0,382.5,382.5,383.0,48.0,3.0,7964.0,10258.0,False,False
2330,2022-10-31 09:38:36.737285,0.0,-0.0026109660574412663,0.0,-1.0,382.0,382.5,382.5,383.0,48.0,3.0,7964.0,10258.0,False,False
2330,2022-10-31 09:38:37.000452,0.0,-0.0026109660574412663,0.0,-1.0,382.0,382.5,382.5,383.0,50.0,3.0,7964.0,10258.0,False,False
2330,2022-10-31 09:38:37.387523,0.0,-0.0026109660574412663,0.0,-1.0,382.0,382.5,382.5,383.0,50.0,3.0,7964.0,10258.0,False,False
2330,2022-10-31 09:38:38.154106,0.0,-0.0026109660574412663,0.0,-1.0,382.0,382.5,382.5,383.0,50.0,3.0,7964.0,10258.0,False,False
2330,2022-10-31 09:38:38.159162,0.0,-0.0026109660574412663,0.0,-1.0,382.0,382.5,382.5,383.0,50.0,3.0,7964.0,10258.0,False,False
2330,2022-10-31 09:38:38.278983,0.0,-0.0026109660574412663,0.0,-1.0,382.0,382.5,382.5,383.0,71.0,3.0,7964.0,10258.0,False,False
2330,2022-10-31 09:38:38.363212,0.0,-0.0026109660574412663,0.0,-1.0,382.0,382.5,382.5,383.0,72.0,3.0,7964.0,10258.0,False,False
2330,2022-10-31 09:38:38.499619,0.0,-0.0026109660574412663,0.0,-1.0,382.0,382.5,382.5,383.0,73.0,3.0,7964.0,10258.0,False,False
2330,2022-10-31 09:38:38.781580,0.0,-0.0026109660574412663,0.0,-1.0,382.0,382.5,382.5,383.0,81.0,3.0,7964.0,10258.0,False,False
2330,2022-10-31 09:38:38.882807,0.0,-0.0026109660574412663,0.0,-1.0,382.0,382.5,382.5,383.0,82.0,3.0,7964.0,10258.0,False,False
2330,2022-10-31 09:38:39.228016,0.0,-0.0026109660574412663,0.0,-1.0,382.0,382.5,382.5,383.0,83.0,3.0,7964.0,10258.0,False,False
2330,2022-10-31 09:38:39.539089,0.0,-0.0026109660574412663,0.0,-1.0,382.0,382.5,382.5,383.0,83.0,2.0,7964.0,10258.0,False,False
2330,2022-10-31 09:38:39.627125,0.0,-0.0026109660574412663,0.0,-1.0,382.0,382.5,382.5,383.0,84.0,2.0,7964.0,10258.0,False,False
2330,2022-10-31 09:38:39.690466,0.0,-0.0026109660574412663,0.0,-1.0,382.0,382.5,382.5,383.0,84.0,2.0,7964.0,10258.0,False,False
2330,2022-10-31 09:38:39.780484,0.0,-0.0026109660574412663,0.0,-1.0,382.0,382.5,382.5,383.0,84.0,2.0,7964.0,10258.0,False,False
2330,2022-10-31 09:38:39.882020,0.0,-0.0026109660574412663,0.0,-1.0,382.0,382.5,382.5,383.0,84.0,2.0,7964.0,10258.0,False,False
2330,2022-10-31 09:38:40.482773,0.0,-0.0026109660574412663,0.0,-1.0,382.0,382.5,382.5,383.0,84.0,1.0,7964.0,10258.0,False,False
2330,2022-10-31 09:38:40.546776,0.0,-0.0026109660574412663,0.0,-1.0,382.0,382.5,382.5,383.0,84.0,1.0,7964.0,10258.0,False,False
2330,2022-10-31 09:38:40.689552,0.0,-0.0026109660574412663,0.0,-1.0,382.0,382.5,382.5,383.0,84.0,2.0,7964.0,10258.0,False,False
2330,2022-10-31 09:38:41.074867,0.0,-0.0026109660574412663,0.0,-1.0,382.0,382.5,382.5,383.0,84.0,2.0,7964.0,10258.0,False,False
2330,2022-10-31 09:38:41.618490,0.0,-0.0026109660574412663,0.0,-1.0,382.0,382.5,382.5,383.0,84.0,1.0,7964.0,10258.0,False,False
2330,2022-10-31 09:38:41.763873,0.0,-0.0026109660574412663,0.0,-1.0,382.0,382.5,382.5,383.0,94.0,1.0,7964.0,10258.0,False,False
2330,2022-10-31 09:38:41.812363,0.0,-0.0026109660574412663,0.0,-1.0,382.0,382.5,382.5,383.0,96.0,1.0,7964.0,10258.0,False,False
2330,2022-10-31 09:38:41.872734,0.0,-0.0026109660574412663,0.0,-1.0,382.0,382.5,382.5,383.0,97.0,1.0,7964.0,10258.0,False,False
2330,2022-10-31 09:38:42.019868,0.0,-0.0026109660574412663,0.0,-1.0,382.0,382.5,382.5,383.0,96.0,1.0,7964.0,10258.0,False,False
2330,2022-10-31 09:38:42.030262,0.0,-0.0026109660574412663,0.0,-1.0,382.0,382.5,382.5,383.0,96.0,1.0,7964.0,10258.0,False,False
2330,2022-10-31 09:38:42.203762,0.0,-0.0026109660574412663,0.0,-1.0,382.0,382.5,382.5,383.0,94.0,1.0,7964.0,10258.0,False,False
2330,2022-10-31 09:38:42.320028,0.0,-0.0026109660574412663,0.0,-1.0,382.0,382.5,382.5,383.0,95.0,1.0,7964.0,10258.0,False,False
2330,2022-10-31 09:38:42.957665,0.0,-0.0026109660574412663,0.0,-1.0,382.0,382.5,382.5,383.0,95.0,1.0,7782.0,10248.0,True,True
2330,2022-10-31 09:38:43.508667,-0.0013054830287205776,-0.0026109660574412663,-0.5,-1.0,382.0,383.0,382.5,383.0,95.0,190.0,7782.0,10248.0,False,False
2330,2022-10-31 09:38:43.857276,-0.0013054830287205776,-0.0026109660574412663,-0.5,-1.0,382.0,383.0,382.5,383.0,101.0,190.0,7782.0,10248.0,False,False
2330,2022-10-31 09:38:43.928637,-0.0013054830287205776,-0.0026109660574412663,-0.5,-1.0,382.0,383.0,382.5,383.0,101.0,191.0,7782.0,10248.0,False,False
2330,2022-10-31 09:38:44.015842,-0.0013054830287205776,-0.0013054830287205776,-0.5,-0.5,382.5,383.0,382.5,383.0,1.0,191.0,7782.0,10248.0,False,False
2330,2022-10-31 09:38:44.122523,-0.0013054830287205776,-0.0013054830287205776,-0.5,-0.5,382.5,383.0,382.5,383.0,5.0,191.0,7782.0,10248.0,False,False
2330,2022-10-31 09:38:44.306378,-0.0013054830287205776,-0.0013054830287205776,-0.5,-0.5,382.5,383.0,382.5,383.0,6.0,191.0,7782.0,10248.0,False,False
2330,2022-10-31 09:38:44.406036,-0.0013054830287205776,-0.0013054830287205776,-0.5,-0.5,382.5,383.0,382.5,383.0,7.0,191.0,7782.0,10248.0,False,False
2330,2022-10-31 09:38:44.504731,-0.0013054830287205776,-0.0013054830287205776,-0.5,-0.5,382.5,383.0,382.5,383.0,8.0,191.0,7782.0,10248.0,False,False
2330,2022-10-31 09:38:44.603540,-0.0013054830287205776,-0.0013054830287205776,-0.5,-0.5,382.5,383.0,382.5,383.0,9.0,191.0,7782.0,10248.0,False,False
2330,2022-10-31 09:38:44.805466,-0.0013054830287205776,-0.0013054830287205776,-0.5,-0.5,382.5,383.0,382.5,383.0,11.0,191.0,7782.0,10248.0,False,False
2330,2022-10-31 09:38:44.911583,-0.0013054830287205776,-0.0013054830287205776,-0.5,-0.5,382.5,383.0,382.5,383.0,12.0,191.0,7782.0,10248.0,False,False
2330,2022-10-31 09:38:45.009613,-0.0013054830287205776,-0.0013054830287205776,-0.5,-0.5,382.5,383.0,382.5,383.0,18.0,191.0,7782.0,10248.0,False,False
2330,2022-10-31 09:38:45.109475,-0.0013054830287205776,-0.0013054830287205776,-0.5,-0.5,382.5,383.0,382.5,383.0,19.0,191.0,7782.0,10248.0,False,False
2330,2022-10-31 09:38:45.293454,-0.0013054830287205776,-0.0013054830287205776,-0.5,-0.5,382.5,383.0,382.5,383.0,20.0,191.0,7782.0,10248.0,False,False
2330,2022-10-31 09:38:45.410248,-0.0013054830287205776,-0.0013054830287205776,-0.5,-0.5,382.5,383.0,382.5,383.0,22.0,191.0,7782.0,10248.0,False,False
2330,2022-10-31 09:38:45.509854,-0.0013054830287205776,-0.0013054830287205776,-0.5,-0.5,382.5,383.0,382.5,383.0,23.0,191.0,7782.0,10248.0,False,False
2330,2022-10-31 09:38:45.639330,-0.0013054830287205776,-0.0013054830287205776,-0.5,-0.5,382.5,383.0,382.5,383.0,24.0,136.0,7782.0,10248.0,False,False
2330,2022-10-31 09:38:45.724441,-0.0013054830287205776,-0.0013054830287205776,-0.5,-0.5,382.5,383.0,382.5,383.0,25.0,136.0,7782.0,10248.0,False,False
2330,2022-10-31 09:38:45.922260,-0.0013054830287205776,-0.0013054830287205776,-0.5,-0.5,382.5,383.0,382.5,383.0,27.0,136.0,7782.0,10248.0,False,False
2330,2022-10-31 09:38:46.021983,-0.0013054830287205776,-0.0013054830287205776,-0.5,-0.5,382.5,383.0,382.5,383.0,28.0,136.0,7782.0,10248.0,False,False
2330,2022-10-31 09:38:46.142808,-0.0013054830287205776,-0.0013054830287205776,-0.5,-0.5,382.5,383.0,382.5,383.0,29.0,136.0,7782.0,10248.0,False,False
2330,2022-10-31 09:38:46.222528,-0.0013054830287205776,-0.0013054830287205776,-0.5,-0.5,382.5,383.0,382.5,383.0,30.0,136.0,7782.0,10248.0,False,False
2330,2022-10-31 09:38:46.414359,-0.0013054830287205776,-0.0013054830287205776,-0.5,-0.5,382.5,383.0,382.5,383.0,32.0,136.0,7782.0,10248.0,False,False
2330,2022-10-31 09:38:46.515291,-0.0013054830287205776,-0.0013054830287205776,-0.5,-0.5,382.5,383.0,382.5,383.0,33.0,136.0,7782.0,10248.0,False,False
2330,2022-10-31 09:38:46.617251,-0.0013054830287205776,-0.0013054830287205776,-0.5,-0.5,382.5,383.0,382.5,383.0,34.0,136.0,7782.0,10248.0,False,False
2330,2022-10-31 09:38:46.743864,-0.0013054830287205776,-0.0013054830287205776,-0.5,-0.5,382.5,383.0,382.5,383.0,35.0,136.0,7782.0,10248.0,False,False
2330,2022-10-31 09:38:46.917538,-0.0013054830287205776,-0.0013054830287205776,-0.5,-0.5,382.5,383.0,382.5,383.0,37.0,136.0,7782.0,10248.0,False,False
2330,2022-10-31 09:38:47.119106,-0.0013054830287205776,-0.0013054830287205776,-0.5,-0.5,382.5,383.0,382.5,383.0,36.0,136.0,7782.0,10248.0,False,False
2330,2022-10-31 09:38:47.474692,-0.0013054830287205776,-0.0013054830287205776,-0.5,-0.5,382.5,383.0,382.5,383.0,36.0,136.0,7782.0,10248.0,False,False
2330,2022-10-31 09:38:47.568101,-0.0013054830287205776,-0.0013054830287205776,-0.5,-0.5,382.5,383.0,382.5,383.0,36.0,135.0,7782.0,10248.0,False,False
2330,2022-10-31 09:38:47.584487,-0.0013054830287205776,-0.0013054830287205776,-0.5,-0.5,382.5,383.0,382.5,383.0,36.0,135.0,7782.0,10248.0,False,False
2330,2022-10-31 09:38:47.909496,-0.0013054830287205776,-0.0013054830287205776,-0.5,-0.5,382.5,383.0,382.5,383.0,36.0,135.0,7782.0,10248.0,False,False
2330,2022-10-31 09:38:48.533400,-0.0013054830287205776,-0.0013054830287205776,-0.5,-0.5,382.5,383.0,382.5,383.0,36.0,135.0,7782.0,10248.0,False,False
2330,2022-10-31 09:38:48.913373,-0.0013054830287205776,-0.0013054830287205776,-0.5,-0.5,382.5,383.0,382.5,383.0,36.0,135.0,7782.0,10248.0,False,False
2330,2022-10-31 09:38:49.022720,-0.0013054830287205776,-0.0013054830287205776,-0.5,-0.5,382.5,383.0,382.5,383.0,36.0,135.0,7782.0,10248.0,False,False
2330,2022-10-31 09:38:49.252860,-0.0013054830287205776,-0.0013054830287205776,-0.5,-0.5,382.5,383.0,382.5,383.0,36.0,135.0,7782.0,10248.0,False,False
2330,2022-10-31 09:38:49.900279,-0.0013054830287205776,-0.0013054830287205776,-0.5,-0.5,382.5,383.0,382.5,383.0,38.0,135.0,7782.0,10248.0,False,False
2330,2022-10-31 09:38:51.591599,-0.0013054830287205776,-0.0013054830287205776,-0.5,-0.5,382.5,383.0,382.5,383.0,38.0,135.0,7782.0,10248.0,False,False
2330,2022-10-31 09:38:51.662667,-0.0013054830287205776,-0.0013054830287205776,-0.5,-0.5,382.5,383.0,382.5,383.0,43.0,135.0,7782.0,10248.0,False,False
2330,2022-10-31 09:38:51.734024,-0.0013054830287205776,-0.0013054830287205776,-0.5,-0.5,382.5,383.0,382.5,383.0,43.0,135.0,7782.0,10248.0,False,False
2330,2022-10-31 09:38:52.513853,-0.0013054830287205776,-0.0013054830287205776,-0.5,-0.5,382.5,383.0,382.5,383.0,43.0,135.0,7782.0,10248.0,False,False
2330,2022-10-31 09:38:52.777208,-0.0013054830287205776,-0.0013054830287205776,-0.5,-0.5,382.5,383.0,382.5,383.0,43.0,135.0,7782.0,10248.0,False,False
2330,2022-10-31 09:38:52.972055,-0.0013054830287205776,-0.0013054830287205776,-0.5,-0.5,382.5,383.0,382.5,383.0,43.0,135.0,7782.0,10248.0,False,False
2330,2022-10-31 09:38:52.984019,-0.0013054830287205776,-0.0013054830287205776,-0.5,-0.5,382.5,383.0,382.5,383.0,43.0,135.0,7782.0,10263.0,True,True
2330,2022-10-31 09:38:52.972059,-0.0013054830287205776,-0.0013054830287205776,-0.5,-0.5,382.5,383.0,382.5,383.0,43.0,135.0,7782.0,10263.0,False,False
2330,2022-10-31 09:38:53.139089,-0.0013054830287205776,-0.0013054830287205776,-0.5,-0.5,382.5,383.0,382.5,383.0,46.0,135.0,7782.0,10263.0,False,False
2330,2022-10-31 09:38:53.926634,-0.0013054830287205776,-0.0013054830287205776,-0.5,-0.5,382.5,383.0,382.5,383.0,46.0,135.0,7782.0,10263.0,False,False
2330,2022-10-31 09:38:54.578619,-0.0013054830287205776,-0.0013054830287205776,-0.5,-0.5,382.5,383.0,382.5,383.0,46.0,135.0,7782.0,10263.0,False,False
2330,2022-10-31 09:38:54.732648,-0.0013054830287205776,-0.0013054830287205776,-0.5,-0.5,382.5,383.0,382.5,383.0,46.0,135.0,7782.0,10263.0,False,False
2330,2022-10-31 09:38:54.798799,-0.0013054830287205776,-0.0013054830287205776,-0.5,-0.5,382.5,383.0,382.5,383.0,46.0,135.0,7782.0,10263.0,False,False
2330,2022-10-31 09:38:55.011956,-0.0013054830287205776,-0.0013054830287205776,-0.5,-0.5,382.5,383.0,382.5,383.0,46.0,135.0,7782.0,10263.0,False,False
2330,2022-10-31 09:38:55.129009,-0.0013054830287205776,-0.0013054830287205776,-0.5,-0.5,382.5,383.0,382.5,383.0,46.0,135.0,7782.0,10263.0,False,False
2330,2022-10-31 09:38:55.161551,-0.0013054830287205776,-0.0013054830287205776,-0.5,-0.5,382.5,383.0,382.5,383.0,46.0,135.0,7782.0,10263.0,False,False
2330,2022-10-31 09:38:55.505906,-0.0013054830287205776,-0.0013054830287205776,-0.5,-0.5,382.5,383.0,382.5,383.0,47.0,135.0,7782.0,10263.0,False,False
2330,2022-10-31 09:38:56.592660,-0.0013054830287205776,-0.0013054830287205776,-0.5,-0.5,382.5,383.0,382.5,383.0,47.0,135.0,7782.0,10263.0,False,False
2330,2022-10-31 09:38:56.711061,-0.0013054830287205776,-0.0013054830287205776,-0.5,-0.5,382.5,383.0,382.5,383.0,47.0,135.0,7782.0,10263.0,False,False
2330,2022-10-31 09:38:57.515887,-0.0013054830287205776,-0.0013054830287205776,-0.5,-0.5,382.5,383.0,382.5,383.0,47.0,135.0,7782.0,10263.0,False,False
2330,2022-10-31 09:38:57.763419,-0.0013054830287205776,-0.0013054830287205776,-0.5,-0.5,382.5,383.0,382.5,383.0,47.0,135.0,7782.0,10263.0,False,False
2330,2022-10-31 09:38:59.217817,-0.0013054830287205776,-0.0013054830287205776,-0.5,-0.5,382.5,383.0,382.5,383.0,47.0,137.0,7782.0,10263.0,False,False
2330,2022-10-31 09:38:59.359623,-0.0013054830287205776,-0.0013054830287205776,-0.5,-0.5,382.5,383.0,382.5,383.0,47.0,137.0,7782.0,10263.0,False,False
2330,2022-10-31 09:39:01.316818,-0.0013054830287205776,-0.0013054830287205776,-0.5,-0.5,382.5,383.0,382.5,383.0,46.0,137.0,7782.0,10263.0,False,False
2330,2022-10-31 09:39:01.419941,-0.0013054830287205776,-0.0013054830287205776,-0.5,-0.5,382.5,383.0,382.5,383.0,46.0,137.0,7782.0,10263.0,False,False
2330,2022-10-31 09:39:01.582985,-0.0013054830287205776,-0.0013054830287205776,-0.5,-0.5,382.5,383.0,382.5,383.0,46.0,137.0,7782.0,10263.0,False,False
2330,2022-10-31 09:39:01.871220,-0.0013054830287205776,-0.0013054830287205776,-0.5,-0.5,382.5,383.0,382.5,383.0,46.0,137.0,7782.0,10263.0,False,False
2330,2022-10-31 09:39:02.563183,-0.0013054830287205776,-0.0013054830287205776,-0.5,-0.5,382.5,383.0,382.5,383.0,47.0,137.0,7782.0,10263.0,False,False
2330,2022-10-31 09:39:03.012281,-0.0013054830287205776,-0.0013054830287205776,-0.5,-0.5,382.5,383.0,382.5,383.0,47.0,137.0,7782.0,10263.0,False,False
2330,2022-10-31 09:39:03.011762,-0.0013054830287205776,-0.0013054830287205776,-0.5,-0.5,382.5,383.0,382.5,383.0,47.0,137.0,7867.0,10283.0,True,True
2330,2022-10-31 09:39:03.037931,-0.0013054830287205776,-0.0013054830287205776,-0.5,-0.5,382.5,383.0,382.5,383.0,47.0,138.0,7867.0,10283.0,False,False
2330,2022-10-31 09:39:03.310076,-0.0013054830287205776,-0.0013054830287205776,-0.5,-0.5,382.5,383.0,382.5,383.0,47.0,138.0,7867.0,10283.0,False,False
2330,2022-10-31 09:39:03.441835,-0.0013054830287205776,-0.0013054830287205776,-0.5,-0.5,382.5,383.0,382.5,383.0,47.0,139.0,7867.0,10283.0,False,False
2330,2022-10-31 09:39:03.569004,-0.0013054830287205776,-0.0013054830287205776,-0.5,-0.5,382.5,383.0,382.5,383.0,47.0,139.0,7867.0,10283.0,False,False
2330,2022-10-31 09:39:03.934920,-0.0013054830287205776,-0.0013054830287205776,-0.5,-0.5,382.5,383.0,382.5,383.0,47.0,139.0,7867.0,10283.0,False,False
2330,2022-10-31 09:39:03.938757,-0.0013054830287205776,-0.0013054830287205776,-0.5,-0.5,382.5,383.0,382.5,383.0,67.0,139.0,7867.0,10283.0,False,False
2330,2022-10-31 09:39:04.500008,-0.0013054830287205776,-0.0013054830287205776,-0.5,-0.5,382.5,383.0,382.5,383.0,68.0,139.0,7867.0,10283.0,False,False
2330,2022-10-31 09:39:04.693464,-0.0013054830287205776,-0.0013054830287205776,-0.5,-0.5,382.5,383.0,382.5,383.0,70.0,139.0,7867.0,10283.0,False,False
2330,2022-10-31 09:39:04.872862,-0.0013054830287205776,-0.0013054830287205776,-0.5,-0.5,382.5,383.0,382.5,383.0,70.0,138.0,7867.0,10283.0,False,False
2330,2022-10-31 09:39:05.483888,-0.0013054830287205776,-0.0013054830287205776,-0.5,-0.5,382.5,383.0,382.5,383.0,68.0,138.0,7867.0,10283.0,False,False
2330,2022-10-31 09:39:06.601994,-0.0013054830287205776,-0.0013054830287205776,-0.5,-0.5,382.5,383.0,382.5,383.0,68.0,138.0,7867.0,10283.0,False,False
2330,2022-10-31 09:39:08.188781,-0.0013054830287205776,-0.0013054830287205776,-0.5,-0.5,382.5,383.0,382.5,383.0,68.0,138.0,7867.0,10283.0,False,False
2330,2022-10-31 09:39:08.205866,-0.0013054830287205776,-0.0013054830287205776,-0.5,-0.5,382.5,383.0,382.5,383.0,68.0,138.0,7867.0,10283.0,False,False
2330,2022-10-31 09:39:10.221326,-0.0013054830287205776,-0.0013054830287205776,-0.5,-0.5,382.5,383.0,382.5,383.0,69.0,138.0,7867.0,10283.0,False,False
2330,2022-10-31 09:39:10.254146,-0.0013054830287205776,-0.0013054830287205776,-0.5,-0.5,382.5,383.0,382.5,383.0,72.0,138.0,7867.0,10283.0,False,False
2330,2022-10-31 09:39:10.570055,-0.0013054830287205776,-0.0013054830287205776,-0.5,-0.5,382.5,383.0,382.5,383.0,72.0,137.0,7867.0,10283.0,False,False
2330,2022-10-31 09:39:12.368024,-0.0013054830287205776,-0.0013054830287205776,-0.5,-0.5,382.5,383.0,382.5,383.0,72.0,138.0,7867.0,10283.0,False,False
2330,2022-10-31 09:39:12.585637,-0.0013054830287205776,-0.0013054830287205776,-0.5,-0.5,382.5,383.0,382.5,383.0,72.0,138.0,7867.0,10283.0,False,False
2330,2022-10-31 09:39:13.047028,-0.0013054830287205776,-0.0013054830287205776,-0.5,-0.5,382.5,383.0,382.5,383.0,72.0,138.0,7796.0,10693.0,True,True
2330,2022-10-31 09:39:13.578205,-0.0013054830287205776,-0.0013054830287205776,-0.5,-0.5,382.5,383.0,382.5,383.0,72.0,138.0,7796.0,10693.0,False,False
2330,2022-10-31 09:39:13.680842,-0.0013054830287205776,-0.0013054830287205776,-0.5,-0.5,382.5,383.0,382.5,383.0,72.0,137.0,7796.0,10693.0,False,False
2330,2022-10-31 09:39:14.059628,-0.0013054830287205776,-0.0013054830287205776,-0.5,-0.5,382.5,383.0,382.5,383.0,72.0,137.0,7796.0,10693.0,False,False
2330,2022-10-31 09:39:14.081513,-0.0013054830287205776,-0.0013054830287205776,-0.5,-0.5,382.5,383.0,382.5,383.0,72.0,137.0,7796.0,10693.0,False,False
2330,2022-10-31 09:39:14.893067,-0.0013054830287205776,-0.0013054830287205776,-0.5,-0.5,382.5,383.0,382.5,383.0,71.0,137.0,7796.0,10693.0,False,False
2330,2022-10-31 09:39:15.358947,-0.0013054830287205776,-0.0013054830287205776,-0.5,-0.5,382.5,383.0,382.5,383.0,71.0,137.0,7796.0,10693.0,False,False
2330,2022-10-31 09:39:15.736627,-0.0013054830287205776,-0.0013054830287205776,-0.5,-0.5,382.5,383.0,382.5,383.0,71.0,137.0,7796.0,10693.0,False,False
2330,2022-10-31 09:39:15.753458,-0.0013054830287205776,-0.0013054830287205776,-0.5,-0.5,382.5,383.0,382.5,383.0,71.0,137.0,7796.0,10693.0,False,False
2330,2022-10-31 09:39:15.904448,-0.0013054830287205776,-0.0013054830287205776,-0.5,-0.5,382.5,383.0,382.5,383.0,71.0,137.0,7796.0,10693.0,False,False
2330,2022-10-31 09:39:15.937732,-0.0013054830287205776,-0.0013054830287205776,-0.5,-0.5,382.5,383.0,382.5,383.0,71.0,136.0,7796.0,10693.0,False,False
2330,2022-10-31 09:39:15.935172,-0.0013054830287205776,-0.0013054830287205776,-0.5,-0.5,382.5,383.0,382.5,383.0,71.0,137.0,7796.0,10693.0,False,False
2330,2022-10-31 09:39:16.315260,-0.0013054830287205776,-0.0013054830287205776,-0.5,-0.5,382.5,383.0,382.5,383.0,71.0,136.0,7796.0,10693.0,False,False
2330,2022-10-31 09:39:17.544602,-0.0013054830287205776,-0.0013054830287205776,-0.5,-0.5,382.5,383.0,382.5,383.0,71.0,135.0,7796.0,10693.0,False,False
2330,2022-10-31 09:39:18.222050,-0.0013054830287205776,-0.0013054830287205776,-0.5,-0.5,382.5,383.0,382.5,383.0,71.0,136.0,7796.0,10693.0,False,False
2330,2022-10-31 09:39:18.851596,-0.0013054830287205776,-0.0013054830287205776,-0.5,-0.5,382.5,383.0,382.5,383.0,71.0,136.0,7796.0,10693.0,False,False
2330,2022-10-31 09:39:19.123778,-0.0013054830287205776,-0.0013054830287205776,-0.5,-0.5,382.5,383.0,382.5,383.0,71.0,136.0,7796.0,10693.0,False,False
2330,2022-10-31 09:39:20.936898,-0.0013054830287205776,-0.0013054830287205776,-0.5,-0.5,382.5,383.0,382.5,383.0,71.0,137.0,7796.0,10693.0,False,False
2330,2022-10-31 09:39:21.320348,-0.0013054830287205776,-0.0013054830287205776,-0.5,-0.5,382.5,383.0,382.5,383.0,72.0,137.0,7796.0,10693.0,False,False
2330,2022-10-31 09:39:23.088378,-0.0013054830287205776,-0.0013054830287205776,-0.5,-0.5,382.5,383.0,382.5,383.0,72.0,137.0,6866.0,10678.0,True,True
2330,2022-10-31 09:39:24.325118,-0.0013054830287205776,-0.0013054830287205776,-0.5,-0.5,382.5,383.0,382.5,383.0,72.0,137.0,6866.0,10678.0,False,False
2330,2022-10-31 09:39:26.288952,-0.0013054830287205776,-0.0013054830287205776,-0.5,-0.5,382.5,383.0,382.5,383.0,72.0,138.0,6866.0,10678.0,False,False
2330,2022-10-31 09:39:26.404846,-0.0013054830287205776,-0.0013054830287205776,-0.5,-0.5,382.5,383.0,382.5,383.0,222.0,138.0,6866.0,10678.0,False,False
2330,2022-10-31 09:39:26.513029,-0.0013054830287205776,-0.0013054830287205776,-0.5,-0.5,382.5,383.0,382.5,383.0,236.0,138.0,6866.0,10678.0,False,False
2330,2022-10-31 09:39:26.566375,-0.0013054830287205776,-0.0013054830287205776,-0.5,-0.5,382.5,383.0,382.5,383.0,236.0,138.0,6866.0,10678.0,False,False
2330,2022-10-31 09:39:26.658351,-0.0013054830287205776,-0.0013054830287205776,-0.5,-0.5,382.5,383.0,382.5,383.0,237.0,138.0,6866.0,10678.0,False,False
2330,2022-10-31 09:39:26.843134,-0.0013054830287205776,-0.0013054830287205776,-0.5,-0.5,382.5,383.0,382.5,383.0,238.0,138.0,6866.0,10678.0,False,False
2330,2022-10-31 09:39:26.945928,-0.0013054830287205776,-0.0013054830287205776,-0.5,-0.5,382.5,383.0,382.5,383.0,239.0,138.0,6866.0,10678.0,False,False
2330,2022-10-31 09:39:27.149136,-0.0013054830287205776,-0.0013054830287205776,-0.5,-0.5,382.5,383.0,382.5,383.0,241.0,138.0,6866.0,10678.0,False,False
2330,2022-10-31 09:39:27.249411,-0.0013054830287205776,-0.0013054830287205776,-0.5,-0.5,382.5,383.0,382.5,383.0,242.0,138.0,6866.0,10678.0,False,False
2330,2022-10-31 09:39:27.357534,-0.0013054830287205776,-0.0013054830287205776,-0.5,-0.5,382.5,383.0,382.5,383.0,243.0,138.0,6866.0,10678.0,False,False
2330,2022-10-31 09:39:27.459036,-0.0013054830287205776,-0.0013054830287205776,-0.5,-0.5,382.5,383.0,382.5,383.0,244.0,138.0,6866.0,10678.0,False,False
2330,2022-10-31 09:39:27.656096,-0.0013054830287205776,-0.0013054830287205776,-0.5,-0.5,382.5,383.0,382.5,383.0,259.0,138.0,6866.0,10678.0,False,False
2330,2022-10-31 09:39:27.751489,-0.0013054830287205776,-0.0013054830287205776,-0.5,-0.5,382.5,383.0,382.5,383.0,260.0,138.0,6866.0,10678.0,False,False
2330,2022-10-31 09:39:27.854636,-0.0013054830287205776,-0.0013054830287205776,-0.5,-0.5,382.5,383.0,382.5,383.0,261.0,138.0,6866.0,10678.0,False,False
2330,2022-10-31 09:39:28.459671,-0.0013054830287205776,-0.0013054830287205776,-0.5,-0.5,382.5,383.0,382.5,383.0,261.0,138.0,6866.0,10678.0,False,False
2330,2022-10-31 09:39:29.833133,-0.0013054830287205776,-0.0013054830287205776,-0.5,-0.5,382.5,383.0,382.5,383.0,261.0,138.0,6866.0,10678.0,False,False
2330,2022-10-31 09:39:31.581134,-0.0013054830287205776,-0.0013054830287205776,-0.5,-0.5,382.5,383.0,382.5,383.0,261.0,138.0,6866.0,10678.0,False,False
2330,2022-10-31 09:39:31.719943,-0.0013054830287205776,-0.0013054830287205776,-0.5,-0.5,382.5,383.0,382.5,383.0,261.0,139.0,6866.0,10678.0,False,False
2330,2022-10-31 09:39:32.082680,-0.0013054830287205776,-0.0013054830287205776,-0.5,-0.5,382.5,383.0,382.5,383.0,261.0,140.0,6866.0,10678.0,False,False
2330,2022-10-31 09:39:32.107268,-0.0013054830287205776,-0.0013054830287205776,-0.5,-0.5,382.5,383.0,382.5,383.0,261.0,140.0,6866.0,10678.0,False,False
2330,2022-10-31 09:39:32.218141,-0.0013054830287205776,-0.0013054830287205776,-0.5,-0.5,382.5,383.0,382.5,383.0,262.0,140.0,6866.0,10678.0,False,False
2330,2022-10-31 09:39:32.775428,-0.0013054830287205776,-0.0013054830287205776,-0.5,-0.5,382.5,383.0,382.5,383.0,262.0,140.0,6866.0,10678.0,False,False
2330,2022-10-31 09:39:33.034633,-0.0013054830287205776,-0.0013054830287205776,-0.5,-0.5,382.5,383.0,382.5,383.0,261.0,140.0,6866.0,10678.0,False,False
2330,2022-10-31 09:39:33.122622,-0.0013054830287205776,-0.0013054830287205776,-0.5,-0.5,382.5,383.0,382.5,383.0,261.0,140.0,6942.0,10778.0,True,True
2330,2022-10-31 09:39:35.356845,-0.0013054830287205776,-0.0013054830287205776,-0.5,-0.5,382.5,383.0,382.5,383.0,261.0,140.0,6942.0,10778.0,False,False
2330,2022-10-31 09:39:35.371312,-0.0013054830287205776,-0.0013054830287205776,-0.5,-0.5,382.5,383.0,382.5,383.0,261.0,140.0,6942.0,10778.0,False,False
2330,2022-10-31 09:39:35.529563,-0.0013054830287205776,-0.0013054830287205776,-0.5,-0.5,382.5,383.0,382.5,383.0,411.0,140.0,6942.0,10778.0,False,False
2330,2022-10-31 09:39:35.572298,-0.0013054830287205776,-0.0013054830287205776,-0.5,-0.5,382.5,383.0,382.5,383.0,422.0,140.0,6942.0,10778.0,False,False
2330,2022-10-31 09:39:35.757846,-0.0013054830287205776,-0.0013054830287205776,-0.5,-0.5,382.5,383.0,382.5,383.0,424.0,140.0,6942.0,10778.0,False,False
2330,2022-10-31 09:39:35.876219,-0.0013054830287205776,-0.0013054830287205776,-0.5,-0.5,382.5,383.0,382.5,383.0,426.0,140.0,6942.0,10778.0,False,False
2330,2022-10-31 09:39:35.962643,-0.0013054830287205776,-0.0013054830287205776,-0.5,-0.5,382.5,383.0,382.5,383.0,427.0,140.0,6942.0,10778.0,False,False
2330,2022-10-31 09:39:36.065464,-0.0013054830287205776,-0.0013054830287205776,-0.5,-0.5,382.5,383.0,382.5,383.0,428.0,140.0,6942.0,10778.0,False,False
2330,2022-10-31 09:39:36.259873,-0.0013054830287205776,-0.0013054830287205776,-0.5,-0.5,382.5,383.0,382.5,383.0,430.0,140.0,6942.0,10778.0,False,False
2330,2022-10-31 09:39:36.363491,-0.0013054830287205776,-0.0013054830287205776,-0.5,-0.5,382.5,383.0,382.5,383.0,431.0,140.0,6942.0,10778.0,False,False
2330,2022-10-31 09:39:36.461544,-0.0013054830287205776,-0.0013054830287205776,-0.5,-0.5,382.5,383.0,382.5,383.0,432.0,140.0,6942.0,10778.0,False,False
2330,2022-10-31 09:39:36.592938,-0.0013054830287205776,-0.0013054830287205776,-0.5,-0.5,382.5,383.0,382.5,383.0,432.0,139.0,6942.0,10778.0,False,False
2330,2022-10-31 09:39:36.771877,-0.0013054830287205776,-0.0013054830287205776,-0.5,-0.5,382.5,383.0,382.5,383.0,432.0,138.0,6942.0,10778.0,False,False
2330,2022-10-31 09:39:37.606921,-0.0013054830287205776,-0.0013054830287205776,-0.5,-0.5,382.5,383.0,382.5,383.0,432.0,138.0,6942.0,10778.0,False,False
2330,2022-10-31 09:39:39.157405,-0.0013054830287205776,-0.0013054830287205776,-0.5,-0.5,382.5,383.0,382.5,383.0,432.0,138.0,6942.0,10778.0,False,False
2330,2022-10-31 09:39:39.298876,-0.0013054830287205776,-0.0013054830287205776,-0.5,-0.5,382.5,383.0,382.5,383.0,432.0,137.0,6942.0,10778.0,False,False
2330,2022-10-31 09:39:39.935531,-0.0013054830287205776,-0.0013054830287205776,-0.5,-0.5,382.5,383.0,382.5,383.0,432.0,136.0,6942.0,10778.0,False,False
2330,2022-10-31 09:39:40.087411,-0.0013054830287205776,-0.0013054830287205776,-0.5,-0.5,382.5,383.0,382.5,383.0,433.0,136.0,6942.0,10778.0,False,False
2330,2022-10-31 09:39:40.153245,-0.0013054830287205776,-0.0013054830287205776,-0.5,-0.5,382.5,383.0,382.5,383.0,433.0,137.0,6942.0,10778.0,False,False
2330,2022-10-31 09:39:40.380807,-0.0013054830287205776,-0.0013054830287205776,-0.5,-0.5,382.5,383.0,382.5,383.0,433.0,137.0,6942.0,10778.0,False,False
2330,2022-10-31 09:39:40.728870,-0.0013054830287205776,-0.0013054830287205776,-0.5,-0.5,382.5,383.0,382.5,383.0,442.0,137.0,6942.0,10778.0,False,False
2330,2022-10-31 09:39:40.732106,-0.0013054830287205776,-0.0013054830287205776,-0.5,-0.5,382.5,383.0,382.5,383.0,442.0,135.0,6942.0,10778.0,False,False
2330,2022-10-31 09:39:40.767496,-0.0013054830287205776,-0.0013054830287205776,-0.5,-0.5,382.5,383.0,382.5,383.0,442.0,66.0,6942.0,10778.0,False,False
2330,2022-10-31 09:39:40.732060,-0.0013054830287205776,-0.0013054830287205776,-0.5,-0.5,382.5,383.0,382.5,383.0,442.0,136.0,6942.0,10778.0,False,False
2330,2022-10-31 09:39:40.798174,-0.0026075619295958807,-0.0013054830287205776,-1.0,-0.5,382.5,383.5,382.5,383.0,442.0,163.0,6942.0,10778.0,False,False
2330,2022-10-31 09:39:40.886430,-0.0013054830287205776,-0.0013054830287205776,-0.5,-0.5,382.5,383.0,382.5,383.0,444.0,4.0,6942.0,10778.0,False,False
2330,2022-10-31 09:39:40.956070,-0.0026075619295958807,-0.0013054830287205776,-1.0,-0.5,382.5,383.5,382.5,383.0,444.0,43.0,6942.0,10778.0,False,False
2330,2022-10-31 09:39:41.038061,-0.0026075619295958807,-0.0013054830287205776,-1.0,-0.5,382.5,383.5,382.5,383.0,442.0,43.0,6942.0,10778.0,False,False
2330,2022-10-31 09:39:41.074964,-0.0026075619295958807,-0.0013054830287205776,-1.0,-0.5,382.5,383.5,382.5,383.0,442.0,43.0,6942.0,10778.0,False,False
2330,2022-10-31 09:39:41.214522,-0.0026075619295958807,-0.0013054830287205776,-1.0,-0.5,382.5,383.5,382.5,383.0,443.0,43.0,6942.0,10778.0,False,False
2330,2022-10-31 09:39:41.376918,-0.0026075619295958807,0.0,-1.0,0.0,383.0,383.5,382.5,383.0,1.0,41.0,6942.0,10778.0,False,False
2330,2022-10-31 09:39:41.512912,-0.0026075619295958807,0.0,-1.0,0.0,383.0,383.5,382.5,383.0,2.0,40.0,6942.0,10778.0,False,False
2330,2022-10-31 09:39:41.504130,-0.0026075619295958807,0.0,-1.0,0.0,383.0,383.5,382.5,383.0,2.0,41.0,6942.0,10778.0,False,False
2330,2022-10-31 09:39:41.566776,-0.0026075619295958807,0.0,-1.0,0.0,383.0,383.5,382.5,383.0,3.0,40.0,6942.0,10778.0,False,False
2330,2022-10-31 09:39:41.674638,-0.0026075619295958807,0.0,-1.0,0.0,383.0,383.5,382.5,383.0,4.0,40.0,6942.0,10778.0,False,False
2330,2022-10-31 09:39:41.769967,-0.0026075619295958807,0.0,-1.0,0.0,383.0,383.5,382.5,383.0,5.0,40.0,6942.0,10778.0,False,False
2330,2022-10-31 09:39:41.806817,-0.0026075619295958807,0.0,-1.0,0.0,383.0,383.5,382.5,383.0,5.0,38.0,6942.0,10778.0,False,False
2330,2022-10-31 09:39:41.875782,-0.0026075619295958807,0.0,-1.0,0.0,383.0,383.5,382.5,383.0,6.0,38.0,6942.0,10778.0,False,False
2330,2022-10-31 09:39:41.969251,-0.0026075619295958807,0.0,-1.0,0.0,383.0,383.5,382.5,383.0,7.0,38.0,6942.0,10778.0,False,False
2330,2022-10-31 09:39:42.071256,-0.0026075619295958807,0.0,-1.0,0.0,383.0,383.5,382.5,383.0,17.0,35.0,6942.0,10778.0,False,False
2330,2022-10-31 09:39:42.078673,-0.0026075619295958807,0.0,-1.0,0.0,383.0,383.5,382.5,383.0,18.0,35.0,6942.0,10778.0,False,False
2330,2022-10-31 09:39:42.172506,-0.0026075619295958807,0.0,-1.0,0.0,383.0,383.5,382.5,383.0,19.0,35.0,6942.0,10778.0,False,False
2330,2022-10-31 09:39:42.371977,-0.0026075619295958807,0.0,-1.0,0.0,383.0,383.5,382.5,383.0,21.0,35.0,6942.0,10778.0,False,False
