symbol,datetime,NaOb_r,NbOa_r,NaOb_s,NbOa_s,bid1,ask1,odd_bid1,odd_ask1,bidQty1,askQty1,odd_bidQty1,odd_askQty1,simulate,triggerbyOdd
2603,2022-10-31 09:35:55.799107,-0.0037174721189591198,-0.0037174721189591198,-0.5,-0.5,134.0,134.5,134.0,134.5,526.0,498.0,12815.0,23689.0,True,True
2603,2022-10-31 09:35:55.819910,-0.0037174721189591198,-0.0037174721189591198,-0.5,-0.5,134.0,134.5,134.0,134.5,526.0,498.0,12815.0,23689.0,False,False
2603,2022-10-31 09:35:56.077879,-0.0037174721189591198,-0.0037174721189591198,-0.5,-0.5,134.0,134.5,134.0,134.5,526.0,473.0,12815.0,23689.0,False,False
2603,2022-10-31 09:35:56.334989,-0.0037174721189591198,-0.0037174721189591198,-0.5,-0.5,134.0,134.5,134.0,134.5,526.0,473.0,12815.0,23689.0,False,False
2603,2022-10-31 09:35:56.779449,-0.0037174721189591198,-0.0037174721189591198,-0.5,-0.5,134.0,134.5,134.0,134.5,526.0,473.0,12815.0,23689.0,False,False
2603,2022-10-31 09:35:56.862836,-0.0037174721189591198,-0.0037174721189591198,-0.5,-0.5,134.0,134.5,134.0,134.5,526.0,473.0,12815.0,23689.0,False,False
2603,2022-10-31 09:35:56.954895,-0.0037174721189591198,-0.0037174721189591198,-0.5,-0.5,134.0,134.5,134.0,134.5,526.0,473.0,12815.0,23689.0,False,False
2603,2022-10-31 09:35:57.251417,-0.0037174721189591198,-0.0037174721189591198,-0.5,-0.5,134.0,134.5,134.0,134.5,476.0,423.0,12815.0,23689.0,False,False
2603,2022-10-31 09:35:57.306417,-0.0037174721189591198,-0.0037174721189591198,-0.5,-0.5,134.0,134.5,134.0,134.5,476.0,423.0,12815.0,23689.0,False,False
2603,2022-10-31 09:35:57.553244,-0.0037174721189591198,-0.0037174721189591198,-0.5,-0.5,134.0,134.5,134.0,134.5,477.0,423.0,12815.0,23689.0,False,False
2603,2022-10-31 09:35:57.590865,-0.0037174721189591198,-0.0037174721189591198,-0.5,-0.5,134.0,134.5,134.0,134.5,477.0,422.0,12815.0,23689.0,False,False
2603,2022-10-31 09:35:57.624671,-0.0037174721189591198,-0.0037174721189591198,-0.5,-0.5,134.0,134.5,134.0,134.5,477.0,422.0,12815.0,23689.0,False,False
2603,2022-10-31 09:35:57.748314,-0.0037174721189591198,-0.0037174721189591198,-0.5,-0.5,134.0,134.5,134.0,134.5,477.0,422.0,12815.0,23689.0,False,False
2603,2022-10-31 09:35:57.825651,-0.0037174721189591198,-0.0037174721189591198,-0.5,-0.5,134.0,134.5,134.0,134.5,477.0,422.0,12815.0,23689.0,False,False
2603,2022-10-31 09:35:58.132567,-0.0037174721189591198,-0.0037174721189591198,-0.5,-0.5,134.0,134.5,134.0,134.5,473.0,418.0,12815.0,23689.0,False,False
2603,2022-10-31 09:35:58.218654,-0.0037174721189591198,-0.0037174721189591198,-0.5,-0.5,134.0,134.5,134.0,134.5,474.0,418.0,12815.0,23689.0,False,False
2603,2022-10-31 09:35:58.475766,-0.0037174721189591198,-0.0037174721189591198,-0.5,-0.5,134.0,134.5,134.0,134.5,477.0,418.0,12815.0,23689.0,False,False
2603,2022-10-31 09:35:58.665721,-0.0037174721189591198,-0.0037174721189591198,-0.5,-0.5,134.0,134.5,134.0,134.5,477.0,418.0,12815.0,23689.0,False,False
2603,2022-10-31 09:35:58.842402,-0.0037174721189591198,-0.0037174721189591198,-0.5,-0.5,134.0,134.5,134.0,134.5,476.0,417.0,12815.0,23689.0,False,False
2603,2022-10-31 09:35:58.983268,-0.0037174721189591198,-0.0037174721189591198,-0.5,-0.5,134.0,134.5,134.0,134.5,476.0,418.0,12815.0,23689.0,False,False
2603,2022-10-31 09:35:59.036445,-0.0037174721189591198,-0.0037174721189591198,-0.5,-0.5,134.0,134.5,134.0,134.5,478.0,418.0,12815.0,23689.0,False,False
2603,2022-10-31 09:35:59.048694,-0.0037174721189591198,-0.0037174721189591198,-0.5,-0.5,134.0,134.5,134.0,134.5,478.0,417.0,12815.0,23689.0,False,False
2603,2022-10-31 09:35:59.069872,-0.0037174721189591198,-0.0037174721189591198,-0.5,-0.5,134.0,134.5,134.0,134.5,498.0,416.0,12815.0,23689.0,False,False
2603,2022-10-31 09:35:59.071441,-0.0037174721189591198,-0.0037174721189591198,-0.5,-0.5,134.0,134.5,134.0,134.5,498.0,415.0,12815.0,23689.0,False,False
2603,2022-10-31 09:35:59.103271,-0.0037174721189591198,-0.0037174721189591198,-0.5,-0.5,134.0,134.5,134.0,134.5,498.0,414.0,12815.0,23689.0,False,False
2603,2022-10-31 09:35:59.048939,-0.0037174721189591198,-0.0037174721189591198,-0.5,-0.5,134.0,134.5,134.0,134.5,498.0,417.0,12815.0,23689.0,False,False
2603,2022-10-31 09:35:59.214360,-0.0037174721189591198,-0.0037174721189591198,-0.5,-0.5,134.0,134.5,134.0,134.5,498.0,413.0,12815.0,23689.0,False,False
2603,2022-10-31 09:35:59.215012,-0.0037174721189591198,-0.0037174721189591198,-0.5,-0.5,134.0,134.5,134.0,134.5,498.0,413.0,12815.0,23689.0,False,False
2603,2022-10-31 09:35:59.326117,-0.0037174721189591198,-0.0037174721189591198,-0.5,-0.5,134.0,134.5,134.0,134.5,499.0,413.0,12815.0,23689.0,False,False
2603,2022-10-31 09:35:59.495489,-0.0037174721189591198,-0.0037174721189591198,-0.5,-0.5,134.0,134.5,134.0,134.5,499.0,414.0,12815.0,23689.0,False,False
2603,2022-10-31 09:35:59.747139,-0.0037174721189591198,-0.0037174721189591198,-0.5,-0.5,134.0,134.5,134.0,134.5,501.0,414.0,12815.0,23689.0,False,False
2603,2022-10-31 09:35:59.759338,-0.0037174721189591198,-0.0037174721189591198,-0.5,-0.5,134.0,134.5,134.0,134.5,501.0,372.0,12815.0,23689.0,False,False
2603,2022-10-31 09:35:59.822375,-0.0037174721189591198,-0.0037174721189591198,-0.5,-0.5,134.0,134.5,134.0,134.5,501.0,372.0,12815.0,23689.0,False,False
2603,2022-10-31 09:35:59.981823,-0.0037174721189591198,-0.0037174721189591198,-0.5,-0.5,134.0,134.5,134.0,134.5,501.0,372.0,12815.0,23689.0,False,False
2603,2022-10-31 09:36:00.006606,-0.0037174721189591198,-0.0037174721189591198,-0.5,-0.5,134.0,134.5,134.0,134.5,501.0,371.0,12815.0,23689.0,False,False
2603,2022-10-31 09:36:00.099951,-0.0037174721189591198,-0.0037174721189591198,-0.5,-0.5,134.0,134.5,134.0,134.5,501.0,369.0,12815.0,23689.0,False,False
2603,2022-10-31 09:36:00.261035,-0.0037174721189591198,-0.0037174721189591198,-0.5,-0.5,134.0,134.5,134.0,134.5,501.0,370.0,12815.0,23689.0,False,False
2603,2022-10-31 09:36:00.433007,-0.0037174721189591198,-0.0037174721189591198,-0.5,-0.5,134.0,134.5,134.0,134.5,501.0,368.0,12815.0,23689.0,False,False
2603,2022-10-31 09:36:00.496149,-0.0037174721189591198,-0.0037174721189591198,-0.5,-0.5,134.0,134.5,134.0,134.5,501.0,367.0,12815.0,23689.0,False,False
2603,2022-10-31 09:36:00.596558,-0.0037174721189591198,-0.0037174721189591198,-0.5,-0.5,134.0,134.5,134.0,134.5,501.0,367.0,12815.0,23689.0,False,False
2603,2022-10-31 09:36:00.600985,-0.0037174721189591198,-0.0037174721189591198,-0.5,-0.5,134.0,134.5,134.0,134.5,501.0,362.0,12815.0,23689.0,False,False
2603,2022-10-31 09:36:00.640341,-0.0037174721189591198,-0.0037174721189591198,-0.5,-0.5,134.0,134.5,134.0,134.5,501.0,364.0,12815.0,23689.0,False,False
2603,2022-10-31 09:36:00.800448,-0.0037174721189591198,-0.0037174721189591198,-0.5,-0.5,134.0,134.5,134.0,134.5,501.0,363.0,12815.0,23689.0,False,False
2603,2022-10-31 09:36:00.927127,-0.0037174721189591198,-0.0037174721189591198,-0.5,-0.5,134.0,134.5,134.0,134.5,501.0,363.0,12815.0,23689.0,False,False
2603,2022-10-31 09:36:01.011436,-0.0037174721189591198,-0.0037174721189591198,-0.5,-0.5,134.0,134.5,134.0,134.5,501.0,362.0,12815.0,23689.0,False,False
2603,2022-10-31 09:36:01.050118,-0.0037174721189591198,-0.0037174721189591198,-0.5,-0.5,134.0,134.5,134.0,134.5,506.0,362.0,12815.0,23689.0,False,False
2603,2022-10-31 09:36:01.193120,-0.0037174721189591198,-0.0037174721189591198,-0.5,-0.5,134.0,134.5,134.0,134.5,506.0,352.0,12815.0,23689.0,False,False
2603,2022-10-31 09:36:01.299437,-0.0037174721189591198,-0.0037174721189591198,-0.5,-0.5,134.0,134.5,134.0,134.5,506.0,352.0,12815.0,23689.0,False,False
2603,2022-10-31 09:36:01.429418,-0.0037174721189591198,-0.0037174721189591198,-0.5,-0.5,134.0,134.5,134.0,134.5,506.0,351.0,12815.0,23689.0,False,False
2603,2022-10-31 09:36:01.522557,-0.0037174721189591198,-0.0037174721189591198,-0.5,-0.5,134.0,134.5,134.0,134.5,506.0,350.0,12815.0,23689.0,False,False
2603,2022-10-31 09:36:01.626134,-0.0037174721189591198,-0.0037174721189591198,-0.5,-0.5,134.0,134.5,134.0,134.5,506.0,350.0,12815.0,23689.0,False,False
2603,2022-10-31 09:36:01.702499,-0.0037174721189591198,-0.0037174721189591198,-0.5,-0.5,134.0,134.5,134.0,134.5,506.0,350.0,12815.0,23689.0,False,False
2603,2022-10-31 09:36:01.729589,-0.0037174721189591198,-0.0037174721189591198,-0.5,-0.5,134.0,134.5,134.0,134.5,506.0,349.0,12815.0,23689.0,False,False
2603,2022-10-31 09:36:01.846975,-0.0037174721189591198,-0.0037174721189591198,-0.5,-0.5,134.0,134.5,134.0,134.5,508.0,349.0,12815.0,23689.0,False,False
2603,2022-10-31 09:36:01.888478,-0.0037174721189591198,-0.0037174721189591198,-0.5,-0.5,134.0,134.5,134.0,134.5,510.0,349.0,12815.0,23689.0,False,False
2603,2022-10-31 09:36:02.020644,-0.0037174721189591198,-0.0037174721189591198,-0.5,-0.5,134.0,134.5,134.0,134.5,510.0,348.0,12815.0,23689.0,False,False
2603,2022-10-31 09:36:02.032981,-0.0037174721189591198,-0.0037174721189591198,-0.5,-0.5,134.0,134.5,134.0,134.5,510.0,349.0,12815.0,23689.0,False,False
2603,2022-10-31 09:36:02.035361,-0.0037174721189591198,-0.0037174721189591198,-0.5,-0.5,134.0,134.5,134.0,134.5,510.0,319.0,12815.0,23689.0,False,False
2603,2022-10-31 09:36:02.068163,-0.0037174721189591198,-0.0037174721189591198,-0.5,-0.5,134.0,134.5,134.0,134.5,510.0,317.0,12815.0,23689.0,False,False
2603,2022-10-31 09:36:02.105192,-0.0037174721189591198,-0.0037174721189591198,-0.5,-0.5,134.0,134.5,134.0,134.5,509.0,316.0,12815.0,23689.0,False,False
2603,2022-10-31 09:36:02.063149,-0.0037174721189591198,-0.0037174721189591198,-0.5,-0.5,134.0,134.5,134.0,134.5,510.0,318.0,12815.0,23689.0,False,False
2603,2022-10-31 09:36:02.272916,-0.0037174721189591198,-0.0037174721189591198,-0.5,-0.5,134.0,134.5,134.0,134.5,509.0,315.0,12815.0,23689.0,False,False
2603,2022-10-31 09:36:02.476164,-0.0037174721189591198,-0.0037174721189591198,-0.5,-0.5,134.0,134.5,134.0,134.5,509.0,314.0,12815.0,23689.0,False,False
2603,2022-10-31 09:36:02.565249,-0.0037174721189591198,-0.0037174721189591198,-0.5,-0.5,134.0,134.5,134.0,134.5,509.0,314.0,12815.0,23689.0,False,False
2603,2022-10-31 09:36:02.602636,-0.0037174721189591198,-0.0037174721189591198,-0.5,-0.5,134.0,134.5,134.0,134.5,509.0,310.0,12815.0,23689.0,False,False
2603,2022-10-31 09:36:02.641021,-0.0037174721189591198,-0.0037174721189591198,-0.5,-0.5,134.0,134.5,134.0,134.5,509.0,305.0,12815.0,23689.0,False,False
2603,2022-10-31 09:36:02.668594,-0.0037174721189591198,-0.0037174721189591198,-0.5,-0.5,134.0,134.5,134.0,134.5,509.0,305.0,12815.0,23689.0,False,False
2603,2022-10-31 09:36:02.837024,-0.0037174721189591198,-0.0037174721189591198,-0.5,-0.5,134.0,134.5,134.0,134.5,509.0,300.0,12815.0,23689.0,False,False
2603,2022-10-31 09:36:02.908769,-0.0037174721189591198,-0.0037174721189591198,-0.5,-0.5,134.0,134.5,134.0,134.5,509.0,300.0,12815.0,23689.0,False,False
2603,2022-10-31 09:36:02.970074,-0.0037174721189591198,-0.0037174721189591198,-0.5,-0.5,134.0,134.5,134.0,134.5,509.0,300.0,12815.0,23689.0,False,False
2603,2022-10-31 09:36:03.131591,-0.0037174721189591198,-0.0037174721189591198,-0.5,-0.5,134.0,134.5,134.0,134.5,507.0,299.0,12815.0,23689.0,False,False
2603,2022-10-31 09:36:03.111935,-0.0037174721189591198,-0.0037174721189591198,-0.5,-0.5,134.0,134.5,134.0,134.5,507.0,300.0,12815.0,23689.0,False,False
2603,2022-10-31 09:36:03.176167,-0.0037174721189591198,-0.0037174721189591198,-0.5,-0.5,134.0,134.5,134.0,134.5,507.0,298.0,12815.0,23689.0,False,False
2603,2022-10-31 09:36:03.439725,-0.0037174721189591198,-0.0037174721189591198,-0.5,-0.5,134.0,134.5,134.0,134.5,507.0,298.0,12815.0,23689.0,False,False
2603,2022-10-31 09:36:03.456763,-0.0037174721189591198,-0.0037174721189591198,-0.5,-0.5,134.0,134.5,134.0,134.5,507.0,298.0,12815.0,23689.0,False,False
2603,2022-10-31 09:36:03.580112,-0.0037174721189591198,-0.0037174721189591198,-0.5,-0.5,134.0,134.5,134.0,134.5,507.0,298.0,12815.0,23689.0,False,False
2603,2022-10-31 09:36:03.693473,-0.0037174721189591198,-0.0037174721189591198,-0.5,-0.5,134.0,134.5,134.0,134.5,487.0,296.0,12815.0,23689.0,False,False
2603,2022-10-31 09:36:03.656286,-0.0037174721189591198,-0.0037174721189591198,-0.5,-0.5,134.0,134.5,134.0,134.5,487.0,298.0,12815.0,23689.0,False,False
2603,2022-10-31 09:36:03.870203,-0.0037174721189591198,-0.0037174721189591198,-0.5,-0.5,134.0,134.5,134.0,134.5,487.0,295.0,12815.0,23689.0,False,False
2603,2022-10-31 09:36:04.071895,-0.0037174721189591198,-0.0037174721189591198,-0.5,-0.5,134.0,134.5,134.0,134.5,487.0,294.0,12815.0,23689.0,False,False
2603,2022-10-31 09:36:04.090715,-0.0037174721189591198,-0.0037174721189591198,-0.5,-0.5,134.0,134.5,134.0,134.5,487.0,293.0,12815.0,23689.0,False,False
2603,2022-10-31 09:36:04.098819,-0.0037174721189591198,-0.0037174721189591198,-0.5,-0.5,134.0,134.5,134.0,134.5,487.0,293.0,12815.0,23689.0,False,False
2603,2022-10-31 09:36:04.107865,-0.0037174721189591198,-0.0037174721189591198,-0.5,-0.5,134.0,134.5,134.0,134.5,488.0,293.0,12815.0,23689.0,False,False
2603,2022-10-31 09:36:04.257395,-0.0037174721189591198,-0.0037174721189591198,-0.5,-0.5,134.0,134.5,134.0,134.5,494.0,293.0,12815.0,23689.0,False,False
2603,2022-10-31 09:36:04.380358,-0.0037174721189591198,-0.0037174721189591198,-0.5,-0.5,134.0,134.5,134.0,134.5,494.0,291.0,12815.0,23689.0,False,False
2603,2022-10-31 09:36:04.386911,-0.0037174721189591198,-0.0037174721189591198,-0.5,-0.5,134.0,134.5,134.0,134.5,494.0,291.0,12815.0,23689.0,False,False
2603,2022-10-31 09:36:04.477681,-0.0037174721189591198,-0.0037174721189591198,-0.5,-0.5,134.0,134.5,134.0,134.5,494.0,290.0,12815.0,23689.0,False,False
2603,2022-10-31 09:36:04.480061,-0.0037174721189591198,-0.0037174721189591198,-0.5,-0.5,134.0,134.5,134.0,134.5,494.0,290.0,12815.0,23689.0,False,False
2603,2022-10-31 09:36:04.632576,-0.0037174721189591198,-0.0037174721189591198,-0.5,-0.5,134.0,134.5,134.0,134.5,494.0,291.0,12815.0,23689.0,False,False
2603,2022-10-31 09:36:04.793484,-0.0037174721189591198,-0.0037174721189591198,-0.5,-0.5,134.0,134.5,134.0,134.5,494.0,291.0,12815.0,23689.0,False,False
2603,2022-10-31 09:36:04.954468,-0.0037174721189591198,-0.0037174721189591198,-0.5,-0.5,134.0,134.5,134.0,134.5,494.0,292.0,12815.0,23689.0,False,False
2603,2022-10-31 09:36:05.071975,-0.0037174721189591198,-0.0037174721189591198,-0.5,-0.5,134.0,134.5,134.0,134.5,494.0,291.0,12815.0,23689.0,False,False
2603,2022-10-31 09:36:05.092863,-0.0037174721189591198,-0.0037174721189591198,-0.5,-0.5,134.0,134.5,134.0,134.5,494.0,290.0,12815.0,23689.0,False,False
2603,2022-10-31 09:36:05.207656,-0.0037174721189591198,-0.0037174721189591198,-0.5,-0.5,134.0,134.5,134.0,134.5,497.0,290.0,12815.0,23689.0,False,False
2603,2022-10-31 09:36:05.266570,-0.0037174721189591198,-0.0037174721189591198,-0.5,-0.5,134.0,134.5,134.0,134.5,497.0,287.0,12815.0,23689.0,False,False
2603,2022-10-31 09:36:05.408491,-0.0037174721189591198,-0.0037174721189591198,-0.5,-0.5,134.0,134.5,134.0,134.5,477.0,287.0,12815.0,23689.0,False,False
2603,2022-10-31 09:36:05.425882,-0.0037174721189591198,-0.0037174721189591198,-0.5,-0.5,134.0,134.5,134.0,134.5,475.0,285.0,12815.0,23689.0,False,False
2603,2022-10-31 09:36:05.444900,-0.0037174721189591198,-0.0037174721189591198,-0.5,-0.5,134.0,134.5,134.0,134.5,480.0,280.0,12815.0,23689.0,False,False
2603,2022-10-31 09:36:05.787586,-0.0037174721189591198,-0.0037174721189591198,-0.5,-0.5,134.0,134.5,134.0,134.5,480.0,283.0,12815.0,23689.0,False,False
2603,2022-10-31 09:36:05.824315,-0.0037174721189591198,-0.0037174721189591198,-0.5,-0.5,134.0,134.5,134.0,134.5,480.0,283.0,12840.0,22689.0,True,True
2603,2022-10-31 09:36:05.813977,-0.0037174721189591198,-0.0037174721189591198,-0.5,-0.5,134.0,134.5,134.0,134.5,480.0,282.0,12840.0,22689.0,False,False
2603,2022-10-31 09:36:05.918106,-0.0037174721189591198,-0.0037174721189591198,-0.5,-0.5,134.0,134.5,134.0,134.5,480.0,281.0,12840.0,22689.0,False,False
2603,2022-10-31 09:36:05.936608,-0.0037174721189591198,-0.0037174721189591198,-0.5,-0.5,134.0,134.5,134.0,134.5,480.0,281.0,12840.0,22689.0,False,False
2603,2022-10-31 09:36:06.015389,-0.0037174721189591198,-0.0037174721189591198,-0.5,-0.5,134.0,134.5,134.0,134.5,480.0,280.0,12840.0,22689.0,False,False
2603,2022-10-31 09:36:06.132444,-0.0037174721189591198,-0.0037174721189591198,-0.5,-0.5,134.0,134.5,134.0,134.5,480.0,280.0,12840.0,22689.0,False,False
2603,2022-10-31 09:36:06.427487,-0.0037174721189591198,-0.0037174721189591198,-0.5,-0.5,134.0,134.5,134.0,134.5,480.0,280.0,12840.0,22689.0,False,False
2603,2022-10-31 09:36:06.440995,-0.0037174721189591198,-0.0037174721189591198,-0.5,-0.5,134.0,134.5,134.0,134.5,480.0,279.0,12840.0,22689.0,False,False
2603,2022-10-31 09:36:06.481988,-0.0037174721189591198,-0.0037174721189591198,-0.5,-0.5,134.0,134.5,134.0,134.5,480.0,279.0,12840.0,22689.0,False,False
2603,2022-10-31 09:36:06.605128,-0.0037174721189591198,-0.0037174721189591198,-0.5,-0.5,134.0,134.5,134.0,134.5,480.0,279.0,12840.0,22689.0,False,False
2603,2022-10-31 09:36:06.690515,-0.0037174721189591198,-0.0037174721189591198,-0.5,-0.5,134.0,134.5,134.0,134.5,480.0,278.0,12840.0,22689.0,False,False
2603,2022-10-31 09:36:06.700388,-0.0037174721189591198,-0.0037174721189591198,-0.5,-0.5,134.0,134.5,134.0,134.5,480.0,278.0,12840.0,22689.0,False,False
2603,2022-10-31 09:36:06.856108,-0.0037174721189591198,-0.0037174721189591198,-0.5,-0.5,134.0,134.5,134.0,134.5,480.0,275.0,12840.0,22689.0,False,False
2603,2022-10-31 09:36:07.063837,-0.0037174721189591198,-0.0037174721189591198,-0.5,-0.5,134.0,134.5,134.0,134.5,480.0,274.0,12840.0,22689.0,False,False
2603,2022-10-31 09:36:07.145634,-0.0037174721189591198,-0.0037174721189591198,-0.5,-0.5,134.0,134.5,134.0,134.5,481.0,274.0,12840.0,22689.0,False,False
2603,2022-10-31 09:36:07.203519,-0.0037174721189591198,-0.0037174721189591198,-0.5,-0.5,134.0,134.5,134.0,134.5,471.0,274.0,12840.0,22689.0,False,False
2603,2022-10-31 09:36:07.663831,-0.0037174721189591198,-0.0037174721189591198,-0.5,-0.5,134.0,134.5,134.0,134.5,471.0,273.0,12840.0,22689.0,False,False
2603,2022-10-31 09:36:07.675278,-0.0037174721189591198,-0.0037174721189591198,-0.5,-0.5,134.0,134.5,134.0,134.5,471.0,271.0,12840.0,22689.0,False,False
2603,2022-10-31 09:36:07.699243,-0.0037174721189591198,-0.0037174721189591198,-0.5,-0.5,134.0,134.5,134.0,134.5,471.0,269.0,12840.0,22689.0,False,False
2603,2022-10-31 09:36:07.699715,-0.0037174721189591198,-0.0037174721189591198,-0.5,-0.5,134.0,134.5,134.0,134.5,471.0,268.0,12840.0,22689.0,False,False
2603,2022-10-31 09:36:07.850509,-0.0037174721189591198,-0.0037174721189591198,-0.5,-0.5,134.0,134.5,134.0,134.5,471.0,264.0,12840.0,22689.0,False,False
2603,2022-10-31 09:36:07.919919,-0.0037174721189591198,-0.0037174721189591198,-0.5,-0.5,134.0,134.5,134.0,134.5,471.0,264.0,12840.0,22689.0,False,False
2603,2022-10-31 09:36:07.997070,-0.0037174721189591198,-0.0037174721189591198,-0.5,-0.5,134.0,134.5,134.0,134.5,472.0,266.0,12840.0,22689.0,False,False
2603,2022-10-31 09:36:08.311895,-0.0037174721189591198,-0.0037174721189591198,-0.5,-0.5,134.0,134.5,134.0,134.5,472.0,268.0,12840.0,22689.0,False,False
2603,2022-10-31 09:36:08.374646,-0.0037174721189591198,-0.0037174721189591198,-0.5,-0.5,134.0,134.5,134.0,134.5,472.0,268.0,12840.0,22689.0,False,False
2603,2022-10-31 09:36:08.452604,-0.0037174721189591198,-0.0037174721189591198,-0.5,-0.5,134.0,134.5,134.0,134.5,472.0,269.0,12840.0,22689.0,False,False
2603,2022-10-31 09:36:08.749945,-0.0037174721189591198,-0.0037174721189591198,-0.5,-0.5,134.0,134.5,134.0,134.5,472.0,270.0,12840.0,22689.0,False,False
2603,2022-10-31 09:36:08.783852,-0.0037174721189591198,-0.0037174721189591198,-0.5,-0.5,134.0,134.5,134.0,134.5,472.0,268.0,12840.0,22689.0,False,False
2603,2022-10-31 09:36:08.911431,-0.0037174721189591198,-0.0037174721189591198,-0.5,-0.5,134.0,134.5,134.0,134.5,472.0,268.0,12840.0,22689.0,False,False
2603,2022-10-31 09:36:08.990181,-0.0037174721189591198,-0.0037174721189591198,-0.5,-0.5,134.0,134.5,134.0,134.5,475.0,268.0,12840.0,22689.0,False,False
2603,2022-10-31 09:36:09.292991,-0.0037174721189591198,-0.0037174721189591198,-0.5,-0.5,134.0,134.5,134.0,134.5,475.0,269.0,12840.0,22689.0,False,False
2603,2022-10-31 09:36:09.355212,-0.0037174721189591198,-0.0037174721189591198,-0.5,-0.5,134.0,134.5,134.0,134.5,475.0,270.0,12840.0,22689.0,False,False
2603,2022-10-31 09:36:09.452902,-0.0037174721189591198,-0.0037174721189591198,-0.5,-0.5,134.0,134.5,134.0,134.5,474.0,269.0,12840.0,22689.0,False,False
2603,2022-10-31 09:36:09.527091,-0.0037174721189591198,-0.0037174721189591198,-0.5,-0.5,134.0,134.5,134.0,134.5,474.0,269.0,12840.0,22689.0,False,False
2603,2022-10-31 09:36:09.567771,-0.0037174721189591198,-0.0037174721189591198,-0.5,-0.5,134.0,134.5,134.0,134.5,472.0,269.0,12840.0,22689.0,False,False
2603,2022-10-31 09:36:09.682330,-0.0037174721189591198,-0.0037174721189591198,-0.5,-0.5,134.0,134.5,134.0,134.5,472.0,270.0,12840.0,22689.0,False,False
2603,2022-10-31 09:36:09.799035,-0.0037174721189591198,-0.0037174721189591198,-0.5,-0.5,134.0,134.5,134.0,134.5,472.0,269.0,12840.0,22689.0,False,False
2603,2022-10-31 09:36:09.824078,-0.0037174721189591198,-0.0037174721189591198,-0.5,-0.5,134.0,134.5,134.0,134.5,472.0,269.0,12840.0,22689.0,False,False
2603,2022-10-31 09:36:09.944995,-0.0037174721189591198,-0.0037174721189591198,-0.5,-0.5,134.0,134.5,134.0,134.5,472.0,269.0,12840.0,22689.0,False,False
2603,2022-10-31 09:36:10.224303,-0.0037174721189591198,-0.0037174721189591198,-0.5,-0.5,134.0,134.5,134.0,134.5,472.0,268.0,12840.0,22689.0,False,False
2603,2022-10-31 09:36:10.243153,-0.0037174721189591198,-0.0037174721189591198,-0.5,-0.5,134.0,134.5,134.0,134.5,472.0,268.0,12840.0,22689.0,False,False
2603,2022-10-31 09:36:10.285970,-0.0037174721189591198,-0.0037174721189591198,-0.5,-0.5,134.0,134.5,134.0,134.5,472.0,267.0,12840.0,22689.0,False,False
2603,2022-10-31 09:36:10.294746,-0.0037174721189591198,-0.0037174721189591198,-0.5,-0.5,134.0,134.5,134.0,134.5,472.0,266.0,12840.0,22689.0,False,False
2603,2022-10-31 09:36:10.391833,-0.0037174721189591198,-0.0037174721189591198,-0.5,-0.5,134.0,134.5,134.0,134.5,472.0,265.0,12840.0,22689.0,False,False
2603,2022-10-31 09:36:10.424518,-0.0037174721189591198,-0.0037174721189591198,-0.5,-0.5,134.0,134.5,134.0,134.5,472.0,268.0,12840.0,22689.0,False,False
2603,2022-10-31 09:36:10.718981,-0.0037174721189591198,-0.0037174721189591198,-0.5,-0.5,134.0,134.5,134.0,134.5,472.0,267.0,12840.0,22689.0,False,False
2603,2022-10-31 09:36:10.986043,-0.0037174721189591198,-0.0037174721189591198,-0.5,-0.5,134.0,134.5,134.0,134.5,472.0,268.0,12840.0,22689.0,False,False
2603,2022-10-31 09:36:11.167019,-0.0037174721189591198,-0.0037174721189591198,-0.5,-0.5,134.0,134.5,134.0,134.5,472.0,267.0,12840.0,22689.0,False,False
2603,2022-10-31 09:36:11.520989,-0.0037174721189591198,-0.0037174721189591198,-0.5,-0.5,134.0,134.5,134.0,134.5,472.0,267.0,12840.0,22689.0,False,False
2603,2022-10-31 09:36:11.872945,-0.0037174721189591198,-0.0037174721189591198,-0.5,-0.5,134.0,134.5,134.0,134.5,472.0,267.0,12840.0,22689.0,False,False
2603,2022-10-31 09:36:12.053240,-0.0037174721189591198,-0.0037174721189591198,-0.5,-0.5,134.0,134.5,134.0,134.5,472.0,266.0,12840.0,22689.0,False,False
2603,2022-10-31 09:36:12.131135,-0.0037174721189591198,-0.0037174721189591198,-0.5,-0.5,134.0,134.5,134.0,134.5,472.0,265.0,12840.0,22689.0,False,False
2603,2022-10-31 09:36:12.143765,-0.0037174721189591198,-0.0037174721189591198,-0.5,-0.5,134.0,134.5,134.0,134.5,470.0,265.0,12840.0,22689.0,False,False
2603,2022-10-31 09:36:12.234705,-0.0037174721189591198,-0.0037174721189591198,-0.5,-0.5,134.0,134.5,134.0,134.5,470.0,265.0,12840.0,22689.0,False,False
2603,2022-10-31 09:36:12.313315,-0.0037174721189591198,-0.0037174721189591198,-0.5,-0.5,134.0,134.5,134.0,134.5,470.0,264.0,12840.0,22689.0,False,False
2603,2022-10-31 09:36:12.606126,-0.0037174721189591198,-0.0037174721189591198,-0.5,-0.5,134.0,134.5,134.0,134.5,470.0,264.0,12840.0,22689.0,False,False
2603,2022-10-31 09:36:12.803876,-0.0037174721189591198,-0.0037174721189591198,-0.5,-0.5,134.0,134.5,134.0,134.5,470.0,264.0,12840.0,22689.0,False,False
2603,2022-10-31 09:36:13.057529,-0.0037174721189591198,-0.0037174721189591198,-0.5,-0.5,134.0,134.5,134.0,134.5,471.0,264.0,12840.0,22689.0,False,False
2603,2022-10-31 09:36:13.174151,-0.0037174721189591198,-0.0037174721189591198,-0.5,-0.5,134.0,134.5,134.0,134.5,471.0,263.0,12840.0,22689.0,False,False
2603,2022-10-31 09:36:13.238994,-0.0037174721189591198,-0.0037174721189591198,-0.5,-0.5,134.0,134.5,134.0,134.5,471.0,263.0,12840.0,22689.0,False,False
2603,2022-10-31 09:36:13.260995,-0.0037174721189591198,-0.0037174721189591198,-0.5,-0.5,134.0,134.5,134.0,134.5,471.0,263.0,12840.0,22689.0,False,False
2603,2022-10-31 09:36:13.513473,-0.0037174721189591198,-0.0037174721189591198,-0.5,-0.5,134.0,134.5,134.0,134.5,471.0,263.0,12840.0,22689.0,False,False
2603,2022-10-31 09:36:13.646850,-0.0037174721189591198,-0.0037174721189591198,-0.5,-0.5,134.0,134.5,134.0,134.5,471.0,262.0,12840.0,22689.0,False,False
2603,2022-10-31 09:36:13.747877,-0.0037174721189591198,-0.0037174721189591198,-0.5,-0.5,134.0,134.5,134.0,134.5,471.0,262.0,12840.0,22689.0,False,False
2603,2022-10-31 09:36:13.884194,-0.0037174721189591198,-0.0037174721189591198,-0.5,-0.5,134.0,134.5,134.0,134.5,471.0,265.0,12840.0,22689.0,False,False
2603,2022-10-31 09:36:14.059488,-0.0037174721189591198,-0.0037174721189591198,-0.5,-0.5,134.0,134.5,134.0,134.5,470.0,265.0,12840.0,22689.0,False,False
2603,2022-10-31 09:36:14.258904,-0.0037174721189591198,-0.0037174721189591198,-0.5,-0.5,134.0,134.5,134.0,134.5,470.0,266.0,12840.0,22689.0,False,False
2603,2022-10-31 09:36:14.563356,-0.0037174721189591198,-0.0037174721189591198,-0.5,-0.5,134.0,134.5,134.0,134.5,470.0,265.0,12840.0,22689.0,False,False
2603,2022-10-31 09:36:14.596180,-0.0037174721189591198,-0.0037174721189591198,-0.5,-0.5,134.0,134.5,134.0,134.5,470.0,265.0,12840.0,22689.0,False,False
2603,2022-10-31 09:36:14.870208,-0.0037174721189591198,-0.0037174721189591198,-0.5,-0.5,134.0,134.5,134.0,134.5,470.0,245.0,12840.0,22689.0,False,False
2603,2022-10-31 09:36:15.142270,-0.0037174721189591198,-0.0037174721189591198,-0.5,-0.5,134.0,134.5,134.0,134.5,471.0,245.0,12840.0,22689.0,False,False
2603,2022-10-31 09:36:15.222828,-0.0037174721189591198,-0.0037174721189591198,-0.5,-0.5,134.0,134.5,134.0,134.5,471.0,245.0,12840.0,22689.0,False,False
2603,2022-10-31 09:36:15.831964,-0.0037174721189591198,-0.0037174721189591198,-0.5,-0.5,134.0,134.5,134.0,134.5,471.0,246.0,12840.0,22689.0,False,False
2603,2022-10-31 09:36:15.860593,-0.0037174721189591198,-0.0037174721189591198,-0.5,-0.5,134.0,134.5,134.0,134.5,471.0,246.0,13234.0,22283.0,True,True
2603,2022-10-31 09:36:15.849795,-0.0037174721189591198,-0.0037174721189591198,-0.5,-0.5,134.0,134.5,134.0,134.5,473.0,246.0,13234.0,22283.0,False,False
2603,2022-10-31 09:36:15.932432,-0.0037174721189591198,-0.0037174721189591198,-0.5,-0.5,134.0,134.5,134.0,134.5,473.0,245.0,13234.0,22283.0,False,False
2603,2022-10-31 09:36:15.977228,-0.0037174721189591198,-0.0037174721189591198,-0.5,-0.5,134.0,134.5,134.0,134.5,473.0,245.0,13234.0,22283.0,False,False
2603,2022-10-31 09:36:16.077435,-0.0037174721189591198,-0.0037174721189591198,-0.5,-0.5,134.0,134.5,134.0,134.5,471.0,245.0,13234.0,22283.0,False,False
2603,2022-10-31 09:36:16.238423,-0.0037174721189591198,-0.0037174721189591198,-0.5,-0.5,134.0,134.5,134.0,134.5,470.0,245.0,13234.0,22283.0,False,False
2603,2022-10-31 09:36:16.654765,-0.0037174721189591198,-0.0037174721189591198,-0.5,-0.5,134.0,134.5,134.0,134.5,470.0,245.0,13234.0,22283.0,False,False
2603,2022-10-31 09:36:16.671163,-0.0037174721189591198,-0.0037174721189591198,-0.5,-0.5,134.0,134.5,134.0,134.5,470.0,243.0,13234.0,22283.0,False,False
2603,2022-10-31 09:36:17.025983,-0.0037174721189591198,-0.0037174721189591198,-0.5,-0.5,134.0,134.5,134.0,134.5,470.0,243.0,13234.0,22283.0,False,False
2603,2022-10-31 09:36:17.157347,-0.0037174721189591198,-0.0037174721189591198,-0.5,-0.5,134.0,134.5,134.0,134.5,470.0,243.0,13234.0,22283.0,False,False
2603,2022-10-31 09:36:17.193566,-0.0037174721189591198,-0.0037174721189591198,-0.5,-0.5,134.0,134.5,134.0,134.5,470.0,241.0,13234.0,22283.0,False,False
2603,2022-10-31 09:36:17.203787,-0.0037174721189591198,-0.0037174721189591198,-0.5,-0.5,134.0,134.5,134.0,134.5,469.0,241.0,13234.0,22283.0,False,False
2603,2022-10-31 09:36:17.457656,-0.0037174721189591198,-0.0037174721189591198,-0.5,-0.5,134.0,134.5,134.0,134.5,469.0,241.0,13234.0,22283.0,False,False
2603,2022-10-31 09:36:17.975422,-0.0037174721189591198,-0.0037174721189591198,-0.5,-0.5,134.0,134.5,134.0,134.5,469.0,241.0,13234.0,22283.0,False,False
2603,2022-10-31 09:36:18.041076,-0.0037174721189591198,-0.0037174721189591198,-0.5,-0.5,134.0,134.5,134.0,134.5,469.0,241.0,13234.0,22283.0,False,False
2603,2022-10-31 09:36:18.113599,-0.0037174721189591198,-0.0037174721189591198,-0.5,-0.5,134.0,134.5,134.0,134.5,469.0,242.0,13234.0,22283.0,False,False
2603,2022-10-31 09:36:18.171426,-0.0037174721189591198,-0.0037174721189591198,-0.5,-0.5,134.0,134.5,134.0,134.5,469.0,242.0,13234.0,22283.0,False,False
2603,2022-10-31 09:36:18.406557,-0.0037174721189591198,-0.0037174721189591198,-0.5,-0.5,134.0,134.5,134.0,134.5,469.0,241.0,13234.0,22283.0,False,False
2603,2022-10-31 09:36:18.447819,-0.0037174721189591198,-0.0037174721189591198,-0.5,-0.5,134.0,134.5,134.0,134.5,469.0,246.0,13234.0,22283.0,False,False
2603,2022-10-31 09:36:18.533526,-0.0037174721189591198,-0.0037174721189591198,-0.5,-0.5,134.0,134.5,134.0,134.5,469.0,246.0,13234.0,22283.0,False,False
2603,2022-10-31 09:36:18.687969,-0.0037174721189591198,-0.0037174721189591198,-0.5,-0.5,134.0,134.5,134.0,134.5,469.0,246.0,13234.0,22283.0,False,False
2603,2022-10-31 09:36:18.852964,-0.0037174721189591198,-0.0037174721189591198,-0.5,-0.5,134.0,134.5,134.0,134.5,469.0,245.0,13234.0,22283.0,False,False
2603,2022-10-31 09:36:18.902799,-0.0037174721189591198,-0.0037174721189591198,-0.5,-0.5,134.0,134.5,134.0,134.5,468.0,244.0,13234.0,22283.0,False,False
2603,2022-10-31 09:36:19.024235,-0.0037174721189591198,-0.0037174721189591198,-0.5,-0.5,134.0,134.5,134.0,134.5,468.0,44.0,13234.0,22283.0,False,False
2603,2022-10-31 09:36:19.043271,-0.0037174721189591198,-0.0037174721189591198,-0.5,-0.5,134.0,134.5,134.0,134.5,468.0,43.0,13234.0,22283.0,False,False
2603,2022-10-31 09:36:19.052677,-0.0037174721189591198,-0.0037174721189591198,-0.5,-0.5,134.0,134.5,134.0,134.5,468.0,43.0,13234.0,22283.0,False,False
2603,2022-10-31 09:36:19.055366,-0.0037174721189591198,-0.0037174721189591198,-0.5,-0.5,134.0,134.5,134.0,134.5,440.0,33.0,13234.0,22283.0,False,False
2603,2022-10-31 09:36:19.055584,-0.0037174721189591198,-0.0037174721189591198,-0.5,-0.5,134.0,134.5,134.0,134.5,440.0,23.0,13234.0,22283.0,False,False
2603,2022-10-31 09:36:19.056628,-0.0037174721189591198,-0.0037174721189591198,-0.5,-0.5,134.0,134.5,134.0,134.5,440.0,13.0,13234.0,22283.0,False,False
2603,2022-10-31 09:36:19.072715,-0.007407407407407418,0.0,-1.0,0.0,134.5,135.0,134.0,134.5,2.0,685.0,13234.0,22283.0,False,False
2603,2022-10-31 09:36:19.120410,-0.007407407407407418,0.0,-1.0,0.0,134.5,135.0,134.0,134.5,3.0,678.0,13234.0,22283.0,False,False
2603,2022-10-31 09:36:19.221554,-0.007407407407407418,0.0,-1.0,0.0,134.5,135.0,134.0,134.5,12.0,678.0,13234.0,22283.0,False,False
2603,2022-10-31 09:36:19.263295,-0.007407407407407418,0.0,-1.0,0.0,134.5,135.0,134.0,134.5,12.0,676.0,13234.0,22283.0,False,False
2603,2022-10-31 09:36:19.484444,-0.007407407407407418,0.0,-1.0,0.0,134.5,135.0,134.0,134.5,6.0,676.0,13234.0,22283.0,False,False
2603,2022-10-31 09:36:19.529492,-0.007407407407407418,0.0,-1.0,0.0,134.5,135.0,134.0,134.5,6.0,676.0,13234.0,22283.0,False,False
2603,2022-10-31 09:36:19.731989,-0.007407407407407418,0.0,-1.0,0.0,134.5,135.0,134.0,134.5,6.0,676.0,13234.0,22283.0,False,False
2603,2022-10-31 09:36:19.794668,-0.007407407407407418,0.0,-1.0,0.0,134.5,135.0,134.0,134.5,14.0,676.0,13234.0,22283.0,False,False
2603,2022-10-31 09:36:20.135394,-0.007407407407407418,0.0,-1.0,0.0,134.5,135.0,134.0,134.5,14.0,676.0,13234.0,22283.0,False,False
2603,2022-10-31 09:36:20.190068,-0.007407407407407418,0.0,-1.0,0.0,134.5,135.0,134.0,134.5,14.0,673.0,13234.0,22283.0,False,False
2603,2022-10-31 09:36:20.233302,-0.007407407407407418,0.0,-1.0,0.0,134.5,135.0,134.0,134.5,14.0,650.0,13234.0,22283.0,False,False
2603,2022-10-31 09:36:20.233734,-0.007407407407407418,0.0,-1.0,0.0,134.5,135.0,134.0,134.5,14.0,648.0,13234.0,22283.0,False,False
2603,2022-10-31 09:36:20.238017,-0.007407407407407418,0.0,-1.0,0.0,134.5,135.0,134.0,134.5,13.0,648.0,13234.0,22283.0,False,False
2603,2022-10-31 09:36:20.316019,-0.007407407407407418,0.0,-1.0,0.0,134.5,135.0,134.0,134.5,16.0,646.0,13234.0,22283.0,False,False
2603,2022-10-31 09:36:20.334221,-0.007407407407407418,0.0,-1.0,0.0,134.5,135.0,134.0,134.5,16.0,645.0,13234.0,22283.0,False,False
2603,2022-10-31 09:36:20.339698,-0.007407407407407418,0.0,-1.0,0.0,134.5,135.0,134.0,134.5,16.0,644.0,13234.0,22283.0,False,False
2603,2022-10-31 09:36:20.360786,-0.007407407407407418,0.0,-1.0,0.0,134.5,135.0,134.0,134.5,16.0,643.0,13234.0,22283.0,False,False
2603,2022-10-31 09:36:20.373586,-0.007407407407407418,0.0,-1.0,0.0,134.5,135.0,134.0,134.5,16.0,642.0,13234.0,22283.0,False,False
2603,2022-10-31 09:36:20.274501,-0.007407407407407418,0.0,-1.0,0.0,134.5,135.0,134.0,134.5,16.0,647.0,13234.0,22283.0,False,False
2603,2022-10-31 09:36:20.395999,-0.007407407407407418,0.0,-1.0,0.0,134.5,135.0,134.0,134.5,16.0,641.0,13234.0,22283.0,False,False
2603,2022-10-31 09:36:20.494840,-0.007407407407407418,0.0,-1.0,0.0,134.5,135.0,134.0,134.5,17.0,641.0,13234.0,22283.0,False,False
2603,2022-10-31 09:36:20.562992,-0.007407407407407418,0.0,-1.0,0.0,134.5,135.0,134.0,134.5,16.0,641.0,13234.0,22283.0,False,False
2603,2022-10-31 09:36:20.576389,-0.007407407407407418,0.0,-1.0,0.0,134.5,135.0,134.0,134.5,16.0,640.0,13234.0,22283.0,False,False
2603,2022-10-31 09:36:20.786392,-0.007407407407407418,0.0,-1.0,0.0,134.5,135.0,134.0,134.5,16.0,640.0,13234.0,22283.0,False,False
2603,2022-10-31 09:36:20.933507,-0.007407407407407418,0.0,-1.0,0.0,134.5,135.0,134.0,134.5,18.0,640.0,13234.0,22283.0,False,False
2603,2022-10-31 09:36:20.992369,-0.007407407407407418,0.0,-1.0,0.0,134.5,135.0,134.0,134.5,28.0,640.0,13234.0,22283.0,False,False
2603,2022-10-31 09:36:21.061574,-0.007407407407407418,0.0,-1.0,0.0,134.5,135.0,134.0,134.5,31.0,633.0,13234.0,22283.0,False,False
2603,2022-10-31 09:36:21.234393,-0.007407407407407418,0.0,-1.0,0.0,134.5,135.0,134.0,134.5,55.0,633.0,13234.0,22283.0,False,False
2603,2022-10-31 09:36:21.308168,-0.007407407407407418,0.0,-1.0,0.0,134.5,135.0,134.0,134.5,55.0,632.0,13234.0,22283.0,False,False
2603,2022-10-31 09:36:21.290218,-0.007407407407407418,0.0,-1.0,0.0,134.5,135.0,134.0,134.5,55.0,633.0,13234.0,22283.0,False,False
2603,2022-10-31 09:36:21.479094,-0.007407407407407418,0.0,-1.0,0.0,134.5,135.0,134.0,134.5,58.0,632.0,13234.0,22283.0,False,False
2603,2022-10-31 09:36:21.595190,-0.007407407407407418,0.0,-1.0,0.0,134.5,135.0,134.0,134.5,65.0,631.0,13234.0,22283.0,False,False
2603,2022-10-31 09:36:21.670557,-0.007407407407407418,0.0,-1.0,0.0,134.5,135.0,134.0,134.5,66.0,630.0,13234.0,22283.0,False,False
2603,2022-10-31 09:36:21.757124,-0.007407407407407418,0.0,-1.0,0.0,134.5,135.0,134.0,134.5,68.0,630.0,13234.0,22283.0,False,False
2603,2022-10-31 09:36:21.945224,-0.007407407407407418,0.0,-1.0,0.0,134.5,135.0,134.0,134.5,74.0,630.0,13234.0,22283.0,False,False
2603,2022-10-31 09:36:22.073476,-0.007407407407407418,0.0,-1.0,0.0,134.5,135.0,134.0,134.5,95.0,630.0,13234.0,22283.0,False,False
2603,2022-10-31 09:36:22.233295,-0.007407407407407418,0.0,-1.0,0.0,134.5,135.0,134.0,134.5,95.0,630.0,13234.0,22283.0,False,False
2603,2022-10-31 09:36:22.351331,-0.007407407407407418,0.0,-1.0,0.0,134.5,135.0,134.0,134.5,126.0,630.0,13234.0,22283.0,False,False
2603,2022-10-31 09:36:22.473393,-0.007407407407407418,0.0,-1.0,0.0,134.5,135.0,134.0,134.5,129.0,630.0,13234.0,22283.0,False,False
2603,2022-10-31 09:36:22.594069,-0.007407407407407418,0.0,-1.0,0.0,134.5,135.0,134.0,134.5,130.0,630.0,13234.0,22283.0,False,False
2603,2022-10-31 09:36:22.643004,-0.007407407407407418,0.0,-1.0,0.0,134.5,135.0,134.0,134.5,150.0,630.0,13234.0,22283.0,False,False
2603,2022-10-31 09:36:22.918596,-0.007407407407407418,0.0,-1.0,0.0,134.5,135.0,134.0,134.5,151.0,630.0,13234.0,22283.0,False,False
2603,2022-10-31 09:36:23.263380,-0.007407407407407418,0.0,-1.0,0.0,134.5,135.0,134.0,134.5,152.0,630.0,13234.0,22283.0,False,False
2603,2022-10-31 09:36:23.387877,-0.007407407407407418,0.0,-1.0,0.0,134.5,135.0,134.0,134.5,153.0,630.0,13234.0,22283.0,False,False
2603,2022-10-31 09:36:23.527780,-0.007407407407407418,0.0,-1.0,0.0,134.5,135.0,134.0,134.5,155.0,630.0,13234.0,22283.0,False,False
2603,2022-10-31 09:36:23.585797,-0.007407407407407418,0.0,-1.0,0.0,134.5,135.0,134.0,134.5,157.0,630.0,13234.0,22283.0,False,False
2603,2022-10-31 09:36:23.667802,-0.007407407407407418,0.0,-1.0,0.0,134.5,135.0,134.0,134.5,149.0,630.0,13234.0,22283.0,False,False
2603,2022-10-31 09:36:23.721881,-0.007407407407407418,0.0,-1.0,0.0,134.5,135.0,134.0,134.5,149.0,630.0,13234.0,22283.0,False,False
2603,2022-10-31 09:36:23.906256,-0.007407407407407418,0.0,-1.0,0.0,134.5,135.0,134.0,134.5,149.0,627.0,13234.0,22283.0,False,False
2603,2022-10-31 09:36:23.929757,-0.007407407407407418,0.0,-1.0,0.0,134.5,135.0,134.0,134.5,149.0,627.0,13234.0,22283.0,False,False
2603,2022-10-31 09:36:24.085988,-0.007407407407407418,0.0,-1.0,0.0,134.5,135.0,134.0,134.5,151.0,626.0,13234.0,22283.0,False,False
2603,2022-10-31 09:36:24.203257,-0.007407407407407418,0.0,-1.0,0.0,134.5,135.0,134.0,134.5,170.0,626.0,13234.0,22283.0,False,False
2603,2022-10-31 09:36:24.219110,-0.007407407407407418,0.0,-1.0,0.0,134.5,135.0,134.0,134.5,170.0,626.0,13234.0,22283.0,False,False
2603,2022-10-31 09:36:24.586946,-0.007407407407407418,0.0,-1.0,0.0,134.5,135.0,134.0,134.5,170.0,627.0,13234.0,22283.0,False,False
2603,2022-10-31 09:36:24.639798,-0.007407407407407418,0.0,-1.0,0.0,134.5,135.0,134.0,134.5,177.0,627.0,13234.0,22283.0,False,False
2603,2022-10-31 09:36:25.035085,-0.007407407407407418,0.0,-1.0,0.0,134.5,135.0,134.0,134.5,177.0,627.0,13234.0,22283.0,False,False
2603,2022-10-31 09:36:25.077397,-0.007407407407407418,0.0,-1.0,0.0,134.5,135.0,134.0,134.5,177.0,627.0,13234.0,22283.0,False,False
2603,2022-10-31 09:36:25.363544,-0.007407407407407418,0.0,-1.0,0.0,134.5,135.0,134.0,134.5,177.0,627.0,13234.0,22283.0,False,False
2603,2022-10-31 09:36:25.496441,-0.007407407407407418,0.0,-1.0,0.0,134.5,135.0,134.0,134.5,177.0,626.0,13234.0,22283.0,False,False
2603,2022-10-31 09:36:25.572170,-0.007407407407407418,0.0,-1.0,0.0,134.5,135.0,134.0,134.5,174.0,626.0,13234.0,22283.0,False,False
2603,2022-10-31 09:36:25.613206,-0.007407407407407418,0.0,-1.0,0.0,134.5,135.0,134.0,134.5,174.0,626.0,13234.0,22283.0,False,False
2603,2022-10-31 09:36:25.653481,-0.007407407407407418,0.0,-1.0,0.0,134.5,135.0,134.0,134.5,175.0,626.0,13234.0,22283.0,False,False
2603,2022-10-31 09:36:25.680798,-0.007407407407407418,0.0,-1.0,0.0,134.5,135.0,134.0,134.5,175.0,626.0,13234.0,22283.0,False,False
2603,2022-10-31 09:36:25.890196,-0.007407407407407418,0.0,-1.0,0.0,134.5,135.0,134.0,134.5,175.0,626.0,31622.0,22689.0,True,True
2603,2022-10-31 09:36:26.115410,-0.007407407407407418,0.0,-1.0,0.0,134.5,135.0,134.0,134.5,177.0,626.0,31622.0,22689.0,False,False
2603,2022-10-31 09:36:26.399291,-0.007407407407407418,0.0,-1.0,0.0,134.5,135.0,134.0,134.5,177.0,627.0,31622.0,22689.0,False,False
2603,2022-10-31 09:36:26.714210,-0.007407407407407418,0.0,-1.0,0.0,134.5,135.0,134.0,134.5,177.0,627.0,31622.0,22689.0,False,False
2603,2022-10-31 09:36:26.833975,-0.007407407407407418,0.0,-1.0,0.0,134.5,135.0,134.0,134.5,177.0,627.0,31622.0,22689.0,False,False
2603,2022-10-31 09:36:26.875456,-0.007407407407407418,0.0,-1.0,0.0,134.5,135.0,134.0,134.5,180.0,627.0,31622.0,22689.0,False,False
2603,2022-10-31 09:36:26.975450,-0.007407407407407418,0.0,-1.0,0.0,134.5,135.0,134.0,134.5,180.0,625.0,31622.0,22689.0,False,False
2603,2022-10-31 09:36:27.006208,-0.007407407407407418,0.0,-1.0,0.0,134.5,135.0,134.0,134.5,180.0,625.0,31622.0,22689.0,False,False
2603,2022-10-31 09:36:27.137764,-0.007407407407407418,0.0,-1.0,0.0,134.5,135.0,134.0,134.5,183.0,625.0,31622.0,22689.0,False,False
2603,2022-10-31 09:36:27.376510,-0.007407407407407418,0.0,-1.0,0.0,134.5,135.0,134.0,134.5,183.0,625.0,31622.0,22689.0,False,False
2603,2022-10-31 09:36:27.507782,-0.007407407407407418,0.0,-1.0,0.0,134.5,135.0,134.0,134.5,190.0,625.0,31622.0,22689.0,False,False
2603,2022-10-31 09:36:27.600468,-0.007407407407407418,0.0,-1.0,0.0,134.5,135.0,134.0,134.5,191.0,625.0,31622.0,22689.0,False,False
2603,2022-10-31 09:36:27.978054,-0.007407407407407418,0.0,-1.0,0.0,134.5,135.0,134.0,134.5,191.0,625.0,31622.0,22689.0,False,False
2603,2022-10-31 09:36:28.018390,-0.007407407407407418,0.0,-1.0,0.0,134.5,135.0,134.0,134.5,191.0,625.0,31622.0,22689.0,False,False
2603,2022-10-31 09:36:28.920832,-0.007407407407407418,0.0,-1.0,0.0,134.5,135.0,134.0,134.5,192.0,625.0,31622.0,22689.0,False,False
2603,2022-10-31 09:36:29.200463,-0.007407407407407418,0.0,-1.0,0.0,134.5,135.0,134.0,134.5,192.0,625.0,31622.0,22689.0,False,False
2603,2022-10-31 09:36:29.453642,-0.007407407407407418,0.0,-1.0,0.0,134.5,135.0,134.0,134.5,192.0,625.0,31622.0,22689.0,False,False
2603,2022-10-31 09:36:29.511403,-0.007407407407407418,0.0,-1.0,0.0,134.5,135.0,134.0,134.5,192.0,617.0,31622.0,22689.0,False,False
2603,2022-10-31 09:36:29.705134,-0.007407407407407418,0.0,-1.0,0.0,134.5,135.0,134.0,134.5,192.0,617.0,31622.0,22689.0,False,False
2603,2022-10-31 09:36:29.843060,-0.007407407407407418,0.0,-1.0,0.0,134.5,135.0,134.0,134.5,192.0,617.0,31622.0,22689.0,False,False
2603,2022-10-31 09:36:29.936365,-0.007407407407407418,0.0,-1.0,0.0,134.5,135.0,134.0,134.5,193.0,617.0,31622.0,22689.0,False,False
2603,2022-10-31 09:36:30.083285,-0.007407407407407418,0.0,-1.0,0.0,134.5,135.0,134.0,134.5,193.0,616.0,31622.0,22689.0,False,False
2603,2022-10-31 09:36:30.090511,-0.007407407407407418,0.0,-1.0,0.0,134.5,135.0,134.0,134.5,199.0,616.0,31622.0,22689.0,False,False
2603,2022-10-31 09:36:30.151831,-0.007407407407407418,0.0,-1.0,0.0,134.5,135.0,134.0,134.5,199.0,616.0,31622.0,22689.0,False,False
2603,2022-10-31 09:36:30.268806,-0.007407407407407418,0.0,-1.0,0.0,134.5,135.0,134.0,134.5,199.0,615.0,31622.0,22689.0,False,False
2603,2022-10-31 09:36:30.568095,-0.007407407407407418,0.0,-1.0,0.0,134.5,135.0,134.0,134.5,199.0,615.0,31622.0,22689.0,False,False
2603,2022-10-31 09:36:30.797511,-0.007407407407407418,0.0,-1.0,0.0,134.5,135.0,134.0,134.5,199.0,620.0,31622.0,22689.0,False,False
2603,2022-10-31 09:36:30.867373,-0.007407407407407418,0.0,-1.0,0.0,134.5,135.0,134.0,134.5,199.0,625.0,31622.0,22689.0,False,False
2603,2022-10-31 09:36:31.094462,-0.007407407407407418,0.0,-1.0,0.0,134.5,135.0,134.0,134.5,199.0,625.0,31622.0,22689.0,False,False
2603,2022-10-31 09:36:31.213041,-0.007407407407407418,0.0,-1.0,0.0,134.5,135.0,134.0,134.5,202.0,625.0,31622.0,22689.0,False,False
2603,2022-10-31 09:36:31.224822,-0.007407407407407418,0.0,-1.0,0.0,134.5,135.0,134.0,134.5,202.0,625.0,31622.0,22689.0,False,False
2603,2022-10-31 09:36:31.241545,-0.007407407407407418,0.0,-1.0,0.0,134.5,135.0,134.0,134.5,202.0,626.0,31622.0,22689.0,False,False
2603,2022-10-31 09:36:31.377056,-0.007407407407407418,0.0,-1.0,0.0,134.5,135.0,134.0,134.5,203.0,626.0,31622.0,22689.0,False,False
2603,2022-10-31 09:36:31.525907,-0.007407407407407418,0.0,-1.0,0.0,134.5,135.0,134.0,134.5,203.0,626.0,31622.0,22689.0,False,False
2603,2022-10-31 09:36:31.710182,-0.007407407407407418,0.0,-1.0,0.0,134.5,135.0,134.0,134.5,203.0,626.0,31622.0,22689.0,False,False
2603,2022-10-31 09:36:32.009250,-0.007407407407407418,0.0,-1.0,0.0,134.5,135.0,134.0,134.5,204.0,626.0,31622.0,22689.0,False,False
2603,2022-10-31 09:36:32.074578,-0.007407407407407418,0.0,-1.0,0.0,134.5,135.0,134.0,134.5,203.0,626.0,31622.0,22689.0,False,False
2603,2022-10-31 09:36:32.266394,-0.007407407407407418,0.0,-1.0,0.0,134.5,135.0,134.0,134.5,203.0,627.0,31622.0,22689.0,False,False
2603,2022-10-31 09:36:32.338110,-0.007407407407407418,0.0,-1.0,0.0,134.5,135.0,134.0,134.5,205.0,627.0,31622.0,22689.0,False,False
2603,2022-10-31 09:36:32.468592,-0.007407407407407418,0.0,-1.0,0.0,134.5,135.0,134.0,134.5,205.0,627.0,31622.0,22689.0,False,False
2603,2022-10-31 09:36:32.501499,-0.007407407407407418,0.0,-1.0,0.0,134.5,135.0,134.0,134.5,205.0,627.0,31622.0,22689.0,False,False
2603,2022-10-31 09:36:33.043442,-0.007407407407407418,0.0,-1.0,0.0,134.5,135.0,134.0,134.5,205.0,627.0,31622.0,22689.0,False,False
2603,2022-10-31 09:36:33.068809,-0.007407407407407418,0.0,-1.0,0.0,134.5,135.0,134.0,134.5,212.0,627.0,31622.0,22689.0,False,False
2603,2022-10-31 09:36:33.134608,-0.007407407407407418,0.0,-1.0,0.0,134.5,135.0,134.0,134.5,212.0,627.0,31622.0,22689.0,False,False
2603,2022-10-31 09:36:34.252020,-0.007407407407407418,0.0,-1.0,0.0,134.5,135.0,134.0,134.5,212.0,626.0,31622.0,22689.0,False,False
2603,2022-10-31 09:36:34.292983,-0.007407407407407418,0.0,-1.0,0.0,134.5,135.0,134.0,134.5,212.0,626.0,31622.0,22689.0,False,False
2603,2022-10-31 09:36:34.460460,-0.007407407407407418,0.0,-1.0,0.0,134.5,135.0,134.0,134.5,216.0,627.0,31622.0,22689.0,False,False
2603,2022-10-31 09:36:34.525626,-0.007407407407407418,0.0,-1.0,0.0,134.5,135.0,134.0,134.5,216.0,627.0,31622.0,22689.0,False,False
2603,2022-10-31 09:36:34.723476,-0.007407407407407418,0.0,-1.0,0.0,134.5,135.0,134.0,134.5,216.0,628.0,31622.0,22689.0,False,False
2603,2022-10-31 09:36:34.848735,-0.007407407407407418,0.0,-1.0,0.0,134.5,135.0,134.0,134.5,218.0,628.0,31622.0,22689.0,False,False
2603,2022-10-31 09:36:34.865999,-0.007407407407407418,0.0,-1.0,0.0,134.5,135.0,134.0,134.5,218.0,627.0,31622.0,22689.0,False,False
2603,2022-10-31 09:36:34.964368,-0.007407407407407418,0.0,-1.0,0.0,134.5,135.0,134.0,134.5,223.0,627.0,31622.0,22689.0,False,False
2603,2022-10-31 09:36:35.098343,-0.007407407407407418,0.0,-1.0,0.0,134.5,135.0,134.0,134.5,224.0,627.0,31622.0,22689.0,False,False
2603,2022-10-31 09:36:35.280865,-0.007407407407407418,0.0,-1.0,0.0,134.5,135.0,134.0,134.5,224.0,628.0,31622.0,22689.0,False,False
2603,2022-10-31 09:36:35.328760,-0.007407407407407418,0.0,-1.0,0.0,134.5,135.0,134.0,134.5,225.0,628.0,31622.0,22689.0,False,False
2603,2022-10-31 09:36:35.480578,-0.007407407407407418,0.0,-1.0,0.0,134.5,135.0,134.0,134.5,226.0,628.0,31622.0,22689.0,False,False
2603,2022-10-31 09:36:35.623204,-0.007407407407407418,0.0,-1.0,0.0,134.5,135.0,134.0,134.5,226.0,628.0,31622.0,22689.0,False,False
2603,2022-10-31 09:36:35.670482,-0.007407407407407418,0.0,-1.0,0.0,134.5,135.0,134.0,134.5,226.0,628.0,31622.0,22689.0,False,False
2603,2022-10-31 09:36:35.774215,-0.007407407407407418,0.0,-1.0,0.0,134.5,135.0,134.0,134.5,226.0,628.0,31622.0,22689.0,False,False
2603,2022-10-31 09:36:35.917559,-0.007407407407407418,0.0,-1.0,0.0,134.5,135.0,134.0,134.5,226.0,628.0,40166.0,22689.0,True,True
2603,2022-10-31 09:36:35.989804,-0.007407407407407418,0.0,-1.0,0.0,134.5,135.0,134.0,134.5,226.0,628.0,40166.0,22689.0,False,False
2603,2022-10-31 09:36:36.158969,-0.007407407407407418,0.0,-1.0,0.0,134.5,135.0,134.0,134.5,226.0,628.0,40166.0,22689.0,False,False
2603,2022-10-31 09:36:36.313727,-0.007407407407407418,0.0,-1.0,0.0,134.5,135.0,134.0,134.5,226.0,428.0,40166.0,22689.0,False,False
2603,2022-10-31 09:36:36.347673,-0.007407407407407418,0.0,-1.0,0.0,134.5,135.0,134.0,134.5,226.0,428.0,40166.0,22689.0,False,False
2603,2022-10-31 09:36:36.360485,-0.007407407407407418,0.0,-1.0,0.0,134.5,135.0,134.0,134.5,228.0,428.0,40166.0,22689.0,False,False
2603,2022-10-31 09:36:36.460711,-0.007407407407407418,0.0,-1.0,0.0,134.5,135.0,134.0,134.5,235.0,428.0,40166.0,22689.0,False,False
2603,2022-10-31 09:36:36.620740,-0.007407407407407418,0.0,-1.0,0.0,134.5,135.0,134.0,134.5,236.0,429.0,40166.0,22689.0,False,False
2603,2022-10-31 09:36:36.672966,-0.007407407407407418,0.0,-1.0,0.0,134.5,135.0,134.0,134.5,236.0,429.0,40166.0,22689.0,False,False
2603,2022-10-31 09:36:36.864572,-0.007407407407407418,0.0,-1.0,0.0,134.5,135.0,134.0,134.5,236.0,429.0,40166.0,22689.0,False,False
2603,2022-10-31 09:36:37.001305,-0.007407407407407418,0.0,-1.0,0.0,134.5,135.0,134.0,134.5,236.0,377.0,40166.0,22689.0,False,False
2603,2022-10-31 09:36:37.054530,-0.007407407407407418,0.0,-1.0,0.0,134.5,135.0,134.0,134.5,235.0,377.0,40166.0,22689.0,False,False
2603,2022-10-31 09:36:37.091809,-0.007407407407407418,0.0,-1.0,0.0,134.5,135.0,134.0,134.5,235.0,377.0,40166.0,22689.0,False,False
2603,2022-10-31 09:36:37.442860,-0.007407407407407418,0.0,-1.0,0.0,134.5,135.0,134.0,134.5,235.0,377.0,40166.0,22689.0,False,False
2603,2022-10-31 09:36:37.475401,-0.007407407407407418,0.0,-1.0,0.0,134.5,135.0,134.0,134.5,235.0,379.0,40166.0,22689.0,False,False
2603,2022-10-31 09:36:37.644050,-0.007407407407407418,0.0,-1.0,0.0,134.5,135.0,134.0,134.5,235.0,379.0,40166.0,22689.0,False,False
2603,2022-10-31 09:36:37.858928,-0.007407407407407418,0.0,-1.0,0.0,134.5,135.0,134.0,134.5,236.0,379.0,40166.0,22689.0,False,False
2603,2022-10-31 09:36:38.022688,-0.007407407407407418,0.0,-1.0,0.0,134.5,135.0,134.0,134.5,236.0,379.0,40166.0,22689.0,False,False
2603,2022-10-31 09:36:38.172192,-0.007407407407407418,0.0,-1.0,0.0,134.5,135.0,134.0,134.5,236.0,379.0,40166.0,22689.0,False,False
2603,2022-10-31 09:36:38.232857,-0.007407407407407418,0.0,-1.0,0.0,134.5,135.0,134.0,134.5,236.0,379.0,40166.0,22689.0,False,False
2603,2022-10-31 09:36:38.472088,-0.007407407407407418,0.0,-1.0,0.0,134.5,135.0,134.0,134.5,236.0,379.0,40166.0,22689.0,False,False
2603,2022-10-31 09:36:38.911493,-0.007407407407407418,0.0,-1.0,0.0,134.5,135.0,134.0,134.5,236.0,379.0,40166.0,22689.0,False,False
2603,2022-10-31 09:36:38.957299,-0.007407407407407418,0.0,-1.0,0.0,134.5,135.0,134.0,134.5,243.0,379.0,40166.0,22689.0,False,False
2603,2022-10-31 09:36:39.076302,-0.007407407407407418,0.0,-1.0,0.0,134.5,135.0,134.0,134.5,241.0,377.0,40166.0,22689.0,False,False
2603,2022-10-31 09:36:39.012166,-0.007407407407407418,0.0,-1.0,0.0,134.5,135.0,134.0,134.5,243.0,379.0,40166.0,22689.0,False,False
2603,2022-10-31 09:36:39.168571,-0.007407407407407418,0.0,-1.0,0.0,134.5,135.0,134.0,134.5,241.0,377.0,40166.0,22689.0,False,False
2603,2022-10-31 09:36:39.293608,-0.007407407407407418,0.0,-1.0,0.0,134.5,135.0,134.0,134.5,241.0,377.0,40166.0,22689.0,False,False
2603,2022-10-31 09:36:39.450156,-0.007407407407407418,0.0,-1.0,0.0,134.5,135.0,134.0,134.5,241.0,379.0,40166.0,22689.0,False,False
2603,2022-10-31 09:36:39.882936,-0.007407407407407418,0.0,-1.0,0.0,134.5,135.0,134.0,134.5,242.0,379.0,40166.0,22689.0,False,False
2603,2022-10-31 09:36:39.911015,-0.007407407407407418,0.0,-1.0,0.0,134.5,135.0,134.0,134.5,242.0,380.0,40166.0,22689.0,False,False
2603,2022-10-31 09:36:40.033936,-0.007407407407407418,0.0,-1.0,0.0,134.5,135.0,134.0,134.5,242.0,378.0,40166.0,22689.0,False,False
2603,2022-10-31 09:36:40.051443,-0.007407407407407418,0.0,-1.0,0.0,134.5,135.0,134.0,134.5,243.0,378.0,40166.0,22689.0,False,False
2603,2022-10-31 09:36:40.153204,-0.007407407407407418,0.0,-1.0,0.0,134.5,135.0,134.0,134.5,263.0,378.0,40166.0,22689.0,False,False
2603,2022-10-31 09:36:40.313118,-0.007407407407407418,0.0,-1.0,0.0,134.5,135.0,134.0,134.5,263.0,379.0,40166.0,22689.0,False,False
2603,2022-10-31 09:36:40.407604,-0.007407407407407418,0.0,-1.0,0.0,134.5,135.0,134.0,134.5,283.0,379.0,40166.0,22689.0,False,False
2603,2022-10-31 09:36:40.603704,-0.007407407407407418,0.0,-1.0,0.0,134.5,135.0,134.0,134.5,280.0,376.0,40166.0,22689.0,False,False
2603,2022-10-31 09:36:40.485572,-0.007407407407407418,0.0,-1.0,0.0,134.5,135.0,134.0,134.5,283.0,379.0,40166.0,22689.0,False,False
2603,2022-10-31 09:36:40.629307,-0.007407407407407418,0.0,-1.0,0.0,134.5,135.0,134.0,134.5,280.0,375.0,40166.0,22689.0,False,False
2603,2022-10-31 09:36:40.635516,-0.007407407407407418,0.0,-1.0,0.0,134.5,135.0,134.0,134.5,280.0,370.0,40166.0,22689.0,False,False
2603,2022-10-31 09:36:40.961018,-0.007407407407407418,0.0,-1.0,0.0,134.5,135.0,134.0,134.5,280.0,369.0,40166.0,22689.0,False,False
2603,2022-10-31 09:36:40.970872,-0.007407407407407418,0.0,-1.0,0.0,134.5,135.0,134.0,134.5,280.0,368.0,40166.0,22689.0,False,False
2603,2022-10-31 09:36:41.261477,-0.007407407407407418,0.0,-1.0,0.0,134.5,135.0,134.0,134.5,277.0,365.0,40166.0,22689.0,False,False
2603,2022-10-31 09:36:41.315911,-0.007407407407407418,0.0,-1.0,0.0,134.5,135.0,134.0,134.5,277.0,365.0,40166.0,22689.0,False,False
2603,2022-10-31 09:36:41.562450,-0.007407407407407418,0.0,-1.0,0.0,134.5,135.0,134.0,134.5,277.0,364.0,40166.0,22689.0,False,False
2603,2022-10-31 09:36:41.656999,-0.007407407407407418,0.0,-1.0,0.0,134.5,135.0,134.0,134.5,277.0,364.0,40166.0,22689.0,False,False
2603,2022-10-31 09:36:41.863516,-0.007407407407407418,0.0,-1.0,0.0,134.5,135.0,134.0,134.5,277.0,364.0,40166.0,22689.0,False,False
2603,2022-10-31 09:36:41.917816,-0.007407407407407418,0.0,-1.0,0.0,134.5,135.0,134.0,134.5,277.0,359.0,40166.0,22689.0,False,False
2603,2022-10-31 09:36:42.077095,-0.007407407407407418,0.0,-1.0,0.0,134.5,135.0,134.0,134.5,317.0,359.0,40166.0,22689.0,False,False
2603,2022-10-31 09:36:42.501043,-0.007407407407407418,0.0,-1.0,0.0,134.5,135.0,134.0,134.5,317.0,359.0,40166.0,22689.0,False,False
2603,2022-10-31 09:36:42.532691,-0.007407407407407418,0.0,-1.0,0.0,134.5,135.0,134.0,134.5,277.0,358.0,40166.0,22689.0,False,False
2603,2022-10-31 09:36:42.593133,-0.007407407407407418,0.0,-1.0,0.0,134.5,135.0,134.0,134.5,277.0,358.0,40166.0,22689.0,False,False
2603,2022-10-31 09:36:42.934912,-0.007407407407407418,0.0,-1.0,0.0,134.5,135.0,134.0,134.5,277.0,359.0,40166.0,22689.0,False,False
2603,2022-10-31 09:36:43.005607,-0.007407407407407418,0.0,-1.0,0.0,134.5,135.0,134.0,134.5,277.0,359.0,40166.0,22689.0,False,False
2603,2022-10-31 09:36:43.166335,-0.007407407407407418,0.0,-1.0,0.0,134.5,135.0,134.0,134.5,277.0,359.0,40166.0,22689.0,False,False
2603,2022-10-31 09:36:43.498917,-0.007407407407407418,0.0,-1.0,0.0,134.5,135.0,134.0,134.5,257.0,359.0,40166.0,22689.0,False,False
2603,2022-10-31 09:36:43.499004,-0.007407407407407418,0.0,-1.0,0.0,134.5,135.0,134.0,134.5,237.0,359.0,40166.0,22689.0,False,False
2603,2022-10-31 09:36:43.702098,-0.007407407407407418,0.0,-1.0,0.0,134.5,135.0,134.0,134.5,237.0,349.0,40166.0,22689.0,False,False
2603,2022-10-31 09:36:43.748385,-0.007407407407407418,0.0,-1.0,0.0,134.5,135.0,134.0,134.5,238.0,349.0,40166.0,22689.0,False,False
2603,2022-10-31 09:36:43.849316,-0.007407407407407418,0.0,-1.0,0.0,134.5,135.0,134.0,134.5,238.0,348.0,40166.0,22689.0,False,False
2603,2022-10-31 09:36:43.989111,-0.007407407407407418,0.0,-1.0,0.0,134.5,135.0,134.0,134.5,238.0,349.0,40166.0,22689.0,False,False
2603,2022-10-31 09:36:44.175969,-0.007407407407407418,0.0,-1.0,0.0,134.5,135.0,134.0,134.5,238.0,349.0,40166.0,22689.0,False,False
2603,2022-10-31 09:36:44.274260,-0.007407407407407418,0.0,-1.0,0.0,134.5,135.0,134.0,134.5,238.0,359.0,40166.0,22689.0,False,False
2603,2022-10-31 09:36:44.499666,-0.007407407407407418,0.0,-1.0,0.0,134.5,135.0,134.0,134.5,239.0,359.0,40166.0,22689.0,False,False
2603,2022-10-31 09:36:44.641189,-0.007407407407407418,0.0,-1.0,0.0,134.5,135.0,134.0,134.5,239.0,360.0,40166.0,22689.0,False,False
2603,2022-10-31 09:36:44.752255,-0.007407407407407418,0.0,-1.0,0.0,134.5,135.0,134.0,134.5,239.0,359.0,40166.0,22689.0,False,False
2603,2022-10-31 09:36:44.753346,-0.007407407407407418,0.0,-1.0,0.0,134.5,135.0,134.0,134.5,239.0,359.0,40166.0,22689.0,False,False
2603,2022-10-31 09:36:44.808151,-0.007407407407407418,0.0,-1.0,0.0,134.5,135.0,134.0,134.5,259.0,361.0,40166.0,22689.0,False,False
2603,2022-10-31 09:36:44.920081,-0.007407407407407418,0.0,-1.0,0.0,134.5,135.0,134.0,134.5,298.0,361.0,40166.0,22689.0,False,False
2603,2022-10-31 09:36:45.171042,-0.007407407407407418,0.0,-1.0,0.0,134.5,135.0,134.0,134.5,298.0,360.0,40166.0,22689.0,False,False
2603,2022-10-31 09:36:45.209474,-0.007407407407407418,0.0,-1.0,0.0,134.5,135.0,134.0,134.5,299.0,360.0,40166.0,22689.0,False,False
2603,2022-10-31 09:36:45.226481,-0.007407407407407418,0.0,-1.0,0.0,134.5,135.0,134.0,134.5,259.0,360.0,40166.0,22689.0,False,False
2603,2022-10-31 09:36:45.359251,-0.007407407407407418,0.0,-1.0,0.0,134.5,135.0,134.0,134.5,259.0,359.0,40166.0,22689.0,False,False
2603,2022-10-31 09:36:45.449648,-0.007407407407407418,0.0,-1.0,0.0,134.5,135.0,134.0,134.5,259.0,359.0,40166.0,22689.0,False,False
2603,2022-10-31 09:36:45.685350,-0.007407407407407418,0.0,-1.0,0.0,134.5,135.0,134.0,134.5,258.0,359.0,40166.0,22689.0,False,False
2603,2022-10-31 09:36:45.744205,-0.007407407407407418,0.0,-1.0,0.0,134.5,135.0,134.0,134.5,258.0,358.0,40166.0,22689.0,False,False
2603,2022-10-31 09:36:45.799385,-0.007407407407407418,0.0,-1.0,0.0,134.5,135.0,134.0,134.5,259.0,358.0,40166.0,22689.0,False,False
2603,2022-10-31 09:36:45.943968,-0.007407407407407418,0.0,-1.0,0.0,134.5,135.0,134.0,134.5,259.0,358.0,38259.0,19582.0,True,True
2603,2022-10-31 09:36:45.854641,-0.007407407407407418,0.0,-1.0,0.0,134.5,135.0,134.0,134.5,259.0,358.0,38259.0,19582.0,False,False
2603,2022-10-31 09:36:46.254766,-0.007407407407407418,0.0,-1.0,0.0,134.5,135.0,134.0,134.5,259.0,357.0,38259.0,19582.0,False,False
2603,2022-10-31 09:36:46.254969,-0.007407407407407418,0.0,-1.0,0.0,134.5,135.0,134.0,134.5,259.0,357.0,38259.0,19582.0,False,False
2603,2022-10-31 09:36:46.516555,-0.007407407407407418,0.0,-1.0,0.0,134.5,135.0,134.0,134.5,259.0,358.0,38259.0,19582.0,False,False
2603,2022-10-31 09:36:46.616783,-0.007407407407407418,0.0,-1.0,0.0,134.5,135.0,134.0,134.5,259.0,355.0,38259.0,19582.0,False,False
2603,2022-10-31 09:36:46.638281,-0.007407407407407418,0.0,-1.0,0.0,134.5,135.0,134.0,134.5,259.0,355.0,38259.0,19582.0,False,False
2603,2022-10-31 09:36:46.738610,-0.007407407407407418,0.0,-1.0,0.0,134.5,135.0,134.0,134.5,259.0,353.0,38259.0,19582.0,False,False
2603,2022-10-31 09:36:46.795012,-0.007407407407407418,0.0,-1.0,0.0,134.5,135.0,134.0,134.5,260.0,353.0,38259.0,19582.0,False,False
2603,2022-10-31 09:36:46.884084,-0.007407407407407418,0.0,-1.0,0.0,134.5,135.0,134.0,134.5,260.0,354.0,38259.0,19582.0,False,False
2603,2022-10-31 09:36:46.953450,-0.007407407407407418,0.0,-1.0,0.0,134.5,135.0,134.0,134.5,260.0,353.0,38259.0,19582.0,False,False
2603,2022-10-31 09:36:47.142802,-0.007407407407407418,0.0,-1.0,0.0,134.5,135.0,134.0,134.5,260.0,352.0,38259.0,19582.0,False,False
2603,2022-10-31 09:36:47.208424,-0.007407407407407418,0.0,-1.0,0.0,134.5,135.0,134.0,134.5,261.0,352.0,38259.0,19582.0,False,False
2603,2022-10-31 09:36:47.292208,-0.007407407407407418,0.0,-1.0,0.0,134.5,135.0,134.0,134.5,261.0,353.0,38259.0,19582.0,False,False
2603,2022-10-31 09:36:47.309057,-0.007407407407407418,0.0,-1.0,0.0,134.5,135.0,134.0,134.5,261.0,352.0,38259.0,19582.0,False,False
2603,2022-10-31 09:36:47.329647,-0.007407407407407418,0.0,-1.0,0.0,134.5,135.0,134.0,134.5,261.0,352.0,38259.0,19582.0,False,False
2603,2022-10-31 09:36:47.486959,-0.007407407407407418,0.0,-1.0,0.0,134.5,135.0,134.0,134.5,301.0,352.0,38259.0,19582.0,False,False
2603,2022-10-31 09:36:47.864715,-0.007407407407407418,0.0,-1.0,0.0,134.5,135.0,134.0,134.5,261.0,352.0,38259.0,19582.0,False,False
2603,2022-10-31 09:36:47.935073,-0.007407407407407418,0.0,-1.0,0.0,134.5,135.0,134.0,134.5,261.0,351.0,38259.0,19582.0,False,False
2603,2022-10-31 09:36:48.097638,-0.007407407407407418,0.0,-1.0,0.0,134.5,135.0,134.0,134.5,261.0,350.0,38259.0,19582.0,False,False
2603,2022-10-31 09:36:48.152093,-0.007407407407407418,0.0,-1.0,0.0,134.5,135.0,134.0,134.5,256.0,350.0,38259.0,19582.0,False,False
2603,2022-10-31 09:36:48.227382,-0.007407407407407418,0.0,-1.0,0.0,134.5,135.0,134.0,134.5,257.0,348.0,38259.0,19582.0,False,False
2603,2022-10-31 09:36:48.391076,-0.007407407407407418,0.0,-1.0,0.0,134.5,135.0,134.0,134.5,257.0,348.0,38259.0,19582.0,False,False
2603,2022-10-31 09:36:48.391103,-0.007407407407407418,0.0,-1.0,0.0,134.5,135.0,134.0,134.5,257.0,347.0,38259.0,19582.0,False,False
2603,2022-10-31 09:36:48.698482,-0.007407407407407418,0.0,-1.0,0.0,134.5,135.0,134.0,134.5,257.0,347.0,38259.0,19582.0,False,False
2603,2022-10-31 09:36:48.718368,-0.007407407407407418,0.0,-1.0,0.0,134.5,135.0,134.0,134.5,258.0,347.0,38259.0,19582.0,False,False
2603,2022-10-31 09:36:48.774765,-0.007407407407407418,0.0,-1.0,0.0,134.5,135.0,134.0,134.5,258.0,349.0,38259.0,19582.0,False,False
2603,2022-10-31 09:36:48.924711,-0.007407407407407418,0.0,-1.0,0.0,134.5,135.0,134.0,134.5,258.0,349.0,38259.0,19582.0,False,False
2603,2022-10-31 09:36:49.289105,-0.007407407407407418,0.0,-1.0,0.0,134.5,135.0,134.0,134.5,258.0,351.0,38259.0,19582.0,False,False
2603,2022-10-31 09:36:49.372065,-0.007407407407407418,0.0,-1.0,0.0,134.5,135.0,134.0,134.5,259.0,351.0,38259.0,19582.0,False,False
2603,2022-10-31 09:36:49.393384,-0.007407407407407418,0.0,-1.0,0.0,134.5,135.0,134.0,134.5,259.0,348.0,38259.0,19582.0,False,False
2603,2022-10-31 09:36:49.555142,-0.007407407407407418,0.0,-1.0,0.0,134.5,135.0,134.0,134.5,267.0,348.0,38259.0,19582.0,False,False
2603,2022-10-31 09:36:49.798392,-0.007407407407407418,0.0,-1.0,0.0,134.5,135.0,134.0,134.5,267.0,348.0,38259.0,19582.0,False,False
2603,2022-10-31 09:36:49.905648,-0.007407407407407418,0.0,-1.0,0.0,134.5,135.0,134.0,134.5,267.0,348.0,38259.0,19582.0,False,False
2603,2022-10-31 09:36:49.922421,-0.007407407407407418,0.0,-1.0,0.0,134.5,135.0,134.0,134.5,267.0,347.0,38259.0,19582.0,False,False
2603,2022-10-31 09:36:50.197005,-0.007407407407407418,0.0,-1.0,0.0,134.5,135.0,134.0,134.5,267.0,346.0,38259.0,19582.0,False,False
2603,2022-10-31 09:36:50.229907,-0.007407407407407418,0.0,-1.0,0.0,134.5,135.0,134.0,134.5,267.0,346.0,38259.0,19582.0,False,False
2603,2022-10-31 09:36:50.422732,-0.007407407407407418,0.0,-1.0,0.0,134.5,135.0,134.0,134.5,267.0,346.0,38259.0,19582.0,False,False
2603,2022-10-31 09:36:50.481491,-0.007407407407407418,0.0,-1.0,0.0,134.5,135.0,134.0,134.5,267.0,345.0,38259.0,19582.0,False,False
2603,2022-10-31 09:36:50.531141,-0.007407407407407418,0.0,-1.0,0.0,134.5,135.0,134.0,134.5,267.0,345.0,38259.0,19582.0,False,False
2603,2022-10-31 09:36:50.704008,-0.007407407407407418,0.0,-1.0,0.0,134.5,135.0,134.0,134.5,267.0,344.0,38259.0,19582.0,False,False
2603,2022-10-31 09:36:50.730141,-0.007407407407407418,0.0,-1.0,0.0,134.5,135.0,134.0,134.5,267.0,345.0,38259.0,19582.0,False,False
2603,2022-10-31 09:36:50.824348,-0.007407407407407418,0.0,-1.0,0.0,134.5,135.0,134.0,134.5,269.0,345.0,38259.0,19582.0,False,False
2603,2022-10-31 09:36:50.916225,-0.007407407407407418,0.0,-1.0,0.0,134.5,135.0,134.0,134.5,269.0,345.0,38259.0,19582.0,False,False
2603,2022-10-31 09:36:51.156829,-0.007407407407407418,0.0,-1.0,0.0,134.5,135.0,134.0,134.5,270.0,345.0,38259.0,19582.0,False,False
2603,2022-10-31 09:36:51.168699,-0.007407407407407418,0.0,-1.0,0.0,134.5,135.0,134.0,134.5,270.0,345.0,38259.0,19582.0,False,False
2603,2022-10-31 09:36:51.469236,-0.007407407407407418,0.0,-1.0,0.0,134.5,135.0,134.0,134.5,270.0,345.0,38259.0,19582.0,False,False
2603,2022-10-31 09:36:51.523361,-0.007407407407407418,0.0,-1.0,0.0,134.5,135.0,134.0,134.5,270.0,345.0,38259.0,19582.0,False,False
2603,2022-10-31 09:36:51.945002,-0.007407407407407418,0.0,-1.0,0.0,134.5,135.0,134.0,134.5,269.0,344.0,38259.0,19582.0,False,False
2603,2022-10-31 09:36:52.002897,-0.007407407407407418,0.0,-1.0,0.0,134.5,135.0,134.0,134.5,269.0,343.0,38259.0,19582.0,False,False
2603,2022-10-31 09:36:52.043048,-0.007407407407407418,0.0,-1.0,0.0,134.5,135.0,134.0,134.5,269.0,344.0,38259.0,19582.0,False,False
2603,2022-10-31 09:36:52.205244,-0.007407407407407418,0.0,-1.0,0.0,134.5,135.0,134.0,134.5,269.0,344.0,38259.0,19582.0,False,False
2603,2022-10-31 09:36:52.246468,-0.007407407407407418,0.0,-1.0,0.0,134.5,135.0,134.0,134.5,269.0,344.0,38259.0,19582.0,False,False
2603,2022-10-31 09:36:52.248218,-0.007407407407407418,0.0,-1.0,0.0,134.5,135.0,134.0,134.5,269.0,344.0,38259.0,19582.0,False,False
2603,2022-10-31 09:36:52.463709,-0.007407407407407418,0.0,-1.0,0.0,134.5,135.0,134.0,134.5,269.0,345.0,38259.0,19582.0,False,False
2603,2022-10-31 09:36:52.588051,-0.007407407407407418,0.0,-1.0,0.0,134.5,135.0,134.0,134.5,269.0,349.0,38259.0,19582.0,False,False
2603,2022-10-31 09:36:52.677009,-0.007407407407407418,0.0,-1.0,0.0,134.5,135.0,134.0,134.5,269.0,350.0,38259.0,19582.0,False,False
2603,2022-10-31 09:36:52.742212,-0.007407407407407418,0.0,-1.0,0.0,134.5,135.0,134.0,134.5,269.0,350.0,38259.0,19582.0,False,False
2603,2022-10-31 09:36:53.004711,-0.007407407407407418,0.0,-1.0,0.0,134.5,135.0,134.0,134.5,269.0,351.0,38259.0,19582.0,False,False
2603,2022-10-31 09:36:53.078539,-0.007407407407407418,0.0,-1.0,0.0,134.5,135.0,134.0,134.5,269.0,351.0,38259.0,19582.0,False,False
2603,2022-10-31 09:36:53.151358,-0.007407407407407418,0.0,-1.0,0.0,134.5,135.0,134.0,134.5,269.0,351.0,38259.0,19582.0,False,False
2603,2022-10-31 09:36:53.603677,-0.007407407407407418,0.0,-1.0,0.0,134.5,135.0,134.0,134.5,269.0,350.0,38259.0,19582.0,False,False
2603,2022-10-31 09:36:53.792737,-0.007407407407407418,0.0,-1.0,0.0,134.5,135.0,134.0,134.5,269.0,347.0,38259.0,19582.0,False,False
2603,2022-10-31 09:36:53.932567,-0.007407407407407418,0.0,-1.0,0.0,134.5,135.0,134.0,134.5,269.0,347.0,38259.0,19582.0,False,False
2603,2022-10-31 09:36:54.252248,-0.007407407407407418,0.0,-1.0,0.0,134.5,135.0,134.0,134.5,269.0,347.0,38259.0,19582.0,False,False
2603,2022-10-31 09:36:54.433353,-0.007407407407407418,0.0,-1.0,0.0,134.5,135.0,134.0,134.5,269.0,346.0,38259.0,19582.0,False,False
2603,2022-10-31 09:36:54.464547,-0.007407407407407418,0.0,-1.0,0.0,134.5,135.0,134.0,134.5,269.0,345.0,38259.0,19582.0,False,False
2603,2022-10-31 09:36:54.534416,-0.007407407407407418,0.0,-1.0,0.0,134.5,135.0,134.0,134.5,269.0,346.0,38259.0,19582.0,False,False
2603,2022-10-31 09:36:54.590770,-0.007407407407407418,0.0,-1.0,0.0,134.5,135.0,134.0,134.5,269.0,346.0,38259.0,19582.0,False,False
2603,2022-10-31 09:36:54.722786,-0.007407407407407418,0.0,-1.0,0.0,134.5,135.0,134.0,134.5,269.0,347.0,38259.0,19582.0,False,False
2603,2022-10-31 09:36:54.760094,-0.007407407407407418,0.0,-1.0,0.0,134.5,135.0,134.0,134.5,269.0,349.0,38259.0,19582.0,False,False
2603,2022-10-31 09:36:54.864893,-0.007407407407407418,0.0,-1.0,0.0,134.5,135.0,134.0,134.5,269.0,349.0,38259.0,19582.0,False,False
2603,2022-10-31 09:36:55.437254,-0.007407407407407418,0.0,-1.0,0.0,134.5,135.0,134.0,134.5,269.0,350.0,38259.0,19582.0,False,False
2603,2022-10-31 09:36:55.484030,-0.007407407407407418,0.0,-1.0,0.0,134.5,135.0,134.0,134.5,269.0,350.0,38259.0,19582.0,False,False
2603,2022-10-31 09:36:55.596736,-0.007407407407407418,0.0,-1.0,0.0,134.5,135.0,134.0,134.5,270.0,348.0,38259.0,19582.0,False,False
2603,2022-10-31 09:36:55.590627,-0.007407407407407418,0.0,-1.0,0.0,134.5,135.0,134.0,134.5,270.0,349.0,38259.0,19582.0,False,False
2603,2022-10-31 09:36:55.703387,-0.007407407407407418,0.0,-1.0,0.0,134.5,135.0,134.0,134.5,269.0,347.0,38259.0,19582.0,False,False
2603,2022-10-31 09:36:55.974635,-0.0037037037037036535,-0.0037037037037036535,-0.5,-0.5,134.5,135.0,134.5,135.0,269.0,347.0,16382.0,32396.0,True,True
2603,2022-10-31 09:36:55.979570,-0.0037037037037036535,-0.0037037037037036535,-0.5,-0.5,134.5,135.0,134.5,135.0,268.0,347.0,16382.0,32396.0,False,False
2603,2022-10-31 09:36:56.311576,-0.0037037037037036535,-0.0037037037037036535,-0.5,-0.5,134.5,135.0,134.5,135.0,268.0,347.0,16382.0,32396.0,False,False
2603,2022-10-31 09:36:56.456081,-0.0037037037037036535,-0.0037037037037036535,-0.5,-0.5,134.5,135.0,134.5,135.0,268.0,352.0,16382.0,32396.0,False,False
2603,2022-10-31 09:36:56.725818,-0.0037037037037036535,-0.0037037037037036535,-0.5,-0.5,134.5,135.0,134.5,135.0,268.0,351.0,16382.0,32396.0,False,False
2603,2022-10-31 09:36:56.787132,-0.0037037037037036535,-0.0037037037037036535,-0.5,-0.5,134.5,135.0,134.5,135.0,268.0,352.0,16382.0,32396.0,False,False
2603,2022-10-31 09:36:56.935171,-0.0037037037037036535,-0.0037037037037036535,-0.5,-0.5,134.5,135.0,134.5,135.0,268.0,351.0,16382.0,32396.0,False,False
2603,2022-10-31 09:36:57.070416,-0.0037037037037036535,-0.0037037037037036535,-0.5,-0.5,134.5,135.0,134.5,135.0,268.0,351.0,16382.0,32396.0,False,False
2603,2022-10-31 09:36:57.117663,-0.0037037037037036535,-0.0037037037037036535,-0.5,-0.5,134.5,135.0,134.5,135.0,268.0,349.0,16382.0,32396.0,False,False
2603,2022-10-31 09:36:57.186220,-0.0037037037037036535,-0.0037037037037036535,-0.5,-0.5,134.5,135.0,134.5,135.0,268.0,349.0,16382.0,32396.0,False,False
2603,2022-10-31 09:36:57.227368,-0.0037037037037036535,-0.0037037037037036535,-0.5,-0.5,134.5,135.0,134.5,135.0,268.0,313.0,16382.0,32396.0,False,False
2603,2022-10-31 09:36:57.464773,-0.0037037037037036535,-0.0037037037037036535,-0.5,-0.5,134.5,135.0,134.5,135.0,267.0,313.0,16382.0,32396.0,False,False
2603,2022-10-31 09:36:57.620657,-0.0037037037037036535,-0.0037037037037036535,-0.5,-0.5,134.5,135.0,134.5,135.0,266.0,313.0,16382.0,32396.0,False,False
2603,2022-10-31 09:36:58.005924,-0.0037037037037036535,-0.0037037037037036535,-0.5,-0.5,134.5,135.0,134.5,135.0,278.0,313.0,16382.0,32396.0,False,False
2603,2022-10-31 09:36:58.022390,-0.0037037037037036535,-0.0037037037037036535,-0.5,-0.5,134.5,135.0,134.5,135.0,278.0,314.0,16382.0,32396.0,False,False
2603,2022-10-31 09:36:58.159939,-0.0037037037037036535,-0.0037037037037036535,-0.5,-0.5,134.5,135.0,134.5,135.0,278.0,313.0,16382.0,32396.0,False,False
2603,2022-10-31 09:36:58.266664,-0.0037037037037036535,-0.0037037037037036535,-0.5,-0.5,134.5,135.0,134.5,135.0,278.0,313.0,16382.0,32396.0,False,False
2603,2022-10-31 09:36:58.313164,-0.0037037037037036535,-0.0037037037037036535,-0.5,-0.5,134.5,135.0,134.5,135.0,288.0,313.0,16382.0,32396.0,False,False
2603,2022-10-31 09:36:58.452137,-0.0037037037037036535,-0.0037037037037036535,-0.5,-0.5,134.5,135.0,134.5,135.0,289.0,313.0,16382.0,32396.0,False,False
2603,2022-10-31 09:36:58.520496,-0.0037037037037036535,-0.0037037037037036535,-0.5,-0.5,134.5,135.0,134.5,135.0,290.0,313.0,16382.0,32396.0,False,False
2603,2022-10-31 09:36:58.729719,-0.0037037037037036535,-0.0037037037037036535,-0.5,-0.5,134.5,135.0,134.5,135.0,290.0,313.0,16382.0,32396.0,False,False
2603,2022-10-31 09:36:58.771437,-0.0037037037037036535,-0.0037037037037036535,-0.5,-0.5,134.5,135.0,134.5,135.0,290.0,314.0,16382.0,32396.0,False,False
2603,2022-10-31 09:36:58.913514,-0.0037037037037036535,-0.0037037037037036535,-0.5,-0.5,134.5,135.0,134.5,135.0,290.0,313.0,16382.0,32396.0,False,False
2603,2022-10-31 09:36:59.015024,-0.0037037037037036535,-0.0037037037037036535,-0.5,-0.5,134.5,135.0,134.5,135.0,290.0,313.0,16382.0,32396.0,False,False
2603,2022-10-31 09:36:59.034207,-0.0037037037037036535,-0.0037037037037036535,-0.5,-0.5,134.5,135.0,134.5,135.0,290.0,312.0,16382.0,32396.0,False,False
2603,2022-10-31 09:36:59.115180,-0.0037037037037036535,-0.0037037037037036535,-0.5,-0.5,134.5,135.0,134.5,135.0,291.0,312.0,16382.0,32396.0,False,False
2603,2022-10-31 09:36:59.276434,-0.0037037037037036535,-0.0037037037037036535,-0.5,-0.5,134.5,135.0,134.5,135.0,292.0,312.0,16382.0,32396.0,False,False
2603,2022-10-31 09:36:59.482578,-0.0037037037037036535,-0.0037037037037036535,-0.5,-0.5,134.5,135.0,134.5,135.0,293.0,312.0,16382.0,32396.0,False,False
2603,2022-10-31 09:36:59.828155,-0.0037037037037036535,-0.0037037037037036535,-0.5,-0.5,134.5,135.0,134.5,135.0,293.0,312.0,16382.0,32396.0,False,False
2603,2022-10-31 09:36:59.963810,-0.0037037037037036535,-0.0037037037037036535,-0.5,-0.5,134.5,135.0,134.5,135.0,293.0,311.0,16382.0,32396.0,False,False
2603,2022-10-31 09:37:00.221100,-0.0037037037037036535,-0.0037037037037036535,-0.5,-0.5,134.5,135.0,134.5,135.0,293.0,310.0,16382.0,32396.0,False,False
2603,2022-10-31 09:37:00.335737,-0.0037037037037036535,-0.0037037037037036535,-0.5,-0.5,134.5,135.0,134.5,135.0,294.0,311.0,16382.0,32396.0,False,False
2603,2022-10-31 09:37:00.479960,-0.0037037037037036535,-0.0037037037037036535,-0.5,-0.5,134.5,135.0,134.5,135.0,294.0,316.0,16382.0,32396.0,False,False
2603,2022-10-31 09:37:00.775872,-0.0037037037037036535,-0.0037037037037036535,-0.5,-0.5,134.5,135.0,134.5,135.0,295.0,316.0,16382.0,32396.0,False,False
2603,2022-10-31 09:37:00.797419,-0.0037037037037036535,-0.0037037037037036535,-0.5,-0.5,134.5,135.0,134.5,135.0,305.0,316.0,16382.0,32396.0,False,False
2603,2022-10-31 09:37:00.946481,-0.0037037037037036535,-0.0037037037037036535,-0.5,-0.5,134.5,135.0,134.5,135.0,304.0,316.0,16382.0,32396.0,False,False
2603,2022-10-31 09:37:01.095270,-0.0037037037037036535,-0.0037037037037036535,-0.5,-0.5,134.5,135.0,134.5,135.0,304.0,315.0,16382.0,32396.0,False,False
2603,2022-10-31 09:37:01.288228,-0.0037037037037036535,-0.0037037037037036535,-0.5,-0.5,134.5,135.0,134.5,135.0,304.0,314.0,16382.0,32396.0,False,False
2603,2022-10-31 09:37:01.436642,-0.0037037037037036535,-0.0037037037037036535,-0.5,-0.5,134.5,135.0,134.5,135.0,304.0,314.0,16382.0,32396.0,False,False
2603,2022-10-31 09:37:01.490393,-0.0037037037037036535,-0.0037037037037036535,-0.5,-0.5,134.5,135.0,134.5,135.0,304.0,314.0,16382.0,32396.0,False,False
2603,2022-10-31 09:37:01.514974,-0.0037037037037036535,-0.0037037037037036535,-0.5,-0.5,134.5,135.0,134.5,135.0,304.0,313.0,16382.0,32396.0,False,False
2603,2022-10-31 09:37:01.593410,-0.0037037037037036535,-0.0037037037037036535,-0.5,-0.5,134.5,135.0,134.5,135.0,304.0,313.0,16382.0,32396.0,False,False
2603,2022-10-31 09:37:01.638090,-0.0037037037037036535,-0.0037037037037036535,-0.5,-0.5,134.5,135.0,134.5,135.0,304.0,308.0,16382.0,32396.0,False,False
2603,2022-10-31 09:37:01.731195,-0.0037037037037036535,-0.0037037037037036535,-0.5,-0.5,134.5,135.0,134.5,135.0,303.0,303.0,16382.0,32396.0,False,False
2603,2022-10-31 09:37:01.719186,-0.0037037037037036535,-0.0037037037037036535,-0.5,-0.5,134.5,135.0,134.5,135.0,303.0,308.0,16382.0,32396.0,False,False
2603,2022-10-31 09:37:01.846703,-0.0037037037037036535,-0.0037037037037036535,-0.5,-0.5,134.5,135.0,134.5,135.0,304.0,302.0,16382.0,32396.0,False,False
2603,2022-10-31 09:37:01.844544,-0.0037037037037036535,-0.0037037037037036535,-0.5,-0.5,134.5,135.0,134.5,135.0,304.0,303.0,16382.0,32396.0,False,False
2603,2022-10-31 09:37:01.969316,-0.0037037037037036535,-0.0037037037037036535,-0.5,-0.5,134.5,135.0,134.5,135.0,304.0,299.0,16382.0,32396.0,False,False
2603,2022-10-31 09:37:02.286987,-0.0037037037037036535,-0.0037037037037036535,-0.5,-0.5,134.5,135.0,134.5,135.0,305.0,299.0,16382.0,32396.0,False,False
2603,2022-10-31 09:37:02.386459,-0.0037037037037036535,-0.0037037037037036535,-0.5,-0.5,134.5,135.0,134.5,135.0,305.0,299.0,16382.0,32396.0,False,False
2603,2022-10-31 09:37:02.438448,-0.0037037037037036535,-0.0037037037037036535,-0.5,-0.5,134.5,135.0,134.5,135.0,305.0,299.0,16382.0,32396.0,False,False
2603,2022-10-31 09:37:02.556311,-0.0037037037037036535,-0.0037037037037036535,-0.5,-0.5,134.5,135.0,134.5,135.0,304.0,299.0,16382.0,32396.0,False,False
2603,2022-10-31 09:37:02.857820,-0.0037037037037036535,-0.0037037037037036535,-0.5,-0.5,134.5,135.0,134.5,135.0,304.0,300.0,16382.0,32396.0,False,False
2603,2022-10-31 09:37:02.901049,-0.0037037037037036535,-0.0037037037037036535,-0.5,-0.5,134.5,135.0,134.5,135.0,304.0,299.0,16382.0,32396.0,False,False
2603,2022-10-31 09:37:02.928955,-0.0037037037037036535,-0.0037037037037036535,-0.5,-0.5,134.5,135.0,134.5,135.0,304.0,299.0,16382.0,32396.0,False,False
2603,2022-10-31 09:37:03.166121,-0.0037037037037036535,-0.0037037037037036535,-0.5,-0.5,134.5,135.0,134.5,135.0,305.0,299.0,16382.0,32396.0,False,False
2603,2022-10-31 09:37:03.255096,-0.0037037037037036535,-0.0037037037037036535,-0.5,-0.5,134.5,135.0,134.5,135.0,305.0,299.0,16382.0,32396.0,False,False
2603,2022-10-31 09:37:03.450520,-0.0037037037037036535,-0.0037037037037036535,-0.5,-0.5,134.5,135.0,134.5,135.0,305.0,299.0,16382.0,32396.0,False,False
2603,2022-10-31 09:37:03.495047,-0.0037037037037036535,-0.0037037037037036535,-0.5,-0.5,134.5,135.0,134.5,135.0,306.0,299.0,16382.0,32396.0,False,False
2603,2022-10-31 09:37:03.606368,-0.0037037037037036535,-0.0037037037037036535,-0.5,-0.5,134.5,135.0,134.5,135.0,306.0,300.0,16382.0,32396.0,False,False
2603,2022-10-31 09:37:03.799181,-0.0037037037037036535,-0.0037037037037036535,-0.5,-0.5,134.5,135.0,134.5,135.0,306.0,300.0,16382.0,32396.0,False,False
2603,2022-10-31 09:37:03.966430,-0.0037037037037036535,-0.0037037037037036535,-0.5,-0.5,134.5,135.0,134.5,135.0,307.0,300.0,16382.0,32396.0,False,False
2603,2022-10-31 09:37:03.971386,-0.0037037037037036535,-0.0037037037037036535,-0.5,-0.5,134.5,135.0,134.5,135.0,307.0,305.0,16382.0,32396.0,False,False
2603,2022-10-31 09:37:04.294429,-0.0037037037037036535,-0.0037037037037036535,-0.5,-0.5,134.5,135.0,134.5,135.0,308.0,305.0,16382.0,32396.0,False,False
2603,2022-10-31 09:37:04.318014,-0.0037037037037036535,-0.0037037037037036535,-0.5,-0.5,134.5,135.0,134.5,135.0,309.0,304.0,16382.0,32396.0,False,False
2603,2022-10-31 09:37:04.400125,-0.0037037037037036535,-0.0037037037037036535,-0.5,-0.5,134.5,135.0,134.5,135.0,309.0,307.0,16382.0,32396.0,False,False
2603,2022-10-31 09:37:04.618287,-0.0037037037037036535,-0.0037037037037036535,-0.5,-0.5,134.5,135.0,134.5,135.0,310.0,307.0,16382.0,32396.0,False,False
2603,2022-10-31 09:37:04.721834,-0.0037037037037036535,-0.0037037037037036535,-0.5,-0.5,134.5,135.0,134.5,135.0,310.0,307.0,16382.0,32396.0,False,False
2603,2022-10-31 09:37:04.786028,-0.0037037037037036535,-0.0037037037037036535,-0.5,-0.5,134.5,135.0,134.5,135.0,311.0,307.0,16382.0,32396.0,False,False
2603,2022-10-31 09:37:04.912224,-0.0037037037037036535,-0.0037037037037036535,-0.5,-0.5,134.5,135.0,134.5,135.0,311.0,307.0,16382.0,32396.0,False,False
2603,2022-10-31 09:37:04.978106,-0.0037037037037036535,-0.0037037037037036535,-0.5,-0.5,134.5,135.0,134.5,135.0,312.0,307.0,16382.0,32396.0,False,False
2603,2022-10-31 09:37:05.207799,-0.0037037037037036535,-0.0037037037037036535,-0.5,-0.5,134.5,135.0,134.5,135.0,312.0,307.0,34031.0,4952.0,False,True
2603,2022-10-31 09:37:05.446497,-0.0037037037037036535,-0.0037037037037036535,-0.5,-0.5,134.5,135.0,134.5,135.0,312.0,310.0,34031.0,4952.0,False,False
2603,2022-10-31 09:37:05.504128,-0.0037037037037036535,-0.0037037037037036535,-0.5,-0.5,134.5,135.0,134.5,135.0,312.0,309.0,34031.0,4952.0,False,False
2603,2022-10-31 09:37:05.590075,-0.0037037037037036535,-0.0037037037037036535,-0.5,-0.5,134.5,135.0,134.5,135.0,312.0,309.0,34031.0,4952.0,False,False
2603,2022-10-31 09:37:05.713779,-0.0037037037037036535,-0.0037037037037036535,-0.5,-0.5,134.5,135.0,134.5,135.0,313.0,309.0,34031.0,4952.0,False,False
2603,2022-10-31 09:37:05.792445,-0.0037037037037036535,-0.0037037037037036535,-0.5,-0.5,134.5,135.0,134.5,135.0,313.0,310.0,34031.0,4952.0,False,False
2603,2022-10-31 09:37:05.991792,-0.0037037037037036535,-0.0037037037037036535,-0.5,-0.5,134.5,135.0,134.5,135.0,313.0,310.0,34031.0,4952.0,False,False
2603,2022-10-31 09:37:06.109159,-0.0037037037037036535,-0.0037037037037036535,-0.5,-0.5,134.5,135.0,134.5,135.0,315.0,310.0,34031.0,4952.0,False,False
2603,2022-10-31 09:37:06.167892,-0.0037037037037036535,-0.0037037037037036535,-0.5,-0.5,134.5,135.0,134.5,135.0,315.0,309.0,34031.0,4952.0,False,False
2603,2022-10-31 09:37:06.297120,-0.0037037037037036535,-0.0037037037037036535,-0.5,-0.5,134.5,135.0,134.5,135.0,316.0,309.0,34031.0,4952.0,False,False
2603,2022-10-31 09:37:06.339669,-0.0037037037037036535,-0.0037037037037036535,-0.5,-0.5,134.5,135.0,134.5,135.0,316.0,309.0,34031.0,4952.0,False,False
2603,2022-10-31 09:37:06.462675,-0.0037037037037036535,-0.0037037037037036535,-0.5,-0.5,134.5,135.0,134.5,135.0,316.0,309.0,34031.0,4952.0,False,False
2603,2022-10-31 09:37:06.618987,-0.0037037037037036535,-0.0037037037037036535,-0.5,-0.5,134.5,135.0,134.5,135.0,316.0,309.0,34031.0,4952.0,False,False
2603,2022-10-31 09:37:06.627204,-0.0037037037037036535,-0.0037037037037036535,-0.5,-0.5,134.5,135.0,134.5,135.0,317.0,309.0,34031.0,4952.0,False,False
2603,2022-10-31 09:37:06.839595,-0.0037037037037036535,-0.0037037037037036535,-0.5,-0.5,134.5,135.0,134.5,135.0,317.0,308.0,34031.0,4952.0,False,False
2603,2022-10-31 09:37:06.921272,-0.0037037037037036535,-0.0037037037037036535,-0.5,-0.5,134.5,135.0,134.5,135.0,317.0,308.0,34031.0,4952.0,False,False
2603,2022-10-31 09:37:06.974308,-0.0037037037037036535,-0.0037037037037036535,-0.5,-0.5,134.5,135.0,134.5,135.0,317.0,309.0,34031.0,4952.0,False,False
2603,2022-10-31 09:37:07.041863,-0.0037037037037036535,-0.0037037037037036535,-0.5,-0.5,134.5,135.0,134.5,135.0,319.0,309.0,34031.0,4952.0,False,False
2603,2022-10-31 09:37:07.330775,-0.0037037037037036535,-0.0037037037037036535,-0.5,-0.5,134.5,135.0,134.5,135.0,317.0,309.0,34031.0,4952.0,False,False
2603,2022-10-31 09:37:07.339688,-0.0037037037037036535,-0.0037037037037036535,-0.5,-0.5,134.5,135.0,134.5,135.0,315.0,309.0,34031.0,4952.0,False,False
2603,2022-10-31 09:37:07.346294,-0.0037037037037036535,-0.0037037037037036535,-0.5,-0.5,134.5,135.0,134.5,135.0,315.0,309.0,34031.0,4952.0,False,False
2603,2022-10-31 09:37:07.451681,-0.0037037037037036535,-0.0037037037037036535,-0.5,-0.5,134.5,135.0,134.5,135.0,315.0,313.0,34031.0,4952.0,False,False
2603,2022-10-31 09:37:07.363793,-0.0037037037037036535,-0.0037037037037036535,-0.5,-0.5,134.5,135.0,134.5,135.0,315.0,314.0,34031.0,4952.0,False,False
2603,2022-10-31 09:37:07.578298,-0.0037037037037036535,-0.0037037037037036535,-0.5,-0.5,134.5,135.0,134.5,135.0,315.0,313.0,34031.0,4952.0,False,False
2603,2022-10-31 09:37:07.678978,-0.0037037037037036535,-0.0037037037037036535,-0.5,-0.5,134.5,135.0,134.5,135.0,315.0,283.0,34031.0,4952.0,False,False
2603,2022-10-31 09:37:08.022778,-0.0037037037037036535,-0.0037037037037036535,-0.5,-0.5,134.5,135.0,134.5,135.0,315.0,293.0,34031.0,4952.0,False,False
2603,2022-10-31 09:37:08.178275,-0.0037037037037036535,-0.0037037037037036535,-0.5,-0.5,134.5,135.0,134.5,135.0,315.0,293.0,34031.0,4952.0,False,False
2603,2022-10-31 09:37:08.229182,-0.0037037037037036535,-0.0037037037037036535,-0.5,-0.5,134.5,135.0,134.5,135.0,315.0,292.0,34031.0,4952.0,False,False
2603,2022-10-31 09:37:08.352584,-0.0037037037037036535,-0.0037037037037036535,-0.5,-0.5,134.5,135.0,134.5,135.0,315.0,292.0,34031.0,4952.0,False,False
2603,2022-10-31 09:37:08.360295,-0.0037037037037036535,-0.0037037037037036535,-0.5,-0.5,134.5,135.0,134.5,135.0,315.0,293.0,34031.0,4952.0,False,False
2603,2022-10-31 09:37:08.545691,-0.0037037037037036535,-0.0037037037037036535,-0.5,-0.5,134.5,135.0,134.5,135.0,315.0,294.0,34031.0,4952.0,False,False
2603,2022-10-31 09:37:08.817303,-0.0037037037037036535,-0.0037037037037036535,-0.5,-0.5,134.5,135.0,134.5,135.0,316.0,294.0,34031.0,4952.0,False,False
2603,2022-10-31 09:37:08.896582,-0.0037037037037036535,-0.0037037037037036535,-0.5,-0.5,134.5,135.0,134.5,135.0,316.0,294.0,34031.0,4952.0,False,False
2603,2022-10-31 09:37:08.929351,-0.0037037037037036535,-0.0037037037037036535,-0.5,-0.5,134.5,135.0,134.5,135.0,316.0,294.0,34031.0,4952.0,False,False
2603,2022-10-31 09:37:09.028806,-0.0037037037037036535,-0.0037037037037036535,-0.5,-0.5,134.5,135.0,134.5,135.0,316.0,293.0,34031.0,4952.0,False,False
2603,2022-10-31 09:37:09.302458,-0.0037037037037036535,-0.0037037037037036535,-0.5,-0.5,134.5,135.0,134.5,135.0,316.0,293.0,34031.0,4952.0,False,False
2603,2022-10-31 09:37:09.318167,-0.0037037037037036535,-0.0037037037037036535,-0.5,-0.5,134.5,135.0,134.5,135.0,316.0,293.0,34031.0,4952.0,False,False
2603,2022-10-31 09:37:09.596958,-0.0037037037037036535,-0.0037037037037036535,-0.5,-0.5,134.5,135.0,134.5,135.0,316.0,293.0,34031.0,4952.0,False,False
2603,2022-10-31 09:37:09.805699,-0.0037037037037036535,-0.0037037037037036535,-0.5,-0.5,134.5,135.0,134.5,135.0,316.0,291.0,34031.0,4952.0,False,False
2603,2022-10-31 09:37:10.269240,-0.0037037037037036535,-0.0037037037037036535,-0.5,-0.5,134.5,135.0,134.5,135.0,319.0,291.0,34031.0,4952.0,False,False
2603,2022-10-31 09:37:10.346596,-0.0037037037037036535,-0.0037037037037036535,-0.5,-0.5,134.5,135.0,134.5,135.0,319.0,292.0,34031.0,4952.0,False,False
2603,2022-10-31 09:37:10.963036,-0.0037037037037036535,-0.0037037037037036535,-0.5,-0.5,134.5,135.0,134.5,135.0,319.0,291.0,34031.0,4952.0,False,False
2603,2022-10-31 09:37:11.160130,-0.0037037037037036535,-0.0037037037037036535,-0.5,-0.5,134.5,135.0,134.5,135.0,319.0,291.0,34031.0,4952.0,False,False
2603,2022-10-31 09:37:11.354422,-0.0037037037037036535,-0.0037037037037036535,-0.5,-0.5,134.5,135.0,134.5,135.0,319.0,287.0,34031.0,4952.0,False,False
2603,2022-10-31 09:37:11.671036,-0.0037037037037036535,-0.0037037037037036535,-0.5,-0.5,134.5,135.0,134.5,135.0,319.0,292.0,34031.0,4952.0,False,False
2603,2022-10-31 09:37:11.689511,-0.0037037037037036535,-0.0037037037037036535,-0.5,-0.5,134.5,135.0,134.5,135.0,319.0,291.0,34031.0,4952.0,False,False
2603,2022-10-31 09:37:11.717400,-0.0037037037037036535,-0.0037037037037036535,-0.5,-0.5,134.5,135.0,134.5,135.0,319.0,291.0,34031.0,4952.0,False,False
2603,2022-10-31 09:37:11.831812,-0.0037037037037036535,-0.0037037037037036535,-0.5,-0.5,134.5,135.0,134.5,135.0,319.0,290.0,34031.0,4952.0,False,False
2603,2022-10-31 09:37:11.846363,-0.0037037037037036535,-0.0037037037037036535,-0.5,-0.5,134.5,135.0,134.5,135.0,319.0,290.0,34031.0,4952.0,False,False
2603,2022-10-31 09:37:12.089315,-0.0037037037037036535,-0.0037037037037036535,-0.5,-0.5,134.5,135.0,134.5,135.0,319.0,290.0,34031.0,4952.0,False,False
2603,2022-10-31 09:37:12.506772,-0.0037037037037036535,-0.0037037037037036535,-0.5,-0.5,134.5,135.0,134.5,135.0,319.0,290.0,34031.0,4952.0,False,False
2603,2022-10-31 09:37:12.601274,-0.0037037037037036535,-0.0037037037037036535,-0.5,-0.5,134.5,135.0,134.5,135.0,319.0,290.0,34031.0,4952.0,False,False
2603,2022-10-31 09:37:12.750082,-0.0037037037037036535,-0.0037037037037036535,-0.5,-0.5,134.5,135.0,134.5,135.0,319.0,290.0,34031.0,4952.0,False,False
2603,2022-10-31 09:37:12.794769,-0.0037037037037036535,-0.0037037037037036535,-0.5,-0.5,134.5,135.0,134.5,135.0,318.0,289.0,34031.0,4952.0,False,False
2603,2022-10-31 09:37:12.874764,-0.0037037037037036535,-0.0037037037037036535,-0.5,-0.5,134.5,135.0,134.5,135.0,358.0,289.0,34031.0,4952.0,False,False
2603,2022-10-31 09:37:13.011579,-0.0037037037037036535,-0.0037037037037036535,-0.5,-0.5,134.5,135.0,134.5,135.0,358.0,291.0,34031.0,4952.0,False,False
2603,2022-10-31 09:37:13.030418,-0.0037037037037036535,-0.0037037037037036535,-0.5,-0.5,134.5,135.0,134.5,135.0,358.0,291.0,34031.0,4952.0,False,False
2603,2022-10-31 09:37:13.258158,-0.0037037037037036535,-0.0037037037037036535,-0.5,-0.5,134.5,135.0,134.5,135.0,363.0,291.0,34031.0,4952.0,False,False
2603,2022-10-31 09:37:13.268647,-0.0037037037037036535,-0.0037037037037036535,-0.5,-0.5,134.5,135.0,134.5,135.0,363.0,290.0,34031.0,4952.0,False,False
2603,2022-10-31 09:37:13.513829,-0.0037037037037036535,-0.0037037037037036535,-0.5,-0.5,134.5,135.0,134.5,135.0,363.0,290.0,34031.0,4952.0,False,False
2603,2022-10-31 09:37:13.529127,-0.0037037037037036535,-0.0037037037037036535,-0.5,-0.5,134.5,135.0,134.5,135.0,323.0,290.0,34031.0,4952.0,False,False
2603,2022-10-31 09:37:13.858232,-0.0037037037037036535,-0.0037037037037036535,-0.5,-0.5,134.5,135.0,134.5,135.0,323.0,290.0,34031.0,4952.0,False,False
2603,2022-10-31 09:37:14.312768,-0.0037037037037036535,-0.0037037037037036535,-0.5,-0.5,134.5,135.0,134.5,135.0,328.0,290.0,34031.0,4952.0,False,False
2603,2022-10-31 09:37:14.313903,-0.0037037037037036535,-0.0037037037037036535,-0.5,-0.5,134.5,135.0,134.5,135.0,330.0,290.0,34031.0,4952.0,False,False
2603,2022-10-31 09:37:14.381916,-0.0037037037037036535,-0.0037037037037036535,-0.5,-0.5,134.5,135.0,134.5,135.0,330.0,279.0,34031.0,4952.0,False,False
2603,2022-10-31 09:37:14.369038,-0.0037037037037036535,-0.0037037037037036535,-0.5,-0.5,134.5,135.0,134.5,135.0,330.0,289.0,34031.0,4952.0,False,False
2603,2022-10-31 09:37:14.499190,-0.0037037037037036535,-0.0037037037037036535,-0.5,-0.5,134.5,135.0,134.5,135.0,330.0,278.0,34031.0,4952.0,False,False
2603,2022-10-31 09:37:14.503171,-0.0037037037037036535,-0.0037037037037036535,-0.5,-0.5,134.5,135.0,134.5,135.0,330.0,277.0,34031.0,4952.0,False,False
2603,2022-10-31 09:37:14.565720,-0.0037037037037036535,-0.0037037037037036535,-0.5,-0.5,134.5,135.0,134.5,135.0,330.0,275.0,34031.0,4952.0,False,False
2603,2022-10-31 09:37:14.836216,-0.0037037037037036535,-0.0037037037037036535,-0.5,-0.5,134.5,135.0,134.5,135.0,330.0,275.0,34031.0,4952.0,False,False
2603,2022-10-31 09:37:14.840523,-0.0037037037037036535,-0.0037037037037036535,-0.5,-0.5,134.5,135.0,134.5,135.0,330.0,275.0,34031.0,4952.0,False,False
2603,2022-10-31 09:37:15.233797,-0.0037037037037036535,-0.0037037037037036535,-0.5,-0.5,134.5,135.0,134.5,135.0,330.0,275.0,34530.0,5651.0,True,True
2603,2022-10-31 09:37:15.481458,-0.0037037037037036535,-0.0037037037037036535,-0.5,-0.5,134.5,135.0,134.5,135.0,330.0,275.0,34530.0,5651.0,False,False
2603,2022-10-31 09:37:15.657982,-0.0037037037037036535,-0.0037037037037036535,-0.5,-0.5,134.5,135.0,134.5,135.0,330.0,279.0,34530.0,5651.0,False,False
2603,2022-10-31 09:37:15.898016,-0.0037037037037036535,-0.0037037037037036535,-0.5,-0.5,134.5,135.0,134.5,135.0,330.0,279.0,34530.0,5651.0,False,False
2603,2022-10-31 09:37:16.104826,-0.0037037037037036535,-0.0037037037037036535,-0.5,-0.5,134.5,135.0,134.5,135.0,330.0,278.0,34530.0,5651.0,False,False
2603,2022-10-31 09:37:16.552171,-0.0037037037037036535,-0.0037037037037036535,-0.5,-0.5,134.5,135.0,134.5,135.0,330.0,278.0,34530.0,5651.0,False,False
2603,2022-10-31 09:37:16.807873,-0.0037037037037036535,-0.0037037037037036535,-0.5,-0.5,134.5,135.0,134.5,135.0,329.0,277.0,34530.0,5651.0,False,False
2603,2022-10-31 09:37:16.904944,-0.0037037037037036535,-0.0037037037037036535,-0.5,-0.5,134.5,135.0,134.5,135.0,329.0,277.0,34530.0,5651.0,False,False
2603,2022-10-31 09:37:17.068657,-0.0037037037037036535,-0.0037037037037036535,-0.5,-0.5,134.5,135.0,134.5,135.0,329.0,278.0,34530.0,5651.0,False,False
2603,2022-10-31 09:37:17.192159,-0.0037037037037036535,-0.0037037037037036535,-0.5,-0.5,134.5,135.0,134.5,135.0,329.0,279.0,34530.0,5651.0,False,False
2603,2022-10-31 09:37:17.227642,-0.0037037037037036535,-0.0037037037037036535,-0.5,-0.5,134.5,135.0,134.5,135.0,329.0,279.0,34530.0,5651.0,False,False
2603,2022-10-31 09:37:17.427133,-0.0037037037037036535,-0.0037037037037036535,-0.5,-0.5,134.5,135.0,134.5,135.0,329.0,278.0,34530.0,5651.0,False,False
2603,2022-10-31 09:37:17.476859,-0.0037037037037036535,-0.0037037037037036535,-0.5,-0.5,134.5,135.0,134.5,135.0,329.0,278.0,34530.0,5651.0,False,False
2603,2022-10-31 09:37:17.583516,-0.0037037037037036535,-0.0037037037037036535,-0.5,-0.5,134.5,135.0,134.5,135.0,329.0,279.0,34530.0,5651.0,False,False
2603,2022-10-31 09:37:17.973920,-0.0037037037037036535,-0.0037037037037036535,-0.5,-0.5,134.5,135.0,134.5,135.0,329.0,279.0,34530.0,5651.0,False,False
2603,2022-10-31 09:37:17.998721,-0.0037037037037036535,-0.0037037037037036535,-0.5,-0.5,134.5,135.0,134.5,135.0,329.0,280.0,34530.0,5651.0,False,False
2603,2022-10-31 09:37:18.123070,-0.0037037037037036535,-0.0037037037037036535,-0.5,-0.5,134.5,135.0,134.5,135.0,331.0,280.0,34530.0,5651.0,False,False
2603,2022-10-31 09:37:18.754554,-0.0037037037037036535,-0.0037037037037036535,-0.5,-0.5,134.5,135.0,134.5,135.0,331.0,285.0,34530.0,5651.0,False,False
2603,2022-10-31 09:37:18.862190,-0.0037037037037036535,-0.0037037037037036535,-0.5,-0.5,134.5,135.0,134.5,135.0,331.0,285.0,34530.0,5651.0,False,False
2603,2022-10-31 09:37:19.029125,-0.0037037037037036535,-0.0037037037037036535,-0.5,-0.5,134.5,135.0,134.5,135.0,331.0,285.0,34530.0,5651.0,False,False
2603,2022-10-31 09:37:19.188878,-0.0037037037037036535,-0.0037037037037036535,-0.5,-0.5,134.5,135.0,134.5,135.0,331.0,285.0,34530.0,5651.0,False,False
2603,2022-10-31 09:37:19.343473,-0.0037037037037036535,-0.0037037037037036535,-0.5,-0.5,134.5,135.0,134.5,135.0,331.0,285.0,34530.0,5651.0,False,False
2603,2022-10-31 09:37:19.564520,-0.0037037037037036535,-0.0037037037037036535,-0.5,-0.5,134.5,135.0,134.5,135.0,331.0,285.0,34530.0,5651.0,False,False
2603,2022-10-31 09:37:19.644273,-0.0037037037037036535,-0.0037037037037036535,-0.5,-0.5,134.5,135.0,134.5,135.0,331.0,285.0,34530.0,5651.0,False,False
2603,2022-10-31 09:37:19.705435,-0.0037037037037036535,-0.0037037037037036535,-0.5,-0.5,134.5,135.0,134.5,135.0,331.0,285.0,34530.0,5651.0,False,False
2603,2022-10-31 09:37:19.651021,-0.0037037037037036535,-0.0037037037037036535,-0.5,-0.5,134.5,135.0,134.5,135.0,331.0,290.0,34530.0,5651.0,False,False
2603,2022-10-31 09:37:19.830417,-0.0037037037037036535,-0.0037037037037036535,-0.5,-0.5,134.5,135.0,134.5,135.0,331.0,285.0,34530.0,5651.0,False,False
2603,2022-10-31 09:37:19.978976,-0.0037037037037036535,-0.0037037037037036535,-0.5,-0.5,134.5,135.0,134.5,135.0,331.0,285.0,34530.0,5651.0,False,False
2603,2022-10-31 09:37:20.172289,-0.0037037037037036535,-0.0037037037037036535,-0.5,-0.5,134.5,135.0,134.5,135.0,331.0,285.0,34530.0,5651.0,False,False
2603,2022-10-31 09:37:20.221027,-0.0037037037037036535,-0.0037037037037036535,-0.5,-0.5,134.5,135.0,134.5,135.0,331.0,286.0,34530.0,5651.0,False,False
2603,2022-10-31 09:37:20.244955,-0.0037037037037036535,-0.0037037037037036535,-0.5,-0.5,134.5,135.0,134.5,135.0,331.0,286.0,34530.0,5651.0,False,False
2603,2022-10-31 09:37:20.445634,-0.0037037037037036535,-0.0037037037037036535,-0.5,-0.5,134.5,135.0,134.5,135.0,331.0,285.0,34530.0,5651.0,False,False
2603,2022-10-31 09:37:20.435767,-0.0037037037037036535,-0.0037037037037036535,-0.5,-0.5,134.5,135.0,134.5,135.0,331.0,286.0,34530.0,5651.0,False,False
2603,2022-10-31 09:37:20.490501,-0.0037037037037036535,-0.0037037037037036535,-0.5,-0.5,134.5,135.0,134.5,135.0,331.0,285.0,34530.0,5651.0,False,False
2603,2022-10-31 09:37:20.696171,-0.0037037037037036535,-0.0037037037037036535,-0.5,-0.5,134.5,135.0,134.5,135.0,331.0,285.0,34530.0,5651.0,False,False
2603,2022-10-31 09:37:20.798765,-0.0037037037037036535,-0.0037037037037036535,-0.5,-0.5,134.5,135.0,134.5,135.0,372.0,285.0,34530.0,5651.0,False,False
2603,2022-10-31 09:37:20.921696,-0.0037037037037036535,-0.0037037037037036535,-0.5,-0.5,134.5,135.0,134.5,135.0,372.0,284.0,34530.0,5651.0,False,False
2603,2022-10-31 09:37:21.026217,-0.0037037037037036535,-0.0037037037037036535,-0.5,-0.5,134.5,135.0,134.5,135.0,372.0,284.0,34530.0,5651.0,False,False
2603,2022-10-31 09:37:21.081327,-0.0037037037037036535,-0.0037037037037036535,-0.5,-0.5,134.5,135.0,134.5,135.0,372.0,284.0,34530.0,5651.0,False,False
2603,2022-10-31 09:37:21.114700,-0.0037037037037036535,-0.0037037037037036535,-0.5,-0.5,134.5,135.0,134.5,135.0,332.0,279.0,34530.0,5651.0,False,False
2603,2022-10-31 09:37:21.149917,-0.0037037037037036535,-0.0037037037037036535,-0.5,-0.5,134.5,135.0,134.5,135.0,332.0,278.0,34530.0,5651.0,False,False
2603,2022-10-31 09:37:21.129600,-0.0037037037037036535,-0.0037037037037036535,-0.5,-0.5,134.5,135.0,134.5,135.0,332.0,279.0,34530.0,5651.0,False,False
2603,2022-10-31 09:37:21.269283,-0.0037037037037036535,-0.0037037037037036535,-0.5,-0.5,134.5,135.0,134.5,135.0,332.0,278.0,34530.0,5651.0,False,False
2603,2022-10-31 09:37:21.431203,-0.0037037037037036535,-0.0037037037037036535,-0.5,-0.5,134.5,135.0,134.5,135.0,332.0,278.0,34530.0,5651.0,False,False
2603,2022-10-31 09:37:21.570891,-0.0037037037037036535,-0.0037037037037036535,-0.5,-0.5,134.5,135.0,134.5,135.0,332.0,278.0,34530.0,5651.0,False,False
2603,2022-10-31 09:37:21.733306,-0.0037037037037036535,-0.0037037037037036535,-0.5,-0.5,134.5,135.0,134.5,135.0,332.0,278.0,34530.0,5651.0,False,False
2603,2022-10-31 09:37:21.753453,-0.0037037037037036535,-0.0037037037037036535,-0.5,-0.5,134.5,135.0,134.5,135.0,332.0,278.0,34530.0,5651.0,False,False
2603,2022-10-31 09:37:21.989574,-0.0037037037037036535,-0.0037037037037036535,-0.5,-0.5,134.5,135.0,134.5,135.0,331.0,278.0,34530.0,5651.0,False,False
2603,2022-10-31 09:37:22.052036,-0.0037037037037036535,-0.0037037037037036535,-0.5,-0.5,134.5,135.0,134.5,135.0,371.0,278.0,34530.0,5651.0,False,False
2603,2022-10-31 09:37:22.221136,-0.0037037037037036535,-0.0037037037037036535,-0.5,-0.5,134.5,135.0,134.5,135.0,371.0,278.0,34530.0,5651.0,False,False
2603,2022-10-31 09:37:22.336299,-0.0037037037037036535,-0.0037037037037036535,-0.5,-0.5,134.5,135.0,134.5,135.0,371.0,279.0,34530.0,5651.0,False,False
2603,2022-10-31 09:37:22.384238,-0.0037037037037036535,-0.0037037037037036535,-0.5,-0.5,134.5,135.0,134.5,135.0,371.0,279.0,34530.0,5651.0,False,False
2603,2022-10-31 09:37:22.547650,-0.0037037037037036535,-0.0037037037037036535,-0.5,-0.5,134.5,135.0,134.5,135.0,331.0,278.0,34530.0,5651.0,False,False
2603,2022-10-31 09:37:22.716012,-0.0037037037037036535,-0.0037037037037036535,-0.5,-0.5,134.5,135.0,134.5,135.0,331.0,276.0,34530.0,5651.0,False,False
2603,2022-10-31 09:37:22.858829,-0.0037037037037036535,-0.0037037037037036535,-0.5,-0.5,134.5,135.0,134.5,135.0,330.0,275.0,34530.0,5651.0,False,False
2603,2022-10-31 09:37:23.093935,-0.0037037037037036535,-0.0037037037037036535,-0.5,-0.5,134.5,135.0,134.5,135.0,330.0,276.0,34530.0,5651.0,False,False
2603,2022-10-31 09:37:23.304878,-0.0037037037037036535,-0.0037037037037036535,-0.5,-0.5,134.5,135.0,134.5,135.0,330.0,276.0,34530.0,5651.0,False,False
2603,2022-10-31 09:37:23.340869,-0.0037037037037036535,-0.0037037037037036535,-0.5,-0.5,134.5,135.0,134.5,135.0,330.0,276.0,34530.0,5651.0,False,False
2603,2022-10-31 09:37:23.341735,-0.0037037037037036535,-0.0037037037037036535,-0.5,-0.5,134.5,135.0,134.5,135.0,330.0,270.0,34530.0,5651.0,False,False
2603,2022-10-31 09:37:23.378563,-0.0037037037037036535,-0.0037037037037036535,-0.5,-0.5,134.5,135.0,134.5,135.0,330.0,270.0,34530.0,5651.0,False,False
2603,2022-10-31 09:37:23.471249,-0.0037037037037036535,-0.0037037037037036535,-0.5,-0.5,134.5,135.0,134.5,135.0,330.0,269.0,34530.0,5651.0,False,False
2603,2022-10-31 09:37:24.095470,-0.0037037037037036535,-0.0037037037037036535,-0.5,-0.5,134.5,135.0,134.5,135.0,329.0,268.0,34530.0,5651.0,False,False
2603,2022-10-31 09:37:24.182155,-0.0037037037037036535,-0.0037037037037036535,-0.5,-0.5,134.5,135.0,134.5,135.0,329.0,267.0,34530.0,5651.0,False,False
2603,2022-10-31 09:37:24.198957,-0.0037037037037036535,-0.0037037037037036535,-0.5,-0.5,134.5,135.0,134.5,135.0,329.0,267.0,34530.0,5651.0,False,False
2603,2022-10-31 09:37:24.304191,-0.0037037037037036535,-0.0037037037037036535,-0.5,-0.5,134.5,135.0,134.5,135.0,329.0,263.0,34530.0,5651.0,False,False
2603,2022-10-31 09:37:24.285152,-0.0037037037037036535,-0.0037037037037036535,-0.5,-0.5,134.5,135.0,134.5,135.0,329.0,267.0,34530.0,5651.0,False,False
2603,2022-10-31 09:37:24.475441,-0.0037037037037036535,-0.0037037037037036535,-0.5,-0.5,134.5,135.0,134.5,135.0,329.0,263.0,34530.0,5651.0,False,False
2603,2022-10-31 09:37:24.821869,-0.0037037037037036535,-0.0037037037037036535,-0.5,-0.5,134.5,135.0,134.5,135.0,340.0,263.0,34530.0,5651.0,False,False
2603,2022-10-31 09:37:25.207915,-0.0037037037037036535,-0.0037037037037036535,-0.5,-0.5,134.5,135.0,134.5,135.0,340.0,263.0,34530.0,5651.0,False,False
2603,2022-10-31 09:37:25.263106,-0.0037037037037036535,-0.0037037037037036535,-0.5,-0.5,134.5,135.0,134.5,135.0,340.0,263.0,34510.0,5611.0,True,True
2603,2022-10-31 09:37:25.398298,-0.0037037037037036535,-0.0037037037037036535,-0.5,-0.5,134.5,135.0,134.5,135.0,340.0,263.0,34510.0,5611.0,False,False
2603,2022-10-31 09:37:25.489134,-0.0037037037037036535,-0.0037037037037036535,-0.5,-0.5,134.5,135.0,134.5,135.0,340.0,260.0,34510.0,5611.0,False,False
2603,2022-10-31 09:37:25.571904,-0.0037037037037036535,-0.0037037037037036535,-0.5,-0.5,134.5,135.0,134.5,135.0,341.0,260.0,34510.0,5611.0,False,False
2603,2022-10-31 09:37:25.592818,-0.0037037037037036535,-0.0037037037037036535,-0.5,-0.5,134.5,135.0,134.5,135.0,341.0,260.0,34510.0,5611.0,False,False
2603,2022-10-31 09:37:25.780324,-0.0037037037037036535,-0.0037037037037036535,-0.5,-0.5,134.5,135.0,134.5,135.0,341.0,260.0,34510.0,5611.0,False,False
2603,2022-10-31 09:37:25.966264,-0.0037037037037036535,-0.0037037037037036535,-0.5,-0.5,134.5,135.0,134.5,135.0,341.0,260.0,34510.0,5611.0,False,False
2603,2022-10-31 09:37:26.079136,-0.0037037037037036535,-0.0037037037037036535,-0.5,-0.5,134.5,135.0,134.5,135.0,341.0,261.0,34510.0,5611.0,False,False
2603,2022-10-31 09:37:26.117810,-0.0037037037037036535,-0.0037037037037036535,-0.5,-0.5,134.5,135.0,134.5,135.0,341.0,259.0,34510.0,5611.0,False,False
