symbol,datetime,NaOb_r,NbOa_r,NaOb_s,NbOa_s,bid1,ask1,odd_bid1,odd_ask1,bidQty1,askQty1,odd_bidQty1,odd_askQty1,simulate,triggerbyOdd
2812,2022-10-31 09:36:12.354808,0.0,-0.007936507936507908,0.0,-0.09999999999999964,12.5,12.55,12.55,12.6,335.0,236.0,485.0,24232.0,False,False
2812,2022-10-31 09:36:14.250029,0.0,-0.007936507936507908,0.0,-0.09999999999999964,12.5,12.55,12.55,12.6,335.0,236.0,291.0,24232.0,True,True
2812,2022-10-31 09:36:44.364942,0.0,-0.007936507936507908,0.0,-0.09999999999999964,12.5,12.55,12.55,12.6,335.0,236.0,191.0,24232.0,True,True
2812,2022-10-31 09:36:54.404202,0.0,-0.007936507936507908,0.0,-0.09999999999999964,12.5,12.55,12.55,12.6,335.0,236.0,191.0,24232.0,True,True
2812,2022-10-31 09:37:03.835560,0.0,-0.007936507936507908,0.0,-0.09999999999999964,12.5,12.55,12.55,12.6,335.0,236.0,191.0,24232.0,False,True
2812,2022-10-31 09:37:09.143169,0.0,-0.007936507936507908,0.0,-0.09999999999999964,12.5,12.55,12.55,12.6,334.0,236.0,191.0,24232.0,False,False
2812,2022-10-31 09:37:09.198701,0.0,-0.007936507936507908,0.0,-0.09999999999999964,12.5,12.55,12.55,12.6,334.0,235.0,191.0,24232.0,False,False
2812,2022-10-31 09:37:11.211863,0.0,-0.007936507936507908,0.0,-0.09999999999999964,12.5,12.55,12.55,12.6,334.0,235.0,191.0,24232.0,False,False
2812,2022-10-31 09:37:33.934514,0.0,-0.007936507936507908,0.0,-0.09999999999999964,12.5,12.55,12.55,12.6,334.0,235.0,191.0,24232.0,True,True
2812,2022-10-31 09:37:37.685223,0.0,-0.007936507936507908,0.0,-0.09999999999999964,12.5,12.55,12.55,12.6,334.0,245.0,191.0,24232.0,False,False
2812,2022-10-31 09:37:45.110424,0.0,-0.007936507936507908,0.0,-0.09999999999999964,12.5,12.55,12.55,12.6,336.0,245.0,191.0,24232.0,False,False
2812,2022-10-31 09:37:45.816143,0.0,-0.007936507936507908,0.0,-0.09999999999999964,12.5,12.55,12.55,12.6,336.0,245.0,191.0,24232.0,False,False
2812,2022-10-31 09:37:51.875749,0.0,-0.007936507936507908,0.0,-0.09999999999999964,12.5,12.55,12.55,12.6,335.0,245.0,191.0,24232.0,False,False
2812,2022-10-31 09:37:51.975965,0.0,-0.007936507936507908,0.0,-0.09999999999999964,12.5,12.55,12.55,12.6,334.0,245.0,191.0,24232.0,False,False
2812,2022-10-31 09:37:57.068009,0.0,-0.007936507936507908,0.0,-0.09999999999999964,12.5,12.55,12.55,12.6,334.0,244.0,191.0,24232.0,False,False
2812,2022-10-31 09:38:03.694821,0.0,-0.007936507936507908,0.0,-0.09999999999999964,12.5,12.55,12.55,12.6,334.0,254.0,191.0,24232.0,False,False
2812,2022-10-31 09:38:05.105411,0.0,-0.007936507936507908,0.0,-0.09999999999999964,12.5,12.55,12.55,12.6,334.0,254.0,191.0,24232.0,False,False
2812,2022-10-31 09:38:18.017716,0.0,-0.007936507936507908,0.0,-0.09999999999999964,12.5,12.55,12.55,12.6,334.0,254.0,191.0,24232.0,False,False
2812,2022-10-31 09:38:24.091834,0.0,-0.007936507936507908,0.0,-0.09999999999999964,12.5,12.55,12.55,12.6,334.0,254.0,191.0,22079.0,True,True
2812,2022-10-31 09:38:24.320357,0.0,-0.007936507936507908,0.0,-0.09999999999999964,12.5,12.55,12.55,12.6,335.0,254.0,191.0,22079.0,False,False
2812,2022-10-31 09:38:24.945098,0.0,-0.007936507936507908,0.0,-0.09999999999999964,12.5,12.55,12.55,12.6,335.0,254.0,191.0,22079.0,False,False
2812,2022-10-31 09:38:30.951741,0.0,-0.007936507936507908,0.0,-0.09999999999999964,12.5,12.55,12.55,12.6,337.0,254.0,191.0,22079.0,False,False
2812,2022-10-31 09:38:34.129109,0.0,-0.007936507936507908,0.0,-0.09999999999999964,12.5,12.55,12.55,12.6,337.0,254.0,191.0,19082.0,True,True
2812,2022-10-31 09:38:35.899931,0.0,-0.007936507936507908,0.0,-0.09999999999999964,12.5,12.55,12.55,12.6,337.0,254.0,191.0,19082.0,False,False
2812,2022-10-31 09:38:44.160252,0.0,-0.007936507936507908,0.0,-0.09999999999999964,12.5,12.55,12.55,12.6,337.0,254.0,191.0,17084.0,True,True
2812,2022-10-31 09:38:44.957230,0.0,-0.007936507936507908,0.0,-0.09999999999999964,12.5,12.55,12.55,12.6,339.0,254.0,191.0,17084.0,False,False
2812,2022-10-31 09:38:49.948193,0.0,-0.007936507936507908,0.0,-0.09999999999999964,12.5,12.55,12.55,12.6,339.0,254.0,191.0,17084.0,False,False
2812,2022-10-31 09:38:54.187306,0.0,-0.007936507936507908,0.0,-0.09999999999999964,12.5,12.55,12.55,12.6,339.0,254.0,191.0,15086.0,True,True
2812,2022-10-31 09:39:04.215442,0.0,-0.007936507936507908,0.0,-0.09999999999999964,12.5,12.55,12.55,12.6,339.0,254.0,191.0,13088.0,True,True
2812,2022-10-31 09:39:06.663319,0.0,-0.007936507936507908,0.0,-0.09999999999999964,12.5,12.55,12.55,12.6,339.0,254.0,191.0,13088.0,False,False
2812,2022-10-31 09:39:07.252396,0.0,-0.007936507936507908,0.0,-0.09999999999999964,12.5,12.55,12.55,12.6,339.0,254.0,191.0,13088.0,False,False
2812,2022-10-31 09:39:14.253756,0.0,-0.007936507936507908,0.0,-0.09999999999999964,12.5,12.55,12.55,12.6,339.0,254.0,191.0,12089.0,True,True
2812,2022-10-31 09:39:17.367326,0.0,-0.007936507936507908,0.0,-0.09999999999999964,12.5,12.55,12.55,12.6,339.0,254.0,191.0,12089.0,False,False
2812,2022-10-31 09:39:34.809707,0.0,-0.007936507936507908,0.0,-0.09999999999999964,12.5,12.55,12.55,12.6,360.0,254.0,191.0,12089.0,False,False
2812,2022-10-31 09:39:34.813223,0.0,-0.007936507936507908,0.0,-0.09999999999999964,12.5,12.55,12.55,12.6,360.0,254.0,191.0,12089.0,False,False
2812,2022-10-31 09:39:35.159163,0.0,-0.007936507936507908,0.0,-0.09999999999999964,12.5,12.55,12.55,12.6,360.0,262.0,191.0,12089.0,False,False
2812,2022-10-31 09:39:36.961077,0.0,-0.007936507936507908,0.0,-0.09999999999999964,12.5,12.55,12.55,12.6,360.0,325.0,191.0,12089.0,False,False
2812,2022-10-31 09:39:42.718414,0.0,-0.007936507936507908,0.0,-0.09999999999999964,12.5,12.55,12.55,12.6,360.0,325.0,191.0,12089.0,False,False
2812,2022-10-31 09:39:54.388039,0.0,-0.007936507936507908,0.0,-0.09999999999999964,12.5,12.55,12.55,12.6,360.0,325.0,191.0,12089.0,True,True
2812,2022-10-31 09:40:00.164380,0.0,-0.007936507936507908,0.0,-0.09999999999999964,12.5,12.55,12.55,12.6,360.0,324.0,191.0,12089.0,False,False
2812,2022-10-31 09:40:01.365492,0.0,-0.007936507936507908,0.0,-0.09999999999999964,12.5,12.55,12.55,12.6,360.0,340.0,191.0,12089.0,False,False
2812,2022-10-31 09:40:03.863916,0.0,-0.007936507936507908,0.0,-0.09999999999999964,12.5,12.55,12.55,12.6,360.0,340.0,191.0,12089.0,False,True
2812,2022-10-31 09:40:13.566152,0.0,-0.007936507936507908,0.0,-0.09999999999999964,12.5,12.55,12.55,12.6,365.0,340.0,191.0,12089.0,False,False
2812,2022-10-31 09:40:13.983271,0.0,-0.007936507936507908,0.0,-0.09999999999999964,12.5,12.55,12.55,12.6,365.0,340.0,191.0,12239.0,True,True
2812,2022-10-31 09:40:15.489010,0.0,-0.007936507936507908,0.0,-0.09999999999999964,12.5,12.55,12.55,12.6,365.0,340.0,191.0,12239.0,False,False
2812,2022-10-31 09:40:24.055159,0.0,-0.007936507936507908,0.0,-0.09999999999999964,12.5,12.55,12.55,12.6,365.0,340.0,191.0,12239.0,True,True
2812,2022-10-31 09:40:33.408300,0.0,-0.007936507936507908,0.0,-0.09999999999999964,12.5,12.55,12.55,12.6,365.0,340.0,191.0,12239.0,False,False
2812,2022-10-31 09:40:36.140720,0.0,-0.007936507936507908,0.0,-0.09999999999999964,12.5,12.55,12.55,12.6,365.0,339.0,191.0,12239.0,False,False
2812,2022-10-31 09:40:44.157219,0.0,-0.007936507936507908,0.0,-0.09999999999999964,12.5,12.55,12.55,12.6,365.0,339.0,191.0,12239.0,True,True
2812,2022-10-31 09:40:45.576173,0.0,-0.007936507936507908,0.0,-0.09999999999999964,12.5,12.55,12.55,12.6,365.0,339.0,191.0,12239.0,False,False
2812,2022-10-31 09:40:47.248594,0.0,-0.007936507936507908,0.0,-0.09999999999999964,12.5,12.55,12.55,12.6,365.0,339.0,191.0,12239.0,False,False
2812,2022-10-31 09:40:52.098483,0.0,-0.007936507936507908,0.0,-0.09999999999999964,12.5,12.55,12.55,12.6,365.0,339.0,191.0,12239.0,False,False
2812,2022-10-31 09:40:55.651372,0.0,-0.007936507936507908,0.0,-0.09999999999999964,12.5,12.55,12.55,12.6,365.0,339.0,191.0,12239.0,False,False
2812,2022-10-31 09:40:56.465539,0.0,-0.007936507936507908,0.0,-0.09999999999999964,12.5,12.55,12.55,12.6,366.0,339.0,191.0,12239.0,False,False
2812,2022-10-31 09:40:57.945598,0.0,-0.007936507936507908,0.0,-0.09999999999999964,12.5,12.55,12.55,12.6,366.0,339.0,191.0,12239.0,False,False
2812,2022-10-31 09:41:01.624837,0.0,-0.007936507936507908,0.0,-0.09999999999999964,12.5,12.55,12.55,12.6,368.0,339.0,191.0,12239.0,False,False
2812,2022-10-31 09:41:03.699010,0.0,-0.007936507936507908,0.0,-0.09999999999999964,12.5,12.55,12.55,12.6,368.0,345.0,191.0,12239.0,False,False
2812,2022-10-31 09:41:04.144988,0.0,-0.007936507936507908,0.0,-0.09999999999999964,12.5,12.55,12.55,12.6,369.0,345.0,191.0,12239.0,False,False
2812,2022-10-31 09:41:05.588807,0.0,-0.007936507936507908,0.0,-0.09999999999999964,12.5,12.55,12.55,12.6,369.0,345.0,191.0,12239.0,False,False
2812,2022-10-31 09:41:12.601916,0.0,-0.007936507936507908,0.0,-0.09999999999999964,12.5,12.55,12.55,12.6,371.0,345.0,191.0,12239.0,False,False
2812,2022-10-31 09:41:14.301773,0.0,-0.007936507936507908,0.0,-0.09999999999999964,12.5,12.55,12.55,12.6,371.0,345.0,191.0,12237.0,True,True
2812,2022-10-31 09:41:14.976448,0.0,-0.007936507936507908,0.0,-0.09999999999999964,12.5,12.55,12.55,12.6,381.0,345.0,191.0,12237.0,False,False
2812,2022-10-31 09:41:16.424056,0.0,-0.007936507936507908,0.0,-0.09999999999999964,12.5,12.55,12.55,12.6,381.0,345.0,191.0,12237.0,False,False
2812,2022-10-31 09:41:21.128333,0.0,-0.007936507936507908,0.0,-0.09999999999999964,12.5,12.55,12.55,12.6,380.0,344.0,191.0,12237.0,False,False
2812,2022-10-31 09:41:22.478213,0.0,-0.007936507936507908,0.0,-0.09999999999999964,12.5,12.55,12.55,12.6,390.0,344.0,191.0,12237.0,False,False
2812,2022-10-31 09:41:23.796305,0.0,-0.007936507936507908,0.0,-0.09999999999999964,12.5,12.55,12.55,12.6,390.0,349.0,191.0,12237.0,False,False
2812,2022-10-31 09:41:26.947152,0.0,-0.007936507936507908,0.0,-0.09999999999999964,12.5,12.55,12.55,12.6,389.0,349.0,191.0,12237.0,False,False
2812,2022-10-31 09:41:36.889934,0.0,-0.007936507936507908,0.0,-0.09999999999999964,12.5,12.55,12.55,12.6,389.0,349.0,191.0,12237.0,False,False
2812,2022-10-31 09:41:37.362814,0.0,-0.007936507936507908,0.0,-0.09999999999999964,12.5,12.55,12.55,12.6,389.0,351.0,191.0,12237.0,False,False
2812,2022-10-31 09:41:41.728860,0.0,-0.007936507936507908,0.0,-0.09999999999999964,12.5,12.55,12.55,12.6,389.0,350.0,191.0,12237.0,False,False
2812,2022-10-31 09:41:44.419244,0.0,-0.007936507936507908,0.0,-0.09999999999999964,12.5,12.55,12.55,12.6,389.0,350.0,191.0,14237.0,True,True
2812,2022-10-31 09:41:51.110660,0.0,-0.007936507936507908,0.0,-0.09999999999999964,12.5,12.55,12.55,12.6,389.0,350.0,191.0,14237.0,False,False
2812,2022-10-31 09:41:57.224107,0.0,-0.007936507936507908,0.0,-0.09999999999999964,12.5,12.55,12.55,12.6,391.0,350.0,191.0,14237.0,False,False
2812,2022-10-31 09:41:57.477035,0.0,-0.007936507936507908,0.0,-0.09999999999999964,12.5,12.55,12.55,12.6,391.0,350.0,191.0,14237.0,False,False
2812,2022-10-31 09:42:00.461354,0.0,-0.007936507936507908,0.0,-0.09999999999999964,12.5,12.55,12.55,12.6,391.0,350.0,191.0,14237.0,False,False
2812,2022-10-31 09:42:04.362662,0.0,-0.007936507936507908,0.0,-0.09999999999999964,12.5,12.55,12.55,12.6,393.0,350.0,191.0,14237.0,False,False
2812,2022-10-31 09:42:06.962386,0.0,-0.007936507936507908,0.0,-0.09999999999999964,12.5,12.55,12.55,12.6,393.0,350.0,191.0,14237.0,False,False
2812,2022-10-31 09:42:09.163396,0.0,-0.007936507936507908,0.0,-0.09999999999999964,12.5,12.55,12.55,12.6,393.0,350.0,191.0,14237.0,False,False
2812,2022-10-31 09:42:14.542939,0.0,-0.007936507936507908,0.0,-0.09999999999999964,12.5,12.55,12.55,12.6,393.0,350.0,691.0,14237.0,True,True
2812,2022-10-31 09:42:21.899368,0.0,-0.007936507936507908,0.0,-0.09999999999999964,12.5,12.55,12.55,12.6,392.0,349.0,691.0,14237.0,False,False
2812,2022-10-31 09:42:32.592871,0.0,-0.007936507936507908,0.0,-0.09999999999999964,12.5,12.55,12.55,12.6,394.0,349.0,691.0,14237.0,False,False
2812,2022-10-31 09:42:40.327661,0.0,-0.007936507936507908,0.0,-0.09999999999999964,12.5,12.55,12.55,12.6,396.0,349.0,691.0,14237.0,False,False
2812,2022-10-31 09:42:41.484840,0.0,-0.007936507936507908,0.0,-0.09999999999999964,12.5,12.55,12.55,12.6,394.0,349.0,691.0,14237.0,False,False
2812,2022-10-31 09:42:48.860925,0.0,-0.007936507936507908,0.0,-0.09999999999999964,12.5,12.55,12.55,12.6,394.0,349.0,691.0,14237.0,False,False
2812,2022-10-31 09:42:51.400414,0.0,-0.007936507936507908,0.0,-0.09999999999999964,12.5,12.55,12.55,12.6,395.0,349.0,691.0,14237.0,False,False
2812,2022-10-31 09:42:54.728163,0.0,-0.007936507936507908,0.0,-0.09999999999999964,12.5,12.55,12.55,12.6,395.0,349.0,1191.0,14237.0,True,True
2812,2022-10-31 09:43:00.733915,0.0,-0.007936507936507908,0.0,-0.09999999999999964,12.5,12.55,12.55,12.6,398.0,349.0,1191.0,14237.0,False,False
2812,2022-10-31 09:43:01.807590,0.0,-0.007936507936507908,0.0,-0.09999999999999964,12.5,12.55,12.55,12.6,398.0,353.0,1191.0,14237.0,False,False
2812,2022-10-31 09:43:03.964637,0.0,-0.007936507936507908,0.0,-0.09999999999999964,12.5,12.55,12.55,12.6,398.0,353.0,1191.0,14237.0,False,True
2812,2022-10-31 09:43:09.989416,0.0,-0.007936507936507908,0.0,-0.09999999999999964,12.5,12.55,12.55,12.6,399.0,353.0,1191.0,14237.0,False,False
2812,2022-10-31 09:43:12.509812,0.0,-0.007936507936507908,0.0,-0.09999999999999964,12.5,12.55,12.55,12.6,399.0,353.0,1191.0,14237.0,False,False
2812,2022-10-31 09:43:15.237516,0.0,-0.007936507936507908,0.0,-0.09999999999999964,12.5,12.55,12.55,12.6,399.0,352.0,1191.0,14237.0,False,False
2812,2022-10-31 09:43:24.042441,0.0,-0.007936507936507908,0.0,-0.09999999999999964,12.5,12.55,12.55,12.6,399.0,352.0,1191.0,14217.0,True,True
2812,2022-10-31 09:43:32.093619,0.0,-0.007936507936507908,0.0,-0.09999999999999964,12.5,12.55,12.55,12.6,399.0,352.0,1191.0,14217.0,False,False
2812,2022-10-31 09:43:34.448642,0.0,-0.007936507936507908,0.0,-0.09999999999999964,12.5,12.55,12.55,12.6,399.0,352.0,1191.0,14217.0,False,False
2812,2022-10-31 09:43:34.690451,0.0,-0.007936507936507908,0.0,-0.09999999999999964,12.5,12.55,12.55,12.6,399.0,352.0,1191.0,14217.0,False,False
2812,2022-10-31 09:43:39.921935,0.0,-0.007936507936507908,0.0,-0.09999999999999964,12.5,12.55,12.55,12.6,399.0,352.0,1191.0,14217.0,False,False
2812,2022-10-31 09:43:44.137920,0.0,-0.007936507936507908,0.0,-0.09999999999999964,12.5,12.55,12.55,12.6,399.0,352.0,1191.0,14407.0,True,True
2812,2022-10-31 09:43:49.839173,0.0,-0.007936507936507908,0.0,-0.09999999999999964,12.5,12.55,12.55,12.6,399.0,350.0,1191.0,14407.0,False,False
2812,2022-10-31 09:43:50.008341,0.0,-0.007936507936507908,0.0,-0.09999999999999964,12.5,12.55,12.55,12.6,399.0,353.0,1191.0,14407.0,False,False
2812,2022-10-31 09:43:52.667940,0.0,-0.007936507936507908,0.0,-0.09999999999999964,12.5,12.55,12.55,12.6,399.0,353.0,1191.0,14407.0,False,False
2812,2022-10-31 09:44:01.188932,0.0,-0.007936507936507908,0.0,-0.09999999999999964,12.5,12.55,12.55,12.6,399.0,355.0,1191.0,14407.0,False,False
2812,2022-10-31 09:44:04.217829,0.0,-0.007936507936507908,0.0,-0.09999999999999964,12.5,12.55,12.55,12.6,399.0,355.0,1192.0,14407.0,True,True
2812,2022-10-31 09:44:14.255429,0.0,-0.007936507936507908,0.0,-0.09999999999999964,12.5,12.55,12.55,12.6,399.0,355.0,1193.0,14407.0,True,True
2812,2022-10-31 09:44:17.613348,0.0,-0.007936507936507908,0.0,-0.09999999999999964,12.5,12.55,12.55,12.6,399.0,355.0,1193.0,14407.0,False,False
2812,2022-10-31 09:44:18.269946,0.0,-0.007936507936507908,0.0,-0.09999999999999964,12.5,12.55,12.55,12.6,399.0,355.0,1193.0,14407.0,False,False
2812,2022-10-31 09:44:24.296682,0.0,-0.007936507936507908,0.0,-0.09999999999999964,12.5,12.55,12.55,12.6,399.0,355.0,1194.0,14407.0,True,True
2812,2022-10-31 09:44:24.334561,0.0,-0.007936507936507908,0.0,-0.09999999999999964,12.5,12.55,12.55,12.6,399.0,355.0,1194.0,14407.0,False,False
2812,2022-10-31 09:44:44.385035,0.0,-0.007936507936507908,0.0,-0.09999999999999964,12.5,12.55,12.55,12.6,399.0,355.0,641.0,14427.0,True,True
2812,2022-10-31 09:44:51.226784,0.0,-0.007936507936507908,0.0,-0.09999999999999964,12.5,12.55,12.55,12.6,401.0,355.0,641.0,14427.0,False,False
2812,2022-10-31 09:45:01.132920,0.0,-0.007936507936507908,0.0,-0.09999999999999964,12.5,12.55,12.55,12.6,401.0,355.0,641.0,14427.0,False,False
2812,2022-10-31 09:45:02.122074,0.0,-0.007936507936507908,0.0,-0.09999999999999964,12.5,12.55,12.55,12.6,400.0,355.0,641.0,14427.0,False,False
2812,2022-10-31 09:45:18.333395,0.0,-0.007936507936507908,0.0,-0.09999999999999964,12.5,12.55,12.55,12.6,400.0,355.0,641.0,14427.0,False,False
2812,2022-10-31 09:45:34.850663,0.0,-0.007936507936507908,0.0,-0.09999999999999964,12.5,12.55,12.55,12.6,400.0,355.0,651.0,14427.0,True,True
2812,2022-10-31 09:45:36.058294,0.0,-0.007936507936507908,0.0,-0.09999999999999964,12.5,12.55,12.55,12.6,401.0,355.0,651.0,14427.0,False,False
2812,2022-10-31 09:45:44.870455,0.0,-0.007936507936507908,0.0,-0.09999999999999964,12.5,12.55,12.55,12.6,401.0,355.0,651.0,14346.0,True,True
2812,2022-10-31 09:45:54.083524,0.0,-0.007936507936507908,0.0,-0.09999999999999964,12.5,12.55,12.55,12.6,401.0,354.0,651.0,14346.0,False,False
2812,2022-10-31 09:46:04.125568,0.0,-0.007936507936507908,0.0,-0.09999999999999964,12.5,12.55,12.55,12.6,401.0,354.0,651.0,14393.0,False,True
2812,2022-10-31 09:46:05.649640,0.0,-0.007936507936507908,0.0,-0.09999999999999964,12.5,12.55,12.55,12.6,401.0,354.0,651.0,14393.0,False,False
2812,2022-10-31 09:46:08.213763,0.0,-0.007936507936507908,0.0,-0.09999999999999964,12.5,12.55,12.55,12.6,401.0,354.0,651.0,14393.0,False,False
2812,2022-10-31 09:46:16.358328,0.0,-0.007936507936507908,0.0,-0.09999999999999964,12.5,12.55,12.55,12.6,401.0,354.0,651.0,14393.0,False,False
2812,2022-10-31 09:46:24.198459,0.0,-0.007936507936507908,0.0,-0.09999999999999964,12.5,12.55,12.55,12.6,401.0,354.0,651.0,14393.0,True,True
2812,2022-10-31 09:46:36.970294,0.0,-0.007936507936507908,0.0,-0.09999999999999964,12.5,12.55,12.55,12.6,401.0,352.0,651.0,14393.0,False,False
2812,2022-10-31 09:46:44.258335,0.0,-0.007936507936507908,0.0,-0.09999999999999964,12.5,12.55,12.55,12.6,401.0,352.0,651.0,14393.0,True,True
2812,2022-10-31 09:46:46.595669,0.0,-0.007936507936507908,0.0,-0.09999999999999964,12.5,12.55,12.55,12.6,403.0,352.0,651.0,14393.0,False,False
2812,2022-10-31 09:46:47.196061,0.0,-0.007936507936507908,0.0,-0.09999999999999964,12.5,12.55,12.55,12.6,403.0,357.0,651.0,14393.0,False,False
2812,2022-10-31 09:46:59.645210,0.0,-0.007936507936507908,0.0,-0.09999999999999964,12.5,12.55,12.55,12.6,403.0,359.0,651.0,14393.0,False,False
2812,2022-10-31 09:47:02.165673,0.0,-0.007936507936507908,0.0,-0.09999999999999964,12.5,12.55,12.55,12.6,405.0,359.0,651.0,14393.0,False,False
2812,2022-10-31 09:47:02.713707,0.0,-0.007936507936507908,0.0,-0.09999999999999964,12.5,12.55,12.55,12.6,405.0,345.0,651.0,14393.0,False,False
2812,2022-10-31 09:47:03.490843,0.0,-0.007936507936507908,0.0,-0.09999999999999964,12.5,12.55,12.55,12.6,405.0,345.0,651.0,14393.0,False,False
2812,2022-10-31 09:47:04.329616,0.0,-0.007936507936507908,0.0,-0.09999999999999964,12.5,12.55,12.55,12.6,405.0,345.0,751.0,14393.0,True,True
2812,2022-10-31 09:47:08.584793,0.0,-0.007936507936507908,0.0,-0.09999999999999964,12.5,12.55,12.55,12.6,406.0,345.0,751.0,14393.0,False,False
2812,2022-10-31 09:47:11.617178,0.0,-0.007936507936507908,0.0,-0.09999999999999964,12.5,12.55,12.55,12.6,406.0,356.0,751.0,14393.0,False,False
2812,2022-10-31 09:47:29.176728,0.0,-0.007936507936507908,0.0,-0.09999999999999964,12.5,12.55,12.55,12.6,419.0,356.0,751.0,14393.0,False,False
2812,2022-10-31 09:47:33.200749,0.0,-0.007936507936507908,0.0,-0.09999999999999964,12.5,12.55,12.55,12.6,419.0,355.0,751.0,14393.0,False,False
2812,2022-10-31 09:47:34.758143,0.0,-0.007936507936507908,0.0,-0.09999999999999964,12.5,12.55,12.55,12.6,419.0,353.0,751.0,14393.0,False,False
2812,2022-10-31 09:47:35.090758,0.0,-0.007936507936507908,0.0,-0.09999999999999964,12.5,12.55,12.55,12.6,419.0,353.0,751.0,14393.0,False,False
2812,2022-10-31 09:47:44.466433,0.0,-0.007936507936507908,0.0,-0.09999999999999964,12.5,12.55,12.55,12.6,419.0,353.0,251.0,14393.0,True,True
2812,2022-10-31 09:47:45.502881,0.0,-0.007936507936507908,0.0,-0.09999999999999964,12.5,12.55,12.55,12.6,434.0,353.0,251.0,14393.0,False,False
2812,2022-10-31 09:47:45.534913,0.0,-0.007936507936507908,0.0,-0.09999999999999964,12.5,12.55,12.55,12.6,448.0,353.0,251.0,14393.0,False,False
2812,2022-10-31 09:47:46.466166,0.0,-0.007936507936507908,0.0,-0.09999999999999964,12.5,12.55,12.55,12.6,448.0,360.0,251.0,14393.0,False,False
2812,2022-10-31 09:47:48.697564,0.0,-0.007936507936507908,0.0,-0.09999999999999964,12.5,12.55,12.55,12.6,448.0,360.0,251.0,14393.0,False,False
2812,2022-10-31 09:47:54.506791,0.0,-0.007936507936507908,0.0,-0.09999999999999964,12.5,12.55,12.55,12.6,448.0,360.0,251.0,14393.0,True,True
2812,2022-10-31 09:47:58.737148,0.0,-0.007936507936507908,0.0,-0.09999999999999964,12.5,12.55,12.55,12.6,448.0,270.0,251.0,14393.0,False,False
2812,2022-10-31 09:48:00.137234,0.0,-0.007936507936507908,0.0,-0.09999999999999964,12.5,12.55,12.55,12.6,449.0,270.0,251.0,14393.0,False,False
2812,2022-10-31 09:48:01.043722,-0.003968253968253843,-0.007936507936507908,-0.049999999999998934,-0.09999999999999964,12.5,12.6,12.55,12.6,449.0,375.0,251.0,14393.0,False,False
2812,2022-10-31 09:48:01.060083,-0.003968253968253843,-0.007936507936507908,-0.049999999999998934,-0.09999999999999964,12.5,12.6,12.55,12.6,449.0,375.0,251.0,14393.0,False,False
2812,2022-10-31 09:48:01.072748,-0.003968253968253843,-0.007936507936507908,-0.049999999999998934,-0.09999999999999964,12.5,12.6,12.55,12.6,449.0,359.0,251.0,14393.0,False,False
2812,2022-10-31 09:48:01.792686,-0.003968253968253843,-0.007936507936507908,-0.049999999999998934,-0.09999999999999964,12.5,12.6,12.55,12.6,449.0,362.0,251.0,14393.0,False,False
2812,2022-10-31 09:48:04.545088,-0.003968253968253843,-0.007936507936507908,-0.049999999999998934,-0.09999999999999964,12.5,12.6,12.55,12.6,449.0,362.0,251.0,13294.0,True,True
2812,2022-10-31 09:48:06.018477,-0.003968253968253843,-0.007936507936507908,-0.049999999999998934,-0.09999999999999964,12.5,12.6,12.55,12.6,449.0,362.0,251.0,13294.0,False,False
2812,2022-10-31 09:48:06.018482,-0.003968253968253843,-0.007936507936507908,-0.049999999999998934,-0.09999999999999964,12.5,12.6,12.55,12.6,449.0,362.0,251.0,13294.0,False,False
2812,2022-10-31 09:48:10.768494,-0.003968253968253843,-0.007936507936507908,-0.049999999999998934,-0.09999999999999964,12.5,12.6,12.55,12.6,449.0,362.0,251.0,13294.0,False,False
2812,2022-10-31 09:48:10.873674,-0.003968253968253843,-0.003968253968253843,-0.049999999999998934,-0.049999999999998934,12.55,12.6,12.55,12.6,10.0,362.0,251.0,13294.0,False,False
2812,2022-10-31 09:48:10.937748,0.0,-0.007936507936507908,0.0,-0.09999999999999964,12.5,12.55,12.55,12.6,449.0,3.0,251.0,13294.0,False,False
2812,2022-10-31 09:48:10.969150,-0.003968253968253843,-0.007936507936507908,-0.049999999999998934,-0.09999999999999964,12.5,12.6,12.55,12.6,449.0,362.0,251.0,13294.0,False,False
2812,2022-10-31 09:48:10.969508,-0.003968253968253843,-0.003968253968253843,-0.049999999999998934,-0.049999999999998934,12.55,12.6,12.55,12.6,3.0,362.0,251.0,13294.0,False,False
2812,2022-10-31 09:48:11.033878,-0.003968253968253843,-0.003968253968253843,-0.049999999999998934,-0.049999999999998934,12.55,12.6,12.55,12.6,3.0,349.0,251.0,13294.0,False,False
2812,2022-10-31 09:48:12.468616,-0.003968253968253843,-0.007936507936507908,-0.049999999999998934,-0.09999999999999964,12.5,12.6,12.55,12.6,449.0,349.0,251.0,13294.0,False,False
2812,2022-10-31 09:48:12.513763,-0.003968253968253843,-0.007936507936507908,-0.049999999999998934,-0.09999999999999964,12.5,12.6,12.55,12.6,449.0,361.0,251.0,13294.0,False,False
2812,2022-10-31 09:48:13.422114,-0.003968253968253843,-0.003968253968253843,-0.049999999999998934,-0.049999999999998934,12.55,12.6,12.55,12.6,1.0,361.0,251.0,13294.0,False,False
2812,2022-10-31 09:48:14.580331,-0.003968253968253843,-0.003968253968253843,-0.049999999999998934,-0.049999999999998934,12.55,12.6,12.55,12.6,1.0,361.0,251.0,13294.0,True,True
2812,2022-10-31 09:48:14.820832,-0.003968253968253843,-0.003968253968253843,-0.049999999999998934,-0.049999999999998934,12.55,12.6,12.55,12.6,101.0,361.0,251.0,13294.0,False,False
2812,2022-10-31 09:48:14.845939,-0.003968253968253843,-0.003968253968253843,-0.049999999999998934,-0.049999999999998934,12.55,12.6,12.55,12.6,114.0,361.0,251.0,13294.0,False,False
2812,2022-10-31 09:48:15.006813,-0.003968253968253843,-0.003968253968253843,-0.049999999999998934,-0.049999999999998934,12.55,12.6,12.55,12.6,114.0,371.0,251.0,13294.0,False,False
2812,2022-10-31 09:48:18.204530,-0.003968253968253843,-0.003968253968253843,-0.049999999999998934,-0.049999999999998934,12.55,12.6,12.55,12.6,116.0,371.0,251.0,13294.0,False,False
2812,2022-10-31 09:48:21.147487,-0.003968253968253843,-0.003968253968253843,-0.049999999999998934,-0.049999999999998934,12.55,12.6,12.55,12.6,116.0,371.0,251.0,13294.0,False,False
2812,2022-10-31 09:48:21.618489,-0.003968253968253843,-0.003968253968253843,-0.049999999999998934,-0.049999999999998934,12.55,12.6,12.55,12.6,116.0,371.0,251.0,13294.0,False,False
2812,2022-10-31 09:48:21.752711,-0.003968253968253843,-0.003968253968253843,-0.049999999999998934,-0.049999999999998934,12.55,12.6,12.55,12.6,116.0,371.0,251.0,13294.0,False,False
2812,2022-10-31 09:48:21.754665,-0.003968253968253843,-0.003968253968253843,-0.049999999999998934,-0.049999999999998934,12.55,12.6,12.55,12.6,123.0,371.0,251.0,13294.0,False,False
2812,2022-10-31 09:48:21.832901,-0.003968253968253843,-0.003968253968253843,-0.049999999999998934,-0.049999999999998934,12.55,12.6,12.55,12.6,123.0,420.0,251.0,13294.0,False,False
2812,2022-10-31 09:48:23.432125,-0.003968253968253843,-0.003968253968253843,-0.049999999999998934,-0.049999999999998934,12.55,12.6,12.55,12.6,223.0,420.0,251.0,13294.0,False,False
2812,2022-10-31 09:48:24.607403,-0.003968253968253843,-0.003968253968253843,-0.049999999999998934,-0.049999999999998934,12.55,12.6,12.55,12.6,223.0,420.0,251.0,12794.0,True,True
2812,2022-10-31 09:48:26.626819,-0.003968253968253843,-0.003968253968253843,-0.049999999999998934,-0.049999999999998934,12.55,12.6,12.55,12.6,223.0,420.0,251.0,12794.0,False,False
2812,2022-10-31 09:48:33.095934,-0.003968253968253843,-0.003968253968253843,-0.049999999999998934,-0.049999999999998934,12.55,12.6,12.55,12.6,223.0,419.0,251.0,12794.0,False,False
2812,2022-10-31 09:48:34.636475,-0.003968253968253843,-0.003968253968253843,-0.049999999999998934,-0.049999999999998934,12.55,12.6,12.55,12.6,223.0,419.0,251.0,12294.0,True,True
2812,2022-10-31 09:48:36.090482,-0.003968253968253843,-0.003968253968253843,-0.049999999999998934,-0.049999999999998934,12.55,12.6,12.55,12.6,223.0,431.0,251.0,12294.0,False,False
2812,2022-10-31 09:48:36.739759,-0.003968253968253843,-0.003968253968253843,-0.049999999999998934,-0.049999999999998934,12.55,12.6,12.55,12.6,223.0,431.0,251.0,12294.0,False,False
2812,2022-10-31 09:48:42.043867,-0.003968253968253843,-0.003968253968253843,-0.049999999999998934,-0.049999999999998934,12.55,12.6,12.55,12.6,223.0,436.0,251.0,12294.0,False,False
2812,2022-10-31 09:48:44.674776,-0.003968253968253843,-0.003968253968253843,-0.049999999999998934,-0.049999999999998934,12.55,12.6,12.55,12.6,223.0,436.0,1250.0,12294.0,True,True
2812,2022-10-31 09:48:54.706602,-0.003968253968253843,-0.003968253968253843,-0.049999999999998934,-0.049999999999998934,12.55,12.6,12.55,12.6,223.0,436.0,1373.0,12294.0,True,True
2812,2022-10-31 09:48:54.835870,-0.003968253968253843,-0.003968253968253843,-0.049999999999998934,-0.049999999999998934,12.55,12.6,12.55,12.6,223.0,431.0,1373.0,12294.0,False,False
2812,2022-10-31 09:48:56.817174,-0.003968253968253843,-0.003968253968253843,-0.049999999999998934,-0.049999999999998934,12.55,12.6,12.55,12.6,223.0,431.0,1373.0,12294.0,False,False
2812,2022-10-31 09:49:00.685288,-0.003968253968253843,-0.003968253968253843,-0.049999999999998934,-0.049999999999998934,12.55,12.6,12.55,12.6,223.0,440.0,1373.0,12294.0,False,False
2812,2022-10-31 09:49:04.134236,-0.003968253968253843,-0.003968253968253843,-0.049999999999998934,-0.049999999999998934,12.55,12.6,12.55,12.6,223.0,440.0,1373.0,7299.0,False,True
2812,2022-10-31 09:49:05.201834,-0.003968253968253843,-0.003968253968253843,-0.049999999999998934,-0.049999999999998934,12.55,12.6,12.55,12.6,223.0,440.0,1373.0,7299.0,False,False
2812,2022-10-31 09:49:12.432658,-0.003968253968253843,-0.003968253968253843,-0.049999999999998934,-0.049999999999998934,12.55,12.6,12.55,12.6,222.0,440.0,1373.0,7299.0,False,False
2812,2022-10-31 09:49:12.459078,-0.003968253968253843,-0.003968253968253843,-0.049999999999998934,-0.049999999999998934,12.55,12.6,12.55,12.6,209.0,440.0,1373.0,7299.0,False,False
2812,2022-10-31 09:49:17.985682,-0.003968253968253843,-0.003968253968253843,-0.049999999999998934,-0.049999999999998934,12.55,12.6,12.55,12.6,207.0,440.0,1373.0,7299.0,False,False
2812,2022-10-31 09:49:18.470680,-0.003968253968253843,-0.003968253968253843,-0.049999999999998934,-0.049999999999998934,12.55,12.6,12.55,12.6,207.0,440.0,1373.0,7299.0,False,False
2812,2022-10-31 09:49:25.772003,-0.003968253968253843,-0.003968253968253843,-0.049999999999998934,-0.049999999999998934,12.55,12.6,12.55,12.6,207.0,443.0,1373.0,7299.0,False,False
2812,2022-10-31 09:49:28.092239,-0.003968253968253843,-0.003968253968253843,-0.049999999999998934,-0.049999999999998934,12.55,12.6,12.55,12.6,207.0,444.0,1373.0,7299.0,False,False
2812,2022-10-31 09:49:33.119208,-0.003968253968253843,-0.003968253968253843,-0.049999999999998934,-0.049999999999998934,12.55,12.6,12.55,12.6,207.0,438.0,1373.0,7299.0,False,False
2812,2022-10-31 09:49:41.521611,-0.003968253968253843,-0.003968253968253843,-0.049999999999998934,-0.049999999999998934,12.55,12.6,12.55,12.6,223.0,438.0,1373.0,7299.0,False,False
2812,2022-10-31 09:49:44.847092,-0.003968253968253843,-0.003968253968253843,-0.049999999999998934,-0.049999999999998934,12.55,12.6,12.55,12.6,223.0,438.0,1373.0,7299.0,False,False
2812,2022-10-31 09:49:45.976135,-0.003968253968253843,-0.003968253968253843,-0.049999999999998934,-0.049999999999998934,12.55,12.6,12.55,12.6,223.0,438.0,1373.0,7299.0,False,False
2812,2022-10-31 09:49:48.083224,-0.003968253968253843,-0.003968253968253843,-0.049999999999998934,-0.049999999999998934,12.55,12.6,12.55,12.6,223.0,438.0,1373.0,7299.0,False,False
2812,2022-10-31 09:49:51.774114,-0.003968253968253843,-0.003968253968253843,-0.049999999999998934,-0.049999999999998934,12.55,12.6,12.55,12.6,223.0,438.0,1373.0,7299.0,False,False
2812,2022-10-31 09:49:54.313578,-0.003968253968253843,-0.003968253968253843,-0.049999999999998934,-0.049999999999998934,12.55,12.6,12.55,12.6,223.0,438.0,1373.0,7299.0,True,True
2812,2022-10-31 09:49:54.705028,-0.003968253968253843,-0.003968253968253843,-0.049999999999998934,-0.049999999999998934,12.55,12.6,12.55,12.6,223.0,438.0,1373.0,7299.0,False,False
2812,2022-10-31 09:50:02.793762,-0.003968253968253843,-0.003968253968253843,-0.049999999999998934,-0.049999999999998934,12.55,12.6,12.55,12.6,223.0,440.0,1373.0,7299.0,False,False
2812,2022-10-31 09:50:03.397571,-0.003968253968253843,-0.003968253968253843,-0.049999999999998934,-0.049999999999998934,12.55,12.6,12.55,12.6,223.0,440.0,1373.0,7299.0,False,False
2812,2022-10-31 09:50:04.389720,-0.003968253968253843,-0.003968253968253843,-0.049999999999998934,-0.049999999999998934,12.55,12.6,12.55,12.6,223.0,440.0,1473.0,6499.0,True,True
2812,2022-10-31 09:50:06.422860,-0.003968253968253843,-0.003968253968253843,-0.049999999999998934,-0.049999999999998934,12.55,12.6,12.55,12.6,223.0,440.0,1473.0,6499.0,False,False
2812,2022-10-31 09:50:10.808115,-0.003968253968253843,-0.003968253968253843,-0.049999999999998934,-0.049999999999998934,12.55,12.6,12.55,12.6,223.0,440.0,1473.0,6499.0,False,False
2812,2022-10-31 09:50:12.612921,-0.003968253968253843,-0.003968253968253843,-0.049999999999998934,-0.049999999999998934,12.55,12.6,12.55,12.6,223.0,440.0,1473.0,6499.0,False,False
2812,2022-10-31 09:50:14.485605,-0.003968253968253843,-0.003968253968253843,-0.049999999999998934,-0.049999999999998934,12.55,12.6,12.55,12.6,223.0,440.0,2233.0,6499.0,True,True
2812,2022-10-31 09:50:15.169556,-0.003968253968253843,-0.003968253968253843,-0.049999999999998934,-0.049999999999998934,12.55,12.6,12.55,12.6,223.0,440.0,2233.0,6499.0,False,False
2812,2022-10-31 09:50:19.349528,-0.003968253968253843,-0.003968253968253843,-0.049999999999998934,-0.049999999999998934,12.55,12.6,12.55,12.6,223.0,442.0,2233.0,6499.0,False,False
2812,2022-10-31 09:50:32.891364,-0.003968253968253843,-0.003968253968253843,-0.049999999999998934,-0.049999999999998934,12.55,12.6,12.55,12.6,223.0,442.0,2233.0,6499.0,False,False
2812,2022-10-31 09:50:40.596283,-0.003968253968253843,-0.003968253968253843,-0.049999999999998934,-0.049999999999998934,12.55,12.6,12.55,12.6,213.0,442.0,2233.0,6499.0,False,False
2812,2022-10-31 09:50:44.330496,-0.003968253968253843,-0.003968253968253843,-0.049999999999998934,-0.049999999999998934,12.55,12.6,12.55,12.6,214.0,442.0,2233.0,6499.0,False,False
2812,2022-10-31 09:50:44.663338,-0.003968253968253843,-0.003968253968253843,-0.049999999999998934,-0.049999999999998934,12.55,12.6,12.55,12.6,214.0,442.0,2233.0,6549.0,True,True
2812,2022-10-31 09:50:46.306037,-0.003968253968253843,-0.003968253968253843,-0.049999999999998934,-0.049999999999998934,12.55,12.6,12.55,12.6,214.0,442.0,2233.0,6549.0,False,False
2812,2022-10-31 09:50:47.176626,-0.003968253968253843,-0.003968253968253843,-0.049999999999998934,-0.049999999999998934,12.55,12.6,12.55,12.6,214.0,444.0,2233.0,6549.0,False,False
2812,2022-10-31 09:50:54.705633,-0.003968253968253843,-0.003968253968253843,-0.049999999999998934,-0.049999999999998934,12.55,12.6,12.55,12.6,214.0,444.0,2258.0,7009.0,True,True
2812,2022-10-31 09:50:57.319170,-0.003968253968253843,-0.003968253968253843,-0.049999999999998934,-0.049999999999998934,12.55,12.6,12.55,12.6,214.0,444.0,2258.0,7009.0,False,False
2812,2022-10-31 09:51:10.920354,-0.003968253968253843,-0.003968253968253843,-0.049999999999998934,-0.049999999999998934,12.55,12.6,12.55,12.6,214.0,456.0,2258.0,7009.0,False,False
2812,2022-10-31 09:51:11.887178,-0.003968253968253843,-0.003968253968253843,-0.049999999999998934,-0.049999999999998934,12.55,12.6,12.55,12.6,214.0,456.0,2258.0,7009.0,False,False
2812,2022-10-31 09:51:11.971112,-0.003968253968253843,-0.003968253968253843,-0.049999999999998934,-0.049999999999998934,12.55,12.6,12.55,12.6,214.0,456.0,2258.0,7009.0,False,False
2812,2022-10-31 09:51:12.167150,-0.003968253968253843,-0.003968253968253843,-0.049999999999998934,-0.049999999999998934,12.55,12.6,12.55,12.6,214.0,455.0,2258.0,7009.0,False,False
2812,2022-10-31 09:51:13.966950,-0.003968253968253843,-0.003968253968253843,-0.049999999999998934,-0.049999999999998934,12.55,12.6,12.55,12.6,214.0,457.0,2258.0,7009.0,False,False
2812,2022-10-31 09:51:18.383959,-0.003968253968253843,-0.003968253968253843,-0.049999999999998934,-0.049999999999998934,12.55,12.6,12.55,12.6,213.0,457.0,2258.0,7009.0,False,False
2812,2022-10-31 09:51:19.710085,-0.003968253968253843,-0.003968253968253843,-0.049999999999998934,-0.049999999999998934,12.55,12.6,12.55,12.6,213.0,457.0,2258.0,7009.0,False,False
2812,2022-10-31 09:51:24.833038,-0.003968253968253843,-0.003968253968253843,-0.049999999999998934,-0.049999999999998934,12.55,12.6,12.55,12.6,213.0,457.0,2288.0,7009.0,True,True
2812,2022-10-31 09:51:27.401385,-0.003968253968253843,-0.003968253968253843,-0.049999999999998934,-0.049999999999998934,12.55,12.6,12.55,12.6,212.0,457.0,2288.0,7009.0,False,False
2812,2022-10-31 09:51:27.663696,-0.003968253968253843,-0.003968253968253843,-0.049999999999998934,-0.049999999999998934,12.55,12.6,12.55,12.6,212.0,457.0,2288.0,7009.0,False,False
2812,2022-10-31 09:51:43.815305,-0.003968253968253843,-0.003968253968253843,-0.049999999999998934,-0.049999999999998934,12.55,12.6,12.55,12.6,212.0,457.0,2288.0,7009.0,False,False
2812,2022-10-31 09:51:44.929200,-0.003968253968253843,-0.003968253968253843,-0.049999999999998934,-0.049999999999998934,12.55,12.6,12.55,12.6,212.0,457.0,2288.0,7087.0,True,True
2812,2022-10-31 09:51:54.200577,-0.003968253968253843,-0.003968253968253843,-0.049999999999998934,-0.049999999999998934,12.55,12.6,12.55,12.6,212.0,457.0,2288.0,7087.0,False,False
2812,2022-10-31 09:51:54.981752,-0.003968253968253843,-0.003968253968253843,-0.049999999999998934,-0.049999999999998934,12.55,12.6,12.55,12.6,212.0,457.0,2288.0,7187.0,True,True
2812,2022-10-31 09:52:04.219632,-0.003968253968253843,-0.003968253968253843,-0.049999999999998934,-0.049999999999998934,12.55,12.6,12.55,12.6,212.0,457.0,2288.0,7287.0,False,True
2812,2022-10-31 09:52:11.504453,-0.003968253968253843,-0.003968253968253843,-0.049999999999998934,-0.049999999999998934,12.55,12.6,12.55,12.6,214.0,457.0,2288.0,7287.0,False,False
2812,2022-10-31 09:52:14.258927,-0.003968253968253843,-0.003968253968253843,-0.049999999999998934,-0.049999999999998934,12.55,12.6,12.55,12.6,214.0,457.0,2288.0,7630.0,True,True
2812,2022-10-31 09:52:18.587172,-0.003968253968253843,-0.003968253968253843,-0.049999999999998934,-0.049999999999998934,12.55,12.6,12.55,12.6,214.0,457.0,2288.0,7630.0,False,False
2812,2022-10-31 09:52:20.068585,-0.003968253968253843,-0.003968253968253843,-0.049999999999998934,-0.049999999999998934,12.55,12.6,12.55,12.6,214.0,457.0,2288.0,7630.0,False,False
2812,2022-10-31 09:52:24.308303,-0.003968253968253843,-0.003968253968253843,-0.049999999999998934,-0.049999999999998934,12.55,12.6,12.55,12.6,214.0,457.0,2288.0,7330.0,True,True
2812,2022-10-31 09:52:29.058528,-0.003968253968253843,-0.003968253968253843,-0.049999999999998934,-0.049999999999998934,12.55,12.6,12.55,12.6,214.0,457.0,2288.0,7330.0,False,False
2812,2022-10-31 09:52:29.359345,-0.003968253968253843,-0.003968253968253843,-0.049999999999998934,-0.049999999999998934,12.55,12.6,12.55,12.6,214.0,460.0,2288.0,7330.0,False,False
2812,2022-10-31 09:52:34.343350,-0.003968253968253843,-0.003968253968253843,-0.049999999999998934,-0.049999999999998934,12.55,12.6,12.55,12.6,214.0,460.0,2288.0,7430.0,True,True
2812,2022-10-31 09:52:36.139886,-0.003968253968253843,-0.003968253968253843,-0.049999999999998934,-0.049999999999998934,12.55,12.6,12.55,12.6,214.0,460.0,2288.0,7430.0,False,False
2812,2022-10-31 09:52:36.636167,-0.003968253968253843,-0.003968253968253843,-0.049999999999998934,-0.049999999999998934,12.55,12.6,12.55,12.6,219.0,460.0,2288.0,7430.0,False,False
2812,2022-10-31 09:52:40.957453,-0.003968253968253843,-0.003968253968253843,-0.049999999999998934,-0.049999999999998934,12.55,12.6,12.55,12.6,269.0,460.0,2288.0,7430.0,False,False
2812,2022-10-31 09:52:44.388605,-0.003968253968253843,-0.003968253968253843,-0.049999999999998934,-0.049999999999998934,12.55,12.6,12.55,12.6,269.0,460.0,2388.0,7629.0,True,True
2812,2022-10-31 09:52:44.945549,-0.003968253968253843,-0.003968253968253843,-0.049999999999998934,-0.049999999999998934,12.55,12.6,12.55,12.6,264.0,460.0,2388.0,7629.0,False,False
2812,2022-10-31 09:52:48.568899,-0.003968253968253843,-0.003968253968253843,-0.049999999999998934,-0.049999999999998934,12.55,12.6,12.55,12.6,264.0,460.0,2388.0,7629.0,False,False
2812,2022-10-31 09:52:53.102778,-0.003968253968253843,-0.003968253968253843,-0.049999999999998934,-0.049999999999998934,12.55,12.6,12.55,12.6,264.0,508.0,2388.0,7629.0,False,False
2812,2022-10-31 09:52:53.659295,-0.003968253968253843,-0.003968253968253843,-0.049999999999998934,-0.049999999999998934,12.55,12.6,12.55,12.6,264.0,508.0,2388.0,7629.0,False,False
2812,2022-10-31 09:52:54.427730,-0.003968253968253843,-0.003968253968253843,-0.049999999999998934,-0.049999999999998934,12.55,12.6,12.55,12.6,264.0,508.0,2388.0,7729.0,True,True
2812,2022-10-31 09:52:58.856862,-0.003968253968253843,-0.003968253968253843,-0.049999999999998934,-0.049999999999998934,12.55,12.6,12.55,12.6,266.0,508.0,2388.0,7729.0,False,False
2812,2022-10-31 09:53:07.054784,-0.003968253968253843,-0.003968253968253843,-0.049999999999998934,-0.049999999999998934,12.55,12.6,12.55,12.6,281.0,508.0,2388.0,7729.0,False,False
2812,2022-10-31 09:53:11.425302,-0.003968253968253843,-0.003968253968253843,-0.049999999999998934,-0.049999999999998934,12.55,12.6,12.55,12.6,281.0,509.0,2388.0,7729.0,False,False
2812,2022-10-31 09:53:12.467941,-0.003968253968253843,-0.003968253968253843,-0.049999999999998934,-0.049999999999998934,12.55,12.6,12.55,12.6,281.0,509.0,2388.0,7729.0,False,False
2812,2022-10-31 09:53:14.507035,-0.003968253968253843,-0.003968253968253843,-0.049999999999998934,-0.049999999999998934,12.55,12.6,12.55,12.6,281.0,509.0,2388.0,7729.0,True,True
2812,2022-10-31 09:53:18.215205,-0.003968253968253843,-0.003968253968253843,-0.049999999999998934,-0.049999999999998934,12.55,12.6,12.55,12.6,294.0,509.0,2388.0,7729.0,False,False
2812,2022-10-31 09:53:21.950676,-0.003968253968253843,-0.003968253968253843,-0.049999999999998934,-0.049999999999998934,12.55,12.6,12.55,12.6,305.0,509.0,2388.0,7729.0,False,False
2812,2022-10-31 09:53:24.544115,-0.003968253968253843,-0.003968253968253843,-0.049999999999998934,-0.049999999999998934,12.55,12.6,12.55,12.6,305.0,509.0,2494.0,7729.0,True,True
2812,2022-10-31 09:53:35.302605,-0.003968253968253843,-0.003968253968253843,-0.049999999999998934,-0.049999999999998934,12.55,12.6,12.55,12.6,305.0,509.0,2494.0,7729.0,False,False
2812,2022-10-31 09:53:38.853852,-0.003968253968253843,-0.003968253968253843,-0.049999999999998934,-0.049999999999998934,12.55,12.6,12.55,12.6,305.0,510.0,2494.0,7729.0,False,False
2812,2022-10-31 09:53:45.307926,-0.003968253968253843,-0.003968253968253843,-0.049999999999998934,-0.049999999999998934,12.55,12.6,12.55,12.6,304.0,510.0,2494.0,7729.0,False,False
2812,2022-10-31 09:53:51.139964,-0.003968253968253843,-0.003968253968253843,-0.049999999999998934,-0.049999999999998934,12.55,12.6,12.55,12.6,304.0,509.0,2494.0,7729.0,False,False
2812,2022-10-31 09:54:05.911553,-0.003968253968253843,-0.003968253968253843,-0.049999999999998934,-0.049999999999998934,12.55,12.6,12.55,12.6,305.0,509.0,2494.0,7729.0,False,False
2812,2022-10-31 09:54:11.917861,-0.003968253968253843,-0.003968253968253843,-0.049999999999998934,-0.049999999999998934,12.55,12.6,12.55,12.6,305.0,508.0,2494.0,7729.0,False,False
2812,2022-10-31 09:54:15.182288,-0.003968253968253843,-0.003968253968253843,-0.049999999999998934,-0.049999999999998934,12.55,12.6,12.55,12.6,305.0,510.0,2494.0,7729.0,False,False
2812,2022-10-31 09:54:19.491949,-0.003968253968253843,-0.003968253968253843,-0.049999999999998934,-0.049999999999998934,12.55,12.6,12.55,12.6,305.0,510.0,2494.0,7729.0,False,False
2812,2022-10-31 09:54:21.014056,-0.003968253968253843,-0.003968253968253843,-0.049999999999998934,-0.049999999999998934,12.55,12.6,12.55,12.6,305.0,510.0,2494.0,7729.0,False,False
2812,2022-10-31 09:54:23.361850,-0.003968253968253843,-0.003968253968253843,-0.049999999999998934,-0.049999999999998934,12.55,12.6,12.55,12.6,305.0,513.0,2494.0,7729.0,False,False
2812,2022-10-31 09:54:31.007091,-0.003968253968253843,-0.003968253968253843,-0.049999999999998934,-0.049999999999998934,12.55,12.6,12.55,12.6,305.0,512.0,2494.0,7729.0,False,False
2812,2022-10-31 09:54:34.838578,-0.003968253968253843,-0.003968253968253843,-0.049999999999998934,-0.049999999999998934,12.55,12.6,12.55,12.6,305.0,512.0,2494.0,7781.0,True,True
2812,2022-10-31 09:54:41.027389,-0.003968253968253843,-0.003968253968253843,-0.049999999999998934,-0.049999999999998934,12.55,12.6,12.55,12.6,305.0,513.0,2494.0,7781.0,False,False
2812,2022-10-31 09:54:43.097130,-0.003968253968253843,-0.003968253968253843,-0.049999999999998934,-0.049999999999998934,12.55,12.6,12.55,12.6,305.0,513.0,2494.0,7781.0,False,False
2812,2022-10-31 09:54:43.888128,-0.003968253968253843,-0.003968253968253843,-0.049999999999998934,-0.049999999999998934,12.55,12.6,12.55,12.6,305.0,514.0,2494.0,7781.0,False,False
2812,2022-10-31 09:54:53.493981,-0.003968253968253843,-0.003968253968253843,-0.049999999999998934,-0.049999999999998934,12.55,12.6,12.55,12.6,307.0,514.0,2494.0,7781.0,False,False
2812,2022-10-31 09:54:54.913735,-0.003968253968253843,-0.003968253968253843,-0.049999999999998934,-0.049999999999998934,12.55,12.6,12.55,12.6,307.0,514.0,2494.0,7681.0,True,True
2812,2022-10-31 09:55:04.314288,-0.003968253968253843,-0.003968253968253843,-0.049999999999998934,-0.049999999999998934,12.55,12.6,12.55,12.6,307.0,514.0,2794.0,7681.0,False,True
2812,2022-10-31 09:55:07.057369,-0.003968253968253843,-0.003968253968253843,-0.049999999999998934,-0.049999999999998934,12.55,12.6,12.55,12.6,307.0,514.0,2794.0,7681.0,False,False
2812,2022-10-31 09:55:07.892590,-0.003968253968253843,-0.003968253968253843,-0.049999999999998934,-0.049999999999998934,12.55,12.6,12.55,12.6,307.0,516.0,2794.0,7681.0,False,False
2812,2022-10-31 09:55:19.166044,-0.003968253968253843,-0.003968253968253843,-0.049999999999998934,-0.049999999999998934,12.55,12.6,12.55,12.6,307.0,516.0,2794.0,7681.0,False,False
2812,2022-10-31 09:55:22.164958,-0.003968253968253843,-0.003968253968253843,-0.049999999999998934,-0.049999999999998934,12.55,12.6,12.55,12.6,307.0,516.0,2794.0,7681.0,False,False
2812,2022-10-31 09:55:23.433456,-0.003968253968253843,-0.003968253968253843,-0.049999999999998934,-0.049999999999998934,12.55,12.6,12.55,12.6,307.0,508.0,2794.0,7681.0,False,False
2812,2022-10-31 09:55:35.865638,-0.003968253968253843,-0.003968253968253843,-0.049999999999998934,-0.049999999999998934,12.55,12.6,12.55,12.6,307.0,508.0,2794.0,7681.0,False,False
2812,2022-10-31 09:55:36.772749,-0.003968253968253843,-0.003968253968253843,-0.049999999999998934,-0.049999999999998934,12.55,12.6,12.55,12.6,307.0,508.0,2794.0,7681.0,False,False
2812,2022-10-31 09:55:40.072857,-0.003968253968253843,-0.003968253968253843,-0.049999999999998934,-0.049999999999998934,12.55,12.6,12.55,12.6,307.0,516.0,2794.0,7681.0,False,False
2812,2022-10-31 09:55:45.617136,-0.003968253968253843,-0.003968253968253843,-0.049999999999998934,-0.049999999999998934,12.55,12.6,12.55,12.6,307.0,516.0,2794.0,7681.0,False,False
2812,2022-10-31 09:55:54.560818,-0.003968253968253843,-0.003968253968253843,-0.049999999999998934,-0.049999999999998934,12.55,12.6,12.55,12.6,307.0,516.0,2852.0,7681.0,True,True
2812,2022-10-31 09:55:56.466498,-0.003968253968253843,-0.003968253968253843,-0.049999999999998934,-0.049999999999998934,12.55,12.6,12.55,12.6,309.0,516.0,2852.0,7681.0,False,False
2812,2022-10-31 09:56:04.595022,-0.003968253968253843,-0.003968253968253843,-0.049999999999998934,-0.049999999999998934,12.55,12.6,12.55,12.6,309.0,516.0,2852.0,7681.0,True,True
2812,2022-10-31 09:56:13.025178,-0.003968253968253843,-0.003968253968253843,-0.049999999999998934,-0.049999999999998934,12.55,12.6,12.55,12.6,309.0,516.0,2852.0,7681.0,False,False
2812,2022-10-31 09:56:13.427378,-0.003968253968253843,-0.003968253968253843,-0.049999999999998934,-0.049999999999998934,12.55,12.6,12.55,12.6,309.0,518.0,2852.0,7681.0,False,False
2812,2022-10-31 09:56:30.121723,-0.003968253968253843,-0.003968253968253843,-0.049999999999998934,-0.049999999999998934,12.55,12.6,12.55,12.6,309.0,517.0,2852.0,7681.0,False,False
2812,2022-10-31 09:56:36.835041,-0.003968253968253843,-0.003968253968253843,-0.049999999999998934,-0.049999999999998934,12.55,12.6,12.55,12.6,329.0,517.0,2852.0,7681.0,False,False
2812,2022-10-31 09:56:39.644966,-0.003968253968253843,-0.003968253968253843,-0.049999999999998934,-0.049999999999998934,12.55,12.6,12.55,12.6,329.0,517.0,2852.0,7681.0,False,False
2812,2022-10-31 09:56:44.742450,-0.003968253968253843,-0.003968253968253843,-0.049999999999998934,-0.049999999999998934,12.55,12.6,12.55,12.6,329.0,517.0,2852.0,7629.0,True,True
2812,2022-10-31 09:56:49.774179,-0.003968253968253843,-0.003968253968253843,-0.049999999999998934,-0.049999999999998934,12.55,12.6,12.55,12.6,329.0,519.0,2852.0,7629.0,False,False
2812,2022-10-31 09:56:54.769085,-0.003968253968253843,-0.003968253968253843,-0.049999999999998934,-0.049999999999998934,12.55,12.6,12.55,12.6,329.0,519.0,3402.0,7629.0,True,True
2812,2022-10-31 09:56:57.802610,-0.003968253968253843,-0.003968253968253843,-0.049999999999998934,-0.049999999999998934,12.55,12.6,12.55,12.6,329.0,519.0,3402.0,7629.0,False,False
2812,2022-10-31 09:57:00.129339,-0.003968253968253843,-0.003968253968253843,-0.049999999999998934,-0.049999999999998934,12.55,12.6,12.55,12.6,329.0,519.0,3402.0,7629.0,False,False
2812,2022-10-31 09:57:02.185960,-0.003968253968253843,-0.003968253968253843,-0.049999999999998934,-0.049999999999998934,12.55,12.6,12.55,12.6,329.0,519.0,3402.0,7629.0,False,False
2812,2022-10-31 09:57:10.574646,-0.003968253968253843,-0.003968253968253843,-0.049999999999998934,-0.049999999999998934,12.55,12.6,12.55,12.6,329.0,534.0,3402.0,7629.0,False,False
2812,2022-10-31 09:57:10.618069,-0.003968253968253843,-0.003968253968253843,-0.049999999999998934,-0.049999999999998934,12.55,12.6,12.55,12.6,329.0,535.0,3402.0,7629.0,False,False
2812,2022-10-31 09:57:14.843592,-0.003968253968253843,-0.003968253968253843,-0.049999999999998934,-0.049999999999998934,12.55,12.6,12.55,12.6,329.0,535.0,3452.0,7629.0,True,True
2812,2022-10-31 09:57:20.658405,-0.003968253968253843,-0.003968253968253843,-0.049999999999998934,-0.049999999999998934,12.55,12.6,12.55,12.6,330.0,535.0,3452.0,7629.0,False,False
2812,2022-10-31 09:57:33.344875,-0.003968253968253843,-0.003968253968253843,-0.049999999999998934,-0.049999999999998934,12.55,12.6,12.55,12.6,332.0,535.0,3452.0,7629.0,False,False
2812,2022-10-31 09:57:51.890304,-0.003968253968253843,-0.003968253968253843,-0.049999999999998934,-0.049999999999998934,12.55,12.6,12.55,12.6,332.0,537.0,3452.0,7629.0,False,False
2812,2022-10-31 09:57:53.848628,-0.003968253968253843,-0.003968253968253843,-0.049999999999998934,-0.049999999999998934,12.55,12.6,12.55,12.6,334.0,537.0,3452.0,7629.0,False,False
2812,2022-10-31 09:57:58.628772,-0.003968253968253843,-0.003968253968253843,-0.049999999999998934,-0.049999999999998934,12.55,12.6,12.55,12.6,334.0,537.0,3452.0,7629.0,False,False
2812,2022-10-31 09:58:05.969146,-0.003968253968253843,-0.003968253968253843,-0.049999999999998934,-0.049999999999998934,12.55,12.6,12.55,12.6,344.0,537.0,3452.0,7629.0,False,False
2812,2022-10-31 09:58:12.106281,-0.003968253968253843,-0.003968253968253843,-0.049999999999998934,-0.049999999999998934,12.55,12.6,12.55,12.6,344.0,537.0,3452.0,7629.0,False,False
2812,2022-10-31 09:58:14.429630,-0.003968253968253843,-0.003968253968253843,-0.049999999999998934,-0.049999999999998934,12.55,12.6,12.55,12.6,344.0,537.0,3452.0,7529.0,True,True
2812,2022-10-31 09:58:16.807450,-0.003968253968253843,-0.003968253968253843,-0.049999999999998934,-0.049999999999998934,12.55,12.6,12.55,12.6,344.0,537.0,3452.0,7529.0,False,False
2812,2022-10-31 09:58:21.654291,-0.003968253968253843,-0.003968253968253843,-0.049999999999998934,-0.049999999999998934,12.55,12.6,12.55,12.6,344.0,537.0,3452.0,7529.0,False,False
2812,2022-10-31 09:58:31.744743,-0.003968253968253843,-0.003968253968253843,-0.049999999999998934,-0.049999999999998934,12.55,12.6,12.55,12.6,344.0,537.0,3452.0,7529.0,False,False
2812,2022-10-31 09:58:44.678461,-0.003968253968253843,-0.003968253968253843,-0.049999999999998934,-0.049999999999998934,12.55,12.6,12.55,12.6,344.0,537.0,3452.0,7529.0,False,False
2812,2022-10-31 09:58:45.946939,-0.003968253968253843,-0.003968253968253843,-0.049999999999998934,-0.049999999999998934,12.55,12.6,12.55,12.6,345.0,537.0,3452.0,7529.0,False,False
2812,2022-10-31 09:58:54.555779,-0.003968253968253843,-0.003968253968253843,-0.049999999999998934,-0.049999999999998934,12.55,12.6,12.55,12.6,345.0,537.0,3452.0,7279.0,True,True
2812,2022-10-31 09:59:04.596602,-0.003968253968253843,-0.003968253968253843,-0.049999999999998934,-0.049999999999998934,12.55,12.6,12.55,12.6,345.0,537.0,3452.0,7279.0,True,True
2812,2022-10-31 09:59:04.889160,-0.003968253968253843,-0.003968253968253843,-0.049999999999998934,-0.049999999999998934,12.55,12.6,12.55,12.6,345.0,539.0,3452.0,7279.0,False,False
2812,2022-10-31 09:59:08.946572,-0.003968253968253843,-0.003968253968253843,-0.049999999999998934,-0.049999999999998934,12.55,12.6,12.55,12.6,345.0,538.0,3452.0,7279.0,False,False
2812,2022-10-31 09:59:22.636559,-0.003968253968253843,-0.003968253968253843,-0.049999999999998934,-0.049999999999998934,12.55,12.6,12.55,12.6,345.0,533.0,3452.0,7279.0,False,False
2812,2022-10-31 09:59:33.332502,-0.003968253968253843,-0.003968253968253843,-0.049999999999998934,-0.049999999999998934,12.55,12.6,12.55,12.6,345.0,530.0,3452.0,7279.0,False,False
2812,2022-10-31 09:59:34.690169,-0.003968253968253843,-0.003968253968253843,-0.049999999999998934,-0.049999999999998934,12.55,12.6,12.55,12.6,345.0,530.0,3452.0,7279.0,True,True
2812,2022-10-31 09:59:38.717795,-0.003968253968253843,-0.003968253968253843,-0.049999999999998934,-0.049999999999998934,12.55,12.6,12.55,12.6,345.0,538.0,3452.0,7279.0,False,False
2812,2022-10-31 09:59:54.906793,-0.003968253968253843,-0.003968253968253843,-0.049999999999998934,-0.049999999999998934,12.55,12.6,12.55,12.6,345.0,538.0,3452.0,7279.0,False,False
2812,2022-10-31 09:59:58.776923,-0.003968253968253843,-0.003968253968253843,-0.049999999999998934,-0.049999999999998934,12.55,12.6,12.55,12.6,345.0,538.0,3452.0,7279.0,False,False
2812,2022-10-31 10:00:02.272224,-0.003968253968253843,-0.003968253968253843,-0.049999999999998934,-0.049999999999998934,12.55,12.6,12.55,12.6,345.0,538.0,3452.0,7279.0,False,False
2812,2022-10-31 10:00:03.788311,-0.003968253968253843,-0.003968253968253843,-0.049999999999998934,-0.049999999999998934,12.55,12.6,12.55,12.6,345.0,543.0,3452.0,7279.0,False,False
2812,2022-10-31 10:00:03.995921,-0.003968253968253843,-0.003968253968253843,-0.049999999999998934,-0.049999999999998934,12.55,12.6,12.55,12.6,345.0,545.0,3452.0,7279.0,False,False
2812,2022-10-31 10:00:03.999684,-0.003968253968253843,-0.003968253968253843,-0.049999999999998934,-0.049999999999998934,12.55,12.6,12.55,12.6,345.0,545.0,3452.0,7279.0,False,False
2812,2022-10-31 10:00:04.830206,-0.003968253968253843,-0.003968253968253843,-0.049999999999998934,-0.049999999999998934,12.55,12.6,12.55,12.6,345.0,545.0,3452.0,7229.0,True,True
2812,2022-10-31 10:00:05.789308,-0.003968253968253843,-0.003968253968253843,-0.049999999999998934,-0.049999999999998934,12.55,12.6,12.55,12.6,345.0,547.0,3452.0,7229.0,False,False
2812,2022-10-31 10:00:11.120483,-0.003968253968253843,-0.003968253968253843,-0.049999999999998934,-0.049999999999998934,12.55,12.6,12.55,12.6,345.0,546.0,3452.0,7229.0,False,False
2812,2022-10-31 10:00:12.348309,-0.003968253968253843,-0.003968253968253843,-0.049999999999998934,-0.049999999999998934,12.55,12.6,12.55,12.6,345.0,546.0,3452.0,7229.0,False,False
2812,2022-10-31 10:00:14.928597,-0.003968253968253843,-0.003968253968253843,-0.049999999999998934,-0.049999999999998934,12.55,12.6,12.55,12.6,345.0,546.0,3452.0,7229.0,True,True
2812,2022-10-31 10:00:15.183391,-0.003968253968253843,-0.003968253968253843,-0.049999999999998934,-0.049999999999998934,12.55,12.6,12.55,12.6,345.0,547.0,3452.0,7229.0,False,False
2812,2022-10-31 10:00:17.256599,-0.003968253968253843,-0.003968253968253843,-0.049999999999998934,-0.049999999999998934,12.55,12.6,12.55,12.6,345.0,547.0,3452.0,7229.0,False,False
2812,2022-10-31 10:00:19.863291,-0.003968253968253843,-0.003968253968253843,-0.049999999999998934,-0.049999999999998934,12.55,12.6,12.55,12.6,345.0,547.0,3452.0,7229.0,False,False
2812,2022-10-31 10:00:23.620598,-0.003968253968253843,-0.003968253968253843,-0.049999999999998934,-0.049999999999998934,12.55,12.6,12.55,12.6,345.0,577.0,3452.0,7229.0,False,False
2812,2022-10-31 10:00:28.526781,-0.003968253968253843,-0.003968253968253843,-0.049999999999998934,-0.049999999999998934,12.55,12.6,12.55,12.6,345.0,576.0,3452.0,7229.0,False,False
2812,2022-10-31 10:00:31.484741,-0.003968253968253843,-0.003968253968253843,-0.049999999999998934,-0.049999999999998934,12.55,12.6,12.55,12.6,345.0,577.0,3452.0,7229.0,False,False
2812,2022-10-31 10:00:32.031793,-0.003968253968253843,-0.003968253968253843,-0.049999999999998934,-0.049999999999998934,12.55,12.6,12.55,12.6,345.0,577.0,3452.0,7229.0,False,False
2812,2022-10-31 10:00:37.163432,-0.003968253968253843,-0.003968253968253843,-0.049999999999998934,-0.049999999999998934,12.55,12.6,12.55,12.6,346.0,577.0,3452.0,7229.0,False,False
2812,2022-10-31 10:00:39.574968,-0.003968253968253843,-0.003968253968253843,-0.049999999999998934,-0.049999999999998934,12.55,12.6,12.55,12.6,346.0,577.0,3452.0,7229.0,False,False
2812,2022-10-31 10:00:39.666498,-0.003968253968253843,-0.003968253968253843,-0.049999999999998934,-0.049999999999998934,12.55,12.6,12.55,12.6,346.0,577.0,3452.0,7229.0,False,False
2812,2022-10-31 10:00:49.073672,-0.003968253968253843,-0.003968253968253843,-0.049999999999998934,-0.049999999999998934,12.55,12.6,12.55,12.6,346.0,577.0,3452.0,7229.0,False,False
2812,2022-10-31 10:01:04.414741,-0.003968253968253843,-0.003968253968253843,-0.049999999999998934,-0.049999999999998934,12.55,12.6,12.55,12.6,346.0,577.0,3452.0,7229.0,False,True
2812,2022-10-31 10:01:09.908284,-0.003968253968253843,-0.003968253968253843,-0.049999999999998934,-0.049999999999998934,12.55,12.6,12.55,12.6,346.0,579.0,3452.0,7229.0,False,False
2812,2022-10-31 10:01:09.927375,-0.003968253968253843,-0.003968253968253843,-0.049999999999998934,-0.049999999999998934,12.55,12.6,12.55,12.6,346.0,579.0,3452.0,7229.0,False,False
2812,2022-10-31 10:01:11.267167,-0.003968253968253843,-0.003968253968253843,-0.049999999999998934,-0.049999999999998934,12.55,12.6,12.55,12.6,346.0,565.0,3452.0,7229.0,False,False
2812,2022-10-31 10:01:17.416468,-0.003968253968253843,-0.003968253968253843,-0.049999999999998934,-0.049999999999998934,12.55,12.6,12.55,12.6,346.0,564.0,3452.0,7229.0,False,False
2812,2022-10-31 10:01:18.067512,-0.003968253968253843,-0.003968253968253843,-0.049999999999998934,-0.049999999999998934,12.55,12.6,12.55,12.6,346.0,564.0,3452.0,7229.0,False,False
2812,2022-10-31 10:01:22.766203,-0.003968253968253843,-0.003968253968253843,-0.049999999999998934,-0.049999999999998934,12.55,12.6,12.55,12.6,346.0,565.0,3452.0,7229.0,False,False
2812,2022-10-31 10:01:25.699887,-0.003968253968253843,-0.003968253968253843,-0.049999999999998934,-0.049999999999998934,12.55,12.6,12.55,12.6,346.0,565.0,3452.0,7229.0,False,False
2812,2022-10-31 10:01:28.891600,-0.003968253968253843,-0.003968253968253843,-0.049999999999998934,-0.049999999999998934,12.55,12.6,12.55,12.6,346.0,565.0,3452.0,7229.0,False,False
2812,2022-10-31 10:01:37.050421,-0.003968253968253843,-0.003968253968253843,-0.049999999999998934,-0.049999999999998934,12.55,12.6,12.55,12.6,356.0,565.0,3452.0,7229.0,False,False
2812,2022-10-31 10:01:40.088736,-0.003968253968253843,-0.003968253968253843,-0.049999999999998934,-0.049999999999998934,12.55,12.6,12.55,12.6,356.0,579.0,3452.0,7229.0,False,False
2812,2022-10-31 10:01:47.098963,-0.003968253968253843,-0.003968253968253843,-0.049999999999998934,-0.049999999999998934,12.55,12.6,12.55,12.6,356.0,579.0,3452.0,7229.0,False,False
2812,2022-10-31 10:01:48.209899,-0.003968253968253843,-0.003968253968253843,-0.049999999999998934,-0.049999999999998934,12.55,12.6,12.55,12.6,356.0,578.0,3452.0,7229.0,False,False
2812,2022-10-31 10:01:53.614285,-0.003968253968253843,-0.003968253968253843,-0.049999999999998934,-0.049999999999998934,12.55,12.6,12.55,12.6,356.0,578.0,3452.0,7229.0,False,False
2812,2022-10-31 10:01:54.701822,-0.003968253968253843,-0.003968253968253843,-0.049999999999998934,-0.049999999999998934,12.55,12.6,12.55,12.6,356.0,578.0,3452.0,7229.0,True,True
2812,2022-10-31 10:01:57.860717,-0.003968253968253843,-0.003968253968253843,-0.049999999999998934,-0.049999999999998934,12.55,12.6,12.55,12.6,358.0,578.0,3452.0,7229.0,False,False
2812,2022-10-31 10:02:01.898133,-0.003968253968253843,-0.003968253968253843,-0.049999999999998934,-0.049999999999998934,12.55,12.6,12.55,12.6,358.0,578.0,3452.0,7229.0,False,False
2812,2022-10-31 10:02:04.809592,-0.003968253968253843,-0.003968253968253843,-0.049999999999998934,-0.049999999999998934,12.55,12.6,12.55,12.6,358.0,578.0,3452.0,7229.0,True,True
2812,2022-10-31 10:02:05.346662,-0.003968253968253843,-0.003968253968253843,-0.049999999999998934,-0.049999999999998934,12.55,12.6,12.55,12.6,358.0,572.0,3452.0,7229.0,False,False
2812,2022-10-31 10:02:06.057450,-0.003968253968253843,-0.003968253968253843,-0.049999999999998934,-0.049999999999998934,12.55,12.6,12.55,12.6,358.0,577.0,3452.0,7229.0,False,False
2812,2022-10-31 10:02:06.857258,-0.003968253968253843,-0.003968253968253843,-0.049999999999998934,-0.049999999999998934,12.55,12.6,12.55,12.6,358.0,577.0,3452.0,7229.0,False,False
2812,2022-10-31 10:02:14.852924,-0.003968253968253843,-0.003968253968253843,-0.049999999999998934,-0.049999999999998934,12.55,12.6,12.55,12.6,358.0,577.0,3482.0,7229.0,True,True
2812,2022-10-31 10:02:15.394317,-0.003968253968253843,-0.003968253968253843,-0.049999999999998934,-0.049999999999998934,12.55,12.6,12.55,12.6,358.0,579.0,3482.0,7229.0,False,False
2812,2022-10-31 10:02:18.737454,-0.003968253968253843,-0.003968253968253843,-0.049999999999998934,-0.049999999999998934,12.55,12.6,12.55,12.6,358.0,579.0,3482.0,7229.0,False,False
2812,2022-10-31 10:02:19.072040,-0.003968253968253843,-0.003968253968253843,-0.049999999999998934,-0.049999999999998934,12.55,12.6,12.55,12.6,358.0,579.0,3482.0,7229.0,False,False
2812,2022-10-31 10:02:24.893002,-0.003968253968253843,-0.003968253968253843,-0.049999999999998934,-0.049999999999998934,12.55,12.6,12.55,12.6,358.0,579.0,3482.0,7229.0,True,True
2812,2022-10-31 10:02:34.938289,-0.003968253968253843,-0.003968253968253843,-0.049999999999998934,-0.049999999999998934,12.55,12.6,12.55,12.6,358.0,579.0,3482.0,7079.0,True,True
2812,2022-10-31 10:02:41.191741,-0.003968253968253843,-0.003968253968253843,-0.049999999999998934,-0.049999999999998934,12.55,12.6,12.55,12.6,358.0,584.0,3482.0,7079.0,False,False
2812,2022-10-31 10:02:44.934223,-0.003968253968253843,-0.003968253968253843,-0.049999999999998934,-0.049999999999998934,12.55,12.6,12.55,12.6,359.0,584.0,3482.0,7079.0,False,False
2812,2022-10-31 10:02:46.309941,-0.003968253968253843,-0.003968253968253843,-0.049999999999998934,-0.049999999999998934,12.55,12.6,12.55,12.6,359.0,572.0,3482.0,7079.0,False,False
2812,2022-10-31 10:02:47.434868,-0.003968253968253843,-0.003968253968253843,-0.049999999999998934,-0.049999999999998934,12.55,12.6,12.55,12.6,359.0,572.0,3482.0,7079.0,False,False
2812,2022-10-31 10:02:55.042897,-0.003968253968253843,-0.003968253968253843,-0.049999999999998934,-0.049999999999998934,12.55,12.6,12.55,12.6,359.0,572.0,3482.0,6936.0,True,True
2812,2022-10-31 10:02:56.826615,-0.003968253968253843,-0.003968253968253843,-0.049999999999998934,-0.049999999999998934,12.55,12.6,12.55,12.6,359.0,572.0,3482.0,6936.0,False,False
2812,2022-10-31 10:02:59.802166,-0.003968253968253843,-0.003968253968253843,-0.049999999999998934,-0.049999999999998934,12.55,12.6,12.55,12.6,360.0,572.0,3482.0,6936.0,False,False
2812,2022-10-31 10:03:04.357650,-0.003968253968253843,-0.003968253968253843,-0.049999999999998934,-0.049999999999998934,12.55,12.6,12.55,12.6,360.0,573.0,3482.0,6936.0,False,False
2812,2022-10-31 10:03:05.099238,-0.003968253968253843,-0.003968253968253843,-0.049999999999998934,-0.049999999999998934,12.55,12.6,12.55,12.6,360.0,573.0,3982.0,6936.0,True,True
2812,2022-10-31 10:03:13.145087,-0.003968253968253843,-0.003968253968253843,-0.049999999999998934,-0.049999999999998934,12.55,12.6,12.55,12.6,360.0,573.0,3982.0,6936.0,False,False
2812,2022-10-31 10:03:15.136693,-0.003968253968253843,-0.003968253968253843,-0.049999999999998934,-0.049999999999998934,12.55,12.6,12.55,12.6,360.0,573.0,3336.0,7086.0,True,True
2812,2022-10-31 10:03:25.178315,-0.003968253968253843,-0.003968253968253843,-0.049999999999998934,-0.049999999999998934,12.55,12.6,12.55,12.6,360.0,573.0,3336.0,7086.0,True,True
2812,2022-10-31 10:03:26.024023,-0.003968253968253843,-0.003968253968253843,-0.049999999999998934,-0.049999999999998934,12.55,12.6,12.55,12.6,360.0,573.0,3336.0,7086.0,False,False
2812,2022-10-31 10:03:35.218235,-0.003968253968253843,-0.003968253968253843,-0.049999999999998934,-0.049999999999998934,12.55,12.6,12.55,12.6,360.0,573.0,3654.0,7086.0,True,True
2812,2022-10-31 10:03:44.477843,-0.003968253968253843,-0.003968253968253843,-0.049999999999998934,-0.049999999999998934,12.55,12.6,12.55,12.6,360.0,573.0,3654.0,7086.0,False,False
2812,2022-10-31 10:03:47.166725,-0.003968253968253843,-0.003968253968253843,-0.049999999999998934,-0.049999999999998934,12.55,12.6,12.55,12.6,360.0,573.0,3654.0,7086.0,False,False
2812,2022-10-31 10:03:55.299524,-0.003968253968253843,-0.003968253968253843,-0.049999999999998934,-0.049999999999998934,12.55,12.6,12.55,12.6,360.0,573.0,3754.0,7086.0,True,True
2812,2022-10-31 10:03:58.734738,-0.003968253968253843,-0.003968253968253843,-0.049999999999998934,-0.049999999999998934,12.55,12.6,12.55,12.6,360.0,575.0,3754.0,7086.0,False,False
2812,2022-10-31 10:04:04.549804,-0.003968253968253843,-0.003968253968253843,-0.049999999999998934,-0.049999999999998934,12.55,12.6,12.55,12.6,360.0,575.0,3754.0,7086.0,False,True
2812,2022-10-31 10:04:12.552492,-0.003968253968253843,-0.003968253968253843,-0.049999999999998934,-0.049999999999998934,12.55,12.6,12.55,12.6,360.0,576.0,3754.0,7086.0,False,False
2812,2022-10-31 10:04:24.636263,-0.003968253968253843,-0.003968253968253843,-0.049999999999998934,-0.049999999999998934,12.55,12.6,12.55,12.6,360.0,576.0,3944.0,7086.0,True,True
2812,2022-10-31 10:04:27.233609,-0.003968253968253843,-0.003968253968253843,-0.049999999999998934,-0.049999999999998934,12.55,12.6,12.55,12.6,360.0,575.0,3944.0,7086.0,False,False
2812,2022-10-31 10:04:42.066276,-0.003968253968253843,-0.003968253968253843,-0.049999999999998934,-0.049999999999998934,12.55,12.6,12.55,12.6,360.0,585.0,3944.0,7086.0,False,False
2812,2022-10-31 10:04:47.049921,-0.003968253968253843,-0.003968253968253843,-0.049999999999998934,-0.049999999999998934,12.55,12.6,12.55,12.6,360.0,585.0,3944.0,7086.0,False,False
2812,2022-10-31 10:05:11.633096,-0.003968253968253843,-0.003968253968253843,-0.049999999999998934,-0.049999999999998934,12.55,12.6,12.55,12.6,360.0,585.0,3944.0,7086.0,False,False
2812,2022-10-31 10:05:16.224864,-0.003968253968253843,-0.003968253968253843,-0.049999999999998934,-0.049999999999998934,12.55,12.6,12.55,12.6,360.0,586.0,3944.0,7086.0,False,False
2812,2022-10-31 10:05:21.063076,-0.003968253968253843,-0.003968253968253843,-0.049999999999998934,-0.049999999999998934,12.55,12.6,12.55,12.6,360.0,586.0,3944.0,7086.0,False,False
2812,2022-10-31 10:05:21.599249,-0.003968253968253843,-0.003968253968253843,-0.049999999999998934,-0.049999999999998934,12.55,12.6,12.55,12.6,360.0,585.0,3944.0,7086.0,False,False
2812,2022-10-31 10:05:24.021717,-0.003968253968253843,-0.003968253968253843,-0.049999999999998934,-0.049999999999998934,12.55,12.6,12.55,12.6,360.0,585.0,3944.0,7086.0,False,False
2812,2022-10-31 10:05:26.654437,-0.003968253968253843,-0.003968253968253843,-0.049999999999998934,-0.049999999999998934,12.55,12.6,12.55,12.6,360.0,587.0,3944.0,7086.0,False,False
2812,2022-10-31 10:05:33.803160,-0.003968253968253843,-0.003968253968253843,-0.049999999999998934,-0.049999999999998934,12.55,12.6,12.55,12.6,360.0,587.0,3944.0,7086.0,False,False
2812,2022-10-31 10:05:46.862308,-0.003968253968253843,-0.003968253968253843,-0.049999999999998934,-0.049999999999998934,12.55,12.6,12.55,12.6,360.0,587.0,3944.0,7086.0,False,False
2812,2022-10-31 10:06:00.854597,-0.003968253968253843,-0.003968253968253843,-0.049999999999998934,-0.049999999999998934,12.55,12.6,12.55,12.6,360.0,587.0,3944.0,7086.0,False,False
2812,2022-10-31 10:06:05.268133,-0.003968253968253843,-0.003968253968253843,-0.049999999999998934,-0.049999999999998934,12.55,12.6,12.55,12.6,360.0,587.0,3782.0,7086.0,True,True
2812,2022-10-31 10:06:19.430923,-0.003968253968253843,-0.003968253968253843,-0.049999999999998934,-0.049999999999998934,12.55,12.6,12.55,12.6,361.0,587.0,3782.0,7086.0,False,False
2812,2022-10-31 10:06:26.252558,-0.003968253968253843,-0.003968253968253843,-0.049999999999998934,-0.049999999999998934,12.55,12.6,12.55,12.6,364.0,587.0,3782.0,7086.0,False,False
2812,2022-10-31 10:06:33.007895,-0.003968253968253843,-0.003968253968253843,-0.049999999999998934,-0.049999999999998934,12.55,12.6,12.55,12.6,364.0,586.0,3782.0,7086.0,False,False
2812,2022-10-31 10:06:35.404770,-0.003968253968253843,-0.003968253968253843,-0.049999999999998934,-0.049999999999998934,12.55,12.6,12.55,12.6,364.0,586.0,3882.0,7086.0,True,True
2812,2022-10-31 10:06:59.514544,-0.003968253968253843,-0.003968253968253843,-0.049999999999998934,-0.049999999999998934,12.55,12.6,12.55,12.6,364.0,588.0,3882.0,7086.0,False,False
2812,2022-10-31 10:07:04.708859,-0.003968253968253843,-0.003968253968253843,-0.049999999999998934,-0.049999999999998934,12.55,12.6,12.55,12.6,364.0,588.0,3882.0,7086.0,False,True
2812,2022-10-31 10:07:06.049862,-0.003968253968253843,-0.003968253968253843,-0.049999999999998934,-0.049999999999998934,12.55,12.6,12.55,12.6,364.0,587.0,3882.0,7086.0,False,False
2812,2022-10-31 10:07:13.268672,-0.003968253968253843,-0.003968253968253843,-0.049999999999998934,-0.049999999999998934,12.55,12.6,12.55,12.6,364.0,587.0,3882.0,7086.0,False,False
2812,2022-10-31 10:07:24.775177,-0.003968253968253843,-0.003968253968253843,-0.049999999999998934,-0.049999999999998934,12.55,12.6,12.55,12.6,364.0,587.0,3632.0,6722.0,True,True
2812,2022-10-31 10:07:24.774253,-0.003968253968253843,-0.003968253968253843,-0.049999999999998934,-0.049999999999998934,12.55,12.6,12.55,12.6,366.0,587.0,3632.0,6722.0,False,False
2812,2022-10-31 10:07:32.935073,-0.003968253968253843,-0.003968253968253843,-0.049999999999998934,-0.049999999999998934,12.55,12.6,12.55,12.6,366.0,587.0,3632.0,6722.0,False,False
2812,2022-10-31 10:07:34.805463,-0.003968253968253843,-0.003968253968253843,-0.049999999999998934,-0.049999999999998934,12.55,12.6,12.55,12.6,366.0,587.0,3632.0,6722.0,True,True
2812,2022-10-31 10:07:52.409347,-0.003968253968253843,-0.003968253968253843,-0.049999999999998934,-0.049999999999998934,12.55,12.6,12.55,12.6,366.0,586.0,3632.0,6722.0,False,False
2812,2022-10-31 10:07:53.841328,-0.003968253968253843,-0.003968253968253843,-0.049999999999998934,-0.049999999999998934,12.55,12.6,12.55,12.6,368.0,586.0,3632.0,6722.0,False,False
2812,2022-10-31 10:07:54.632118,-0.003968253968253843,-0.003968253968253843,-0.049999999999998934,-0.049999999999998934,12.55,12.6,12.55,12.6,368.0,586.0,3632.0,6722.0,False,False
2812,2022-10-31 10:08:04.394285,-0.003968253968253843,-0.003968253968253843,-0.049999999999998934,-0.049999999999998934,12.55,12.6,12.55,12.6,368.0,586.0,3632.0,6722.0,False,False
2812,2022-10-31 10:08:04.900502,-0.003968253968253843,-0.003968253968253843,-0.049999999999998934,-0.049999999999998934,12.55,12.6,12.55,12.6,368.0,586.0,3632.0,6722.0,True,True
2812,2022-10-31 10:08:10.927613,-0.003968253968253843,-0.003968253968253843,-0.049999999999998934,-0.049999999999998934,12.55,12.6,12.55,12.6,368.0,587.0,3632.0,6722.0,False,False
2812,2022-10-31 10:08:14.931163,-0.003968253968253843,-0.003968253968253843,-0.049999999999998934,-0.049999999999998934,12.55,12.6,12.55,12.6,368.0,587.0,3632.0,6722.0,True,True
2812,2022-10-31 10:08:24.956708,-0.003968253968253843,-0.003968253968253843,-0.049999999999998934,-0.049999999999998934,12.55,12.6,12.55,12.6,368.0,587.0,3632.0,6722.0,True,True
2812,2022-10-31 10:08:31.520073,-0.003968253968253843,-0.003968253968253843,-0.049999999999998934,-0.049999999999998934,12.55,12.6,12.55,12.6,370.0,587.0,3632.0,6722.0,False,False
2812,2022-10-31 10:08:34.991832,-0.003968253968253843,-0.003968253968253843,-0.049999999999998934,-0.049999999999998934,12.55,12.6,12.55,12.6,370.0,587.0,3442.0,6722.0,True,True
2812,2022-10-31 10:08:45.021278,-0.003968253968253843,-0.003968253968253843,-0.049999999999998934,-0.049999999999998934,12.55,12.6,12.55,12.6,370.0,587.0,3442.0,6722.0,True,True
2812,2022-10-31 10:08:48.774556,-0.003968253968253843,-0.003968253968253843,-0.049999999999998934,-0.049999999999998934,12.55,12.6,12.55,12.6,372.0,587.0,3442.0,6722.0,False,False
2812,2022-10-31 10:08:51.210720,-0.003968253968253843,-0.003968253968253843,-0.049999999999998934,-0.049999999999998934,12.55,12.6,12.55,12.6,372.0,587.0,3442.0,6722.0,False,False
2812,2022-10-31 10:08:53.795558,-0.003968253968253843,-0.003968253968253843,-0.049999999999998934,-0.049999999999998934,12.55,12.6,12.55,12.6,372.0,587.0,3442.0,6722.0,False,False
2812,2022-10-31 10:08:55.049337,-0.003968253968253843,-0.003968253968253843,-0.049999999999998934,-0.049999999999998934,12.55,12.6,12.55,12.6,372.0,587.0,3442.0,6722.0,True,True
2812,2022-10-31 10:08:56.802493,-0.003968253968253843,-0.003968253968253843,-0.049999999999998934,-0.049999999999998934,12.55,12.6,12.55,12.6,372.0,589.0,3442.0,6722.0,False,False
2812,2022-10-31 10:09:05.084580,-0.003968253968253843,-0.003968253968253843,-0.049999999999998934,-0.049999999999998934,12.55,12.6,12.55,12.6,372.0,589.0,3442.0,6562.0,True,True
2812,2022-10-31 10:09:15.119901,-0.003968253968253843,-0.003968253968253843,-0.049999999999998934,-0.049999999999998934,12.55,12.6,12.55,12.6,372.0,589.0,3842.0,6562.0,True,True
2812,2022-10-31 10:09:40.967224,-0.003968253968253843,-0.003968253968253843,-0.049999999999998934,-0.049999999999998934,12.55,12.6,12.55,12.6,372.0,589.0,3842.0,6562.0,False,False
2812,2022-10-31 10:09:45.021156,-0.003968253968253843,-0.003968253968253843,-0.049999999999998934,-0.049999999999998934,12.55,12.6,12.55,12.6,372.0,588.0,3842.0,6562.0,False,False
2812,2022-10-31 10:09:46.631824,-0.003968253968253843,-0.003968253968253843,-0.049999999999998934,-0.049999999999998934,12.55,12.6,12.55,12.6,372.0,587.0,3842.0,6562.0,False,False
2812,2022-10-31 10:09:47.058971,-0.003968253968253843,-0.003968253968253843,-0.049999999999998934,-0.049999999999998934,12.55,12.6,12.55,12.6,372.0,587.0,3842.0,6562.0,False,False
2812,2022-10-31 10:10:04.737724,-0.003968253968253843,-0.003968253968253843,-0.049999999999998934,-0.049999999999998934,12.55,12.6,12.55,12.6,372.0,587.0,3842.0,6562.0,False,True
2812,2022-10-31 10:10:12.284510,-0.003968253968253843,-0.003968253968253843,-0.049999999999998934,-0.049999999999998934,12.55,12.6,12.55,12.6,372.0,587.0,3842.0,6562.0,False,False
2812,2022-10-31 10:10:15.245286,-0.003968253968253843,-0.003968253968253843,-0.049999999999998934,-0.049999999999998934,12.55,12.6,12.55,12.6,372.0,588.0,3842.0,6562.0,False,False
2812,2022-10-31 10:10:22.228928,-0.003968253968253843,-0.003968253968253843,-0.049999999999998934,-0.049999999999998934,12.55,12.6,12.55,12.6,371.0,588.0,3842.0,6562.0,False,False
2812,2022-10-31 10:10:34.957272,-0.003968253968253843,-0.003968253968253843,-0.049999999999998934,-0.049999999999998934,12.55,12.6,12.55,12.6,371.0,588.0,3992.0,6562.0,True,True
2812,2022-10-31 10:10:40.849282,-0.003968253968253843,-0.003968253968253843,-0.049999999999998934,-0.049999999999998934,12.55,12.6,12.55,12.6,371.0,588.0,3992.0,6562.0,False,False
2812,2022-10-31 10:10:51.820833,-0.003968253968253843,-0.003968253968253843,-0.049999999999998934,-0.049999999999998934,12.55,12.6,12.55,12.6,372.0,588.0,3992.0,6562.0,False,False
2812,2022-10-31 10:11:31.594194,-0.003968253968253843,-0.003968253968253843,-0.049999999999998934,-0.049999999999998934,12.55,12.6,12.55,12.6,372.0,588.0,3992.0,6562.0,False,False
2812,2022-10-31 10:11:39.159349,-0.003968253968253843,-0.003968253968253843,-0.049999999999998934,-0.049999999999998934,12.55,12.6,12.55,12.6,373.0,588.0,3992.0,6562.0,False,False
2812,2022-10-31 10:11:45.256549,-0.003968253968253843,-0.003968253968253843,-0.049999999999998934,-0.049999999999998934,12.55,12.6,12.55,12.6,373.0,588.0,4492.0,6562.0,True,True
2812,2022-10-31 10:11:48.580350,-0.003968253968253843,-0.003968253968253843,-0.049999999999998934,-0.049999999999998934,12.55,12.6,12.55,12.6,383.0,588.0,4492.0,6562.0,False,False
2812,2022-10-31 10:11:50.833383,-0.003968253968253843,-0.003968253968253843,-0.049999999999998934,-0.049999999999998934,12.55,12.6,12.55,12.6,381.0,588.0,4492.0,6562.0,False,False
2812,2022-10-31 10:11:55.301881,-0.003968253968253843,-0.003968253968253843,-0.049999999999998934,-0.049999999999998934,12.55,12.6,12.55,12.6,381.0,588.0,4492.0,6562.0,True,True
2812,2022-10-31 10:12:01.232984,-0.003968253968253843,-0.003968253968253843,-0.049999999999998934,-0.049999999999998934,12.55,12.6,12.55,12.6,381.0,637.0,4492.0,6562.0,False,False
2812,2022-10-31 10:12:01.402655,-0.003968253968253843,-0.003968253968253843,-0.049999999999998934,-0.049999999999998934,12.55,12.6,12.55,12.6,381.0,640.0,4492.0,6562.0,False,False
2812,2022-10-31 10:12:24.168012,-0.003968253968253843,-0.003968253968253843,-0.049999999999998934,-0.049999999999998934,12.55,12.6,12.55,12.6,381.0,639.0,4492.0,6562.0,False,False
2812,2022-10-31 10:12:25.359074,-0.003968253968253843,-0.003968253968253843,-0.049999999999998934,-0.049999999999998934,12.55,12.6,12.55,12.6,380.0,639.0,4492.0,6562.0,False,False
2812,2022-10-31 10:12:25.424483,-0.003968253968253843,-0.003968253968253843,-0.049999999999998934,-0.049999999999998934,12.55,12.6,12.55,12.6,380.0,639.0,4492.0,5762.0,True,True
2812,2022-10-31 10:12:28.193577,-0.003968253968253843,-0.003968253968253843,-0.049999999999998934,-0.049999999999998934,12.55,12.6,12.55,12.6,350.0,639.0,4492.0,5762.0,False,False
2812,2022-10-31 10:12:28.229976,-0.003968253968253843,-0.003968253968253843,-0.049999999999998934,-0.049999999999998934,12.55,12.6,12.55,12.6,350.0,651.0,4492.0,5762.0,False,False
2812,2022-10-31 10:12:35.465708,-0.003968253968253843,-0.003968253968253843,-0.049999999999998934,-0.049999999999998934,12.55,12.6,12.55,12.6,350.0,651.0,4492.0,6162.0,True,True
2812,2022-10-31 10:12:42.290659,-0.003968253968253843,-0.003968253968253843,-0.049999999999998934,-0.049999999999998934,12.55,12.6,12.55,12.6,349.0,651.0,4492.0,6162.0,False,False
2812,2022-10-31 10:12:57.151422,-0.003968253968253843,-0.003968253968253843,-0.049999999999998934,-0.049999999999998934,12.55,12.6,12.55,12.6,350.0,651.0,4492.0,6162.0,False,False
2812,2022-10-31 10:12:58.478522,-0.003968253968253843,-0.003968253968253843,-0.049999999999998934,-0.049999999999998934,12.55,12.6,12.55,12.6,350.0,651.0,4492.0,6162.0,False,False
2812,2022-10-31 10:12:58.634754,-0.003968253968253843,-0.003968253968253843,-0.049999999999998934,-0.049999999999998934,12.55,12.6,12.55,12.6,350.0,661.0,4492.0,6162.0,False,False
2812,2022-10-31 10:13:04.845452,-0.003968253968253843,-0.003968253968253843,-0.049999999999998934,-0.049999999999998934,12.55,12.6,12.55,12.6,350.0,661.0,4492.0,6162.0,False,True
2812,2022-10-31 10:13:24.937314,-0.003968253968253843,-0.003968253968253843,-0.049999999999998934,-0.049999999999998934,12.55,12.6,12.55,12.6,350.0,661.0,4492.0,6687.0,True,True
2812,2022-10-31 10:13:28.392350,-0.003968253968253843,-0.003968253968253843,-0.049999999999998934,-0.049999999999998934,12.55,12.6,12.55,12.6,353.0,661.0,4492.0,6687.0,False,False
2812,2022-10-31 10:13:32.523316,-0.003968253968253843,-0.003968253968253843,-0.049999999999998934,-0.049999999999998934,12.55,12.6,12.55,12.6,353.0,661.0,4492.0,6687.0,False,False
2812,2022-10-31 10:13:43.322779,-0.003968253968253843,-0.003968253968253843,-0.049999999999998934,-0.049999999999998934,12.55,12.6,12.55,12.6,353.0,666.0,4492.0,6687.0,False,False
2812,2022-10-31 10:14:04.045927,-0.003968253968253843,-0.003968253968253843,-0.049999999999998934,-0.049999999999998934,12.55,12.6,12.55,12.6,353.0,665.0,4492.0,6687.0,False,False
2812,2022-10-31 10:14:05.547779,-0.003968253968253843,-0.003968253968253843,-0.049999999999998934,-0.049999999999998934,12.55,12.6,12.55,12.6,352.0,665.0,4492.0,6687.0,False,False
2812,2022-10-31 10:14:19.740308,-0.003968253968253843,-0.003968253968253843,-0.049999999999998934,-0.049999999999998934,12.55,12.6,12.55,12.6,349.0,665.0,4492.0,6687.0,False,False
2812,2022-10-31 10:14:25.178977,-0.003968253968253843,-0.003968253968253843,-0.049999999999998934,-0.049999999999998934,12.55,12.6,12.55,12.6,349.0,665.0,4492.0,7187.0,True,True
2812,2022-10-31 10:14:25.229413,-0.003968253968253843,-0.003968253968253843,-0.049999999999998934,-0.049999999999998934,12.55,12.6,12.55,12.6,348.0,665.0,4492.0,7187.0,False,False
2812,2022-10-31 10:14:35.223227,-0.003968253968253843,-0.003968253968253843,-0.049999999999998934,-0.049999999999998934,12.55,12.6,12.55,12.6,348.0,665.0,4492.0,8686.0,True,True
2812,2022-10-31 10:14:48.135846,-0.003968253968253843,-0.003968253968253843,-0.049999999999998934,-0.049999999999998934,12.55,12.6,12.55,12.6,348.0,665.0,4492.0,8686.0,False,False
2812,2022-10-31 10:14:48.180845,-0.003968253968253843,-0.003968253968253843,-0.049999999999998934,-0.049999999999998934,12.55,12.6,12.55,12.6,348.0,665.0,4492.0,8686.0,False,False
2812,2022-10-31 10:14:53.988305,-0.003968253968253843,-0.003968253968253843,-0.049999999999998934,-0.049999999999998934,12.55,12.6,12.55,12.6,347.0,665.0,4492.0,8686.0,False,False
2812,2022-10-31 10:14:55.036871,-0.003968253968253843,-0.003968253968253843,-0.049999999999998934,-0.049999999999998934,12.55,12.6,12.55,12.6,507.0,665.0,4492.0,8686.0,False,False
2812,2022-10-31 10:14:55.053154,-0.003968253968253843,-0.003968253968253843,-0.049999999999998934,-0.049999999999998934,12.55,12.6,12.55,12.6,507.0,653.0,4492.0,8686.0,False,False
2812,2022-10-31 10:14:55.301543,-0.003968253968253843,-0.003968253968253843,-0.049999999999998934,-0.049999999999998934,12.55,12.6,12.55,12.6,507.0,653.0,5391.0,8736.0,True,True
2812,2022-10-31 10:14:57.405080,-0.003968253968253843,-0.003968253968253843,-0.049999999999998934,-0.049999999999998934,12.55,12.6,12.55,12.6,507.0,653.0,5391.0,8736.0,False,False
2812,2022-10-31 10:15:03.229449,-0.003968253968253843,-0.003968253968253843,-0.049999999999998934,-0.049999999999998934,12.55,12.6,12.55,12.6,507.0,652.0,5391.0,8736.0,False,False
2812,2022-10-31 10:15:03.762334,-0.003968253968253843,-0.003968253968253843,-0.049999999999998934,-0.049999999999998934,12.55,12.6,12.55,12.6,508.0,652.0,5391.0,8736.0,False,False
2812,2022-10-31 10:15:05.499037,-0.003968253968253843,-0.003968253968253843,-0.049999999999998934,-0.049999999999998934,12.55,12.6,12.55,12.6,508.0,652.0,5391.0,8625.0,True,True
2812,2022-10-31 10:15:16.246535,-0.003968253968253843,-0.003968253968253843,-0.049999999999998934,-0.049999999999998934,12.55,12.6,12.55,12.6,507.0,652.0,5391.0,8625.0,False,False
2812,2022-10-31 10:15:31.119098,-0.003968253968253843,-0.003968253968253843,-0.049999999999998934,-0.049999999999998934,12.55,12.6,12.55,12.6,493.0,652.0,5391.0,8625.0,False,False
2812,2022-10-31 10:16:03.850962,-0.003968253968253843,-0.003968253968253843,-0.049999999999998934,-0.049999999999998934,12.55,12.6,12.55,12.6,493.0,652.0,5391.0,8625.0,False,False
2812,2022-10-31 10:16:05.014408,-0.003968253968253843,-0.003968253968253843,-0.049999999999998934,-0.049999999999998934,12.55,12.6,12.55,12.6,493.0,652.0,5399.0,8625.0,False,True
2812,2022-10-31 10:16:11.721821,-0.003968253968253843,-0.003968253968253843,-0.049999999999998934,-0.049999999999998934,12.55,12.6,12.55,12.6,493.0,652.0,5399.0,8625.0,False,False
2812,2022-10-31 10:16:15.042882,-0.003968253968253843,-0.003968253968253843,-0.049999999999998934,-0.049999999999998934,12.55,12.6,12.55,12.6,493.0,652.0,5399.0,8625.0,True,True
2812,2022-10-31 10:16:26.133379,-0.003968253968253843,-0.003968253968253843,-0.049999999999998934,-0.049999999999998934,12.55,12.6,12.55,12.6,493.0,652.0,5399.0,8625.0,False,False
2812,2022-10-31 10:16:51.071098,-0.003968253968253843,-0.003968253968253843,-0.049999999999998934,-0.049999999999998934,12.55,12.6,12.55,12.6,490.0,652.0,5399.0,8625.0,False,False
2812,2022-10-31 10:16:57.217012,-0.003968253968253843,-0.003968253968253843,-0.049999999999998934,-0.049999999999998934,12.55,12.6,12.55,12.6,491.0,652.0,5399.0,8625.0,False,False
2812,2022-10-31 10:16:57.561019,-0.003968253968253843,-0.003968253968253843,-0.049999999999998934,-0.049999999999998934,12.55,12.6,12.55,12.6,491.0,652.0,5399.0,8625.0,False,False
2812,2022-10-31 10:17:01.228366,-0.003968253968253843,-0.003968253968253843,-0.049999999999998934,-0.049999999999998934,12.55,12.6,12.55,12.6,491.0,652.0,5399.0,8625.0,False,False
2812,2022-10-31 10:17:05.205985,-0.003968253968253843,-0.003968253968253843,-0.049999999999998934,-0.049999999999998934,12.55,12.6,12.55,12.6,491.0,652.0,5399.0,8125.0,True,True
2812,2022-10-31 10:17:05.350918,-0.003968253968253843,-0.003968253968253843,-0.049999999999998934,-0.049999999999998934,12.55,12.6,12.55,12.6,491.0,654.0,5399.0,8125.0,False,False
2812,2022-10-31 10:17:15.238214,-0.003968253968253843,-0.003968253968253843,-0.049999999999998934,-0.049999999999998934,12.55,12.6,12.55,12.6,491.0,654.0,5954.0,8125.0,True,True
2812,2022-10-31 10:17:15.273834,-0.003968253968253843,-0.003968253968253843,-0.049999999999998934,-0.049999999999998934,12.55,12.6,12.55,12.6,491.0,654.0,5954.0,8125.0,False,False
2812,2022-10-31 10:17:16.002923,-0.003968253968253843,-0.003968253968253843,-0.049999999999998934,-0.049999999999998934,12.55,12.6,12.55,12.6,491.0,654.0,5954.0,8125.0,False,False
2812,2022-10-31 10:17:22.150066,-0.003968253968253843,-0.003968253968253843,-0.049999999999998934,-0.049999999999998934,12.55,12.6,12.55,12.6,491.0,654.0,5954.0,8125.0,False,False
2812,2022-10-31 10:17:26.520546,-0.003968253968253843,-0.003968253968253843,-0.049999999999998934,-0.049999999999998934,12.55,12.6,12.55,12.6,491.0,654.0,5954.0,8125.0,False,False
2812,2022-10-31 10:17:31.932137,-0.003968253968253843,-0.003968253968253843,-0.049999999999998934,-0.049999999999998934,12.55,12.6,12.55,12.6,491.0,655.0,5954.0,8125.0,False,False
2812,2022-10-31 10:17:41.995827,-0.003968253968253843,-0.003968253968253843,-0.049999999999998934,-0.049999999999998934,12.55,12.6,12.55,12.6,491.0,654.0,5954.0,8125.0,False,False
2812,2022-10-31 10:17:42.775964,-0.003968253968253843,-0.003968253968253843,-0.049999999999998934,-0.049999999999998934,12.55,12.6,12.55,12.6,491.0,654.0,5954.0,8125.0,False,False
2812,2022-10-31 10:17:45.329493,-0.003968253968253843,-0.003968253968253843,-0.049999999999998934,-0.049999999999998934,12.55,12.6,12.55,12.6,491.0,654.0,5954.0,8325.0,True,True
2812,2022-10-31 10:17:46.737076,-0.003968253968253843,-0.003968253968253843,-0.049999999999998934,-0.049999999999998934,12.55,12.6,12.55,12.6,491.0,654.0,5954.0,8325.0,False,False
2812,2022-10-31 10:17:55.098050,-0.003968253968253843,-0.003968253968253843,-0.049999999999998934,-0.049999999999998934,12.55,12.6,12.55,12.6,491.0,654.0,5954.0,8325.0,False,False
2812,2022-10-31 10:18:01.107974,-0.003968253968253843,-0.003968253968253843,-0.049999999999998934,-0.049999999999998934,12.55,12.6,12.55,12.6,491.0,655.0,5954.0,8325.0,False,False
2812,2022-10-31 10:18:05.387687,-0.003968253968253843,-0.003968253968253843,-0.049999999999998934,-0.049999999999998934,12.55,12.6,12.55,12.6,491.0,655.0,6454.0,8325.0,True,True
2812,2022-10-31 10:18:22.124973,-0.003968253968253843,-0.003968253968253843,-0.049999999999998934,-0.049999999999998934,12.55,12.6,12.55,12.6,491.0,655.0,6454.0,8325.0,False,False
2812,2022-10-31 10:18:25.955892,-0.003968253968253843,-0.003968253968253843,-0.049999999999998934,-0.049999999999998934,12.55,12.6,12.55,12.6,491.0,655.0,6454.0,8325.0,False,False
2812,2022-10-31 10:18:35.477037,-0.003968253968253843,-0.003968253968253843,-0.049999999999998934,-0.049999999999998934,12.55,12.6,12.55,12.6,491.0,655.0,6454.0,8425.0,True,True
2812,2022-10-31 10:18:45.511276,-0.003968253968253843,-0.003968253968253843,-0.049999999999998934,-0.049999999999998934,12.55,12.6,12.55,12.6,491.0,655.0,6754.0,8425.0,True,True
2812,2022-10-31 10:18:45.898995,-0.003968253968253843,-0.003968253968253843,-0.049999999999998934,-0.049999999999998934,12.55,12.6,12.55,12.6,492.0,655.0,6754.0,8425.0,False,False
2812,2022-10-31 10:18:51.582916,-0.003968253968253843,-0.003968253968253843,-0.049999999999998934,-0.049999999999998934,12.55,12.6,12.55,12.6,492.0,651.0,6754.0,8425.0,False,False
2812,2022-10-31 10:18:53.149121,-0.003968253968253843,-0.003968253968253843,-0.049999999999998934,-0.049999999999998934,12.55,12.6,12.55,12.6,493.0,651.0,6754.0,8425.0,False,False
2812,2022-10-31 10:19:05.171350,-0.003968253968253843,-0.003968253968253843,-0.049999999999998934,-0.049999999999998934,12.55,12.6,12.55,12.6,493.0,651.0,6754.0,8225.0,False,True
2812,2022-10-31 10:19:06.865890,-0.003968253968253843,-0.003968253968253843,-0.049999999999998934,-0.049999999999998934,12.55,12.6,12.55,12.6,493.0,653.0,6754.0,8225.0,False,False
2812,2022-10-31 10:19:12.464915,-0.003968253968253843,-0.003968253968253843,-0.049999999999998934,-0.049999999999998934,12.55,12.6,12.55,12.6,493.0,653.0,6754.0,8225.0,False,False
2812,2022-10-31 10:19:17.968023,-0.003968253968253843,-0.003968253968253843,-0.049999999999998934,-0.049999999999998934,12.55,12.6,12.55,12.6,493.0,652.0,6754.0,8225.0,False,False
2812,2022-10-31 10:19:23.672990,-0.003968253968253843,-0.003968253968253843,-0.049999999999998934,-0.049999999999998934,12.55,12.6,12.55,12.6,493.0,651.0,6754.0,8225.0,False,False
2812,2022-10-31 10:19:26.598172,-0.003968253968253843,-0.003968253968253843,-0.049999999999998934,-0.049999999999998934,12.55,12.6,12.55,12.6,493.0,651.0,6754.0,8225.0,False,False
2812,2022-10-31 10:19:35.271908,-0.003968253968253843,-0.003968253968253843,-0.049999999999998934,-0.049999999999998934,12.55,12.6,12.55,12.6,493.0,651.0,6754.0,8225.0,True,True
2812,2022-10-31 10:19:45.942622,-0.003968253968253843,-0.003968253968253843,-0.049999999999998934,-0.049999999999998934,12.55,12.6,12.55,12.6,493.0,651.0,6754.0,8225.0,False,False
2812,2022-10-31 10:20:02.449651,-0.003968253968253843,-0.003968253968253843,-0.049999999999998934,-0.049999999999998934,12.55,12.6,12.55,12.6,493.0,651.0,6754.0,8225.0,False,False
2812,2022-10-31 10:20:13.687494,-0.003968253968253843,-0.003968253968253843,-0.049999999999998934,-0.049999999999998934,12.55,12.6,12.55,12.6,493.0,651.0,6754.0,8225.0,False,False
2812,2022-10-31 10:20:15.515266,-0.003968253968253843,-0.003968253968253843,-0.049999999999998934,-0.049999999999998934,12.55,12.6,12.55,12.6,493.0,651.0,6754.0,8225.0,True,True
2812,2022-10-31 10:20:18.996934,-0.003968253968253843,-0.003968253968253843,-0.049999999999998934,-0.049999999999998934,12.55,12.6,12.55,12.6,493.0,647.0,6754.0,8225.0,False,False
2812,2022-10-31 10:20:21.103308,-0.003968253968253843,-0.003968253968253843,-0.049999999999998934,-0.049999999999998934,12.55,12.6,12.55,12.6,493.0,646.0,6754.0,8225.0,False,False
2812,2022-10-31 10:20:24.519491,-0.003968253968253843,-0.003968253968253843,-0.049999999999998934,-0.049999999999998934,12.55,12.6,12.55,12.6,493.0,643.0,6754.0,8225.0,False,False
2812,2022-10-31 10:20:25.594971,-0.003968253968253843,-0.003968253968253843,-0.049999999999998934,-0.049999999999998934,12.55,12.6,12.55,12.6,493.0,643.0,6854.0,8225.0,True,True
2812,2022-10-31 10:20:26.608608,-0.003968253968253843,-0.003968253968253843,-0.049999999999998934,-0.049999999999998934,12.55,12.6,12.55,12.6,493.0,643.0,6854.0,8225.0,False,False
2812,2022-10-31 10:20:35.182457,-0.003968253968253843,-0.003968253968253843,-0.049999999999998934,-0.049999999999998934,12.55,12.6,12.55,12.6,493.0,643.0,6854.0,8225.0,False,False
2812,2022-10-31 10:20:35.653370,-0.003968253968253843,-0.003968253968253843,-0.049999999999998934,-0.049999999999998934,12.55,12.6,12.55,12.6,493.0,643.0,6854.0,8225.0,True,True
2812,2022-10-31 10:20:39.585687,-0.003968253968253843,-0.003968253968253843,-0.049999999999998934,-0.049999999999998934,12.55,12.6,12.55,12.6,493.0,643.0,6854.0,8225.0,False,False
2812,2022-10-31 10:20:42.790497,-0.003968253968253843,-0.003968253968253843,-0.049999999999998934,-0.049999999999998934,12.55,12.6,12.55,12.6,493.0,643.0,6854.0,8225.0,False,False
2812,2022-10-31 10:20:44.350111,-0.003968253968253843,-0.003968253968253843,-0.049999999999998934,-0.049999999999998934,12.55,12.6,12.55,12.6,493.0,643.0,6854.0,8225.0,False,False
2812,2022-10-31 10:20:50.699162,-0.003968253968253843,-0.003968253968253843,-0.049999999999998934,-0.049999999999998934,12.55,12.6,12.55,12.6,493.0,641.0,6854.0,8225.0,False,False
2812,2022-10-31 10:20:50.700994,-0.003968253968253843,-0.003968253968253843,-0.049999999999998934,-0.049999999999998934,12.55,12.6,12.55,12.6,490.0,641.0,6854.0,8225.0,False,False
2812,2022-10-31 10:20:51.555835,-0.003968253968253843,-0.003968253968253843,-0.049999999999998934,-0.049999999999998934,12.55,12.6,12.55,12.6,490.0,641.0,6854.0,8225.0,False,False
2812,2022-10-31 10:21:01.011287,-0.003968253968253843,-0.003968253968253843,-0.049999999999998934,-0.049999999999998934,12.55,12.6,12.55,12.6,491.0,641.0,6854.0,8225.0,False,False
2812,2022-10-31 10:21:06.184477,-0.003968253968253843,-0.003968253968253843,-0.049999999999998934,-0.049999999999998934,12.55,12.6,12.55,12.6,491.0,641.0,6854.0,8225.0,False,False
2812,2022-10-31 10:21:08.055014,-0.003968253968253843,-0.003968253968253843,-0.049999999999998934,-0.049999999999998934,12.55,12.6,12.55,12.6,331.0,481.0,6854.0,8225.0,False,False
2812,2022-10-31 10:21:08.086294,-0.003968253968253843,-0.003968253968253843,-0.049999999999998934,-0.049999999999998934,12.55,12.6,12.55,12.6,331.0,481.0,6854.0,8225.0,False,False
2812,2022-10-31 10:21:08.086318,-0.003968253968253843,-0.003968253968253843,-0.049999999999998934,-0.049999999999998934,12.55,12.6,12.55,12.6,331.0,481.0,6854.0,8225.0,False,False
2812,2022-10-31 10:21:12.439651,-0.003968253968253843,-0.003968253968253843,-0.049999999999998934,-0.049999999999998934,12.55,12.6,12.55,12.6,331.0,481.0,6854.0,8225.0,False,False
2812,2022-10-31 10:21:12.439655,-0.003968253968253843,-0.003968253968253843,-0.049999999999998934,-0.049999999999998934,12.55,12.6,12.55,12.6,331.0,481.0,6854.0,8225.0,False,False
2812,2022-10-31 10:21:35.925936,-0.003968253968253843,-0.003968253968253843,-0.049999999999998934,-0.049999999999998934,12.55,12.6,12.55,12.6,331.0,481.0,6854.0,8225.0,True,True
2812,2022-10-31 10:21:37.851418,-0.003968253968253843,-0.003968253968253843,-0.049999999999998934,-0.049999999999998934,12.55,12.6,12.55,12.6,337.0,481.0,6854.0,8225.0,False,False
2812,2022-10-31 10:21:44.233768,-0.003968253968253843,-0.003968253968253843,-0.049999999999998934,-0.049999999999998934,12.55,12.6,12.55,12.6,337.0,480.0,6854.0,8225.0,False,False
2812,2022-10-31 10:21:47.907062,-0.003968253968253843,-0.003968253968253843,-0.049999999999998934,-0.049999999999998934,12.55,12.6,12.55,12.6,338.0,480.0,6854.0,8225.0,False,False
2812,2022-10-31 10:21:56.012620,-0.003968253968253843,-0.003968253968253843,-0.049999999999998934,-0.049999999999998934,12.55,12.6,12.55,12.6,338.0,480.0,6854.0,8125.0,True,True
2812,2022-10-31 10:22:00.862491,-0.003968253968253843,-0.003968253968253843,-0.049999999999998934,-0.049999999999998934,12.55,12.6,12.55,12.6,338.0,480.0,6854.0,8125.0,False,False
2812,2022-10-31 10:22:04.258356,-0.003968253968253843,-0.003968253968253843,-0.049999999999998934,-0.049999999999998934,12.55,12.6,12.55,12.6,338.0,480.0,6854.0,8125.0,False,False
2812,2022-10-31 10:22:05.256988,-0.003968253968253843,-0.003968253968253843,-0.049999999999998934,-0.049999999999998934,12.55,12.6,12.55,12.6,338.0,480.0,6854.0,8125.0,False,True
2812,2022-10-31 10:22:08.441213,-0.003968253968253843,-0.003968253968253843,-0.049999999999998934,-0.049999999999998934,12.55,12.6,12.55,12.6,338.0,482.0,6854.0,8125.0,False,False
2812,2022-10-31 10:22:22.914709,-0.003968253968253843,-0.003968253968253843,-0.049999999999998934,-0.049999999999998934,12.55,12.6,12.55,12.6,338.0,482.0,6854.0,8125.0,False,False
2812,2022-10-31 10:22:24.907657,-0.003968253968253843,-0.003968253968253843,-0.049999999999998934,-0.049999999999998934,12.55,12.6,12.55,12.6,338.0,482.0,6854.0,8125.0,False,False
2812,2022-10-31 10:22:26.765032,-0.003968253968253843,-0.003968253968253843,-0.049999999999998934,-0.049999999999998934,12.55,12.6,12.55,12.6,338.0,382.0,6854.0,8125.0,False,False
2812,2022-10-31 10:22:26.795075,-0.003968253968253843,-0.003968253968253843,-0.049999999999998934,-0.049999999999998934,12.55,12.6,12.55,12.6,338.0,382.0,6854.0,8125.0,False,False
2812,2022-10-31 10:22:26.795079,-0.003968253968253843,-0.003968253968253843,-0.049999999999998934,-0.049999999999998934,12.55,12.6,12.55,12.6,338.0,382.0,6854.0,8125.0,False,False
2812,2022-10-31 10:22:30.531966,-0.003968253968253843,-0.003968253968253843,-0.049999999999998934,-0.049999999999998934,12.55,12.6,12.55,12.6,338.0,383.0,6854.0,8125.0,False,False
2812,2022-10-31 10:22:31.533268,-0.003968253968253843,-0.003968253968253843,-0.049999999999998934,-0.049999999999998934,12.55,12.6,12.55,12.6,338.0,383.0,6854.0,8125.0,False,False
2812,2022-10-31 10:22:31.533272,-0.003968253968253843,-0.003968253968253843,-0.049999999999998934,-0.049999999999998934,12.55,12.6,12.55,12.6,338.0,383.0,6854.0,8125.0,False,False
2812,2022-10-31 10:22:35.393668,-0.003968253968253843,-0.003968253968253843,-0.049999999999998934,-0.049999999999998934,12.55,12.6,12.55,12.6,338.0,383.0,6854.0,8125.0,True,True
2812,2022-10-31 10:22:48.456593,-0.003968253968253843,-0.003968253968253843,-0.049999999999998934,-0.049999999999998934,12.55,12.6,12.55,12.6,338.0,383.0,6854.0,8125.0,False,False
2812,2022-10-31 10:22:57.148938,-0.003968253968253843,-0.003968253968253843,-0.049999999999998934,-0.049999999999998934,12.55,12.6,12.55,12.6,338.0,383.0,6854.0,8125.0,False,False
2812,2022-10-31 10:23:00.163201,-0.003968253968253843,-0.003968253968253843,-0.049999999999998934,-0.049999999999998934,12.55,12.6,12.55,12.6,338.0,382.0,6854.0,8125.0,False,False
2812,2022-10-31 10:23:15.556369,-0.003968253968253843,-0.003968253968253843,-0.049999999999998934,-0.049999999999998934,12.55,12.6,12.55,12.6,338.0,382.0,7754.0,8125.0,True,True
2812,2022-10-31 10:23:15.596491,-0.003968253968253843,-0.003968253968253843,-0.049999999999998934,-0.049999999999998934,12.55,12.6,12.55,12.6,139.0,382.0,7754.0,8125.0,False,False
2812,2022-10-31 10:23:15.611878,-0.003968253968253843,-0.003968253968253843,-0.049999999999998934,-0.049999999999998934,12.55,12.6,12.55,12.6,139.0,382.0,7754.0,8125.0,False,False
2812,2022-10-31 10:23:15.640712,-0.003968253968253843,-0.003968253968253843,-0.049999999999998934,-0.049999999999998934,12.55,12.6,12.55,12.6,139.0,470.0,7754.0,8125.0,False,False
2812,2022-10-31 10:23:20.587407,-0.003968253968253843,-0.003968253968253843,-0.049999999999998934,-0.049999999999998934,12.55,12.6,12.55,12.6,139.0,470.0,7754.0,8125.0,False,False
2812,2022-10-31 10:23:20.587424,-0.003968253968253843,-0.003968253968253843,-0.049999999999998934,-0.049999999999998934,12.55,12.6,12.55,12.6,139.0,470.0,7754.0,8125.0,False,False
2812,2022-10-31 10:23:21.119436,-0.003968253968253843,-0.003968253968253843,-0.049999999999998934,-0.049999999999998934,12.55,12.6,12.55,12.6,139.0,471.0,7754.0,8125.0,False,False
2812,2022-10-31 10:23:30.872833,-0.003968253968253843,-0.003968253968253843,-0.049999999999998934,-0.049999999999998934,12.55,12.6,12.55,12.6,139.0,470.0,7754.0,8125.0,False,False
2812,2022-10-31 10:23:32.372200,-0.003968253968253843,-0.003968253968253843,-0.049999999999998934,-0.049999999999998934,12.55,12.6,12.55,12.6,124.0,470.0,7754.0,8125.0,False,False
2812,2022-10-31 10:23:32.406876,-0.003968253968253843,-0.003968253968253843,-0.049999999999998934,-0.049999999999998934,12.55,12.6,12.55,12.6,124.0,394.0,7754.0,8125.0,False,False
2812,2022-10-31 10:24:01.161115,-0.003968253968253843,-0.003968253968253843,-0.049999999999998934,-0.049999999999998934,12.55,12.6,12.55,12.6,124.0,393.0,7754.0,8125.0,False,False
2812,2022-10-31 10:24:03.466785,-0.003968253968253843,-0.003968253968253843,-0.049999999999998934,-0.049999999999998934,12.55,12.6,12.55,12.6,124.0,393.0,7754.0,8125.0,False,False
2812,2022-10-31 10:24:17.422842,-0.003968253968253843,-0.003968253968253843,-0.049999999999998934,-0.049999999999998934,12.55,12.6,12.55,12.6,129.0,393.0,7754.0,8125.0,False,False
2812,2022-10-31 10:24:19.515222,-0.003968253968253843,-0.003968253968253843,-0.049999999999998934,-0.049999999999998934,12.55,12.6,12.55,12.6,129.0,393.0,7754.0,8125.0,False,False
2812,2022-10-31 10:24:25.938414,-0.003968253968253843,-0.003968253968253843,-0.049999999999998934,-0.049999999999998934,12.55,12.6,12.55,12.6,130.0,393.0,7754.0,8125.0,False,False
2812,2022-10-31 10:24:36.054470,-0.003968253968253843,-0.003968253968253843,-0.049999999999998934,-0.049999999999998934,12.55,12.6,12.55,12.6,130.0,393.0,7754.0,8125.0,False,False
