symbol,datetime,NaOb_r,NbOa_r,NaOb_s,NbOa_s,bid1,ask1,odd_bid1,odd_ask1,bidQty1,askQty1,odd_bidQty1,odd_askQty1,simulate,triggerbyOdd
2884,2022-10-31 09:36:00.405067,0.0,-0.004273504273504147,0.0,-0.09999999999999787,23.3,23.35,23.35,23.4,165.0,78.0,5535.0,2585.0,True,True
2884,2022-10-31 09:36:00.839475,0.0,-0.004273504273504147,0.0,-0.09999999999999787,23.3,23.35,23.35,23.4,165.0,77.0,5535.0,2585.0,False,False
2884,2022-10-31 09:36:00.878430,0.0,-0.004273504273504147,0.0,-0.09999999999999787,23.3,23.35,23.35,23.4,165.0,57.0,5535.0,2585.0,False,False
2884,2022-10-31 09:36:00.900323,0.0,-0.004273504273504147,0.0,-0.09999999999999787,23.3,23.35,23.35,23.4,165.0,79.0,5535.0,2585.0,False,False
2884,2022-10-31 09:36:03.585817,0.0,-0.004273504273504147,0.0,-0.09999999999999787,23.3,23.35,23.35,23.4,165.0,79.0,5535.0,2585.0,False,False
2884,2022-10-31 09:36:08.058279,0.0,-0.004273504273504147,0.0,-0.09999999999999787,23.3,23.35,23.35,23.4,166.0,79.0,5535.0,2585.0,False,False
2884,2022-10-31 09:36:08.700812,0.0,-0.004273504273504147,0.0,-0.09999999999999787,23.3,23.35,23.35,23.4,166.0,80.0,5535.0,2585.0,False,False
2884,2022-10-31 09:36:11.969697,0.0,-0.004273504273504147,0.0,-0.09999999999999787,23.3,23.35,23.35,23.4,166.0,80.0,5535.0,2585.0,False,False
2884,2022-10-31 09:36:16.167284,0.0,-0.004273504273504147,0.0,-0.09999999999999787,23.3,23.35,23.35,23.4,166.0,130.0,5535.0,2585.0,False,False
2884,2022-10-31 09:36:17.662466,0.0,-0.004273504273504147,0.0,-0.09999999999999787,23.3,23.35,23.35,23.4,166.0,130.0,5535.0,2585.0,False,False
2884,2022-10-31 09:36:21.814736,0.0,-0.004273504273504147,0.0,-0.09999999999999787,23.3,23.35,23.35,23.4,166.0,129.0,5535.0,2585.0,False,False
2884,2022-10-31 09:36:26.186042,0.0,-0.004273504273504147,0.0,-0.09999999999999787,23.3,23.35,23.35,23.4,166.0,132.0,5535.0,2585.0,False,False
2884,2022-10-31 09:36:26.286915,0.0,-0.004273504273504147,0.0,-0.09999999999999787,23.3,23.35,23.35,23.4,166.0,126.0,5535.0,2585.0,False,False
2884,2022-10-31 09:36:29.641279,0.0,-0.004273504273504147,0.0,-0.09999999999999787,23.3,23.35,23.35,23.4,163.0,126.0,5535.0,2585.0,False,False
2884,2022-10-31 09:36:29.906125,0.0,-0.004273504273504147,0.0,-0.09999999999999787,23.3,23.35,23.35,23.4,163.0,125.0,5535.0,2585.0,False,False
2884,2022-10-31 09:36:30.514485,0.0,-0.004273504273504147,0.0,-0.09999999999999787,23.3,23.35,23.35,23.4,163.0,125.0,5635.0,2585.0,True,True
2884,2022-10-31 09:36:34.045860,0.0,-0.004273504273504147,0.0,-0.09999999999999787,23.3,23.35,23.35,23.4,162.0,124.0,5635.0,2585.0,False,False
2884,2022-10-31 09:36:35.362493,0.0,-0.004273504273504147,0.0,-0.09999999999999787,23.3,23.35,23.35,23.4,162.0,126.0,5635.0,2585.0,False,False
2884,2022-10-31 09:36:40.549608,0.0,-0.004273504273504147,0.0,-0.09999999999999787,23.3,23.35,23.35,23.4,162.0,126.0,5735.0,2585.0,True,True
2884,2022-10-31 09:36:43.098932,0.0,-0.004273504273504147,0.0,-0.09999999999999787,23.3,23.35,23.35,23.4,162.0,126.0,5735.0,2585.0,False,False
2884,2022-10-31 09:36:43.733433,0.0,-0.004273504273504147,0.0,-0.09999999999999787,23.3,23.35,23.35,23.4,162.0,126.0,5735.0,2585.0,False,False
2884,2022-10-31 09:36:49.259424,0.0,-0.004273504273504147,0.0,-0.09999999999999787,23.3,23.35,23.35,23.4,163.0,126.0,5735.0,2585.0,False,False
2884,2022-10-31 09:36:50.591911,0.0,-0.004273504273504147,0.0,-0.09999999999999787,23.3,23.35,23.35,23.4,163.0,126.0,5955.0,2355.0,True,True
2884,2022-10-31 09:36:51.022269,0.0,-0.004273504273504147,0.0,-0.09999999999999787,23.3,23.35,23.35,23.4,163.0,126.0,5955.0,2355.0,False,False
2884,2022-10-31 09:36:53.748413,0.0,-0.004273504273504147,0.0,-0.09999999999999787,23.3,23.35,23.35,23.4,163.0,125.0,5955.0,2355.0,False,False
2884,2022-10-31 09:36:53.858873,0.0,-0.004273504273504147,0.0,-0.09999999999999787,23.3,23.35,23.35,23.4,163.0,119.0,5955.0,2355.0,False,False
2884,2022-10-31 09:36:54.023935,0.0,-0.004273504273504147,0.0,-0.09999999999999787,23.3,23.35,23.35,23.4,165.0,119.0,5955.0,2355.0,False,False
2884,2022-10-31 09:36:55.604768,0.0,-0.004273504273504147,0.0,-0.09999999999999787,23.3,23.35,23.35,23.4,165.0,119.0,5955.0,2355.0,False,False
2884,2022-10-31 09:36:58.622286,0.0,-0.004273504273504147,0.0,-0.09999999999999787,23.3,23.35,23.35,23.4,165.0,119.0,5955.0,2355.0,False,False
2884,2022-10-31 09:37:00.622835,0.0,-0.004273504273504147,0.0,-0.09999999999999787,23.3,23.35,23.35,23.4,165.0,119.0,5955.0,2315.0,True,True
2884,2022-10-31 09:37:03.823668,0.0,-0.004273504273504147,0.0,-0.09999999999999787,23.3,23.35,23.35,23.4,165.0,119.0,5955.0,2315.0,False,False
2884,2022-10-31 09:37:07.261774,0.0,-0.004273504273504147,0.0,-0.09999999999999787,23.3,23.35,23.35,23.4,165.0,119.0,5955.0,2315.0,False,False
2884,2022-10-31 09:37:09.853602,0.0,-0.004273504273504147,0.0,-0.09999999999999787,23.3,23.35,23.35,23.4,165.0,119.0,5955.0,1312.0,False,True
2884,2022-10-31 09:37:13.107715,0.0,-0.004273504273504147,0.0,-0.09999999999999787,23.3,23.35,23.35,23.4,171.0,119.0,5955.0,1312.0,False,False
2884,2022-10-31 09:37:13.914112,0.0,-0.004273504273504147,0.0,-0.09999999999999787,23.3,23.35,23.35,23.4,171.0,119.0,5955.0,1312.0,False,False
2884,2022-10-31 09:37:14.217448,0.0,-0.004273504273504147,0.0,-0.09999999999999787,23.3,23.35,23.35,23.4,171.0,119.0,5955.0,1312.0,False,False
2884,2022-10-31 09:37:16.998008,0.0,-0.004273504273504147,0.0,-0.09999999999999787,23.3,23.35,23.35,23.4,171.0,121.0,5955.0,1312.0,False,False
2884,2022-10-31 09:37:17.687441,0.0,-0.004273504273504147,0.0,-0.09999999999999787,23.3,23.35,23.35,23.4,171.0,122.0,5955.0,1312.0,False,False
2884,2022-10-31 09:37:19.888826,0.0,-0.004273504273504147,0.0,-0.09999999999999787,23.3,23.35,23.35,23.4,171.0,122.0,5305.0,1312.0,True,True
2884,2022-10-31 09:37:21.323933,0.0,-0.004273504273504147,0.0,-0.09999999999999787,23.3,23.35,23.35,23.4,171.0,122.0,5305.0,1312.0,False,False
2884,2022-10-31 09:37:23.044950,0.0,-0.004273504273504147,0.0,-0.09999999999999787,23.3,23.35,23.35,23.4,171.0,121.0,5305.0,1312.0,False,False
2884,2022-10-31 09:37:23.110905,0.0,-0.004273504273504147,0.0,-0.09999999999999787,23.3,23.35,23.35,23.4,171.0,121.0,5305.0,1312.0,False,False
2884,2022-10-31 09:37:29.922556,0.0,-0.004273504273504147,0.0,-0.09999999999999787,23.3,23.35,23.35,23.4,171.0,121.0,5305.0,1312.0,True,True
2884,2022-10-31 09:37:30.300844,0.0,-0.004273504273504147,0.0,-0.09999999999999787,23.3,23.35,23.35,23.4,171.0,121.0,5305.0,1312.0,False,False
2884,2022-10-31 09:37:34.879821,0.0,-0.004273504273504147,0.0,-0.09999999999999787,23.3,23.35,23.35,23.4,170.0,120.0,5305.0,1312.0,False,False
2884,2022-10-31 09:37:37.979470,0.0,-0.004273504273504147,0.0,-0.09999999999999787,23.3,23.35,23.35,23.4,170.0,122.0,5305.0,1312.0,False,False
2884,2022-10-31 09:37:39.955319,0.0,-0.004273504273504147,0.0,-0.09999999999999787,23.3,23.35,23.35,23.4,170.0,122.0,5405.0,1312.0,True,True
2884,2022-10-31 09:37:43.422286,0.0,-0.004273504273504147,0.0,-0.09999999999999787,23.3,23.35,23.35,23.4,170.0,122.0,5405.0,1312.0,False,False
2884,2022-10-31 09:37:46.100413,0.0,-0.004273504273504147,0.0,-0.09999999999999787,23.3,23.35,23.35,23.4,170.0,122.0,5405.0,1312.0,False,False
2884,2022-10-31 09:37:48.217344,0.0,-0.004273504273504147,0.0,-0.09999999999999787,23.3,23.35,23.35,23.4,169.0,121.0,5405.0,1312.0,False,False
2884,2022-10-31 09:37:49.988410,0.0,-0.004273504273504147,0.0,-0.09999999999999787,23.3,23.35,23.35,23.4,169.0,121.0,5405.0,1312.0,True,True
2884,2022-10-31 09:37:51.635655,0.0,-0.004273504273504147,0.0,-0.09999999999999787,23.3,23.35,23.35,23.4,169.0,121.0,5405.0,1312.0,False,False
2884,2022-10-31 09:37:53.443273,0.0,-0.004273504273504147,0.0,-0.09999999999999787,23.3,23.35,23.35,23.4,168.0,121.0,5405.0,1312.0,False,False
2884,2022-10-31 09:37:54.543702,0.0,-0.004273504273504147,0.0,-0.09999999999999787,23.3,23.35,23.35,23.4,167.0,120.0,5405.0,1312.0,False,False
2884,2022-10-31 09:37:58.146655,0.0,-0.004273504273504147,0.0,-0.09999999999999787,23.3,23.35,23.35,23.4,168.0,120.0,5405.0,1312.0,False,False
2884,2022-10-31 09:37:58.195562,0.0,-0.004273504273504147,0.0,-0.09999999999999787,23.3,23.35,23.35,23.4,166.0,120.0,5405.0,1312.0,False,False
2884,2022-10-31 09:37:58.887097,0.0,-0.004273504273504147,0.0,-0.09999999999999787,23.3,23.35,23.35,23.4,166.0,121.0,5405.0,1312.0,False,False
2884,2022-10-31 09:38:00.015449,0.0,-0.004273504273504147,0.0,-0.09999999999999787,23.3,23.35,23.35,23.4,166.0,121.0,5205.0,1312.0,True,True
2884,2022-10-31 09:38:00.415631,0.0,-0.004273504273504147,0.0,-0.09999999999999787,23.3,23.35,23.35,23.4,165.0,120.0,5205.0,1312.0,False,False
2884,2022-10-31 09:38:01.306769,0.0,-0.004273504273504147,0.0,-0.09999999999999787,23.3,23.35,23.35,23.4,165.0,120.0,5205.0,1312.0,False,False
2884,2022-10-31 09:38:07.594677,0.0,-0.004273504273504147,0.0,-0.09999999999999787,23.3,23.35,23.35,23.4,166.0,120.0,5205.0,1312.0,False,False
2884,2022-10-31 09:38:07.805559,0.0,-0.004273504273504147,0.0,-0.09999999999999787,23.3,23.35,23.35,23.4,163.0,120.0,5205.0,1312.0,False,False
2884,2022-10-31 09:38:07.886066,0.0,-0.004273504273504147,0.0,-0.09999999999999787,23.3,23.35,23.35,23.4,166.0,120.0,5205.0,1312.0,False,False
2884,2022-10-31 09:38:10.046585,0.0,-0.004273504273504147,0.0,-0.09999999999999787,23.3,23.35,23.35,23.4,166.0,120.0,5205.0,1312.0,True,True
2884,2022-10-31 09:38:13.979219,0.0,-0.004273504273504147,0.0,-0.09999999999999787,23.3,23.35,23.35,23.4,166.0,118.0,5205.0,1312.0,False,False
2884,2022-10-31 09:38:15.101200,0.0,-0.004273504273504147,0.0,-0.09999999999999787,23.3,23.35,23.35,23.4,166.0,118.0,5205.0,1312.0,False,False
2884,2022-10-31 09:38:19.600198,0.0,-0.004273504273504147,0.0,-0.09999999999999787,23.3,23.35,23.35,23.4,166.0,118.0,5205.0,1312.0,False,False
2884,2022-10-31 09:38:20.077805,0.0,-0.004273504273504147,0.0,-0.09999999999999787,23.3,23.35,23.35,23.4,166.0,118.0,5705.0,1312.0,True,True
2884,2022-10-31 09:38:20.196817,0.0,-0.004273504273504147,0.0,-0.09999999999999787,23.3,23.35,23.35,23.4,166.0,120.0,5705.0,1312.0,False,False
2884,2022-10-31 09:38:30.111943,0.0,-0.004273504273504147,0.0,-0.09999999999999787,23.3,23.35,23.35,23.4,166.0,120.0,5715.0,1312.0,True,True
2884,2022-10-31 09:38:35.591709,0.0,-0.004273504273504147,0.0,-0.09999999999999787,23.3,23.35,23.35,23.4,166.0,120.0,5715.0,1312.0,False,False
2884,2022-10-31 09:38:35.682342,0.0,-0.004273504273504147,0.0,-0.09999999999999787,23.3,23.35,23.35,23.4,166.0,114.0,5715.0,1312.0,False,False
2884,2022-10-31 09:38:38.571732,0.0,-0.004273504273504147,0.0,-0.09999999999999787,23.3,23.35,23.35,23.4,166.0,114.0,5715.0,1312.0,False,False
2884,2022-10-31 09:38:40.149227,0.0,-0.004273504273504147,0.0,-0.09999999999999787,23.3,23.35,23.35,23.4,166.0,114.0,6705.0,1312.0,True,True
2884,2022-10-31 09:38:40.531242,0.0,-0.004273504273504147,0.0,-0.09999999999999787,23.3,23.35,23.35,23.4,176.0,114.0,6705.0,1312.0,False,False
2884,2022-10-31 09:38:41.713393,0.0,-0.004273504273504147,0.0,-0.09999999999999787,23.3,23.35,23.35,23.4,176.0,117.0,6705.0,1312.0,False,False
2884,2022-10-31 09:38:43.470665,0.0,-0.004273504273504147,0.0,-0.09999999999999787,23.3,23.35,23.35,23.4,176.0,117.0,6705.0,1312.0,False,False
2884,2022-10-31 09:38:49.075481,0.0,-0.004273504273504147,0.0,-0.09999999999999787,23.3,23.35,23.35,23.4,176.0,117.0,6705.0,1312.0,False,False
2884,2022-10-31 09:38:50.176343,0.0,-0.004273504273504147,0.0,-0.09999999999999787,23.3,23.35,23.35,23.4,176.0,117.0,6645.0,1312.0,True,True
2884,2022-10-31 09:38:50.397592,0.0,-0.004273504273504147,0.0,-0.09999999999999787,23.3,23.35,23.35,23.4,176.0,116.0,6645.0,1312.0,False,False
2884,2022-10-31 09:38:51.211621,0.0,-0.004273504273504147,0.0,-0.09999999999999787,23.3,23.35,23.35,23.4,176.0,116.0,6645.0,1312.0,False,False
2884,2022-10-31 09:38:55.442857,0.0,-0.004273504273504147,0.0,-0.09999999999999787,23.3,23.35,23.35,23.4,178.0,116.0,6645.0,1312.0,False,False
2884,2022-10-31 09:38:58.243276,0.0,-0.004273504273504147,0.0,-0.09999999999999787,23.3,23.35,23.35,23.4,178.0,116.0,6645.0,1312.0,False,False
2884,2022-10-31 09:39:00.203323,0.0,-0.004273504273504147,0.0,-0.09999999999999787,23.3,23.35,23.35,23.4,178.0,116.0,6667.0,1312.0,True,True
2884,2022-10-31 09:39:00.749797,0.0,-0.004273504273504147,0.0,-0.09999999999999787,23.3,23.35,23.35,23.4,178.0,115.0,6667.0,1312.0,False,False
2884,2022-10-31 09:39:02.315555,0.0,-0.004273504273504147,0.0,-0.09999999999999787,23.3,23.35,23.35,23.4,178.0,115.0,6667.0,1312.0,False,False
2884,2022-10-31 09:39:04.208419,0.0,-0.004273504273504147,0.0,-0.09999999999999787,23.3,23.35,23.35,23.4,179.0,115.0,6667.0,1312.0,False,False
2884,2022-10-31 09:39:05.732718,0.0,-0.004273504273504147,0.0,-0.09999999999999787,23.3,23.35,23.35,23.4,179.0,115.0,6667.0,1312.0,False,False
2884,2022-10-31 09:39:06.467781,0.0,-0.004273504273504147,0.0,-0.09999999999999787,23.3,23.35,23.35,23.4,179.0,115.0,6667.0,1312.0,False,False
2884,2022-10-31 09:39:06.730466,0.0,-0.004273504273504147,0.0,-0.09999999999999787,23.3,23.35,23.35,23.4,179.0,116.0,6667.0,1312.0,False,False
2884,2022-10-31 09:39:12.779739,0.0,-0.004273504273504147,0.0,-0.09999999999999787,23.3,23.35,23.35,23.4,179.0,114.0,6667.0,1312.0,False,False
2884,2022-10-31 09:39:13.634240,0.0,-0.004273504273504147,0.0,-0.09999999999999787,23.3,23.35,23.35,23.4,181.0,114.0,6667.0,1312.0,False,False
2884,2022-10-31 09:39:14.225720,0.0,-0.004273504273504147,0.0,-0.09999999999999787,23.3,23.35,23.35,23.4,181.0,109.0,6667.0,1312.0,False,False
2884,2022-10-31 09:39:14.287755,0.0,-0.004273504273504147,0.0,-0.09999999999999787,23.3,23.35,23.35,23.4,181.0,110.0,6667.0,1312.0,False,False
2884,2022-10-31 09:39:18.299639,0.0,-0.004273504273504147,0.0,-0.09999999999999787,23.3,23.35,23.35,23.4,181.0,110.0,6667.0,1312.0,False,False
2884,2022-10-31 09:39:18.725052,0.0,-0.004273504273504147,0.0,-0.09999999999999787,23.3,23.35,23.35,23.4,181.0,110.0,6667.0,1312.0,False,False
2884,2022-10-31 09:39:20.276946,0.0,-0.004273504273504147,0.0,-0.09999999999999787,23.3,23.35,23.35,23.4,181.0,110.0,6867.0,2317.0,True,True
2884,2022-10-31 09:39:20.518879,0.0,-0.004273504273504147,0.0,-0.09999999999999787,23.3,23.35,23.35,23.4,184.0,110.0,6867.0,2317.0,False,False
2884,2022-10-31 09:39:20.645374,0.0,-0.004273504273504147,0.0,-0.09999999999999787,23.3,23.35,23.35,23.4,184.0,110.0,6867.0,2317.0,False,False
2884,2022-10-31 09:39:21.382078,0.0,-0.004273504273504147,0.0,-0.09999999999999787,23.3,23.35,23.35,23.4,184.0,110.0,6867.0,2317.0,False,False
2884,2022-10-31 09:39:21.847613,0.0,-0.004273504273504147,0.0,-0.09999999999999787,23.3,23.35,23.35,23.4,184.0,110.0,6867.0,2317.0,False,False
2884,2022-10-31 09:39:24.054731,0.0,-0.004273504273504147,0.0,-0.09999999999999787,23.3,23.35,23.35,23.4,184.0,110.0,6867.0,2317.0,False,False
2884,2022-10-31 09:39:29.787837,0.0,-0.004273504273504147,0.0,-0.09999999999999787,23.3,23.35,23.35,23.4,186.0,110.0,6867.0,2317.0,False,False
2884,2022-10-31 09:39:30.314170,0.0,-0.004273504273504147,0.0,-0.09999999999999787,23.3,23.35,23.35,23.4,186.0,110.0,6878.0,2317.0,True,True
2884,2022-10-31 09:39:31.019741,0.0,-0.004273504273504147,0.0,-0.09999999999999787,23.3,23.35,23.35,23.4,186.0,110.0,6878.0,2317.0,False,False
2884,2022-10-31 09:39:32.919472,0.0,-0.004273504273504147,0.0,-0.09999999999999787,23.3,23.35,23.35,23.4,186.0,110.0,6878.0,2317.0,False,False
2884,2022-10-31 09:39:33.657553,0.0,-0.004273504273504147,0.0,-0.09999999999999787,23.3,23.35,23.35,23.4,186.0,127.0,6878.0,2317.0,False,False
2884,2022-10-31 09:39:37.153843,0.0,-0.004273504273504147,0.0,-0.09999999999999787,23.3,23.35,23.35,23.4,186.0,129.0,6878.0,2317.0,False,False
2884,2022-10-31 09:39:40.345480,0.0,-0.004273504273504147,0.0,-0.09999999999999787,23.3,23.35,23.35,23.4,186.0,129.0,6978.0,2317.0,True,True
2884,2022-10-31 09:39:43.109467,0.0,-0.004273504273504147,0.0,-0.09999999999999787,23.3,23.35,23.35,23.4,186.0,129.0,6978.0,2317.0,False,False
2884,2022-10-31 09:39:43.810996,0.0,-0.004273504273504147,0.0,-0.09999999999999787,23.3,23.35,23.35,23.4,186.0,129.0,6978.0,2317.0,False,False
2884,2022-10-31 09:39:49.306067,0.0,-0.004273504273504147,0.0,-0.09999999999999787,23.3,23.35,23.35,23.4,186.0,129.0,6978.0,2317.0,False,False
2884,2022-10-31 09:39:49.400555,0.0,-0.004273504273504147,0.0,-0.09999999999999787,23.3,23.35,23.35,23.4,186.0,123.0,6978.0,2317.0,False,False
2884,2022-10-31 09:39:50.375421,0.0,-0.004273504273504147,0.0,-0.09999999999999787,23.3,23.35,23.35,23.4,186.0,123.0,7178.0,2317.0,True,True
2884,2022-10-31 09:39:52.320144,0.0,-0.004273504273504147,0.0,-0.09999999999999787,23.3,23.35,23.35,23.4,186.0,122.0,7178.0,2317.0,False,False
2884,2022-10-31 09:39:55.209355,0.0,-0.004273504273504147,0.0,-0.09999999999999787,23.3,23.35,23.35,23.4,186.0,124.0,7178.0,2317.0,False,False
2884,2022-10-31 09:39:55.866525,0.0,-0.004273504273504147,0.0,-0.09999999999999787,23.3,23.35,23.35,23.4,186.0,124.0,7178.0,2317.0,False,False
2884,2022-10-31 09:39:57.276797,0.0,-0.004273504273504147,0.0,-0.09999999999999787,23.3,23.35,23.35,23.4,186.0,123.0,7178.0,2317.0,False,False
2884,2022-10-31 09:39:59.934353,0.0,-0.004273504273504147,0.0,-0.09999999999999787,23.3,23.35,23.35,23.4,186.0,121.0,7178.0,2317.0,False,False
2884,2022-10-31 09:39:59.987635,0.0,-0.004273504273504147,0.0,-0.09999999999999787,23.3,23.35,23.35,23.4,186.0,122.0,7178.0,2317.0,False,False
2884,2022-10-31 09:40:00.013576,0.0,-0.004273504273504147,0.0,-0.09999999999999787,23.3,23.35,23.35,23.4,187.0,122.0,7178.0,2317.0,False,False
2884,2022-10-31 09:40:00.790398,0.0,-0.004273504273504147,0.0,-0.09999999999999787,23.3,23.35,23.35,23.4,187.0,122.0,7178.0,2317.0,False,False
2884,2022-10-31 09:40:05.953634,0.0,-0.004273504273504147,0.0,-0.09999999999999787,23.3,23.35,23.35,23.4,187.0,119.0,7178.0,2317.0,False,False
2884,2022-10-31 09:40:08.314310,0.0,-0.004273504273504147,0.0,-0.09999999999999787,23.3,23.35,23.35,23.4,187.0,118.0,7178.0,2317.0,False,False
2884,2022-10-31 09:40:08.673020,0.0,-0.004273504273504147,0.0,-0.09999999999999787,23.3,23.35,23.35,23.4,187.0,118.0,7178.0,2317.0,False,False
2884,2022-10-31 09:40:08.713708,0.0,-0.004273504273504147,0.0,-0.09999999999999787,23.3,23.35,23.35,23.4,187.0,118.0,7178.0,2317.0,False,False
2884,2022-10-31 09:40:09.942461,0.0,-0.004273504273504147,0.0,-0.09999999999999787,23.3,23.35,23.35,23.4,187.0,117.0,7178.0,2317.0,False,False
2884,2022-10-31 09:40:09.945411,0.0,-0.004273504273504147,0.0,-0.09999999999999787,23.3,23.35,23.35,23.4,187.0,117.0,7555.0,2685.0,False,True
2884,2022-10-31 09:40:09.968922,0.0,-0.004273504273504147,0.0,-0.09999999999999787,23.3,23.35,23.35,23.4,187.0,117.0,7555.0,2685.0,False,False
2884,2022-10-31 09:40:10.046638,0.0,-0.004273504273504147,0.0,-0.09999999999999787,23.3,23.35,23.35,23.4,188.0,117.0,7555.0,2685.0,False,False
2884,2022-10-31 09:40:10.199269,0.0,-0.004273504273504147,0.0,-0.09999999999999787,23.3,23.35,23.35,23.4,188.0,117.0,7555.0,2685.0,False,False
2884,2022-10-31 09:40:10.961289,0.0,-0.004273504273504147,0.0,-0.09999999999999787,23.3,23.35,23.35,23.4,188.0,116.0,7555.0,2685.0,False,False
2884,2022-10-31 09:40:13.143321,0.0,-0.004273504273504147,0.0,-0.09999999999999787,23.3,23.35,23.35,23.4,188.0,116.0,7555.0,2685.0,False,False
2884,2022-10-31 09:40:13.180166,0.0,-0.004273504273504147,0.0,-0.09999999999999787,23.3,23.35,23.35,23.4,188.0,116.0,7555.0,2685.0,False,False
2884,2022-10-31 09:40:13.376014,0.0,-0.004273504273504147,0.0,-0.09999999999999787,23.3,23.35,23.35,23.4,178.0,116.0,7555.0,2685.0,False,False
2884,2022-10-31 09:40:13.401860,0.0,-0.004273504273504147,0.0,-0.09999999999999787,23.3,23.35,23.35,23.4,178.0,116.0,7555.0,2685.0,False,False
2884,2022-10-31 09:40:13.706044,0.0,-0.004273504273504147,0.0,-0.09999999999999787,23.3,23.35,23.35,23.4,178.0,114.0,7555.0,2685.0,False,False
2884,2022-10-31 09:40:14.408680,0.0,-0.004273504273504147,0.0,-0.09999999999999787,23.3,23.35,23.35,23.4,179.0,114.0,7555.0,2685.0,False,False
2884,2022-10-31 09:40:15.271718,0.0,-0.004273504273504147,0.0,-0.09999999999999787,23.3,23.35,23.35,23.4,179.0,114.0,7555.0,2685.0,False,False
2884,2022-10-31 09:40:15.715962,0.0,-0.004273504273504147,0.0,-0.09999999999999787,23.3,23.35,23.35,23.4,179.0,114.0,7555.0,2685.0,False,False
2884,2022-10-31 09:40:16.651740,0.0,-0.004273504273504147,0.0,-0.09999999999999787,23.3,23.35,23.35,23.4,179.0,114.0,7555.0,2685.0,False,False
2884,2022-10-31 09:40:17.354175,0.0,-0.004273504273504147,0.0,-0.09999999999999787,23.3,23.35,23.35,23.4,179.0,114.0,7555.0,2685.0,False,False
2884,2022-10-31 09:40:17.971771,0.0,-0.004273504273504147,0.0,-0.09999999999999787,23.3,23.35,23.35,23.4,184.0,114.0,7555.0,2685.0,False,False
2884,2022-10-31 09:40:20.030260,0.0,-0.004273504273504147,0.0,-0.09999999999999787,23.3,23.35,23.35,23.4,184.0,114.0,6571.0,3286.0,True,True
2884,2022-10-31 09:40:20.699284,0.0,-0.004273504273504147,0.0,-0.09999999999999787,23.3,23.35,23.35,23.4,184.0,92.0,6571.0,3286.0,False,False
2884,2022-10-31 09:40:20.729743,0.0,-0.004273504273504147,0.0,-0.09999999999999787,23.3,23.35,23.35,23.4,184.0,92.0,6571.0,3286.0,False,False
2884,2022-10-31 09:40:21.364930,0.0,-0.004273504273504147,0.0,-0.09999999999999787,23.3,23.35,23.35,23.4,187.0,92.0,6571.0,3286.0,False,False
2884,2022-10-31 09:40:21.419164,0.0,-0.004273504273504147,0.0,-0.09999999999999787,23.3,23.35,23.35,23.4,188.0,92.0,6571.0,3286.0,False,False
2884,2022-10-31 09:40:21.673053,0.0,-0.004273504273504147,0.0,-0.09999999999999787,23.3,23.35,23.35,23.4,190.0,92.0,6571.0,3286.0,False,False
2884,2022-10-31 09:40:24.124449,0.0,-0.004273504273504147,0.0,-0.09999999999999787,23.3,23.35,23.35,23.4,190.0,92.0,6571.0,3286.0,False,False
2884,2022-10-31 09:40:24.175109,0.0,-0.004273504273504147,0.0,-0.09999999999999787,23.3,23.35,23.35,23.4,190.0,92.0,6571.0,3286.0,False,False
2884,2022-10-31 09:40:26.674227,0.0,-0.004273504273504147,0.0,-0.09999999999999787,23.3,23.35,23.35,23.4,190.0,92.0,6571.0,3286.0,False,False
2884,2022-10-31 09:40:27.137916,0.0,-0.004273504273504147,0.0,-0.09999999999999787,23.3,23.35,23.35,23.4,190.0,92.0,6571.0,3286.0,False,False
2884,2022-10-31 09:40:27.206446,0.0,-0.004273504273504147,0.0,-0.09999999999999787,23.3,23.35,23.35,23.4,190.0,99.0,6571.0,3286.0,False,False
2884,2022-10-31 09:40:27.207788,0.0,-0.004273504273504147,0.0,-0.09999999999999787,23.3,23.35,23.35,23.4,190.0,99.0,6571.0,3286.0,False,False
2884,2022-10-31 09:40:27.868001,0.0,-0.004273504273504147,0.0,-0.09999999999999787,23.3,23.35,23.35,23.4,190.0,99.0,6571.0,3286.0,False,False
2884,2022-10-31 09:40:29.154493,0.0,-0.004273504273504147,0.0,-0.09999999999999787,23.3,23.35,23.35,23.4,190.0,100.0,6571.0,3286.0,False,False
2884,2022-10-31 09:40:30.089785,0.0,-0.004273504273504147,0.0,-0.09999999999999787,23.3,23.35,23.35,23.4,190.0,100.0,6684.0,3287.0,True,True
2884,2022-10-31 09:40:30.566174,0.0,-0.004273504273504147,0.0,-0.09999999999999787,23.3,23.35,23.35,23.4,190.0,101.0,6684.0,3287.0,False,False
2884,2022-10-31 09:40:30.621537,0.0,-0.004273504273504147,0.0,-0.09999999999999787,23.3,23.35,23.35,23.4,190.0,128.0,6684.0,3287.0,False,False
2884,2022-10-31 09:40:30.662764,0.0,-0.004273504273504147,0.0,-0.09999999999999787,23.3,23.35,23.35,23.4,190.0,128.0,6684.0,3287.0,False,False
2884,2022-10-31 09:40:31.154810,0.0,-0.004273504273504147,0.0,-0.09999999999999787,23.3,23.35,23.35,23.4,190.0,130.0,6684.0,3287.0,False,False
2884,2022-10-31 09:40:31.533993,0.0,-0.004273504273504147,0.0,-0.09999999999999787,23.3,23.35,23.35,23.4,190.0,130.0,6684.0,3287.0,False,False
2884,2022-10-31 09:40:32.478858,0.0,-0.004273504273504147,0.0,-0.09999999999999787,23.3,23.35,23.35,23.4,190.0,130.0,6684.0,3287.0,False,False
2884,2022-10-31 09:40:33.947516,0.0,-0.004273504273504147,0.0,-0.09999999999999787,23.3,23.35,23.35,23.4,190.0,130.0,6684.0,3287.0,False,False
2884,2022-10-31 09:40:36.614836,0.0,-0.004273504273504147,0.0,-0.09999999999999787,23.3,23.35,23.35,23.4,190.0,130.0,6684.0,3287.0,False,False
2884,2022-10-31 09:40:37.086967,0.0,-0.004273504273504147,0.0,-0.09999999999999787,23.3,23.35,23.35,23.4,190.0,130.0,6684.0,3287.0,False,False
2884,2022-10-31 09:40:37.107741,0.0,-0.004273504273504147,0.0,-0.09999999999999787,23.3,23.35,23.35,23.4,191.0,130.0,6684.0,3287.0,False,False
2884,2022-10-31 09:40:40.138504,0.0,-0.004273504273504147,0.0,-0.09999999999999787,23.3,23.35,23.35,23.4,191.0,130.0,6684.0,3287.0,True,True
2884,2022-10-31 09:40:40.305656,0.0,-0.004273504273504147,0.0,-0.09999999999999787,23.3,23.35,23.35,23.4,193.0,130.0,6684.0,3287.0,False,False
2884,2022-10-31 09:40:42.910404,0.0,-0.004273504273504147,0.0,-0.09999999999999787,23.3,23.35,23.35,23.4,193.0,129.0,6684.0,3287.0,False,False
2884,2022-10-31 09:40:43.479896,0.0,-0.004273504273504147,0.0,-0.09999999999999787,23.3,23.35,23.35,23.4,193.0,129.0,6684.0,3287.0,False,False
2884,2022-10-31 09:40:44.423266,0.0,-0.004273504273504147,0.0,-0.09999999999999787,23.3,23.35,23.35,23.4,193.0,129.0,6684.0,3287.0,False,False
2884,2022-10-31 09:40:46.440211,0.0,-0.004273504273504147,0.0,-0.09999999999999787,23.3,23.35,23.35,23.4,193.0,128.0,6684.0,3287.0,False,False
2884,2022-10-31 09:40:50.184205,0.0,-0.004273504273504147,0.0,-0.09999999999999787,23.3,23.35,23.35,23.4,193.0,128.0,6884.0,3287.0,True,True
2884,2022-10-31 09:40:50.892800,0.0,-0.004273504273504147,0.0,-0.09999999999999787,23.3,23.35,23.35,23.4,193.0,129.0,6884.0,3287.0,False,False
2884,2022-10-31 09:40:51.212055,0.0,-0.004273504273504147,0.0,-0.09999999999999787,23.3,23.35,23.35,23.4,193.0,129.0,6884.0,3287.0,False,False
2884,2022-10-31 09:40:51.341601,0.0,-0.004273504273504147,0.0,-0.09999999999999787,23.3,23.35,23.35,23.4,193.0,129.0,6884.0,3287.0,False,False
2884,2022-10-31 09:40:52.045553,0.0,-0.004273504273504147,0.0,-0.09999999999999787,23.3,23.35,23.35,23.4,193.0,129.0,6884.0,3287.0,False,False
2884,2022-10-31 09:40:54.438960,0.0,-0.004273504273504147,0.0,-0.09999999999999787,23.3,23.35,23.35,23.4,195.0,129.0,6884.0,3287.0,False,False
2884,2022-10-31 09:40:54.603993,0.0,-0.004273504273504147,0.0,-0.09999999999999787,23.3,23.35,23.35,23.4,195.0,129.0,6884.0,3287.0,False,False
2884,2022-10-31 09:40:54.609739,0.0,-0.004273504273504147,0.0,-0.09999999999999787,23.3,23.35,23.35,23.4,195.0,129.0,6884.0,3287.0,False,False
2884,2022-10-31 09:40:55.405544,0.0,-0.004273504273504147,0.0,-0.09999999999999787,23.3,23.35,23.35,23.4,195.0,129.0,6884.0,3287.0,False,False
2884,2022-10-31 09:40:55.685106,0.0,-0.004273504273504147,0.0,-0.09999999999999787,23.3,23.35,23.35,23.4,195.0,129.0,6884.0,3287.0,False,False
2884,2022-10-31 09:40:56.281466,0.0,-0.004273504273504147,0.0,-0.09999999999999787,23.3,23.35,23.35,23.4,195.0,129.0,6884.0,3287.0,False,False
2884,2022-10-31 09:40:56.863117,0.0,-0.004273504273504147,0.0,-0.09999999999999787,23.3,23.35,23.35,23.4,195.0,129.0,6884.0,3287.0,False,False
2884,2022-10-31 09:41:00.236478,0.0,-0.004273504273504147,0.0,-0.09999999999999787,23.3,23.35,23.35,23.4,195.0,129.0,6884.0,3287.0,True,True
2884,2022-10-31 09:41:04.826045,0.0,-0.004273504273504147,0.0,-0.09999999999999787,23.3,23.35,23.35,23.4,205.0,129.0,6884.0,3287.0,False,False
2884,2022-10-31 09:41:04.863237,0.0,-0.004273504273504147,0.0,-0.09999999999999787,23.3,23.35,23.35,23.4,205.0,129.0,6884.0,3287.0,False,False
2884,2022-10-31 09:41:06.724067,0.0,-0.004273504273504147,0.0,-0.09999999999999787,23.3,23.35,23.35,23.4,205.0,129.0,6884.0,3287.0,False,False
2884,2022-10-31 09:41:10.287456,0.0,-0.004273504273504147,0.0,-0.09999999999999787,23.3,23.35,23.35,23.4,205.0,129.0,7060.0,3287.0,True,True
2884,2022-10-31 09:41:12.478191,0.0,-0.004273504273504147,0.0,-0.09999999999999787,23.3,23.35,23.35,23.4,206.0,129.0,7060.0,3287.0,False,False
2884,2022-10-31 09:41:13.219931,0.0,-0.004273504273504147,0.0,-0.09999999999999787,23.3,23.35,23.35,23.4,203.0,129.0,7060.0,3287.0,False,False
2884,2022-10-31 09:41:15.714161,0.0,-0.004273504273504147,0.0,-0.09999999999999787,23.3,23.35,23.35,23.4,203.0,129.0,7060.0,3287.0,False,False
2884,2022-10-31 09:41:20.323778,0.0,-0.004273504273504147,0.0,-0.09999999999999787,23.3,23.35,23.35,23.4,203.0,129.0,7460.0,3287.0,True,True
2884,2022-10-31 09:41:21.728226,0.0,-0.004273504273504147,0.0,-0.09999999999999787,23.3,23.35,23.35,23.4,204.0,129.0,7460.0,3287.0,False,False
2884,2022-10-31 09:41:25.638392,0.0,-0.004273504273504147,0.0,-0.09999999999999787,23.3,23.35,23.35,23.4,202.0,129.0,7460.0,3287.0,False,False
2884,2022-10-31 09:41:25.677006,0.0,-0.004273504273504147,0.0,-0.09999999999999787,23.3,23.35,23.35,23.4,196.0,129.0,7460.0,3287.0,False,False
2884,2022-10-31 09:41:30.362824,0.0,-0.004273504273504147,0.0,-0.09999999999999787,23.3,23.35,23.35,23.4,196.0,129.0,7460.0,3287.0,True,True
2884,2022-10-31 09:41:31.005327,0.0,-0.004273504273504147,0.0,-0.09999999999999787,23.3,23.35,23.35,23.4,196.0,129.0,7460.0,3287.0,False,False
2884,2022-10-31 09:41:33.912303,0.0,-0.004273504273504147,0.0,-0.09999999999999787,23.3,23.35,23.35,23.4,196.0,127.0,7460.0,3287.0,False,False
2884,2022-10-31 09:41:40.401122,0.0,-0.004273504273504147,0.0,-0.09999999999999787,23.3,23.35,23.35,23.4,196.0,127.0,6461.0,3287.0,True,True
2884,2022-10-31 09:41:43.625607,0.0,-0.004273504273504147,0.0,-0.09999999999999787,23.3,23.35,23.35,23.4,186.0,127.0,6461.0,3287.0,False,False
2884,2022-10-31 09:41:44.450567,0.0,-0.004273504273504147,0.0,-0.09999999999999787,23.3,23.35,23.35,23.4,189.0,127.0,6461.0,3287.0,False,False
2884,2022-10-31 09:41:44.456144,0.0,-0.004273504273504147,0.0,-0.09999999999999787,23.3,23.35,23.35,23.4,186.0,127.0,6461.0,3287.0,False,False
2884,2022-10-31 09:41:46.380661,0.0,-0.004273504273504147,0.0,-0.09999999999999787,23.3,23.35,23.35,23.4,186.0,126.0,6461.0,3287.0,False,False
2884,2022-10-31 09:41:51.806924,0.0,-0.004273504273504147,0.0,-0.09999999999999787,23.3,23.35,23.35,23.4,187.0,126.0,6461.0,3287.0,False,False
2884,2022-10-31 09:41:52.650463,0.0,-0.004273504273504147,0.0,-0.09999999999999787,23.3,23.35,23.35,23.4,187.0,127.0,6461.0,3287.0,False,False
2884,2022-10-31 09:41:58.508919,0.0,-0.004273504273504147,0.0,-0.09999999999999787,23.3,23.35,23.35,23.4,187.0,127.0,6461.0,3287.0,False,False
2884,2022-10-31 09:42:00.486760,0.0,-0.004273504273504147,0.0,-0.09999999999999787,23.3,23.35,23.35,23.4,187.0,127.0,6461.0,3960.0,True,True
2884,2022-10-31 09:42:01.446194,0.0,-0.004273504273504147,0.0,-0.09999999999999787,23.3,23.35,23.35,23.4,186.0,127.0,6461.0,3960.0,False,False
2884,2022-10-31 09:42:01.689541,0.0,-0.004273504273504147,0.0,-0.09999999999999787,23.3,23.35,23.35,23.4,186.0,127.0,6461.0,3960.0,False,False
2884,2022-10-31 09:42:03.258038,0.0,-0.004273504273504147,0.0,-0.09999999999999787,23.3,23.35,23.35,23.4,186.0,127.0,6461.0,3960.0,False,False
2884,2022-10-31 09:42:07.494811,0.0,-0.004273504273504147,0.0,-0.09999999999999787,23.3,23.35,23.35,23.4,186.0,127.0,6461.0,3960.0,False,False
2884,2022-10-31 09:42:09.540198,0.0,-0.004273504273504147,0.0,-0.09999999999999787,23.3,23.35,23.35,23.4,188.0,127.0,6461.0,3960.0,False,False
2884,2022-10-31 09:42:10.527999,0.0,-0.004273504273504147,0.0,-0.09999999999999787,23.3,23.35,23.35,23.4,188.0,127.0,6436.0,3960.0,True,True
2884,2022-10-31 09:42:12.180910,0.0,-0.004273504273504147,0.0,-0.09999999999999787,23.3,23.35,23.35,23.4,188.0,128.0,6436.0,3960.0,False,False
2884,2022-10-31 09:42:13.828053,0.0,-0.004273504273504147,0.0,-0.09999999999999787,23.3,23.35,23.35,23.4,188.0,126.0,6436.0,3960.0,False,False
2884,2022-10-31 09:42:19.447896,0.0,-0.004273504273504147,0.0,-0.09999999999999787,23.3,23.35,23.35,23.4,188.0,126.0,6436.0,3960.0,False,False
2884,2022-10-31 09:42:26.551025,0.0,-0.004273504273504147,0.0,-0.09999999999999787,23.3,23.35,23.35,23.4,188.0,126.0,6436.0,3960.0,False,False
2884,2022-10-31 09:42:30.611303,0.0,-0.004273504273504147,0.0,-0.09999999999999787,23.3,23.35,23.35,23.4,188.0,126.0,6636.0,3960.0,True,True
2884,2022-10-31 09:42:31.230360,0.0,-0.004273504273504147,0.0,-0.09999999999999787,23.3,23.35,23.35,23.4,188.0,126.0,6636.0,3960.0,False,False
2884,2022-10-31 09:42:38.352848,0.0,-0.004273504273504147,0.0,-0.09999999999999787,23.3,23.35,23.35,23.4,188.0,126.0,6636.0,3960.0,False,False
2884,2022-10-31 09:42:39.986839,0.0,-0.004273504273504147,0.0,-0.09999999999999787,23.3,23.35,23.35,23.4,189.0,126.0,6636.0,3960.0,False,False
2884,2022-10-31 09:42:40.057693,0.0,-0.004273504273504147,0.0,-0.09999999999999787,23.3,23.35,23.35,23.4,189.0,126.0,6636.0,3960.0,False,False
2884,2022-10-31 09:42:40.664907,0.0,-0.004273504273504147,0.0,-0.09999999999999787,23.3,23.35,23.35,23.4,189.0,126.0,6736.0,3960.0,True,True
2884,2022-10-31 09:42:47.303604,0.0,-0.004273504273504147,0.0,-0.09999999999999787,23.3,23.35,23.35,23.4,189.0,131.0,6736.0,3960.0,False,False
2884,2022-10-31 09:42:47.611939,0.0,-0.004273504273504147,0.0,-0.09999999999999787,23.3,23.35,23.35,23.4,187.0,131.0,6736.0,3960.0,False,False
2884,2022-10-31 09:42:48.507748,0.0,-0.004273504273504147,0.0,-0.09999999999999787,23.3,23.35,23.35,23.4,187.0,131.0,6736.0,3960.0,False,False
2884,2022-10-31 09:42:50.275502,0.0,-0.004273504273504147,0.0,-0.09999999999999787,23.3,23.35,23.35,23.4,187.0,131.0,6736.0,3960.0,False,False
2884,2022-10-31 09:42:50.706026,0.0,-0.004273504273504147,0.0,-0.09999999999999787,23.3,23.35,23.35,23.4,187.0,131.0,6936.0,3960.0,True,True
2884,2022-10-31 09:42:51.394666,0.0,-0.004273504273504147,0.0,-0.09999999999999787,23.3,23.35,23.35,23.4,187.0,130.0,6936.0,3960.0,False,False
2884,2022-10-31 09:42:52.729541,0.0,-0.004273504273504147,0.0,-0.09999999999999787,23.3,23.35,23.35,23.4,187.0,130.0,6936.0,3960.0,False,False
2884,2022-10-31 09:43:00.752308,0.0,-0.004273504273504147,0.0,-0.09999999999999787,23.3,23.35,23.35,23.4,187.0,130.0,6737.0,4000.0,True,True
2884,2022-10-31 09:43:02.672267,0.0,-0.004273504273504147,0.0,-0.09999999999999787,23.3,23.35,23.35,23.4,187.0,127.0,6737.0,4000.0,False,False
2884,2022-10-31 09:43:02.767572,0.0,-0.004273504273504147,0.0,-0.09999999999999787,23.3,23.35,23.35,23.4,193.0,127.0,6737.0,4000.0,False,False
2884,2022-10-31 09:43:03.000199,0.0,-0.004273504273504147,0.0,-0.09999999999999787,23.3,23.35,23.35,23.4,193.0,128.0,6737.0,4000.0,False,False
2884,2022-10-31 09:43:03.747739,0.0,-0.004273504273504147,0.0,-0.09999999999999787,23.3,23.35,23.35,23.4,193.0,128.0,6737.0,4000.0,False,False
2884,2022-10-31 09:43:04.569354,0.0,-0.004273504273504147,0.0,-0.09999999999999787,23.3,23.35,23.35,23.4,193.0,127.0,6737.0,4000.0,False,False
2884,2022-10-31 09:43:09.986699,0.0,-0.004273504273504147,0.0,-0.09999999999999787,23.3,23.35,23.35,23.4,193.0,127.0,8191.0,4000.0,False,True
2884,2022-10-31 09:43:11.504805,0.0,-0.004273504273504147,0.0,-0.09999999999999787,23.3,23.35,23.35,23.4,193.0,127.0,8191.0,4000.0,False,False
2884,2022-10-31 09:43:13.906984,0.0,-0.004273504273504147,0.0,-0.09999999999999787,23.3,23.35,23.35,23.4,193.0,126.0,8191.0,4000.0,False,False
2884,2022-10-31 09:43:17.729074,0.0,-0.004273504273504147,0.0,-0.09999999999999787,23.3,23.35,23.35,23.4,187.0,126.0,8191.0,4000.0,False,False
2884,2022-10-31 09:43:20.026430,0.0,-0.004273504273504147,0.0,-0.09999999999999787,23.3,23.35,23.35,23.4,187.0,126.0,7192.0,4000.0,True,True
2884,2022-10-31 09:43:20.744597,0.0,-0.004273504273504147,0.0,-0.09999999999999787,23.3,23.35,23.35,23.4,188.0,126.0,7192.0,4000.0,False,False
2884,2022-10-31 09:43:21.097589,0.0,-0.004273504273504147,0.0,-0.09999999999999787,23.3,23.35,23.35,23.4,189.0,126.0,7192.0,4000.0,False,False
2884,2022-10-31 09:43:30.070188,0.0,-0.004273504273504147,0.0,-0.09999999999999787,23.3,23.35,23.35,23.4,189.0,126.0,7192.0,4000.0,True,True
2884,2022-10-31 09:43:30.355275,0.0,-0.004273504273504147,0.0,-0.09999999999999787,23.3,23.35,23.35,23.4,189.0,120.0,7192.0,4000.0,False,False
2884,2022-10-31 09:43:30.444159,0.0,-0.004273504273504147,0.0,-0.09999999999999787,23.3,23.35,23.35,23.4,195.0,120.0,7192.0,4000.0,False,False
2884,2022-10-31 09:43:31.607125,0.0,-0.004273504273504147,0.0,-0.09999999999999787,23.3,23.35,23.35,23.4,196.0,120.0,7192.0,4000.0,False,False
2884,2022-10-31 09:43:36.887239,0.0,-0.004273504273504147,0.0,-0.09999999999999787,23.3,23.35,23.35,23.4,196.0,120.0,7192.0,4000.0,False,False
2884,2022-10-31 09:43:40.112708,0.0,-0.004273504273504147,0.0,-0.09999999999999787,23.3,23.35,23.35,23.4,196.0,120.0,7192.0,4000.0,True,True
2884,2022-10-31 09:43:46.321938,0.0,-0.004273504273504147,0.0,-0.09999999999999787,23.3,23.35,23.35,23.4,196.0,118.0,7192.0,4000.0,False,False
2884,2022-10-31 09:43:48.427438,0.0,-0.004273504273504147,0.0,-0.09999999999999787,23.3,23.35,23.35,23.4,196.0,117.0,7192.0,4000.0,False,False
2884,2022-10-31 09:43:50.162902,0.0,-0.004273504273504147,0.0,-0.09999999999999787,23.3,23.35,23.35,23.4,196.0,117.0,7220.0,4000.0,True,True
2884,2022-10-31 09:43:55.535375,0.0,-0.004273504273504147,0.0,-0.09999999999999787,23.3,23.35,23.35,23.4,200.0,117.0,7220.0,4000.0,False,False
2884,2022-10-31 09:43:57.218814,0.0,-0.004273504273504147,0.0,-0.09999999999999787,23.3,23.35,23.35,23.4,200.0,103.0,7220.0,4000.0,False,False
2884,2022-10-31 09:44:00.202287,0.0,-0.004273504273504147,0.0,-0.09999999999999787,23.3,23.35,23.35,23.4,200.0,103.0,7230.0,4000.0,True,True
2884,2022-10-31 09:44:00.983691,0.0,-0.004273504273504147,0.0,-0.09999999999999787,23.3,23.35,23.35,23.4,200.0,103.0,7230.0,4000.0,False,False
2884,2022-10-31 09:44:06.031013,0.0,-0.004273504273504147,0.0,-0.09999999999999787,23.3,23.35,23.35,23.4,200.0,103.0,7230.0,4000.0,False,False
2884,2022-10-31 09:44:07.321207,0.0,-0.004273504273504147,0.0,-0.09999999999999787,23.3,23.35,23.35,23.4,200.0,101.0,7230.0,4000.0,False,False
2884,2022-10-31 09:44:07.374227,0.0,-0.004273504273504147,0.0,-0.09999999999999787,23.3,23.35,23.35,23.4,200.0,74.0,7230.0,4000.0,False,False
2884,2022-10-31 09:44:10.241416,0.0,-0.004273504273504147,0.0,-0.09999999999999787,23.3,23.35,23.35,23.4,200.0,74.0,7530.0,4000.0,True,True
2884,2022-10-31 09:44:16.540244,0.0,-0.004273504273504147,0.0,-0.09999999999999787,23.3,23.35,23.35,23.4,200.0,73.0,7530.0,4000.0,False,False
2884,2022-10-31 09:44:17.280918,0.0,-0.004273504273504147,0.0,-0.09999999999999787,23.3,23.35,23.35,23.4,201.0,73.0,7530.0,4000.0,False,False
2884,2022-10-31 09:44:19.560243,0.0,-0.004273504273504147,0.0,-0.09999999999999787,23.3,23.35,23.35,23.4,200.0,73.0,7530.0,4000.0,False,False
2884,2022-10-31 09:44:19.561231,0.0,-0.004273504273504147,0.0,-0.09999999999999787,23.3,23.35,23.35,23.4,197.0,60.0,7530.0,4000.0,False,False
2884,2022-10-31 09:44:19.562235,0.0,-0.004273504273504147,0.0,-0.09999999999999787,23.3,23.35,23.35,23.4,190.0,60.0,7530.0,4000.0,False,False
2884,2022-10-31 09:44:20.286349,0.0,-0.004273504273504147,0.0,-0.09999999999999787,23.3,23.35,23.35,23.4,190.0,59.0,7530.0,4000.0,False,False
2884,2022-10-31 09:44:20.287808,0.0,-0.004273504273504147,0.0,-0.09999999999999787,23.3,23.35,23.35,23.4,189.0,59.0,7530.0,4000.0,False,False
2884,2022-10-31 09:44:22.285308,0.0,-0.004273504273504147,0.0,-0.09999999999999787,23.3,23.35,23.35,23.4,189.0,59.0,7530.0,4000.0,False,False
2884,2022-10-31 09:44:23.466886,0.0,-0.004273504273504147,0.0,-0.09999999999999787,23.3,23.35,23.35,23.4,189.0,58.0,7530.0,4000.0,False,False
2884,2022-10-31 09:44:24.275925,0.0,-0.004273504273504147,0.0,-0.09999999999999787,23.3,23.35,23.35,23.4,189.0,57.0,7530.0,4000.0,False,False
2884,2022-10-31 09:44:29.274815,0.0,-0.004273504273504147,0.0,-0.09999999999999787,23.3,23.35,23.35,23.4,189.0,56.0,7530.0,4000.0,False,False
2884,2022-10-31 09:44:30.327958,0.0,-0.004273504273504147,0.0,-0.09999999999999787,23.3,23.35,23.35,23.4,189.0,56.0,7650.0,4000.0,True,True
2884,2022-10-31 09:44:31.764282,0.0,-0.004273504273504147,0.0,-0.09999999999999787,23.3,23.35,23.35,23.4,189.0,56.0,7650.0,4000.0,False,False
2884,2022-10-31 09:44:31.821544,0.0,-0.004273504273504147,0.0,-0.09999999999999787,23.3,23.35,23.35,23.4,189.0,54.0,7650.0,4000.0,False,False
2884,2022-10-31 09:44:33.950503,0.0,-0.004273504273504147,0.0,-0.09999999999999787,23.3,23.35,23.35,23.4,189.0,53.0,7650.0,4000.0,False,False
2884,2022-10-31 09:44:37.189901,0.0,-0.004273504273504147,0.0,-0.09999999999999787,23.3,23.35,23.35,23.4,189.0,51.0,7650.0,4000.0,False,False
2884,2022-10-31 09:44:38.234798,0.0,-0.004273504273504147,0.0,-0.09999999999999787,23.3,23.35,23.35,23.4,189.0,49.0,7650.0,4000.0,False,False
2884,2022-10-31 09:44:40.372144,0.0,-0.004273504273504147,0.0,-0.09999999999999787,23.3,23.35,23.35,23.4,189.0,49.0,7710.0,4000.0,True,True
2884,2022-10-31 09:44:47.656654,0.0,-0.004273504273504147,0.0,-0.09999999999999787,23.3,23.35,23.35,23.4,189.0,50.0,7710.0,4000.0,False,False
2884,2022-10-31 09:44:47.772094,0.0,-0.004273504273504147,0.0,-0.09999999999999787,23.3,23.35,23.35,23.4,188.0,49.0,7710.0,4000.0,False,False
2884,2022-10-31 09:44:52.351340,0.0,-0.004273504273504147,0.0,-0.09999999999999787,23.3,23.35,23.35,23.4,188.0,50.0,7710.0,4000.0,False,False
2884,2022-10-31 09:44:54.381690,0.0,-0.004273504273504147,0.0,-0.09999999999999787,23.3,23.35,23.35,23.4,188.0,49.0,7710.0,4000.0,False,False
2884,2022-10-31 09:44:56.496959,0.0,-0.004273504273504147,0.0,-0.09999999999999787,23.3,23.35,23.35,23.4,188.0,50.0,7710.0,4000.0,False,False
2884,2022-10-31 09:44:59.140369,0.0,-0.004273504273504147,0.0,-0.09999999999999787,23.3,23.35,23.35,23.4,188.0,40.0,7710.0,4000.0,False,False
2884,2022-10-31 09:44:59.196102,0.0,-0.004273504273504147,0.0,-0.09999999999999787,23.3,23.35,23.35,23.4,188.0,41.0,7710.0,4000.0,False,False
2884,2022-10-31 09:45:01.641332,0.0,-0.004273504273504147,0.0,-0.09999999999999787,23.3,23.35,23.35,23.4,191.0,41.0,7710.0,4000.0,False,False
2884,2022-10-31 09:45:03.472820,0.0,-0.004273504273504147,0.0,-0.09999999999999787,23.3,23.35,23.35,23.4,192.0,41.0,7710.0,4000.0,False,False
2884,2022-10-31 09:45:03.560257,0.0,-0.004273504273504147,0.0,-0.09999999999999787,23.3,23.35,23.35,23.4,192.0,43.0,7710.0,4000.0,False,False
2884,2022-10-31 09:45:03.763945,0.0,-0.004273504273504147,0.0,-0.09999999999999787,23.3,23.35,23.35,23.4,192.0,37.0,7710.0,4000.0,False,False
2884,2022-10-31 09:45:04.405127,0.0,-0.004273504273504147,0.0,-0.09999999999999787,23.3,23.35,23.35,23.4,197.0,37.0,7710.0,4000.0,False,False
2884,2022-10-31 09:45:04.789079,0.0,-0.004273504273504147,0.0,-0.09999999999999787,23.3,23.35,23.35,23.4,197.0,36.0,7710.0,4000.0,False,False
2884,2022-10-31 09:45:07.505911,0.0,-0.004273504273504147,0.0,-0.09999999999999787,23.3,23.35,23.35,23.4,197.0,32.0,7710.0,4000.0,False,False
2884,2022-10-31 09:45:16.943531,0.0,-0.004273504273504147,0.0,-0.09999999999999787,23.3,23.35,23.35,23.4,197.0,31.0,7710.0,4000.0,False,False
2884,2022-10-31 09:45:20.805819,0.0,-0.004273504273504147,0.0,-0.09999999999999787,23.3,23.35,23.35,23.4,197.0,31.0,7968.0,4000.0,True,True
2884,2022-10-31 09:45:20.801828,0.0,-0.004273504273504147,0.0,-0.09999999999999787,23.3,23.35,23.35,23.4,197.0,30.0,7968.0,4000.0,False,False
2884,2022-10-31 09:45:23.401151,0.0,-0.004273504273504147,0.0,-0.09999999999999787,23.3,23.35,23.35,23.4,197.0,31.0,7968.0,4000.0,False,False
2884,2022-10-31 09:45:26.156350,0.0,-0.004273504273504147,0.0,-0.09999999999999787,23.3,23.35,23.35,23.4,197.0,30.0,7968.0,4000.0,False,False
2884,2022-10-31 09:45:26.157635,0.0,-0.004273504273504147,0.0,-0.09999999999999787,23.3,23.35,23.35,23.4,197.0,30.0,7968.0,4000.0,False,False
2884,2022-10-31 09:45:30.253837,0.0,-0.004273504273504147,0.0,-0.09999999999999787,23.3,23.35,23.35,23.4,198.0,30.0,7968.0,4000.0,False,False
2884,2022-10-31 09:45:30.820865,0.0,-0.004273504273504147,0.0,-0.09999999999999787,23.3,23.35,23.35,23.4,198.0,30.0,7968.0,4000.0,False,False
2884,2022-10-31 09:45:37.398247,0.0,-0.004273504273504147,0.0,-0.09999999999999787,23.3,23.35,23.35,23.4,198.0,29.0,7968.0,4000.0,False,False
2884,2022-10-31 09:45:40.862722,0.0,-0.004273504273504147,0.0,-0.09999999999999787,23.3,23.35,23.35,23.4,198.0,29.0,8068.0,4000.0,True,True
2884,2022-10-31 09:45:41.444820,0.0,-0.004273504273504147,0.0,-0.09999999999999787,23.3,23.35,23.35,23.4,198.0,31.0,8068.0,4000.0,False,False
2884,2022-10-31 09:45:43.954397,0.0,-0.004273504273504147,0.0,-0.09999999999999787,23.3,23.35,23.35,23.4,198.0,31.0,8068.0,4000.0,False,False
2884,2022-10-31 09:45:49.233380,0.0,-0.004273504273504147,0.0,-0.09999999999999787,23.3,23.35,23.35,23.4,198.0,31.0,8068.0,4000.0,False,False
2884,2022-10-31 09:45:53.303941,0.0,-0.004273504273504147,0.0,-0.09999999999999787,23.3,23.35,23.35,23.4,198.0,31.0,8068.0,4000.0,False,False
2884,2022-10-31 09:45:59.231423,0.0,-0.004273504273504147,0.0,-0.09999999999999787,23.3,23.35,23.35,23.4,198.0,30.0,8068.0,4000.0,False,False
2884,2022-10-31 09:45:59.431127,0.0,-0.004273504273504147,0.0,-0.09999999999999787,23.3,23.35,23.35,23.4,198.0,30.0,8068.0,4000.0,False,False
2884,2022-10-31 09:46:00.913384,0.0,-0.004273504273504147,0.0,-0.09999999999999787,23.3,23.35,23.35,23.4,198.0,30.0,7678.0,4000.0,True,True
2884,2022-10-31 09:46:01.972605,0.0,-0.004273504273504147,0.0,-0.09999999999999787,23.3,23.35,23.35,23.4,198.0,30.0,7678.0,4000.0,False,False
2884,2022-10-31 09:46:07.127396,0.0,-0.004273504273504147,0.0,-0.09999999999999787,23.3,23.35,23.35,23.4,198.0,30.0,7678.0,4000.0,False,False
2884,2022-10-31 09:46:09.187740,0.0,-0.004273504273504147,0.0,-0.09999999999999787,23.3,23.35,23.35,23.4,199.0,30.0,7678.0,4000.0,False,False
2884,2022-10-31 09:46:10.147000,0.0,-0.004273504273504147,0.0,-0.09999999999999787,23.3,23.35,23.35,23.4,199.0,30.0,8707.0,4000.0,False,True
2884,2022-10-31 09:46:11.853409,0.0,-0.004273504273504147,0.0,-0.09999999999999787,23.3,23.35,23.35,23.4,199.0,30.0,8707.0,4000.0,False,False
2884,2022-10-31 09:46:19.434321,0.0,-0.004273504273504147,0.0,-0.09999999999999787,23.3,23.35,23.35,23.4,199.0,28.0,8707.0,4000.0,False,False
2884,2022-10-31 09:46:19.483941,0.0,-0.004273504273504147,0.0,-0.09999999999999787,23.3,23.35,23.35,23.4,199.0,29.0,8707.0,4000.0,False,False
2884,2022-10-31 09:46:20.187622,0.0,-0.004273504273504147,0.0,-0.09999999999999787,23.3,23.35,23.35,23.4,199.0,29.0,7708.0,4000.0,True,True
2884,2022-10-31 09:46:21.537469,0.0,-0.004273504273504147,0.0,-0.09999999999999787,23.3,23.35,23.35,23.4,199.0,29.0,7708.0,4000.0,False,False
2884,2022-10-31 09:46:26.606786,0.0,-0.004273504273504147,0.0,-0.09999999999999787,23.3,23.35,23.35,23.4,200.0,29.0,7708.0,4000.0,False,False
2884,2022-10-31 09:46:27.207671,0.0,-0.004273504273504147,0.0,-0.09999999999999787,23.3,23.35,23.35,23.4,200.0,29.0,7708.0,4000.0,False,False
2884,2022-10-31 09:46:30.141998,0.0,-0.004273504273504147,0.0,-0.09999999999999787,23.3,23.35,23.35,23.4,200.0,6.0,7708.0,4000.0,False,False
2884,2022-10-31 09:46:30.185477,-0.002136752136752018,-0.004273504273504147,-0.04999999999999716,-0.09999999999999787,23.3,23.4,23.35,23.4,200.0,465.0,7708.0,4000.0,False,False
2884,2022-10-31 09:46:30.215424,-0.002136752136752018,-0.004273504273504147,-0.04999999999999716,-0.09999999999999787,23.3,23.4,23.35,23.4,200.0,465.0,8008.0,4000.0,True,True
2884,2022-10-31 09:46:30.218078,-0.002136752136752018,-0.004273504273504147,-0.04999999999999716,-0.09999999999999787,23.3,23.4,23.35,23.4,200.0,465.0,8008.0,4000.0,False,False
2884,2022-10-31 09:46:30.240253,0.0,-0.004273504273504147,0.0,-0.09999999999999787,23.3,23.35,23.35,23.4,221.0,1.0,8008.0,4000.0,False,False
2884,2022-10-31 09:46:30.333070,0.0,-0.004273504273504147,0.0,-0.09999999999999787,23.3,23.35,23.35,23.4,221.0,146.0,8008.0,4000.0,False,False
2884,2022-10-31 09:46:31.539319,0.0,-0.004273504273504147,0.0,-0.09999999999999787,23.3,23.35,23.35,23.4,221.0,146.0,8008.0,4000.0,False,False
2884,2022-10-31 09:46:32.252557,0.0,-0.004273504273504147,0.0,-0.09999999999999787,23.3,23.35,23.35,23.4,221.0,144.0,8008.0,4000.0,False,False
2884,2022-10-31 09:46:32.285589,0.0,-0.004273504273504147,0.0,-0.09999999999999787,23.3,23.35,23.35,23.4,200.0,144.0,8008.0,4000.0,False,False
2884,2022-10-31 09:46:32.360899,-0.002136752136752018,-0.004273504273504147,-0.04999999999999716,-0.09999999999999787,23.3,23.4,23.35,23.4,200.0,487.0,8008.0,4000.0,False,False
2884,2022-10-31 09:46:32.441060,-0.002136752136752018,-0.004273504273504147,-0.04999999999999716,-0.09999999999999787,23.3,23.4,23.35,23.4,200.0,508.0,8008.0,4000.0,False,False
2884,2022-10-31 09:46:32.606805,-0.002136752136752018,-0.004273504273504147,-0.04999999999999716,-0.09999999999999787,23.3,23.4,23.35,23.4,200.0,511.0,8008.0,4000.0,False,False
2884,2022-10-31 09:46:37.118620,-0.002136752136752018,-0.004273504273504147,-0.04999999999999716,-0.09999999999999787,23.3,23.4,23.35,23.4,201.0,511.0,8008.0,4000.0,False,False
2884,2022-10-31 09:46:38.080878,-0.002136752136752018,-0.002136752136752018,-0.04999999999999716,-0.04999999999999716,23.35,23.4,23.35,23.4,1.0,511.0,8008.0,4000.0,False,False
2884,2022-10-31 09:46:38.096045,-0.002136752136752018,-0.002136752136752018,-0.04999999999999716,-0.04999999999999716,23.35,23.4,23.35,23.4,1.0,490.0,8008.0,4000.0,False,False
2884,2022-10-31 09:46:38.239217,-0.002136752136752018,-0.002136752136752018,-0.04999999999999716,-0.04999999999999716,23.35,23.4,23.35,23.4,17.0,490.0,8008.0,4000.0,False,False
2884,2022-10-31 09:46:38.304565,-0.002136752136752018,-0.002136752136752018,-0.04999999999999716,-0.04999999999999716,23.35,23.4,23.35,23.4,17.0,490.0,8008.0,4000.0,False,False
2884,2022-10-31 09:46:38.507444,-0.002136752136752018,-0.002136752136752018,-0.04999999999999716,-0.04999999999999716,23.35,23.4,23.35,23.4,17.0,490.0,8008.0,4000.0,False,False
2884,2022-10-31 09:46:38.508165,-0.002136752136752018,-0.002136752136752018,-0.04999999999999716,-0.04999999999999716,23.35,23.4,23.35,23.4,17.0,490.0,8008.0,4000.0,False,False
2884,2022-10-31 09:46:40.245318,-0.002136752136752018,-0.002136752136752018,-0.04999999999999716,-0.04999999999999716,23.35,23.4,23.35,23.4,17.0,490.0,9457.0,4999.0,True,True
2884,2022-10-31 09:46:40.291491,-0.002136752136752018,-0.002136752136752018,-0.04999999999999716,-0.04999999999999716,23.35,23.4,23.35,23.4,17.0,490.0,9457.0,4999.0,False,False
2884,2022-10-31 09:46:40.365528,-0.002136752136752018,-0.002136752136752018,-0.04999999999999716,-0.04999999999999716,23.35,23.4,23.35,23.4,17.0,490.0,9457.0,4999.0,False,False
2884,2022-10-31 09:46:40.524985,-0.002136752136752018,-0.002136752136752018,-0.04999999999999716,-0.04999999999999716,23.35,23.4,23.35,23.4,23.0,490.0,9457.0,4999.0,False,False
2884,2022-10-31 09:46:40.902241,-0.002136752136752018,-0.002136752136752018,-0.04999999999999716,-0.04999999999999716,23.35,23.4,23.35,23.4,1.0,490.0,9457.0,4999.0,False,False
2884,2022-10-31 09:46:40.907411,-0.002136752136752018,-0.002136752136752018,-0.04999999999999716,-0.04999999999999716,23.35,23.4,23.35,23.4,1.0,484.0,9457.0,4999.0,False,False
2884,2022-10-31 09:46:41.316672,-0.002136752136752018,-0.002136752136752018,-0.04999999999999716,-0.04999999999999716,23.35,23.4,23.35,23.4,1.0,484.0,9457.0,4999.0,False,False
2884,2022-10-31 09:46:48.247091,-0.002136752136752018,-0.002136752136752018,-0.04999999999999716,-0.04999999999999716,23.35,23.4,23.35,23.4,2.0,484.0,9457.0,4999.0,False,False
2884,2022-10-31 09:46:50.275376,-0.002136752136752018,-0.002136752136752018,-0.04999999999999716,-0.04999999999999716,23.35,23.4,23.35,23.4,2.0,484.0,9737.0,4999.0,True,True
2884,2022-10-31 09:46:56.969024,-0.002136752136752018,-0.002136752136752018,-0.04999999999999716,-0.04999999999999716,23.35,23.4,23.35,23.4,2.0,484.0,9737.0,4999.0,False,False
2884,2022-10-31 09:46:59.781916,-0.002136752136752018,-0.002136752136752018,-0.04999999999999716,-0.04999999999999716,23.35,23.4,23.35,23.4,2.0,484.0,9737.0,4999.0,False,False
2884,2022-10-31 09:47:00.314580,-0.002136752136752018,-0.002136752136752018,-0.04999999999999716,-0.04999999999999716,23.35,23.4,23.35,23.4,2.0,484.0,9737.0,4999.0,True,True
2884,2022-10-31 09:47:00.701439,-0.002136752136752018,-0.002136752136752018,-0.04999999999999716,-0.04999999999999716,23.35,23.4,23.35,23.4,2.0,484.0,9737.0,4999.0,False,False
2884,2022-10-31 09:47:00.828134,-0.002136752136752018,-0.002136752136752018,-0.04999999999999716,-0.04999999999999716,23.35,23.4,23.35,23.4,6.0,484.0,9737.0,4999.0,False,False
2884,2022-10-31 09:47:02.716393,-0.002136752136752018,-0.002136752136752018,-0.04999999999999716,-0.04999999999999716,23.35,23.4,23.35,23.4,6.0,447.0,9737.0,4999.0,False,False
2884,2022-10-31 09:47:03.281789,-0.002136752136752018,-0.002136752136752018,-0.04999999999999716,-0.04999999999999716,23.35,23.4,23.35,23.4,6.0,447.0,9737.0,4999.0,False,False
2884,2022-10-31 09:47:06.955907,-0.002136752136752018,-0.002136752136752018,-0.04999999999999716,-0.04999999999999716,23.35,23.4,23.35,23.4,6.0,447.0,9737.0,4999.0,False,False
2884,2022-10-31 09:47:10.355859,-0.002136752136752018,-0.002136752136752018,-0.04999999999999716,-0.04999999999999716,23.35,23.4,23.35,23.4,6.0,447.0,9744.0,4999.0,True,True
2884,2022-10-31 09:47:13.660593,-0.002136752136752018,-0.002136752136752018,-0.04999999999999716,-0.04999999999999716,23.35,23.4,23.35,23.4,5.0,447.0,9744.0,4999.0,False,False
2884,2022-10-31 09:47:18.165312,-0.002136752136752018,-0.002136752136752018,-0.04999999999999716,-0.04999999999999716,23.35,23.4,23.35,23.4,5.0,447.0,9744.0,4999.0,False,False
2884,2022-10-31 09:47:29.152474,-0.002136752136752018,-0.002136752136752018,-0.04999999999999716,-0.04999999999999716,23.35,23.4,23.35,23.4,45.0,447.0,9744.0,4999.0,False,False
2884,2022-10-31 09:47:29.639593,-0.002136752136752018,-0.002136752136752018,-0.04999999999999716,-0.04999999999999716,23.35,23.4,23.35,23.4,46.0,447.0,9744.0,4999.0,False,False
2884,2022-10-31 09:47:30.424366,-0.002136752136752018,-0.002136752136752018,-0.04999999999999716,-0.04999999999999716,23.35,23.4,23.35,23.4,46.0,447.0,9972.0,5021.0,True,True
2884,2022-10-31 09:47:30.502389,-0.002136752136752018,-0.002136752136752018,-0.04999999999999716,-0.04999999999999716,23.35,23.4,23.35,23.4,46.0,447.0,9972.0,5021.0,False,False
2884,2022-10-31 09:47:30.512882,-0.002136752136752018,-0.002136752136752018,-0.04999999999999716,-0.04999999999999716,23.35,23.4,23.35,23.4,46.0,447.0,9972.0,5021.0,False,False
2884,2022-10-31 09:47:34.566658,-0.002136752136752018,-0.002136752136752018,-0.04999999999999716,-0.04999999999999716,23.35,23.4,23.35,23.4,6.0,447.0,9972.0,5021.0,False,False
2884,2022-10-31 09:47:34.584315,-0.002136752136752018,-0.002136752136752018,-0.04999999999999716,-0.04999999999999716,23.35,23.4,23.35,23.4,28.0,447.0,9972.0,5021.0,False,False
2884,2022-10-31 09:47:35.524271,-0.002136752136752018,-0.002136752136752018,-0.04999999999999716,-0.04999999999999716,23.35,23.4,23.35,23.4,28.0,447.0,9972.0,5021.0,False,False
2884,2022-10-31 09:47:37.880679,-0.002136752136752018,-0.002136752136752018,-0.04999999999999716,-0.04999999999999716,23.35,23.4,23.35,23.4,27.0,447.0,9972.0,5021.0,False,False
2884,2022-10-31 09:47:37.899937,-0.002136752136752018,-0.002136752136752018,-0.04999999999999716,-0.04999999999999716,23.35,23.4,23.35,23.4,27.0,447.0,9972.0,5021.0,False,False
2884,2022-10-31 09:47:40.256479,-0.002136752136752018,-0.002136752136752018,-0.04999999999999716,-0.04999999999999716,23.35,23.4,23.35,23.4,27.0,447.0,9972.0,5021.0,False,False
2884,2022-10-31 09:47:40.454538,-0.002136752136752018,-0.002136752136752018,-0.04999999999999716,-0.04999999999999716,23.35,23.4,23.35,23.4,27.0,447.0,9894.0,5021.0,True,True
2884,2022-10-31 09:47:40.646111,-0.002136752136752018,-0.002136752136752018,-0.04999999999999716,-0.04999999999999716,23.35,23.4,23.35,23.4,27.0,447.0,9894.0,5021.0,False,False
2884,2022-10-31 09:47:43.623837,-0.002136752136752018,-0.002136752136752018,-0.04999999999999716,-0.04999999999999716,23.35,23.4,23.35,23.4,28.0,447.0,9894.0,5021.0,False,False
2884,2022-10-31 09:47:45.393111,-0.002136752136752018,-0.002136752136752018,-0.04999999999999716,-0.04999999999999716,23.35,23.4,23.35,23.4,74.0,447.0,9894.0,5021.0,False,False
2884,2022-10-31 09:47:45.492782,-0.002136752136752018,-0.002136752136752018,-0.04999999999999716,-0.04999999999999716,23.35,23.4,23.35,23.4,75.0,447.0,9894.0,5021.0,False,False
2884,2022-10-31 09:47:48.204514,-0.002136752136752018,-0.002136752136752018,-0.04999999999999716,-0.04999999999999716,23.35,23.4,23.35,23.4,105.0,447.0,9894.0,5021.0,False,False
2884,2022-10-31 09:47:48.682210,-0.002136752136752018,-0.002136752136752018,-0.04999999999999716,-0.04999999999999716,23.35,23.4,23.35,23.4,105.0,447.0,9894.0,5021.0,False,False
2884,2022-10-31 09:47:49.506337,-0.002136752136752018,-0.002136752136752018,-0.04999999999999716,-0.04999999999999716,23.35,23.4,23.35,23.4,105.0,447.0,9894.0,5021.0,False,False
2884,2022-10-31 09:47:50.488630,-0.002136752136752018,-0.002136752136752018,-0.04999999999999716,-0.04999999999999716,23.35,23.4,23.35,23.4,105.0,447.0,10094.0,5021.0,True,True
2884,2022-10-31 09:47:50.966001,-0.002136752136752018,-0.002136752136752018,-0.04999999999999716,-0.04999999999999716,23.35,23.4,23.35,23.4,106.0,447.0,10094.0,5021.0,False,False
2884,2022-10-31 09:47:51.512324,-0.002136752136752018,-0.002136752136752018,-0.04999999999999716,-0.04999999999999716,23.35,23.4,23.35,23.4,60.0,447.0,10094.0,5021.0,False,False
2884,2022-10-31 09:47:56.155417,-0.002136752136752018,-0.002136752136752018,-0.04999999999999716,-0.04999999999999716,23.35,23.4,23.35,23.4,61.0,447.0,10094.0,5021.0,False,False
2884,2022-10-31 09:47:57.165297,-0.002136752136752018,-0.002136752136752018,-0.04999999999999716,-0.04999999999999716,23.35,23.4,23.35,23.4,62.0,447.0,10094.0,5021.0,False,False
2884,2022-10-31 09:48:00.393999,-0.002136752136752018,-0.002136752136752018,-0.04999999999999716,-0.04999999999999716,23.35,23.4,23.35,23.4,67.0,447.0,10094.0,5021.0,False,False
2884,2022-10-31 09:48:00.531102,-0.002136752136752018,-0.002136752136752018,-0.04999999999999716,-0.04999999999999716,23.35,23.4,23.35,23.4,67.0,447.0,10105.0,5021.0,True,True
2884,2022-10-31 09:48:01.025669,-0.004264392324093702,-0.002136752136752018,-0.09999999999999787,-0.04999999999999716,23.35,23.45,23.35,23.4,67.0,461.0,10105.0,5021.0,False,False
2884,2022-10-31 09:48:01.060263,-0.004264392324093702,-0.002136752136752018,-0.09999999999999787,-0.04999999999999716,23.35,23.45,23.35,23.4,67.0,461.0,10105.0,5021.0,False,False
2884,2022-10-31 09:48:01.082615,-0.004264392324093702,-0.002136752136752018,-0.09999999999999787,-0.04999999999999716,23.35,23.45,23.35,23.4,67.0,496.0,10105.0,5021.0,False,False
2884,2022-10-31 09:48:01.085869,-0.004264392324093702,-0.002136752136752018,-0.09999999999999787,-0.04999999999999716,23.35,23.45,23.35,23.4,67.0,496.0,10105.0,5021.0,False,False
2884,2022-10-31 09:48:02.322721,-0.004264392324093702,-0.002136752136752018,-0.09999999999999787,-0.04999999999999716,23.35,23.45,23.35,23.4,113.0,496.0,10105.0,5021.0,False,False
2884,2022-10-31 09:48:02.353293,-0.004264392324093702,-0.002136752136752018,-0.09999999999999787,-0.04999999999999716,23.35,23.45,23.35,23.4,113.0,496.0,10105.0,5021.0,False,False
2884,2022-10-31 09:48:02.399806,-0.004264392324093702,-0.002136752136752018,-0.09999999999999787,-0.04999999999999716,23.35,23.45,23.35,23.4,113.0,496.0,10105.0,5021.0,False,False
2884,2022-10-31 09:48:02.939875,-0.004264392324093702,-0.002136752136752018,-0.09999999999999787,-0.04999999999999716,23.35,23.45,23.35,23.4,113.0,496.0,10105.0,5021.0,False,False
2884,2022-10-31 09:48:04.484851,-0.004264392324093702,-0.002136752136752018,-0.09999999999999787,-0.04999999999999716,23.35,23.45,23.35,23.4,113.0,496.0,10105.0,5021.0,False,False
2884,2022-10-31 09:48:04.488282,-0.004264392324093702,-0.002136752136752018,-0.09999999999999787,-0.04999999999999716,23.35,23.45,23.35,23.4,113.0,496.0,10105.0,5021.0,False,False
2884,2022-10-31 09:48:04.814726,-0.004264392324093702,-0.002136752136752018,-0.09999999999999787,-0.04999999999999716,23.35,23.45,23.35,23.4,114.0,496.0,10105.0,5021.0,False,False
2884,2022-10-31 09:48:10.567398,-0.004264392324093702,-0.002136752136752018,-0.09999999999999787,-0.04999999999999716,23.35,23.45,23.35,23.4,114.0,496.0,10305.0,5021.0,True,True
2884,2022-10-31 09:48:12.090213,-0.004264392324093702,0.0,-0.09999999999999787,0.0,23.4,23.45,23.35,23.4,1.0,496.0,10305.0,5021.0,False,False
2884,2022-10-31 09:48:12.176619,-0.004264392324093702,0.0,-0.09999999999999787,0.0,23.4,23.45,23.35,23.4,23.0,496.0,10305.0,5021.0,False,False
2884,2022-10-31 09:48:12.230242,-0.004264392324093702,0.0,-0.09999999999999787,0.0,23.4,23.45,23.35,23.4,23.0,496.0,10305.0,5021.0,False,False
2884,2022-10-31 09:48:15.324096,-0.004264392324093702,0.0,-0.09999999999999787,0.0,23.4,23.45,23.35,23.4,24.0,496.0,10305.0,5021.0,False,False
2884,2022-10-31 09:48:15.359450,-0.004264392324093702,0.0,-0.09999999999999787,0.0,23.4,23.45,23.35,23.4,2.0,496.0,10305.0,5021.0,False,False
2884,2022-10-31 09:48:15.532315,-0.004264392324093702,0.0,-0.09999999999999787,0.0,23.4,23.45,23.35,23.4,3.0,496.0,10305.0,5021.0,False,False
2884,2022-10-31 09:48:16.011440,-0.004264392324093702,0.0,-0.09999999999999787,0.0,23.4,23.45,23.35,23.4,3.0,496.0,10305.0,5021.0,False,False
2884,2022-10-31 09:48:18.176934,-0.004264392324093702,0.0,-0.09999999999999787,0.0,23.4,23.45,23.35,23.4,9.0,496.0,10305.0,5021.0,False,False
2884,2022-10-31 09:48:19.382360,-0.004264392324093702,0.0,-0.09999999999999787,0.0,23.4,23.45,23.35,23.4,9.0,496.0,10305.0,5021.0,False,False
2884,2022-10-31 09:48:19.895814,-0.004264392324093702,0.0,-0.09999999999999787,0.0,23.4,23.45,23.35,23.4,9.0,496.0,10305.0,5021.0,False,False
2884,2022-10-31 09:48:19.931579,-0.004264392324093702,0.0,-0.09999999999999787,0.0,23.4,23.45,23.35,23.4,9.0,525.0,10305.0,5021.0,False,False
2884,2022-10-31 09:48:19.980258,-0.004264392324093702,0.0,-0.09999999999999787,0.0,23.4,23.45,23.35,23.4,9.0,525.0,10305.0,5021.0,False,False
2884,2022-10-31 09:48:20.596110,-0.004264392324093702,0.0,-0.09999999999999787,0.0,23.4,23.45,23.35,23.4,9.0,525.0,12237.0,4878.0,True,True
2884,2022-10-31 09:48:21.450128,-0.004264392324093702,0.0,-0.09999999999999787,0.0,23.4,23.45,23.35,23.4,9.0,525.0,12237.0,4878.0,False,False
2884,2022-10-31 09:48:23.999355,-0.004264392324093702,0.0,-0.09999999999999787,0.0,23.4,23.45,23.35,23.4,12.0,525.0,12237.0,4878.0,False,False
2884,2022-10-31 09:48:24.037428,-0.004264392324093702,0.0,-0.09999999999999787,0.0,23.4,23.45,23.35,23.4,32.0,525.0,12237.0,4878.0,False,False
2884,2022-10-31 09:48:26.506892,-0.004264392324093702,0.0,-0.09999999999999787,0.0,23.4,23.45,23.35,23.4,27.0,525.0,12237.0,4878.0,False,False
2884,2022-10-31 09:48:28.004140,-0.004264392324093702,0.0,-0.09999999999999787,0.0,23.4,23.45,23.35,23.4,27.0,527.0,12237.0,4878.0,False,False
2884,2022-10-31 09:48:28.993782,-0.004264392324093702,0.0,-0.09999999999999787,0.0,23.4,23.45,23.35,23.4,27.0,528.0,12237.0,4878.0,False,False
2884,2022-10-31 09:48:29.718653,-0.004264392324093702,0.0,-0.09999999999999787,0.0,23.4,23.45,23.35,23.4,27.0,528.0,12237.0,4878.0,False,False
2884,2022-10-31 09:48:30.103994,-0.004264392324093702,0.0,-0.09999999999999787,0.0,23.4,23.45,23.35,23.4,31.0,528.0,12237.0,4878.0,False,False
2884,2022-10-31 09:48:30.624569,-0.004264392324093702,0.0,-0.09999999999999787,0.0,23.4,23.45,23.35,23.4,31.0,528.0,12237.0,4378.0,True,True
2884,2022-10-31 09:48:32.942366,-0.004264392324093702,0.0,-0.09999999999999787,0.0,23.4,23.45,23.35,23.4,32.0,528.0,12237.0,4378.0,False,False
2884,2022-10-31 09:48:33.024593,-0.004264392324093702,0.0,-0.09999999999999787,0.0,23.4,23.45,23.35,23.4,32.0,528.0,12237.0,4378.0,False,False
2884,2022-10-31 09:48:33.991714,-0.004264392324093702,0.0,-0.09999999999999787,0.0,23.4,23.45,23.35,23.4,31.0,528.0,12237.0,4378.0,False,False
2884,2022-10-31 09:48:34.899046,-0.004264392324093702,0.0,-0.09999999999999787,0.0,23.4,23.45,23.35,23.4,29.0,528.0,12237.0,4378.0,False,False
2884,2022-10-31 09:48:35.893371,-0.004264392324093702,0.0,-0.09999999999999787,0.0,23.4,23.45,23.35,23.4,29.0,528.0,12237.0,4378.0,False,False
2884,2022-10-31 09:48:35.951257,-0.004264392324093702,0.0,-0.09999999999999787,0.0,23.4,23.45,23.35,23.4,28.0,528.0,12237.0,4378.0,False,False
2884,2022-10-31 09:48:37.254929,-0.004264392324093702,0.0,-0.09999999999999787,0.0,23.4,23.45,23.35,23.4,28.0,528.0,12237.0,4378.0,False,False
2884,2022-10-31 09:48:39.890611,-0.004264392324093702,0.0,-0.09999999999999787,0.0,23.4,23.45,23.35,23.4,27.0,528.0,12237.0,4378.0,False,False
2884,2022-10-31 09:48:40.539958,-0.004264392324093702,0.0,-0.09999999999999787,0.0,23.4,23.45,23.35,23.4,27.0,528.0,12237.0,4378.0,False,False
2884,2022-10-31 09:48:40.656584,-0.004264392324093702,0.0,-0.09999999999999787,0.0,23.4,23.45,23.35,23.4,27.0,528.0,12237.0,3878.0,True,True
2884,2022-10-31 09:48:46.644074,-0.004264392324093702,0.0,-0.09999999999999787,0.0,23.4,23.45,23.35,23.4,27.0,528.0,12237.0,3878.0,False,False
2884,2022-10-31 09:48:46.704654,-0.004264392324093702,0.0,-0.09999999999999787,0.0,23.4,23.45,23.35,23.4,32.0,528.0,12237.0,3878.0,False,False
2884,2022-10-31 09:48:48.040513,-0.004264392324093702,0.0,-0.09999999999999787,0.0,23.4,23.45,23.35,23.4,32.0,528.0,12237.0,3878.0,False,False
2884,2022-10-31 09:48:49.270093,-0.004264392324093702,0.0,-0.09999999999999787,0.0,23.4,23.45,23.35,23.4,32.0,528.0,12237.0,3878.0,False,False
2884,2022-10-31 09:48:49.416843,-0.004264392324093702,0.0,-0.09999999999999787,0.0,23.4,23.45,23.35,23.4,34.0,528.0,12237.0,3878.0,False,False
2884,2022-10-31 09:48:50.051177,-0.004264392324093702,0.0,-0.09999999999999787,0.0,23.4,23.45,23.35,23.4,35.0,528.0,12237.0,3878.0,False,False
2884,2022-10-31 09:48:50.691904,-0.004264392324093702,0.0,-0.09999999999999787,0.0,23.4,23.45,23.35,23.4,35.0,528.0,12437.0,3878.0,True,True
2884,2022-10-31 09:48:53.271024,-0.004264392324093702,0.0,-0.09999999999999787,0.0,23.4,23.45,23.35,23.4,42.0,528.0,12437.0,3878.0,False,False
2884,2022-10-31 09:48:54.437235,-0.004264392324093702,0.0,-0.09999999999999787,0.0,23.4,23.45,23.35,23.4,42.0,528.0,12437.0,3878.0,False,False
2884,2022-10-31 09:48:56.380391,-0.004264392324093702,0.0,-0.09999999999999787,0.0,23.4,23.45,23.35,23.4,42.0,528.0,12437.0,3878.0,False,False
2884,2022-10-31 09:48:58.314088,-0.004264392324093702,0.0,-0.09999999999999787,0.0,23.4,23.45,23.35,23.4,42.0,528.0,12437.0,3878.0,False,False
2884,2022-10-31 09:48:58.397093,-0.004264392324093702,0.0,-0.09999999999999787,0.0,23.4,23.45,23.35,23.4,42.0,528.0,12437.0,3878.0,False,False
2884,2022-10-31 09:48:59.437461,-0.004264392324093702,0.0,-0.09999999999999787,0.0,23.4,23.45,23.35,23.4,42.0,528.0,12437.0,3878.0,False,False
2884,2022-10-31 09:49:00.722970,-0.004264392324093702,0.0,-0.09999999999999787,0.0,23.4,23.45,23.35,23.4,42.0,528.0,12737.0,3078.0,True,True
2884,2022-10-31 09:49:08.266990,-0.004264392324093702,0.0,-0.09999999999999787,0.0,23.4,23.45,23.35,23.4,42.0,530.0,12737.0,3078.0,False,False
2884,2022-10-31 09:49:08.361243,-0.004264392324093702,0.0,-0.09999999999999787,0.0,23.4,23.45,23.35,23.4,42.0,540.0,12737.0,3078.0,False,False
2884,2022-10-31 09:49:09.079165,-0.004264392324093702,0.0,-0.09999999999999787,0.0,23.4,23.45,23.35,23.4,50.0,540.0,12737.0,3078.0,False,False
2884,2022-10-31 09:49:09.468829,-0.004264392324093702,0.0,-0.09999999999999787,0.0,23.4,23.45,23.35,23.4,40.0,540.0,12737.0,3078.0,False,False
2884,2022-10-31 09:49:10.151330,-0.004264392324093702,0.0,-0.09999999999999787,0.0,23.4,23.45,23.35,23.4,40.0,540.0,11811.0,2079.0,False,True
2884,2022-10-31 09:49:10.300786,-0.004264392324093702,0.0,-0.09999999999999787,0.0,23.4,23.45,23.35,23.4,40.0,534.0,11811.0,2079.0,False,False
2884,2022-10-31 09:49:11.185227,-0.004264392324093702,0.0,-0.09999999999999787,0.0,23.4,23.45,23.35,23.4,77.0,534.0,11811.0,2079.0,False,False
2884,2022-10-31 09:49:11.255799,-0.004264392324093702,0.0,-0.09999999999999787,0.0,23.4,23.45,23.35,23.4,78.0,534.0,11811.0,2079.0,False,False
2884,2022-10-31 09:49:11.624411,-0.004264392324093702,0.0,-0.09999999999999787,0.0,23.4,23.45,23.35,23.4,78.0,531.0,11811.0,2079.0,False,False
2884,2022-10-31 09:49:11.797449,-0.004264392324093702,0.0,-0.09999999999999787,0.0,23.4,23.45,23.35,23.4,80.0,531.0,11811.0,2079.0,False,False
2884,2022-10-31 09:49:11.926406,-0.004264392324093702,0.0,-0.09999999999999787,0.0,23.4,23.45,23.35,23.4,83.0,531.0,11811.0,2079.0,False,False
2884,2022-10-31 09:49:14.595447,-0.004264392324093702,0.0,-0.09999999999999787,0.0,23.4,23.45,23.35,23.4,83.0,535.0,11811.0,2079.0,False,False
2884,2022-10-31 09:49:16.688856,-0.004264392324093702,0.0,-0.09999999999999787,0.0,23.4,23.45,23.35,23.4,83.0,535.0,11811.0,2079.0,False,False
2884,2022-10-31 09:49:16.971995,-0.004264392324093702,0.0,-0.09999999999999787,0.0,23.4,23.45,23.35,23.4,83.0,535.0,11811.0,2079.0,False,False
2884,2022-10-31 09:49:20.181405,-0.004264392324093702,0.0,-0.09999999999999787,0.0,23.4,23.45,23.35,23.4,83.0,535.0,11811.0,880.0,True,True
2884,2022-10-31 09:49:20.460184,-0.004264392324093702,0.0,-0.09999999999999787,0.0,23.4,23.45,23.35,23.4,84.0,535.0,11811.0,880.0,False,False
2884,2022-10-31 09:49:20.877082,-0.004264392324093702,0.0,-0.09999999999999787,0.0,23.4,23.45,23.35,23.4,84.0,534.0,11811.0,880.0,False,False
2884,2022-10-31 09:49:24.602238,-0.004264392324093702,0.0,-0.09999999999999787,0.0,23.4,23.45,23.35,23.4,84.0,534.0,11811.0,880.0,False,False
2884,2022-10-31 09:49:26.647505,-0.004264392324093702,0.0,-0.09999999999999787,0.0,23.4,23.45,23.35,23.4,84.0,534.0,11811.0,880.0,False,False
2884,2022-10-31 09:49:26.768437,-0.004264392324093702,0.0,-0.09999999999999787,0.0,23.4,23.45,23.35,23.4,84.0,535.0,11811.0,880.0,False,False
2884,2022-10-31 09:49:26.826938,-0.004264392324093702,0.0,-0.09999999999999787,0.0,23.4,23.45,23.35,23.4,84.0,534.0,11811.0,880.0,False,False
2884,2022-10-31 09:49:27.919293,-0.004264392324093702,0.0,-0.09999999999999787,0.0,23.4,23.45,23.35,23.4,84.0,534.0,11811.0,880.0,False,False
2884,2022-10-31 09:49:27.996065,-0.004264392324093702,0.0,-0.09999999999999787,0.0,23.4,23.45,23.35,23.4,87.0,534.0,11811.0,880.0,False,False
2884,2022-10-31 09:49:30.210622,-0.004264392324093702,0.0,-0.09999999999999787,0.0,23.4,23.45,23.35,23.4,87.0,534.0,11911.0,870.0,True,True
2884,2022-10-31 09:49:33.626415,-0.004264392324093702,0.0,-0.09999999999999787,0.0,23.4,23.45,23.35,23.4,87.0,533.0,11911.0,870.0,False,False
2884,2022-10-31 09:49:34.929362,-0.004264392324093702,0.0,-0.09999999999999787,0.0,23.4,23.45,23.35,23.4,87.0,533.0,11911.0,870.0,False,False
2884,2022-10-31 09:49:35.859619,-0.004264392324093702,0.0,-0.09999999999999787,0.0,23.4,23.45,23.35,23.4,117.0,533.0,11911.0,870.0,False,False
2884,2022-10-31 09:49:37.924321,-0.004264392324093702,0.0,-0.09999999999999787,0.0,23.4,23.45,23.35,23.4,117.0,534.0,11911.0,870.0,False,False
2884,2022-10-31 09:49:38.567979,-0.004264392324093702,0.0,-0.09999999999999787,0.0,23.4,23.45,23.35,23.4,117.0,534.0,11911.0,870.0,False,False
2884,2022-10-31 09:49:39.444952,-0.004264392324093702,0.0,-0.09999999999999787,0.0,23.4,23.45,23.35,23.4,118.0,534.0,11911.0,870.0,False,False
2884,2022-10-31 09:49:40.253926,-0.004264392324093702,0.0,-0.09999999999999787,0.0,23.4,23.45,23.35,23.4,118.0,534.0,11911.0,770.0,True,True
2884,2022-10-31 09:49:40.324032,-0.004264392324093702,0.0,-0.09999999999999787,0.0,23.4,23.45,23.35,23.4,119.0,534.0,11911.0,770.0,False,False
2884,2022-10-31 09:49:40.452801,-0.004264392324093702,0.0,-0.09999999999999787,0.0,23.4,23.45,23.35,23.4,119.0,534.0,11911.0,770.0,False,False
2884,2022-10-31 09:49:40.599882,-0.004264392324093702,0.0,-0.09999999999999787,0.0,23.4,23.45,23.35,23.4,119.0,534.0,11911.0,770.0,False,False
2884,2022-10-31 09:49:43.493861,-0.004264392324093702,0.0,-0.09999999999999787,0.0,23.4,23.45,23.35,23.4,119.0,536.0,11911.0,770.0,False,False
2884,2022-10-31 09:49:43.960554,-0.004264392324093702,0.0,-0.09999999999999787,0.0,23.4,23.45,23.35,23.4,119.0,536.0,11911.0,770.0,False,False
2884,2022-10-31 09:49:45.040716,-0.004264392324093702,0.0,-0.09999999999999787,0.0,23.4,23.45,23.35,23.4,119.0,535.0,11911.0,770.0,False,False
2884,2022-10-31 09:49:48.659696,-0.004264392324093702,0.0,-0.09999999999999787,0.0,23.4,23.45,23.35,23.4,119.0,535.0,11911.0,770.0,False,False
2884,2022-10-31 09:49:49.617472,-0.004264392324093702,0.0,-0.09999999999999787,0.0,23.4,23.45,23.35,23.4,119.0,534.0,11911.0,770.0,False,False
2884,2022-10-31 09:49:50.300559,-0.004264392324093702,0.0,-0.09999999999999787,0.0,23.4,23.45,23.35,23.4,119.0,534.0,11911.0,670.0,True,True
2884,2022-10-31 09:49:53.182797,-0.004264392324093702,0.0,-0.09999999999999787,0.0,23.4,23.45,23.35,23.4,116.0,534.0,11911.0,670.0,False,False
2884,2022-10-31 09:49:54.427866,-0.004264392324093702,0.0,-0.09999999999999787,0.0,23.4,23.45,23.35,23.4,116.0,535.0,11911.0,670.0,False,False
2884,2022-10-31 09:49:55.421597,-0.004264392324093702,0.0,-0.09999999999999787,0.0,23.4,23.45,23.35,23.4,122.0,535.0,11911.0,670.0,False,False
2884,2022-10-31 09:49:55.946798,-0.004264392324093702,0.0,-0.09999999999999787,0.0,23.4,23.45,23.35,23.4,122.0,536.0,11911.0,670.0,False,False
2884,2022-10-31 09:49:56.311948,-0.004264392324093702,0.0,-0.09999999999999787,0.0,23.4,23.45,23.35,23.4,122.0,534.0,11911.0,670.0,False,False
2884,2022-10-31 09:49:56.904234,-0.004264392324093702,0.0,-0.09999999999999787,0.0,23.4,23.45,23.35,23.4,122.0,534.0,11911.0,670.0,False,False
2884,2022-10-31 09:49:57.954003,-0.004264392324093702,0.0,-0.09999999999999787,0.0,23.4,23.45,23.35,23.4,121.0,534.0,11911.0,670.0,False,False
2884,2022-10-31 09:50:00.335904,-0.002132196162046962,-0.002132196162046962,-0.05000000000000071,-0.05000000000000071,23.4,23.45,23.4,23.45,121.0,534.0,164.0,7921.0,True,True
2884,2022-10-31 09:50:04.577415,-0.002132196162046962,-0.002132196162046962,-0.05000000000000071,-0.05000000000000071,23.4,23.45,23.4,23.45,121.0,534.0,164.0,7921.0,False,False
2884,2022-10-31 09:50:06.711780,-0.002132196162046962,-0.002132196162046962,-0.05000000000000071,-0.05000000000000071,23.4,23.45,23.4,23.45,121.0,534.0,164.0,7921.0,False,False
2884,2022-10-31 09:50:10.428834,-0.002132196162046962,-0.002132196162046962,-0.05000000000000071,-0.05000000000000071,23.4,23.45,23.4,23.45,121.0,534.0,164.0,7921.0,False,False
2884,2022-10-31 09:50:10.451461,-0.002132196162046962,-0.002132196162046962,-0.05000000000000071,-0.05000000000000071,23.4,23.45,23.4,23.45,121.0,534.0,422.0,7921.0,True,True
2884,2022-10-31 09:50:11.204775,-0.002132196162046962,-0.002132196162046962,-0.05000000000000071,-0.05000000000000071,23.4,23.45,23.4,23.45,121.0,534.0,422.0,7921.0,False,False
2884,2022-10-31 09:50:16.431946,-0.002132196162046962,-0.002132196162046962,-0.05000000000000071,-0.05000000000000071,23.4,23.45,23.4,23.45,113.0,534.0,422.0,7921.0,False,False
2884,2022-10-31 09:50:17.024616,-0.002132196162046962,-0.002132196162046962,-0.05000000000000071,-0.05000000000000071,23.4,23.45,23.4,23.45,116.0,534.0,422.0,7921.0,False,False
2884,2022-10-31 09:50:17.027904,-0.002132196162046962,-0.002132196162046962,-0.05000000000000071,-0.05000000000000071,23.4,23.45,23.4,23.45,116.0,534.0,422.0,7921.0,False,False
2884,2022-10-31 09:50:20.530252,-0.002132196162046962,-0.002132196162046962,-0.05000000000000071,-0.05000000000000071,23.4,23.45,23.4,23.45,116.0,534.0,622.0,7921.0,True,True
2884,2022-10-31 09:50:22.239449,-0.002132196162046962,-0.002132196162046962,-0.05000000000000071,-0.05000000000000071,23.4,23.45,23.4,23.45,116.0,537.0,622.0,7921.0,False,False
2884,2022-10-31 09:50:22.240934,-0.002132196162046962,-0.002132196162046962,-0.05000000000000071,-0.05000000000000071,23.4,23.45,23.4,23.45,116.0,537.0,622.0,7921.0,False,False
2884,2022-10-31 09:50:24.781195,-0.002132196162046962,-0.002132196162046962,-0.05000000000000071,-0.05000000000000071,23.4,23.45,23.4,23.45,116.0,537.0,622.0,7921.0,False,False
2884,2022-10-31 09:50:25.208033,-0.002132196162046962,-0.002132196162046962,-0.05000000000000071,-0.05000000000000071,23.4,23.45,23.4,23.45,116.0,537.0,622.0,7921.0,False,False
2884,2022-10-31 09:50:27.573502,-0.002132196162046962,-0.002132196162046962,-0.05000000000000071,-0.05000000000000071,23.4,23.45,23.4,23.45,117.0,537.0,622.0,7921.0,False,False
2884,2022-10-31 09:50:28.244291,-0.002132196162046962,-0.002132196162046962,-0.05000000000000071,-0.05000000000000071,23.4,23.45,23.4,23.45,117.0,537.0,622.0,7921.0,False,False
2884,2022-10-31 09:50:28.244913,-0.002132196162046962,-0.002132196162046962,-0.05000000000000071,-0.05000000000000071,23.4,23.45,23.4,23.45,117.0,537.0,622.0,7921.0,False,False
2884,2022-10-31 09:50:29.370230,-0.002132196162046962,-0.002132196162046962,-0.05000000000000071,-0.05000000000000071,23.4,23.45,23.4,23.45,117.0,537.0,622.0,7921.0,False,False
2884,2022-10-31 09:50:30.595300,-0.002132196162046962,-0.002132196162046962,-0.05000000000000071,-0.05000000000000071,23.4,23.45,23.4,23.45,117.0,537.0,682.0,7921.0,True,True
2884,2022-10-31 09:50:32.156469,-0.002132196162046962,-0.002132196162046962,-0.05000000000000071,-0.05000000000000071,23.4,23.45,23.4,23.45,117.0,539.0,682.0,7921.0,False,False
2884,2022-10-31 09:50:36.812243,-0.002132196162046962,-0.002132196162046962,-0.05000000000000071,-0.05000000000000071,23.4,23.45,23.4,23.45,117.0,540.0,682.0,7921.0,False,False
2884,2022-10-31 09:50:40.645913,-0.002132196162046962,-0.002132196162046962,-0.05000000000000071,-0.05000000000000071,23.4,23.45,23.4,23.45,117.0,540.0,682.0,7921.0,True,True
2884,2022-10-31 09:50:40.751832,-0.002132196162046962,-0.002132196162046962,-0.05000000000000071,-0.05000000000000071,23.4,23.45,23.4,23.45,117.0,541.0,682.0,7921.0,False,False
2884,2022-10-31 09:50:43.451571,-0.002132196162046962,-0.002132196162046962,-0.05000000000000071,-0.05000000000000071,23.4,23.45,23.4,23.45,117.0,541.0,682.0,7921.0,False,False
2884,2022-10-31 09:50:44.425741,-0.002132196162046962,-0.002132196162046962,-0.05000000000000071,-0.05000000000000071,23.4,23.45,23.4,23.45,117.0,540.0,682.0,7921.0,False,False
2884,2022-10-31 09:50:44.432414,-0.002132196162046962,-0.002132196162046962,-0.05000000000000071,-0.05000000000000071,23.4,23.45,23.4,23.45,117.0,539.0,682.0,7921.0,False,False
2884,2022-10-31 09:50:44.656330,-0.002132196162046962,-0.002132196162046962,-0.05000000000000071,-0.05000000000000071,23.4,23.45,23.4,23.45,117.0,539.0,682.0,7921.0,False,False
2884,2022-10-31 09:50:45.193801,-0.002132196162046962,-0.002132196162046962,-0.05000000000000071,-0.05000000000000071,23.4,23.45,23.4,23.45,117.0,559.0,682.0,7921.0,False,False
2884,2022-10-31 09:50:47.508038,-0.002132196162046962,-0.002132196162046962,-0.05000000000000071,-0.05000000000000071,23.4,23.45,23.4,23.45,117.0,559.0,682.0,7921.0,False,False
2884,2022-10-31 09:50:49.504170,-0.002132196162046962,-0.002132196162046962,-0.05000000000000071,-0.05000000000000071,23.4,23.45,23.4,23.45,114.0,559.0,682.0,7921.0,False,False
2884,2022-10-31 09:50:50.689256,-0.002132196162046962,-0.002132196162046962,-0.05000000000000071,-0.05000000000000071,23.4,23.45,23.4,23.45,114.0,559.0,1182.0,7921.0,True,True
2884,2022-10-31 09:50:51.183926,-0.002132196162046962,-0.002132196162046962,-0.05000000000000071,-0.05000000000000071,23.4,23.45,23.4,23.45,114.0,559.0,1182.0,7921.0,False,False
2884,2022-10-31 09:50:51.969811,-0.002132196162046962,-0.002132196162046962,-0.05000000000000071,-0.05000000000000071,23.4,23.45,23.4,23.45,114.0,559.0,1182.0,7921.0,False,False
2884,2022-10-31 09:50:55.701857,-0.002132196162046962,-0.002132196162046962,-0.05000000000000071,-0.05000000000000071,23.4,23.45,23.4,23.45,115.0,559.0,1182.0,7921.0,False,False
2884,2022-10-31 09:51:00.733230,-0.002132196162046962,-0.002132196162046962,-0.05000000000000071,-0.05000000000000071,23.4,23.45,23.4,23.45,115.0,559.0,1282.0,7921.0,True,True
2884,2022-10-31 09:51:00.855181,-0.002132196162046962,-0.002132196162046962,-0.05000000000000071,-0.05000000000000071,23.4,23.45,23.4,23.45,121.0,559.0,1282.0,7921.0,False,False
2884,2022-10-31 09:51:01.601879,-0.002132196162046962,-0.002132196162046962,-0.05000000000000071,-0.05000000000000071,23.4,23.45,23.4,23.45,126.0,559.0,1282.0,7921.0,False,False
2884,2022-10-31 09:51:04.148238,-0.002132196162046962,-0.002132196162046962,-0.05000000000000071,-0.05000000000000071,23.4,23.45,23.4,23.45,126.0,559.0,1282.0,7921.0,False,False
2884,2022-10-31 09:51:04.196091,-0.002132196162046962,-0.002132196162046962,-0.05000000000000071,-0.05000000000000071,23.4,23.45,23.4,23.45,126.0,556.0,1282.0,7921.0,False,False
2884,2022-10-31 09:51:10.777110,-0.002132196162046962,-0.002132196162046962,-0.05000000000000071,-0.05000000000000071,23.4,23.45,23.4,23.45,126.0,556.0,1282.0,7921.0,True,True
2884,2022-10-31 09:51:11.337685,-0.002132196162046962,-0.002132196162046962,-0.05000000000000071,-0.05000000000000071,23.4,23.45,23.4,23.45,125.0,555.0,1282.0,7921.0,False,False
2884,2022-10-31 09:51:13.235870,-0.002132196162046962,-0.002132196162046962,-0.05000000000000071,-0.05000000000000071,23.4,23.45,23.4,23.45,125.0,555.0,1282.0,7921.0,False,False
2884,2022-10-31 09:51:14.174580,-0.002132196162046962,-0.002132196162046962,-0.05000000000000071,-0.05000000000000071,23.4,23.45,23.4,23.45,126.0,555.0,1282.0,7921.0,False,False
2884,2022-10-31 09:51:20.817799,-0.002132196162046962,-0.002132196162046962,-0.05000000000000071,-0.05000000000000071,23.4,23.45,23.4,23.45,126.0,555.0,2210.0,7921.0,True,True
2884,2022-10-31 09:51:21.003350,-0.002132196162046962,-0.002132196162046962,-0.05000000000000071,-0.05000000000000071,23.4,23.45,23.4,23.45,127.0,555.0,2210.0,7921.0,False,False
2884,2022-10-31 09:51:21.994408,-0.002132196162046962,-0.002132196162046962,-0.05000000000000071,-0.05000000000000071,23.4,23.45,23.4,23.45,127.0,555.0,2210.0,7921.0,False,False
2884,2022-10-31 09:51:23.819906,-0.002132196162046962,-0.002132196162046962,-0.05000000000000071,-0.05000000000000071,23.4,23.45,23.4,23.45,127.0,555.0,2210.0,7921.0,False,False
2884,2022-10-31 09:51:25.928631,-0.002132196162046962,-0.002132196162046962,-0.05000000000000071,-0.05000000000000071,23.4,23.45,23.4,23.45,127.0,554.0,2210.0,7921.0,False,False
2884,2022-10-31 09:51:30.865813,-0.002132196162046962,-0.002132196162046962,-0.05000000000000071,-0.05000000000000071,23.4,23.45,23.4,23.45,127.0,554.0,2217.0,7921.0,True,True
2884,2022-10-31 09:51:32.925218,-0.002132196162046962,-0.002132196162046962,-0.05000000000000071,-0.05000000000000071,23.4,23.45,23.4,23.45,133.0,554.0,2217.0,7921.0,False,False
2884,2022-10-31 09:51:37.130925,-0.002132196162046962,-0.002132196162046962,-0.05000000000000071,-0.05000000000000071,23.4,23.45,23.4,23.45,133.0,554.0,2217.0,7921.0,False,False
2884,2022-10-31 09:51:38.147433,-0.002132196162046962,-0.002132196162046962,-0.05000000000000071,-0.05000000000000071,23.4,23.45,23.4,23.45,133.0,556.0,2217.0,7921.0,False,False
2884,2022-10-31 09:51:40.908978,-0.002132196162046962,-0.002132196162046962,-0.05000000000000071,-0.05000000000000071,23.4,23.45,23.4,23.45,133.0,556.0,2222.0,7921.0,True,True
2884,2022-10-31 09:51:40.981223,-0.002132196162046962,-0.002132196162046962,-0.05000000000000071,-0.05000000000000071,23.4,23.45,23.4,23.45,133.0,555.0,2222.0,7921.0,False,False
2884,2022-10-31 09:51:44.150540,-0.002132196162046962,-0.002132196162046962,-0.05000000000000071,-0.05000000000000071,23.4,23.45,23.4,23.45,135.0,555.0,2222.0,7921.0,False,False
2884,2022-10-31 09:51:44.976359,-0.002132196162046962,-0.002132196162046962,-0.05000000000000071,-0.05000000000000071,23.4,23.45,23.4,23.45,145.0,555.0,2222.0,7921.0,False,False
2884,2022-10-31 09:51:46.662265,-0.002132196162046962,-0.002132196162046962,-0.05000000000000071,-0.05000000000000071,23.4,23.45,23.4,23.45,146.0,555.0,2222.0,7921.0,False,False
2884,2022-10-31 09:51:46.681538,-0.002132196162046962,-0.002132196162046962,-0.05000000000000071,-0.05000000000000071,23.4,23.45,23.4,23.45,146.0,555.0,2222.0,7921.0,False,False
2884,2022-10-31 09:51:50.965629,-0.002132196162046962,-0.002132196162046962,-0.05000000000000071,-0.05000000000000071,23.4,23.45,23.4,23.45,146.0,555.0,2222.0,7936.0,True,True
2884,2022-10-31 09:51:53.538532,-0.002132196162046962,-0.002132196162046962,-0.05000000000000071,-0.05000000000000071,23.4,23.45,23.4,23.45,146.0,555.0,2222.0,7936.0,False,False
2884,2022-10-31 09:51:56.918553,-0.002132196162046962,-0.002132196162046962,-0.05000000000000071,-0.05000000000000071,23.4,23.45,23.4,23.45,146.0,555.0,2222.0,7936.0,False,False
2884,2022-10-31 09:51:57.897447,-0.002132196162046962,-0.002132196162046962,-0.05000000000000071,-0.05000000000000071,23.4,23.45,23.4,23.45,146.0,552.0,2222.0,7936.0,False,False
2884,2022-10-31 09:51:58.319828,-0.002132196162046962,-0.002132196162046962,-0.05000000000000071,-0.05000000000000071,23.4,23.45,23.4,23.45,146.0,550.0,2222.0,7936.0,False,False
2884,2022-10-31 09:52:01.003831,-0.002132196162046962,-0.002132196162046962,-0.05000000000000071,-0.05000000000000071,23.4,23.45,23.4,23.45,146.0,550.0,2222.0,9036.0,True,True
2884,2022-10-31 09:52:01.114028,-0.002132196162046962,-0.002132196162046962,-0.05000000000000071,-0.05000000000000071,23.4,23.45,23.4,23.45,146.0,548.0,2222.0,9036.0,False,False
2884,2022-10-31 09:52:06.064639,-0.002132196162046962,-0.002132196162046962,-0.05000000000000071,-0.05000000000000071,23.4,23.45,23.4,23.45,152.0,548.0,2222.0,9036.0,False,False
2884,2022-10-31 09:52:07.837376,-0.002132196162046962,-0.002132196162046962,-0.05000000000000071,-0.05000000000000071,23.4,23.45,23.4,23.45,152.0,549.0,2222.0,9036.0,False,False
2884,2022-10-31 09:52:09.578828,-0.002132196162046962,-0.002132196162046962,-0.05000000000000071,-0.05000000000000071,23.4,23.45,23.4,23.45,152.0,550.0,2222.0,9036.0,False,False
2884,2022-10-31 09:52:10.243849,-0.002132196162046962,-0.002132196162046962,-0.05000000000000071,-0.05000000000000071,23.4,23.45,23.4,23.45,152.0,550.0,1896.0,8537.0,False,True
2884,2022-10-31 09:52:15.896237,-0.002132196162046962,-0.002132196162046962,-0.05000000000000071,-0.05000000000000071,23.4,23.45,23.4,23.45,152.0,550.0,1896.0,8537.0,False,False
2884,2022-10-31 09:52:16.084330,-0.002132196162046962,-0.002132196162046962,-0.05000000000000071,-0.05000000000000071,23.4,23.45,23.4,23.45,152.0,550.0,1896.0,8537.0,False,False
2884,2022-10-31 09:52:19.036958,-0.002132196162046962,-0.002132196162046962,-0.05000000000000071,-0.05000000000000071,23.4,23.45,23.4,23.45,152.0,550.0,1896.0,8537.0,False,False
2884,2022-10-31 09:52:19.912860,-0.002132196162046962,-0.002132196162046962,-0.05000000000000071,-0.05000000000000071,23.4,23.45,23.4,23.45,152.0,549.0,1896.0,8537.0,False,False
2884,2022-10-31 09:52:20.285040,-0.002132196162046962,-0.002132196162046962,-0.05000000000000071,-0.05000000000000071,23.4,23.45,23.4,23.45,152.0,549.0,2895.0,10016.0,True,True
2884,2022-10-31 09:52:20.559633,-0.002132196162046962,-0.002132196162046962,-0.05000000000000071,-0.05000000000000071,23.4,23.45,23.4,23.45,152.0,549.0,2895.0,10016.0,False,False
2884,2022-10-31 09:52:20.844684,-0.002132196162046962,-0.002132196162046962,-0.05000000000000071,-0.05000000000000071,23.4,23.45,23.4,23.45,152.0,549.0,2895.0,10016.0,False,False
2884,2022-10-31 09:52:21.649036,-0.002132196162046962,-0.002132196162046962,-0.05000000000000071,-0.05000000000000071,23.4,23.45,23.4,23.45,152.0,549.0,2895.0,10016.0,False,False
2884,2022-10-31 09:52:23.852251,-0.002132196162046962,-0.002132196162046962,-0.05000000000000071,-0.05000000000000071,23.4,23.45,23.4,23.45,157.0,549.0,2895.0,10016.0,False,False
2884,2022-10-31 09:52:26.638933,-0.002132196162046962,-0.002132196162046962,-0.05000000000000071,-0.05000000000000071,23.4,23.45,23.4,23.45,157.0,549.0,2895.0,10016.0,False,False
2884,2022-10-31 09:52:30.329345,-0.002132196162046962,-0.002132196162046962,-0.05000000000000071,-0.05000000000000071,23.4,23.45,23.4,23.45,157.0,549.0,2895.0,9966.0,True,True
2884,2022-10-31 09:52:32.780915,-0.002132196162046962,-0.002132196162046962,-0.05000000000000071,-0.05000000000000071,23.4,23.45,23.4,23.45,158.0,549.0,2895.0,9966.0,False,False
2884,2022-10-31 09:52:35.529092,-0.002132196162046962,-0.002132196162046962,-0.05000000000000071,-0.05000000000000071,23.4,23.45,23.4,23.45,158.0,549.0,2895.0,9966.0,False,False
2884,2022-10-31 09:52:38.176229,-0.002132196162046962,-0.002132196162046962,-0.05000000000000071,-0.05000000000000071,23.4,23.45,23.4,23.45,157.0,549.0,2895.0,9966.0,False,False
2884,2022-10-31 09:52:40.373560,-0.002132196162046962,-0.002132196162046962,-0.05000000000000071,-0.05000000000000071,23.4,23.45,23.4,23.45,157.0,549.0,2995.0,9866.0,True,True
2884,2022-10-31 09:52:40.943323,-0.002132196162046962,-0.002132196162046962,-0.05000000000000071,-0.05000000000000071,23.4,23.45,23.4,23.45,157.0,549.0,2995.0,9866.0,False,False
2884,2022-10-31 09:52:41.084428,-0.002132196162046962,-0.002132196162046962,-0.05000000000000071,-0.05000000000000071,23.4,23.45,23.4,23.45,158.0,549.0,2995.0,9866.0,False,False
2884,2022-10-31 09:52:42.134116,-0.002132196162046962,-0.002132196162046962,-0.05000000000000071,-0.05000000000000071,23.4,23.45,23.4,23.45,159.0,549.0,2995.0,9866.0,False,False
2884,2022-10-31 09:52:43.361770,-0.002132196162046962,-0.002132196162046962,-0.05000000000000071,-0.05000000000000071,23.4,23.45,23.4,23.45,159.0,551.0,2995.0,9866.0,False,False
2884,2022-10-31 09:52:44.968149,-0.002132196162046962,-0.002132196162046962,-0.05000000000000071,-0.05000000000000071,23.4,23.45,23.4,23.45,159.0,551.0,2995.0,9866.0,False,False
2884,2022-10-31 09:52:48.015163,-0.002132196162046962,-0.002132196162046962,-0.05000000000000071,-0.05000000000000071,23.4,23.45,23.4,23.45,164.0,551.0,2995.0,9866.0,False,False
2884,2022-10-31 09:52:48.070647,-0.002132196162046962,-0.002132196162046962,-0.05000000000000071,-0.05000000000000071,23.4,23.45,23.4,23.45,21.0,551.0,2995.0,9866.0,False,False
2884,2022-10-31 09:52:48.148672,-0.002132196162046962,-0.002132196162046962,-0.05000000000000071,-0.05000000000000071,23.4,23.45,23.4,23.45,23.0,551.0,2995.0,9866.0,False,False
2884,2022-10-31 09:52:48.456144,-0.002132196162046962,-0.002132196162046962,-0.05000000000000071,-0.05000000000000071,23.4,23.45,23.4,23.45,23.0,551.0,2995.0,9866.0,False,False
2884,2022-10-31 09:52:49.010838,-0.002132196162046962,-0.002132196162046962,-0.05000000000000071,-0.05000000000000071,23.4,23.45,23.4,23.45,23.0,553.0,2995.0,9866.0,False,False
2884,2022-10-31 09:52:49.107710,-0.002132196162046962,-0.002132196162046962,-0.05000000000000071,-0.05000000000000071,23.4,23.45,23.4,23.45,23.0,554.0,2995.0,9866.0,False,False
2884,2022-10-31 09:52:50.412709,-0.002132196162046962,-0.002132196162046962,-0.05000000000000071,-0.05000000000000071,23.4,23.45,23.4,23.45,23.0,554.0,2995.0,9866.0,True,True
2884,2022-10-31 09:52:51.042070,-0.002132196162046962,-0.002132196162046962,-0.05000000000000071,-0.05000000000000071,23.4,23.45,23.4,23.45,23.0,564.0,2995.0,9866.0,False,False
2884,2022-10-31 09:52:51.365016,-0.002132196162046962,-0.002132196162046962,-0.05000000000000071,-0.05000000000000071,23.4,23.45,23.4,23.45,23.0,549.0,2995.0,9866.0,False,False
2884,2022-10-31 09:52:51.694281,-0.002132196162046962,-0.002132196162046962,-0.05000000000000071,-0.05000000000000071,23.4,23.45,23.4,23.45,23.0,549.0,2995.0,9866.0,False,False
2884,2022-10-31 09:52:54.024133,-0.002132196162046962,-0.002132196162046962,-0.05000000000000071,-0.05000000000000071,23.4,23.45,23.4,23.45,23.0,549.0,2995.0,9866.0,False,False
2884,2022-10-31 09:52:54.935444,-0.002132196162046962,-0.002132196162046962,-0.05000000000000071,-0.05000000000000071,23.4,23.45,23.4,23.45,22.0,549.0,2995.0,9866.0,False,False
2884,2022-10-31 09:52:55.114469,-0.002132196162046962,-0.002132196162046962,-0.05000000000000071,-0.05000000000000071,23.4,23.45,23.4,23.45,22.0,558.0,2995.0,9866.0,False,False
2884,2022-10-31 09:52:57.443487,-0.002132196162046962,-0.002132196162046962,-0.05000000000000071,-0.05000000000000071,23.4,23.45,23.4,23.45,22.0,558.0,2995.0,9866.0,False,False
2884,2022-10-31 09:52:58.046453,-0.002132196162046962,-0.002132196162046962,-0.05000000000000071,-0.05000000000000071,23.4,23.45,23.4,23.45,22.0,560.0,2995.0,9866.0,False,False
2884,2022-10-31 09:53:00.447791,-0.002132196162046962,-0.002132196162046962,-0.05000000000000071,-0.05000000000000071,23.4,23.45,23.4,23.45,22.0,560.0,2995.0,9967.0,True,True
2884,2022-10-31 09:53:01.431633,-0.002132196162046962,-0.002132196162046962,-0.05000000000000071,-0.05000000000000071,23.4,23.45,23.4,23.45,22.0,560.0,2995.0,9967.0,False,False
2884,2022-10-31 09:53:02.070211,-0.002132196162046962,-0.002132196162046962,-0.05000000000000071,-0.05000000000000071,23.4,23.45,23.4,23.45,12.0,560.0,2995.0,9967.0,False,False
2884,2022-10-31 09:53:02.204836,-0.002132196162046962,-0.002132196162046962,-0.05000000000000071,-0.05000000000000071,23.4,23.45,23.4,23.45,12.0,559.0,2995.0,9967.0,False,False
2884,2022-10-31 09:53:07.059547,-0.002132196162046962,-0.002132196162046962,-0.05000000000000071,-0.05000000000000071,23.4,23.45,23.4,23.45,58.0,559.0,2995.0,9967.0,False,False
2884,2022-10-31 09:53:07.983045,-0.002132196162046962,-0.002132196162046962,-0.05000000000000071,-0.05000000000000071,23.4,23.45,23.4,23.45,65.0,559.0,2995.0,9967.0,False,False
2884,2022-10-31 09:53:09.392591,-0.002132196162046962,-0.002132196162046962,-0.05000000000000071,-0.05000000000000071,23.4,23.45,23.4,23.45,65.0,558.0,2995.0,9967.0,False,False
2884,2022-10-31 09:53:10.280712,-0.002132196162046962,-0.002132196162046962,-0.05000000000000071,-0.05000000000000071,23.4,23.45,23.4,23.45,71.0,558.0,2995.0,9967.0,False,False
2884,2022-10-31 09:53:10.487896,-0.002132196162046962,-0.002132196162046962,-0.05000000000000071,-0.05000000000000071,23.4,23.45,23.4,23.45,71.0,558.0,3195.0,10277.0,True,True
2884,2022-10-31 09:53:11.506056,-0.002132196162046962,-0.002132196162046962,-0.05000000000000071,-0.05000000000000071,23.4,23.45,23.4,23.45,71.0,558.0,3195.0,10277.0,False,False
2884,2022-10-31 09:53:12.767694,-0.002132196162046962,-0.002132196162046962,-0.05000000000000071,-0.05000000000000071,23.4,23.45,23.4,23.45,71.0,558.0,3195.0,10277.0,False,False
2884,2022-10-31 09:53:12.901495,-0.002132196162046962,-0.002132196162046962,-0.05000000000000071,-0.05000000000000071,23.4,23.45,23.4,23.45,25.0,558.0,3195.0,10277.0,False,False
2884,2022-10-31 09:53:14.125672,-0.002132196162046962,-0.002132196162046962,-0.05000000000000071,-0.05000000000000071,23.4,23.45,23.4,23.45,25.0,558.0,3195.0,10277.0,False,False
2884,2022-10-31 09:53:14.855019,-0.002132196162046962,-0.002132196162046962,-0.05000000000000071,-0.05000000000000071,23.4,23.45,23.4,23.45,25.0,558.0,3195.0,10277.0,False,False
2884,2022-10-31 09:53:18.135342,-0.002132196162046962,-0.002132196162046962,-0.05000000000000071,-0.05000000000000071,23.4,23.45,23.4,23.45,25.0,557.0,3195.0,10277.0,False,False
2884,2022-10-31 09:53:18.246378,-0.002132196162046962,-0.002132196162046962,-0.05000000000000071,-0.05000000000000071,23.4,23.45,23.4,23.45,64.0,557.0,3195.0,10277.0,False,False
2884,2022-10-31 09:53:18.405892,-0.002132196162046962,-0.002132196162046962,-0.05000000000000071,-0.05000000000000071,23.4,23.45,23.4,23.45,110.0,557.0,3195.0,10277.0,False,False
2884,2022-10-31 09:53:20.230884,-0.002132196162046962,-0.002132196162046962,-0.05000000000000071,-0.05000000000000071,23.4,23.45,23.4,23.45,111.0,557.0,3195.0,10277.0,False,False
2884,2022-10-31 09:53:20.531142,-0.002132196162046962,-0.002132196162046962,-0.05000000000000071,-0.05000000000000071,23.4,23.45,23.4,23.45,111.0,557.0,3595.0,10277.0,True,True
2884,2022-10-31 09:53:20.650007,-0.002132196162046962,-0.002132196162046962,-0.05000000000000071,-0.05000000000000071,23.4,23.45,23.4,23.45,110.0,557.0,3595.0,10277.0,False,False
2884,2022-10-31 09:53:23.734287,-0.002132196162046962,-0.002132196162046962,-0.05000000000000071,-0.05000000000000071,23.4,23.45,23.4,23.45,110.0,556.0,3595.0,10277.0,False,False
2884,2022-10-31 09:53:23.938261,-0.002132196162046962,-0.002132196162046962,-0.05000000000000071,-0.05000000000000071,23.4,23.45,23.4,23.45,71.0,556.0,3595.0,10277.0,False,False
2884,2022-10-31 09:53:26.370018,-0.002132196162046962,-0.002132196162046962,-0.05000000000000071,-0.05000000000000071,23.4,23.45,23.4,23.45,71.0,556.0,3595.0,10277.0,False,False
2884,2022-10-31 09:53:27.249424,-0.002132196162046962,-0.002132196162046962,-0.05000000000000071,-0.05000000000000071,23.4,23.45,23.4,23.45,72.0,556.0,3595.0,10277.0,False,False
2884,2022-10-31 09:53:28.929404,-0.002132196162046962,-0.002132196162046962,-0.05000000000000071,-0.05000000000000071,23.4,23.45,23.4,23.45,72.0,555.0,3595.0,10277.0,False,False
2884,2022-10-31 09:53:32.691496,-0.002132196162046962,-0.002132196162046962,-0.05000000000000071,-0.05000000000000071,23.4,23.45,23.4,23.45,75.0,555.0,3595.0,10277.0,False,False
2884,2022-10-31 09:53:32.853496,-0.002132196162046962,-0.002132196162046962,-0.05000000000000071,-0.05000000000000071,23.4,23.45,23.4,23.45,75.0,555.0,3595.0,10277.0,False,False
2884,2022-10-31 09:53:34.812624,-0.002132196162046962,-0.002132196162046962,-0.05000000000000071,-0.05000000000000071,23.4,23.45,23.4,23.45,78.0,555.0,3595.0,10277.0,False,False
2884,2022-10-31 09:53:36.406535,-0.002132196162046962,-0.002132196162046962,-0.05000000000000071,-0.05000000000000071,23.4,23.45,23.4,23.45,78.0,555.0,3595.0,10277.0,False,False
2884,2022-10-31 09:53:36.549170,-0.002132196162046962,-0.002132196162046962,-0.05000000000000071,-0.05000000000000071,23.4,23.45,23.4,23.45,78.0,555.0,3595.0,10277.0,False,False
2884,2022-10-31 09:53:40.609441,-0.002132196162046962,-0.002132196162046962,-0.05000000000000071,-0.05000000000000071,23.4,23.45,23.4,23.45,78.0,555.0,3161.0,10336.0,True,True
2884,2022-10-31 09:53:40.797153,-0.002132196162046962,-0.002132196162046962,-0.05000000000000071,-0.05000000000000071,23.4,23.45,23.4,23.45,78.0,555.0,3161.0,10336.0,False,False
2884,2022-10-31 09:53:44.094834,-0.002132196162046962,-0.002132196162046962,-0.05000000000000071,-0.05000000000000071,23.4,23.45,23.4,23.45,83.0,555.0,3161.0,10336.0,False,False
2884,2022-10-31 09:53:44.391710,-0.002132196162046962,-0.002132196162046962,-0.05000000000000071,-0.05000000000000071,23.4,23.45,23.4,23.45,83.0,538.0,3161.0,10336.0,False,False
2884,2022-10-31 09:53:44.715835,-0.002132196162046962,-0.002132196162046962,-0.05000000000000071,-0.05000000000000071,23.4,23.45,23.4,23.45,83.0,538.0,3161.0,10336.0,False,False
2884,2022-10-31 09:53:47.669276,-0.002132196162046962,-0.002132196162046962,-0.05000000000000071,-0.05000000000000071,23.4,23.45,23.4,23.45,83.0,537.0,3161.0,10336.0,False,False
2884,2022-10-31 09:53:50.648542,-0.002132196162046962,-0.002132196162046962,-0.05000000000000071,-0.05000000000000071,23.4,23.45,23.4,23.45,83.0,537.0,3050.0,10336.0,True,True
2884,2022-10-31 09:53:58.200210,-0.002132196162046962,-0.002132196162046962,-0.05000000000000071,-0.05000000000000071,23.4,23.45,23.4,23.45,83.0,536.0,3050.0,10336.0,False,False
2884,2022-10-31 09:54:00.254126,-0.002132196162046962,-0.002132196162046962,-0.05000000000000071,-0.05000000000000071,23.4,23.45,23.4,23.45,82.0,536.0,3050.0,10336.0,False,False
2884,2022-10-31 09:54:01.862188,-0.002132196162046962,-0.002132196162046962,-0.05000000000000071,-0.05000000000000071,23.4,23.45,23.4,23.45,82.0,538.0,3050.0,10336.0,False,False
2884,2022-10-31 09:54:03.638222,-0.002132196162046962,-0.002132196162046962,-0.05000000000000071,-0.05000000000000071,23.4,23.45,23.4,23.45,82.0,539.0,3050.0,10336.0,False,False
2884,2022-10-31 09:54:03.821497,-0.002132196162046962,-0.002132196162046962,-0.05000000000000071,-0.05000000000000071,23.4,23.45,23.4,23.45,82.0,539.0,3050.0,10336.0,False,False
2884,2022-10-31 09:54:04.704879,-0.002132196162046962,-0.002132196162046962,-0.05000000000000071,-0.05000000000000071,23.4,23.45,23.4,23.45,82.0,541.0,3050.0,10336.0,False,False
2884,2022-10-31 09:54:05.586481,-0.002132196162046962,-0.002132196162046962,-0.05000000000000071,-0.05000000000000071,23.4,23.45,23.4,23.45,82.0,541.0,3050.0,10336.0,False,False
2884,2022-10-31 09:54:07.935496,-0.002132196162046962,-0.002132196162046962,-0.05000000000000071,-0.05000000000000071,23.4,23.45,23.4,23.45,77.0,541.0,3050.0,10336.0,False,False
2884,2022-10-31 09:54:10.729896,-0.002132196162046962,-0.002132196162046962,-0.05000000000000071,-0.05000000000000071,23.4,23.45,23.4,23.45,77.0,541.0,3150.0,10336.0,True,True
2884,2022-10-31 09:54:14.649698,-0.002132196162046962,-0.002132196162046962,-0.05000000000000071,-0.05000000000000071,23.4,23.45,23.4,23.45,77.0,541.0,3150.0,10336.0,False,False
2884,2022-10-31 09:54:20.772105,-0.002132196162046962,-0.002132196162046962,-0.05000000000000071,-0.05000000000000071,23.4,23.45,23.4,23.45,77.0,541.0,3180.0,10336.0,True,True
2884,2022-10-31 09:54:21.419879,-0.002132196162046962,-0.002132196162046962,-0.05000000000000071,-0.05000000000000071,23.4,23.45,23.4,23.45,77.0,541.0,3180.0,10336.0,False,False
