symbol,datetime,NaOb_r,NbOa_r,NaOb_s,NbOa_s,bid1,ask1,odd_bid1,odd_ask1,bidQty1,askQty1,odd_bidQty1,odd_askQty1,simulate,triggerbyOdd
2887,2022-10-31 09:36:06.826425,0.0,-0.007407407407407418,0.0,-0.09999999999999964,13.4,13.45,13.45,13.5,1.0,143.0,289.0,49950.0,True,True
2887,2022-10-31 09:36:10.475109,0.0,-0.007407407407407418,0.0,-0.09999999999999964,13.4,13.45,13.45,13.5,1.0,143.0,289.0,49950.0,False,False
2887,2022-10-31 09:36:10.531037,0.0,-0.007407407407407418,0.0,-0.09999999999999964,13.4,13.45,13.45,13.5,1.0,144.0,289.0,49950.0,False,False
2887,2022-10-31 09:36:12.313013,0.0,-0.007407407407407418,0.0,-0.09999999999999964,13.4,13.45,13.45,13.5,1.0,143.0,289.0,49950.0,False,False
2887,2022-10-31 09:36:15.115894,0.0,-0.011111111111111183,0.0,-0.15000000000000036,13.35,13.45,13.45,13.5,328.0,143.0,289.0,49950.0,False,False
2887,2022-10-31 09:36:15.148430,0.0,-0.011111111111111183,0.0,-0.15000000000000036,13.35,13.45,13.45,13.5,328.0,143.0,289.0,49950.0,False,False
2887,2022-10-31 09:36:15.179252,0.0,-0.011111111111111183,0.0,-0.15000000000000036,13.35,13.45,13.45,13.5,357.0,143.0,289.0,49950.0,False,False
2887,2022-10-31 09:36:15.862366,0.0,-0.007407407407407418,0.0,-0.09999999999999964,13.4,13.45,13.45,13.5,3.0,143.0,289.0,49950.0,False,False
2887,2022-10-31 09:36:15.891570,0.0,-0.007407407407407418,0.0,-0.09999999999999964,13.4,13.45,13.45,13.5,3.0,143.0,289.0,49950.0,False,False
2887,2022-10-31 09:36:15.924463,0.0,-0.007407407407407418,0.0,-0.09999999999999964,13.4,13.45,13.45,13.5,3.0,143.0,289.0,49950.0,False,False
2887,2022-10-31 09:36:16.868921,0.0,-0.007407407407407418,0.0,-0.09999999999999964,13.4,13.45,13.45,13.5,3.0,143.0,339.0,49950.0,True,True
2887,2022-10-31 09:36:16.999083,0.0,-0.007407407407407418,0.0,-0.09999999999999964,13.4,13.45,13.45,13.5,3.0,143.0,339.0,49950.0,False,False
2887,2022-10-31 09:36:16.999496,0.0,-0.007407407407407418,0.0,-0.09999999999999964,13.4,13.45,13.45,13.5,3.0,143.0,339.0,49950.0,False,False
2887,2022-10-31 09:36:18.252614,0.0,-0.007407407407407418,0.0,-0.09999999999999964,13.4,13.45,13.45,13.5,3.0,143.0,339.0,49950.0,False,False
2887,2022-10-31 09:36:19.349590,0.0,-0.007407407407407418,0.0,-0.09999999999999964,13.4,13.45,13.45,13.5,3.0,143.0,339.0,49950.0,False,False
2887,2022-10-31 09:36:19.622294,0.0,-0.007407407407407418,0.0,-0.09999999999999964,13.4,13.45,13.45,13.5,3.0,143.0,339.0,49950.0,False,False
2887,2022-10-31 09:36:20.888199,0.0,-0.007407407407407418,0.0,-0.09999999999999964,13.4,13.45,13.45,13.5,3.0,143.0,339.0,49950.0,False,False
2887,2022-10-31 09:36:24.374456,0.0,-0.007407407407407418,0.0,-0.09999999999999964,13.4,13.45,13.45,13.5,3.0,144.0,339.0,49950.0,False,False
2887,2022-10-31 09:36:28.188528,0.0,-0.007407407407407418,0.0,-0.09999999999999964,13.4,13.45,13.45,13.5,3.0,144.0,339.0,49950.0,False,False
2887,2022-10-31 09:36:28.192307,0.0,-0.007407407407407418,0.0,-0.09999999999999964,13.4,13.45,13.45,13.5,4.0,144.0,339.0,49950.0,False,False
2887,2022-10-31 09:36:30.108720,0.0,-0.011111111111111183,0.0,-0.15000000000000036,13.35,13.45,13.45,13.5,353.0,144.0,339.0,49950.0,False,False
2887,2022-10-31 09:36:30.139139,0.0,-0.011111111111111183,0.0,-0.15000000000000036,13.35,13.45,13.45,13.5,353.0,144.0,339.0,49950.0,False,False
2887,2022-10-31 09:36:30.194477,0.0,-0.007407407407407418,0.0,-0.09999999999999964,13.4,13.45,13.45,13.5,7.0,144.0,339.0,49950.0,False,False
2887,2022-10-31 09:36:30.246420,0.0,-0.007407407407407418,0.0,-0.09999999999999964,13.4,13.45,13.45,13.5,7.0,144.0,339.0,49950.0,False,False
2887,2022-10-31 09:36:30.535150,0.0,-0.007407407407407418,0.0,-0.09999999999999964,13.4,13.45,13.45,13.5,6.0,144.0,339.0,49950.0,False,False
2887,2022-10-31 09:36:31.989068,0.0,-0.007407407407407418,0.0,-0.09999999999999964,13.4,13.45,13.45,13.5,6.0,144.0,339.0,49950.0,False,False
2887,2022-10-31 09:36:31.991424,0.0,-0.007407407407407418,0.0,-0.09999999999999964,13.4,13.45,13.45,13.5,6.0,144.0,339.0,49950.0,False,False
2887,2022-10-31 09:36:32.223157,0.0,-0.007407407407407418,0.0,-0.09999999999999964,13.4,13.45,13.45,13.5,6.0,144.0,339.0,49950.0,False,False
2887,2022-10-31 09:36:33.151219,0.0,-0.007407407407407418,0.0,-0.09999999999999964,13.4,13.45,13.45,13.5,6.0,144.0,339.0,49950.0,False,False
2887,2022-10-31 09:36:33.357783,0.0,-0.007407407407407418,0.0,-0.09999999999999964,13.4,13.45,13.45,13.5,6.0,144.0,339.0,49950.0,False,False
2887,2022-10-31 09:36:34.261138,0.0,-0.007407407407407418,0.0,-0.09999999999999964,13.4,13.45,13.45,13.5,6.0,144.0,339.0,49950.0,False,False
2887,2022-10-31 09:36:34.655208,0.0,-0.007407407407407418,0.0,-0.09999999999999964,13.4,13.45,13.45,13.5,6.0,144.0,339.0,49950.0,False,False
2887,2022-10-31 09:36:37.114754,0.0,-0.007407407407407418,0.0,-0.09999999999999964,13.4,13.45,13.45,13.5,6.0,144.0,339.0,49950.0,False,False
2887,2022-10-31 09:36:38.179564,0.0,-0.007407407407407418,0.0,-0.09999999999999964,13.4,13.45,13.45,13.5,6.0,144.0,339.0,49950.0,False,False
2887,2022-10-31 09:36:38.852562,0.0,-0.007407407407407418,0.0,-0.09999999999999964,13.4,13.45,13.45,13.5,7.0,144.0,339.0,49950.0,False,False
2887,2022-10-31 09:36:38.944535,0.0,-0.007407407407407418,0.0,-0.09999999999999964,13.4,13.45,13.45,13.5,7.0,144.0,339.0,49950.0,False,False
2887,2022-10-31 09:36:41.776993,0.0,-0.007407407407407418,0.0,-0.09999999999999964,13.4,13.45,13.45,13.5,8.0,144.0,339.0,49950.0,False,False
2887,2022-10-31 09:36:44.102675,0.0,-0.011111111111111183,0.0,-0.15000000000000036,13.35,13.45,13.45,13.5,348.0,144.0,339.0,49950.0,False,False
2887,2022-10-31 09:36:44.128027,0.0,-0.011111111111111183,0.0,-0.15000000000000036,13.35,13.45,13.45,13.5,348.0,144.0,339.0,49950.0,False,False
2887,2022-10-31 09:36:44.189361,0.0,-0.007407407407407418,0.0,-0.09999999999999964,13.4,13.45,13.45,13.5,7.0,144.0,339.0,49950.0,False,False
2887,2022-10-31 09:36:44.243529,0.0,-0.007407407407407418,0.0,-0.09999999999999964,13.4,13.45,13.45,13.5,7.0,144.0,339.0,49950.0,False,False
2887,2022-10-31 09:36:45.617015,0.0,-0.007407407407407418,0.0,-0.09999999999999964,13.4,13.45,13.45,13.5,7.0,144.0,339.0,49950.0,False,False
2887,2022-10-31 09:36:45.980363,0.0,-0.007407407407407418,0.0,-0.09999999999999964,13.4,13.45,13.45,13.5,7.0,144.0,339.0,49950.0,False,False
2887,2022-10-31 09:36:45.983939,0.0,-0.007407407407407418,0.0,-0.09999999999999964,13.4,13.45,13.45,13.5,7.0,144.0,339.0,49950.0,False,False
2887,2022-10-31 09:36:46.978244,0.0,-0.007407407407407418,0.0,-0.09999999999999964,13.4,13.45,13.45,13.5,7.0,144.0,290.0,49950.0,True,True
2887,2022-10-31 09:36:47.489078,0.0,-0.007407407407407418,0.0,-0.09999999999999964,13.4,13.45,13.45,13.5,7.0,144.0,290.0,49950.0,False,False
2887,2022-10-31 09:36:50.365767,0.0,-0.007407407407407418,0.0,-0.09999999999999964,13.4,13.45,13.45,13.5,7.0,144.0,290.0,49950.0,False,False
2887,2022-10-31 09:36:50.922278,0.0,-0.007407407407407418,0.0,-0.09999999999999964,13.4,13.45,13.45,13.5,7.0,144.0,290.0,49950.0,False,False
2887,2022-10-31 09:36:52.062811,0.0,-0.007407407407407418,0.0,-0.09999999999999964,13.4,13.45,13.45,13.5,11.0,144.0,290.0,49950.0,False,False
2887,2022-10-31 09:36:53.716266,0.0,-0.007407407407407418,0.0,-0.09999999999999964,13.4,13.45,13.45,13.5,11.0,143.0,290.0,49950.0,False,False
2887,2022-10-31 09:36:55.711201,0.0,-0.007407407407407418,0.0,-0.09999999999999964,13.4,13.45,13.45,13.5,11.0,143.0,290.0,49950.0,False,False
2887,2022-10-31 09:36:57.000094,0.0,-0.007407407407407418,0.0,-0.09999999999999964,13.4,13.45,13.45,13.5,4.0,143.0,290.0,49950.0,False,False
2887,2022-10-31 09:36:57.013135,0.0,-0.007407407407407418,0.0,-0.09999999999999964,13.4,13.45,13.45,13.5,4.0,143.0,290.0,49950.0,True,True
2887,2022-10-31 09:36:58.496352,0.0,-0.007407407407407418,0.0,-0.09999999999999964,13.4,13.45,13.45,13.5,4.0,143.0,290.0,49950.0,False,False
2887,2022-10-31 09:36:59.060741,0.0,-0.007407407407407418,0.0,-0.09999999999999964,13.4,13.45,13.45,13.5,6.0,143.0,290.0,49950.0,False,False
2887,2022-10-31 09:36:59.096346,0.0,-0.011111111111111183,0.0,-0.15000000000000036,13.35,13.45,13.45,13.5,346.0,143.0,290.0,49950.0,False,False
2887,2022-10-31 09:36:59.112395,0.0,-0.007407407407407418,0.0,-0.09999999999999964,13.4,13.45,13.45,13.5,7.0,143.0,290.0,49950.0,False,False
2887,2022-10-31 09:36:59.173458,0.0,-0.007407407407407418,0.0,-0.09999999999999964,13.4,13.45,13.45,13.5,7.0,143.0,290.0,49950.0,False,False
2887,2022-10-31 09:36:59.902744,0.0,-0.007407407407407418,0.0,-0.09999999999999964,13.4,13.45,13.45,13.5,6.0,143.0,290.0,49950.0,False,False
2887,2022-10-31 09:37:00.973945,0.0,-0.007407407407407418,0.0,-0.09999999999999964,13.4,13.45,13.45,13.5,6.0,143.0,290.0,49950.0,False,False
2887,2022-10-31 09:37:00.976434,0.0,-0.007407407407407418,0.0,-0.09999999999999964,13.4,13.45,13.45,13.5,6.0,143.0,290.0,49950.0,False,False
2887,2022-10-31 09:37:01.479700,0.0,-0.007407407407407418,0.0,-0.09999999999999964,13.4,13.45,13.45,13.5,5.0,143.0,290.0,49950.0,False,False
2887,2022-10-31 09:37:02.319961,0.0,-0.007407407407407418,0.0,-0.09999999999999964,13.4,13.45,13.45,13.5,5.0,143.0,290.0,49950.0,False,False
2887,2022-10-31 09:37:06.242767,0.0,-0.007407407407407418,0.0,-0.09999999999999964,13.4,13.45,13.45,13.5,5.0,143.0,1275.0,49985.0,False,True
2887,2022-10-31 09:37:07.243685,0.0,-0.007407407407407418,0.0,-0.09999999999999964,13.4,13.45,13.45,13.5,3.0,141.0,1275.0,49985.0,False,False
2887,2022-10-31 09:37:13.090546,0.0,-0.011111111111111183,0.0,-0.15000000000000036,13.35,13.45,13.45,13.5,339.0,141.0,1275.0,49985.0,False,False
2887,2022-10-31 09:37:13.113606,0.0,-0.011111111111111183,0.0,-0.15000000000000036,13.35,13.45,13.45,13.5,339.0,141.0,1275.0,49985.0,False,False
2887,2022-10-31 09:37:13.211773,0.0,-0.011111111111111183,0.0,-0.15000000000000036,13.35,13.45,13.45,13.5,310.0,141.0,1275.0,49985.0,False,False
2887,2022-10-31 09:37:13.211841,0.0,-0.011111111111111183,0.0,-0.15000000000000036,13.35,13.45,13.45,13.5,310.0,141.0,1275.0,49985.0,False,False
2887,2022-10-31 09:37:13.254779,0.0,-0.011111111111111183,0.0,-0.15000000000000036,13.35,13.45,13.45,13.5,297.0,141.0,1275.0,49985.0,False,False
2887,2022-10-31 09:37:13.907107,0.0,-0.011111111111111183,0.0,-0.15000000000000036,13.35,13.45,13.45,13.5,296.0,141.0,1275.0,49985.0,False,False
2887,2022-10-31 09:37:14.969472,0.0,-0.011111111111111183,0.0,-0.15000000000000036,13.35,13.45,13.45,13.5,296.0,141.0,1275.0,49985.0,False,False
2887,2022-10-31 09:37:14.970478,0.0,-0.011111111111111183,0.0,-0.15000000000000036,13.35,13.45,13.45,13.5,296.0,141.0,1275.0,49985.0,False,False
2887,2022-10-31 09:37:15.923779,0.003731343283581934,-0.011111111111111183,0.049999999999998934,-0.15000000000000036,13.35,13.4,13.45,13.5,296.0,5.0,1275.0,49985.0,False,False
2887,2022-10-31 09:37:15.955881,0.003731343283581934,-0.011111111111111183,0.049999999999998934,-0.15000000000000036,13.35,13.4,13.45,13.5,296.0,11.0,1275.0,49985.0,False,False
2887,2022-10-31 09:37:15.955943,0.003731343283581934,-0.011111111111111183,0.049999999999998934,-0.15000000000000036,13.35,13.4,13.45,13.5,296.0,4.0,1275.0,49985.0,False,False
2887,2022-10-31 09:37:15.955961,0.0,-0.011111111111111183,0.0,-0.15000000000000036,13.35,13.45,13.45,13.5,296.0,125.0,1275.0,49985.0,False,False
2887,2022-10-31 09:37:15.969626,0.003731343283581934,-0.011111111111111183,0.049999999999998934,-0.15000000000000036,13.35,13.4,13.45,13.5,296.0,6.0,1275.0,49985.0,False,False
2887,2022-10-31 09:37:15.989268,0.003731343283581934,-0.011111111111111183,0.049999999999998934,-0.15000000000000036,13.35,13.4,13.45,13.5,296.0,2.0,1275.0,49985.0,False,False
2887,2022-10-31 09:37:15.998945,0.0,-0.011111111111111183,0.0,-0.15000000000000036,13.35,13.45,13.45,13.5,296.0,126.0,1275.0,49985.0,False,False
2887,2022-10-31 09:37:16.074620,0.0,-0.007407407407407418,0.0,-0.09999999999999964,13.4,13.45,13.45,13.5,115.0,120.0,1275.0,49985.0,False,False
2887,2022-10-31 09:37:16.195553,0.0,-0.007407407407407418,0.0,-0.09999999999999964,13.4,13.45,13.45,13.5,115.0,120.0,1275.0,49985.0,False,False
2887,2022-10-31 09:37:16.274987,-0.0037174721189590088,-0.0037174721189590088,-0.049999999999998934,-0.049999999999998934,13.4,13.45,13.4,13.45,115.0,120.0,9034.0,14725.0,True,True
2887,2022-10-31 09:37:16.679230,-0.0037174721189590088,-0.0037174721189590088,-0.049999999999998934,-0.049999999999998934,13.4,13.45,13.4,13.45,115.0,120.0,9034.0,14725.0,False,False
2887,2022-10-31 09:37:17.967462,-0.0037174721189590088,-0.0037174721189590088,-0.049999999999998934,-0.049999999999998934,13.4,13.45,13.4,13.45,115.0,120.0,9034.0,14725.0,False,False
2887,2022-10-31 09:37:17.968075,-0.0037174721189590088,-0.0037174721189590088,-0.049999999999998934,-0.049999999999998934,13.4,13.45,13.4,13.45,115.0,120.0,9034.0,14725.0,False,False
2887,2022-10-31 09:37:22.329038,-0.0037174721189590088,-0.0037174721189590088,-0.049999999999998934,-0.049999999999998934,13.4,13.45,13.4,13.45,115.0,120.0,9034.0,14725.0,False,False
2887,2022-10-31 09:37:25.283046,-0.0037174721189590088,-0.0037174721189590088,-0.049999999999998934,-0.049999999999998934,13.4,13.45,13.4,13.45,113.0,118.0,9034.0,14725.0,False,False
2887,2022-10-31 09:37:25.342775,-0.0037174721189590088,-0.0074349442379182396,-0.049999999999998934,-0.09999999999999964,13.35,13.45,13.4,13.45,297.0,118.0,9034.0,14725.0,False,False
2887,2022-10-31 09:37:25.367992,-0.0037174721189590088,-0.0074349442379182396,-0.049999999999998934,-0.09999999999999964,13.35,13.45,13.4,13.45,297.0,118.0,9034.0,14725.0,False,False
2887,2022-10-31 09:37:25.398649,-0.0037174721189590088,-0.0074349442379182396,-0.049999999999998934,-0.09999999999999964,13.35,13.45,13.4,13.45,297.0,118.0,9034.0,14725.0,False,False
2887,2022-10-31 09:37:26.308260,-0.0037174721189590088,-0.0074349442379182396,-0.049999999999998934,-0.09999999999999964,13.35,13.45,13.4,13.45,297.0,118.0,9134.0,14725.0,True,True
2887,2022-10-31 09:37:26.964275,-0.0037174721189590088,-0.0074349442379182396,-0.049999999999998934,-0.09999999999999964,13.35,13.45,13.4,13.45,297.0,118.0,9134.0,14725.0,False,False
2887,2022-10-31 09:37:26.964664,-0.0037174721189590088,-0.0074349442379182396,-0.049999999999998934,-0.09999999999999964,13.35,13.45,13.4,13.45,297.0,118.0,9134.0,14725.0,False,False
2887,2022-10-31 09:37:27.526221,-0.0037174721189590088,-0.0074349442379182396,-0.049999999999998934,-0.09999999999999964,13.35,13.45,13.4,13.45,297.0,118.0,9134.0,14725.0,False,False
2887,2022-10-31 09:37:28.084482,-0.0037174721189590088,-0.0074349442379182396,-0.049999999999998934,-0.09999999999999964,13.35,13.45,13.4,13.45,287.0,118.0,9134.0,14725.0,False,False
2887,2022-10-31 09:37:29.413381,-0.0037174721189590088,-0.0074349442379182396,-0.049999999999998934,-0.09999999999999964,13.35,13.45,13.4,13.45,287.0,108.0,9134.0,14725.0,False,False
2887,2022-10-31 09:37:33.204563,-0.0037174721189590088,-0.0074349442379182396,-0.049999999999998934,-0.09999999999999964,13.35,13.45,13.4,13.45,287.0,108.0,9134.0,14725.0,False,False
2887,2022-10-31 09:37:33.437447,-0.0037174721189590088,-0.0074349442379182396,-0.049999999999998934,-0.09999999999999964,13.35,13.45,13.4,13.45,287.0,108.0,9134.0,14725.0,False,False
2887,2022-10-31 09:37:35.696667,-0.0037174721189590088,-0.0074349442379182396,-0.049999999999998934,-0.09999999999999964,13.35,13.45,13.4,13.45,287.0,108.0,9134.0,14725.0,False,False
2887,2022-10-31 09:37:36.216911,-0.0037174721189590088,-0.0074349442379182396,-0.049999999999998934,-0.09999999999999964,13.35,13.45,13.4,13.45,287.0,108.0,9134.0,14725.0,False,False
2887,2022-10-31 09:37:40.481004,-0.0037174721189590088,-0.0074349442379182396,-0.049999999999998934,-0.09999999999999964,13.35,13.45,13.4,13.45,287.0,108.0,9134.0,14725.0,False,False
2887,2022-10-31 09:37:40.643548,-0.0037174721189590088,-0.0074349442379182396,-0.049999999999998934,-0.09999999999999964,13.35,13.45,13.4,13.45,287.0,108.0,9134.0,14725.0,False,False
2887,2022-10-31 09:37:41.297341,-0.0037174721189590088,-0.0074349442379182396,-0.049999999999998934,-0.09999999999999964,13.35,13.45,13.4,13.45,286.0,108.0,9134.0,14725.0,False,False
2887,2022-10-31 09:37:41.466043,-0.0037174721189590088,-0.0074349442379182396,-0.049999999999998934,-0.09999999999999964,13.35,13.45,13.4,13.45,286.0,108.0,9134.0,14725.0,False,False
2887,2022-10-31 09:37:42.078672,-0.0037174721189590088,-0.0074349442379182396,-0.049999999999998934,-0.09999999999999964,13.35,13.45,13.4,13.45,276.0,108.0,9134.0,14725.0,False,False
2887,2022-10-31 09:37:44.008551,-0.0037174721189590088,-0.0074349442379182396,-0.049999999999998934,-0.09999999999999964,13.35,13.45,13.4,13.45,276.0,108.0,9134.0,14725.0,False,False
2887,2022-10-31 09:37:45.376364,-0.0037174721189590088,-0.0074349442379182396,-0.049999999999998934,-0.09999999999999964,13.35,13.45,13.4,13.45,276.0,107.0,9134.0,14725.0,False,False
2887,2022-10-31 09:37:46.376513,-0.0037174721189590088,-0.0074349442379182396,-0.049999999999998934,-0.09999999999999964,13.35,13.45,13.4,13.45,276.0,107.0,9134.0,15071.0,True,True
2887,2022-10-31 09:37:46.913003,-0.0037174721189590088,-0.0074349442379182396,-0.049999999999998934,-0.09999999999999964,13.35,13.45,13.4,13.45,275.0,107.0,9134.0,15071.0,False,False
2887,2022-10-31 09:37:48.158201,-0.0037174721189590088,-0.0074349442379182396,-0.049999999999998934,-0.09999999999999964,13.35,13.45,13.4,13.45,270.0,107.0,9134.0,15071.0,False,False
2887,2022-10-31 09:37:50.603731,-0.0037174721189590088,-0.0074349442379182396,-0.049999999999998934,-0.09999999999999964,13.35,13.45,13.4,13.45,270.0,108.0,9134.0,15071.0,False,False
2887,2022-10-31 09:37:50.839824,-0.0037174721189590088,-0.0074349442379182396,-0.049999999999998934,-0.09999999999999964,13.35,13.45,13.4,13.45,270.0,109.0,9134.0,15071.0,False,False
2887,2022-10-31 09:37:51.530350,-0.0037174721189590088,-0.0037174721189590088,-0.049999999999998934,-0.049999999999998934,13.4,13.45,13.4,13.45,2.0,109.0,9134.0,15071.0,False,False
2887,2022-10-31 09:37:51.562513,-0.0037174721189590088,-0.0037174721189590088,-0.049999999999998934,-0.049999999999998934,13.4,13.45,13.4,13.45,2.0,109.0,9134.0,15071.0,False,False
2887,2022-10-31 09:37:51.600757,-0.0037174721189590088,-0.0074349442379182396,-0.049999999999998934,-0.09999999999999964,13.35,13.45,13.4,13.45,266.0,110.0,9134.0,15071.0,False,False
2887,2022-10-31 09:37:51.602372,-0.0037174721189590088,-0.0074349442379182396,-0.049999999999998934,-0.09999999999999964,13.35,13.45,13.4,13.45,260.0,110.0,9134.0,15071.0,False,False
2887,2022-10-31 09:37:51.690712,0.0,-0.0074349442379182396,0.0,-0.09999999999999964,13.35,13.4,13.4,13.45,260.0,3.0,9134.0,15071.0,False,False
2887,2022-10-31 09:37:51.748372,0.0,-0.0074349442379182396,0.0,-0.09999999999999964,13.35,13.4,13.4,13.45,267.0,3.0,9134.0,15071.0,False,False
2887,2022-10-31 09:37:51.979519,0.0,-0.0074349442379182396,0.0,-0.09999999999999964,13.35,13.4,13.4,13.45,268.0,3.0,9134.0,15071.0,False,False
2887,2022-10-31 09:37:52.914184,0.0,-0.0074349442379182396,0.0,-0.09999999999999964,13.35,13.4,13.4,13.45,268.0,4.0,9134.0,15071.0,False,False
2887,2022-10-31 09:37:52.951264,0.0,-0.0074349442379182396,0.0,-0.09999999999999964,13.35,13.4,13.4,13.45,268.0,4.0,9134.0,15071.0,False,False
2887,2022-10-31 09:37:54.423351,0.0,-0.0074349442379182396,0.0,-0.09999999999999964,13.35,13.4,13.4,13.45,268.0,4.0,9134.0,15071.0,False,False
2887,2022-10-31 09:37:56.405616,0.0,-0.0074349442379182396,0.0,-0.09999999999999964,13.35,13.4,13.4,13.45,268.0,4.0,9184.0,15071.0,True,True
2887,2022-10-31 09:37:57.072599,0.0,-0.0074349442379182396,0.0,-0.09999999999999964,13.35,13.4,13.4,13.45,258.0,4.0,9184.0,15071.0,False,False
2887,2022-10-31 09:37:57.715098,0.0,-0.0074349442379182396,0.0,-0.09999999999999964,13.35,13.4,13.4,13.45,258.0,4.0,9184.0,15071.0,False,False
2887,2022-10-31 09:37:58.003853,0.0,-0.0074349442379182396,0.0,-0.09999999999999964,13.35,13.4,13.4,13.45,258.0,4.0,9184.0,15071.0,False,False
2887,2022-10-31 09:37:58.040443,0.0,-0.0074349442379182396,0.0,-0.09999999999999964,13.35,13.4,13.4,13.45,258.0,21.0,9184.0,15071.0,False,False
2887,2022-10-31 09:37:58.112732,0.0,-0.0074349442379182396,0.0,-0.09999999999999964,13.35,13.4,13.4,13.45,258.0,21.0,9184.0,15071.0,False,False
2887,2022-10-31 09:38:06.434705,0.0,-0.0074349442379182396,0.0,-0.09999999999999964,13.35,13.4,13.4,13.45,258.0,21.0,9184.0,21071.0,True,True
2887,2022-10-31 09:38:07.782157,0.0,-0.0074349442379182396,0.0,-0.09999999999999964,13.35,13.4,13.4,13.45,258.0,21.0,9184.0,21071.0,False,False
2887,2022-10-31 09:38:11.066609,0.0,-0.0074349442379182396,0.0,-0.09999999999999964,13.35,13.4,13.4,13.45,248.0,21.0,9184.0,21071.0,False,False
2887,2022-10-31 09:38:11.095866,0.0,-0.0074349442379182396,0.0,-0.09999999999999964,13.35,13.4,13.4,13.45,248.0,22.0,9184.0,21071.0,False,False
2887,2022-10-31 09:38:11.135851,0.0,-0.0074349442379182396,0.0,-0.09999999999999964,13.35,13.4,13.4,13.45,248.0,22.0,9184.0,21071.0,False,False
2887,2022-10-31 09:38:13.784344,0.0,-0.0074349442379182396,0.0,-0.09999999999999964,13.35,13.4,13.4,13.45,248.0,22.0,9184.0,21071.0,False,False
2887,2022-10-31 09:38:13.854245,0.0,-0.0074349442379182396,0.0,-0.09999999999999964,13.35,13.4,13.4,13.45,248.0,22.0,9184.0,21071.0,False,False
2887,2022-10-31 09:38:13.861921,0.0,-0.0074349442379182396,0.0,-0.09999999999999964,13.35,13.4,13.4,13.45,248.0,46.0,9184.0,21071.0,False,False
2887,2022-10-31 09:38:16.466996,0.0,-0.0074349442379182396,0.0,-0.09999999999999964,13.35,13.4,13.4,13.45,248.0,46.0,9184.0,45071.0,True,True
2887,2022-10-31 09:38:17.748168,0.0,-0.0074349442379182396,0.0,-0.09999999999999964,13.35,13.4,13.4,13.45,248.0,49.0,9184.0,45071.0,False,False
2887,2022-10-31 09:38:18.334855,0.0,-0.0074349442379182396,0.0,-0.09999999999999964,13.35,13.4,13.4,13.45,248.0,49.0,9184.0,45071.0,False,False
2887,2022-10-31 09:38:18.704583,0.0,-0.0074349442379182396,0.0,-0.09999999999999964,13.35,13.4,13.4,13.45,248.0,49.0,9184.0,45071.0,False,False
2887,2022-10-31 09:38:20.413934,0.0,-0.0074349442379182396,0.0,-0.09999999999999964,13.35,13.4,13.4,13.45,248.0,49.0,9184.0,45071.0,False,False
2887,2022-10-31 09:38:21.304484,0.0,-0.0074349442379182396,0.0,-0.09999999999999964,13.35,13.4,13.4,13.45,248.0,49.0,9184.0,45071.0,False,False
2887,2022-10-31 09:38:22.196618,0.0,-0.0074349442379182396,0.0,-0.09999999999999964,13.35,13.4,13.4,13.45,248.0,32.0,9184.0,45071.0,False,False
2887,2022-10-31 09:38:22.213891,0.0,-0.0074349442379182396,0.0,-0.09999999999999964,13.35,13.4,13.4,13.45,248.0,32.0,9184.0,45071.0,False,False
2887,2022-10-31 09:38:22.263047,0.0,-0.0074349442379182396,0.0,-0.09999999999999964,13.35,13.4,13.4,13.45,248.0,46.0,9184.0,45071.0,False,False
2887,2022-10-31 09:38:24.501089,0.0,-0.0074349442379182396,0.0,-0.09999999999999964,13.35,13.4,13.4,13.45,258.0,46.0,9184.0,45071.0,False,False
2887,2022-10-31 09:38:24.923555,0.0,-0.0074349442379182396,0.0,-0.09999999999999964,13.35,13.4,13.4,13.45,258.0,46.0,9184.0,45071.0,False,False
2887,2022-10-31 09:38:26.044992,0.0,-0.0074349442379182396,0.0,-0.09999999999999964,13.35,13.4,13.4,13.45,248.0,46.0,9184.0,45071.0,False,False
2887,2022-10-31 09:38:26.498025,0.0,-0.0074349442379182396,0.0,-0.09999999999999964,13.35,13.4,13.4,13.45,248.0,46.0,8676.0,48170.0,True,True
2887,2022-10-31 09:38:28.024643,0.0,-0.0074349442379182396,0.0,-0.09999999999999964,13.35,13.4,13.4,13.45,248.0,46.0,8676.0,48170.0,False,False
2887,2022-10-31 09:38:29.382157,0.0,-0.0074349442379182396,0.0,-0.09999999999999964,13.35,13.4,13.4,13.45,248.0,47.0,8676.0,48170.0,False,False
2887,2022-10-31 09:38:31.513718,0.0,-0.0074349442379182396,0.0,-0.09999999999999964,13.35,13.4,13.4,13.45,244.0,47.0,8676.0,48170.0,False,False
2887,2022-10-31 09:38:31.838515,0.0,-0.0074349442379182396,0.0,-0.09999999999999964,13.35,13.4,13.4,13.45,244.0,46.0,8676.0,48170.0,False,False
2887,2022-10-31 09:38:35.129100,0.0,-0.0074349442379182396,0.0,-0.09999999999999964,13.35,13.4,13.4,13.45,244.0,46.0,8676.0,48170.0,False,False
2887,2022-10-31 09:38:36.307126,0.0,-0.0074349442379182396,0.0,-0.09999999999999964,13.35,13.4,13.4,13.45,244.0,47.0,8676.0,48170.0,False,False
2887,2022-10-31 09:38:39.748187,0.0,-0.0074349442379182396,0.0,-0.09999999999999964,13.35,13.4,13.4,13.45,244.0,47.0,8676.0,48170.0,False,False
2887,2022-10-31 09:38:40.039292,0.0,-0.0074349442379182396,0.0,-0.09999999999999964,13.35,13.4,13.4,13.45,233.0,47.0,8676.0,48170.0,False,False
2887,2022-10-31 09:38:42.327628,0.0,-0.0074349442379182396,0.0,-0.09999999999999964,13.35,13.4,13.4,13.45,233.0,47.0,8676.0,48170.0,False,False
2887,2022-10-31 09:38:42.406180,0.0,-0.0074349442379182396,0.0,-0.09999999999999964,13.35,13.4,13.4,13.45,236.0,47.0,8676.0,48170.0,False,False
2887,2022-10-31 09:38:46.087999,0.0,-0.0074349442379182396,0.0,-0.09999999999999964,13.35,13.4,13.4,13.45,236.0,47.0,8676.0,48170.0,False,False
2887,2022-10-31 09:38:46.566311,0.0,-0.0074349442379182396,0.0,-0.09999999999999964,13.35,13.4,13.4,13.45,236.0,47.0,8486.0,48170.0,True,True
2887,2022-10-31 09:38:48.487026,0.0,-0.0074349442379182396,0.0,-0.09999999999999964,13.35,13.4,13.4,13.45,236.0,47.0,8486.0,48170.0,False,False
2887,2022-10-31 09:38:53.126183,0.0,-0.0074349442379182396,0.0,-0.09999999999999964,13.35,13.4,13.4,13.45,226.0,47.0,8486.0,48170.0,False,False
2887,2022-10-31 09:38:55.048739,0.0,-0.0074349442379182396,0.0,-0.09999999999999964,13.35,13.4,13.4,13.45,217.0,47.0,8486.0,48170.0,False,False
2887,2022-10-31 09:38:56.422955,0.0,-0.0074349442379182396,0.0,-0.09999999999999964,13.35,13.4,13.4,13.45,217.0,50.0,8486.0,48170.0,False,False
2887,2022-10-31 09:38:56.593574,0.0,-0.0074349442379182396,0.0,-0.09999999999999964,13.35,13.4,13.4,13.45,217.0,50.0,8586.0,49120.0,True,True
2887,2022-10-31 09:38:57.602558,0.0,-0.0074349442379182396,0.0,-0.09999999999999964,13.35,13.4,13.4,13.45,217.0,50.0,8586.0,49120.0,False,False
2887,2022-10-31 09:38:58.202840,0.0,-0.0074349442379182396,0.0,-0.09999999999999964,13.35,13.4,13.4,13.45,218.0,50.0,8586.0,49120.0,False,False
2887,2022-10-31 09:38:59.775274,0.0,-0.0074349442379182396,0.0,-0.09999999999999964,13.35,13.4,13.4,13.45,218.0,47.0,8586.0,49120.0,False,False
2887,2022-10-31 09:38:59.826425,0.0,-0.0074349442379182396,0.0,-0.09999999999999964,13.35,13.4,13.4,13.45,247.0,47.0,8586.0,49120.0,False,False
2887,2022-10-31 09:38:59.921062,0.0,-0.0074349442379182396,0.0,-0.09999999999999964,13.35,13.4,13.4,13.45,249.0,47.0,8586.0,49120.0,False,False
2887,2022-10-31 09:39:01.297451,0.0,-0.0074349442379182396,0.0,-0.09999999999999964,13.35,13.4,13.4,13.45,249.0,47.0,8586.0,49120.0,False,False
2887,2022-10-31 09:39:04.212145,0.0,-0.0074349442379182396,0.0,-0.09999999999999964,13.35,13.4,13.4,13.45,249.0,47.0,8586.0,49120.0,False,False
2887,2022-10-31 09:39:06.622564,0.0,-0.0074349442379182396,0.0,-0.09999999999999964,13.35,13.4,13.4,13.45,249.0,47.0,8636.0,50119.0,True,True
2887,2022-10-31 09:39:07.734386,0.0,-0.0074349442379182396,0.0,-0.09999999999999964,13.35,13.4,13.4,13.45,250.0,47.0,8636.0,50119.0,False,False
2887,2022-10-31 09:39:09.042856,0.0,-0.0074349442379182396,0.0,-0.09999999999999964,13.35,13.4,13.4,13.45,240.0,47.0,8636.0,50119.0,False,False
2887,2022-10-31 09:39:12.562871,0.0,-0.0074349442379182396,0.0,-0.09999999999999964,13.35,13.4,13.4,13.45,240.0,48.0,8636.0,50119.0,False,False
2887,2022-10-31 09:39:16.548149,0.0,-0.0074349442379182396,0.0,-0.09999999999999964,13.35,13.4,13.4,13.45,211.0,48.0,8636.0,50119.0,False,False
2887,2022-10-31 09:39:16.665095,0.0,-0.0074349442379182396,0.0,-0.09999999999999964,13.35,13.4,13.4,13.45,211.0,48.0,8536.0,50119.0,True,True
2887,2022-10-31 09:39:17.474050,0.0,-0.0074349442379182396,0.0,-0.09999999999999964,13.35,13.4,13.4,13.45,221.0,48.0,8536.0,50119.0,False,False
2887,2022-10-31 09:39:18.950971,0.0,-0.0074349442379182396,0.0,-0.09999999999999964,13.35,13.4,13.4,13.45,222.0,48.0,8536.0,50119.0,False,False
2887,2022-10-31 09:39:19.654049,0.0,-0.0074349442379182396,0.0,-0.09999999999999964,13.35,13.4,13.4,13.45,223.0,48.0,8536.0,50119.0,False,False
2887,2022-10-31 09:39:24.020861,0.0,-0.0074349442379182396,0.0,-0.09999999999999964,13.35,13.4,13.4,13.45,213.0,48.0,8536.0,50119.0,False,False
2887,2022-10-31 09:39:25.741656,0.0,-0.0074349442379182396,0.0,-0.09999999999999964,13.35,13.4,13.4,13.45,213.0,48.0,8536.0,50119.0,False,False
2887,2022-10-31 09:39:26.699222,0.0,-0.0074349442379182396,0.0,-0.09999999999999964,13.35,13.4,13.4,13.45,213.0,48.0,8536.0,50105.0,True,True
2887,2022-10-31 09:39:27.480754,0.0,-0.0074349442379182396,0.0,-0.09999999999999964,13.35,13.4,13.4,13.45,213.0,48.0,8536.0,50105.0,False,False
2887,2022-10-31 09:39:27.565389,0.0,-0.0074349442379182396,0.0,-0.09999999999999964,13.35,13.4,13.4,13.45,213.0,64.0,8536.0,50105.0,False,False
2887,2022-10-31 09:39:27.575324,0.0,-0.0074349442379182396,0.0,-0.09999999999999964,13.35,13.4,13.4,13.45,213.0,75.0,8536.0,50105.0,False,False
2887,2022-10-31 09:39:27.989588,0.0,-0.0074349442379182396,0.0,-0.09999999999999964,13.35,13.4,13.4,13.45,218.0,75.0,8536.0,50105.0,False,False
2887,2022-10-31 09:39:31.432588,0.0,-0.0074349442379182396,0.0,-0.09999999999999964,13.35,13.4,13.4,13.45,218.0,75.0,8536.0,50105.0,False,False
2887,2022-10-31 09:39:34.758449,0.0,-0.0074349442379182396,0.0,-0.09999999999999964,13.35,13.4,13.4,13.45,219.0,75.0,8536.0,50105.0,False,False
2887,2022-10-31 09:39:35.150739,0.0,-0.0074349442379182396,0.0,-0.09999999999999964,13.35,13.4,13.4,13.45,219.0,82.0,8536.0,50105.0,False,False
2887,2022-10-31 09:39:36.734499,0.0,-0.0074349442379182396,0.0,-0.09999999999999964,13.35,13.4,13.4,13.45,219.0,82.0,8506.0,50395.0,True,True
2887,2022-10-31 09:39:37.768509,0.0,-0.0074349442379182396,0.0,-0.09999999999999964,13.35,13.4,13.4,13.45,219.0,82.0,8506.0,50395.0,False,False
2887,2022-10-31 09:39:38.059299,0.0,-0.0074349442379182396,0.0,-0.09999999999999964,13.35,13.4,13.4,13.45,223.0,82.0,8506.0,50395.0,False,False
2887,2022-10-31 09:39:39.014836,0.0,-0.0074349442379182396,0.0,-0.09999999999999964,13.35,13.4,13.4,13.45,213.0,82.0,8506.0,50395.0,False,False
2887,2022-10-31 09:39:40.554278,0.0,-0.0074349442379182396,0.0,-0.09999999999999964,13.35,13.4,13.4,13.45,213.0,82.0,8506.0,50395.0,False,False
2887,2022-10-31 09:39:44.003797,0.0,-0.0074349442379182396,0.0,-0.09999999999999964,13.35,13.4,13.4,13.45,213.0,82.0,8506.0,50395.0,False,False
2887,2022-10-31 09:39:46.764273,0.0,-0.0074349442379182396,0.0,-0.09999999999999964,13.35,13.4,13.4,13.45,213.0,82.0,8941.0,49426.0,True,True
2887,2022-10-31 09:39:51.744254,0.0,-0.0074349442379182396,0.0,-0.09999999999999964,13.35,13.4,13.4,13.45,210.0,82.0,8941.0,49426.0,False,False
2887,2022-10-31 09:39:52.171215,0.0,-0.0074349442379182396,0.0,-0.09999999999999964,13.35,13.4,13.4,13.45,210.0,82.0,8941.0,49426.0,False,False
2887,2022-10-31 09:39:53.008959,0.0,-0.0074349442379182396,0.0,-0.09999999999999964,13.35,13.4,13.4,13.45,200.0,82.0,8941.0,49426.0,False,False
2887,2022-10-31 09:39:53.190035,0.0,-0.0074349442379182396,0.0,-0.09999999999999964,13.35,13.4,13.4,13.45,200.0,82.0,8941.0,49426.0,False,False
2887,2022-10-31 09:39:56.795075,0.0,-0.0074349442379182396,0.0,-0.09999999999999964,13.35,13.4,13.4,13.45,200.0,82.0,8941.0,49426.0,True,True
2887,2022-10-31 09:39:58.546831,0.0,-0.0074349442379182396,0.0,-0.09999999999999964,13.35,13.4,13.4,13.45,200.0,82.0,8941.0,49426.0,False,False
2887,2022-10-31 09:40:01.435089,0.0,-0.0074349442379182396,0.0,-0.09999999999999964,13.35,13.4,13.4,13.45,200.0,82.0,8941.0,49426.0,False,False
2887,2022-10-31 09:40:06.296881,0.0,-0.0074349442379182396,0.0,-0.09999999999999964,13.35,13.4,13.4,13.45,200.0,82.0,8921.0,49411.0,False,True
2887,2022-10-31 09:40:06.376763,0.0,-0.0074349442379182396,0.0,-0.09999999999999964,13.35,13.4,13.4,13.45,200.0,81.0,8921.0,49411.0,False,False
2887,2022-10-31 09:40:06.530995,0.0,-0.0074349442379182396,0.0,-0.09999999999999964,13.35,13.4,13.4,13.45,203.0,81.0,8921.0,49411.0,False,False
2887,2022-10-31 09:40:07.693279,0.0,-0.0074349442379182396,0.0,-0.09999999999999964,13.35,13.4,13.4,13.45,203.0,81.0,8921.0,49411.0,False,False
2887,2022-10-31 09:40:08.072081,0.0,-0.0074349442379182396,0.0,-0.09999999999999964,13.35,13.4,13.4,13.45,193.0,81.0,8921.0,49411.0,False,False
2887,2022-10-31 09:40:12.086369,0.0,-0.0074349442379182396,0.0,-0.09999999999999964,13.35,13.4,13.4,13.45,195.0,81.0,8921.0,49411.0,False,False
2887,2022-10-31 09:40:13.161784,0.0,-0.0074349442379182396,0.0,-0.09999999999999964,13.35,13.4,13.4,13.45,195.0,181.0,8921.0,49411.0,False,False
2887,2022-10-31 09:40:16.401597,0.0,-0.0074349442379182396,0.0,-0.09999999999999964,13.35,13.4,13.4,13.45,195.0,181.0,8921.0,49919.0,True,True
2887,2022-10-31 09:40:16.888117,0.0,-0.0074349442379182396,0.0,-0.09999999999999964,13.35,13.4,13.4,13.45,196.0,181.0,8921.0,49919.0,False,False
2887,2022-10-31 09:40:18.123085,0.0,-0.0074349442379182396,0.0,-0.09999999999999964,13.35,13.4,13.4,13.45,197.0,181.0,8921.0,49919.0,False,False
2887,2022-10-31 09:40:19.752349,0.0,-0.0074349442379182396,0.0,-0.09999999999999964,13.35,13.4,13.4,13.45,197.0,181.0,8921.0,49919.0,False,False
2887,2022-10-31 09:40:19.753285,0.0,-0.0074349442379182396,0.0,-0.09999999999999964,13.35,13.4,13.4,13.45,197.0,191.0,8921.0,49919.0,False,False
2887,2022-10-31 09:40:22.132634,0.0,-0.0074349442379182396,0.0,-0.09999999999999964,13.35,13.4,13.4,13.45,187.0,191.0,8921.0,49919.0,False,False
2887,2022-10-31 09:40:22.168963,0.0,-0.0074349442379182396,0.0,-0.09999999999999964,13.35,13.4,13.4,13.45,187.0,198.0,8921.0,49919.0,False,False
2887,2022-10-31 09:40:25.269416,0.0,-0.0074349442379182396,0.0,-0.09999999999999964,13.35,13.4,13.4,13.45,187.0,200.0,8921.0,49919.0,False,False
2887,2022-10-31 09:40:25.677112,0.0,-0.0074349442379182396,0.0,-0.09999999999999964,13.35,13.4,13.4,13.45,187.0,201.0,8921.0,49919.0,False,False
2887,2022-10-31 09:40:26.469474,0.0,-0.0074349442379182396,0.0,-0.09999999999999964,13.35,13.4,13.4,13.45,187.0,201.0,9021.0,49619.0,True,True
2887,2022-10-31 09:40:26.826969,0.0,-0.0074349442379182396,0.0,-0.09999999999999964,13.35,13.4,13.4,13.45,190.0,201.0,9021.0,49619.0,False,False
2887,2022-10-31 09:40:26.929231,0.0,-0.0074349442379182396,0.0,-0.09999999999999964,13.35,13.4,13.4,13.45,190.0,201.0,9021.0,49619.0,False,False
2887,2022-10-31 09:40:26.931414,0.0,-0.0074349442379182396,0.0,-0.09999999999999964,13.35,13.4,13.4,13.45,190.0,210.0,9021.0,49619.0,False,False
2887,2022-10-31 09:40:31.490357,0.0,-0.0074349442379182396,0.0,-0.09999999999999964,13.35,13.4,13.4,13.45,190.0,217.0,9021.0,49619.0,False,False
2887,2022-10-31 09:40:32.192188,0.0,-0.0074349442379182396,0.0,-0.09999999999999964,13.35,13.4,13.4,13.45,189.0,217.0,9021.0,49619.0,False,False
2887,2022-10-31 09:40:32.745548,0.0,-0.0074349442379182396,0.0,-0.09999999999999964,13.35,13.4,13.4,13.45,189.0,217.0,9021.0,49619.0,False,False
2887,2022-10-31 09:40:36.520988,0.0,-0.0074349442379182396,0.0,-0.09999999999999964,13.35,13.4,13.4,13.45,189.0,217.0,9101.0,49619.0,True,True
2887,2022-10-31 09:40:37.163783,0.0,-0.0074349442379182396,0.0,-0.09999999999999964,13.35,13.4,13.4,13.45,179.0,217.0,9101.0,49619.0,False,False
2887,2022-10-31 09:40:37.200137,0.0,-0.0074349442379182396,0.0,-0.09999999999999964,13.35,13.4,13.4,13.45,170.0,217.0,9101.0,49619.0,False,False
2887,2022-10-31 09:40:37.200554,0.0,-0.0074349442379182396,0.0,-0.09999999999999964,13.35,13.4,13.4,13.45,163.0,217.0,9101.0,49619.0,False,False
2887,2022-10-31 09:40:39.219390,0.0,-0.0074349442379182396,0.0,-0.09999999999999964,13.35,13.4,13.4,13.45,163.0,218.0,9101.0,49619.0,False,False
2887,2022-10-31 09:40:40.927475,0.0,-0.0074349442379182396,0.0,-0.09999999999999964,13.35,13.4,13.4,13.45,163.0,218.0,9101.0,49619.0,False,False
2887,2022-10-31 09:40:41.163994,0.0,-0.0074349442379182396,0.0,-0.09999999999999964,13.35,13.4,13.4,13.45,163.0,218.0,9101.0,49619.0,False,False
2887,2022-10-31 09:40:46.567242,0.0,-0.0074349442379182396,0.0,-0.09999999999999964,13.35,13.4,13.4,13.45,163.0,218.0,9101.0,49619.0,True,True
2887,2022-10-31 09:40:49.341490,0.0,-0.0074349442379182396,0.0,-0.09999999999999964,13.35,13.4,13.4,13.45,165.0,218.0,9101.0,49619.0,False,False
2887,2022-10-31 09:40:49.966308,0.0,-0.0074349442379182396,0.0,-0.09999999999999964,13.35,13.4,13.4,13.45,165.0,218.0,9101.0,49619.0,False,False
2887,2022-10-31 09:40:50.088503,0.0,-0.0074349442379182396,0.0,-0.09999999999999964,13.35,13.4,13.4,13.45,166.0,218.0,9101.0,49619.0,False,False
2887,2022-10-31 09:40:50.130708,0.0,-0.0074349442379182396,0.0,-0.09999999999999964,13.35,13.4,13.4,13.45,173.0,218.0,9101.0,49619.0,False,False
2887,2022-10-31 09:40:51.179984,0.0,-0.0074349442379182396,0.0,-0.09999999999999964,13.35,13.4,13.4,13.45,163.0,218.0,9101.0,49619.0,False,False
2887,2022-10-31 09:40:51.400674,0.0,-0.0074349442379182396,0.0,-0.09999999999999964,13.35,13.4,13.4,13.45,163.0,218.0,9101.0,49619.0,False,False
2887,2022-10-31 09:40:52.362837,0.0,-0.0074349442379182396,0.0,-0.09999999999999964,13.35,13.4,13.4,13.45,164.0,218.0,9101.0,49619.0,False,False
2887,2022-10-31 09:40:54.821884,0.0,-0.0074349442379182396,0.0,-0.09999999999999964,13.35,13.4,13.4,13.45,165.0,218.0,9101.0,49619.0,False,False
2887,2022-10-31 09:40:56.512792,0.0,-0.0074349442379182396,0.0,-0.09999999999999964,13.35,13.4,13.4,13.45,165.0,218.0,9101.0,49619.0,False,False
2887,2022-10-31 09:40:56.619138,0.0,-0.0074349442379182396,0.0,-0.09999999999999964,13.35,13.4,13.4,13.45,165.0,218.0,9402.0,49519.0,True,True
2887,2022-10-31 09:40:57.669999,0.0,-0.0074349442379182396,0.0,-0.09999999999999964,13.35,13.4,13.4,13.45,164.0,218.0,9402.0,49519.0,False,False
2887,2022-10-31 09:40:58.303048,0.0,-0.0074349442379182396,0.0,-0.09999999999999964,13.35,13.4,13.4,13.45,164.0,219.0,9402.0,49519.0,False,False
2887,2022-10-31 09:40:58.861639,0.0,-0.0074349442379182396,0.0,-0.09999999999999964,13.35,13.4,13.4,13.45,164.0,221.0,9402.0,49519.0,False,False
2887,2022-10-31 09:40:59.133200,0.0,-0.0074349442379182396,0.0,-0.09999999999999964,13.35,13.4,13.4,13.45,164.0,221.0,9402.0,49519.0,False,False
2887,2022-10-31 09:40:59.526826,0.0,-0.0074349442379182396,0.0,-0.09999999999999964,13.35,13.4,13.4,13.45,161.0,221.0,9402.0,49519.0,False,False
2887,2022-10-31 09:40:59.905595,0.0,-0.0074349442379182396,0.0,-0.09999999999999964,13.35,13.4,13.4,13.45,186.0,221.0,9402.0,49519.0,False,False
2887,2022-10-31 09:41:00.004168,0.0,-0.0074349442379182396,0.0,-0.09999999999999964,13.35,13.4,13.4,13.45,186.0,221.0,9402.0,49519.0,False,False
2887,2022-10-31 09:41:01.116914,0.0,-0.0074349442379182396,0.0,-0.09999999999999964,13.35,13.4,13.4,13.45,186.0,221.0,9402.0,49519.0,False,False
2887,2022-10-31 09:41:01.432420,0.0,-0.0074349442379182396,0.0,-0.09999999999999964,13.35,13.4,13.4,13.45,186.0,221.0,9402.0,49519.0,False,False
2887,2022-10-31 09:41:02.108869,0.0,-0.0074349442379182396,0.0,-0.09999999999999964,13.35,13.4,13.4,13.45,187.0,221.0,9402.0,49519.0,False,False
2887,2022-10-31 09:41:06.192373,0.0,-0.0074349442379182396,0.0,-0.09999999999999964,13.35,13.4,13.4,13.45,177.0,221.0,9402.0,49519.0,False,False
2887,2022-10-31 09:41:06.672487,0.0,-0.0074349442379182396,0.0,-0.09999999999999964,13.35,13.4,13.4,13.45,177.0,221.0,9402.0,49519.0,True,True
2887,2022-10-31 09:41:06.865442,0.0,-0.0074349442379182396,0.0,-0.09999999999999964,13.35,13.4,13.4,13.45,177.0,221.0,9402.0,49519.0,False,False
2887,2022-10-31 09:41:08.047028,0.0,-0.0074349442379182396,0.0,-0.09999999999999964,13.35,13.4,13.4,13.45,177.0,221.0,9402.0,49519.0,False,False
2887,2022-10-31 09:41:09.994103,0.0,-0.0074349442379182396,0.0,-0.09999999999999964,13.35,13.4,13.4,13.45,176.0,221.0,9402.0,49519.0,False,False
2887,2022-10-31 09:41:11.040935,0.0,-0.0074349442379182396,0.0,-0.09999999999999964,13.35,13.4,13.4,13.45,176.0,221.0,9402.0,49519.0,False,False
2887,2022-10-31 09:41:11.307029,0.0,-0.0074349442379182396,0.0,-0.09999999999999964,13.35,13.4,13.4,13.45,176.0,219.0,9402.0,49519.0,False,False
2887,2022-10-31 09:41:12.473252,0.0,-0.0074349442379182396,0.0,-0.09999999999999964,13.35,13.4,13.4,13.45,176.0,219.0,9402.0,49519.0,False,False
2887,2022-10-31 09:41:14.619339,0.0,-0.0074349442379182396,0.0,-0.09999999999999964,13.35,13.4,13.4,13.45,177.0,219.0,9402.0,49519.0,False,False
2887,2022-10-31 09:41:15.807551,0.0,-0.0074349442379182396,0.0,-0.09999999999999964,13.35,13.4,13.4,13.45,177.0,217.0,9402.0,49519.0,False,False
2887,2022-10-31 09:41:16.711675,0.0,-0.0074349442379182396,0.0,-0.09999999999999964,13.35,13.4,13.4,13.45,177.0,217.0,9502.0,49482.0,True,True
2887,2022-10-31 09:41:19.944493,0.0,-0.0074349442379182396,0.0,-0.09999999999999964,13.35,13.4,13.4,13.45,177.0,216.0,9502.0,49482.0,False,False
2887,2022-10-31 09:41:20.201845,0.0,-0.0074349442379182396,0.0,-0.09999999999999964,13.35,13.4,13.4,13.45,167.0,216.0,9502.0,49482.0,False,False
2887,2022-10-31 09:41:27.636123,0.0,-0.0074349442379182396,0.0,-0.09999999999999964,13.35,13.4,13.4,13.45,165.0,214.0,9502.0,49482.0,False,False
2887,2022-10-31 09:41:33.937292,0.0,-0.0074349442379182396,0.0,-0.09999999999999964,13.35,13.4,13.4,13.45,168.0,214.0,9502.0,49482.0,False,False
2887,2022-10-31 09:41:35.211130,0.0,-0.0074349442379182396,0.0,-0.09999999999999964,13.35,13.4,13.4,13.45,158.0,214.0,9502.0,49482.0,False,False
2887,2022-10-31 09:41:36.066815,0.0,-0.0074349442379182396,0.0,-0.09999999999999964,13.35,13.4,13.4,13.45,160.0,214.0,9502.0,49482.0,False,False
2887,2022-10-31 09:41:36.788619,0.0,-0.0074349442379182396,0.0,-0.09999999999999964,13.35,13.4,13.4,13.45,160.0,214.0,9502.0,49472.0,True,True
2887,2022-10-31 09:41:38.568280,0.0,-0.0074349442379182396,0.0,-0.09999999999999964,13.35,13.4,13.4,13.45,160.0,214.0,9502.0,49472.0,False,False
2887,2022-10-31 09:41:39.197952,0.0,-0.0074349442379182396,0.0,-0.09999999999999964,13.35,13.4,13.4,13.45,160.0,214.0,9502.0,49472.0,False,False
2887,2022-10-31 09:41:40.755544,0.0,-0.0074349442379182396,0.0,-0.09999999999999964,13.35,13.4,13.4,13.45,160.0,214.0,9502.0,49472.0,False,False
2887,2022-10-31 09:41:41.547492,0.0,-0.0074349442379182396,0.0,-0.09999999999999964,13.35,13.4,13.4,13.45,161.0,214.0,9502.0,49472.0,False,False
2887,2022-10-31 09:41:45.718657,0.0,-0.0074349442379182396,0.0,-0.09999999999999964,13.35,13.4,13.4,13.45,171.0,214.0,9502.0,49472.0,False,False
2887,2022-10-31 09:41:46.828952,0.0,-0.0074349442379182396,0.0,-0.09999999999999964,13.35,13.4,13.4,13.45,171.0,214.0,9502.0,49792.0,True,True
2887,2022-10-31 09:41:48.743739,0.0,-0.0074349442379182396,0.0,-0.09999999999999964,13.35,13.4,13.4,13.45,171.0,215.0,9502.0,49792.0,False,False
2887,2022-10-31 09:41:49.203759,0.0,-0.0074349442379182396,0.0,-0.09999999999999964,13.35,13.4,13.4,13.45,161.0,215.0,9502.0,49792.0,False,False
2887,2022-10-31 09:41:49.334264,0.0,-0.0074349442379182396,0.0,-0.09999999999999964,13.35,13.4,13.4,13.45,159.0,213.0,9502.0,49792.0,False,False
2887,2022-10-31 09:41:50.495968,0.0,-0.0074349442379182396,0.0,-0.09999999999999964,13.35,13.4,13.4,13.45,159.0,213.0,9502.0,49792.0,False,False
2887,2022-10-31 09:41:51.033094,0.0,-0.0074349442379182396,0.0,-0.09999999999999964,13.35,13.4,13.4,13.45,160.0,213.0,9502.0,49792.0,False,False
2887,2022-10-31 09:41:51.841025,0.0,-0.0074349442379182396,0.0,-0.09999999999999964,13.35,13.4,13.4,13.45,162.0,213.0,9502.0,49792.0,False,False
2887,2022-10-31 09:41:51.951653,0.0,-0.0074349442379182396,0.0,-0.09999999999999964,13.35,13.4,13.4,13.45,162.0,213.0,9502.0,49792.0,False,False
2887,2022-10-31 09:41:56.411120,0.0,-0.0074349442379182396,0.0,-0.09999999999999964,13.35,13.4,13.4,13.45,158.0,209.0,9502.0,49792.0,False,False
2887,2022-10-31 09:41:56.874256,0.0,-0.0074349442379182396,0.0,-0.09999999999999964,13.35,13.4,13.4,13.45,158.0,209.0,9602.0,49792.0,True,True
2887,2022-10-31 09:41:57.688629,0.0,-0.0074349442379182396,0.0,-0.09999999999999964,13.35,13.4,13.4,13.45,160.0,209.0,9602.0,49792.0,False,False
2887,2022-10-31 09:42:00.679824,0.0,-0.0074349442379182396,0.0,-0.09999999999999964,13.35,13.4,13.4,13.45,160.0,207.0,9602.0,49792.0,False,False
2887,2022-10-31 09:42:02.370192,0.0,-0.0074349442379182396,0.0,-0.09999999999999964,13.35,13.4,13.4,13.45,160.0,207.0,9602.0,49792.0,False,False
2887,2022-10-31 09:42:02.515431,0.0,-0.0074349442379182396,0.0,-0.09999999999999964,13.35,13.4,13.4,13.45,161.0,207.0,9602.0,49792.0,False,False
2887,2022-10-31 09:42:03.534234,0.0,-0.0074349442379182396,0.0,-0.09999999999999964,13.35,13.4,13.4,13.45,161.0,207.0,9602.0,49792.0,False,False
2887,2022-10-31 09:42:03.705200,0.0,-0.0074349442379182396,0.0,-0.09999999999999964,13.35,13.4,13.4,13.45,161.0,215.0,9602.0,49792.0,False,False
2887,2022-10-31 09:42:04.212915,0.0,-0.0074349442379182396,0.0,-0.09999999999999964,13.35,13.4,13.4,13.45,151.0,215.0,9602.0,49792.0,False,False
2887,2022-10-31 09:42:06.635995,0.0,-0.0074349442379182396,0.0,-0.09999999999999964,13.35,13.4,13.4,13.45,151.0,215.0,9602.0,49792.0,False,False
2887,2022-10-31 09:42:06.913502,0.0,-0.0074349442379182396,0.0,-0.09999999999999964,13.35,13.4,13.4,13.45,151.0,215.0,9512.0,49792.0,True,True
2887,2022-10-31 09:42:11.098682,0.0,-0.0074349442379182396,0.0,-0.09999999999999964,13.35,13.4,13.4,13.45,152.0,215.0,9512.0,49792.0,False,False
2887,2022-10-31 09:42:11.891325,0.0,-0.0074349442379182396,0.0,-0.09999999999999964,13.35,13.4,13.4,13.45,132.0,215.0,9512.0,49792.0,False,False
2887,2022-10-31 09:42:11.932460,0.0,-0.0074349442379182396,0.0,-0.09999999999999964,13.35,13.4,13.4,13.45,125.0,215.0,9512.0,49792.0,False,False
2887,2022-10-31 09:42:14.431142,0.0,-0.0074349442379182396,0.0,-0.09999999999999964,13.35,13.4,13.4,13.45,125.0,215.0,9512.0,49792.0,False,False
2887,2022-10-31 09:42:15.566640,0.0,-0.0074349442379182396,0.0,-0.09999999999999964,13.35,13.4,13.4,13.45,125.0,215.0,9512.0,49792.0,False,False
2887,2022-10-31 09:42:15.810670,0.0,-0.0074349442379182396,0.0,-0.09999999999999964,13.35,13.4,13.4,13.45,115.0,215.0,9512.0,49792.0,False,False
2887,2022-10-31 09:42:16.952596,0.0,-0.0074349442379182396,0.0,-0.09999999999999964,13.35,13.4,13.4,13.45,115.0,215.0,9144.0,50424.0,True,True
2887,2022-10-31 09:42:18.221802,0.0,-0.0074349442379182396,0.0,-0.09999999999999964,13.35,13.4,13.4,13.45,105.0,215.0,9144.0,50424.0,False,False
2887,2022-10-31 09:42:19.066465,0.0,-0.0074349442379182396,0.0,-0.09999999999999964,13.35,13.4,13.4,13.45,105.0,215.0,9144.0,50424.0,False,False
2887,2022-10-31 09:42:19.100768,0.0,-0.0074349442379182396,0.0,-0.09999999999999964,13.35,13.4,13.4,13.45,106.0,215.0,9144.0,50424.0,False,False
2887,2022-10-31 09:42:20.701754,0.0,-0.0074349442379182396,0.0,-0.09999999999999964,13.35,13.4,13.4,13.45,106.0,216.0,9144.0,50424.0,False,False
2887,2022-10-31 09:42:26.992879,0.0,-0.0074349442379182396,0.0,-0.09999999999999964,13.35,13.4,13.4,13.45,106.0,216.0,9512.0,50363.0,True,True
2887,2022-10-31 09:42:27.294577,0.0,-0.0074349442379182396,0.0,-0.09999999999999964,13.35,13.4,13.4,13.45,106.0,214.0,9512.0,50363.0,False,False
2887,2022-10-31 09:42:28.342016,0.0,-0.0074349442379182396,0.0,-0.09999999999999964,13.35,13.4,13.4,13.45,106.0,214.0,9512.0,50363.0,False,False
2887,2022-10-31 09:42:29.284549,0.0,-0.0074349442379182396,0.0,-0.09999999999999964,13.35,13.4,13.4,13.45,109.0,214.0,9512.0,50363.0,False,False
2887,2022-10-31 09:42:29.937745,0.0,-0.0074349442379182396,0.0,-0.09999999999999964,13.35,13.4,13.4,13.45,109.0,214.0,9512.0,50363.0,False,False
2887,2022-10-31 09:42:32.930243,0.0,-0.0074349442379182396,0.0,-0.09999999999999964,13.35,13.4,13.4,13.45,108.0,213.0,9512.0,50363.0,False,False
2887,2022-10-31 09:42:33.043709,0.0,-0.0074349442379182396,0.0,-0.09999999999999964,13.35,13.4,13.4,13.45,108.0,236.0,9512.0,50363.0,False,False
2887,2022-10-31 09:42:33.229664,0.0,-0.0074349442379182396,0.0,-0.09999999999999964,13.35,13.4,13.4,13.45,98.0,236.0,9512.0,50363.0,False,False
2887,2022-10-31 09:42:34.294696,0.0,-0.0074349442379182396,0.0,-0.09999999999999964,13.35,13.4,13.4,13.45,98.0,234.0,9512.0,50363.0,False,False
2887,2022-10-31 09:42:34.986664,0.0,-0.0074349442379182396,0.0,-0.09999999999999964,13.35,13.4,13.4,13.45,102.0,234.0,9512.0,50363.0,False,False
2887,2022-10-31 09:42:37.043278,0.0,-0.0074349442379182396,0.0,-0.09999999999999964,13.35,13.4,13.4,13.45,102.0,234.0,9712.0,50363.0,True,True
2887,2022-10-31 09:42:37.392089,0.0,-0.0074349442379182396,0.0,-0.09999999999999964,13.35,13.4,13.4,13.45,102.0,234.0,9712.0,50363.0,False,False
2887,2022-10-31 09:42:37.417441,0.0,-0.0074349442379182396,0.0,-0.09999999999999964,13.35,13.4,13.4,13.45,103.0,234.0,9712.0,50363.0,False,False
2887,2022-10-31 09:42:39.487057,0.0,-0.0074349442379182396,0.0,-0.09999999999999964,13.35,13.4,13.4,13.45,106.0,234.0,9712.0,50363.0,False,False
2887,2022-10-31 09:42:40.244151,0.0,-0.0074349442379182396,0.0,-0.09999999999999964,13.35,13.4,13.4,13.45,107.0,234.0,9712.0,50363.0,False,False
2887,2022-10-31 09:42:42.266259,0.0,-0.0074349442379182396,0.0,-0.09999999999999964,13.35,13.4,13.4,13.45,107.0,233.0,9712.0,50363.0,False,False
2887,2022-10-31 09:42:42.580457,0.0,-0.0074349442379182396,0.0,-0.09999999999999964,13.35,13.4,13.4,13.45,108.0,233.0,9712.0,50363.0,False,False
2887,2022-10-31 09:42:43.183822,0.0,-0.0074349442379182396,0.0,-0.09999999999999964,13.35,13.4,13.4,13.45,108.0,233.0,9712.0,50363.0,False,False
2887,2022-10-31 09:42:44.017449,0.0,-0.0074349442379182396,0.0,-0.09999999999999964,13.35,13.4,13.4,13.45,118.0,233.0,9712.0,50363.0,False,False
2887,2022-10-31 09:42:45.371098,0.0,-0.0074349442379182396,0.0,-0.09999999999999964,13.35,13.4,13.4,13.45,119.0,233.0,9712.0,50363.0,False,False
2887,2022-10-31 09:42:47.092616,0.0,-0.0074349442379182396,0.0,-0.09999999999999964,13.35,13.4,13.4,13.45,119.0,233.0,9712.0,50363.0,True,True
2887,2022-10-31 09:42:47.238236,0.0,-0.0074349442379182396,0.0,-0.09999999999999964,13.35,13.4,13.4,13.45,109.0,233.0,9712.0,50363.0,False,False
2887,2022-10-31 09:42:47.438116,0.0,-0.0074349442379182396,0.0,-0.09999999999999964,13.35,13.4,13.4,13.45,109.0,233.0,9712.0,50363.0,False,False
2887,2022-10-31 09:42:49.082877,0.0,-0.0074349442379182396,0.0,-0.09999999999999964,13.35,13.4,13.4,13.45,109.0,233.0,9712.0,50363.0,False,False
2887,2022-10-31 09:42:49.218832,0.0,-0.0074349442379182396,0.0,-0.09999999999999964,13.35,13.4,13.4,13.45,110.0,233.0,9712.0,50363.0,False,False
2887,2022-10-31 09:42:51.171430,0.0,-0.0074349442379182396,0.0,-0.09999999999999964,13.35,13.4,13.4,13.45,110.0,233.0,9712.0,50363.0,False,False
2887,2022-10-31 09:42:52.514526,0.0,-0.0074349442379182396,0.0,-0.09999999999999964,13.35,13.4,13.4,13.45,110.0,233.0,9712.0,50363.0,False,False
2887,2022-10-31 09:42:53.684807,0.0,-0.0074349442379182396,0.0,-0.09999999999999964,13.35,13.4,13.4,13.45,112.0,233.0,9712.0,50363.0,False,False
2887,2022-10-31 09:42:57.093300,0.0,-0.0074349442379182396,0.0,-0.09999999999999964,13.35,13.4,13.4,13.45,112.0,233.0,9712.0,50363.0,False,False
2887,2022-10-31 09:42:57.137818,0.0,-0.0074349442379182396,0.0,-0.09999999999999964,13.35,13.4,13.4,13.45,112.0,233.0,9792.0,50162.0,True,True
2887,2022-10-31 09:42:58.481310,0.0,-0.0074349442379182396,0.0,-0.09999999999999964,13.35,13.4,13.4,13.45,112.0,236.0,9792.0,50162.0,False,False
2887,2022-10-31 09:43:02.246736,0.0,-0.0074349442379182396,0.0,-0.09999999999999964,13.35,13.4,13.4,13.45,102.0,236.0,9792.0,50162.0,False,False
2887,2022-10-31 09:43:04.782086,0.0,-0.0074349442379182396,0.0,-0.09999999999999964,13.35,13.4,13.4,13.45,102.0,237.0,9792.0,50162.0,False,False
2887,2022-10-31 09:43:05.335677,0.0,-0.0074349442379182396,0.0,-0.09999999999999964,13.35,13.4,13.4,13.45,102.0,238.0,9792.0,50162.0,False,False
2887,2022-10-31 09:43:05.597226,0.0,-0.0074349442379182396,0.0,-0.09999999999999964,13.35,13.4,13.4,13.45,101.0,238.0,9792.0,50162.0,False,False
2887,2022-10-31 09:43:06.373730,0.0,-0.0074349442379182396,0.0,-0.09999999999999964,13.35,13.4,13.4,13.45,101.0,238.0,9892.0,50162.0,False,True
2887,2022-10-31 09:43:08.397467,0.0,-0.0074349442379182396,0.0,-0.09999999999999964,13.35,13.4,13.4,13.45,104.0,238.0,9892.0,50162.0,False,False
2887,2022-10-31 09:43:08.679186,0.0,-0.0074349442379182396,0.0,-0.09999999999999964,13.35,13.4,13.4,13.45,105.0,238.0,9892.0,50162.0,False,False
2887,2022-10-31 09:43:11.061545,0.0,-0.0074349442379182396,0.0,-0.09999999999999964,13.35,13.4,13.4,13.45,106.0,238.0,9892.0,50162.0,False,False
2887,2022-10-31 09:43:13.919371,0.0,-0.0074349442379182396,0.0,-0.09999999999999964,13.35,13.4,13.4,13.45,106.0,237.0,9892.0,50162.0,False,False
2887,2022-10-31 09:43:16.255181,0.0,-0.0074349442379182396,0.0,-0.09999999999999964,13.35,13.4,13.4,13.45,96.0,237.0,9892.0,50162.0,False,False
2887,2022-10-31 09:43:16.411530,0.0,-0.0074349442379182396,0.0,-0.09999999999999964,13.35,13.4,13.4,13.45,96.0,237.0,9892.0,50495.0,True,True
2887,2022-10-31 09:43:18.505507,0.0,-0.0074349442379182396,0.0,-0.09999999999999964,13.35,13.4,13.4,13.45,96.0,237.0,9892.0,50495.0,False,False
2887,2022-10-31 09:43:18.649059,0.0,-0.0074349442379182396,0.0,-0.09999999999999964,13.35,13.4,13.4,13.45,96.0,237.0,9892.0,50495.0,False,False
2887,2022-10-31 09:43:19.206810,0.0,-0.0074349442379182396,0.0,-0.09999999999999964,13.35,13.4,13.4,13.45,96.0,237.0,9892.0,50495.0,False,False
2887,2022-10-31 09:43:21.991403,0.0,-0.0074349442379182396,0.0,-0.09999999999999964,13.35,13.4,13.4,13.45,96.0,237.0,9892.0,50495.0,False,False
2887,2022-10-31 09:43:23.130299,0.0,-0.0074349442379182396,0.0,-0.09999999999999964,13.35,13.4,13.4,13.45,97.0,237.0,9892.0,50495.0,False,False
2887,2022-10-31 09:43:23.272718,0.0,-0.0074349442379182396,0.0,-0.09999999999999964,13.35,13.4,13.4,13.45,97.0,237.0,9892.0,50495.0,False,False
2887,2022-10-31 09:43:25.953893,0.0,-0.0074349442379182396,0.0,-0.09999999999999964,13.35,13.4,13.4,13.45,97.0,237.0,9892.0,50495.0,False,False
2887,2022-10-31 09:43:26.450964,0.0,-0.0074349442379182396,0.0,-0.09999999999999964,13.35,13.4,13.4,13.45,97.0,237.0,9292.0,50495.0,True,True
2887,2022-10-31 09:43:27.767001,0.0,-0.0074349442379182396,0.0,-0.09999999999999964,13.35,13.4,13.4,13.45,97.0,237.0,9292.0,50495.0,False,False
2887,2022-10-31 09:43:28.534213,0.0,-0.0074349442379182396,0.0,-0.09999999999999964,13.35,13.4,13.4,13.45,98.0,237.0,9292.0,50495.0,False,False
2887,2022-10-31 09:43:31.263728,0.0,-0.0074349442379182396,0.0,-0.09999999999999964,13.35,13.4,13.4,13.45,88.0,237.0,9292.0,50495.0,False,False
2887,2022-10-31 09:43:31.769748,0.0,-0.0074349442379182396,0.0,-0.09999999999999964,13.35,13.4,13.4,13.45,88.0,237.0,9292.0,50495.0,False,False
2887,2022-10-31 09:43:31.882631,0.0,-0.0074349442379182396,0.0,-0.09999999999999964,13.35,13.4,13.4,13.45,57.0,221.0,9292.0,50495.0,False,False
2887,2022-10-31 09:43:31.882897,0.0,-0.0074349442379182396,0.0,-0.09999999999999964,13.35,13.4,13.4,13.45,57.0,211.0,9292.0,50495.0,False,False
2887,2022-10-31 09:43:31.965005,0.0,-0.0074349442379182396,0.0,-0.09999999999999964,13.35,13.4,13.4,13.45,37.0,211.0,9292.0,50495.0,False,False
2887,2022-10-31 09:43:31.965621,0.0,-0.0074349442379182396,0.0,-0.09999999999999964,13.35,13.4,13.4,13.45,37.0,202.0,9292.0,50495.0,False,False
2887,2022-10-31 09:43:32.076150,0.0,-0.0074349442379182396,0.0,-0.09999999999999964,13.35,13.4,13.4,13.45,37.0,202.0,9292.0,50495.0,False,False
2887,2022-10-31 09:43:36.494222,0.0,-0.0074349442379182396,0.0,-0.09999999999999964,13.35,13.4,13.4,13.45,37.0,202.0,9492.0,50495.0,True,True
2887,2022-10-31 09:43:36.789502,0.0,-0.0074349442379182396,0.0,-0.09999999999999964,13.35,13.4,13.4,13.45,37.0,202.0,9492.0,50495.0,False,False
2887,2022-10-31 09:43:37.662071,0.0,-0.0074349442379182396,0.0,-0.09999999999999964,13.35,13.4,13.4,13.45,37.0,202.0,9492.0,50495.0,False,False
2887,2022-10-31 09:43:40.762615,0.0,-0.0074349442379182396,0.0,-0.09999999999999964,13.35,13.4,13.4,13.45,37.0,202.0,9492.0,50495.0,False,False
2887,2022-10-31 09:43:41.619501,0.0,-0.0074349442379182396,0.0,-0.09999999999999964,13.35,13.4,13.4,13.45,38.0,202.0,9492.0,50495.0,False,False
2887,2022-10-31 09:43:42.509817,0.0,-0.0074349442379182396,0.0,-0.09999999999999964,13.35,13.4,13.4,13.45,41.0,202.0,9492.0,50495.0,False,False
2887,2022-10-31 09:43:42.681473,0.0,-0.0074349442379182396,0.0,-0.09999999999999964,13.35,13.4,13.4,13.45,41.0,202.0,9492.0,50495.0,False,False
2887,2022-10-31 09:43:43.436669,0.0,-0.0074349442379182396,0.0,-0.09999999999999964,13.35,13.4,13.4,13.45,41.0,202.0,9492.0,50495.0,False,False
2887,2022-10-31 09:43:44.823466,0.0,-0.0074349442379182396,0.0,-0.09999999999999964,13.35,13.4,13.4,13.45,41.0,202.0,9492.0,50495.0,False,False
2887,2022-10-31 09:43:45.272047,0.0,-0.0074349442379182396,0.0,-0.09999999999999964,13.35,13.4,13.4,13.45,31.0,202.0,9492.0,50495.0,False,False
2887,2022-10-31 09:43:46.549844,0.0,-0.0074349442379182396,0.0,-0.09999999999999964,13.35,13.4,13.4,13.45,31.0,202.0,9506.0,50495.0,True,True
2887,2022-10-31 09:43:49.405597,0.0,-0.0074349442379182396,0.0,-0.09999999999999964,13.35,13.4,13.4,13.45,31.0,202.0,9506.0,50495.0,False,False
2887,2022-10-31 09:43:51.400241,0.0,-0.0074349442379182396,0.0,-0.09999999999999964,13.35,13.4,13.4,13.45,31.0,202.0,9506.0,50495.0,False,False
2887,2022-10-31 09:43:56.587828,0.0,-0.0074349442379182396,0.0,-0.09999999999999964,13.35,13.4,13.4,13.45,31.0,202.0,9506.0,50495.0,True,True
2887,2022-10-31 09:43:56.996616,0.0,-0.0074349442379182396,0.0,-0.09999999999999964,13.35,13.4,13.4,13.45,31.0,202.0,9506.0,50495.0,False,False
2887,2022-10-31 09:43:57.261217,0.0,-0.0074349442379182396,0.0,-0.09999999999999964,13.35,13.4,13.4,13.45,31.0,202.0,9506.0,50495.0,False,False
2887,2022-10-31 09:43:58.934088,0.0,-0.0074349442379182396,0.0,-0.09999999999999964,13.35,13.4,13.4,13.45,41.0,202.0,9506.0,50495.0,False,False
2887,2022-10-31 09:44:00.265843,0.0,-0.0074349442379182396,0.0,-0.09999999999999964,13.35,13.4,13.4,13.45,31.0,202.0,9506.0,50495.0,False,False
2887,2022-10-31 09:44:02.237677,0.0,-0.0074349442379182396,0.0,-0.09999999999999964,13.35,13.4,13.4,13.45,31.0,202.0,9506.0,50495.0,False,False
2887,2022-10-31 09:44:04.858360,0.0,-0.0074349442379182396,0.0,-0.09999999999999964,13.35,13.4,13.4,13.45,30.0,202.0,9506.0,50495.0,False,False
2887,2022-10-31 09:44:05.147601,0.0,-0.0074349442379182396,0.0,-0.09999999999999964,13.35,13.4,13.4,13.45,30.0,202.0,9506.0,50495.0,False,False
2887,2022-10-31 09:44:05.175785,0.0,-0.0074349442379182396,0.0,-0.09999999999999964,13.35,13.4,13.4,13.45,30.0,202.0,9506.0,50495.0,False,False
2887,2022-10-31 09:44:06.626967,0.0,-0.0074349442379182396,0.0,-0.09999999999999964,13.35,13.4,13.4,13.45,30.0,202.0,9506.0,50495.0,True,True
2887,2022-10-31 09:44:06.835101,0.0,-0.0074349442379182396,0.0,-0.09999999999999964,13.35,13.4,13.4,13.45,30.0,202.0,9506.0,50495.0,False,False
2887,2022-10-31 09:44:08.528583,0.0,-0.0074349442379182396,0.0,-0.09999999999999964,13.35,13.4,13.4,13.45,35.0,202.0,9506.0,50495.0,False,False
2887,2022-10-31 09:44:13.091466,0.0,-0.0074349442379182396,0.0,-0.09999999999999964,13.35,13.4,13.4,13.45,37.0,202.0,9506.0,50495.0,False,False
2887,2022-10-31 09:44:14.163871,0.0,-0.0074349442379182396,0.0,-0.09999999999999964,13.35,13.4,13.4,13.45,37.0,202.0,9506.0,50495.0,False,False
2887,2022-10-31 09:44:14.273526,0.0,-0.0074349442379182396,0.0,-0.09999999999999964,13.35,13.4,13.4,13.45,27.0,202.0,9506.0,50495.0,False,False
2887,2022-10-31 09:44:16.194654,0.0,-0.0074349442379182396,0.0,-0.09999999999999964,13.35,13.4,13.4,13.45,27.0,202.0,9506.0,50495.0,False,False
2887,2022-10-31 09:44:16.664044,0.0,-0.0074349442379182396,0.0,-0.09999999999999964,13.35,13.4,13.4,13.45,27.0,202.0,9606.0,50495.0,True,True
2887,2022-10-31 09:44:17.820909,0.0,-0.0074349442379182396,0.0,-0.09999999999999964,13.35,13.4,13.4,13.45,27.0,202.0,9606.0,50495.0,False,False
2887,2022-10-31 09:44:17.821701,0.0,-0.0074349442379182396,0.0,-0.09999999999999964,13.35,13.4,13.4,13.45,27.0,202.0,9606.0,50495.0,False,False
2887,2022-10-31 09:44:18.909960,0.0,-0.0074349442379182396,0.0,-0.09999999999999964,13.35,13.4,13.4,13.45,27.0,202.0,9606.0,50495.0,False,False
2887,2022-10-31 09:44:19.618593,0.0,-0.0074349442379182396,0.0,-0.09999999999999964,13.35,13.4,13.4,13.45,27.0,202.0,9606.0,50495.0,False,False
2887,2022-10-31 09:44:20.556835,0.0,-0.0074349442379182396,0.0,-0.09999999999999964,13.35,13.4,13.4,13.45,27.0,212.0,9606.0,50495.0,False,False
2887,2022-10-31 09:44:23.205911,0.0,-0.0074349442379182396,0.0,-0.09999999999999964,13.35,13.4,13.4,13.45,30.0,212.0,9606.0,50495.0,False,False
2887,2022-10-31 09:44:24.731463,0.0,-0.0074349442379182396,0.0,-0.09999999999999964,13.35,13.4,13.4,13.45,31.0,212.0,9606.0,50495.0,False,False
2887,2022-10-31 09:44:25.075153,0.0,-0.0074349442379182396,0.0,-0.09999999999999964,13.35,13.4,13.4,13.45,31.0,212.0,9606.0,50495.0,False,False
2887,2022-10-31 09:44:26.706722,0.0,-0.0074349442379182396,0.0,-0.09999999999999964,13.35,13.4,13.4,13.45,31.0,212.0,9406.0,50495.0,True,True
2887,2022-10-31 09:44:27.232766,0.0,-0.0074349442379182396,0.0,-0.09999999999999964,13.35,13.4,13.4,13.45,32.0,212.0,9406.0,50495.0,False,False
2887,2022-10-31 09:44:29.282820,0.0,-0.0074349442379182396,0.0,-0.09999999999999964,13.35,13.4,13.4,13.45,22.0,212.0,9406.0,50495.0,False,False
2887,2022-10-31 09:44:30.126098,0.0,-0.0074349442379182396,0.0,-0.09999999999999964,13.35,13.4,13.4,13.45,22.0,212.0,9406.0,50495.0,False,False
2887,2022-10-31 09:44:30.355503,0.0,-0.0074349442379182396,0.0,-0.09999999999999964,13.35,13.4,13.4,13.45,25.0,212.0,9406.0,50495.0,False,False
2887,2022-10-31 09:44:34.274945,0.0,-0.0074349442379182396,0.0,-0.09999999999999964,13.35,13.4,13.4,13.45,25.0,212.0,9406.0,50495.0,False,False
2887,2022-10-31 09:44:34.828366,0.0,-0.0074349442379182396,0.0,-0.09999999999999964,13.35,13.4,13.4,13.45,25.0,213.0,9406.0,50495.0,False,False
2887,2022-10-31 09:44:35.368931,0.0,-0.0074349442379182396,0.0,-0.09999999999999964,13.35,13.4,13.4,13.45,25.0,213.0,9406.0,50495.0,False,False
2887,2022-10-31 09:44:35.552766,0.0,-0.0074349442379182396,0.0,-0.09999999999999964,13.35,13.4,13.4,13.45,25.0,212.0,9406.0,50495.0,False,False
2887,2022-10-31 09:44:36.757690,0.0,-0.0074349442379182396,0.0,-0.09999999999999964,13.35,13.4,13.4,13.45,25.0,212.0,9606.0,50495.0,True,True
2887,2022-10-31 09:44:36.777316,0.0,-0.0074349442379182396,0.0,-0.09999999999999964,13.35,13.4,13.4,13.45,22.0,209.0,9606.0,50495.0,False,False
2887,2022-10-31 09:44:36.874868,0.0,-0.0074349442379182396,0.0,-0.09999999999999964,13.35,13.4,13.4,13.45,22.0,206.0,9606.0,50495.0,False,False
2887,2022-10-31 09:44:36.968600,0.0,-0.0074349442379182396,0.0,-0.09999999999999964,13.35,13.4,13.4,13.45,22.0,166.0,9606.0,50495.0,False,False
2887,2022-10-31 09:44:37.000388,0.0,-0.0074349442379182396,0.0,-0.09999999999999964,13.35,13.4,13.4,13.45,23.0,166.0,9606.0,50495.0,False,False
2887,2022-10-31 09:44:37.000846,0.0,-0.0074349442379182396,0.0,-0.09999999999999964,13.35,13.4,13.4,13.45,30.0,166.0,9606.0,50495.0,False,False
2887,2022-10-31 09:44:39.415057,0.0,-0.0074349442379182396,0.0,-0.09999999999999964,13.35,13.4,13.4,13.45,60.0,166.0,9606.0,50495.0,False,False
2887,2022-10-31 09:44:39.533704,0.0,-0.0074349442379182396,0.0,-0.09999999999999964,13.35,13.4,13.4,13.45,62.0,166.0,9606.0,50495.0,False,False
2887,2022-10-31 09:44:39.594593,0.0,-0.0074349442379182396,0.0,-0.09999999999999964,13.35,13.4,13.4,13.45,56.0,166.0,9606.0,50495.0,False,False
2887,2022-10-31 09:44:43.056939,0.0,-0.0074349442379182396,0.0,-0.09999999999999964,13.35,13.4,13.4,13.45,56.0,166.0,9606.0,50495.0,False,False
2887,2022-10-31 09:44:43.306217,0.0,-0.0074349442379182396,0.0,-0.09999999999999964,13.35,13.4,13.4,13.45,46.0,166.0,9606.0,50495.0,False,False
2887,2022-10-31 09:44:46.795860,0.0,-0.0074349442379182396,0.0,-0.09999999999999964,13.35,13.4,13.4,13.45,46.0,166.0,9536.0,50495.0,True,True
2887,2022-10-31 09:44:47.609647,0.0,-0.0074349442379182396,0.0,-0.09999999999999964,13.35,13.4,13.4,13.45,46.0,166.0,9536.0,50495.0,False,False
2887,2022-10-31 09:44:48.412748,0.0,-0.0074349442379182396,0.0,-0.09999999999999964,13.35,13.4,13.4,13.45,46.0,166.0,9536.0,50495.0,False,False
2887,2022-10-31 09:44:48.919569,0.0,-0.0074349442379182396,0.0,-0.09999999999999964,13.35,13.4,13.4,13.45,46.0,166.0,9536.0,50495.0,False,False
2887,2022-10-31 09:44:50.636664,0.0,-0.0074349442379182396,0.0,-0.09999999999999964,13.35,13.4,13.4,13.45,46.0,166.0,9536.0,50495.0,False,False
2887,2022-10-31 09:44:53.405133,0.0,-0.0074349442379182396,0.0,-0.09999999999999964,13.35,13.4,13.4,13.45,47.0,166.0,9536.0,50495.0,False,False
2887,2022-10-31 09:44:54.690493,0.0,-0.0074349442379182396,0.0,-0.09999999999999964,13.35,13.4,13.4,13.45,57.0,166.0,9536.0,50495.0,False,False
2887,2022-10-31 09:44:54.890475,0.0,-0.0074349442379182396,0.0,-0.09999999999999964,13.35,13.4,13.4,13.45,57.0,166.0,9536.0,50495.0,False,False
2887,2022-10-31 09:44:56.836992,0.0,-0.0074349442379182396,0.0,-0.09999999999999964,13.35,13.4,13.4,13.45,57.0,166.0,9586.0,50495.0,True,True
2887,2022-10-31 09:44:57.492721,0.0,-0.0074349442379182396,0.0,-0.09999999999999964,13.35,13.4,13.4,13.45,58.0,166.0,9586.0,50495.0,False,False
2887,2022-10-31 09:44:58.217612,0.0,-0.0074349442379182396,0.0,-0.09999999999999964,13.35,13.4,13.4,13.45,58.0,166.0,9586.0,50495.0,False,False
2887,2022-10-31 09:44:58.299538,0.0,-0.0074349442379182396,0.0,-0.09999999999999964,13.35,13.4,13.4,13.45,48.0,166.0,9586.0,50495.0,False,False
2887,2022-10-31 09:45:02.429263,0.0,-0.0074349442379182396,0.0,-0.09999999999999964,13.35,13.4,13.4,13.45,51.0,166.0,9586.0,50495.0,False,False
2887,2022-10-31 09:45:05.476440,0.0,-0.0074349442379182396,0.0,-0.09999999999999964,13.35,13.4,13.4,13.45,71.0,166.0,9586.0,50495.0,False,False
2887,2022-10-31 09:45:07.016225,0.0,-0.0074349442379182396,0.0,-0.09999999999999964,13.35,13.4,13.4,13.45,71.0,166.0,9586.0,50495.0,True,True
2887,2022-10-31 09:45:07.519323,0.0,-0.0074349442379182396,0.0,-0.09999999999999964,13.35,13.4,13.4,13.45,71.0,164.0,9586.0,50495.0,False,False
2887,2022-10-31 09:45:10.463176,0.0,-0.0074349442379182396,0.0,-0.09999999999999964,13.35,13.4,13.4,13.45,72.0,164.0,9586.0,50495.0,False,False
2887,2022-10-31 09:45:10.583830,0.0,-0.0074349442379182396,0.0,-0.09999999999999964,13.35,13.4,13.4,13.45,82.0,164.0,9586.0,50495.0,False,False
2887,2022-10-31 09:45:11.065845,0.0,-0.0074349442379182396,0.0,-0.09999999999999964,13.35,13.4,13.4,13.45,82.0,164.0,9586.0,50495.0,False,False
2887,2022-10-31 09:45:11.909154,0.0,-0.0074349442379182396,0.0,-0.09999999999999964,13.35,13.4,13.4,13.45,83.0,164.0,9586.0,50495.0,False,False
2887,2022-10-31 09:45:12.212168,0.0,-0.0074349442379182396,0.0,-0.09999999999999964,13.35,13.4,13.4,13.45,73.0,164.0,9586.0,50495.0,False,False
2887,2022-10-31 09:45:12.505592,0.0,-0.0074349442379182396,0.0,-0.09999999999999964,13.35,13.4,13.4,13.45,80.0,164.0,9586.0,50495.0,False,False
2887,2022-10-31 09:45:12.764694,0.0,-0.0074349442379182396,0.0,-0.09999999999999964,13.35,13.4,13.4,13.45,60.0,164.0,9586.0,50495.0,False,False
2887,2022-10-31 09:45:14.015940,0.0,-0.0074349442379182396,0.0,-0.09999999999999964,13.35,13.4,13.4,13.45,61.0,164.0,9586.0,50495.0,False,False
2887,2022-10-31 09:45:17.206503,0.0,-0.0074349442379182396,0.0,-0.09999999999999964,13.35,13.4,13.4,13.45,61.0,164.0,9586.0,50495.0,True,True
2887,2022-10-31 09:45:17.580005,0.0,-0.0074349442379182396,0.0,-0.09999999999999964,13.35,13.4,13.4,13.45,61.0,164.0,9586.0,50495.0,False,False
2887,2022-10-31 09:45:17.594316,0.0,-0.0074349442379182396,0.0,-0.09999999999999964,13.35,13.4,13.4,13.45,61.0,164.0,9586.0,50495.0,False,False
2887,2022-10-31 09:45:17.811700,0.0,-0.0074349442379182396,0.0,-0.09999999999999964,13.35,13.4,13.4,13.45,62.0,164.0,9586.0,50495.0,False,False
2887,2022-10-31 09:45:19.079558,0.0,-0.0074349442379182396,0.0,-0.09999999999999964,13.35,13.4,13.4,13.45,62.0,170.0,9586.0,50495.0,False,False
2887,2022-10-31 09:45:19.080871,0.0,-0.0074349442379182396,0.0,-0.09999999999999964,13.35,13.4,13.4,13.45,62.0,170.0,9586.0,50495.0,False,False
2887,2022-10-31 09:45:21.882902,0.0,-0.0074349442379182396,0.0,-0.09999999999999964,13.35,13.4,13.4,13.45,62.0,176.0,9586.0,50495.0,False,False
2887,2022-10-31 09:45:21.948244,0.0,-0.0074349442379182396,0.0,-0.09999999999999964,13.35,13.4,13.4,13.45,61.0,176.0,9586.0,50495.0,False,False
2887,2022-10-31 09:45:23.559917,0.0,-0.0074349442379182396,0.0,-0.09999999999999964,13.35,13.4,13.4,13.45,61.0,176.0,9586.0,50495.0,False,False
2887,2022-10-31 09:45:25.875991,0.0,-0.0074349442379182396,0.0,-0.09999999999999964,13.35,13.4,13.4,13.45,61.0,175.0,9586.0,50495.0,False,False
2887,2022-10-31 09:45:27.163362,0.0,-0.0074349442379182396,0.0,-0.09999999999999964,13.35,13.4,13.4,13.45,51.0,175.0,9586.0,50495.0,False,False
2887,2022-10-31 09:45:27.228289,0.0,-0.0074349442379182396,0.0,-0.09999999999999964,13.35,13.4,13.4,13.45,51.0,175.0,9808.0,50495.0,True,True
2887,2022-10-31 09:45:29.078654,0.0,-0.0074349442379182396,0.0,-0.09999999999999964,13.35,13.4,13.4,13.45,51.0,175.0,9808.0,50495.0,False,False
2887,2022-10-31 09:45:31.267447,0.0,-0.0074349442379182396,0.0,-0.09999999999999964,13.35,13.4,13.4,13.45,51.0,175.0,9808.0,50495.0,False,False
2887,2022-10-31 09:45:32.804737,0.0,-0.0074349442379182396,0.0,-0.09999999999999964,13.35,13.4,13.4,13.45,50.0,175.0,9808.0,50495.0,False,False
2887,2022-10-31 09:45:35.562482,0.0,-0.0074349442379182396,0.0,-0.09999999999999964,13.35,13.4,13.4,13.45,50.0,175.0,9808.0,50495.0,False,False
2887,2022-10-31 09:45:37.116236,0.0,-0.0074349442379182396,0.0,-0.09999999999999964,13.35,13.4,13.4,13.45,54.0,175.0,9808.0,50495.0,False,False
2887,2022-10-31 09:45:37.254698,0.0,-0.0074349442379182396,0.0,-0.09999999999999964,13.35,13.4,13.4,13.45,54.0,175.0,9908.0,50495.0,True,True
2887,2022-10-31 09:45:38.195139,0.0,-0.0074349442379182396,0.0,-0.09999999999999964,13.35,13.4,13.4,13.45,54.0,175.0,9908.0,50495.0,False,False
2887,2022-10-31 09:45:38.285764,0.0,-0.0074349442379182396,0.0,-0.09999999999999964,13.35,13.4,13.4,13.45,54.0,175.0,9908.0,50495.0,False,False
2887,2022-10-31 09:45:40.896601,0.0,-0.0074349442379182396,0.0,-0.09999999999999964,13.35,13.4,13.4,13.45,54.0,175.0,9908.0,50495.0,False,False
2887,2022-10-31 09:45:41.027230,0.0,-0.0074349442379182396,0.0,-0.09999999999999964,13.35,13.4,13.4,13.45,55.0,175.0,9908.0,50495.0,False,False
2887,2022-10-31 09:45:41.142111,0.0,-0.0074349442379182396,0.0,-0.09999999999999964,13.35,13.4,13.4,13.45,45.0,175.0,9908.0,50495.0,False,False
2887,2022-10-31 09:45:41.273329,0.0,-0.0074349442379182396,0.0,-0.09999999999999964,13.35,13.4,13.4,13.45,45.0,175.0,9908.0,50495.0,False,False
2887,2022-10-31 09:45:41.439310,0.0,-0.0074349442379182396,0.0,-0.09999999999999964,13.35,13.4,13.4,13.45,45.0,175.0,9908.0,50495.0,False,False
2887,2022-10-31 09:45:42.299130,0.0,-0.0074349442379182396,0.0,-0.09999999999999964,13.35,13.4,13.4,13.45,46.0,175.0,9908.0,50495.0,False,False
2887,2022-10-31 09:45:43.104527,0.0,-0.0074349442379182396,0.0,-0.09999999999999964,13.35,13.4,13.4,13.45,47.0,175.0,9908.0,50495.0,False,False
2887,2022-10-31 09:45:43.338660,0.0,-0.0074349442379182396,0.0,-0.09999999999999964,13.35,13.4,13.4,13.45,47.0,175.0,9908.0,50495.0,False,False
2887,2022-10-31 09:45:45.611980,0.0,-0.0074349442379182396,0.0,-0.09999999999999964,13.35,13.4,13.4,13.45,47.0,175.0,9908.0,50495.0,False,False
2887,2022-10-31 09:45:47.278573,0.0,-0.0074349442379182396,0.0,-0.09999999999999964,13.35,13.4,13.4,13.45,47.0,175.0,9704.0,50495.0,True,True
2887,2022-10-31 09:45:50.939448,0.0,-0.0074349442379182396,0.0,-0.09999999999999964,13.35,13.4,13.4,13.45,67.0,175.0,9704.0,50495.0,False,False
2887,2022-10-31 09:45:51.490282,0.0,-0.0074349442379182396,0.0,-0.09999999999999964,13.35,13.4,13.4,13.45,67.0,175.0,9704.0,50495.0,False,False
2887,2022-10-31 09:45:53.079324,0.0,-0.0074349442379182396,0.0,-0.09999999999999964,13.35,13.4,13.4,13.45,68.0,175.0,9704.0,50495.0,False,False
2887,2022-10-31 09:45:55.147678,0.0,-0.0074349442379182396,0.0,-0.09999999999999964,13.35,13.4,13.4,13.45,68.0,175.0,9704.0,50495.0,False,False
2887,2022-10-31 09:45:56.129257,0.0,-0.0074349442379182396,0.0,-0.09999999999999964,13.35,13.4,13.4,13.45,58.0,175.0,9704.0,50495.0,False,False
2887,2022-10-31 09:45:56.274183,0.0,-0.0074349442379182396,0.0,-0.09999999999999964,13.35,13.4,13.4,13.45,58.0,175.0,9704.0,50495.0,False,False
2887,2022-10-31 09:45:56.600727,0.0,-0.0074349442379182396,0.0,-0.09999999999999964,13.35,13.4,13.4,13.45,58.0,175.0,9704.0,50495.0,False,False
2887,2022-10-31 09:45:57.304316,0.0,-0.0074349442379182396,0.0,-0.09999999999999964,13.35,13.4,13.4,13.45,58.0,175.0,8234.0,50495.0,True,True
2887,2022-10-31 09:46:04.658689,0.0,-0.0074349442379182396,0.0,-0.09999999999999964,13.35,13.4,13.4,13.45,58.0,176.0,8234.0,50495.0,False,False
2887,2022-10-31 09:46:05.239077,0.0,-0.0074349442379182396,0.0,-0.09999999999999964,13.35,13.4,13.4,13.45,58.0,176.0,8234.0,50495.0,False,False
2887,2022-10-31 09:46:06.533520,0.0,-0.0074349442379182396,0.0,-0.09999999999999964,13.35,13.4,13.4,13.45,58.0,176.0,4234.0,50495.0,False,True
2887,2022-10-31 09:46:06.871396,0.0,-0.0074349442379182396,0.0,-0.09999999999999964,13.35,13.4,13.4,13.45,58.0,176.0,4234.0,50495.0,False,False
2887,2022-10-31 09:46:08.771547,0.0,-0.0074349442379182396,0.0,-0.09999999999999964,13.35,13.4,13.4,13.45,59.0,176.0,4234.0,50495.0,False,False
2887,2022-10-31 09:46:11.120673,0.0,-0.0074349442379182396,0.0,-0.09999999999999964,13.35,13.4,13.4,13.45,49.0,176.0,4234.0,50495.0,False,False
2887,2022-10-31 09:46:13.661749,0.0,-0.0074349442379182396,0.0,-0.09999999999999964,13.35,13.4,13.4,13.45,50.0,176.0,4234.0,50495.0,False,False
2887,2022-10-31 09:46:15.554561,0.0,-0.0074349442379182396,0.0,-0.09999999999999964,13.35,13.4,13.4,13.45,51.0,176.0,4234.0,50495.0,False,False
2887,2022-10-31 09:46:15.590038,0.0,-0.0074349442379182396,0.0,-0.09999999999999964,13.35,13.4,13.4,13.45,51.0,176.0,4234.0,50495.0,False,False
2887,2022-10-31 09:46:15.701000,0.0,-0.0074349442379182396,0.0,-0.09999999999999964,13.35,13.4,13.4,13.45,52.0,176.0,4234.0,50495.0,False,False
2887,2022-10-31 09:46:16.568804,0.0,-0.0074349442379182396,0.0,-0.09999999999999964,13.35,13.4,13.4,13.45,52.0,176.0,4259.0,50495.0,True,True
2887,2022-10-31 09:46:19.229451,0.0,-0.0074349442379182396,0.0,-0.09999999999999964,13.35,13.4,13.4,13.45,51.0,176.0,4259.0,50495.0,False,False
2887,2022-10-31 09:46:20.846377,0.0,-0.0074349442379182396,0.0,-0.09999999999999964,13.35,13.4,13.4,13.45,53.0,176.0,4259.0,50495.0,False,False
2887,2022-10-31 09:46:21.404953,0.0,-0.0074349442379182396,0.0,-0.09999999999999964,13.35,13.4,13.4,13.45,54.0,176.0,4259.0,50495.0,False,False
2887,2022-10-31 09:46:24.328244,0.0,-0.0074349442379182396,0.0,-0.09999999999999964,13.35,13.4,13.4,13.45,54.0,176.0,4259.0,50495.0,False,False
2887,2022-10-31 09:46:25.113878,0.0,-0.0074349442379182396,0.0,-0.09999999999999964,13.35,13.4,13.4,13.45,44.0,176.0,4259.0,50495.0,False,False
2887,2022-10-31 09:46:26.605597,0.0,-0.0074349442379182396,0.0,-0.09999999999999964,13.35,13.4,13.4,13.45,44.0,176.0,4499.0,50495.0,True,True
2887,2022-10-31 09:46:29.221768,0.0,-0.0074349442379182396,0.0,-0.09999999999999964,13.35,13.4,13.4,13.45,44.0,186.0,4499.0,50495.0,False,False
2887,2022-10-31 09:46:31.784921,0.0,-0.0074349442379182396,0.0,-0.09999999999999964,13.35,13.4,13.4,13.45,44.0,186.0,4499.0,50495.0,False,False
2887,2022-10-31 09:46:34.017874,0.0,-0.0074349442379182396,0.0,-0.09999999999999964,13.35,13.4,13.4,13.45,44.0,186.0,4499.0,50495.0,False,False
2887,2022-10-31 09:46:35.333053,0.0,-0.0074349442379182396,0.0,-0.09999999999999964,13.35,13.4,13.4,13.45,44.0,186.0,4499.0,50495.0,False,False
2887,2022-10-31 09:46:36.109974,0.0,-0.0074349442379182396,0.0,-0.09999999999999964,13.35,13.4,13.4,13.45,46.0,186.0,4499.0,50495.0,False,False
2887,2022-10-31 09:46:36.634456,0.0,-0.0074349442379182396,0.0,-0.09999999999999964,13.35,13.4,13.4,13.45,46.0,186.0,4519.0,50495.0,True,True
2887,2022-10-31 09:46:40.107354,0.0,-0.0074349442379182396,0.0,-0.09999999999999964,13.35,13.4,13.4,13.45,36.0,186.0,4519.0,50495.0,False,False
2887,2022-10-31 09:46:43.704081,0.0,-0.0074349442379182396,0.0,-0.09999999999999964,13.35,13.4,13.4,13.45,36.0,186.0,4519.0,50495.0,False,False
2887,2022-10-31 09:46:44.430324,0.0,-0.0074349442379182396,0.0,-0.09999999999999964,13.35,13.4,13.4,13.45,36.0,186.0,4519.0,50495.0,False,False
2887,2022-10-31 09:46:45.351827,0.0,-0.0074349442379182396,0.0,-0.09999999999999964,13.35,13.4,13.4,13.45,36.0,186.0,4519.0,50495.0,False,False
2887,2022-10-31 09:46:48.127972,0.0,-0.0074349442379182396,0.0,-0.09999999999999964,13.35,13.4,13.4,13.45,36.0,186.0,4519.0,50495.0,False,False
2887,2022-10-31 09:46:48.638011,0.0,-0.0074349442379182396,0.0,-0.09999999999999964,13.35,13.4,13.4,13.45,37.0,186.0,4519.0,50495.0,False,False
2887,2022-10-31 09:46:50.041044,0.0,-0.0074349442379182396,0.0,-0.09999999999999964,13.35,13.4,13.4,13.45,47.0,186.0,4519.0,50495.0,False,False
2887,2022-10-31 09:46:50.056561,0.0,-0.0074349442379182396,0.0,-0.09999999999999964,13.35,13.4,13.4,13.45,54.0,186.0,4519.0,50495.0,False,False
2887,2022-10-31 09:46:54.101483,0.0,-0.0074349442379182396,0.0,-0.09999999999999964,13.35,13.4,13.4,13.45,44.0,186.0,4519.0,50495.0,False,False
2887,2022-10-31 09:46:56.695500,0.0,-0.0074349442379182396,0.0,-0.09999999999999964,13.35,13.4,13.4,13.45,44.0,186.0,4569.0,50495.0,True,True
2887,2022-10-31 09:46:57.098139,0.0,-0.0074349442379182396,0.0,-0.09999999999999964,13.35,13.4,13.4,13.45,45.0,186.0,4569.0,50495.0,False,False
2887,2022-10-31 09:46:57.981581,0.0,-0.0074349442379182396,0.0,-0.09999999999999964,13.35,13.4,13.4,13.45,47.0,186.0,4569.0,50495.0,False,False
2887,2022-10-31 09:46:59.773353,0.0,-0.0074349442379182396,0.0,-0.09999999999999964,13.35,13.4,13.4,13.45,47.0,186.0,4569.0,50495.0,False,False
2887,2022-10-31 09:47:01.062090,0.0,-0.0074349442379182396,0.0,-0.09999999999999964,13.35,13.4,13.4,13.45,47.0,186.0,4569.0,50495.0,False,False
2887,2022-10-31 09:47:01.297055,0.0,-0.0074349442379182396,0.0,-0.09999999999999964,13.35,13.4,13.4,13.45,47.0,186.0,4569.0,50495.0,False,False
2887,2022-10-31 09:47:01.852203,0.0,-0.0074349442379182396,0.0,-0.09999999999999964,13.35,13.4,13.4,13.45,47.0,186.0,4569.0,50495.0,False,False
2887,2022-10-31 09:47:02.681243,0.0,-0.0074349442379182396,0.0,-0.09999999999999964,13.35,13.4,13.4,13.45,47.0,186.0,4569.0,50495.0,False,False
2887,2022-10-31 09:47:02.716257,0.0,-0.0074349442379182396,0.0,-0.09999999999999964,13.35,13.4,13.4,13.45,47.0,154.0,4569.0,50495.0,False,False
2887,2022-10-31 09:47:02.804070,0.0,-0.0074349442379182396,0.0,-0.09999999999999964,13.35,13.4,13.4,13.45,47.0,147.0,4569.0,50495.0,False,False
2887,2022-10-31 09:47:02.804156,0.0,-0.0074349442379182396,0.0,-0.09999999999999964,13.35,13.4,13.4,13.45,47.0,118.0,4569.0,50495.0,False,False
2887,2022-10-31 09:47:02.804094,0.0,-0.0074349442379182396,0.0,-0.09999999999999964,13.35,13.4,13.4,13.45,47.0,140.0,4569.0,50495.0,False,False
2887,2022-10-31 09:47:02.957642,0.0,-0.0074349442379182396,0.0,-0.09999999999999964,13.35,13.4,13.4,13.45,47.0,116.0,4569.0,50495.0,False,False
2887,2022-10-31 09:47:02.957702,0.0,-0.0074349442379182396,0.0,-0.09999999999999964,13.35,13.4,13.4,13.45,47.0,102.0,4569.0,50495.0,False,False
2887,2022-10-31 09:47:02.957718,0.0,-0.0074349442379182396,0.0,-0.09999999999999964,13.35,13.4,13.4,13.45,47.0,92.0,4569.0,50495.0,False,False
2887,2022-10-31 09:47:02.986944,0.0,-0.0074349442379182396,0.0,-0.09999999999999964,13.35,13.4,13.4,13.45,82.0,79.0,4569.0,50495.0,False,False
2887,2022-10-31 09:47:02.985798,0.0,-0.0074349442379182396,0.0,-0.09999999999999964,13.35,13.4,13.4,13.45,82.0,92.0,4569.0,50495.0,False,False
2887,2022-10-31 09:47:03.081489,0.0,-0.0074349442379182396,0.0,-0.09999999999999964,13.35,13.4,13.4,13.45,82.0,78.0,4569.0,50495.0,False,False
2887,2022-10-31 09:47:03.179332,0.0,-0.0074349442379182396,0.0,-0.09999999999999964,13.35,13.4,13.4,13.45,82.0,65.0,4569.0,50495.0,False,False
2887,2022-10-31 09:47:03.197225,0.0,-0.0074349442379182396,0.0,-0.09999999999999964,13.35,13.4,13.4,13.45,82.0,64.0,4569.0,50495.0,False,False
2887,2022-10-31 09:47:03.219696,0.0,-0.0074349442379182396,0.0,-0.09999999999999964,13.35,13.4,13.4,13.45,82.0,65.0,4569.0,50495.0,False,False
2887,2022-10-31 09:47:04.252400,0.0,-0.0074349442379182396,0.0,-0.09999999999999964,13.35,13.4,13.4,13.45,82.0,65.0,4569.0,50495.0,False,False
2887,2022-10-31 09:47:04.328789,0.0,-0.0074349442379182396,0.0,-0.09999999999999964,13.35,13.4,13.4,13.45,81.0,65.0,4569.0,50495.0,False,False
2887,2022-10-31 09:47:04.362368,0.0,-0.0074349442379182396,0.0,-0.09999999999999964,13.35,13.4,13.4,13.45,108.0,67.0,4569.0,50495.0,False,False
2887,2022-10-31 09:47:09.095168,0.0,-0.0074349442379182396,0.0,-0.09999999999999964,13.35,13.4,13.4,13.45,98.0,67.0,4569.0,50495.0,False,False
2887,2022-10-31 09:47:10.165921,0.0,-0.0074349442379182396,0.0,-0.09999999999999964,13.35,13.4,13.4,13.45,99.0,67.0,4569.0,50495.0,False,False
2887,2022-10-31 09:47:10.974593,0.0,-0.0074349442379182396,0.0,-0.09999999999999964,13.35,13.4,13.4,13.45,99.0,66.0,4569.0,50495.0,False,False
2887,2022-10-31 09:47:11.093370,0.0,-0.0074349442379182396,0.0,-0.09999999999999964,13.35,13.4,13.4,13.45,99.0,65.0,4569.0,50495.0,False,False
2887,2022-10-31 09:47:11.481148,0.0,-0.0074349442379182396,0.0,-0.09999999999999964,13.35,13.4,13.4,13.45,100.0,65.0,4569.0,50495.0,False,False
2887,2022-10-31 09:47:11.656832,0.0,-0.0074349442379182396,0.0,-0.09999999999999964,13.35,13.4,13.4,13.45,101.0,65.0,4569.0,50495.0,False,False
2887,2022-10-31 09:47:12.435063,0.0,-0.0074349442379182396,0.0,-0.09999999999999964,13.35,13.4,13.4,13.45,101.0,64.0,4569.0,50495.0,False,False
2887,2022-10-31 09:47:13.412653,0.0,-0.0074349442379182396,0.0,-0.09999999999999964,13.35,13.4,13.4,13.45,121.0,64.0,4569.0,50495.0,False,False
2887,2022-10-31 09:47:14.986418,0.0,-0.0074349442379182396,0.0,-0.09999999999999964,13.35,13.4,13.4,13.45,122.0,64.0,4569.0,50495.0,False,False
2887,2022-10-31 09:47:16.781352,0.0,-0.0074349442379182396,0.0,-0.09999999999999964,13.35,13.4,13.4,13.45,122.0,64.0,4584.0,50495.0,True,True
2887,2022-10-31 09:47:17.562693,0.0,-0.0074349442379182396,0.0,-0.09999999999999964,13.35,13.4,13.4,13.45,123.0,64.0,4584.0,50495.0,False,False
2887,2022-10-31 09:47:21.579926,0.0,-0.0074349442379182396,0.0,-0.09999999999999964,13.35,13.4,13.4,13.45,123.0,64.0,4584.0,50495.0,False,False
2887,2022-10-31 09:47:23.089343,0.0,-0.0074349442379182396,0.0,-0.09999999999999964,13.35,13.4,13.4,13.45,113.0,64.0,4584.0,50495.0,False,False
2887,2022-10-31 09:47:26.813466,0.0,-0.0074349442379182396,0.0,-0.09999999999999964,13.35,13.4,13.4,13.45,113.0,64.0,4759.0,50495.0,True,True
2887,2022-10-31 09:47:27.618083,0.0,-0.0074349442379182396,0.0,-0.09999999999999964,13.35,13.4,13.4,13.45,113.0,65.0,4759.0,50495.0,False,False
2887,2022-10-31 09:47:29.172641,0.0,-0.0074349442379182396,0.0,-0.09999999999999964,13.35,13.4,13.4,13.45,146.0,65.0,4759.0,50495.0,False,False
2887,2022-10-31 09:47:29.716798,0.0,-0.0074349442379182396,0.0,-0.09999999999999964,13.35,13.4,13.4,13.45,146.0,65.0,4759.0,50495.0,False,False
2887,2022-10-31 09:47:31.759905,0.0,-0.0074349442379182396,0.0,-0.09999999999999964,13.35,13.4,13.4,13.45,146.0,65.0,4759.0,50495.0,False,False
2887,2022-10-31 09:47:32.593024,0.0,-0.0074349442379182396,0.0,-0.09999999999999964,13.35,13.4,13.4,13.45,146.0,65.0,4759.0,50495.0,False,False
2887,2022-10-31 09:47:33.887005,0.0,-0.0074349442379182396,0.0,-0.09999999999999964,13.35,13.4,13.4,13.45,147.0,65.0,4759.0,50495.0,False,False
2887,2022-10-31 09:47:34.173645,0.0,-0.0074349442379182396,0.0,-0.09999999999999964,13.35,13.4,13.4,13.45,148.0,65.0,4759.0,50495.0,False,False
2887,2022-10-31 09:47:34.921252,0.0,-0.0074349442379182396,0.0,-0.09999999999999964,13.35,13.4,13.4,13.45,149.0,65.0,4759.0,50495.0,False,False
2887,2022-10-31 09:47:35.058245,0.0,-0.0074349442379182396,0.0,-0.09999999999999964,13.35,13.4,13.4,13.45,150.0,65.0,4759.0,50495.0,False,False
2887,2022-10-31 09:47:36.843543,0.0,-0.0074349442379182396,0.0,-0.09999999999999964,13.35,13.4,13.4,13.45,150.0,65.0,4259.0,50495.0,True,True
2887,2022-10-31 09:47:37.385979,0.0,-0.0074349442379182396,0.0,-0.09999999999999964,13.35,13.4,13.4,13.45,150.0,45.0,4259.0,50495.0,False,False
2887,2022-10-31 09:47:37.406976,-0.0037174721189590088,-0.0074349442379182396,-0.049999999999998934,-0.09999999999999964,13.35,13.45,13.4,13.45,150.0,383.0,4259.0,50495.0,False,False
2887,2022-10-31 09:47:37.406979,-0.0037174721189590088,-0.0074349442379182396,-0.049999999999998934,-0.09999999999999964,13.35,13.45,13.4,13.45,150.0,383.0,4259.0,50495.0,False,False
2887,2022-10-31 09:47:37.480451,-0.0037174721189590088,-0.0037174721189590088,-0.049999999999998934,-0.049999999999998934,13.4,13.45,13.4,13.45,210.0,381.0,4259.0,50495.0,False,False
2887,2022-10-31 09:47:37.485431,-0.0037174721189590088,-0.0037174721189590088,-0.049999999999998934,-0.049999999999998934,13.4,13.45,13.4,13.45,210.0,381.0,4259.0,50495.0,False,False
2887,2022-10-31 09:47:38.083143,-0.0037174721189590088,-0.0037174721189590088,-0.049999999999998934,-0.049999999999998934,13.4,13.45,13.4,13.45,200.0,381.0,4259.0,50495.0,False,False
2887,2022-10-31 09:47:38.955897,-0.0037174721189590088,-0.0037174721189590088,-0.049999999999998934,-0.049999999999998934,13.4,13.45,13.4,13.45,200.0,381.0,4259.0,50495.0,False,False
2887,2022-10-31 09:47:38.959433,-0.0037174721189590088,-0.0037174721189590088,-0.049999999999998934,-0.049999999999998934,13.4,13.45,13.4,13.45,200.0,381.0,4259.0,50495.0,False,False
2887,2022-10-31 09:47:39.822295,-0.0037174721189590088,-0.0037174721189590088,-0.049999999999998934,-0.049999999999998934,13.4,13.45,13.4,13.45,200.0,381.0,4259.0,50495.0,False,False
2887,2022-10-31 09:47:40.532459,-0.0037174721189590088,-0.0037174721189590088,-0.049999999999998934,-0.049999999999998934,13.4,13.45,13.4,13.45,202.0,381.0,4259.0,50495.0,False,False
2887,2022-10-31 09:47:42.916139,-0.0037174721189590088,-0.0037174721189590088,-0.049999999999998934,-0.049999999999998934,13.4,13.45,13.4,13.45,202.0,381.0,4259.0,50495.0,False,False
2887,2022-10-31 09:47:43.447087,-0.0037174721189590088,-0.0037174721189590088,-0.049999999999998934,-0.049999999999998934,13.4,13.45,13.4,13.45,167.0,381.0,4259.0,50495.0,False,False
2887,2022-10-31 09:47:43.500876,-0.0037174721189590088,-0.0037174721189590088,-0.049999999999998934,-0.049999999999998934,13.4,13.45,13.4,13.45,137.0,381.0,4259.0,50495.0,False,False
2887,2022-10-31 09:47:43.862671,-0.0037174721189590088,-0.0037174721189590088,-0.049999999999998934,-0.049999999999998934,13.4,13.45,13.4,13.45,137.0,381.0,4259.0,50495.0,False,False
2887,2022-10-31 09:47:45.423661,-0.0037174721189590088,-0.0037174721189590088,-0.049999999999998934,-0.049999999999998934,13.4,13.45,13.4,13.45,176.0,381.0,4259.0,50495.0,False,False
2887,2022-10-31 09:47:46.875097,-0.0037174721189590088,-0.0037174721189590088,-0.049999999999998934,-0.049999999999998934,13.4,13.45,13.4,13.45,176.0,381.0,4244.0,50495.0,True,True
2887,2022-10-31 09:47:48.902413,-0.0037174721189590088,-0.0037174721189590088,-0.049999999999998934,-0.049999999999998934,13.4,13.45,13.4,13.45,176.0,381.0,4244.0,50495.0,False,False
2887,2022-10-31 09:47:49.570116,-0.0037174721189590088,-0.0037174721189590088,-0.049999999999998934,-0.049999999999998934,13.4,13.45,13.4,13.45,176.0,380.0,4244.0,50495.0,False,False
2887,2022-10-31 09:47:52.061904,-0.0037174721189590088,-0.0037174721189590088,-0.049999999999998934,-0.049999999999998934,13.4,13.45,13.4,13.45,166.0,380.0,4244.0,50495.0,False,False
2887,2022-10-31 09:47:52.150216,-0.0037174721189590088,-0.0037174721189590088,-0.049999999999998934,-0.049999999999998934,13.4,13.45,13.4,13.45,48.0,380.0,4244.0,50495.0,False,False
2887,2022-10-31 09:47:53.039229,-0.0037174721189590088,-0.0037174721189590088,-0.049999999999998934,-0.049999999999998934,13.4,13.45,13.4,13.45,48.0,380.0,4244.0,50495.0,False,False
2887,2022-10-31 09:47:55.058072,-0.0037174721189590088,-0.0037174721189590088,-0.049999999999998934,-0.049999999999998934,13.4,13.45,13.4,13.45,48.0,380.0,4244.0,50495.0,False,False
2887,2022-10-31 09:47:55.296374,-0.0037174721189590088,-0.0037174721189590088,-0.049999999999998934,-0.049999999999998934,13.4,13.45,13.4,13.45,48.0,380.0,4244.0,50495.0,False,False
2887,2022-10-31 09:47:55.628713,-0.0037174721189590088,-0.0037174721189590088,-0.049999999999998934,-0.049999999999998934,13.4,13.45,13.4,13.45,48.0,380.0,4244.0,50495.0,False,False
2887,2022-10-31 09:47:58.384870,-0.0037174721189590088,-0.0037174721189590088,-0.049999999999998934,-0.049999999999998934,13.4,13.45,13.4,13.45,48.0,380.0,4244.0,50495.0,False,False
2887,2022-10-31 09:47:58.650376,-0.0037174721189590088,-0.0037174721189590088,-0.049999999999998934,-0.049999999999998934,13.4,13.45,13.4,13.45,48.0,382.0,4244.0,50495.0,False,False
2887,2022-10-31 09:47:59.555721,-0.0037174721189590088,-0.0037174721189590088,-0.049999999999998934,-0.049999999999998934,13.4,13.45,13.4,13.45,53.0,382.0,4244.0,50495.0,False,False
2887,2022-10-31 09:48:00.017714,-0.0037174721189590088,-0.0037174721189590088,-0.049999999999998934,-0.049999999999998934,13.4,13.45,13.4,13.45,54.0,382.0,4244.0,50495.0,False,False
2887,2022-10-31 09:48:00.313425,-0.0037174721189590088,-0.0037174721189590088,-0.049999999999998934,-0.049999999999998934,13.4,13.45,13.4,13.45,54.0,382.0,4244.0,50495.0,False,False
2887,2022-10-31 09:48:03.079905,-0.0037174721189590088,-0.0037174721189590088,-0.049999999999998934,-0.049999999999998934,13.4,13.45,13.4,13.45,54.0,381.0,4244.0,50495.0,False,False
2887,2022-10-31 09:48:03.126378,-0.0037174721189590088,-0.0037174721189590088,-0.049999999999998934,-0.049999999999998934,13.4,13.45,13.4,13.45,61.0,381.0,4244.0,50495.0,False,False
2887,2022-10-31 09:48:03.132984,-0.0037174721189590088,-0.0037174721189590088,-0.049999999999998934,-0.049999999999998934,13.4,13.45,13.4,13.45,61.0,381.0,4244.0,50495.0,False,False
2887,2022-10-31 09:48:03.876485,-0.0037174721189590088,-0.0037174721189590088,-0.049999999999998934,-0.049999999999998934,13.4,13.45,13.4,13.45,61.0,381.0,4244.0,50495.0,False,False
2887,2022-10-31 09:48:04.553454,-0.0037174721189590088,-0.0037174721189590088,-0.049999999999998934,-0.049999999999998934,13.4,13.45,13.4,13.45,61.0,381.0,4244.0,50495.0,False,False
2887,2022-10-31 09:48:05.315510,-0.0037174721189590088,-0.0037174721189590088,-0.049999999999998934,-0.049999999999998934,13.4,13.45,13.4,13.45,61.0,381.0,4244.0,50495.0,False,False
2887,2022-10-31 09:48:06.631377,-0.0037174721189590088,-0.0037174721189590088,-0.049999999999998934,-0.049999999999998934,13.4,13.45,13.4,13.45,61.0,382.0,4244.0,50495.0,False,False
2887,2022-10-31 09:48:06.955344,-0.0037174721189590088,-0.0037174721189590088,-0.049999999999998934,-0.049999999999998934,13.4,13.45,13.4,13.45,61.0,382.0,4482.0,50495.0,True,True
2887,2022-10-31 09:48:07.055608,-0.0037174721189590088,-0.0037174721189590088,-0.049999999999998934,-0.049999999999998934,13.4,13.45,13.4,13.45,51.0,382.0,4482.0,50495.0,False,False
2887,2022-10-31 09:48:07.355874,-0.0037174721189590088,-0.0037174721189590088,-0.049999999999998934,-0.049999999999998934,13.4,13.45,13.4,13.45,58.0,382.0,4482.0,50495.0,False,False
2887,2022-10-31 09:48:07.958795,-0.0037174721189590088,-0.0037174721189590088,-0.049999999999998934,-0.049999999999998934,13.4,13.45,13.4,13.45,58.0,382.0,4482.0,50495.0,False,False
2887,2022-10-31 09:48:07.972503,-0.0037174721189590088,-0.0037174721189590088,-0.049999999999998934,-0.049999999999998934,13.4,13.45,13.4,13.45,58.0,382.0,4482.0,50495.0,False,False
2887,2022-10-31 09:48:08.276153,-0.0037174721189590088,-0.0037174721189590088,-0.049999999999998934,-0.049999999999998934,13.4,13.45,13.4,13.45,58.0,372.0,4482.0,50495.0,False,False
2887,2022-10-31 09:48:08.305261,-0.0037174721189590088,-0.0037174721189590088,-0.049999999999998934,-0.049999999999998934,13.4,13.45,13.4,13.45,58.0,372.0,4482.0,50495.0,False,False
2887,2022-10-31 09:48:09.977488,-0.0037174721189590088,-0.0037174721189590088,-0.049999999999998934,-0.049999999999998934,13.4,13.45,13.4,13.45,58.0,372.0,4482.0,50495.0,False,False
2887,2022-10-31 09:48:10.788412,-0.0037174721189590088,-0.0037174721189590088,-0.049999999999998934,-0.049999999999998934,13.4,13.45,13.4,13.45,58.0,371.0,4482.0,50495.0,False,False
2887,2022-10-31 09:48:11.465810,-0.0037174721189590088,-0.0037174721189590088,-0.049999999999998934,-0.049999999999998934,13.4,13.45,13.4,13.45,59.0,371.0,4482.0,50495.0,False,False
2887,2022-10-31 09:48:14.013581,-0.0037174721189590088,-0.0037174721189590088,-0.049999999999998934,-0.049999999999998934,13.4,13.45,13.4,13.45,60.0,371.0,4482.0,50495.0,False,False
2887,2022-10-31 09:48:15.314939,-0.0037174721189590088,-0.0037174721189590088,-0.049999999999998934,-0.049999999999998934,13.4,13.45,13.4,13.45,60.0,381.0,4482.0,50495.0,False,False
2887,2022-10-31 09:48:16.986628,-0.0037174721189590088,-0.0037174721189590088,-0.049999999999998934,-0.049999999999998934,13.4,13.45,13.4,13.45,60.0,381.0,5147.0,50495.0,True,True
2887,2022-10-31 09:48:17.167596,-0.0037174721189590088,-0.0037174721189590088,-0.049999999999998934,-0.049999999999998934,13.4,13.45,13.4,13.45,60.0,379.0,5147.0,50495.0,False,False
2887,2022-10-31 09:48:17.606635,-0.0037174721189590088,-0.0037174721189590088,-0.049999999999998934,-0.049999999999998934,13.4,13.45,13.4,13.45,60.0,378.0,5147.0,50495.0,False,False
2887,2022-10-31 09:48:18.170392,-0.0037174721189590088,-0.0037174721189590088,-0.049999999999998934,-0.049999999999998934,13.4,13.45,13.4,13.45,60.0,378.0,5147.0,50495.0,False,False
2887,2022-10-31 09:48:18.411825,-0.0037174721189590088,-0.0037174721189590088,-0.049999999999998934,-0.049999999999998934,13.4,13.45,13.4,13.45,63.0,378.0,5147.0,50495.0,False,False
2887,2022-10-31 09:48:19.926916,-0.0037174721189590088,-0.0037174721189590088,-0.049999999999998934,-0.049999999999998934,13.4,13.45,13.4,13.45,63.0,378.0,5147.0,50495.0,False,False
2887,2022-10-31 09:48:21.065567,-0.0037174721189590088,-0.0037174721189590088,-0.049999999999998934,-0.049999999999998934,13.4,13.45,13.4,13.45,53.0,378.0,5147.0,50495.0,False,False
2887,2022-10-31 09:48:21.165572,-0.0037174721189590088,-0.0037174721189590088,-0.049999999999998934,-0.049999999999998934,13.4,13.45,13.4,13.45,53.0,412.0,5147.0,50495.0,False,False
2887,2022-10-31 09:48:21.201364,-0.0037174721189590088,-0.0037174721189590088,-0.049999999999998934,-0.049999999999998934,13.4,13.45,13.4,13.45,53.0,419.0,5147.0,50495.0,False,False
2887,2022-10-31 09:48:21.418986,-0.0037174721189590088,-0.0037174721189590088,-0.049999999999998934,-0.049999999999998934,13.4,13.45,13.4,13.45,53.0,417.0,5147.0,50495.0,False,False
2887,2022-10-31 09:48:24.049786,-0.0037174721189590088,-0.0037174721189590088,-0.049999999999998934,-0.049999999999998934,13.4,13.45,13.4,13.45,53.0,416.0,5147.0,50495.0,False,False
2887,2022-10-31 09:48:27.013574,-0.0037174721189590088,-0.0037174721189590088,-0.049999999999998934,-0.049999999999998934,13.4,13.45,13.4,13.45,53.0,416.0,5147.0,50495.0,True,True
2887,2022-10-31 09:48:30.222287,-0.0037174721189590088,-0.0037174721189590088,-0.049999999999998934,-0.049999999999998934,13.4,13.45,13.4,13.45,53.0,416.0,5147.0,50495.0,False,False
2887,2022-10-31 09:48:31.235739,-0.0037174721189590088,-0.0037174721189590088,-0.049999999999998934,-0.049999999999998934,13.4,13.45,13.4,13.45,53.0,416.0,5147.0,50495.0,False,False
2887,2022-10-31 09:48:31.860387,-0.0037174721189590088,-0.0037174721189590088,-0.049999999999998934,-0.049999999999998934,13.4,13.45,13.4,13.45,53.0,416.0,5147.0,50495.0,False,False
2887,2022-10-31 09:48:36.043623,-0.0037174721189590088,-0.0037174721189590088,-0.049999999999998934,-0.049999999999998934,13.4,13.45,13.4,13.45,43.0,416.0,5147.0,50495.0,False,False
2887,2022-10-31 09:48:36.078072,-0.0037174721189590088,-0.0037174721189590088,-0.049999999999998934,-0.049999999999998934,13.4,13.45,13.4,13.45,36.0,416.0,5147.0,50495.0,False,False
2887,2022-10-31 09:48:36.896856,-0.0037174721189590088,-0.0037174721189590088,-0.049999999999998934,-0.049999999999998934,13.4,13.45,13.4,13.45,33.0,416.0,5147.0,50495.0,False,False
2887,2022-10-31 09:48:36.990524,-0.0037174721189590088,-0.0037174721189590088,-0.049999999999998934,-0.049999999999998934,13.4,13.45,13.4,13.45,34.0,416.0,5147.0,50495.0,False,False
2887,2022-10-31 09:48:37.044761,-0.0037174721189590088,-0.0037174721189590088,-0.049999999999998934,-0.049999999999998934,13.4,13.45,13.4,13.45,34.0,416.0,5479.0,50495.0,True,True
2887,2022-10-31 09:48:41.976982,-0.0037174721189590088,-0.0037174721189590088,-0.049999999999998934,-0.049999999999998934,13.4,13.45,13.4,13.45,35.0,416.0,5479.0,50495.0,False,False
2887,2022-10-31 09:48:44.970220,-0.0037174721189590088,-0.0037174721189590088,-0.049999999999998934,-0.049999999999998934,13.4,13.45,13.4,13.45,35.0,416.0,5479.0,50495.0,False,False
2887,2022-10-31 09:48:47.080985,-0.0037174721189590088,-0.0037174721189590088,-0.049999999999998934,-0.049999999999998934,13.4,13.45,13.4,13.45,35.0,416.0,5475.0,50495.0,True,True
2887,2022-10-31 09:48:47.421755,-0.0037174721189590088,-0.0037174721189590088,-0.049999999999998934,-0.049999999999998934,13.4,13.45,13.4,13.45,35.0,416.0,5475.0,50495.0,False,False
2887,2022-10-31 09:48:49.420047,-0.0037174721189590088,-0.0037174721189590088,-0.049999999999998934,-0.049999999999998934,13.4,13.45,13.4,13.45,35.0,416.0,5475.0,50495.0,False,False
2887,2022-10-31 09:48:50.038039,-0.0037174721189590088,-0.0037174721189590088,-0.049999999999998934,-0.049999999999998934,13.4,13.45,13.4,13.45,25.0,416.0,5475.0,50495.0,False,False
2887,2022-10-31 09:48:50.697474,-0.0037174721189590088,-0.0037174721189590088,-0.049999999999998934,-0.049999999999998934,13.4,13.45,13.4,13.45,25.0,416.0,5475.0,50495.0,False,False
2887,2022-10-31 09:48:55.425037,-0.0037174721189590088,-0.0037174721189590088,-0.049999999999998934,-0.049999999999998934,13.4,13.45,13.4,13.45,25.0,416.0,5475.0,50495.0,False,False
2887,2022-10-31 09:48:57.571464,-0.0037174721189590088,-0.0037174721189590088,-0.049999999999998934,-0.049999999999998934,13.4,13.45,13.4,13.45,25.0,417.0,5475.0,50495.0,False,False
2887,2022-10-31 09:48:59.078482,-0.0037174721189590088,-0.0037174721189590088,-0.049999999999998934,-0.049999999999998934,13.4,13.45,13.4,13.45,20.0,417.0,5475.0,50495.0,False,False
2887,2022-10-31 09:49:02.534607,-0.0037174721189590088,-0.0037174721189590088,-0.049999999999998934,-0.049999999999998934,13.4,13.45,13.4,13.45,22.0,417.0,5475.0,50495.0,False,False
2887,2022-10-31 09:49:04.527776,-0.0037174721189590088,-0.0037174721189590088,-0.049999999999998934,-0.049999999999998934,13.4,13.45,13.4,13.45,21.0,417.0,5475.0,50495.0,False,False
2887,2022-10-31 09:49:05.031688,-0.0037174721189590088,-0.0037174721189590088,-0.049999999999998934,-0.049999999999998934,13.4,13.45,13.4,13.45,11.0,417.0,5475.0,50495.0,False,False
2887,2022-10-31 09:49:06.541600,-0.0037174721189590088,-0.0037174721189590088,-0.049999999999998934,-0.049999999999998934,13.4,13.45,13.4,13.45,11.0,417.0,5475.0,545.0,False,True
2887,2022-10-31 09:49:06.932876,-0.0037174721189590088,-0.0037174721189590088,-0.049999999999998934,-0.049999999999998934,13.4,13.45,13.4,13.45,6.0,417.0,5475.0,545.0,False,False
2887,2022-10-31 09:49:06.934320,-0.0037174721189590088,-0.0037174721189590088,-0.049999999999998934,-0.049999999999998934,13.4,13.45,13.4,13.45,6.0,417.0,5475.0,545.0,False,False
2887,2022-10-31 09:49:08.023271,-0.0037174721189590088,-0.0037174721189590088,-0.049999999999998934,-0.049999999999998934,13.4,13.45,13.4,13.45,6.0,417.0,5475.0,545.0,False,False
2887,2022-10-31 09:49:11.211369,-0.0037174721189590088,-0.0037174721189590088,-0.049999999999998934,-0.049999999999998934,13.4,13.45,13.4,13.45,37.0,417.0,5475.0,545.0,False,False
2887,2022-10-31 09:49:12.602032,-0.0037174721189590088,-0.0037174721189590088,-0.049999999999998934,-0.049999999999998934,13.4,13.45,13.4,13.45,37.0,417.0,5475.0,545.0,False,False
2887,2022-10-31 09:49:13.323441,-0.0037174721189590088,-0.0037174721189590088,-0.049999999999998934,-0.049999999999998934,13.4,13.45,13.4,13.45,37.0,417.0,5475.0,545.0,False,False
2887,2022-10-31 09:49:15.207469,-0.0037174721189590088,-0.0037174721189590088,-0.049999999999998934,-0.049999999999998934,13.4,13.45,13.4,13.45,37.0,417.0,5475.0,545.0,False,False
2887,2022-10-31 09:49:15.744279,-0.0037174721189590088,-0.0037174721189590088,-0.049999999999998934,-0.049999999999998934,13.4,13.45,13.4,13.45,37.0,417.0,5475.0,545.0,False,False
