symbol,datetime,NaOb_r,NbOa_r,NaOb_s,NbOa_s,bid1,ask1,odd_bid1,odd_ask1,bidQty1,askQty1,odd_bidQty1,odd_askQty1,simulate,triggerbyOdd
2890,2022-10-31 09:36:01.093906,0.0,-0.006211180124223725,0.0,-0.10000000000000142,16.0,16.05,16.05,16.1,626.0,441.0,1046.0,359.0,False,False
2890,2022-10-31 09:36:01.756902,0.0,-0.006211180124223725,0.0,-0.10000000000000142,16.0,16.05,16.05,16.1,627.0,441.0,1046.0,359.0,False,False
2890,2022-10-31 09:36:04.395204,0.0,-0.006211180124223725,0.0,-0.10000000000000142,16.0,16.05,16.05,16.1,627.0,441.0,1046.0,359.0,False,False
2890,2022-10-31 09:36:05.821650,0.0,-0.006211180124223725,0.0,-0.10000000000000142,16.0,16.05,16.05,16.1,626.0,441.0,1046.0,359.0,False,False
2890,2022-10-31 09:36:05.973140,0.0,-0.006211180124223725,0.0,-0.10000000000000142,16.0,16.05,16.05,16.1,626.0,441.0,1046.0,359.0,False,False
2890,2022-10-31 09:36:08.152577,0.0,-0.006211180124223725,0.0,-0.10000000000000142,16.0,16.05,16.05,16.1,626.0,441.0,1046.0,359.0,False,False
2890,2022-10-31 09:36:11.658276,0.0,-0.006211180124223725,0.0,-0.10000000000000142,16.0,16.05,16.05,16.1,625.0,441.0,1046.0,359.0,False,False
2890,2022-10-31 09:36:16.097965,0.0,-0.006211180124223725,0.0,-0.10000000000000142,16.0,16.05,16.05,16.1,626.0,441.0,1046.0,359.0,False,False
2890,2022-10-31 09:36:16.211036,0.0,-0.006211180124223725,0.0,-0.10000000000000142,16.0,16.05,16.05,16.1,627.0,441.0,1046.0,359.0,False,False
2890,2022-10-31 09:36:24.944744,0.0,-0.006211180124223725,0.0,-0.10000000000000142,16.0,16.05,16.05,16.1,627.0,441.0,1046.0,359.0,False,False
2890,2022-10-31 09:36:27.620769,0.0,-0.006211180124223725,0.0,-0.10000000000000142,16.0,16.05,16.05,16.1,628.0,441.0,1046.0,359.0,False,False
2890,2022-10-31 09:36:27.764128,0.0,-0.006211180124223725,0.0,-0.10000000000000142,16.0,16.05,16.05,16.1,628.0,441.0,1046.0,359.0,False,False
2890,2022-10-31 09:36:32.993700,0.0,-0.006211180124223725,0.0,-0.10000000000000142,16.0,16.05,16.05,16.1,628.0,441.0,1046.0,359.0,False,False
2890,2022-10-31 09:36:34.984871,0.0,-0.006211180124223725,0.0,-0.10000000000000142,16.0,16.05,16.05,16.1,628.0,441.0,1046.0,359.0,False,False
2890,2022-10-31 09:36:36.719744,0.0,-0.006211180124223725,0.0,-0.10000000000000142,16.0,16.05,16.05,16.1,628.0,441.0,1046.0,359.0,True,True
2890,2022-10-31 09:36:38.378694,0.0,-0.006211180124223725,0.0,-0.10000000000000142,16.0,16.05,16.05,16.1,628.0,444.0,1046.0,359.0,False,False
2890,2022-10-31 09:36:42.752144,0.0,-0.006211180124223725,0.0,-0.10000000000000142,16.0,16.05,16.05,16.1,627.0,444.0,1046.0,359.0,False,False
2890,2022-10-31 09:36:45.461626,0.0,-0.006211180124223725,0.0,-0.10000000000000142,16.0,16.05,16.05,16.1,627.0,444.0,1046.0,359.0,False,False
2890,2022-10-31 09:36:46.244824,0.0,-0.006211180124223725,0.0,-0.10000000000000142,16.0,16.05,16.05,16.1,646.0,444.0,1046.0,359.0,False,False
2890,2022-10-31 09:36:46.746313,0.0,-0.006211180124223725,0.0,-0.10000000000000142,16.0,16.05,16.05,16.1,646.0,444.0,754.0,367.0,True,True
2890,2022-10-31 09:36:47.581443,0.0,-0.006211180124223725,0.0,-0.10000000000000142,16.0,16.05,16.05,16.1,646.0,443.0,754.0,367.0,False,False
2890,2022-10-31 09:36:50.629878,0.0,-0.006211180124223725,0.0,-0.10000000000000142,16.0,16.05,16.05,16.1,646.0,443.0,754.0,367.0,False,False
2890,2022-10-31 09:36:53.857013,0.0,-0.006211180124223725,0.0,-0.10000000000000142,16.0,16.05,16.05,16.1,646.0,443.0,754.0,367.0,False,False
2890,2022-10-31 09:36:54.277657,0.0,-0.006211180124223725,0.0,-0.10000000000000142,16.0,16.05,16.05,16.1,647.0,443.0,754.0,367.0,False,False
2890,2022-10-31 09:36:56.776366,0.0,-0.006211180124223725,0.0,-0.10000000000000142,16.0,16.05,16.05,16.1,647.0,443.0,841.0,367.0,True,True
2890,2022-10-31 09:37:02.617977,0.0,-0.006211180124223725,0.0,-0.10000000000000142,16.0,16.05,16.05,16.1,648.0,443.0,841.0,367.0,False,False
2890,2022-10-31 09:37:03.337393,0.0,-0.006211180124223725,0.0,-0.10000000000000142,16.0,16.05,16.05,16.1,653.0,443.0,841.0,367.0,False,False
2890,2022-10-31 09:37:05.064357,0.0,-0.006211180124223725,0.0,-0.10000000000000142,16.0,16.05,16.05,16.1,654.0,443.0,841.0,367.0,False,False
2890,2022-10-31 09:37:06.010076,0.0,-0.006211180124223725,0.0,-0.10000000000000142,16.0,16.05,16.05,16.1,654.0,443.0,841.0,367.0,False,True
2890,2022-10-31 09:37:08.415529,0.0,-0.006211180124223725,0.0,-0.10000000000000142,16.0,16.05,16.05,16.1,656.0,443.0,841.0,367.0,False,False
2890,2022-10-31 09:37:08.685848,0.0,-0.006211180124223725,0.0,-0.10000000000000142,16.0,16.05,16.05,16.1,656.0,458.0,841.0,367.0,False,False
2890,2022-10-31 09:37:09.360539,0.0,-0.006211180124223725,0.0,-0.10000000000000142,16.0,16.05,16.05,16.1,657.0,458.0,841.0,367.0,False,False
2890,2022-10-31 09:37:09.410784,0.0,-0.006211180124223725,0.0,-0.10000000000000142,16.0,16.05,16.05,16.1,657.0,458.0,841.0,367.0,False,False
2890,2022-10-31 09:37:10.370141,0.0,-0.006211180124223725,0.0,-0.10000000000000142,16.0,16.05,16.05,16.1,657.0,458.0,841.0,367.0,False,False
2890,2022-10-31 09:37:12.716385,0.0,-0.006211180124223725,0.0,-0.10000000000000142,16.0,16.05,16.05,16.1,658.0,458.0,841.0,367.0,False,False
2890,2022-10-31 09:37:18.849816,0.0,-0.006211180124223725,0.0,-0.10000000000000142,16.0,16.05,16.05,16.1,598.0,458.0,841.0,367.0,False,False
2890,2022-10-31 09:37:19.131197,0.0,-0.006211180124223725,0.0,-0.10000000000000142,16.0,16.05,16.05,16.1,600.0,458.0,841.0,367.0,False,False
2890,2022-10-31 09:37:20.730597,0.0,-0.006211180124223725,0.0,-0.10000000000000142,16.0,16.05,16.05,16.1,600.0,459.0,841.0,367.0,False,False
2890,2022-10-31 09:37:28.176011,0.0,-0.006211180124223725,0.0,-0.10000000000000142,16.0,16.05,16.05,16.1,600.0,460.0,841.0,367.0,False,False
2890,2022-10-31 09:37:30.770471,0.0,-0.006211180124223725,0.0,-0.10000000000000142,16.0,16.05,16.05,16.1,601.0,460.0,841.0,367.0,False,False
2890,2022-10-31 09:37:31.727903,0.0,-0.006211180124223725,0.0,-0.10000000000000142,16.0,16.05,16.05,16.1,600.0,460.0,841.0,367.0,False,False
2890,2022-10-31 09:37:31.754261,0.0,-0.006211180124223725,0.0,-0.10000000000000142,16.0,16.05,16.05,16.1,599.0,460.0,841.0,367.0,False,False
2890,2022-10-31 09:37:33.173103,0.0,-0.006211180124223725,0.0,-0.10000000000000142,16.0,16.05,16.05,16.1,598.0,460.0,841.0,367.0,False,False
2890,2022-10-31 09:37:33.174322,0.0,-0.006211180124223725,0.0,-0.10000000000000142,16.0,16.05,16.05,16.1,598.0,459.0,841.0,367.0,False,False
2890,2022-10-31 09:37:36.095443,0.0,-0.006211180124223725,0.0,-0.10000000000000142,16.0,16.05,16.05,16.1,598.0,459.0,891.0,367.0,True,True
2890,2022-10-31 09:37:44.273568,0.0,-0.006211180124223725,0.0,-0.10000000000000142,16.0,16.05,16.05,16.1,612.0,459.0,891.0,367.0,False,False
2890,2022-10-31 09:37:47.610498,0.0,-0.006211180124223725,0.0,-0.10000000000000142,16.0,16.05,16.05,16.1,613.0,459.0,891.0,367.0,False,False
2890,2022-10-31 09:37:48.378680,0.0,-0.006211180124223725,0.0,-0.10000000000000142,16.0,16.05,16.05,16.1,613.0,458.0,891.0,367.0,False,False
2890,2022-10-31 09:37:52.315985,0.0,-0.006211180124223725,0.0,-0.10000000000000142,16.0,16.05,16.05,16.1,613.0,458.0,891.0,367.0,False,False
2890,2022-10-31 09:37:53.321252,0.0,-0.006211180124223725,0.0,-0.10000000000000142,16.0,16.05,16.05,16.1,623.0,458.0,891.0,367.0,False,False
2890,2022-10-31 09:37:58.979224,0.0,-0.006211180124223725,0.0,-0.10000000000000142,16.0,16.05,16.05,16.1,623.0,458.0,891.0,367.0,False,False
2890,2022-10-31 09:38:00.006032,0.0,-0.006211180124223725,0.0,-0.10000000000000142,16.0,16.05,16.05,16.1,623.0,448.0,891.0,367.0,False,False
2890,2022-10-31 09:38:01.466576,0.0,-0.006211180124223725,0.0,-0.10000000000000142,16.0,16.05,16.05,16.1,622.0,448.0,891.0,367.0,False,False
2890,2022-10-31 09:38:03.188484,0.0,-0.006211180124223725,0.0,-0.10000000000000142,16.0,16.05,16.05,16.1,623.0,448.0,891.0,367.0,False,False
2890,2022-10-31 09:38:06.172509,0.0,-0.006211180124223725,0.0,-0.10000000000000142,16.0,16.05,16.05,16.1,623.0,448.0,891.0,367.0,True,True
2890,2022-10-31 09:38:06.981116,0.0,-0.006211180124223725,0.0,-0.10000000000000142,16.0,16.05,16.05,16.1,624.0,448.0,891.0,367.0,False,False
2890,2022-10-31 09:38:09.116152,0.0,-0.006211180124223725,0.0,-0.10000000000000142,16.0,16.05,16.05,16.1,624.0,454.0,891.0,367.0,False,False
2890,2022-10-31 09:38:18.626712,0.0,-0.006211180124223725,0.0,-0.10000000000000142,16.0,16.05,16.05,16.1,625.0,454.0,891.0,367.0,False,False
2890,2022-10-31 09:38:20.558674,0.0,-0.006211180124223725,0.0,-0.10000000000000142,16.0,16.05,16.05,16.1,625.0,448.0,891.0,367.0,False,False
2890,2022-10-31 09:38:20.599269,0.0,-0.006211180124223725,0.0,-0.10000000000000142,16.0,16.05,16.05,16.1,624.0,448.0,891.0,367.0,False,False
2890,2022-10-31 09:38:26.241987,0.0,-0.006211180124223725,0.0,-0.10000000000000142,16.0,16.05,16.05,16.1,624.0,448.0,891.0,367.0,True,True
2890,2022-10-31 09:38:27.353305,0.0,-0.006211180124223725,0.0,-0.10000000000000142,16.0,16.05,16.05,16.1,624.0,449.0,891.0,367.0,False,False
2890,2022-10-31 09:38:32.143486,0.0,-0.006211180124223725,0.0,-0.10000000000000142,16.0,16.05,16.05,16.1,626.0,449.0,891.0,367.0,False,False
2890,2022-10-31 09:38:37.597610,0.0,-0.006211180124223725,0.0,-0.10000000000000142,16.0,16.05,16.05,16.1,626.0,448.0,891.0,367.0,False,False
2890,2022-10-31 09:38:42.184039,0.0,-0.006211180124223725,0.0,-0.10000000000000142,16.0,16.05,16.05,16.1,636.0,448.0,891.0,367.0,False,False
2890,2022-10-31 09:38:48.293209,0.0,-0.006211180124223725,0.0,-0.10000000000000142,16.0,16.05,16.05,16.1,636.0,446.0,891.0,367.0,False,False
2890,2022-10-31 09:38:49.290769,0.0,-0.006211180124223725,0.0,-0.10000000000000142,16.0,16.05,16.05,16.1,637.0,446.0,891.0,367.0,False,False
2890,2022-10-31 09:38:53.104065,0.0,-0.006211180124223725,0.0,-0.10000000000000142,16.0,16.05,16.05,16.1,637.0,446.0,891.0,367.0,False,False
2890,2022-10-31 09:38:56.320078,0.0,-0.006211180124223725,0.0,-0.10000000000000142,16.0,16.05,16.05,16.1,637.0,446.0,891.0,237.0,True,True
2890,2022-10-31 09:38:59.230838,0.0,-0.006211180124223725,0.0,-0.10000000000000142,16.0,16.05,16.05,16.1,637.0,446.0,891.0,237.0,False,False
2890,2022-10-31 09:38:59.931004,0.0,-0.006211180124223725,0.0,-0.10000000000000142,16.0,16.05,16.05,16.1,569.0,378.0,891.0,237.0,False,False
2890,2022-10-31 09:38:59.933680,0.0,-0.006211180124223725,0.0,-0.10000000000000142,16.0,16.05,16.05,16.1,498.0,378.0,891.0,237.0,False,False
2890,2022-10-31 09:38:59.968935,0.0,-0.006211180124223725,0.0,-0.10000000000000142,16.0,16.05,16.05,16.1,497.0,378.0,891.0,237.0,False,False
2890,2022-10-31 09:38:59.980073,0.0,-0.006211180124223725,0.0,-0.10000000000000142,16.0,16.05,16.05,16.1,568.0,378.0,891.0,237.0,False,False
2890,2022-10-31 09:39:01.080513,0.0,-0.006211180124223725,0.0,-0.10000000000000142,16.0,16.05,16.05,16.1,567.0,378.0,891.0,237.0,False,False
2890,2022-10-31 09:39:02.966622,0.0,-0.006211180124223725,0.0,-0.10000000000000142,16.0,16.05,16.05,16.1,567.0,368.0,891.0,237.0,False,False
2890,2022-10-31 09:39:03.342461,0.0,-0.006211180124223725,0.0,-0.10000000000000142,16.0,16.05,16.05,16.1,567.0,368.0,891.0,237.0,False,False
2890,2022-10-31 09:39:05.446833,0.0,-0.006211180124223725,0.0,-0.10000000000000142,16.0,16.05,16.05,16.1,572.0,368.0,891.0,237.0,False,False
2890,2022-10-31 09:39:06.349191,0.0,-0.006211180124223725,0.0,-0.10000000000000142,16.0,16.05,16.05,16.1,572.0,368.0,891.0,237.0,True,True
2890,2022-10-31 09:39:10.991227,0.0,-0.006211180124223725,0.0,-0.10000000000000142,16.0,16.05,16.05,16.1,571.0,368.0,891.0,237.0,False,False
2890,2022-10-31 09:39:17.001946,0.0,-0.006211180124223725,0.0,-0.10000000000000142,16.0,16.05,16.05,16.1,551.0,348.0,891.0,237.0,False,False
2890,2022-10-31 09:39:17.027251,0.0,-0.006211180124223725,0.0,-0.10000000000000142,16.0,16.05,16.05,16.1,550.0,348.0,891.0,237.0,False,False
2890,2022-10-31 09:39:17.675396,0.0,-0.006211180124223725,0.0,-0.10000000000000142,16.0,16.05,16.05,16.1,549.0,348.0,891.0,237.0,False,False
2890,2022-10-31 09:39:26.410464,0.0,-0.006211180124223725,0.0,-0.10000000000000142,16.0,16.05,16.05,16.1,549.0,348.0,891.0,230.0,True,True
2890,2022-10-31 09:39:34.550323,0.0,-0.006211180124223725,0.0,-0.10000000000000142,16.0,16.05,16.05,16.1,549.0,348.0,891.0,230.0,False,False
2890,2022-10-31 09:39:34.557114,0.0,-0.006211180124223725,0.0,-0.10000000000000142,16.0,16.05,16.05,16.1,549.0,370.0,891.0,230.0,False,False
2890,2022-10-31 09:39:35.993466,0.0,-0.006211180124223725,0.0,-0.10000000000000142,16.0,16.05,16.05,16.1,559.0,370.0,891.0,230.0,False,False
2890,2022-10-31 09:39:41.676906,0.0,-0.006211180124223725,0.0,-0.10000000000000142,16.0,16.05,16.05,16.1,559.0,348.0,891.0,230.0,False,False
2890,2022-10-31 09:39:41.677361,0.0,-0.006211180124223725,0.0,-0.10000000000000142,16.0,16.05,16.05,16.1,551.0,348.0,891.0,230.0,False,False
2890,2022-10-31 09:39:43.709936,0.0,-0.006211180124223725,0.0,-0.10000000000000142,16.0,16.05,16.05,16.1,551.0,340.0,891.0,230.0,False,False
2890,2022-10-31 09:39:44.908617,0.0,-0.006211180124223725,0.0,-0.10000000000000142,16.0,16.05,16.05,16.1,480.0,269.0,891.0,230.0,False,False
2890,2022-10-31 09:39:44.955645,0.0,-0.006211180124223725,0.0,-0.10000000000000142,16.0,16.05,16.05,16.1,479.0,269.0,891.0,230.0,False,False
2890,2022-10-31 09:39:46.161009,0.0,-0.006211180124223725,0.0,-0.10000000000000142,16.0,16.05,16.05,16.1,478.0,269.0,891.0,230.0,False,False
2890,2022-10-31 09:39:50.347978,0.0,-0.006211180124223725,0.0,-0.10000000000000142,16.0,16.05,16.05,16.1,478.0,269.0,891.0,230.0,False,False
2890,2022-10-31 09:39:52.102818,0.0,-0.006211180124223725,0.0,-0.10000000000000142,16.0,16.05,16.05,16.1,478.0,268.0,891.0,230.0,False,False
2890,2022-10-31 09:39:53.787180,0.0,-0.006211180124223725,0.0,-0.10000000000000142,16.0,16.05,16.05,16.1,478.0,268.0,891.0,230.0,False,False
2890,2022-10-31 09:39:57.770114,0.0,-0.006211180124223725,0.0,-0.10000000000000142,16.0,16.05,16.05,16.1,468.0,258.0,891.0,230.0,False,False
2890,2022-10-31 09:40:00.041966,0.0,-0.006211180124223725,0.0,-0.10000000000000142,16.0,16.05,16.05,16.1,468.0,258.0,891.0,230.0,False,False
2890,2022-10-31 09:40:01.226933,0.0,-0.006211180124223725,0.0,-0.10000000000000142,16.0,16.05,16.05,16.1,468.0,258.0,891.0,230.0,False,False
2890,2022-10-31 09:40:04.868445,0.0,-0.006211180124223725,0.0,-0.10000000000000142,16.0,16.05,16.05,16.1,468.0,258.0,891.0,230.0,False,False
2890,2022-10-31 09:40:05.861970,0.0,-0.006211180124223725,0.0,-0.10000000000000142,16.0,16.05,16.05,16.1,467.0,257.0,891.0,230.0,False,False
2890,2022-10-31 09:40:05.937716,0.0,-0.006211180124223725,0.0,-0.10000000000000142,16.0,16.05,16.05,16.1,467.0,247.0,891.0,230.0,False,False
2890,2022-10-31 09:40:06.191524,0.0,-0.006211180124223725,0.0,-0.10000000000000142,16.0,16.05,16.05,16.1,467.0,247.0,891.0,230.0,False,True
2890,2022-10-31 09:40:06.877766,0.0,-0.006211180124223725,0.0,-0.10000000000000142,16.0,16.05,16.05,16.1,468.0,247.0,891.0,230.0,False,False
2890,2022-10-31 09:40:08.661727,0.0,-0.006211180124223725,0.0,-0.10000000000000142,16.0,16.05,16.05,16.1,468.0,247.0,891.0,230.0,False,False
2890,2022-10-31 09:40:08.843915,0.0,-0.006211180124223725,0.0,-0.10000000000000142,16.0,16.05,16.05,16.1,468.0,246.0,891.0,230.0,False,False
2890,2022-10-31 09:40:12.838144,0.0,-0.006211180124223725,0.0,-0.10000000000000142,16.0,16.05,16.05,16.1,468.0,255.0,891.0,230.0,False,False
2890,2022-10-31 09:40:14.500547,0.0,-0.006211180124223725,0.0,-0.10000000000000142,16.0,16.05,16.05,16.1,468.0,246.0,891.0,230.0,False,False
2890,2022-10-31 09:40:16.305582,0.0,-0.006211180124223725,0.0,-0.10000000000000142,16.0,16.05,16.05,16.1,469.0,246.0,891.0,230.0,False,False
2890,2022-10-31 09:40:17.806514,0.0,-0.006211180124223725,0.0,-0.10000000000000142,16.0,16.05,16.05,16.1,469.0,246.0,891.0,230.0,False,False
2890,2022-10-31 09:40:18.722085,0.0,-0.006211180124223725,0.0,-0.10000000000000142,16.0,16.05,16.05,16.1,469.0,246.0,891.0,230.0,False,False
2890,2022-10-31 09:40:20.436682,0.0,-0.006211180124223725,0.0,-0.10000000000000142,16.0,16.05,16.05,16.1,469.0,246.0,891.0,230.0,False,False
2890,2022-10-31 09:40:21.867019,0.0,-0.006211180124223725,0.0,-0.10000000000000142,16.0,16.05,16.05,16.1,469.0,245.0,891.0,230.0,False,False
2890,2022-10-31 09:40:23.941915,0.0,-0.006211180124223725,0.0,-0.10000000000000142,16.0,16.05,16.05,16.1,469.0,246.0,891.0,230.0,False,False
2890,2022-10-31 09:40:24.681653,0.0,-0.006211180124223725,0.0,-0.10000000000000142,16.0,16.05,16.05,16.1,469.0,245.0,891.0,230.0,False,False
2890,2022-10-31 09:40:24.770861,0.0,-0.006211180124223725,0.0,-0.10000000000000142,16.0,16.05,16.05,16.1,469.0,245.0,891.0,230.0,False,False
2890,2022-10-31 09:40:25.093578,0.0,-0.006211180124223725,0.0,-0.10000000000000142,16.0,16.05,16.05,16.1,469.0,245.0,891.0,230.0,False,False
2890,2022-10-31 09:40:25.095251,0.0,-0.006211180124223725,0.0,-0.10000000000000142,16.0,16.05,16.05,16.1,470.0,245.0,891.0,230.0,False,False
2890,2022-10-31 09:40:27.112576,0.0,-0.006211180124223725,0.0,-0.10000000000000142,16.0,16.05,16.05,16.1,470.0,245.0,891.0,230.0,False,False
2890,2022-10-31 09:40:28.792107,0.0,-0.006211180124223725,0.0,-0.10000000000000142,16.0,16.05,16.05,16.1,470.0,246.0,891.0,230.0,False,False
2890,2022-10-31 09:40:32.403596,0.0,-0.006211180124223725,0.0,-0.10000000000000142,16.0,16.05,16.05,16.1,470.0,246.0,891.0,230.0,False,False
2890,2022-10-31 09:40:36.393752,0.0,-0.006211180124223725,0.0,-0.10000000000000142,16.0,16.05,16.05,16.1,470.0,246.0,891.0,230.0,True,True
2890,2022-10-31 09:40:45.050430,0.0,-0.006211180124223725,0.0,-0.10000000000000142,16.0,16.05,16.05,16.1,470.0,245.0,891.0,230.0,False,False
2890,2022-10-31 09:40:46.438925,0.0,-0.006211180124223725,0.0,-0.10000000000000142,16.0,16.05,16.05,16.1,470.0,245.0,976.0,230.0,True,True
2890,2022-10-31 09:40:49.782353,0.0,-0.006211180124223725,0.0,-0.10000000000000142,16.0,16.05,16.05,16.1,471.0,245.0,976.0,230.0,False,False
2890,2022-10-31 09:40:58.029725,0.0,-0.006211180124223725,0.0,-0.10000000000000142,16.0,16.05,16.05,16.1,470.0,244.0,976.0,230.0,False,False
2890,2022-10-31 09:41:08.634854,0.0,-0.006211180124223725,0.0,-0.10000000000000142,16.0,16.05,16.05,16.1,470.0,244.0,976.0,230.0,False,False
2890,2022-10-31 09:41:10.059974,0.0,-0.006211180124223725,0.0,-0.10000000000000142,16.0,16.05,16.05,16.1,471.0,244.0,976.0,230.0,False,False
2890,2022-10-31 09:41:10.132454,0.0,-0.006211180124223725,0.0,-0.10000000000000142,16.0,16.05,16.05,16.1,471.0,234.0,976.0,230.0,False,False
2890,2022-10-31 09:41:21.108178,0.0,-0.006211180124223725,0.0,-0.10000000000000142,16.0,16.05,16.05,16.1,471.0,233.0,976.0,230.0,False,False
2890,2022-10-31 09:41:21.150183,0.0,-0.006211180124223725,0.0,-0.10000000000000142,16.0,16.05,16.05,16.1,475.0,233.0,976.0,230.0,False,False
2890,2022-10-31 09:41:22.400451,0.0,-0.006211180124223725,0.0,-0.10000000000000142,16.0,16.05,16.05,16.1,476.0,233.0,976.0,230.0,False,False
2890,2022-10-31 09:41:22.841449,0.0,-0.006211180124223725,0.0,-0.10000000000000142,16.0,16.05,16.05,16.1,476.0,233.0,976.0,230.0,False,False
2890,2022-10-31 09:41:30.081599,0.0,-0.006211180124223725,0.0,-0.10000000000000142,16.0,16.05,16.05,16.1,476.0,172.0,976.0,230.0,False,False
2890,2022-10-31 09:41:30.106960,-0.0031055900621118626,-0.006211180124223725,-0.05000000000000071,-0.10000000000000142,16.0,16.1,16.05,16.1,476.0,365.0,976.0,230.0,False,False
2890,2022-10-31 09:41:30.138869,-0.0031055900621118626,-0.006211180124223725,-0.05000000000000071,-0.10000000000000142,16.0,16.1,16.05,16.1,476.0,365.0,976.0,230.0,False,False
2890,2022-10-31 09:41:30.178000,-0.0031055900621118626,-0.006211180124223725,-0.05000000000000071,-0.10000000000000142,16.0,16.1,16.05,16.1,476.0,418.0,976.0,230.0,False,False
2890,2022-10-31 09:41:30.282361,-0.0031055900621118626,-0.006211180124223725,-0.05000000000000071,-0.10000000000000142,16.0,16.1,16.05,16.1,476.0,377.0,976.0,230.0,False,False
2890,2022-10-31 09:41:31.791477,-0.0031055900621118626,-0.0031055900621118626,-0.05000000000000071,-0.05000000000000071,16.05,16.1,16.05,16.1,1.0,377.0,976.0,230.0,False,False
2890,2022-10-31 09:41:31.836907,-0.0031055900621118626,-0.0031055900621118626,-0.05000000000000071,-0.05000000000000071,16.05,16.1,16.05,16.1,1.0,377.0,976.0,230.0,False,False
2890,2022-10-31 09:41:31.953227,-0.0031055900621118626,-0.0031055900621118626,-0.05000000000000071,-0.05000000000000071,16.05,16.1,16.05,16.1,8.0,377.0,976.0,230.0,False,False
2890,2022-10-31 09:41:32.021925,-0.0031055900621118626,-0.0031055900621118626,-0.05000000000000071,-0.05000000000000071,16.05,16.1,16.05,16.1,15.0,377.0,976.0,230.0,False,False
2890,2022-10-31 09:41:32.278240,-0.0031055900621118626,-0.0031055900621118626,-0.05000000000000071,-0.05000000000000071,16.05,16.1,16.05,16.1,15.0,377.0,976.0,230.0,False,False
2890,2022-10-31 09:41:32.332458,-0.0031055900621118626,-0.0031055900621118626,-0.05000000000000071,-0.05000000000000071,16.05,16.1,16.05,16.1,103.0,326.0,976.0,230.0,False,False
2890,2022-10-31 09:41:32.383967,-0.0031055900621118626,-0.0031055900621118626,-0.05000000000000071,-0.05000000000000071,16.05,16.1,16.05,16.1,113.0,326.0,976.0,230.0,False,False
2890,2022-10-31 09:41:32.857545,-0.0031055900621118626,-0.0031055900621118626,-0.05000000000000071,-0.05000000000000071,16.05,16.1,16.05,16.1,113.0,326.0,976.0,230.0,False,False
2890,2022-10-31 09:41:32.913547,-0.0031055900621118626,-0.0031055900621118626,-0.05000000000000071,-0.05000000000000071,16.05,16.1,16.05,16.1,113.0,326.0,976.0,230.0,False,False
2890,2022-10-31 09:41:33.709658,-0.0031055900621118626,-0.0031055900621118626,-0.05000000000000071,-0.05000000000000071,16.05,16.1,16.05,16.1,113.0,326.0,976.0,230.0,False,False
2890,2022-10-31 09:41:34.875624,-0.0031055900621118626,-0.0031055900621118626,-0.05000000000000071,-0.05000000000000071,16.05,16.1,16.05,16.1,144.0,326.0,976.0,230.0,False,False
2890,2022-10-31 09:41:36.375341,-0.0031055900621118626,-0.0031055900621118626,-0.05000000000000071,-0.05000000000000071,16.05,16.1,16.05,16.1,143.0,326.0,976.0,230.0,False,False
2890,2022-10-31 09:41:36.601285,-0.0031055900621118626,-0.0031055900621118626,-0.05000000000000071,-0.05000000000000071,16.05,16.1,16.05,16.1,144.0,326.0,976.0,230.0,False,False
2890,2022-10-31 09:41:36.634902,-0.0031055900621118626,-0.0031055900621118626,-0.05000000000000071,-0.05000000000000071,16.05,16.1,16.05,16.1,144.0,326.0,976.0,230.0,True,True
2890,2022-10-31 09:41:37.546596,-0.0031055900621118626,-0.0031055900621118626,-0.05000000000000071,-0.05000000000000071,16.05,16.1,16.05,16.1,145.0,326.0,976.0,230.0,False,False
2890,2022-10-31 09:41:38.289649,-0.0031055900621118626,-0.0031055900621118626,-0.05000000000000071,-0.05000000000000071,16.05,16.1,16.05,16.1,145.0,326.0,976.0,230.0,False,False
2890,2022-10-31 09:41:38.481354,-0.0031055900621118626,-0.0031055900621118626,-0.05000000000000071,-0.05000000000000071,16.05,16.1,16.05,16.1,146.0,326.0,976.0,230.0,False,False
2890,2022-10-31 09:41:40.663882,-0.0031055900621118626,-0.0031055900621118626,-0.05000000000000071,-0.05000000000000071,16.05,16.1,16.05,16.1,146.0,326.0,976.0,230.0,False,False
2890,2022-10-31 09:41:45.467208,-0.0031055900621118626,-0.0031055900621118626,-0.05000000000000071,-0.05000000000000071,16.05,16.1,16.05,16.1,147.0,326.0,976.0,230.0,False,False
2890,2022-10-31 09:41:49.005306,-0.0031055900621118626,-0.0031055900621118626,-0.05000000000000071,-0.05000000000000071,16.05,16.1,16.05,16.1,147.0,326.0,976.0,230.0,False,False
2890,2022-10-31 09:41:50.811051,-0.0031055900621118626,-0.0031055900621118626,-0.05000000000000071,-0.05000000000000071,16.05,16.1,16.05,16.1,146.0,326.0,976.0,230.0,False,False
2890,2022-10-31 09:41:54.310246,-0.0031055900621118626,-0.0031055900621118626,-0.05000000000000071,-0.05000000000000071,16.05,16.1,16.05,16.1,151.0,326.0,976.0,230.0,False,False
2890,2022-10-31 09:41:55.268719,-0.0031055900621118626,-0.0031055900621118626,-0.05000000000000071,-0.05000000000000071,16.05,16.1,16.05,16.1,151.0,326.0,976.0,230.0,False,False
2890,2022-10-31 09:41:56.440818,-0.0031055900621118626,-0.0031055900621118626,-0.05000000000000071,-0.05000000000000071,16.05,16.1,16.05,16.1,151.0,326.0,976.0,230.0,False,False
2890,2022-10-31 09:41:56.712444,-0.0031055900621118626,-0.0031055900621118626,-0.05000000000000071,-0.05000000000000071,16.05,16.1,16.05,16.1,151.0,326.0,976.0,130.0,True,True
2890,2022-10-31 09:41:57.943300,-0.0031055900621118626,-0.0031055900621118626,-0.05000000000000071,-0.05000000000000071,16.05,16.1,16.05,16.1,151.0,326.0,976.0,130.0,False,False
2890,2022-10-31 09:41:59.946028,-0.0031055900621118626,-0.0031055900621118626,-0.05000000000000071,-0.05000000000000071,16.05,16.1,16.05,16.1,156.0,326.0,976.0,130.0,False,False
2890,2022-10-31 09:42:01.705731,-0.0031055900621118626,-0.0031055900621118626,-0.05000000000000071,-0.05000000000000071,16.05,16.1,16.05,16.1,156.0,326.0,976.0,130.0,False,False
2890,2022-10-31 09:42:01.861839,-0.0031055900621118626,-0.0031055900621118626,-0.05000000000000071,-0.05000000000000071,16.05,16.1,16.05,16.1,157.0,326.0,976.0,130.0,False,False
2890,2022-10-31 09:42:05.015880,-0.0031055900621118626,-0.0031055900621118626,-0.05000000000000071,-0.05000000000000071,16.05,16.1,16.05,16.1,157.0,326.0,976.0,130.0,False,False
2890,2022-10-31 09:42:05.756267,-0.0031055900621118626,-0.0031055900621118626,-0.05000000000000071,-0.05000000000000071,16.05,16.1,16.05,16.1,157.0,326.0,976.0,130.0,False,False
2890,2022-10-31 09:42:13.139184,-0.0031055900621118626,-0.0031055900621118626,-0.05000000000000071,-0.05000000000000071,16.05,16.1,16.05,16.1,157.0,316.0,976.0,130.0,False,False
2890,2022-10-31 09:42:15.869575,-0.0031055900621118626,-0.0031055900621118626,-0.05000000000000071,-0.05000000000000071,16.05,16.1,16.05,16.1,157.0,317.0,976.0,130.0,False,False
2890,2022-10-31 09:42:18.217800,-0.0031055900621118626,-0.0031055900621118626,-0.05000000000000071,-0.05000000000000071,16.05,16.1,16.05,16.1,157.0,324.0,976.0,130.0,False,False
2890,2022-10-31 09:42:19.653018,-0.0031055900621118626,-0.0031055900621118626,-0.05000000000000071,-0.05000000000000071,16.05,16.1,16.05,16.1,207.0,324.0,976.0,130.0,False,False
2890,2022-10-31 09:42:29.199448,-0.0031055900621118626,-0.0031055900621118626,-0.05000000000000071,-0.05000000000000071,16.05,16.1,16.05,16.1,207.0,324.0,976.0,130.0,False,False
2890,2022-10-31 09:42:29.716722,-0.0031055900621118626,-0.0031055900621118626,-0.05000000000000071,-0.05000000000000071,16.05,16.1,16.05,16.1,207.0,322.0,976.0,130.0,False,False
2890,2022-10-31 09:42:36.676844,-0.0031055900621118626,-0.0031055900621118626,-0.05000000000000071,-0.05000000000000071,16.05,16.1,16.05,16.1,207.0,322.0,976.0,130.0,False,False
2890,2022-10-31 09:42:39.023277,-0.0031055900621118626,-0.0031055900621118626,-0.05000000000000071,-0.05000000000000071,16.05,16.1,16.05,16.1,208.0,322.0,976.0,130.0,False,False
2890,2022-10-31 09:42:46.859586,-0.0031055900621118626,-0.0031055900621118626,-0.05000000000000071,-0.05000000000000071,16.05,16.1,16.05,16.1,208.0,319.0,976.0,130.0,False,False
2890,2022-10-31 09:42:46.933760,-0.0031055900621118626,-0.0031055900621118626,-0.05000000000000071,-0.05000000000000071,16.05,16.1,16.05,16.1,208.0,319.0,976.0,130.0,False,False
2890,2022-10-31 09:42:47.150455,-0.0031055900621118626,-0.0031055900621118626,-0.05000000000000071,-0.05000000000000071,16.05,16.1,16.05,16.1,208.0,309.0,976.0,130.0,False,False
2890,2022-10-31 09:42:56.957751,-0.0031055900621118626,-0.0031055900621118626,-0.05000000000000071,-0.05000000000000071,16.05,16.1,16.05,16.1,208.0,309.0,976.0,130.0,True,True
2890,2022-10-31 09:42:58.929067,-0.0031055900621118626,-0.0031055900621118626,-0.05000000000000071,-0.05000000000000071,16.05,16.1,16.05,16.1,208.0,307.0,976.0,130.0,False,False
2890,2022-10-31 09:42:59.687116,-0.0031055900621118626,-0.0031055900621118626,-0.05000000000000071,-0.05000000000000071,16.05,16.1,16.05,16.1,208.0,305.0,976.0,130.0,False,False
2890,2022-10-31 09:43:04.592099,-0.0031055900621118626,-0.0031055900621118626,-0.05000000000000071,-0.05000000000000071,16.05,16.1,16.05,16.1,209.0,305.0,976.0,130.0,False,False
2890,2022-10-31 09:43:05.843204,-0.0031055900621118626,-0.0031055900621118626,-0.05000000000000071,-0.05000000000000071,16.05,16.1,16.05,16.1,209.0,304.0,976.0,130.0,False,False
2890,2022-10-31 09:43:06.197962,-0.0031055900621118626,-0.0031055900621118626,-0.05000000000000071,-0.05000000000000071,16.05,16.1,16.05,16.1,209.0,304.0,976.0,120.0,False,True
2890,2022-10-31 09:43:06.982749,-0.0031055900621118626,-0.0031055900621118626,-0.05000000000000071,-0.05000000000000071,16.05,16.1,16.05,16.1,309.0,304.0,976.0,120.0,False,False
2890,2022-10-31 09:43:10.079295,-0.0031055900621118626,-0.0031055900621118626,-0.05000000000000071,-0.05000000000000071,16.05,16.1,16.05,16.1,309.0,304.0,976.0,120.0,False,False
2890,2022-10-31 09:43:11.062084,-0.0031055900621118626,-0.0031055900621118626,-0.05000000000000071,-0.05000000000000071,16.05,16.1,16.05,16.1,310.0,304.0,976.0,120.0,False,False
2890,2022-10-31 09:43:16.207655,-0.0031055900621118626,-0.0031055900621118626,-0.05000000000000071,-0.05000000000000071,16.05,16.1,16.05,16.1,310.0,273.0,976.0,120.0,False,False
2890,2022-10-31 09:43:16.236694,-0.0031055900621118626,-0.0031055900621118626,-0.05000000000000071,-0.05000000000000071,16.05,16.1,16.05,16.1,310.0,273.0,976.0,90.0,True,True
2890,2022-10-31 09:43:16.901790,-0.0031055900621118626,-0.0031055900621118626,-0.05000000000000071,-0.05000000000000071,16.05,16.1,16.05,16.1,310.0,274.0,976.0,90.0,False,False
2890,2022-10-31 09:43:17.162695,-0.0031055900621118626,-0.0031055900621118626,-0.05000000000000071,-0.05000000000000071,16.05,16.1,16.05,16.1,310.0,264.0,976.0,90.0,False,False
2890,2022-10-31 09:43:18.262928,-0.0031055900621118626,-0.0031055900621118626,-0.05000000000000071,-0.05000000000000071,16.05,16.1,16.05,16.1,310.0,254.0,976.0,90.0,False,False
2890,2022-10-31 09:43:23.270684,-0.0031055900621118626,-0.0031055900621118626,-0.05000000000000071,-0.05000000000000071,16.05,16.1,16.05,16.1,310.0,254.0,976.0,90.0,False,False
2890,2022-10-31 09:43:24.483186,-0.0031055900621118626,-0.0031055900621118626,-0.05000000000000071,-0.05000000000000071,16.05,16.1,16.05,16.1,310.0,254.0,976.0,90.0,False,False
2890,2022-10-31 09:43:25.970348,-0.0031055900621118626,-0.0031055900621118626,-0.05000000000000071,-0.05000000000000071,16.05,16.1,16.05,16.1,310.0,254.0,976.0,90.0,False,False
2890,2022-10-31 09:43:29.996310,-0.0031055900621118626,-0.0031055900621118626,-0.05000000000000071,-0.05000000000000071,16.05,16.1,16.05,16.1,310.0,254.0,976.0,90.0,False,False
2890,2022-10-31 09:43:34.023714,-0.0031055900621118626,-0.0031055900621118626,-0.05000000000000071,-0.05000000000000071,16.05,16.1,16.05,16.1,310.0,252.0,976.0,90.0,False,False
2890,2022-10-31 09:43:36.759152,-0.0031055900621118626,-0.0031055900621118626,-0.05000000000000071,-0.05000000000000071,16.05,16.1,16.05,16.1,310.0,252.0,976.0,90.0,False,False
2890,2022-10-31 09:43:36.768336,-0.0031055900621118626,-0.0031055900621118626,-0.05000000000000071,-0.05000000000000071,16.05,16.1,16.05,16.1,310.0,268.0,976.0,90.0,False,False
2890,2022-10-31 09:43:38.268426,-0.0031055900621118626,-0.0031055900621118626,-0.05000000000000071,-0.05000000000000071,16.05,16.1,16.05,16.1,310.0,268.0,976.0,90.0,False,False
2890,2022-10-31 09:43:40.069631,-0.0031055900621118626,-0.0031055900621118626,-0.05000000000000071,-0.05000000000000071,16.05,16.1,16.05,16.1,310.0,268.0,976.0,90.0,False,False
2890,2022-10-31 09:43:42.413177,-0.0031055900621118626,-0.0031055900621118626,-0.05000000000000071,-0.05000000000000071,16.05,16.1,16.05,16.1,311.0,268.0,976.0,90.0,False,False
2890,2022-10-31 09:43:42.484998,-0.0031055900621118626,-0.0031055900621118626,-0.05000000000000071,-0.05000000000000071,16.05,16.1,16.05,16.1,312.0,268.0,976.0,90.0,False,False
2890,2022-10-31 09:43:46.346941,-0.0031055900621118626,-0.0031055900621118626,-0.05000000000000071,-0.05000000000000071,16.05,16.1,16.05,16.1,312.0,268.0,976.0,83.0,True,True
2890,2022-10-31 09:43:52.089162,-0.0031055900621118626,-0.0031055900621118626,-0.05000000000000071,-0.05000000000000071,16.05,16.1,16.05,16.1,312.0,267.0,976.0,83.0,False,False
2890,2022-10-31 09:43:52.455287,-0.0031055900621118626,-0.0031055900621118626,-0.05000000000000071,-0.05000000000000071,16.05,16.1,16.05,16.1,313.0,267.0,976.0,83.0,False,False
2890,2022-10-31 09:44:04.802439,-0.0031055900621118626,-0.0031055900621118626,-0.05000000000000071,-0.05000000000000071,16.05,16.1,16.05,16.1,312.0,267.0,976.0,83.0,False,False
2890,2022-10-31 09:44:05.704810,-0.0031055900621118626,-0.0031055900621118626,-0.05000000000000071,-0.05000000000000071,16.05,16.1,16.05,16.1,316.0,267.0,976.0,83.0,False,False
2890,2022-10-31 09:44:05.771372,-0.0031055900621118626,-0.0031055900621118626,-0.05000000000000071,-0.05000000000000071,16.05,16.1,16.05,16.1,312.0,267.0,976.0,83.0,False,False
2890,2022-10-31 09:44:07.928135,-0.0031055900621118626,-0.0031055900621118626,-0.05000000000000071,-0.05000000000000071,16.05,16.1,16.05,16.1,312.0,268.0,976.0,83.0,False,False
2890,2022-10-31 09:44:10.354299,-0.0031055900621118626,-0.0031055900621118626,-0.05000000000000071,-0.05000000000000071,16.05,16.1,16.05,16.1,312.0,266.0,976.0,83.0,False,False
2890,2022-10-31 09:44:10.578674,-0.0031055900621118626,-0.0031055900621118626,-0.05000000000000071,-0.05000000000000071,16.05,16.1,16.05,16.1,312.0,265.0,976.0,83.0,False,False
2890,2022-10-31 09:44:15.717339,-0.0031055900621118626,-0.0031055900621118626,-0.05000000000000071,-0.05000000000000071,16.05,16.1,16.05,16.1,312.0,265.0,976.0,83.0,False,False
2890,2022-10-31 09:44:16.085913,-0.0031055900621118626,-0.0031055900621118626,-0.05000000000000071,-0.05000000000000071,16.05,16.1,16.05,16.1,312.0,265.0,976.0,83.0,False,False
2890,2022-10-31 09:44:20.183041,-0.0031055900621118626,-0.0031055900621118626,-0.05000000000000071,-0.05000000000000071,16.05,16.1,16.05,16.1,312.0,255.0,976.0,83.0,False,False
2890,2022-10-31 09:44:24.820730,-0.0031055900621118626,-0.0031055900621118626,-0.05000000000000071,-0.05000000000000071,16.05,16.1,16.05,16.1,315.0,255.0,976.0,83.0,False,False
2890,2022-10-31 09:44:34.891739,-0.0031055900621118626,-0.0031055900621118626,-0.05000000000000071,-0.05000000000000071,16.05,16.1,16.05,16.1,315.0,255.0,976.0,83.0,False,False
2890,2022-10-31 09:44:34.974616,-0.0031055900621118626,-0.0031055900621118626,-0.05000000000000071,-0.05000000000000071,16.05,16.1,16.05,16.1,315.0,256.0,976.0,83.0,False,False
2890,2022-10-31 09:44:38.621524,-0.0031055900621118626,-0.0031055900621118626,-0.05000000000000071,-0.05000000000000071,16.05,16.1,16.05,16.1,317.0,256.0,976.0,83.0,False,False
2890,2022-10-31 09:44:41.631383,-0.0031055900621118626,-0.0031055900621118626,-0.05000000000000071,-0.05000000000000071,16.05,16.1,16.05,16.1,317.0,253.0,976.0,83.0,False,False
2890,2022-10-31 09:44:46.670307,-0.0031055900621118626,-0.0031055900621118626,-0.05000000000000071,-0.05000000000000071,16.05,16.1,16.05,16.1,322.0,253.0,976.0,83.0,False,False
2890,2022-10-31 09:44:53.666536,-0.0031055900621118626,-0.0031055900621118626,-0.05000000000000071,-0.05000000000000071,16.05,16.1,16.05,16.1,325.0,253.0,976.0,83.0,False,False
2890,2022-10-31 09:45:02.586905,-0.0031055900621118626,-0.0031055900621118626,-0.05000000000000071,-0.05000000000000071,16.05,16.1,16.05,16.1,325.0,333.0,976.0,83.0,False,False
2890,2022-10-31 09:45:06.830702,-0.0031055900621118626,-0.0031055900621118626,-0.05000000000000071,-0.05000000000000071,16.05,16.1,16.05,16.1,325.0,333.0,975.0,82.0,True,True
2890,2022-10-31 09:45:07.338682,-0.0031055900621118626,-0.0031055900621118626,-0.05000000000000071,-0.05000000000000071,16.05,16.1,16.05,16.1,325.0,233.0,975.0,82.0,False,False
2890,2022-10-31 09:45:07.443456,-0.0031055900621118626,-0.0031055900621118626,-0.05000000000000071,-0.05000000000000071,16.05,16.1,16.05,16.1,325.0,224.0,975.0,82.0,False,False
2890,2022-10-31 09:45:07.530521,-0.0031055900621118626,-0.0031055900621118626,-0.05000000000000071,-0.05000000000000071,16.05,16.1,16.05,16.1,325.0,219.0,975.0,82.0,False,False
2890,2022-10-31 09:45:08.965337,-0.0031055900621118626,-0.0031055900621118626,-0.05000000000000071,-0.05000000000000071,16.05,16.1,16.05,16.1,325.0,219.0,975.0,82.0,False,False
2890,2022-10-31 09:45:09.877558,-0.0031055900621118626,-0.0031055900621118626,-0.05000000000000071,-0.05000000000000071,16.05,16.1,16.05,16.1,325.0,220.0,975.0,82.0,False,False
2890,2022-10-31 09:45:17.013797,-0.0031055900621118626,-0.0031055900621118626,-0.05000000000000071,-0.05000000000000071,16.05,16.1,16.05,16.1,325.0,220.0,1895.0,82.0,True,True
2890,2022-10-31 09:45:17.586796,-0.0031055900621118626,-0.0031055900621118626,-0.05000000000000071,-0.05000000000000071,16.05,16.1,16.05,16.1,333.0,220.0,1895.0,82.0,False,False
2890,2022-10-31 09:45:17.805271,-0.0031055900621118626,-0.0031055900621118626,-0.05000000000000071,-0.05000000000000071,16.05,16.1,16.05,16.1,333.0,223.0,1895.0,82.0,False,False
2890,2022-10-31 09:45:17.806739,-0.0031055900621118626,-0.0031055900621118626,-0.05000000000000071,-0.05000000000000071,16.05,16.1,16.05,16.1,333.0,223.0,1895.0,82.0,False,False
2890,2022-10-31 09:45:20.911176,-0.0031055900621118626,-0.0031055900621118626,-0.05000000000000071,-0.05000000000000071,16.05,16.1,16.05,16.1,333.0,222.0,1895.0,82.0,False,False
2890,2022-10-31 09:45:24.094427,-0.0031055900621118626,-0.0031055900621118626,-0.05000000000000071,-0.05000000000000071,16.05,16.1,16.05,16.1,333.0,212.0,1895.0,82.0,False,False
2890,2022-10-31 09:45:25.554152,-0.0031055900621118626,-0.0031055900621118626,-0.05000000000000071,-0.05000000000000071,16.05,16.1,16.05,16.1,332.0,212.0,1895.0,82.0,False,False
2890,2022-10-31 09:45:26.180692,-0.0031055900621118626,-0.0031055900621118626,-0.05000000000000071,-0.05000000000000071,16.05,16.1,16.05,16.1,332.0,212.0,1895.0,82.0,False,False
2890,2022-10-31 09:45:26.183306,-0.0031055900621118626,-0.0031055900621118626,-0.05000000000000071,-0.05000000000000071,16.05,16.1,16.05,16.1,332.0,212.0,1895.0,82.0,False,False
2890,2022-10-31 09:45:26.887803,-0.0031055900621118626,-0.0031055900621118626,-0.05000000000000071,-0.05000000000000071,16.05,16.1,16.05,16.1,332.0,211.0,1895.0,82.0,False,False
2890,2022-10-31 09:45:36.578463,-0.0031055900621118626,-0.0031055900621118626,-0.05000000000000071,-0.05000000000000071,16.05,16.1,16.05,16.1,332.0,210.0,1895.0,82.0,False,False
2890,2022-10-31 09:45:39.043113,-0.0031055900621118626,-0.0031055900621118626,-0.05000000000000071,-0.05000000000000071,16.05,16.1,16.05,16.1,332.0,210.0,1895.0,82.0,False,False
2890,2022-10-31 09:45:39.957498,-0.0031055900621118626,-0.0031055900621118626,-0.05000000000000071,-0.05000000000000071,16.05,16.1,16.05,16.1,332.0,207.0,1895.0,82.0,False,False
2890,2022-10-31 09:45:40.133862,-0.0031055900621118626,-0.0031055900621118626,-0.05000000000000071,-0.05000000000000071,16.05,16.1,16.05,16.1,334.0,207.0,1895.0,82.0,False,False
2890,2022-10-31 09:45:51.753934,-0.0031055900621118626,-0.0031055900621118626,-0.05000000000000071,-0.05000000000000071,16.05,16.1,16.05,16.1,334.0,207.0,1895.0,82.0,False,False
2890,2022-10-31 09:45:56.775361,-0.0031055900621118626,-0.0031055900621118626,-0.05000000000000071,-0.05000000000000071,16.05,16.1,16.05,16.1,334.0,208.0,1895.0,82.0,False,False
2890,2022-10-31 09:45:56.897678,-0.0031055900621118626,-0.0031055900621118626,-0.05000000000000071,-0.05000000000000071,16.05,16.1,16.05,16.1,334.0,198.0,1895.0,82.0,False,False
2890,2022-10-31 09:45:58.168868,-0.0031055900621118626,-0.0031055900621118626,-0.05000000000000071,-0.05000000000000071,16.05,16.1,16.05,16.1,334.0,196.0,1895.0,82.0,False,False
2890,2022-10-31 09:46:01.183818,-0.0031055900621118626,-0.0031055900621118626,-0.05000000000000071,-0.05000000000000071,16.05,16.1,16.05,16.1,334.0,194.0,1895.0,82.0,False,False
2890,2022-10-31 09:46:06.319791,-0.0031055900621118626,-0.0031055900621118626,-0.05000000000000071,-0.05000000000000071,16.05,16.1,16.05,16.1,334.0,194.0,1895.0,82.0,False,True
2890,2022-10-31 09:46:07.731834,-0.0031055900621118626,-0.0031055900621118626,-0.05000000000000071,-0.05000000000000071,16.05,16.1,16.05,16.1,334.0,194.0,1895.0,82.0,False,False
2890,2022-10-31 09:46:07.732967,-0.0031055900621118626,-0.0031055900621118626,-0.05000000000000071,-0.05000000000000071,16.05,16.1,16.05,16.1,334.0,194.0,1895.0,82.0,False,False
2890,2022-10-31 09:46:12.754376,-0.0031055900621118626,-0.0031055900621118626,-0.05000000000000071,-0.05000000000000071,16.05,16.1,16.05,16.1,329.0,194.0,1895.0,82.0,False,False
2890,2022-10-31 09:46:13.482631,-0.0031055900621118626,-0.0031055900621118626,-0.05000000000000071,-0.05000000000000071,16.05,16.1,16.05,16.1,329.0,193.0,1895.0,82.0,False,False
2890,2022-10-31 09:46:13.537165,-0.0031055900621118626,-0.0031055900621118626,-0.05000000000000071,-0.05000000000000071,16.05,16.1,16.05,16.1,329.0,133.0,1895.0,82.0,False,False
2890,2022-10-31 09:46:13.868696,-0.0031055900621118626,-0.0031055900621118626,-0.05000000000000071,-0.05000000000000071,16.05,16.1,16.05,16.1,329.0,133.0,1895.0,82.0,False,False
2890,2022-10-31 09:46:13.869036,-0.0031055900621118626,-0.0031055900621118626,-0.05000000000000071,-0.05000000000000071,16.05,16.1,16.05,16.1,329.0,204.0,1895.0,82.0,False,False
2890,2022-10-31 09:46:14.451504,-0.0031055900621118626,-0.0031055900621118626,-0.05000000000000071,-0.05000000000000071,16.05,16.1,16.05,16.1,329.0,190.0,1895.0,82.0,False,False
2890,2022-10-31 09:46:14.471957,-0.0031055900621118626,-0.0031055900621118626,-0.05000000000000071,-0.05000000000000071,16.05,16.1,16.05,16.1,329.0,119.0,1895.0,82.0,False,False
2890,2022-10-31 09:46:14.473707,-0.0031055900621118626,-0.0031055900621118626,-0.05000000000000071,-0.05000000000000071,16.05,16.1,16.05,16.1,329.0,269.0,1895.0,82.0,False,False
2890,2022-10-31 09:46:15.590378,-0.0031055900621118626,-0.0031055900621118626,-0.05000000000000071,-0.05000000000000071,16.05,16.1,16.05,16.1,329.0,269.0,1895.0,82.0,False,False
2890,2022-10-31 09:46:15.690463,-0.0031055900621118626,-0.0031055900621118626,-0.05000000000000071,-0.05000000000000071,16.05,16.1,16.05,16.1,329.0,270.0,1895.0,82.0,False,False
2890,2022-10-31 09:46:16.346909,0.0,-0.006191950464396134,0.0,-0.09999999999999787,16.05,16.1,16.1,16.15,329.0,270.0,818.0,205.0,True,True
2890,2022-10-31 09:46:26.873770,0.0,-0.006191950464396134,0.0,-0.09999999999999787,16.05,16.1,16.1,16.15,332.0,270.0,818.0,205.0,False,False
2890,2022-10-31 09:46:27.015857,0.0,-0.006191950464396134,0.0,-0.09999999999999787,16.05,16.1,16.1,16.15,332.0,260.0,818.0,205.0,False,False
2890,2022-10-31 09:46:27.116798,0.0,-0.006191950464396134,0.0,-0.09999999999999787,16.05,16.1,16.1,16.15,332.0,260.0,818.0,205.0,False,False
2890,2022-10-31 09:46:27.670203,0.0,-0.006191950464396134,0.0,-0.09999999999999787,16.05,16.1,16.1,16.15,332.0,260.0,818.0,205.0,False,False
2890,2022-10-31 09:46:31.728162,0.0,-0.006191950464396134,0.0,-0.09999999999999787,16.05,16.1,16.1,16.15,332.0,240.0,818.0,205.0,False,False
2890,2022-10-31 09:46:48.748022,0.0,-0.006191950464396134,0.0,-0.09999999999999787,16.05,16.1,16.1,16.15,332.0,241.0,818.0,205.0,False,False
2890,2022-10-31 09:46:56.461332,0.0,-0.006191950464396134,0.0,-0.09999999999999787,16.05,16.1,16.1,16.15,332.0,241.0,738.0,205.0,True,True
2890,2022-10-31 09:47:01.859669,-0.003095975232197956,-0.006191950464396134,-0.04999999999999716,-0.09999999999999787,16.05,16.15,16.1,16.15,332.0,390.0,738.0,205.0,False,False
2890,2022-10-31 09:47:01.886986,-0.003095975232197956,-0.006191950464396134,-0.04999999999999716,-0.09999999999999787,16.05,16.15,16.1,16.15,332.0,390.0,738.0,205.0,False,False
2890,2022-10-31 09:47:01.945631,-0.003095975232197956,-0.006191950464396134,-0.04999999999999716,-0.09999999999999787,16.05,16.15,16.1,16.15,332.0,366.0,738.0,205.0,False,False
2890,2022-10-31 09:47:01.968054,-0.003095975232197956,-0.006191950464396134,-0.04999999999999716,-0.09999999999999787,16.05,16.15,16.1,16.15,355.0,366.0,738.0,205.0,False,False
2890,2022-10-31 09:47:02.097062,-0.003095975232197956,-0.003095975232197956,-0.04999999999999716,-0.04999999999999716,16.1,16.15,16.1,16.15,1.0,338.0,738.0,205.0,False,False
2890,2022-10-31 09:47:02.162603,-0.003095975232197956,-0.003095975232197956,-0.04999999999999716,-0.04999999999999716,16.1,16.15,16.1,16.15,1.0,338.0,738.0,205.0,False,False
2890,2022-10-31 09:47:02.697301,-0.003095975232197956,-0.003095975232197956,-0.04999999999999716,-0.04999999999999716,16.1,16.15,16.1,16.15,1.0,342.0,738.0,205.0,False,False
2890,2022-10-31 09:47:02.716273,-0.003095975232197956,-0.003095975232197956,-0.04999999999999716,-0.04999999999999716,16.1,16.15,16.1,16.15,1.0,312.0,738.0,205.0,False,False
2890,2022-10-31 09:47:02.764489,-0.003095975232197956,-0.006191950464396134,-0.04999999999999716,-0.09999999999999787,16.05,16.15,16.1,16.15,354.0,312.0,738.0,205.0,False,False
2890,2022-10-31 09:47:02.896397,-0.003095975232197956,-0.006191950464396134,-0.04999999999999716,-0.09999999999999787,16.05,16.15,16.1,16.15,354.0,312.0,738.0,205.0,False,False
2890,2022-10-31 09:47:03.011151,-0.003095975232197956,-0.006191950464396134,-0.04999999999999716,-0.09999999999999787,16.05,16.15,16.1,16.15,354.0,312.0,738.0,205.0,False,False
2890,2022-10-31 09:47:03.039437,-0.003095975232197956,-0.006191950464396134,-0.04999999999999716,-0.09999999999999787,16.05,16.15,16.1,16.15,354.0,312.0,738.0,205.0,False,False
2890,2022-10-31 09:47:03.274747,-0.003095975232197956,-0.006191950464396134,-0.04999999999999716,-0.09999999999999787,16.05,16.15,16.1,16.15,354.0,298.0,738.0,205.0,False,False
2890,2022-10-31 09:47:03.315565,-0.003095975232197956,-0.006191950464396134,-0.04999999999999716,-0.09999999999999787,16.05,16.15,16.1,16.15,354.0,298.0,738.0,205.0,False,False
2890,2022-10-31 09:47:04.575524,-0.003095975232197956,-0.006191950464396134,-0.04999999999999716,-0.09999999999999787,16.05,16.15,16.1,16.15,397.0,298.0,738.0,205.0,False,False
2890,2022-10-31 09:47:06.058379,-0.003095975232197956,-0.006191950464396134,-0.04999999999999716,-0.09999999999999787,16.05,16.15,16.1,16.15,397.0,300.0,738.0,205.0,False,False
2890,2022-10-31 09:47:06.178562,-0.003095975232197956,-0.006191950464396134,-0.04999999999999716,-0.09999999999999787,16.05,16.15,16.1,16.15,496.0,300.0,738.0,205.0,False,False
2890,2022-10-31 09:47:06.492467,-0.003095975232197956,-0.006191950464396134,-0.04999999999999716,-0.09999999999999787,16.05,16.15,16.1,16.15,496.0,300.0,738.0,205.0,True,True
2890,2022-10-31 09:47:13.706628,-0.003095975232197956,-0.003095975232197956,-0.04999999999999716,-0.04999999999999716,16.1,16.15,16.1,16.15,1.0,300.0,738.0,205.0,False,False
2890,2022-10-31 09:47:13.733713,-0.003095975232197956,-0.003095975232197956,-0.04999999999999716,-0.04999999999999716,16.1,16.15,16.1,16.15,1.0,300.0,738.0,205.0,False,False
2890,2022-10-31 09:47:13.767899,-0.003095975232197956,-0.003095975232197956,-0.04999999999999716,-0.04999999999999716,16.1,16.15,16.1,16.15,1.0,300.0,738.0,205.0,False,False
2890,2022-10-31 09:47:13.846601,-0.003095975232197956,-0.003095975232197956,-0.04999999999999716,-0.04999999999999716,16.1,16.15,16.1,16.15,1.0,300.0,738.0,205.0,False,False
2890,2022-10-31 09:47:13.939921,-0.003095975232197956,-0.003095975232197956,-0.04999999999999716,-0.04999999999999716,16.1,16.15,16.1,16.15,10.0,282.0,738.0,205.0,False,False
2890,2022-10-31 09:47:14.902198,-0.003095975232197956,-0.003095975232197956,-0.04999999999999716,-0.04999999999999716,16.1,16.15,16.1,16.15,10.0,282.0,738.0,205.0,False,False
2890,2022-10-31 09:47:14.910097,-0.003095975232197956,-0.003095975232197956,-0.04999999999999716,-0.04999999999999716,16.1,16.15,16.1,16.15,112.0,282.0,738.0,205.0,False,False
2890,2022-10-31 09:47:14.985776,-0.003095975232197956,-0.003095975232197956,-0.04999999999999716,-0.04999999999999716,16.1,16.15,16.1,16.15,125.0,282.0,738.0,205.0,False,False
2890,2022-10-31 09:47:16.487456,-0.003095975232197956,-0.003095975232197956,-0.04999999999999716,-0.04999999999999716,16.1,16.15,16.1,16.15,125.0,282.0,738.0,205.0,False,False
2890,2022-10-31 09:47:16.519319,-0.003095975232197956,-0.003095975232197956,-0.04999999999999716,-0.04999999999999716,16.1,16.15,16.1,16.15,125.0,282.0,738.0,405.0,True,True
2890,2022-10-31 09:47:18.016728,-0.003095975232197956,-0.003095975232197956,-0.04999999999999716,-0.04999999999999716,16.1,16.15,16.1,16.15,225.0,282.0,738.0,405.0,False,False
2890,2022-10-31 09:47:18.054759,-0.003095975232197956,-0.003095975232197956,-0.04999999999999716,-0.04999999999999716,16.1,16.15,16.1,16.15,236.0,282.0,738.0,405.0,False,False
2890,2022-10-31 09:47:18.852655,-0.003095975232197956,-0.003095975232197956,-0.04999999999999716,-0.04999999999999716,16.1,16.15,16.1,16.15,236.0,267.0,738.0,405.0,False,False
2890,2022-10-31 09:47:19.852979,-0.003095975232197956,-0.003095975232197956,-0.04999999999999716,-0.04999999999999716,16.1,16.15,16.1,16.15,236.0,267.0,738.0,405.0,False,False
2890,2022-10-31 09:47:19.853195,-0.003095975232197956,-0.003095975232197956,-0.04999999999999716,-0.04999999999999716,16.1,16.15,16.1,16.15,236.0,267.0,738.0,405.0,False,False
2890,2022-10-31 09:47:21.503904,-0.003095975232197956,-0.003095975232197956,-0.04999999999999716,-0.04999999999999716,16.1,16.15,16.1,16.15,238.0,267.0,738.0,405.0,False,False
2890,2022-10-31 09:47:21.858112,-0.003095975232197956,-0.003095975232197956,-0.04999999999999716,-0.04999999999999716,16.1,16.15,16.1,16.15,262.0,267.0,738.0,405.0,False,False
2890,2022-10-31 09:47:22.729002,-0.003095975232197956,-0.003095975232197956,-0.04999999999999716,-0.04999999999999716,16.1,16.15,16.1,16.15,262.0,271.0,738.0,405.0,False,False
2890,2022-10-31 09:47:23.180764,-0.003095975232197956,-0.003095975232197956,-0.04999999999999716,-0.04999999999999716,16.1,16.15,16.1,16.15,262.0,271.0,738.0,405.0,False,False
2890,2022-10-31 09:47:23.794945,-0.003095975232197956,-0.003095975232197956,-0.04999999999999716,-0.04999999999999716,16.1,16.15,16.1,16.15,262.0,271.0,738.0,405.0,False,False
2890,2022-10-31 09:47:23.928263,-0.003095975232197956,-0.003095975232197956,-0.04999999999999716,-0.04999999999999716,16.1,16.15,16.1,16.15,272.0,271.0,738.0,405.0,False,False
2890,2022-10-31 09:47:24.674607,-0.003095975232197956,-0.003095975232197956,-0.04999999999999716,-0.04999999999999716,16.1,16.15,16.1,16.15,272.0,403.0,738.0,405.0,False,False
2890,2022-10-31 09:47:24.705302,-0.003095975232197956,-0.003095975232197956,-0.04999999999999716,-0.04999999999999716,16.1,16.15,16.1,16.15,272.0,404.0,738.0,405.0,False,False
2890,2022-10-31 09:47:26.546527,-0.003095975232197956,-0.003095975232197956,-0.04999999999999716,-0.04999999999999716,16.1,16.15,16.1,16.15,272.0,404.0,900.0,359.0,True,True
2890,2022-10-31 09:47:29.170009,-0.003095975232197956,-0.003095975232197956,-0.04999999999999716,-0.04999999999999716,16.1,16.15,16.1,16.15,304.0,404.0,900.0,359.0,False,False
2890,2022-10-31 09:47:29.970090,-0.003095975232197956,-0.003095975232197956,-0.04999999999999716,-0.04999999999999716,16.1,16.15,16.1,16.15,304.0,394.0,900.0,359.0,False,False
2890,2022-10-31 09:47:30.868656,-0.003095975232197956,-0.003095975232197956,-0.04999999999999716,-0.04999999999999716,16.1,16.15,16.1,16.15,304.0,396.0,900.0,359.0,False,False
2890,2022-10-31 09:47:31.688232,-0.003095975232197956,-0.003095975232197956,-0.04999999999999716,-0.04999999999999716,16.1,16.15,16.1,16.15,305.0,396.0,900.0,359.0,False,False
2890,2022-10-31 09:47:35.868997,-0.003095975232197956,-0.003095975232197956,-0.04999999999999716,-0.04999999999999716,16.1,16.15,16.1,16.15,305.0,392.0,900.0,359.0,False,False
2890,2022-10-31 09:47:35.869306,-0.003095975232197956,-0.003095975232197956,-0.04999999999999716,-0.04999999999999716,16.1,16.15,16.1,16.15,315.0,392.0,900.0,359.0,False,False
2890,2022-10-31 09:47:36.571594,-0.003095975232197956,-0.003095975232197956,-0.04999999999999716,-0.04999999999999716,16.1,16.15,16.1,16.15,315.0,392.0,910.0,289.0,True,True
2890,2022-10-31 09:47:36.722314,-0.003095975232197956,-0.003095975232197956,-0.04999999999999716,-0.04999999999999716,16.1,16.15,16.1,16.15,315.0,393.0,910.0,289.0,False,False
2890,2022-10-31 09:47:39.489618,-0.003095975232197956,-0.003095975232197956,-0.04999999999999716,-0.04999999999999716,16.1,16.15,16.1,16.15,316.0,393.0,910.0,289.0,False,False
2890,2022-10-31 09:47:39.582769,-0.003095975232197956,-0.003095975232197956,-0.04999999999999716,-0.04999999999999716,16.1,16.15,16.1,16.15,316.0,398.0,910.0,289.0,False,False
2890,2022-10-31 09:47:41.755145,-0.003095975232197956,-0.003095975232197956,-0.04999999999999716,-0.04999999999999716,16.1,16.15,16.1,16.15,316.0,396.0,910.0,289.0,False,False
2890,2022-10-31 09:47:45.167507,-0.003095975232197956,-0.003095975232197956,-0.04999999999999716,-0.04999999999999716,16.1,16.15,16.1,16.15,316.0,368.0,910.0,289.0,False,False
2890,2022-10-31 09:47:45.238320,-0.003095975232197956,-0.003095975232197956,-0.04999999999999716,-0.04999999999999716,16.1,16.15,16.1,16.15,316.0,236.0,910.0,289.0,False,False
2890,2022-10-31 09:47:45.317994,-0.003095975232197956,-0.003095975232197956,-0.04999999999999716,-0.04999999999999716,16.1,16.15,16.1,16.15,324.0,236.0,910.0,289.0,False,False
2890,2022-10-31 09:47:45.416598,-0.003095975232197956,-0.003095975232197956,-0.04999999999999716,-0.04999999999999716,16.1,16.15,16.1,16.15,361.0,236.0,910.0,289.0,False,False
2890,2022-10-31 09:47:45.478283,-0.003095975232197956,-0.003095975232197956,-0.04999999999999716,-0.04999999999999716,16.1,16.15,16.1,16.15,361.0,236.0,910.0,289.0,False,False
2890,2022-10-31 09:47:45.932942,-0.003095975232197956,-0.003095975232197956,-0.04999999999999716,-0.04999999999999716,16.1,16.15,16.1,16.15,361.0,236.0,910.0,289.0,False,False
2890,2022-10-31 09:47:46.667998,-0.003095975232197956,-0.003095975232197956,-0.04999999999999716,-0.04999999999999716,16.1,16.15,16.1,16.15,361.0,236.0,910.0,289.0,False,False
2890,2022-10-31 09:47:47.180108,-0.003095975232197956,-0.003095975232197956,-0.04999999999999716,-0.04999999999999716,16.1,16.15,16.1,16.15,378.0,236.0,910.0,289.0,False,False
2890,2022-10-31 09:47:47.203810,-0.006172839506172756,-0.003095975232197956,-0.09999999999999787,-0.04999999999999716,16.1,16.2,16.1,16.15,378.0,471.0,910.0,289.0,False,False
2890,2022-10-31 09:47:47.226184,-0.006172839506172756,-0.003095975232197956,-0.09999999999999787,-0.04999999999999716,16.1,16.2,16.1,16.15,378.0,452.0,910.0,289.0,False,False
2890,2022-10-31 09:47:47.332310,-0.006172839506172756,-0.003095975232197956,-0.09999999999999787,-0.04999999999999716,16.1,16.2,16.1,16.15,378.0,543.0,910.0,289.0,False,False
2890,2022-10-31 09:47:48.341072,-0.006172839506172756,-0.003095975232197956,-0.09999999999999787,-0.04999999999999716,16.1,16.2,16.1,16.15,378.0,502.0,910.0,289.0,False,False
2890,2022-10-31 09:47:48.380597,-0.006172839506172756,-0.003095975232197956,-0.09999999999999787,-0.04999999999999716,16.1,16.2,16.1,16.15,378.0,502.0,910.0,289.0,False,False
2890,2022-10-31 09:47:50.307877,-0.006172839506172756,-0.003095975232197956,-0.09999999999999787,-0.04999999999999716,16.1,16.2,16.1,16.15,380.0,502.0,910.0,289.0,False,False
2890,2022-10-31 09:47:51.072697,-0.006172839506172756,-0.003095975232197956,-0.09999999999999787,-0.04999999999999716,16.1,16.2,16.1,16.15,380.0,503.0,910.0,289.0,False,False
2890,2022-10-31 09:47:52.154014,-0.006172839506172756,-0.003095975232197956,-0.09999999999999787,-0.04999999999999716,16.1,16.2,16.1,16.15,380.0,503.0,910.0,289.0,False,False
2890,2022-10-31 09:47:52.280526,-0.006172839506172756,-0.003095975232197956,-0.09999999999999787,-0.04999999999999716,16.1,16.2,16.1,16.15,380.0,502.0,910.0,289.0,False,False
2890,2022-10-31 09:47:56.316042,-0.006172839506172756,-0.003095975232197956,-0.09999999999999787,-0.04999999999999716,16.1,16.2,16.1,16.15,380.0,502.0,910.0,289.0,False,False
2890,2022-10-31 09:47:56.636918,-0.006172839506172756,-0.003095975232197956,-0.09999999999999787,-0.04999999999999716,16.1,16.2,16.1,16.15,380.0,502.0,910.0,289.0,True,True
2890,2022-10-31 09:47:59.193587,-0.006172839506172756,-0.003095975232197956,-0.09999999999999787,-0.04999999999999716,16.1,16.2,16.1,16.15,380.0,500.0,910.0,289.0,False,False
2890,2022-10-31 09:47:59.221329,-0.006172839506172756,-0.003095975232197956,-0.09999999999999787,-0.04999999999999716,16.1,16.2,16.1,16.15,403.0,500.0,910.0,289.0,False,False
2890,2022-10-31 09:48:05.479900,-0.006172839506172756,0.0,-0.09999999999999787,0.0,16.15,16.2,16.1,16.15,1.0,500.0,910.0,289.0,False,False
2890,2022-10-31 09:48:05.542224,-0.006172839506172756,0.0,-0.09999999999999787,0.0,16.15,16.2,16.1,16.15,2.0,500.0,910.0,289.0,False,False
2890,2022-10-31 09:48:05.593361,-0.006172839506172756,-0.003095975232197956,-0.09999999999999787,-0.04999999999999716,16.1,16.2,16.1,16.15,391.0,500.0,910.0,289.0,False,False
2890,2022-10-31 09:48:05.676896,-0.006172839506172756,0.0,-0.09999999999999787,0.0,16.15,16.2,16.1,16.15,7.0,500.0,910.0,289.0,False,False
2890,2022-10-31 09:48:05.715187,-0.006172839506172756,0.0,-0.09999999999999787,0.0,16.15,16.2,16.1,16.15,44.0,500.0,910.0,289.0,False,False
2890,2022-10-31 09:48:05.984647,-0.006172839506172756,0.0,-0.09999999999999787,0.0,16.15,16.2,16.1,16.15,44.0,500.0,910.0,289.0,False,False
2890,2022-10-31 09:48:06.063191,-0.006172839506172756,0.0,-0.09999999999999787,0.0,16.15,16.2,16.1,16.15,165.0,500.0,910.0,289.0,False,False
2890,2022-10-31 09:48:06.669081,-0.006172839506172756,0.0,-0.09999999999999787,0.0,16.15,16.2,16.1,16.15,165.0,500.0,1230.0,282.0,True,True
2890,2022-10-31 09:48:06.784202,-0.006172839506172756,0.0,-0.09999999999999787,0.0,16.15,16.2,16.1,16.15,165.0,500.0,1230.0,282.0,False,False
2890,2022-10-31 09:48:06.784269,-0.006172839506172756,0.0,-0.09999999999999787,0.0,16.15,16.2,16.1,16.15,165.0,500.0,1230.0,282.0,False,False
2890,2022-10-31 09:48:06.873851,-0.006172839506172756,0.0,-0.09999999999999787,0.0,16.15,16.2,16.1,16.15,175.0,500.0,1230.0,282.0,False,False
2890,2022-10-31 09:48:08.285161,-0.006172839506172756,0.0,-0.09999999999999787,0.0,16.15,16.2,16.1,16.15,199.0,500.0,1230.0,282.0,False,False
2890,2022-10-31 09:48:08.437339,-0.006172839506172756,0.0,-0.09999999999999787,0.0,16.15,16.2,16.1,16.15,199.0,500.0,1230.0,282.0,False,False
2890,2022-10-31 09:48:08.999408,-0.006172839506172756,0.0,-0.09999999999999787,0.0,16.15,16.2,16.1,16.15,199.0,508.0,1230.0,282.0,False,False
2890,2022-10-31 09:48:10.157155,-0.006172839506172756,0.0,-0.09999999999999787,0.0,16.15,16.2,16.1,16.15,199.0,508.0,1230.0,282.0,False,False
2890,2022-10-31 09:48:11.997452,-0.006172839506172756,0.0,-0.09999999999999787,0.0,16.15,16.2,16.1,16.15,199.0,508.0,1230.0,282.0,False,False
2890,2022-10-31 09:48:20.204277,-0.006172839506172756,0.0,-0.09999999999999787,0.0,16.15,16.2,16.1,16.15,199.0,508.0,1230.0,282.0,False,False
2890,2022-10-31 09:48:21.548857,-0.006172839506172756,0.0,-0.09999999999999787,0.0,16.15,16.2,16.1,16.15,199.0,508.0,1230.0,282.0,False,False
2890,2022-10-31 09:48:21.646964,-0.006172839506172756,0.0,-0.09999999999999787,0.0,16.15,16.2,16.1,16.15,199.0,508.0,1230.0,282.0,False,False
2890,2022-10-31 09:48:23.408220,-0.006172839506172756,0.0,-0.09999999999999787,0.0,16.15,16.2,16.1,16.15,199.0,508.0,1230.0,282.0,False,False
2890,2022-10-31 09:48:25.126228,-0.006172839506172756,0.0,-0.09999999999999787,0.0,16.15,16.2,16.1,16.15,199.0,508.0,1230.0,282.0,False,False
2890,2022-10-31 09:48:26.725238,-0.006172839506172756,0.0,-0.09999999999999787,0.0,16.15,16.2,16.1,16.15,199.0,508.0,1230.0,282.0,True,True
2890,2022-10-31 09:48:28.334288,-0.006172839506172756,0.0,-0.09999999999999787,0.0,16.15,16.2,16.1,16.15,199.0,508.0,1230.0,282.0,False,False
2890,2022-10-31 09:48:28.877807,-0.006172839506172756,0.0,-0.09999999999999787,0.0,16.15,16.2,16.1,16.15,199.0,508.0,1230.0,282.0,False,False
2890,2022-10-31 09:48:30.460118,-0.006172839506172756,0.0,-0.09999999999999787,0.0,16.15,16.2,16.1,16.15,204.0,508.0,1230.0,282.0,False,False
2890,2022-10-31 09:48:31.281346,-0.006172839506172756,0.0,-0.09999999999999787,0.0,16.15,16.2,16.1,16.15,204.0,508.0,1230.0,282.0,False,False
2890,2022-10-31 09:48:31.288895,-0.006172839506172756,0.0,-0.09999999999999787,0.0,16.15,16.2,16.1,16.15,204.0,508.0,1230.0,282.0,False,False
2890,2022-10-31 09:48:33.943156,-0.006172839506172756,0.0,-0.09999999999999787,0.0,16.15,16.2,16.1,16.15,204.0,498.0,1230.0,282.0,False,False
2890,2022-10-31 09:48:36.806189,-0.006172839506172756,0.0,-0.09999999999999787,0.0,16.15,16.2,16.1,16.15,205.0,498.0,1230.0,282.0,False,False
2890,2022-10-31 09:48:42.670202,-0.006172839506172756,0.0,-0.09999999999999787,0.0,16.15,16.2,16.1,16.15,205.0,498.0,1230.0,282.0,False,False
2890,2022-10-31 09:48:45.415878,-0.006172839506172756,0.0,-0.09999999999999787,0.0,16.15,16.2,16.1,16.15,168.0,498.0,1230.0,282.0,False,False
2890,2022-10-31 09:48:53.580185,-0.006172839506172756,0.0,-0.09999999999999787,0.0,16.15,16.2,16.1,16.15,168.0,499.0,1230.0,282.0,False,False
2890,2022-10-31 09:48:56.819719,-0.006172839506172756,0.0,-0.09999999999999787,0.0,16.15,16.2,16.1,16.15,168.0,499.0,1230.0,145.0,True,True
2890,2022-10-31 09:48:58.277950,-0.006172839506172756,0.0,-0.09999999999999787,0.0,16.15,16.2,16.1,16.15,168.0,501.0,1230.0,145.0,False,False
2890,2022-10-31 09:49:06.449669,-0.006172839506172756,0.0,-0.09999999999999787,0.0,16.15,16.2,16.1,16.15,168.0,501.0,1230.0,145.0,False,True
2890,2022-10-31 09:49:10.870387,-0.006172839506172756,0.0,-0.09999999999999787,0.0,16.15,16.2,16.1,16.15,168.0,501.0,1230.0,145.0,False,False
2890,2022-10-31 09:49:11.214423,-0.006172839506172756,0.0,-0.09999999999999787,0.0,16.15,16.2,16.1,16.15,198.0,501.0,1230.0,145.0,False,False
2890,2022-10-31 09:49:11.630205,-0.006172839506172756,0.0,-0.09999999999999787,0.0,16.15,16.2,16.1,16.15,198.0,501.0,1230.0,145.0,False,False
2890,2022-10-31 09:49:16.478923,-0.006172839506172756,0.0,-0.09999999999999787,0.0,16.15,16.2,16.1,16.15,198.0,501.0,1230.0,145.0,True,True
2890,2022-10-31 09:49:18.524325,-0.006172839506172756,0.0,-0.09999999999999787,0.0,16.15,16.2,16.1,16.15,198.0,501.0,1230.0,145.0,False,False
2890,2022-10-31 09:49:19.927098,-0.006172839506172756,0.0,-0.09999999999999787,0.0,16.15,16.2,16.1,16.15,198.0,501.0,1230.0,145.0,False,False
2890,2022-10-31 09:49:23.516937,-0.006172839506172756,0.0,-0.09999999999999787,0.0,16.15,16.2,16.1,16.15,198.0,501.0,1230.0,145.0,False,False
2890,2022-10-31 09:49:24.173342,-0.006172839506172756,0.0,-0.09999999999999787,0.0,16.15,16.2,16.1,16.15,198.0,501.0,1230.0,145.0,False,False
2890,2022-10-31 09:49:25.426153,-0.006172839506172756,0.0,-0.09999999999999787,0.0,16.15,16.2,16.1,16.15,199.0,501.0,1230.0,145.0,False,False
2890,2022-10-31 09:49:26.340862,-0.006172839506172756,0.0,-0.09999999999999787,0.0,16.15,16.2,16.1,16.15,199.0,503.0,1230.0,145.0,False,False
2890,2022-10-31 09:49:31.543887,-0.006172839506172756,0.0,-0.09999999999999787,0.0,16.15,16.2,16.1,16.15,199.0,503.0,1230.0,145.0,False,False
2890,2022-10-31 09:49:34.541899,-0.006172839506172756,0.0,-0.09999999999999787,0.0,16.15,16.2,16.1,16.15,199.0,503.0,1230.0,145.0,False,False
2890,2022-10-31 09:49:35.681541,-0.006172839506172756,0.0,-0.09999999999999787,0.0,16.15,16.2,16.1,16.15,199.0,531.0,1230.0,145.0,False,False
2890,2022-10-31 09:49:36.538004,-0.006172839506172756,0.0,-0.09999999999999787,0.0,16.15,16.2,16.1,16.15,199.0,531.0,1230.0,145.0,True,True
2890,2022-10-31 09:49:36.929646,-0.006172839506172756,0.0,-0.09999999999999787,0.0,16.15,16.2,16.1,16.15,199.0,521.0,1230.0,145.0,False,False
2890,2022-10-31 09:49:37.195365,-0.006172839506172756,0.0,-0.09999999999999787,0.0,16.15,16.2,16.1,16.15,199.0,521.0,1230.0,145.0,False,False
2890,2022-10-31 09:49:37.666270,-0.006172839506172756,0.0,-0.09999999999999787,0.0,16.15,16.2,16.1,16.15,199.0,522.0,1230.0,145.0,False,False
2890,2022-10-31 09:49:46.572283,-0.006172839506172756,0.0,-0.09999999999999787,0.0,16.15,16.2,16.1,16.15,199.0,522.0,1230.0,115.0,True,True
2890,2022-10-31 09:49:47.158068,-0.006172839506172756,0.0,-0.09999999999999787,0.0,16.15,16.2,16.1,16.15,199.0,522.0,1230.0,115.0,False,False
2890,2022-10-31 09:49:48.235746,-0.006172839506172756,0.0,-0.09999999999999787,0.0,16.15,16.2,16.1,16.15,204.0,522.0,1230.0,115.0,False,False
2890,2022-10-31 09:49:51.604691,-0.006172839506172756,0.0,-0.09999999999999787,0.0,16.15,16.2,16.1,16.15,204.0,522.0,1230.0,115.0,False,False
2890,2022-10-31 09:49:58.176698,-0.006172839506172756,0.0,-0.09999999999999787,0.0,16.15,16.2,16.1,16.15,204.0,522.0,1230.0,115.0,False,False
2890,2022-10-31 09:50:02.691286,-0.006172839506172756,0.0,-0.09999999999999787,0.0,16.15,16.2,16.1,16.15,204.0,522.0,1230.0,115.0,False,False
2890,2022-10-31 09:50:04.423600,-0.006172839506172756,0.0,-0.09999999999999787,0.0,16.15,16.2,16.1,16.15,214.0,522.0,1230.0,115.0,False,False
2890,2022-10-31 09:50:06.700052,-0.006172839506172756,0.0,-0.09999999999999787,0.0,16.15,16.2,16.1,16.15,214.0,522.0,1230.0,145.0,True,True
2890,2022-10-31 09:50:07.506625,-0.006172839506172756,0.0,-0.09999999999999787,0.0,16.15,16.2,16.1,16.15,214.0,522.0,1230.0,145.0,False,False
2890,2022-10-31 09:50:10.321705,-0.006172839506172756,0.0,-0.09999999999999787,0.0,16.15,16.2,16.1,16.15,214.0,522.0,1230.0,145.0,False,False
2890,2022-10-31 09:50:11.542874,-0.006172839506172756,0.0,-0.09999999999999787,0.0,16.15,16.2,16.1,16.15,214.0,524.0,1230.0,145.0,False,False
2890,2022-10-31 09:50:15.708816,-0.006172839506172756,0.0,-0.09999999999999787,0.0,16.15,16.2,16.1,16.15,214.0,524.0,1230.0,145.0,False,False
2890,2022-10-31 09:50:15.853871,-0.006172839506172756,0.0,-0.09999999999999787,0.0,16.15,16.2,16.1,16.15,214.0,524.0,1230.0,145.0,False,False
2890,2022-10-31 09:50:16.784128,-0.006172839506172756,0.0,-0.09999999999999787,0.0,16.15,16.2,16.1,16.15,214.0,524.0,1230.0,145.0,True,True
2890,2022-10-31 09:50:18.416561,-0.006172839506172756,0.0,-0.09999999999999787,0.0,16.15,16.2,16.1,16.15,214.0,524.0,1230.0,145.0,False,False
2890,2022-10-31 09:50:19.417534,-0.006172839506172756,0.0,-0.09999999999999787,0.0,16.15,16.2,16.1,16.15,214.0,524.0,1230.0,145.0,False,False
2890,2022-10-31 09:50:19.746977,-0.006172839506172756,0.0,-0.09999999999999787,0.0,16.15,16.2,16.1,16.15,214.0,524.0,1230.0,145.0,False,False
2890,2022-10-31 09:50:19.749763,-0.006172839506172756,0.0,-0.09999999999999787,0.0,16.15,16.2,16.1,16.15,216.0,524.0,1230.0,145.0,False,False
2890,2022-10-31 09:50:20.336052,-0.006172839506172756,0.0,-0.09999999999999787,0.0,16.15,16.2,16.1,16.15,216.0,533.0,1230.0,145.0,False,False
2890,2022-10-31 09:50:20.337510,-0.006172839506172756,0.0,-0.09999999999999787,0.0,16.15,16.2,16.1,16.15,216.0,533.0,1230.0,145.0,False,False
2890,2022-10-31 09:50:30.402588,-0.006172839506172756,0.0,-0.09999999999999787,0.0,16.15,16.2,16.1,16.15,218.0,533.0,1230.0,145.0,False,False
2890,2022-10-31 09:50:32.494220,-0.006172839506172756,0.0,-0.09999999999999787,0.0,16.15,16.2,16.1,16.15,218.0,533.0,1230.0,145.0,False,False
2890,2022-10-31 09:50:32.798978,-0.006172839506172756,0.0,-0.09999999999999787,0.0,16.15,16.2,16.1,16.15,218.0,534.0,1230.0,145.0,False,False
2890,2022-10-31 09:50:41.061419,-0.006172839506172756,0.0,-0.09999999999999787,0.0,16.15,16.2,16.1,16.15,218.0,524.0,1230.0,145.0,False,False
2890,2022-10-31 09:50:45.634183,-0.006172839506172756,0.0,-0.09999999999999787,0.0,16.15,16.2,16.1,16.15,218.0,524.0,1230.0,145.0,False,False
2890,2022-10-31 09:50:46.804890,-0.006172839506172756,0.0,-0.09999999999999787,0.0,16.15,16.2,16.1,16.15,218.0,524.0,1230.0,145.0,False,False
2890,2022-10-31 09:50:55.136046,-0.006172839506172756,0.0,-0.09999999999999787,0.0,16.15,16.2,16.1,16.15,218.0,554.0,1230.0,145.0,False,False
2890,2022-10-31 09:51:01.169798,-0.006172839506172756,0.0,-0.09999999999999787,0.0,16.15,16.2,16.1,16.15,218.0,550.0,1230.0,145.0,False,False
2890,2022-10-31 09:51:04.215459,-0.006172839506172756,0.0,-0.09999999999999787,0.0,16.15,16.2,16.1,16.15,218.0,550.0,1230.0,145.0,False,False
2890,2022-10-31 09:51:10.888920,-0.006172839506172756,0.0,-0.09999999999999787,0.0,16.15,16.2,16.1,16.15,218.0,550.0,1230.0,145.0,False,False
2890,2022-10-31 09:51:15.075132,-0.006172839506172756,0.0,-0.09999999999999787,0.0,16.15,16.2,16.1,16.15,262.0,550.0,1230.0,145.0,False,False
2890,2022-10-31 09:51:16.903071,-0.006172839506172756,0.0,-0.09999999999999787,0.0,16.15,16.2,16.1,16.15,262.0,550.0,1230.0,145.0,False,False
2890,2022-10-31 09:51:17.069579,-0.0030864197530864335,-0.0030864197530864335,-0.05000000000000071,-0.05000000000000071,16.15,16.2,16.15,16.2,262.0,550.0,335.0,2437.0,True,True
2890,2022-10-31 09:51:20.557450,-0.0030864197530864335,-0.0030864197530864335,-0.05000000000000071,-0.05000000000000071,16.15,16.2,16.15,16.2,262.0,550.0,335.0,2437.0,False,False
2890,2022-10-31 09:51:26.221726,-0.0030864197530864335,-0.0030864197530864335,-0.05000000000000071,-0.05000000000000071,16.15,16.2,16.15,16.2,262.0,550.0,335.0,2437.0,False,False
2890,2022-10-31 09:51:27.132108,-0.0030864197530864335,-0.0030864197530864335,-0.05000000000000071,-0.05000000000000071,16.15,16.2,16.15,16.2,262.0,550.0,340.0,2437.0,True,True
2890,2022-10-31 09:51:34.848101,-0.0030864197530864335,-0.0030864197530864335,-0.05000000000000071,-0.05000000000000071,16.15,16.2,16.15,16.2,262.0,551.0,340.0,2437.0,False,False
2890,2022-10-31 09:51:37.170999,-0.0030864197530864335,-0.0030864197530864335,-0.05000000000000071,-0.05000000000000071,16.15,16.2,16.15,16.2,262.0,551.0,540.0,2437.0,True,True
2890,2022-10-31 09:51:44.142871,-0.0030864197530864335,-0.0030864197530864335,-0.05000000000000071,-0.05000000000000071,16.15,16.2,16.15,16.2,262.0,541.0,540.0,2437.0,False,False
2890,2022-10-31 09:51:45.875099,-0.0030864197530864335,-0.0030864197530864335,-0.05000000000000071,-0.05000000000000071,16.15,16.2,16.15,16.2,262.0,540.0,540.0,2437.0,False,False
2890,2022-10-31 09:51:47.208157,-0.0030864197530864335,-0.0030864197530864335,-0.05000000000000071,-0.05000000000000071,16.15,16.2,16.15,16.2,262.0,540.0,640.0,2437.0,True,True
2890,2022-10-31 09:51:49.839435,-0.0030864197530864335,-0.0030864197530864335,-0.05000000000000071,-0.05000000000000071,16.15,16.2,16.15,16.2,262.0,390.0,640.0,2437.0,False,False
2890,2022-10-31 09:51:49.857511,-0.0030864197530864335,-0.0030864197530864335,-0.05000000000000071,-0.05000000000000071,16.15,16.2,16.15,16.2,262.0,390.0,640.0,2437.0,False,False
2890,2022-10-31 09:51:49.875820,-0.0030864197530864335,-0.0030864197530864335,-0.05000000000000071,-0.05000000000000071,16.15,16.2,16.15,16.2,287.0,390.0,640.0,2437.0,False,False
2890,2022-10-31 09:51:51.157868,-0.0030864197530864335,-0.0030864197530864335,-0.05000000000000071,-0.05000000000000071,16.15,16.2,16.15,16.2,287.0,369.0,640.0,2437.0,False,False
2890,2022-10-31 09:51:51.344194,-0.0030864197530864335,-0.0030864197530864335,-0.05000000000000071,-0.05000000000000071,16.15,16.2,16.15,16.2,287.0,400.0,640.0,2437.0,False,False
2890,2022-10-31 09:51:56.467979,-0.0030864197530864335,-0.0030864197530864335,-0.05000000000000071,-0.05000000000000071,16.15,16.2,16.15,16.2,287.0,399.0,640.0,2437.0,False,False
2890,2022-10-31 09:51:56.595050,-0.0030864197530864335,-0.0030864197530864335,-0.05000000000000071,-0.05000000000000071,16.15,16.2,16.15,16.2,287.0,399.0,640.0,2437.0,False,False
2890,2022-10-31 09:51:57.247365,-0.0030864197530864335,-0.0030864197530864335,-0.05000000000000071,-0.05000000000000071,16.15,16.2,16.15,16.2,287.0,399.0,660.0,2437.0,True,True
2890,2022-10-31 09:51:59.700602,-0.0030864197530864335,-0.0030864197530864335,-0.05000000000000071,-0.05000000000000071,16.15,16.2,16.15,16.2,287.0,399.0,660.0,2437.0,False,False
2890,2022-10-31 09:52:00.063561,-0.0030864197530864335,-0.0030864197530864335,-0.05000000000000071,-0.05000000000000071,16.15,16.2,16.15,16.2,292.0,399.0,660.0,2437.0,False,False
2890,2022-10-31 09:52:01.566183,-0.0030864197530864335,-0.0030864197530864335,-0.05000000000000071,-0.05000000000000071,16.15,16.2,16.15,16.2,294.0,399.0,660.0,2437.0,False,False
2890,2022-10-31 09:52:01.677160,-0.0030864197530864335,-0.0030864197530864335,-0.05000000000000071,-0.05000000000000071,16.15,16.2,16.15,16.2,294.0,399.0,660.0,2437.0,False,False
2890,2022-10-31 09:52:02.981735,-0.0030864197530864335,-0.0030864197530864335,-0.05000000000000071,-0.05000000000000071,16.15,16.2,16.15,16.2,294.0,405.0,660.0,2437.0,False,False
2890,2022-10-31 09:52:06.483325,-0.0030864197530864335,-0.0030864197530864335,-0.05000000000000071,-0.05000000000000071,16.15,16.2,16.15,16.2,294.0,405.0,660.0,2437.0,False,True
2890,2022-10-31 09:52:06.728486,-0.0030864197530864335,-0.0030864197530864335,-0.05000000000000071,-0.05000000000000071,16.15,16.2,16.15,16.2,294.0,405.0,660.0,2437.0,False,False
2890,2022-10-31 09:52:10.855020,-0.0030864197530864335,-0.0030864197530864335,-0.05000000000000071,-0.05000000000000071,16.15,16.2,16.15,16.2,294.0,403.0,660.0,2437.0,False,False
2890,2022-10-31 09:52:12.367488,-0.0030864197530864335,-0.0030864197530864335,-0.05000000000000071,-0.05000000000000071,16.15,16.2,16.15,16.2,294.0,403.0,660.0,2437.0,False,False
2890,2022-10-31 09:52:12.983007,-0.0030864197530864335,-0.0030864197530864335,-0.05000000000000071,-0.05000000000000071,16.15,16.2,16.15,16.2,294.0,409.0,660.0,2437.0,False,False
2890,2022-10-31 09:52:14.813087,-0.0030864197530864335,-0.0030864197530864335,-0.05000000000000071,-0.05000000000000071,16.15,16.2,16.15,16.2,294.0,409.0,660.0,2437.0,False,False
2890,2022-10-31 09:52:16.523513,-0.0030864197530864335,-0.0030864197530864335,-0.05000000000000071,-0.05000000000000071,16.15,16.2,16.15,16.2,294.0,409.0,660.0,2429.0,True,True
2890,2022-10-31 09:52:17.138020,-0.0030864197530864335,-0.0030864197530864335,-0.05000000000000071,-0.05000000000000071,16.15,16.2,16.15,16.2,294.0,409.0,660.0,2429.0,False,False
2890,2022-10-31 09:52:17.960924,-0.0030864197530864335,-0.0030864197530864335,-0.05000000000000071,-0.05000000000000071,16.15,16.2,16.15,16.2,294.0,410.0,660.0,2429.0,False,False
2890,2022-10-31 09:52:22.187440,-0.0030864197530864335,-0.0030864197530864335,-0.05000000000000071,-0.05000000000000071,16.15,16.2,16.15,16.2,294.0,410.0,660.0,2429.0,False,False
2890,2022-10-31 09:52:22.687019,-0.0030864197530864335,-0.0030864197530864335,-0.05000000000000071,-0.05000000000000071,16.15,16.2,16.15,16.2,301.0,410.0,660.0,2429.0,False,False
2890,2022-10-31 09:52:25.641510,-0.0030864197530864335,-0.0030864197530864335,-0.05000000000000071,-0.05000000000000071,16.15,16.2,16.15,16.2,302.0,410.0,660.0,2429.0,False,False
2890,2022-10-31 09:52:26.192031,-0.0030864197530864335,-0.0030864197530864335,-0.05000000000000071,-0.05000000000000071,16.15,16.2,16.15,16.2,302.0,410.0,660.0,2429.0,False,False
2890,2022-10-31 09:52:27.365927,-0.0030864197530864335,-0.0030864197530864335,-0.05000000000000071,-0.05000000000000071,16.15,16.2,16.15,16.2,302.0,410.0,660.0,2429.0,False,False
2890,2022-10-31 09:52:27.876604,-0.0030864197530864335,-0.0030864197530864335,-0.05000000000000071,-0.05000000000000071,16.15,16.2,16.15,16.2,302.0,411.0,660.0,2429.0,False,False
2890,2022-10-31 09:52:35.117172,-0.0030864197530864335,-0.0030864197530864335,-0.05000000000000071,-0.05000000000000071,16.15,16.2,16.15,16.2,301.0,411.0,660.0,2429.0,False,False
2890,2022-10-31 09:52:35.171632,-0.0030864197530864335,-0.0030864197530864335,-0.05000000000000071,-0.05000000000000071,16.15,16.2,16.15,16.2,197.0,411.0,660.0,2429.0,False,False
2890,2022-10-31 09:52:35.200941,-0.0030864197530864335,-0.0030864197530864335,-0.05000000000000071,-0.05000000000000071,16.15,16.2,16.15,16.2,23.0,411.0,660.0,2429.0,False,False
2890,2022-10-31 09:52:35.236142,-0.0030864197530864335,-0.0030864197530864335,-0.05000000000000071,-0.05000000000000071,16.15,16.2,16.15,16.2,15.0,422.0,660.0,2429.0,False,False
2890,2022-10-31 09:52:35.262920,-0.0030864197530864335,-0.006172839506172756,-0.05000000000000071,-0.09999999999999787,16.1,16.2,16.15,16.2,230.0,422.0,660.0,2429.0,False,False
2890,2022-10-31 09:52:35.322347,-0.0030864197530864335,-0.006172839506172756,-0.05000000000000071,-0.09999999999999787,16.1,16.2,16.15,16.2,230.0,422.0,660.0,2429.0,False,False
2890,2022-10-31 09:52:35.975156,-0.0030864197530864335,-0.006172839506172756,-0.05000000000000071,-0.09999999999999787,16.1,16.2,16.15,16.2,230.0,422.0,660.0,2429.0,False,False
2890,2022-10-31 09:52:35.999658,-0.0030864197530864335,-0.006172839506172756,-0.05000000000000071,-0.09999999999999787,16.1,16.2,16.15,16.2,230.0,422.0,660.0,2429.0,False,False
2890,2022-10-31 09:52:36.325293,-0.0030864197530864335,-0.006172839506172756,-0.05000000000000071,-0.09999999999999787,16.1,16.2,16.15,16.2,230.0,416.0,660.0,2429.0,False,False
2890,2022-10-31 09:52:37.895574,-0.0030864197530864335,-0.006172839506172756,-0.05000000000000071,-0.09999999999999787,16.1,16.2,16.15,16.2,264.0,416.0,660.0,2429.0,False,False
2890,2022-10-31 09:52:38.381353,-0.0030864197530864335,-0.006172839506172756,-0.05000000000000071,-0.09999999999999787,16.1,16.2,16.15,16.2,291.0,416.0,660.0,2429.0,False,False
2890,2022-10-31 09:52:42.929865,-0.0030864197530864335,-0.006172839506172756,-0.05000000000000071,-0.09999999999999787,16.1,16.2,16.15,16.2,291.0,421.0,660.0,2429.0,False,False
2890,2022-10-31 09:52:43.495623,-0.0030864197530864335,-0.006172839506172756,-0.05000000000000071,-0.09999999999999787,16.1,16.2,16.15,16.2,291.0,415.0,660.0,2429.0,False,False
2890,2022-10-31 09:52:43.497337,-0.0030864197530864335,-0.006172839506172756,-0.05000000000000071,-0.09999999999999787,16.1,16.2,16.15,16.2,291.0,407.0,660.0,2429.0,False,False
2890,2022-10-31 09:52:44.063877,-0.0030864197530864335,-0.006172839506172756,-0.05000000000000071,-0.09999999999999787,16.1,16.2,16.15,16.2,290.0,407.0,660.0,2429.0,False,False
2890,2022-10-31 09:52:46.210562,-0.0030864197530864335,-0.006172839506172756,-0.05000000000000071,-0.09999999999999787,16.1,16.2,16.15,16.2,290.0,412.0,660.0,2429.0,False,False
2890,2022-10-31 09:52:46.650174,-0.0030864197530864335,-0.006172839506172756,-0.05000000000000071,-0.09999999999999787,16.1,16.2,16.15,16.2,290.0,412.0,660.0,1579.0,True,True
2890,2022-10-31 09:52:46.720054,-0.0030864197530864335,-0.006172839506172756,-0.05000000000000071,-0.09999999999999787,16.1,16.2,16.15,16.2,290.0,412.0,660.0,1579.0,False,False
2890,2022-10-31 09:52:48.132956,-0.0030864197530864335,-0.006172839506172756,-0.05000000000000071,-0.09999999999999787,16.1,16.2,16.15,16.2,290.0,402.0,660.0,1579.0,False,False
2890,2022-10-31 09:52:56.687375,-0.0030864197530864335,-0.006172839506172756,-0.05000000000000071,-0.09999999999999787,16.1,16.2,16.15,16.2,290.0,402.0,1160.0,1579.0,True,True
2890,2022-10-31 09:53:01.625003,-0.0030864197530864335,-0.006172839506172756,-0.05000000000000071,-0.09999999999999787,16.1,16.2,16.15,16.2,290.0,404.0,1160.0,1579.0,False,False
2890,2022-10-31 09:53:02.516367,-0.0030864197530864335,-0.006172839506172756,-0.05000000000000071,-0.09999999999999787,16.1,16.2,16.15,16.2,290.0,404.0,1160.0,1579.0,False,False
2890,2022-10-31 09:53:06.724361,-0.0030864197530864335,-0.006172839506172756,-0.05000000000000071,-0.09999999999999787,16.1,16.2,16.15,16.2,290.0,404.0,1160.0,1780.0,True,True
2890,2022-10-31 09:53:07.154677,-0.0030864197530864335,-0.006172839506172756,-0.05000000000000071,-0.09999999999999787,16.1,16.2,16.15,16.2,327.0,404.0,1160.0,1780.0,False,False
2890,2022-10-31 09:53:14.073328,-0.0030864197530864335,-0.006172839506172756,-0.05000000000000071,-0.09999999999999787,16.1,16.2,16.15,16.2,328.0,404.0,1160.0,1780.0,False,False
2890,2022-10-31 09:53:16.761450,-0.0030864197530864335,-0.006172839506172756,-0.05000000000000071,-0.09999999999999787,16.1,16.2,16.15,16.2,328.0,404.0,1237.0,2579.0,True,True
2890,2022-10-31 09:53:16.975589,-0.0030864197530864335,-0.006172839506172756,-0.05000000000000071,-0.09999999999999787,16.1,16.2,16.15,16.2,228.0,404.0,1237.0,2579.0,False,False
2890,2022-10-31 09:53:19.022138,-0.0030864197530864335,-0.006172839506172756,-0.05000000000000071,-0.09999999999999787,16.1,16.2,16.15,16.2,228.0,404.0,1237.0,2579.0,False,False
2890,2022-10-31 09:53:23.523561,-0.0030864197530864335,-0.006172839506172756,-0.05000000000000071,-0.09999999999999787,16.1,16.2,16.15,16.2,228.0,405.0,1237.0,2579.0,False,False
2890,2022-10-31 09:53:29.538504,-0.0030864197530864335,-0.006172839506172756,-0.05000000000000071,-0.09999999999999787,16.1,16.2,16.15,16.2,228.0,405.0,1237.0,2579.0,False,False
2890,2022-10-31 09:53:30.333230,-0.0030864197530864335,-0.006172839506172756,-0.05000000000000071,-0.09999999999999787,16.1,16.2,16.15,16.2,228.0,405.0,1237.0,2579.0,False,False
2890,2022-10-31 09:53:31.909761,-0.0030864197530864335,-0.006172839506172756,-0.05000000000000071,-0.09999999999999787,16.1,16.2,16.15,16.2,228.0,406.0,1237.0,2579.0,False,False
2890,2022-10-31 09:53:32.131415,-0.0030864197530864335,-0.006172839506172756,-0.05000000000000071,-0.09999999999999787,16.1,16.2,16.15,16.2,228.0,406.0,1237.0,2579.0,False,False
2890,2022-10-31 09:53:36.245596,-0.0030864197530864335,-0.006172839506172756,-0.05000000000000071,-0.09999999999999787,16.1,16.2,16.15,16.2,228.0,406.0,1237.0,2579.0,False,False
2890,2022-10-31 09:53:36.851001,-0.0030864197530864335,-0.006172839506172756,-0.05000000000000071,-0.09999999999999787,16.1,16.2,16.15,16.2,228.0,406.0,1237.0,2589.0,True,True
2890,2022-10-31 09:53:44.479843,-0.0030864197530864335,-0.0030864197530864335,-0.05000000000000071,-0.05000000000000071,16.15,16.2,16.15,16.2,13.0,406.0,1237.0,2589.0,False,False
2890,2022-10-31 09:53:44.503032,-0.0030864197530864335,-0.0030864197530864335,-0.05000000000000071,-0.05000000000000071,16.15,16.2,16.15,16.2,13.0,395.0,1237.0,2589.0,False,False
2890,2022-10-31 09:53:44.545491,-0.0030864197530864335,-0.006172839506172756,-0.05000000000000071,-0.09999999999999787,16.1,16.2,16.15,16.2,228.0,395.0,1237.0,2589.0,False,False
2890,2022-10-31 09:53:44.658536,-0.0030864197530864335,-0.006172839506172756,-0.05000000000000071,-0.09999999999999787,16.1,16.2,16.15,16.2,228.0,395.0,1237.0,2589.0,False,False
2890,2022-10-31 09:53:46.164103,-0.0030864197530864335,-0.006172839506172756,-0.05000000000000071,-0.09999999999999787,16.1,16.2,16.15,16.2,228.0,367.0,1237.0,2589.0,False,False
2890,2022-10-31 09:53:46.166559,-0.0030864197530864335,-0.006172839506172756,-0.05000000000000071,-0.09999999999999787,16.1,16.2,16.15,16.2,228.0,365.0,1237.0,2589.0,False,False
2890,2022-10-31 09:53:47.032034,-0.0030864197530864335,-0.006172839506172756,-0.05000000000000071,-0.09999999999999787,16.1,16.2,16.15,16.2,228.0,367.0,1237.0,2589.0,False,False
2890,2022-10-31 09:53:48.969748,-0.0030864197530864335,-0.006172839506172756,-0.05000000000000071,-0.09999999999999787,16.1,16.2,16.15,16.2,228.0,397.0,1237.0,2589.0,False,False
2890,2022-10-31 09:53:49.014899,-0.0030864197530864335,-0.006172839506172756,-0.05000000000000071,-0.09999999999999787,16.1,16.2,16.15,16.2,230.0,397.0,1237.0,2589.0,False,False
2890,2022-10-31 09:53:51.179364,-0.0030864197530864335,-0.006172839506172756,-0.05000000000000071,-0.09999999999999787,16.1,16.2,16.15,16.2,230.0,387.0,1237.0,2589.0,False,False
2890,2022-10-31 09:53:51.210292,-0.0030864197530864335,-0.006172839506172756,-0.05000000000000071,-0.09999999999999787,16.1,16.2,16.15,16.2,230.0,398.0,1237.0,2589.0,False,False
2890,2022-10-31 09:53:55.476130,-0.0030864197530864335,-0.006172839506172756,-0.05000000000000071,-0.09999999999999787,16.1,16.2,16.15,16.2,230.0,396.0,1237.0,2589.0,False,False
2890,2022-10-31 09:54:05.069230,-0.0030864197530864335,-0.006172839506172756,-0.05000000000000071,-0.09999999999999787,16.1,16.2,16.15,16.2,230.0,396.0,1237.0,2589.0,False,False
2890,2022-10-31 09:54:05.366840,-0.0030864197530864335,-0.006172839506172756,-0.05000000000000071,-0.09999999999999787,16.1,16.2,16.15,16.2,228.0,396.0,1237.0,2589.0,False,False
2890,2022-10-31 09:54:06.965385,-0.0030864197530864335,-0.006172839506172756,-0.05000000000000071,-0.09999999999999787,16.1,16.2,16.15,16.2,228.0,396.0,1237.0,2689.0,True,True
2890,2022-10-31 09:54:10.423373,-0.0030864197530864335,-0.006172839506172756,-0.05000000000000071,-0.09999999999999787,16.1,16.2,16.15,16.2,231.0,396.0,1237.0,2689.0,False,False
2890,2022-10-31 09:54:11.428058,0.0,-0.006172839506172756,0.0,-0.09999999999999787,16.1,16.15,16.15,16.2,231.0,1.0,1237.0,2689.0,False,False
2890,2022-10-31 09:54:11.456793,-0.0030864197530864335,-0.006172839506172756,-0.05000000000000071,-0.09999999999999787,16.1,16.2,16.15,16.2,208.0,396.0,1237.0,2689.0,False,False
2890,2022-10-31 09:54:11.496300,-0.0030864197530864335,-0.006172839506172756,-0.05000000000000071,-0.09999999999999787,16.1,16.2,16.15,16.2,208.0,396.0,1237.0,2689.0,False,False
2890,2022-10-31 09:54:11.542350,-0.0030864197530864335,-0.0030864197530864335,-0.05000000000000071,-0.05000000000000071,16.15,16.2,16.15,16.2,1.0,384.0,1237.0,2689.0,False,False
2890,2022-10-31 09:54:11.582150,-0.0030864197530864335,-0.006172839506172756,-0.05000000000000071,-0.09999999999999787,16.1,16.2,16.15,16.2,208.0,384.0,1237.0,2689.0,False,False
2890,2022-10-31 09:54:11.632238,-0.0030864197530864335,-0.0030864197530864335,-0.05000000000000071,-0.05000000000000071,16.15,16.2,16.15,16.2,1.0,384.0,1237.0,2689.0,False,False
2890,2022-10-31 09:54:12.365596,-0.0030864197530864335,-0.0030864197530864335,-0.05000000000000071,-0.05000000000000071,16.15,16.2,16.15,16.2,1.0,384.0,1237.0,2689.0,False,False
2890,2022-10-31 09:54:13.317119,-0.0030864197530864335,-0.006172839506172756,-0.05000000000000071,-0.09999999999999787,16.1,16.2,16.15,16.2,174.0,384.0,1237.0,2689.0,False,False
2890,2022-10-31 09:54:13.340048,-0.0030864197530864335,-0.006172839506172756,-0.05000000000000071,-0.09999999999999787,16.1,16.2,16.15,16.2,174.0,384.0,1237.0,2689.0,False,False
2890,2022-10-31 09:54:13.361790,-0.0030864197530864335,-0.006172839506172756,-0.05000000000000071,-0.09999999999999787,16.1,16.2,16.15,16.2,174.0,384.0,1237.0,2689.0,False,False
2890,2022-10-31 09:54:17.002907,-0.0030864197530864335,-0.006172839506172756,-0.05000000000000071,-0.09999999999999787,16.1,16.2,16.15,16.2,174.0,384.0,1237.0,2689.0,True,True
2890,2022-10-31 09:54:22.591680,-0.0030864197530864335,-0.006172839506172756,-0.05000000000000071,-0.09999999999999787,16.1,16.2,16.15,16.2,174.0,384.0,1237.0,2689.0,False,False
2890,2022-10-31 09:54:27.541248,-0.0030864197530864335,-0.006172839506172756,-0.05000000000000071,-0.09999999999999787,16.1,16.2,16.15,16.2,175.0,384.0,1237.0,2689.0,False,False
2890,2022-10-31 09:54:27.578461,-0.0030864197530864335,-0.006172839506172756,-0.05000000000000071,-0.09999999999999787,16.1,16.2,16.15,16.2,175.0,395.0,1237.0,2689.0,False,False
2890,2022-10-31 09:54:31.160546,-0.0030864197530864335,-0.0030864197530864335,-0.05000000000000071,-0.05000000000000071,16.15,16.2,16.15,16.2,30.0,395.0,1237.0,2689.0,False,False
2890,2022-10-31 09:54:31.186655,-0.0030864197530864335,-0.0030864197530864335,-0.05000000000000071,-0.05000000000000071,16.15,16.2,16.15,16.2,30.0,384.0,1237.0,2689.0,False,False
2890,2022-10-31 09:54:31.283391,-0.0030864197530864335,-0.0030864197530864335,-0.05000000000000071,-0.05000000000000071,16.15,16.2,16.15,16.2,32.0,384.0,1237.0,2689.0,False,False
2890,2022-10-31 09:54:31.426059,-0.0030864197530864335,-0.0030864197530864335,-0.05000000000000071,-0.05000000000000071,16.15,16.2,16.15,16.2,75.0,385.0,1237.0,2689.0,False,False
2890,2022-10-31 09:54:31.703185,-0.0030864197530864335,-0.0030864197530864335,-0.05000000000000071,-0.05000000000000071,16.15,16.2,16.15,16.2,75.0,385.0,1237.0,2689.0,False,False
2890,2022-10-31 09:54:34.821868,-0.0030864197530864335,-0.0030864197530864335,-0.05000000000000071,-0.05000000000000071,16.15,16.2,16.15,16.2,75.0,385.0,1237.0,2689.0,False,False
2890,2022-10-31 09:54:34.862407,-0.0030864197530864335,-0.0030864197530864335,-0.05000000000000071,-0.05000000000000071,16.15,16.2,16.15,16.2,75.0,390.0,1237.0,2689.0,False,False
2890,2022-10-31 09:54:39.549094,-0.0030864197530864335,-0.0030864197530864335,-0.05000000000000071,-0.05000000000000071,16.15,16.2,16.15,16.2,75.0,389.0,1237.0,2689.0,False,False
2890,2022-10-31 09:54:41.141949,-0.0030864197530864335,-0.0030864197530864335,-0.05000000000000071,-0.05000000000000071,16.15,16.2,16.15,16.2,75.0,389.0,1237.0,2689.0,False,False
2890,2022-10-31 09:54:41.962920,-0.0030864197530864335,-0.0030864197530864335,-0.05000000000000071,-0.05000000000000071,16.15,16.2,16.15,16.2,77.0,389.0,1237.0,2689.0,False,False
2890,2022-10-31 09:54:47.129069,-0.0030864197530864335,-0.0030864197530864335,-0.05000000000000071,-0.05000000000000071,16.15,16.2,16.15,16.2,77.0,389.0,1237.0,2689.0,True,True
2890,2022-10-31 09:54:51.377346,-0.0030864197530864335,-0.0030864197530864335,-0.05000000000000071,-0.05000000000000071,16.15,16.2,16.15,16.2,77.0,390.0,1237.0,2689.0,False,False
2890,2022-10-31 09:54:52.372038,-0.0030864197530864335,-0.0030864197530864335,-0.05000000000000071,-0.05000000000000071,16.15,16.2,16.15,16.2,78.0,390.0,1237.0,2689.0,False,False
2890,2022-10-31 09:54:54.228275,-0.0030864197530864335,-0.0030864197530864335,-0.05000000000000071,-0.05000000000000071,16.15,16.2,16.15,16.2,78.0,391.0,1237.0,2689.0,False,False
2890,2022-10-31 09:54:54.229641,-0.0030864197530864335,-0.0030864197530864335,-0.05000000000000071,-0.05000000000000071,16.15,16.2,16.15,16.2,78.0,381.0,1237.0,2689.0,False,False
2890,2022-10-31 09:54:56.925915,-0.0030864197530864335,-0.0030864197530864335,-0.05000000000000071,-0.05000000000000071,16.15,16.2,16.15,16.2,80.0,381.0,1237.0,2689.0,False,False
2890,2022-10-31 09:55:01.896116,-0.0030864197530864335,-0.0030864197530864335,-0.05000000000000071,-0.05000000000000071,16.15,16.2,16.15,16.2,81.0,381.0,1237.0,2689.0,False,False
2890,2022-10-31 09:55:03.302197,-0.0030864197530864335,-0.0030864197530864335,-0.05000000000000071,-0.05000000000000071,16.15,16.2,16.15,16.2,82.0,381.0,1237.0,2689.0,False,False
2890,2022-10-31 09:55:04.642824,-0.0030864197530864335,-0.0030864197530864335,-0.05000000000000071,-0.05000000000000071,16.15,16.2,16.15,16.2,82.0,381.0,1237.0,2689.0,False,False
2890,2022-10-31 09:55:06.547694,-0.0030864197530864335,-0.0030864197530864335,-0.05000000000000071,-0.05000000000000071,16.15,16.2,16.15,16.2,82.0,381.0,1237.0,2689.0,False,True
2890,2022-10-31 09:55:07.160845,-0.0030864197530864335,-0.0030864197530864335,-0.05000000000000071,-0.05000000000000071,16.15,16.2,16.15,16.2,82.0,381.0,1237.0,2689.0,False,False
2890,2022-10-31 09:55:16.627513,-0.0030864197530864335,-0.0030864197530864335,-0.05000000000000071,-0.05000000000000071,16.15,16.2,16.15,16.2,82.0,464.0,1237.0,2689.0,False,False
2890,2022-10-31 09:55:17.383442,-0.0030864197530864335,-0.0030864197530864335,-0.05000000000000071,-0.05000000000000071,16.15,16.2,16.15,16.2,83.0,464.0,1237.0,2689.0,False,False
2890,2022-10-31 09:55:19.284823,-0.0030864197530864335,-0.0030864197530864335,-0.05000000000000071,-0.05000000000000071,16.15,16.2,16.15,16.2,83.0,464.0,1237.0,2689.0,False,False
2890,2022-10-31 09:55:19.368598,-0.0030864197530864335,-0.0030864197530864335,-0.05000000000000071,-0.05000000000000071,16.15,16.2,16.15,16.2,83.0,464.0,1237.0,2689.0,False,False
2890,2022-10-31 09:55:19.894256,-0.0030864197530864335,-0.0030864197530864335,-0.05000000000000071,-0.05000000000000071,16.15,16.2,16.15,16.2,83.0,464.0,1237.0,2689.0,False,False
2890,2022-10-31 09:55:19.895384,-0.0030864197530864335,-0.0030864197530864335,-0.05000000000000071,-0.05000000000000071,16.15,16.2,16.15,16.2,83.0,462.0,1237.0,2689.0,False,False
2890,2022-10-31 09:55:20.651911,-0.0030864197530864335,-0.0030864197530864335,-0.05000000000000071,-0.05000000000000071,16.15,16.2,16.15,16.2,83.0,462.0,1237.0,2689.0,False,False
2890,2022-10-31 09:55:22.201894,-0.0030864197530864335,-0.0030864197530864335,-0.05000000000000071,-0.05000000000000071,16.15,16.2,16.15,16.2,83.0,462.0,1237.0,2689.0,False,False
2890,2022-10-31 09:55:22.203702,-0.0030864197530864335,-0.0030864197530864335,-0.05000000000000071,-0.05000000000000071,16.15,16.2,16.15,16.2,85.0,462.0,1237.0,2689.0,False,False
2890,2022-10-31 09:55:23.924032,-0.0030864197530864335,-0.0030864197530864335,-0.05000000000000071,-0.05000000000000071,16.15,16.2,16.15,16.2,86.0,462.0,1237.0,2689.0,False,False
2890,2022-10-31 09:55:24.907773,-0.0030864197530864335,-0.0030864197530864335,-0.05000000000000071,-0.05000000000000071,16.15,16.2,16.15,16.2,86.0,461.0,1237.0,2689.0,False,False
2890,2022-10-31 09:55:25.781633,-0.0030864197530864335,-0.0030864197530864335,-0.05000000000000071,-0.05000000000000071,16.15,16.2,16.15,16.2,148.0,461.0,1237.0,2689.0,False,False
2890,2022-10-31 09:55:26.720471,-0.0030864197530864335,-0.0030864197530864335,-0.05000000000000071,-0.05000000000000071,16.15,16.2,16.15,16.2,185.0,461.0,1237.0,2689.0,False,False
2890,2022-10-31 09:55:26.755387,-0.0030864197530864335,-0.0030864197530864335,-0.05000000000000071,-0.05000000000000071,16.15,16.2,16.15,16.2,123.0,461.0,1237.0,2689.0,False,False
2890,2022-10-31 09:55:31.635721,-0.0030864197530864335,-0.0030864197530864335,-0.05000000000000071,-0.05000000000000071,16.15,16.2,16.15,16.2,123.0,461.0,1237.0,2689.0,False,False
2890,2022-10-31 09:55:37.736269,-0.0030864197530864335,-0.0030864197530864335,-0.05000000000000071,-0.05000000000000071,16.15,16.2,16.15,16.2,123.0,463.0,1237.0,2689.0,False,False
2890,2022-10-31 09:55:40.374714,-0.0030864197530864335,-0.0030864197530864335,-0.05000000000000071,-0.05000000000000071,16.15,16.2,16.15,16.2,123.0,463.0,1237.0,2689.0,False,False
2890,2022-10-31 09:55:42.680462,-0.0030864197530864335,-0.0030864197530864335,-0.05000000000000071,-0.05000000000000071,16.15,16.2,16.15,16.2,123.0,463.0,1237.0,2689.0,False,False
2890,2022-10-31 09:55:42.788102,-0.0030864197530864335,-0.0030864197530864335,-0.05000000000000071,-0.05000000000000071,16.15,16.2,16.15,16.2,123.0,464.0,1237.0,2689.0,False,False
2890,2022-10-31 09:55:44.407420,-0.0030864197530864335,-0.0030864197530864335,-0.05000000000000071,-0.05000000000000071,16.15,16.2,16.15,16.2,123.0,465.0,1237.0,2689.0,False,False
2890,2022-10-31 09:55:48.051760,-0.0030864197530864335,-0.0030864197530864335,-0.05000000000000071,-0.05000000000000071,16.15,16.2,16.15,16.2,123.0,465.0,1237.0,2689.0,False,False
2890,2022-10-31 09:55:48.664919,-0.0030864197530864335,-0.0030864197530864335,-0.05000000000000071,-0.05000000000000071,16.15,16.2,16.15,16.2,123.0,468.0,1237.0,2689.0,False,False
2890,2022-10-31 09:55:50.151191,-0.0030864197530864335,-0.0030864197530864335,-0.05000000000000071,-0.05000000000000071,16.15,16.2,16.15,16.2,123.0,467.0,1237.0,2689.0,False,False
2890,2022-10-31 09:55:50.937927,-0.0030864197530864335,-0.0030864197530864335,-0.05000000000000071,-0.05000000000000071,16.15,16.2,16.15,16.2,123.0,468.0,1237.0,2689.0,False,False
2890,2022-10-31 09:55:55.204519,-0.0030864197530864335,-0.0030864197530864335,-0.05000000000000071,-0.05000000000000071,16.15,16.2,16.15,16.2,123.0,468.0,1237.0,2689.0,False,False
2890,2022-10-31 09:55:56.690397,-0.0030864197530864335,-0.0030864197530864335,-0.05000000000000071,-0.05000000000000071,16.15,16.2,16.15,16.2,185.0,468.0,1237.0,2689.0,False,False
2890,2022-10-31 09:55:56.743195,-0.0030864197530864335,-0.0030864197530864335,-0.05000000000000071,-0.05000000000000071,16.15,16.2,16.15,16.2,185.0,470.0,1237.0,2689.0,False,False
2890,2022-10-31 09:55:56.801261,-0.0030864197530864335,-0.0030864197530864335,-0.05000000000000071,-0.05000000000000071,16.15,16.2,16.15,16.2,185.0,470.0,1237.0,2689.0,True,True
2890,2022-10-31 09:55:57.637525,-0.0030864197530864335,-0.0030864197530864335,-0.05000000000000071,-0.05000000000000071,16.15,16.2,16.15,16.2,123.0,470.0,1237.0,2689.0,False,False
2890,2022-10-31 09:55:58.037403,-0.0030864197530864335,-0.0030864197530864335,-0.05000000000000071,-0.05000000000000071,16.15,16.2,16.15,16.2,123.0,460.0,1237.0,2689.0,False,False
2890,2022-10-31 09:56:00.459270,-0.0030864197530864335,-0.0030864197530864335,-0.05000000000000071,-0.05000000000000071,16.15,16.2,16.15,16.2,123.0,459.0,1237.0,2689.0,False,False
2890,2022-10-31 09:56:01.270399,-0.0030864197530864335,-0.0030864197530864335,-0.05000000000000071,-0.05000000000000071,16.15,16.2,16.15,16.2,129.0,459.0,1237.0,2689.0,False,False
2890,2022-10-31 09:56:01.270767,-0.0030864197530864335,-0.0030864197530864335,-0.05000000000000071,-0.05000000000000071,16.15,16.2,16.15,16.2,129.0,454.0,1237.0,2689.0,False,False
2890,2022-10-31 09:56:02.500974,-0.0030864197530864335,-0.0030864197530864335,-0.05000000000000071,-0.05000000000000071,16.15,16.2,16.15,16.2,129.0,454.0,1237.0,2689.0,False,False
2890,2022-10-31 09:56:02.706031,-0.0030864197530864335,-0.0030864197530864335,-0.05000000000000071,-0.05000000000000071,16.15,16.2,16.15,16.2,191.0,454.0,1237.0,2689.0,False,False
2890,2022-10-31 09:56:03.185230,-0.0030864197530864335,-0.0030864197530864335,-0.05000000000000071,-0.05000000000000071,16.15,16.2,16.15,16.2,215.0,454.0,1237.0,2689.0,False,False
2890,2022-10-31 09:56:03.636032,-0.0030864197530864335,-0.0030864197530864335,-0.05000000000000071,-0.05000000000000071,16.15,16.2,16.15,16.2,153.0,454.0,1237.0,2689.0,False,False
2890,2022-10-31 09:56:06.658845,-0.0030864197530864335,-0.0030864197530864335,-0.05000000000000071,-0.05000000000000071,16.15,16.2,16.15,16.2,153.0,454.0,1237.0,2689.0,False,False
2890,2022-10-31 09:56:12.727546,-0.0030864197530864335,-0.0030864197530864335,-0.05000000000000071,-0.05000000000000071,16.15,16.2,16.15,16.2,153.0,454.0,1237.0,2689.0,False,False
2890,2022-10-31 09:56:13.040819,-0.0030864197530864335,-0.0030864197530864335,-0.05000000000000071,-0.05000000000000071,16.15,16.2,16.15,16.2,153.0,454.0,1237.0,2689.0,False,False
2890,2022-10-31 09:56:13.731882,-0.0030864197530864335,-0.0030864197530864335,-0.05000000000000071,-0.05000000000000071,16.15,16.2,16.15,16.2,163.0,454.0,1237.0,2689.0,False,False
2890,2022-10-31 09:56:17.968538,-0.0030864197530864335,-0.0030864197530864335,-0.05000000000000071,-0.05000000000000071,16.15,16.2,16.15,16.2,163.0,454.0,1237.0,2689.0,False,False
2890,2022-10-31 09:56:25.523779,-0.0030864197530864335,-0.0030864197530864335,-0.05000000000000071,-0.05000000000000071,16.15,16.2,16.15,16.2,164.0,454.0,1237.0,2689.0,False,False
2890,2022-10-31 09:56:26.887454,-0.0030864197530864335,-0.0030864197530864335,-0.05000000000000071,-0.05000000000000071,16.15,16.2,16.15,16.2,164.0,454.0,1237.0,2689.0,True,True
2890,2022-10-31 09:56:27.189119,-0.0030864197530864335,-0.0030864197530864335,-0.05000000000000071,-0.05000000000000071,16.15,16.2,16.15,16.2,164.0,454.0,1237.0,2689.0,False,False
2890,2022-10-31 09:56:32.356601,-0.0030864197530864335,-0.0030864197530864335,-0.05000000000000071,-0.05000000000000071,16.15,16.2,16.15,16.2,165.0,454.0,1237.0,2689.0,False,False
2890,2022-10-31 09:56:36.917818,-0.0030864197530864335,-0.0030864197530864335,-0.05000000000000071,-0.05000000000000071,16.15,16.2,16.15,16.2,165.0,454.0,1237.0,2682.0,True,True
2890,2022-10-31 09:56:40.639802,-0.0030864197530864335,-0.0030864197530864335,-0.05000000000000071,-0.05000000000000071,16.15,16.2,16.15,16.2,165.0,454.0,1237.0,2682.0,False,False
2890,2022-10-31 09:56:41.189690,-0.0030864197530864335,-0.0030864197530864335,-0.05000000000000071,-0.05000000000000071,16.15,16.2,16.15,16.2,165.0,454.0,1237.0,2682.0,False,False
2890,2022-10-31 09:56:43.724942,-0.0030864197530864335,-0.0030864197530864335,-0.05000000000000071,-0.05000000000000071,16.15,16.2,16.15,16.2,166.0,454.0,1237.0,2682.0,False,False
2890,2022-10-31 09:56:44.014924,-0.0030864197530864335,-0.0030864197530864335,-0.05000000000000071,-0.05000000000000071,16.15,16.2,16.15,16.2,166.0,454.0,1237.0,2682.0,False,False
2890,2022-10-31 09:56:44.531348,-0.0030864197530864335,-0.0030864197530864335,-0.05000000000000071,-0.05000000000000071,16.15,16.2,16.15,16.2,166.0,468.0,1237.0,2682.0,False,False
2890,2022-10-31 09:56:44.993868,-0.0030864197530864335,-0.0030864197530864335,-0.05000000000000071,-0.05000000000000071,16.15,16.2,16.15,16.2,201.0,468.0,1237.0,2682.0,False,False
2890,2022-10-31 09:56:45.449203,-0.0030864197530864335,-0.0030864197530864335,-0.05000000000000071,-0.05000000000000071,16.15,16.2,16.15,16.2,200.0,468.0,1237.0,2682.0,False,False
2890,2022-10-31 09:56:48.345360,-0.0030864197530864335,-0.0030864197530864335,-0.05000000000000071,-0.05000000000000071,16.15,16.2,16.15,16.2,200.0,468.0,1237.0,2682.0,False,False
2890,2022-10-31 09:57:00.999870,-0.0030864197530864335,-0.0030864197530864335,-0.05000000000000071,-0.05000000000000071,16.15,16.2,16.15,16.2,200.0,458.0,1237.0,2682.0,False,False
