ts,close,volume,bid_price,bid_volume,ask_price,ask_volume,tick_type,datetime
1653296404986877000,83.1,397,83.1,38,83.2,1,2,2022-05-23 09:00:04
1653296405024060000,83.2,1,83.1,38,83.4,10,1,2022-05-23 09:00:05
1653296405065838000,83.1,4,83.1,34,83.4,10,2,2022-05-23 09:00:05
1653296405084654000,83.4,10,83.1,34,83.4,1,1,2022-05-23 09:00:05
1653296405109613000,83.4,1,83.2,4,83.4,1,1,2022-05-23 09:00:05
1653296405448533000,83.4,1,83.2,4,83.5,6,1,2022-05-23 09:00:05
1653296405485717000,83.5,6,83.2,4,83.7,7,1,2022-05-23 09:00:05
1653296405506817000,83.2,4,83.1,26,83.7,7,2,2022-05-23 09:00:05
1653296405506817000,83.1,8,83.1,26,83.7,7,2,2022-05-23 09:00:05
1653296405633456000,83.2,6,83.2,2,83.7,7,2,2022-05-23 09:00:05
1653296405633945000,83.2,1,83.2,1,83.7,7,2,2022-05-23 09:00:05
1653296407142375000,83.6,4,83.2,4,83.7,7,1,2022-05-23 09:00:07
1653296407480111000,83.5,1,83.2,4,83.7,7,1,2022-05-23 09:00:07
1653296407671176000,83.3,4,83.1,25,83.7,7,2,2022-05-23 09:00:07
1653296407671176000,83.2,4,83.1,25,83.7,7,2,2022-05-23 09:00:07
1653296407671176000,83.1,2,83.1,25,83.7,7,2,2022-05-23 09:00:07
1653296409625532000,83.4,1,83.4,1,83.5,6,2,2022-05-23 09:00:09
1653296409647062000,83.4,1,83.1,24,83.5,6,2,2022-05-23 09:00:09
1653296410953122000,83.4,1,83.2,1,83.4,4,1,2022-05-23 09:00:10
1653296411417889000,83.3,1,83.2,1,83.4,4,1,2022-05-23 09:00:11
1653296411772600000,83.4,4,83.2,1,83.5,6,1,2022-05-23 09:00:11
1653296411803063000,83.5,6,83.2,1,83.6,1,1,2022-05-23 09:00:11
1653296411803063000,83.6,4,83.2,1,83.6,1,1,2022-05-23 09:00:11
1653296411844852000,83.4,3,83.2,1,83.6,1,1,2022-05-23 09:00:11
1653296412512413000,83.5,1,83.2,11,83.3,1,2,2022-05-23 09:00:12
1653296412540999000,83.3,1,83.3,1,83.6,3,1,2022-05-23 09:00:12
1653296412984624000,83.3,2,83.3,1,83.6,5,2,2022-05-23 09:00:12
1653296413088296000,83.6,1,83.3,1,83.6,7,1,2022-05-23 09:00:13
1653296413109919000,83.6,1,83.3,1,83.6,6,1,2022-05-23 09:00:13
1653296413196695000,83.6,2,83.3,1,83.6,4,1,2022-05-23 09:00:13
1653296413909256000,83.6,1,83.3,2,83.6,3,1,2022-05-23 09:00:13
1653296414370327000,83.4,1,83.3,4,83.6,7,2,2022-05-23 09:00:14
1653296414380518000,83.6,1,83.3,4,83.6,6,1,2022-05-23 09:00:14
1653296414430220000,83.3,2,83.3,2,83.6,4,2,2022-05-23 09:00:14
1653296414471199000,83.6,4,83.3,2,83.7,7,1,2022-05-23 09:00:14
1653296414891388000,83.6,1,83.3,2,83.6,1,1,2022-05-23 09:00:14
1653296415179471000,83.6,1,83.3,5,83.6,3,1,2022-05-23 09:00:15
1653296415688284000,83.6,1,83.3,5,83.6,2,1,2022-05-23 09:00:15
1653296415727152000,83.6,2,83.3,5,83.7,10,1,2022-05-23 09:00:15
1653296415898611000,83.5,1,83.3,9,83.7,10,1,2022-05-23 09:00:15
1653296415988178000,83.7,1,83.3,5,83.7,9,1,2022-05-23 09:00:15
1653296416211323000,83.7,1,83.6,1,83.7,8,1,2022-05-23 09:00:16
1653296416307137000,83.6,1,83.3,5,83.6,2,2,2022-05-23 09:00:16
1653296417195844000,83.6,3,83.3,5,83.6,1,1,2022-05-23 09:00:17
1653296417361089000,83.6,1,83.3,5,83.6,2,1,2022-05-23 09:00:17
1653296417484045000,83.5,1,83.3,5,83.6,2,1,2022-05-23 09:00:17
1653296417674791000,83.6,1,83.3,5,83.6,6,1,2022-05-23 09:00:17
1653296417960652000,83.5,5,83.4,1,83.6,6,1,2022-05-23 09:00:17
1653296418478421000,83.6,1,83.4,1,83.6,5,1,2022-05-23 09:00:18
1653296418492232000,83.6,1,83.4,1,83.6,4,1,2022-05-23 09:00:18
1653296418766687000,83.6,3,83.4,1,83.6,1,1,2022-05-23 09:00:18
1653296418805939000,83.6,1,83.4,1,83.7,29,1,2022-05-23 09:00:18
1653296419196835000,83.6,1,83.4,1,83.7,29,2,2022-05-23 09:00:19
1653296420011134000,83.7,1,83.6,8,83.7,28,1,2022-05-23 09:00:20
1653296420024928000,83.7,1,83.6,8,83.7,27,1,2022-05-23 09:00:20
1653296420057972000,83.7,14,83.6,8,83.7,13,1,2022-05-23 09:00:20
1653296420088067000,83.7,13,83.6,8,83.8,10,1,2022-05-23 09:00:20
1653296420140613000,83.8,10,83.6,9,83.9,2,1,2022-05-23 09:00:20
1653296420180847000,83.7,1,83.6,13,83.9,2,1,2022-05-23 09:00:20
1653296420181111000,83.9,2,83.6,13,84.0,17,1,2022-05-23 09:00:20
1653296420250087000,83.6,6,83.6,7,84.0,17,2,2022-05-23 09:00:20
1653296420323157000,84.0,1,83.6,7,84.0,16,1,2022-05-23 09:00:20
1653296420451451000,83.6,3,83.6,5,84.0,16,2,2022-05-23 09:00:20
1653296420560245000,84.0,16,83.6,5,84.2,27,1,2022-05-23 09:00:20
1653296420560245000,84.1,5,83.6,5,84.2,27,1,2022-05-23 09:00:20
1653296420560245000,84.2,9,83.6,5,84.2,27,1,2022-05-23 09:00:20
1653296421020573000,84.0,1,83.7,7,84.1,1,1,2022-05-23 09:00:21
1653296421020573000,84.1,2,83.7,7,84.1,1,1,2022-05-23 09:00:21
1653296421798447000,83.8,3,83.8,8,84.1,5,2,2022-05-23 09:00:21
1653296422259998000,84.0,1,83.9,5,84.1,5,2,2022-05-23 09:00:22
1653296422259998000,83.9,5,83.9,5,84.1,5,2,2022-05-23 09:00:22
1653296422337292000,84.1,1,83.9,5,84.1,4,1,2022-05-23 09:00:22
1653296422618582000,84.1,1,84.0,10,84.1,3,1,2022-05-23 09:00:22
1653296422681737000,84.1,1,84.0,10,84.1,2,1,2022-05-23 09:00:22
1653296422707502000,84.1,1,84.0,10,84.1,1,1,2022-05-23 09:00:22
1653296422870936000,84.1,1,84.0,10,84.2,27,1,2022-05-23 09:00:22
1653296423541356000,84.1,1,84.0,10,84.2,28,1,2022-05-23 09:00:23
1653296423742542000,84.2,5,84.0,10,84.2,25,1,2022-05-23 09:00:23
1653296424215897000,84.2,2,84.0,11,84.2,23,1,2022-05-23 09:00:24
1653296424513959000,84.2,10,84.0,11,84.2,13,1,2022-05-23 09:00:24
1653296424576124000,84.2,1,84.0,11,84.2,12,1,2022-05-23 09:00:24
1653296425437778000,84.2,1,84.0,11,84.2,11,1,2022-05-23 09:00:25
1653296425632080000,84.1,1,84.0,11,84.1,3,1,2022-05-23 09:00:25
1653296425722212000,84.1,1,84.0,11,84.1,2,1,2022-05-23 09:00:25
1653296425824697000,84.1,1,84.0,11,84.1,1,1,2022-05-23 09:00:25
1653296426020518000,84.1,1,84.0,11,84.2,2,1,2022-05-23 09:00:26
1653296426020518000,84.2,9,84.0,11,84.2,2,1,2022-05-23 09:00:26
1653296426469556000,84.1,1,84.0,12,84.2,2,2,2022-05-23 09:00:26
1653296426554829000,84.2,1,84.0,12,84.2,1,1,2022-05-23 09:00:26
1653296426562547000,84.2,1,84.0,12,84.3,2,1,2022-05-23 09:00:26
1653296426796125000,84.2,1,84.0,7,84.3,4,2,2022-05-23 09:00:26
1653296426796125000,84.0,5,84.0,7,84.3,4,2,2022-05-23 09:00:26
1653296426914438000,84.3,1,84.2,4,84.3,3,1,2022-05-23 09:00:26
1653296426926004000,84.3,2,84.2,4,84.3,1,1,2022-05-23 09:00:26
1653296426934483000,84.2,1,84.2,3,84.3,1,2,2022-05-23 09:00:26
1653296427025207000,84.3,1,84.2,4,84.4,28,1,2022-05-23 09:00:27
1653296427064569000,84.2,4,84.0,9,84.1,1,2,2022-05-23 09:00:27
1653296427096724000,84.1,1,84.0,9,84.4,28,1,2022-05-23 09:00:27
1653296427260350000,84.3,1,84.0,9,84.3,1,2,2022-05-23 09:00:27
1653296427634166000,84.2,1,84.0,11,84.2,2,1,2022-05-23 09:00:27
1653296427861308000,84.2,1,84.0,11,84.2,1,1,2022-05-23 09:00:27
1653296428156358000,84.1,1,84.0,11,84.2,1,1,2022-05-23 09:00:28
1653296428172233000,84.2,1,84.0,11,84.4,28,1,2022-05-23 09:00:28
1653296428203409000,84.4,2,84.0,11,84.4,26,1,2022-05-23 09:00:28
1653296429361038000,84.3,1,84.2,3,84.4,30,1,2022-05-23 09:00:29
1653296429995321000,84.3,3,84.2,3,84.4,30,1,2022-05-23 09:00:29
1653296430545778000,84.2,5,84.2,3,84.3,3,2,2022-05-23 09:00:30
1653296430636116000,84.2,3,84.1,12,84.3,3,2,2022-05-23 09:00:30
1653296430691428000,84.3,1,84.1,12,84.3,2,1,2022-05-23 09:00:30
1653296430983939000,84.2,2,84.1,12,84.2,19,1,2022-05-23 09:00:30
1653296431241814000,84.2,1,84.1,12,84.2,18,1,2022-05-23 09:00:31
1653296431255655000,84.2,1,84.1,12,84.2,17,1,2022-05-23 09:00:31
1653296431266190000,84.2,1,84.1,12,84.2,16,1,2022-05-23 09:00:31
1653296431646648000,84.1,10,84.1,4,84.2,16,2,2022-05-23 09:00:31
1653296431872096000,84.1,4,84.0,13,84.1,2,2,2022-05-23 09:00:31
1653296431893036000,84.1,1,84.0,13,84.1,1,1,2022-05-23 09:00:31
1653296431932152000,84.0,11,84.0,2,84.1,3,2,2022-05-23 09:00:31
1653296431967494000,84.0,2,83.9,1,84.1,3,2,2022-05-23 09:00:31
1653296432036671000,84.1,1,83.9,1,84.1,2,1,2022-05-23 09:00:32
1653296432190288000,84.0,1,83.9,1,84.0,20,1,2022-05-23 09:00:32
1653296432213388000,84.0,1,83.9,1,84.0,19,1,2022-05-23 09:00:32
1653296432545658000,84.0,1,83.9,1,84.0,18,1,2022-05-23 09:00:32
1653296432710924000,84.0,1,83.9,1,84.0,20,1,2022-05-23 09:00:32
1653296432809896000,83.9,1,83.8,4,84.0,26,2,2022-05-23 09:00:32
1653296432890534000,83.9,1,83.8,4,83.9,3,1,2022-05-23 09:00:32
1653296433003035000,83.9,3,83.8,4,84.0,7,1,2022-05-23 09:00:33
1653296433003035000,84.0,2,83.8,4,84.0,7,1,2022-05-23 09:00:33
1653296433126259000,83.9,1,83.8,4,83.9,9,1,2022-05-23 09:00:33
1653296433155136000,83.9,1,83.8,4,83.9,8,1,2022-05-23 09:00:33
1653296433304018000,83.8,2,83.8,2,83.9,8,2,2022-05-23 09:00:33
1653296433382993000,83.9,8,83.8,2,84.0,1,1,2022-05-23 09:00:33
1653296433382993000,84.0,2,83.8,2,84.0,1,1,2022-05-23 09:00:33
1653296433481232000,84.0,1,84.0,2,84.1,7,1,2022-05-23 09:00:33
1653296433511671000,84.0,2,83.8,2,84.1,7,2,2022-05-23 09:00:33
1653296433673776000,83.9,1,83.8,2,83.9,10,1,2022-05-23 09:00:33
1653296433880084000,83.8,2,83.7,6,83.9,13,2,2022-05-23 09:00:33
1653296434142030000,83.7,1,83.7,5,83.8,5,2,2022-05-23 09:00:34
1653296434235138000,83.8,1,83.7,5,83.8,4,1,2022-05-23 09:00:34
1653296434235617000,83.8,1,83.7,5,83.8,3,1,2022-05-23 09:00:34
1653296434355473000,83.7,3,83.7,2,83.8,6,2,2022-05-23 09:00:34
1653296434444494000,83.7,2,83.6,13,83.8,10,2,2022-05-23 09:00:34
1653296434547872000,83.8,1,83.6,13,83.8,9,1,2022-05-23 09:00:34
1653296434614979000,83.8,1,83.6,13,83.8,8,1,2022-05-23 09:00:34
1653296434617560000,83.8,2,83.6,13,83.8,6,1,2022-05-23 09:00:34
1653296434939285000,83.7,2,83.6,13,83.7,9,1,2022-05-23 09:00:34
1653296435128921000,83.6,2,83.6,10,83.7,12,2,2022-05-23 09:00:35
1653296435159806000,83.6,10,83.5,29,83.7,12,2,2022-05-23 09:00:35
1653296435449750000,83.7,1,83.5,29,83.7,11,1,2022-05-23 09:00:35
1653296435658995000,83.7,5,83.5,29,83.7,6,1,2022-05-23 09:00:35
1653296435998268000,83.6,1,83.5,29,83.7,6,1,2022-05-23 09:00:35
1653296436210768000,83.6,3,83.5,29,83.6,2,1,2022-05-23 09:00:36
1653296436244615000,83.6,1,83.5,29,83.6,1,1,2022-05-23 09:00:36
1653296436582621000,83.6,1,83.5,29,83.7,6,1,2022-05-23 09:00:36
1653296437038917000,83.5,1,83.5,28,83.7,10,2,2022-05-23 09:00:37
1653296437105582000,83.7,1,83.5,28,83.7,9,1,2022-05-23 09:00:37
1653296438189512000,83.7,2,83.5,28,83.7,10,1,2022-05-23 09:00:38
1653296438493821000,83.6,1,83.5,28,83.6,1,1,2022-05-23 09:00:38
1653296438836230000,83.6,1,83.5,28,83.7,9,1,2022-05-23 09:00:38
1653296438836230000,83.7,1,83.5,28,83.7,9,1,2022-05-23 09:00:38
1653296438873591000,83.7,9,83.6,1,83.8,5,1,2022-05-23 09:00:38
1653296438873591000,83.8,1,83.6,1,83.8,5,1,2022-05-23 09:00:38
1653296442604485000,83.8,1,83.6,11,83.8,13,1,2022-05-23 09:00:42
1653296442869280000,83.7,1,83.6,11,83.8,8,1,2022-05-23 09:00:42
1653296442869280000,83.8,2,83.6,11,83.8,8,1,2022-05-23 09:00:42
1653296443126910000,83.8,5,83.6,11,83.8,3,1,2022-05-23 09:00:43
1653296443261978000,83.8,1,83.6,11,83.8,2,1,2022-05-23 09:00:43
1653296443340054000,83.8,2,83.6,11,83.9,13,1,2022-05-23 09:00:43
1653296445128009000,83.9,1,83.8,2,83.9,12,1,2022-05-23 09:00:45
1653296445543304000,83.8,1,83.8,1,83.9,14,2,2022-05-23 09:00:45
1653296445860257000,83.9,1,83.8,1,83.9,13,1,2022-05-23 09:00:45
1653296446630262000,83.9,1,83.8,10,83.9,12,1,2022-05-23 09:00:46
1653296446640557000,83.8,2,83.8,8,83.9,12,2,2022-05-23 09:00:46
1653296446978057000,83.9,3,83.8,8,83.9,9,1,2022-05-23 09:00:46
1653296447855361000,83.9,1,83.8,9,83.9,8,1,2022-05-23 09:00:47
1653296447890872000,83.9,8,83.8,9,84.0,1,1,2022-05-23 09:00:47
1653296447890872000,84.0,2,83.8,9,84.0,1,1,2022-05-23 09:00:47
1653296448398052000,83.9,1,83.8,9,84.0,1,2,2022-05-23 09:00:48
1653296449454735000,84.0,1,83.9,20,84.1,4,1,2022-05-23 09:00:49
1653296450083225000,84.1,2,84.0,1,84.1,2,1,2022-05-23 09:00:50
1653296450119912000,84.1,2,84.0,1,84.2,14,1,2022-05-23 09:00:50
1653296450176389000,84.0,5,83.9,22,84.2,14,2,2022-05-23 09:00:50
1653296450258906000,83.9,1,83.9,21,84.1,1,2,2022-05-23 09:00:50
1653296450507934000,83.9,1,83.9,24,84.2,14,2,2022-05-23 09:00:50
1653296451481592000,84.0,5,83.9,29,84.2,11,1,2022-05-23 09:00:51
1653296451832773000,84.2,5,84.0,1,84.2,6,1,2022-05-23 09:00:51
1653296454343143000,84.2,9,84.1,1,84.3,3,1,2022-05-23 09:00:54
1653296454343143000,84.3,1,84.1,1,84.3,3,1,2022-05-23 09:00:54
1653296454441028000,84.1,1,83.9,35,84.3,4,2,2022-05-23 09:00:54
1653296454441028000,84.0,2,83.9,35,84.3,4,2,2022-05-23 09:00:54
1653296454660842000,84.3,4,84.0,4,84.4,40,1,2022-05-23 09:00:54
1653296454660842000,84.4,6,84.0,4,84.4,40,1,2022-05-23 09:00:54
1653296454715442000,84.0,1,84.0,4,84.4,43,2,2022-05-23 09:00:54
1653296455375042000,84.2,5,84.2,4,84.4,43,1,2022-05-23 09:00:55
1653296456033006000,84.3,1,84.2,4,84.4,43,1,2022-05-23 09:00:56
1653296457103887000,84.2,6,84.0,6,84.3,7,2,2022-05-23 09:00:57
1653296457272685000,84.2,1,84.2,1,84.3,11,2,2022-05-23 09:00:57
1653296457273050000,84.2,1,84.0,6,84.3,11,2,2022-05-23 09:00:57
1653296457334792000,84.3,5,84.0,6,84.3,6,1,2022-05-23 09:00:57
1653296457618821000,84.3,1,84.0,6,84.3,1,1,2022-05-23 09:00:57
1653296457955680000,84.2,1,84.0,7,84.3,1,2,2022-05-23 09:00:57
1653296458405381000,84.3,4,84.0,7,84.3,7,1,2022-05-23 09:00:58
1653296458920894000,84.1,1,84.0,7,84.3,9,2,2022-05-23 09:00:58
1653296459045460000,84.2,1,84.0,8,84.3,10,2,2022-05-23 09:00:59
1653296459084451000,84.3,1,84.0,8,84.3,9,1,2022-05-23 09:00:59
1653296459090875000,84.2,1,84.0,8,84.3,9,2,2022-05-23 09:00:59
1653296459763939000,84.3,1,84.0,8,84.3,15,1,2022-05-23 09:00:59
1653296459924762000,84.0,3,84.0,5,84.2,12,2,2022-05-23 09:00:59
1653296459998829000,84.2,1,84.0,5,84.2,11,1,2022-05-23 09:00:59
1653296460022950000,84.2,2,84.0,5,84.2,9,1,2022-05-23 09:01:00
1653296460396064000,84.2,3,84.0,5,84.2,10,1,2022-05-23 09:01:00
1653296460551473000,84.2,3,84.0,6,84.2,10,1,2022-05-23 09:01:00
1653296460783787000,84.2,1,84.0,6,84.2,9,1,2022-05-23 09:01:00
1653296460974472000,84.1,2,84.0,8,84.2,7,1,2022-05-23 09:01:00
1653296460974472000,84.2,3,84.0,8,84.2,7,1,2022-05-23 09:01:00
1653296461271475000,84.2,1,84.0,8,84.2,12,1,2022-05-23 09:01:01
1653296461273784000,84.2,1,84.0,8,84.2,11,1,2022-05-23 09:01:01
1653296461361673000,84.2,1,84.0,8,84.2,10,1,2022-05-23 09:01:01
1653296461985911000,84.2,1,84.0,9,84.2,15,1,2022-05-23 09:01:01
1653296462462051000,84.0,4,84.0,12,84.1,5,2,2022-05-23 09:01:02
1653296462597220000,84.1,1,84.0,16,84.1,10,1,2022-05-23 09:01:02
1653296463433314000,84.1,1,84.0,21,84.1,9,1,2022-05-23 09:01:03
1653296463448398000,84.1,2,84.0,21,84.1,7,1,2022-05-23 09:01:03
1653296463772150000,84.0,3,84.0,21,84.1,7,2,2022-05-23 09:01:03
1653296463910088000,84.0,17,84.0,4,84.1,8,2,2022-05-23 09:01:03
1653296463933998000,84.0,4,83.9,34,84.1,8,2,2022-05-23 09:01:03
1653296463945394000,84.1,5,83.9,34,84.1,3,1,2022-05-23 09:01:03
1653296464076523000,84.1,1,83.9,34,84.1,2,1,2022-05-23 09:01:04
1653296464077837000,84.1,2,83.9,34,84.2,22,1,2022-05-23 09:01:04
1653296464155879000,84.1,2,83.9,34,84.1,2,1,2022-05-23 09:01:04
1653296464247359000,84.1,1,83.9,34,84.1,1,1,2022-05-23 09:01:04
1653296464560805000,84.1,2,83.9,34,84.1,12,1,2022-05-23 09:01:04
1653296465061401000,84.1,1,84.0,2,84.1,21,1,2022-05-23 09:01:05
1653296465700839000,84.1,1,84.0,4,84.1,22,1,2022-05-23 09:01:05
1653296466264704000,84.0,1,84.0,3,84.1,18,2,2022-05-23 09:01:06
1653296466317490000,84.0,3,84.0,1,84.1,18,2,2022-05-23 09:01:06
1653296467219034000,84.1,1,84.0,7,84.1,17,1,2022-05-23 09:01:07
1653296467505612000,84.0,8,83.9,38,84.1,17,2,2022-05-23 09:01:07
1653296467533297000,83.9,38,83.8,20,84.0,1,2,2022-05-23 09:01:07
1653296467560882000,83.8,1,83.8,19,84.0,1,2,2022-05-23 09:01:07
1653296467721270000,83.9,2,83.8,19,83.9,4,1,2022-05-23 09:01:07
1653296467913137000,83.9,1,83.8,19,83.9,6,1,2022-05-23 09:01:07
1653296467913642000,83.9,1,83.8,19,83.9,5,1,2022-05-23 09:01:07
1653296467951298000,83.9,1,83.8,19,83.9,4,1,2022-05-23 09:01:07
1653296467966982000,84.0,1,83.8,19,84.0,4,1,2022-05-23 09:01:07
1653296468174976000,84.0,1,83.8,19,84.0,3,1,2022-05-23 09:01:08
1653296468457293000,84.0,1,83.8,19,84.0,7,1,2022-05-23 09:01:08
1653296468480447000,84.0,2,83.8,19,84.0,5,1,2022-05-23 09:01:08
1653296468918102000,84.0,1,83.8,20,84.0,9,1,2022-05-23 09:01:08
1653296469115775000,84.0,2,83.8,20,84.0,7,1,2022-05-23 09:01:09
1653296469334709000,84.0,3,83.8,20,84.0,4,1,2022-05-23 09:01:09
1653296469350389000,84.0,1,83.8,20,84.0,3,1,2022-05-23 09:01:09
1653296470121461000,83.8,20,83.7,11,84.0,8,2,2022-05-23 09:01:10
1653296470125377000,84.0,1,83.7,11,84.0,7,1,2022-05-23 09:01:10
1653296470757069000,83.7,1,83.7,10,83.9,5,2,2022-05-23 09:01:10
1653296471013997000,83.9,5,83.7,10,84.0,1,1,2022-05-23 09:01:11
1653296471013997000,84.0,5,83.7,10,84.0,1,1,2022-05-23 09:01:11
1653296471578539000,84.0,1,83.7,10,84.0,4,1,2022-05-23 09:01:11
1653296471900980000,84.0,1,83.7,10,84.0,3,1,2022-05-23 09:01:11
1653296471915857000,84.0,1,83.7,10,84.0,2,1,2022-05-23 09:01:11
1653296471944429000,84.0,2,83.7,10,84.1,15,1,2022-05-23 09:01:11
1653296471944429000,84.1,3,83.7,10,84.1,15,1,2022-05-23 09:01:11
1653296472867946000,84.0,1,83.8,1,84.1,15,2,2022-05-23 09:01:12
1653296473808151000,84.0,1,83.7,11,84.0,18,1,2022-05-23 09:01:13
1653296474722287000,84.0,1,83.7,22,84.0,13,1,2022-05-23 09:01:14
1653296474747653000,83.7,5,83.7,17,84.0,13,2,2022-05-23 09:01:14
1653296475540552000,83.9,1,83.9,4,84.0,14,1,2022-05-23 09:01:15
1653296475575547000,83.9,4,83.7,18,84.0,14,2,2022-05-23 09:01:15
1653296475802626000,83.9,1,83.7,18,84.0,14,1,2022-05-23 09:01:15
1653296476123646000,83.7,1,83.7,17,84.0,14,2,2022-05-23 09:01:16
1653296476308445000,83.7,9,83.7,8,84.0,19,2,2022-05-23 09:01:16
1653296476308938000,83.7,6,83.7,2,84.0,19,2,2022-05-23 09:01:16
1653296476311562000,83.7,2,83.6,23,84.0,19,2,2022-05-23 09:01:16
1653296476911505000,83.9,3,83.6,23,83.9,1,1,2022-05-23 09:01:16
1653296477884290000,83.9,4,83.9,6,84.0,25,1,2022-05-23 09:01:17
1653296477922157000,83.9,6,83.7,1,84.0,25,2,2022-05-23 09:01:17
1653296477938207000,83.7,1,83.6,23,84.0,24,2,2022-05-23 09:01:17
1653296477950684000,83.6,6,83.6,17,84.0,24,2,2022-05-23 09:01:17
1653296478143460000,83.6,1,83.6,16,83.9,4,2,2022-05-23 09:01:18
1653296478291541000,83.9,1,83.8,1,83.9,3,1,2022-05-23 09:01:18
1653296478303009000,83.8,1,83.7,1,83.9,3,2,2022-05-23 09:01:18
1653296478987154000,83.7,2,83.6,16,83.8,4,2,2022-05-23 09:01:18
1653296479035105000,83.6,16,83.6,1,83.8,4,2,2022-05-23 09:01:19
1653296479063577000,83.6,1,83.5,35,83.8,10,2,2022-05-23 09:01:19
1653296479712639000,83.5,4,83.5,33,83.7,2,2,2022-05-23 09:01:19
1653296480086541000,83.6,1,83.5,33,83.6,3,1,2022-05-23 09:01:20
1653296480433886000,83.5,6,83.5,27,83.6,3,2,2022-05-23 09:01:20
1653296480464404000,83.6,1,83.5,27,83.6,2,1,2022-05-23 09:01:20
1653296480481216000,83.5,1,83.5,26,83.6,2,2,2022-05-23 09:01:20
1653296481135491000,83.6,1,83.5,26,83.6,1,1,2022-05-23 09:01:21
1653296481168110000,83.5,1,83.5,25,83.6,1,2,2022-05-23 09:01:21
1653296481207372000,83.5,1,83.5,24,83.6,1,2,2022-05-23 09:01:21
1653296481454528000,83.6,1,83.5,26,84.0,21,1,2022-05-23 09:01:21
1653296481454528000,83.7,2,83.5,26,84.0,21,1,2022-05-23 09:01:21
1653296481454528000,83.8,10,83.5,26,84.0,21,1,2022-05-23 09:01:21
1653296481454528000,83.9,4,83.5,26,84.0,21,1,2022-05-23 09:01:21
1653296481454528000,84.0,3,83.5,26,84.0,21,1,2022-05-23 09:01:21
1653296482776251000,83.9,1,83.7,1,83.9,7,1,2022-05-23 09:01:22
1653296483856726000,83.7,1,83.7,2,83.8,1,2,2022-05-23 09:01:23
1653296484628691000,83.8,1,83.7,2,83.8,5,1,2022-05-23 09:01:24
1653296485275897000,83.8,1,83.7,2,83.8,4,1,2022-05-23 09:01:25
1653296485463165000,83.8,1,83.7,2,83.8,3,1,2022-05-23 09:01:25
1653296485689415000,83.8,1,83.7,2,83.8,2,1,2022-05-23 09:01:25
1653296486206161000,83.7,1,83.7,2,83.8,2,2,2022-05-23 09:01:26
1653296487477899000,83.8,1,83.7,2,83.8,2,1,2022-05-23 09:01:27
1653296488075503000,83.8,1,83.7,4,83.8,1,1,2022-05-23 09:01:28
1653296488695121000,83.7,1,83.7,3,83.8,1,2,2022-05-23 09:01:28
1653296488828542000,83.8,1,83.7,4,83.9,2,1,2022-05-23 09:01:28
1653296488828542000,83.9,1,83.7,4,83.9,2,1,2022-05-23 09:01:28
1653296489131177000,83.7,1,83.7,4,83.9,2,2,2022-05-23 09:01:29
1653296489807057000,83.8,1,83.7,4,83.8,4,2,2022-05-23 09:01:29
1653296490406806000,83.7,4,83.7,2,83.8,4,2,2022-05-23 09:01:30
1653296490845414000,83.7,1,83.7,1,83.8,6,2,2022-05-23 09:01:30
1653296490873252000,83.7,1,83.6,4,83.8,6,2,2022-05-23 09:01:30
1653296490873252000,83.6,5,83.6,4,83.8,6,2,2022-05-23 09:01:30
1653296490936519000,83.6,4,83.5,32,83.8,6,2,2022-05-23 09:01:30
1653296490936519000,83.5,2,83.5,32,83.8,6,2,2022-05-23 09:01:30
1653296491000430000,83.5,6,83.5,25,83.8,6,2,2022-05-23 09:01:31
1653296492738268000,83.8,1,83.7,2,83.8,11,1,2022-05-23 09:01:32
1653296492816764000,83.7,2,83.6,11,83.8,10,2,2022-05-23 09:01:32
1653296493228369000,83.7,1,83.6,11,83.8,10,2,2022-05-23 09:01:33
1653296494113028000,83.8,3,83.7,1,83.8,7,1,2022-05-23 09:01:34
1653296494550439000,83.7,1,83.6,11,83.8,8,2,2022-05-23 09:01:34
1653296495120257000,83.7,2,83.6,11,83.8,8,2,2022-05-23 09:01:35
1653296495946993000,83.6,3,83.6,8,83.7,11,2,2022-05-23 09:01:35
1653296495983320000,83.7,1,83.6,8,83.7,18,1,2022-05-23 09:01:35
1653296496751402000,83.7,3,83.6,8,83.7,19,1,2022-05-23 09:01:36
1653296497239069000,83.7,3,83.6,8,83.7,17,1,2022-05-23 09:01:37
1653296498002774000,83.7,1,83.6,8,83.7,16,1,2022-05-23 09:01:38
1653296498054294000,83.6,8,83.5,35,83.7,16,2,2022-05-23 09:01:38
1653296499445984000,83.6,1,83.5,36,83.6,19,1,2022-05-23 09:01:39
1653296499782795000,83.5,4,83.5,32,83.6,22,2,2022-05-23 09:01:39
1653296500132346000,83.5,1,83.5,31,83.6,22,2,2022-05-23 09:01:40
1653296500360604000,83.5,20,83.5,11,83.6,22,2,2022-05-23 09:01:40
1653296500394730000,83.5,1,83.5,10,83.6,22,2,2022-05-23 09:01:40
1653296500419020000,83.5,1,83.5,9,83.6,22,2,2022-05-23 09:01:40
1653296500439707000,83.5,1,83.5,8,83.6,22,2,2022-05-23 09:01:40
1653296500441252000,83.5,1,83.5,7,83.6,22,2,2022-05-23 09:01:40
1653296500463898000,83.5,1,83.5,6,83.6,22,2,2022-05-23 09:01:40
1653296500504450000,83.5,3,83.5,3,83.6,22,2,2022-05-23 09:01:40
1653296500533843000,83.5,3,83.4,12,83.6,22,2,2022-05-23 09:01:40
1653296501011333000,83.4,1,83.4,11,83.6,23,2,2022-05-23 09:01:41
1653296501535200000,83.4,11,83.3,20,83.5,2,2,2022-05-23 09:01:41
1653296501850198000,83.4,1,83.3,20,83.4,3,1,2022-05-23 09:01:41
1653296502710320000,83.3,2,83.3,18,83.4,3,2,2022-05-23 09:01:42
1653296502712326000,83.3,2,83.3,16,83.4,3,2,2022-05-23 09:01:42
1653296502761507000,83.4,1,83.3,16,83.4,2,1,2022-05-23 09:01:42
1653296502788188000,83.4,1,83.3,17,83.4,1,1,2022-05-23 09:01:42
1653296503392267000,83.4,1,83.3,17,83.5,26,1,2022-05-23 09:01:43
1653296503392267000,83.5,1,83.3,17,83.5,26,1,2022-05-23 09:01:43
1653296503547119000,83.3,1,83.3,16,83.4,1,2,2022-05-23 09:01:43
1653296503900792000,83.4,1,83.3,16,83.5,28,1,2022-05-23 09:01:43
1653296504838489000,83.3,2,83.3,14,83.4,5,2,2022-05-23 09:01:44
1653296505663017000,83.4,1,83.3,14,83.4,6,1,2022-05-23 09:01:45
1653296505680856000,83.4,1,83.3,14,83.4,5,1,2022-05-23 09:01:45
1653296505853409000,83.3,5,83.3,8,83.4,5,2,2022-05-23 09:01:45
1653296505894060000,83.3,1,83.3,7,83.4,5,2,2022-05-23 09:01:45
1653296505927407000,83.3,1,83.3,6,83.4,5,2,2022-05-23 09:01:45
1653296505955142000,83.3,6,83.2,26,83.4,5,2,2022-05-23 09:01:45
1653296506695723000,83.3,1,83.3,1,83.4,7,2,2022-05-23 09:01:46
1653296506856019000,83.4,1,83.3,1,83.4,6,1,2022-05-23 09:01:46
1653296507434991000,83.3,2,83.2,26,83.4,10,2,2022-05-23 09:01:47
1653296507580749000,83.4,1,83.2,26,83.4,9,1,2022-05-23 09:01:47
1653296508280526000,83.3,1,83.3,2,83.4,10,2,2022-05-23 09:01:48
1653296508297274000,83.3,1,83.3,1,83.4,10,2,2022-05-23 09:01:48
1653296508392791000,83.3,1,83.2,26,83.4,10,2,2022-05-23 09:01:48
1653296509878237000,83.2,4,83.2,22,83.4,10,2,2022-05-23 09:01:49
1653296510603109000,83.4,3,83.2,25,83.4,7,1,2022-05-23 09:01:50
1653296510980236000,83.3,1,83.2,24,83.4,10,2,2022-05-23 09:01:50
1653296510980236000,83.2,1,83.2,24,83.4,10,2,2022-05-23 09:01:50
1653296511924188000,83.3,2,83.2,24,83.3,2,1,2022-05-23 09:01:51
1653296512214862000,83.3,1,83.2,24,83.3,1,1,2022-05-23 09:01:52
1653296512272171000,83.3,1,83.2,24,83.4,10,1,2022-05-23 09:01:52
1653296513086717000,83.3,1,83.3,1,83.4,11,2,2022-05-23 09:01:53
1653296513390159000,83.3,2,83.2,24,83.4,11,2,2022-05-23 09:01:53
1653296513502984000,83.2,2,83.2,22,83.4,11,2,2022-05-23 09:01:53
1653296515038004000,83.3,1,83.2,23,83.4,11,2,2022-05-23 09:01:55
1653296515935968000,83.3,2,83.2,20,83.4,10,2,2022-05-23 09:01:55
1653296515935968000,83.2,3,83.2,20,83.4,10,2,2022-05-23 09:01:55
1653296516144894000,83.3,1,83.2,27,83.4,10,1,2022-05-23 09:01:56
1653296516572257000,83.4,10,83.2,27,83.5,47,1,2022-05-23 09:01:56
1653296516856476000,83.3,1,83.3,5,83.5,47,2,2022-05-23 09:01:56
1653296518068494000,83.4,1,83.4,1,83.5,51,2,2022-05-23 09:01:58
1653296518951212000,83.5,1,83.4,1,83.5,50,1,2022-05-23 09:01:58
1653296519550069000,83.5,2,83.4,1,83.5,48,1,2022-05-23 09:01:59
1653296519612509000,83.5,11,83.4,1,83.5,37,1,2022-05-23 09:01:59
1653296519633925000,83.4,1,83.4,4,83.5,37,2,2022-05-23 09:01:59
1653296519638868000,83.5,30,83.4,4,83.5,7,1,2022-05-23 09:01:59
1653296519639108000,83.5,1,83.4,4,83.5,6,1,2022-05-23 09:01:59
1653296519647439000,83.5,6,83.4,4,83.6,22,1,2022-05-23 09:01:59
1653296519787776000,83.5,1,83.3,11,83.5,1,2,2022-05-23 09:01:59
1653296519820048000,83.5,1,83.3,11,83.6,22,1,2022-05-23 09:01:59
1653296522088472000,83.6,2,83.5,4,83.6,23,1,2022-05-23 09:02:02
1653296522151099000,83.6,11,83.5,4,83.6,12,1,2022-05-23 09:02:02
1653296522423789000,83.6,1,83.5,4,83.6,11,1,2022-05-23 09:02:02
1653296522488546000,83.6,11,83.5,4,83.7,16,1,2022-05-23 09:02:02
1653296522603598000,83.5,4,83.4,5,83.5,2,2,2022-05-23 09:02:02
1653296522633638000,83.5,2,83.4,5,83.7,16,1,2022-05-23 09:02:02
1653296522663998000,83.7,2,83.4,5,83.7,14,1,2022-05-23 09:02:02
1653296522771506000,83.4,5,83.3,15,83.7,14,2,2022-05-23 09:02:02
1653296523855185000,83.5,1,83.3,18,83.5,11,1,2022-05-23 09:02:03
1653296524212441000,83.5,1,83.3,18,83.5,10,1,2022-05-23 09:02:04
1653296527058824000,83.5,1,83.4,1,83.5,10,1,2022-05-23 09:02:07
1653296527291293000,83.5,1,83.4,1,83.5,9,1,2022-05-23 09:02:07
1653296527622970000,83.5,9,83.4,1,83.6,1,1,2022-05-23 09:02:07
1653296527622970000,83.6,1,83.4,1,83.6,1,1,2022-05-23 09:02:07
1653296527842120000,83.5,1,83.4,1,83.6,1,1,2022-05-23 09:02:07
1653296528213196000,83.5,1,83.4,2,83.6,1,1,2022-05-23 09:02:08
1653296529392890000,83.5,1,83.5,2,83.6,6,2,2022-05-23 09:02:09
1653296530405054000,83.6,1,83.5,9,83.6,7,1,2022-05-23 09:02:10
1653296534546175000,83.6,1,83.5,25,83.6,13,1,2022-05-23 09:02:14
1653296535539656000,83.6,5,83.5,26,83.6,8,1,2022-05-23 09:02:15
1653296535964276000,83.6,1,83.5,26,83.6,7,1,2022-05-23 09:02:15
1653296536826244000,83.5,3,83.5,24,83.6,7,2,2022-05-23 09:02:16
1653296536938679000,83.6,1,83.5,24,83.6,6,1,2022-05-23 09:02:16
1653296537054188000,83.5,2,83.5,22,83.6,6,2,2022-05-23 09:02:17
1653296537281092000,83.6,1,83.5,22,83.6,5,1,2022-05-23 09:02:17
1653296538202785000,83.6,1,83.5,22,83.6,4,1,2022-05-23 09:02:18
1653296538278220000,83.5,1,83.5,21,83.6,4,2,2022-05-23 09:02:18
1653296538853626000,83.5,3,83.5,19,83.6,4,2,2022-05-23 09:02:18
1653296538882528000,83.6,1,83.5,19,83.6,3,1,2022-05-23 09:02:18
1653296539026693000,83.6,1,83.5,19,83.6,4,1,2022-05-23 09:02:19
1653296539386513000,83.5,3,83.5,16,83.6,5,2,2022-05-23 09:02:19
1653296539582442000,83.6,1,83.5,16,83.6,4,1,2022-05-23 09:02:19
1653296539626954000,83.5,3,83.5,13,83.6,4,2,2022-05-23 09:02:19
1653296539658399000,83.5,1,83.5,12,83.6,4,2,2022-05-23 09:02:19
1653296539855003000,83.5,3,83.5,14,83.6,4,2,2022-05-23 09:02:19
1653296540090059000,83.5,3,83.5,11,83.6,4,2,2022-05-23 09:02:20
1653296540175987000,83.5,11,83.4,9,83.6,5,2,2022-05-23 09:02:20
1653296540205024000,83.4,1,83.4,8,83.6,5,2,2022-05-23 09:02:20
1653296540324889000,83.4,3,83.4,5,83.6,5,2,2022-05-23 09:02:20
1653296540563052000,83.4,3,83.4,2,83.6,8,2,2022-05-23 09:02:20
1653296540688144000,83.5,1,83.4,2,83.6,8,2,2022-05-23 09:02:20
1653296540804036000,83.4,2,83.3,23,83.6,8,2,2022-05-23 09:02:20
1653296540804036000,83.3,1,83.3,23,83.6,8,2,2022-05-23 09:02:20
1653296540840683000,83.5,1,83.3,23,83.6,8,1,2022-05-23 09:02:20
1653296541193895000,83.3,3,83.3,20,83.6,8,2,2022-05-23 09:02:21
1653296541339150000,83.5,1,83.3,20,83.6,8,2,2022-05-23 09:02:21
1653296542077645000,83.5,2,83.3,19,83.6,5,2,2022-05-23 09:02:22
1653296542077645000,83.3,1,83.3,19,83.6,5,2,2022-05-23 09:02:22
1653296542220512000,83.5,1,83.5,1,83.6,5,2,2022-05-23 09:02:22
1653296542311978000,83.5,1,83.3,17,83.6,5,2,2022-05-23 09:02:22
1653296542311978000,83.3,2,83.3,17,83.6,5,2,2022-05-23 09:02:22
1653296542414170000,83.6,5,83.3,12,83.6,3,1,2022-05-23 09:02:22
1653296542551429000,83.3,3,83.3,9,83.7,10,2,2022-05-23 09:02:22
1653296542973308000,83.3,3,83.3,6,83.5,1,2,2022-05-23 09:02:22
1653296543049839000,83.3,6,83.2,39,83.4,1,2,2022-05-23 09:02:23
1653296543200270000,83.2,3,83.2,36,83.3,1,2,2022-05-23 09:02:23
1653296543410627000,83.3,1,83.2,36,83.4,6,1,2022-05-23 09:02:23
1653296543428766000,83.2,3,83.2,33,83.4,6,2,2022-05-23 09:02:23
1653296544529356000,83.3,4,83.2,34,83.3,7,1,2022-05-23 09:02:24
1653296544562963000,83.2,1,83.2,33,83.3,7,2,2022-05-23 09:02:24
1653296544586300000,83.2,1,83.2,32,83.3,7,2,2022-05-23 09:02:24
1653296544652352000,83.2,11,83.2,21,83.3,7,2,2022-05-23 09:02:24
1653296544683070000,83.2,1,83.2,20,83.3,10,2,2022-05-23 09:02:24
1653296544713952000,83.2,1,83.2,19,83.3,10,2,2022-05-23 09:02:24
1653296544793590000,83.2,11,83.2,8,83.3,10,2,2022-05-23 09:02:24
1653296545108911000,83.2,1,83.2,7,83.3,10,2,2022-05-23 09:02:25
1653296545177448000,83.2,7,83.1,29,83.3,10,2,2022-05-23 09:02:25
1653296545602778000,83.3,1,83.1,29,83.3,6,1,2022-05-23 09:02:25
1653296545769816000,83.1,3,83.1,26,83.3,9,2,2022-05-23 09:02:25
1653296545921857000,83.2,1,83.1,26,83.3,9,1,2022-05-23 09:02:25
1653296546213852000,83.1,3,83.1,23,83.3,6,2,2022-05-23 09:02:26
1653296547213539000,83.1,3,83.1,20,83.2,2,2,2022-05-23 09:02:27
1653296547965402000,83.2,1,83.1,20,83.2,13,1,2022-05-23 09:02:27
1653296548606561000,83.1,20,83.0,74,83.2,13,2,2022-05-23 09:02:28
1653296549140459000,83.1,1,83.0,74,83.1,6,1,2022-05-23 09:02:29
1653296550227287000,83.0,2,83.0,73,83.1,8,2,2022-05-23 09:02:30
1653296550713318000,83.0,1,83.0,72,83.1,8,2,2022-05-23 09:02:30
1653296551083073000,83.0,3,83.0,69,83.1,8,2,2022-05-23 09:02:31
1653296551430049000,83.1,1,83.0,69,83.1,7,1,2022-05-23 09:02:31
1653296551807379000,83.0,1,83.0,68,83.1,7,2,2022-05-23 09:02:31
1653296551863742000,83.0,1,83.0,67,83.1,7,2,2022-05-23 09:02:31
1653296552073354000,83.1,1,83.0,67,83.1,6,1,2022-05-23 09:02:32
1653296552189009000,83.0,10,83.0,57,83.1,6,2,2022-05-23 09:02:32
1653296553547585000,83.0,1,83.0,57,83.1,8,2,2022-05-23 09:02:33
1653296553587851000,83.0,1,83.0,56,83.1,8,2,2022-05-23 09:02:33
1653296553750395000,83.1,1,83.0,56,83.1,7,1,2022-05-23 09:02:33
1653296553763881000,83.0,1,83.0,55,83.1,7,2,2022-05-23 09:02:33
1653296554243682000,83.0,1,83.0,54,83.1,7,2,2022-05-23 09:02:34
1653296555246275000,83.0,1,83.0,54,83.1,15,2,2022-05-23 09:02:35
1653296555681917000,83.1,3,83.0,54,83.1,12,1,2022-05-23 09:02:35
1653296556715546000,83.0,1,83.0,53,83.1,13,2,2022-05-23 09:02:36
1653296556962271000,83.0,20,83.0,33,83.1,14,2,2022-05-23 09:02:36
1653296556996312000,83.0,1,83.0,32,83.1,14,2,2022-05-23 09:02:36
1653296556997057000,83.0,1,83.0,31,83.1,14,2,2022-05-23 09:02:36
1653296557009080000,83.0,1,83.0,30,83.1,14,2,2022-05-23 09:02:37
1653296557017619000,83.0,1,83.0,29,83.1,14,2,2022-05-23 09:02:37
1653296557018590000,83.0,1,83.0,28,83.1,14,2,2022-05-23 09:02:37
1653296557081783000,83.0,4,83.0,24,83.1,14,2,2022-05-23 09:02:37
1653296558619859000,83.1,3,83.0,31,83.1,12,1,2022-05-23 09:02:38
1653296558648855000,83.0,1,83.0,30,83.1,12,2,2022-05-23 09:02:38
1653296559366401000,83.0,1,83.0,30,83.1,12,2,2022-05-23 09:02:39
1653296559426705000,83.0,1,83.0,29,83.1,12,2,2022-05-23 09:02:39
1653296560049314000,83.0,20,83.0,9,83.1,11,2,2022-05-23 09:02:40
1653296560059080000,83.1,10,83.0,9,83.1,1,1,2022-05-23 09:02:40
1653296560084134000,83.0,1,83.0,8,83.1,1,2,2022-05-23 09:02:40
1653296560090633000,83.0,1,83.0,7,83.1,1,2,2022-05-23 09:02:40
1653296561105535000,83.1,1,83.0,18,83.2,4,1,2022-05-23 09:02:41
1653296563087188000,83.1,3,83.0,27,83.2,4,2,2022-05-23 09:02:43
1653296563910838000,83.2,1,83.1,1,83.2,3,1,2022-05-23 09:02:43
1653296563944097000,83.1,1,83.0,38,83.1,8,2,2022-05-23 09:02:43
1653296563999745000,83.1,3,83.0,21,83.2,3,2,2022-05-23 09:02:43
1653296563999745000,83.0,17,83.0,21,83.2,3,2,2022-05-23 09:02:43
1653296564147247000,83.0,1,83.0,20,83.2,3,2,2022-05-23 09:02:44
1653296564894017000,83.1,1,83.0,24,83.2,3,2,2022-05-23 09:02:44
1653296565129229000,83.2,1,83.1,1,83.2,4,1,2022-05-23 09:02:45
1653296566525520000,83.1,1,83.1,3,83.2,4,2,2022-05-23 09:02:46
1653296567074103000,83.2,4,83.1,21,83.3,2,1,2022-05-23 09:02:47
1653296567208230000,83.1,1,83.1,20,83.3,2,2,2022-05-23 09:02:47
1653296567316830000,83.1,1,83.1,19,83.3,2,2,2022-05-23 09:02:47
1653296569106712000,83.1,10,83.1,7,83.2,23,2,2022-05-23 09:02:49
1653296569203380000,83.1,1,83.1,6,83.2,23,2,2022-05-23 09:02:49
1653296569570256000,83.2,5,83.1,6,83.2,18,1,2022-05-23 09:02:49
1653296569699988000,83.1,1,83.1,7,83.2,18,2,2022-05-23 09:02:49
1653296570041895000,83.1,1,83.1,12,83.2,18,2,2022-05-23 09:02:50
1653296570807032000,83.1,1,83.1,12,83.2,18,2,2022-05-23 09:02:50
1653296571506399000,83.2,5,83.1,19,83.2,13,1,2022-05-23 09:02:51
1653296571565200000,83.2,11,83.1,19,83.2,2,1,2022-05-23 09:02:51
1653296571596251000,83.2,2,83.1,19,83.3,2,1,2022-05-23 09:02:51
1653296572439795000,83.3,2,83.2,4,83.4,1,1,2022-05-23 09:02:52
1653296576233845000,83.4,1,83.3,1,83.4,5,1,2022-05-23 09:02:56
1653296577175132000,83.4,2,83.3,2,83.4,3,1,2022-05-23 09:02:57
1653296579689847000,83.4,1,83.4,1,83.5,2,1,2022-05-23 09:02:59
1653296579747995000,83.4,1,83.3,7,83.4,1,2,2022-05-23 09:02:59
1653296579748635000,83.3,1,83.3,6,83.4,1,2,2022-05-23 09:02:59
1653296580604630000,83.3,10,83.3,3,83.4,1,2,2022-05-23 09:03:00
1653296580891294000,83.4,1,83.3,3,83.5,6,1,2022-05-23 09:03:00
1653296581095906000,83.3,3,83.2,16,83.5,6,2,2022-05-23 09:03:01
1653296581095906000,83.2,1,83.2,16,83.5,6,2,2022-05-23 09:03:01
1653296581150540000,83.3,1,83.2,16,83.5,4,1,2022-05-23 09:03:01
1653296582432009000,83.4,1,83.3,1,83.5,4,2,2022-05-23 09:03:02
1653296582529242000,83.3,7,83.3,4,83.5,4,2,2022-05-23 09:03:02
1653296582880870000,83.3,1,83.3,3,83.5,4,2,2022-05-23 09:03:02
1653296582916199000,83.3,3,83.2,17,83.5,4,2,2022-05-23 09:03:02
1653296588047321000,83.3,2,83.3,7,83.4,29,2,2022-05-23 09:03:08
1653296588944034000,83.4,5,83.3,7,83.4,28,1,2022-05-23 09:03:08
1653296589607240000,83.4,1,83.3,9,83.4,27,1,2022-05-23 09:03:09
1653296594176802000,83.4,10,83.3,15,83.4,23,1,2022-05-23 09:03:14
1653296594723551000,83.4,3,83.3,15,83.4,20,1,2022-05-23 09:03:14
1653296594956309000,83.3,2,83.3,13,83.4,20,2,2022-05-23 09:03:14
1653296594964157000,83.3,1,83.3,12,83.4,20,2,2022-05-23 09:03:14
1653296595406666000,83.4,1,83.3,12,83.4,18,1,2022-05-23 09:03:15
1653296595846439000,83.3,5,83.3,7,83.4,18,2,2022-05-23 09:03:15
1653296595997012000,83.4,1,83.3,7,83.4,17,1,2022-05-23 09:03:15
1653296596014397000,83.3,1,83.3,6,83.4,16,2,2022-05-23 09:03:16
1653296596440480000,83.3,1,83.3,6,83.4,17,2,2022-05-23 09:03:16
1653296598168323000,83.3,20,83.3,3,83.4,23,2,2022-05-23 09:03:18
1653296598187767000,83.3,1,83.3,2,83.4,23,2,2022-05-23 09:03:18
1653296598376272000,83.4,5,83.3,2,83.4,18,1,2022-05-23 09:03:18
1653296598937558000,83.3,2,83.2,35,83.4,18,2,2022-05-23 09:03:18
1653296599700871000,83.3,1,83.2,35,83.3,5,1,2022-05-23 09:03:19
1653296599738117000,83.3,1,83.2,36,83.3,4,1,2022-05-23 09:03:19
1653296600483793000,83.3,1,83.2,36,83.3,9,1,2022-05-23 09:03:20
1653296600574271000,83.3,1,83.2,36,83.3,8,1,2022-05-23 09:03:20
1653296602565256000,83.3,8,83.2,33,83.3,1,1,2022-05-23 09:03:22
1653296604821329000,83.3,1,83.2,35,83.3,1,1,2022-05-23 09:03:24
1653296604987207000,83.3,1,83.2,35,83.4,13,1,2022-05-23 09:03:24
1653296606068276000,83.4,10,83.3,2,83.4,3,1,2022-05-23 09:03:26
1653296606197073000,83.3,2,83.2,35,83.4,3,2,2022-05-23 09:03:26
1653296606197073000,83.2,1,83.2,35,83.4,3,2,2022-05-23 09:03:26
1653296608238426000,83.4,2,83.3,3,83.4,1,1,2022-05-23 09:03:28
1653296609788364000,83.3,1,83.3,3,83.4,1,2,2022-05-23 09:03:29
1653296609818488000,83.3,3,83.2,56,83.4,1,2,2022-05-23 09:03:29
1653296614362243000,83.4,1,83.3,3,83.4,5,1,2022-05-23 09:03:34
1653296617705645000,83.4,1,83.3,15,83.4,6,1,2022-05-23 09:03:37
1653296617747741000,83.4,2,83.3,15,83.4,4,1,2022-05-23 09:03:37
1653296618488625000,83.4,4,83.4,6,83.5,12,1,2022-05-23 09:03:38
1653296618656926000,83.4,1,83.4,5,83.5,12,2,2022-05-23 09:03:38
1653296618873328000,83.4,2,83.4,3,83.5,12,2,2022-05-23 09:03:38
1653296626163660000,83.4,1,83.4,8,83.5,12,2,2022-05-23 09:03:46
1653296627448135000,83.5,10,83.4,10,83.5,3,1,2022-05-23 09:03:47
1653296631070184000,83.5,1,83.4,14,83.5,2,1,2022-05-23 09:03:51
1653296631452130000,83.5,1,83.4,14,83.5,1,1,2022-05-23 09:03:51
1653296631641743000,83.5,1,83.4,14,83.6,2,1,2022-05-23 09:03:51
1653296635175917000,83.6,1,83.5,5,83.6,1,1,2022-05-23 09:03:55
1653296638290690000,83.6,1,83.5,7,83.7,1,1,2022-05-23 09:03:58
1653296638290690000,83.7,4,83.5,7,83.7,1,1,2022-05-23 09:03:58
1653296639077933000,83.7,1,83.6,1,83.8,12,1,2022-05-23 09:03:59
1653296639077933000,83.8,1,83.6,1,83.8,12,1,2022-05-23 09:03:59
1653296639192076000,83.8,2,83.6,1,83.8,10,1,2022-05-23 09:03:59
1653296639494818000,83.6,1,83.5,8,83.8,10,2,2022-05-23 09:03:59
1653296641967333000,83.6,1,83.5,8,83.6,1,1,2022-05-23 09:04:01
1653296642287825000,83.5,8,83.4,17,83.6,1,2,2022-05-23 09:04:02
1653296643138924000,83.6,1,83.5,1,83.6,1,1,2022-05-23 09:04:03
1653296643588444000,83.6,1,83.5,1,83.6,10,1,2022-05-23 09:04:03
1653296644154115000,83.5,1,83.5,1,83.6,10,2,2022-05-23 09:04:04
1653296645130017000,83.6,1,83.5,1,83.6,9,1,2022-05-23 09:04:05
1653296646275933000,83.5,1,83.4,20,83.6,29,2,2022-05-23 09:04:06
1653296646337322000,83.4,11,83.4,9,83.6,29,2,2022-05-23 09:04:06
1653296646366336000,83.4,9,83.3,32,83.5,4,2,2022-05-23 09:04:06
1653296646871552000,83.5,2,83.3,32,83.5,2,1,2022-05-23 09:04:06
1653296646984884000,83.5,1,83.3,32,83.5,1,1,2022-05-23 09:04:06
1653296648484794000,83.5,1,83.3,32,83.5,2,1,2022-05-23 09:04:08
1653296648853388000,83.5,1,83.3,32,83.5,5,1,2022-05-23 09:04:08
1653296650416874000,83.5,1,83.3,32,83.5,9,1,2022-05-23 09:04:10
1653296651428877000,83.5,9,83.3,32,83.6,27,1,2022-05-23 09:04:11
1653296651428877000,83.6,1,83.3,32,83.6,27,1,2022-05-23 09:04:11
1653296652469831000,83.5,4,83.5,6,83.6,27,1,2022-05-23 09:04:12
1653296652500346000,83.5,6,83.4,1,83.6,27,2,2022-05-23 09:04:12
1653296652657274000,83.5,3,83.3,32,83.6,31,2,2022-05-23 09:04:12
1653296652657274000,83.4,1,83.3,32,83.6,31,2,2022-05-23 09:04:12
1653296653482049000,83.5,3,83.3,32,83.5,1,1,2022-05-23 09:04:13
1653296656154478000,83.4,1,83.3,32,83.5,10,2,2022-05-23 09:04:16
1653296656928320000,83.3,1,83.3,31,83.5,15,2,2022-05-23 09:04:16
1653296657323862000,83.5,5,83.3,32,83.5,10,1,2022-05-23 09:04:17
1653296657845116000,83.4,1,83.3,32,83.5,15,2,2022-05-23 09:04:17
1653296658278958000,83.4,1,83.3,33,83.5,16,2,2022-05-23 09:04:18
1653296659236734000,83.3,35,83.2,48,83.4,2,2,2022-05-23 09:04:19
1653296659270313000,83.2,12,83.2,36,83.4,2,2,2022-05-23 09:04:19
1653296659310069000,83.3,1,83.2,36,83.3,3,1,2022-05-23 09:04:19
1653296659767435000,83.3,1,83.2,36,83.3,2,1,2022-05-23 09:04:19
1653296660300543000,83.2,1,83.2,35,83.3,2,2,2022-05-23 09:04:20
1653296660564216000,83.3,1,83.2,35,83.3,5,1,2022-05-23 09:04:20
1653296661880605000,83.3,1,83.2,35,83.3,4,1,2022-05-23 09:04:21
1653296662083707000,83.4,2,83.2,35,83.4,5,1,2022-05-23 09:04:22
1653296662357152000,83.2,1,83.2,34,83.4,5,2,2022-05-23 09:04:22
1653296662519353000,83.4,1,83.2,34,83.4,4,1,2022-05-23 09:04:22
1653296662730965000,83.2,2,83.2,32,83.4,4,2,2022-05-23 09:04:22
1653296662790437000,83.4,4,83.2,32,83.5,16,1,2022-05-23 09:04:22
1653296662790437000,83.5,6,83.2,32,83.5,16,1,2022-05-23 09:04:22
1653296665539658000,83.4,2,83.3,3,83.5,15,1,2022-05-23 09:04:25
1653296665555287000,83.3,3,83.2,30,83.5,15,2,2022-05-23 09:04:25
1653296665555287000,83.2,2,83.2,30,83.5,15,2,2022-05-23 09:04:25
1653296670712806000,83.3,1,83.2,31,83.4,5,2,2022-05-23 09:04:30
1653296670712806000,83.2,1,83.2,31,83.4,5,2,2022-05-23 09:04:30
1653296670769272000,83.2,6,83.2,25,83.4,5,2,2022-05-23 09:04:30
1653296671135123000,83.3,1,83.3,2,83.4,5,2,2022-05-23 09:04:31
1653296671533603000,83.4,1,83.3,2,83.4,4,1,2022-05-23 09:04:31
1653296671995921000,83.4,1,83.3,2,83.4,3,1,2022-05-23 09:04:31
1653296672338781000,83.3,3,83.2,33,83.4,3,2,2022-05-23 09:04:32
1653296672338781000,83.2,3,83.2,33,83.4,3,2,2022-05-23 09:04:32
1653296672978790000,83.2,5,83.2,28,83.4,3,2,2022-05-23 09:04:32
1653296673462982000,83.2,6,83.2,22,83.4,4,2,2022-05-23 09:04:33
1653296674760435000,83.3,1,83.2,23,83.4,18,2,2022-05-23 09:04:34
1653296674786329000,83.2,10,83.2,13,83.4,18,2,2022-05-23 09:04:34
1653296676112222000,83.2,2,83.2,11,83.3,2,2,2022-05-23 09:04:36
1653296676659989000,83.2,10,83.2,3,83.3,3,2,2022-05-23 09:04:36
1653296676706161000,83.2,1,83.2,2,83.3,3,2,2022-05-23 09:04:36
1653296676725140000,83.2,2,83.1,29,83.3,3,2,2022-05-23 09:04:36
1653296680786677000,83.2,5,83.1,29,83.2,2,1,2022-05-23 09:04:40
1653296681877327000,83.2,2,83.2,6,83.3,2,1,2022-05-23 09:04:41
1653296682151907000,83.2,2,83.2,4,83.3,2,2,2022-05-23 09:04:42
1653296682658606000,83.2,1,83.2,4,83.3,2,2,2022-05-23 09:04:42
1653296682921479000,83.2,1,83.2,3,83.3,2,2,2022-05-23 09:04:42
1653296685956205000,83.3,1,83.2,6,83.3,1,1,2022-05-23 09:04:45
1653296686869427000,83.2,1,83.2,6,83.3,5,2,2022-05-23 09:04:46
1653296694732731000,83.2,1,83.2,20,83.3,5,2,2022-05-23 09:04:54
1653296696019183000,83.3,1,83.2,20,83.3,5,1,2022-05-23 09:04:56
1653296697663937000,83.3,1,83.2,19,83.3,4,1,2022-05-23 09:04:57
1653296698640288000,83.3,1,83.2,20,83.3,4,1,2022-05-23 09:04:58
1653296699117593000,83.3,2,83.2,20,83.3,4,1,2022-05-23 09:04:59
1653296700968708000,83.2,6,83.2,14,83.3,8,2,2022-05-23 09:05:00
1653296704977634000,83.2,1,83.2,17,83.3,28,2,2022-05-23 09:05:04
1653296706093745000,83.3,1,83.2,18,83.3,27,1,2022-05-23 09:05:06
1653296706331941000,83.3,1,83.2,18,83.3,26,1,2022-05-23 09:05:06
1653296707028371000,83.2,4,83.2,16,83.3,26,2,2022-05-23 09:05:07
1653296708499700000,83.2,1,83.2,18,83.3,26,2,2022-05-23 09:05:08
1653296708872013000,83.2,1,83.2,18,83.3,27,2,2022-05-23 09:05:08
1653296710930801000,83.2,3,83.2,15,83.3,27,2,2022-05-23 09:05:10
1653296711543016000,83.2,2,83.2,18,83.3,27,2,2022-05-23 09:05:11
1653296711761543000,83.2,1,83.2,27,83.3,27,2,2022-05-23 09:05:11
1653296713014940000,83.2,20,83.2,7,83.3,27,2,2022-05-23 09:05:13
1653296713050711000,83.2,1,83.2,6,83.3,27,2,2022-05-23 09:05:13
1653296714751361000,83.2,1,83.2,5,83.3,28,2,2022-05-23 09:05:14
1653296715368229000,83.2,2,83.2,4,83.3,28,2,2022-05-23 09:05:15
1653296715807481000,83.2,3,83.2,1,83.3,28,2,2022-05-23 09:05:15
1653296716136459000,83.2,1,83.1,40,83.2,1,2,2022-05-23 09:05:16
1653296716173542000,83.1,1,83.1,39,83.2,1,2,2022-05-23 09:05:16
1653296717058120000,83.1,1,83.1,38,83.2,1,2,2022-05-23 09:05:17
1653296717102930000,83.1,1,83.1,37,83.2,1,2,2022-05-23 09:05:17
1653296717552485000,83.2,1,83.2,1,83.3,29,1,2022-05-23 09:05:17
1653296717714822000,83.2,1,83.1,38,83.3,29,2,2022-05-23 09:05:17
1653296718452343000,83.1,2,83.1,36,83.2,2,2,2022-05-23 09:05:18
1653296720196731000,83.1,10,83.1,26,83.2,3,2,2022-05-23 09:05:20
1653296721063355000,83.1,18,83.1,8,83.2,5,2,2022-05-23 09:05:21
1653296721083838000,83.1,8,83.0,94,83.2,5,2,2022-05-23 09:05:21
1653296721405659000,83.0,1,83.0,93,83.1,1,2,2022-05-23 09:05:21
1653296721582698000,83.1,1,83.0,93,83.1,1,1,2022-05-23 09:05:21
1653296721869507000,83.0,2,83.0,91,83.1,6,2,2022-05-23 09:05:21
1653296722087409000,83.0,2,83.0,89,83.1,16,2,2022-05-23 09:05:22
1653296722131046000,83.0,2,83.0,87,83.1,16,2,2022-05-23 09:05:22
1653296722188575000,83.0,4,83.0,83,83.1,16,2,2022-05-23 09:05:22
1653296723283696000,83.0,2,83.0,81,83.1,26,2,2022-05-23 09:05:23
1653296723725321000,83.0,1,83.0,81,83.1,33,2,2022-05-23 09:05:23
1653296723756240000,83.1,1,83.0,81,83.1,32,1,2022-05-23 09:05:23
1653296723905655000,83.1,10,83.0,81,83.1,22,1,2022-05-23 09:05:23
1653296723937475000,83.0,1,83.0,80,83.1,22,2,2022-05-23 09:05:23
1653296724367570000,83.0,2,83.0,78,83.1,22,2,2022-05-23 09:05:24
1653296725128397000,83.0,1,83.0,77,83.1,22,2,2022-05-23 09:05:25
1653296725224780000,83.0,2,83.0,75,83.1,22,2,2022-05-23 09:05:25
1653296725992734000,83.0,1,83.0,73,83.1,23,2,2022-05-23 09:05:25
1653296727095038000,83.0,1,83.0,72,83.1,23,2,2022-05-23 09:05:27
1653296727212896000,83.0,7,83.0,65,83.1,23,2,2022-05-23 09:05:27
1653296727251500000,83.0,1,83.0,64,83.1,23,2,2022-05-23 09:05:27
1653296728113910000,83.0,1,83.0,43,83.1,24,2,2022-05-23 09:05:28
1653296728329062000,83.1,1,83.0,43,83.1,23,1,2022-05-23 09:05:28
1653296728552320000,83.0,2,83.0,41,83.1,23,2,2022-05-23 09:05:28
1653296729066169000,83.0,7,83.0,34,83.1,23,2,2022-05-23 09:05:29
1653296729360264000,83.0,1,83.0,33,83.1,23,2,2022-05-23 09:05:29
1653296729576217000,83.0,1,83.0,31,83.1,24,2,2022-05-23 09:05:29
1653296729921570000,83.0,5,83.0,26,83.1,24,2,2022-05-23 09:05:29
1653296729947924000,83.0,26,82.9,37,83.1,24,2,2022-05-23 09:05:29
1653296730202827000,83.0,1,82.9,37,83.0,3,1,2022-05-23 09:05:30
1653296730882826000,83.0,6,82.9,37,83.0,1,1,2022-05-23 09:05:30
1653296730998564000,83.0,1,82.9,37,83.1,24,1,2022-05-23 09:05:30
1653296731701526000,82.9,6,82.9,31,83.1,24,2,2022-05-23 09:05:31
1653296731858348000,83.0,1,83.0,9,83.1,24,1,2022-05-23 09:05:31
1653296731892633000,83.0,9,82.9,31,83.1,24,2,2022-05-23 09:05:31
1653296732151409000,82.9,6,82.9,25,83.1,24,2,2022-05-23 09:05:32
1653296732238819000,82.9,6,82.9,19,83.1,24,2,2022-05-23 09:05:32
1653296733807973000,82.9,1,82.9,18,83.0,11,2,2022-05-23 09:05:33
1653296733883198000,82.9,18,82.8,160,82.9,8,2,2022-05-23 09:05:33
1653296733898784000,82.9,1,82.8,160,82.9,7,1,2022-05-23 09:05:33
1653296733926901000,82.9,7,82.8,160,83.0,11,1,2022-05-23 09:05:33
1653296734031444000,82.9,1,82.8,160,83.0,11,1,2022-05-23 09:05:34
1653296734150695000,82.8,1,82.8,159,83.0,11,2,2022-05-23 09:05:34
1653296734591891000,83.0,1,82.9,11,83.0,11,1,2022-05-23 09:05:34
1653296734752289000,83.0,3,82.9,11,83.0,8,1,2022-05-23 09:05:34
1653296735626928000,82.9,2,82.9,9,83.0,10,2,2022-05-23 09:05:35
1653296735962238000,82.9,2,82.9,7,83.0,10,2,2022-05-23 09:05:35
1653296736229555000,82.9,3,82.9,4,83.0,14,2,2022-05-23 09:05:36
1653296737070710000,83.0,2,82.9,4,83.0,12,1,2022-05-23 09:05:37
1653296737671404000,82.9,3,82.9,2,83.0,20,2,2022-05-23 09:05:37
1653296738298351000,82.9,2,82.9,1,83.0,32,2,2022-05-23 09:05:38
1653296739236468000,83.0,1,82.9,3,83.0,34,1,2022-05-23 09:05:39
1653296739331932000,83.0,20,82.9,4,83.0,14,1,2022-05-23 09:05:39
1653296739356751000,83.0,1,82.9,4,83.0,13,1,2022-05-23 09:05:39
1653296739357063000,83.0,13,82.9,4,83.1,12,1,2022-05-23 09:05:39
1653296739694107000,83.0,2,82.9,8,83.1,13,2,2022-05-23 09:05:39
1653296740224671000,83.0,1,82.9,8,83.1,13,1,2022-05-23 09:05:40
1653296740304483000,83.1,1,82.9,8,83.1,12,1,2022-05-23 09:05:40
1653296740439883000,82.9,5,82.9,6,83.1,14,2,2022-05-23 09:05:40
1653296740534423000,83.0,4,82.9,6,83.0,6,1,2022-05-23 09:05:40
1653296741539026000,83.0,1,82.9,7,83.0,19,1,2022-05-23 09:05:41
1653296742862260000,82.9,5,82.9,3,83.0,20,2,2022-05-23 09:05:42
1653296743353381000,83.0,1,82.9,4,83.0,19,1,2022-05-23 09:05:43
1653296743500872000,83.0,1,82.9,4,83.0,18,1,2022-05-23 09:05:43
1653296744213972000,83.0,1,82.9,4,83.0,17,1,2022-05-23 09:05:44
1653296745134925000,82.9,1,82.9,3,83.0,27,2,2022-05-23 09:05:45
1653296745558342000,82.9,1,82.9,3,83.0,27,2,2022-05-23 09:05:45
1653296745610485000,82.9,1,82.9,2,83.0,27,2,2022-05-23 09:05:45
1653296745922329000,82.9,2,82.8,153,83.0,27,2,2022-05-23 09:05:45
1653296745922329000,82.8,3,82.8,153,83.0,27,2,2022-05-23 09:05:45
1653296747113357000,82.9,10,82.9,1,83.0,27,2,2022-05-23 09:05:47
1653296748191924000,82.9,1,82.8,152,83.0,30,2,2022-05-23 09:05:48
1653296749249955000,82.8,5,82.8,147,82.9,2,2,2022-05-23 09:05:49
1653296750285350000,82.9,2,82.8,147,82.9,1,1,2022-05-23 09:05:50
1653296751159981000,82.9,1,82.8,149,82.9,5,1,2022-05-23 09:05:51
1653296751193660000,82.9,2,82.8,149,82.9,3,1,2022-05-23 09:05:51
1653296751424514000,82.8,1,82.8,148,82.9,3,2,2022-05-23 09:05:51
1653296753234713000,82.9,1,82.8,150,82.9,2,1,2022-05-23 09:05:53
1653296753256054000,82.9,1,82.8,150,82.9,1,1,2022-05-23 09:05:53
1653296755004904000,82.8,1,82.8,149,82.9,1,2,2022-05-23 09:05:55
1653296755046006000,82.9,1,82.8,149,83.0,35,1,2022-05-23 09:05:55
1653296755204509000,82.9,1,82.8,149,83.0,35,1,2022-05-23 09:05:55
1653296756816085000,82.9,7,82.8,136,83.0,36,2,2022-05-23 09:05:56
1653296756816085000,82.8,13,82.8,136,83.0,36,2,2022-05-23 09:05:56
1653296757178043000,82.8,1,82.8,135,82.9,2,2,2022-05-23 09:05:57
1653296757185550000,82.8,2,82.8,133,82.9,2,2,2022-05-23 09:05:57
1653296757324182000,82.8,1,82.8,132,82.9,2,2,2022-05-23 09:05:57
1653296757554546000,82.9,1,82.8,132,82.9,1,1,2022-05-23 09:05:57
1653296761629122000,82.8,1,82.8,133,82.9,19,2,2022-05-23 09:06:01
1653296763742412000,82.9,1,82.8,133,82.9,22,1,2022-05-23 09:06:03
1653296764958494000,82.9,1,82.8,133,82.9,49,1,2022-05-23 09:06:04
1653296765979329000,82.9,2,82.8,135,82.9,47,1,2022-05-23 09:06:05
1653296767919834000,82.8,1,82.8,134,82.9,50,2,2022-05-23 09:06:07
1653296768387703000,82.8,2,82.8,132,82.9,50,2,2022-05-23 09:06:08
1653296768920774000,82.9,1,82.8,132,82.9,49,1,2022-05-23 09:06:08
1653296770297917000,82.9,1,82.8,132,82.9,51,1,2022-05-23 09:06:10
1653296770333406000,82.9,1,82.8,132,82.9,52,1,2022-05-23 09:06:10
1653296770369499000,82.8,1,82.8,131,82.9,52,2,2022-05-23 09:06:10
1653296772910627000,82.9,1,82.8,135,82.9,54,1,2022-05-23 09:06:12
1653296773761042000,82.9,19,82.8,135,82.9,35,1,2022-05-23 09:06:13
1653296773791849000,82.9,27,82.8,135,82.9,7,1,2022-05-23 09:06:13
1653296773826487000,82.9,7,82.8,136,83.0,27,1,2022-05-23 09:06:13
1653296773833880000,82.8,1,82.8,135,83.0,27,2,2022-05-23 09:06:13
1653296773842841000,82.8,1,82.8,133,83.0,27,2,2022-05-23 09:06:13
1653296774690995000,82.9,1,82.9,29,83.0,24,2,2022-05-23 09:06:14
1653296775410530000,83.0,1,82.9,26,83.0,24,1,2022-05-23 09:06:15
1653296775449546000,83.0,11,82.9,26,83.0,13,1,2022-05-23 09:06:15
1653296775938158000,83.0,11,82.9,28,83.0,1,1,2022-05-23 09:06:15
1653296775971033000,83.0,1,82.9,38,83.1,10,1,2022-05-23 09:06:15
1653296776499463000,83.1,1,82.9,37,83.1,9,1,2022-05-23 09:06:16
1653296776633705000,83.1,7,83.0,2,83.1,3,1,2022-05-23 09:06:16
1653296776765699000,83.1,2,83.0,4,83.2,4,1,2022-05-23 09:06:16
1653296777847581000,83.1,1,83.1,26,83.2,5,2,2022-05-23 09:06:17
1653296778822229000,83.2,1,83.1,26,83.2,2,1,2022-05-23 09:06:18
1653296780948064000,83.1,1,83.1,28,83.2,1,2,2022-05-23 09:06:20
1653296781691463000,83.3,3,83.1,24,83.3,8,1,2022-05-23 09:06:21
1653296781767027000,83.2,3,83.2,1,83.3,8,2,2022-05-23 09:06:21
1653296784659661000,83.3,1,83.1,24,83.3,7,1,2022-05-23 09:06:24
1653296785751820000,83.3,1,83.1,26,83.3,8,1,2022-05-23 09:06:25
1653296787066250000,83.3,1,83.2,3,83.3,12,1,2022-05-23 09:06:27
1653296787201459000,83.3,1,83.2,3,83.3,11,1,2022-05-23 09:06:27
1653296788929839000,83.2,7,83.1,26,83.2,13,2,2022-05-23 09:06:28
1653296789002820000,83.2,3,83.1,26,83.2,10,1,2022-05-23 09:06:29
1653296789422284000,83.2,1,83.1,26,83.2,9,1,2022-05-23 09:06:29
1653296792432845000,83.1,5,83.1,21,83.2,14,2,2022-05-23 09:06:32
1653296792466722000,83.1,1,83.1,20,83.2,14,2,2022-05-23 09:06:32
1653296792468334000,83.1,20,83.0,3,83.2,14,2,2022-05-23 09:06:32
1653296792496662000,83.0,1,83.0,2,83.2,14,2,2022-05-23 09:06:32
1653296792529185000,83.0,2,82.9,18,83.2,14,2,2022-05-23 09:06:32
1653296795030267000,83.0,5,82.9,19,83.1,1,2,2022-05-23 09:06:35
1653296796045142000,83.0,1,83.0,5,83.1,1,2,2022-05-23 09:06:36
1653296796390316000,83.0,1,83.0,4,83.1,1,2,2022-05-23 09:06:36
1653296797955161000,83.1,1,83.0,7,83.2,17,1,2022-05-23 09:06:37
1653296798925046000,83.0,1,83.0,6,83.2,17,2,2022-05-23 09:06:38
1653296800340929000,83.1,1,83.0,6,83.1,1,1,2022-05-23 09:06:40
1653296803561293000,83.1,1,83.0,15,83.1,1,1,2022-05-23 09:06:43
1653296804461304000,83.1,2,83.0,15,83.1,2,1,2022-05-23 09:06:44
1653296804492355000,83.1,2,83.0,15,83.2,17,1,2022-05-23 09:06:44
1653296804696225000,83.0,1,83.0,14,83.2,15,2,2022-05-23 09:06:44
1653296806589356000,83.1,1,83.0,16,83.2,19,2,2022-05-23 09:06:46
1653296807743798000,83.0,2,83.0,16,83.1,2,2,2022-05-23 09:06:47
1653296808868403000,83.1,2,83.0,16,83.2,19,1,2022-05-23 09:06:48
1653296809012142000,83.2,1,83.0,16,83.2,18,1,2022-05-23 09:06:49
1653296814151231000,83.2,5,83.1,5,83.2,13,1,2022-05-23 09:06:54
1653296814920083000,83.2,1,83.1,5,83.2,14,1,2022-05-23 09:06:54
1653296815818884000,83.1,5,83.1,5,83.2,14,2,2022-05-23 09:06:55
1653296818109293000,83.2,2,83.1,5,83.2,16,1,2022-05-23 09:06:58
1653296819449478000,83.2,1,83.1,5,83.2,16,1,2022-05-23 09:06:59
1653296824206778000,83.2,1,83.1,9,83.2,37,1,2022-05-23 09:07:04
1653296826023490000,83.1,1,83.1,8,83.2,38,2,2022-05-23 09:07:06
1653296829067072000,83.1,5,83.1,5,83.2,38,2,2022-05-23 09:07:09
1653296832624250000,83.1,2,83.1,5,83.2,38,2,2022-05-23 09:07:12
1653296832819496000,83.2,1,83.1,5,83.2,37,1,2022-05-23 09:07:12
1653296835322557000,83.1,1,83.1,4,83.2,37,2,2022-05-23 09:07:15
1653296836216567000,83.1,1,83.1,3,83.2,37,2,2022-05-23 09:07:16
1653296836716623000,83.1,1,83.1,2,83.2,37,2,2022-05-23 09:07:16
1653296837308207000,83.1,1,83.1,1,83.2,37,2,2022-05-23 09:07:17
1653296841117130000,83.1,4,83.1,3,83.2,38,2,2022-05-23 09:07:21
1653296844115516000,83.1,1,83.1,3,83.2,38,2,2022-05-23 09:07:24
1653296846474399000,83.1,1,83.1,3,83.2,38,2,2022-05-23 09:07:26
1653296846842669000,83.1,1,83.1,2,83.2,38,2,2022-05-23 09:07:26
1653296846855955000,83.1,1,83.1,1,83.2,38,2,2022-05-23 09:07:26
1653296850414586000,83.1,2,83.1,1,83.2,38,2,2022-05-23 09:07:30
1653296850420545000,83.1,1,83.0,61,83.2,32,2,2022-05-23 09:07:30
1653296850420545000,83.0,5,83.0,61,83.2,32,2,2022-05-23 09:07:30
1653296850546316000,83.0,6,83.0,55,83.1,1,2,2022-05-23 09:07:30
1653296850670239000,83.0,6,83.0,49,83.1,5,2,2022-05-23 09:07:30
1653296850727356000,83.0,1,83.0,48,83.1,5,2,2022-05-23 09:07:30
1653296852095235000,83.0,1,83.0,47,83.1,8,2,2022-05-23 09:07:32
1653296856727554000,83.0,1,83.0,47,83.1,12,2,2022-05-23 09:07:36
1653296857471119000,83.0,16,83.0,31,83.1,12,2,2022-05-23 09:07:37
1653296857492204000,83.0,1,83.0,30,83.1,12,2,2022-05-23 09:07:37
1653296857492589000,83.0,1,83.0,29,83.1,12,2,2022-05-23 09:07:37
1653296857492781000,83.0,1,83.0,28,83.1,12,2,2022-05-23 09:07:37
1653296857509152000,83.0,1,83.0,27,83.1,12,2,2022-05-23 09:07:37
1653296857509355000,83.0,1,83.0,26,83.1,12,2,2022-05-23 09:07:37
1653296857525248000,83.0,4,83.0,22,83.1,12,2,2022-05-23 09:07:37
1653296857590122000,83.0,3,83.0,19,83.1,12,2,2022-05-23 09:07:37
1653296857614526000,83.0,6,83.0,13,83.1,12,2,2022-05-23 09:07:37
1653296857617420000,83.0,11,83.0,2,83.1,12,2,2022-05-23 09:07:37
1653296857637028000,83.0,2,82.9,35,83.1,12,2,2022-05-23 09:07:37
1653296858390733000,83.0,1,82.9,35,83.1,14,1,2022-05-23 09:07:38
1653296868290044000,83.0,1,83.0,3,83.1,13,2,2022-05-23 09:07:48
1653296871200447000,83.0,1,83.0,7,83.1,13,2,2022-05-23 09:07:51
1653296876959434000,83.0,1,83.0,12,83.1,13,2,2022-05-23 09:07:56
1653296878579847000,83.0,1,83.0,10,83.1,13,2,2022-05-23 09:07:58
1653296880887553000,83.0,1,83.0,10,83.1,21,2,2022-05-23 09:08:00
1653296881953957000,83.0,6,83.0,4,83.1,21,2,2022-05-23 09:08:01
1653296881985797000,83.0,1,83.0,3,83.1,21,2,2022-05-23 09:08:01
1653296882001558000,83.0,1,83.0,2,83.1,21,2,2022-05-23 09:08:02
1653296883473806000,83.0,3,82.9,36,83.0,3,2,2022-05-23 09:08:03
1653296884929305000,82.9,1,82.9,35,83.0,10,2,2022-05-23 09:08:04
1653296885992249000,82.9,1,82.9,34,83.0,15,2,2022-05-23 09:08:05
1653296887285384000,83.0,1,82.9,34,83.0,14,1,2022-05-23 09:08:07
1653296890484954000,82.9,1,82.9,31,83.0,20,2,2022-05-23 09:08:10
1653296891083761000,83.0,2,82.9,31,83.0,18,1,2022-05-23 09:08:11
1653296891164103000,82.9,2,82.9,29,83.0,18,2,2022-05-23 09:08:11
1653296892167997000,83.0,1,82.9,29,83.0,17,1,2022-05-23 09:08:12
1653296892442710000,83.0,1,82.9,29,83.0,16,1,2022-05-23 09:08:12
1653296892852366000,83.0,2,82.9,29,83.0,14,1,2022-05-23 09:08:12
1653296895193757000,83.0,10,82.9,28,83.0,4,1,2022-05-23 09:08:15
1653296895228184000,83.0,4,82.9,28,83.1,19,1,2022-05-23 09:08:15
1653296895234600000,82.9,1,82.9,27,83.1,19,2,2022-05-23 09:08:15
1653296895329210000,82.9,3,82.9,24,83.1,19,2,2022-05-23 09:08:15
1653296896443652000,83.0,1,82.9,24,83.1,19,1,2022-05-23 09:08:16
1653296899335997000,83.0,1,82.9,24,83.1,19,2,2022-05-23 09:08:19
1653296902672448000,83.0,1,82.9,25,83.0,2,1,2022-05-23 09:08:22
1653296902713268000,83.0,2,82.9,25,83.1,16,1,2022-05-23 09:08:22
1653296906672548000,83.0,1,83.0,1,83.1,13,2,2022-05-23 09:08:26
1653296906708731000,83.0,1,82.9,30,83.1,13,2,2022-05-23 09:08:26
1653296906716900000,82.9,1,82.9,29,83.1,13,2,2022-05-23 09:08:26
1653296908517362000,83.0,2,82.9,29,83.1,13,2,2022-05-23 09:08:28
1653296908556794000,83.0,1,82.9,29,83.1,13,2,2022-05-23 09:08:28
1653296910954845000,83.0,1,82.9,29,83.1,13,2,2022-05-23 09:08:30
1653296917176893000,83.0,1,82.9,30,83.0,3,1,2022-05-23 09:08:37
1653296918516846000,83.0,3,82.9,30,83.0,1,1,2022-05-23 09:08:38
1653296926296396000,83.0,1,82.9,31,83.0,4,1,2022-05-23 09:08:46
1653296927056064000,83.0,1,82.9,31,83.0,3,1,2022-05-23 09:08:47
1653296927193088000,83.0,3,82.9,32,83.1,6,1,2022-05-23 09:08:47
1653296927193088000,83.1,7,82.9,32,83.1,6,1,2022-05-23 09:08:47
1653296927976289000,83.0,1,83.0,6,83.1,6,2,2022-05-23 09:08:47
1653296931715315000,83.0,1,83.0,8,83.1,6,2,2022-05-23 09:08:51
1653296936453890000,83.0,1,83.0,7,83.1,6,2,2022-05-23 09:08:56
1653296943360462000,83.0,6,83.0,2,83.1,6,2,2022-05-23 09:09:03
1653296943445493000,83.0,2,82.9,33,83.0,4,2,2022-05-23 09:09:03
1653296944709470000,83.0,1,82.9,32,83.0,3,1,2022-05-23 09:09:04
1653296945063385000,82.9,10,82.9,22,83.0,3,2,2022-05-23 09:09:05
1653296949502251000,82.9,3,82.9,27,83.0,3,2,2022-05-23 09:09:09
1653296949539309000,82.9,1,82.9,26,83.0,3,2,2022-05-23 09:09:09
1653296949601055000,82.9,1,82.9,25,83.0,3,2,2022-05-23 09:09:09
1653296949850484000,82.9,25,82.8,137,83.0,4,2,2022-05-23 09:09:09
1653296950519619000,82.9,1,82.8,137,82.9,3,1,2022-05-23 09:09:10
1653296952956934000,82.8,4,82.8,131,82.9,4,2,2022-05-23 09:09:12
1653296953541865000,82.8,5,82.8,126,82.9,4,2,2022-05-23 09:09:13
1653296953580022000,82.8,1,82.8,125,82.9,4,2,2022-05-23 09:09:13
1653296953741253000,82.9,1,82.8,127,82.9,3,1,2022-05-23 09:09:13
1653296958379924000,82.9,3,82.8,126,83.0,4,1,2022-05-23 09:09:18
1653296960240545000,82.9,1,82.8,128,83.0,6,1,2022-05-23 09:09:20
1653296962361290000,82.9,1,82.8,129,83.0,6,1,2022-05-23 09:09:22
1653296965807371000,82.9,1,82.9,1,83.0,4,2,2022-05-23 09:09:25
1653296965840478000,82.9,1,82.8,128,83.0,4,2,2022-05-23 09:09:25
1653296965875317000,82.9,1,82.8,128,83.0,4,1,2022-05-23 09:09:25
1653296967747227000,83.0,1,82.8,128,83.0,4,1,2022-05-23 09:09:27
1653296968334507000,83.0,4,82.8,129,83.1,5,1,2022-05-23 09:09:28
1653296969805353000,82.9,1,82.8,130,82.9,1,2,2022-05-23 09:09:29
1653296969826367000,82.9,1,82.8,130,83.1,7,1,2022-05-23 09:09:29
1653296971018619000,83.0,1,82.9,6,83.1,7,1,2022-05-23 09:09:31
1653296971529111000,83.0,1,82.9,6,83.1,6,1,2022-05-23 09:09:31
1653296972075471000,83.0,1,82.9,6,83.1,6,1,2022-05-23 09:09:32
1653296974318934000,83.1,1,82.9,11,83.1,5,1,2022-05-23 09:09:34
1653296975833038000,83.0,5,83.0,1,83.1,3,2,2022-05-23 09:09:35
1653296976170081000,82.9,1,82.9,11,83.1,3,2,2022-05-23 09:09:36
1653296976991810000,83.0,1,82.9,13,83.1,3,2,2022-05-23 09:09:36
1653296979958405000,83.1,3,83.0,4,83.2,17,1,2022-05-23 09:09:39
1653296980244582000,83.1,1,83.0,9,83.2,17,1,2022-05-23 09:09:40
1653296980729707000,83.0,1,83.0,9,83.2,17,2,2022-05-23 09:09:40
1653296982253204000,83.2,2,83.0,9,83.2,15,1,2022-05-23 09:09:42
1653296987104523000,83.2,11,83.1,8,83.2,4,1,2022-05-23 09:09:47
1653296987134011000,83.2,4,83.1,8,83.3,10,1,2022-05-23 09:09:47
1653296987344942000,83.3,8,83.2,6,83.4,27,1,2022-05-23 09:09:47
1653296993032390000,83.4,15,83.3,6,83.4,11,1,2022-05-23 09:09:53
1653296993219424000,83.4,1,83.3,6,83.4,10,1,2022-05-23 09:09:53
1653296994355714000,83.4,1,83.3,6,83.4,9,1,2022-05-23 09:09:54
1653296994644768000,83.4,2,83.3,6,83.4,7,1,2022-05-23 09:09:54
1653296995116055000,83.4,7,83.3,17,83.5,44,1,2022-05-23 09:09:55
1653296997646852000,83.4,1,83.4,6,83.5,44,2,2022-05-23 09:09:57
1653296998829637000,83.4,1,83.4,11,83.5,44,2,2022-05-23 09:09:58
1653296999055237000,83.4,1,83.4,10,83.5,44,2,2022-05-23 09:09:59
1653296999469153000,83.5,1,83.4,10,83.5,43,1,2022-05-23 09:09:59
1653297000482383000,83.5,1,83.4,11,83.5,42,1,2022-05-23 09:10:00
1653297000486088000,83.5,1,83.4,11,83.5,41,1,2022-05-23 09:10:00
1653297000808499000,83.5,1,83.4,11,83.5,40,1,2022-05-23 09:10:00
1653297001834145000,83.5,1,83.4,12,83.5,40,1,2022-05-23 09:10:01
1653297001981450000,83.5,3,83.4,13,83.5,37,1,2022-05-23 09:10:01
1653297004720117000,83.5,2,83.4,15,83.5,36,1,2022-05-23 09:10:04
1653297005314904000,83.5,1,83.4,10,83.5,36,1,2022-05-23 09:10:05
1653297006300824000,83.5,1,83.4,11,83.5,41,1,2022-05-23 09:10:06
1653297009871081000,83.5,2,83.4,12,83.5,45,1,2022-05-23 09:10:09
1653297011419794000,83.5,1,83.4,12,83.5,44,1,2022-05-23 09:10:11
1653297012419988000,83.4,2,83.4,10,83.5,44,2,2022-05-23 09:10:12
1653297012493379000,83.5,1,83.4,10,83.5,43,1,2022-05-23 09:10:12
1653297015699952000,83.4,1,83.4,6,83.5,43,2,2022-05-23 09:10:15
1653297015741064000,83.4,6,83.3,13,83.5,43,2,2022-05-23 09:10:15
1653297015755436000,83.3,13,83.2,3,83.4,1,2,2022-05-23 09:10:15
1653297017474412000,83.4,2,83.2,3,83.4,11,1,2022-05-23 09:10:17
1653297017962360000,83.3,1,83.2,3,83.5,41,1,2022-05-23 09:10:17
1653297017962360000,83.4,11,83.2,3,83.5,41,1,2022-05-23 09:10:17
1653297017962360000,83.5,3,83.2,3,83.5,41,1,2022-05-23 09:10:17
1653297021199299000,83.4,1,83.2,6,83.4,7,1,2022-05-23 09:10:21
1653297021595894000,83.4,3,83.2,6,83.4,6,1,2022-05-23 09:10:21
1653297028167498000,83.4,1,83.3,4,83.4,24,1,2022-05-23 09:10:28
1653297028643535000,83.3,1,83.3,3,83.4,24,2,2022-05-23 09:10:28
1653297030092566000,83.3,2,83.3,1,83.4,24,2,2022-05-23 09:10:30
1653297032291871000,83.3,1,83.2,11,83.4,24,2,2022-05-23 09:10:32
1653297032291871000,83.2,5,83.2,11,83.4,24,2,2022-05-23 09:10:32
1653297033603542000,83.3,2,83.2,7,83.4,25,2,2022-05-23 09:10:33
1653297033603542000,83.2,4,83.2,7,83.4,25,2,2022-05-23 09:10:33
1653297033638996000,83.2,7,83.1,19,83.4,25,2,2022-05-23 09:10:33
1653297036079147000,83.2,1,83.1,19,83.3,2,2,2022-05-23 09:10:36
1653297036107079000,83.1,19,83.0,13,83.3,2,2,2022-05-23 09:10:36
1653297048860888000,83.1,1,83.1,4,83.2,19,1,2022-05-23 09:10:48
1653297050692338000,83.1,4,83.0,23,83.1,1,2,2022-05-23 09:10:50
1653297052279980000,83.1,1,83.1,1,83.2,21,1,2022-05-23 09:10:52
1653297052813889000,83.1,1,83.0,22,83.2,21,2,2022-05-23 09:10:52
1653297053335768000,83.1,1,83.0,22,83.2,18,1,2022-05-23 09:10:53
1653297056259018000,83.1,1,83.0,22,83.2,17,1,2022-05-23 09:10:56
1653297056259018000,83.2,1,83.0,22,83.2,17,1,2022-05-23 09:10:56
1653297062791680000,83.1,1,83.0,28,83.2,30,2,2022-05-23 09:11:02
1653297068798212000,83.1,2,83.0,31,83.2,34,2,2022-05-23 09:11:08
1653297070000209000,83.1,1,83.0,32,83.2,27,1,2022-05-23 09:11:10
1653297070000209000,83.2,7,83.0,32,83.2,27,1,2022-05-23 09:11:10
1653297071176677000,83.1,1,83.0,33,83.2,27,2,2022-05-23 09:11:11
1653297071412463000,83.0,1,83.0,32,83.1,1,2,2022-05-23 09:11:11
1653297072995561000,83.1,1,83.1,1,83.2,26,1,2022-05-23 09:11:12
1653297086852444000,83.1,1,83.1,9,83.2,26,2,2022-05-23 09:11:26
1653297088288843000,83.1,1,83.1,8,83.2,26,2,2022-05-23 09:11:28
1653297088320533000,83.1,1,83.1,7,83.2,26,2,2022-05-23 09:11:28
1653297089126752000,83.1,1,83.1,7,83.2,26,2,2022-05-23 09:11:29
1653297090439666000,83.1,1,83.1,6,83.2,26,2,2022-05-23 09:11:30
1653297090528947000,83.1,6,83.0,28,83.2,20,2,2022-05-23 09:11:30
1653297091344991000,83.1,1,83.0,28,83.1,4,1,2022-05-23 09:11:31
1653297092469906000,83.0,6,83.0,22,83.1,5,2,2022-05-23 09:11:32
1653297092525807000,83.0,1,83.0,21,83.1,5,2,2022-05-23 09:11:32
1653297094807932000,83.1,4,83.0,23,83.1,1,1,2022-05-23 09:11:34
1653297095695016000,83.1,1,83.1,1,83.2,9,1,2022-05-23 09:11:35
1653297099447778000,83.1,1,83.1,1,83.2,10,2,2022-05-23 09:11:39
1653297100907443000,83.1,1,83.1,1,83.2,10,2,2022-05-23 09:11:40
1653297101655951000,83.1,1,83.0,23,83.2,10,2,2022-05-23 09:11:41
1653297113797906000,83.1,1,83.1,7,83.2,10,2,2022-05-23 09:11:53
1653297120193339000,83.1,2,83.1,6,83.2,10,2,2022-05-23 09:12:00
1653297120693676000,83.1,6,83.0,25,83.2,10,2,2022-05-23 09:12:00
1653297122913072000,83.1,6,83.1,5,83.2,10,1,2022-05-23 09:12:02
1653297126815608000,83.1,2,83.1,3,83.2,13,2,2022-05-23 09:12:06
1653297129883178000,83.2,2,83.1,6,83.2,12,1,2022-05-23 09:12:09
1653297133165281000,83.2,3,83.1,9,83.2,9,1,2022-05-23 09:12:13
1653297134320143000,83.2,3,83.1,9,83.2,8,1,2022-05-23 09:12:14
1653297135223575000,83.2,1,83.1,9,83.2,7,1,2022-05-23 09:12:15
1653297135870177000,83.2,1,83.1,6,83.2,6,1,2022-05-23 09:12:15
1653297138672665000,83.2,1,83.1,7,83.2,5,1,2022-05-23 09:12:18
1653297139648458000,83.2,1,83.1,8,83.2,4,1,2022-05-23 09:12:19
1653297140480473000,83.2,1,83.1,8,83.2,3,1,2022-05-23 09:12:20
1653297140512283000,83.2,3,83.1,8,83.3,4,1,2022-05-23 09:12:20
1653297148224342000,83.2,5,83.1,10,83.3,4,2,2022-05-23 09:12:28
1653297152961550000,83.2,1,83.2,2,83.3,4,2,2022-05-23 09:12:32
1653297174844549000,83.3,5,83.2,10,83.3,8,1,2022-05-23 09:12:54
1653297175266997000,83.2,1,83.2,9,83.3,8,2,2022-05-23 09:12:55
1653297176425558000,83.3,5,83.2,9,83.3,3,1,2022-05-23 09:12:56
1653297180954748000,83.3,4,83.2,11,83.4,15,1,2022-05-23 09:13:00
1653297181270280000,83.3,1,83.2,11,83.3,5,2,2022-05-23 09:13:01
1653297181604762000,83.3,5,83.3,5,83.4,13,1,2022-05-23 09:13:01
1653297184732829000,83.3,2,83.3,53,83.4,13,2,2022-05-23 09:13:04
1653297186869748000,83.4,5,83.3,53,83.4,11,1,2022-05-23 09:13:06
1653297189668321000,83.4,1,83.3,55,83.4,13,1,2022-05-23 09:13:09
1653297190006056000,83.4,1,83.3,55,83.4,12,1,2022-05-23 09:13:10
1653297190345891000,83.4,2,83.3,55,83.4,10,1,2022-05-23 09:13:10
1653297191362914000,83.4,5,83.3,56,83.4,5,1,2022-05-23 09:13:11
1653297191594994000,83.4,5,83.3,56,83.4,1,1,2022-05-23 09:13:11
1653297191630710000,83.4,1,83.4,1,83.5,29,1,2022-05-23 09:13:11
1653297193250318000,83.4,5,83.3,56,83.5,29,2,2022-05-23 09:13:13
1653297196114723000,83.4,1,83.3,56,83.5,29,2,2022-05-23 09:13:16
1653297197377601000,83.4,1,83.3,59,83.5,31,2,2022-05-23 09:13:17
1653297198216959000,83.4,1,83.3,38,83.5,31,2,2022-05-23 09:13:18
1653297198216959000,83.3,21,83.3,38,83.5,31,2,2022-05-23 09:13:18
1653297199849285000,83.4,2,83.3,38,83.5,31,2,2022-05-23 09:13:19
1653297204761947000,83.4,2,83.3,44,83.5,30,2,2022-05-23 09:13:24
1653297209660013000,83.4,2,83.3,45,83.5,31,2,2022-05-23 09:13:29
1653297212947251000,83.5,1,83.3,47,83.5,30,1,2022-05-23 09:13:32
1653297217476062000,83.4,1,83.4,3,83.5,30,2,2022-05-23 09:13:37
1653297218272542000,83.4,3,83.4,2,83.5,30,2,2022-05-23 09:13:38
1653297220667428000,83.4,1,83.4,2,83.5,31,2,2022-05-23 09:13:40
1653297224593882000,83.5,1,83.4,9,83.5,29,1,2022-05-23 09:13:44
1653297224623305000,83.5,4,83.4,9,83.5,25,1,2022-05-23 09:13:44
1653297227312540000,83.5,1,83.4,15,83.5,24,1,2022-05-23 09:13:47
1653297227590776000,83.5,2,83.4,20,83.5,22,1,2022-05-23 09:13:47
1653297230583043000,83.4,25,83.3,55,83.4,8,2,2022-05-23 09:13:50
1653297231337596000,83.4,1,83.3,55,83.4,7,1,2022-05-23 09:13:51
1653297231755479000,83.4,1,83.3,55,83.4,6,1,2022-05-23 09:13:51
1653297232148329000,83.4,5,83.3,55,83.4,1,1,2022-05-23 09:13:52
1653297232312424000,83.4,1,83.3,55,83.5,20,1,2022-05-23 09:13:52
1653297233103744000,83.5,2,83.4,1,83.5,18,1,2022-05-23 09:13:53
1653297236915060000,83.5,1,83.4,7,83.5,18,1,2022-05-23 09:13:56
1653297238588764000,83.4,1,83.4,6,83.5,23,2,2022-05-23 09:13:58
1653297238669594000,83.5,1,83.4,6,83.5,22,1,2022-05-23 09:13:58
1653297244859868000,83.5,1,83.4,8,83.5,22,1,2022-05-23 09:14:04
1653297245946720000,83.5,1,83.4,8,83.5,21,1,2022-05-23 09:14:05
1653297246062482000,83.5,1,83.4,8,83.5,20,1,2022-05-23 09:14:06
1653297247047673000,83.5,10,83.4,8,83.5,10,1,2022-05-23 09:14:07
1653297247141400000,83.5,2,83.4,8,83.5,8,1,2022-05-23 09:14:07
1653297247440821000,83.5,8,83.5,2,83.6,27,1,2022-05-23 09:14:07
1653297247683399000,83.6,2,83.5,3,83.6,25,1,2022-05-23 09:14:07
1653297247811334000,83.6,2,83.5,4,83.6,23,1,2022-05-23 09:14:07
1653297247837548000,83.6,3,83.5,4,83.6,20,1,2022-05-23 09:14:07
1653297247855289000,83.6,1,83.5,4,83.6,19,1,2022-05-23 09:14:07
1653297248820678000,83.6,2,83.5,4,83.6,17,1,2022-05-23 09:14:08
1653297249700419000,83.6,1,83.5,9,83.6,16,1,2022-05-23 09:14:09
1653297249914772000,83.6,2,83.5,9,83.6,14,1,2022-05-23 09:14:09
1653297251237722000,83.6,1,83.5,14,83.6,13,1,2022-05-23 09:14:11
1653297252153056000,83.6,1,83.5,15,83.6,12,1,2022-05-23 09:14:12
1653297252668302000,83.6,1,83.5,15,83.6,11,1,2022-05-23 09:14:12
1653297252805506000,83.6,1,83.5,15,83.6,10,1,2022-05-23 09:14:12
1653297253340194000,83.6,2,83.5,15,83.6,8,1,2022-05-23 09:14:13
1653297254085675000,83.6,5,83.5,15,83.6,3,1,2022-05-23 09:14:14
1653297254452631000,83.6,3,83.5,17,83.7,37,1,2022-05-23 09:14:14
1653297254452631000,83.7,7,83.5,17,83.7,37,1,2022-05-23 09:14:14
1653297254784744000,83.7,1,83.6,5,83.7,36,1,2022-05-23 09:14:14
1653297255802205000,83.7,1,83.6,21,83.7,35,1,2022-05-23 09:14:15
1653297256035197000,83.6,1,83.6,22,83.7,35,2,2022-05-23 09:14:16
1653297256497448000,83.7,5,83.6,32,83.7,30,1,2022-05-23 09:14:16
1653297256538183000,83.7,29,83.6,32,83.7,1,1,2022-05-23 09:14:16
1653297256570211000,83.7,1,83.6,32,83.8,26,1,2022-05-23 09:14:16
1653297256570211000,83.8,6,83.6,32,83.8,26,1,2022-05-23 09:14:16
1653297256814348000,83.8,1,83.6,32,83.8,25,1,2022-05-23 09:14:16
1653297257263279000,83.8,11,83.6,32,83.8,14,1,2022-05-23 09:14:17
1653297257290336000,83.8,9,83.6,32,83.8,5,1,2022-05-23 09:14:17
1653297257290367000,83.8,2,83.6,32,83.8,3,1,2022-05-23 09:14:17
1653297257290384000,83.8,3,83.6,32,83.9,36,1,2022-05-23 09:14:17
1653297257399505000,83.7,1,83.7,4,83.9,36,2,2022-05-23 09:14:17
1653297257478485000,83.9,3,83.7,6,83.9,33,1,2022-05-23 09:14:17
1653297257521645000,83.9,1,83.7,6,83.9,32,1,2022-05-23 09:14:17
1653297257705635000,83.7,1,83.7,6,83.9,32,2,2022-05-23 09:14:17
1653297257796539000,83.7,1,83.7,5,83.9,32,2,2022-05-23 09:14:17
1653297258699931000,83.9,2,83.8,1,83.9,37,1,2022-05-23 09:14:18
1653297259320008000,83.9,1,83.8,5,83.9,36,1,2022-05-23 09:14:19
1653297259940193000,83.9,1,83.8,7,83.9,35,1,2022-05-23 09:14:19
1653297261784010000,83.9,1,83.8,5,83.9,33,1,2022-05-23 09:14:21
1653297262297629000,83.8,9,83.7,6,83.8,1,2,2022-05-23 09:14:22
1653297262335955000,83.8,1,83.7,6,83.9,23,1,2022-05-23 09:14:22
1653297263804954000,83.9,1,83.8,3,83.9,23,1,2022-05-23 09:14:23
1653297264176443000,83.9,1,83.8,3,83.9,22,1,2022-05-23 09:14:24
1653297265176280000,83.8,2,83.8,2,83.9,25,2,2022-05-23 09:14:25
1653297265615501000,83.8,2,83.7,4,83.9,25,2,2022-05-23 09:14:25
1653297265761492000,83.8,1,83.8,2,83.9,25,2,2022-05-23 09:14:25
1653297266341910000,83.8,2,83.8,1,83.9,25,2,2022-05-23 09:14:26
1653297267298501000,83.9,1,83.8,2,83.9,24,1,2022-05-23 09:14:27
1653297268320945000,83.8,1,83.8,6,83.9,23,2,2022-05-23 09:14:28
1653297268459346000,83.9,1,83.8,6,83.9,22,1,2022-05-23 09:14:28
1653297268832339000,83.8,1,83.8,6,83.9,25,2,2022-05-23 09:14:28
1653297269093865000,83.8,2,83.8,6,83.9,25,2,2022-05-23 09:14:29
1653297269768538000,83.9,1,83.8,7,83.9,24,1,2022-05-23 09:14:29
1653297269808531000,83.8,2,83.8,5,83.9,24,2,2022-05-23 09:14:29
1653297269891722000,83.9,1,83.8,5,83.9,23,1,2022-05-23 09:14:29
1653297270579913000,83.9,2,83.8,5,83.9,26,1,2022-05-23 09:14:30
1653297271005026000,83.9,1,83.8,6,83.9,25,1,2022-05-23 09:14:31
1653297271150427000,83.9,1,83.8,7,83.9,24,1,2022-05-23 09:14:31
1653297271844963000,83.9,1,83.8,11,83.9,23,1,2022-05-23 09:14:31
1653297272247982000,83.8,2,83.8,11,83.9,23,2,2022-05-23 09:14:32
1653297272999883000,83.9,10,83.8,11,83.9,13,1,2022-05-23 09:14:32
1653297274477038000,83.9,3,83.8,15,83.9,10,1,2022-05-23 09:14:34
1653297274623029000,83.9,2,83.8,19,83.9,8,1,2022-05-23 09:14:34
1653297274708326000,83.9,1,83.8,19,83.9,7,1,2022-05-23 09:14:34
1653297274843258000,83.9,1,83.8,15,83.9,11,1,2022-05-23 09:14:34
1653297275083745000,83.9,1,83.8,15,83.9,10,1,2022-05-23 09:14:35
1653297275121980000,83.9,4,83.8,15,83.9,6,1,2022-05-23 09:14:35
1653297275195135000,83.9,5,83.8,15,83.9,1,1,2022-05-23 09:14:35
1653297275657108000,83.9,1,83.8,19,84.0,14,1,2022-05-23 09:14:35
1653297275825432000,84.0,1,83.8,20,84.0,13,1,2022-05-23 09:14:35
1653297276131105000,84.0,1,83.9,2,84.0,12,1,2022-05-23 09:14:36
1653297276577472000,84.0,1,83.9,2,84.0,11,1,2022-05-23 09:14:36
1653297276603145000,84.0,5,83.9,2,84.0,6,1,2022-05-23 09:14:36
1653297278947631000,84.0,1,83.9,12,84.0,4,1,2022-05-23 09:14:38
1653297279385637000,84.0,4,84.0,1,84.1,7,1,2022-05-23 09:14:39
1653297280271237000,84.0,1,84.0,6,84.1,9,2,2022-05-23 09:14:40
1653297280397876000,84.0,1,84.0,5,84.1,9,2,2022-05-23 09:14:40
1653297281234379000,84.0,4,84.0,6,84.1,9,2,2022-05-23 09:14:41
1653297281339838000,84.1,1,84.0,6,84.1,8,1,2022-05-23 09:14:41
1653297282371918000,84.1,2,84.0,11,84.1,9,1,2022-05-23 09:14:42
1653297283040105000,84.1,1,84.0,13,84.1,9,1,2022-05-23 09:14:43
1653297284025070000,84.1,1,84.0,16,84.1,9,1,2022-05-23 09:14:44
1653297284267000000,84.0,5,84.0,11,84.1,10,2,2022-05-23 09:14:44
1653297284413259000,84.1,3,84.0,11,84.1,7,1,2022-05-23 09:14:44
1653297284543285000,84.1,1,84.0,11,84.1,6,1,2022-05-23 09:14:44
1653297284772567000,84.1,3,84.0,11,84.1,3,1,2022-05-23 09:14:44
1653297285250717000,84.0,1,84.0,11,84.1,3,2,2022-05-23 09:14:45
1653297285539662000,84.1,2,84.0,11,84.1,1,1,2022-05-23 09:14:45
1653297285578520000,84.1,1,84.0,11,84.2,27,1,2022-05-23 09:14:45
1653297285591564000,84.2,5,84.0,11,84.2,22,1,2022-05-23 09:14:45
1653297285683856000,84.1,1,84.0,11,84.1,2,1,2022-05-23 09:14:45
1653297285764390000,84.1,2,84.1,8,84.2,22,1,2022-05-23 09:14:45
1653297285889637000,84.1,1,84.1,7,84.2,22,2,2022-05-23 09:14:45
1653297285901440000,84.2,20,84.1,7,84.2,2,1,2022-05-23 09:14:45
1653297286300186000,84.2,1,84.1,9,84.2,1,1,2022-05-23 09:14:46
1653297286717297000,84.2,1,84.1,9,84.3,27,1,2022-05-23 09:14:46
1653297287576995000,84.3,2,84.2,2,84.3,25,1,2022-05-23 09:14:47
1653297287782673000,84.3,1,84.2,2,84.3,25,1,2022-05-23 09:14:47
1653297288173103000,84.2,1,84.2,4,84.3,25,2,2022-05-23 09:14:48
1653297288572273000,84.3,2,84.2,5,84.3,23,1,2022-05-23 09:14:48
1653297289575548000,84.2,1,84.2,7,84.3,23,2,2022-05-23 09:14:49
1653297289661801000,84.3,1,84.2,7,84.3,24,1,2022-05-23 09:14:49
1653297290903470000,84.3,1,84.2,10,84.3,23,1,2022-05-23 09:14:50
1653297290907234000,84.3,1,84.2,10,84.3,22,1,2022-05-23 09:14:50
1653297290963804000,84.3,2,84.2,10,84.3,20,1,2022-05-23 09:14:50
1653297291004627000,84.3,1,84.2,10,84.3,19,1,2022-05-23 09:14:51
1653297291004788000,84.3,3,84.2,10,84.3,16,1,2022-05-23 09:14:51
1653297291583213000,84.3,1,84.2,18,84.3,15,1,2022-05-23 09:14:51
1653297291773115000,84.3,1,84.2,18,84.3,14,1,2022-05-23 09:14:51
1653297291776062000,84.3,2,84.2,18,84.3,12,1,2022-05-23 09:14:51
1653297292031985000,84.3,1,84.2,18,84.3,11,1,2022-05-23 09:14:52
1653297292056176000,84.3,4,84.2,18,84.3,7,1,2022-05-23 09:14:52
1653297292130633000,84.3,2,84.2,18,84.3,1,1,2022-05-23 09:14:52
1653297292404225000,84.3,1,84.2,21,84.4,30,1,2022-05-23 09:14:52
1653297292816054000,84.4,1,84.3,3,84.4,29,1,2022-05-23 09:14:52
1653297292967875000,84.4,1,84.3,4,84.4,29,1,2022-05-23 09:14:52
1653297293165006000,84.4,10,84.3,4,84.4,19,1,2022-05-23 09:14:53
1653297293272788000,84.4,1,84.3,8,84.4,18,1,2022-05-23 09:14:53
1653297293676830000,84.4,1,84.3,8,84.4,17,1,2022-05-23 09:14:53
1653297293838786000,84.4,2,84.3,9,84.4,15,1,2022-05-23 09:14:53
1653297293870678000,84.4,1,84.3,9,84.4,14,1,2022-05-23 09:14:53
1653297294038698000,84.3,4,84.3,8,84.4,14,2,2022-05-23 09:14:54
1653297294089706000,84.4,1,84.3,9,84.4,13,1,2022-05-23 09:14:54
1653297294351577000,84.4,5,84.3,10,84.4,8,1,2022-05-23 09:14:54
1653297294481205000,84.4,8,84.4,5,84.5,58,1,2022-05-23 09:14:54
1653297294609347000,84.5,3,84.4,5,84.5,55,1,2022-05-23 09:14:54
1653297295000871000,84.5,2,84.4,5,84.5,54,1,2022-05-23 09:14:55
1653297295256338000,84.4,1,84.4,4,84.5,54,2,2022-05-23 09:14:55
1653297295874510000,84.5,1,84.4,4,84.5,53,1,2022-05-23 09:14:55
1653297296055872000,84.5,1,84.4,8,84.5,52,1,2022-05-23 09:14:56
1653297296151307000,84.5,10,84.4,8,84.5,42,1,2022-05-23 09:14:56
1653297296399298000,84.4,1,84.4,11,84.5,42,2,2022-05-23 09:14:56
1653297296513449000,84.5,2,84.4,7,84.5,40,1,2022-05-23 09:14:56
1653297296756735000,84.5,1,84.4,7,84.5,39,1,2022-05-23 09:14:56
1653297296758003000,84.5,1,84.4,7,84.5,38,1,2022-05-23 09:14:56
1653297296889185000,84.4,3,84.4,8,84.5,38,2,2022-05-23 09:14:56
1653297297034681000,84.5,1,84.4,6,84.5,37,1,2022-05-23 09:14:57
1653297297243563000,84.5,2,84.4,10,84.5,34,1,2022-05-23 09:14:57
1653297297482859000,84.5,1,84.4,10,84.5,33,1,2022-05-23 09:14:57
1653297297624927000,84.5,2,84.4,10,84.5,31,1,2022-05-23 09:14:57
1653297297644892000,84.5,1,84.4,10,84.5,30,1,2022-05-23 09:14:57
1653297298045410000,84.5,30,84.4,11,84.8,74,1,2022-05-23 09:14:58
1653297298045410000,84.6,11,84.4,11,84.8,74,1,2022-05-23 09:14:58
1653297298045410000,84.7,22,84.4,11,84.8,74,1,2022-05-23 09:14:58
1653297298045410000,84.8,93,84.4,11,84.8,74,1,2022-05-23 09:14:58
1653297298126120000,84.5,1,84.5,3,84.8,78,2,2022-05-23 09:14:58
1653297298162711000,84.5,3,84.4,13,84.8,78,2,2022-05-23 09:14:58
1653297298177604000,84.8,10,84.4,13,84.8,68,1,2022-05-23 09:14:58
1653297298262500000,84.8,2,84.6,1,84.8,66,1,2022-05-23 09:14:58
1653297298281432000,84.8,2,84.6,1,84.8,64,1,2022-05-23 09:14:58
1653297298394672000,84.8,1,84.6,1,84.8,63,1,2022-05-23 09:14:58
1653297298406254000,84.6,1,84.5,1,84.8,63,2,2022-05-23 09:14:58
1653297298465749000,84.5,2,84.5,3,84.8,63,2,2022-05-23 09:14:58
1653297298605103000,84.5,1,84.5,2,84.8,63,2,2022-05-23 09:14:58
1653297298694127000,84.8,1,84.5,1,84.8,62,1,2022-05-23 09:14:58
1653297298826695000,84.5,1,84.4,16,84.7,1,2,2022-05-23 09:14:58
1653297298826695000,84.4,4,84.4,16,84.7,1,2,2022-05-23 09:14:58
1653297298887365000,84.5,1,84.4,16,84.6,2,2,2022-05-23 09:14:58
1653297298993059000,84.6,2,84.5,5,84.7,1,1,2022-05-23 09:14:58
1653297298994223000,84.7,1,84.5,5,84.8,62,1,2022-05-23 09:14:58
1653297299104597000,84.8,1,84.5,12,84.8,61,1,2022-05-23 09:14:59
1653297299295340000,84.7,1,84.5,17,84.8,59,2,2022-05-23 09:14:59
1653297299578101000,84.6,1,84.5,14,84.8,59,2,2022-05-23 09:14:59
1653297300015544000,84.7,1,84.5,19,84.8,59,1,2022-05-23 09:15:00
1653297301038944000,84.7,2,84.6,1,84.7,16,1,2022-05-23 09:15:01
1653297301066134000,84.6,1,84.5,33,84.7,16,2,2022-05-23 09:15:01
1653297301151979000,84.5,1,84.5,32,84.7,16,2,2022-05-23 09:15:01
1653297301238392000,84.5,2,84.5,30,84.7,16,2,2022-05-23 09:15:01
1653297301446054000,84.5,1,84.5,30,84.6,8,2,2022-05-23 09:15:01
1653297301659912000,84.5,3,84.5,27,84.6,8,2,2022-05-23 09:15:01
1653297301705515000,84.5,10,84.5,17,84.6,8,2,2022-05-23 09:15:01
1653297301717365000,84.6,1,84.5,17,84.6,7,1,2022-05-23 09:15:01
1653297301754622000,84.5,1,84.5,16,84.6,7,2,2022-05-23 09:15:01
1653297302057159000,84.6,3,84.5,17,84.6,14,1,2022-05-23 09:15:02
1653297302136105000,84.6,2,84.5,17,84.6,12,1,2022-05-23 09:15:02
1653297302627813000,84.6,1,84.5,19,84.6,11,1,2022-05-23 09:15:02
1653297302693582000,84.5,1,84.5,18,84.6,11,2,2022-05-23 09:15:02
1653297302983389000,84.6,1,84.5,19,84.6,12,1,2022-05-23 09:15:02
1653297303018249000,84.5,1,84.5,18,84.6,12,2,2022-05-23 09:15:03
1653297303055851000,84.6,5,84.5,18,84.6,7,1,2022-05-23 09:15:03
1653297303133395000,84.6,1,84.5,18,84.6,8,1,2022-05-23 09:15:03
1653297303253833000,84.6,1,84.5,18,84.6,7,1,2022-05-23 09:15:03
1653297303491147000,84.6,3,84.5,22,84.6,4,1,2022-05-23 09:15:03
1653297303578295000,84.6,1,84.5,22,84.6,3,1,2022-05-23 09:15:03
1653297303742551000,84.6,1,84.5,22,84.6,2,1,2022-05-23 09:15:03
1653297303943468000,84.6,1,84.5,22,84.6,1,1,2022-05-23 09:15:03
1653297304184711000,84.6,1,84.5,25,84.7,21,1,2022-05-23 09:15:04
1653297304484742000,84.5,1,84.5,24,84.6,2,2,2022-05-23 09:15:04
1653297304517842000,84.5,1,84.5,23,84.6,2,2,2022-05-23 09:15:04
1653297304864775000,84.6,1,84.5,24,84.6,3,1,2022-05-23 09:15:04
1653297304958643000,84.6,2,84.5,25,84.6,1,1,2022-05-23 09:15:04
1653297305077833000,84.6,1,84.5,27,84.7,22,1,2022-05-23 09:15:05
1653297305329328000,84.5,1,84.5,26,84.7,26,2,2022-05-23 09:15:05
1653297305736067000,84.7,1,84.5,38,84.7,25,1,2022-05-23 09:15:05
1653297305920634000,84.6,1,84.5,38,84.6,29,1,2022-05-23 09:15:05
1653297306323737000,84.5,1,84.5,38,84.6,31,2,2022-05-23 09:15:06
1653297306471942000,84.6,5,84.5,49,84.6,26,1,2022-05-23 09:15:06
1653297306516020000,84.6,1,84.5,49,84.6,25,1,2022-05-23 09:15:06
1653297306706588000,84.6,3,84.5,49,84.6,24,1,2022-05-23 09:15:06
1653297306965488000,84.5,5,84.5,55,84.6,31,2,2022-05-23 09:15:06
1653297307276040000,84.6,1,84.5,56,84.6,35,1,2022-05-23 09:15:07
1653297307408353000,84.6,1,84.5,57,84.6,34,1,2022-05-23 09:15:07
1653297307451554000,84.5,1,84.5,56,84.6,34,2,2022-05-23 09:15:07
1653297307481216000,84.5,2,84.5,55,84.6,34,2,2022-05-23 09:15:07
1653297307510931000,84.5,1,84.5,54,84.6,38,2,2022-05-23 09:15:07
1653297307570230000,84.6,1,84.5,54,84.6,37,1,2022-05-23 09:15:07
1653297307594548000,84.6,1,84.5,54,84.6,36,1,2022-05-23 09:15:07
1653297307658191000,84.5,2,84.5,52,84.6,36,2,2022-05-23 09:15:07
1653297307799841000,84.5,10,84.5,43,84.6,36,2,2022-05-23 09:15:07
1653297307830556000,84.5,6,84.5,42,84.6,36,2,2022-05-23 09:15:07
1653297307868071000,84.5,1,84.5,41,84.6,36,2,2022-05-23 09:15:07
1653297307897732000,84.5,1,84.5,42,84.6,36,2,2022-05-23 09:15:07
1653297307984459000,84.6,1,84.5,42,84.6,35,1,2022-05-23 09:15:07
1653297308260825000,84.6,1,84.5,46,84.6,35,1,2022-05-23 09:15:08
1653297308681179000,84.5,1,84.5,45,84.6,36,2,2022-05-23 09:15:08
1653297308682493000,84.5,1,84.5,44,84.6,36,2,2022-05-23 09:15:08
1653297308721927000,84.5,1,84.5,43,84.6,36,2,2022-05-23 09:15:08
1653297308734113000,84.6,1,84.5,43,84.6,35,1,2022-05-23 09:15:08
1653297308764761000,84.5,1,84.5,42,84.6,35,2,2022-05-23 09:15:08
1653297308985492000,84.5,2,84.5,40,84.6,37,2,2022-05-23 09:15:08
1653297309061716000,84.5,4,84.5,36,84.6,37,2,2022-05-23 09:15:09
1653297309096308000,84.5,1,84.5,35,84.6,37,2,2022-05-23 09:15:09
1653297309099704000,84.5,11,84.5,24,84.6,37,2,2022-05-23 09:15:09
1653297309138317000,84.5,2,84.5,22,84.6,37,2,2022-05-23 09:15:09
1653297309138659000,84.5,22,84.4,20,84.6,37,2,2022-05-23 09:15:09
1653297309580511000,84.5,3,84.4,18,84.5,13,1,2022-05-23 09:15:09
1653297309637435000,84.5,6,84.4,18,84.5,8,1,2022-05-23 09:15:09
1653297309889441000,84.5,3,84.4,18,84.5,5,1,2022-05-23 09:15:09
1653297310214649000,84.5,6,84.4,18,84.5,20,1,2022-05-23 09:15:10
1653297310248948000,84.4,1,84.4,17,84.5,20,2,2022-05-23 09:15:10
1653297310281042000,84.4,1,84.4,16,84.5,20,2,2022-05-23 09:15:10
1653297310707165000,84.5,1,84.4,15,84.5,29,1,2022-05-23 09:15:10
1653297310797059000,84.4,2,84.4,13,84.5,29,2,2022-05-23 09:15:10
1653297310936569000,84.5,1,84.4,13,84.5,28,1,2022-05-23 09:15:10
1653297311028288000,84.5,1,84.4,13,84.5,27,1,2022-05-23 09:15:11
1653297311315247000,84.4,1,84.4,12,84.5,31,2,2022-05-23 09:15:11
1653297311344714000,84.5,1,84.4,12,84.5,32,1,2022-05-23 09:15:11
1653297311572798000,84.5,2,84.4,12,84.5,31,1,2022-05-23 09:15:11
1653297311590170000,84.4,1,84.4,11,84.5,31,2,2022-05-23 09:15:11
1653297311794680000,84.5,1,84.4,10,84.5,30,1,2022-05-23 09:15:11
1653297312005510000,84.4,1,84.4,9,84.5,30,2,2022-05-23 09:15:12
1653297312014897000,84.4,1,84.4,8,84.5,30,2,2022-05-23 09:15:12
1653297312437053000,84.4,4,84.4,4,84.5,32,2,2022-05-23 09:15:12
1653297312469214000,84.4,1,84.4,3,84.5,32,2,2022-05-23 09:15:12
1653297312490422000,84.4,1,84.4,2,84.5,32,2,2022-05-23 09:15:12
1653297312490614000,84.4,1,84.4,1,84.5,32,2,2022-05-23 09:15:12
1653297312528419000,84.4,1,84.3,33,84.5,32,2,2022-05-23 09:15:12
1653297313259578000,84.4,1,84.3,33,84.5,34,2,2022-05-23 09:15:13
1653297313547677000,84.4,4,84.3,33,84.4,3,1,2022-05-23 09:15:13
1653297313608845000,84.3,10,84.3,23,84.4,3,2,2022-05-23 09:15:13
1653297313662533000,84.3,1,84.3,22,84.4,5,2,2022-05-23 09:15:13
1653297313808462000,84.4,1,84.3,22,84.4,4,1,2022-05-23 09:15:13
1653297313970016000,84.4,6,84.3,22,84.5,21,1,2022-05-23 09:15:13
1653297313970016000,84.5,14,84.3,22,84.5,21,1,2022-05-23 09:15:13
1653297314751377000,84.4,1,84.3,19,84.4,1,1,2022-05-23 09:15:14
1653297315585001000,84.4,1,84.3,20,84.4,2,1,2022-05-23 09:15:15
1653297316342904000,84.4,1,84.3,20,84.4,3,1,2022-05-23 09:15:16
1653297316404579000,84.3,1,84.3,19,84.4,3,2,2022-05-23 09:15:16
1653297316663641000,84.4,2,84.3,19,84.4,3,1,2022-05-23 09:15:16
1653297317391600000,84.3,2,84.3,17,84.4,3,2,2022-05-23 09:15:17
1653297317529026000,84.4,1,84.3,17,84.4,6,1,2022-05-23 09:15:17
1653297317950127000,84.4,1,84.3,16,84.4,2,1,2022-05-23 09:15:17
1653297318089813000,84.4,1,84.3,16,84.4,1,1,2022-05-23 09:15:18
1653297318106172000,84.4,1,84.4,2,84.5,24,1,2022-05-23 09:15:18
1653297318616308000,84.4,2,84.3,16,84.5,23,2,2022-05-23 09:15:18
1653297318866219000,84.3,3,84.3,13,84.4,5,2,2022-05-23 09:15:18
1653297319337830000,84.4,1,84.3,13,84.4,8,1,2022-05-23 09:15:19
1653297319355133000,84.4,1,84.3,13,84.4,7,1,2022-05-23 09:15:19
1653297319423392000,84.4,1,84.3,13,84.4,6,1,2022-05-23 09:15:19
1653297319499602000,84.4,2,84.3,14,84.4,4,1,2022-05-23 09:15:19
1653297319929298000,84.3,5,84.3,9,84.4,4,2,2022-05-23 09:15:19
1653297320499922000,84.4,4,84.4,6,84.5,27,1,2022-05-23 09:15:20
1653297320680984000,84.5,2,84.4,6,84.5,25,1,2022-05-23 09:15:20
1653297322150695000,84.4,2,84.4,7,84.5,26,2,2022-05-23 09:15:22
1653297322179300000,84.4,1,84.4,6,84.5,26,2,2022-05-23 09:15:22
1653297322230632000,84.4,1,84.4,5,84.5,26,2,2022-05-23 09:15:22
1653297322636031000,84.5,26,84.4,5,84.6,22,1,2022-05-23 09:15:22
1653297322636031000,84.6,33,84.4,5,84.6,22,1,2022-05-23 09:15:22
1653297322676992000,84.5,1,84.4,5,84.6,22,2,2022-05-23 09:15:22
1653297322782690000,84.4,1,84.4,4,84.6,22,2,2022-05-23 09:15:22
1653297323812235000,84.6,1,84.5,1,84.6,21,1,2022-05-23 09:15:23
1653297323840164000,84.6,21,84.5,1,84.7,76,1,2022-05-23 09:15:23
1653297323859597000,84.7,1,84.5,1,84.7,75,1,2022-05-23 09:15:23
1653297324038421000,84.7,6,84.4,12,84.7,10,1,2022-05-23 09:15:24
1653297324062052000,84.7,10,84.4,12,84.8,7,1,2022-05-23 09:15:24
1653297324394933000,84.5,1,84.5,4,84.8,7,2,2022-05-23 09:15:24
1653297324879087000,84.7,1,84.7,4,84.8,66,2,2022-05-23 09:15:24
1653297325309882000,84.8,59,84.7,4,84.8,8,1,2022-05-23 09:15:25
1653297325339215000,84.8,8,84.7,4,84.9,19,1,2022-05-23 09:15:25
1653297325383741000,84.7,2,84.7,6,84.9,19,2,2022-05-23 09:15:25
1653297325448170000,84.7,2,84.4,14,84.5,2,2,2022-05-23 09:15:25
1653297325448170000,84.5,1,84.4,14,84.5,2,2,2022-05-23 09:15:25
1653297325455045000,84.5,2,84.7,5,84.9,19,1,2022-05-23 09:15:25
1653297325979740000,84.8,1,84.7,5,84.9,19,1,2022-05-23 09:15:25
1653297326418442000,84.9,1,84.7,9,84.9,18,1,2022-05-23 09:15:26
1653297326912482000,84.9,1,84.7,9,84.9,17,1,2022-05-23 09:15:26
1653297327299829000,84.9,1,84.7,9,84.9,16,1,2022-05-23 09:15:27
1653297327329545000,84.9,1,84.7,9,84.9,15,1,2022-05-23 09:15:27
1653297327364899000,84.9,3,84.7,9,84.9,12,1,2022-05-23 09:15:27
1653297327369392000,84.7,9,84.5,3,84.9,12,2,2022-05-23 09:15:27
1653297327369392000,84.6,1,84.5,3,84.9,12,2,2022-05-23 09:15:27
1653297328669178000,84.9,1,84.8,1,84.9,14,1,2022-05-23 09:15:28
1653297328714411000,84.8,1,84.5,7,84.7,2,2,2022-05-23 09:15:28
1653297328714411000,84.7,3,84.5,7,84.7,2,2,2022-05-23 09:15:28
1653297328751200000,84.7,2,84.5,7,84.9,14,1,2022-05-23 09:15:28
1653297330753182000,84.9,21,84.8,1,85.1,92,1,2022-05-23 09:15:30
1653297330753182000,85.0,69,84.8,1,85.1,92,1,2022-05-23 09:15:30
1653297330753182000,85.1,177,84.8,1,85.1,92,1,2022-05-23 09:15:30
1653297330899291000,84.9,1,84.8,5,85.1,92,2,2022-05-23 09:15:30
1653297331222645000,84.8,1,84.8,4,85.1,92,2,2022-05-23 09:15:31
1653297331532506000,85.1,2,84.7,5,85.1,90,1,2022-05-23 09:15:31
1653297331792846000,85.1,1,84.7,6,85.1,89,1,2022-05-23 09:15:31
1653297332356681000,85.1,6,84.7,6,85.1,83,1,2022-05-23 09:15:32
1653297332434564000,84.9,1,84.7,20,85.1,83,1,2022-05-23 09:15:32
1653297332906348000,84.9,1,84.7,20,85.1,83,2,2022-05-23 09:15:32
1653297332955530000,85.1,2,84.7,20,85.1,81,1,2022-05-23 09:15:32
1653297332981423000,85.1,2,84.7,20,85.1,79,1,2022-05-23 09:15:32
1653297333146255000,84.8,4,84.7,18,85.1,79,2,2022-05-23 09:15:33
1653297333146255000,84.7,2,84.7,18,85.1,79,2,2022-05-23 09:15:33
1653297333244269000,84.8,1,84.7,18,85.0,2,1,2022-05-23 09:15:33
1653297333244430000,85.0,2,84.7,18,85.1,79,1,2022-05-23 09:15:33
1653297333407118000,85.1,1,84.9,1,85.1,78,1,2022-05-23 09:15:33
1653297334184142000,85.0,1,85.0,1,85.1,78,2,2022-05-23 09:15:34
1653297334460510000,85.1,3,85.0,2,85.1,75,1,2022-05-23 09:15:34
1653297334552622000,85.0,3,85.0,11,85.1,75,2,2022-05-23 09:15:34
1653297334797104000,85.1,1,85.0,11,85.1,74,1,2022-05-23 09:15:34
1653297334800610000,85.1,1,85.0,11,85.1,73,1,2022-05-23 09:15:34
1653297334808816000,85.1,1,85.0,11,85.1,72,1,2022-05-23 09:15:34
1653297335081956000,85.1,1,85.0,11,85.1,71,1,2022-05-23 09:15:35
1653297335122833000,85.1,1,85.0,21,85.1,70,1,2022-05-23 09:15:35
1653297335427483000,85.2,1,85.1,1,85.2,17,1,2022-05-23 09:15:35
1653297335740045000,85.2,6,85.1,2,85.2,11,1,2022-05-23 09:15:35
1653297336018022000,85.2,4,85.1,6,85.2,7,1,2022-05-23 09:15:36
1653297336033255000,85.1,1,85.1,5,85.2,7,2,2022-05-23 09:15:36
1653297336056717000,85.2,7,85.1,5,85.3,10,1,2022-05-23 09:15:36
1653297336076935000,85.2,1,85.1,5,85.2,1,1,2022-05-23 09:15:36
1653297336401442000,85.2,1,85.1,5,85.3,7,1,2022-05-23 09:15:36
1653297336401442000,85.3,3,85.1,5,85.3,7,1,2022-05-23 09:15:36
1653297336411357000,85.3,1,85.1,5,85.3,6,1,2022-05-23 09:15:36
1653297336554872000,85.3,5,85.1,5,85.3,3,1,2022-05-23 09:15:36
1653297336587991000,85.3,3,85.3,1,85.4,22,1,2022-05-23 09:15:36
1653297336656828000,85.4,1,85.3,1,85.4,21,1,2022-05-23 09:15:36
1653297336726225000,85.3,1,85.3,1,85.4,21,2,2022-05-23 09:15:36
1653297336819398000,85.3,1,85.1,1,85.4,21,2,2022-05-23 09:15:36
1653297336819398000,85.1,4,85.1,1,85.4,21,2,2022-05-23 09:15:36
1653297336935822000,85.4,1,85.1,1,85.4,20,1,2022-05-23 09:15:36
1653297337145224000,85.1,1,85.0,28,85.4,20,2,2022-05-23 09:15:37
1653297337327980000,85.1,1,85.1,3,85.4,20,2,2022-05-23 09:15:37
1653297337347581000,85.1,3,85.0,28,85.4,20,2,2022-05-23 09:15:37
1653297337347581000,85.0,1,85.0,28,85.4,20,2,2022-05-23 09:15:37
1653297337402228000,85.2,1,85.0,27,85.3,38,1,2022-05-23 09:15:37
1653297337505269000,85.3,2,85.0,25,85.3,36,1,2022-05-23 09:15:37
1653297337544879000,85.3,1,85.0,28,85.3,35,1,2022-05-23 09:15:37
1653297337617503000,85.3,1,85.1,13,85.3,34,1,2022-05-23 09:15:37
1653297337904034000,85.3,1,85.2,1,85.3,33,1,2022-05-23 09:15:37
1653297337943931000,85.3,1,85.2,1,85.3,32,1,2022-05-23 09:15:37
1653297338444544000,85.2,1,85.2,1,85.3,32,2,2022-05-23 09:15:38
1653297338486755000,85.2,1,85.1,18,85.3,32,2,2022-05-23 09:15:38
1653297338495868000,85.3,1,85.1,18,85.3,31,1,2022-05-23 09:15:38
1653297338663738000,85.3,1,85.2,12,85.3,30,1,2022-05-23 09:15:38
1653297338811653000,85.3,1,85.2,13,85.3,29,1,2022-05-23 09:15:38
1653297338861580000,85.3,1,85.2,13,85.3,28,1,2022-05-23 09:15:38
1653297339178085000,85.2,1,85.2,12,85.3,28,2,2022-05-23 09:15:39
1653297339440530000,85.2,1,85.2,13,85.3,29,2,2022-05-23 09:15:39
1653297339454048000,85.2,1,85.2,12,85.3,29,2,2022-05-23 09:15:39
1653297339563461000,85.3,1,85.2,12,85.3,28,1,2022-05-23 09:15:39
1653297339732799000,85.3,1,85.2,12,85.3,27,1,2022-05-23 09:15:39
1653297340087639000,85.3,1,85.2,12,85.3,26,1,2022-05-23 09:15:40
1653297340653828000,85.3,1,85.2,13,85.3,26,1,2022-05-23 09:15:40
1653297340915518000,85.3,1,85.2,13,85.3,26,1,2022-05-23 09:15:40
1653297341140363000,85.3,10,85.2,14,85.3,20,1,2022-05-23 09:15:41
1653297341331969000,85.3,1,85.2,15,85.3,19,1,2022-05-23 09:15:41
1653297341465434000,85.3,8,85.2,16,85.3,11,1,2022-05-23 09:15:41
1653297341698247000,85.3,1,85.2,18,85.3,12,1,2022-05-23 09:15:41
1653297341791056000,85.2,1,85.2,17,85.3,14,2,2022-05-23 09:15:41
1653297341998236000,85.2,1,85.2,17,85.3,14,2,2022-05-23 09:15:41
1653297342204505000,85.2,2,85.2,15,85.3,14,2,2022-05-23 09:15:42
1653297342509274000,85.3,5,85.2,18,85.3,9,1,2022-05-23 09:15:42
1653297342768653000,85.3,1,85.2,20,85.3,9,1,2022-05-23 09:15:42
1653297342848145000,85.2,1,85.2,19,85.3,14,2,2022-05-23 09:15:42
1653297343042147000,85.3,1,85.2,19,85.3,13,1,2022-05-23 09:15:43
1653297343058439000,85.3,1,85.2,19,85.3,13,1,2022-05-23 09:15:43
1653297343118963000,85.3,3,85.2,19,85.3,10,1,2022-05-23 09:15:43
1653297343181839000,85.3,1,85.2,19,85.3,9,1,2022-05-23 09:15:43
1653297343190089000,85.3,9,85.3,1,85.4,20,1,2022-05-23 09:15:43
1653297343340104000,85.4,1,85.3,2,85.4,19,1,2022-05-23 09:15:43
1653297343511450000,85.3,1,85.3,6,85.4,19,2,2022-05-23 09:15:43
1653297343639215000,85.4,2,85.3,6,85.4,17,1,2022-05-23 09:15:43
1653297343926581000,85.4,1,85.3,10,85.4,16,1,2022-05-23 09:15:43
1653297344147354000,85.3,2,85.3,9,85.4,16,2,2022-05-23 09:15:44
1653297344172090000,85.3,9,85.2,26,85.3,11,2,2022-05-23 09:15:44
1653297344247862000,85.3,5,85.2,26,85.3,6,1,2022-05-23 09:15:44
1653297344263486000,85.3,1,85.2,26,85.3,5,1,2022-05-23 09:15:44
1653297344307624000,85.2,3,85.2,23,85.3,5,2,2022-05-23 09:15:44
1653297344324436000,85.3,1,85.2,23,85.3,4,1,2022-05-23 09:15:44
1653297344352762000,85.3,1,85.2,25,85.3,3,1,2022-05-23 09:15:44
1653297344360915000,85.3,1,85.2,25,85.3,2,1,2022-05-23 09:15:44
1653297344367950000,85.3,2,85.2,25,85.4,16,1,2022-05-23 09:15:44
1653297344815573000,85.3,1,85.2,30,85.4,18,2,2022-05-23 09:15:44
1653297345448262000,85.3,5,85.2,40,85.3,9,1,2022-05-23 09:15:45
1653297345613909000,85.3,1,85.2,40,85.3,8,1,2022-05-23 09:15:45
1653297345877513000,85.2,11,85.2,29,85.3,17,2,2022-05-23 09:15:45
1653297346001419000,85.3,4,85.2,29,85.3,15,1,2022-05-23 09:15:46
1653297346149618000,85.3,1,85.2,29,85.3,14,1,2022-05-23 09:15:46
1653297346215393000,85.3,2,85.2,29,85.3,12,1,2022-05-23 09:15:46
1653297346456799000,85.3,1,85.2,30,85.3,11,1,2022-05-23 09:15:46
1653297346668125000,85.3,5,85.2,33,85.3,6,1,2022-05-23 09:15:46
1653297346922426000,85.3,1,85.2,33,85.3,5,1,2022-05-23 09:15:46
1653297346974004000,85.3,1,85.2,33,85.3,4,1,2022-05-23 09:15:46
1653297347020094000,85.3,2,85.2,33,85.3,4,1,2022-05-23 09:15:47
1653297347081584000,85.3,1,85.2,33,85.3,3,1,2022-05-23 09:15:47
1653297347144314000,85.3,3,85.2,34,85.4,19,1,2022-05-23 09:15:47
1653297347335061000,85.4,1,85.2,34,85.4,18,1,2022-05-23 09:15:47
1653297347417670000,85.4,4,85.2,34,85.4,19,1,2022-05-23 09:15:47
1653297347731816000,85.3,3,85.2,34,85.3,23,1,2022-05-23 09:15:47
1653297347898182000,85.3,1,85.2,34,85.3,22,1,2022-05-23 09:15:47
1653297347916281000,85.3,1,85.2,34,85.3,21,1,2022-05-23 09:15:47
1653297348043724000,85.3,1,85.2,34,85.3,20,1,2022-05-23 09:15:48
1653297348134370000,85.3,3,85.2,34,85.3,21,1,2022-05-23 09:15:48
1653297348335432000,85.2,2,85.2,22,85.3,21,2,2022-05-23 09:15:48
1653297348408887000,85.2,11,85.2,11,85.3,23,2,2022-05-23 09:15:48
1653297348548401000,85.3,1,85.2,11,85.3,22,1,2022-05-23 09:15:48
1653297348668807000,85.3,1,85.2,11,85.3,21,1,2022-05-23 09:15:48
1653297348831727000,85.3,1,85.2,11,85.3,20,1,2022-05-23 09:15:48
1653297348833987000,85.3,2,85.2,11,85.3,18,1,2022-05-23 09:15:48
1653297348937033000,85.3,1,85.2,12,85.3,23,1,2022-05-23 09:15:48
1653297349015191000,85.3,10,85.2,13,85.3,13,1,2022-05-23 09:15:49
1653297349044110000,85.3,5,85.2,13,85.3,8,1,2022-05-23 09:15:49
1653297349156128000,85.3,5,85.2,13,85.3,3,1,2022-05-23 09:15:49
1653297349268551000,85.2,1,85.2,13,85.3,3,2,2022-05-23 09:15:49
1653297349514140000,85.3,1,85.2,13,85.3,4,1,2022-05-23 09:15:49
1653297349775372000,85.2,1,85.2,12,85.3,4,2,2022-05-23 09:15:49
1653297349798666000,85.3,3,85.2,12,85.3,1,1,2022-05-23 09:15:49
1653297349807837000,85.3,1,85.3,2,85.4,20,1,2022-05-23 09:15:49
1653297349964265000,85.4,4,85.3,3,85.4,16,1,2022-05-23 09:15:49
1653297349978915000,85.3,3,85.2,13,85.4,16,2,2022-05-23 09:15:49
1653297350127384000,85.3,1,85.2,13,85.4,12,1,2022-05-23 09:15:50
1653297350127384000,85.4,4,85.2,13,85.4,12,1,2022-05-23 09:15:50
1653297350186920000,85.4,1,85.3,1,85.4,11,1,2022-05-23 09:15:50
1653297350282637000,85.3,1,85.2,14,85.3,2,2,2022-05-23 09:15:50
1653297350331378000,85.3,1,85.2,14,85.3,1,1,2022-05-23 09:15:50
1653297350400249000,85.3,1,85.2,14,85.3,2,1,2022-05-23 09:15:50
1653297350532915000,85.2,3,85.2,11,85.3,2,2,2022-05-23 09:15:50
1653297350533914000,85.3,1,85.2,11,85.3,1,1,2022-05-23 09:15:50
1653297350592034000,85.2,5,85.2,9,85.3,3,2,2022-05-23 09:15:50
1653297350637994000,85.3,1,85.2,9,85.3,2,1,2022-05-23 09:15:50
1653297350880529000,85.2,5,85.2,4,85.3,3,2,2022-05-23 09:15:50
1653297351100078000,85.3,3,85.2,4,85.4,13,1,2022-05-23 09:15:51
1653297351420482000,85.4,1,85.2,5,85.4,12,1,2022-05-23 09:15:51
1653297351495599000,85.3,1,85.2,5,85.4,12,2,2022-05-23 09:15:51
1653297351593426000,85.3,2,85.3,2,85.4,12,1,2022-05-23 09:15:51
1653297351627738000,85.3,1,85.3,1,85.4,13,2,2022-05-23 09:15:51
1653297351740243000,85.3,2,85.2,8,85.3,3,2,2022-05-23 09:15:51
1653297351796664000,85.3,2,85.2,8,85.3,1,1,2022-05-23 09:15:51
1653297351868823000,85.3,1,85.2,10,85.3,3,1,2022-05-23 09:15:51
1653297351956299000,85.3,1,85.2,10,85.3,2,1,2022-05-23 09:15:51
1653297352122788000,85.3,1,85.2,17,85.3,1,1,2022-05-23 09:15:52
1653297352135209000,85.3,1,85.2,17,85.4,13,1,2022-05-23 09:15:52
1653297352348609000,85.4,3,85.3,6,85.4,10,1,2022-05-23 09:15:52
1653297352353627000,85.3,1,85.3,5,85.4,10,2,2022-05-23 09:15:52
1653297352495483000,85.3,1,85.3,7,85.4,10,2,2022-05-23 09:15:52
1653297352592631000,85.4,1,85.3,8,85.4,9,1,2022-05-23 09:15:52
1653297352597876000,85.3,1,85.3,7,85.4,9,2,2022-05-23 09:15:52
1653297353033215000,85.4,1,85.3,12,85.4,8,1,2022-05-23 09:15:53
1653297353109658000,85.4,1,85.3,12,85.4,7,1,2022-05-23 09:15:53
1653297353150031000,85.3,1,85.3,11,85.4,7,2,2022-05-23 09:15:53
1653297353421165000,85.4,2,85.3,11,85.4,6,1,2022-05-23 09:15:53
1653297353524448000,85.3,1,85.3,10,85.4,6,2,2022-05-23 09:15:53
1653297353549026000,85.3,10,85.2,32,85.4,6,2,2022-05-23 09:15:53
1653297353612281000,85.4,6,85.2,32,85.5,9,1,2022-05-23 09:15:53
1653297354161485000,85.4,1,85.3,15,85.5,9,2,2022-05-23 09:15:54
1653297354314929000,85.5,1,85.3,16,85.5,8,1,2022-05-23 09:15:54
1653297354479547000,85.5,10,85.4,2,85.5,13,1,2022-05-23 09:15:54
1653297354481262000,85.4,1,85.4,1,85.5,13,2,2022-05-23 09:15:54
1653297354913148000,85.4,1,85.4,4,85.5,14,2,2022-05-23 09:15:54
1653297354923466000,85.4,2,85.4,2,85.5,14,2,2022-05-23 09:15:54
1653297355154729000,85.4,1,85.4,1,85.5,14,2,2022-05-23 09:15:55
1653297355461971000,85.5,3,85.4,1,85.5,11,1,2022-05-23 09:15:55
1653297355481618000,85.5,5,85.3,24,85.5,6,1,2022-05-23 09:15:55
1653297355967749000,85.3,1,85.3,82,85.5,7,2,2022-05-23 09:15:55
1653297356069733000,85.3,5,85.3,77,85.5,7,2,2022-05-23 09:15:56
1653297356419942000,85.3,1,85.3,77,85.4,1,2,2022-05-23 09:15:56
1653297356508854000,85.4,1,85.4,4,85.5,7,1,2022-05-23 09:15:56
1653297356518307000,85.4,1,85.4,3,85.5,7,2,2022-05-23 09:15:56
1653297356725734000,85.5,1,85.4,3,85.5,6,1,2022-05-23 09:15:56
1653297356759507000,85.5,2,85.4,3,85.5,4,1,2022-05-23 09:15:56
1653297356942792000,85.5,3,85.4,8,85.5,3,1,2022-05-23 09:15:56
1653297356951656000,85.5,1,85.4,8,85.5,2,1,2022-05-23 09:15:56
1653297357078438000,85.5,1,85.4,8,85.5,1,1,2022-05-23 09:15:57
1653297357299776000,85.4,1,85.4,7,85.5,6,2,2022-05-23 09:15:57
1653297357410064000,85.5,1,85.4,7,85.5,5,1,2022-05-23 09:15:57
1653297357832593000,85.4,2,85.4,10,85.5,5,2,2022-05-23 09:15:57
1653297357863673000,85.4,10,85.3,148,85.5,5,2,2022-05-23 09:15:57
1653297357907378000,85.5,1,85.3,149,85.5,6,1,2022-05-23 09:15:57
1653297358461052000,85.4,1,85.4,1,85.5,6,2,2022-05-23 09:15:58
1653297358819832000,85.4,1,85.3,155,85.5,7,2,2022-05-23 09:15:58
