ts,close,volume,bid_price,bid_volume,ask_price,ask_volume,tick_type,datetime
1653296538349941000,170.0,333,170.0,34,170.5,5,2,2022-05-23 09:02:18
1653296538385184000,170.5,5,170.0,34,171.0,5,1,2022-05-23 09:02:18
1653296538929252000,171.0,1,170.0,37,171.0,4,1,2022-05-23 09:02:18
1653296538962985000,170.0,1,170.0,36,171.0,6,2,2022-05-23 09:02:18
1653296539310416000,171.0,1,170.5,1,171.0,5,1,2022-05-23 09:02:19
1653296540030587000,170.5,1,170.0,36,171.0,5,2,2022-05-23 09:02:20
1653296540030587000,170.0,4,170.0,36,171.0,5,2,2022-05-23 09:02:20
1653296540174376000,170.5,1,170.0,36,171.0,7,2,2022-05-23 09:02:20
1653296540187429000,171.0,7,171.0,3,171.5,88,1,2022-05-23 09:02:20
1653296540214263000,171.0,1,171.0,2,171.5,88,2,2022-05-23 09:02:20
1653296540214575000,171.0,1,171.0,1,171.5,88,2,2022-05-23 09:02:20
1653296540214591000,171.0,1,170.0,36,171.5,88,2,2022-05-23 09:02:20
1653296540326110000,171.5,1,170.0,36,171.5,87,1,2022-05-23 09:02:20
1653296540518632000,171.5,1,170.0,36,171.5,86,1,2022-05-23 09:02:20
1653296540574479000,170.5,3,170.0,36,171.0,2,1,2022-05-23 09:02:20
1653296541344718000,171.0,1,170.0,37,171.0,3,1,2022-05-23 09:02:21
1653296541968485000,170.0,3,170.0,35,171.0,3,2,2022-05-23 09:02:21
1653296542360028000,171.0,1,170.0,37,171.0,2,1,2022-05-23 09:02:22
1653296543379534000,171.0,1,170.5,2,171.0,1,1,2022-05-23 09:02:23
1653296543611914000,171.0,1,170.5,2,171.5,92,1,2022-05-23 09:02:23
1653296544394526000,171.0,1,170.5,2,171.0,6,1,2022-05-23 09:02:24
1653296544614194000,170.5,3,170.5,1,171.0,6,2,2022-05-23 09:02:24
1653296545226919000,170.5,1,170.0,53,171.0,6,2,2022-05-23 09:02:25
1653296545410272000,171.0,1,170.5,3,171.0,5,1,2022-05-23 09:02:25
1653296545828530000,171.0,1,170.5,3,171.0,6,1,2022-05-23 09:02:25
1653296546190114000,170.5,2,170.5,1,171.0,6,2,2022-05-23 09:02:26
1653296546263960000,171.0,1,170.5,1,171.0,6,1,2022-05-23 09:02:26
1653296546276950000,171.0,1,170.5,1,171.0,5,1,2022-05-23 09:02:26
1653296546425891000,171.0,1,170.5,1,171.0,4,1,2022-05-23 09:02:26
1653296546865801000,171.0,1,170.5,2,171.0,4,1,2022-05-23 09:02:26
1653296546996746000,171.0,1,170.5,2,171.0,4,1,2022-05-23 09:02:26
1653296547049078000,171.0,1,170.5,2,171.0,3,1,2022-05-23 09:02:27
1653296547218350000,171.0,1,170.5,2,171.0,4,1,2022-05-23 09:02:27
1653296547442155000,171.0,1,170.5,3,171.0,3,1,2022-05-23 09:02:27
1653296547672413000,171.0,1,170.5,5,171.0,2,1,2022-05-23 09:02:27
1653296547801099000,170.5,1,170.5,6,171.0,2,2,2022-05-23 09:02:27
1653296548075695000,170.5,5,170.5,1,171.0,2,2,2022-05-23 09:02:28
1653296548111683000,170.5,1,170.0,56,171.0,4,2,2022-05-23 09:02:28
1653296548286836000,171.0,1,170.5,1,171.0,3,1,2022-05-23 09:02:28
1653296548291090000,171.0,1,170.5,1,171.0,2,1,2022-05-23 09:02:28
1653296548552187000,171.0,1,170.5,2,171.0,1,1,2022-05-23 09:02:28
1653296549019514000,171.0,1,170.5,3,171.0,2,1,2022-05-23 09:02:29
1653296549157961000,171.0,1,170.5,3,171.0,1,1,2022-05-23 09:02:29
1653296549448403000,170.5,1,170.5,4,171.0,4,2,2022-05-23 09:02:29
1653296549486390000,171.0,1,170.5,4,171.0,3,1,2022-05-23 09:02:29
1653296550138924000,171.0,1,170.5,12,171.0,6,1,2022-05-23 09:02:30
1653296550463829000,171.0,1,170.5,14,171.0,7,1,2022-05-23 09:02:30
1653296551225318000,171.0,2,170.5,15,171.0,5,1,2022-05-23 09:02:31
1653296552019554000,170.5,1,170.5,16,171.0,5,2,2022-05-23 09:02:32
1653296552126336000,171.0,1,170.5,16,171.0,4,1,2022-05-23 09:02:32
1653296552232249000,171.0,1,170.5,16,171.0,5,1,2022-05-23 09:02:32
1653296552688100000,171.0,2,170.5,17,171.0,4,1,2022-05-23 09:02:32
1653296552791906000,170.5,1,170.5,16,171.0,4,2,2022-05-23 09:02:32
1653296552880229000,171.0,1,170.5,17,171.0,3,1,2022-05-23 09:02:32
1653296553222637000,171.0,1,170.5,18,171.0,2,1,2022-05-23 09:02:33
1653296553326336000,171.0,2,170.5,18,171.5,87,1,2022-05-23 09:02:33
1653296553593886000,171.0,1,170.5,18,171.5,87,2,2022-05-23 09:02:33
1653296553644676000,171.0,1,170.5,18,171.5,87,2,2022-05-23 09:02:33
1653296553944073000,171.0,1,170.5,20,171.5,90,2,2022-05-23 09:02:33
1653296554059042000,171.0,1,170.5,20,171.5,90,2,2022-05-23 09:02:34
1653296554159272000,170.5,2,170.5,18,171.5,89,2,2022-05-23 09:02:34
1653296555342865000,171.0,1,170.5,21,171.0,3,1,2022-05-23 09:02:35
1653296555693034000,171.0,1,170.5,21,171.0,2,1,2022-05-23 09:02:35
1653296555759024000,171.0,1,170.5,21,171.0,1,1,2022-05-23 09:02:35
1653296556771251000,171.0,1,170.5,21,171.0,7,1,2022-05-23 09:02:36
1653296557342337000,171.0,1,170.5,22,171.0,7,1,2022-05-23 09:02:37
1653296557366071000,171.0,1,170.5,22,171.0,6,1,2022-05-23 09:02:37
1653296557428808000,171.0,1,170.5,22,171.0,5,1,2022-05-23 09:02:37
1653296557474649000,171.0,1,170.5,22,171.0,4,1,2022-05-23 09:02:37
1653296557886650000,171.0,2,170.5,23,171.0,2,1,2022-05-23 09:02:37
1653296557897517000,171.0,1,170.5,23,171.0,1,1,2022-05-23 09:02:37
1653296557928682000,171.0,1,171.0,1,171.5,90,1,2022-05-23 09:02:37
1653296557958926000,171.0,1,170.5,23,171.5,90,2,2022-05-23 09:02:37
1653296559129690000,171.0,1,170.5,25,171.5,91,2,2022-05-23 09:02:39
1653296559203389000,171.0,1,170.5,25,171.5,91,2,2022-05-23 09:02:39
1653296559865379000,171.0,3,171.0,1,171.5,91,2,2022-05-23 09:02:39
1653296560023292000,171.0,1,170.5,26,171.5,91,2,2022-05-23 09:02:40
1653296560168999000,171.0,1,170.5,26,171.5,91,1,2022-05-23 09:02:40
1653296560773304000,171.0,1,170.5,27,171.5,91,1,2022-05-23 09:02:40
1653296560975921000,171.0,1,170.5,27,171.0,1,1,2022-05-23 09:02:40
1653296561457129000,171.0,1,171.0,1,171.5,91,1,2022-05-23 09:02:41
1653296561526383000,171.0,1,171.0,1,171.5,91,2,2022-05-23 09:02:41
1653296562597865000,171.0,1,171.0,6,171.5,91,2,2022-05-23 09:02:42
1653296562803230000,171.0,5,171.0,1,171.5,86,2,2022-05-23 09:02:42
1653296562824717000,171.0,1,171.0,1,171.5,86,2,2022-05-23 09:02:42
1653296563317406000,171.0,1,171.0,5,171.5,86,2,2022-05-23 09:02:43
1653296564584782000,171.0,1,171.0,14,171.5,86,2,2022-05-23 09:02:44
1653296564966000000,171.5,2,171.0,16,171.5,84,1,2022-05-23 09:02:44
1653296565680154000,171.0,2,171.0,17,171.5,84,2,2022-05-23 09:02:45
1653296565704372000,171.5,1,171.0,17,171.5,83,1,2022-05-23 09:02:45
1653296565882588000,171.0,1,171.0,17,171.5,83,2,2022-05-23 09:02:45
1653296567164634000,171.0,23,170.5,8,171.5,83,2,2022-05-23 09:02:47
1653296567164634000,170.5,27,170.5,8,171.5,83,2,2022-05-23 09:02:47
1653296567198740000,171.0,2,170.5,8,171.5,83,2,2022-05-23 09:02:47
1653296567363972000,170.5,1,170.5,7,171.0,3,2,2022-05-23 09:02:47
1653296568202305000,171.0,2,170.5,8,171.0,12,1,2022-05-23 09:02:48
1653296568551512000,171.0,1,170.5,9,171.0,12,1,2022-05-23 09:02:48
1653296568812485000,171.0,1,170.5,10,171.0,12,1,2022-05-23 09:02:48
1653296568995269000,171.0,1,170.5,10,171.0,21,1,2022-05-23 09:02:48
1653296569001424000,170.5,2,170.5,8,171.0,21,2,2022-05-23 09:02:49
1653296569109895000,171.0,1,170.5,8,171.0,21,1,2022-05-23 09:02:49
1653296569143606000,170.5,8,170.0,97,171.0,21,2,2022-05-23 09:02:49
1653296569749585000,170.5,1,170.0,96,170.5,7,1,2022-05-23 09:02:49
1653296570249712000,170.5,1,170.0,97,170.5,6,1,2022-05-23 09:02:50
1653296570299641000,170.5,1,170.0,97,170.5,5,1,2022-05-23 09:02:50
1653296570315693000,170.5,1,170.0,97,170.5,4,1,2022-05-23 09:02:50
1653296570343088000,170.0,1,170.0,96,170.5,4,2,2022-05-23 09:02:50
1653296570344830000,170.5,2,170.0,96,170.5,2,1,2022-05-23 09:02:50
1653296570381712000,170.0,1,170.0,95,170.5,2,2,2022-05-23 09:02:50
1653296570402036000,170.0,10,170.0,85,170.5,2,2,2022-05-23 09:02:50
1653296570415262000,170.0,1,170.0,84,170.5,2,2,2022-05-23 09:02:50
1653296570415294000,170.0,1,170.0,83,170.5,2,2,2022-05-23 09:02:50
1653296570441096000,170.0,1,170.0,82,170.5,3,2,2022-05-23 09:02:50
1653296570467894000,170.0,1,170.0,81,170.5,3,2,2022-05-23 09:02:50
1653296570467943000,170.0,1,170.0,80,170.5,3,2,2022-05-23 09:02:50
1653296570503489000,170.0,1,170.0,79,170.5,4,2,2022-05-23 09:02:50
1653296570543884000,170.0,1,170.0,78,170.5,4,2,2022-05-23 09:02:50
1653296570569659000,170.5,4,170.0,78,171.0,29,1,2022-05-23 09:02:50
1653296571092517000,171.0,1,170.0,78,171.0,32,1,2022-05-23 09:02:51
1653296571210297000,171.0,1,170.0,78,171.0,27,1,2022-05-23 09:02:51
1653296571319227000,171.0,1,170.0,78,171.0,26,1,2022-05-23 09:02:51
1653296571486645000,171.0,1,170.0,78,171.0,25,1,2022-05-23 09:02:51
1653296571563327000,171.0,2,170.0,79,171.0,23,1,2022-05-23 09:02:51
1653296571587755000,171.0,23,170.0,79,171.5,81,1,2022-05-23 09:02:51
1653296571618060000,171.0,1,170.5,4,171.0,3,2,2022-05-23 09:02:51
1653296571679551000,171.0,1,170.0,79,171.5,81,2,2022-05-23 09:02:51
1653296571691337000,170.0,1,170.0,78,171.5,81,2,2022-05-23 09:02:51
1653296571793053000,170.5,1,170.5,3,171.0,4,2,2022-05-23 09:02:51
1653296572715186000,170.5,1,170.5,3,171.0,8,2,2022-05-23 09:02:52
1653296572721548000,171.0,1,170.5,3,171.0,7,1,2022-05-23 09:02:52
1653296572747568000,170.5,1,170.5,3,171.0,7,2,2022-05-23 09:02:52
1653296572821210000,171.0,1,170.5,3,171.0,6,1,2022-05-23 09:02:52
1653296573014562000,171.0,1,170.5,3,171.0,5,1,2022-05-23 09:02:53
1653296573750567000,170.5,1,170.5,3,171.0,5,2,2022-05-23 09:02:53
1653296574353459000,170.5,1,170.5,5,171.0,5,2,2022-05-23 09:02:54
1653296574704219000,170.5,1,170.5,5,171.0,5,2,2022-05-23 09:02:54
1653296574869988000,170.5,1,170.5,5,171.0,5,2,2022-05-23 09:02:54
1653296574903660000,171.0,1,170.5,5,171.0,4,1,2022-05-23 09:02:54
1653296575093360000,171.0,2,170.5,5,171.0,3,1,2022-05-23 09:02:55
1653296575136444000,171.0,1,170.5,5,171.0,2,1,2022-05-23 09:02:55
1653296575281248000,170.5,3,170.5,2,171.0,2,2,2022-05-23 09:02:55
1653296576093046000,171.0,1,170.5,6,171.0,1,1,2022-05-23 09:02:56
1653296576134387000,170.5,2,170.5,4,171.0,1,2,2022-05-23 09:02:56
1653296576364974000,170.5,1,170.5,3,171.0,3,2,2022-05-23 09:02:56
1653296579148855000,170.5,9,170.0,90,171.0,6,2,2022-05-23 09:02:59
1653296579260335000,171.0,1,170.0,90,171.0,5,1,2022-05-23 09:02:59
1653296580566948000,171.0,1,170.5,2,171.0,5,1,2022-05-23 09:03:00
1653296580608979000,171.0,1,170.5,2,171.0,4,1,2022-05-23 09:03:00
1653296581027982000,171.0,1,170.5,2,171.0,3,1,2022-05-23 09:03:01
1653296581174079000,170.5,2,170.0,91,171.0,4,2,2022-05-23 09:03:01
1653296582615983000,170.5,1,170.0,96,170.5,3,2,2022-05-23 09:03:02
1653296582616092000,170.5,1,170.0,96,170.5,2,1,2022-05-23 09:03:02
1653296582647523000,170.5,2,170.0,96,171.0,8,1,2022-05-23 09:03:02
1653296584022653000,170.5,1,170.5,2,171.0,10,2,2022-05-23 09:03:04
1653296584151707000,171.0,1,170.5,2,171.0,9,1,2022-05-23 09:03:04
1653296584241224000,171.0,1,170.5,2,171.0,8,1,2022-05-23 09:03:04
1653296585687095000,170.5,1,170.5,18,171.0,12,2,2022-05-23 09:03:05
1653296586072188000,171.0,1,170.5,23,171.0,13,1,2022-05-23 09:03:06
1653296587295693000,171.0,2,170.5,27,171.0,11,1,2022-05-23 09:03:07
1653296587885371000,171.0,1,170.5,27,171.0,12,1,2022-05-23 09:03:07
1653296588001038000,170.5,2,170.5,26,171.0,12,2,2022-05-23 09:03:08
1653296588021718000,170.5,1,170.5,25,171.0,12,2,2022-05-23 09:03:08
1653296588202596000,171.0,5,170.5,25,171.0,7,1,2022-05-23 09:03:08
1653296589283416000,170.5,22,170.5,6,171.0,8,2,2022-05-23 09:03:09
1653296589328698000,170.5,1,170.5,5,171.0,9,2,2022-05-23 09:03:09
1653296589359554000,170.5,1,170.5,4,171.0,9,2,2022-05-23 09:03:09
1653296589365702000,170.5,3,170.5,1,171.0,9,2,2022-05-23 09:03:09
1653296589365777000,170.5,1,170.0,102,171.0,9,2,2022-05-23 09:03:09
1653296590178603000,171.0,1,170.5,2,171.0,8,1,2022-05-23 09:03:10
1653296590195706000,171.0,8,170.5,2,171.5,76,1,2022-05-23 09:03:10
1653296590195706000,171.5,4,170.5,2,171.5,76,1,2022-05-23 09:03:10
1653296591113568000,171.0,1,170.5,3,171.5,79,2,2022-05-23 09:03:11
1653296591969152000,171.0,2,170.5,12,171.5,79,2,2022-05-23 09:03:11
1653296592213509000,171.0,2,170.5,14,171.5,79,1,2022-05-23 09:03:12
1653296594171023000,171.5,2,170.5,28,171.5,79,1,2022-05-23 09:03:14
1653296594845027000,171.0,1,170.5,28,171.5,79,1,2022-05-23 09:03:14
1653296595567615000,171.5,1,170.5,30,171.5,78,1,2022-05-23 09:03:15
1653296596229993000,171.5,1,171.0,1,171.5,77,1,2022-05-23 09:03:16
1653296596437999000,171.5,1,171.0,12,171.5,76,1,2022-05-23 09:03:16
1653296597375570000,171.5,2,171.0,19,171.5,74,1,2022-05-23 09:03:17
1653296597915924000,171.5,1,171.0,19,171.5,73,1,2022-05-23 09:03:17
1653296598308578000,171.0,4,171.0,16,171.5,73,2,2022-05-23 09:03:18
1653296599104738000,171.5,1,171.0,17,171.5,72,1,2022-05-23 09:03:19
1653296599131414000,171.0,17,170.5,34,171.5,72,2,2022-05-23 09:03:19
1653296599165224000,171.5,1,170.5,34,171.5,71,1,2022-05-23 09:03:19
1653296599207757000,171.0,1,170.5,33,171.5,71,2,2022-05-23 09:03:19
1653296599207757000,170.5,1,170.5,33,171.5,71,2,2022-05-23 09:03:19
1653296599653144000,171.0,1,170.5,33,171.0,6,1,2022-05-23 09:03:19
1653296599664556000,171.0,2,170.5,33,171.0,4,1,2022-05-23 09:03:19
1653296600646375000,171.0,1,170.5,34,171.0,3,1,2022-05-23 09:03:20
1653296601275213000,171.0,3,171.0,1,171.5,71,1,2022-05-23 09:03:21
1653296601340299000,171.0,1,170.5,34,171.5,71,2,2022-05-23 09:03:21
1653296601790565000,171.5,1,170.5,30,171.5,70,1,2022-05-23 09:03:21
1653296602551643000,171.0,1,170.5,31,171.5,70,2,2022-05-23 09:03:22
1653296602623966000,171.5,1,170.5,31,171.5,69,1,2022-05-23 09:03:22
1653296602820296000,171.0,1,170.5,33,171.5,68,1,2022-05-23 09:03:22
1653296603074685000,171.5,1,171.0,3,171.5,68,1,2022-05-23 09:03:23
1653296603688423000,171.0,4,170.5,38,171.0,1,2,2022-05-23 09:03:23
1653296603821510000,171.0,1,170.5,38,171.5,67,1,2022-05-23 09:03:23
1653296603964083000,171.5,2,170.5,38,171.5,65,1,2022-05-23 09:03:23
1653296604328595000,170.5,1,170.5,39,171.5,66,2,2022-05-23 09:03:24
1653296604525259000,171.0,1,170.5,39,171.5,66,2,2022-05-23 09:03:24
1653296605713362000,171.5,1,171.0,8,171.5,65,1,2022-05-23 09:03:25
1653296606871048000,171.0,14,170.5,45,171.5,65,2,2022-05-23 09:03:26
1653296607225719000,171.0,1,170.5,45,171.5,67,2,2022-05-23 09:03:27
1653296607768203000,171.5,1,170.5,45,171.5,66,1,2022-05-23 09:03:27
1653296609197639000,171.0,2,170.5,42,171.5,68,2,2022-05-23 09:03:29
1653296609414249000,171.5,2,170.5,43,171.5,66,1,2022-05-23 09:03:29
1653296610056463000,171.5,1,171.0,1,171.5,65,1,2022-05-23 09:03:30
1653296611699819000,171.0,1,171.0,3,171.5,65,2,2022-05-23 09:03:31
1653296612185375000,171.0,2,171.0,3,171.5,65,2,2022-05-23 09:03:32
1653296612692136000,171.5,1,171.0,3,171.5,65,1,2022-05-23 09:03:32
1653296613909498000,171.5,1,171.0,2,171.5,64,1,2022-05-23 09:03:33
1653296615275586000,171.5,1,171.0,6,171.5,62,1,2022-05-23 09:03:35
1653296616177266000,171.0,1,171.0,9,171.5,62,2,2022-05-23 09:03:36
1653296616401850000,171.5,1,171.0,11,171.5,61,1,2022-05-23 09:03:36
1653296617246108000,171.5,1,171.0,13,171.5,61,1,2022-05-23 09:03:37
1653296617418391000,171.0,1,171.0,12,171.5,61,2,2022-05-23 09:03:37
1653296618519475000,171.5,1,171.0,15,171.5,60,1,2022-05-23 09:03:38
1653296619214412000,171.0,15,170.5,51,171.5,60,2,2022-05-23 09:03:39
1653296619661584000,170.5,1,170.5,50,171.5,60,2,2022-05-23 09:03:39
1653296620169084000,171.5,1,171.0,5,171.5,60,1,2022-05-23 09:03:40
1653296620621392000,171.0,8,170.5,17,171.5,62,2,2022-05-23 09:03:40
1653296620621392000,170.5,32,170.5,17,171.5,62,2,2022-05-23 09:03:40
1653296620621480000,170.5,17,170.0,96,171.5,62,2,2022-05-23 09:03:40
1653296620621480000,170.0,23,170.0,96,171.5,62,2,2022-05-23 09:03:40
1653296620621657000,170.0,80,170.0,16,171.5,62,2,2022-05-23 09:03:40
1653296620621842000,170.0,16,169.5,39,171.5,62,2,2022-05-23 09:03:40
1653296620621842000,169.5,24,169.5,39,171.5,62,2,2022-05-23 09:03:40
1653296620679323000,170.5,2,170.5,6,171.0,18,2,2022-05-23 09:03:40
1653296620679413000,170.5,4,170.5,2,171.0,18,2,2022-05-23 09:03:40
1653296620679711000,170.5,2,169.5,36,171.0,18,2,2022-05-23 09:03:40
1653296620743462000,170.0,1,169.5,36,170.5,1,2,2022-05-23 09:03:40
1653296621006050000,170.0,1,169.5,41,170.0,1,1,2022-05-23 09:03:41
1653296621225089000,170.0,1,169.5,36,170.0,5,1,2022-05-23 09:03:41
1653296621256794000,170.0,2,169.5,36,170.0,3,1,2022-05-23 09:03:41
1653296621315372000,170.0,1,169.5,37,170.0,2,1,2022-05-23 09:03:41
1653296621380243000,170.0,2,169.5,37,170.5,6,1,2022-05-23 09:03:41
1653296621416938000,170.5,1,169.5,36,170.5,1,1,2022-05-23 09:03:41
1653296621678336000,170.5,1,169.5,37,171.0,30,1,2022-05-23 09:03:41
1653296621678336000,171.0,1,169.5,37,171.0,30,1,2022-05-23 09:03:41
1653296621781129000,170.0,1,169.5,37,170.5,1,2,2022-05-23 09:03:41
1653296622528872000,170.5,1,169.5,37,170.5,1,1,2022-05-23 09:03:42
1653296622788077000,170.0,1,169.5,37,170.5,8,2,2022-05-23 09:03:42
1653296623307453000,170.0,1,170.0,1,170.5,18,1,2022-05-23 09:03:43
1653296623324538000,170.5,3,170.0,1,170.5,15,1,2022-05-23 09:03:43
1653296623343291000,170.0,1,169.5,36,170.5,15,2,2022-05-23 09:03:43
1653296624486384000,170.5,3,169.5,36,170.5,12,1,2022-05-23 09:03:44
1653296624712708000,169.5,2,169.5,34,170.5,12,2,2022-05-23 09:03:44
1653296624749475000,170.0,1,170.0,1,170.5,12,2,2022-05-23 09:03:44
1653296624771721000,170.0,1,169.5,34,170.5,12,2,2022-05-23 09:03:44
1653296624825060000,169.5,20,169.5,14,170.0,1,2,2022-05-23 09:03:44
1653296624858202000,169.5,1,169.5,13,170.0,2,2,2022-05-23 09:03:44
1653296624861201000,169.5,1,169.5,12,170.0,2,2,2022-05-23 09:03:44
1653296624901281000,169.5,1,169.5,11,170.0,2,2,2022-05-23 09:03:44
1653296624912660000,170.0,2,169.5,11,170.5,13,1,2022-05-23 09:03:44
1653296625563157000,170.0,1,169.5,12,170.5,13,1,2022-05-23 09:03:45
1653296626153637000,169.5,2,169.5,10,170.0,6,2,2022-05-23 09:03:46
1653296626194753000,169.5,1,169.5,9,170.0,6,2,2022-05-23 09:03:46
1653296626239805000,170.0,1,169.5,9,170.0,5,1,2022-05-23 09:03:46
1653296626574157000,170.0,1,169.5,9,170.0,5,1,2022-05-23 09:03:46
1653296626594281000,169.5,9,169.0,55,169.5,3,2,2022-05-23 09:03:46
1653296626861931000,169.5,1,169.0,55,169.5,2,1,2022-05-23 09:03:46
1653296627094674000,169.0,1,169.0,53,169.5,2,2,2022-05-23 09:03:47
1653296627107375000,169.0,1,169.0,52,169.5,2,2,2022-05-23 09:03:47
1653296627293124000,169.5,1,169.0,52,169.5,1,1,2022-05-23 09:03:47
1653296627721714000,169.0,1,169.0,50,169.5,1,2,2022-05-23 09:03:47
1653296627770681000,169.5,1,169.0,50,170.0,5,1,2022-05-23 09:03:47
1653296628595798000,170.0,1,169.5,4,170.0,13,1,2022-05-23 09:03:48
1653296629117150000,169.5,1,169.5,3,170.0,13,2,2022-05-23 09:03:49
1653296629154061000,169.5,3,169.0,54,170.0,13,2,2022-05-23 09:03:49
1653296629364678000,169.0,1,169.0,53,170.0,13,2,2022-05-23 09:03:49
1653296629916763000,169.5,1,169.5,2,170.0,13,2,2022-05-23 09:03:49
1653296630348960000,169.5,1,169.5,1,170.0,13,2,2022-05-23 09:03:50
1653296630417661000,169.5,3,169.0,54,169.5,2,2,2022-05-23 09:03:50
1653296630588057000,169.5,1,169.0,50,169.5,1,1,2022-05-23 09:03:50
1653296631006134000,169.0,1,169.0,49,169.5,1,2,2022-05-23 09:03:51
1653296631204185000,169.5,1,169.0,49,170.0,13,1,2022-05-23 09:03:51
1653296631855474000,169.0,1,169.0,48,170.0,13,2,2022-05-23 09:03:51
1653296631965626000,170.0,1,169.0,48,170.0,12,1,2022-05-23 09:03:51
1653296632726348000,169.5,1,169.0,48,170.0,12,1,2022-05-23 09:03:52
1653296633737407000,169.0,2,169.0,48,170.0,14,2,2022-05-23 09:03:53
1653296633957728000,170.0,1,169.0,48,170.0,13,1,2022-05-23 09:03:53
1653296635191527000,170.0,1,169.5,7,170.0,14,1,2022-05-23 09:03:55
1653296635856137000,169.5,1,169.5,12,170.0,13,2,2022-05-23 09:03:55
1653296636347547000,169.5,4,169.5,12,170.0,13,2,2022-05-23 09:03:56
1653296637988076000,169.5,2,169.5,16,170.0,13,2,2022-05-23 09:03:57
1653296638807766000,169.5,2,169.5,13,170.0,14,2,2022-05-23 09:03:58
1653296639236432000,170.0,1,169.5,12,170.0,13,1,2022-05-23 09:03:59
1653296639693019000,170.0,1,169.5,15,170.0,12,1,2022-05-23 09:03:59
1653296641143612000,169.5,1,169.5,21,170.0,11,2,2022-05-23 09:04:01
1653296643439452000,169.5,2,169.5,21,170.0,10,2,2022-05-23 09:04:03
1653296645220519000,169.5,1,169.5,24,170.0,14,2,2022-05-23 09:04:05
1653296645727108000,169.5,2,169.5,21,170.0,15,2,2022-05-23 09:04:05
1653296647668190000,169.5,1,169.5,24,170.0,26,2,2022-05-23 09:04:07
1653296648935279000,169.5,1,169.5,25,170.0,27,2,2022-05-23 09:04:08
1653296649662297000,169.5,1,169.5,24,170.0,27,2,2022-05-23 09:04:09
1653296649717093000,169.5,9,169.5,15,170.0,27,2,2022-05-23 09:04:09
1653296649756332000,169.5,15,169.0,71,170.0,27,2,2022-05-23 09:04:09
1653296649850323000,169.5,1,169.0,71,170.0,27,1,2022-05-23 09:04:09
1653296651021118000,169.5,1,169.0,72,170.0,27,2,2022-05-23 09:04:11
1653296651075106000,169.5,1,169.0,73,170.0,27,1,2022-05-23 09:04:11
1653296651767821000,169.0,1,169.0,72,169.5,3,2,2022-05-23 09:04:11
1653296652141385000,169.5,1,169.0,71,169.5,4,1,2022-05-23 09:04:12
1653296652836939000,169.5,1,169.0,72,169.5,3,1,2022-05-23 09:04:12
1653296654764778000,169.5,1,169.0,77,169.5,2,1,2022-05-23 09:04:14
1653296655349735000,169.5,1,169.0,77,169.5,1,1,2022-05-23 09:04:15
1653296655576000000,169.5,1,169.0,77,169.5,1,1,2022-05-23 09:04:15
1653296656048107000,169.5,2,169.0,77,170.0,33,1,2022-05-23 09:04:16
1653296656712300000,169.5,1,169.0,77,170.0,36,1,2022-05-23 09:04:16
1653296658175235000,169.5,1,169.0,79,169.5,1,2,2022-05-23 09:04:18
1653296658306114000,169.5,1,169.0,79,169.5,2,1,2022-05-23 09:04:18
1653296658310037000,169.5,1,169.0,79,169.5,1,1,2022-05-23 09:04:18
1653296658461418000,169.5,1,169.5,1,170.0,32,1,2022-05-23 09:04:18
1653296661438716000,169.5,1,169.5,6,170.0,27,2,2022-05-23 09:04:21
1653296662648725000,169.5,1,169.5,11,170.0,27,2,2022-05-23 09:04:22
1653296662700082000,169.5,1,169.5,10,170.0,27,2,2022-05-23 09:04:22
1653296663084023000,170.0,1,169.5,11,170.0,26,1,2022-05-23 09:04:23
1653296664452615000,170.0,1,169.5,19,170.0,25,1,2022-05-23 09:04:24
1653296667883017000,170.0,20,169.5,26,170.0,4,1,2022-05-23 09:04:27
1653296667916351000,170.0,4,169.5,26,170.5,9,1,2022-05-23 09:04:27
1653296667958349000,170.0,1,169.5,26,170.5,9,2,2022-05-23 09:04:27
1653296668145370000,170.0,1,169.5,26,170.5,9,1,2022-05-23 09:04:28
1653296668161491000,169.5,1,169.5,25,170.5,9,2,2022-05-23 09:04:28
1653296669157218000,170.5,1,169.5,27,170.5,9,1,2022-05-23 09:04:29
1653296670310211000,170.0,1,169.5,27,170.5,8,1,2022-05-23 09:04:30
1653296672465282000,170.0,1,169.5,34,170.5,10,2,2022-05-23 09:04:32
1653296672465282000,169.5,1,169.5,34,170.5,10,2,2022-05-23 09:04:32
1653296672662988000,170.0,1,169.5,34,170.5,10,2,2022-05-23 09:04:32
1653296674296274000,170.0,1,169.5,33,170.5,10,2,2022-05-23 09:04:34
1653296675247864000,170.0,1,170.0,1,170.5,10,2,2022-05-23 09:04:35
1653296681840207000,170.0,3,170.0,25,170.5,12,2,2022-05-23 09:04:41
1653296681880590000,170.0,6,170.0,19,170.5,12,2,2022-05-23 09:04:41
1653296684891100000,170.0,2,170.0,21,170.5,12,2,2022-05-23 09:04:44
1653296688424067000,170.0,4,170.0,21,170.5,12,2,2022-05-23 09:04:48
1653296699438523000,170.0,1,170.0,31,170.5,18,2,2022-05-23 09:04:59
1653296700866403000,170.0,3,170.0,30,170.5,18,2,2022-05-23 09:05:00
1653296703753138000,170.0,3,170.0,29,170.5,18,2,2022-05-23 09:05:03
1653296703772782000,170.0,3,170.0,26,170.5,18,2,2022-05-23 09:05:03
1653296703774619000,170.0,3,170.0,23,170.5,18,2,2022-05-23 09:05:03
1653296703795762000,170.0,1,170.0,22,170.5,19,2,2022-05-23 09:05:03
1653296703796876000,170.0,7,170.0,15,170.5,19,2,2022-05-23 09:05:03
1653296705947241000,170.0,1,170.0,15,170.5,22,2,2022-05-23 09:05:05
1653296708094361000,170.0,1,170.0,17,170.5,22,2,2022-05-23 09:05:08
1653296708719409000,170.5,5,170.0,17,170.5,18,1,2022-05-23 09:05:08
1653296709778052000,170.5,1,170.0,18,170.5,13,1,2022-05-23 09:05:09
1653296710431181000,170.0,1,170.0,17,170.5,13,2,2022-05-23 09:05:10
1653296710431202000,170.0,1,170.0,16,170.5,13,2,2022-05-23 09:05:10
1653296710431218000,170.0,1,170.0,15,170.5,13,2,2022-05-23 09:05:10
1653296710578225000,170.0,1,170.0,14,170.5,13,2,2022-05-23 09:05:10
1653296710578245000,170.0,1,170.0,13,170.5,13,2,2022-05-23 09:05:10
1653296710578270000,170.0,1,170.0,12,170.5,13,2,2022-05-23 09:05:10
1653296712224662000,170.0,1,170.0,11,170.5,17,2,2022-05-23 09:05:12
1653296713647270000,170.0,1,170.0,10,170.5,17,2,2022-05-23 09:05:13
1653296714094016000,170.0,1,170.0,9,170.5,17,2,2022-05-23 09:05:14
1653296715742492000,170.5,2,170.0,11,170.5,19,1,2022-05-23 09:05:15
1653296716473505000,170.5,1,170.0,11,170.5,18,1,2022-05-23 09:05:16
1653296718267392000,170.0,6,170.0,6,170.5,19,2,2022-05-23 09:05:18
1653296720542644000,170.0,2,170.0,7,170.5,17,2,2022-05-23 09:05:20
1653296721469517000,170.5,2,170.0,15,170.5,15,1,2022-05-23 09:05:21
1653296725742731000,170.5,2,170.0,17,170.5,10,1,2022-05-23 09:05:25
1653296726426612000,170.5,1,170.0,17,170.5,9,1,2022-05-23 09:05:26
1653296727098210000,170.5,1,170.0,22,170.5,8,1,2022-05-23 09:05:27
1653296727544389000,170.5,1,170.0,23,170.5,7,1,2022-05-23 09:05:27
1653296729244750000,170.5,1,170.0,25,170.5,6,1,2022-05-23 09:05:29
1653296729376709000,170.5,1,170.0,25,170.5,5,1,2022-05-23 09:05:29
1653296729858060000,170.5,2,170.0,25,170.5,3,1,2022-05-23 09:05:29
1653296729990639000,170.5,1,170.0,25,170.5,2,1,2022-05-23 09:05:29
1653296729993262000,170.5,1,170.0,25,170.5,1,1,2022-05-23 09:05:29
1653296730566647000,170.5,1,170.0,26,171.0,39,1,2022-05-23 09:05:30
1653296731488004000,170.0,1,170.0,25,171.0,42,2,2022-05-23 09:05:31
1653296731998974000,171.0,1,170.5,1,171.0,41,1,2022-05-23 09:05:31
1653296734646639000,171.0,1,170.5,11,171.0,38,1,2022-05-23 09:05:34
1653296736860443000,171.0,1,170.5,5,171.0,37,1,2022-05-23 09:05:36
1653296737706543000,170.5,5,170.0,41,171.0,37,2,2022-05-23 09:05:37
1653296737739003000,171.0,1,170.0,41,171.0,36,1,2022-05-23 09:05:37
1653296737867587000,171.0,1,170.5,1,171.0,35,1,2022-05-23 09:05:37
1653296738961327000,171.0,2,170.5,1,171.0,33,1,2022-05-23 09:05:38
1653296739435425000,171.0,1,170.5,5,171.0,32,1,2022-05-23 09:05:39
1653296741157339000,171.0,1,170.5,6,171.0,31,1,2022-05-23 09:05:41
1653296742119146000,171.0,1,170.5,10,171.0,30,1,2022-05-23 09:05:42
1653296744013401000,171.0,29,171.0,16,171.5,72,1,2022-05-23 09:05:44
1653296746947686000,171.0,1,171.0,21,171.5,68,2,2022-05-23 09:05:46
1653296747149123000,171.0,2,171.0,19,171.5,68,2,2022-05-23 09:05:47
1653296747149242000,171.0,19,170.5,16,171.5,68,2,2022-05-23 09:05:47
1653296749234534000,171.0,1,171.0,1,171.5,68,2,2022-05-23 09:05:49
1653296758607371000,171.0,1,171.0,17,171.5,70,2,2022-05-23 09:05:58
1653296760329045000,171.0,1,171.0,17,171.5,67,2,2022-05-23 09:06:00
1653296760496724000,171.5,1,171.0,17,171.5,66,1,2022-05-23 09:06:00
1653296762607328000,171.5,1,171.0,18,171.5,65,1,2022-05-23 09:06:02
1653296764220894000,171.0,3,171.0,17,171.5,64,2,2022-05-23 09:06:04
1653296764513216000,171.0,3,171.0,14,171.5,64,2,2022-05-23 09:06:04
1653296764524264000,171.0,3,171.0,11,171.5,64,2,2022-05-23 09:06:04
1653296764625455000,171.0,11,170.5,19,171.5,64,2,2022-05-23 09:06:04
1653296764705488000,170.5,1,170.5,18,171.5,67,2,2022-05-23 09:06:04
1653296764706769000,170.5,1,170.5,17,171.5,67,2,2022-05-23 09:06:04
1653296764723660000,170.5,2,170.5,15,171.5,67,2,2022-05-23 09:06:04
1653296767244596000,170.5,15,170.0,50,171.0,9,2,2022-05-23 09:06:07
1653296767670011000,171.0,1,170.0,49,171.0,16,1,2022-05-23 09:06:07
1653296769208324000,171.0,1,170.0,51,171.0,14,1,2022-05-23 09:06:09
1653296770278380000,170.0,1,170.0,50,171.0,23,2,2022-05-23 09:06:10
1653296771161014000,170.5,1,170.0,51,171.0,26,1,2022-05-23 09:06:11
1653296772695592000,171.0,1,170.0,52,171.0,25,1,2022-05-23 09:06:12
1653296774425246000,170.5,1,170.0,53,171.0,24,1,2022-05-23 09:06:14
1653296774858751000,170.5,5,170.0,53,171.0,13,1,2022-05-23 09:06:14
1653296774858751000,171.0,15,170.0,53,171.0,13,1,2022-05-23 09:06:14
1653296775260675000,171.0,4,170.0,53,171.0,4,1,2022-05-23 09:06:15
1653296777930892000,171.0,1,170.5,7,171.0,8,1,2022-05-23 09:06:17
1653296778005500000,171.0,1,170.5,7,171.0,7,1,2022-05-23 09:06:18
1653296780063124000,171.0,1,170.5,10,171.0,11,1,2022-05-23 09:06:20
1653296780159344000,171.0,3,170.5,10,171.0,8,1,2022-05-23 09:06:20
1653296780209108000,171.0,1,170.5,10,171.0,7,1,2022-05-23 09:06:20
1653296780819468000,171.0,1,170.5,10,171.0,12,1,2022-05-23 09:06:20
1653296780845803000,171.0,1,170.5,10,171.0,11,1,2022-05-23 09:06:20
1653296781209689000,171.0,3,170.5,10,171.0,8,1,2022-05-23 09:06:21
1653296783027020000,171.0,1,170.5,10,171.0,8,1,2022-05-23 09:06:23
1653296784320042000,171.0,1,170.5,10,171.0,9,1,2022-05-23 09:06:24
1653296785626781000,171.0,5,170.5,10,171.0,4,1,2022-05-23 09:06:25
1653296787443634000,171.0,1,170.5,10,171.0,5,1,2022-05-23 09:06:27
1653296787606817000,170.5,1,170.5,9,171.0,5,2,2022-05-23 09:06:27
1653296788383450000,170.5,2,170.5,7,171.0,5,2,2022-05-23 09:06:28
1653296788565505000,171.0,1,170.5,7,171.0,5,1,2022-05-23 09:06:28
1653296789711519000,171.0,1,170.5,8,171.0,4,1,2022-05-23 09:06:29
1653296790747585000,171.0,1,170.5,13,171.0,7,1,2022-05-23 09:06:30
1653296792821915000,171.0,3,170.5,14,171.0,4,1,2022-05-23 09:06:32
1653296794458534000,171.0,1,170.5,17,171.0,3,1,2022-05-23 09:06:34
1653296796306418000,171.0,1,170.5,20,171.0,8,1,2022-05-23 09:06:36
1653296796554708000,170.5,1,170.5,19,171.0,8,2,2022-05-23 09:06:36
1653296802676798000,170.5,11,170.5,9,171.0,19,2,2022-05-23 09:06:42
1653296802708475000,170.5,9,170.0,65,171.0,19,2,2022-05-23 09:06:42
1653296804497909000,170.0,40,170.0,25,170.5,3,2,2022-05-23 09:06:44
1653296804497974000,170.0,20,170.0,5,170.5,3,2,2022-05-23 09:06:44
1653296804498093000,170.0,5,169.5,57,170.0,15,2,2022-05-23 09:06:44
1653296804527606000,169.5,1,169.5,55,170.0,35,2,2022-05-23 09:06:44
1653296804527839000,169.5,1,169.5,54,170.0,35,2,2022-05-23 09:06:44
1653296804529836000,169.5,1,169.5,53,170.0,35,2,2022-05-23 09:06:44
1653296804529979000,169.5,1,169.5,52,170.0,35,2,2022-05-23 09:06:44
1653296804530717000,169.5,1,169.5,51,170.0,35,2,2022-05-23 09:06:44
1653296804531110000,169.5,1,169.5,50,170.0,35,2,2022-05-23 09:06:44
1653296804531754000,169.5,1,169.5,49,170.0,35,2,2022-05-23 09:06:44
1653296804542407000,169.5,1,169.5,48,170.0,35,2,2022-05-23 09:06:44
1653296804557721000,169.5,1,169.5,47,170.0,35,2,2022-05-23 09:06:44
1653296804558643000,169.5,1,169.5,45,170.0,35,2,2022-05-23 09:06:44
1653296804563975000,169.5,1,169.5,44,170.0,35,2,2022-05-23 09:06:44
1653296804574541000,169.5,1,169.5,43,170.0,35,2,2022-05-23 09:06:44
1653296804803589000,169.5,1,169.5,42,170.0,35,2,2022-05-23 09:06:44
1653296804835352000,169.5,4,169.5,38,170.0,35,2,2022-05-23 09:06:44
1653296804840376000,169.5,1,169.5,37,170.0,35,2,2022-05-23 09:06:44
1653296804892122000,169.5,1,169.5,36,170.0,35,2,2022-05-23 09:06:44
1653296805864224000,170.0,1,169.5,36,170.0,34,1,2022-05-23 09:06:45
1653296806186571000,169.5,2,169.5,34,170.0,34,2,2022-05-23 09:06:46
1653296806401842000,170.0,2,169.5,34,170.0,32,1,2022-05-23 09:06:46
1653296806613105000,170.0,1,169.5,34,170.0,31,1,2022-05-23 09:06:46
1653296809176654000,170.0,1,169.5,34,170.0,30,1,2022-05-23 09:06:49
1653296809205788000,169.5,1,169.5,33,170.0,30,2,2022-05-23 09:06:49
1653296815437539000,170.0,1,169.5,33,170.0,29,1,2022-05-23 09:06:55
1653296817186479000,170.0,1,169.5,33,170.0,28,1,2022-05-23 09:06:57
1653296819086427000,170.0,5,169.5,37,170.0,23,1,2022-05-23 09:06:59
1653296819405235000,170.0,1,169.5,37,170.0,22,1,2022-05-23 09:06:59
1653296820203609000,170.0,1,169.5,38,170.0,21,1,2022-05-23 09:07:00
1653296820971428000,169.5,1,169.5,37,170.0,21,2,2022-05-23 09:07:00
1653296821361522000,169.5,2,169.5,35,170.0,21,2,2022-05-23 09:07:01
1653296821391101000,169.5,1,169.5,35,170.0,21,2,2022-05-23 09:07:01
1653296821589865000,169.5,2,169.5,33,170.0,21,2,2022-05-23 09:07:01
1653296822229574000,170.0,1,169.5,33,170.0,20,1,2022-05-23 09:07:02
1653296823781295000,170.0,1,169.5,35,170.0,28,1,2022-05-23 09:07:03
1653296825151643000,170.0,1,169.5,35,170.0,27,1,2022-05-23 09:07:05
1653296825751576000,169.5,1,169.5,34,170.0,28,2,2022-05-23 09:07:05
1653296825793450000,169.5,1,169.5,33,170.0,28,2,2022-05-23 09:07:05
1653296831221670000,170.0,1,169.5,37,170.0,27,1,2022-05-23 09:07:11
1653296835958479000,169.5,2,169.5,39,170.0,31,2,2022-05-23 09:07:15
1653296836000356000,169.5,1,169.5,38,170.0,31,2,2022-05-23 09:07:16
1653296836771520000,170.0,1,169.5,38,170.0,30,1,2022-05-23 09:07:16
1653296836802543000,170.0,1,169.5,38,170.0,29,1,2022-05-23 09:07:16
1653296838914978000,170.0,1,169.5,46,170.0,29,1,2022-05-23 09:07:18
1653296847043876000,170.0,1,169.5,49,170.0,29,1,2022-05-23 09:07:27
1653296849426078000,170.0,1,169.5,50,170.0,28,1,2022-05-23 09:07:29
1653296850343487000,169.5,3,169.5,47,170.0,25,2,2022-05-23 09:07:30
1653296850491604000,169.5,3,169.5,44,170.0,22,2,2022-05-23 09:07:30
1653296850526583000,169.5,1,169.5,43,170.0,22,2,2022-05-23 09:07:30
1653296850530564000,169.5,1,169.5,42,170.0,22,2,2022-05-23 09:07:30
1653296850605165000,169.5,3,169.5,39,170.0,19,2,2022-05-23 09:07:30
1653296850640372000,169.5,1,169.5,38,170.0,19,2,2022-05-23 09:07:30
1653296850646622000,169.5,1,169.5,37,170.0,19,2,2022-05-23 09:07:30
1653296850667612000,169.5,1,169.5,36,170.0,19,2,2022-05-23 09:07:30
1653296850682009000,169.5,1,169.5,35,170.0,20,2,2022-05-23 09:07:30
1653296850696782000,169.5,1,169.5,34,170.0,20,2,2022-05-23 09:07:30
1653296852024622000,170.0,1,169.5,34,170.0,21,1,2022-05-23 09:07:32
1653296853971007000,170.0,1,169.5,34,170.0,19,1,2022-05-23 09:07:33
1653296857855837000,170.0,10,169.5,35,170.0,9,1,2022-05-23 09:07:37
1653296859961556000,170.0,1,169.5,34,170.0,8,1,2022-05-23 09:07:39
1653296860079432000,170.0,1,169.5,34,170.0,7,1,2022-05-23 09:07:40
1653296860553504000,170.0,1,169.5,34,170.0,6,1,2022-05-23 09:07:40
1653296861102699000,170.0,2,169.5,34,170.0,4,1,2022-05-23 09:07:41
1653296862187005000,170.0,1,169.5,47,170.0,3,1,2022-05-23 09:07:42
1653296862895132000,170.0,3,170.0,2,170.5,31,1,2022-05-23 09:07:42
1653296862978587000,170.0,2,170.0,1,170.5,31,2,2022-05-23 09:07:42
1653296863429587000,170.0,1,170.0,1,170.5,31,2,2022-05-23 09:07:43
1653296879181334000,170.0,1,170.0,13,170.5,32,2,2022-05-23 09:07:59
1653296882315958000,170.0,1,170.0,12,170.5,32,2,2022-05-23 09:08:02
1653296883446515000,170.0,3,170.0,9,170.5,32,2,2022-05-23 09:08:03
1653296883490803000,170.0,3,170.0,6,170.5,32,2,2022-05-23 09:08:03
1653296883493111000,170.0,3,170.0,3,170.5,32,2,2022-05-23 09:08:03
1653296885287764000,170.0,1,170.0,3,170.5,32,2,2022-05-23 09:08:05
1653296889065985000,170.0,2,170.0,4,170.5,34,2,2022-05-23 09:08:09
1653296891036616000,170.0,1,170.0,3,170.5,35,2,2022-05-23 09:08:11
1653296891249857000,170.0,2,170.0,1,170.5,35,2,2022-05-23 09:08:11
1653296891930272000,170.0,1,169.5,56,170.5,34,2,2022-05-23 09:08:11
1653296897748649000,169.5,2,169.5,55,170.0,10,2,2022-05-23 09:08:17
1653296897775327000,169.5,1,169.5,54,170.0,10,2,2022-05-23 09:08:17
1653296899858705000,169.5,1,169.5,55,170.0,12,2,2022-05-23 09:08:19
1653296901200005000,170.0,1,169.5,55,170.0,11,1,2022-05-23 09:08:21
1653296904421407000,170.0,1,169.5,56,170.0,11,1,2022-05-23 09:08:24
1653296921316971000,170.0,1,169.5,62,170.0,15,1,2022-05-23 09:08:41
1653296923072398000,170.0,1,169.5,62,170.0,24,1,2022-05-23 09:08:43
1653296926110183000,169.5,1,169.5,61,170.0,24,2,2022-05-23 09:08:46
1653296927384952000,170.0,1,169.5,62,170.0,23,1,2022-05-23 09:08:47
1653296929783692000,170.0,1,169.5,63,170.0,22,1,2022-05-23 09:08:49
1653296930441828000,170.0,1,169.5,63,170.0,21,1,2022-05-23 09:08:50
1653296938378221000,170.0,2,169.5,63,170.0,20,1,2022-05-23 09:08:58
1653296938825022000,170.0,1,169.5,62,170.0,19,1,2022-05-23 09:08:58
1653296941570923000,170.0,1,169.5,63,170.0,18,1,2022-05-23 09:09:01
1653296944924527000,170.0,1,169.5,65,170.0,27,1,2022-05-23 09:09:04
1653296946415905000,170.0,2,169.5,65,170.0,26,1,2022-05-23 09:09:06
1653296948080370000,169.5,1,169.5,64,170.0,26,2,2022-05-23 09:09:08
1653296948526072000,170.0,10,169.5,65,170.0,16,1,2022-05-23 09:09:08
1653296950774590000,170.0,1,169.5,65,170.0,15,1,2022-05-23 09:09:10
1653296951054244000,170.0,1,169.5,65,170.0,14,1,2022-05-23 09:09:11
1653296952871314000,170.0,1,169.5,65,170.0,13,1,2022-05-23 09:09:12
1653296953962864000,170.0,10,169.5,65,170.0,3,1,2022-05-23 09:09:13
1653296954971394000,170.0,1,169.5,65,170.0,2,1,2022-05-23 09:09:14
1653296955280823000,170.0,2,169.5,65,170.5,35,1,2022-05-23 09:09:15
1653296958911133000,170.5,1,170.0,7,170.5,38,1,2022-05-23 09:09:18
1653296964374621000,170.0,1,170.0,15,170.5,34,2,2022-05-23 09:09:24
1653296964376333000,170.0,2,170.0,13,170.5,34,2,2022-05-23 09:09:24
1653296964655102000,170.5,1,170.0,12,170.5,33,1,2022-05-23 09:09:24
1653296965413186000,170.0,1,170.0,11,170.5,33,2,2022-05-23 09:09:25
1653296973715686000,170.0,11,170.0,3,170.5,34,2,2022-05-23 09:09:33
1653296976904565000,170.0,1,170.0,2,170.5,34,2,2022-05-23 09:09:36
1653296978166507000,170.0,1,170.0,2,170.5,34,2,2022-05-23 09:09:38
1653296986251583000,170.0,1,170.0,3,170.5,35,2,2022-05-23 09:09:46
1653296987391012000,170.5,1,170.0,3,170.5,34,1,2022-05-23 09:09:47
1653296991921128000,170.0,4,170.0,5,170.5,34,2,2022-05-23 09:09:51
1653296996902630000,170.0,1,170.0,8,170.5,34,2,2022-05-23 09:09:56
1653296999299646000,170.0,1,170.0,8,170.5,34,2,2022-05-23 09:09:59
1653297001910727000,170.5,1,170.0,6,170.5,33,1,2022-05-23 09:10:01
1653297002015926000,170.0,6,169.5,69,170.5,33,2,2022-05-23 09:10:02
1653297002015926000,169.5,1,169.5,69,170.5,33,2,2022-05-23 09:10:02
1653297004574840000,170.0,1,169.5,68,170.0,4,1,2022-05-23 09:10:04
1653297008237361000,170.0,1,169.5,67,170.0,11,1,2022-05-23 09:10:08
1653297008288872000,170.0,1,169.5,67,170.0,10,1,2022-05-23 09:10:08
1653297010291432000,170.0,1,169.5,67,170.0,9,1,2022-05-23 09:10:10
1653297013225663000,170.0,1,169.5,67,170.0,8,1,2022-05-23 09:10:13
1653297013356819000,169.5,11,169.5,56,170.0,8,2,2022-05-23 09:10:13
1653297026086603000,169.5,1,169.5,68,170.0,23,2,2022-05-23 09:10:26
1653297026358512000,169.5,11,169.5,57,170.0,24,2,2022-05-23 09:10:26
1653297026397453000,169.5,1,169.5,56,170.0,24,2,2022-05-23 09:10:26
1653297027917711000,169.5,12,169.5,45,170.0,28,2,2022-05-23 09:10:27
1653297027976283000,169.5,1,169.5,44,170.0,28,2,2022-05-23 09:10:27
1653297028170702000,169.5,11,169.5,33,170.0,28,2,2022-05-23 09:10:28
1653297028202305000,169.5,33,169.0,132,170.0,28,2,2022-05-23 09:10:28
1653297031953352000,169.5,1,169.0,136,169.5,18,1,2022-05-23 09:10:31
1653297032459308000,169.0,3,169.0,133,169.5,18,2,2022-05-23 09:10:32
1653297033336128000,169.0,1,169.0,133,169.5,19,2,2022-05-23 09:10:33
1653297033380249000,169.0,1,169.0,132,169.5,19,2,2022-05-23 09:10:33
1653297033782153000,169.0,3,169.0,129,169.5,19,2,2022-05-23 09:10:33
1653297035579782000,169.5,1,169.0,129,169.5,23,1,2022-05-23 09:10:35
1653297036230755000,169.5,1,169.0,129,169.5,22,1,2022-05-23 09:10:36
1653297038656403000,169.5,1,169.0,128,169.5,21,1,2022-05-23 09:10:38
1653297039239819000,169.5,1,169.0,128,169.5,20,1,2022-05-23 09:10:39
1653297041127886000,169.0,54,169.0,74,169.5,21,2,2022-05-23 09:10:41
1653297041127959000,169.0,27,169.0,47,169.5,21,2,2022-05-23 09:10:41
1653297041128113000,169.0,27,169.0,20,169.5,21,2,2022-05-23 09:10:41
1653297041128203000,169.0,20,168.5,62,169.5,21,2,2022-05-23 09:10:41
1653297041128203000,168.5,7,168.5,62,169.5,21,2,2022-05-23 09:10:41
1653297041291421000,168.5,1,168.5,60,169.0,24,2,2022-05-23 09:10:41
1653297041577470000,168.5,4,168.5,56,169.0,28,2,2022-05-23 09:10:41
1653297041789340000,168.5,11,168.5,45,169.0,28,2,2022-05-23 09:10:41
1653297041800077000,168.5,1,168.5,44,169.0,28,2,2022-05-23 09:10:41
1653297041819202000,168.5,9,168.5,35,169.0,28,2,2022-05-23 09:10:41
1653297041822470000,168.5,1,168.5,34,169.0,28,2,2022-05-23 09:10:41
1653297041833356000,168.5,1,168.5,33,169.0,28,2,2022-05-23 09:10:41
1653297041850125000,168.5,1,168.5,32,169.0,28,2,2022-05-23 09:10:41
1653297041854015000,168.5,1,168.5,31,169.0,28,2,2022-05-23 09:10:41
1653297042119323000,168.5,4,168.5,27,169.0,28,2,2022-05-23 09:10:42
1653297042143086000,168.5,3,168.5,24,169.0,28,2,2022-05-23 09:10:42
1653297042573408000,168.5,11,168.5,13,169.0,33,2,2022-05-23 09:10:42
1653297042590471000,168.5,5,168.5,8,169.0,33,2,2022-05-23 09:10:42
1653297043430482000,168.5,1,168.5,7,169.0,29,2,2022-05-23 09:10:43
1653297043471117000,169.0,1,168.5,7,169.0,28,1,2022-05-23 09:10:43
1653297043578144000,168.5,5,168.5,2,169.0,29,2,2022-05-23 09:10:43
1653297043694008000,168.5,2,168.0,91,169.0,29,2,2022-05-23 09:10:43
1653297043978054000,168.0,1,168.0,90,169.0,29,2,2022-05-23 09:10:43
1653297044017668000,168.0,1,168.0,89,169.0,29,2,2022-05-23 09:10:44
1653297046501436000,168.5,1,168.0,89,168.5,13,1,2022-05-23 09:10:46
1653297046540192000,168.5,1,168.0,89,168.5,12,1,2022-05-23 09:10:46
1653297046572887000,168.5,5,168.0,90,168.5,7,1,2022-05-23 09:10:46
1653297047330397000,168.0,1,168.0,89,168.5,7,2,2022-05-23 09:10:47
1653297047642039000,168.0,1,168.0,88,168.5,7,2,2022-05-23 09:10:47
1653297048303141000,168.0,1,168.0,78,168.5,7,2,2022-05-23 09:10:48
1653297049907048000,168.0,3,168.0,74,168.5,7,2,2022-05-23 09:10:49
1653297049991330000,168.0,2,168.0,73,168.5,8,2,2022-05-23 09:10:49
1653297050071062000,168.0,1,168.0,72,168.5,8,2,2022-05-23 09:10:50
1653297050908887000,168.0,3,168.0,69,168.5,9,2,2022-05-23 09:10:50
1653297051066422000,168.0,1,168.0,68,168.5,9,2,2022-05-23 09:10:51
1653297051347978000,168.5,1,168.0,68,168.5,8,1,2022-05-23 09:10:51
1653297051357587000,168.0,1,168.0,67,168.5,8,2,2022-05-23 09:10:51
1653297051396801000,168.5,1,168.0,67,168.5,7,1,2022-05-23 09:10:51
1653297051989610000,168.0,2,168.0,65,168.5,7,2,2022-05-23 09:10:51
1653297052536795000,168.0,5,168.0,61,168.5,7,2,2022-05-23 09:10:52
1653297052996117000,168.0,1,168.0,59,168.5,7,2,2022-05-23 09:10:52
1653297053763838000,168.0,1,168.0,58,168.5,7,2,2022-05-23 09:10:53
1653297053894415000,168.0,1,168.0,56,168.5,8,2,2022-05-23 09:10:53
1653297054222383000,168.0,1,168.0,55,168.5,8,2,2022-05-23 09:10:54
1653297055732688000,168.0,1,168.0,56,168.5,13,2,2022-05-23 09:10:55
1653297056887955000,168.5,3,168.0,58,168.5,10,1,2022-05-23 09:10:56
1653297057464207000,168.0,1,168.0,57,168.5,11,2,2022-05-23 09:10:57
1653297058295221000,168.0,1,168.0,56,168.5,11,2,2022-05-23 09:10:58
1653297058334566000,168.0,1,168.0,55,168.5,11,2,2022-05-23 09:10:58
1653297058478574000,168.0,3,168.0,52,168.5,11,2,2022-05-23 09:10:58
1653297059562432000,168.0,1,168.0,52,168.5,11,2,2022-05-23 09:10:59
1653297060068050000,168.5,2,168.0,54,168.5,9,1,2022-05-23 09:11:00
1653297061167514000,168.5,1,168.0,54,168.5,12,1,2022-05-23 09:11:01
1653297061180081000,168.0,3,168.0,51,168.5,12,2,2022-05-23 09:11:01
1653297061397713000,168.0,3,168.0,48,168.5,12,2,2022-05-23 09:11:01
1653297061434684000,168.0,1,168.0,47,168.5,12,2,2022-05-23 09:11:01
1653297061616536000,168.5,1,168.0,47,168.5,11,1,2022-05-23 09:11:01
1653297063791143000,168.0,5,168.0,43,168.5,13,2,2022-05-23 09:11:03
1653297063967272000,168.0,2,168.0,46,168.5,13,2,2022-05-23 09:11:03
1653297066073076000,168.0,1,168.0,45,168.5,13,2,2022-05-23 09:11:06
1653297069553535000,168.0,1,168.0,42,168.5,15,2,2022-05-23 09:11:09
1653297071210968000,168.5,1,168.0,46,168.5,15,1,2022-05-23 09:11:11
1653297072288922000,168.5,15,168.0,45,169.0,12,1,2022-05-23 09:11:12
1653297072441630000,169.0,1,168.0,45,169.0,15,1,2022-05-23 09:11:12
1653297073372829000,168.5,1,168.0,50,169.0,15,1,2022-05-23 09:11:13
1653297074024297000,169.0,1,168.5,2,169.0,10,1,2022-05-23 09:11:14
1653297074275773000,168.5,3,168.0,46,168.5,1,2,2022-05-23 09:11:14
1653297074304490000,168.5,1,168.0,46,169.0,10,1,2022-05-23 09:11:14
1653297075099676000,168.5,1,168.0,45,169.0,10,2,2022-05-23 09:11:15
1653297075099676000,168.0,2,168.0,45,169.0,10,2,2022-05-23 09:11:15
1653297077619589000,169.0,1,168.5,8,169.0,16,1,2022-05-23 09:11:17
1653297077761613000,168.5,7,168.5,2,169.0,16,2,2022-05-23 09:11:17
1653297079044787000,168.5,1,168.5,1,169.0,16,2,2022-05-23 09:11:19
1653297079461956000,168.5,1,168.5,3,169.0,16,2,2022-05-23 09:11:19
1653297081390094000,168.5,1,168.5,5,169.0,16,2,2022-05-23 09:11:21
1653297081512178000,168.5,1,168.5,7,169.0,16,2,2022-05-23 09:11:21
1653297082294914000,168.5,1,168.5,7,169.0,16,2,2022-05-23 09:11:22
1653297084356133000,168.5,1,168.5,12,169.0,16,2,2022-05-23 09:11:24
1653297085774080000,168.5,1,168.5,9,169.0,16,2,2022-05-23 09:11:25
1653297089249204000,168.5,1,168.5,14,169.0,15,2,2022-05-23 09:11:29
1653297090154288000,169.0,5,168.5,14,169.0,12,1,2022-05-23 09:11:30
1653297090191429000,168.5,2,168.5,12,169.0,12,2,2022-05-23 09:11:30
1653297091666459000,169.0,1,168.5,17,169.0,12,1,2022-05-23 09:11:31
1653297092170522000,168.5,5,168.5,12,169.0,13,2,2022-05-23 09:11:32
1653297095258110000,168.5,3,168.5,18,169.0,13,2,2022-05-23 09:11:35
1653297096698253000,169.0,4,168.5,19,169.0,9,1,2022-05-23 09:11:36
1653297096720227000,169.0,9,168.5,19,169.5,10,1,2022-05-23 09:11:36
1653297098504553000,168.5,1,168.5,27,169.5,6,2,2022-05-23 09:11:38
1653297106656165000,169.0,1,169.0,17,169.5,10,2,2022-05-23 09:11:46
1653297107793583000,169.0,1,169.0,15,169.5,16,2,2022-05-23 09:11:47
1653297112312576000,169.0,1,169.0,15,169.5,16,2,2022-05-23 09:11:52
1653297120893732000,169.0,3,169.0,19,169.5,16,2,2022-05-23 09:12:00
1653297120900746000,169.0,3,169.0,16,169.5,16,2,2022-05-23 09:12:00
1653297124863135000,169.0,8,169.0,9,169.5,19,2,2022-05-23 09:12:04
1653297125923110000,169.0,1,169.0,8,169.5,18,2,2022-05-23 09:12:05
1653297126309545000,169.0,8,168.5,34,169.0,12,2,2022-05-23 09:12:06
1653297127588199000,168.5,5,168.5,25,169.0,12,2,2022-05-23 09:12:07
1653297132866457000,169.0,1,168.5,26,169.0,28,1,2022-05-23 09:12:12
1653297135363687000,169.0,1,168.5,27,169.0,28,1,2022-05-23 09:12:15
1653297137611379000,168.5,1,168.5,26,169.0,30,2,2022-05-23 09:12:17
1653297137672757000,168.5,1,168.5,25,169.0,30,2,2022-05-23 09:12:17
1653297141798226000,168.5,1,168.5,27,169.0,30,2,2022-05-23 09:12:21
1653297142791356000,169.0,3,168.5,24,169.0,27,1,2022-05-23 09:12:22
1653297142977501000,169.0,6,168.5,24,169.0,21,1,2022-05-23 09:12:22
1653297147821329000,169.0,1,168.5,31,169.0,22,1,2022-05-23 09:12:27
1653297148837090000,169.0,1,168.5,31,169.0,21,1,2022-05-23 09:12:28
1653297149905027000,169.0,1,168.5,32,169.0,20,1,2022-05-23 09:12:29
1653297150577358000,169.0,1,168.5,32,169.0,19,1,2022-05-23 09:12:30
1653297153437048000,169.0,1,168.5,34,169.0,19,1,2022-05-23 09:12:33
1653297154117709000,169.0,1,168.5,34,169.0,18,1,2022-05-23 09:12:34
1653297154570983000,169.0,1,168.5,34,169.0,17,1,2022-05-23 09:12:34
1653297155790816000,168.5,2,168.5,33,169.0,18,2,2022-05-23 09:12:35
1653297156444843000,169.0,1,168.5,33,169.0,17,1,2022-05-23 09:12:36
1653297157515059000,169.0,2,168.5,33,169.0,15,1,2022-05-23 09:12:37
1653297160415820000,169.0,1,168.5,33,169.0,15,1,2022-05-23 09:12:40
1653297160750357000,168.5,1,168.5,32,169.0,15,2,2022-05-23 09:12:40
1653297160780235000,168.5,1,168.5,31,169.0,15,2,2022-05-23 09:12:40
1653297161583663000,169.0,1,168.5,31,169.0,14,1,2022-05-23 09:12:41
1653297165848075000,169.0,1,168.5,35,169.0,23,1,2022-05-23 09:12:45
1653297167443808000,168.5,5,168.5,30,169.0,23,2,2022-05-23 09:12:47
1653297170576114000,169.0,1,168.5,31,169.0,22,1,2022-05-23 09:12:50
1653297171570068000,169.0,1,168.5,31,169.0,21,1,2022-05-23 09:12:51
1653297179458711000,169.0,1,168.5,41,169.0,20,1,2022-05-23 09:12:59
1653297180873227000,169.0,1,168.5,41,169.0,25,1,2022-05-23 09:13:00
1653297186607580000,169.0,3,168.5,43,169.0,12,1,2022-05-23 09:13:06
1653297187780626000,169.0,1,168.5,44,169.0,11,1,2022-05-23 09:13:07
1653297187796721000,169.0,1,168.5,44,169.0,10,1,2022-05-23 09:13:07
1653297188143555000,169.0,1,168.5,44,169.0,9,1,2022-05-23 09:13:08
1653297189130236000,169.0,3,168.5,44,169.0,6,1,2022-05-23 09:13:09
1653297189149040000,169.0,3,168.5,44,169.0,3,1,2022-05-23 09:13:09
1653297189580927000,169.0,1,168.5,44,169.0,2,1,2022-05-23 09:13:09
1653297189601479000,169.0,2,168.5,44,169.5,18,1,2022-05-23 09:13:09
1653297192059967000,169.0,1,169.0,3,169.5,17,2,2022-05-23 09:13:12
1653297192173944000,169.0,1,169.0,2,169.5,16,2,2022-05-23 09:13:12
1653297198957482000,169.0,1,169.0,11,169.5,16,2,2022-05-23 09:13:18
1653297199470774000,169.5,2,169.0,12,169.5,14,1,2022-05-23 09:13:19
1653297209169601000,169.5,1,169.0,16,169.5,13,1,2022-05-23 09:13:29
1653297214800658000,169.5,1,169.0,22,169.5,12,1,2022-05-23 09:13:34
1653297216248140000,169.5,10,169.0,22,169.5,3,1,2022-05-23 09:13:36
1653297218813352000,169.5,1,169.0,24,169.5,2,1,2022-05-23 09:13:38
1653297219045598000,169.5,1,169.0,24,169.5,1,1,2022-05-23 09:13:39
1653297220920803000,169.5,1,169.0,24,170.0,17,1,2022-05-23 09:13:40
1653297223700654000,170.0,8,169.5,1,170.0,6,1,2022-05-23 09:13:43
1653297223816524000,169.5,1,169.0,34,170.0,5,2,2022-05-23 09:13:43
1653297223816524000,169.0,1,169.0,34,170.0,5,2,2022-05-23 09:13:43
1653297236039542000,169.5,4,169.0,38,169.5,1,2,2022-05-23 09:13:56
1653297239027247000,169.5,1,169.0,40,170.0,10,1,2022-05-23 09:13:59
1653297239898710000,169.5,1,169.0,40,170.0,10,1,2022-05-23 09:13:59
1653297240396287000,169.5,1,169.0,40,169.5,4,1,2022-05-23 09:14:00
1653297245642889000,169.5,1,169.0,38,169.5,14,1,2022-05-23 09:14:05
1653297248806937000,169.5,1,169.0,37,169.5,15,1,2022-05-23 09:14:08
1653297249786599000,169.5,1,169.0,37,169.5,14,1,2022-05-23 09:14:09
1653297251041809000,169.5,1,169.0,38,169.5,13,1,2022-05-23 09:14:11
1653297253153582000,169.5,1,169.0,38,169.5,2,1,2022-05-23 09:14:13
1653297253741406000,169.5,2,169.0,38,170.0,21,1,2022-05-23 09:14:13
1653297256206631000,169.5,2,169.5,1,170.0,21,2,2022-05-23 09:14:16
1653297256986127000,169.5,1,169.5,1,170.0,22,2,2022-05-23 09:14:16
1653297257020089000,169.5,1,169.0,42,170.0,22,2,2022-05-23 09:14:17
1653297257920408000,169.5,1,169.0,42,169.5,1,2,2022-05-23 09:14:17
1653297262633350000,169.5,1,169.0,39,169.5,17,1,2022-05-23 09:14:22
1653297263526450000,169.5,1,169.0,39,169.5,17,1,2022-05-23 09:14:23
1653297267414126000,169.5,4,169.0,39,169.5,14,1,2022-05-23 09:14:27
1653297267830956000,169.0,1,169.0,38,169.5,13,2,2022-05-23 09:14:27
1653297267883398000,169.5,2,169.0,38,169.5,11,1,2022-05-23 09:14:27
1653297269298235000,169.5,1,169.0,39,169.5,11,1,2022-05-23 09:14:29
1653297269845788000,169.0,1,169.0,38,169.5,10,2,2022-05-23 09:14:29
1653297270343446000,169.5,1,169.0,36,169.5,9,1,2022-05-23 09:14:30
1653297272323000000,169.5,2,169.0,36,169.5,7,1,2022-05-23 09:14:32
1653297272794230000,169.5,1,169.0,36,169.5,6,1,2022-05-23 09:14:32
1653297276410988000,169.5,1,169.0,39,169.5,5,1,2022-05-23 09:14:36
1653297277665588000,169.5,1,169.0,39,169.5,4,1,2022-05-23 09:14:37
1653297277787940000,169.5,1,169.0,39,169.5,3,1,2022-05-23 09:14:37
1653297280082654000,169.5,1,169.0,39,169.5,2,1,2022-05-23 09:14:40
1653297280887970000,169.5,1,169.0,39,169.5,1,1,2022-05-23 09:14:40
1653297281035951000,169.5,1,169.0,39,170.0,20,1,2022-05-23 09:14:41
1653297284754378000,170.0,5,169.5,3,170.0,14,1,2022-05-23 09:14:44
1653297288892677000,170.0,1,169.5,10,170.0,12,1,2022-05-23 09:14:48
1653297290911036000,170.0,1,169.5,11,170.0,11,1,2022-05-23 09:14:50
1653297290971849000,170.0,1,169.5,11,170.0,10,1,2022-05-23 09:14:50
1653297292546268000,170.0,3,169.5,13,170.0,7,1,2022-05-23 09:14:52
1653297293180021000,170.0,1,169.5,22,170.0,6,1,2022-05-23 09:14:53
1653297295875728000,170.0,1,169.5,24,170.0,5,1,2022-05-23 09:14:55
1653297296739229000,170.0,1,169.5,25,170.0,4,1,2022-05-23 09:14:56
1653297298033739000,170.0,1,169.5,25,170.0,3,1,2022-05-23 09:14:58
1653297298086393000,170.0,1,169.5,25,170.0,2,1,2022-05-23 09:14:58
1653297298286124000,170.0,1,169.5,26,170.0,1,1,2022-05-23 09:14:58
1653297300197528000,170.0,1,169.5,24,170.0,20,1,2022-05-23 09:15:00
1653297300681359000,170.0,1,169.5,26,170.0,19,1,2022-05-23 09:15:00
1653297300721196000,170.0,1,169.5,26,170.0,18,1,2022-05-23 09:15:00
1653297303146752000,170.0,1,169.5,27,170.0,17,1,2022-05-23 09:15:03
1653297305682883000,170.0,1,169.5,28,170.0,19,1,2022-05-23 09:15:05
1653297309934833000,170.0,1,169.5,32,170.0,23,1,2022-05-23 09:15:09
1653297310277726000,170.0,1,169.5,33,170.0,21,1,2022-05-23 09:15:10
1653297310997650000,170.0,3,169.5,33,170.0,18,1,2022-05-23 09:15:10
1653297313529029000,170.0,1,169.5,34,170.0,17,1,2022-05-23 09:15:13
1653297314463918000,170.0,1,169.5,34,170.0,16,1,2022-05-23 09:15:14
1653297314918851000,170.0,2,169.5,34,170.0,14,1,2022-05-23 09:15:14
1653297315273224000,170.0,1,169.5,34,170.0,13,1,2022-05-23 09:15:15
1653297315491294000,170.0,2,169.5,34,170.0,11,1,2022-05-23 09:15:15
1653297318053029000,170.0,2,169.5,34,170.0,7,1,2022-05-23 09:15:18
1653297318243586000,170.0,2,169.5,34,170.0,5,1,2022-05-23 09:15:18
1653297318573454000,170.0,1,169.5,33,170.0,4,1,2022-05-23 09:15:18
1653297318822866000,170.0,1,169.5,32,170.0,3,1,2022-05-23 09:15:18
1653297319358351000,170.0,1,169.5,32,170.0,2,1,2022-05-23 09:15:19
1653297319450198000,170.0,1,169.5,32,170.0,1,1,2022-05-23 09:15:19
1653297319735782000,170.0,1,170.0,9,170.5,45,1,2022-05-23 09:15:19
1653297325427924000,170.5,44,170.5,6,171.0,57,1,2022-05-23 09:15:25
1653297325995156000,171.0,1,170.5,7,171.0,52,1,2022-05-23 09:15:25
1653297326463863000,171.0,1,170.5,8,171.0,51,1,2022-05-23 09:15:26
1653297327510363000,171.0,1,170.5,6,171.0,50,1,2022-05-23 09:15:27
1653297328255584000,171.0,14,170.5,6,171.0,34,1,2022-05-23 09:15:28
1653297328292677000,171.0,14,170.5,7,171.0,20,1,2022-05-23 09:15:28
1653297328358464000,171.0,12,170.5,7,171.0,8,1,2022-05-23 09:15:28
1653297328376514000,171.0,8,170.5,7,171.5,100,1,2022-05-23 09:15:28
1653297328531444000,171.5,1,170.5,10,171.5,96,1,2022-05-23 09:15:28
1653297329132745000,171.5,4,170.5,12,171.5,92,1,2022-05-23 09:15:29
1653297331325999000,171.0,1,171.0,4,171.5,92,2,2022-05-23 09:15:31
1653297332894474000,171.5,1,171.0,5,171.5,91,1,2022-05-23 09:15:32
1653297333087488000,171.5,1,171.0,5,171.5,90,1,2022-05-23 09:15:33
1653297335209220000,171.0,2,171.0,6,171.5,89,2,2022-05-23 09:15:35
1653297336943745000,171.5,2,171.0,9,171.5,87,1,2022-05-23 09:15:36
1653297338255680000,171.0,1,171.0,17,171.5,87,2,2022-05-23 09:15:38
1653297338336981000,171.5,10,171.0,17,171.5,77,1,2022-05-23 09:15:38
1653297338526248000,171.5,1,171.0,22,171.5,76,1,2022-05-23 09:15:38
1653297338924058000,171.5,10,171.0,23,171.5,66,1,2022-05-23 09:15:38
1653297340358954000,171.0,1,171.0,25,171.5,66,2,2022-05-23 09:15:40
1653297340528125000,171.5,1,171.0,25,171.5,66,1,2022-05-23 09:15:40
1653297340557273000,171.5,1,171.0,25,171.5,65,1,2022-05-23 09:15:40
1653297340737802000,171.5,5,171.0,26,171.5,60,1,2022-05-23 09:15:40
1653297340749949000,171.5,10,171.0,26,171.5,50,1,2022-05-23 09:15:40
1653297340961728000,171.5,10,171.0,26,171.5,40,1,2022-05-23 09:15:40
1653297341183281000,171.5,1,171.0,27,171.5,39,1,2022-05-23 09:15:41
1653297341501945000,171.5,5,171.0,27,171.5,34,1,2022-05-23 09:15:41
1653297341909782000,171.5,1,171.0,32,171.5,33,1,2022-05-23 09:15:41
1653297341961370000,171.5,10,171.0,32,171.5,23,1,2022-05-23 09:15:41
1653297341997029000,171.5,9,171.0,32,171.5,14,1,2022-05-23 09:15:41
1653297342037695000,171.5,2,171.0,32,171.5,12,1,2022-05-23 09:15:42
1653297342038124000,171.5,4,171.0,32,171.5,8,1,2022-05-23 09:15:42
1653297342121802000,171.5,1,171.0,32,171.5,7,1,2022-05-23 09:15:42
1653297342160812000,171.5,7,171.0,32,172.0,39,1,2022-05-23 09:15:42
1653297342294552000,172.0,5,171.5,4,172.0,34,1,2022-05-23 09:15:42
1653297342666836000,171.5,2,171.5,5,172.0,34,2,2022-05-23 09:15:42
1653297343153178000,172.0,2,171.5,7,172.0,32,1,2022-05-23 09:15:43
1653297343205337000,172.0,1,171.5,11,172.0,31,1,2022-05-23 09:15:43
1653297343391208000,172.0,1,171.5,15,172.0,30,1,2022-05-23 09:15:43
1653297343422642000,172.0,1,171.5,15,172.0,29,1,2022-05-23 09:15:43
1653297343427317000,171.5,1,171.5,14,172.0,29,2,2022-05-23 09:15:43
1653297343482366000,172.0,10,171.5,14,172.0,19,1,2022-05-23 09:15:43
1653297343510809000,172.0,17,171.5,14,172.0,2,1,2022-05-23 09:15:43
1653297343582820000,172.0,1,171.5,14,172.0,1,1,2022-05-23 09:15:43
1653297343584309000,172.0,1,171.5,14,172.5,45,1,2022-05-23 09:15:43
1653297343584309000,172.5,1,171.5,14,172.5,45,1,2022-05-23 09:15:43
1653297343998413000,172.5,3,172.0,4,172.5,42,1,2022-05-23 09:15:43
1653297344281891000,172.5,1,172.0,4,172.5,41,1,2022-05-23 09:15:44
1653297344903880000,172.0,4,171.5,16,172.5,41,2,2022-05-23 09:15:44
1653297344903880000,171.5,6,171.5,16,172.5,41,2,2022-05-23 09:15:44
1653297344904044000,171.5,5,171.5,11,172.5,41,2,2022-05-23 09:15:44
1653297344904271000,171.5,5,171.5,6,172.5,41,2,2022-05-23 09:15:44
1653297344904457000,171.5,5,171.5,1,172.5,41,2,2022-05-23 09:15:44
1653297345276215000,172.0,1,171.5,2,172.5,45,1,2022-05-23 09:15:45
1653297345463770000,172.5,1,171.5,2,172.5,44,1,2022-05-23 09:15:45
1653297346405506000,172.0,1,171.5,9,172.0,1,1,2022-05-23 09:15:46
1653297346593215000,172.0,1,171.5,9,172.0,1,1,2022-05-23 09:15:46
1653297346653180000,172.0,1,172.0,1,172.5,44,1,2022-05-23 09:15:46
1653297346688933000,172.0,1,171.5,10,172.5,44,2,2022-05-23 09:15:46
1653297347141771000,172.0,1,171.5,12,172.0,9,1,2022-05-23 09:15:47
1653297347375550000,172.0,1,171.5,12,172.0,8,1,2022-05-23 09:15:47
1653297347927014000,172.0,1,171.5,12,172.0,7,1,2022-05-23 09:15:47
1653297349027334000,172.0,1,171.5,12,172.0,33,1,2022-05-23 09:15:49
1653297349037788000,172.0,1,171.5,12,172.0,32,1,2022-05-23 09:15:49
1653297349720764000,172.0,1,171.5,16,172.0,37,1,2022-05-23 09:15:49
1653297350019203000,171.5,13,171.5,4,172.0,37,2,2022-05-23 09:15:50
1653297350054744000,171.5,4,171.5,1,172.0,37,2,2022-05-23 09:15:50
1653297350083137000,172.0,1,171.5,1,172.0,36,1,2022-05-23 09:15:50
1653297350124890000,171.5,1,171.5,1,172.0,39,2,2022-05-23 09:15:50
1653297350129220000,171.5,1,171.0,39,172.0,39,2,2022-05-23 09:15:50
1653297350380552000,171.5,2,171.0,35,171.5,1,1,2022-05-23 09:15:50
1653297350661771000,171.5,1,171.0,35,172.0,43,1,2022-05-23 09:15:50
1653297350711975000,172.0,5,171.0,35,172.0,38,1,2022-05-23 09:15:50
1653297351136753000,172.0,1,171.5,2,172.0,33,1,2022-05-23 09:15:51
1653297351255274000,172.0,1,171.5,2,172.0,29,1,2022-05-23 09:15:51
1653297351477021000,172.0,1,171.5,4,172.0,28,1,2022-05-23 09:15:51
1653297351924535000,172.0,1,171.5,5,172.0,27,1,2022-05-23 09:15:51
1653297352384109000,172.0,2,171.5,6,172.0,26,1,2022-05-23 09:15:52
1653297352509188000,172.0,1,171.5,6,172.0,25,1,2022-05-23 09:15:52
1653297352542712000,172.0,1,171.5,6,172.0,24,1,2022-05-23 09:15:52
1653297353023616000,172.0,1,171.5,7,172.0,25,1,2022-05-23 09:15:53
1653297353506631000,172.0,2,171.5,10,172.0,54,1,2022-05-23 09:15:53
1653297353766375000,172.0,1,171.5,10,172.0,55,1,2022-05-23 09:15:53
1653297353813636000,172.0,1,171.5,10,172.0,54,1,2022-05-23 09:15:53
1653297353922648000,172.0,1,171.5,10,172.0,53,1,2022-05-23 09:15:53
1653297354104511000,171.5,1,171.5,12,172.0,53,2,2022-05-23 09:15:54
1653297354238323000,172.0,1,171.5,17,172.0,52,1,2022-05-23 09:15:54
1653297354368055000,172.0,1,171.5,17,172.0,51,1,2022-05-23 09:15:54
1653297354898428000,172.0,1,171.5,40,172.0,50,1,2022-05-23 09:15:54
1653297354968377000,172.0,1,171.5,40,172.0,49,1,2022-05-23 09:15:54
1653297355510370000,172.0,1,171.5,41,172.0,49,1,2022-05-23 09:15:55
1653297355748704000,172.0,1,171.5,41,172.0,48,1,2022-05-23 09:15:55
1653297355906837000,172.0,1,171.5,44,172.0,47,1,2022-05-23 09:15:55
1653297356416485000,172.0,15,171.5,44,172.0,33,1,2022-05-23 09:15:56
1653297356747736000,172.0,1,171.5,44,172.0,32,1,2022-05-23 09:15:56
1653297356865591000,172.0,1,171.5,46,172.0,31,1,2022-05-23 09:15:56
1653297357074021000,172.0,1,171.5,46,172.0,30,1,2022-05-23 09:15:57
1653297357185353000,172.0,2,171.5,46,172.0,28,1,2022-05-23 09:15:57
1653297357191410000,172.0,1,171.5,46,172.0,27,1,2022-05-23 09:15:57
1653297357480612000,172.0,1,171.5,47,172.0,26,1,2022-05-23 09:15:57
1653297358068628000,171.5,1,171.5,48,172.0,26,2,2022-05-23 09:15:58
1653297358289345000,172.0,1,171.5,48,172.0,25,1,2022-05-23 09:15:58
1653297358378573000,171.5,2,171.5,46,172.0,25,2,2022-05-23 09:15:58
1653297358679150000,172.0,1,171.5,46,172.0,25,1,2022-05-23 09:15:58
1653297358692890000,172.0,5,171.5,46,172.0,20,1,2022-05-23 09:15:58
1653297358751933000,172.0,10,171.5,46,172.0,10,1,2022-05-23 09:15:58
1653297359021987000,172.0,1,171.5,46,172.0,9,1,2022-05-23 09:15:59
1653297359383978000,172.0,9,172.0,6,172.5,57,1,2022-05-23 09:15:59
1653297359646184000,172.0,1,172.0,6,172.5,57,2,2022-05-23 09:15:59
1653297360262589000,172.0,1,172.0,9,172.5,57,2,2022-05-23 09:16:00
1653297361400959000,172.5,1,172.0,30,172.5,58,1,2022-05-23 09:16:01
1653297361831719000,172.0,1,172.0,42,172.5,58,2,2022-05-23 09:16:01
1653297361928910000,172.0,42,171.5,59,172.0,8,2,2022-05-23 09:16:01
1653297361962863000,172.0,1,171.5,59,172.0,7,1,2022-05-23 09:16:01
1653297362635225000,172.0,1,171.5,59,172.0,6,1,2022-05-23 09:16:02
1653297362661934000,172.0,1,171.5,59,172.0,5,1,2022-05-23 09:16:02
1653297362688060000,172.0,2,171.5,59,172.0,3,1,2022-05-23 09:16:02
1653297363283670000,172.0,2,171.5,61,172.0,26,1,2022-05-23 09:16:03
1653297363729824000,172.0,1,171.5,62,172.0,25,1,2022-05-23 09:16:03
1653297364636102000,172.0,1,171.5,61,172.0,31,1,2022-05-23 09:16:04
1653297364648924000,172.0,1,171.5,61,172.0,30,1,2022-05-23 09:16:04
1653297365184863000,172.0,1,171.5,62,172.0,29,1,2022-05-23 09:16:05
1653297365213963000,172.0,1,171.5,62,172.0,28,1,2022-05-23 09:16:05
1653297365634879000,172.0,2,171.5,64,172.0,27,1,2022-05-23 09:16:05
1653297365900454000,172.0,1,171.5,64,172.0,26,1,2022-05-23 09:16:05
1653297365913997000,172.0,1,171.5,64,172.0,25,1,2022-05-23 09:16:05
1653297366225101000,172.0,1,171.5,64,172.0,25,1,2022-05-23 09:16:06
1653297366677770000,172.0,1,171.5,64,172.0,24,1,2022-05-23 09:16:06
1653297366730587000,172.0,1,171.5,63,172.0,25,1,2022-05-23 09:16:06
1653297367530299000,172.0,9,171.5,64,172.0,20,1,2022-05-23 09:16:07
1653297367562302000,172.0,6,171.5,64,172.0,14,1,2022-05-23 09:16:07
1653297367896333000,172.0,2,171.5,65,172.0,14,1,2022-05-23 09:16:07
1653297369032418000,172.0,1,171.5,70,172.0,14,1,2022-05-23 09:16:09
1653297369169272000,172.0,1,171.5,71,172.0,12,1,2022-05-23 09:16:09
1653297369288150000,172.0,1,171.5,71,172.0,11,1,2022-05-23 09:16:09
1653297369999321000,172.0,1,171.5,71,172.0,11,1,2022-05-23 09:16:09
1653297370057764000,172.0,1,171.5,72,172.0,10,1,2022-05-23 09:16:10
1653297370093108000,172.0,1,171.5,72,172.0,9,1,2022-05-23 09:16:10
1653297370253397000,172.0,2,171.5,72,172.0,8,1,2022-05-23 09:16:10
1653297370502761000,172.0,2,171.5,73,172.0,6,1,2022-05-23 09:16:10
1653297370895398000,172.0,1,171.5,62,172.0,6,1,2022-05-23 09:16:10
1653297370905527000,172.0,1,171.5,62,172.0,5,1,2022-05-23 09:16:10
1653297370923053000,172.0,5,172.0,25,172.5,58,1,2022-05-23 09:16:10
1653297370955454000,172.0,3,172.0,22,172.5,58,2,2022-05-23 09:16:10
1653297371359091000,172.0,1,172.0,24,172.5,57,2,2022-05-23 09:16:11
1653297371786366000,172.0,27,171.5,65,172.0,23,2,2022-05-23 09:16:11
1653297372266779000,172.0,1,171.5,66,172.0,22,1,2022-05-23 09:16:12
1653297372294397000,172.0,1,171.5,66,172.0,21,1,2022-05-23 09:16:12
1653297372582393000,172.0,1,171.5,68,172.0,21,1,2022-05-23 09:16:12
1653297372888098000,172.0,16,171.5,52,172.0,7,1,2022-05-23 09:16:12
1653297373171938000,172.0,1,171.5,52,172.0,8,1,2022-05-23 09:16:13
1653297373456796000,172.0,1,171.5,52,172.0,7,1,2022-05-23 09:16:13
1653297374322616000,172.0,1,171.5,53,172.0,6,1,2022-05-23 09:16:14
1653297374489992000,172.0,1,171.5,53,172.0,5,1,2022-05-23 09:16:14
1653297375032969000,172.0,1,171.5,54,172.0,27,1,2022-05-23 09:16:15
1653297375455533000,172.0,1,171.5,54,172.0,26,1,2022-05-23 09:16:15
1653297375699180000,172.0,1,171.5,54,172.0,26,1,2022-05-23 09:16:15
1653297376535462000,172.0,1,171.5,54,172.0,28,1,2022-05-23 09:16:16
1653297376756645000,172.0,1,171.5,54,172.0,28,1,2022-05-23 09:16:16
1653297376890934000,172.0,1,171.5,54,172.0,28,1,2022-05-23 09:16:16
1653297377032760000,172.0,1,171.5,54,172.0,27,1,2022-05-23 09:16:17
1653297377431263000,172.0,1,171.5,55,172.0,30,1,2022-05-23 09:16:17
1653297377991075000,172.0,1,171.5,57,172.0,30,1,2022-05-23 09:16:17
1653297379169021000,171.5,2,171.5,55,172.0,39,2,2022-05-23 09:16:19
1653297379180444000,172.0,1,171.5,55,172.0,38,1,2022-05-23 09:16:19
1653297379205395000,171.5,1,171.5,54,172.0,38,2,2022-05-23 09:16:19
1653297379428795000,171.5,11,171.5,44,172.0,38,2,2022-05-23 09:16:19
1653297379458700000,171.5,17,171.5,27,172.0,38,2,2022-05-23 09:16:19
1653297379489336000,171.5,27,171.0,33,172.0,38,2,2022-05-23 09:16:19
1653297379541453000,171.5,1,171.0,33,171.5,8,1,2022-05-23 09:16:19
1653297379545095000,171.0,2,171.0,31,171.5,8,2,2022-05-23 09:16:19
1653297380024119000,171.5,1,171.0,31,171.5,13,1,2022-05-23 09:16:20
1653297380043057000,171.5,3,171.0,31,171.5,10,1,2022-05-23 09:16:20
1653297380105301000,171.5,2,171.0,31,171.5,8,1,2022-05-23 09:16:20
1653297380140145000,171.0,1,171.0,30,171.5,8,2,2022-05-23 09:16:20
1653297380207977000,171.5,2,171.0,30,171.5,6,1,2022-05-23 09:16:20
1653297380460055000,171.5,2,171.0,30,171.5,9,1,2022-05-23 09:16:20
1653297380469497000,171.5,1,171.0,30,171.5,8,1,2022-05-23 09:16:20
1653297380673662000,171.5,1,171.0,30,171.5,12,1,2022-05-23 09:16:20
1653297381174635000,171.5,1,171.0,30,171.5,12,1,2022-05-23 09:16:21
1653297381427360000,171.0,1,171.0,29,171.5,12,2,2022-05-23 09:16:21
1653297382082732000,171.5,10,171.0,28,171.5,7,1,2022-05-23 09:16:22
1653297382114734000,171.0,1,171.0,27,171.5,7,2,2022-05-23 09:16:22
1653297383187801000,171.0,1,171.0,26,171.5,10,2,2022-05-23 09:16:23
1653297384201543000,171.0,10,171.0,16,171.5,10,2,2022-05-23 09:16:24
1653297384233484000,171.0,1,171.0,15,171.5,11,2,2022-05-23 09:16:24
1653297384255895000,171.0,1,171.0,14,171.5,11,2,2022-05-23 09:16:24
1653297384491166000,171.0,1,171.0,13,171.5,11,2,2022-05-23 09:16:24
1653297385148573000,171.5,1,171.0,13,171.5,12,1,2022-05-23 09:16:25
1653297385610964000,171.0,1,171.0,12,171.5,11,2,2022-05-23 09:16:25
1653297386646262000,171.5,1,171.0,14,171.5,11,1,2022-05-23 09:16:26
1653297387068256000,171.5,1,171.0,13,171.5,10,1,2022-05-23 09:16:27
1653297387218876000,171.0,1,171.0,12,171.5,11,2,2022-05-23 09:16:27
1653297387490444000,171.5,1,171.0,12,171.5,10,1,2022-05-23 09:16:27
1653297388984486000,171.5,2,171.0,17,171.5,8,1,2022-05-23 09:16:28
1653297389370840000,171.5,1,171.0,18,171.5,7,1,2022-05-23 09:16:29
1653297389558055000,171.5,7,171.5,3,172.0,48,1,2022-05-23 09:16:29
1653297389582907000,171.5,1,171.5,2,172.0,48,2,2022-05-23 09:16:29
1653297389820264000,171.5,1,171.5,1,172.0,48,2,2022-05-23 09:16:29
1653297389850947000,171.5,1,171.0,19,172.0,48,2,2022-05-23 09:16:29
1653297391446136000,171.5,1,171.0,16,171.5,25,1,2022-05-23 09:16:31
1653297391952034000,171.0,1,171.0,15,171.5,25,2,2022-05-23 09:16:31
1653297392004595000,171.5,1,171.0,15,171.5,24,1,2022-05-23 09:16:32
1653297393522507000,171.5,1,171.0,25,171.5,24,1,2022-05-23 09:16:33
1653297394643264000,171.0,3,171.0,23,171.5,25,2,2022-05-23 09:16:34
1653297394666798000,171.0,1,171.0,22,171.5,25,2,2022-05-23 09:16:34
1653297394670660000,171.0,1,171.0,21,171.5,25,2,2022-05-23 09:16:34
1653297397934025000,171.5,1,171.0,25,171.5,27,1,2022-05-23 09:16:37
1653297400076294000,171.5,1,171.0,26,171.5,28,1,2022-05-23 09:16:40
1653297400683695000,171.5,1,171.0,26,171.5,27,1,2022-05-23 09:16:40
1653297402073507000,171.5,29,171.5,1,172.0,60,1,2022-05-23 09:16:42
1653297402583123000,171.5,2,171.0,27,172.0,59,2,2022-05-23 09:16:42
1653297403256746000,172.0,1,171.5,1,172.0,58,1,2022-05-23 09:16:43
1653297403964367000,171.5,1,171.0,30,171.5,3,2,2022-05-23 09:16:43
1653297404125245000,171.5,1,171.0,30,171.5,2,1,2022-05-23 09:16:44
1653297405161442000,171.5,1,171.0,30,171.5,1,1,2022-05-23 09:16:45
1653297405207866000,171.5,1,171.0,30,172.0,56,1,2022-05-23 09:16:45
1653297408344442000,172.0,1,171.5,9,172.0,56,1,2022-05-23 09:16:48
1653297410617381000,171.5,1,171.5,15,172.0,56,2,2022-05-23 09:16:50
1653297410996568000,172.0,1,171.5,16,172.0,55,1,2022-05-23 09:16:50
1653297411175062000,172.0,10,171.5,16,172.0,42,1,2022-05-23 09:16:51
1653297413555848000,172.0,1,171.5,18,172.0,45,1,2022-05-23 09:16:53
1653297413771898000,172.0,2,171.5,18,172.0,44,1,2022-05-23 09:16:53
1653297413988004000,172.0,1,171.5,18,172.0,43,1,2022-05-23 09:16:53
1653297415714378000,172.0,1,171.5,22,172.0,42,1,2022-05-23 09:16:55
1653297417612524000,172.0,1,171.5,22,172.0,42,1,2022-05-23 09:16:57
1653297420174254000,172.0,1,171.5,28,172.0,42,1,2022-05-23 09:17:00
1653297421539793000,172.0,1,171.5,28,172.0,42,1,2022-05-23 09:17:01
1653297422289885000,172.0,1,171.5,29,172.0,41,1,2022-05-23 09:17:02
1653297422424400000,172.0,1,171.5,29,172.0,40,1,2022-05-23 09:17:02
1653297423372607000,171.5,1,171.5,28,172.0,40,2,2022-05-23 09:17:03
1653297423873475000,172.0,1,171.5,29,172.0,39,1,2022-05-23 09:17:03
1653297425123474000,172.0,1,171.5,29,172.0,38,1,2022-05-23 09:17:05
1653297425320986000,172.0,1,171.5,30,172.0,37,1,2022-05-23 09:17:05
1653297427655703000,172.0,1,171.5,44,172.0,36,1,2022-05-23 09:17:07
1653297427743844000,172.0,1,171.5,44,172.0,35,1,2022-05-23 09:17:07
1653297428117049000,172.0,2,171.5,50,172.0,33,1,2022-05-23 09:17:08
1653297428425903000,172.0,1,171.5,50,172.0,32,1,2022-05-23 09:17:08
1653297428699336000,172.0,1,171.5,50,172.0,31,1,2022-05-23 09:17:08
1653297429431880000,172.0,31,171.5,52,172.5,66,1,2022-05-23 09:17:09
1653297429755837000,172.0,1,171.5,52,172.5,66,1,2022-05-23 09:17:09
1653297429964716000,172.5,4,171.5,52,172.5,62,1,2022-05-23 09:17:09
1653297431203809000,172.0,1,172.0,26,172.5,59,2,2022-05-23 09:17:11
1653297433067089000,172.0,1,172.0,30,172.5,61,2,2022-05-23 09:17:13
1653297433249942000,172.0,25,172.0,6,172.5,61,2,2022-05-23 09:17:13
1653297433279006000,172.0,2,172.0,4,172.5,61,2,2022-05-23 09:17:13
1653297433279022000,172.0,1,172.0,3,172.5,61,2,2022-05-23 09:17:13
1653297433625602000,172.0,1,172.0,2,172.5,59,2,2022-05-23 09:17:13
1653297433658332000,172.0,2,171.5,56,172.5,59,2,2022-05-23 09:17:13
1653297434209807000,172.5,1,171.5,56,172.5,59,1,2022-05-23 09:17:14
1653297434400063000,172.5,1,172.0,1,172.5,58,1,2022-05-23 09:17:14
1653297435627432000,172.0,2,172.0,1,172.5,58,2,2022-05-23 09:17:15
1653297435910146000,172.0,1,171.5,55,172.0,1,2,2022-05-23 09:17:15
1653297436124331000,172.0,1,171.5,55,172.0,2,1,2022-05-23 09:17:16
1653297436262254000,172.0,1,171.5,55,172.0,1,1,2022-05-23 09:17:16
1653297436902531000,172.0,1,172.0,8,172.5,58,1,2022-05-23 09:17:16
1653297437224269000,172.0,8,171.5,53,172.0,1,2,2022-05-23 09:17:17
1653297437507728000,172.0,1,172.0,9,172.5,60,1,2022-05-23 09:17:17
1653297437587655000,172.0,1,172.0,8,172.5,60,2,2022-05-23 09:17:17
1653297438571646000,172.0,15,171.5,53,172.0,35,2,2022-05-23 09:17:18
1653297438614128000,171.5,1,171.5,52,172.0,35,2,2022-05-23 09:17:18
1653297438657798000,171.5,1,171.5,51,172.0,35,2,2022-05-23 09:17:18
1653297439085245000,172.0,5,171.5,53,172.0,40,1,2022-05-23 09:17:19
1653297441078158000,172.0,1,171.5,57,172.0,55,1,2022-05-23 09:17:21
1653297441104791000,172.0,1,171.5,57,172.0,54,1,2022-05-23 09:17:21
1653297442068498000,172.0,1,171.5,58,172.0,54,1,2022-05-23 09:17:22
1653297442326892000,172.0,1,171.5,59,172.0,53,1,2022-05-23 09:17:22
1653297443453988000,172.0,5,171.5,62,172.0,50,1,2022-05-23 09:17:23
1653297444369475000,172.0,1,171.5,63,172.0,49,1,2022-05-23 09:17:24
1653297444487721000,172.0,1,171.5,63,172.0,48,1,2022-05-23 09:17:24
1653297444713888000,172.0,1,171.5,63,172.0,47,1,2022-05-23 09:17:24
1653297444803925000,172.0,1,171.5,63,172.0,46,1,2022-05-23 09:17:24
1653297445151195000,171.5,25,171.5,40,172.0,46,2,2022-05-23 09:17:25
1653297445187248000,171.5,1,171.5,39,172.0,46,2,2022-05-23 09:17:25
1653297445188948000,171.5,1,171.5,38,172.0,46,2,2022-05-23 09:17:25
1653297445195560000,171.5,1,171.5,37,172.0,46,2,2022-05-23 09:17:25
1653297445411711000,171.5,11,171.5,26,172.0,46,2,2022-05-23 09:17:25
1653297445741555000,172.0,2,171.5,36,172.0,44,1,2022-05-23 09:17:25
1653297446093733000,172.0,1,171.5,36,172.0,43,1,2022-05-23 09:17:26
1653297447131260000,172.0,1,171.5,36,172.0,44,1,2022-05-23 09:17:27
1653297448588676000,171.5,2,171.5,38,172.0,47,2,2022-05-23 09:17:28
1653297453120614000,172.0,1,171.5,53,172.0,56,1,2022-05-23 09:17:33
1653297457238004000,172.0,1,171.5,77,172.0,60,1,2022-05-23 09:17:37
1653297457337609000,172.0,1,171.5,77,172.0,59,1,2022-05-23 09:17:37
1653297461942182000,172.0,1,171.5,100,172.0,59,1,2022-05-23 09:17:41
1653297462624177000,172.0,1,171.5,100,172.0,57,1,2022-05-23 09:17:42
1653297465032280000,172.0,1,171.5,100,172.0,54,1,2022-05-23 09:17:45
1653297465353210000,172.0,1,171.5,100,172.0,53,1,2022-05-23 09:17:45
1653297465445918000,172.0,2,171.5,100,172.0,51,1,2022-05-23 09:17:45
1653297465455177000,172.0,1,171.5,100,172.0,50,1,2022-05-23 09:17:45
1653297466173390000,172.0,1,171.5,99,172.0,48,1,2022-05-23 09:17:46
1653297466182472000,172.0,1,171.5,99,172.0,47,1,2022-05-23 09:17:46
1653297466790751000,171.5,1,171.5,98,172.0,47,2,2022-05-23 09:17:46
1653297466843528000,172.0,5,171.5,98,172.0,42,1,2022-05-23 09:17:46
1653297467549959000,172.0,1,171.5,98,172.0,41,1,2022-05-23 09:17:47
1653297469293460000,171.5,1,171.5,99,172.0,45,2,2022-05-23 09:17:49
1653297469943974000,172.0,2,171.5,99,172.0,44,1,2022-05-23 09:17:49
1653297470676134000,172.0,1,171.5,99,172.0,42,1,2022-05-23 09:17:50
1653297471846420000,172.0,1,171.5,99,172.0,41,1,2022-05-23 09:17:51
1653297472554342000,172.0,1,171.5,99,172.0,40,1,2022-05-23 09:17:52
1653297472954056000,172.0,7,171.5,99,172.0,32,1,2022-05-23 09:17:52
1653297473333913000,172.0,1,171.5,99,172.0,31,1,2022-05-23 09:17:53
1653297474882734000,171.5,1,171.5,98,172.0,33,2,2022-05-23 09:17:54
1653297475052818000,172.0,1,171.5,98,172.0,32,1,2022-05-23 09:17:55
1653297475828860000,172.0,1,171.5,99,172.0,31,1,2022-05-23 09:17:55
1653297478646734000,172.0,1,171.5,101,172.0,34,1,2022-05-23 09:17:58
1653297479246786000,172.0,1,171.5,101,172.0,34,1,2022-05-23 09:17:59
1653297480982508000,172.0,40,171.5,102,172.0,16,1,2022-05-23 09:18:00
1653297482109129000,172.0,1,171.5,102,172.0,17,1,2022-05-23 09:18:02
1653297482887760000,172.0,1,171.5,103,172.0,16,1,2022-05-23 09:18:02
1653297483381256000,172.0,1,171.5,103,172.0,5,1,2022-05-23 09:18:03
1653297483521182000,172.0,1,171.5,103,172.0,29,1,2022-05-23 09:18:03
1653297483555257000,172.0,10,171.5,103,172.0,19,1,2022-05-23 09:18:03
1653297483825158000,172.0,2,171.5,103,172.0,17,1,2022-05-23 09:18:03
1653297483922604000,172.0,1,171.5,103,172.0,16,1,2022-05-23 09:18:03
1653297483960001000,172.0,2,171.5,103,172.0,14,1,2022-05-23 09:18:03
1653297484242539000,172.0,10,171.5,103,172.0,5,1,2022-05-23 09:18:04
1653297484266449000,172.0,1,171.5,103,172.0,4,1,2022-05-23 09:18:04
1653297484306216000,172.0,1,171.5,103,172.0,3,1,2022-05-23 09:18:04
1653297484393010000,172.0,1,171.5,104,172.0,2,1,2022-05-23 09:18:04
1653297484476556000,172.0,1,171.5,104,172.0,1,1,2022-05-23 09:18:04
1653297484479731000,172.0,1,171.5,104,172.5,69,1,2022-05-23 09:18:04
1653297485192591000,172.0,16,171.5,94,172.0,34,2,2022-05-23 09:18:05
1653297485280192000,171.5,2,171.5,92,172.0,34,2,2022-05-23 09:18:05
1653297485381053000,172.0,1,171.5,92,172.0,33,1,2022-05-23 09:18:05
1653297485435457000,172.0,1,171.5,92,172.0,32,1,2022-05-23 09:18:05
1653297485602192000,172.0,2,171.5,92,172.0,30,1,2022-05-23 09:18:05
1653297485748336000,172.0,1,171.5,92,172.0,29,1,2022-05-23 09:18:05
1653297485770291000,172.0,1,171.5,91,172.0,28,1,2022-05-23 09:18:05
1653297485867704000,172.0,1,171.5,91,172.0,27,1,2022-05-23 09:18:05
1653297486039426000,172.0,2,171.5,92,172.0,25,1,2022-05-23 09:18:06
1653297486965241000,171.5,1,171.5,92,172.0,40,2,2022-05-23 09:18:06
1653297487001739000,172.0,1,171.5,92,172.0,39,1,2022-05-23 09:18:07
1653297487464293000,172.0,1,171.5,92,172.0,39,1,2022-05-23 09:18:07
1653297487823964000,172.0,1,171.5,92,172.0,39,1,2022-05-23 09:18:07
1653297488332081000,172.0,5,171.5,92,172.0,36,1,2022-05-23 09:18:08
1653297488973104000,172.0,1,171.5,82,172.0,36,1,2022-05-23 09:18:08
1653297489245943000,172.0,1,171.5,82,172.0,35,1,2022-05-23 09:18:09
1653297489899068000,172.0,1,171.5,82,172.0,34,1,2022-05-23 09:18:09
1653297490488633000,172.0,5,171.5,83,172.0,30,1,2022-05-23 09:18:10
1653297490740086000,172.0,1,171.5,83,172.0,29,1,2022-05-23 09:18:10
1653297491969007000,172.0,1,171.5,84,172.0,29,1,2022-05-23 09:18:11
1653297492295020000,172.0,1,171.5,84,172.0,28,1,2022-05-23 09:18:12
1653297492470067000,172.0,1,171.5,84,172.0,27,1,2022-05-23 09:18:12
1653297494619833000,172.0,1,171.5,87,172.0,36,1,2022-05-23 09:18:14
1653297494802962000,172.0,1,171.5,87,172.0,35,1,2022-05-23 09:18:14
1653297497558566000,172.0,1,171.5,88,172.0,36,1,2022-05-23 09:18:17
1653297497660825000,172.0,2,171.5,88,172.0,35,1,2022-05-23 09:18:17
1653297498848985000,172.0,2,171.5,88,172.0,58,1,2022-05-23 09:18:18
1653297498884053000,171.5,11,171.5,77,172.0,58,2,2022-05-23 09:18:18
1653297498914398000,171.5,1,171.5,76,172.0,58,2,2022-05-23 09:18:18
1653297498918927000,171.5,1,171.5,75,172.0,58,2,2022-05-23 09:18:18
1653297498919716000,171.5,1,171.5,74,172.0,58,2,2022-05-23 09:18:18
1653297498958668000,171.5,1,171.5,73,172.0,58,2,2022-05-23 09:18:18
1653297499938576000,172.0,1,171.5,73,172.0,57,1,2022-05-23 09:18:19
1653297500440248000,172.0,10,171.5,73,172.0,47,1,2022-05-23 09:18:20
1653297503467174000,171.5,11,171.5,62,172.0,55,2,2022-05-23 09:18:23
1653297503491573000,171.5,1,171.5,61,172.0,56,2,2022-05-23 09:18:23
1653297503493189000,171.5,1,171.5,60,172.0,56,2,2022-05-23 09:18:23
1653297503512855000,171.5,1,171.5,59,172.0,56,2,2022-05-23 09:18:23
1653297503542421000,171.5,1,171.5,58,172.0,56,2,2022-05-23 09:18:23
1653297503546975000,171.5,1,171.5,57,172.0,56,2,2022-05-23 09:18:23
1653297503796051000,171.5,11,171.5,46,172.0,60,2,2022-05-23 09:18:23
1653297503825549000,171.5,1,171.5,45,172.0,60,2,2022-05-23 09:18:23
1653297503825744000,171.5,1,171.5,44,172.0,60,2,2022-05-23 09:18:23
1653297503864141000,171.5,1,171.5,43,172.0,60,2,2022-05-23 09:18:23
1653297503898332000,171.5,1,171.5,42,172.0,60,2,2022-05-23 09:18:23
1653297504827731000,171.5,10,171.5,32,172.0,60,2,2022-05-23 09:18:24
1653297504856856000,171.5,2,171.5,30,172.0,60,2,2022-05-23 09:18:24
1653297504857125000,171.5,1,171.5,29,172.0,60,2,2022-05-23 09:18:24
1653297504862328000,171.5,1,171.5,28,172.0,60,2,2022-05-23 09:18:24
1653297505084909000,171.5,4,171.5,25,172.0,60,2,2022-05-23 09:18:25
1653297505197922000,171.5,1,171.5,24,172.0,60,2,2022-05-23 09:18:25
1653297505613245000,171.5,20,171.5,4,172.0,63,2,2022-05-23 09:18:25
1653297505664564000,171.5,4,171.0,81,171.5,1,2,2022-05-23 09:18:25
1653297505736363000,171.0,1,171.0,80,171.5,1,2,2022-05-23 09:18:25
1653297506188092000,171.5,1,171.0,80,171.5,1,1,2022-05-23 09:18:26
1653297506550893000,171.5,1,171.0,80,171.5,11,1,2022-05-23 09:18:26
1653297506673521000,171.5,1,171.0,80,171.5,10,1,2022-05-23 09:18:26
1653297507056486000,171.5,1,171.0,80,171.5,10,1,2022-05-23 09:18:27
1653297507115633000,171.5,1,171.0,80,171.5,9,1,2022-05-23 09:18:27
1653297507189145000,171.5,1,171.0,80,171.5,8,1,2022-05-23 09:18:27
1653297509238885000,171.5,10,171.0,79,171.5,13,1,2022-05-23 09:18:29
1653297515193989000,171.5,1,171.0,78,171.5,16,1,2022-05-23 09:18:35
1653297517623551000,171.5,1,171.0,79,171.5,20,1,2022-05-23 09:18:37
1653297521964456000,171.5,1,171.0,82,171.5,24,1,2022-05-23 09:18:41
1653297522001899000,171.0,1,171.0,81,171.5,24,2,2022-05-23 09:18:42
1653297523115299000,171.0,2,171.0,78,171.5,24,2,2022-05-23 09:18:43
1653297523152479000,171.0,1,171.0,77,171.5,24,2,2022-05-23 09:18:43
1653297524441374000,171.5,1,171.0,77,171.5,23,1,2022-05-23 09:18:44
1653297524679806000,171.5,1,171.0,77,171.5,22,1,2022-05-23 09:18:44
1653297526434535000,171.5,22,171.5,18,172.0,83,1,2022-05-23 09:18:46
1653297529130017000,172.0,1,171.5,19,172.0,77,1,2022-05-23 09:18:49
1653297532472402000,171.5,2,171.5,18,172.0,77,2,2022-05-23 09:18:52
1653297534720533000,171.5,1,171.5,19,172.0,77,2,2022-05-23 09:18:54
1653297536588482000,171.5,5,171.5,19,172.0,77,2,2022-05-23 09:18:56
1653297541273538000,171.5,2,171.5,20,172.0,81,2,2022-05-23 09:19:01
1653297541777301000,171.5,1,171.5,19,172.0,81,2,2022-05-23 09:19:01
1653297544779239000,171.5,1,171.5,22,172.0,80,2,2022-05-23 09:19:04
1653297549003457000,171.5,2,171.5,22,172.0,80,2,2022-05-23 09:19:09
1653297550838725000,172.0,1,171.5,22,172.0,80,1,2022-05-23 09:19:10
1653297553857341000,172.0,1,171.5,23,172.0,79,1,2022-05-23 09:19:13
1653297554689376000,172.0,1,171.5,23,172.0,78,1,2022-05-23 09:19:14
1653297555842268000,171.5,2,171.5,23,172.0,76,2,2022-05-23 09:19:15
1653297556396100000,171.5,1,171.5,22,172.0,76,2,2022-05-23 09:19:16
1653297561709797000,171.5,2,171.5,23,172.0,85,2,2022-05-23 09:19:21
1653297564960189000,171.5,1,171.5,25,172.0,86,2,2022-05-23 09:19:24
1653297566514841000,171.5,10,171.5,15,172.0,86,2,2022-05-23 09:19:26
1653297566722771000,171.5,2,171.5,13,172.0,88,2,2022-05-23 09:19:26
1653297567911282000,171.5,1,171.5,14,172.0,88,2,2022-05-23 09:19:27
1653297568841697000,171.5,1,171.5,14,172.0,89,2,2022-05-23 09:19:28
1653297569695298000,171.5,1,171.5,13,172.0,89,2,2022-05-23 09:19:29
1653297570898455000,171.5,1,171.5,12,172.0,89,2,2022-05-23 09:19:30
1653297571666510000,172.0,3,171.5,11,172.0,86,1,2022-05-23 09:19:31
1653297573385737000,172.0,1,171.5,11,172.0,85,1,2022-05-23 09:19:33
1653297574869030000,171.5,1,171.5,11,172.0,85,2,2022-05-23 09:19:34
1653297581172625000,172.0,2,171.5,12,172.0,87,1,2022-05-23 09:19:41
1653297582433700000,171.5,1,171.5,12,172.0,87,2,2022-05-23 09:19:42
1653297584115348000,172.0,10,171.5,13,172.0,77,1,2022-05-23 09:19:44
1653297584446954000,171.5,1,171.5,12,172.0,77,2,2022-05-23 09:19:44
1653297587245872000,171.5,1,171.5,17,172.0,78,2,2022-05-23 09:19:47
1653297587277666000,172.0,1,171.5,17,172.0,77,1,2022-05-23 09:19:47
1653297595631221000,172.0,5,171.5,17,172.0,70,1,2022-05-23 09:19:55
1653297598807319000,171.5,3,171.5,17,172.0,73,2,2022-05-23 09:19:58
1653297599407524000,171.5,1,171.5,16,172.0,73,2,2022-05-23 09:19:59
1653297601280568000,171.5,3,171.5,14,172.0,74,2,2022-05-23 09:20:01
1653297605060100000,171.5,2,171.5,31,172.0,75,2,2022-05-23 09:20:05
1653297605880753000,172.0,1,171.5,33,172.0,74,1,2022-05-23 09:20:05
1653297607943131000,172.0,1,171.5,36,172.0,73,1,2022-05-23 09:20:07
1653297612653603000,172.0,1,171.5,39,172.0,73,1,2022-05-23 09:20:12
1653297615758062000,172.0,1,171.5,39,172.0,72,1,2022-05-23 09:20:15
1653297623671352000,172.0,1,171.5,43,172.0,72,1,2022-05-23 09:20:23
1653297623931130000,172.0,1,171.5,43,172.0,71,1,2022-05-23 09:20:23
1653297628777092000,171.5,1,171.5,46,172.0,71,2,2022-05-23 09:20:28
1653297630890264000,172.0,1,171.5,47,172.0,72,1,2022-05-23 09:20:30
1653297630892444000,172.0,2,171.5,47,172.0,70,1,2022-05-23 09:20:30
1653297633838271000,171.5,2,171.5,48,172.0,70,2,2022-05-23 09:20:33
1653297638037375000,171.5,5,171.5,45,172.0,72,2,2022-05-23 09:20:38
1653297638065026000,171.5,1,171.5,44,172.0,72,2,2022-05-23 09:20:38
1653297639165628000,172.0,1,171.5,42,172.0,76,1,2022-05-23 09:20:39
1653297640787994000,171.5,1,171.5,45,172.0,76,2,2022-05-23 09:20:40
1653297644138520000,171.5,1,171.5,46,172.0,76,2,2022-05-23 09:20:44
1653297645382682000,171.5,2,171.5,44,172.0,77,2,2022-05-23 09:20:45
1653297654333860000,171.5,1,171.5,55,172.0,82,2,2022-05-23 09:20:54
1653297655026959000,171.5,1,171.5,56,172.0,82,2,2022-05-23 09:20:55
1653297655039603000,171.5,4,171.5,52,172.0,82,2,2022-05-23 09:20:55
1653297656666862000,171.5,1,171.5,50,172.0,82,2,2022-05-23 09:20:56
1653297658395873000,171.5,1,171.5,49,172.0,82,2,2022-05-23 09:20:58
1653297661884219000,172.0,1,171.5,49,172.0,82,1,2022-05-23 09:21:01
1653297665339122000,171.5,1,171.5,52,172.0,93,2,2022-05-23 09:21:05
1653297669860651000,172.0,1,171.5,55,172.0,92,1,2022-05-23 09:21:09
1653297670153503000,171.5,1,171.5,54,172.0,92,2,2022-05-23 09:21:10
1653297675377852000,171.5,1,171.5,55,172.0,93,2,2022-05-23 09:21:15
1653297677587118000,171.5,2,171.5,53,172.0,94,2,2022-05-23 09:21:17
1653297679184244000,171.5,1,171.5,53,172.0,94,2,2022-05-23 09:21:19
1653297679402845000,171.5,1,171.5,52,172.0,94,2,2022-05-23 09:21:19
1653297682607587000,171.5,1,171.5,52,172.0,94,2,2022-05-23 09:21:22
1653297685911214000,171.5,3,171.5,49,172.0,95,2,2022-05-23 09:21:25
1653297689203425000,171.5,1,171.5,52,172.0,95,2,2022-05-23 09:21:29
1653297694153386000,171.5,1,171.5,50,172.0,95,2,2022-05-23 09:21:34
1653297696157113000,171.5,3,171.5,47,172.0,93,2,2022-05-23 09:21:36
1653297696723281000,171.5,1,171.5,46,172.0,93,2,2022-05-23 09:21:36
1653297699747383000,172.0,1,171.5,46,172.0,94,1,2022-05-23 09:21:39
1653297700094540000,171.5,1,171.5,45,172.0,94,2,2022-05-23 09:21:40
1653297700260184000,171.5,1,171.5,41,172.0,94,2,2022-05-23 09:21:40
1653297701759231000,171.5,1,171.5,40,172.0,94,2,2022-05-23 09:21:41
1653297707182711000,171.5,1,171.5,39,172.0,95,2,2022-05-23 09:21:47
1653297707442304000,171.5,4,171.5,35,172.0,95,2,2022-05-23 09:21:47
1653297707477401000,171.5,1,171.5,34,172.0,95,2,2022-05-23 09:21:47
1653297710393525000,171.5,1,171.5,34,172.0,97,2,2022-05-23 09:21:50
1653297711005214000,171.5,1,171.5,33,172.0,97,2,2022-05-23 09:21:51
1653297711433378000,172.0,20,171.5,33,172.0,77,1,2022-05-23 09:21:51
1653297713299124000,172.0,1,171.5,34,172.0,76,1,2022-05-23 09:21:53
1653297716698235000,172.0,1,171.5,35,172.0,76,1,2022-05-23 09:21:56
1653297722572166000,172.0,2,171.5,38,172.0,73,1,2022-05-23 09:22:02
1653297724626908000,172.0,1,171.5,38,172.0,74,1,2022-05-23 09:22:04
1653297725397144000,172.0,2,171.5,38,172.0,72,1,2022-05-23 09:22:05
1653297726326647000,172.0,1,171.5,41,172.0,72,1,2022-05-23 09:22:06
1653297727490698000,172.0,1,171.5,41,172.0,71,1,2022-05-23 09:22:07
1653297728162983000,171.5,1,171.5,40,172.0,71,2,2022-05-23 09:22:08
1653297729003217000,172.0,1,171.5,41,172.0,65,1,2022-05-23 09:22:09
1653297729529116000,172.0,1,171.5,41,172.0,63,1,2022-05-23 09:22:09
1653297729643459000,172.0,2,171.5,41,172.0,61,1,2022-05-23 09:22:09
1653297730155883000,172.0,1,171.5,40,172.0,59,1,2022-05-23 09:22:10
1653297730926888000,172.0,1,171.5,40,172.0,58,1,2022-05-23 09:22:10
1653297731083369000,172.0,1,171.5,38,172.0,57,1,2022-05-23 09:22:11
1653297732534678000,172.0,1,171.5,38,172.0,51,1,2022-05-23 09:22:12
1653297733171123000,172.0,3,171.5,38,172.0,47,1,2022-05-23 09:22:13
1653297733738334000,171.5,2,171.5,35,172.0,47,2,2022-05-23 09:22:13
1653297733793346000,172.0,1,171.5,35,172.0,46,1,2022-05-23 09:22:13
1653297734526770000,172.0,3,171.5,35,172.0,43,1,2022-05-23 09:22:14
1653297734747550000,172.0,1,171.5,34,172.0,42,1,2022-05-23 09:22:14
1653297736246233000,172.0,1,171.5,36,172.0,40,1,2022-05-23 09:22:16
1653297736334074000,172.0,1,171.5,36,172.0,39,1,2022-05-23 09:22:16
1653297737836469000,172.0,1,171.5,37,172.0,38,1,2022-05-23 09:22:17
1653297739675699000,172.0,1,171.5,37,172.0,36,1,2022-05-23 09:22:19
1653297740352008000,172.0,5,171.5,37,172.0,31,1,2022-05-23 09:22:20
1653297740515850000,172.0,31,172.0,25,172.5,108,1,2022-05-23 09:22:20
1653297740711371000,172.5,2,172.0,26,172.5,102,1,2022-05-23 09:22:20
1653297741103657000,172.0,10,172.0,16,172.5,92,2,2022-05-23 09:22:21
1653297741106872000,172.5,1,172.0,16,172.5,91,1,2022-05-23 09:22:21
1653297741803496000,172.0,1,172.0,18,172.5,91,2,2022-05-23 09:22:21
1653297742893872000,172.0,22,171.5,39,172.0,3,2,2022-05-23 09:22:22
1653297743047810000,172.0,1,171.5,38,172.0,2,1,2022-05-23 09:22:23
1653297743287655000,172.0,1,171.5,38,172.0,1,1,2022-05-23 09:22:23
1653297744419178000,172.0,1,171.5,38,172.5,89,1,2022-05-23 09:22:24
1653297744818379000,172.5,6,171.5,38,172.5,83,1,2022-05-23 09:22:24
1653297745450310000,172.0,3,171.5,38,172.0,7,1,2022-05-23 09:22:25
1653297746768535000,172.0,1,171.5,39,172.0,6,1,2022-05-23 09:22:26
1653297748607692000,172.0,1,171.5,39,172.0,6,1,2022-05-23 09:22:28
1653297748638750000,172.0,1,171.5,39,172.0,5,1,2022-05-23 09:22:28
1653297749072696000,172.0,1,171.5,40,172.0,4,1,2022-05-23 09:22:29
1653297749316422000,172.0,4,172.0,1,172.5,84,1,2022-05-23 09:22:29
1653297751693797000,172.5,1,172.0,5,172.5,83,1,2022-05-23 09:22:31
1653297752129141000,172.0,1,172.0,4,172.5,83,2,2022-05-23 09:22:32
1653297758872954000,172.0,1,172.0,13,172.5,83,2,2022-05-23 09:22:38
1653297760276463000,172.5,1,172.0,16,172.5,82,1,2022-05-23 09:22:40
1653297760592723000,172.0,1,172.0,15,172.5,82,2,2022-05-23 09:22:40
1653297761258951000,172.0,3,172.0,12,172.5,82,2,2022-05-23 09:22:41
1653297764123333000,172.0,1,172.0,16,172.5,82,2,2022-05-23 09:22:44
1653297765692581000,172.5,1,172.0,18,172.5,81,1,2022-05-23 09:22:45
1653297766479678000,172.5,2,172.0,18,172.5,79,1,2022-05-23 09:22:46
1653297771183437000,172.5,1,172.0,17,172.5,79,1,2022-05-23 09:22:51
1653297772701234000,172.5,2,172.0,18,172.5,78,1,2022-05-23 09:22:52
1653297773651208000,172.0,2,172.0,16,172.5,84,2,2022-05-23 09:22:53
1653297775212633000,172.5,1,172.0,17,172.5,85,1,2022-05-23 09:22:55
1653297776345044000,172.5,10,172.0,17,172.5,75,1,2022-05-23 09:22:56
1653297777682226000,172.0,2,172.0,16,172.5,73,2,2022-05-23 09:22:57
1653297778462039000,172.5,1,172.0,19,172.5,72,1,2022-05-23 09:22:58
1653297778955407000,172.5,1,172.0,20,172.5,71,1,2022-05-23 09:22:58
1653297779619617000,172.5,1,172.0,20,172.5,71,1,2022-05-23 09:22:59
1653297783599974000,172.5,1,172.0,23,172.5,72,1,2022-05-23 09:23:03
1653297783769753000,172.5,1,172.0,23,172.5,71,1,2022-05-23 09:23:03
1653297785389967000,172.5,15,172.0,30,172.5,57,1,2022-05-23 09:23:05
1653297786297115000,172.5,10,172.0,31,172.5,47,1,2022-05-23 09:23:06
1653297786772706000,172.5,2,172.0,32,172.5,45,1,2022-05-23 09:23:06
1653297787349333000,172.5,1,172.0,32,172.5,43,1,2022-05-23 09:23:07
1653297787515650000,172.5,1,172.0,32,172.5,42,1,2022-05-23 09:23:07
1653297787517440000,172.5,2,172.0,32,172.5,40,1,2022-05-23 09:23:07
1653297787519263000,172.5,1,172.0,32,172.5,39,1,2022-05-23 09:23:07
1653297787706356000,172.5,1,172.0,32,172.5,38,1,2022-05-23 09:23:07
1653297787975282000,172.5,1,172.0,32,172.5,37,1,2022-05-23 09:23:07
1653297788413399000,172.5,2,172.0,36,172.5,35,1,2022-05-23 09:23:08
1653297788438483000,172.5,9,172.0,36,172.5,26,1,2022-05-23 09:23:08
1653297788672705000,172.5,1,172.0,37,172.5,24,1,2022-05-23 09:23:08
1653297788751627000,172.5,1,172.0,37,172.5,23,1,2022-05-23 09:23:08
1653297788821238000,172.5,1,172.0,37,172.5,22,1,2022-05-23 09:23:08
1653297788850442000,172.5,10,172.0,37,172.5,12,1,2022-05-23 09:23:08
1653297788941574000,172.5,1,172.0,37,172.5,12,1,2022-05-23 09:23:08
1653297788965972000,172.5,1,172.0,37,172.5,12,1,2022-05-23 09:23:08
1653297789224205000,172.5,1,172.0,37,172.5,12,1,2022-05-23 09:23:09
1653297789596397000,172.5,1,172.0,37,172.5,11,1,2022-05-23 09:23:09
1653297789903489000,172.5,2,172.0,37,172.5,9,1,2022-05-23 09:23:09
1653297790160822000,172.5,1,172.0,37,172.5,8,1,2022-05-23 09:23:10
1653297790451345000,172.5,1,172.0,37,172.5,8,1,2022-05-23 09:23:10
1653297790546231000,172.5,1,172.0,37,172.5,7,1,2022-05-23 09:23:10
1653297790616501000,172.5,1,172.0,37,172.5,6,1,2022-05-23 09:23:10
1653297790683887000,172.5,3,172.0,37,172.5,3,1,2022-05-23 09:23:10
1653297790741222000,172.5,3,172.0,37,173.0,127,1,2022-05-23 09:23:10
1653297791005425000,173.0,1,172.5,2,173.0,126,1,2022-05-23 09:23:11
1653297791210065000,173.0,1,172.5,3,173.0,125,1,2022-05-23 09:23:11
1653297791980185000,173.0,1,172.5,5,173.0,122,1,2022-05-23 09:23:11
1653297792571546000,172.5,1,172.5,10,173.0,122,2,2022-05-23 09:23:12
1653297793985824000,173.0,1,172.5,37,173.0,120,1,2022-05-23 09:23:13
1653297794068357000,173.0,1,172.5,37,173.0,119,1,2022-05-23 09:23:14
1653297794313292000,173.0,1,172.5,37,173.0,118,1,2022-05-23 09:23:14
1653297794942890000,173.0,2,172.5,38,173.0,115,1,2022-05-23 09:23:14
1653297794971453000,172.5,1,172.5,37,173.0,115,2,2022-05-23 09:23:14
1653297796124256000,173.0,10,172.5,51,173.0,105,1,2022-05-23 09:23:16
1653297796745222000,172.5,1,172.5,50,173.0,105,2,2022-05-23 09:23:16
1653297796777814000,173.0,1,172.5,50,173.0,104,1,2022-05-23 09:23:16
1653297797881662000,173.0,1,172.5,52,173.0,101,1,2022-05-23 09:23:17
1653297797968198000,173.0,2,172.5,52,173.0,99,1,2022-05-23 09:23:17
1653297798581395000,173.0,1,172.5,63,173.0,98,1,2022-05-23 09:23:18
1653297798857347000,173.0,2,172.5,63,173.0,96,1,2022-05-23 09:23:18
1653297799014728000,173.0,1,172.5,63,173.0,95,1,2022-05-23 09:23:19
1653297799312914000,173.0,3,172.5,64,173.0,92,1,2022-05-23 09:23:19
1653297799511585000,173.0,1,172.5,64,173.0,91,1,2022-05-23 09:23:19
1653297799768124000,173.0,1,172.5,65,173.0,90,1,2022-05-23 09:23:19
1653297800483017000,173.0,1,172.5,66,173.0,89,1,2022-05-23 09:23:20
1653297800699488000,172.5,1,172.5,65,173.0,89,2,2022-05-23 09:23:20
1653297800832281000,173.0,1,172.5,65,173.0,88,1,2022-05-23 09:23:20
1653297801294436000,173.0,1,172.5,66,173.0,89,1,2022-05-23 09:23:21
1653297801508072000,173.0,1,172.5,66,173.0,88,1,2022-05-23 09:23:21
1653297802100991000,173.0,1,172.5,67,173.0,87,1,2022-05-23 09:23:22
1653297802263582000,173.0,1,172.5,67,173.0,85,1,2022-05-23 09:23:22
1653297802507461000,173.0,1,172.5,67,173.0,84,1,2022-05-23 09:23:22
1653297802645597000,173.0,1,172.5,67,173.0,83,1,2022-05-23 09:23:22
1653297802824649000,173.0,10,172.5,67,173.0,73,1,2022-05-23 09:23:22
1653297803078042000,173.0,1,172.5,67,173.0,72,1,2022-05-23 09:23:23
1653297803184053000,172.5,1,172.5,66,173.0,72,2,2022-05-23 09:23:23
1653297803359519000,173.0,2,172.5,66,173.0,70,1,2022-05-23 09:23:23
1653297804047416000,173.0,1,172.5,66,173.0,70,1,2022-05-23 09:23:24
1653297804243720000,173.0,3,172.5,66,173.0,67,1,2022-05-23 09:23:24
1653297804298849000,173.0,1,172.5,66,173.0,66,1,2022-05-23 09:23:24
1653297804315000000,173.0,1,172.5,66,173.0,65,1,2022-05-23 09:23:24
1653297804357371000,173.0,10,172.5,66,173.0,55,1,2022-05-23 09:23:24
1653297804778030000,173.0,1,172.5,67,173.0,54,1,2022-05-23 09:23:24
1653297805100219000,173.0,2,172.5,67,173.0,52,1,2022-05-23 09:23:25
1653297805185308000,173.0,1,172.5,67,173.0,51,1,2022-05-23 09:23:25
1653297805252922000,173.0,3,172.5,67,173.0,48,1,2022-05-23 09:23:25
1653297805348470000,173.0,1,172.5,67,173.0,47,1,2022-05-23 09:23:25
1653297805355701000,173.0,1,172.5,67,173.0,46,1,2022-05-23 09:23:25
1653297805425732000,173.0,1,172.5,67,173.0,45,1,2022-05-23 09:23:25
1653297805967590000,173.0,1,172.5,67,173.0,44,1,2022-05-23 09:23:25
1653297805998454000,173.0,1,172.5,67,173.0,43,1,2022-05-23 09:23:25
1653297806042714000,173.0,1,172.5,67,173.0,42,1,2022-05-23 09:23:26
1653297806094352000,173.0,1,172.5,67,173.0,41,1,2022-05-23 09:23:26
1653297806118217000,173.0,1,172.5,67,173.0,40,1,2022-05-23 09:23:26
1653297806149022000,172.5,1,172.5,66,173.0,40,2,2022-05-23 09:23:26
1653297806196378000,172.5,1,172.5,65,173.0,40,2,2022-05-23 09:23:26
1653297806228644000,173.0,1,172.5,65,173.0,39,1,2022-05-23 09:23:26
1653297806501895000,173.0,22,172.5,65,173.0,17,1,2022-05-23 09:23:26
1653297806535308000,173.0,1,172.5,65,173.0,16,1,2022-05-23 09:23:26
1653297806589882000,172.5,2,172.5,63,173.0,16,2,2022-05-23 09:23:26
1653297806637763000,173.0,1,172.5,64,173.0,15,1,2022-05-23 09:23:26
1653297806687523000,173.0,5,172.5,64,173.0,10,1,2022-05-23 09:23:26
1653297806696394000,173.0,1,172.5,64,173.0,9,1,2022-05-23 09:23:26
1653297806792756000,173.0,1,172.5,64,173.0,8,1,2022-05-23 09:23:26
1653297806985501000,173.0,1,172.5,64,173.0,7,1,2022-05-23 09:23:26
1653297807201265000,173.0,1,172.5,64,173.0,6,1,2022-05-23 09:23:27
1653297807647956000,173.0,6,173.0,14,173.5,188,1,2022-05-23 09:23:27
1653297807695090000,173.5,1,173.0,15,173.5,187,1,2022-05-23 09:23:27
1653297807734398000,173.5,1,173.0,15,173.5,186,1,2022-05-23 09:23:27
1653297807750202000,173.0,1,173.0,14,173.5,186,2,2022-05-23 09:23:27
1653297807751151000,173.5,1,173.0,14,173.5,185,1,2022-05-23 09:23:27
1653297808071714000,173.5,5,173.0,16,173.5,179,1,2022-05-23 09:23:28
1653297808296630000,173.0,1,173.0,24,173.5,179,2,2022-05-23 09:23:28
1653297808354596000,173.5,1,173.0,24,173.5,179,1,2022-05-23 09:23:28
1653297810916738000,173.0,1,173.0,46,173.5,181,2,2022-05-23 09:23:30
1653297811609690000,173.0,2,173.0,44,173.5,181,2,2022-05-23 09:23:31
1653297811791791000,173.5,1,173.0,46,173.5,180,1,2022-05-23 09:23:31
1653297811801156000,173.5,16,173.0,46,173.5,164,1,2022-05-23 09:23:31
1653297811801593000,173.5,1,173.0,46,173.5,163,1,2022-05-23 09:23:31
1653297811947273000,173.5,1,173.0,47,173.5,162,1,2022-05-23 09:23:31
1653297812365828000,173.5,1,173.0,47,173.5,161,1,2022-05-23 09:23:32
1653297812800043000,173.0,1,173.0,46,173.5,165,2,2022-05-23 09:23:32
1653297814536510000,173.5,1,173.0,57,173.5,164,1,2022-05-23 09:23:34
1653297815260349000,173.5,1,173.0,58,173.5,164,1,2022-05-23 09:23:35
1653297816174342000,173.0,1,173.0,58,173.5,166,2,2022-05-23 09:23:36
1653297816782061000,173.0,1,173.0,58,173.5,166,2,2022-05-23 09:23:36
1653297817523458000,173.5,1,173.0,62,173.5,176,1,2022-05-23 09:23:37
1653297817841183000,173.5,1,173.0,62,173.5,175,1,2022-05-23 09:23:37
1653297817934441000,173.0,1,173.0,61,173.5,175,2,2022-05-23 09:23:37
1653297818395630000,173.5,1,173.0,66,173.5,175,1,2022-05-23 09:23:38
1653297818941622000,173.5,1,173.0,68,173.5,175,1,2022-05-23 09:23:38
1653297819360654000,173.5,1,173.0,69,173.5,174,1,2022-05-23 09:23:39
1653297820763851000,173.5,5,173.0,83,173.5,169,1,2022-05-23 09:23:40
1653297821617303000,173.5,1,173.0,85,173.5,170,1,2022-05-23 09:23:41
1653297822246064000,173.0,1,173.0,84,173.5,171,2,2022-05-23 09:23:42
1653297822798018000,173.5,1,173.0,84,173.5,170,1,2022-05-23 09:23:42
1653297822986443000,173.5,1,173.0,85,173.5,171,1,2022-05-23 09:23:42
1653297823313033000,173.5,1,173.0,95,173.5,170,1,2022-05-23 09:23:43
1653297823316574000,173.5,1,173.0,95,173.5,169,1,2022-05-23 09:23:43
1653297824139542000,173.5,1,173.0,95,173.5,167,1,2022-05-23 09:23:44
1653297824459351000,173.5,1,173.0,96,173.5,166,1,2022-05-23 09:23:44
1653297825098656000,173.5,1,173.0,96,173.5,166,1,2022-05-23 09:23:45
1653297826745003000,173.5,1,173.0,100,173.5,165,1,2022-05-23 09:23:46
1653297826746262000,173.5,1,173.0,100,173.5,164,1,2022-05-23 09:23:46
1653297827743941000,173.0,100,173.0,2,173.5,165,2,2022-05-23 09:23:47
1653297827770016000,173.0,2,172.5,45,173.5,165,2,2022-05-23 09:23:47
1653297827937264000,173.0,1,172.5,45,173.0,3,1,2022-05-23 09:23:47
1653297828078499000,173.0,1,172.5,45,173.0,2,1,2022-05-23 09:23:48
1653297828360507000,173.0,2,172.5,46,173.5,169,1,2022-05-23 09:23:48
1653297828360507000,173.5,3,172.5,46,173.5,169,1,2022-05-23 09:23:48
1653297828503115000,173.0,1,172.5,46,173.0,5,1,2022-05-23 09:23:48
1653297828676055000,173.0,5,172.5,46,173.0,5,1,2022-05-23 09:23:48
1653297828716829000,172.5,1,172.5,45,173.0,5,2,2022-05-23 09:23:48
1653297828718238000,172.5,1,172.5,44,173.0,5,2,2022-05-23 09:23:48
1653297829186868000,173.0,1,172.5,44,173.0,42,1,2022-05-23 09:23:49
1653297829482819000,172.5,6,172.5,38,173.0,42,2,2022-05-23 09:23:49
1653297829510107000,172.5,6,172.5,32,173.0,42,2,2022-05-23 09:23:49
1653297829540666000,172.5,7,172.5,25,173.0,42,2,2022-05-23 09:23:49
1653297829571612000,172.5,5,172.5,20,173.0,42,2,2022-05-23 09:23:49
1653297829571965000,172.5,14,172.5,6,173.0,42,2,2022-05-23 09:23:49
1653297829605776000,172.5,1,172.5,5,173.0,42,2,2022-05-23 09:23:49
1653297829608358000,172.5,1,172.5,4,173.0,42,2,2022-05-23 09:23:49
1653297829660056000,172.5,4,172.0,47,173.0,46,2,2022-05-23 09:23:49
1653297830483202000,172.5,1,172.0,44,172.5,1,1,2022-05-23 09:23:50
1653297830774146000,172.5,1,172.0,44,173.0,56,1,2022-05-23 09:23:50
1653297831732654000,172.5,2,172.0,45,172.5,6,1,2022-05-23 09:23:51
1653297831995218000,172.5,2,172.0,45,172.5,4,1,2022-05-23 09:23:51
1653297832676381000,172.5,1,172.0,45,172.5,14,1,2022-05-23 09:23:52
1653297833344541000,172.5,1,172.0,45,172.5,13,1,2022-05-23 09:23:53
1653297834388442000,172.5,1,172.0,45,172.5,13,1,2022-05-23 09:23:54
1653297834723358000,172.5,1,172.0,45,172.5,13,1,2022-05-23 09:23:54
1653297834925455000,172.5,1,172.0,45,172.5,12,1,2022-05-23 09:23:54
1653297835677202000,172.5,8,172.0,47,172.5,38,1,2022-05-23 09:23:55
1653297835913925000,172.5,1,172.0,47,172.5,36,1,2022-05-23 09:23:55
1653297836519415000,172.5,1,172.0,47,172.5,38,1,2022-05-23 09:23:56
1653297836885104000,172.5,1,172.0,48,172.5,37,1,2022-05-23 09:23:56
1653297837083221000,172.5,1,172.0,48,172.5,36,1,2022-05-23 09:23:57
1653297839001407000,172.5,1,172.0,50,172.5,35,1,2022-05-23 09:23:59
1653297839070379000,172.0,1,172.0,49,172.5,35,2,2022-05-23 09:23:59
1653297839750898000,172.5,2,172.0,49,172.5,34,1,2022-05-23 09:23:59
1653297840752472000,172.0,1,172.0,48,172.5,34,2,2022-05-23 09:24:00
1653297841694120000,172.5,1,172.0,52,172.5,35,1,2022-05-23 09:24:01
1653297842895733000,172.0,1,172.0,51,172.5,35,2,2022-05-23 09:24:02
