ts,close,volume,bid_price,bid_volume,ask_price,ask_volume,tick_type,datetime
1648198924951086000,177.5,2911,177.0,474,177.5,153,1,2022-03-25 09:02:04
1648198924954346000,177.5,1,177.0,474,177.5,152,1,2022-03-25 09:02:04
1648198924978698000,177.5,10,177.0,464,177.5,142,1,2022-03-25 09:02:04
1648198924997748000,177.0,1,177.0,463,177.5,144,2,2022-03-25 09:02:04
1648198925006435000,177.5,1,177.0,465,177.5,143,1,2022-03-25 09:02:05
1648198925033309000,177.5,103,177.0,465,177.5,18,1,2022-03-25 09:02:05
1648198925033347000,177.5,18,177.0,465,178.0,332,1,2022-03-25 09:02:05
1648198925041018000,177.0,57,177.0,408,178.0,332,2,2022-03-25 09:02:05
1648198925062253000,177.5,7,177.0,409,178.0,332,1,2022-03-25 09:02:05
1648198925064849000,178.0,3,177.0,409,178.0,329,1,2022-03-25 09:02:05
1648198925071483000,178.0,1,177.0,409,178.0,316,1,2022-03-25 09:02:05
1648198925109868000,177.0,1,177.0,409,178.0,316,2,2022-03-25 09:02:05
1648198925111171000,178.0,2,177.0,409,178.0,314,1,2022-03-25 09:02:05
1648198925160505000,177.0,2,177.0,407,178.0,314,2,2022-03-25 09:02:05
1648198925257090000,178.0,2,177.0,415,178.0,312,1,2022-03-25 09:02:05
1648198925278908000,178.0,19,177.0,415,178.0,293,1,2022-03-25 09:02:05
1648198925484564000,178.0,1,177.0,408,178.0,292,1,2022-03-25 09:02:05
1648198926027802000,178.0,1,177.0,409,178.0,291,1,2022-03-25 09:02:06
1648198926350856000,178.0,1,177.0,409,178.0,290,1,2022-03-25 09:02:06
1648198926437222000,178.0,10,177.0,409,178.0,280,1,2022-03-25 09:02:06
1648198926476767000,178.0,1,177.0,409,178.0,279,1,2022-03-25 09:02:06
1648198926486465000,178.0,1,177.0,409,178.0,278,1,2022-03-25 09:02:06
1648198926567433000,177.5,1,177.5,14,178.0,278,2,2022-03-25 09:02:06
1648198926644593000,177.5,1,177.5,14,178.0,278,2,2022-03-25 09:02:06
1648198926693983000,178.0,2,177.5,14,178.0,276,1,2022-03-25 09:02:06
1648198927074929000,177.5,1,177.5,31,178.0,276,2,2022-03-25 09:02:07
1648198927171229000,177.5,1,177.5,51,178.0,276,2,2022-03-25 09:02:07
1648198927232294000,178.0,1,177.5,51,178.0,275,1,2022-03-25 09:02:07
1648198927384614000,178.0,3,177.5,51,178.0,272,1,2022-03-25 09:02:07
1648198927415286000,177.5,2,177.5,49,178.0,272,2,2022-03-25 09:02:07
1648198927487377000,178.0,5,177.5,49,178.0,267,1,2022-03-25 09:02:07
1648198927514282000,178.0,1,177.5,49,178.0,268,1,2022-03-25 09:02:07
1648198927825956000,178.0,1,177.5,47,178.0,267,1,2022-03-25 09:02:07
1648198928609715000,178.0,10,177.5,64,178.0,255,1,2022-03-25 09:02:08
1648198928754940000,178.0,1,177.5,65,178.0,254,1,2022-03-25 09:02:08
1648198928966185000,178.0,1,177.5,66,178.0,260,1,2022-03-25 09:02:08
1648198929035170000,178.0,8,177.5,84,178.0,252,1,2022-03-25 09:02:09
1648198929064162000,178.0,1,177.5,84,178.0,251,1,2022-03-25 09:02:09
1648198929107937000,178.0,3,177.5,85,178.0,248,1,2022-03-25 09:02:09
1648198929112708000,178.0,10,177.5,85,178.0,238,1,2022-03-25 09:02:09
1648198929139574000,178.0,34,177.5,85,178.0,204,1,2022-03-25 09:02:09
1648198929148433000,178.0,1,177.5,85,178.0,203,1,2022-03-25 09:02:09
1648198929168500000,178.0,60,177.5,85,178.0,143,1,2022-03-25 09:02:09
1648198929200809000,178.0,113,177.5,85,178.0,30,1,2022-03-25 09:02:09
1648198929201159000,178.0,23,177.5,85,178.0,7,1,2022-03-25 09:02:09
1648198929231805000,178.0,7,177.5,85,178.5,77,1,2022-03-25 09:02:09
1648198929547566000,178.5,2,178.0,29,178.5,77,1,2022-03-25 09:02:09
1648198929748914000,178.0,3,178.0,47,178.5,82,2,2022-03-25 09:02:09
1648198929752400000,178.5,1,178.0,47,178.5,81,1,2022-03-25 09:02:09
1648198929800236000,178.5,4,178.0,47,178.5,77,1,2022-03-25 09:02:09
1648198929801305000,178.5,5,178.0,47,178.5,72,1,2022-03-25 09:02:09
1648198929920618000,178.5,2,178.0,48,178.5,71,1,2022-03-25 09:02:09
1648198930012285000,178.5,4,178.0,48,178.5,69,1,2022-03-25 09:02:10
1648198930052742000,178.0,48,178.0,16,178.5,69,2,2022-03-25 09:02:10
1648198930081002000,178.0,16,178.0,1,178.5,69,2,2022-03-25 09:02:10
1648198930101965000,178.0,1,177.5,79,178.5,77,2,2022-03-25 09:02:10
1648198930107215000,178.5,9,177.5,79,178.5,68,1,2022-03-25 09:02:10
1648198930135106000,178.5,4,177.5,79,178.5,58,1,2022-03-25 09:02:10
1648198930173438000,178.5,1,177.5,79,178.5,55,1,2022-03-25 09:02:10
1648198930272940000,178.5,4,177.5,79,178.5,51,1,2022-03-25 09:02:10
1648198930320214000,178.5,1,178.0,2,178.5,50,1,2022-03-25 09:02:10
1648198930352269000,178.5,1,178.0,2,178.5,45,1,2022-03-25 09:02:10
1648198930416893000,178.5,4,178.0,3,178.5,41,1,2022-03-25 09:02:10
1648198930542632000,178.5,4,178.0,4,178.5,37,1,2022-03-25 09:02:10
1648198930555973000,178.0,4,177.5,80,178.0,1,2,2022-03-25 09:02:10
1648198930572996000,178.0,1,178.0,6,178.5,37,1,2022-03-25 09:02:10
1648198930583622000,178.5,1,178.0,6,178.5,36,1,2022-03-25 09:02:10
1648198930614821000,178.0,6,178.0,2,178.5,36,2,2022-03-25 09:02:10
1648198930777371000,178.5,5,178.0,2,178.5,39,1,2022-03-25 09:02:10
1648198930824656000,178.0,2,177.5,81,178.5,39,2,2022-03-25 09:02:10
1648198930921645000,178.5,1,178.0,1,178.5,32,1,2022-03-25 09:02:10
1648198930951855000,178.5,1,178.0,1,178.5,38,1,2022-03-25 09:02:10
1648198930994012000,178.5,1,178.0,1,178.5,37,1,2022-03-25 09:02:10
1648198931331727000,178.5,2,178.0,10,178.5,53,1,2022-03-25 09:02:11
1648198931398859000,178.5,1,178.0,11,178.5,52,1,2022-03-25 09:02:11
1648198931407313000,178.5,1,178.0,12,178.5,51,1,2022-03-25 09:02:11
1648198931548080000,178.0,5,178.0,10,178.5,52,2,2022-03-25 09:02:11
1648198931590185000,178.5,2,178.0,11,178.5,50,1,2022-03-25 09:02:11
1648198931666929000,178.5,1,178.0,12,178.5,49,1,2022-03-25 09:02:11
1648198931795545000,178.5,1,178.0,12,178.5,51,1,2022-03-25 09:02:11
1648198931883180000,178.5,10,178.0,13,178.5,41,1,2022-03-25 09:02:11
1648198932052517000,178.5,1,178.0,15,178.5,40,1,2022-03-25 09:02:12
1648198932054053000,178.5,1,178.0,15,178.5,39,1,2022-03-25 09:02:12
1648198932058413000,178.5,1,178.0,15,178.5,38,1,2022-03-25 09:02:12
1648198932114154000,178.5,1,178.0,15,178.5,37,1,2022-03-25 09:02:12
1648198932142930000,178.5,10,178.0,20,178.5,27,1,2022-03-25 09:02:12
1648198932190564000,178.5,1,178.0,20,178.5,26,1,2022-03-25 09:02:12
1648198932199709000,178.5,1,178.0,20,178.5,25,1,2022-03-25 09:02:12
1648198932419509000,178.5,1,178.0,24,178.5,24,1,2022-03-25 09:02:12
1648198932482885000,178.5,1,178.0,34,178.5,23,1,2022-03-25 09:02:12
1648198932486168000,178.5,10,178.0,34,178.5,13,1,2022-03-25 09:02:12
1648198932601942000,178.5,7,178.0,34,178.5,11,1,2022-03-25 09:02:12
1648198932695992000,178.5,10,178.0,35,178.5,2,1,2022-03-25 09:02:12
1648198932703809000,178.5,1,178.0,35,178.5,1,1,2022-03-25 09:02:12
1648198932775216000,178.5,1,178.0,35,179.0,350,1,2022-03-25 09:02:12
1648198932921090000,178.5,1,178.5,1,179.0,352,2,2022-03-25 09:02:12
1648198932921659000,178.5,1,178.0,51,179.0,352,2,2022-03-25 09:02:12
1648198932977030000,178.5,3,178.5,7,179.0,350,1,2022-03-25 09:02:12
1648198933110807000,179.0,1,178.5,21,179.0,357,1,2022-03-25 09:02:13
1648198933113185000,178.5,1,178.5,20,179.0,357,2,2022-03-25 09:02:13
1648198933157343000,178.5,1,178.5,19,179.0,355,2,2022-03-25 09:02:13
1648198933167421000,178.5,2,178.5,17,179.0,355,2,2022-03-25 09:02:13
1648198933273861000,178.5,1,178.5,31,179.0,357,2,2022-03-25 09:02:13
1648198933287916000,178.5,22,178.5,9,179.0,357,2,2022-03-25 09:02:13
1648198933360883000,179.0,3,178.5,11,179.0,354,1,2022-03-25 09:02:13
1648198933421529000,178.5,9,178.5,2,179.0,354,2,2022-03-25 09:02:13
1648198933466684000,179.0,1,178.5,4,179.0,353,1,2022-03-25 09:02:13
1648198933519261000,179.0,1,178.5,4,179.0,352,1,2022-03-25 09:02:13
1648198933601133000,178.5,3,178.5,4,179.0,352,2,2022-03-25 09:02:13
1648198933644470000,179.0,1,178.5,4,179.0,351,1,2022-03-25 09:02:13
1648198933744633000,178.5,1,178.5,3,179.0,361,2,2022-03-25 09:02:13
1648198933796484000,179.0,1,178.5,3,179.0,360,1,2022-03-25 09:02:13
1648198933979443000,178.5,1,178.5,3,179.0,360,2,2022-03-25 09:02:13
1648198933980910000,178.5,1,178.5,2,179.0,360,2,2022-03-25 09:02:13
1648198934011390000,178.5,2,178.0,75,179.0,363,2,2022-03-25 09:02:14
1648198934055621000,178.5,2,178.0,69,179.0,361,1,2022-03-25 09:02:14
1648198934078226000,178.5,1,178.0,69,178.5,2,1,2022-03-25 09:02:14
1648198934128272000,178.5,1,178.0,77,178.5,1,1,2022-03-25 09:02:14
1648198934161428000,178.5,1,178.0,78,179.0,361,1,2022-03-25 09:02:14
1648198934340229000,178.5,6,178.0,75,178.5,4,2,2022-03-25 09:02:14
1648198934346619000,178.5,1,178.0,75,178.5,3,1,2022-03-25 09:02:14
1648198934360976000,178.5,1,178.0,75,178.5,2,1,2022-03-25 09:02:14
1648198934381896000,178.5,1,178.0,75,178.5,8,1,2022-03-25 09:02:14
1648198934480201000,178.5,1,178.0,81,178.5,2,1,2022-03-25 09:02:14
1648198934491545000,178.5,1,178.0,81,178.5,1,1,2022-03-25 09:02:14
1648198934652901000,178.5,1,178.0,82,179.0,361,1,2022-03-25 09:02:14
1648198934675678000,178.0,2,178.0,80,179.0,361,2,2022-03-25 09:02:14
1648198934825682000,178.5,1,178.0,77,179.0,366,1,2022-03-25 09:02:14
1648198934910999000,179.0,10,178.5,2,179.0,356,1,2022-03-25 09:02:14
1648198934921029000,178.5,1,178.5,1,179.0,356,2,2022-03-25 09:02:14
1648198934936991000,179.0,1,178.5,1,179.0,355,1,2022-03-25 09:02:14
1648198934955558000,179.0,1,178.5,2,179.0,354,1,2022-03-25 09:02:14
1648198935063906000,179.0,3,178.5,4,179.0,351,1,2022-03-25 09:02:15
1648198935098314000,179.0,3,178.5,4,179.0,348,1,2022-03-25 09:02:15
1648198935100684000,178.5,2,178.5,2,179.0,348,2,2022-03-25 09:02:15
1648198935202078000,178.5,1,178.5,2,179.0,348,2,2022-03-25 09:02:15
1648198935245204000,178.5,2,178.5,1,179.0,348,2,2022-03-25 09:02:15
1648198935503855000,178.5,2,178.5,4,179.0,348,2,2022-03-25 09:02:15
1648198935724709000,178.5,1,178.5,6,179.0,349,2,2022-03-25 09:02:15
1648198935760199000,179.0,1,178.5,6,179.0,348,1,2022-03-25 09:02:15
1648198935793945000,178.5,1,178.5,5,179.0,348,2,2022-03-25 09:02:15
1648198935853826000,179.0,1,178.5,6,179.0,347,1,2022-03-25 09:02:15
1648198935900568000,179.0,3,178.5,6,179.0,344,1,2022-03-25 09:02:15
1648198935957513000,178.5,1,178.5,5,179.0,344,2,2022-03-25 09:02:15
1648198936061248000,179.0,2,178.5,6,179.0,342,1,2022-03-25 09:02:16
1648198936066505000,179.0,11,178.5,6,179.0,331,1,2022-03-25 09:02:16
1648198936092479000,178.5,1,178.5,6,179.0,331,2,2022-03-25 09:02:16
1648198936097890000,179.0,2,178.5,6,179.0,329,1,2022-03-25 09:02:16
1648198936098465000,178.5,1,178.5,5,179.0,329,2,2022-03-25 09:02:16
1648198936101453000,178.5,2,178.5,10,179.0,329,2,2022-03-25 09:02:16
1648198936182276000,179.0,2,178.5,10,179.0,323,1,2022-03-25 09:02:16
1648198936392629000,179.0,2,178.5,19,179.0,319,1,2022-03-25 09:02:16
1648198936487326000,178.5,24,178.0,104,179.0,319,2,2022-03-25 09:02:16
1648198936496675000,178.0,50,178.0,54,179.0,319,2,2022-03-25 09:02:16
1648198936535662000,178.5,2,178.0,2,179.0,325,2,2022-03-25 09:02:16
1648198936535662000,178.0,52,178.0,2,179.0,325,2,2022-03-25 09:02:16
1648198936587998000,178.5,1,178.0,4,179.0,331,2,2022-03-25 09:02:16
1648198936684794000,178.5,1,178.0,4,178.5,13,1,2022-03-25 09:02:16
1648198936712902000,178.5,10,178.0,4,178.5,3,1,2022-03-25 09:02:16
1648198936732129000,178.5,1,178.0,7,178.5,2,1,2022-03-25 09:02:16
1648198936766540000,178.5,2,178.0,23,179.0,331,1,2022-03-25 09:02:16
1648198936799149000,179.0,1,178.0,23,179.0,330,1,2022-03-25 09:02:16
1648198936835179000,178.5,1,178.0,30,179.0,330,2,2022-03-25 09:02:16
1648198936987172000,178.5,1,178.5,1,179.0,331,2,2022-03-25 09:02:16
1648198936987176000,178.5,1,178.0,33,179.0,331,2,2022-03-25 09:02:16
1648198937007603000,178.5,1,178.0,33,179.0,333,2,2022-03-25 09:02:17
1648198937021981000,178.5,1,178.0,33,179.0,324,1,2022-03-25 09:02:17
1648198937021981000,179.0,9,178.0,33,179.0,324,1,2022-03-25 09:02:17
1648198937075636000,178.0,1,178.0,32,179.0,324,2,2022-03-25 09:02:17
1648198937178984000,178.5,1,178.0,39,178.5,1,1,2022-03-25 09:02:17
1648198937199155000,178.0,1,178.0,38,178.5,1,2,2022-03-25 09:02:17
1648198937215402000,178.5,1,178.0,38,179.0,322,1,2022-03-25 09:02:17
1648198937215954000,178.0,1,178.0,37,179.0,322,2,2022-03-25 09:02:17
1648198937255479000,179.0,2,178.0,37,179.0,322,1,2022-03-25 09:02:17
1648198937258945000,179.0,5,178.0,37,179.0,317,1,2022-03-25 09:02:17
1648198937298447000,178.5,1,178.0,37,178.5,1,2,2022-03-25 09:02:17
1648198937298897000,178.5,1,178.0,37,179.0,317,1,2022-03-25 09:02:17
1648198937348022000,178.5,6,178.5,1,179.0,311,2,2022-03-25 09:02:17
1648198937355106000,179.0,1,178.5,1,179.0,310,1,2022-03-25 09:02:17
1648198937355641000,178.5,1,178.0,39,179.0,310,2,2022-03-25 09:02:17
1648198937359411000,178.5,1,178.0,39,178.5,1,1,2022-03-25 09:02:17
1648198937430269000,178.5,1,178.0,39,178.5,10,1,2022-03-25 09:02:17
1648198937433894000,178.5,1,178.0,39,178.5,9,1,2022-03-25 09:02:17
1648198937433896000,178.5,1,178.0,39,178.5,8,1,2022-03-25 09:02:17
1648198937471869000,178.5,1,178.0,39,178.5,7,1,2022-03-25 09:02:17
1648198937540137000,178.5,3,178.0,39,178.5,9,1,2022-03-25 09:02:17
1648198937563446000,178.5,1,178.0,40,178.5,28,1,2022-03-25 09:02:17
1648198937633335000,178.5,1,178.0,40,178.5,28,1,2022-03-25 09:02:17
1648198937661053000,178.5,1,178.0,40,178.5,27,1,2022-03-25 09:02:17
1648198937718170000,178.5,1,178.0,40,178.5,26,1,2022-03-25 09:02:17
1648198937753741000,178.5,1,178.0,40,178.5,45,1,2022-03-25 09:02:17
1648198937762589000,178.5,1,178.0,40,178.5,44,1,2022-03-25 09:02:17
1648198937763997000,178.5,4,178.0,40,178.5,40,1,2022-03-25 09:02:17
1648198937794493000,178.5,1,178.0,40,178.5,42,1,2022-03-25 09:02:17
1648198937799252000,178.5,1,178.0,40,178.5,41,1,2022-03-25 09:02:17
1648198937809555000,178.5,1,178.0,40,178.5,40,1,2022-03-25 09:02:17
1648198937867218000,178.5,5,178.0,41,178.5,36,1,2022-03-25 09:02:17
1648198937917954000,178.5,2,178.0,41,178.5,36,1,2022-03-25 09:02:17
1648198937985135000,178.5,1,178.0,41,178.5,38,1,2022-03-25 09:02:17
1648198938013146000,178.5,1,178.0,41,178.5,38,1,2022-03-25 09:02:18
1648198938015473000,178.0,5,178.0,36,178.5,38,2,2022-03-25 09:02:18
1648198938018410000,178.5,1,178.0,37,178.5,37,1,2022-03-25 09:02:18
1648198938022077000,178.0,1,178.0,36,178.5,37,2,2022-03-25 09:02:18
1648198938059521000,178.5,1,178.0,37,178.5,36,1,2022-03-25 09:02:18
1648198938167332000,178.5,1,178.0,37,178.5,55,1,2022-03-25 09:02:18
1648198938213287000,178.5,2,178.0,37,178.5,53,1,2022-03-25 09:02:18
1648198938254006000,178.5,1,178.0,37,178.5,52,1,2022-03-25 09:02:18
1648198938297970000,178.5,10,178.0,37,178.5,42,1,2022-03-25 09:02:18
1648198938315033000,178.5,1,178.0,43,178.5,41,1,2022-03-25 09:02:18
1648198938362449000,178.5,2,178.0,44,178.5,39,1,2022-03-25 09:02:18
1648198938378671000,178.5,1,178.0,44,178.5,38,1,2022-03-25 09:02:18
1648198938404947000,178.5,2,178.0,44,178.5,36,1,2022-03-25 09:02:18
1648198938432217000,178.5,1,178.0,44,178.5,35,1,2022-03-25 09:02:18
1648198938456140000,178.5,1,178.0,44,178.5,34,1,2022-03-25 09:02:18
1648198938459234000,178.5,1,178.0,44,178.5,33,1,2022-03-25 09:02:18
1648198938461206000,178.5,1,178.0,45,178.5,32,1,2022-03-25 09:02:18
1648198938468965000,178.5,1,178.0,45,178.5,31,1,2022-03-25 09:02:18
1648198938506204000,178.5,1,178.0,46,178.5,30,1,2022-03-25 09:02:18
1648198938543155000,178.0,1,178.0,45,178.5,41,2,2022-03-25 09:02:18
1648198938669934000,178.5,1,178.0,49,178.5,45,1,2022-03-25 09:02:18
1648198938721338000,178.5,1,178.0,49,178.5,66,1,2022-03-25 09:02:18
1648198938730213000,178.5,1,178.0,49,178.5,65,1,2022-03-25 09:02:18
1648198938838410000,178.5,5,178.0,51,178.5,70,1,2022-03-25 09:02:18
1648198938838592000,178.5,2,178.0,51,178.5,68,1,2022-03-25 09:02:18
1648198938889845000,178.5,2,178.0,52,178.5,71,1,2022-03-25 09:02:18
1648198938913509000,178.5,1,178.0,52,178.5,70,1,2022-03-25 09:02:18
1648198938987815000,178.5,1,178.0,52,178.5,69,1,2022-03-25 09:02:18
1648198939105282000,178.5,4,178.0,53,178.5,65,1,2022-03-25 09:02:19
1648198939153182000,178.5,1,178.0,54,178.5,64,1,2022-03-25 09:02:19
1648198939216702000,178.5,2,178.0,75,178.5,62,1,2022-03-25 09:02:19
1648198939240357000,178.5,1,178.0,75,178.5,61,1,2022-03-25 09:02:19
1648198939300563000,178.5,1,178.0,75,178.5,60,1,2022-03-25 09:02:19
1648198939302293000,178.5,1,178.0,75,178.5,59,1,2022-03-25 09:02:19
1648198939326288000,178.5,1,178.0,95,178.5,58,1,2022-03-25 09:02:19
1648198939329109000,178.5,1,178.0,95,178.5,57,1,2022-03-25 09:02:19
1648198939478112000,178.0,2,178.0,94,178.5,60,2,2022-03-25 09:02:19
1648198939615956000,178.5,1,178.0,114,178.5,62,1,2022-03-25 09:02:19
1648198939666191000,178.5,1,178.0,114,178.5,62,1,2022-03-25 09:02:19
1648198939685018000,178.5,2,178.0,114,178.5,61,1,2022-03-25 09:02:19
1648198939773286000,178.0,3,178.0,113,178.5,61,2,2022-03-25 09:02:19
1648198940035650000,178.5,2,178.0,136,178.5,59,1,2022-03-25 09:02:20
1648198940050175000,178.5,1,178.0,136,178.5,58,1,2022-03-25 09:02:20
1648198940087678000,178.5,1,178.0,136,178.5,57,1,2022-03-25 09:02:20
1648198940110462000,178.5,1,178.0,136,178.5,66,1,2022-03-25 09:02:20
1648198940111470000,178.5,1,178.0,136,178.5,65,1,2022-03-25 09:02:20
1648198940111968000,178.5,1,178.0,136,178.5,64,1,2022-03-25 09:02:20
1648198940117121000,178.5,1,178.0,136,178.5,63,1,2022-03-25 09:02:20
1648198940200450000,178.5,1,178.0,137,178.5,62,1,2022-03-25 09:02:20
1648198940240480000,178.5,1,178.0,137,178.5,61,1,2022-03-25 09:02:20
1648198940363790000,178.5,1,178.0,138,178.5,61,1,2022-03-25 09:02:20
1648198940408453000,178.5,1,178.0,139,178.5,60,1,2022-03-25 09:02:20
1648198940463772000,178.5,1,178.0,139,178.5,59,1,2022-03-25 09:02:20
1648198940510439000,178.5,3,178.0,141,178.5,56,1,2022-03-25 09:02:20
1648198940517009000,178.5,1,178.0,141,178.5,55,1,2022-03-25 09:02:20
1648198940529837000,178.5,1,178.0,141,178.5,54,1,2022-03-25 09:02:20
1648198940574741000,178.5,1,178.0,141,178.5,53,1,2022-03-25 09:02:20
1648198940611685000,178.5,1,178.0,142,178.5,52,1,2022-03-25 09:02:20
1648198940620810000,178.0,5,178.0,137,178.5,52,2,2022-03-25 09:02:20
1648198940701841000,178.5,1,178.0,139,178.5,51,1,2022-03-25 09:02:20
1648198940729778000,178.5,1,178.0,140,178.5,50,1,2022-03-25 09:02:20
1648198940786175000,178.5,4,178.0,140,178.5,49,1,2022-03-25 09:02:20
1648198940830223000,178.5,1,178.0,140,178.5,48,1,2022-03-25 09:02:20
1648198940851209000,178.5,1,178.0,140,178.5,47,1,2022-03-25 09:02:20
1648198940852774000,178.5,1,178.0,140,178.5,46,1,2022-03-25 09:02:20
1648198940911348000,178.5,1,178.0,141,178.5,45,1,2022-03-25 09:02:20
1648198940917663000,178.5,1,178.0,141,178.5,44,1,2022-03-25 09:02:20
1648198940935805000,178.5,1,178.0,141,178.5,43,1,2022-03-25 09:02:20
1648198940973043000,178.5,1,178.0,141,178.5,42,1,2022-03-25 09:02:20
1648198940999265000,178.5,1,178.0,141,178.5,41,1,2022-03-25 09:02:20
1648198941023866000,178.5,1,178.0,141,178.5,40,1,2022-03-25 09:02:21
1648198941047652000,178.5,1,178.0,141,178.5,39,1,2022-03-25 09:02:21
1648198941219939000,178.5,10,178.0,143,178.5,31,1,2022-03-25 09:02:21
1648198941228419000,178.5,1,178.0,143,178.5,30,1,2022-03-25 09:02:21
1648198941278773000,178.5,1,178.0,144,178.5,29,1,2022-03-25 09:02:21
1648198941387035000,178.5,1,178.0,148,178.5,32,1,2022-03-25 09:02:21
1648198941415174000,178.5,1,178.0,151,178.5,31,1,2022-03-25 09:02:21
1648198941431973000,178.5,1,178.0,151,178.5,30,1,2022-03-25 09:02:21
1648198941472942000,178.5,2,178.0,151,178.5,38,1,2022-03-25 09:02:21
1648198941491692000,178.5,1,178.0,151,178.5,37,1,2022-03-25 09:02:21
1648198941540974000,178.5,1,178.0,151,178.5,36,1,2022-03-25 09:02:21
1648198941705303000,178.5,1,178.0,151,178.5,37,1,2022-03-25 09:02:21
1648198941728969000,178.5,2,178.0,151,178.5,35,1,2022-03-25 09:02:21
1648198941798191000,178.5,1,178.0,151,178.5,34,1,2022-03-25 09:02:21
1648198941813264000,178.5,1,178.0,151,178.5,33,1,2022-03-25 09:02:21
1648198941853197000,178.5,1,178.0,151,178.5,32,1,2022-03-25 09:02:21
1648198941939027000,178.5,1,178.0,151,178.5,31,1,2022-03-25 09:02:21
1648198941975937000,178.5,2,178.0,151,178.5,30,1,2022-03-25 09:02:21
1648198942044902000,178.5,1,178.0,151,178.5,29,1,2022-03-25 09:02:22
1648198942313790000,178.5,1,178.0,144,178.5,36,1,2022-03-25 09:02:22
1648198942341010000,178.0,2,178.0,153,178.5,37,2,2022-03-25 09:02:22
1648198942365180000,178.5,1,178.0,153,178.5,36,1,2022-03-25 09:02:22
1648198942381995000,178.5,1,178.0,153,178.5,35,1,2022-03-25 09:02:22
1648198942451438000,178.0,2,178.0,154,178.5,35,2,2022-03-25 09:02:22
1648198942515132000,178.5,5,178.0,154,178.5,30,1,2022-03-25 09:02:22
1648198942562408000,178.5,1,178.0,155,178.5,38,1,2022-03-25 09:02:22
1648198942582614000,178.5,1,178.0,155,178.5,37,1,2022-03-25 09:02:22
1648198942585238000,178.5,1,178.0,155,178.5,36,1,2022-03-25 09:02:22
1648198942724170000,178.5,1,178.0,163,178.5,35,1,2022-03-25 09:02:22
1648198942738130000,178.5,1,178.0,163,178.5,34,1,2022-03-25 09:02:22
1648198942857427000,178.5,1,178.0,170,178.5,33,1,2022-03-25 09:02:22
1648198942861101000,178.5,1,178.0,170,178.5,32,1,2022-03-25 09:02:22
1648198942915736000,178.5,1,178.0,170,178.5,31,1,2022-03-25 09:02:22
1648198942939655000,178.5,1,178.0,170,178.5,30,1,2022-03-25 09:02:22
1648198942982051000,178.5,1,178.0,170,178.5,29,1,2022-03-25 09:02:22
1648198942997989000,178.5,1,178.0,170,178.5,28,1,2022-03-25 09:02:22
1648198943088254000,178.5,1,178.0,170,178.5,27,1,2022-03-25 09:02:23
1648198943107732000,178.5,1,178.0,170,178.5,26,1,2022-03-25 09:02:23
1648198943112684000,178.5,2,178.0,170,178.5,24,1,2022-03-25 09:02:23
1648198943136453000,178.5,5,178.0,170,178.5,19,1,2022-03-25 09:02:23
1648198943187729000,178.5,1,178.0,170,178.5,14,1,2022-03-25 09:02:23
1648198943207675000,178.5,1,178.0,170,178.5,13,1,2022-03-25 09:02:23
1648198943251952000,178.5,1,178.0,171,178.5,14,1,2022-03-25 09:02:23
1648198943254279000,178.5,2,178.0,171,178.5,12,1,2022-03-25 09:02:23
1648198943279746000,178.5,1,178.0,171,178.5,11,1,2022-03-25 09:02:23
1648198943302704000,178.5,1,178.0,171,178.5,10,1,2022-03-25 09:02:23
1648198943302900000,178.5,1,178.0,171,178.5,9,1,2022-03-25 09:02:23
1648198943313882000,178.5,1,178.0,171,178.5,8,1,2022-03-25 09:02:23
1648198943373457000,178.5,1,178.0,171,178.5,9,1,2022-03-25 09:02:23
1648198943420528000,178.5,1,178.0,171,178.5,8,1,2022-03-25 09:02:23
1648198943431695000,178.5,1,178.0,171,178.5,7,1,2022-03-25 09:02:23
1648198943459329000,178.5,1,178.0,171,178.5,6,1,2022-03-25 09:02:23
1648198943465791000,178.5,3,178.0,171,178.5,3,1,2022-03-25 09:02:23
1648198943469230000,178.5,1,178.0,171,178.5,2,1,2022-03-25 09:02:23
1648198943495298000,178.5,2,178.5,9,179.0,326,1,2022-03-25 09:02:23
1648198943525291000,178.5,4,178.5,5,179.0,318,2,2022-03-25 09:02:23
1648198943549287000,179.0,1,178.5,6,179.0,319,1,2022-03-25 09:02:23
1648198943557006000,178.5,5,178.5,1,179.0,319,2,2022-03-25 09:02:23
1648198943587466000,178.5,1,178.5,10,179.0,319,2,2022-03-25 09:02:23
1648198943640759000,178.5,4,178.5,6,179.0,319,2,2022-03-25 09:02:23
1648198943669439000,178.5,6,178.0,172,179.0,319,2,2022-03-25 09:02:23
1648198943859141000,178.5,5,178.0,173,178.5,5,2,2022-03-25 09:02:23
1648198943885322000,178.5,1,178.0,173,178.5,4,1,2022-03-25 09:02:23
1648198943952122000,178.5,1,178.0,173,178.5,3,1,2022-03-25 09:02:23
1648198943986968000,178.0,1,178.0,172,178.5,3,2,2022-03-25 09:02:23
1648198943990281000,178.5,3,178.5,7,179.0,317,1,2022-03-25 09:02:23
1648198944019414000,178.5,7,178.0,172,179.0,319,2,2022-03-25 09:02:24
1648198944049525000,178.5,1,178.0,172,179.0,319,2,2022-03-25 09:02:24
1648198944053455000,178.5,1,178.0,161,179.0,319,2,2022-03-25 09:02:24
1648198944053455000,178.0,4,178.0,161,179.0,319,2,2022-03-25 09:02:24
1648198944073084000,179.0,1,178.0,161,179.0,318,1,2022-03-25 09:02:24
1648198944084357000,178.5,1,178.5,1,179.0,318,2,2022-03-25 09:02:24
1648198944084968000,178.5,1,178.0,161,179.0,318,2,2022-03-25 09:02:24
1648198944149482000,178.5,3,178.0,161,178.5,10,1,2022-03-25 09:02:24
1648198944151283000,178.5,5,178.0,161,178.5,5,1,2022-03-25 09:02:24
1648198944219127000,178.5,1,178.0,179,178.5,4,1,2022-03-25 09:02:24
1648198944222253000,178.5,1,178.0,179,178.5,5,1,2022-03-25 09:02:24
1648198944247977000,178.5,1,178.0,179,178.5,4,1,2022-03-25 09:02:24
1648198944279600000,178.0,1,178.0,178,178.5,4,2,2022-03-25 09:02:24
1648198944309833000,178.5,1,178.0,178,178.5,3,1,2022-03-25 09:02:24
1648198944366538000,178.5,1,178.0,181,179.0,315,1,2022-03-25 09:02:24
1648198944387285000,178.5,2,178.5,2,179.0,315,2,2022-03-25 09:02:24
1648198944387348000,178.5,2,178.0,182,179.0,315,2,2022-03-25 09:02:24
1648198944434241000,178.5,1,178.0,182,179.0,319,1,2022-03-25 09:02:24
1648198944440361000,179.0,1,178.5,1,179.0,318,1,2022-03-25 09:02:24
1648198944457675000,178.5,2,178.5,1,179.0,318,2,2022-03-25 09:02:24
1648198944459050000,178.5,1,178.0,183,179.0,318,2,2022-03-25 09:02:24
1648198944495271000,179.0,1,178.0,183,179.0,315,1,2022-03-25 09:02:24
1648198944602097000,178.5,1,178.0,183,179.0,315,2,2022-03-25 09:02:24
1648198944632777000,178.5,1,178.0,184,179.0,317,2,2022-03-25 09:02:24
1648198944636971000,179.0,20,178.0,184,179.0,297,1,2022-03-25 09:02:24
1648198944653973000,178.5,1,178.0,184,179.0,297,2,2022-03-25 09:02:24
1648198944673741000,178.5,1,178.0,186,179.0,297,2,2022-03-25 09:02:24
1648198944725676000,178.5,2,178.0,187,179.0,297,2,2022-03-25 09:02:24
1648198944751735000,178.5,2,178.0,190,179.0,295,1,2022-03-25 09:02:24
1648198944806818000,178.5,1,178.0,191,179.0,305,2,2022-03-25 09:02:24
1648198944817778000,178.5,1,178.5,3,179.0,307,2,2022-03-25 09:02:24
1648198944839597000,178.5,4,178.5,3,179.0,307,2,2022-03-25 09:02:24
1648198944850477000,178.5,2,178.5,1,179.0,307,2,2022-03-25 09:02:24
1648198944858013000,178.5,1,178.0,190,179.0,307,2,2022-03-25 09:02:24
1648198944998152000,178.5,1,178.0,190,178.5,5,1,2022-03-25 09:02:24
1648198945039557000,178.5,1,178.0,190,178.5,4,1,2022-03-25 09:02:25
1648198945077987000,178.5,1,178.0,190,178.5,5,1,2022-03-25 09:02:25
1648198945097489000,178.5,1,178.0,191,178.5,4,1,2022-03-25 09:02:25
1648198945125654000,178.5,1,178.0,191,178.5,4,1,2022-03-25 09:02:25
1648198945129000000,178.5,4,178.0,191,179.0,305,1,2022-03-25 09:02:25
1648198945160115000,178.5,1,178.5,1,179.0,305,2,2022-03-25 09:02:25
1648198945160158000,178.5,1,178.0,191,179.0,305,2,2022-03-25 09:02:25
1648198945221334000,178.5,1,178.0,192,179.0,307,2,2022-03-25 09:02:25
1648198945233051000,179.0,1,178.0,192,179.0,306,1,2022-03-25 09:02:25
1648198945271040000,178.5,1,178.0,200,179.0,306,2,2022-03-25 09:02:25
1648198945275841000,178.0,1,178.0,199,179.0,306,2,2022-03-25 09:02:25
1648198945293623000,178.5,1,178.0,199,179.0,306,2,2022-03-25 09:02:25
1648198945313459000,178.5,1,178.0,199,179.0,306,2,2022-03-25 09:02:25
1648198945357396000,179.0,1,178.0,199,179.0,305,1,2022-03-25 09:02:25
1648198945456671000,178.5,1,178.5,5,179.0,303,2,2022-03-25 09:02:25
1648198945456699000,178.5,1,178.5,4,179.0,303,2,2022-03-25 09:02:25
1648198945457471000,178.5,1,178.5,3,179.0,305,2,2022-03-25 09:02:25
1648198945466969000,178.5,3,178.0,205,179.0,305,2,2022-03-25 09:02:25
1648198945554232000,179.0,10,178.0,205,179.0,295,1,2022-03-25 09:02:25
1648198945614486000,178.5,1,178.5,5,179.0,295,2,2022-03-25 09:02:25
1648198945615128000,178.5,1,178.5,5,179.0,293,2,2022-03-25 09:02:25
1648198945636818000,179.0,3,178.5,5,179.0,292,1,2022-03-25 09:02:25
1648198945645867000,178.5,4,178.5,1,179.0,292,2,2022-03-25 09:02:25
1648198945657355000,178.5,2,178.0,205,179.0,292,2,2022-03-25 09:02:25
1648198945700354000,178.5,1,178.0,205,178.5,1,1,2022-03-25 09:02:25
1648198945719346000,178.0,1,178.0,204,178.5,1,2,2022-03-25 09:02:25
1648198945720812000,178.5,1,178.0,204,179.0,290,1,2022-03-25 09:02:25
1648198945752269000,178.5,2,178.0,210,179.0,290,2,2022-03-25 09:02:25
1648198945793848000,178.5,1,178.0,211,178.5,1,1,2022-03-25 09:02:25
1648198945795761000,178.5,1,178.0,211,179.0,292,1,2022-03-25 09:02:25
1648198945833125000,179.0,5,178.0,211,179.0,287,1,2022-03-25 09:02:25
1648198945888748000,179.0,1,178.0,212,179.0,284,1,2022-03-25 09:02:25
1648198945968555000,179.0,1,178.5,1,179.0,283,1,2022-03-25 09:02:25
1648198945979556000,178.5,1,178.5,1,179.0,283,2,2022-03-25 09:02:25
1648198946049194000,178.5,1,178.0,212,179.0,283,1,2022-03-25 09:02:26
1648198946204509000,178.5,1,178.0,255,179.0,285,2,2022-03-25 09:02:26
1648198946294267000,179.0,7,178.0,255,179.0,278,1,2022-03-25 09:02:26
1648198946348555000,178.5,1,178.5,4,179.0,278,2,2022-03-25 09:02:26
1648198946468260000,178.5,2,178.5,7,179.0,278,2,2022-03-25 09:02:26
1648198946515215000,178.5,6,178.0,263,178.5,106,2,2022-03-25 09:02:26
1648198946535891000,178.5,1,178.0,263,178.5,105,1,2022-03-25 09:02:26
1648198946545682000,178.5,1,178.0,263,178.5,104,1,2022-03-25 09:02:26
1648198946564708000,178.5,2,178.0,263,178.5,102,1,2022-03-25 09:02:26
1648198946595242000,178.0,1,178.0,262,178.5,102,2,2022-03-25 09:02:26
1648198946602166000,178.5,1,178.0,262,178.5,101,1,2022-03-25 09:02:26
1648198946606064000,178.5,1,178.0,262,178.5,100,1,2022-03-25 09:02:26
1648198946652119000,178.5,1,178.0,263,178.5,100,1,2022-03-25 09:02:26
1648198946668257000,178.5,1,178.0,263,178.5,99,1,2022-03-25 09:02:26
1648198946715629000,178.5,1,178.0,264,178.5,98,1,2022-03-25 09:02:26
1648198946723756000,178.5,1,178.0,266,178.5,97,1,2022-03-25 09:02:26
1648198946807447000,178.5,1,178.0,266,178.5,97,1,2022-03-25 09:02:26
1648198946813686000,178.5,1,178.0,266,178.5,96,1,2022-03-25 09:02:26
1648198946827419000,178.5,2,178.0,266,178.5,94,1,2022-03-25 09:02:26
1648198946946180000,178.5,1,178.0,267,178.5,93,1,2022-03-25 09:02:26
1648198947019715000,178.5,1,178.0,268,178.5,92,1,2022-03-25 09:02:27
1648198947021370000,178.5,1,178.0,268,178.5,91,1,2022-03-25 09:02:27
1648198947052017000,178.5,1,178.0,268,178.5,90,1,2022-03-25 09:02:27
1648198947194867000,178.5,1,178.0,269,178.5,90,1,2022-03-25 09:02:27
1648198947211573000,178.5,1,178.0,269,178.5,89,1,2022-03-25 09:02:27
1648198947214924000,178.5,1,178.0,269,178.5,88,1,2022-03-25 09:02:27
1648198947252036000,178.0,20,178.0,252,178.5,88,2,2022-03-25 09:02:27
1648198947256102000,178.5,1,178.0,252,178.5,87,1,2022-03-25 09:02:27
1648198947294133000,178.5,4,178.0,252,178.5,84,1,2022-03-25 09:02:27
1648198947315657000,178.5,1,178.0,252,178.5,83,1,2022-03-25 09:02:27
1648198947321061000,178.5,1,178.0,252,178.5,82,1,2022-03-25 09:02:27
1648198947356174000,178.5,1,178.0,252,178.5,91,1,2022-03-25 09:02:27
1648198947357056000,178.5,1,178.0,252,178.5,90,1,2022-03-25 09:02:27
1648198947450758000,178.5,1,178.0,252,178.5,89,1,2022-03-25 09:02:27
1648198947466358000,178.5,1,178.0,252,178.5,88,1,2022-03-25 09:02:27
1648198947539820000,178.5,1,178.0,252,178.5,88,1,2022-03-25 09:02:27
1648198947544007000,178.5,1,178.0,252,178.5,87,1,2022-03-25 09:02:27
1648198947570499000,178.5,2,178.0,252,178.5,87,1,2022-03-25 09:02:27
1648198947588657000,178.5,3,178.0,252,178.5,86,1,2022-03-25 09:02:27
1648198947634554000,178.5,3,178.0,254,178.5,85,1,2022-03-25 09:02:27
1648198947663447000,178.5,1,178.0,254,178.5,84,1,2022-03-25 09:02:27
1648198947674437000,178.5,1,178.0,254,178.5,83,1,2022-03-25 09:02:27
1648198947761486000,178.5,1,178.0,254,178.5,88,1,2022-03-25 09:02:27
1648198947826580000,178.5,1,178.0,255,178.5,87,1,2022-03-25 09:02:27
1648198947828513000,178.5,1,178.0,255,178.5,86,1,2022-03-25 09:02:27
1648198947832638000,178.5,1,178.0,255,178.5,85,1,2022-03-25 09:02:27
1648198947939083000,178.5,1,178.0,255,178.5,89,1,2022-03-25 09:02:27
1648198948020041000,178.0,3,178.0,252,178.5,89,2,2022-03-25 09:02:28
1648198948020232000,178.5,1,178.0,252,178.5,88,1,2022-03-25 09:02:28
1648198948155145000,178.5,1,178.0,252,178.5,91,1,2022-03-25 09:02:28
1648198948177597000,178.5,1,178.0,252,178.5,90,1,2022-03-25 09:02:28
1648198948246799000,178.5,1,178.0,253,178.5,89,1,2022-03-25 09:02:28
1648198948402636000,178.5,1,178.0,220,178.5,95,1,2022-03-25 09:02:28
1648198948405019000,178.5,6,178.0,220,178.5,89,1,2022-03-25 09:02:28
1648198948423882000,178.5,2,178.0,220,178.5,87,1,2022-03-25 09:02:28
1648198948498637000,178.5,1,178.0,220,178.5,89,1,2022-03-25 09:02:28
1648198948506267000,178.5,2,178.0,220,178.5,87,1,2022-03-25 09:02:28
1648198948506858000,178.5,1,178.0,220,178.5,86,1,2022-03-25 09:02:28
1648198948557033000,178.5,1,178.0,220,178.5,85,1,2022-03-25 09:02:28
1648198948576770000,178.5,1,178.0,220,178.5,84,1,2022-03-25 09:02:28
1648198948676724000,178.5,6,178.0,220,178.5,85,1,2022-03-25 09:02:28
1648198948689871000,178.5,2,178.0,220,178.5,83,1,2022-03-25 09:02:28
1648198948696623000,178.5,1,178.0,220,178.5,82,1,2022-03-25 09:02:28
1648198948869233000,178.5,1,178.0,220,178.5,84,1,2022-03-25 09:02:28
1648198948922115000,178.5,10,178.0,220,178.5,74,1,2022-03-25 09:02:28
1648198948938942000,178.5,5,178.0,221,178.5,71,1,2022-03-25 09:02:28
1648198949112897000,178.5,1,178.0,221,178.5,91,1,2022-03-25 09:02:29
1648198949188466000,178.5,3,178.0,222,178.5,88,1,2022-03-25 09:02:29
1648198949293323000,178.0,5,178.0,217,178.5,89,2,2022-03-25 09:02:29
1648198949302521000,178.5,10,178.0,218,178.5,79,1,2022-03-25 09:02:29
1648198949441022000,178.5,1,178.0,218,178.5,78,1,2022-03-25 09:02:29
1648198949513443000,178.5,10,178.0,220,178.5,68,1,2022-03-25 09:02:29
1648198949526963000,178.0,2,178.0,218,178.5,68,2,2022-03-25 09:02:29
1648198949558646000,178.5,2,178.0,218,178.5,66,1,2022-03-25 09:02:29
1648198949568565000,178.5,1,178.0,218,178.5,65,1,2022-03-25 09:02:29
1648198949576601000,178.5,1,178.0,218,178.5,64,1,2022-03-25 09:02:29
1648198949591057000,178.5,1,178.0,220,178.5,63,1,2022-03-25 09:02:29
1648198949611285000,178.0,1,178.0,219,178.5,63,2,2022-03-25 09:02:29
1648198949661765000,178.5,1,178.0,220,178.5,63,1,2022-03-25 09:02:29
1648198949666027000,178.5,1,178.0,220,178.5,62,1,2022-03-25 09:02:29
1648198949677674000,178.5,20,178.0,221,178.5,42,1,2022-03-25 09:02:29
1648198949679723000,178.5,1,178.0,221,178.5,41,1,2022-03-25 09:02:29
1648198949705163000,178.5,1,178.0,221,178.5,40,1,2022-03-25 09:02:29
1648198949714519000,178.5,10,178.0,221,178.5,30,1,2022-03-25 09:02:29
1648198949802046000,178.5,1,178.0,225,178.5,29,1,2022-03-25 09:02:29
1648198949852612000,178.5,1,178.0,225,178.5,28,1,2022-03-25 09:02:29
1648198949899429000,178.5,10,178.0,227,178.5,19,1,2022-03-25 09:02:29
1648198949968927000,178.5,10,178.0,219,178.5,11,1,2022-03-25 09:02:29
1648198950002822000,178.5,1,178.0,222,178.5,10,1,2022-03-25 09:02:30
1648198950037788000,178.5,1,178.0,222,178.5,9,1,2022-03-25 09:02:30
1648198950064084000,178.5,2,178.0,223,178.5,7,1,2022-03-25 09:02:30
1648198950130143000,178.5,1,178.0,223,178.5,8,1,2022-03-25 09:02:30
1648198950159761000,178.5,1,178.0,223,178.5,7,1,2022-03-25 09:02:30
1648198950218361000,178.5,5,178.0,228,178.5,2,1,2022-03-25 09:02:30
1648198950278998000,178.5,6,178.5,4,179.0,287,1,2022-03-25 09:02:30
1648198950310701000,178.5,2,178.5,3,179.0,289,2,2022-03-25 09:02:30
1648198950419643000,178.5,2,178.5,2,179.0,289,2,2022-03-25 09:02:30
1648198950494184000,178.5,2,178.0,229,179.0,289,2,2022-03-25 09:02:30
1648198950526385000,179.0,1,178.5,2,179.0,290,1,2022-03-25 09:02:30
1648198950530406000,179.0,1,178.5,2,179.0,289,1,2022-03-25 09:02:30
1648198950618595000,179.0,1,178.5,4,179.0,291,1,2022-03-25 09:02:30
1648198950623946000,178.5,4,178.0,229,178.5,1,2,2022-03-25 09:02:30
1648198950683391000,178.5,1,178.0,229,179.0,289,1,2022-03-25 09:02:30
1648198950760313000,178.5,1,178.0,233,179.0,291,2,2022-03-25 09:02:30
1648198950813538000,178.5,1,178.0,233,179.0,291,2,2022-03-25 09:02:30
1648198950933051000,179.0,4,178.5,12,179.0,286,1,2022-03-25 09:02:30
1648198950967470000,179.0,1,178.5,37,179.0,287,1,2022-03-25 09:02:30
1648198950992562000,178.5,37,178.0,211,179.0,287,2,2022-03-25 09:02:30
1648198951071283000,179.0,1,178.0,211,179.0,288,1,2022-03-25 09:02:31
1648198951077046000,178.0,5,178.0,206,179.0,288,2,2022-03-25 09:02:31
1648198951124521000,178.5,1,178.0,206,179.0,288,2,2022-03-25 09:02:31
1648198951165415000,178.5,2,178.0,206,179.0,289,2,2022-03-25 09:02:31
1648198951309976000,179.0,1,178.0,206,179.0,288,1,2022-03-25 09:02:31
1648198951374167000,178.5,1,178.5,4,179.0,288,2,2022-03-25 09:02:31
1648198951394917000,178.5,5,178.0,206,179.0,290,2,2022-03-25 09:02:31
1648198951443285000,178.5,1,178.0,206,178.5,1,1,2022-03-25 09:02:31
1648198951513412000,178.5,1,178.0,207,178.5,2,1,2022-03-25 09:02:31
1648198951561470000,178.5,2,178.5,1,179.0,288,1,2022-03-25 09:02:31
1648198951599900000,178.5,1,178.5,10,179.0,288,2,2022-03-25 09:02:31
1648198951599941000,178.5,1,178.5,9,179.0,288,2,2022-03-25 09:02:31
1648198951601576000,178.5,1,178.5,8,179.0,290,2,2022-03-25 09:02:31
1648198951632421000,178.5,8,178.5,20,179.0,290,2,2022-03-25 09:02:31
1648198951701546000,179.0,1,178.5,22,179.0,289,1,2022-03-25 09:02:31
1648198951829707000,178.5,22,178.0,209,178.5,6,2,2022-03-25 09:02:31
1648198951870665000,178.5,1,178.0,210,178.5,5,1,2022-03-25 09:02:31
1648198951879628000,178.5,1,178.0,212,178.5,4,1,2022-03-25 09:02:31
1648198951898227000,178.5,2,178.0,212,178.5,2,1,2022-03-25 09:02:31
1648198951936829000,178.5,2,178.5,1,179.0,288,1,2022-03-25 09:02:31
1648198951959648000,178.5,1,178.0,223,179.0,288,2,2022-03-25 09:02:31
1648198952139357000,178.5,1,178.0,224,178.5,1,1,2022-03-25 09:02:32
1648198952278523000,178.5,1,178.5,2,179.0,288,1,2022-03-25 09:02:32
1648198952309764000,178.5,2,178.0,224,179.0,290,2,2022-03-25 09:02:32
1648198952414178000,178.5,1,178.0,225,179.0,290,2,2022-03-25 09:02:32
1648198952421572000,179.0,50,178.0,225,179.0,240,1,2022-03-25 09:02:32
1648198952457241000,178.5,1,178.0,225,179.0,240,2,2022-03-25 09:02:32
1648198952511525000,178.5,2,178.0,225,179.0,234,2,2022-03-25 09:02:32
1648198952512525000,178.5,1,178.0,225,179.0,234,2,2022-03-25 09:02:32
1648198952646587000,179.0,2,178.5,1,179.0,232,1,2022-03-25 09:02:32
1648198952681367000,178.5,1,178.5,1,179.0,234,2,2022-03-25 09:02:32
1648198952694215000,178.5,1,178.0,226,178.5,1,2,2022-03-25 09:02:32
1648198952701087000,178.5,1,178.5,4,179.0,234,1,2022-03-25 09:02:32
1648198952712092000,178.5,1,178.5,3,179.0,234,2,2022-03-25 09:02:32
1648198952732587000,178.5,3,178.0,226,179.0,234,2,2022-03-25 09:02:32
1648198952838335000,178.5,1,178.5,20,179.0,234,2,2022-03-25 09:02:32
1648198952859851000,178.5,2,178.5,18,179.0,236,2,2022-03-25 09:02:32
1648198952862117000,179.0,2,178.5,18,179.0,234,1,2022-03-25 09:02:32
1648198952893582000,179.0,1,178.5,18,179.0,233,1,2022-03-25 09:02:32
1648198952904512000,178.5,18,178.0,225,179.0,231,2,2022-03-25 09:02:32
1648198953227848000,178.5,1,178.5,37,179.0,230,2,2022-03-25 09:02:33
1648198953519935000,179.0,4,178.5,48,179.0,226,1,2022-03-25 09:02:33
1648198953549202000,178.5,1,178.5,49,179.0,226,2,2022-03-25 09:02:33
1648198953551002000,178.5,24,178.5,25,179.0,226,2,2022-03-25 09:02:33
1648198953581047000,178.5,24,178.5,1,179.0,226,2,2022-03-25 09:02:33
1648198953628434000,179.0,1,178.5,1,179.0,225,1,2022-03-25 09:02:33
1648198953672986000,179.0,3,178.5,2,179.0,222,1,2022-03-25 09:02:33
1648198953897103000,178.5,6,178.5,14,179.0,218,2,2022-03-25 09:02:33
1648198953967267000,178.5,20,178.5,4,179.0,218,2,2022-03-25 09:02:33
1648198954133536000,178.5,3,178.5,3,179.0,222,2,2022-03-25 09:02:34
1648198954199324000,179.0,3,178.5,4,179.0,219,1,2022-03-25 09:02:34
1648198954254720000,179.0,8,178.5,5,179.0,211,1,2022-03-25 09:02:34
1648198954369295000,178.5,10,178.0,232,179.0,212,2,2022-03-25 09:02:34
1648198954398766000,179.0,5,178.5,2,179.0,207,1,2022-03-25 09:02:34
1648198954422617000,179.0,5,178.5,2,179.0,202,1,2022-03-25 09:02:34
1648198954459400000,178.5,3,178.0,233,179.0,202,2,2022-03-25 09:02:34
1648198954578464000,178.0,1,178.0,232,179.0,203,2,2022-03-25 09:02:34
1648198954586168000,179.0,1,178.0,232,179.0,202,1,2022-03-25 09:02:34
1648198954858744000,178.5,2,178.0,235,179.0,205,2,2022-03-25 09:02:34
1648198955029978000,179.0,20,178.5,2,179.0,188,1,2022-03-25 09:02:35
1648198955130499000,179.0,50,178.5,4,179.0,138,1,2022-03-25 09:02:35
1648198955207845000,179.0,5,178.5,12,179.0,147,1,2022-03-25 09:02:35
1648198955236782000,178.5,2,178.5,10,179.0,147,2,2022-03-25 09:02:35
1648198955240099000,178.5,1,178.5,9,179.0,147,2,2022-03-25 09:02:35
1648198955336506000,178.5,5,178.5,10,179.0,147,2,2022-03-25 09:02:35
1648198955471614000,179.0,1,178.5,10,179.0,140,1,2022-03-25 09:02:35
1648198955571947000,178.5,1,178.5,10,179.0,140,2,2022-03-25 09:02:35
1648198955573780000,179.0,1,178.5,10,179.0,139,1,2022-03-25 09:02:35
1648198955651240000,178.5,10,178.0,233,179.0,139,2,2022-03-25 09:02:35
1648198955651240000,178.0,10,178.0,233,179.0,139,2,2022-03-25 09:02:35
1648198955764733000,178.5,1,178.5,4,179.0,147,2,2022-03-25 09:02:35
1648198955860918000,178.5,5,178.0,232,178.5,5,2,2022-03-25 09:02:35
1648198955943704000,178.5,3,178.0,231,178.5,4,1,2022-03-25 09:02:35
1648198956028790000,178.5,1,178.0,229,178.5,6,1,2022-03-25 09:02:36
1648198956044358000,178.5,2,178.0,229,178.5,4,1,2022-03-25 09:02:36
1648198956072213000,178.5,1,178.0,229,178.5,3,1,2022-03-25 09:02:36
1648198956115729000,178.5,3,178.5,7,179.0,152,1,2022-03-25 09:02:36
1648198956123758000,179.0,1,178.5,8,179.0,151,1,2022-03-25 09:02:36
1648198956129227000,179.0,1,178.5,8,179.0,150,1,2022-03-25 09:02:36
1648198956143092000,178.5,2,178.5,6,179.0,150,2,2022-03-25 09:02:36
1648198956150480000,178.5,1,178.5,5,179.0,150,2,2022-03-25 09:02:36
1648198956157856000,178.5,6,178.0,229,178.5,107,2,2022-03-25 09:02:36
1648198956195803000,178.5,1,178.0,229,178.5,106,1,2022-03-25 09:02:36
1648198956374175000,178.5,1,178.0,229,178.5,107,1,2022-03-25 09:02:36
1648198956396775000,178.5,1,178.0,229,178.5,106,1,2022-03-25 09:02:36
1648198956466031000,178.5,15,178.0,229,178.5,91,1,2022-03-25 09:02:36
1648198956498721000,178.5,2,178.0,229,178.5,89,1,2022-03-25 09:02:36
1648198956531834000,178.5,1,178.0,229,178.5,88,1,2022-03-25 09:02:36
1648198956661121000,178.5,2,178.0,229,178.5,86,1,2022-03-25 09:02:36
1648198956695170000,178.5,1,178.0,229,178.5,85,1,2022-03-25 09:02:36
1648198956702088000,178.5,1,178.0,229,178.5,85,1,2022-03-25 09:02:36
1648198956703219000,178.5,1,178.0,229,178.5,84,1,2022-03-25 09:02:36
1648198956803845000,178.5,1,178.0,229,178.5,83,1,2022-03-25 09:02:36
1648198956855605000,178.5,1,178.0,229,178.5,83,1,2022-03-25 09:02:36
1648198956861558000,178.5,12,178.0,229,178.5,71,1,2022-03-25 09:02:36
1648198956862204000,178.5,1,178.0,229,178.5,70,1,2022-03-25 09:02:36
1648198956888627000,178.5,1,178.0,229,178.5,74,1,2022-03-25 09:02:36
1648198956897289000,178.5,1,178.0,229,178.5,73,1,2022-03-25 09:02:36
1648198956928401000,178.5,1,178.0,229,178.5,72,1,2022-03-25 09:02:36
1648198956971357000,178.5,1,178.0,229,178.5,71,1,2022-03-25 09:02:36
1648198957194880000,178.5,1,178.0,230,178.5,81,1,2022-03-25 09:02:37
1648198957207826000,178.5,10,178.0,230,178.5,71,1,2022-03-25 09:02:37
1648198957262132000,178.5,1,178.0,231,178.5,70,1,2022-03-25 09:02:37
1648198957336558000,178.5,2,178.0,231,178.5,68,1,2022-03-25 09:02:37
1648198957341892000,178.5,1,178.0,231,178.5,67,1,2022-03-25 09:02:37
1648198957475771000,178.5,1,178.0,232,178.5,74,1,2022-03-25 09:02:37
1648198957543426000,178.0,5,178.0,221,178.5,74,2,2022-03-25 09:02:37
1648198957679301000,178.5,1,178.0,222,178.5,73,1,2022-03-25 09:02:37
1648198957723860000,178.5,1,178.0,222,178.5,72,1,2022-03-25 09:02:37
1648198957742961000,178.5,1,178.0,222,178.5,71,1,2022-03-25 09:02:37
1648198957753988000,178.5,1,178.0,222,178.5,70,1,2022-03-25 09:02:37
1648198957754388000,178.0,3,178.0,219,178.5,70,2,2022-03-25 09:02:37
1648198957764212000,178.5,1,178.0,219,178.5,69,1,2022-03-25 09:02:37
1648198957770866000,178.0,3,178.0,216,178.5,69,2,2022-03-25 09:02:37
1648198957814667000,178.5,1,178.0,216,178.5,68,1,2022-03-25 09:02:37
1648198957818221000,178.5,1,178.0,216,178.5,67,1,2022-03-25 09:02:37
1648198957859570000,178.5,1,178.0,217,178.5,66,1,2022-03-25 09:02:37
1648198957882748000,178.5,1,178.0,217,178.5,65,1,2022-03-25 09:02:37
1648198957888044000,178.5,1,178.0,217,178.5,64,1,2022-03-25 09:02:37
1648198957902151000,178.5,4,178.0,217,178.5,60,1,2022-03-25 09:02:37
1648198957909716000,178.5,1,178.0,217,178.5,59,1,2022-03-25 09:02:37
1648198957934697000,178.5,1,178.0,217,178.5,58,1,2022-03-25 09:02:37
1648198957951686000,178.5,2,178.0,217,178.5,56,1,2022-03-25 09:02:37
1648198958005093000,178.5,10,178.0,217,178.5,48,1,2022-03-25 09:02:38
1648198958007578000,178.5,1,178.0,217,178.5,47,1,2022-03-25 09:02:38
1648198958072721000,178.5,2,178.0,218,178.5,45,1,2022-03-25 09:02:38
1648198958165240000,178.5,2,178.0,218,178.5,47,1,2022-03-25 09:02:38
1648198958249800000,178.5,1,178.0,218,178.5,46,1,2022-03-25 09:02:38
1648198958273915000,178.5,1,178.0,218,178.5,43,1,2022-03-25 09:02:38
1648198958323812000,178.5,2,178.0,218,178.5,41,1,2022-03-25 09:02:38
1648198958393840000,178.5,10,178.0,218,178.5,31,1,2022-03-25 09:02:38
1648198958411143000,178.5,1,178.0,220,178.5,30,1,2022-03-25 09:02:38
1648198958548927000,178.5,4,178.0,220,178.5,30,1,2022-03-25 09:02:38
1648198958574216000,178.5,1,178.0,220,178.5,29,1,2022-03-25 09:02:38
1648198958622173000,178.5,1,178.0,221,178.5,28,1,2022-03-25 09:02:38
1648198958626467000,178.5,1,178.0,221,178.5,27,1,2022-03-25 09:02:38
1648198958852854000,178.5,3,178.0,218,178.5,34,1,2022-03-25 09:02:38
1648198958901971000,178.5,2,178.0,218,178.5,32,1,2022-03-25 09:02:38
1648198958902575000,178.5,1,178.0,218,178.5,31,1,2022-03-25 09:02:38
1648198958927797000,178.5,1,178.0,218,178.5,30,1,2022-03-25 09:02:38
1648198958942319000,178.5,1,178.0,218,178.5,29,1,2022-03-25 09:02:38
1648198958959114000,178.5,1,178.0,218,178.5,28,1,2022-03-25 09:02:38
1648198958977707000,178.5,1,178.0,219,178.5,27,1,2022-03-25 09:02:38
1648198958985757000,178.5,1,178.0,219,178.5,26,1,2022-03-25 09:02:38
1648198958993617000,178.5,1,178.0,219,178.5,25,1,2022-03-25 09:02:38
1648198959062304000,178.5,1,178.0,219,178.5,24,1,2022-03-25 09:02:39
1648198959150940000,178.5,5,178.0,221,178.5,30,1,2022-03-25 09:02:39
1648198959158063000,178.5,1,178.0,221,178.5,29,1,2022-03-25 09:02:39
1648198959163955000,178.5,1,178.0,221,178.5,28,1,2022-03-25 09:02:39
1648198959207357000,178.5,2,178.0,219,178.5,26,1,2022-03-25 09:02:39
1648198959210545000,178.5,1,178.0,219,178.5,25,1,2022-03-25 09:02:39
1648198959239140000,178.5,1,178.0,219,178.5,84,1,2022-03-25 09:02:39
1648198959281683000,178.5,1,178.0,219,178.5,83,1,2022-03-25 09:02:39
1648198959293951000,178.5,1,178.0,221,178.5,82,1,2022-03-25 09:02:39
1648198959381311000,178.5,2,178.0,223,178.5,80,1,2022-03-25 09:02:39
1648198959398130000,178.5,1,178.0,223,178.5,79,1,2022-03-25 09:02:39
1648198959414470000,178.5,3,178.0,223,178.5,76,1,2022-03-25 09:02:39
1648198959433931000,178.5,1,178.0,223,178.5,75,1,2022-03-25 09:02:39
1648198959443422000,178.5,1,178.0,223,178.5,74,1,2022-03-25 09:02:39
1648198959475399000,178.5,1,178.0,223,178.5,81,1,2022-03-25 09:02:39
1648198959484025000,178.5,1,178.0,223,178.5,80,1,2022-03-25 09:02:39
1648198959501170000,178.5,1,178.0,223,178.5,79,1,2022-03-25 09:02:39
1648198959525380000,178.5,1,178.0,223,178.5,78,1,2022-03-25 09:02:39
1648198959558672000,178.5,1,178.0,223,178.5,78,1,2022-03-25 09:02:39
1648198959601586000,178.5,1,178.0,223,178.5,78,1,2022-03-25 09:02:39
1648198959639308000,178.5,2,178.0,223,178.5,76,1,2022-03-25 09:02:39
1648198959651005000,178.5,1,178.0,223,178.5,75,1,2022-03-25 09:02:39
1648198959703808000,178.5,1,178.0,223,178.5,74,1,2022-03-25 09:02:39
1648198959712516000,178.5,1,178.0,223,178.5,73,1,2022-03-25 09:02:39
1648198959728082000,178.5,1,178.0,223,178.5,73,1,2022-03-25 09:02:39
1648198959756992000,178.5,1,178.0,223,178.5,72,1,2022-03-25 09:02:39
1648198959881069000,178.0,2,178.0,222,178.5,72,2,2022-03-25 09:02:39
1648198959902743000,178.5,10,178.0,222,178.5,62,1,2022-03-25 09:02:39
1648198959932864000,178.5,1,178.0,223,178.5,61,1,2022-03-25 09:02:39
1648198959985222000,178.5,10,178.0,225,178.5,51,1,2022-03-25 09:02:39
1648198960070967000,178.5,1,178.0,237,178.5,55,1,2022-03-25 09:02:40
1648198960163630000,178.5,1,178.0,237,178.5,54,1,2022-03-25 09:02:40
1648198960225598000,178.5,1,178.0,237,178.5,53,1,2022-03-25 09:02:40
1648198960295721000,178.5,1,178.0,259,178.5,52,1,2022-03-25 09:02:40
1648198960307649000,178.5,10,178.0,259,178.5,42,1,2022-03-25 09:02:40
1648198960341023000,178.5,1,178.0,259,178.5,61,1,2022-03-25 09:02:40
1648198960385212000,178.5,10,178.0,260,178.5,51,1,2022-03-25 09:02:40
1648198960408338000,178.5,1,178.0,260,178.5,50,1,2022-03-25 09:02:40
1648198960425080000,178.5,5,178.0,260,178.5,45,1,2022-03-25 09:02:40
1648198960500108000,178.5,1,178.0,261,178.5,44,1,2022-03-25 09:02:40
1648198960538941000,178.5,1,178.0,261,178.5,46,1,2022-03-25 09:02:40
1648198960551407000,178.5,1,178.0,261,178.5,45,1,2022-03-25 09:02:40
1648198960590677000,178.5,3,178.0,262,178.5,52,1,2022-03-25 09:02:40
1648198960645586000,178.5,1,178.0,262,178.5,51,1,2022-03-25 09:02:40
1648198960666457000,178.5,5,178.0,264,178.5,46,1,2022-03-25 09:02:40
1648198960689425000,178.5,3,178.0,264,178.5,43,1,2022-03-25 09:02:40
1648198960692344000,178.5,1,178.0,264,178.5,42,1,2022-03-25 09:02:40
1648198960711472000,178.5,5,178.0,264,178.5,37,1,2022-03-25 09:02:40
1648198960729619000,178.5,1,178.0,264,178.5,42,1,2022-03-25 09:02:40
1648198960738881000,178.5,1,178.0,264,178.5,41,1,2022-03-25 09:02:40
1648198960763863000,178.0,1,178.0,263,178.5,41,2,2022-03-25 09:02:40
1648198960802648000,178.5,1,178.0,263,178.5,41,1,2022-03-25 09:02:40
1648198960811788000,178.5,1,178.0,263,178.5,45,1,2022-03-25 09:02:40
1648198960877850000,178.5,2,178.0,264,178.5,43,1,2022-03-25 09:02:40
1648198960888757000,178.5,3,178.0,264,178.5,40,1,2022-03-25 09:02:40
1648198961003132000,178.5,5,178.0,263,178.5,35,1,2022-03-25 09:02:41
1648198961017241000,178.5,20,178.0,263,178.5,15,1,2022-03-25 09:02:41
1648198961029427000,178.5,1,178.0,263,178.5,14,1,2022-03-25 09:02:41
1648198961034258000,178.5,1,178.0,263,178.5,13,1,2022-03-25 09:02:41
1648198961150502000,178.5,1,178.0,264,178.5,23,1,2022-03-25 09:02:41
1648198961241389000,178.5,1,178.0,265,178.5,22,1,2022-03-25 09:02:41
1648198961263463000,178.5,1,178.0,265,178.5,21,1,2022-03-25 09:02:41
1648198961276395000,178.5,1,178.0,265,178.5,20,1,2022-03-25 09:02:41
1648198961281770000,178.5,20,178.0,265,179.0,158,1,2022-03-25 09:02:41
1648198961426391000,178.5,1,178.0,270,178.5,1,1,2022-03-25 09:02:41
1648198961447655000,178.5,1,178.5,19,179.0,160,1,2022-03-25 09:02:41
1648198961482382000,178.5,8,178.5,13,179.0,162,2,2022-03-25 09:02:41
1648198961512366000,178.5,13,178.0,273,179.0,162,2,2022-03-25 09:02:41
1648198961543841000,179.0,3,178.5,1,179.0,164,1,2022-03-25 09:02:41
1648198961583824000,179.0,2,178.5,2,179.0,160,1,2022-03-25 09:02:41
1648198961667750000,178.5,1,178.5,3,179.0,162,2,2022-03-25 09:02:41
1648198961672120000,178.5,3,178.0,274,178.5,5,2,2022-03-25 09:02:41
1648198961747802000,178.5,1,178.0,277,178.5,4,1,2022-03-25 09:02:41
1648198961749682000,178.5,1,178.0,277,178.5,3,1,2022-03-25 09:02:41
1648198961869235000,178.5,3,178.0,278,178.5,22,1,2022-03-25 09:02:41
1648198961901640000,178.5,1,178.0,278,178.5,22,1,2022-03-25 09:02:41
1648198961907497000,178.5,1,178.0,278,178.5,29,1,2022-03-25 09:02:41
1648198961946767000,178.5,1,178.0,278,178.5,28,1,2022-03-25 09:02:41
1648198961953844000,178.5,1,178.0,278,178.5,27,1,2022-03-25 09:02:41
1648198962044268000,178.5,1,178.0,278,178.5,26,1,2022-03-25 09:02:42
1648198962053267000,178.5,1,178.0,278,178.5,25,1,2022-03-25 09:02:42
1648198962055732000,178.5,1,178.0,278,178.5,24,1,2022-03-25 09:02:42
1648198962084551000,178.5,1,178.0,278,178.5,23,1,2022-03-25 09:02:42
1648198962158251000,178.5,1,178.0,280,178.5,24,1,2022-03-25 09:02:42
1648198962164376000,178.5,1,178.0,280,178.5,23,1,2022-03-25 09:02:42
1648198962170629000,178.5,2,178.0,280,178.5,21,1,2022-03-25 09:02:42
1648198962188643000,178.5,1,178.0,280,178.5,20,1,2022-03-25 09:02:42
1648198962228059000,178.5,1,178.0,280,178.5,19,1,2022-03-25 09:02:42
1648198962297572000,178.5,1,178.0,280,178.5,18,1,2022-03-25 09:02:42
1648198962303586000,178.5,1,178.0,280,178.5,17,1,2022-03-25 09:02:42
1648198962326501000,178.5,1,178.0,280,178.5,16,1,2022-03-25 09:02:42
1648198962345936000,178.5,1,178.0,280,178.5,15,1,2022-03-25 09:02:42
1648198962350334000,178.5,1,178.0,280,178.5,14,1,2022-03-25 09:02:42
1648198962359805000,178.5,1,178.0,280,178.5,13,1,2022-03-25 09:02:42
1648198962423926000,178.5,1,178.0,280,178.5,12,1,2022-03-25 09:02:42
1648198962488351000,178.5,1,178.0,280,178.5,12,1,2022-03-25 09:02:42
1648198962513873000,178.5,2,178.0,281,178.5,10,1,2022-03-25 09:02:42
1648198962543045000,178.5,1,178.0,281,178.5,9,1,2022-03-25 09:02:42
1648198962595729000,178.5,1,178.0,281,178.5,8,1,2022-03-25 09:02:42
1648198962602453000,178.5,1,178.0,281,178.5,7,1,2022-03-25 09:02:42
1648198962647172000,178.5,1,178.0,282,178.5,6,1,2022-03-25 09:02:42
1648198962790729000,178.5,3,178.0,284,178.5,3,1,2022-03-25 09:02:42
1648198962806569000,178.5,1,178.0,284,178.5,2,1,2022-03-25 09:02:42
1648198962810891000,178.5,1,178.0,284,178.5,1,1,2022-03-25 09:02:42
1648198962814324000,178.0,2,178.0,282,178.5,1,2,2022-03-25 09:02:42
1648198962928936000,178.5,1,178.0,282,179.0,164,1,2022-03-25 09:02:42
1648198962958674000,179.0,2,178.0,282,179.0,162,1,2022-03-25 09:02:42
1648198963002681000,178.5,2,178.5,1,179.0,164,2,2022-03-25 09:02:43
1648198963045485000,179.0,1,178.5,1,179.0,167,1,2022-03-25 09:02:43
1648198963077596000,179.0,6,178.5,3,179.0,161,1,2022-03-25 09:02:43
1648198963165777000,178.5,1,178.5,2,179.0,161,2,2022-03-25 09:02:43
1648198963208524000,178.5,1,178.5,4,179.0,166,2,2022-03-25 09:02:43
1648198963250637000,178.5,2,178.5,3,179.0,166,2,2022-03-25 09:02:43
1648198963315621000,178.5,2,178.5,4,179.0,166,2,2022-03-25 09:02:43
1648198963324210000,178.5,4,178.0,284,179.0,167,2,2022-03-25 09:02:43
1648198963324210000,178.0,1,178.0,284,179.0,167,2,2022-03-25 09:02:43
1648198963375131000,178.5,2,178.5,1,179.0,167,2,2022-03-25 09:02:43
1648198963482361000,178.5,1,178.5,55,179.0,167,2,2022-03-25 09:02:43
1648198963668043000,179.0,5,178.5,63,179.0,162,1,2022-03-25 09:02:43
1648198963680361000,178.5,1,178.5,64,179.0,162,2,2022-03-25 09:02:43
1648198963726598000,179.0,1,178.5,66,179.0,161,1,2022-03-25 09:02:43
1648198963913936000,178.5,1,178.5,68,179.0,159,2,2022-03-25 09:02:43
1648198964059844000,178.5,16,178.5,55,179.0,159,2,2022-03-25 09:02:44
1648198964060268000,178.5,1,178.5,54,179.0,159,2,2022-03-25 09:02:44
1648198964116039000,178.5,2,178.5,52,179.0,159,2,2022-03-25 09:02:44
1648198964355245000,179.0,1,178.5,54,179.0,158,1,2022-03-25 09:02:44
1648198964376400000,178.5,8,178.5,46,179.0,154,2,2022-03-25 09:02:44
1648198964389778000,179.0,1,178.5,46,179.0,153,1,2022-03-25 09:02:44
1648198964585994000,179.0,1,178.5,49,179.0,146,1,2022-03-25 09:02:44
1648198964592648000,178.5,1,178.5,48,179.0,146,2,2022-03-25 09:02:44
1648198964806455000,179.0,1,178.5,51,179.0,146,1,2022-03-25 09:02:44
1648198964944757000,178.5,2,178.5,54,179.0,146,2,2022-03-25 09:02:44
1648198964989782000,178.5,1,178.5,53,179.0,147,2,2022-03-25 09:02:44
1648198965181558000,178.5,1,178.5,58,179.0,147,2,2022-03-25 09:02:45
1648198965287633000,179.0,1,178.5,61,179.0,146,1,2022-03-25 09:02:45
1648198965368330000,178.5,1,178.5,65,179.0,146,2,2022-03-25 09:02:45
1648198965718271000,178.5,1,178.5,68,179.0,146,2,2022-03-25 09:02:45
1648198965830614000,179.0,1,178.5,69,179.0,146,1,2022-03-25 09:02:45
1648198965871799000,179.0,1,178.5,69,179.0,145,1,2022-03-25 09:02:45
1648198966005531000,178.5,40,178.5,29,179.0,145,2,2022-03-25 09:02:46
1648198966039666000,178.5,2,178.5,28,179.0,149,2,2022-03-25 09:02:46
1648198966152375000,178.5,2,178.5,27,179.0,153,2,2022-03-25 09:02:46
1648198966185926000,179.0,5,178.5,27,179.0,150,1,2022-03-25 09:02:46
1648198966228781000,178.5,1,178.5,26,179.0,146,2,2022-03-25 09:02:46
1648198966546893000,178.5,32,178.0,304,178.5,18,2,2022-03-25 09:02:46
1648198966635629000,178.5,10,178.0,304,178.5,8,1,2022-03-25 09:02:46
1648198966667524000,178.5,5,178.0,304,178.5,3,1,2022-03-25 09:02:46
1648198966714277000,178.5,1,178.0,304,178.5,2,1,2022-03-25 09:02:46
1648198966727281000,178.5,1,178.0,304,178.5,1,1,2022-03-25 09:02:46
1648198966746376000,178.5,1,178.0,304,179.0,146,1,2022-03-25 09:02:46
1648198966893679000,179.0,1,178.5,2,179.0,165,1,2022-03-25 09:02:46
1648198967085932000,178.5,2,178.5,2,179.0,166,2,2022-03-25 09:02:47
1648198967273031000,179.0,1,178.5,8,179.0,175,1,2022-03-25 09:02:47
1648198967397415000,179.0,1,178.5,12,179.0,174,1,2022-03-25 09:02:47
1648198967462254000,178.5,4,178.5,8,179.0,174,2,2022-03-25 09:02:47
1648198967608694000,178.5,2,178.5,12,179.0,176,2,2022-03-25 09:02:47
1648198967616859000,178.5,1,178.5,11,179.0,176,2,2022-03-25 09:02:47
1648198967628241000,179.0,4,178.5,11,179.0,172,1,2022-03-25 09:02:47
1648198967745883000,178.5,22,178.0,314,179.0,170,2,2022-03-25 09:02:47
1648198967810804000,179.0,1,178.5,1,179.0,173,1,2022-03-25 09:02:47
1648198967842463000,179.0,2,178.5,1,179.0,169,1,2022-03-25 09:02:47
1648198968035850000,178.5,10,178.0,316,178.5,190,2,2022-03-25 09:02:48
1648198968082255000,178.5,2,178.0,316,178.5,188,1,2022-03-25 09:02:48
1648198968086703000,178.5,4,178.0,316,178.5,184,1,2022-03-25 09:02:48
1648198968128101000,178.5,1,178.0,316,178.5,183,1,2022-03-25 09:02:48
1648198968197336000,178.5,1,178.0,316,178.5,183,1,2022-03-25 09:02:48
1648198968235365000,178.5,1,178.0,316,178.5,182,1,2022-03-25 09:02:48
1648198968246348000,178.5,100,178.0,316,178.5,82,1,2022-03-25 09:02:48
1648198968247072000,178.5,2,178.0,316,178.5,80,1,2022-03-25 09:02:48
1648198968395334000,178.5,1,178.0,316,178.5,79,1,2022-03-25 09:02:48
1648198968411290000,178.5,1,178.0,316,178.5,78,1,2022-03-25 09:02:48
1648198968456890000,178.5,1,178.0,316,178.5,77,1,2022-03-25 09:02:48
1648198968598205000,178.5,1,178.0,316,178.5,77,1,2022-03-25 09:02:48
1648198968666364000,178.5,3,178.0,316,178.5,79,1,2022-03-25 09:02:48
1648198968672980000,178.5,1,178.0,316,178.5,78,1,2022-03-25 09:02:48
1648198968709269000,178.5,1,178.0,316,178.5,77,1,2022-03-25 09:02:48
1648198968902722000,178.5,1,178.0,316,178.5,79,1,2022-03-25 09:02:48
1648198968914922000,178.5,1,178.0,316,178.5,78,1,2022-03-25 09:02:48
1648198968915341000,178.5,1,178.0,316,178.5,77,1,2022-03-25 09:02:48
1648198968998416000,178.0,40,178.0,276,178.5,97,2,2022-03-25 09:02:48
1648198969037327000,178.5,1,178.0,276,178.5,104,1,2022-03-25 09:02:49
1648198969054068000,178.5,1,178.0,276,178.5,103,1,2022-03-25 09:02:49
1648198969197672000,178.5,20,178.0,276,178.5,84,1,2022-03-25 09:02:49
1648198969231799000,178.5,3,178.0,276,178.5,81,1,2022-03-25 09:02:49
1648198969234964000,178.5,1,178.0,276,178.5,80,1,2022-03-25 09:02:49
1648198969298500000,178.5,1,178.0,277,178.5,79,1,2022-03-25 09:02:49
1648198969315622000,178.5,1,178.0,277,178.5,78,1,2022-03-25 09:02:49
1648198969348763000,178.5,1,178.0,277,178.5,77,1,2022-03-25 09:02:49
1648198969434452000,178.5,1,178.0,277,178.5,76,1,2022-03-25 09:02:49
1648198969458390000,178.5,1,178.0,276,178.5,95,1,2022-03-25 09:02:49
1648198969460902000,178.5,4,178.0,276,178.5,91,1,2022-03-25 09:02:49
1648198969571805000,178.5,1,178.0,414,178.5,90,1,2022-03-25 09:02:49
1648198969588192000,178.5,1,178.0,414,178.5,89,1,2022-03-25 09:02:49
1648198969631743000,178.5,1,178.0,414,178.5,88,1,2022-03-25 09:02:49
1648198969668554000,178.5,1,178.0,414,178.5,87,1,2022-03-25 09:02:49
1648198969749529000,178.5,7,178.0,412,178.5,80,1,2022-03-25 09:02:49
1648198969848022000,178.5,15,178.0,412,178.5,65,1,2022-03-25 09:02:49
1648198969893996000,178.5,1,178.0,412,178.5,66,1,2022-03-25 09:02:49
1648198969941695000,178.5,1,178.0,412,178.5,65,1,2022-03-25 09:02:49
1648198969998005000,178.5,2,178.0,412,178.5,63,1,2022-03-25 09:02:49
1648198970017435000,178.5,1,178.0,412,178.5,62,1,2022-03-25 09:02:50
1648198970119672000,178.0,1,178.0,412,178.5,58,2,2022-03-25 09:02:50
1648198970159211000,178.5,1,178.0,412,178.5,57,1,2022-03-25 09:02:50
1648198970176186000,178.5,1,178.0,412,178.5,56,1,2022-03-25 09:02:50
1648198970208558000,178.5,1,178.0,412,178.5,55,1,2022-03-25 09:02:50
1648198970236700000,178.5,5,178.0,412,178.5,50,1,2022-03-25 09:02:50
1648198970340579000,178.5,1,178.0,412,178.5,49,1,2022-03-25 09:02:50
1648198970404799000,178.5,1,178.0,413,178.5,48,1,2022-03-25 09:02:50
1648198970408737000,178.5,5,178.0,413,178.5,43,1,2022-03-25 09:02:50
1648198970491023000,178.5,1,178.0,413,178.5,42,1,2022-03-25 09:02:50
1648198970497133000,178.5,1,178.0,413,178.5,41,1,2022-03-25 09:02:50
1648198970526404000,178.0,1,178.0,412,178.5,41,2,2022-03-25 09:02:50
1648198970532018000,178.5,1,178.0,412,178.5,40,1,2022-03-25 09:02:50
1648198970618169000,178.5,1,178.0,412,178.5,41,1,2022-03-25 09:02:50
1648198970707764000,178.5,1,178.0,414,178.5,40,1,2022-03-25 09:02:50
1648198970736768000,178.5,5,178.0,414,178.5,35,1,2022-03-25 09:02:50
1648198970886194000,178.5,1,178.0,414,178.5,37,1,2022-03-25 09:02:50
1648198971035210000,178.5,6,178.0,414,178.5,35,1,2022-03-25 09:02:51
1648198971091686000,178.5,1,178.0,415,178.5,34,1,2022-03-25 09:02:51
1648198971111058000,178.5,1,178.0,415,178.5,35,1,2022-03-25 09:02:51
1648198971169428000,178.5,2,178.0,415,178.5,33,1,2022-03-25 09:02:51
1648198971246292000,178.5,1,178.0,416,178.5,33,1,2022-03-25 09:02:51
1648198971289143000,178.5,2,178.0,417,178.5,31,1,2022-03-25 09:02:51
1648198971388909000,178.5,2,178.0,417,178.5,29,1,2022-03-25 09:02:51
1648198971487711000,178.5,1,178.0,417,178.5,28,1,2022-03-25 09:02:51
1648198971509246000,178.5,1,178.0,417,178.5,27,1,2022-03-25 09:02:51
1648198971548362000,178.5,1,178.0,417,178.5,27,1,2022-03-25 09:02:51
1648198971566604000,178.5,1,178.0,417,178.5,36,1,2022-03-25 09:02:51
1648198971591994000,178.5,1,178.0,417,178.5,35,1,2022-03-25 09:02:51
1648198971645089000,178.5,1,178.0,417,178.5,35,1,2022-03-25 09:02:51
1648198971655936000,178.5,1,178.0,417,178.5,34,1,2022-03-25 09:02:51
1648198971776575000,178.5,1,178.0,417,178.5,33,1,2022-03-25 09:02:51
1648198971844230000,178.5,1,178.0,418,178.5,32,1,2022-03-25 09:02:51
1648198971889812000,178.5,1,178.0,418,178.5,31,1,2022-03-25 09:02:51
1648198971908430000,178.5,10,178.0,418,178.5,21,1,2022-03-25 09:02:51
1648198971936541000,178.5,20,178.0,418,178.5,2,1,2022-03-25 09:02:51
1648198971938069000,178.5,2,178.5,8,179.0,192,1,2022-03-25 09:02:51
1648198971966172000,178.5,8,178.5,11,179.0,192,2,2022-03-25 09:02:51
1648198971967061000,178.5,4,178.5,7,179.0,192,2,2022-03-25 09:02:51
1648198971995534000,179.0,1,178.5,17,179.0,193,1,2022-03-25 09:02:51
1648198971996612000,178.5,7,178.5,10,179.0,193,2,2022-03-25 09:02:51
1648198972060225000,178.5,10,178.0,419,179.0,197,2,2022-03-25 09:02:52
1648198972098979000,178.5,1,178.0,419,178.5,3,1,2022-03-25 09:02:52
1648198972256648000,178.5,3,178.5,2,179.0,195,1,2022-03-25 09:02:52
1648198972289482000,178.5,2,178.5,1,179.0,195,2,2022-03-25 09:02:52
1648198972309660000,178.5,1,178.0,420,179.0,197,2,2022-03-25 09:02:52
1648198972411648000,178.5,1,178.0,421,179.0,195,1,2022-03-25 09:02:52
1648198972462671000,179.0,1,178.5,1,179.0,194,1,2022-03-25 09:02:52
1648198972467292000,178.5,1,178.0,282,179.0,194,2,2022-03-25 09:02:52
1648198972486406000,178.5,1,178.0,282,179.0,196,2,2022-03-25 09:02:52
1648198972602458000,178.5,4,178.5,1,179.0,196,2,2022-03-25 09:02:52
1648198972603037000,178.5,1,178.0,286,179.0,196,2,2022-03-25 09:02:52
1648198972612703000,178.5,1,178.0,286,179.0,196,2,2022-03-25 09:02:52
1648198972843443000,178.5,1,178.0,286,178.5,10,1,2022-03-25 09:02:52
1648198972862700000,178.5,1,178.0,286,178.5,9,1,2022-03-25 09:02:52
1648198972898890000,178.5,1,178.0,286,178.5,8,1,2022-03-25 09:02:52
1648198972932239000,178.5,5,178.0,286,178.5,3,1,2022-03-25 09:02:52
1648198972967851000,178.5,1,178.0,286,178.5,2,1,2022-03-25 09:02:52
1648198973003831000,178.5,1,178.0,286,178.5,4,1,2022-03-25 09:02:53
1648198973040526000,178.5,1,178.0,286,178.5,3,1,2022-03-25 09:02:53
1648198973247786000,178.5,1,178.0,290,178.5,12,1,2022-03-25 09:02:53
1648198973301003000,178.5,1,178.0,290,178.5,11,1,2022-03-25 09:02:53
1648198973319297000,178.5,1,178.0,290,178.5,10,1,2022-03-25 09:02:53
1648198973471181000,178.5,3,178.0,292,178.5,11,1,2022-03-25 09:02:53
1648198973482435000,178.5,1,178.0,292,178.5,10,1,2022-03-25 09:02:53
1648198973526425000,178.5,1,178.0,292,178.5,9,1,2022-03-25 09:02:53
1648198973596781000,178.5,1,178.0,295,178.5,18,1,2022-03-25 09:02:53
1648198973654586000,178.5,2,178.0,295,178.5,16,1,2022-03-25 09:02:53
1648198973724860000,178.5,1,178.0,295,178.5,15,1,2022-03-25 09:02:53
1648198973735652000,178.5,1,178.0,295,178.5,14,1,2022-03-25 09:02:53
1648198973772885000,178.0,5,178.0,290,178.5,14,2,2022-03-25 09:02:53
1648198973795190000,178.5,1,178.0,290,178.5,13,1,2022-03-25 09:02:53
1648198973800128000,178.5,2,178.0,290,178.5,11,1,2022-03-25 09:02:53
1648198973806842000,178.5,1,178.0,292,178.5,12,1,2022-03-25 09:02:53
1648198973844089000,178.5,3,178.0,292,178.5,9,1,2022-03-25 09:02:53
1648198973866942000,178.5,1,178.0,292,178.5,8,1,2022-03-25 09:02:53
1648198973885028000,178.5,1,178.0,292,178.5,7,1,2022-03-25 09:02:53
1648198973903956000,178.5,1,178.0,292,178.5,16,1,2022-03-25 09:02:53
1648198973932536000,178.5,1,178.0,293,178.5,15,1,2022-03-25 09:02:53
1648198973982227000,178.5,1,178.0,293,178.5,14,1,2022-03-25 09:02:53
1648198973987735000,178.5,1,178.0,293,178.5,13,1,2022-03-25 09:02:53
1648198974011667000,178.5,1,178.0,293,178.5,12,1,2022-03-25 09:02:54
1648198974050660000,178.5,2,178.0,294,178.5,10,1,2022-03-25 09:02:54
1648198974058765000,178.5,2,178.0,294,178.5,8,1,2022-03-25 09:02:54
1648198974086891000,178.5,2,178.0,294,178.5,6,1,2022-03-25 09:02:54
1648198974163322000,178.5,1,178.0,295,178.5,5,1,2022-03-25 09:02:54
1648198974187958000,178.0,4,178.0,291,178.5,5,2,2022-03-25 09:02:54
1648198974240244000,178.5,5,178.5,5,179.0,199,1,2022-03-25 09:02:54
1648198974270069000,178.5,5,178.5,1,179.0,199,2,2022-03-25 09:02:54
1648198974271263000,178.5,1,178.0,293,178.5,1,2,2022-03-25 09:02:54
1648198974288077000,178.5,1,178.0,293,179.0,201,1,2022-03-25 09:02:54
1648198974301243000,178.5,1,178.0,293,179.0,201,2,2022-03-25 09:02:54
1648198974473154000,178.5,1,178.0,293,178.5,2,1,2022-03-25 09:02:54
1648198974584007000,178.5,1,178.0,375,178.5,1,1,2022-03-25 09:02:54
1648198974611653000,178.5,1,178.0,375,179.0,201,1,2022-03-25 09:02:54
1648198974644246000,179.0,2,178.5,10,179.0,199,1,2022-03-25 09:02:54
1648198974647416000,179.0,1,178.5,10,179.0,198,1,2022-03-25 09:02:54
1648198974655039000,179.0,1,178.5,10,179.0,197,1,2022-03-25 09:02:54
1648198974661004000,178.5,4,178.5,6,179.0,197,2,2022-03-25 09:02:54
1648198974667015000,178.5,1,178.5,5,179.0,199,2,2022-03-25 09:02:54
1648198974690218000,178.5,3,178.5,2,179.0,199,2,2022-03-25 09:02:54
1648198974788420000,179.0,1,178.5,8,179.0,198,1,2022-03-25 09:02:54
1648198974992788000,178.5,1,178.5,9,179.0,198,2,2022-03-25 09:02:54
1648198975084755000,179.0,1,178.5,10,179.0,201,1,2022-03-25 09:02:55
1648198975133730000,178.5,5,178.5,6,179.0,201,2,2022-03-25 09:02:55
1648198975279863000,178.5,2,178.5,5,179.0,197,2,2022-03-25 09:02:55
1648198975387087000,178.5,2,178.5,6,179.0,197,2,2022-03-25 09:02:55
1648198975553866000,179.0,1,178.5,30,179.0,197,1,2022-03-25 09:02:55
1648198975676822000,178.5,1,178.5,30,179.0,197,2,2022-03-25 09:02:55
1648198976233123000,178.5,1,178.5,80,179.0,198,2,2022-03-25 09:02:56
1648198976250848000,179.0,1,178.5,81,179.0,197,1,2022-03-25 09:02:56
1648198976279322000,179.0,1,178.5,81,179.0,194,1,2022-03-25 09:02:56
1648198976358770000,178.5,5,178.5,77,179.0,192,2,2022-03-25 09:02:56
1648198976377328000,178.5,1,178.5,76,179.0,192,2,2022-03-25 09:02:56
1648198976447864000,179.0,20,178.5,76,179.0,168,1,2022-03-25 09:02:56
1648198976597588000,179.0,1,178.5,76,179.0,167,1,2022-03-25 09:02:56
1648198977096828000,179.0,1,178.5,85,179.0,166,1,2022-03-25 09:02:57
1648198977603889000,178.5,1,178.5,89,179.0,166,2,2022-03-25 09:02:57
1648198977714975000,178.5,1,178.5,93,179.0,165,2,2022-03-25 09:02:57
1648198978144242000,178.5,3,178.5,95,179.0,169,2,2022-03-25 09:02:58
1648198978184820000,179.0,1,178.5,95,179.0,168,1,2022-03-25 09:02:58
1648198978292572000,179.0,1,178.5,97,179.0,167,1,2022-03-25 09:02:58
1648198978422799000,179.0,15,178.5,97,179.0,152,1,2022-03-25 09:02:58
1648198978590680000,179.0,1,178.5,97,179.0,147,1,2022-03-25 09:02:58
1648198978754429000,178.5,2,178.5,96,179.0,147,2,2022-03-25 09:02:58
1648198978936939000,178.5,1,178.5,97,179.0,141,2,2022-03-25 09:02:58
1648198979092358000,179.0,1,178.5,98,179.0,140,1,2022-03-25 09:02:59
1648198979163552000,179.0,1,178.5,99,179.0,139,1,2022-03-25 09:02:59
1648198979208504000,178.5,2,178.5,101,179.0,139,2,2022-03-25 09:02:59
1648198979352775000,179.0,1,178.5,101,179.0,138,1,2022-03-25 09:02:59
1648198979435623000,179.0,5,178.5,103,179.0,133,1,2022-03-25 09:02:59
1648198979449686000,179.0,10,178.5,103,179.0,123,1,2022-03-25 09:02:59
1648198979656918000,179.0,1,178.5,183,179.0,122,1,2022-03-25 09:02:59
1648198979724168000,179.0,1,178.5,184,179.0,121,1,2022-03-25 09:02:59
1648198979792513000,179.0,1,178.5,184,179.0,120,1,2022-03-25 09:02:59
1648198980148809000,179.0,1,178.5,191,179.0,122,1,2022-03-25 09:03:00
1648198980226199000,179.0,1,178.5,191,179.0,121,1,2022-03-25 09:03:00
1648198980334038000,179.0,1,178.5,198,179.0,120,1,2022-03-25 09:03:00
1648198980442651000,178.5,1,178.5,198,179.0,120,2,2022-03-25 09:03:00
1648198980443140000,179.0,1,178.5,198,179.0,119,1,2022-03-25 09:03:00
1648198980459718000,179.0,3,178.5,198,179.0,116,1,2022-03-25 09:03:00
1648198980472114000,179.0,5,178.5,198,179.0,111,1,2022-03-25 09:03:00
1648198980526197000,179.0,1,178.5,198,179.0,110,1,2022-03-25 09:03:00
1648198980531046000,179.0,3,178.5,198,179.0,107,1,2022-03-25 09:03:00
1648198980571639000,179.0,1,178.5,198,179.0,106,1,2022-03-25 09:03:00
1648198980773511000,178.5,1,178.5,199,179.0,106,2,2022-03-25 09:03:00
1648198980779394000,179.0,2,178.5,199,179.0,104,1,2022-03-25 09:03:00
1648198980871544000,179.0,3,178.5,199,179.0,101,1,2022-03-25 09:03:00
1648198980898336000,179.0,1,178.5,201,179.0,100,1,2022-03-25 09:03:00
1648198980910368000,178.5,15,178.5,186,179.0,100,2,2022-03-25 09:03:00
1648198980991434000,179.0,2,178.5,111,179.0,98,1,2022-03-25 09:03:00
1648198981047005000,179.0,3,178.5,111,179.0,99,1,2022-03-25 09:03:01
1648198981064929000,179.0,1,178.5,111,179.0,98,1,2022-03-25 09:03:01
1648198981172658000,179.0,1,178.5,113,179.0,97,1,2022-03-25 09:03:01
1648198981324149000,179.0,1,178.5,115,179.0,96,1,2022-03-25 09:03:01
1648198981325873000,178.5,1,178.5,114,179.0,96,2,2022-03-25 09:03:01
1648198981336752000,179.0,4,178.5,114,179.0,92,1,2022-03-25 09:03:01
1648198981409232000,178.5,1,178.5,113,179.0,92,2,2022-03-25 09:03:01
1648198981417089000,179.0,1,178.5,113,179.0,91,1,2022-03-25 09:03:01
1648198981472814000,178.5,1,178.5,134,179.0,91,2,2022-03-25 09:03:01
1648198981477410000,178.5,1,178.5,133,179.0,91,2,2022-03-25 09:03:01
1648198981482456000,178.5,1,178.5,132,179.0,91,2,2022-03-25 09:03:01
1648198981492454000,178.5,1,178.5,131,179.0,91,2,2022-03-25 09:03:01
1648198981516726000,178.5,1,178.5,130,179.0,91,2,2022-03-25 09:03:01
1648198981541154000,178.5,1,178.5,129,179.0,91,2,2022-03-25 09:03:01
1648198981553684000,178.5,1,178.5,128,179.0,91,2,2022-03-25 09:03:01
1648198981746926000,178.5,1,178.5,129,179.0,105,2,2022-03-25 09:03:01
1648198981818728000,179.0,4,178.5,130,179.0,101,1,2022-03-25 09:03:01
1648198981826826000,179.0,1,178.5,130,179.0,100,1,2022-03-25 09:03:01
1648198982017086000,179.0,1,178.5,131,179.0,105,1,2022-03-25 09:03:02
1648198982046430000,179.0,4,178.5,131,179.0,101,1,2022-03-25 09:03:02
1648198982057243000,179.0,1,178.5,131,179.0,100,1,2022-03-25 09:03:02
1648198982061406000,179.0,1,178.5,131,179.0,99,1,2022-03-25 09:03:02
1648198982121138000,179.0,8,178.5,131,179.0,91,1,2022-03-25 09:03:02
1648198982238330000,179.0,1,178.5,131,179.0,90,1,2022-03-25 09:03:02
1648198982244052000,179.0,4,178.5,131,179.0,86,1,2022-03-25 09:03:02
1648198982306900000,179.0,1,178.5,131,179.0,86,1,2022-03-25 09:03:02
1648198982397378000,179.0,3,178.5,132,179.0,83,1,2022-03-25 09:03:02
1648198982426319000,179.0,1,178.5,132,179.0,82,1,2022-03-25 09:03:02
1648198982444391000,179.0,1,178.5,132,179.0,81,1,2022-03-25 09:03:02
1648198982444932000,179.0,2,178.5,132,179.0,79,1,2022-03-25 09:03:02
1648198982466800000,179.0,1,178.5,132,179.0,78,1,2022-03-25 09:03:02
1648198982499534000,179.0,1,178.5,132,179.0,77,1,2022-03-25 09:03:02
1648198982620649000,179.0,1,178.5,134,179.0,77,1,2022-03-25 09:03:02
1648198982697854000,179.0,1,178.5,134,179.0,76,1,2022-03-25 09:03:02
1648198982871149000,179.0,1,178.5,137,179.0,77,1,2022-03-25 09:03:02
1648198982880149000,179.0,1,178.5,137,179.0,76,1,2022-03-25 09:03:02
1648198982965059000,179.0,1,178.5,140,179.0,75,1,2022-03-25 09:03:02
1648198982975223000,179.0,1,178.5,140,179.0,74,1,2022-03-25 09:03:02
1648198982986186000,179.0,4,178.5,140,179.0,70,1,2022-03-25 09:03:02
1648198983016880000,179.0,1,178.5,140,179.0,69,1,2022-03-25 09:03:03
1648198983024132000,179.0,1,178.5,145,179.0,68,1,2022-03-25 09:03:03
1648198983030719000,179.0,2,178.5,145,179.0,66,1,2022-03-25 09:03:03
1648198983057874000,179.0,1,178.5,150,179.0,65,1,2022-03-25 09:03:03
1648198983153939000,179.0,10,178.5,150,179.0,55,1,2022-03-25 09:03:03
1648198983156564000,179.0,2,178.5,150,179.0,53,1,2022-03-25 09:03:03
1648198983231112000,179.0,1,178.5,151,179.0,52,1,2022-03-25 09:03:03
1648198983363115000,179.0,1,178.5,153,179.0,51,1,2022-03-25 09:03:03
1648198983387239000,179.0,1,178.5,153,179.0,50,1,2022-03-25 09:03:03
1648198983403455000,179.0,3,178.5,159,179.0,47,1,2022-03-25 09:03:03
1648198983459881000,179.0,1,178.5,159,179.0,46,1,2022-03-25 09:03:03
1648198983474256000,179.0,1,178.5,159,179.0,45,1,2022-03-25 09:03:03
1648198983480694000,179.0,1,178.5,159,179.0,44,1,2022-03-25 09:03:03
1648198983489691000,178.5,2,178.5,157,179.0,44,2,2022-03-25 09:03:03
1648198983492381000,179.0,1,178.5,157,179.0,43,1,2022-03-25 09:03:03
1648198983500736000,179.0,2,178.5,157,179.0,41,1,2022-03-25 09:03:03
1648198983508846000,179.0,3,178.5,157,179.0,38,1,2022-03-25 09:03:03
1648198983578366000,179.0,1,178.5,158,179.0,37,1,2022-03-25 09:03:03
1648198983594179000,179.0,37,178.5,158,179.5,173,1,2022-03-25 09:03:03
1648198983594179000,179.5,3,178.5,158,179.5,173,1,2022-03-25 09:03:03
1648198983627740000,179.0,1,178.5,158,179.5,175,2,2022-03-25 09:03:03
1648198983725326000,179.5,1,179.0,1,179.5,187,1,2022-03-25 09:03:03
1648198983840718000,179.0,1,178.5,161,179.5,189,2,2022-03-25 09:03:03
1648198983936444000,179.0,10,179.0,11,179.5,189,2,2022-03-25 09:03:03
1648198983990896000,179.5,2,179.0,11,179.5,187,1,2022-03-25 09:03:03
1648198984044269000,179.0,10,179.0,15,179.5,191,2,2022-03-25 09:03:04
1648198984180185000,179.0,10,179.0,11,179.5,191,2,2022-03-25 09:03:04
1648198984549744000,179.5,1,179.0,82,179.5,212,1,2022-03-25 09:03:04
1648198984629968000,179.0,3,179.0,81,179.5,210,2,2022-03-25 09:03:04
1648198984637848000,179.5,1,179.0,81,179.5,209,1,2022-03-25 09:03:04
1648198984942807000,179.0,48,179.0,51,179.5,211,2,2022-03-25 09:03:04
1648198985051903000,179.0,48,179.0,7,179.5,213,2,2022-03-25 09:03:05
1648198985150975000,179.0,2,179.0,7,179.5,213,2,2022-03-25 09:03:05
1648198985672487000,179.0,33,178.5,198,179.5,213,2,2022-03-25 09:03:05
1648198985692259000,179.5,1,179.0,1,179.5,210,1,2022-03-25 09:03:05
1648198985700175000,179.0,1,178.5,143,179.5,210,2,2022-03-25 09:03:05
1648198985700175000,178.5,55,178.5,143,179.5,210,2,2022-03-25 09:03:05
1648198985894956000,179.0,1,178.5,142,179.5,212,2,2022-03-25 09:03:05
1648198985894956000,178.5,2,178.5,142,179.5,212,2,2022-03-25 09:03:05
1648198985992669000,179.0,2,178.5,142,179.5,212,2,2022-03-25 09:03:05
1648198986069479000,179.0,1,178.5,142,179.5,212,2,2022-03-25 09:03:06
1648198986220761000,179.0,1,179.0,10,179.5,212,2,2022-03-25 09:03:06
1648198986251720000,179.0,3,179.0,7,179.5,212,2,2022-03-25 09:03:06
1648198986343657000,179.0,2,179.0,5,179.5,212,2,2022-03-25 09:03:06
1648198986400035000,179.0,1,179.0,4,179.5,212,2,2022-03-25 09:03:06
1648198986422963000,179.0,4,178.5,145,179.0,6,2,2022-03-25 09:03:06
1648198986424202000,179.0,6,178.5,145,179.5,211,1,2022-03-25 09:03:06
1648198986424202000,179.5,1,178.5,145,179.5,211,1,2022-03-25 09:03:06
1648198986479145000,179.0,2,178.5,145,179.5,209,2,2022-03-25 09:03:06
1648198986496814000,178.5,1,178.5,140,179.5,211,2,2022-03-25 09:03:06
1648198986711216000,179.5,3,178.5,137,179.5,210,1,2022-03-25 09:03:06
1648198986876156000,179.0,1,179.0,2,179.5,210,2,2022-03-25 09:03:06
1648198987008806000,179.0,2,179.0,2,179.5,206,2,2022-03-25 09:03:07
1648198987047933000,179.0,2,178.5,140,179.5,211,2,2022-03-25 09:03:07
1648198987191512000,179.0,1,178.5,137,179.0,1,1,2022-03-25 09:03:07
1648198987194601000,179.0,1,178.5,140,179.5,203,1,2022-03-25 09:03:07
1648198987246776000,179.5,10,178.5,141,179.5,199,1,2022-03-25 09:03:07
1648198987430096000,179.5,10,178.5,142,179.5,181,1,2022-03-25 09:03:07
1648198987451844000,179.5,6,178.5,142,179.5,175,1,2022-03-25 09:03:07
1648198987507172000,179.5,2,178.5,144,179.5,167,1,2022-03-25 09:03:07
1648198987620428000,179.0,3,178.5,183,179.5,160,1,2022-03-25 09:03:07
1648198987620428000,179.5,7,178.5,183,179.5,160,1,2022-03-25 09:03:07
1648198987622999000,178.5,6,178.5,177,179.5,160,2,2022-03-25 09:03:07
1648198987669984000,179.0,1,178.5,178,179.0,119,1,2022-03-25 09:03:07
1648198987680745000,179.0,3,178.5,178,179.0,116,1,2022-03-25 09:03:07
1648198987725188000,179.0,1,178.5,176,179.0,115,1,2022-03-25 09:03:07
1648198987744675000,179.0,1,178.5,183,179.0,114,1,2022-03-25 09:03:07
1648198987775969000,179.0,10,178.5,183,179.0,104,1,2022-03-25 09:03:07
1648198987783328000,179.0,2,178.5,183,179.0,102,1,2022-03-25 09:03:07
1648198987796326000,179.0,1,178.5,184,179.0,101,1,2022-03-25 09:03:07
1648198987919377000,179.0,10,178.5,147,179.0,121,1,2022-03-25 09:03:07
1648198987939244000,179.0,10,178.5,147,179.0,111,1,2022-03-25 09:03:07
1648198988015820000,179.0,1,178.5,147,179.0,110,1,2022-03-25 09:03:08
1648198988111254000,179.0,10,178.5,147,179.0,102,1,2022-03-25 09:03:08
1648198988166046000,179.0,1,178.5,149,179.0,101,1,2022-03-25 09:03:08
1648198988215772000,179.0,1,178.5,149,179.0,100,1,2022-03-25 09:03:08
1648198988222199000,179.0,1,178.5,149,179.0,99,1,2022-03-25 09:03:08
1648198988223849000,179.0,2,178.5,149,179.0,97,1,2022-03-25 09:03:08
1648198988265259000,179.0,1,178.5,149,179.0,117,1,2022-03-25 09:03:08
1648198988321948000,179.0,2,178.5,149,179.0,115,1,2022-03-25 09:03:08
1648198988381073000,179.0,9,178.5,149,179.0,108,1,2022-03-25 09:03:08
1648198988469867000,179.0,1,178.5,144,179.0,114,1,2022-03-25 09:03:08
1648198988474473000,179.0,2,178.5,144,179.0,112,1,2022-03-25 09:03:08
1648198988603193000,179.0,1,178.5,144,179.0,112,1,2022-03-25 09:03:08
1648198988608817000,179.0,1,178.5,144,179.0,112,1,2022-03-25 09:03:08
1648198988608922000,179.0,1,178.5,144,179.0,111,1,2022-03-25 09:03:08
1648198988742743000,179.0,1,178.5,145,179.0,115,1,2022-03-25 09:03:08
1648198988857520000,179.0,5,178.5,145,179.0,112,1,2022-03-25 09:03:08
1648198989195624000,179.0,3,178.5,149,179.0,118,1,2022-03-25 09:03:09
1648198989221162000,179.0,1,178.5,149,179.0,117,1,2022-03-25 09:03:09
1648198989555661000,179.0,10,178.5,179,179.0,130,1,2022-03-25 09:03:09
1648198989569241000,179.0,1,178.5,179,179.0,129,1,2022-03-25 09:03:09
1648198989585057000,178.5,1,178.5,178,179.0,129,2,2022-03-25 09:03:09
1648198989673981000,179.0,1,178.5,179,179.0,128,1,2022-03-25 09:03:09
1648198989689655000,179.0,1,178.5,179,179.0,127,1,2022-03-25 09:03:09
1648198989772273000,179.0,2,178.5,179,179.0,136,1,2022-03-25 09:03:09
1648198989818426000,179.0,1,178.5,180,179.0,135,1,2022-03-25 09:03:09
1648198989853931000,179.0,1,178.5,181,179.0,134,1,2022-03-25 09:03:09
1648198989893976000,179.0,1,178.5,181,179.0,133,1,2022-03-25 09:03:09
1648198989954508000,179.0,2,178.5,181,179.0,131,1,2022-03-25 09:03:09
1648198989986397000,179.0,10,178.5,182,179.0,121,1,2022-03-25 09:03:09
1648198990009787000,179.0,1,178.5,182,179.0,120,1,2022-03-25 09:03:10
1648198990113181000,179.0,50,178.5,184,179.0,70,1,2022-03-25 09:03:10
1648198990136626000,179.0,4,178.5,186,179.0,70,1,2022-03-25 09:03:10
1648198990165477000,179.0,1,178.5,187,179.0,70,1,2022-03-25 09:03:10
1648198990199302000,178.5,1,178.5,186,179.0,70,2,2022-03-25 09:03:10
1648198990215818000,179.0,10,178.5,186,179.0,60,1,2022-03-25 09:03:10
1648198990221114000,179.0,10,178.5,186,179.0,50,1,2022-03-25 09:03:10
1648198990247288000,179.0,1,178.5,186,179.0,49,1,2022-03-25 09:03:10
1648198990248306000,178.5,1,178.5,185,179.0,49,2,2022-03-25 09:03:10
1648198990269142000,179.0,1,178.5,185,179.0,48,1,2022-03-25 09:03:10
1648198990342605000,179.0,10,178.5,185,179.0,38,1,2022-03-25 09:03:10
1648198990428598000,179.0,10,178.5,187,179.0,38,1,2022-03-25 09:03:10
1648198990474790000,179.0,1,178.5,188,179.0,37,1,2022-03-25 09:03:10
1648198990514083000,179.0,1,178.5,190,179.0,36,1,2022-03-25 09:03:10
1648198990629606000,179.0,1,178.5,278,179.0,35,1,2022-03-25 09:03:10
1648198990665568000,179.0,1,178.5,279,179.0,34,1,2022-03-25 09:03:10
1648198990794383000,179.0,3,178.5,280,179.0,31,1,2022-03-25 09:03:10
1648198990835553000,179.0,1,178.5,280,179.0,30,1,2022-03-25 09:03:10
1648198990848684000,179.0,1,178.5,280,179.0,29,1,2022-03-25 09:03:10
1648198990935707000,179.0,12,178.5,280,179.0,17,1,2022-03-25 09:03:10
1648198990956031000,178.5,6,178.5,274,179.0,17,2,2022-03-25 09:03:10
1648198990963771000,179.0,10,178.5,274,179.0,7,1,2022-03-25 09:03:10
1648198990990281000,179.0,5,178.5,274,179.0,6,1,2022-03-25 09:03:10
1648198991001394000,179.0,1,178.5,274,179.0,5,1,2022-03-25 09:03:11
1648198991069166000,179.0,1,178.5,275,179.0,24,1,2022-03-25 09:03:11
1648198991082964000,179.0,1,178.5,275,179.0,23,1,2022-03-25 09:03:11
1648198991099248000,179.0,1,178.5,275,179.0,22,1,2022-03-25 09:03:11
1648198991223069000,179.0,1,178.5,274,179.0,23,1,2022-03-25 09:03:11
1648198991270315000,179.0,1,178.5,275,179.0,22,1,2022-03-25 09:03:11
1648198991431720000,179.0,1,178.5,273,179.0,26,1,2022-03-25 09:03:11
1648198991450251000,179.0,1,178.5,273,179.0,25,1,2022-03-25 09:03:11
1648198991522968000,179.0,1,178.5,274,179.0,24,1,2022-03-25 09:03:11
1648198991561898000,179.0,10,178.5,274,179.0,14,1,2022-03-25 09:03:11
1648198991726509000,179.0,4,178.5,281,179.0,10,1,2022-03-25 09:03:11
1648198991777283000,179.0,1,178.5,281,179.0,9,1,2022-03-25 09:03:11
1648198991793494000,179.0,1,178.5,281,179.0,8,1,2022-03-25 09:03:11
1648198992045964000,179.0,1,178.5,284,179.0,9,1,2022-03-25 09:03:12
1648198992046987000,179.0,1,178.5,284,179.0,8,1,2022-03-25 09:03:12
1648198992104707000,179.0,2,178.5,284,179.0,6,1,2022-03-25 09:03:12
1648198992104866000,179.0,1,178.5,284,179.0,5,1,2022-03-25 09:03:12
1648198992127980000,179.0,5,178.5,284,179.5,169,1,2022-03-25 09:03:12
1648198992186832000,178.5,1,178.5,283,179.0,1,2,2022-03-25 09:03:12
1648198992188525000,179.0,1,178.5,283,179.5,173,1,2022-03-25 09:03:12
1648198992246731000,179.0,10,178.5,288,179.5,171,2,2022-03-25 09:03:12
1648198992287141000,179.0,1,178.5,289,179.0,5,1,2022-03-25 09:03:12
1648198992297027000,179.0,1,178.5,289,179.0,4,1,2022-03-25 09:03:12
1648198992304092000,179.0,1,178.5,289,179.0,3,1,2022-03-25 09:03:12
1648198992392170000,179.0,1,178.5,289,179.0,8,1,2022-03-25 09:03:12
1648198992427395000,179.0,1,178.5,290,179.0,7,1,2022-03-25 09:03:12
1648198992474116000,179.0,1,178.5,291,179.0,6,1,2022-03-25 09:03:12
1648198992500355000,179.0,1,178.5,291,179.0,5,1,2022-03-25 09:03:12
1648198992552277000,179.0,3,178.5,291,179.0,2,1,2022-03-25 09:03:12
1648198992592216000,179.0,1,178.5,291,179.0,1,1,2022-03-25 09:03:12
1648198992653407000,179.0,1,178.5,202,179.5,173,1,2022-03-25 09:03:12
1648198992710967000,179.0,1,178.5,202,179.5,275,2,2022-03-25 09:03:12
1648198992762246000,179.0,1,178.5,203,179.0,1,2,2022-03-25 09:03:12
1648198992779333000,179.0,1,178.5,203,179.5,275,1,2022-03-25 09:03:12
1648198992878857000,179.0,1,179.0,2,179.5,275,2,2022-03-25 09:03:12
1648198992890449000,179.0,2,178.5,199,179.5,275,2,2022-03-25 09:03:12
1648198992890449000,178.5,4,178.5,199,179.5,275,2,2022-03-25 09:03:12
1648198992931962000,179.0,5,179.0,26,179.5,275,2,2022-03-25 09:03:12
1648198992932135000,179.0,5,179.0,21,179.5,275,2,2022-03-25 09:03:12
1648198992952582000,179.0,2,179.0,20,179.5,276,2,2022-03-25 09:03:12
1648198993048726000,179.0,21,178.5,200,179.5,276,2,2022-03-25 09:03:13
1648198993100088000,179.0,3,178.5,200,179.5,276,2,2022-03-25 09:03:13
1648198993165948000,179.5,1,178.5,199,179.5,279,1,2022-03-25 09:03:13
1648198993264250000,179.0,2,179.0,2,179.5,281,2,2022-03-25 09:03:13
1648198993296403000,179.0,2,178.5,201,179.5,281,2,2022-03-25 09:03:13
1648198993298775000,179.5,1,178.5,201,179.5,280,1,2022-03-25 09:03:13
1648198993380307000,179.0,1,178.5,199,179.0,2,1,2022-03-25 09:03:13
1648198993459801000,178.5,2,178.5,199,179.0,2,2,2022-03-25 09:03:13
1648198993469862000,179.0,1,178.5,198,179.0,8,1,2022-03-25 09:03:13
1648198993502442000,179.0,1,179.0,3,179.5,278,1,2022-03-25 09:03:13
1648198993515388000,179.0,3,178.5,200,179.0,4,2,2022-03-25 09:03:13
1648198993521141000,179.0,1,178.5,200,179.0,3,1,2022-03-25 09:03:13
1648198993531136000,179.5,1,178.5,201,179.5,279,1,2022-03-25 09:03:13
1648198993557291000,178.5,1,178.5,198,179.5,277,2,2022-03-25 09:03:13
1648198993558264000,178.5,1,178.5,197,179.5,277,2,2022-03-25 09:03:13
1648198993673167000,179.0,1,178.5,198,179.5,279,2,2022-03-25 09:03:13
1648198993879965000,179.5,20,179.0,3,179.5,259,1,2022-03-25 09:03:13
1648198993945481000,179.5,5,179.0,9,179.5,254,1,2022-03-25 09:03:13
1648198994012313000,179.5,1,179.0,9,179.5,250,1,2022-03-25 09:03:14
1648198994030019000,179.5,13,179.0,10,179.5,237,1,2022-03-25 09:03:14
1648198994090711000,179.0,10,179.0,1,179.5,241,2,2022-03-25 09:03:14
1648198994353427000,179.0,2,179.0,3,179.5,242,2,2022-03-25 09:03:14
1648198994471474000,179.0,2,179.0,1,179.5,243,2,2022-03-25 09:03:14
1648198994720923000,179.5,1,179.0,11,179.5,243,1,2022-03-25 09:03:14
1648198994889930000,179.0,6,179.0,12,179.5,240,2,2022-03-25 09:03:14
1648198994904699000,179.0,1,179.0,11,179.5,240,2,2022-03-25 09:03:14
1648198994904836000,179.5,3,179.0,11,179.5,237,1,2022-03-25 09:03:14
1648198994969449000,179.0,1,179.0,10,179.5,232,2,2022-03-25 09:03:14
1648198995028949000,179.5,1,179.0,14,179.5,221,1,2022-03-25 09:03:15
1648198995118226000,179.5,1,179.0,15,179.5,219,1,2022-03-25 09:03:15
1648198995797900000,179.0,1,179.0,21,179.5,220,2,2022-03-25 09:03:15
1648198995960322000,179.0,3,179.0,21,179.5,220,2,2022-03-25 09:03:15
1648198996009991000,179.0,2,179.0,21,179.5,219,2,2022-03-25 09:03:16
1648198996300808000,179.0,1,179.0,25,179.5,223,2,2022-03-25 09:03:16
1648198996344482000,179.0,1,179.0,24,179.5,223,2,2022-03-25 09:03:16
1648198996535721000,179.5,1,179.0,103,179.5,223,1,2022-03-25 09:03:16
1648198996615528000,179.0,2,179.0,101,179.5,220,2,2022-03-25 09:03:16
1648198996748176000,179.0,102,179.0,3,179.5,220,2,2022-03-25 09:03:16
1648198996868432000,179.0,5,178.5,255,179.5,225,2,2022-03-25 09:03:16
1648198996868432000,178.5,1,178.5,255,179.5,225,2,2022-03-25 09:03:16
1648198997045080000,179.0,1,179.0,1,179.5,225,2,2022-03-25 09:03:17
1648198997203930000,179.5,2,179.0,3,179.5,223,1,2022-03-25 09:03:17
1648198997522771000,179.5,1,179.0,21,179.5,221,1,2022-03-25 09:03:17
1648198997898904000,179.0,1,179.0,31,179.5,222,2,2022-03-25 09:03:17
1648198998091502000,179.0,10,179.0,23,179.5,222,2,2022-03-25 09:03:18
1648198998500554000,179.0,3,179.0,22,179.5,222,2,2022-03-25 09:03:18
1648198998625232000,179.0,6,179.0,19,179.5,223,2,2022-03-25 09:03:18
1648198998634310000,179.0,3,179.0,16,179.5,223,2,2022-03-25 09:03:18
1648198998658755000,179.0,2,179.0,14,179.5,224,2,2022-03-25 09:03:18
1648198998708135000,179.0,9,179.0,8,179.5,224,2,2022-03-25 09:03:18
1648198998760992000,179.0,8,178.5,364,179.0,2,2,2022-03-25 09:03:18
1648198998770562000,179.0,1,178.5,364,179.0,3,1,2022-03-25 09:03:18
1648198998782184000,179.0,1,178.5,362,179.0,2,1,2022-03-25 09:03:18
1648198998828410000,178.5,1,178.5,361,179.0,6,2,2022-03-25 09:03:18
1648198998941726000,179.0,1,178.5,362,179.0,5,1,2022-03-25 09:03:18
1648198998942790000,179.0,1,178.5,362,179.0,4,1,2022-03-25 09:03:18
1648198999013338000,179.0,1,178.5,362,179.0,3,1,2022-03-25 09:03:19
1648198999099667000,179.0,1,178.5,362,179.0,2,1,2022-03-25 09:03:19
1648198999138672000,179.0,1,178.5,362,179.0,5,1,2022-03-25 09:03:19
1648198999177964000,179.0,2,178.5,362,179.0,3,1,2022-03-25 09:03:19
1648198999224068000,179.0,3,178.5,362,179.5,236,1,2022-03-25 09:03:19
1648198999292925000,179.0,1,178.5,375,179.5,242,2,2022-03-25 09:03:19
1648198999363303000,179.0,1,178.5,375,179.5,242,1,2022-03-25 09:03:19
1648198999487854000,179.0,1,179.0,1,179.5,243,2,2022-03-25 09:03:19
1648198999547798000,179.0,1,178.5,375,179.0,1,2,2022-03-25 09:03:19
1648198999622876000,179.0,1,178.5,375,179.5,241,1,2022-03-25 09:03:19
1648198999708636000,179.5,1,179.0,1,179.5,240,1,2022-03-25 09:03:19
1648198999763658000,179.0,2,178.5,375,179.5,242,2,2022-03-25 09:03:19
1648198999976474000,179.0,1,179.0,1,179.5,255,1,2022-03-25 09:03:19
1648199000159747000,179.5,10,179.0,4,179.5,247,1,2022-03-25 09:03:20
1648199000223447000,179.0,6,179.0,2,179.5,244,2,2022-03-25 09:03:20
1648199000224242000,179.0,1,179.0,1,179.5,244,2,2022-03-25 09:03:20
1648199000308172000,179.0,1,178.5,375,179.5,235,2,2022-03-25 09:03:20
1648199000327908000,179.0,5,178.5,375,179.5,235,2,2022-03-25 09:03:20
1648199000480315000,179.0,2,178.5,376,179.0,1,1,2022-03-25 09:03:20
1648199000598858000,179.0,5,179.0,15,179.5,234,1,2022-03-25 09:03:20
1648199000651859000,179.0,1,179.0,14,179.5,234,2,2022-03-25 09:03:20
1648199000779078000,179.0,2,179.0,14,179.5,242,2,2022-03-25 09:03:20
1648199000834349000,179.0,1,179.0,15,179.5,242,2,2022-03-25 09:03:20
1648199000927994000,179.0,4,179.0,11,179.5,241,2,2022-03-25 09:03:20
1648199000956592000,179.0,7,179.0,9,179.5,241,2,2022-03-25 09:03:20
1648199000962239000,179.0,6,179.0,3,179.5,241,2,2022-03-25 09:03:20
1648199000969538000,179.0,2,179.0,1,179.5,241,2,2022-03-25 09:03:20
1648199001007747000,179.0,1,178.5,379,179.5,235,2,2022-03-25 09:03:21
1648199001074807000,179.0,1,179.0,3,179.5,237,2,2022-03-25 09:03:21
1648199001190819000,179.5,1,179.0,5,179.5,239,1,2022-03-25 09:03:21
1648199001350994000,179.0,1,179.0,4,179.5,241,2,2022-03-25 09:03:21
1648199001745906000,179.5,1,179.0,8,179.5,242,1,2022-03-25 09:03:21
1648199001780315000,179.0,2,179.0,6,179.5,241,2,2022-03-25 09:03:21
1648199001817494000,179.5,20,179.0,6,179.5,218,1,2022-03-25 09:03:21
1648199001829659000,179.0,3,179.0,3,179.5,218,2,2022-03-25 09:03:21
1648199001839170000,179.0,1,179.0,2,179.5,218,2,2022-03-25 09:03:21
1648199001993488000,179.0,1,179.0,25,179.5,213,2,2022-03-25 09:03:21
1648199002026443000,179.0,6,179.0,19,179.5,213,2,2022-03-25 09:03:22
1648199002059273000,179.5,1,179.0,20,179.5,212,1,2022-03-25 09:03:22
1648199002071835000,179.0,2,179.0,18,179.5,212,2,2022-03-25 09:03:22
1648199002118529000,179.0,1,179.0,18,179.5,216,2,2022-03-25 09:03:22
1648199002513576000,179.0,2,179.0,109,179.5,219,2,2022-03-25 09:03:22
1648199002517358000,179.5,2,179.0,109,179.5,217,1,2022-03-25 09:03:22
1648199002679247000,179.0,1,179.0,110,179.5,214,2,2022-03-25 09:03:22
1648199002858289000,179.0,1,179.0,111,179.5,216,2,2022-03-25 09:03:22
1648199002911993000,179.5,1,179.0,112,179.5,225,1,2022-03-25 09:03:22
1648199003024915000,179.0,10,179.0,103,179.5,236,2,2022-03-25 09:03:23
1648199003118021000,179.0,1,179.0,103,179.5,239,2,2022-03-25 09:03:23
1648199003232701000,179.5,2,179.0,104,179.5,236,1,2022-03-25 09:03:23
1648199003262221000,179.0,1,179.0,103,179.5,237,2,2022-03-25 09:03:23
1648199003401055000,179.0,10,179.0,94,179.5,237,2,2022-03-25 09:03:23
1648199003449645000,179.0,1,179.0,93,179.5,237,2,2022-03-25 09:03:23
1648199003738489000,179.0,1,179.0,94,179.5,238,2,2022-03-25 09:03:23
1648199003786966000,179.5,1,179.0,94,179.5,237,1,2022-03-25 09:03:23
1648199004063675000,179.0,6,179.0,89,179.5,240,2,2022-03-25 09:03:24
1648199004545308000,179.0,1,179.0,116,179.5,240,2,2022-03-25 09:03:24
1648199004829558000,179.0,1,179.0,123,179.5,240,2,2022-03-25 09:03:24
1648199004836471000,179.5,5,179.0,123,179.5,235,1,2022-03-25 09:03:24
1648199005172462000,179.5,1,179.0,134,179.5,237,1,2022-03-25 09:03:25
1648199005443057000,179.5,1,179.0,144,179.5,236,1,2022-03-25 09:03:25
1648199005536201000,179.0,1,179.0,143,179.5,237,2,2022-03-25 09:03:25
1648199005649075000,179.5,1,179.0,143,179.5,236,1,2022-03-25 09:03:25
1648199006237695000,179.5,2,179.0,148,179.5,234,1,2022-03-25 09:03:26
1648199006362844000,179.0,3,179.0,145,179.5,234,2,2022-03-25 09:03:26
1648199006549267000,179.5,1,179.0,158,179.5,233,1,2022-03-25 09:03:26
1648199006568535000,179.0,1,179.0,159,179.5,233,2,2022-03-25 09:03:26
1648199006686441000,179.5,1,179.0,160,179.5,232,1,2022-03-25 09:03:26
1648199006826333000,179.5,2,179.0,163,179.5,232,1,2022-03-25 09:03:26
1648199007028858000,179.0,6,179.0,158,179.5,232,2,2022-03-25 09:03:27
1648199007134741000,179.5,3,179.0,158,179.5,234,1,2022-03-25 09:03:27
1648199007569694000,179.0,1,179.0,181,179.5,234,2,2022-03-25 09:03:27
1648199007611492000,179.5,5,179.0,181,179.5,229,1,2022-03-25 09:03:27
1648199007756352000,179.5,10,179.0,183,179.5,219,1,2022-03-25 09:03:27
1648199007819764000,179.5,1,179.0,188,179.5,218,1,2022-03-25 09:03:27
1648199008025723000,179.5,10,179.0,188,179.5,218,1,2022-03-25 09:03:28
1648199008129359000,179.5,1,179.0,188,179.5,222,1,2022-03-25 09:03:28
1648199008320063000,179.5,3,179.0,191,179.5,220,1,2022-03-25 09:03:28
1648199008330698000,179.5,10,179.0,191,179.5,210,1,2022-03-25 09:03:28
1648199008376279000,179.5,1,179.0,192,179.5,209,1,2022-03-25 09:03:28
1648199008466801000,179.5,1,179.0,192,179.5,208,1,2022-03-25 09:03:28
1648199008542837000,179.5,1,179.0,194,179.5,207,1,2022-03-25 09:03:28
1648199008682716000,179.5,1,179.0,194,179.5,206,1,2022-03-25 09:03:28
1648199008838340000,179.5,1,179.0,197,179.5,205,1,2022-03-25 09:03:28
1648199008861437000,179.5,2,179.0,197,179.5,203,1,2022-03-25 09:03:28
1648199008868034000,179.5,10,179.0,197,179.5,193,1,2022-03-25 09:03:28
1648199008975740000,179.0,2,179.0,215,179.5,195,2,2022-03-25 09:03:28
1648199009028287000,179.5,1,179.0,218,179.5,195,1,2022-03-25 09:03:29
1648199009080880000,179.0,2,179.0,216,179.5,195,2,2022-03-25 09:03:29
1648199009086587000,179.5,3,179.0,216,179.5,192,1,2022-03-25 09:03:29
1648199009192990000,179.5,10,179.0,217,179.5,180,1,2022-03-25 09:03:29
1648199009216122000,179.5,1,179.0,217,179.5,179,1,2022-03-25 09:03:29
1648199009389669000,179.5,1,179.0,219,179.5,178,1,2022-03-25 09:03:29
1648199009544920000,179.5,1,179.0,220,179.5,177,1,2022-03-25 09:03:29
1648199009624982000,179.5,1,179.0,221,179.5,176,1,2022-03-25 09:03:29
1648199009722525000,179.5,2,179.0,221,179.5,174,1,2022-03-25 09:03:29
1648199009839473000,179.5,2,179.0,221,179.5,172,1,2022-03-25 09:03:29
1648199010153871000,179.5,50,179.0,223,179.5,124,1,2022-03-25 09:03:30
1648199010173847000,179.5,1,179.0,223,179.5,124,1,2022-03-25 09:03:30
1648199010199104000,179.5,1,179.0,164,179.5,123,1,2022-03-25 09:03:30
1648199010310672000,179.5,1,179.0,167,179.5,122,1,2022-03-25 09:03:30
1648199010320599000,179.5,1,179.0,167,179.5,121,1,2022-03-25 09:03:30
1648199010375351000,179.5,6,179.0,168,179.5,115,1,2022-03-25 09:03:30
1648199010828874000,179.5,1,179.0,180,179.5,115,1,2022-03-25 09:03:30
1648199010833582000,179.5,1,179.0,180,179.5,114,1,2022-03-25 09:03:30
1648199010854679000,179.0,10,179.0,172,179.5,114,2,2022-03-25 09:03:30
1648199010879913000,179.0,1,179.0,171,179.5,114,2,2022-03-25 09:03:30
1648199010894463000,179.5,1,179.0,171,179.5,113,1,2022-03-25 09:03:30
1648199010937477000,179.5,1,179.0,171,179.5,112,1,2022-03-25 09:03:30
1648199011072543000,179.5,2,179.0,171,179.5,110,1,2022-03-25 09:03:31
1648199011149091000,179.5,2,179.0,173,179.5,112,1,2022-03-25 09:03:31
1648199011192965000,179.5,10,179.0,173,179.5,102,1,2022-03-25 09:03:31
1648199011251284000,179.5,1,179.0,174,179.5,101,1,2022-03-25 09:03:31
1648199011308693000,179.5,2,179.0,174,179.5,99,1,2022-03-25 09:03:31
1648199011374762000,179.5,1,179.0,175,179.5,102,1,2022-03-25 09:03:31
1648199011612320000,179.5,1,179.0,176,179.5,101,1,2022-03-25 09:03:31
1648199011620157000,179.5,1,179.0,176,179.5,100,1,2022-03-25 09:03:31
1648199011660159000,179.5,2,179.0,176,179.5,98,1,2022-03-25 09:03:31
1648199011726956000,179.5,1,179.0,178,179.5,97,1,2022-03-25 09:03:31
1648199011759269000,179.5,2,179.0,181,179.5,95,1,2022-03-25 09:03:31
1648199011791085000,179.5,1,179.0,181,179.5,94,1,2022-03-25 09:03:31
1648199011798626000,179.5,2,179.0,181,179.5,92,1,2022-03-25 09:03:31
1648199011874202000,179.5,1,179.0,181,179.5,91,1,2022-03-25 09:03:31
1648199012012130000,179.5,1,179.0,181,179.5,90,1,2022-03-25 09:03:32
1648199012086489000,179.5,1,179.0,181,179.5,89,1,2022-03-25 09:03:32
1648199012096915000,179.5,1,179.0,181,179.5,88,1,2022-03-25 09:03:32
1648199012122321000,179.5,5,179.0,181,179.5,83,1,2022-03-25 09:03:32
1648199012160301000,179.5,1,179.0,182,179.5,82,1,2022-03-25 09:03:32
1648199012210253000,179.5,10,179.0,183,179.5,74,1,2022-03-25 09:03:32
1648199012326511000,179.5,3,179.0,184,179.5,71,1,2022-03-25 09:03:32
1648199012354844000,179.5,1,179.0,189,179.5,70,1,2022-03-25 09:03:32
1648199012365170000,179.5,1,179.0,189,179.5,69,1,2022-03-25 09:03:32
1648199012411821000,179.5,2,179.0,189,179.5,67,1,2022-03-25 09:03:32
1648199012509933000,179.0,40,179.0,154,179.5,67,2,2022-03-25 09:03:32
1648199012513888000,179.5,51,179.0,154,179.5,16,1,2022-03-25 09:03:32
1648199012520143000,179.5,2,179.0,154,179.5,14,1,2022-03-25 09:03:32
1648199012599984000,179.5,1,179.0,154,179.5,14,1,2022-03-25 09:03:32
1648199012623307000,179.5,2,179.0,154,179.5,12,1,2022-03-25 09:03:32
1648199012638566000,179.5,1,179.0,154,179.5,11,1,2022-03-25 09:03:32
1648199012641464000,179.5,2,179.0,154,179.5,9,1,2022-03-25 09:03:32
1648199012662991000,179.5,1,179.0,156,179.5,8,1,2022-03-25 09:03:32
1648199012686551000,179.5,1,179.0,156,179.5,7,1,2022-03-25 09:03:32
1648199012745845000,179.5,1,179.0,156,179.5,7,1,2022-03-25 09:03:32
1648199012749937000,179.5,7,179.5,3,180.0,421,1,2022-03-25 09:03:32
1648199012775237000,179.5,3,179.5,2,180.0,422,2,2022-03-25 09:03:32
1648199012777155000,179.5,2,179.0,154,180.0,422,2,2022-03-25 09:03:32
1648199012807854000,179.5,1,179.5,11,180.0,424,2,2022-03-25 09:03:32
1648199012887635000,179.5,1,179.5,13,180.0,429,2,2022-03-25 09:03:32
1648199012907711000,179.5,2,179.5,11,180.0,429,2,2022-03-25 09:03:32
1648199012969654000,180.0,1,179.5,12,180.0,434,1,2022-03-25 09:03:32
1648199012973530000,179.5,12,179.0,155,180.0,434,2,2022-03-25 09:03:32
1648199013067043000,180.0,33,179.0,157,180.0,401,1,2022-03-25 09:03:33
1648199013071241000,180.0,14,179.0,157,180.0,389,1,2022-03-25 09:03:33
1648199013205549000,180.0,1,179.5,4,180.0,387,1,2022-03-25 09:03:33
1648199013298447000,179.5,3,179.5,1,180.0,387,2,2022-03-25 09:03:33
1648199013475256000,179.5,3,179.5,18,180.0,387,2,2022-03-25 09:03:33
1648199013678177000,180.0,6,179.5,20,180.0,381,1,2022-03-25 09:03:33
1648199013771273000,179.5,31,179.5,2,180.0,378,2,2022-03-25 09:03:33
1648199013778342000,179.5,3,179.0,182,179.5,13,2,2022-03-25 09:03:33
1648199013792369000,179.5,5,179.0,182,179.5,8,1,2022-03-25 09:03:33
1648199013827427000,179.5,1,179.0,182,179.5,7,1,2022-03-25 09:03:33
1648199013974263000,179.5,2,179.0,182,179.5,7,1,2022-03-25 09:03:33
1648199014005759000,179.0,2,179.0,180,179.5,7,2,2022-03-25 09:03:34
1648199014012987000,179.5,1,179.0,180,179.5,6,1,2022-03-25 09:03:34
1648199014025475000,179.5,1,179.0,180,179.5,5,1,2022-03-25 09:03:34
1648199014099951000,179.5,2,179.0,182,179.5,3,1,2022-03-25 09:03:34
1648199014204115000,179.5,1,179.0,183,179.5,6,1,2022-03-25 09:03:34
1648199014314719000,179.5,1,179.0,184,179.5,5,1,2022-03-25 09:03:34
1648199014386137000,179.5,5,179.0,184,180.0,376,1,2022-03-25 09:03:34
1648199014442308000,180.0,4,179.0,184,180.0,372,1,2022-03-25 09:03:34
1648199014444789000,180.0,1,179.0,184,180.0,371,1,2022-03-25 09:03:34
1648199014751114000,179.5,1,179.5,10,180.0,371,2,2022-03-25 09:03:34
1648199014779571000,179.5,4,179.5,8,180.0,371,2,2022-03-25 09:03:34
1648199014785614000,179.5,2,179.5,6,180.0,371,2,2022-03-25 09:03:34
1648199014858601000,180.0,5,179.5,14,180.0,367,1,2022-03-25 09:03:34
1648199015083657000,180.0,2,179.5,17,180.0,364,1,2022-03-25 09:03:35
1648199015475873000,179.5,1,179.5,21,180.0,366,2,2022-03-25 09:03:35
1648199015584772000,179.5,15,179.5,18,180.0,368,2,2022-03-25 09:03:35
1648199015784771000,179.5,10,179.5,13,180.0,368,2,2022-03-25 09:03:35
1648199015817131000,179.5,10,179.5,4,180.0,368,2,2022-03-25 09:03:35
1648199015822934000,180.0,2,179.5,5,180.0,366,1,2022-03-25 09:03:35
1648199015901339000,180.0,1,179.5,6,180.0,367,1,2022-03-25 09:03:35
