ts,close,volume,bid_price,bid_volume,ask_price,ask_volume,tick_type,datetime
1648198806416515000,46.2,476,46.2,75,46.25,3,1,2022-03-25 09:00:06
1648198806437032000,46.25,3,46.2,75,46.3,7,1,2022-03-25 09:00:06
1648198806623123000,46.3,7,46.3,2,46.35,3,1,2022-03-25 09:00:06
1648198806735758000,46.3,2,46.2,62,46.35,3,2,2022-03-25 09:00:06
1648198806735758000,46.25,1,46.2,62,46.35,3,2,2022-03-25 09:00:06
1648198806735758000,46.2,4,46.2,62,46.35,3,2,2022-03-25 09:00:06
1648198806810436000,46.2,6,46.2,56,46.35,3,2,2022-03-25 09:00:06
1648198807599372000,46.3,2,46.3,3,46.35,3,2,2022-03-25 09:00:07
1648198807670463000,46.3,3,46.2,49,46.35,3,2,2022-03-25 09:00:07
1648198807670463000,46.2,7,46.2,49,46.35,3,2,2022-03-25 09:00:07
1648198807802433000,46.35,3,46.35,2,46.4,12,1,2022-03-25 09:00:07
1648198808272758000,46.4,5,46.35,2,46.4,7,1,2022-03-25 09:00:08
1648198808300026000,46.4,7,46.35,2,46.45,13,1,2022-03-25 09:00:08
1648198809319315000,46.45,5,46.35,2,46.45,8,1,2022-03-25 09:00:09
1648198809484818000,46.45,1,46.35,2,46.45,7,1,2022-03-25 09:00:09
1648198809563209000,46.45,7,46.4,6,46.5,45,1,2022-03-25 09:00:09
1648198809783122000,46.5,5,46.4,26,46.5,40,1,2022-03-25 09:00:09
1648198810433063000,46.5,6,46.4,26,46.5,34,1,2022-03-25 09:00:10
1648198810443497000,46.5,2,46.4,26,46.5,32,1,2022-03-25 09:00:10
1648198810454247000,46.5,4,46.4,26,46.5,28,1,2022-03-25 09:00:10
1648198811612649000,46.5,1,46.4,20,46.5,27,1,2022-03-25 09:00:11
1648198812302263000,46.5,10,46.4,20,46.5,17,1,2022-03-25 09:00:12
1648198812337379000,46.5,6,46.4,20,46.5,11,1,2022-03-25 09:00:12
1648198812337711000,46.5,2,46.4,20,46.5,9,1,2022-03-25 09:00:12
1648198812347326000,46.5,1,46.4,20,46.5,8,1,2022-03-25 09:00:12
1648198812725937000,46.4,1,46.4,19,46.5,13,2,2022-03-25 09:00:12
1648198813453571000,46.5,1,46.4,19,46.5,12,1,2022-03-25 09:00:13
1648198813488603000,46.5,1,46.4,19,46.5,11,1,2022-03-25 09:00:13
1648198813523901000,46.5,1,46.4,19,46.5,10,1,2022-03-25 09:00:13
1648198813729691000,46.5,1,46.4,19,46.5,9,1,2022-03-25 09:00:13
1648198813759242000,46.5,2,46.4,19,46.5,7,1,2022-03-25 09:00:13
1648198813759284000,46.5,1,46.4,19,46.5,6,1,2022-03-25 09:00:13
1648198814264959000,46.5,1,46.4,20,46.5,5,1,2022-03-25 09:00:14
1648198814296126000,46.5,5,46.4,20,46.55,3,1,2022-03-25 09:00:14
1648198815568876000,46.55,1,46.4,20,46.55,7,1,2022-03-25 09:00:15
1648198815990650000,46.4,1,46.4,21,46.55,7,2,2022-03-25 09:00:15
1648198815993045000,46.4,2,46.4,19,46.55,7,2,2022-03-25 09:00:15
1648198816148063000,46.55,1,46.4,19,46.55,6,1,2022-03-25 09:00:16
1648198816191091000,46.55,1,46.4,19,46.55,5,1,2022-03-25 09:00:16
1648198816840456000,46.5,1,46.4,16,46.55,5,2,2022-03-25 09:00:16
1648198816840456000,46.4,3,46.4,16,46.55,5,2,2022-03-25 09:00:16
1648198818536487000,46.5,1,46.4,17,46.5,4,1,2022-03-25 09:00:18
1648198818977485000,46.5,4,46.4,17,46.55,4,1,2022-03-25 09:00:18
1648198818977485000,46.55,1,46.4,17,46.55,4,1,2022-03-25 09:00:18
1648198819364706000,46.5,1,46.4,15,46.55,4,2,2022-03-25 09:00:19
1648198819364706000,46.4,4,46.4,15,46.55,4,2,2022-03-25 09:00:19
1648198819743758000,46.55,2,46.4,15,46.55,2,1,2022-03-25 09:00:19
1648198821504421000,46.55,1,46.45,1,46.55,1,1,2022-03-25 09:00:21
1648198822141319000,46.45,1,46.3,3,46.4,4,2,2022-03-25 09:00:22
1648198822141319000,46.4,15,46.3,3,46.4,4,2,2022-03-25 09:00:22
1648198823521840000,46.4,1,46.3,3,46.4,3,1,2022-03-25 09:00:23
1648198823642621000,46.4,1,46.3,3,46.4,2,1,2022-03-25 09:00:23
1648198823669102000,46.4,1,46.3,3,46.4,1,1,2022-03-25 09:00:23
1648198824287839000,46.35,5,46.3,3,46.35,1,1,2022-03-25 09:00:24
1648198824320128000,46.35,1,46.3,3,46.4,1,1,2022-03-25 09:00:24
1648198824878279000,46.4,1,46.3,4,46.5,1,1,2022-03-25 09:00:24
1648198825132826000,46.45,1,46.3,4,46.5,1,1,2022-03-25 09:00:25
1648198825175907000,46.5,1,46.3,9,46.55,1,1,2022-03-25 09:00:25
1648198827438830000,46.45,1,46.4,1,46.55,1,1,2022-03-25 09:00:27
1648198827723705000,46.4,1,46.35,5,46.55,1,2,2022-03-25 09:00:27
1648198828238226000,46.3,1,46.3,8,46.55,1,2,2022-03-25 09:00:28
1648198828408990000,46.3,1,46.3,7,46.55,1,2,2022-03-25 09:00:28
1648198828478702000,46.55,1,46.55,2,46.6,6,1,2022-03-25 09:00:28
1648198828514513000,46.55,1,46.55,1,46.6,6,2,2022-03-25 09:00:28
1648198828543812000,46.55,1,46.3,7,46.6,6,2,2022-03-25 09:00:28
1648198830702324000,46.45,1,46.3,3,46.5,9,2,2022-03-25 09:00:30
1648198831413202000,46.4,1,46.3,3,46.45,5,2,2022-03-25 09:00:31
1648198832305650000,46.3,1,46.3,2,46.45,5,2,2022-03-25 09:00:32
1648198832630551000,46.45,3,46.3,2,46.45,2,1,2022-03-25 09:00:32
1648198833715763000,46.45,1,46.3,2,46.45,1,1,2022-03-25 09:00:33
1648198835438912000,46.45,1,46.3,7,46.45,5,1,2022-03-25 09:00:35
1648198835495507000,46.3,5,46.3,2,46.45,5,2,2022-03-25 09:00:35
1648198835601513000,46.45,1,46.3,2,46.45,4,1,2022-03-25 09:00:35
1648198835852357000,46.45,1,46.3,2,46.45,3,1,2022-03-25 09:00:35
1648198835935090000,46.45,1,46.3,2,46.45,2,1,2022-03-25 09:00:35
1648198836699044000,46.45,1,46.3,2,46.45,1,1,2022-03-25 09:00:36
1648198836780664000,46.45,1,46.4,2,46.5,10,1,2022-03-25 09:00:36
1648198838368926000,46.45,1,46.4,4,46.5,10,2,2022-03-25 09:00:38
1648198839360180000,46.4,1,46.4,3,46.45,3,2,2022-03-25 09:00:39
1648198839409434000,46.45,1,46.4,3,46.45,2,1,2022-03-25 09:00:39
1648198839447756000,46.45,1,46.4,3,46.45,1,1,2022-03-25 09:00:39
1648198840262345000,46.4,3,46.3,3,46.4,17,2,2022-03-25 09:00:40
1648198840367300000,46.4,1,46.3,3,46.4,16,1,2022-03-25 09:00:40
1648198840398470000,46.4,1,46.3,3,46.4,15,1,2022-03-25 09:00:40
1648198840487951000,46.4,3,46.3,3,46.4,12,1,2022-03-25 09:00:40
1648198840959166000,46.4,1,46.3,3,46.4,11,1,2022-03-25 09:00:40
1648198841011774000,46.4,1,46.3,3,46.4,10,1,2022-03-25 09:00:41
1648198841871019000,46.35,1,46.3,3,46.35,1,1,2022-03-25 09:00:41
1648198841994974000,46.3,1,46.3,2,46.35,1,2,2022-03-25 09:00:41
1648198842405883000,46.35,1,46.3,2,46.4,12,1,2022-03-25 09:00:42
1648198842716081000,46.4,1,46.3,2,46.4,11,1,2022-03-25 09:00:42
1648198843149207000,46.3,2,46.2,43,46.4,11,2,2022-03-25 09:00:43
1648198843149207000,46.25,4,46.2,43,46.4,11,2,2022-03-25 09:00:43
1648198843149207000,46.2,6,46.2,43,46.4,11,2,2022-03-25 09:00:43
1648198843850857000,46.3,2,46.2,43,46.35,18,2,2022-03-25 09:00:43
1648198843903880000,46.35,2,46.2,43,46.35,16,1,2022-03-25 09:00:43
1648198843936224000,46.35,1,46.2,43,46.35,15,1,2022-03-25 09:00:43
1648198844423162000,46.35,2,46.2,43,46.35,13,1,2022-03-25 09:00:44
1648198845809500000,46.2,15,46.2,28,46.35,13,2,2022-03-25 09:00:45
1648198846168146000,46.2,1,46.2,27,46.35,13,2,2022-03-25 09:00:46
1648198846369526000,46.2,1,46.2,26,46.35,13,2,2022-03-25 09:00:46
1648198847805852000,46.2,1,46.2,26,46.35,14,2,2022-03-25 09:00:47
1648198848264342000,46.2,1,46.2,25,46.35,14,2,2022-03-25 09:00:48
1648198848914582000,46.2,1,46.2,24,46.35,14,2,2022-03-25 09:00:48
1648198849048671000,46.35,1,46.2,24,46.35,13,1,2022-03-25 09:00:49
1648198849589958000,46.3,1,46.2,24,46.35,12,1,2022-03-25 09:00:49
1648198849589958000,46.35,1,46.2,24,46.35,12,1,2022-03-25 09:00:49
1648198850038774000,46.3,1,46.2,24,46.35,12,2,2022-03-25 09:00:50
1648198850628386000,46.2,3,46.2,22,46.35,13,2,2022-03-25 09:00:50
1648198850754836000,46.35,1,46.2,22,46.35,12,1,2022-03-25 09:00:50
1648198851647690000,46.2,1,46.2,21,46.35,12,2,2022-03-25 09:00:51
1648198852726963000,46.3,2,46.25,1,46.3,2,2,2022-03-25 09:00:52
1648198853335575000,46.3,1,46.25,1,46.3,1,1,2022-03-25 09:00:53
1648198855169513000,46.3,1,46.25,1,46.3,1,1,2022-03-25 09:00:55
1648198855257393000,46.25,3,46.2,15,46.3,1,2,2022-03-25 09:00:55
1648198855257393000,46.2,7,46.2,15,46.3,1,2,2022-03-25 09:00:55
1648198855857876000,46.3,1,46.2,15,46.35,12,1,2022-03-25 09:00:55
1648198857695682000,46.3,3,46.2,17,46.35,12,2,2022-03-25 09:00:57
1648198858926999000,46.25,1,46.2,17,46.25,5,1,2022-03-25 09:00:58
1648198859441376000,46.25,1,46.2,17,46.25,4,1,2022-03-25 09:00:59
1648198860733142000,46.25,1,46.2,20,46.25,3,1,2022-03-25 09:01:00
1648198861463259000,46.2,2,46.2,18,46.25,3,2,2022-03-25 09:01:01
1648198863156325000,46.25,3,46.2,20,46.35,17,1,2022-03-25 09:01:03
1648198863156325000,46.3,7,46.2,20,46.35,17,1,2022-03-25 09:01:03
1648198863948121000,46.25,5,46.2,20,46.35,13,1,2022-03-25 09:01:03
1648198863948121000,46.3,1,46.2,20,46.35,13,1,2022-03-25 09:01:03
1648198863948121000,46.35,4,46.2,20,46.35,13,1,2022-03-25 09:01:03
1648198866363344000,46.25,2,46.2,23,46.25,3,2,2022-03-25 09:01:06
1648198866365764000,46.25,1,46.2,23,46.25,2,1,2022-03-25 09:01:06
1648198866850895000,46.25,2,46.2,23,46.35,14,1,2022-03-25 09:01:06
1648198869427265000,46.3,1,46.25,10,46.35,13,1,2022-03-25 09:01:09
1648198869427265000,46.35,1,46.25,10,46.35,13,1,2022-03-25 09:01:09
1648198872130855000,46.3,1,46.25,12,46.3,5,1,2022-03-25 09:01:12
1648198873350693000,46.25,4,46.25,9,46.3,10,2,2022-03-25 09:01:13
1648198873379737000,46.25,1,46.25,8,46.3,10,2,2022-03-25 09:01:13
1648198873386258000,46.25,1,46.25,7,46.3,10,2,2022-03-25 09:01:13
1648198873408987000,46.25,1,46.25,6,46.3,10,2,2022-03-25 09:01:13
1648198873449656000,46.25,1,46.25,5,46.3,10,2,2022-03-25 09:01:13
1648198873474488000,46.25,5,46.2,30,46.3,10,2,2022-03-25 09:01:13
1648198873623034000,46.25,1,46.2,29,46.3,10,1,2022-03-25 09:01:13
1648198874210620000,46.25,1,46.2,32,46.3,10,1,2022-03-25 09:01:14
1648198874210620000,46.3,1,46.2,32,46.3,10,1,2022-03-25 09:01:14
1648198875226688000,46.2,10,46.2,22,46.3,11,2,2022-03-25 09:01:15
1648198875246869000,46.2,22,46.15,14,46.3,11,2,2022-03-25 09:01:15
1648198875681382000,46.15,5,46.15,9,46.25,2,2,2022-03-25 09:01:15
1648198876537298000,46.15,2,46.15,7,46.25,2,2,2022-03-25 09:01:16
1648198876681000000,46.15,1,46.15,6,46.25,2,2,2022-03-25 09:01:16
1648198876977908000,46.25,1,46.15,6,46.25,1,1,2022-03-25 09:01:16
1648198877089782000,46.15,6,46.1,13,46.25,1,2,2022-03-25 09:01:17
1648198877089782000,46.1,4,46.1,13,46.25,1,2,2022-03-25 09:01:17
1648198877601962000,46.1,5,46.1,8,46.25,1,2,2022-03-25 09:01:17
1648198877633925000,46.1,2,46.1,6,46.25,1,2,2022-03-25 09:01:17
1648198877645215000,46.25,1,46.1,6,46.3,11,1,2022-03-25 09:01:17
1648198878099628000,46.1,3,46.1,3,46.15,2,2,2022-03-25 09:01:18
1648198878125067000,46.1,3,46.05,7,46.15,2,2,2022-03-25 09:01:18
1648198879109555000,46.05,1,46.05,6,46.15,3,2,2022-03-25 09:01:19
1648198879354910000,46.15,1,46.05,6,46.15,2,1,2022-03-25 09:01:19
1648198881019336000,46.15,2,46.05,6,46.25,1,1,2022-03-25 09:01:21
1648198881019336000,46.25,3,46.05,6,46.25,1,1,2022-03-25 09:01:21
1648198882445551000,46.15,1,46.05,6,46.2,1,2,2022-03-25 09:01:22
1648198882486261000,46.05,3,46.05,3,46.2,1,2,2022-03-25 09:01:22
1648198882931059000,46.05,3,46.0,66,46.2,1,2,2022-03-25 09:01:22
1648198882931059000,46.0,3,46.0,66,46.2,1,2,2022-03-25 09:01:22
1648198883784118000,46.2,1,46.1,1,46.25,1,1,2022-03-25 09:01:23
1648198885238789000,46.1,1,46.0,67,46.15,1,2,2022-03-25 09:01:25
1648198886744886000,46.0,65,46.0,3,46.15,1,2,2022-03-25 09:01:26
1648198886779681000,46.0,3,45.95,11,46.15,1,2,2022-03-25 09:01:26
1648198887999446000,46.05,1,45.95,11,46.1,9,2,2022-03-25 09:01:27
1648198888854205000,46.0,1,45.95,9,46.1,9,2,2022-03-25 09:01:28
1648198888854205000,45.95,2,45.95,9,46.1,9,2,2022-03-25 09:01:28
1648198889172860000,45.95,3,45.95,6,46.1,9,2,2022-03-25 09:01:29
1648198890001599000,46.1,1,45.95,6,46.1,8,1,2022-03-25 09:01:30
1648198890249300000,45.95,2,45.95,4,46.1,8,2,2022-03-25 09:01:30
1648198890725581000,45.95,1,45.95,3,46.1,8,2,2022-03-25 09:01:30
1648198890761279000,45.95,3,45.9,2,46.1,8,2,2022-03-25 09:01:30
1648198891095463000,46.05,1,45.9,2,46.1,8,1,2022-03-25 09:01:31
1648198891172164000,45.9,1,45.9,1,46.1,8,2,2022-03-25 09:01:31
1648198891355129000,45.9,1,45.85,2,46.1,8,2,2022-03-25 09:01:31
1648198892864503000,45.95,1,45.85,2,46.0,5,2,2022-03-25 09:01:32
1648198893667946000,46.0,1,45.85,2,46.0,4,1,2022-03-25 09:01:33
1648198893810372000,46.0,4,45.85,2,46.1,5,1,2022-03-25 09:01:33
1648198893810372000,46.05,2,45.85,2,46.1,5,1,2022-03-25 09:01:33
1648198893810372000,46.1,4,45.85,2,46.1,5,1,2022-03-25 09:01:33
1648198893812234000,45.85,1,45.85,1,46.1,5,2,2022-03-25 09:01:33
1648198894175474000,45.85,1,45.8,11,45.85,3,2,2022-03-25 09:01:34
1648198894211653000,45.85,3,45.8,11,45.95,1,1,2022-03-25 09:01:34
1648198894933725000,45.95,3,45.8,11,46.05,3,1,2022-03-25 09:01:34
1648198894933725000,46.05,2,45.8,11,46.05,3,1,2022-03-25 09:01:34
1648198900268150000,45.95,1,45.9,4,45.95,2,1,2022-03-25 09:01:40
1648198900543896000,45.95,2,45.95,1,46.0,5,1,2022-03-25 09:01:40
1648198901480586000,45.95,1,45.95,2,46.0,5,2,2022-03-25 09:01:41
1648198903808480000,46.0,1,45.95,2,46.0,4,1,2022-03-25 09:01:43
1648198904178653000,45.95,2,45.9,2,46.0,4,2,2022-03-25 09:01:44
1648198904178653000,45.9,2,45.9,2,46.0,4,2,2022-03-25 09:01:44
1648198904242507000,45.9,2,45.85,3,45.95,1,2,2022-03-25 09:01:44
1648198904712314000,45.85,2,45.85,1,45.95,1,2,2022-03-25 09:01:44
1648198905764241000,45.9,1,45.8,13,45.95,1,1,2022-03-25 09:01:45
1648198907416667000,45.95,1,45.8,13,45.95,11,1,2022-03-25 09:01:47
1648198907439446000,45.8,1,45.8,12,45.95,11,2,2022-03-25 09:01:47
1648198909762962000,45.9,1,45.8,12,45.95,23,1,2022-03-25 09:01:49
1648198911377338000,45.8,2,45.8,10,45.95,23,2,2022-03-25 09:01:51
1648198912455341000,45.8,10,45.75,2,45.95,23,2,2022-03-25 09:01:52
1648198913245119000,45.85,1,45.85,1,45.95,23,2,2022-03-25 09:01:53
1648198913561459000,45.85,1,45.75,2,45.95,23,2,2022-03-25 09:01:53
1648198914149706000,45.75,2,45.7,11,45.85,1,2,2022-03-25 09:01:54
1648198914265145000,45.7,1,45.7,10,45.85,1,2,2022-03-25 09:01:54
1648198914376801000,45.7,10,45.65,55,45.85,1,2,2022-03-25 09:01:54
1648198914590197000,45.65,1,45.65,54,45.8,3,2,2022-03-25 09:01:54
1648198915037817000,45.8,1,45.65,54,45.8,2,1,2022-03-25 09:01:55
1648198915990813000,45.8,1,45.65,55,45.8,1,1,2022-03-25 09:01:55
1648198916016862000,45.8,1,45.65,55,45.9,5,1,2022-03-25 09:01:56
1648198916016862000,45.85,1,45.65,55,45.9,5,1,2022-03-25 09:01:56
1648198917237069000,45.65,1,45.65,55,45.85,1,2,2022-03-25 09:01:57
1648198917824064000,45.85,1,45.65,55,45.9,4,1,2022-03-25 09:01:57
1648198917824064000,45.9,1,45.65,55,45.9,4,1,2022-03-25 09:01:57
1648198920450997000,45.7,1,45.65,53,45.9,6,2,2022-03-25 09:02:00
1648198920450997000,45.65,2,45.65,53,45.9,6,2,2022-03-25 09:02:00
1648198920796722000,45.65,4,45.65,49,45.9,6,2,2022-03-25 09:02:00
1648198920960167000,45.65,3,45.65,46,45.85,6,2,2022-03-25 09:02:00
1648198921322129000,45.65,46,45.6,8,45.85,6,2,2022-03-25 09:02:01
1648198921322129000,45.6,4,45.6,8,45.85,6,2,2022-03-25 09:02:01
1648198922526545000,45.6,8,45.5,9,45.8,9,2,2022-03-25 09:02:02
1648198922526545000,45.5,2,45.5,9,45.8,9,2,2022-03-25 09:02:02
1648198922546368000,45.5,2,45.5,7,45.8,9,2,2022-03-25 09:02:02
1648198923340316000,45.75,2,45.5,9,45.75,5,1,2022-03-25 09:02:03
1648198924223243000,45.8,2,45.5,9,45.8,2,1,2022-03-25 09:02:04
1648198924335539000,45.5,2,45.5,7,45.8,2,2,2022-03-25 09:02:04
1648198924375549000,45.5,1,45.5,6,45.8,7,2,2022-03-25 09:02:04
1648198925132075000,45.7,1,45.5,6,45.7,4,1,2022-03-25 09:02:05
1648198927028574000,45.6,1,45.5,3,45.75,6,2,2022-03-25 09:02:07
1648198927028574000,45.55,1,45.5,3,45.75,6,2,2022-03-25 09:02:07
1648198927028574000,45.5,3,45.5,3,45.75,6,2,2022-03-25 09:02:07
1648198927922715000,45.75,2,45.5,3,45.75,4,1,2022-03-25 09:02:07
1648198930948338000,45.7,1,45.55,1,45.8,7,1,2022-03-25 09:02:10
1648198932789541000,45.55,1,45.4,1,45.75,4,2,2022-03-25 09:02:12
1648198932789541000,45.5,3,45.4,1,45.75,4,2,2022-03-25 09:02:12
1648198932789541000,45.4,1,45.4,1,45.75,4,2,2022-03-25 09:02:12
1648198934230829000,45.45,1,45.3,1,45.7,5,2,2022-03-25 09:02:14
1648198934230829000,45.4,1,45.3,1,45.7,5,2,2022-03-25 09:02:14
1648198934400536000,45.5,3,45.3,1,45.7,5,2,2022-03-25 09:02:14
1648198935162704000,45.6,1,45.3,1,45.65,5,2,2022-03-25 09:02:15
1648198935582208000,45.6,2,45.3,1,45.6,3,1,2022-03-25 09:02:15
1648198937857122000,45.45,1,45.35,2,45.7,4,2,2022-03-25 09:02:17
1648198939966982000,45.6,1,45.6,1,45.65,4,1,2022-03-25 09:02:19
1648198940292594000,45.65,1,45.6,1,45.65,5,1,2022-03-25 09:02:20
1648198940566437000,45.6,1,45.45,1,45.65,5,2,2022-03-25 09:02:20
1648198944112330000,45.5,1,45.45,1,45.6,2,2,2022-03-25 09:02:24
1648198944863003000,45.6,2,45.45,2,45.75,2,1,2022-03-25 09:02:24
1648198944863003000,45.65,4,45.45,2,45.75,2,1,2022-03-25 09:02:24
1648198944863003000,45.7,3,45.45,2,45.75,2,1,2022-03-25 09:02:24
1648198944863003000,45.75,1,45.45,2,45.75,2,1,2022-03-25 09:02:24
1648198944931784000,45.75,1,45.5,1,45.75,1,1,2022-03-25 09:02:24
1648198945037699000,45.75,1,45.5,1,45.85,5,1,2022-03-25 09:02:25
1648198945037699000,45.8,2,45.5,1,45.85,5,1,2022-03-25 09:02:25
1648198947457490000,45.7,1,45.55,3,45.85,5,2,2022-03-25 09:02:27
1648198953470663000,45.7,2,45.55,2,45.8,3,2,2022-03-25 09:02:33
1648198953470663000,45.65,1,45.55,2,45.8,3,2,2022-03-25 09:02:33
1648198953470663000,45.6,10,45.55,2,45.8,3,2,2022-03-25 09:02:33
1648198953470663000,45.55,2,45.55,2,45.8,3,2,2022-03-25 09:02:33
1648198955218086000,45.6,3,45.55,2,45.75,2,2,2022-03-25 09:02:35
1648198955240452000,45.55,2,45.5,11,45.75,2,2,2022-03-25 09:02:35
1648198955240452000,45.5,1,45.5,11,45.75,2,2,2022-03-25 09:02:35
1648198955412599000,45.5,8,45.5,3,45.7,1,2,2022-03-25 09:02:35
1648198956167604000,45.65,1,45.5,3,45.7,7,1,2022-03-25 09:02:36
1648198958764653000,45.6,1,45.5,3,45.7,2,2,2022-03-25 09:02:38
1648198963462595000,45.5,3,45.5,2,45.7,10,2,2022-03-25 09:02:43
1648198963486912000,45.5,2,45.45,5,45.7,10,2,2022-03-25 09:02:43
1648198963935432000,45.45,2,45.45,3,45.65,7,2,2022-03-25 09:02:43
1648198965165088000,45.6,1,45.45,3,45.65,7,2,2022-03-25 09:02:45
1648198968594059000,45.6,2,45.6,3,45.65,6,2,2022-03-25 09:02:48
1648198969781750000,45.65,1,45.6,3,45.65,5,1,2022-03-25 09:02:49
1648198971825738000,45.65,1,45.6,3,45.65,4,1,2022-03-25 09:02:51
1648198972806980000,45.65,2,45.6,4,45.65,2,1,2022-03-25 09:02:52
1648198973326669000,45.65,1,45.6,6,45.65,1,1,2022-03-25 09:02:53
1648198973369124000,45.65,1,45.6,6,45.7,10,1,2022-03-25 09:02:53
1648198980775838000,45.65,1,45.65,3,45.7,8,2,2022-03-25 09:03:00
1648198981320805000,45.65,3,45.6,7,45.7,8,2,2022-03-25 09:03:01
1648198981320805000,45.6,2,45.6,7,45.7,8,2,2022-03-25 09:03:01
1648198987548587000,45.65,1,45.6,11,45.65,1,2,2022-03-25 09:03:07
1648198987983418000,45.6,1,45.6,10,45.65,1,2,2022-03-25 09:03:07
1648198989023347000,45.6,4,45.6,7,45.65,1,2,2022-03-25 09:03:09
1648198991762020000,45.6,1,45.6,7,45.65,3,2,2022-03-25 09:03:11
1648198994280456000,45.65,1,45.6,7,45.65,2,1,2022-03-25 09:03:14
1648198996355424000,45.6,1,45.6,8,45.65,2,2,2022-03-25 09:03:16
1648198998176304000,45.6,1,45.6,7,45.65,2,2,2022-03-25 09:03:18
1648198998803702000,45.6,7,45.5,9,45.65,2,2,2022-03-25 09:03:18
1648198999275329000,45.65,1,45.5,9,45.65,1,1,2022-03-25 09:03:19
1648198999677204000,45.65,2,45.6,4,45.65,1,1,2022-03-25 09:03:19
1648198999892839000,45.6,1,45.6,3,45.65,1,2,2022-03-25 09:03:19
1648199005096435000,45.65,2,45.6,10,45.65,9,1,2022-03-25 09:03:25
1648199006972877000,45.65,1,45.6,10,45.65,10,1,2022-03-25 09:03:26
1648199010394332000,45.65,2,45.6,11,45.65,9,1,2022-03-25 09:03:30
1648199011767244000,45.65,1,45.6,13,45.65,8,1,2022-03-25 09:03:31
1648199022506662000,45.6,1,45.6,14,45.65,7,2,2022-03-25 09:03:42
1648199024030330000,45.65,1,45.6,14,45.65,6,1,2022-03-25 09:03:44
1648199024989533000,45.6,1,45.6,13,45.65,6,2,2022-03-25 09:03:44
1648199025065686000,45.65,6,45.65,49,45.7,10,1,2022-03-25 09:03:45
1648199031475169000,45.7,8,45.65,68,45.75,8,1,2022-03-25 09:03:51
1648199033810050000,45.7,1,45.7,1,45.75,8,1,2022-03-25 09:03:53
1648199034791062000,45.75,2,45.7,2,45.75,6,1,2022-03-25 09:03:54
1648199042811975000,45.75,6,45.7,16,45.8,14,1,2022-03-25 09:04:02
1648199043191397000,45.7,6,45.7,10,45.8,14,2,2022-03-25 09:04:03
1648199043224743000,45.7,6,45.7,4,45.8,14,2,2022-03-25 09:04:03
1648199043285344000,45.7,4,45.65,59,45.7,2,2,2022-03-25 09:04:03
1648199043344825000,45.7,1,45.65,59,45.7,7,1,2022-03-25 09:04:03
1648199044402715000,45.7,3,45.65,60,45.7,4,1,2022-03-25 09:04:04
1648199044459652000,45.65,1,45.65,59,45.7,4,2,2022-03-25 09:04:04
1648199046596105000,45.65,2,45.65,58,45.7,5,2,2022-03-25 09:04:06
1648199047549415000,45.7,2,45.65,60,45.7,3,1,2022-03-25 09:04:07
1648199049704051000,45.65,2,45.65,59,45.7,3,2,2022-03-25 09:04:09
1648199050829801000,45.7,3,45.7,2,45.8,12,1,2022-03-25 09:04:10
1648199054311254000,45.7,1,45.7,5,45.8,12,2,2022-03-25 09:04:14
1648199054467715000,45.8,10,45.7,5,45.8,2,1,2022-03-25 09:04:14
1648199054497748000,45.8,1,45.7,5,45.8,1,1,2022-03-25 09:04:14
1648199055694060000,45.8,1,45.8,1,45.85,6,1,2022-03-25 09:04:15
1648199064970304000,45.85,5,45.8,6,45.85,1,1,2022-03-25 09:04:24
1648199067786413000,45.85,1,45.8,7,45.9,2,1,2022-03-25 09:04:27
1648199068237231000,45.9,1,45.8,7,45.9,1,1,2022-03-25 09:04:28
1648199069786149000,45.9,1,45.85,2,45.95,26,1,2022-03-25 09:04:29
1648199071218538000,45.95,1,45.85,2,45.95,25,1,2022-03-25 09:04:31
1648199074450615000,45.95,2,45.9,3,45.95,23,1,2022-03-25 09:04:34
1648199075036579000,45.95,1,45.9,3,45.95,22,1,2022-03-25 09:04:35
1648199077658755000,45.95,2,45.9,3,45.95,18,1,2022-03-25 09:04:37
1648199077928416000,45.95,1,45.9,3,45.95,17,1,2022-03-25 09:04:37
1648199078290797000,45.95,1,45.9,3,45.95,16,1,2022-03-25 09:04:38
1648199078291974000,45.95,8,45.9,3,45.95,8,1,2022-03-25 09:04:38
1648199078902674000,45.95,8,45.95,4,46.0,8,1,2022-03-25 09:04:38
1648199079235659000,46.0,2,45.95,4,46.0,6,1,2022-03-25 09:04:39
1648199079958386000,46.0,6,45.95,6,46.1,7,1,2022-03-25 09:04:39
1648199079958386000,46.05,1,45.95,6,46.1,7,1,2022-03-25 09:04:39
1648199079958386000,46.1,3,45.95,6,46.1,7,1,2022-03-25 09:04:39
1648199081235421000,46.1,1,45.95,6,46.1,6,1,2022-03-25 09:04:41
1648199088412171000,46.1,2,46.0,6,46.1,4,1,2022-03-25 09:04:48
1648199089631942000,46.1,3,46.0,6,46.1,1,1,2022-03-25 09:04:49
1648199091292298000,46.1,1,46.1,1,46.15,2,1,2022-03-25 09:04:51
1648199092255316000,46.1,1,46.1,2,46.15,2,2,2022-03-25 09:04:52
1648199095630090000,46.15,1,46.1,3,46.15,4,1,2022-03-25 09:04:55
1648199096820773000,46.1,1,46.1,2,46.15,5,2,2022-03-25 09:04:56
1648199097471375000,46.1,1,46.1,2,46.15,5,2,2022-03-25 09:04:57
1648199097798787000,46.1,2,46.0,5,46.15,5,2,2022-03-25 09:04:57
1648199098660630000,46.1,3,46.0,5,46.1,1,1,2022-03-25 09:04:58
1648199102232240000,46.1,1,46.0,5,46.1,1,1,2022-03-25 09:05:02
1648199102488013000,46.1,1,46.0,15,46.15,6,1,2022-03-25 09:05:02
1648199102644183000,46.0,15,45.95,6,46.05,6,2,2022-03-25 09:05:02
1648199102732254000,46.05,1,45.95,6,46.05,5,1,2022-03-25 09:05:02
1648199104418060000,46.05,1,46.0,1,46.05,4,1,2022-03-25 09:05:04
1648199104436451000,46.0,1,45.95,6,46.05,4,2,2022-03-25 09:05:04
1648199105743492000,46.05,4,46.1,4,46.15,6,1,2022-03-25 09:05:05
1648199105743492000,46.1,2,46.1,4,46.15,6,1,2022-03-25 09:05:05
1648199105841216000,46.1,3,46.1,1,46.15,6,2,2022-03-25 09:05:05
1648199105879118000,46.1,1,45.95,7,46.15,6,2,2022-03-25 09:05:05
1648199107231935000,46.0,1,45.95,7,46.0,6,1,2022-03-25 09:05:07
1648199108778482000,46.0,2,45.95,7,46.0,3,1,2022-03-25 09:05:08
1648199110226892000,46.0,3,45.95,7,46.1,1,1,2022-03-25 09:05:10
1648199110226892000,46.1,2,45.95,7,46.1,1,1,2022-03-25 09:05:10
1648199111857504000,46.0,3,46.0,2,46.1,9,1,2022-03-25 09:05:11
1648199112230711000,46.1,1,46.0,2,46.1,8,1,2022-03-25 09:05:12
1648199114372451000,46.0,1,46.0,2,46.1,6,2,2022-03-25 09:05:14
1648199118013253000,46.05,1,46.1,4,46.15,2,1,2022-03-25 09:05:18
1648199118013253000,46.1,2,46.1,4,46.15,2,1,2022-03-25 09:05:18
1648199118052853000,46.1,4,46.0,10,46.1,6,2,2022-03-25 09:05:18
1648199118415270000,46.1,1,46.0,9,46.1,5,1,2022-03-25 09:05:18
1648199119941612000,46.0,1,46.0,9,46.05,6,2,2022-03-25 09:05:19
1648199120097307000,46.0,2,46.0,8,46.05,4,2,2022-03-25 09:05:20
1648199121144567000,46.0,1,46.0,7,46.05,4,2,2022-03-25 09:05:21
1648199121543023000,46.0,7,45.95,8,46.05,37,2,2022-03-25 09:05:21
1648199121556171000,46.05,1,45.95,8,46.05,36,1,2022-03-25 09:05:21
1648199121610419000,45.95,2,45.95,6,46.0,2,2,2022-03-25 09:05:21
1648199121632091000,45.95,6,45.9,4,46.0,2,2,2022-03-25 09:05:21
1648199122510744000,46.0,1,45.9,4,46.0,5,1,2022-03-25 09:05:22
1648199122814322000,45.9,2,45.9,2,45.95,4,2,2022-03-25 09:05:22
1648199122841736000,45.9,2,45.85,4,45.95,6,2,2022-03-25 09:05:22
1648199122880622000,45.9,1,45.85,4,45.95,4,1,2022-03-25 09:05:22
1648199122880622000,45.95,2,45.85,4,45.95,4,1,2022-03-25 09:05:22
1648199124960351000,45.9,3,45.85,4,45.9,3,1,2022-03-25 09:05:24
1648199132984234000,45.9,1,45.85,5,45.95,4,1,2022-03-25 09:05:32
1648199138205924000,45.9,1,45.85,5,45.95,2,1,2022-03-25 09:05:38
1648199138573775000,45.9,1,45.8,4,45.95,2,2,2022-03-25 09:05:38
1648199138573775000,45.85,5,45.8,4,45.95,2,2,2022-03-25 09:05:38
1648199138573775000,45.8,4,45.8,4,45.95,2,2,2022-03-25 09:05:38
1648199139138109000,45.9,2,45.8,4,45.9,1,1,2022-03-25 09:05:39
1648199139219200000,45.9,1,45.8,4,45.95,2,1,2022-03-25 09:05:39
1648199140782942000,45.9,1,45.85,12,45.95,2,1,2022-03-25 09:05:40
1648199141434442000,45.85,1,45.85,11,45.95,2,2,2022-03-25 09:05:41
1648199143811207000,45.85,2,45.85,9,45.9,1,2,2022-03-25 09:05:43
1648199143837392000,45.85,1,45.85,8,45.9,1,2,2022-03-25 09:05:43
1648199145270576000,45.85,5,45.85,3,45.9,1,2,2022-03-25 09:05:45
1648199145708821000,45.85,1,45.85,2,45.9,1,2,2022-03-25 09:05:45
1648199149730977000,45.9,1,45.85,3,46.0,8,1,2022-03-25 09:05:49
1648199149730977000,45.95,1,45.85,3,46.0,8,1,2022-03-25 09:05:49
1648199149730977000,46.0,1,45.85,3,46.0,8,1,2022-03-25 09:05:49
1648199150990113000,45.85,3,45.7,3,45.95,2,2,2022-03-25 09:05:50
1648199150990113000,45.8,3,45.7,3,45.95,2,2,2022-03-25 09:05:50
1648199150990113000,45.7,4,45.7,3,45.95,2,2,2022-03-25 09:05:50
1648199151350273000,45.9,1,45.7,3,45.95,2,2,2022-03-25 09:05:51
1648199152125690000,45.9,2,45.75,1,45.95,2,2,2022-03-25 09:05:52
1648199156888448000,45.85,1,45.75,1,45.85,9,1,2022-03-25 09:05:56
1648199159350749000,45.75,2,45.7,2,45.8,1,2,2022-03-25 09:05:59
1648199159350749000,45.7,1,45.7,2,45.8,1,2,2022-03-25 09:05:59
1648199159408216000,45.75,1,45.7,2,45.8,1,1,2022-03-25 09:05:59
1648199159574386000,45.75,1,45.7,2,45.85,8,1,2022-03-25 09:05:59
1648199159574386000,45.8,1,45.7,2,45.85,8,1,2022-03-25 09:05:59
1648199159574386000,45.85,1,45.7,2,45.85,8,1,2022-03-25 09:05:59
1648199161819669000,45.85,4,45.75,1,45.85,5,1,2022-03-25 09:06:01
1648199165518895000,45.8,1,45.8,1,45.85,5,1,2022-03-25 09:06:05
1648199166132202000,45.85,3,45.8,1,45.85,2,1,2022-03-25 09:06:06
1648199166184948000,45.8,1,45.75,1,45.85,2,2,2022-03-25 09:06:06
1648199170272941000,45.85,2,45.8,5,45.9,2,1,2022-03-25 09:06:10
1648199171935296000,45.9,2,45.85,1,46.0,8,1,2022-03-25 09:06:11
1648199172271375000,46.0,3,45.85,1,46.0,5,1,2022-03-25 09:06:12
1648199179602785000,46.0,1,45.95,1,46.0,5,1,2022-03-25 09:06:19
1648199182610680000,46.0,1,45.95,1,46.0,6,1,2022-03-25 09:06:22
1648199182649839000,45.95,1,45.9,1,46.0,6,2,2022-03-25 09:06:22
1648199188645615000,45.95,1,45.9,1,46.0,10,1,2022-03-25 09:06:28
1648199188732111000,45.9,1,45.8,3,46.0,10,2,2022-03-25 09:06:28
1648199188732111000,45.85,1,45.8,3,46.0,10,2,2022-03-25 09:06:28
1648199188732111000,45.8,2,45.8,3,46.0,10,2,2022-03-25 09:06:28
1648199194293833000,45.9,2,45.8,6,45.9,1,1,2022-03-25 09:06:34
1648199195490128000,45.8,2,45.8,4,45.9,1,2,2022-03-25 09:06:35
1648199201621459000,45.8,1,45.8,4,45.9,1,2,2022-03-25 09:06:41
1648199206257371000,45.8,3,45.8,1,45.9,1,2,2022-03-25 09:06:46
1648199206286807000,45.8,1,45.75,1,45.9,1,2,2022-03-25 09:06:46
1648199210264323000,45.8,1,45.75,1,45.8,1,1,2022-03-25 09:06:50
1648199210265185000,45.8,1,45.8,4,45.9,3,1,2022-03-25 09:06:50
1648199212683130000,45.9,1,45.9,9,46.0,29,1,2022-03-25 09:06:52
1648199212911792000,45.9,1,45.9,8,46.0,29,2,2022-03-25 09:06:52
1648199215228450000,45.9,1,45.9,7,46.0,29,2,2022-03-25 09:06:55
1648199217411313000,45.9,7,45.65,51,45.95,1,2,2022-03-25 09:06:57
1648199217411313000,45.8,4,45.65,51,45.95,1,2,2022-03-25 09:06:57
1648199217411313000,45.75,1,45.65,51,45.95,1,2,2022-03-25 09:06:57
1648199217411313000,45.7,19,45.65,51,45.95,1,2,2022-03-25 09:06:57
1648199217411313000,45.65,9,45.65,51,45.95,1,2,2022-03-25 09:06:57
1648199239953138000,45.8,3,45.8,1,45.9,6,1,2022-03-25 09:07:19
1648199252279746000,45.8,1,45.8,4,45.85,2,2,2022-03-25 09:07:32
1648199252332292000,45.8,1,45.8,3,45.85,2,2,2022-03-25 09:07:32
1648199271617034000,45.85,1,45.8,34,45.85,1,1,2022-03-25 09:07:51
1648199272700349000,45.85,1,45.8,34,45.9,4,1,2022-03-25 09:07:52
1648199277219803000,45.9,1,45.8,34,45.9,3,1,2022-03-25 09:07:57
1648199285218379000,45.9,3,45.8,33,45.9,1,1,2022-03-25 09:08:05
1648199288824423000,45.9,1,45.8,33,45.95,21,1,2022-03-25 09:08:08
1648199289162725000,45.8,10,45.8,24,45.95,21,2,2022-03-25 09:08:09
1648199291253084000,45.9,1,45.8,25,45.9,17,1,2022-03-25 09:08:11
1648199298035137000,45.9,2,45.85,8,45.9,15,1,2022-03-25 09:08:18
1648199300631938000,45.9,10,45.85,9,45.9,5,1,2022-03-25 09:08:20
1648199300657777000,45.9,4,45.85,9,45.9,1,1,2022-03-25 09:08:20
1648199300659304000,45.9,1,45.85,9,45.95,20,1,2022-03-25 09:08:20
1648199303144474000,45.85,1,45.85,8,45.95,20,2,2022-03-25 09:08:23
1648199305598947000,45.95,5,45.85,8,45.95,15,1,2022-03-25 09:08:25
1648199305637797000,45.85,2,45.85,6,45.95,15,2,2022-03-25 09:08:25
1648199305656931000,45.95,2,45.85,6,45.95,13,1,2022-03-25 09:08:25
1648199312084130000,45.9,1,45.85,16,45.95,14,1,2022-03-25 09:08:32
1648199317299207000,45.9,1,45.9,1,45.95,15,2,2022-03-25 09:08:37
1648199325602537000,45.9,1,45.9,1,45.95,18,2,2022-03-25 09:08:45
1648199333393814000,45.95,1,45.9,3,45.95,17,1,2022-03-25 09:08:53
1648199344905955000,45.9,2,45.9,1,45.95,16,2,2022-03-25 09:09:04
1648199354252581000,45.9,1,45.9,2,45.95,21,2,2022-03-25 09:09:14
1648199354313697000,45.9,2,45.85,5,45.95,21,2,2022-03-25 09:09:14
1648199364606315000,45.85,1,45.85,4,45.9,1,2,2022-03-25 09:09:24
1648199364665538000,45.85,3,45.85,1,45.9,1,2,2022-03-25 09:09:24
1648199365288615000,45.9,1,45.85,1,45.95,21,1,2022-03-25 09:09:25
1648199377839314000,45.9,2,45.9,9,45.95,21,2,2022-03-25 09:09:37
1648199389268760000,45.95,3,45.9,10,45.95,18,1,2022-03-25 09:09:49
1648199391269718000,45.9,1,45.9,9,45.95,18,2,2022-03-25 09:09:51
1648199393778454000,45.9,1,45.9,12,45.95,18,2,2022-03-25 09:09:53
1648199399774058000,45.95,6,45.9,11,45.95,12,1,2022-03-25 09:09:59
1648199399855949000,45.95,1,45.9,11,45.95,11,1,2022-03-25 09:09:59
1648199401336027000,45.95,2,45.9,11,45.95,9,1,2022-03-25 09:10:01
1648199401358869000,45.95,4,45.9,11,45.95,5,1,2022-03-25 09:10:01
1648199401403542000,45.95,2,45.9,11,45.95,3,1,2022-03-25 09:10:01
1648199401537592000,45.95,1,45.9,11,45.95,2,1,2022-03-25 09:10:01
1648199401567531000,45.95,1,45.9,11,45.95,1,1,2022-03-25 09:10:01
1648199402475111000,45.95,1,45.95,8,46.0,27,1,2022-03-25 09:10:02
1648199402588855000,46.0,1,45.95,8,46.0,26,1,2022-03-25 09:10:02
1648199402651422000,46.0,2,45.95,8,46.0,24,1,2022-03-25 09:10:02
1648199404109237000,46.0,2,45.95,9,46.0,22,1,2022-03-25 09:10:04
1648199407003700000,46.0,2,45.95,10,46.0,20,1,2022-03-25 09:10:07
1648199407656140000,46.0,2,45.95,10,46.0,18,1,2022-03-25 09:10:07
1648199408122435000,46.0,3,45.95,10,46.0,15,1,2022-03-25 09:10:08
1648199408144692000,46.0,2,45.95,10,46.0,13,1,2022-03-25 09:10:08
1648199408144881000,46.0,13,45.95,10,46.05,36,1,2022-03-25 09:10:08
1648199408279728000,45.95,1,45.95,9,46.05,36,2,2022-03-25 09:10:08
1648199408368918000,46.05,2,45.95,9,46.05,34,1,2022-03-25 09:10:08
1648199408422170000,46.05,2,45.95,9,46.05,32,1,2022-03-25 09:10:08
1648199409107989000,46.05,1,45.95,9,46.05,31,1,2022-03-25 09:10:09
1648199410582873000,46.05,2,45.95,9,46.05,29,1,2022-03-25 09:10:10
1648199410608668000,46.05,2,45.95,9,46.05,27,1,2022-03-25 09:10:10
1648199410718039000,46.0,1,45.9,8,46.05,27,2,2022-03-25 09:10:10
1648199410718039000,45.95,9,45.9,8,46.05,27,2,2022-03-25 09:10:10
1648199410718039000,45.9,5,45.9,8,46.05,27,2,2022-03-25 09:10:10
1648199411306887000,46.05,1,45.95,2,46.05,26,1,2022-03-25 09:10:11
1648199412240607000,46.05,1,45.95,2,46.05,25,1,2022-03-25 09:10:12
1648199413685691000,46.05,2,46.0,2,46.05,28,1,2022-03-25 09:10:13
1648199416404677000,46.0,1,46.0,1,46.05,28,2,2022-03-25 09:10:16
1648199417765430000,46.0,1,45.9,6,45.95,12,2,2022-03-25 09:10:17
1648199417765430000,45.95,2,45.9,6,45.95,12,2,2022-03-25 09:10:17
1648199423053880000,45.95,10,45.9,6,45.95,7,1,2022-03-25 09:10:23
1648199424152665000,45.95,2,45.9,6,45.95,5,1,2022-03-25 09:10:24
1648199424411571000,45.95,1,45.9,7,45.95,4,1,2022-03-25 09:10:24
1648199424945445000,45.95,4,45.9,7,46.0,3,1,2022-03-25 09:10:24
1648199447486126000,46.0,5,45.95,22,46.05,9,1,2022-03-25 09:10:47
1648199447486126000,46.05,15,45.95,22,46.05,9,1,2022-03-25 09:10:47
1648199447566481000,46.05,1,45.95,22,46.05,8,1,2022-03-25 09:10:47
1648199451244242000,46.05,1,45.95,25,46.05,7,1,2022-03-25 09:10:51
1648199455378437000,46.05,2,46.0,3,46.05,6,1,2022-03-25 09:10:55
1648199455453234000,46.05,1,46.0,3,46.05,5,1,2022-03-25 09:10:55
1648199455487305000,46.05,1,46.0,3,46.05,4,1,2022-03-25 09:10:55
1648199456123485000,46.05,1,46.0,3,46.05,3,1,2022-03-25 09:10:56
1648199456162247000,46.05,3,46.0,3,46.1,2,1,2022-03-25 09:10:56
1648199462629230000,46.1,2,46.05,2,46.15,2,1,2022-03-25 09:11:02
1648199464494040000,46.15,2,46.05,3,46.2,6,1,2022-03-25 09:11:04
1648199476330267000,46.2,2,46.15,7,46.2,6,1,2022-03-25 09:11:16
1648199477025432000,46.2,1,46.15,8,46.2,5,1,2022-03-25 09:11:17
1648199477261421000,46.2,3,46.15,8,46.2,2,1,2022-03-25 09:11:17
1648199477693356000,46.2,2,46.15,8,46.25,5,1,2022-03-25 09:11:17
1648199477874264000,46.25,1,46.15,8,46.25,4,1,2022-03-25 09:11:17
1648199477924147000,46.25,2,46.15,8,46.25,2,1,2022-03-25 09:11:17
1648199478228746000,46.25,1,46.15,8,46.25,1,1,2022-03-25 09:11:18
1648199479237630000,46.25,1,46.2,11,46.3,10,1,2022-03-25 09:11:19
1648199479245801000,46.3,1,46.2,11,46.3,9,1,2022-03-25 09:11:19
1648199479252134000,46.3,1,46.2,11,46.3,8,1,2022-03-25 09:11:19
1648199479255427000,46.3,1,46.2,11,46.3,7,1,2022-03-25 09:11:19
1648199479258820000,46.3,1,46.2,11,46.3,6,1,2022-03-25 09:11:19
1648199479276992000,46.3,6,46.2,11,46.35,7,1,2022-03-25 09:11:19
1648199480095879000,46.35,1,46.2,14,46.35,6,1,2022-03-25 09:11:20
1648199480299221000,46.35,6,46.3,8,46.4,11,1,2022-03-25 09:11:20
1648199480936914000,46.4,1,46.3,8,46.4,10,1,2022-03-25 09:11:20
1648199481017556000,46.4,2,46.3,8,46.4,8,1,2022-03-25 09:11:21
1648199481279319000,46.4,2,46.3,8,46.4,6,1,2022-03-25 09:11:21
1648199481602558000,46.4,6,46.4,2,46.45,1,1,2022-03-25 09:11:21
1648199482756711000,46.4,2,46.4,2,46.45,1,2,2022-03-25 09:11:22
1648199483722714000,46.45,1,46.4,2,46.5,20,1,2022-03-25 09:11:23
1648199484211433000,46.45,1,46.4,2,46.5,20,2,2022-03-25 09:11:24
1648199486546400000,46.5,2,46.4,5,46.5,18,1,2022-03-25 09:11:26
1648199490477078000,46.5,1,46.45,10,46.5,17,1,2022-03-25 09:11:30
1648199491153740000,46.5,1,46.45,10,46.5,14,1,2022-03-25 09:11:31
1648199491371634000,46.5,2,46.45,11,46.5,12,1,2022-03-25 09:11:31
1648199492002157000,46.5,1,46.45,13,46.5,12,1,2022-03-25 09:11:32
1648199492188025000,46.5,5,46.45,13,46.5,7,1,2022-03-25 09:11:32
1648199492278410000,46.5,2,46.45,13,46.5,5,1,2022-03-25 09:11:32
1648199492722133000,46.5,1,46.45,13,46.5,4,1,2022-03-25 09:11:32
1648199492803234000,46.5,2,46.45,13,46.5,2,1,2022-03-25 09:11:32
1648199492967263000,46.5,2,46.45,13,46.65,4,1,2022-03-25 09:11:32
1648199492967263000,46.55,2,46.45,13,46.65,4,1,2022-03-25 09:11:32
1648199492967263000,46.6,1,46.45,13,46.65,4,1,2022-03-25 09:11:32
1648199492967263000,46.65,5,46.45,13,46.65,4,1,2022-03-25 09:11:32
1648199493016723000,46.65,4,46.45,13,46.7,4,1,2022-03-25 09:11:33
1648199493094983000,46.7,1,46.5,2,46.7,3,1,2022-03-25 09:11:33
1648199493108192000,46.5,2,46.45,13,46.5,3,2,2022-03-25 09:11:33
1648199493121553000,46.5,2,46.45,13,46.5,1,1,2022-03-25 09:11:33
1648199493133503000,46.5,1,46.5,1,46.7,3,1,2022-03-25 09:11:33
1648199493257840000,46.45,1,46.45,12,46.65,1,2,2022-03-25 09:11:33
1648199493306079000,46.65,1,46.45,12,46.75,1,1,2022-03-25 09:11:33
1648199493306079000,46.7,3,46.45,12,46.75,1,1,2022-03-25 09:11:33
1648199493555982000,46.75,1,46.5,2,46.8,9,1,2022-03-25 09:11:33
1648199494136416000,46.8,2,46.55,3,46.8,7,1,2022-03-25 09:11:34
1648199495266180000,46.8,3,46.55,14,46.8,5,1,2022-03-25 09:11:35
1648199496446023000,46.8,1,46.55,13,46.8,4,1,2022-03-25 09:11:36
1648199498276454000,46.8,11,46.65,6,46.8,1,1,2022-03-25 09:11:38
1648199498298204000,46.8,1,46.65,6,46.85,1,1,2022-03-25 09:11:38
1648199499921571000,46.8,2,46.8,3,46.85,1,1,2022-03-25 09:11:39
1648199500040013000,46.8,1,46.8,5,46.85,1,2,2022-03-25 09:11:40
1648199500209164000,46.8,5,46.65,5,46.85,1,2,2022-03-25 09:11:40
1648199501066754000,46.8,3,46.65,5,46.85,1,2,2022-03-25 09:11:41
1648199501197868000,46.85,1,46.65,5,46.85,2,1,2022-03-25 09:11:41
1648199502065572000,46.85,2,46.65,5,46.9,8,1,2022-03-25 09:11:42
1648199502614529000,46.85,3,46.65,5,46.85,4,1,2022-03-25 09:11:42
1648199503040928000,46.8,1,46.7,1,46.85,12,1,2022-03-25 09:11:43
1648199504404534000,46.8,1,46.7,1,46.8,1,1,2022-03-25 09:11:44
1648199505767818000,46.8,2,46.7,2,46.85,9,1,2022-03-25 09:11:45
1648199505767818000,46.85,3,46.7,2,46.85,9,1,2022-03-25 09:11:45
1648199506123609000,46.8,1,46.8,1,46.85,9,2,2022-03-25 09:11:46
1648199506149225000,46.8,1,46.7,1,46.85,9,2,2022-03-25 09:11:46
1648199507486094000,46.8,1,46.8,3,46.85,9,2,2022-03-25 09:11:47
1648199507514576000,46.85,5,46.8,3,46.85,4,1,2022-03-25 09:11:47
1648199507692083000,46.85,1,46.8,3,46.85,3,1,2022-03-25 09:11:47
1648199509026061000,46.8,1,46.8,2,46.85,3,2,2022-03-25 09:11:49
1648199509171892000,46.8,1,46.8,1,46.85,3,2,2022-03-25 09:11:49
1648199509208193000,46.85,1,46.8,1,46.85,2,1,2022-03-25 09:11:49
1648199510750689000,46.85,1,46.8,3,46.85,1,1,2022-03-25 09:11:50
1648199511003566000,46.85,1,46.8,4,46.9,4,1,2022-03-25 09:11:51
1648199511003566000,46.9,4,46.8,4,46.9,4,1,2022-03-25 09:11:51
1648199511147268000,46.8,1,46.8,3,46.9,4,2,2022-03-25 09:11:51
1648199512980794000,46.85,1,46.8,4,46.85,11,1,2022-03-25 09:11:52
1648199513054616000,46.85,1,46.8,4,46.85,10,1,2022-03-25 09:11:53
1648199513278946000,46.85,1,46.8,4,46.85,9,1,2022-03-25 09:11:53
1648199513493786000,46.85,1,46.8,4,46.85,8,1,2022-03-25 09:11:53
1648199513813437000,46.8,2,46.8,2,46.85,8,2,2022-03-25 09:11:53
1648199515300340000,46.85,1,46.8,3,46.85,8,1,2022-03-25 09:11:55
1648199515330900000,46.8,1,46.8,2,46.85,8,2,2022-03-25 09:11:55
1648199516500161000,46.8,1,46.8,6,46.85,10,2,2022-03-25 09:11:56
1648199516806018000,46.85,2,46.8,8,46.85,8,1,2022-03-25 09:11:56
1648199517461093000,46.85,3,46.8,9,46.85,5,1,2022-03-25 09:11:57
1648199518080695000,46.85,1,46.8,10,46.85,4,1,2022-03-25 09:11:58
1648199519835144000,46.85,1,46.8,13,46.85,5,1,2022-03-25 09:11:59
1648199519983493000,46.8,1,46.8,13,46.85,5,2,2022-03-25 09:11:59
1648199522104504000,46.85,1,46.8,14,46.85,4,1,2022-03-25 09:12:02
1648199522373870000,46.8,4,46.8,10,46.85,4,2,2022-03-25 09:12:02
1648199522576282000,46.8,5,46.8,5,46.85,4,2,2022-03-25 09:12:02
1648199522900738000,46.8,1,46.8,4,46.85,7,2,2022-03-25 09:12:02
1648199523062656000,46.8,2,46.8,2,46.85,7,2,2022-03-25 09:12:03
1648199523318801000,46.8,1,46.8,2,46.85,6,2,2022-03-25 09:12:03
1648199523662004000,46.85,1,46.8,2,46.85,5,1,2022-03-25 09:12:03
1648199523857541000,46.85,1,46.8,2,46.85,4,1,2022-03-25 09:12:03
1648199524785992000,46.8,1,46.8,1,46.85,4,2,2022-03-25 09:12:04
1648199525491717000,46.85,1,46.8,1,46.85,4,1,2022-03-25 09:12:05
1648199526104225000,46.85,1,46.8,1,46.85,3,1,2022-03-25 09:12:06
1648199526200224000,46.85,1,46.8,1,46.85,2,1,2022-03-25 09:12:06
1648199526756330000,46.8,1,46.65,2,46.8,3,2,2022-03-25 09:12:06
1648199528406422000,46.75,1,46.65,2,46.75,1,1,2022-03-25 09:12:08
1648199528451257000,46.8,2,46.65,2,46.8,20,1,2022-03-25 09:12:08
1648199528673642000,46.75,1,46.65,2,46.75,1,1,2022-03-25 09:12:08
1648199529580827000,46.8,1,46.65,2,46.8,18,1,2022-03-25 09:12:09
1648199530063495000,46.8,1,46.65,2,46.8,17,1,2022-03-25 09:12:10
1648199530178798000,46.8,1,46.65,2,46.8,16,1,2022-03-25 09:12:10
1648199530361722000,46.8,1,46.7,1,46.8,15,1,2022-03-25 09:12:10
1648199534359169000,46.75,2,46.7,1,46.75,2,1,2022-03-25 09:12:14
1648199538090702000,46.75,2,46.7,1,46.75,7,1,2022-03-25 09:12:18
1648199538268107000,46.7,1,46.65,2,46.75,7,2,2022-03-25 09:12:18
1648199539288716000,46.7,1,46.65,2,46.75,7,1,2022-03-25 09:12:19
1648199539589620000,46.7,1,46.65,2,46.7,1,1,2022-03-25 09:12:19
1648199539871187000,46.65,1,46.65,1,46.7,1,2,2022-03-25 09:12:19
1648199541501973000,46.7,1,46.65,1,46.7,1,1,2022-03-25 09:12:21
1648199541777534000,46.65,1,46.55,2,46.7,3,2,2022-03-25 09:12:21
1648199541777534000,46.55,1,46.55,2,46.7,3,2,2022-03-25 09:12:21
1648199542699977000,46.65,1,46.55,2,46.75,7,1,2022-03-25 09:12:22
1648199542699977000,46.7,3,46.55,2,46.75,7,1,2022-03-25 09:12:22
1648199542699977000,46.75,1,46.55,2,46.75,7,1,2022-03-25 09:12:22
1648199543415459000,46.55,2,46.55,1,46.7,7,2,2022-03-25 09:12:23
1648199544366945000,46.55,1,46.55,1,46.7,7,2,2022-03-25 09:12:24
1648199546081754000,46.7,1,46.55,1,46.7,6,1,2022-03-25 09:12:26
1648199547881388000,46.7,5,46.7,5,46.75,5,1,2022-03-25 09:12:27
1648199547923978000,46.7,1,46.7,4,46.75,5,2,2022-03-25 09:12:27
1648199547950398000,46.7,1,46.7,3,46.75,5,2,2022-03-25 09:12:27
1648199547961268000,46.7,3,46.55,1,46.75,5,2,2022-03-25 09:12:27
1648199548197235000,46.7,1,46.55,1,46.7,1,1,2022-03-25 09:12:28
1648199555683394000,46.65,1,46.6,10,46.65,2,1,2022-03-25 09:12:35
1648199555727411000,46.6,1,46.6,9,46.65,2,2,2022-03-25 09:12:35
1648199558631678000,46.65,1,46.6,9,46.65,1,1,2022-03-25 09:12:38
1648199559354601000,46.6,1,46.6,8,46.65,1,2,2022-03-25 09:12:39
1648199560568472000,46.65,1,46.6,8,46.7,3,1,2022-03-25 09:12:40
1648199560818369000,46.6,2,46.6,6,46.7,3,2,2022-03-25 09:12:40
1648199561706420000,46.6,2,46.6,4,46.7,3,2,2022-03-25 09:12:41
1648199562019203000,46.65,1,46.6,4,46.7,3,2,2022-03-25 09:12:42
1648199563543872000,46.7,3,46.65,1,46.8,13,1,2022-03-25 09:12:43
1648199563543872000,46.75,6,46.65,1,46.8,13,1,2022-03-25 09:12:43
1648199563543872000,46.8,10,46.65,1,46.8,13,1,2022-03-25 09:12:43
1648199563847681000,46.65,1,46.6,4,46.8,13,2,2022-03-25 09:12:43
1648199563980166000,46.6,2,46.6,2,46.8,13,2,2022-03-25 09:12:43
1648199564240646000,46.6,1,46.6,1,46.75,2,2,2022-03-25 09:12:44
1648199564628824000,46.65,1,46.55,4,46.75,2,2,2022-03-25 09:12:44
1648199564628824000,46.6,1,46.55,4,46.75,2,2,2022-03-25 09:12:44
1648199564773542000,46.6,1,46.55,4,46.6,4,2,2022-03-25 09:12:44
1648199567504011000,46.6,2,46.55,5,46.6,2,1,2022-03-25 09:12:47
1648199567571119000,46.55,1,46.55,4,46.6,3,2,2022-03-25 09:12:47
1648199568508105000,46.6,1,46.55,4,46.6,2,1,2022-03-25 09:12:48
1648199569120905000,46.6,1,46.55,4,46.6,1,1,2022-03-25 09:12:49
1648199572073642000,46.6,1,46.55,3,46.7,15,1,2022-03-25 09:12:52
1648199572740218000,46.6,1,46.55,3,46.6,2,1,2022-03-25 09:12:52
1648199574737571000,46.55,3,46.5,4,46.65,2,2,2022-03-25 09:12:54
1648199574737571000,46.5,2,46.5,4,46.65,2,2,2022-03-25 09:12:54
1648199574861389000,46.65,2,46.5,4,46.7,12,1,2022-03-25 09:12:54
1648199574861389000,46.7,3,46.5,4,46.7,12,1,2022-03-25 09:12:54
1648199575306229000,46.5,4,46.45,9,46.5,1,2,2022-03-25 09:12:55
1648199575531391000,46.5,1,46.45,9,46.7,12,1,2022-03-25 09:12:55
1648199576874925000,46.65,1,46.45,9,46.65,1,1,2022-03-25 09:12:56
1648199580047777000,46.6,1,46.45,9,46.7,12,1,2022-03-25 09:13:00
1648199581121108000,46.65,1,46.45,9,46.65,2,1,2022-03-25 09:13:01
1648199584558129000,46.6,1,46.5,2,46.6,4,1,2022-03-25 09:13:04
1648199586525760000,46.5,2,46.5,5,46.6,4,2,2022-03-25 09:13:06
1648199587670665000,46.5,1,46.5,4,46.6,5,2,2022-03-25 09:13:07
1648199589111271000,46.5,3,46.5,1,46.6,5,2,2022-03-25 09:13:09
1648199589146128000,46.5,1,46.45,9,46.6,5,2,2022-03-25 09:13:09
1648199592598411000,46.55,1,46.45,9,46.6,5,1,2022-03-25 09:13:12
1648199592938561000,46.55,2,46.45,9,46.6,4,1,2022-03-25 09:13:12
1648199592938561000,46.6,1,46.45,9,46.6,4,1,2022-03-25 09:13:12
1648199594899845000,46.5,2,46.45,9,46.6,1,1,2022-03-25 09:13:14
1648199594899845000,46.6,3,46.45,9,46.6,1,1,2022-03-25 09:13:14
1648199596639362000,46.6,2,46.6,1,46.65,4,1,2022-03-25 09:13:16
1648199597853072000,46.65,2,46.6,1,46.65,2,1,2022-03-25 09:13:17
1648199602645216000,46.6,1,46.6,1,46.65,3,2,2022-03-25 09:13:22
1648199603599189000,46.65,1,46.6,1,46.65,2,1,2022-03-25 09:13:23
1648199603728698000,46.6,1,46.55,3,46.65,2,2,2022-03-25 09:13:23
1648199603830098000,46.55,3,46.45,9,46.65,2,2,2022-03-25 09:13:23
1648199603830098000,46.5,2,46.45,9,46.65,2,2,2022-03-25 09:13:23
1648199605566871000,46.65,3,46.65,2,46.7,12,1,2022-03-25 09:13:25
1648199608516639000,46.65,2,46.5,3,46.6,2,2,2022-03-25 09:13:28
1648199608516639000,46.6,1,46.5,3,46.6,2,2,2022-03-25 09:13:28
1648199608981387000,46.5,1,46.5,2,46.6,2,2,2022-03-25 09:13:28
1648199613868778000,46.6,3,46.6,3,46.65,1,1,2022-03-25 09:13:33
1648199613899594000,46.6,3,46.5,2,46.65,1,2,2022-03-25 09:13:33
1648199615216712000,46.5,2,46.45,9,46.5,1,2,2022-03-25 09:13:35
1648199619869774000,46.5,1,46.45,10,46.6,1,1,2022-03-25 09:13:39
1648199620336450000,46.6,1,46.45,10,46.65,6,1,2022-03-25 09:13:40
1648199627862016000,46.65,3,46.5,3,46.65,3,1,2022-03-25 09:13:47
1648199633957871000,46.6,1,46.5,10,46.6,3,1,2022-03-25 09:13:53
1648199634442389000,46.6,3,46.5,11,46.65,3,1,2022-03-25 09:13:54
1648199634826750000,46.5,5,46.5,12,46.65,3,2,2022-03-25 09:13:54
1648199635164904000,46.65,2,46.5,12,46.65,1,1,2022-03-25 09:13:55
1648199639172107000,46.5,5,46.5,7,46.6,20,2,2022-03-25 09:13:59
1648199641830843000,46.5,5,46.5,3,46.6,22,2,2022-03-25 09:14:01
1648199642549337000,46.55,1,46.5,3,46.55,1,1,2022-03-25 09:14:02
1648199643680876000,46.55,1,46.5,3,46.6,20,1,2022-03-25 09:14:03
1648199643680876000,46.6,2,46.5,3,46.6,20,1,2022-03-25 09:14:03
1648199650072195000,46.55,1,46.5,3,46.6,20,1,2022-03-25 09:14:10
1648199650599476000,46.5,1,46.5,2,46.6,19,2,2022-03-25 09:14:10
1648199651302335000,46.6,1,46.5,2,46.6,18,1,2022-03-25 09:14:11
1648199651773910000,46.6,1,46.5,2,46.6,17,1,2022-03-25 09:14:11
1648199656673636000,46.5,1,46.45,34,46.5,4,2,2022-03-25 09:14:16
1648199656744645000,46.45,2,46.45,32,46.5,4,2,2022-03-25 09:14:16
1648199659254148000,46.5,1,46.45,32,46.5,3,1,2022-03-25 09:14:19
1648199662224702000,46.5,2,46.45,37,46.5,1,1,2022-03-25 09:14:22
1648199662770914000,46.45,1,46.45,36,46.5,3,2,2022-03-25 09:14:22
1648199662809081000,46.45,2,46.45,34,46.5,3,2,2022-03-25 09:14:22
1648199662885706000,46.5,2,46.45,34,46.5,1,1,2022-03-25 09:14:22
1648199663214100000,46.5,1,46.5,4,46.6,25,1,2022-03-25 09:14:23
1648199663366332000,46.5,1,46.5,3,46.6,25,2,2022-03-25 09:14:23
1648199667523714000,46.5,2,46.5,1,46.6,25,2,2022-03-25 09:14:27
1648199671978426000,46.55,1,46.55,1,46.6,26,1,2022-03-25 09:14:31
1648199673339283000,46.55,1,46.5,1,46.6,26,2,2022-03-25 09:14:33
1648199673339283000,46.5,3,46.5,1,46.6,26,2,2022-03-25 09:14:33
1648199679855822000,46.5,2,46.5,1,46.55,11,2,2022-03-25 09:14:39
1648199679890358000,46.5,1,46.45,35,46.55,11,2,2022-03-25 09:14:39
1648199681577549000,46.5,3,46.5,2,46.55,10,1,2022-03-25 09:14:41
1648199684042791000,46.5,1,46.5,1,46.55,10,2,2022-03-25 09:14:44
1648199684075188000,46.5,1,46.45,35,46.55,10,2,2022-03-25 09:14:44
1648199687930242000,46.5,1,46.5,4,46.55,8,2,2022-03-25 09:14:47
1648199689193526000,46.5,1,46.5,4,46.55,8,2,2022-03-25 09:14:49
1648199690532710000,46.5,1,46.5,4,46.55,9,2,2022-03-25 09:14:50
1648199690574942000,46.5,2,46.5,2,46.55,9,2,2022-03-25 09:14:50
1648199691632050000,46.5,1,46.5,1,46.55,9,2,2022-03-25 09:14:51
1648199692317159000,46.55,1,46.5,1,46.55,8,1,2022-03-25 09:14:52
1648199693851829000,46.55,5,46.5,7,46.55,3,1,2022-03-25 09:14:53
1648199695023005000,46.55,3,46.55,2,46.6,27,1,2022-03-25 09:14:55
1648199699676204000,46.55,2,46.45,38,46.5,11,2,2022-03-25 09:14:59
1648199699676204000,46.5,7,46.45,38,46.5,11,2,2022-03-25 09:14:59
1648199702598633000,46.5,1,46.45,38,46.5,10,1,2022-03-25 09:15:02
1648199703049753000,46.45,7,46.45,31,46.5,10,2,2022-03-25 09:15:03
1648199703062714000,46.45,5,46.45,26,46.5,10,2,2022-03-25 09:15:03
1648199703095594000,46.45,1,46.45,25,46.5,10,2,2022-03-25 09:15:03
1648199703764266000,46.5,2,46.45,25,46.5,8,1,2022-03-25 09:15:03
1648199704296619000,46.45,2,46.45,23,46.5,8,2,2022-03-25 09:15:04
1648199707397111000,46.45,2,46.45,21,46.5,10,2,2022-03-25 09:15:07
1648199708016035000,46.5,1,46.45,21,46.5,9,1,2022-03-25 09:15:08
1648199708340666000,46.5,2,46.45,21,46.5,7,1,2022-03-25 09:15:08
1648199708574606000,46.45,1,46.45,19,46.5,7,2,2022-03-25 09:15:08
1648199710576546000,46.5,1,46.45,19,46.5,6,1,2022-03-25 09:15:10
1648199717578673000,46.45,5,46.45,16,46.5,8,2,2022-03-25 09:15:17
1648199723366106000,46.45,1,46.45,15,46.5,8,2,2022-03-25 09:15:23
1648199726325882000,46.45,3,46.45,11,46.5,8,2,2022-03-25 09:15:26
1648199726353859000,46.45,8,46.45,3,46.5,8,2,2022-03-25 09:15:26
1648199726389341000,46.45,1,46.45,2,46.5,8,2,2022-03-25 09:15:26
1648199726417295000,46.45,2,46.4,7,46.5,8,2,2022-03-25 09:15:26
1648199730047006000,46.4,1,46.4,6,46.45,1,2,2022-03-25 09:15:30
1648199731824739000,46.4,2,46.4,4,46.45,1,2,2022-03-25 09:15:31
1648199735347527000,46.4,1,46.4,3,46.45,1,2,2022-03-25 09:15:35
1648199736358191000,46.4,1,46.4,2,46.45,1,2,2022-03-25 09:15:36
1648199736396841000,46.4,2,46.35,2,46.45,1,2,2022-03-25 09:15:36
1648199744179688000,46.35,1,46.35,1,46.4,1,2,2022-03-25 09:15:44
1648199747348971000,46.35,1,46.3,4,46.4,5,2,2022-03-25 09:15:47
1648199749320216000,46.4,5,46.3,4,46.45,1,1,2022-03-25 09:15:49
1648199755856450000,46.35,1,46.35,2,46.45,11,2,2022-03-25 09:15:55
1648199755888640000,46.35,2,46.3,4,46.45,11,2,2022-03-25 09:15:55
1648199759241580000,46.4,1,46.3,9,46.4,10,1,2022-03-25 09:15:59
1648199765402176000,46.35,1,46.3,20,46.4,11,1,2022-03-25 09:16:05
1648199765793098000,46.3,1,46.3,20,46.4,11,2,2022-03-25 09:16:05
1648199768463648000,46.3,1,46.3,23,46.35,2,2,2022-03-25 09:16:08
1648199771724680000,46.35,2,46.3,23,46.4,13,1,2022-03-25 09:16:11
1648199775768697000,46.3,4,46.3,19,46.4,20,2,2022-03-25 09:16:15
1648199779423309000,46.4,5,46.35,1,46.4,15,1,2022-03-25 09:16:19
1648199796338263000,46.35,1,46.35,1,46.4,16,2,2022-03-25 09:16:36
1648199802968592000,46.35,1,46.3,19,46.4,16,2,2022-03-25 09:16:42
1648199817563608000,46.35,1,46.35,1,46.4,18,2,2022-03-25 09:16:57
1648199817594365000,46.35,1,46.3,19,46.4,18,2,2022-03-25 09:16:57
1648199819302382000,46.4,1,46.35,1,46.4,17,1,2022-03-25 09:16:59
1648199826645223000,46.4,1,46.35,5,46.4,17,1,2022-03-25 09:17:06
1648199827057624000,46.35,1,46.35,4,46.4,17,2,2022-03-25 09:17:07
1648199836444523000,46.35,1,46.35,3,46.4,19,2,2022-03-25 09:17:16
1648199846898024000,46.35,10,46.35,2,46.4,18,2,2022-03-25 09:17:26
1648199846958874000,46.35,1,46.35,1,46.4,18,2,2022-03-25 09:17:26
1648199847343405000,46.3,1,46.3,19,46.4,18,2,2022-03-25 09:17:27
1648199855287420000,46.4,5,46.3,21,46.4,14,1,2022-03-25 09:17:35
1648199861922855000,46.4,1,46.35,1,46.4,14,1,2022-03-25 09:17:41
1648199866843041000,46.4,1,46.35,4,46.4,13,1,2022-03-25 09:17:46
1648199870179159000,46.4,5,46.35,4,46.4,8,1,2022-03-25 09:17:50
1648199872733305000,46.4,2,46.35,4,46.4,6,1,2022-03-25 09:17:52
1648199874064899000,46.4,2,46.35,4,46.4,4,1,2022-03-25 09:17:54
1648199875520258000,46.4,1,46.35,4,46.4,4,1,2022-03-25 09:17:55
1648199875664018000,46.35,1,46.35,3,46.4,4,2,2022-03-25 09:17:55
1648199879755681000,46.4,4,46.35,3,46.4,1,1,2022-03-25 09:17:59
1648199881256079000,46.35,3,46.3,13,46.4,1,2,2022-03-25 09:18:01
1648199881256079000,46.3,7,46.3,13,46.4,1,2,2022-03-25 09:18:01
1648199885951562000,46.4,1,46.4,4,46.45,11,1,2022-03-25 09:18:05
1648199886413926000,46.4,1,46.4,3,46.45,11,2,2022-03-25 09:18:06
1648199891383798000,46.45,2,46.4,3,46.45,9,1,2022-03-25 09:18:11
1648199893687615000,46.4,1,46.4,2,46.45,9,2,2022-03-25 09:18:13
1648199898470475000,46.45,8,46.4,4,46.45,1,1,2022-03-25 09:18:18
1648199902974162000,46.45,1,46.4,4,46.5,29,1,2022-03-25 09:18:22
1648199908004317000,46.5,1,46.45,3,46.5,28,1,2022-03-25 09:18:28
1648199908037652000,46.5,2,46.45,3,46.5,26,1,2022-03-25 09:18:28
1648199908960951000,46.5,1,46.45,5,46.5,25,1,2022-03-25 09:18:28
1648199908998214000,46.5,2,46.45,5,46.5,23,1,2022-03-25 09:18:28
1648199915295281000,46.45,1,46.45,4,46.5,23,2,2022-03-25 09:18:35
1648199916147724000,46.45,4,46.35,11,46.4,6,2,2022-03-25 09:18:36
1648199916147724000,46.4,5,46.35,11,46.4,6,2,2022-03-25 09:18:36
1648199916272830000,46.4,2,46.35,11,46.4,4,1,2022-03-25 09:18:36
1648199936117053000,46.4,1,46.35,13,46.4,3,1,2022-03-25 09:18:56
1648199953070397000,46.4,1,46.35,11,46.4,13,1,2022-03-25 09:19:13
1648199955054989000,46.4,2,46.35,11,46.4,11,1,2022-03-25 09:19:15
1648199957825501000,46.35,1,46.35,10,46.4,11,2,2022-03-25 09:19:17
1648199962080235000,46.4,1,46.35,10,46.4,10,1,2022-03-25 09:19:22
1648199967655856000,46.4,10,46.35,10,46.45,15,1,2022-03-25 09:19:27
1648199977428799000,46.4,1,46.4,9,46.45,15,1,2022-03-25 09:19:37
1648199984511047000,46.4,5,46.4,5,46.45,15,2,2022-03-25 09:19:44
1648199990107582000,46.4,1,46.4,5,46.45,17,2,2022-03-25 09:19:50
1648199995706227000,46.4,3,46.4,6,46.45,17,2,2022-03-25 09:19:55
1648199997784483000,46.4,5,46.4,1,46.45,17,2,2022-03-25 09:19:57
1648200000548339000,46.4,1,46.35,11,46.45,17,2,2022-03-25 09:20:00
1648200000551256000,46.45,1,46.35,11,46.45,16,1,2022-03-25 09:20:00
1648200012314907000,46.45,1,46.4,2,46.45,13,1,2022-03-25 09:20:12
1648200019029224000,46.45,10,46.4,2,46.45,5,1,2022-03-25 09:20:19
1648200019183428000,46.4,2,46.35,9,46.4,2,2,2022-03-25 09:20:19
1648200019271954000,46.4,1,46.35,9,46.4,1,1,2022-03-25 09:20:19
1648200022030867000,46.4,1,46.35,9,46.45,6,1,2022-03-25 09:20:22
1648200027964127000,46.45,6,46.4,2,46.5,26,1,2022-03-25 09:20:27
1648200027964127000,46.5,4,46.4,2,46.5,26,1,2022-03-25 09:20:27
1648200028647726000,46.5,2,46.45,5,46.5,24,1,2022-03-25 09:20:28
1648200028742719000,46.5,5,46.4,13,46.5,19,1,2022-03-25 09:20:28
1648200028780635000,46.5,2,46.4,13,46.5,17,1,2022-03-25 09:20:28
1648200030627867000,46.4,2,46.4,14,46.5,17,2,2022-03-25 09:20:30
1648200048591254000,46.5,10,46.45,3,46.5,7,1,2022-03-25 09:20:48
1648200048618281000,46.5,7,46.45,3,46.55,21,1,2022-03-25 09:20:48
1648200050495745000,46.55,2,46.5,2,46.55,19,1,2022-03-25 09:20:50
1648200059439111000,46.5,1,46.45,7,46.55,19,1,2022-03-25 09:20:59
1648200060897369000,46.5,2,46.45,7,46.5,1,1,2022-03-25 09:21:00
1648200060932603000,46.5,1,46.45,7,46.55,19,1,2022-03-25 09:21:00
1648200065393821000,46.55,2,46.5,1,46.55,17,1,2022-03-25 09:21:05
1648200066564530000,46.55,5,46.5,1,46.55,12,1,2022-03-25 09:21:06
1648200068058335000,46.55,1,46.5,1,46.55,11,1,2022-03-25 09:21:08
1648200077492371000,46.55,10,46.5,6,46.55,1,1,2022-03-25 09:21:17
1648200077517650000,46.55,1,46.5,6,46.6,9,1,2022-03-25 09:21:17
1648200078652469000,46.6,1,46.55,4,46.6,8,1,2022-03-25 09:21:18
1648200078806406000,46.6,1,46.55,4,46.6,7,1,2022-03-25 09:21:18
1648200078838106000,46.6,5,46.55,4,46.6,2,1,2022-03-25 09:21:18
1648200079631860000,46.55,1,46.55,1,46.6,2,2,2022-03-25 09:21:19
1648200079803416000,46.6,1,46.55,1,46.6,1,1,2022-03-25 09:21:19
1648200081562873000,46.6,1,46.55,1,46.7,14,1,2022-03-25 09:21:21
1648200083720133000,46.7,1,46.6,2,46.7,13,1,2022-03-25 09:21:23
1648200084471318000,46.6,1,46.6,1,46.7,13,2,2022-03-25 09:21:24
1648200091439643000,46.7,1,46.6,1,46.7,15,1,2022-03-25 09:21:31
1648200099815763000,46.7,1,46.6,3,46.7,14,1,2022-03-25 09:21:39
1648200100017266000,46.7,1,46.6,3,46.7,13,1,2022-03-25 09:21:40
1648200100564332000,46.7,2,46.6,3,46.7,11,1,2022-03-25 09:21:40
1648200101850836000,46.7,3,46.6,3,46.7,8,1,2022-03-25 09:21:41
1648200102401764000,46.7,5,46.6,3,46.7,3,1,2022-03-25 09:21:42
1648200102702929000,46.7,1,46.6,3,46.7,2,1,2022-03-25 09:21:42
1648200103289629000,46.7,2,46.6,3,46.75,20,1,2022-03-25 09:21:43
1648200105501704000,46.7,1,46.7,7,46.75,20,2,2022-03-25 09:21:45
1648200106089805000,46.75,1,46.7,2,46.75,19,1,2022-03-25 09:21:46
1648200107650399000,46.75,1,46.7,2,46.75,18,1,2022-03-25 09:21:47
1648200109936206000,46.75,2,46.7,3,46.75,16,1,2022-03-25 09:21:49
1648200112519538000,46.75,5,46.7,4,46.75,10,1,2022-03-25 09:21:52
1648200113224536000,46.75,1,46.7,4,46.75,9,1,2022-03-25 09:21:53
1648200113304999000,46.75,3,46.7,4,46.75,6,1,2022-03-25 09:21:53
1648200113393635000,46.75,5,46.7,4,46.75,1,1,2022-03-25 09:21:53
1648200113550852000,46.75,1,46.75,1,46.8,18,1,2022-03-25 09:21:53
1648200115276667000,46.75,1,46.75,2,46.8,18,2,2022-03-25 09:21:55
1648200117430510000,46.8,2,46.75,4,46.8,17,1,2022-03-25 09:21:57
1648200119930283000,46.8,2,46.75,4,46.8,15,1,2022-03-25 09:21:59
1648200122440212000,46.75,5,46.7,3,46.8,16,2,2022-03-25 09:22:02
1648200123082859000,46.8,1,46.7,3,46.8,15,1,2022-03-25 09:22:03
1648200123533975000,46.75,1,46.7,2,46.8,15,2,2022-03-25 09:22:03
1648200124256920000,46.8,1,46.7,2,46.8,15,1,2022-03-25 09:22:04
1648200124842851000,46.8,1,46.7,2,46.8,14,1,2022-03-25 09:22:04
1648200129448223000,46.8,1,46.7,2,46.8,13,1,2022-03-25 09:22:09
1648200130666517000,46.8,1,46.7,2,46.8,17,1,2022-03-25 09:22:10
1648200132648759000,46.8,1,46.7,2,46.8,16,1,2022-03-25 09:22:12
1648200135987457000,46.7,1,46.7,3,46.75,2,2,2022-03-25 09:22:15
1648200136000387000,46.7,3,46.6,10,46.75,2,2,2022-03-25 09:22:16
1648200138643595000,46.7,1,46.6,11,46.7,1,1,2022-03-25 09:22:18
1648200139677014000,46.7,1,46.6,11,46.75,5,1,2022-03-25 09:22:19
1648200149491210000,46.7,4,46.6,11,46.75,6,1,2022-03-25 09:22:29
1648200156161566000,46.7,1,46.6,12,46.7,1,1,2022-03-25 09:22:36
1648200158624764000,46.7,1,46.7,1,46.75,11,1,2022-03-25 09:22:38
1648200158641526000,46.7,1,46.6,12,46.75,11,2,2022-03-25 09:22:38
1648200164129875000,46.7,3,46.6,12,46.75,10,1,2022-03-25 09:22:44
1648200164129875000,46.75,1,46.6,12,46.75,10,1,2022-03-25 09:22:44
1648200165261273000,46.6,12,46.55,1,46.75,11,2,2022-03-25 09:22:45
1648200170539424000,46.7,1,46.55,1,46.7,3,1,2022-03-25 09:22:50
1648200174219408000,46.55,1,46.5,1,46.6,1,2,2022-03-25 09:22:54
1648200179090444000,46.6,1,46.5,1,46.7,7,1,2022-03-25 09:22:59
1648200179090444000,46.65,1,46.5,1,46.7,7,1,2022-03-25 09:22:59
1648200183964735000,46.6,1,46.5,1,46.6,3,1,2022-03-25 09:23:03
1648200185688196000,46.6,2,46.5,1,46.6,1,1,2022-03-25 09:23:05
1648200191351207000,46.5,1,46.45,1,46.55,1,2,2022-03-25 09:23:11
1648200192270459000,46.55,1,46.6,9,46.65,17,1,2022-03-25 09:23:12
1648200192299571000,46.6,1,46.6,8,46.65,17,2,2022-03-25 09:23:12
1648200192300549000,46.6,8,46.45,1,46.65,17,2,2022-03-25 09:23:12
1648200199657898000,46.5,4,46.45,2,46.55,10,1,2022-03-25 09:23:19
1648200203253714000,46.45,1,46.45,2,46.55,10,2,2022-03-25 09:23:23
1648200209802438000,46.45,1,46.45,1,46.55,10,2,2022-03-25 09:23:29
1648200222216160000,46.5,1,46.5,4,46.55,13,1,2022-03-25 09:23:42
1648200222292954000,46.5,2,46.5,2,46.55,13,2,2022-03-25 09:23:42
1648200222311222000,46.5,2,46.45,2,46.55,13,2,2022-03-25 09:23:42
1648200233335452000,46.5,1,46.5,1,46.55,4,2,2022-03-25 09:23:53
1648200237911846000,46.5,1,46.45,2,46.5,1,2,2022-03-25 09:23:57
1648200240931586000,46.45,1,46.45,1,46.5,1,2,2022-03-25 09:24:00
1648200241902522000,46.5,1,46.5,1,46.55,4,1,2022-03-25 09:24:01
1648200244387249000,46.5,1,46.45,4,46.5,1,2,2022-03-25 09:24:04
1648200244604734000,46.5,1,46.5,9,46.55,4,1,2022-03-25 09:24:04
1648200244999310000,46.5,1,46.5,8,46.55,4,2,2022-03-25 09:24:04
1648200247909216000,46.5,3,46.5,6,46.55,4,2,2022-03-25 09:24:07
1648200249193331000,46.5,1,46.5,5,46.55,4,2,2022-03-25 09:24:09
1648200250356383000,46.5,1,46.5,4,46.55,5,2,2022-03-25 09:24:10
1648200253230100000,46.5,1,46.5,3,46.55,5,2,2022-03-25 09:24:13
1648200253260421000,46.5,1,46.5,2,46.55,5,2,2022-03-25 09:24:13
1648200253399518000,46.5,2,46.45,4,46.5,2,2,2022-03-25 09:24:13
1648200253835413000,46.5,3,46.45,4,46.55,4,1,2022-03-25 09:24:13
1648200260067911000,46.45,1,46.45,3,46.55,4,2,2022-03-25 09:24:20
1648200261789672000,46.45,2,46.45,1,46.55,4,2,2022-03-25 09:24:21
1648200267028913000,46.55,1,46.5,2,46.55,3,1,2022-03-25 09:24:27
1648200271788691000,46.5,2,46.45,1,46.5,3,2,2022-03-25 09:24:31
1648200272137691000,46.45,1,46.4,8,46.5,3,2,2022-03-25 09:24:32
1648200280020785000,46.5,2,46.4,9,46.5,3,1,2022-03-25 09:24:40
1648200282748623000,46.5,1,46.4,9,46.5,2,1,2022-03-25 09:24:42
1648200289954165000,46.5,1,46.4,9,46.5,1,1,2022-03-25 09:24:49
1648200300993282000,46.5,1,46.45,14,46.5,5,1,2022-03-25 09:25:00
1648200303068647000,46.5,6,46.45,14,46.5,1,1,2022-03-25 09:25:03
1648200304473799000,46.5,1,46.5,4,46.55,1,1,2022-03-25 09:25:04
1648200305144181000,46.5,2,46.5,2,46.55,1,2,2022-03-25 09:25:05
1648200306913148000,46.5,2,46.5,2,46.55,1,2,2022-03-25 09:25:06
1648200310273870000,46.5,1,46.5,1,46.55,1,2,2022-03-25 09:25:10
1648200315859924000,46.5,2,46.5,1,46.55,1,2,2022-03-25 09:25:15
1648200326009224000,46.5,1,46.5,2,46.55,1,2,2022-03-25 09:25:26
1648200334205795000,46.5,2,46.5,1,46.55,1,2,2022-03-25 09:25:34
1648200336043842000,46.5,1,46.5,1,46.55,1,2,2022-03-25 09:25:36
1648200337214787000,46.5,1,46.45,13,46.5,1,2,2022-03-25 09:25:37
1648200346945858000,46.5,1,46.45,14,46.5,2,1,2022-03-25 09:25:46
1648200364187321000,46.5,1,46.45,14,46.5,2,1,2022-03-25 09:26:04
1648200375847295000,46.5,1,46.45,17,46.5,1,1,2022-03-25 09:26:15
1648200403266377000,46.5,1,46.45,16,46.5,11,1,2022-03-25 09:26:43
1648200409675330000,46.5,1,46.45,17,46.5,10,1,2022-03-25 09:26:49
1648200409706674000,46.5,1,46.45,17,46.5,9,1,2022-03-25 09:26:49
1648200414663335000,46.5,5,46.45,17,46.5,4,1,2022-03-25 09:26:54
1648200417490817000,46.5,4,46.5,6,46.55,43,1,2022-03-25 09:26:57
1648200419618263000,46.5,6,46.5,3,46.55,43,2,2022-03-25 09:26:59
1648200426299031000,46.5,1,46.5,3,46.55,43,2,2022-03-25 09:27:06
1648200428265673000,46.55,3,46.5,3,46.55,40,1,2022-03-25 09:27:08
1648200431264886000,46.5,3,46.5,1,46.55,40,2,2022-03-25 09:27:11
1648200432577784000,46.5,1,46.45,18,46.55,40,2,2022-03-25 09:27:12
1648200436881068000,46.55,1,46.5,2,46.55,39,1,2022-03-25 09:27:16
1648200440014272000,46.5,2,46.45,6,46.5,1,2,2022-03-25 09:27:20
1648200451898640000,46.5,1,46.45,4,46.55,39,1,2022-03-25 09:27:31
1648200453039359000,46.5,1,46.45,4,46.5,4,1,2022-03-25 09:27:33
1648200453848136000,46.5,1,46.45,4,46.5,3,1,2022-03-25 09:27:33
1648200457713902000,46.5,3,46.45,4,46.55,39,1,2022-03-25 09:27:37
1648200460268537000,46.55,1,46.45,4,46.55,38,1,2022-03-25 09:27:40
1648200470394880000,46.5,1,46.5,7,46.55,38,2,2022-03-25 09:27:50
1648200473874661000,46.55,1,46.5,8,46.55,37,1,2022-03-25 09:27:53
1648200473908885000,46.55,2,46.5,8,46.55,35,1,2022-03-25 09:27:53
1648200483302499000,46.55,1,46.5,9,46.55,34,1,2022-03-25 09:28:03
1648200483332755000,46.55,2,46.5,9,46.55,32,1,2022-03-25 09:28:03
1648200488262581000,46.5,1,46.5,8,46.55,32,2,2022-03-25 09:28:08
1648200495459963000,46.5,5,46.5,4,46.55,33,2,2022-03-25 09:28:15
1648200497066940000,46.5,1,46.5,3,46.55,33,2,2022-03-25 09:28:17
1648200498713750000,46.5,1,46.5,2,46.55,33,2,2022-03-25 09:28:18
1648200499101438000,46.5,2,46.45,6,46.55,33,2,2022-03-25 09:28:19
1648200499101438000,46.45,1,46.45,6,46.55,33,2,2022-03-25 09:28:19
1648200531047741000,46.45,8,46.4,12,46.5,5,2,2022-03-25 09:28:51
1648200531562778000,46.5,3,46.4,14,46.5,2,1,2022-03-25 09:28:51
1648200537240271000,46.5,3,46.4,13,46.55,32,1,2022-03-25 09:28:57
1648200537240271000,46.55,1,46.4,13,46.55,32,1,2022-03-25 09:28:57
1648200546834202000,46.45,1,46.45,4,46.5,2,1,2022-03-25 09:29:06
1648200549525281000,46.5,1,46.45,4,46.5,1,1,2022-03-25 09:29:09
1648200556884407000,46.5,1,46.45,5,46.5,10,1,2022-03-25 09:29:16
1648200557199971000,46.45,1,46.45,4,46.5,10,2,2022-03-25 09:29:17
1648200559646839000,46.45,1,46.45,3,46.5,20,2,2022-03-25 09:29:19
1648200560271187000,46.45,3,46.4,25,46.45,1,2,2022-03-25 09:29:20
1648200565184818000,46.45,1,46.4,25,46.45,1,1,2022-03-25 09:29:25
1648200565192849000,46.45,1,46.4,25,46.5,24,1,2022-03-25 09:29:25
1648200570262169000,46.45,1,46.4,25,46.45,1,1,2022-03-25 09:29:30
1648200571211227000,46.45,1,46.45,5,46.5,24,1,2022-03-25 09:29:31
1648200575899397000,46.5,7,46.45,7,46.5,17,1,2022-03-25 09:29:35
1648200580196465000,46.5,1,46.45,10,46.5,16,1,2022-03-25 09:29:40
1648200582300203000,46.5,1,46.45,10,46.5,15,1,2022-03-25 09:29:42
1648200582811821000,46.5,1,46.45,10,46.5,14,1,2022-03-25 09:29:42
1648200582846968000,46.5,2,46.45,10,46.5,12,1,2022-03-25 09:29:42
1648200585071948000,46.5,2,46.45,10,46.5,10,1,2022-03-25 09:29:45
1648200586314377000,46.5,1,46.45,12,46.5,9,1,2022-03-25 09:29:46
1648200592672208000,46.5,3,46.45,12,46.5,6,1,2022-03-25 09:29:52
1648200592711596000,46.5,4,46.45,12,46.5,2,1,2022-03-25 09:29:52
1648200592745847000,46.5,2,46.45,12,46.55,42,1,2022-03-25 09:29:52
1648200594798998000,46.55,1,46.5,5,46.55,41,1,2022-03-25 09:29:54
1648200600878158000,46.55,2,46.5,8,46.55,39,1,2022-03-25 09:30:00
1648200609426969000,46.55,10,46.5,14,46.55,29,1,2022-03-25 09:30:09
1648200609456255000,46.55,2,46.5,14,46.55,27,1,2022-03-25 09:30:09
1648200609483284000,46.55,27,46.5,16,46.6,13,1,2022-03-25 09:30:09
1648200610311945000,46.6,2,46.55,7,46.6,11,1,2022-03-25 09:30:10
1648200610345017000,46.6,11,46.55,7,46.65,22,1,2022-03-25 09:30:10
1648200610383491000,46.65,2,46.55,7,46.65,20,1,2022-03-25 09:30:10
1648200612850753000,46.65,2,46.55,7,46.65,18,1,2022-03-25 09:30:12
1648200614691614000,46.65,10,46.55,9,46.65,8,1,2022-03-25 09:30:14
1648200616018443000,46.65,1,46.6,1,46.65,7,1,2022-03-25 09:30:16
1648200617416475000,46.6,1,46.55,10,46.65,7,2,2022-03-25 09:30:17
1648200618604963000,46.65,1,46.6,3,46.65,6,1,2022-03-25 09:30:18
1648200621983354000,46.65,6,46.6,6,46.7,21,1,2022-03-25 09:30:21
1648200621983354000,46.7,4,46.6,6,46.7,21,1,2022-03-25 09:30:21
1648200627161997000,46.7,1,46.65,1,46.7,20,1,2022-03-25 09:30:27
1648200628106463000,46.7,5,46.65,5,46.7,15,1,2022-03-25 09:30:28
1648200630470982000,46.7,2,46.65,11,46.7,13,1,2022-03-25 09:30:30
1648200630626559000,46.7,5,46.65,11,46.7,8,1,2022-03-25 09:30:30
1648200630656365000,46.7,3,46.65,11,46.7,5,1,2022-03-25 09:30:30
1648200631000440000,46.7,2,46.65,11,46.7,3,1,2022-03-25 09:30:31
1648200631027028000,46.7,3,46.65,11,46.75,21,1,2022-03-25 09:30:31
1648200631310513000,46.75,5,46.65,11,46.75,16,1,2022-03-25 09:30:31
1648200631560997000,46.65,2,46.65,9,46.75,16,2,2022-03-25 09:30:31
1648200635901062000,46.75,1,46.7,6,46.75,15,1,2022-03-25 09:30:35
1648200636815809000,46.75,5,46.7,9,46.75,10,1,2022-03-25 09:30:36
1648200638098622000,46.75,1,46.7,9,46.75,9,1,2022-03-25 09:30:38
1648200639464919000,46.75,9,46.75,1,46.8,34,1,2022-03-25 09:30:39
1648200640494579000,46.8,1,46.75,2,46.8,33,1,2022-03-25 09:30:40
1648200641417781000,46.8,20,46.75,4,46.8,13,1,2022-03-25 09:30:41
1648200641505012000,46.75,4,46.7,9,46.8,13,2,2022-03-25 09:30:41
1648200644887514000,46.75,2,46.75,12,46.8,13,2,2022-03-25 09:30:44
1648200645015673000,46.8,1,46.75,12,46.8,12,1,2022-03-25 09:30:45
1648200649118322000,46.8,1,46.75,14,46.8,11,1,2022-03-25 09:30:49
1648200649313220000,46.8,1,46.75,14,46.8,10,1,2022-03-25 09:30:49
1648200650130244000,46.8,10,46.75,14,46.85,27,1,2022-03-25 09:30:50
1648200661835545000,46.85,1,46.8,11,46.85,26,1,2022-03-25 09:31:01
1648200662021073000,46.85,15,46.8,11,46.85,11,1,2022-03-25 09:31:02
1648200662759720000,46.8,6,46.8,5,46.85,11,2,2022-03-25 09:31:02
1648200662836972000,46.85,1,46.8,5,46.85,10,1,2022-03-25 09:31:02
1648200663583026000,46.85,1,46.8,5,46.85,9,1,2022-03-25 09:31:03
1648200663901410000,46.85,1,46.8,5,46.85,8,1,2022-03-25 09:31:03
1648200666278086000,46.85,1,46.8,9,46.85,7,1,2022-03-25 09:31:06
1648200668479246000,46.85,1,46.8,13,46.85,7,1,2022-03-25 09:31:08
1648200669241933000,46.85,2,46.8,13,46.85,5,1,2022-03-25 09:31:09
1648200669320244000,46.85,2,46.8,13,46.85,3,1,2022-03-25 09:31:09
1648200669362819000,46.85,1,46.8,13,46.85,2,1,2022-03-25 09:31:09
1648200670008847000,46.8,13,46.7,10,46.75,2,2,2022-03-25 09:31:10
1648200670008847000,46.75,15,46.7,10,46.75,2,2,2022-03-25 09:31:10
1648200670324699000,46.75,1,46.7,10,46.75,1,1,2022-03-25 09:31:10
1648200670366680000,46.75,1,46.7,10,46.85,4,1,2022-03-25 09:31:10
1648200671119362000,46.8,2,46.7,10,46.8,16,1,2022-03-25 09:31:11
1648200672168144000,46.75,1,46.7,10,46.75,1,1,2022-03-25 09:31:12
1648200672933955000,46.75,1,46.7,10,46.8,16,1,2022-03-25 09:31:12
1648200674652298000,46.75,1,46.7,10,46.8,16,1,2022-03-25 09:31:14
1648200678502244000,46.75,1,46.75,5,46.8,1,2,2022-03-25 09:31:18
1648200678590107000,46.75,2,46.75,3,46.8,1,2,2022-03-25 09:31:18
1648200678635210000,46.8,1,46.75,3,46.9,11,1,2022-03-25 09:31:18
1648200678635210000,46.85,3,46.75,3,46.9,11,1,2022-03-25 09:31:18
1648200678635210000,46.9,6,46.75,3,46.9,11,1,2022-03-25 09:31:18
1648200679389850000,46.9,1,46.75,4,46.9,10,1,2022-03-25 09:31:19
1648200684538166000,46.85,1,46.85,2,46.9,10,2,2022-03-25 09:31:24
1648200684877706000,46.85,1,46.85,1,46.9,10,2,2022-03-25 09:31:24
1648200686060821000,46.9,2,46.85,1,46.9,8,1,2022-03-25 09:31:26
1648200687882153000,46.9,2,46.85,3,46.9,6,1,2022-03-25 09:31:27
1648200690418891000,46.9,4,46.85,3,46.9,2,1,2022-03-25 09:31:30
1648200691034541000,46.85,1,46.85,3,46.9,2,2,2022-03-25 09:31:31
1648200691180667000,46.9,1,46.85,3,46.9,1,1,2022-03-25 09:31:31
1648200692068175000,46.9,1,46.85,3,46.95,25,1,2022-03-25 09:31:32
1648200692776694000,46.85,3,46.85,5,46.95,25,2,2022-03-25 09:31:32
1648200694304745000,46.95,18,46.9,7,46.95,7,1,2022-03-25 09:31:34
1648200694338572000,46.95,5,46.9,7,46.95,2,1,2022-03-25 09:31:34
1648200694367440000,46.95,1,46.9,10,46.95,1,1,2022-03-25 09:31:34
1648200694378823000,46.9,1,46.9,9,46.95,1,2,2022-03-25 09:31:34
1648200694824483000,46.95,1,46.9,9,47.0,77,1,2022-03-25 09:31:34
1648200694824483000,47.0,2,46.9,9,47.0,77,1,2022-03-25 09:31:34
1648200694876474000,47.0,1,46.9,9,47.0,76,1,2022-03-25 09:31:34
1648200694999282000,46.9,9,46.85,6,46.9,1,2,2022-03-25 09:31:34
1648200695257012000,46.9,1,46.85,7,47.0,76,1,2022-03-25 09:31:35
1648200696039467000,47.0,2,46.85,9,47.0,74,1,2022-03-25 09:31:36
1648200697336771000,47.0,10,46.95,5,47.0,64,1,2022-03-25 09:31:37
1648200697481578000,47.0,5,46.95,5,47.0,59,1,2022-03-25 09:31:37
1648200697932238000,47.0,1,46.95,5,47.0,58,1,2022-03-25 09:31:37
1648200699296485000,47.0,1,46.95,5,47.0,57,1,2022-03-25 09:31:39
1648200699535840000,47.0,1,46.95,5,47.0,56,1,2022-03-25 09:31:39
1648200699950915000,47.0,20,46.95,7,47.0,36,1,2022-03-25 09:31:39
1648200700018602000,47.0,12,46.95,7,47.0,24,1,2022-03-25 09:31:40
1648200700045583000,47.0,1,46.95,7,47.0,23,1,2022-03-25 09:31:40
1648200700572565000,47.0,4,46.95,7,47.0,21,1,2022-03-25 09:31:40
1648200700860608000,47.0,1,46.95,8,47.0,20,1,2022-03-25 09:31:40
1648200700917672000,47.0,10,46.95,8,47.0,10,1,2022-03-25 09:31:40
1648200700951595000,47.0,3,46.95,8,47.0,7,1,2022-03-25 09:31:40
1648200700983851000,47.0,7,46.95,10,47.1,40,1,2022-03-25 09:31:40
1648200701758818000,47.1,1,47.0,3,47.1,40,1,2022-03-25 09:31:41
1648200702588161000,47.1,2,47.0,4,47.1,38,1,2022-03-25 09:31:42
1648200704078849000,47.1,2,47.05,4,47.1,36,1,2022-03-25 09:31:44
1648200704339161000,47.1,1,47.05,4,47.1,35,1,2022-03-25 09:31:44
1648200704673791000,47.1,5,47.05,25,47.1,30,1,2022-03-25 09:31:44
1648200705246315000,47.1,1,47.05,25,47.1,29,1,2022-03-25 09:31:45
1648200705689639000,47.1,1,47.05,27,47.1,28,1,2022-03-25 09:31:45
1648200706775149000,47.1,1,47.05,27,47.1,27,1,2022-03-25 09:31:46
1648200707239367000,47.1,6,47.05,27,47.1,21,1,2022-03-25 09:31:47
1648200707869190000,47.05,1,47.05,36,47.1,21,2,2022-03-25 09:31:47
1648200708432179000,47.1,2,47.05,36,47.1,19,1,2022-03-25 09:31:48
1648200709171206000,47.1,10,47.05,36,47.1,9,1,2022-03-25 09:31:49
1648200709508034000,47.1,1,47.05,36,47.1,8,1,2022-03-25 09:31:49
1648200709544080000,47.1,2,47.05,36,47.1,6,1,2022-03-25 09:31:49
1648200709563288000,47.1,1,47.05,36,47.1,5,1,2022-03-25 09:31:49
1648200709906101000,47.1,2,47.05,36,47.1,3,1,2022-03-25 09:31:49
1648200710213187000,47.1,2,47.05,36,47.1,2,1,2022-03-25 09:31:50
1648200710457721000,47.1,1,47.05,36,47.1,1,1,2022-03-25 09:31:50
1648200710630806000,47.1,1,47.05,36,47.15,3,1,2022-03-25 09:31:50
1648200710630806000,47.15,1,47.05,36,47.15,3,1,2022-03-25 09:31:50
1648200711925808000,47.15,1,47.1,9,47.15,3,1,2022-03-25 09:31:51
1648200712981661000,47.15,1,47.1,10,47.15,4,1,2022-03-25 09:31:52
1648200713549536000,47.15,2,47.1,12,47.15,2,1,2022-03-25 09:31:53
1648200715307229000,47.15,1,47.1,13,47.15,2,1,2022-03-25 09:31:55
1648200715366230000,47.15,2,47.1,13,47.2,48,1,2022-03-25 09:31:55
1648200715366230000,47.2,3,47.1,13,47.2,48,1,2022-03-25 09:31:55
1648200715396546000,47.15,1,47.1,13,47.2,48,1,2022-03-25 09:31:55
1648200716987479000,47.2,5,47.15,10,47.2,43,1,2022-03-25 09:31:56
1648200718925235000,47.2,1,47.15,11,47.2,42,1,2022-03-25 09:31:58
1648200719229290000,47.2,5,47.15,11,47.2,37,1,2022-03-25 09:31:59
1648200719583093000,47.2,1,47.15,11,47.2,36,1,2022-03-25 09:31:59
1648200719899631000,47.2,5,47.15,12,47.2,31,1,2022-03-25 09:31:59
1648200720623093000,47.2,1,47.15,13,47.2,30,1,2022-03-25 09:32:00
1648200721539410000,47.2,1,47.15,13,47.2,29,1,2022-03-25 09:32:01
1648200721619678000,47.2,1,47.15,13,47.2,28,1,2022-03-25 09:32:01
1648200721823548000,47.2,1,47.15,13,47.2,28,1,2022-03-25 09:32:01
1648200722917308000,47.2,10,47.15,18,47.2,18,1,2022-03-25 09:32:02
1648200722966770000,47.2,7,47.15,18,47.2,11,1,2022-03-25 09:32:02
1648200723106999000,47.2,2,47.15,18,47.2,9,1,2022-03-25 09:32:03
1648200723115637000,47.2,1,47.15,18,47.2,8,1,2022-03-25 09:32:03
1648200723548353000,47.2,1,47.15,18,47.2,7,1,2022-03-25 09:32:03
1648200723618413000,47.2,1,47.15,18,47.2,6,1,2022-03-25 09:32:03
1648200723651904000,47.2,1,47.15,18,47.2,5,1,2022-03-25 09:32:03
1648200723741255000,47.2,5,47.15,18,47.25,1,1,2022-03-25 09:32:03
1648200724552874000,47.2,8,47.15,11,47.25,1,2,2022-03-25 09:32:04
1648200724552874000,47.15,10,47.15,11,47.25,1,2,2022-03-25 09:32:04
1648200725742307000,47.2,5,47.2,3,47.25,1,2,2022-03-25 09:32:05
1648200726917902000,47.2,1,47.2,4,47.25,2,2,2022-03-25 09:32:06
1648200727397623000,47.2,4,47.1,4,47.15,6,2,2022-03-25 09:32:07
1648200727397623000,47.15,11,47.1,4,47.15,6,2,2022-03-25 09:32:07
1648200728710045000,47.15,1,47.1,4,47.15,5,1,2022-03-25 09:32:08
1648200728750618000,47.15,2,47.1,4,47.15,3,1,2022-03-25 09:32:08
1648200728881747000,47.15,2,47.1,4,47.15,1,1,2022-03-25 09:32:08
1648200729135783000,47.1,2,47.1,3,47.15,1,2,2022-03-25 09:32:09
1648200729856502000,47.15,1,47.25,23,47.3,5,1,2022-03-25 09:32:09
1648200729856502000,47.2,3,47.25,23,47.3,5,1,2022-03-25 09:32:09
1648200729856502000,47.25,3,47.25,23,47.3,5,1,2022-03-25 09:32:09
1648200729904815000,47.25,1,47.25,22,47.3,5,2,2022-03-25 09:32:09
1648200730155285000,47.25,1,47.25,21,47.3,5,2,2022-03-25 09:32:10
1648200730182803000,47.25,21,47.1,3,47.3,5,2,2022-03-25 09:32:10
1648200730365499000,47.2,1,47.2,2,47.3,5,2,2022-03-25 09:32:10
1648200730986680000,47.3,1,47.2,2,47.3,4,1,2022-03-25 09:32:10
1648200733043231000,47.3,1,47.25,3,47.3,3,1,2022-03-25 09:32:13
1648200735388984000,47.3,1,47.25,4,47.3,2,1,2022-03-25 09:32:15
1648200736042629000,47.3,1,47.25,4,47.3,1,1,2022-03-25 09:32:16
1648200736189604000,47.3,1,47.25,4,47.35,5,1,2022-03-25 09:32:16
1648200737066802000,47.35,5,47.25,4,47.45,9,1,2022-03-25 09:32:17
1648200737066802000,47.4,5,47.25,4,47.45,9,1,2022-03-25 09:32:17
1648200737353347000,47.3,1,47.3,4,47.45,9,1,2022-03-25 09:32:17
1648200737612334000,47.3,1,47.3,4,47.45,10,2,2022-03-25 09:32:17
1648200738284485000,47.45,1,47.3,4,47.45,9,1,2022-03-25 09:32:18
1648200739612277000,47.3,1,47.3,13,47.4,1,2,2022-03-25 09:32:19
1648200742832665000,47.35,1,47.3,16,47.4,3,1,2022-03-25 09:32:22
1648200744012844000,47.4,3,47.3,17,47.45,15,1,2022-03-25 09:32:24
1648200744012844000,47.45,2,47.3,17,47.45,15,1,2022-03-25 09:32:24
1648200745161793000,47.35,1,47.35,2,47.45,15,1,2022-03-25 09:32:25
1648200747280732000,47.4,2,47.35,3,47.4,15,1,2022-03-25 09:32:27
1648200748214037000,47.35,1,47.35,2,47.4,15,2,2022-03-25 09:32:28
1648200749427742000,47.35,1,47.35,5,47.4,15,2,2022-03-25 09:32:29
1648200749874877000,47.35,1,47.35,4,47.4,15,2,2022-03-25 09:32:29
1648200750583024000,47.4,5,47.35,4,47.4,10,1,2022-03-25 09:32:30
1648200750986785000,47.35,1,47.35,4,47.4,10,2,2022-03-25 09:32:30
1648200751111484000,47.4,10,47.35,4,47.45,15,1,2022-03-25 09:32:31
1648200751740411000,47.35,1,47.35,7,47.45,15,2,2022-03-25 09:32:31
1648200753051763000,47.4,1,47.35,8,47.4,4,2,2022-03-25 09:32:33
1648200754004553000,47.35,1,47.35,7,47.4,5,2,2022-03-25 09:32:34
1648200754970397000,47.4,1,47.35,7,47.4,4,1,2022-03-25 09:32:34
1648200756017156000,47.4,1,47.35,10,47.4,5,1,2022-03-25 09:32:36
1648200757343034000,47.4,5,47.35,10,47.4,11,1,2022-03-25 09:32:37
1648200758555126000,47.4,3,47.35,14,47.4,8,1,2022-03-25 09:32:38
1648200758818051000,47.4,3,47.35,14,47.4,5,1,2022-03-25 09:32:38
1648200759257548000,47.4,5,47.35,14,47.45,18,1,2022-03-25 09:32:39
1648200761120617000,47.4,1,47.35,15,47.45,14,1,2022-03-25 09:32:41
1648200761120617000,47.45,4,47.35,15,47.45,14,1,2022-03-25 09:32:41
1648200761634594000,47.45,4,47.4,1,47.45,10,1,2022-03-25 09:32:41
1648200761764532000,47.4,1,47.3,20,47.35,3,2,2022-03-25 09:32:41
1648200761764532000,47.35,16,47.3,20,47.35,3,2,2022-03-25 09:32:41
1648200762036313000,47.35,1,47.3,20,47.35,2,1,2022-03-25 09:32:42
1648200762781264000,47.35,2,47.4,1,47.45,10,1,2022-03-25 09:32:42
1648200763394941000,47.4,1,47.4,1,47.45,10,2,2022-03-25 09:32:43
1648200763596818000,47.4,1,47.3,19,47.45,10,2,2022-03-25 09:32:43
1648200763909024000,47.3,1,47.3,18,47.45,10,2,2022-03-25 09:32:43
1648200764745256000,47.45,3,47.3,18,47.45,7,1,2022-03-25 09:32:44
1648200765330704000,47.4,1,47.3,18,47.4,1,1,2022-03-25 09:32:45
1648200766977360000,47.35,1,47.3,18,47.35,1,1,2022-03-25 09:32:46
1648200767914642000,47.35,1,47.3,19,47.4,4,1,2022-03-25 09:32:47
1648200768481425000,47.3,1,47.3,18,47.4,4,2,2022-03-25 09:32:48
1648200769829934000,47.4,10,47.3,13,47.4,1,1,2022-03-25 09:32:49
1648200770599648000,47.35,1,47.3,13,47.4,1,1,2022-03-25 09:32:50
1648200774758372000,47.35,1,47.3,15,47.35,3,1,2022-03-25 09:32:54
1648200776746781000,47.35,4,47.35,6,47.4,5,1,2022-03-25 09:32:56
1648200777159208000,47.35,1,47.35,5,47.4,5,2,2022-03-25 09:32:57
1648200777258079000,47.4,1,47.35,5,47.4,4,1,2022-03-25 09:32:57
1648200777842700000,47.35,2,47.35,3,47.4,14,2,2022-03-25 09:32:57
1648200778469578000,47.35,1,47.35,2,47.4,14,2,2022-03-25 09:32:58
1648200778679138000,47.35,2,47.3,16,47.4,14,2,2022-03-25 09:32:58
1648200783102942000,47.35,1,47.35,3,47.4,16,2,2022-03-25 09:33:03
1648200783508588000,47.35,2,47.35,1,47.4,16,2,2022-03-25 09:33:03
1648200783706072000,47.35,1,47.3,16,47.35,1,2,2022-03-25 09:33:03
1648200787816343000,47.35,1,47.3,16,47.35,6,1,2022-03-25 09:33:07
1648200790142416000,47.35,4,47.3,19,47.35,5,1,2022-03-25 09:33:10
1648200790422102000,47.35,1,47.3,19,47.35,4,1,2022-03-25 09:33:10
1648200790587545000,47.35,5,47.3,19,47.35,1,1,2022-03-25 09:33:10
1648200791096350000,47.3,2,47.3,17,47.35,1,2,2022-03-25 09:33:11
1648200792245847000,47.35,2,47.35,1,47.4,16,1,2022-03-25 09:33:12
1648200794252675000,47.4,5,47.35,4,47.4,11,1,2022-03-25 09:33:14
1648200798064803000,47.35,1,47.35,3,47.4,11,2,2022-03-25 09:33:18
1648200798434243000,47.4,2,47.35,3,47.4,9,1,2022-03-25 09:33:18
1648200799629268000,47.4,5,47.35,3,47.4,4,1,2022-03-25 09:33:19
1648200800470206000,47.35,2,47.35,1,47.4,4,2,2022-03-25 09:33:20
1648200801554874000,47.4,1,47.35,1,47.4,3,1,2022-03-25 09:33:21
1648200804752583000,47.4,1,47.35,1,47.4,2,1,2022-03-25 09:33:24
1648200805191164000,47.4,2,47.35,1,47.45,6,1,2022-03-25 09:33:25
1648200805191164000,47.45,3,47.35,1,47.45,6,1,2022-03-25 09:33:25
1648200805832786000,47.35,1,47.3,20,47.45,6,2,2022-03-25 09:33:25
1648200806312876000,47.3,1,47.3,19,47.4,1,2,2022-03-25 09:33:26
1648200811378120000,47.35,2,47.3,21,47.4,42,1,2022-03-25 09:33:31
1648200812905779000,47.3,5,47.3,18,47.4,42,2,2022-03-25 09:33:32
1648200812977930000,47.4,2,47.3,18,47.4,40,1,2022-03-25 09:33:32
1648200814125366000,47.35,1,47.3,18,47.4,40,2,2022-03-25 09:33:34
1648200816023266000,47.35,1,47.3,18,47.35,5,1,2022-03-25 09:33:36
1648200816497908000,47.35,1,47.3,18,47.35,4,1,2022-03-25 09:33:36
1648200817852904000,47.35,4,47.3,18,47.35,1,1,2022-03-25 09:33:37
1648200818446730000,47.35,1,47.35,1,47.4,41,1,2022-03-25 09:33:38
1648200818461395000,47.35,1,47.3,16,47.4,41,2,2022-03-25 09:33:38
1648200818461395000,47.3,2,47.3,16,47.4,41,2,2022-03-25 09:33:38
1648200819981775000,47.35,1,47.35,2,47.4,41,2,2022-03-25 09:33:39
1648200820209156000,47.35,1,47.35,1,47.4,41,2,2022-03-25 09:33:40
1648200820794898000,47.35,2,47.3,15,47.4,41,2,2022-03-25 09:33:40
1648200822881316000,47.35,1,47.35,1,47.4,41,1,2022-03-25 09:33:42
1648200824638774000,47.35,1,47.3,17,47.4,41,2,2022-03-25 09:33:44
1648200826095505000,47.35,1,47.35,8,47.4,41,2,2022-03-25 09:33:46
1648200826164099000,47.4,2,47.35,8,47.4,39,1,2022-03-25 09:33:46
1648200829456272000,47.4,2,47.35,11,47.4,37,1,2022-03-25 09:33:49
1648200829481910000,47.35,5,47.35,6,47.4,37,2,2022-03-25 09:33:49
1648200832607400000,47.35,2,47.35,6,47.4,36,2,2022-03-25 09:33:52
1648200839021246000,47.35,1,47.35,9,47.4,37,2,2022-03-25 09:33:59
1648200841227062000,47.35,1,47.35,9,47.4,37,2,2022-03-25 09:34:01
1648200842985220000,47.35,1,47.35,8,47.4,37,2,2022-03-25 09:34:02
1648200843076526000,47.35,5,47.35,3,47.4,37,2,2022-03-25 09:34:03
1648200844113492000,47.35,1,47.35,7,47.4,37,2,2022-03-25 09:34:04
1648200844353636000,47.35,2,47.35,5,47.4,37,2,2022-03-25 09:34:04
1648200846673461000,47.35,1,47.35,6,47.4,37,2,2022-03-25 09:34:06
1648200847569387000,47.35,1,47.35,5,47.4,39,2,2022-03-25 09:34:07
1648200849940129000,47.35,2,47.35,3,47.4,40,2,2022-03-25 09:34:09
1648200851114970000,47.35,4,47.3,17,47.4,40,2,2022-03-25 09:34:11
1648200851114970000,47.3,8,47.3,17,47.4,40,2,2022-03-25 09:34:11
1648200853253472000,47.3,1,47.3,16,47.35,1,2,2022-03-25 09:34:13
1648200855898602000,47.3,2,47.3,14,47.35,3,2,2022-03-25 09:34:15
1648200855942541000,47.3,1,47.3,13,47.35,3,2,2022-03-25 09:34:15
1648200856446679000,47.3,11,47.3,2,47.35,3,2,2022-03-25 09:34:16
1648200856478136000,47.3,2,47.2,19,47.35,3,2,2022-03-25 09:34:16
1648200859320094000,47.2,1,47.2,18,47.3,23,2,2022-03-25 09:34:19
1648200859533162000,47.3,5,47.2,18,47.3,18,1,2022-03-25 09:34:19
1648200860603466000,47.2,1,47.2,17,47.3,18,2,2022-03-25 09:34:20
1648200863514243000,47.3,1,47.2,17,47.3,17,1,2022-03-25 09:34:23
1648200867079638000,47.2,1,47.2,16,47.3,18,2,2022-03-25 09:34:27
1648200867619780000,47.25,1,47.2,16,47.3,18,2,2022-03-25 09:34:27
1648200869249464000,47.2,1,47.2,15,47.3,18,2,2022-03-25 09:34:29
1648200870633247000,47.25,1,47.2,15,47.3,17,1,2022-03-25 09:34:30
1648200871048172000,47.2,3,47.2,12,47.3,18,2,2022-03-25 09:34:31
1648200874136549000,47.25,1,47.2,13,47.3,18,2,2022-03-25 09:34:34
1648200878147176000,47.25,1,47.25,2,47.3,18,2,2022-03-25 09:34:38
1648200882027786000,47.3,1,47.25,2,47.3,17,1,2022-03-25 09:34:42
1648200882834678000,47.3,1,47.25,2,47.3,16,1,2022-03-25 09:34:42
1648200883083583000,47.3,1,47.25,2,47.3,15,1,2022-03-25 09:34:43
1648200883614716000,47.25,1,47.25,1,47.3,25,2,2022-03-25 09:34:43
1648200886477607000,47.3,1,47.25,3,47.3,24,1,2022-03-25 09:34:46
1648200897161661000,47.25,4,47.25,15,47.3,25,2,2022-03-25 09:34:57
1648200897175135000,47.25,1,47.25,14,47.3,25,2,2022-03-25 09:34:57
1648200898063669000,47.3,1,47.25,14,47.3,24,1,2022-03-25 09:34:58
1648200903087388000,47.25,5,47.25,9,47.3,24,2,2022-03-25 09:35:03
1648200903173302000,47.25,1,47.25,8,47.3,24,2,2022-03-25 09:35:03
1648200904957514000,47.25,1,47.25,7,47.3,25,2,2022-03-25 09:35:04
1648200912173835000,47.25,1,47.25,7,47.3,29,2,2022-03-25 09:35:12
1648200912581138000,47.25,3,47.25,4,47.3,29,2,2022-03-25 09:35:12
1648200912617876000,47.25,4,47.2,11,47.3,29,2,2022-03-25 09:35:12
1648200918231687000,47.2,10,47.2,1,47.25,3,2,2022-03-25 09:35:18
1648200918258622000,47.2,1,47.1,2,47.25,3,2,2022-03-25 09:35:18
1648200919184051000,47.25,2,47.1,2,47.25,1,1,2022-03-25 09:35:19
1648200919330083000,47.25,1,47.1,2,47.3,18,1,2022-03-25 09:35:19
1648200930665812000,47.2,2,47.15,2,47.2,5,2,2022-03-25 09:35:30
1648200933799689000,47.2,1,47.15,2,47.2,4,1,2022-03-25 09:35:33
1648200935792603000,47.15,2,47.1,1,47.2,4,2,2022-03-25 09:35:35
1648200935792603000,47.1,1,47.1,1,47.2,4,2,2022-03-25 09:35:35
1648200937081322000,47.15,1,47.1,1,47.15,1,1,2022-03-25 09:35:37
1648200941320239000,47.15,1,47.1,1,47.2,8,1,2022-03-25 09:35:41
1648200947616082000,47.1,2,47.1,2,47.15,1,2,2022-03-25 09:35:47
1648200951751867000,47.15,1,47.1,13,47.2,8,1,2022-03-25 09:35:51
1648200964733490000,47.1,5,47.1,10,47.15,9,2,2022-03-25 09:36:04
1648200965046685000,47.15,1,47.1,10,47.15,8,1,2022-03-25 09:36:05
1648200970648796000,47.1,3,47.1,7,47.15,5,2,2022-03-25 09:36:10
1648200971318977000,47.1,2,47.1,5,47.15,5,2,2022-03-25 09:36:11
1648200971349875000,47.1,5,47.05,5,47.15,5,2,2022-03-25 09:36:11
1648200972542068000,47.05,5,47.0,6,47.15,5,2,2022-03-25 09:36:12
1648200972542068000,47.0,5,47.0,6,47.15,5,2,2022-03-25 09:36:12
1648200972589230000,47.0,3,47.0,3,47.15,5,2,2022-03-25 09:36:12
1648200972726609000,47.15,1,47.0,3,47.15,4,1,2022-03-25 09:36:12
1648200982276074000,47.15,2,47.05,1,47.15,2,1,2022-03-25 09:36:22
1648200996303258000,47.05,1,47.0,11,47.1,5,2,2022-03-25 09:36:36
1648201010405003000,47.1,2,47.05,3,47.1,5,1,2022-03-25 09:36:50
1648201011017909000,47.05,1,47.05,2,47.1,5,2,2022-03-25 09:36:51
1648201011831239000,47.1,2,47.05,3,47.1,3,1,2022-03-25 09:36:51
1648201014288692000,47.1,3,47.05,3,47.15,3,1,2022-03-25 09:36:54
1648201016438374000,47.05,1,47.05,2,47.15,3,2,2022-03-25 09:36:56
1648201020163060000,47.1,1,47.05,2,47.1,9,2,2022-03-25 09:37:00
1648201020204026000,47.1,1,47.05,2,47.1,8,1,2022-03-25 09:37:00
1648201022837713000,47.1,1,47.05,2,47.1,7,1,2022-03-25 09:37:02
1648201023017883000,47.1,1,47.05,2,47.1,6,1,2022-03-25 09:37:03
1648201023463315000,47.1,4,47.05,3,47.1,2,1,2022-03-25 09:37:03
1648201032308219000,47.1,3,47.05,3,47.15,5,1,2022-03-25 09:37:12
1648201036546700000,47.1,1,47.1,1,47.15,7,2,2022-03-25 09:37:16
1648201036576388000,47.1,1,47.05,3,47.15,7,2,2022-03-25 09:37:16
1648201041284980000,47.1,1,47.1,2,47.15,8,2,2022-03-25 09:37:21
1648201043132987000,47.1,1,47.1,1,47.15,8,2,2022-03-25 09:37:23
1648201053537715000,47.15,1,47.1,3,47.15,7,1,2022-03-25 09:37:33
1648201054274379000,47.15,1,47.1,3,47.15,6,1,2022-03-25 09:37:34
1648201067114406000,47.15,1,47.1,4,47.15,6,1,2022-03-25 09:37:47
1648201070439840000,47.15,1,47.1,5,47.15,5,1,2022-03-25 09:37:50
1648201074169107000,47.15,1,47.1,5,47.15,5,1,2022-03-25 09:37:54
1648201077122632000,47.15,3,47.1,5,47.15,3,1,2022-03-25 09:37:57
1648201077276969000,47.15,1,47.1,5,47.15,2,1,2022-03-25 09:37:57
1648201079021230000,47.15,1,47.1,5,47.15,1,1,2022-03-25 09:37:59
1648201080280998000,47.15,1,47.1,5,47.2,25,1,2022-03-25 09:38:00
1648201091256834000,47.2,1,47.15,1,47.2,24,1,2022-03-25 09:38:11
1648201093455446000,47.2,8,47.15,2,47.2,16,1,2022-03-25 09:38:13
1648201094485376000,47.2,3,47.15,2,47.2,13,1,2022-03-25 09:38:14
1648201095597538000,47.2,1,47.15,2,47.2,24,1,2022-03-25 09:38:15
1648201096158587000,47.2,1,47.15,2,47.2,23,1,2022-03-25 09:38:16
1648201096378107000,47.15,2,47.05,4,47.1,4,2,2022-03-25 09:38:16
1648201096378107000,47.1,4,47.05,4,47.1,4,2,2022-03-25 09:38:16
1648201096750132000,47.1,1,47.05,4,47.1,3,1,2022-03-25 09:38:16
1648201096892530000,47.1,1,47.05,4,47.1,2,1,2022-03-25 09:38:16
1648201097308263000,47.1,2,47.05,4,47.2,13,1,2022-03-25 09:38:17
1648201097308263000,47.2,10,47.05,4,47.2,13,1,2022-03-25 09:38:17
1648201116803222000,47.2,1,47.1,5,47.2,11,1,2022-03-25 09:38:36
1648201116950498000,47.2,3,47.1,5,47.2,8,1,2022-03-25 09:38:36
1648201123203162000,47.2,1,47.15,1,47.2,7,1,2022-03-25 09:38:43
1648201129007791000,47.2,1,47.15,1,47.2,6,1,2022-03-25 09:38:49
1648201131895765000,47.2,1,47.15,2,47.2,5,1,2022-03-25 09:38:51
1648201133805065000,47.2,1,47.15,2,47.2,5,1,2022-03-25 09:38:53
1648201137510805000,47.2,1,47.15,2,47.2,5,1,2022-03-25 09:38:57
1648201144708161000,47.15,1,47.15,1,47.2,5,2,2022-03-25 09:39:04
1648201146243371000,47.15,1,47.1,5,47.2,5,2,2022-03-25 09:39:06
1648201146271459000,47.2,2,47.1,5,47.2,3,1,2022-03-25 09:39:06
1648201148448873000,47.2,2,47.1,5,47.2,1,1,2022-03-25 09:39:08
1648201148837585000,47.2,1,47.1,5,47.25,21,1,2022-03-25 09:39:08
1648201151020925000,47.2,1,47.1,5,47.2,9,2,2022-03-25 09:39:11
1648201154962822000,47.15,1,47.1,5,47.2,9,2,2022-03-25 09:39:14
1648201158095561000,47.15,1,47.1,4,47.15,1,1,2022-03-25 09:39:18
1648201160760746000,47.15,1,47.1,4,47.2,9,1,2022-03-25 09:39:20
1648201163682425000,47.15,1,47.1,4,47.15,1,1,2022-03-25 09:39:23
1648201171742535000,47.15,1,47.1,4,47.15,3,1,2022-03-25 09:39:31
1648201172681434000,47.15,1,47.1,4,47.15,2,1,2022-03-25 09:39:32
1648201180672337000,47.15,1,47.1,4,47.15,4,1,2022-03-25 09:39:40
1648201201912767000,47.15,1,47.1,4,47.15,3,1,2022-03-25 09:40:01
1648201202702319000,47.1,1,47.1,3,47.15,3,2,2022-03-25 09:40:02
1648201211501332000,47.1,3,47.05,6,47.1,2,2,2022-03-25 09:40:11
1648201234515245000,47.05,6,47.0,21,47.05,3,2,2022-03-25 09:40:34
1648201236992294000,47.0,20,47.0,2,47.05,3,2,2022-03-25 09:40:36
1648201238455764000,47.0,1,47.0,1,47.05,4,2,2022-03-25 09:40:38
1648201242070405000,47.0,1,46.95,3,47.05,4,2,2022-03-25 09:40:42
1648201246092726000,47.0,1,46.95,3,47.0,4,1,2022-03-25 09:40:46
1648201246477428000,46.95,1,46.95,2,47.0,4,2,2022-03-25 09:40:46
1648201246663699000,46.95,1,46.95,1,47.0,4,2,2022-03-25 09:40:46
1648201247853187000,46.95,1,46.9,7,47.0,6,2,2022-03-25 09:40:47
1648201252288364000,46.9,1,46.9,6,47.0,6,2,2022-03-25 09:40:52
1648201256483298000,46.9,2,46.9,4,47.0,6,2,2022-03-25 09:40:56
1648201256599216000,46.9,1,46.9,3,47.0,6,2,2022-03-25 09:40:56
1648201260241403000,46.9,3,46.85,7,47.0,6,2,2022-03-25 09:41:00
1648201260241403000,46.85,2,46.85,7,47.0,6,2,2022-03-25 09:41:00
1648201266253090000,46.85,5,46.85,2,46.95,2,2,2022-03-25 09:41:06
1648201266286746000,46.85,2,46.8,8,46.95,2,2,2022-03-25 09:41:06
1648201267241383000,46.8,2,46.8,6,46.9,5,2,2022-03-25 09:41:07
1648201267386928000,46.8,1,46.8,5,46.9,5,2,2022-03-25 09:41:07
1648201271427796000,46.8,1,46.8,3,46.9,13,2,2022-03-25 09:41:11
1648201271451223000,46.8,1,46.8,2,46.9,13,2,2022-03-25 09:41:11
1648201271556572000,46.8,1,46.8,1,46.9,13,2,2022-03-25 09:41:11
1648201271583944000,46.8,1,46.75,2,46.9,13,2,2022-03-25 09:41:11
1648201272193542000,46.75,2,46.7,10,46.8,1,2,2022-03-25 09:41:12
1648201272769009000,46.7,1,46.7,9,46.8,2,2,2022-03-25 09:41:12
1648201275595150000,46.7,1,46.7,8,46.8,4,2,2022-03-25 09:41:15
1648201276035084000,46.75,1,46.65,6,46.8,4,2,2022-03-25 09:41:16
1648201276035084000,46.7,8,46.65,6,46.8,4,2,2022-03-25 09:41:16
1648201276035084000,46.65,2,46.65,6,46.8,4,2,2022-03-25 09:41:16
1648201282232705000,46.65,3,46.65,3,46.75,3,2,2022-03-25 09:41:22
1648201286462910000,46.75,3,46.7,1,46.8,6,1,2022-03-25 09:41:26
1648201286847275000,46.7,1,46.65,8,46.8,6,2,2022-03-25 09:41:26
1648201287271886000,46.7,1,46.65,8,46.8,6,1,2022-03-25 09:41:27
1648201288076927000,46.7,1,46.6,19,46.8,6,2,2022-03-25 09:41:28
1648201288076927000,46.65,8,46.6,19,46.8,6,2,2022-03-25 09:41:28
1648201288076927000,46.6,5,46.6,19,46.8,6,2,2022-03-25 09:41:28
1648201289654708000,46.65,5,46.7,2,46.75,1,1,2022-03-25 09:41:29
1648201294890103000,46.7,3,46.65,5,46.75,1,2,2022-03-25 09:41:34
1648201294920258000,46.75,1,46.65,5,46.8,6,1,2022-03-25 09:41:34
1648201300003251000,46.75,1,46.65,6,46.8,6,2,2022-03-25 09:41:40
1648201308832849000,46.8,1,46.7,2,46.8,6,1,2022-03-25 09:41:48
1648201314320849000,46.75,1,46.7,13,46.8,6,1,2022-03-25 09:41:54
1648201316509178000,46.75,1,46.7,14,46.8,6,2,2022-03-25 09:41:56
1648201318931231000,46.7,2,46.7,12,46.8,6,2,2022-03-25 09:41:58
1648201323860808000,46.8,1,46.7,12,46.8,1,1,2022-03-25 09:42:03
1648201336828111000,46.8,1,46.75,16,46.85,1,1,2022-03-25 09:42:16
1648201357751496000,46.9,3,46.85,1,46.9,9,1,2022-03-25 09:42:37
1648201360965842000,46.9,9,46.8,9,47.0,12,1,2022-03-25 09:42:40
1648201360965842000,46.95,1,46.8,9,47.0,12,1,2022-03-25 09:42:40
1648201370381598000,46.9,1,46.8,11,47.0,10,1,2022-03-25 09:42:50
1648201385955382000,46.9,1,46.85,1,46.95,12,2,2022-03-25 09:43:05
1648201400726817000,46.85,2,46.85,2,46.9,3,2,2022-03-25 09:43:20
1648201402130559000,46.85,1,46.85,1,46.9,3,2,2022-03-25 09:43:22
1648201405526532000,46.85,1,46.8,12,46.9,3,2,2022-03-25 09:43:25
1648201420472852000,46.85,1,46.8,11,46.9,4,1,2022-03-25 09:43:40
1648201433697553000,46.85,1,46.8,11,46.85,1,2,2022-03-25 09:43:53
1648201433771996000,46.8,3,46.8,8,46.85,1,2,2022-03-25 09:43:53
1648201434441720000,46.85,1,46.8,8,46.9,4,1,2022-03-25 09:43:54
1648201444768588000,46.8,1,46.8,6,46.85,1,2,2022-03-25 09:44:04
1648201449208280000,46.85,1,46.8,7,46.9,5,1,2022-03-25 09:44:09
1648201458425315000,46.85,1,46.8,7,46.9,5,2,2022-03-25 09:44:18
1648201476736672000,46.85,1,46.8,7,46.85,1,1,2022-03-25 09:44:36
1648201480052185000,46.85,1,46.8,7,46.85,3,1,2022-03-25 09:44:40
1648201486180192000,46.8,1,46.8,6,46.85,3,2,2022-03-25 09:44:46
1648201494518936000,46.8,1,46.8,6,46.85,3,2,2022-03-25 09:44:54
1648201499537310000,46.8,1,46.8,4,46.85,3,2,2022-03-25 09:44:59
1648201519226082000,46.8,1,46.8,4,46.85,3,2,2022-03-25 09:45:19
1648201530143880000,46.8,1,46.8,3,46.85,2,2,2022-03-25 09:45:30
1648201533216141000,46.8,1,46.8,2,46.85,2,2,2022-03-25 09:45:33
1648201535755897000,46.8,1,46.8,1,46.85,2,2,2022-03-25 09:45:35
1648201541438806000,46.8,1,46.75,6,46.85,2,2,2022-03-25 09:45:41
1648201548167974000,46.8,1,46.75,6,46.85,2,1,2022-03-25 09:45:48
1648201549615269000,46.75,3,46.75,3,46.85,2,2,2022-03-25 09:45:49
1648201555320253000,46.8,1,46.75,3,46.85,2,2,2022-03-25 09:45:55
1648201567245553000,46.8,1,46.75,8,46.8,11,1,2022-03-25 09:46:07
1648201570691652000,46.75,1,46.75,7,46.8,12,2,2022-03-25 09:46:10
1648201572864365000,46.75,1,46.75,7,46.8,12,2,2022-03-25 09:46:12
1648201578807798000,46.75,3,46.75,3,46.8,12,2,2022-03-25 09:46:18
1648201583359394000,46.75,1,46.75,2,46.8,12,2,2022-03-25 09:46:23
1648201583389914000,46.75,2,46.7,30,46.8,13,2,2022-03-25 09:46:23
1648201596563368000,46.75,1,46.7,31,46.75,2,1,2022-03-25 09:46:36
1648201601948163000,46.75,1,46.7,31,46.75,2,1,2022-03-25 09:46:41
1648201609201279000,46.75,1,46.7,31,46.75,3,1,2022-03-25 09:46:49
1648201610271110000,46.75,2,46.7,31,46.75,1,1,2022-03-25 09:46:50
1648201612764742000,46.75,1,46.7,31,46.8,10,1,2022-03-25 09:46:52
1648201630166831000,46.75,1,46.7,31,46.8,7,1,2022-03-25 09:47:10
1648201630166831000,46.8,3,46.7,31,46.8,7,1,2022-03-25 09:47:10
1648201632899040000,46.7,3,46.7,28,46.8,7,2,2022-03-25 09:47:12
1648201634908545000,46.75,1,46.7,28,46.8,7,1,2022-03-25 09:47:14
1648201665060131000,46.75,1,46.75,1,46.8,7,2,2022-03-25 09:47:45
1648201680534771000,46.75,1,46.7,29,46.8,7,2,2022-03-25 09:48:00
1648201718674315000,46.7,2,46.7,27,46.75,1,2,2022-03-25 09:48:38
1648201745633785000,46.75,1,46.7,27,46.8,9,1,2022-03-25 09:49:05
1648201752136040000,46.75,1,46.7,24,46.8,9,2,2022-03-25 09:49:12
1648201752136040000,46.7,3,46.7,24,46.8,9,2,2022-03-25 09:49:12
1648201768864936000,46.7,1,46.7,23,46.8,9,2,2022-03-25 09:49:28
1648201770083136000,46.75,1,46.7,23,46.8,1,1,2022-03-25 09:49:30
1648201770083136000,46.8,8,46.7,23,46.8,1,1,2022-03-25 09:49:30
1648201778689998000,46.8,1,46.7,25,46.85,10,1,2022-03-25 09:49:38
1648201780248466000,46.8,1,46.7,25,46.85,10,2,2022-03-25 09:49:40
1648201814894368000,46.85,2,46.7,26,46.85,8,1,2022-03-25 09:50:14
1648201837827264000,46.85,2,46.75,4,46.85,6,1,2022-03-25 09:50:37
1648201841185580000,46.85,1,46.75,4,46.85,5,1,2022-03-25 09:50:41
1648201880935059000,46.85,1,46.75,5,46.85,7,1,2022-03-25 09:51:20
1648201899488408000,46.85,1,46.75,5,46.85,4,1,2022-03-25 09:51:39
1648201906758364000,46.85,2,46.75,5,46.85,2,1,2022-03-25 09:51:46
1648201907545655000,46.85,1,46.75,5,46.85,1,1,2022-03-25 09:51:47
1648201909078194000,46.85,1,46.75,5,46.9,10,1,2022-03-25 09:51:49
1648201909078194000,46.9,2,46.75,5,46.9,10,1,2022-03-25 09:51:49
1648201927914682000,46.9,1,46.85,2,46.9,9,1,2022-03-25 09:52:07
1648201929659147000,46.9,2,46.85,2,46.9,7,1,2022-03-25 09:52:09
1648201930775377000,46.9,5,46.85,2,46.9,2,1,2022-03-25 09:52:10
1648201932114051000,46.9,2,46.9,2,46.95,11,1,2022-03-25 09:52:12
1648201939087067000,46.95,1,46.9,2,46.95,10,1,2022-03-25 09:52:19
1648201939563347000,46.9,1,46.9,1,46.95,10,2,2022-03-25 09:52:19
1648201946404368000,46.95,5,46.9,4,46.95,5,1,2022-03-25 09:52:26
1648201949260619000,46.95,5,46.9,5,47.0,9,1,2022-03-25 09:52:29
1648201963738550000,47.0,2,46.95,1,47.0,7,1,2022-03-25 09:52:43
1648201970188548000,47.0,2,46.95,3,47.0,5,1,2022-03-25 09:52:50
1648201972066145000,47.0,1,46.95,3,47.0,3,1,2022-03-25 09:52:52
1648201974868290000,47.0,1,46.95,3,47.0,2,1,2022-03-25 09:52:54
1648201977325213000,47.0,1,46.95,3,47.0,3,1,2022-03-25 09:52:57
1648201977888576000,47.0,1,46.95,3,47.0,2,1,2022-03-25 09:52:57
1648201981668800000,47.0,1,46.95,3,47.0,1,1,2022-03-25 09:53:01
1648201985597117000,47.0,1,46.95,3,47.05,9,1,2022-03-25 09:53:05
1648201986990937000,47.0,1,46.95,3,47.05,9,2,2022-03-25 09:53:06
1648201999950281000,47.05,1,47.0,1,47.05,8,1,2022-03-25 09:53:19
1648202006608592000,47.05,1,47.0,1,47.05,7,1,2022-03-25 09:53:26
1648202006635530000,47.0,1,46.95,3,47.05,7,2,2022-03-25 09:53:26
1648202031723862000,47.0,1,47.0,3,47.05,7,2,2022-03-25 09:53:51
1648202032404265000,47.0,1,47.0,2,47.05,8,2,2022-03-25 09:53:52
1648202041026954000,47.0,3,46.95,3,47.0,2,2,2022-03-25 09:54:01
1648202041135090000,47.0,1,46.95,3,47.0,1,1,2022-03-25 09:54:01
1648202043482174000,46.95,1,46.95,2,47.0,2,2,2022-03-25 09:54:03
1648202043536769000,46.95,2,46.9,5,47.0,2,2,2022-03-25 09:54:03
1648202044613140000,46.9,2,46.9,3,47.0,2,2,2022-03-25 09:54:04
1648202063312868000,46.95,1,46.9,3,47.0,5,1,2022-03-25 09:54:23
1648202076741611000,47.0,1,46.95,1,47.0,3,1,2022-03-25 09:54:36
1648202078718596000,47.0,3,47.0,4,47.05,7,1,2022-03-25 09:54:38
1648202081006613000,47.0,1,47.0,3,47.05,7,2,2022-03-25 09:54:41
1648202090892386000,47.0,3,46.95,2,47.0,2,2,2022-03-25 09:54:50
1648202098049882000,47.0,1,46.95,2,47.0,1,1,2022-03-25 09:54:58
1648202125869476000,47.0,1,46.95,2,47.0,2,1,2022-03-25 09:55:25
1648202136357301000,47.0,2,47.0,1,47.05,8,1,2022-03-25 09:55:36
1648202138944816000,47.0,1,46.95,2,47.0,3,2,2022-03-25 09:55:38
1648202138986431000,46.95,2,46.9,3,47.0,3,2,2022-03-25 09:55:38
1648202140359185000,47.0,1,46.9,3,47.0,3,1,2022-03-25 09:55:40
1648202172450571000,47.0,1,46.9,3,47.0,2,1,2022-03-25 09:56:12
1648202190395246000,47.0,2,46.9,6,47.0,3,1,2022-03-25 09:56:30
1648202197488147000,47.0,3,46.9,6,47.05,8,1,2022-03-25 09:56:37
1648202218597976000,47.0,1,46.9,6,47.0,2,1,2022-03-25 09:56:58
1648202223881188000,47.0,1,46.95,1,47.0,1,1,2022-03-25 09:57:03
1648202233363799000,47.0,1,46.95,1,47.05,8,1,2022-03-25 09:57:13
1648202266473373000,47.05,9,47.0,8,47.1,1,1,2022-03-25 09:57:46
1648202292645627000,47.05,1,47.05,2,47.1,6,2,2022-03-25 09:58:12
1648202298598109000,47.1,1,47.05,2,47.1,6,1,2022-03-25 09:58:18
1648202308971109000,47.1,1,47.05,2,47.1,5,1,2022-03-25 09:58:28
1648202315507930000,47.1,5,47.05,2,47.15,7,1,2022-03-25 09:58:35
1648202317415874000,47.1,1,47.1,5,47.15,7,2,2022-03-25 09:58:37
1648202336702592000,47.15,1,47.1,6,47.15,6,1,2022-03-25 09:58:56
1648202344387941000,47.15,1,47.1,5,47.15,5,1,2022-03-25 09:59:04
1648202347500725000,47.15,3,47.1,5,47.15,2,1,2022-03-25 09:59:07
1648202348083490000,47.15,2,47.15,2,47.2,18,1,2022-03-25 09:59:08
1648202348126306000,47.15,1,47.15,1,47.2,18,2,2022-03-25 09:59:08
1648202350893630000,47.15,1,47.15,1,47.2,18,2,2022-03-25 09:59:10
1648202350919074000,47.15,1,47.05,1,47.2,18,2,2022-03-25 09:59:10
1648202382994731000,47.15,3,47.05,1,47.15,7,1,2022-03-25 09:59:42
1648202385113458000,47.1,1,47.05,1,47.15,7,1,2022-03-25 09:59:45
1648202385273218000,47.05,1,47.0,46,47.05,1,2,2022-03-25 09:59:45
1648202385831595000,47.05,1,47.0,46,47.15,6,1,2022-03-25 09:59:45
1648202385831595000,47.15,1,47.0,46,47.15,6,1,2022-03-25 09:59:45
1648202388403220000,47.15,5,47.0,46,47.15,3,1,2022-03-25 09:59:48
1648202390289694000,47.0,1,47.0,45,47.15,1,2,2022-03-25 09:59:50
1648202398742250000,47.15,1,47.05,1,47.15,1,1,2022-03-25 09:59:58
1648202402850111000,47.15,1,47.05,1,47.2,19,1,2022-03-25 10:00:02
1648202428245078000,47.1,2,47.1,4,47.15,5,2,2022-03-25 10:00:28
