ts,close,volume,bid_price,bid_volume,ask_price,ask_volume,tick_type,datetime
1655197208874079000,37.45,176,37.3,5,37.45,18,2,2022-06-14 09:00:08
1655197209119421000,37.45,1,37.3,5,37.45,17,1,2022-06-14 09:00:09
1655197211896641000,37.45,1,37.3,5,37.45,16,1,2022-06-14 09:00:11
1655197212891581000,37.45,2,37.3,5,37.45,14,1,2022-06-14 09:00:12
1655197214402349000,37.45,1,37.3,5,37.45,13,1,2022-06-14 09:00:14
1655197214430671000,37.45,3,37.3,5,37.45,10,1,2022-06-14 09:00:14
1655197214546368000,37.45,1,37.3,5,37.45,9,1,2022-06-14 09:00:14
1655197217715244000,37.45,1,37.4,1,37.45,8,1,2022-06-14 09:00:17
1655197217751326000,37.45,6,37.4,1,37.45,2,1,2022-06-14 09:00:17
1655197217790500000,37.45,2,37.5,42,37.65,5,1,2022-06-14 09:00:17
1655197217790500000,37.5,2,37.5,42,37.65,5,1,2022-06-14 09:00:17
1655197219302138000,37.65,1,37.5,42,37.65,4,1,2022-06-14 09:00:19
1655197220750669000,37.55,1,37.55,2,37.65,4,2,2022-06-14 09:00:20
1655197222734058000,37.65,1,37.55,2,37.65,3,1,2022-06-14 09:00:22
1655197224390277000,37.65,1,37.55,2,37.65,2,1,2022-06-14 09:00:24
1655197228165214000,37.65,1,37.6,3,37.65,1,1,2022-06-14 09:00:28
1655197228236839000,37.65,1,37.6,3,37.75,1,1,2022-06-14 09:00:28
1655197228354360000,37.6,3,36.85,3,37.75,1,2,2022-06-14 09:00:28
1655197228354360000,37.55,2,36.85,3,37.75,1,2,2022-06-14 09:00:28
1655197228354360000,37.5,43,36.85,3,37.75,1,2,2022-06-14 09:00:28
1655197228354360000,37.45,2,36.85,3,37.75,1,2,2022-06-14 09:00:28
1655197228354360000,37.4,1,36.85,3,37.75,1,2,2022-06-14 09:00:28
1655197228354360000,37.35,2,36.85,3,37.75,1,2,2022-06-14 09:00:28
1655197228354360000,37.3,6,36.85,3,37.75,1,2,2022-06-14 09:00:28
1655197228354360000,37.25,1,36.85,3,37.75,1,2,2022-06-14 09:00:28
1655197228354360000,37.2,5,36.85,3,37.75,1,2,2022-06-14 09:00:28
1655197228354360000,37.05,9,36.85,3,37.75,1,2,2022-06-14 09:00:28
1655197228354360000,37.0,2,36.85,3,37.75,1,2,2022-06-14 09:00:28
1655197228476062000,36.85,1,36.85,3,37.7,3,2,2022-06-14 09:00:28
1655197228513017000,37.55,2,36.85,3,37.7,3,2,2022-06-14 09:00:28
1655197228981534000,37.7,1,36.85,2,37.7,2,1,2022-06-14 09:00:28
1655197229063436000,37.65,1,37.65,9,37.7,2,2,2022-06-14 09:00:29
1655197229454303000,37.65,1,37.65,9,37.7,2,2,2022-06-14 09:00:29
1655197229490727000,37.65,2,37.65,7,37.75,1,2,2022-06-14 09:00:29
1655197231687788000,37.75,1,37.7,5,37.8,12,1,2022-06-14 09:00:31
1655197231687788000,37.8,1,37.7,5,37.8,12,1,2022-06-14 09:00:31
1655197232612612000,37.8,8,37.7,5,37.8,4,1,2022-06-14 09:00:32
1655197233342887000,37.8,1,37.75,1,37.8,3,1,2022-06-14 09:00:33
1655197234015935000,37.8,1,37.75,1,37.8,2,1,2022-06-14 09:00:34
1655197235595863000,37.75,1,37.7,5,37.8,2,2,2022-06-14 09:00:35
1655197235595863000,37.7,1,37.7,5,37.8,2,2,2022-06-14 09:00:35
1655197235658707000,37.7,2,37.7,3,37.8,2,2,2022-06-14 09:00:35
1655197236364926000,37.8,1,37.7,3,37.8,1,1,2022-06-14 09:00:36
1655197239012146000,37.8,1,37.75,11,37.95,28,1,2022-06-14 09:00:39
1655197239042532000,37.75,1,37.75,10,37.95,28,2,2022-06-14 09:00:39
1655197243342842000,37.75,5,37.75,7,37.8,1,2,2022-06-14 09:00:43
1655197244012197000,37.75,7,37.7,3,37.75,1,2,2022-06-14 09:00:44
1655197244043003000,37.7,3,37.65,7,37.75,1,2,2022-06-14 09:00:44
1655197244655959000,37.65,1,37.65,6,37.75,1,2,2022-06-14 09:00:44
1655197245311363000,37.65,1,37.55,5,37.75,3,2,2022-06-14 09:00:45
1655197245311363000,37.55,2,37.55,5,37.75,3,2,2022-06-14 09:00:45
1655197245376684000,37.55,1,37.55,4,37.75,3,2,2022-06-14 09:00:45
1655197245403632000,37.55,4,36.95,5,37.75,3,2,2022-06-14 09:00:45
1655197245983116000,37.7,1,36.95,5,37.75,1,1,2022-06-14 09:00:45
1655197245983116000,37.75,2,36.95,5,37.75,1,1,2022-06-14 09:00:45
1655197249058746000,37.75,2,36.95,5,37.8,1,1,2022-06-14 09:00:49
1655197250063496000,37.75,1,37.75,7,37.8,1,1,2022-06-14 09:00:50
1655197250095970000,37.75,1,37.75,6,37.8,1,2,2022-06-14 09:00:50
1655197250505853000,37.75,1,37.75,7,37.8,1,2,2022-06-14 09:00:50
1655197250774871000,37.75,1,37.75,6,37.8,1,2,2022-06-14 09:00:50
1655197251254706000,37.75,1,37.75,5,37.8,1,2,2022-06-14 09:00:51
1655197252484958000,37.75,1,37.75,4,37.8,1,2,2022-06-14 09:00:52
1655197252625352000,37.75,2,37.75,2,37.8,1,2,2022-06-14 09:00:52
1655197252663472000,37.75,1,37.75,1,37.8,1,2,2022-06-14 09:00:52
1655197256163273000,37.75,3,37.75,4,37.8,1,2,2022-06-14 09:00:56
1655197256200497000,37.75,1,37.75,3,37.8,1,2,2022-06-14 09:00:56
1655197257156262000,37.75,3,36.95,6,37.75,1,2,2022-06-14 09:00:57
1655197259130347000,37.75,1,37.6,1,37.9,3,1,2022-06-14 09:00:59
1655197259130347000,37.8,1,37.6,1,37.9,3,1,2022-06-14 09:00:59
1655197259130347000,37.9,3,37.6,1,37.9,3,1,2022-06-14 09:00:59
1655197262984371000,37.8,3,37.75,1,37.95,28,1,2022-06-14 09:01:02
1655197262984371000,37.9,3,37.75,1,37.95,28,1,2022-06-14 09:01:02
1655197263623317000,37.95,3,37.75,1,37.95,25,1,2022-06-14 09:01:03
1655197265410363000,37.8,1,37.75,1,37.9,4,2,2022-06-14 09:01:05
1655197265443530000,37.75,1,37.6,1,37.9,4,2,2022-06-14 09:01:05
1655197265759351000,37.9,1,37.6,1,37.9,3,1,2022-06-14 09:01:05
1655197267819907000,37.9,1,37.6,1,37.9,2,1,2022-06-14 09:01:07
1655197270904111000,37.75,1,37.65,1,37.9,2,1,2022-06-14 09:01:10
1655197270943951000,37.9,2,37.9,1,37.95,24,1,2022-06-14 09:01:10
1655197270956518000,37.95,3,37.9,1,37.95,21,1,2022-06-14 09:01:10
1655197272257950000,37.95,4,37.9,2,37.95,17,1,2022-06-14 09:01:12
1655197272870024000,37.9,1,37.9,1,37.95,17,2,2022-06-14 09:01:12
1655197275361182000,37.9,1,37.65,1,37.95,18,2,2022-06-14 09:01:15
1655197277429579000,37.8,1,37.65,1,37.95,16,1,2022-06-14 09:01:17
1655197277429579000,37.9,1,37.65,1,37.95,16,1,2022-06-14 09:01:17
1655197277429579000,37.95,2,37.65,1,37.95,16,1,2022-06-14 09:01:17
1655197277929002000,37.9,1,37.7,2,37.95,16,1,2022-06-14 09:01:17
1655197281054031000,37.9,1,37.75,1,37.95,16,2,2022-06-14 09:01:21
1655197287771564000,37.75,1,37.75,3,37.9,2,2,2022-06-14 09:01:27
1655197287796870000,37.75,1,37.75,2,37.9,2,2,2022-06-14 09:01:27
1655197288785730000,37.9,2,37.75,2,37.95,17,1,2022-06-14 09:01:28
1655197293410261000,37.9,5,37.75,6,37.9,5,1,2022-06-14 09:01:33
1655197294609540000,37.8,1,37.75,6,37.8,3,1,2022-06-14 09:01:34
1655197297705235000,37.75,6,37.65,3,37.8,3,2,2022-06-14 09:01:37
1655197299271871000,37.65,1,37.65,4,37.8,3,2,2022-06-14 09:01:39
1655197300709111000,37.65,4,37.6,15,37.8,3,2,2022-06-14 09:01:40
1655197300709111000,37.6,6,37.6,15,37.8,3,2,2022-06-14 09:01:40
1655197301217926000,37.6,10,37.6,5,37.8,3,2,2022-06-14 09:01:41
1655197302236702000,37.6,1,37.6,4,37.8,3,2,2022-06-14 09:01:42
1655197304131299000,37.6,2,37.6,2,37.8,3,2,2022-06-14 09:01:44
1655197305328824000,37.6,2,37.6,2,37.8,3,2,2022-06-14 09:01:45
1655197307223263000,37.6,3,37.6,4,37.8,5,2,2022-06-14 09:01:47
1655197314784037000,37.6,1,37.6,3,37.75,6,2,2022-06-14 09:01:54
1655197316125334000,37.6,3,37.35,1,37.6,2,2,2022-06-14 09:01:56
1655197320252181000,37.6,1,37.35,1,37.6,1,1,2022-06-14 09:02:00
1655197320772869000,37.6,1,37.6,4,37.65,1,1,2022-06-14 09:02:00
1655197323608809000,37.6,1,37.6,7,37.65,1,2,2022-06-14 09:02:03
1655197324380975000,37.6,7,37.0,2,37.65,1,2,2022-06-14 09:02:04
1655197324380975000,37.1,2,37.0,2,37.65,1,2,2022-06-14 09:02:04
1655197324380975000,37.05,2,37.0,2,37.65,1,2,2022-06-14 09:02:04
1655197335022304000,37.1,3,37.1,2,37.5,1,2,2022-06-14 09:02:15
1655197335712821000,37.1,1,37.1,1,37.35,2,2,2022-06-14 09:02:15
1655197336535675000,37.1,1,37.05,2,37.1,4,2,2022-06-14 09:02:16
1655197336560666000,37.1,2,37.05,2,37.1,2,1,2022-06-14 09:02:16
1655197336593668000,37.1,2,37.05,2,37.35,2,1,2022-06-14 09:02:16
1655197342643978000,37.35,2,37.2,5,37.5,1,1,2022-06-14 09:02:22
1655197343607803000,37.2,1,37.2,6,37.5,1,2,2022-06-14 09:02:23
1655197352339254000,37.5,1,37.3,4,37.55,2,1,2022-06-14 09:02:32
1655197357551441000,37.5,3,37.35,1,37.55,2,2,2022-06-14 09:02:37
1655197357602511000,37.55,1,37.35,1,37.55,1,1,2022-06-14 09:02:37
1655197357639317000,37.55,1,37.35,1,37.6,7,1,2022-06-14 09:02:37
1655197365554107000,37.5,3,37.5,2,37.6,7,2,2022-06-14 09:02:45
1655197366481550000,37.55,1,37.5,3,37.55,1,1,2022-06-14 09:02:46
1655197368686542000,37.6,3,37.5,3,37.6,4,1,2022-06-14 09:02:48
1655197375550375000,37.5,2,37.5,4,37.6,5,2,2022-06-14 09:02:55
1655197377267859000,37.55,1,37.55,1,37.6,5,2,2022-06-14 09:02:57
1655197377304819000,37.55,1,37.5,4,37.6,5,2,2022-06-14 09:02:57
1655197378108036000,37.6,1,37.5,3,37.6,4,1,2022-06-14 09:02:58
1655197385530103000,37.55,1,37.5,3,37.6,4,2,2022-06-14 09:03:05
1655197385803430000,37.6,1,37.5,3,37.6,3,1,2022-06-14 09:03:05
1655197386645617000,37.55,1,37.5,3,37.6,3,2,2022-06-14 09:03:06
1655197387408400000,37.6,1,37.5,3,37.6,2,1,2022-06-14 09:03:07
1655197395083401000,37.6,2,37.55,7,37.65,6,1,2022-06-14 09:03:15
1655197395083401000,37.65,1,37.55,7,37.65,6,1,2022-06-14 09:03:15
1655197397076337000,37.65,1,37.55,7,37.65,5,1,2022-06-14 09:03:17
1655197397647549000,37.65,1,37.55,7,37.65,4,1,2022-06-14 09:03:17
1655197403079568000,37.65,2,37.55,7,37.65,2,1,2022-06-14 09:03:23
1655197403481009000,37.65,1,37.55,7,37.65,1,1,2022-06-14 09:03:23
1655197413932128000,37.65,3,37.55,8,37.7,8,1,2022-06-14 09:03:33
1655197414652797000,37.6,1,37.6,1,37.7,8,2,2022-06-14 09:03:34
1655197416822231000,37.6,1,37.6,3,37.65,1,2,2022-06-14 09:03:36
1655197417729587000,37.6,1,37.6,2,37.65,1,2,2022-06-14 09:03:37
1655197418021226000,37.6,1,37.6,1,37.65,1,2,2022-06-14 09:03:38
1655197418050684000,37.6,1,37.55,8,37.65,1,2,2022-06-14 09:03:38
1655197420944998000,37.65,1,37.55,8,37.65,1,1,2022-06-14 09:03:40
1655197435704350000,37.6,1,37.6,2,37.65,2,2,2022-06-14 09:03:55
1655197437630693000,37.6,2,37.55,8,37.6,3,2,2022-06-14 09:03:57
1655197439160429000,37.6,1,37.55,8,37.6,4,1,2022-06-14 09:03:59
1655197448743331000,37.6,1,37.55,8,37.6,3,1,2022-06-14 09:04:08
1655197451145008000,37.6,1,37.55,8,37.6,2,1,2022-06-14 09:04:11
1655197457250214000,37.55,5,37.55,3,37.6,2,2,2022-06-14 09:04:17
1655197457656697000,37.55,1,37.55,2,37.6,2,2,2022-06-14 09:04:17
1655197465550184000,37.55,1,37.55,1,37.6,2,2,2022-06-14 09:04:25
1655197467779624000,37.55,1,37.5,4,37.6,2,2,2022-06-14 09:04:27
1655197467779624000,37.5,1,37.5,4,37.6,2,2,2022-06-14 09:04:27
1655197469427872000,37.6,2,37.6,1,37.65,1,1,2022-06-14 09:04:29
1655197469590236000,37.6,1,37.5,4,37.65,1,2,2022-06-14 09:04:29
1655197469898694000,37.5,1,37.5,3,37.65,1,2,2022-06-14 09:04:29
1655197475970069000,37.65,1,37.5,3,37.7,8,1,2022-06-14 09:04:35
1655197475970069000,37.7,3,37.5,3,37.7,8,1,2022-06-14 09:04:35
1655197485638660000,37.7,1,37.5,7,37.7,7,1,2022-06-14 09:04:45
1655197487829109000,37.65,1,37.5,7,37.65,1,1,2022-06-14 09:04:47
1655197490157035000,37.65,1,37.5,7,37.7,7,1,2022-06-14 09:04:50
1655197495976479000,37.7,1,37.65,3,37.7,6,1,2022-06-14 09:04:55
1655197501230503000,37.7,2,37.65,3,37.7,6,1,2022-06-14 09:05:01
1655197504422163000,37.65,2,37.65,1,37.7,6,2,2022-06-14 09:05:04
1655197506745550000,37.65,1,37.5,5,37.7,6,2,2022-06-14 09:05:06
1655197507007826000,37.7,6,37.7,13,37.75,5,1,2022-06-14 09:05:07
1655197508056910000,37.7,1,37.7,12,37.75,5,2,2022-06-14 09:05:08
1655197509336738000,37.75,2,37.7,12,37.75,3,1,2022-06-14 09:05:09
1655197511340615000,37.7,10,37.7,4,37.75,3,2,2022-06-14 09:05:11
1655197512109198000,37.75,3,37.7,4,37.8,4,1,2022-06-14 09:05:12
1655197512123528000,37.8,3,37.7,4,37.8,1,1,2022-06-14 09:05:12
1655197512270505000,37.7,4,37.45,4,37.75,1,2,2022-06-14 09:05:12
1655197512270505000,37.5,5,37.45,4,37.75,1,2,2022-06-14 09:05:12
1655197512270505000,37.45,1,37.45,4,37.75,1,2,2022-06-14 09:05:12
1655197513091740000,37.75,1,37.8,2,37.85,11,1,2022-06-14 09:05:13
1655197513091740000,37.8,1,37.8,2,37.85,11,1,2022-06-14 09:05:13
1655197515579270000,37.8,2,37.45,4,37.8,8,2,2022-06-14 09:05:15
1655197517661678000,37.5,1,37.5,1,37.8,10,2,2022-06-14 09:05:17
1655197525156039000,37.75,5,37.5,1,37.75,1,1,2022-06-14 09:05:25
1655197531512462000,37.65,1,37.55,10,37.8,17,1,2022-06-14 09:05:31
1655197531512462000,37.75,1,37.55,10,37.8,17,1,2022-06-14 09:05:31
1655197538593618000,37.6,1,37.6,1,37.75,1,2,2022-06-14 09:05:38
1655197540192871000,37.6,1,37.55,1,37.75,1,2,2022-06-14 09:05:40
1655197540192871000,37.55,9,37.55,1,37.75,1,2,2022-06-14 09:05:40
1655197545303736000,37.55,1,37.5,4,37.7,7,2,2022-06-14 09:05:45
1655197546710075000,37.6,1,37.5,5,37.7,7,1,2022-06-14 09:05:46
1655197553002553000,37.55,3,37.55,3,37.6,3,2,2022-06-14 09:05:53
1655197555394325000,37.55,2,37.55,1,37.6,3,2,2022-06-14 09:05:55
1655197555422837000,37.55,1,37.5,5,37.55,1,2,2022-06-14 09:05:55
1655197559251170000,37.55,1,37.5,5,37.6,3,1,2022-06-14 09:05:59
1655197563008729000,37.5,2,37.5,3,37.6,3,2,2022-06-14 09:06:03
1655197564455676000,37.5,2,37.5,1,37.6,3,2,2022-06-14 09:06:04
1655197564489482000,37.5,1,37.45,2,37.55,2,2,2022-06-14 09:06:04
1655197567937857000,37.45,1,37.45,1,37.55,3,2,2022-06-14 09:06:07
1655197576419264000,37.45,1,37.4,1,37.55,4,2,2022-06-14 09:06:16
1655197578933645000,37.55,3,37.4,1,37.55,1,1,2022-06-14 09:06:18
1655197578961083000,37.55,1,37.4,1,37.6,4,1,2022-06-14 09:06:18
1655197581223328000,37.4,1,37.35,1,37.6,4,2,2022-06-14 09:06:21
1655197582023153000,37.35,1,37.3,5,37.55,1,2,2022-06-14 09:06:22
1655197587492601000,37.3,1,37.3,5,37.45,1,2,2022-06-14 09:06:27
1655197596824852000,37.3,1,37.3,7,37.45,1,2,2022-06-14 09:06:36
1655197597169934000,37.3,1,37.3,6,37.45,1,2,2022-06-14 09:06:37
1655197599250996000,37.3,1,37.3,5,37.45,2,2,2022-06-14 09:06:39
1655197605973700000,37.3,2,37.3,3,37.35,1,2,2022-06-14 09:06:45
1655197606872461000,37.35,1,37.3,3,37.4,1,1,2022-06-14 09:06:46
1655197607665768000,37.3,1,37.3,2,37.4,1,2,2022-06-14 09:06:47
1655197618678676000,37.3,2,37.2,2,37.4,2,2,2022-06-14 09:06:58
1655197619049479000,37.2,1,37.2,1,37.4,2,2,2022-06-14 09:06:59
1655197634018159000,37.2,1,37.15,11,37.2,2,2,2022-06-14 09:07:14
1655197635189524000,37.15,1,37.15,10,37.2,2,2,2022-06-14 09:07:15
1655197636170239000,37.15,10,37.1,2,37.2,2,2,2022-06-14 09:07:16
1655197638088192000,37.1,2,37.05,1,37.2,2,2,2022-06-14 09:07:18
1655197643119652000,37.05,1,37.0,1,37.05,2,2,2022-06-14 09:07:23
1655197645409500000,37.0,1,36.9,1,37.05,2,2,2022-06-14 09:07:25
1655197652130752000,36.9,1,36.85,8,37.0,2,2,2022-06-14 09:07:32
1655197653845602000,36.85,2,36.85,7,37.0,2,2,2022-06-14 09:07:33
1655197653880430000,36.85,1,36.85,6,37.0,2,2,2022-06-14 09:07:33
1655197656927911000,36.85,2,36.85,4,36.9,1,2,2022-06-14 09:07:36
1655197658627241000,36.85,3,36.85,1,36.9,2,2,2022-06-14 09:07:38
1655197658728037000,36.85,1,36.8,8,36.9,2,2,2022-06-14 09:07:38
1655197658782898000,36.8,8,36.7,1,36.9,2,2,2022-06-14 09:07:38
1655197658782898000,36.7,2,36.7,1,36.9,2,2,2022-06-14 09:07:38
1655197658833544000,36.7,1,36.6,2,36.9,2,2,2022-06-14 09:07:38
1655197658833544000,36.6,1,36.6,2,36.9,2,2,2022-06-14 09:07:38
1655197660213777000,36.75,1,36.65,1,36.85,1,2,2022-06-14 09:07:40
1655197660213777000,36.65,1,36.65,1,36.85,1,2,2022-06-14 09:07:40
1655197661344640000,36.65,1,36.6,2,36.9,2,2,2022-06-14 09:07:41
1655197668018193000,36.6,2,36.2,1,36.9,1,2,2022-06-14 09:07:48
1655197668018193000,36.55,2,36.2,1,36.9,1,2,2022-06-14 09:07:48
1655197668018193000,36.5,6,36.2,1,36.9,1,2,2022-06-14 09:07:48
1655197668018193000,36.35,4,36.2,1,36.9,1,2,2022-06-14 09:07:48
1655197668018193000,36.2,1,36.2,1,36.9,1,2,2022-06-14 09:07:48
1655197668067636000,36.2,1,36.15,2,36.85,1,2,2022-06-14 09:07:48
1655197668068700000,36.15,1,36.15,1,36.85,1,2,2022-06-14 09:07:48
1655197670063422000,36.65,1,36.65,1,36.85,1,2,2022-06-14 09:07:50
1655197670100511000,36.65,1,36.15,1,36.85,1,2,2022-06-14 09:07:50
1655197670906047000,36.15,1,36.1,1,36.9,2,2,2022-06-14 09:07:50
1655197677443148000,36.5,5,36.3,3,36.9,2,1,2022-06-14 09:07:57
1655197677443148000,36.85,3,36.3,3,36.9,2,1,2022-06-14 09:07:57
1655197678123636000,36.3,2,36.3,1,36.9,2,2,2022-06-14 09:07:58
1655197685919849000,36.45,3,36.4,1,36.45,1,2,2022-06-14 09:08:05
1655197685950888000,36.45,1,36.4,1,36.9,2,1,2022-06-14 09:08:05
1655197687279672000,36.4,1,36.4,1,36.9,2,2,2022-06-14 09:08:07
1655197690704420000,36.4,1,36.3,4,36.45,1,2,2022-06-14 09:08:10
1655197691229359000,36.4,3,36.3,4,36.4,1,1,2022-06-14 09:08:11
1655197691259613000,36.4,1,36.3,4,36.45,1,1,2022-06-14 09:08:11
1655197692250069000,36.45,1,36.45,1,36.75,2,1,2022-06-14 09:08:12
1655197694725123000,36.45,1,36.45,1,36.75,2,2,2022-06-14 09:08:14
1655197695971849000,36.5,3,36.45,1,36.65,2,2,2022-06-14 09:08:15
1655197695971849000,36.45,1,36.45,1,36.65,2,2,2022-06-14 09:08:15
1655197700638941000,36.5,1,36.45,3,36.65,2,1,2022-06-14 09:08:20
1655197702578543000,36.6,1,36.45,4,36.65,2,1,2022-06-14 09:08:22
1655197704443227000,36.6,1,36.45,4,36.65,2,1,2022-06-14 09:08:24
1655197710641176000,36.6,1,36.55,1,36.6,2,1,2022-06-14 09:08:30
1655197710666673000,36.6,2,36.55,1,36.8,2,1,2022-06-14 09:08:30
1655197712891643000,36.75,2,36.55,1,36.8,2,2,2022-06-14 09:08:32
1655197715298237000,36.9,1,36.65,1,36.9,2,1,2022-06-14 09:08:35
1655197718047458000,36.65,1,36.6,3,36.9,4,2,2022-06-14 09:08:38
1655197724700547000,36.65,5,36.6,3,36.85,6,2,2022-06-14 09:08:44
1655197724700547000,36.6,1,36.6,3,36.85,6,2,2022-06-14 09:08:44
1655197734808729000,36.6,1,36.6,5,36.85,6,2,2022-06-14 09:08:54
1655197741369288000,36.6,1,36.6,7,36.85,6,2,2022-06-14 09:09:01
1655197750285027000,36.6,1,36.6,7,36.65,3,2,2022-06-14 09:09:10
1655197750299717000,36.6,2,36.6,5,36.65,3,2,2022-06-14 09:09:10
1655197756074742000,36.65,1,36.6,5,36.65,2,1,2022-06-14 09:09:16
1655197759010703000,36.65,2,36.6,5,36.7,1,1,2022-06-14 09:09:19
1655197760540896000,36.65,2,36.6,5,36.7,1,2,2022-06-14 09:09:20
1655197774698038000,36.65,2,36.6,8,36.7,2,1,2022-06-14 09:09:34
1655197775919724000,36.65,1,36.65,5,36.7,1,2,2022-06-14 09:09:35
1655197781247892000,36.7,1,36.65,9,36.8,1,1,2022-06-14 09:09:41
1655197786724465000,36.85,1,36.7,4,36.85,5,1,2022-06-14 09:09:46
1655197794229075000,36.7,1,36.7,3,36.8,3,2,2022-06-14 09:09:54
1655197808808667000,36.75,2,36.7,5,36.75,2,1,2022-06-14 09:10:08
1655197812327390000,36.75,1,36.7,5,36.75,1,1,2022-06-14 09:10:12
1655197815079397000,36.75,1,36.75,2,36.85,8,1,2022-06-14 09:10:15
1655197817099732000,36.75,3,36.7,6,36.85,8,2,2022-06-14 09:10:17
1655197817099732000,36.7,2,36.7,6,36.85,8,2,2022-06-14 09:10:17
1655197817153538000,36.75,1,36.7,6,36.85,8,2,2022-06-14 09:10:17
1655197826866577000,36.75,1,36.7,13,36.85,8,1,2022-06-14 09:10:26
1655197848273730000,36.75,1,36.7,17,36.85,8,1,2022-06-14 09:10:48
1655197864431214000,36.75,1,36.7,18,36.75,1,1,2022-06-14 09:11:04
1655197865095957000,36.75,1,36.75,1,36.8,3,1,2022-06-14 09:11:05
1655197874357986000,36.75,2,36.7,18,36.8,3,2,2022-06-14 09:11:14
1655197883138369000,36.75,1,36.75,2,36.8,4,1,2022-06-14 09:11:23
1655197901833235000,36.75,5,36.7,19,36.75,1,2,2022-06-14 09:11:41
1655197914280261000,36.7,1,36.7,13,36.75,1,2,2022-06-14 09:11:54
1655197934728732000,36.7,1,36.7,17,36.8,3,2,2022-06-14 09:12:14
1655197954510555000,36.8,1,36.75,5,36.8,2,1,2022-06-14 09:12:34
1655197957341588000,36.75,2,36.75,3,36.8,1,2,2022-06-14 09:12:37
1655197961157098000,36.75,1,36.75,2,36.8,1,2,2022-06-14 09:12:41
1655197986436128000,36.8,2,36.75,3,36.85,3,1,2022-06-14 09:13:06
1655197993964310000,36.85,4,36.8,3,36.9,3,1,2022-06-14 09:13:13
1655198025427125000,36.9,3,36.85,2,36.95,1,1,2022-06-14 09:13:45
1655198036251881000,36.9,1,36.85,3,36.9,4,1,2022-06-14 09:13:56
1655198038104228000,36.9,4,36.9,1,36.95,1,1,2022-06-14 09:13:58
1655198058959082000,36.9,1,36.9,4,36.95,1,2,2022-06-14 09:14:18
1655198060375835000,36.9,2,36.9,2,36.95,1,2,2022-06-14 09:14:20
1655198065510619000,36.95,1,36.9,1,37.0,2,1,2022-06-14 09:14:25
1655198079390680000,37.0,4,37.0,1,37.05,2,1,2022-06-14 09:14:39
1655198081191580000,37.05,2,37.0,1,37.15,8,1,2022-06-14 09:14:41
1655198081191580000,37.15,3,37.0,1,37.15,8,1,2022-06-14 09:14:41
1655198081388727000,37.15,5,37.0,1,37.15,3,1,2022-06-14 09:14:41
1655198081595013000,37.15,3,37.0,1,37.2,10,1,2022-06-14 09:14:41
1655198081595013000,37.2,3,37.0,1,37.2,10,1,2022-06-14 09:14:41
1655198101099054000,37.2,3,37.0,3,37.2,6,1,2022-06-14 09:15:01
1655198110948909000,37.0,1,37.0,2,37.2,7,2,2022-06-14 09:15:10
1655198124125539000,37.0,3,36.95,2,37.15,2,2,2022-06-14 09:15:24
1655198128416015000,37.05,1,37.0,2,37.15,10,1,2022-06-14 09:15:28
1655198162991180000,37.1,1,37.0,4,37.15,10,2,2022-06-14 09:16:02
1655198169096885000,37.1,2,37.1,8,37.15,10,1,2022-06-14 09:16:09
1655198173441621000,37.1,2,37.1,6,37.15,10,2,2022-06-14 09:16:13
1655198173467650000,37.1,1,37.1,5,37.15,10,2,2022-06-14 09:16:13
1655198202977958000,37.1,1,37.1,5,37.15,10,2,2022-06-14 09:16:42
1655198206618732000,37.1,1,37.1,4,37.15,10,2,2022-06-14 09:16:46
1655198206640516000,37.1,1,37.1,3,37.15,10,2,2022-06-14 09:16:46
1655198211826069000,37.15,2,37.1,3,37.15,8,1,2022-06-14 09:16:51
1655198233527822000,37.1,1,37.1,2,37.15,8,2,2022-06-14 09:17:13
1655198234372491000,37.15,1,37.1,2,37.15,7,1,2022-06-14 09:17:14
1655198235140964000,37.1,1,37.1,1,37.15,7,2,2022-06-14 09:17:15
1655198245768914000,37.15,7,37.15,3,37.2,8,1,2022-06-14 09:17:25
1655198247259894000,37.15,1,37.15,3,37.2,8,2,2022-06-14 09:17:27
1655198264318723000,37.2,1,37.15,3,37.2,7,1,2022-06-14 09:17:44
1655198275079319000,37.2,1,37.15,3,37.2,4,1,2022-06-14 09:17:55
1655198282021443000,37.2,1,37.15,4,37.2,3,1,2022-06-14 09:18:02
1655198282154439000,37.2,2,37.15,4,37.2,1,1,2022-06-14 09:18:02
1655198286060281000,37.2,1,37.15,4,37.25,1,1,2022-06-14 09:18:06
1655198328702523000,37.25,1,37.25,1,37.3,4,1,2022-06-14 09:18:48
1655198347206858000,37.25,2,37.2,2,37.25,1,2,2022-06-14 09:19:07
1655198350947560000,37.2,2,37.15,3,37.2,2,2,2022-06-14 09:19:10
1655198351486360000,37.2,1,37.15,3,37.2,5,1,2022-06-14 09:19:11
1655198353426649000,37.15,3,37.0,2,37.15,1,2,2022-06-14 09:19:13
1655198355935611000,37.15,1,37.0,3,37.2,5,1,2022-06-14 09:19:15
1655198368762776000,37.0,3,36.7,15,37.15,1,2,2022-06-14 09:19:28
1655198368762776000,36.95,1,36.7,15,37.15,1,2,2022-06-14 09:19:28
1655198368762776000,36.9,2,36.7,15,37.15,1,2,2022-06-14 09:19:28
1655198368762776000,36.85,2,36.7,15,37.15,1,2,2022-06-14 09:19:28
1655198368762776000,36.8,4,36.7,15,37.15,1,2,2022-06-14 09:19:28
1655198368762776000,36.75,7,36.7,15,37.15,1,2,2022-06-14 09:19:28
1655198368762776000,36.7,1,36.7,15,37.15,1,2,2022-06-14 09:19:28
1655198382576638000,36.75,1,36.75,2,37.15,1,2,2022-06-14 09:19:42
1655198402503225000,36.75,4,36.7,14,37.15,2,2,2022-06-14 09:20:02
1655198402503225000,36.7,1,36.7,14,37.15,2,2,2022-06-14 09:20:02
1655198423604995000,36.8,1,36.8,4,37.15,2,2,2022-06-14 09:20:23
1655198432877961000,36.8,4,36.75,3,37.1,1,2,2022-06-14 09:20:32
1655198432877961000,36.75,1,36.75,3,37.1,1,2,2022-06-14 09:20:32
1655198445905116000,36.85,1,36.75,4,37.1,1,1,2022-06-14 09:20:45
1655198480552890000,36.8,1,36.8,3,37.1,1,2,2022-06-14 09:21:20
1655198491833217000,36.85,1,36.8,5,37.1,1,1,2022-06-14 09:21:31
1655198512372026000,37.1,1,36.8,6,37.15,2,1,2022-06-14 09:21:52
1655198512791933000,36.8,2,36.8,4,37.15,2,2,2022-06-14 09:21:52
1655198521704246000,36.8,1,36.8,3,37.15,2,2,2022-06-14 09:22:01
1655198601726734000,36.8,1,36.8,3,37.1,3,2,2022-06-14 09:23:21
1655198614440232000,36.8,2,36.8,3,37.1,2,2,2022-06-14 09:23:34
1655198616872333000,36.8,1,36.8,2,37.1,2,2,2022-06-14 09:23:36
1655198636494791000,36.8,1,36.8,3,37.1,2,2,2022-06-14 09:23:56
1655198638841852000,36.8,1,36.8,2,37.1,2,2,2022-06-14 09:23:58
1655198644435330000,36.8,1,36.8,1,37.1,2,2,2022-06-14 09:24:04
1655198692270754000,36.8,1,36.75,17,37.1,2,2,2022-06-14 09:24:52
1655198692270754000,36.75,3,36.75,17,37.1,2,2,2022-06-14 09:24:52
1655198704700451000,36.75,1,36.75,14,37.1,2,2,2022-06-14 09:25:04
1655198719852281000,36.75,5,36.75,9,37.1,2,2,2022-06-14 09:25:19
1655198721543950000,36.75,1,36.75,8,37.1,2,2,2022-06-14 09:25:21
1655198727273998000,36.75,1,36.75,7,37.1,2,2,2022-06-14 09:25:27
1655198736215754000,36.75,5,36.75,2,37.1,2,2,2022-06-14 09:25:36
1655198736250775000,36.75,1,36.75,1,37.1,2,2,2022-06-14 09:25:36
1655198746419051000,36.75,3,36.75,8,37.05,2,2,2022-06-14 09:25:46
1655198749576186000,36.75,1,36.75,7,37.05,2,2,2022-06-14 09:25:49
1655198832884742000,36.8,2,36.8,5,37.05,1,2,2022-06-14 09:27:12
1655198891180537000,36.8,3,36.8,2,37.05,1,2,2022-06-14 09:28:11
1655198917788935000,36.8,2,36.7,1,37.05,1,2,2022-06-14 09:28:37
1655198917788935000,36.75,3,36.7,1,37.05,1,2,2022-06-14 09:28:37
1655198917788935000,36.7,15,36.7,1,37.05,1,2,2022-06-14 09:28:37
1655198938686227000,36.85,1,36.65,1,37.0,3,2,2022-06-14 09:28:58
1655198938686227000,36.8,4,36.65,1,37.0,3,2,2022-06-14 09:28:58
1655198938686227000,36.7,1,36.65,1,37.0,3,2,2022-06-14 09:28:58
1655198938686227000,36.65,4,36.65,1,37.0,3,2,2022-06-14 09:28:58
1655198986338161000,36.65,1,36.65,1,36.75,1,2,2022-06-14 09:29:46
1655198994564474000,36.65,1,36.6,16,36.75,1,2,2022-06-14 09:29:54
1655199000589088000,36.75,1,36.6,19,36.9,1,1,2022-06-14 09:30:00
1655199060888581000,36.85,1,36.75,4,36.9,1,1,2022-06-14 09:31:00
1655199060923217000,36.9,1,36.75,4,37.1,2,1,2022-06-14 09:31:00
1655199090534965000,36.8,1,36.8,1,37.1,3,2,2022-06-14 09:31:30
1655199133802680000,36.8,1,36.7,13,36.8,3,2,2022-06-14 09:32:13
1655199136369521000,36.8,1,36.7,13,36.8,2,1,2022-06-14 09:32:16
1655199136399908000,36.8,2,36.7,13,37.1,5,1,2022-06-14 09:32:16
1655199230064301000,36.95,1,36.8,3,36.95,3,1,2022-06-14 09:33:50
1655199243325926000,36.95,2,36.8,4,36.95,1,1,2022-06-14 09:34:03
1655199244210288000,36.85,1,36.8,4,36.95,1,2,2022-06-14 09:34:04
1655199263396348000,36.95,1,36.85,1,36.95,1,1,2022-06-14 09:34:23
1655199286189873000,36.95,1,36.95,2,37.0,10,1,2022-06-14 09:34:46
1655199311573159000,37.0,5,36.95,3,37.0,5,1,2022-06-14 09:35:11
1655199311610372000,37.0,5,36.95,3,37.1,2,1,2022-06-14 09:35:11
1655199349091512000,37.05,1,36.95,2,37.1,2,2,2022-06-14 09:35:49
1655199357444190000,37.05,1,37.0,7,37.1,2,1,2022-06-14 09:35:57
1655199364068194000,37.05,1,37.0,7,37.1,2,1,2022-06-14 09:36:04
1655199370717106000,37.05,1,37.0,7,37.1,2,1,2022-06-14 09:36:10
1655199387942726000,37.0,1,37.0,6,37.1,2,2,2022-06-14 09:36:27
1655199392846438000,37.05,1,37.0,6,37.1,2,2,2022-06-14 09:36:32
1655199400784023000,37.0,1,37.0,1,37.05,1,2,2022-06-14 09:36:40
1655199466866281000,37.05,1,37.05,3,37.1,2,1,2022-06-14 09:37:46
1655199467363641000,37.05,2,37.05,1,37.1,2,2,2022-06-14 09:37:47
1655199524634626000,37.0,1,37.0,3,37.05,6,2,2022-06-14 09:38:44
1655199524665482000,37.0,3,36.85,1,37.05,6,2,2022-06-14 09:38:44
1655199628746321000,36.85,2,36.65,4,36.8,33,2,2022-06-14 09:40:28
1655199628746321000,36.8,15,36.65,4,36.8,33,2,2022-06-14 09:40:28
1655199628776621000,36.65,1,36.65,3,36.8,33,2,2022-06-14 09:40:28
1655199634346946000,36.65,1,36.65,2,36.75,4,2,2022-06-14 09:40:34
1655199642717814000,36.65,2,36.55,7,36.6,5,2,2022-06-14 09:40:42
1655199642717814000,36.6,3,36.55,7,36.6,5,2,2022-06-14 09:40:42
1655199644658711000,36.55,7,36.5,17,36.55,3,2,2022-06-14 09:40:44
1655199647779944000,36.5,5,36.5,12,36.55,4,2,2022-06-14 09:40:47
1655199651420587000,36.5,5,36.5,7,36.55,4,2,2022-06-14 09:40:51
1655199653115419000,36.5,5,36.5,2,36.55,4,2,2022-06-14 09:40:53
1655199653150404000,36.5,2,36.45,4,36.55,4,2,2022-06-14 09:40:53
1655199654623830000,36.45,4,36.4,7,36.45,6,2,2022-06-14 09:40:54
1655199654798410000,36.4,1,36.4,6,36.45,6,2,2022-06-14 09:40:54
1655199654804244000,36.4,1,36.4,5,36.45,6,2,2022-06-14 09:40:54
1655199654815434000,36.4,1,36.4,4,36.45,6,2,2022-06-14 09:40:54
1655199655215795000,36.4,4,36.35,6,36.4,6,2,2022-06-14 09:40:55
1655199673960834000,36.35,1,36.35,5,36.85,1,2,2022-06-14 09:41:13
1655199682692790000,36.35,5,36.3,5,36.85,1,2,2022-06-14 09:41:22
1655199684327089000,36.3,5,36.25,8,36.8,4,2,2022-06-14 09:41:24
1655199686750252000,36.25,1,36.25,7,36.35,1,2,2022-06-14 09:41:26
1655199686931700000,36.25,1,36.25,6,36.35,1,2,2022-06-14 09:41:26
1655199687147235000,36.25,1,36.25,5,36.35,1,2,2022-06-14 09:41:27
1655199687628135000,36.25,1,36.25,4,36.35,1,2,2022-06-14 09:41:27
1655199687664236000,36.35,1,36.25,4,36.95,4,1,2022-06-14 09:41:27
1655199697413518000,36.35,3,36.3,15,36.95,4,1,2022-06-14 09:41:37
1655199734886839000,36.4,8,36.4,7,36.8,10,1,2022-06-14 09:42:14
1655199735704790000,36.4,1,36.4,6,36.8,10,2,2022-06-14 09:42:15
1655199743681524000,36.4,1,36.4,5,36.75,2,2,2022-06-14 09:42:23
1655199743683297000,36.4,1,36.4,4,36.75,2,2,2022-06-14 09:42:23
1655199743685864000,36.4,1,36.4,3,36.75,2,2,2022-06-14 09:42:23
1655199743688057000,36.4,1,36.4,2,36.75,2,2,2022-06-14 09:42:23
1655199743713447000,36.4,2,36.35,4,36.75,2,2,2022-06-14 09:42:23
1655199762298743000,36.5,1,36.4,5,36.5,5,2,2022-06-14 09:42:42
1655199770746432000,36.4,4,36.4,1,36.5,5,2,2022-06-14 09:42:50
1655199770772129000,36.4,1,36.35,2,36.5,5,2,2022-06-14 09:42:50
1655199773621821000,36.35,1,36.35,1,36.5,5,2,2022-06-14 09:42:53
1655199779608932000,36.5,3,36.35,1,36.5,2,1,2022-06-14 09:42:59
1655199798111436000,36.4,1,36.35,3,36.5,15,2,2022-06-14 09:43:18
1655199817378464000,36.4,3,36.35,3,36.4,10,2,2022-06-14 09:43:37
1655199836515398000,36.35,1,36.35,1,36.4,10,2,2022-06-14 09:43:56
1655199837304106000,36.35,1,36.3,2,36.4,10,2,2022-06-14 09:43:57
1655199837304106000,36.3,4,36.3,2,36.4,10,2,2022-06-14 09:43:57
1655199837333502000,36.3,2,36.2,7,36.4,10,2,2022-06-14 09:43:57
1655199841904942000,36.3,5,36.2,7,36.4,11,2,2022-06-14 09:44:01
1655199857272891000,36.2,1,36.2,6,36.3,11,2,2022-06-14 09:44:17
1655199858265066000,36.3,1,36.2,6,36.3,10,1,2022-06-14 09:44:18
1655199861240180000,36.3,2,36.2,6,36.3,8,1,2022-06-14 09:44:21
1655199874309010000,36.2,1,36.2,5,36.3,8,2,2022-06-14 09:44:34
1655199882608175000,36.2,5,36.15,7,36.2,8,2,2022-06-14 09:44:42
1655199896634827000,36.15,2,36.15,5,36.2,16,2,2022-06-14 09:44:56
1655199896913372000,36.15,1,36.15,4,36.2,16,2,2022-06-14 09:44:56
1655199903599289000,36.15,4,36.1,5,36.15,3,2,2022-06-14 09:45:03
1655199905622182000,36.1,1,36.1,4,36.15,3,2,2022-06-14 09:45:05
1655199907042201000,36.1,4,36.05,2,36.15,3,2,2022-06-14 09:45:07
1655199907042201000,36.05,1,36.05,2,36.15,3,2,2022-06-14 09:45:07
1655199912389974000,36.05,2,36.0,13,36.05,1,2,2022-06-14 09:45:12
1655199916392380000,36.0,1,36.0,12,36.05,1,2,2022-06-14 09:45:16
1655199917648538000,36.0,1,36.0,11,36.05,1,2,2022-06-14 09:45:17
1655199920500508000,36.0,11,35.9,2,36.05,1,2,2022-06-14 09:45:20
1655199926196743000,35.9,1,35.9,1,36.0,6,2,2022-06-14 09:45:26
1655199930029701000,35.9,1,35.8,2,36.0,4,2,2022-06-14 09:45:30
1655199933351122000,35.9,1,35.8,2,36.0,4,2,2022-06-14 09:45:33
1655199944607852000,35.9,1,35.9,1,36.0,4,2,2022-06-14 09:45:44
1655199946029965000,35.9,1,35.8,2,35.9,29,2,2022-06-14 09:45:46
1655199956107097000,35.85,1,35.8,2,35.9,2,2,2022-06-14 09:45:56
1655199956166390000,35.9,1,35.8,2,35.9,1,1,2022-06-14 09:45:56
1655199956551646000,35.8,1,35.8,1,35.9,1,2,2022-06-14 09:45:56
1655199959213634000,35.9,1,35.8,1,36.0,4,1,2022-06-14 09:45:59
1655199959473916000,35.8,1,35.6,1,36.0,4,2,2022-06-14 09:45:59
1655199959473916000,35.65,3,35.6,1,36.0,4,2,2022-06-14 09:45:59
1655199959473916000,35.6,1,35.6,1,36.0,4,2,2022-06-14 09:45:59
1655199960059073000,35.95,1,35.6,1,36.0,4,1,2022-06-14 09:46:00
1655199962430908000,35.9,1,35.2,4,36.0,4,2,2022-06-14 09:46:02
1655199962430908000,35.65,1,35.2,4,36.0,4,2,2022-06-14 09:46:02
1655199962430908000,35.6,1,35.2,4,36.0,4,2,2022-06-14 09:46:02
1655199962430908000,35.55,5,35.2,4,36.0,4,2,2022-06-14 09:46:02
1655199962430908000,35.5,9,35.2,4,36.0,4,2,2022-06-14 09:46:02
1655199962430908000,35.3,5,35.2,4,36.0,4,2,2022-06-14 09:46:02
1655199962430908000,35.25,5,35.2,4,36.0,4,2,2022-06-14 09:46:02
1655199962430908000,35.2,8,35.2,4,36.0,4,2,2022-06-14 09:46:02
1655199970999960000,35.25,4,35.25,3,35.95,2,2,2022-06-14 09:46:10
1655199977401280000,35.95,2,35.25,4,36.0,1,1,2022-06-14 09:46:17
1655199977509119000,35.3,1,35.15,4,36.0,1,2,2022-06-14 09:46:17
1655199977509119000,35.25,4,35.15,4,36.0,1,2,2022-06-14 09:46:17
1655199977509119000,35.15,2,35.15,4,36.0,1,2,2022-06-14 09:46:17
1655199978563844000,35.15,1,35.15,3,35.95,1,2,2022-06-14 09:46:18
1655199985938678000,35.2,1,35.2,1,36.0,1,2,2022-06-14 09:46:25
1655199986744626000,35.2,1,35.1,18,36.0,1,2,2022-06-14 09:46:26
1655199986744626000,35.15,4,35.1,18,36.0,1,2,2022-06-14 09:46:26
1655199986744626000,35.1,21,35.1,18,36.0,1,2,2022-06-14 09:46:26
1655199990127950000,35.2,2,35.2,3,36.0,1,2,2022-06-14 09:46:30
1655199990136808000,35.2,2,35.2,1,36.0,1,2,2022-06-14 09:46:30
1655199993698961000,35.25,1,35.15,2,36.0,1,2,2022-06-14 09:46:33
1655199993698961000,35.2,1,35.15,2,36.0,1,2,2022-06-14 09:46:33
1655199994582911000,35.85,3,35.15,2,36.0,1,1,2022-06-14 09:46:34
1655200016243049000,35.2,1,35.15,4,35.65,1,2,2022-06-14 09:46:56
1655200016265039000,35.65,1,35.15,4,35.7,10,1,2022-06-14 09:46:56
1655200023881577000,35.65,1,35.4,2,35.65,1,1,2022-06-14 09:47:03
1655200025035238000,35.4,2,35.2,3,35.65,1,2,2022-06-14 09:47:05
1655200025063213000,35.65,1,35.2,3,35.7,10,1,2022-06-14 09:47:05
1655200026332249000,35.65,1,35.2,3,35.7,10,1,2022-06-14 09:47:06
1655200034088536000,35.5,1,35.3,1,35.65,1,1,2022-06-14 09:47:14
1655200036805914000,35.65,2,35.3,1,35.7,10,1,2022-06-14 09:47:16
1655200053139883000,35.65,1,35.55,1,35.7,10,1,2022-06-14 09:47:33
1655200058991645000,35.7,3,35.55,1,35.7,7,1,2022-06-14 09:47:38
1655200059024662000,35.7,2,35.55,1,35.7,5,1,2022-06-14 09:47:39
1655200059968252000,35.7,1,35.55,1,35.7,4,1,2022-06-14 09:47:39
1655200062387146000,35.7,1,35.35,1,35.7,3,1,2022-06-14 09:47:42
1655200066235413000,35.7,1,35.35,2,35.7,2,1,2022-06-14 09:47:46
1655200066255144000,35.7,1,35.35,2,35.7,1,1,2022-06-14 09:47:46
1655200075634875000,35.7,2,35.45,1,35.7,5,1,2022-06-14 09:47:55
1655200095964590000,35.65,1,35.55,1,35.7,4,1,2022-06-14 09:48:15
1655200133823205000,35.65,2,35.6,1,35.65,1,2,2022-06-14 09:48:53
1655200133857237000,35.65,1,35.6,1,35.7,4,1,2022-06-14 09:48:53
1655200144170436000,35.6,1,35.55,1,35.65,4,2,2022-06-14 09:49:04
1655200157514131000,35.55,1,35.3,1,35.65,4,2,2022-06-14 09:49:17
1655200157514131000,35.5,2,35.3,1,35.65,4,2,2022-06-14 09:49:17
1655200157514131000,35.45,1,35.3,1,35.65,4,2,2022-06-14 09:49:17
1655200157514131000,35.4,1,35.3,1,35.65,4,2,2022-06-14 09:49:17
1655200157514131000,35.35,3,35.3,1,35.65,4,2,2022-06-14 09:49:17
1655200157514131000,35.3,2,35.3,1,35.65,4,2,2022-06-14 09:49:17
1655200167995824000,35.3,1,35.25,2,35.3,1,2,2022-06-14 09:49:27
1655200168295114000,35.25,2,35.2,3,35.3,1,2,2022-06-14 09:49:28
1655200168295114000,35.2,1,35.2,3,35.3,1,2,2022-06-14 09:49:28
1655200172085330000,35.3,1,35.2,3,35.65,4,1,2022-06-14 09:49:32
1655200174981634000,35.2,1,35.2,2,35.65,4,2,2022-06-14 09:49:34
1655200176303487000,35.2,2,35.1,14,35.65,4,2,2022-06-14 09:49:36
1655200176303487000,35.15,7,35.1,14,35.65,4,2,2022-06-14 09:49:36
1655200176303487000,35.1,5,35.1,14,35.65,4,2,2022-06-14 09:49:36
1655200176668226000,35.65,1,35.1,14,35.65,3,1,2022-06-14 09:49:36
1655200196594707000,35.15,3,35.1,10,35.5,1,2,2022-06-14 09:49:56
1655200196594707000,35.1,4,35.1,10,35.5,1,2,2022-06-14 09:49:56
1655200203511343000,35.3,1,35.1,11,35.5,1,1,2022-06-14 09:50:03
1655200207410482000,35.15,2,35.1,12,35.5,1,2,2022-06-14 09:50:07
1655200212581314000,35.2,1,35.1,12,35.35,1,2,2022-06-14 09:50:12
1655200232376590000,35.2,1,35.1,12,35.35,1,1,2022-06-14 09:50:32
1655200249690641000,35.15,1,35.1,11,35.3,1,2,2022-06-14 09:50:49
1655200253095894000,35.1,8,35.1,3,35.3,1,2,2022-06-14 09:50:53
1655200253125185000,35.1,1,35.1,2,35.3,1,2,2022-06-14 09:50:53
1655200259395474000,35.1,2,35.0,2,35.3,1,2,2022-06-14 09:50:59
1655200259395474000,35.05,3,35.0,2,35.3,1,2,2022-06-14 09:50:59
1655200267395178000,35.0,2,34.8,1,35.1,2,2,2022-06-14 09:51:07
1655200274400819000,35.0,1,34.8,2,35.0,1,1,2022-06-14 09:51:14
1655200274433661000,35.0,1,34.8,2,35.1,2,1,2022-06-14 09:51:14
1655200280135812000,34.85,1,34.8,2,34.85,9,1,2022-06-14 09:51:20
1655200280682775000,34.8,2,34.75,4,34.85,9,2,2022-06-14 09:51:20
1655200282258902000,34.85,1,34.75,4,34.85,8,1,2022-06-14 09:51:22
1655200291960954000,34.85,1,34.8,1,34.85,10,1,2022-06-14 09:51:31
1655200293586103000,34.85,1,34.8,1,34.85,9,1,2022-06-14 09:51:33
1655200297457576000,34.85,9,34.8,1,35.0,1,1,2022-06-14 09:51:37
1655200297457576000,35.0,7,34.8,1,35.0,1,1,2022-06-14 09:51:37
1655200297489546000,35.0,1,34.8,1,35.3,1,1,2022-06-14 09:51:37
1655200298891456000,34.85,1,34.8,1,35.3,1,2,2022-06-14 09:51:38
1655200308097560000,35.0,1,34.85,2,35.3,1,1,2022-06-14 09:51:48
1655200314141954000,35.0,1,34.95,1,35.0,1,2,2022-06-14 09:51:54
1655200314624669000,34.95,1,34.9,2,35.0,1,2,2022-06-14 09:51:54
1655200315568530000,35.0,1,34.95,2,35.3,1,1,2022-06-14 09:51:55
1655200321931022000,35.0,1,34.95,3,35.3,1,2,2022-06-14 09:52:01
1655200324514023000,34.95,3,34.9,1,34.95,3,2,2022-06-14 09:52:04
1655200330255300000,34.95,2,34.9,1,34.95,1,1,2022-06-14 09:52:10
1655200330286455000,34.95,1,34.9,1,35.3,1,1,2022-06-14 09:52:10
1655200344949706000,34.9,2,34.85,1,34.9,3,2,2022-06-14 09:52:24
1655200354602485000,34.9,1,34.85,1,34.9,2,1,2022-06-14 09:52:34
1655200374555129000,34.9,2,34.85,1,34.9,1,1,2022-06-14 09:52:54
1655200378349351000,34.9,1,34.85,1,34.9,1,1,2022-06-14 09:52:58
1655200383448768000,34.9,1,34.9,1,34.95,2,1,2022-06-14 09:53:03
1655200395567042000,34.9,1,34.9,2,34.95,2,2,2022-06-14 09:53:15
1655200414880472000,34.95,1,34.9,2,34.95,1,1,2022-06-14 09:53:34
1655200418540823000,34.95,1,34.9,2,35.15,2,1,2022-06-14 09:53:38
1655200443043526000,34.9,1,34.9,1,34.95,10,2,2022-06-14 09:54:03
1655200445767257000,34.9,1,34.85,1,34.95,10,2,2022-06-14 09:54:05
1655200451652058000,34.9,1,34.8,8,34.95,10,2,2022-06-14 09:54:11
1655200451652058000,34.85,1,34.8,8,34.95,10,2,2022-06-14 09:54:11
1655200451652058000,34.8,1,34.8,8,34.95,10,2,2022-06-14 09:54:11
1655200454734800000,34.9,1,34.8,8,34.95,10,2,2022-06-14 09:54:14
1655200462333937000,34.85,1,34.8,8,34.85,2,2,2022-06-14 09:54:22
1655200467722050000,34.85,1,34.8,8,34.85,1,1,2022-06-14 09:54:27
1655200472331652000,34.8,8,34.75,3,34.85,2,2,2022-06-14 09:54:32
1655200480562274000,34.75,2,34.75,1,34.8,2,2,2022-06-14 09:54:40
1655200481759146000,34.75,1,34.7,14,34.8,2,2,2022-06-14 09:54:41
1655200483390409000,34.8,1,34.7,14,34.8,1,1,2022-06-14 09:54:43
1655200486513592000,34.7,2,34.7,12,34.8,1,2,2022-06-14 09:54:46
1655200486646012000,34.8,1,34.7,12,34.85,1,1,2022-06-14 09:54:46
1655200486646012000,34.85,1,34.7,12,34.85,1,1,2022-06-14 09:54:46
1655200489129619000,34.8,1,34.7,12,35.1,1,2,2022-06-14 09:54:49
1655200490136205000,34.75,1,34.7,12,35.1,1,2,2022-06-14 09:54:50
1655200492349652000,34.7,10,34.7,2,35.1,1,2,2022-06-14 09:54:52
1655200492383603000,34.7,1,34.7,1,35.1,1,2,2022-06-14 09:54:52
1655200508118867000,34.75,3,34.75,2,35.1,1,2,2022-06-14 09:55:08
1655200520074201000,34.8,1,34.8,4,35.1,1,2,2022-06-14 09:55:20
1655200528038290000,34.8,1,34.8,3,35.1,2,2,2022-06-14 09:55:28
1655200535342073000,34.8,3,34.75,3,34.8,5,2,2022-06-14 09:55:35
1655200545998829000,34.8,2,34.75,1,34.8,3,1,2022-06-14 09:55:45
1655200549790103000,34.8,3,34.75,1,35.1,2,1,2022-06-14 09:55:49
1655200554412227000,34.75,1,34.7,3,35.1,2,2,2022-06-14 09:55:54
1655200567617254000,34.75,1,34.75,2,34.8,6,2,2022-06-14 09:56:07
1655200579761455000,34.75,2,34.7,3,34.8,6,2,2022-06-14 09:56:19
1655200582150051000,34.8,1,34.75,1,34.8,5,1,2022-06-14 09:56:22
1655200598138100000,34.8,5,34.75,1,35.1,2,1,2022-06-14 09:56:38
1655200606569251000,35.1,1,34.75,1,35.1,1,1,2022-06-14 09:56:46
1655200615668991000,35.1,1,34.75,2,35.15,1,1,2022-06-14 09:56:55
1655200619101319000,35.15,1,34.75,2,35.2,8,1,2022-06-14 09:56:59
1655200619101319000,35.2,2,34.75,2,35.2,8,1,2022-06-14 09:56:59
1655200629042896000,35.2,2,34.8,5,35.2,6,1,2022-06-14 09:57:09
1655200629161648000,35.2,1,34.85,1,35.2,5,1,2022-06-14 09:57:09
1655200638108330000,35.2,1,34.9,2,35.2,4,1,2022-06-14 09:57:18
1655200643479705000,35.2,4,35.2,1,35.3,1,1,2022-06-14 09:57:23
1655200656755220000,35.2,2,35.0,1,35.2,1,2,2022-06-14 09:57:36
1655200662972457000,35.2,1,35.0,1,35.3,1,1,2022-06-14 09:57:42
1655200679957449000,35.25,1,35.2,1,35.3,1,1,2022-06-14 09:57:59
1655200682410625000,35.25,1,35.2,1,35.3,1,2,2022-06-14 09:58:02
1655200682672703000,35.3,1,35.2,1,35.45,2,1,2022-06-14 09:58:02
1655200685382818000,35.25,1,35.2,1,35.45,2,2,2022-06-14 09:58:05
1655200708024649000,35.25,1,35.25,2,35.3,1,1,2022-06-14 09:58:28
1655200711575786000,35.25,2,35.2,1,35.3,1,2,2022-06-14 09:58:31
1655200718840464000,35.25,1,35.2,1,35.3,1,2,2022-06-14 09:58:38
1655200723635216000,35.3,1,35.2,1,35.45,1,1,2022-06-14 09:58:43
1655200728380091000,35.2,1,35.0,1,35.4,1,2,2022-06-14 09:58:48
1655200779541484000,35.25,1,35.05,1,35.3,2,1,2022-06-14 09:59:39
1655200841528412000,35.3,2,35.25,3,35.45,1,1,2022-06-14 10:00:41
1655200887226600000,35.3,1,35.3,2,35.45,1,2,2022-06-14 10:01:27
1655200891857590000,35.4,1,35.3,2,35.45,1,1,2022-06-14 10:01:31
1655200909100935000,35.45,1,35.3,3,35.5,1,1,2022-06-14 10:01:49
1655200925016317000,35.5,1,35.45,1,35.6,1,1,2022-06-14 10:02:05
1655200926225609000,35.55,1,35.45,1,35.6,1,1,2022-06-14 10:02:06
1655200935191914000,35.6,1,35.45,1,35.7,2,1,2022-06-14 10:02:15
1655200936871125000,35.65,1,35.45,1,35.7,2,1,2022-06-14 10:02:16
1655200990253978000,35.6,1,35.45,2,35.6,1,1,2022-06-14 10:03:10
1655201053942194000,35.7,2,35.45,2,35.8,6,1,2022-06-14 10:04:13
1655201053942194000,35.75,5,35.45,2,35.8,6,1,2022-06-14 10:04:13
1655201053942194000,35.8,3,35.45,2,35.8,6,1,2022-06-14 10:04:13
1655201054196771000,35.8,6,35.8,4,36.1,1,1,2022-06-14 10:04:14
1655201061696031000,36.05,1,35.8,4,36.1,1,1,2022-06-14 10:04:21
1655201063475541000,35.85,1,35.8,4,36.05,1,2,2022-06-14 10:04:23
1655201071461896000,35.8,1,35.8,3,36.0,1,2,2022-06-14 10:04:31
1655201072470002000,36.0,1,35.8,3,36.05,1,1,2022-06-14 10:04:32
1655201078173058000,35.8,3,35.45,2,35.95,1,2,2022-06-14 10:04:38
1655201087647320000,35.8,1,35.45,2,35.9,1,1,2022-06-14 10:04:47
1655201115080158000,35.45,3,35.1,6,35.75,1,2,2022-06-14 10:05:15
1655201115080158000,35.4,2,35.1,6,35.75,1,2,2022-06-14 10:05:15
1655201115080158000,35.3,3,35.1,6,35.75,1,2,2022-06-14 10:05:15
1655201115080158000,35.25,7,35.1,6,35.75,1,2,2022-06-14 10:05:15
1655201115080158000,35.2,2,35.1,6,35.75,1,2,2022-06-14 10:05:15
1655201115080158000,35.15,2,35.1,6,35.75,1,2,2022-06-14 10:05:15
1655201115080158000,35.1,1,35.1,6,35.75,1,2,2022-06-14 10:05:15
1655201126978234000,35.65,1,35.25,1,35.7,1,1,2022-06-14 10:05:26
1655201194588987000,35.4,2,35.25,10,35.6,2,2,2022-06-14 10:06:34
1655201199706080000,35.55,1,35.25,10,35.6,2,1,2022-06-14 10:06:39
1655201251435153000,35.55,1,35.25,10,35.55,2,1,2022-06-14 10:07:31
1655201256257940000,35.55,2,35.25,10,35.6,2,1,2022-06-14 10:07:36
1655201256257940000,35.6,3,35.25,10,35.6,2,1,2022-06-14 10:07:36
1655201265493532000,35.6,2,35.65,1,35.7,1,1,2022-06-14 10:07:45
1655201265493532000,35.65,2,35.65,1,35.7,1,1,2022-06-14 10:07:45
1655201289130456000,35.7,1,35.85,1,35.9,2,1,2022-06-14 10:08:09
1655201289130456000,35.75,1,35.85,1,35.9,2,1,2022-06-14 10:08:09
1655201289130456000,35.8,1,35.85,1,35.9,2,1,2022-06-14 10:08:09
1655201289130456000,35.85,1,35.85,1,35.9,2,1,2022-06-14 10:08:09
1655201289165022000,35.85,1,35.65,1,35.9,2,2,2022-06-14 10:08:09
1655201301730585000,35.9,1,35.7,1,35.9,1,1,2022-06-14 10:08:21
1655201302003034000,35.9,1,35.7,1,36.05,1,1,2022-06-14 10:08:22
1655201302003034000,35.95,3,35.7,1,36.05,1,1,2022-06-14 10:08:22
1655201302003034000,36.0,1,35.7,1,36.05,1,1,2022-06-14 10:08:22
1655201310769609000,35.95,1,35.7,1,36.0,5,1,2022-06-14 10:08:30
1655201322269586000,36.0,1,35.65,1,36.0,4,1,2022-06-14 10:08:42
1655201335025995000,35.95,1,35.95,2,36.0,4,2,2022-06-14 10:08:55
1655201335057519000,35.95,2,35.65,1,36.0,4,2,2022-06-14 10:08:55
1655201336238608000,36.0,4,36.0,6,36.15,10,1,2022-06-14 10:08:56
1655201345875819000,36.1,1,36.0,6,36.15,10,1,2022-06-14 10:09:05
1655201359892173000,36.1,1,36.05,1,36.15,10,2,2022-06-14 10:09:19
1655201363365768000,36.05,1,36.0,6,36.15,10,2,2022-06-14 10:09:23
1655201363382437000,36.15,2,36.0,6,36.15,8,1,2022-06-14 10:09:23
1655201367694149000,36.0,6,35.65,1,36.0,2,2,2022-06-14 10:09:27
1655201413228680000,35.5,1,35.35,7,35.9,1,2,2022-06-14 10:10:13
1655201494926467000,35.5,12,35.45,2,35.5,8,2,2022-06-14 10:11:34
1655201495056238000,35.5,2,35.45,2,35.5,6,1,2022-06-14 10:11:35
1655201498636951000,35.5,6,35.5,4,35.85,1,1,2022-06-14 10:11:38
1655201498704493000,35.5,2,35.5,2,35.85,1,2,2022-06-14 10:11:38
1655201547888548000,35.5,3,35.45,2,35.9,2,2,2022-06-14 10:12:27
1655201644665373000,35.55,2,35.55,1,35.7,2,2,2022-06-14 10:14:04
1655201682506047000,35.6,5,35.6,4,35.7,2,2,2022-06-14 10:14:42
1655201748738962000,35.65,1,35.6,7,35.7,2,2,2022-06-14 10:15:48
1655201780159744000,35.7,2,35.65,2,35.8,1,1,2022-06-14 10:16:20
1655201786089157000,35.8,1,35.65,2,35.9,2,1,2022-06-14 10:16:26
1655201801048896000,35.8,2,35.75,2,35.8,2,1,2022-06-14 10:16:41
1655201809255469000,35.8,2,35.75,2,35.9,2,1,2022-06-14 10:16:49
1655201815862245000,35.9,2,35.8,3,35.95,4,1,2022-06-14 10:16:55
1655201816706186000,35.95,2,35.8,3,35.95,2,1,2022-06-14 10:16:56
1655201816948239000,35.95,2,35.8,3,36.0,7,1,2022-06-14 10:16:56
1655201823669166000,36.0,3,35.75,2,36.0,4,1,2022-06-14 10:17:03
1655201829342046000,36.0,1,35.75,2,36.0,3,1,2022-06-14 10:17:09
1655201835493308000,36.0,2,35.75,2,36.0,1,1,2022-06-14 10:17:15
1655201838948838000,36.0,1,36.0,2,36.05,2,1,2022-06-14 10:17:18
1655201845059130000,36.0,2,35.85,10,36.05,2,2,2022-06-14 10:17:25
1655201867509397000,36.05,1,35.85,10,36.05,1,1,2022-06-14 10:17:47
1655201878765335000,36.05,1,35.9,2,36.1,5,1,2022-06-14 10:17:58
1655201962948685000,36.0,1,35.85,24,36.05,4,1,2022-06-14 10:19:22
1655201967901817000,36.05,4,35.85,24,36.1,1,1,2022-06-14 10:19:27
1655201967901817000,36.1,4,35.85,24,36.1,1,1,2022-06-14 10:19:27
1655201999845278000,36.1,1,35.9,3,36.2,5,1,2022-06-14 10:19:59
1655202037752742000,36.1,1,36.1,3,36.2,4,2,2022-06-14 10:20:37
1655202047022228000,36.1,3,36.05,2,36.2,4,2,2022-06-14 10:20:47
1655202077273890000,36.15,1,36.05,2,36.2,5,1,2022-06-14 10:21:17
1655202106010255000,36.05,1,36.05,1,36.15,1,2,2022-06-14 10:21:46
1655202106041354000,36.05,1,36.0,2,36.15,1,2,2022-06-14 10:21:46
1655202132666061000,36.1,1,36.1,1,36.2,6,2,2022-06-14 10:22:12
1655202132698961000,36.1,1,35.85,24,36.2,6,2,2022-06-14 10:22:12
1655202260742561000,35.9,1,35.9,1,35.95,1,2,2022-06-14 10:24:20
1655202266536605000,35.9,1,35.85,14,35.95,1,2,2022-06-14 10:24:26
1655202271021988000,35.85,2,35.85,12,35.95,1,2,2022-06-14 10:24:31
1655202282264753000,35.9,1,35.85,12,35.95,1,2,2022-06-14 10:24:42
1655202310155822000,35.85,1,35.85,11,35.95,1,2,2022-06-14 10:25:10
1655202334105253000,35.85,6,35.85,5,35.95,1,2,2022-06-14 10:25:34
1655202354364678000,35.85,5,35.75,1,35.9,1,2,2022-06-14 10:25:54
1655202498200423000,35.85,1,35.75,11,35.9,1,1,2022-06-14 10:28:18
1655202652916636000,35.8,1,35.75,11,35.85,4,2,2022-06-14 10:30:52
1655202774700619000,35.85,1,35.75,11,35.85,3,1,2022-06-14 10:32:54
1655202784701177000,35.85,1,35.75,11,35.85,2,1,2022-06-14 10:33:04
1655202805480542000,35.85,2,35.75,11,35.9,1,1,2022-06-14 10:33:25
1655202908959468000,35.9,1,36.0,4,36.05,1,1,2022-06-14 10:35:08
1655202908984144000,36.0,1,36.0,3,36.05,1,2,2022-06-14 10:35:08
1655202935742352000,36.05,1,36.0,3,36.2,5,1,2022-06-14 10:35:35
1655202935742352000,36.1,2,36.0,3,36.2,5,1,2022-06-14 10:35:35
1655202935742352000,36.2,1,36.0,3,36.2,5,1,2022-06-14 10:35:35
1655202960025744000,36.0,1,36.0,2,36.2,5,2,2022-06-14 10:36:00
1655203041629272000,36.05,1,35.85,1,36.1,2,1,2022-06-14 10:37:21
1655203073572860000,36.05,1,36.05,9,36.1,2,2,2022-06-14 10:37:53
1655203092981743000,36.1,4,36.1,1,36.15,1,1,2022-06-14 10:38:12
1655203093012225000,36.1,1,35.85,1,36.15,1,2,2022-06-14 10:38:13
1655203095139063000,36.05,1,36.05,7,36.15,1,1,2022-06-14 10:38:15
1655203247588407000,36.05,1,36.05,4,36.1,1,1,2022-06-14 10:40:47
1655203281352248000,36.05,1,36.05,4,36.1,1,2,2022-06-14 10:41:21
1655203304174234000,36.1,1,36.05,4,36.15,2,1,2022-06-14 10:41:44
1655203345741934000,36.15,1,36.05,3,36.15,1,1,2022-06-14 10:42:25
1655203368950772000,36.15,1,36.05,4,36.2,6,1,2022-06-14 10:42:48
1655203370576809000,36.2,1,36.05,4,36.2,5,1,2022-06-14 10:42:50
1655203389088110000,36.2,1,36.05,4,36.2,4,1,2022-06-14 10:43:09
1655203390860389000,36.2,1,36.05,3,36.2,3,1,2022-06-14 10:43:10
1655203393329147000,36.2,3,36.05,3,36.3,5,1,2022-06-14 10:43:13
1655203393329147000,36.25,6,36.05,3,36.3,5,1,2022-06-14 10:43:13
1655203406521196000,36.3,1,36.05,3,36.3,4,1,2022-06-14 10:43:26
1655203422327234000,36.3,1,36.05,3,36.3,3,1,2022-06-14 10:43:42
1655203458961622000,36.25,1,36.05,3,36.3,2,1,2022-06-14 10:44:18
1655203475714591000,36.3,2,36.3,1,36.35,8,1,2022-06-14 10:44:35
1655203486816890000,36.35,1,36.3,1,36.35,7,1,2022-06-14 10:44:46
1655203492416173000,36.35,1,36.25,1,36.35,6,1,2022-06-14 10:44:52
1655203507899237000,36.35,5,35.95,4,36.35,1,1,2022-06-14 10:45:07
1655203507922211000,36.35,1,35.95,4,36.4,4,1,2022-06-14 10:45:07
1655203587980778000,36.35,1,36.0,1,36.4,4,1,2022-06-14 10:46:27
1655203615182458000,36.35,2,36.05,2,36.4,3,1,2022-06-14 10:46:55
1655203615182458000,36.4,1,36.05,2,36.4,3,1,2022-06-14 10:46:55
1655203617034068000,36.4,3,36.5,3,36.6,1,1,2022-06-14 10:46:57
1655203617034068000,36.45,1,36.5,3,36.6,1,1,2022-06-14 10:46:57
1655203617034068000,36.5,3,36.5,3,36.6,1,1,2022-06-14 10:46:57
1655203629536819000,36.5,3,36.05,2,36.6,1,2,2022-06-14 10:47:09
1655203674624068000,36.45,1,36.2,4,36.5,3,2,2022-06-14 10:47:54
1655203693332002000,36.2,1,36.2,3,36.45,3,2,2022-06-14 10:48:13
1655203722052010000,36.2,2,36.2,1,36.45,5,2,2022-06-14 10:48:42
1655203741811525000,36.2,1,36.1,1,36.45,5,2,2022-06-14 10:49:01
1655203901695424000,36.1,1,36.1,2,36.2,5,2,2022-06-14 10:51:41
1655203953780407000,36.1,1,36.1,1,36.2,5,2,2022-06-14 10:52:33
1655203980625297000,36.1,1,36.05,5,36.2,5,2,2022-06-14 10:53:00
1655204033606868000,36.05,5,35.95,4,36.2,5,2,2022-06-14 10:53:53
1655204040766993000,36.05,1,35.8,1,36.15,5,2,2022-06-14 10:54:00
1655204040766993000,35.95,4,35.8,1,36.15,5,2,2022-06-14 10:54:00
1655204040766993000,35.9,3,35.8,1,36.15,5,2,2022-06-14 10:54:00
1655204040766993000,35.85,5,35.8,1,36.15,5,2,2022-06-14 10:54:00
1655204040766993000,35.8,4,35.8,1,36.15,5,2,2022-06-14 10:54:00
1655204154219422000,35.9,6,35.75,2,36.15,5,2,2022-06-14 10:55:54
1655204154219422000,35.8,5,35.75,2,36.15,5,2,2022-06-14 10:55:54
1655204154219422000,35.75,9,35.75,2,36.15,5,2,2022-06-14 10:55:54
1655204160720945000,35.75,2,35.5,3,36.15,5,2,2022-06-14 10:56:00
1655204160720945000,35.7,2,35.5,3,36.15,5,2,2022-06-14 10:56:00
1655204160720945000,35.55,13,35.5,3,36.15,5,2,2022-06-14 10:56:00
1655204177465125000,35.75,1,35.55,2,35.75,2,2,2022-06-14 10:56:17
1655204245356934000,35.55,1,35.55,2,35.75,2,2,2022-06-14 10:57:25
1655204280984237000,35.55,2,35.3,9,35.75,2,2,2022-06-14 10:58:00
1655204280984237000,35.5,7,35.3,9,35.75,2,2,2022-06-14 10:58:00
1655204280984237000,35.45,3,35.3,9,35.75,2,2,2022-06-14 10:58:00
1655204280984237000,35.4,2,35.3,9,35.75,2,2,2022-06-14 10:58:00
1655204280984237000,35.35,2,35.3,9,35.75,2,2,2022-06-14 10:58:00
1655204280984237000,35.3,1,35.3,9,35.75,2,2,2022-06-14 10:58:00
1655204301560867000,35.4,2,35.3,7,35.75,2,2,2022-06-14 10:58:21
1655204301560867000,35.35,1,35.3,7,35.75,2,2,2022-06-14 10:58:21
1655204301560867000,35.3,2,35.3,7,35.75,2,2,2022-06-14 10:58:21
1655204323423137000,35.3,8,35.2,4,35.75,2,2,2022-06-14 10:58:43
1655204323423137000,35.25,4,35.2,4,35.75,2,2,2022-06-14 10:58:43
1655204323423137000,35.2,8,35.2,4,35.75,2,2,2022-06-14 10:58:43
1655204328089203000,35.2,1,35.2,3,35.75,2,2,2022-06-14 10:58:48
1655204346256660000,35.2,1,35.2,8,35.75,2,2,2022-06-14 10:59:06
1655204374745997000,35.3,1,35.3,2,35.65,1,2,2022-06-14 10:59:34
1655204379872737000,35.5,1,35.3,3,35.65,1,1,2022-06-14 10:59:39
1655204383982203000,35.3,2,35.3,1,35.65,1,2,2022-06-14 10:59:43
1655204400225353000,35.35,3,35.25,6,35.65,1,2,2022-06-14 11:00:00
1655204400225353000,35.3,13,35.25,6,35.65,1,2,2022-06-14 11:00:00
1655204400225353000,35.25,1,35.25,6,35.65,1,2,2022-06-14 11:00:00
1655204406384712000,35.25,3,35.25,3,35.65,1,2,2022-06-14 11:00:06
1655204471958138000,35.65,1,35.3,3,35.75,2,1,2022-06-14 11:01:11
1655204520458949000,35.4,1,35.25,9,35.65,1,2,2022-06-14 11:02:00
1655204520458949000,35.35,1,35.25,9,35.65,1,2,2022-06-14 11:02:00
1655204520458949000,35.3,7,35.25,9,35.65,1,2,2022-06-14 11:02:00
1655204520458949000,35.25,8,35.25,9,35.65,1,2,2022-06-14 11:02:00
1655204574249792000,35.3,1,35.2,15,35.65,1,2,2022-06-14 11:02:54
1655204574249792000,35.25,12,35.2,15,35.65,1,2,2022-06-14 11:02:54
1655204574249792000,35.2,7,35.2,15,35.65,1,2,2022-06-14 11:02:54
1655204640344664000,35.25,4,35.2,9,35.65,1,2,2022-06-14 11:04:00
1655204640344664000,35.2,10,35.2,9,35.65,1,2,2022-06-14 11:04:00
1655204683896781000,35.2,1,35.2,9,35.75,2,2,2022-06-14 11:04:43
1655204765116097000,35.25,2,35.05,9,35.7,1,2,2022-06-14 11:06:05
1655204765116097000,35.2,10,35.05,9,35.7,1,2,2022-06-14 11:06:05
1655204765116097000,35.15,3,35.05,9,35.7,1,2,2022-06-14 11:06:05
1655204765116097000,35.1,4,35.05,9,35.7,1,2,2022-06-14 11:06:05
1655204765116097000,35.05,1,35.05,9,35.7,1,2,2022-06-14 11:06:05
1655204809627942000,35.45,1,35.05,10,35.5,1,1,2022-06-14 11:06:49
1655204889257814000,35.4,1,35.45,1,35.5,1,1,2022-06-14 11:08:09
1655204889257814000,35.45,1,35.45,1,35.5,1,1,2022-06-14 11:08:09
1655204889287712000,35.5,1,35.45,1,35.7,1,1,2022-06-14 11:08:09
1655204890828923000,35.5,1,35.45,1,35.7,1,2,2022-06-14 11:08:10
1655204901521203000,35.45,1,35.25,1,35.55,1,2,2022-06-14 11:08:21
1655204907056529000,35.5,1,35.25,1,35.55,1,1,2022-06-14 11:08:27
1655204992050583000,35.55,1,35.5,2,35.7,1,1,2022-06-14 11:09:52
1655205009866781000,35.55,1,35.5,3,35.55,4,2,2022-06-14 11:10:09
1655205029273496000,35.55,1,35.5,3,35.55,3,1,2022-06-14 11:10:29
1655205058605169000,35.55,1,35.5,2,35.55,2,1,2022-06-14 11:10:58
1655205064202791000,35.55,1,35.5,2,35.55,1,1,2022-06-14 11:11:04
1655205064232365000,35.55,1,35.5,2,35.7,1,1,2022-06-14 11:11:04
1655205137666519000,35.7,1,35.5,2,35.75,2,1,2022-06-14 11:12:17
1655205215771879000,35.65,1,35.5,2,35.75,2,2,2022-06-14 11:13:35
1655205246586366000,35.5,2,35.25,1,35.7,2,2,2022-06-14 11:14:06
1655205246877526000,35.65,1,35.25,1,35.7,2,2,2022-06-14 11:14:06
1655206040460501000,35.6,1,35.6,1,35.65,11,1,2022-06-14 11:27:20
1655206040479133000,35.6,1,35.5,1,35.65,11,2,2022-06-14 11:27:20
1655206161551756000,35.5,1,35.3,11,35.5,1,2,2022-06-14 11:29:21
1655206308832804000,35.4,1,35.35,1,35.4,1,2,2022-06-14 11:31:48
1655206345647821000,35.35,1,35.3,2,35.4,1,2,2022-06-14 11:32:25
1655206345647821000,35.3,9,35.3,2,35.4,1,2,2022-06-14 11:32:25
1655206558414654000,35.35,1,35.3,5,35.4,1,1,2022-06-14 11:35:58
1655206562187961000,35.3,2,35.3,3,35.4,1,2,2022-06-14 11:36:02
1655206747951894000,35.4,1,35.3,4,35.55,2,1,2022-06-14 11:39:07
1655206747951894000,35.5,1,35.3,4,35.55,2,1,2022-06-14 11:39:07
1655207201151688000,35.5,4,35.35,2,35.5,4,2,2022-06-14 11:46:41
1655207389450021000,35.5,2,35.4,1,35.5,3,1,2022-06-14 11:49:49
1655207629676259000,35.4,1,35.3,2,35.4,1,2,2022-06-14 11:53:49
1655207805872528000,35.4,1,35.35,2,35.4,7,1,2022-06-14 11:56:45
1655207808108795000,35.4,1,35.35,2,35.4,6,1,2022-06-14 11:56:48
1655207808700876000,35.35,1,35.35,1,35.4,6,2,2022-06-14 11:56:48
1655207873807906000,35.35,1,35.3,2,35.35,1,2,2022-06-14 11:57:53
1655207954074333000,35.35,1,35.35,9,35.4,6,1,2022-06-14 11:59:14
1655207961872292000,35.4,2,35.35,10,35.4,4,1,2022-06-14 11:59:21
1655207961892511000,35.4,1,35.35,10,35.4,3,1,2022-06-14 11:59:21
1655207995212994000,35.4,1,35.35,10,35.4,2,1,2022-06-14 11:59:55
1655208006957223000,35.4,2,35.4,1,35.5,3,1,2022-06-14 12:00:06
1655208163772577000,35.5,3,35.45,1,35.8,1,1,2022-06-14 12:02:43
1655208170486525000,35.8,1,35.45,1,35.9,5,1,2022-06-14 12:02:50
1655208170486525000,35.85,4,35.45,1,35.9,5,1,2022-06-14 12:02:50
1655208202150048000,35.85,1,35.5,4,35.9,5,2,2022-06-14 12:03:22
1655208474212967000,35.85,5,35.6,1,35.9,6,1,2022-06-14 12:07:54
1655208475464465000,35.9,5,35.6,1,35.9,1,1,2022-06-14 12:07:55
1655208481617783000,35.9,1,35.6,1,35.95,2,1,2022-06-14 12:08:01
1655208481617783000,35.95,4,35.6,1,35.95,2,1,2022-06-14 12:08:01
1655208484391966000,35.95,2,36.0,1,36.2,5,1,2022-06-14 12:08:04
1655208484391966000,36.0,2,36.0,1,36.2,5,1,2022-06-14 12:08:04
1655208494125362000,36.2,1,36.0,1,36.2,4,1,2022-06-14 12:08:14
1655208506835909000,36.15,1,36.0,1,36.2,4,1,2022-06-14 12:08:26
1655208515725455000,36.2,1,36.15,1,36.2,3,1,2022-06-14 12:08:35
1655208520085332000,36.2,1,36.15,1,36.2,2,1,2022-06-14 12:08:40
1655208521249239000,36.2,1,36.15,1,36.2,1,1,2022-06-14 12:08:41
1655208522362516000,36.2,1,36.15,1,36.3,2,1,2022-06-14 12:08:42
1655208526532669000,36.3,1,35.6,9,36.3,2,1,2022-06-14 12:08:46
1655208532026356000,36.3,1,36.2,8,36.3,1,1,2022-06-14 12:08:52
1655208532399693000,36.2,2,36.2,6,36.3,1,2,2022-06-14 12:08:52
1655208533523385000,36.2,6,35.6,9,36.3,11,2,2022-06-14 12:08:53
1655208534799021000,36.3,1,35.6,9,36.3,10,1,2022-06-14 12:08:54
1655208583694366000,36.1,1,36.05,2,36.2,6,2,2022-06-14 12:09:43
1655208586643780000,36.2,1,36.05,2,36.2,5,1,2022-06-14 12:09:46
1655208605754014000,36.1,1,36.05,1,36.15,1,2,2022-06-14 12:10:05
1655208623199006000,36.15,1,36.05,1,36.2,12,1,2022-06-14 12:10:23
1655208623199006000,36.2,1,36.05,1,36.2,12,1,2022-06-14 12:10:23
1655208700154452000,36.15,2,36.05,1,36.2,13,1,2022-06-14 12:11:40
1655208733602730000,36.2,13,36.05,1,36.4,4,1,2022-06-14 12:12:13
1655208734567826000,36.15,1,36.05,1,36.4,4,1,2022-06-14 12:12:14
1655208801773442000,36.35,1,36.1,1,36.4,8,1,2022-06-14 12:13:21
1655208801773442000,36.4,2,36.1,1,36.4,8,1,2022-06-14 12:13:21
1655208870790864000,36.3,1,36.15,1,36.3,2,1,2022-06-14 12:14:30
1655208873572904000,36.3,1,36.05,1,36.3,1,1,2022-06-14 12:14:33
1655208874461842000,36.3,1,36.05,1,36.35,3,1,2022-06-14 12:14:34
1655208913090885000,36.3,1,36.05,1,36.3,5,1,2022-06-14 12:15:13
1655208984983004000,36.2,3,36.2,6,36.25,1,2,2022-06-14 12:16:24
1655208998468963000,36.2,5,36.1,2,36.2,1,2,2022-06-14 12:16:38
1655209033215760000,36.1,1,36.1,1,36.2,1,2,2022-06-14 12:17:13
1655209097604388000,36.1,1,36.05,1,36.1,1,2,2022-06-14 12:18:17
1655209229926516000,36.05,1,36.05,1,36.1,3,2,2022-06-14 12:20:29
1655209244694409000,36.05,1,36.0,1,36.1,2,2,2022-06-14 12:20:44
1655209335494115000,36.0,1,35.9,5,36.0,1,2,2022-06-14 12:22:15
1655209487052333000,35.9,3,35.9,2,35.95,1,2,2022-06-14 12:24:47
1655209497026509000,35.9,2,35.85,4,35.9,1,2,2022-06-14 12:24:57
1655209547558337000,35.9,1,35.85,4,35.9,1,1,2022-06-14 12:25:47
1655209566105986000,35.9,1,35.85,4,35.9,1,1,2022-06-14 12:26:06
1655209603725888000,35.85,3,35.85,1,35.9,1,2,2022-06-14 12:26:43
1655209768916762000,35.85,1,35.8,6,35.85,4,2,2022-06-14 12:29:28
1655209806713373000,35.8,1,35.7,1,35.85,4,2,2022-06-14 12:30:06
1655209824440724000,35.7,1,35.65,3,35.85,4,2,2022-06-14 12:30:24
1655209844152848000,35.7,1,35.65,3,35.7,4,2,2022-06-14 12:30:44
1655209844188773000,35.7,3,35.65,3,35.7,1,1,2022-06-14 12:30:44
1655209874075783000,35.7,1,35.7,4,35.85,4,1,2022-06-14 12:31:14
1655209903843611000,35.75,1,35.7,4,36.0,4,1,2022-06-14 12:31:43
1655209903843611000,36.0,4,35.7,4,36.0,4,1,2022-06-14 12:31:43
1655209907017750000,35.75,1,35.7,1,36.0,4,2,2022-06-14 12:31:47
1655209907017750000,35.7,3,35.7,1,36.0,4,2,2022-06-14 12:31:47
1655210041846201000,35.7,1,35.65,4,35.7,1,2,2022-06-14 12:34:01
1655210126445843000,35.7,2,35.65,3,36.0,4,1,2022-06-14 12:35:26
1655210216604323000,35.65,3,35.6,4,36.0,4,2,2022-06-14 12:36:56
1655210338825951000,35.7,1,35.65,3,35.9,3,2,2022-06-14 12:38:58
1655210506729592000,35.8,1,35.7,4,35.9,4,1,2022-06-14 12:41:46
1655210593100657000,35.8,1,35.7,4,35.9,1,1,2022-06-14 12:43:13
1655210624852817000,35.9,1,35.9,1,35.95,1,1,2022-06-14 12:43:44
1655210635279547000,35.9,1,35.75,1,35.95,1,2,2022-06-14 12:43:55
1655210706974638000,35.9,1,35.8,2,35.95,3,2,2022-06-14 12:45:06
1655210712636528000,35.95,3,35.8,2,36.0,1,1,2022-06-14 12:45:12
1655210813509560000,36.0,2,35.85,1,36.2,3,1,2022-06-14 12:46:53
1655211050415655000,36.05,5,36.05,1,36.2,3,2,2022-06-14 12:50:50
1655211134361425000,36.05,2,36.05,2,36.2,3,2,2022-06-14 12:52:14
1655211186997130000,36.2,3,36.2,6,36.25,1,1,2022-06-14 12:53:06
1655211190639903000,36.25,1,36.2,6,36.4,2,1,2022-06-14 12:53:10
1655211202979279000,36.4,2,36.2,6,36.45,2,1,2022-06-14 12:53:22
1655211211407878000,36.4,2,36.2,6,36.45,2,1,2022-06-14 12:53:31
1655211231099941000,36.45,2,36.45,4,36.55,1,1,2022-06-14 12:53:51
1655211247664679000,36.5,1,36.45,5,36.5,1,1,2022-06-14 12:54:07
1655211247690686000,36.5,1,36.45,5,36.55,1,1,2022-06-14 12:54:07
1655211275594969000,36.5,1,36.45,4,36.55,2,2,2022-06-14 12:54:35
1655211284520217000,36.45,3,36.45,1,36.5,4,2,2022-06-14 12:54:44
1655211284552672000,36.45,1,36.25,7,36.5,4,2,2022-06-14 12:54:44
1655211302272782000,36.45,2,36.25,7,36.5,5,1,2022-06-14 12:55:02
1655211356499298000,36.4,2,36.25,7,36.45,2,1,2022-06-14 12:55:56
1655211386881859000,36.3,2,36.25,7,36.45,1,1,2022-06-14 12:56:26
1655211389393132000,36.45,1,36.25,7,36.5,3,1,2022-06-14 12:56:29
1655211415668971000,36.25,2,36.25,5,36.5,3,2,2022-06-14 12:56:55
1655211534692204000,36.25,2,36.25,5,36.45,2,2,2022-06-14 12:58:54
1655211568693150000,36.25,1,36.25,4,36.35,1,2,2022-06-14 12:59:28
1655211690409559000,36.35,1,36.25,4,36.4,2,2,2022-06-14 13:01:30
1655211757286240000,36.35,2,36.3,1,36.35,1,1,2022-06-14 13:02:37
1655211769272879000,36.3,1,36.2,1,36.35,1,2,2022-06-14 13:02:49
1655211803757166000,36.3,1,36.3,9,36.35,1,2,2022-06-14 13:03:23
1655211829302353000,36.35,1,36.3,10,36.4,2,1,2022-06-14 13:03:49
1655211901720369000,36.35,2,36.35,3,36.4,2,1,2022-06-14 13:05:01
1655211979975439000,36.35,1,36.35,2,36.4,2,2,2022-06-14 13:06:19
1655212032026097000,36.35,2,36.3,9,36.4,3,2,2022-06-14 13:07:12
1655212040137225000,36.3,5,36.3,5,36.4,8,2,2022-06-14 13:07:20
1655212041503597000,36.3,1,36.3,4,36.4,8,2,2022-06-14 13:07:21
1655212058537446000,36.35,1,36.3,4,36.4,8,2,2022-06-14 13:07:38
1655212061505978000,36.3,2,36.3,1,36.4,8,2,2022-06-14 13:07:41
1655212066499202000,36.3,1,36.2,1,36.3,2,2,2022-06-14 13:07:46
1655212095845818000,36.3,1,36.2,2,36.3,1,1,2022-06-14 13:08:15
1655212131996073000,36.2,1,36.2,1,36.25,4,2,2022-06-14 13:08:51
1655212142488508000,36.2,1,36.15,2,36.2,16,2,2022-06-14 13:09:02
1655212155098729000,36.15,1,36.15,1,36.2,16,2,2022-06-14 13:09:15
1655212160228585000,36.15,1,36.1,2,36.15,15,2,2022-06-14 13:09:20
1655212183678195000,36.1,1,36.05,4,36.15,15,2,2022-06-14 13:09:43
1655212189647120000,36.05,3,36.05,1,36.4,8,2,2022-06-14 13:09:49
1655212198387975000,36.05,1,35.95,7,36.15,3,2,2022-06-14 13:09:58
1655212198387975000,36.0,11,35.95,7,36.15,3,2,2022-06-14 13:09:58
1655212198387975000,35.95,3,35.95,7,36.15,3,2,2022-06-14 13:09:58
1655212238613090000,36.1,1,35.95,7,36.15,3,2,2022-06-14 13:10:38
1655212238613090000,36.0,4,35.95,7,36.15,3,2,2022-06-14 13:10:38
1655212263062325000,36.1,1,35.95,7,36.15,3,1,2022-06-14 13:11:03
1655212263396763000,36.15,3,35.95,7,36.4,7,1,2022-06-14 13:11:03
1655212263396763000,36.4,1,35.95,7,36.4,7,1,2022-06-14 13:11:03
1655212403987192000,36.3,5,36.1,4,36.35,2,1,2022-06-14 13:13:23
1655212533999682000,36.3,1,36.25,1,36.35,3,1,2022-06-14 13:15:33
1655212539912643000,36.25,1,36.2,2,36.35,3,2,2022-06-14 13:15:39
1655212539912643000,36.2,2,36.2,2,36.35,3,2,2022-06-14 13:15:39
1655212555975186000,36.25,2,36.25,2,36.35,3,2,2022-06-14 13:15:55
1655212583323421000,36.25,1,36.25,4,36.3,1,2,2022-06-14 13:16:23
1655212587710304000,36.25,1,36.25,3,36.3,1,2,2022-06-14 13:16:27
1655212640675474000,36.25,3,36.25,2,36.3,4,2,2022-06-14 13:17:20
1655212649697156000,36.25,1,36.25,1,36.3,4,2,2022-06-14 13:17:29
1655212650914501000,36.3,2,36.25,1,36.3,2,1,2022-06-14 13:17:30
1655212657205857000,36.25,1,36.2,2,36.3,2,2,2022-06-14 13:17:37
1655212658425544000,36.3,1,36.2,2,36.3,1,1,2022-06-14 13:17:38
1655212680933321000,36.3,1,36.25,5,36.3,1,1,2022-06-14 13:18:00
1655212680947951000,36.3,1,36.25,5,36.35,3,1,2022-06-14 13:18:00
1655212685371082000,36.3,1,36.25,5,36.35,3,1,2022-06-14 13:18:05
1655212693265000000,36.35,3,36.25,5,36.4,7,1,2022-06-14 13:18:13
1655212706601866000,36.4,5,36.3,3,36.4,2,1,2022-06-14 13:18:26
1655212706629102000,36.4,2,36.3,3,36.5,2,1,2022-06-14 13:18:26
1655212709558458000,36.5,2,36.4,3,36.6,4,1,2022-06-14 13:18:29
1655212709558458000,36.55,1,36.4,3,36.6,4,1,2022-06-14 13:18:29
1655212748076860000,36.55,1,36.4,5,36.6,4,1,2022-06-14 13:19:08
1655212766225405000,36.6,1,36.55,4,36.6,3,1,2022-06-14 13:19:26
1655212785250879000,36.6,1,36.55,3,36.6,2,1,2022-06-14 13:19:45
1655212792885165000,36.6,2,36.6,1,36.7,5,1,2022-06-14 13:19:52
1655212815245877000,36.6,2,36.55,4,36.6,3,2,2022-06-14 13:20:15
1655212815761343000,36.6,1,36.55,4,36.6,2,1,2022-06-14 13:20:15
1655212822006018000,36.6,1,36.55,5,36.6,1,1,2022-06-14 13:20:22
1655212822452065000,36.6,1,36.55,5,36.65,1,1,2022-06-14 13:20:22
1655212852380668000,36.65,1,36.55,5,36.7,5,1,2022-06-14 13:20:52
1655212882146587000,36.7,2,36.65,3,36.7,3,1,2022-06-14 13:21:22
1655212882183499000,36.7,3,36.65,3,36.75,1,1,2022-06-14 13:21:22
1655212886006026000,36.65,2,36.65,1,36.75,1,2,2022-06-14 13:21:26
1655212904354856000,36.65,1,36.65,3,36.75,2,2,2022-06-14 13:21:44
1655212913597668000,36.65,1,36.65,2,36.75,2,2,2022-06-14 13:21:53
1655212915109425000,36.65,2,36.55,5,36.75,2,2,2022-06-14 13:21:55
1655212923223327000,36.55,1,36.55,4,36.75,2,2,2022-06-14 13:22:03
1655212946431202000,36.55,1,36.55,3,36.7,1,2,2022-06-14 13:22:26
1655212958318070000,36.55,1,36.55,7,36.7,3,2,2022-06-14 13:22:38
1655212973727229000,36.6,5,36.55,7,36.6,6,2,2022-06-14 13:22:53
1655212982958005000,36.6,4,36.55,7,36.6,2,1,2022-06-14 13:23:02
1655213001174921000,36.55,1,36.55,2,36.6,2,2,2022-06-14 13:23:21
1655213004625689000,36.6,2,36.6,3,36.7,5,1,2022-06-14 13:23:24
1655213012842378000,36.6,3,36.55,2,36.7,5,2,2022-06-14 13:23:32
1655213016068317000,36.55,1,36.55,1,36.7,5,2,2022-06-14 13:23:36
1655213026391799000,36.7,1,36.55,1,36.7,4,1,2022-06-14 13:23:46
1655213044209185000,36.7,2,36.65,6,36.7,1,1,2022-06-14 13:24:04
1655213044497188000,36.7,1,36.7,2,36.75,2,1,2022-06-14 13:24:04
1655213047167594000,36.7,1,36.7,1,36.75,2,2,2022-06-14 13:24:07
1655213058626779000,36.75,1,36.7,3,36.75,1,1,2022-06-14 13:24:18
1655213076447039000,36.75,1,36.7,2,36.8,3,1,2022-06-14 13:24:36
1655213080170513000,36.8,1,36.7,2,36.8,2,1,2022-06-14 13:24:40
1655213083001337000,36.8,2,36.7,2,36.9,4,1,2022-06-14 13:24:43
1655213091986639000,36.9,1,36.85,2,36.9,3,1,2022-06-14 13:24:51
1655213092169801000,36.9,1,36.85,2,36.9,2,1,2022-06-14 13:24:52
1655213094765280000,36.9,1,36.85,3,36.9,1,1,2022-06-14 13:24:54
1655213099984689000,36.85,1,36.85,2,36.9,1,2,2022-06-14 13:24:59
1655213400000000000,36.95,116,36.95,1,37.0,5,1,2022-06-14 13:30:00
