ts,close,volume,bid_price,bid_volume,ask_price,ask_volume,tick_type,datetime
1638522002945215000,171.5,1998,171.0,389,171.5,497,1,2021-12-03 09:00:02
1638522003036584000,171.5,2,171.0,395,171.5,496,1,2021-12-03 09:00:03
1638522003068844000,171.0,44,171.0,350,171.5,495,2,2021-12-03 09:00:03
1638522003157578000,171.5,1,171.0,351,171.5,495,1,2021-12-03 09:00:03
1638522003289365000,171.5,1,171.0,351,171.5,499,1,2021-12-03 09:00:03
1638522003459658000,171.5,1,171.0,350,171.5,499,1,2021-12-03 09:00:03
1638522003494755000,171.5,1,171.0,350,171.5,498,1,2021-12-03 09:00:03
1638522003526218000,171.0,1,171.0,349,171.5,497,2,2021-12-03 09:00:03
1638522003528333000,171.5,1,171.0,349,171.5,496,1,2021-12-03 09:00:03
1638522003549905000,171.0,1,171.0,348,171.5,496,2,2021-12-03 09:00:03
1638522003576352000,171.0,1,171.0,347,171.5,496,2,2021-12-03 09:00:03
1638522003586559000,171.0,1,171.0,345,171.5,496,2,2021-12-03 09:00:03
1638522003586765000,171.0,1,171.0,345,171.5,496,2,2021-12-03 09:00:03
1638522003590929000,171.0,1,171.0,344,171.5,496,2,2021-12-03 09:00:03
1638522003607837000,171.5,3,171.0,344,171.5,493,1,2021-12-03 09:00:03
1638522003634951000,171.0,1,171.0,343,171.5,494,2,2021-12-03 09:00:03
1638522003753801000,171.0,4,171.0,339,171.5,494,2,2021-12-03 09:00:03
1638522003961777000,171.5,5,171.0,339,171.5,489,1,2021-12-03 09:00:03
1638522004012985000,171.0,1,171.0,338,171.5,488,2,2021-12-03 09:00:04
1638522004047099000,171.0,2,171.0,337,171.5,487,2,2021-12-03 09:00:04
1638522004062212000,171.5,1,171.0,337,171.5,486,1,2021-12-03 09:00:04
1638522004071174000,171.0,2,171.0,335,171.5,486,2,2021-12-03 09:00:04
1638522004077885000,171.0,1,171.0,334,171.5,486,2,2021-12-03 09:00:04
1638522004078270000,171.0,1,171.0,333,171.5,486,2,2021-12-03 09:00:04
1638522004094528000,171.0,1,171.0,331,171.5,487,2,2021-12-03 09:00:04
1638522004096583000,171.0,1,171.0,330,171.5,487,2,2021-12-03 09:00:04
1638522004120203000,171.0,1,171.0,329,171.5,487,2,2021-12-03 09:00:04
1638522004132450000,171.0,1,171.0,328,171.5,487,2,2021-12-03 09:00:04
1638522004133201000,171.0,1,171.0,327,171.5,487,2,2021-12-03 09:00:04
1638522004147214000,171.0,1,171.0,326,171.5,487,2,2021-12-03 09:00:04
1638522004151667000,171.0,2,171.0,324,171.5,487,2,2021-12-03 09:00:04
1638522004199749000,171.0,5,171.0,319,171.5,487,2,2021-12-03 09:00:04
1638522004243069000,171.0,17,171.0,302,171.5,487,2,2021-12-03 09:00:04
1638522004276952000,171.0,1,171.0,301,171.5,487,2,2021-12-03 09:00:04
1638522005284924000,171.0,1,171.0,300,171.5,487,2,2021-12-03 09:00:05
1638522005386425000,171.5,2,171.0,300,171.5,485,1,2021-12-03 09:00:05
1638522005477058000,171.0,5,171.0,295,171.5,485,2,2021-12-03 09:00:05
1638522005782007000,171.5,1,171.0,295,171.5,484,1,2021-12-03 09:00:05
1638522005786928000,171.0,1,171.0,294,171.5,484,2,2021-12-03 09:00:05
1638522005798285000,171.0,1,171.0,293,171.5,484,2,2021-12-03 09:00:05
1638522005801609000,171.5,1,171.0,293,171.5,483,1,2021-12-03 09:00:05
1638522006186711000,171.0,2,171.0,241,171.5,483,2,2021-12-03 09:00:06
1638522006240907000,171.5,5,171.0,241,171.5,478,1,2021-12-03 09:00:06
1638522006441555000,171.5,3,171.0,241,171.5,475,1,2021-12-03 09:00:06
1638522006446411000,171.5,1,171.0,241,171.5,474,1,2021-12-03 09:00:06
1638522006698011000,171.5,1,171.0,243,171.5,473,1,2021-12-03 09:00:06
1638522006795885000,171.0,1,171.0,243,171.5,473,2,2021-12-03 09:00:06
1638522007085859000,171.5,2,171.0,246,171.5,471,1,2021-12-03 09:00:07
1638522007195152000,171.0,2,171.0,244,171.5,471,2,2021-12-03 09:00:07
1638522007549412000,171.5,1,171.0,246,171.5,471,1,2021-12-03 09:00:07
1638522007705221000,171.5,1,171.0,247,171.5,470,1,2021-12-03 09:00:07
1638522008293904000,171.5,2,171.0,253,171.5,469,1,2021-12-03 09:00:08
1638522008317337000,171.0,1,171.0,252,171.5,469,2,2021-12-03 09:00:08
1638522008422390000,171.5,1,171.0,253,171.5,467,1,2021-12-03 09:00:08
1638522008466454000,171.5,2,171.0,253,171.5,465,1,2021-12-03 09:00:08
1638522008652411000,171.0,1,171.0,253,171.5,467,2,2021-12-03 09:00:08
1638522008679222000,171.5,1,171.0,255,171.5,466,1,2021-12-03 09:00:08
1638522008929242000,171.5,2,171.0,258,171.5,464,1,2021-12-03 09:00:08
1638522008984226000,171.5,2,171.0,259,171.5,477,1,2021-12-03 09:00:08
1638522009053178000,171.5,1,171.0,260,171.5,476,1,2021-12-03 09:00:09
1638522009096754000,171.5,2,171.0,260,171.5,474,1,2021-12-03 09:00:09
1638522009226770000,171.5,1,171.0,261,171.5,473,1,2021-12-03 09:00:09
1638522009261739000,171.5,1,171.0,261,171.5,472,1,2021-12-03 09:00:09
1638522009277978000,171.5,2,171.0,262,171.5,470,1,2021-12-03 09:00:09
1638522009299074000,171.5,12,171.0,262,171.5,464,1,2021-12-03 09:00:09
1638522009302225000,171.5,464,171.0,262,172.0,173,1,2021-12-03 09:00:09
1638522009371162000,171.5,35,171.0,263,171.5,165,1,2021-12-03 09:00:09
1638522009421503000,171.5,3,171.0,263,171.5,162,1,2021-12-03 09:00:09
1638522009467288000,171.5,1,171.0,263,171.5,161,1,2021-12-03 09:00:09
1638522009621002000,171.0,3,171.0,262,171.5,161,2,2021-12-03 09:00:09
1638522009656677000,171.5,1,171.0,262,171.5,160,1,2021-12-03 09:00:09
1638522009672368000,171.0,1,171.0,261,171.5,160,2,2021-12-03 09:00:09
1638522009674498000,171.0,1,171.0,260,171.5,160,2,2021-12-03 09:00:09
1638522009843533000,171.0,1,171.0,260,171.5,160,2,2021-12-03 09:00:09
1638522009893676000,171.0,15,171.0,245,171.5,160,2,2021-12-03 09:00:09
1638522009907430000,171.5,2,171.0,245,171.5,158,1,2021-12-03 09:00:09
1638522010012040000,171.5,1,171.0,245,171.5,157,1,2021-12-03 09:00:10
1638522010042712000,171.5,1,171.0,245,171.5,156,1,2021-12-03 09:00:10
1638522010053105000,171.5,2,171.0,246,171.5,155,1,2021-12-03 09:00:10
1638522010056559000,171.5,10,171.0,246,171.5,145,1,2021-12-03 09:00:10
1638522010086550000,171.5,1,171.0,247,171.5,144,1,2021-12-03 09:00:10
1638522010231753000,171.5,1,171.0,253,171.5,143,1,2021-12-03 09:00:10
1638522010373891000,171.0,1,171.0,256,171.5,143,2,2021-12-03 09:00:10
1638522010431114000,171.5,1,171.0,256,171.5,142,1,2021-12-03 09:00:10
1638522010469281000,171.5,1,171.0,256,171.5,141,1,2021-12-03 09:00:10
1638522010472196000,171.5,1,171.0,256,171.5,140,1,2021-12-03 09:00:10
1638522010481589000,171.0,5,171.0,251,171.5,140,2,2021-12-03 09:00:10
1638522010498313000,171.5,1,171.0,251,171.5,139,1,2021-12-03 09:00:10
1638522010522457000,171.5,5,171.0,252,171.5,134,1,2021-12-03 09:00:10
1638522010550489000,171.5,2,171.0,252,171.5,132,1,2021-12-03 09:00:10
1638522010721496000,171.5,1,171.0,253,171.5,131,1,2021-12-03 09:00:10
1638522010837146000,171.5,1,171.0,253,171.5,145,1,2021-12-03 09:00:10
1638522010868758000,171.5,1,171.0,253,171.5,144,1,2021-12-03 09:00:10
1638522010926986000,171.5,2,171.0,253,171.5,142,1,2021-12-03 09:00:10
1638522010953044000,171.5,3,171.0,253,171.5,139,1,2021-12-03 09:00:10
1638522010954090000,171.0,146,171.0,107,171.5,139,2,2021-12-03 09:00:10
1638522010958011000,171.0,1,171.0,106,171.5,139,2,2021-12-03 09:00:10
1638522010960615000,171.0,106,170.5,71,171.0,337,2,2021-12-03 09:00:10
1638522010966114000,171.0,1,170.5,71,171.0,336,1,2021-12-03 09:00:10
1638522010998964000,171.0,1,170.5,71,171.0,335,1,2021-12-03 09:00:10
1638522011013232000,171.0,1,170.5,71,171.0,334,1,2021-12-03 09:00:11
1638522011027738000,170.5,1,170.5,70,171.0,334,2,2021-12-03 09:00:11
1638522011034884000,171.0,1,170.5,70,171.0,333,1,2021-12-03 09:00:11
1638522011042188000,171.0,1,170.5,70,171.0,332,1,2021-12-03 09:00:11
1638522011078665000,171.0,1,170.5,70,171.0,331,1,2021-12-03 09:00:11
1638522011085871000,171.0,1,170.5,70,171.0,330,1,2021-12-03 09:00:11
1638522011159024000,171.0,1,170.5,70,171.0,329,1,2021-12-03 09:00:11
1638522011172006000,171.0,1,170.5,70,171.0,328,1,2021-12-03 09:00:11
1638522011197937000,171.0,1,170.5,70,171.0,327,1,2021-12-03 09:00:11
1638522011199991000,171.0,10,170.5,70,171.0,317,1,2021-12-03 09:00:11
1638522011232435000,171.0,2,170.5,70,171.0,316,1,2021-12-03 09:00:11
1638522011295357000,171.0,1,170.5,60,171.0,315,1,2021-12-03 09:00:11
1638522011298371000,171.0,1,170.5,60,171.0,314,1,2021-12-03 09:00:11
1638522011325177000,171.0,3,170.5,60,171.0,312,1,2021-12-03 09:00:11
1638522011332491000,171.0,1,170.5,60,171.0,311,1,2021-12-03 09:00:11
1638522011365079000,171.0,1,170.5,60,171.0,310,1,2021-12-03 09:00:11
1638522011369808000,171.0,6,170.5,60,171.0,304,1,2021-12-03 09:00:11
1638522011477353000,171.0,1,170.5,60,171.0,303,1,2021-12-03 09:00:11
1638522011506897000,171.0,10,170.5,60,171.0,293,1,2021-12-03 09:00:11
1638522011532595000,171.0,1,170.5,60,171.0,292,1,2021-12-03 09:00:11
1638522011554715000,171.0,1,170.5,60,171.0,291,1,2021-12-03 09:00:11
1638522011556201000,171.0,1,170.5,60,171.0,290,1,2021-12-03 09:00:11
1638522011621442000,171.0,1,170.5,60,171.0,289,1,2021-12-03 09:00:11
1638522011712799000,171.0,50,170.5,60,171.0,239,1,2021-12-03 09:00:11
1638522011722478000,171.0,10,170.5,60,171.0,229,1,2021-12-03 09:00:11
1638522011758379000,171.0,1,170.5,60,171.0,228,1,2021-12-03 09:00:11
1638522011811478000,171.0,1,170.5,59,171.0,227,1,2021-12-03 09:00:11
1638522011813630000,171.0,1,170.5,59,171.0,224,1,2021-12-03 09:00:11
1638522011813858000,171.0,2,170.5,59,171.0,224,1,2021-12-03 09:00:11
1638522011843373000,171.0,2,170.5,59,171.0,222,1,2021-12-03 09:00:11
1638522011903127000,171.0,2,170.5,59,171.0,220,1,2021-12-03 09:00:11
1638522011972411000,171.0,1,170.5,59,171.0,219,1,2021-12-03 09:00:11
1638522011981590000,171.0,10,170.5,59,171.0,209,1,2021-12-03 09:00:11
1638522012008617000,171.0,1,170.5,59,171.0,208,1,2021-12-03 09:00:12
1638522012072795000,171.0,1,170.5,59,171.0,207,1,2021-12-03 09:00:12
1638522012081702000,171.0,3,170.5,59,171.0,204,1,2021-12-03 09:00:12
1638522012085581000,171.0,1,170.5,59,171.0,203,1,2021-12-03 09:00:12
1638522012107350000,170.5,1,170.5,58,171.0,203,2,2021-12-03 09:00:12
1638522012149800000,171.0,1,170.5,58,171.0,202,1,2021-12-03 09:00:12
1638522012169421000,171.0,1,170.5,58,171.0,201,1,2021-12-03 09:00:12
1638522012194438000,171.0,1,170.5,58,171.0,200,1,2021-12-03 09:00:12
1638522012227089000,171.0,5,170.5,58,171.0,195,1,2021-12-03 09:00:12
1638522012230519000,171.0,1,170.5,58,171.0,194,1,2021-12-03 09:00:12
1638522012248349000,171.0,3,170.5,58,171.0,191,1,2021-12-03 09:00:12
1638522012292963000,171.0,1,170.5,56,171.0,190,1,2021-12-03 09:00:12
1638522012303151000,171.0,1,170.5,56,171.0,189,1,2021-12-03 09:00:12
1638522012312442000,171.0,10,170.5,56,171.0,179,1,2021-12-03 09:00:12
1638522012369249000,171.0,1,170.5,56,171.0,178,1,2021-12-03 09:00:12
1638522012391299000,171.0,5,170.5,56,171.0,173,1,2021-12-03 09:00:12
1638522012399845000,171.0,1,170.5,56,171.0,172,1,2021-12-03 09:00:12
1638522012417651000,171.0,1,170.5,56,171.0,186,1,2021-12-03 09:00:12
1638522012425281000,171.0,1,170.5,56,171.0,185,1,2021-12-03 09:00:12
1638522012436622000,171.0,1,170.5,56,171.0,184,1,2021-12-03 09:00:12
1638522012539121000,171.0,1,170.5,56,171.0,184,1,2021-12-03 09:00:12
1638522012553906000,171.0,1,170.5,56,171.0,183,1,2021-12-03 09:00:12
1638522012566951000,171.0,1,170.5,56,171.0,182,1,2021-12-03 09:00:12
1638522012575634000,171.0,1,170.5,56,171.0,186,1,2021-12-03 09:00:12
1638522012592385000,171.0,1,170.5,56,171.0,185,1,2021-12-03 09:00:12
1638522012633388000,171.0,1,170.5,56,171.0,184,1,2021-12-03 09:00:12
1638522012634504000,171.0,2,170.5,56,171.0,182,1,2021-12-03 09:00:12
1638522012807026000,171.0,2,170.5,56,171.0,178,1,2021-12-03 09:00:12
1638522012807165000,171.0,2,170.5,56,171.0,178,1,2021-12-03 09:00:12
1638522012812832000,171.0,1,170.5,56,171.0,177,1,2021-12-03 09:00:12
1638522012854449000,171.0,1,170.5,56,171.0,176,1,2021-12-03 09:00:12
1638522012885866000,171.0,1,170.5,56,171.0,175,1,2021-12-03 09:00:12
1638522012922774000,171.0,10,170.5,56,171.0,164,1,2021-12-03 09:00:12
1638522012922952000,171.0,1,170.5,56,171.0,164,1,2021-12-03 09:00:12
1638522012937324000,171.0,1,170.5,56,171.0,163,1,2021-12-03 09:00:12
1638522012945076000,171.0,5,170.5,56,171.0,158,1,2021-12-03 09:00:12
1638522012984420000,171.0,1,170.5,57,171.0,157,1,2021-12-03 09:00:12
1638522013014493000,171.0,1,170.5,57,171.0,156,1,2021-12-03 09:00:13
1638522013021722000,171.0,1,170.5,57,171.0,155,1,2021-12-03 09:00:13
1638522013061984000,171.0,1,170.5,57,171.0,154,1,2021-12-03 09:00:13
1638522013087555000,171.0,1,170.5,57,171.0,153,1,2021-12-03 09:00:13
1638522013158286000,171.0,1,170.5,57,171.0,152,1,2021-12-03 09:00:13
1638522013178705000,171.0,1,170.5,58,171.0,151,1,2021-12-03 09:00:13
1638522013213496000,171.0,1,170.5,58,171.0,150,1,2021-12-03 09:00:13
1638522013248101000,171.0,50,170.5,58,171.0,105,1,2021-12-03 09:00:13
1638522013258828000,171.0,3,170.5,58,171.0,102,1,2021-12-03 09:00:13
1638522013334797000,171.0,1,170.5,58,171.0,111,1,2021-12-03 09:00:13
1638522013415810000,171.0,1,170.5,58,171.0,110,1,2021-12-03 09:00:13
1638522013430331000,171.0,1,170.5,58,171.0,109,1,2021-12-03 09:00:13
1638522013431179000,171.0,1,170.5,58,171.0,108,1,2021-12-03 09:00:13
1638522013447294000,171.0,2,170.5,58,171.0,106,1,2021-12-03 09:00:13
1638522013506887000,171.0,6,170.5,58,171.0,150,1,2021-12-03 09:00:13
1638522013518461000,171.0,1,170.5,58,171.0,149,1,2021-12-03 09:00:13
1638522013567280000,171.0,1,170.5,58,171.0,148,1,2021-12-03 09:00:13
1638522013569917000,171.0,1,170.5,58,171.0,147,1,2021-12-03 09:00:13
1638522013576503000,171.0,1,170.5,58,171.0,146,1,2021-12-03 09:00:13
1638522013581126000,171.0,2,170.5,58,171.0,144,1,2021-12-03 09:00:13
1638522013584898000,171.0,5,170.5,58,171.0,139,1,2021-12-03 09:00:13
1638522013590325000,171.0,1,170.5,58,171.0,138,1,2021-12-03 09:00:13
1638522013591632000,171.0,1,170.5,58,171.0,137,1,2021-12-03 09:00:13
1638522013624063000,171.0,5,170.5,58,171.0,132,1,2021-12-03 09:00:13
1638522013652324000,171.0,1,170.5,58,171.0,131,1,2021-12-03 09:00:13
1638522013679909000,170.5,1,170.5,57,171.0,131,2,2021-12-03 09:00:13
1638522013682898000,171.0,2,170.5,57,171.0,129,1,2021-12-03 09:00:13
1638522013685151000,171.0,2,170.5,57,171.0,127,1,2021-12-03 09:00:13
1638522013778607000,171.0,10,170.5,57,171.0,117,1,2021-12-03 09:00:13
1638522013785821000,170.5,1,170.5,56,171.0,117,2,2021-12-03 09:00:13
1638522013807798000,171.0,1,170.5,56,171.0,116,1,2021-12-03 09:00:13
1638522013832573000,171.0,30,170.5,56,171.0,87,1,2021-12-03 09:00:13
1638522013864212000,171.0,1,170.5,56,171.0,86,1,2021-12-03 09:00:13
1638522013868612000,171.0,1,170.5,56,171.0,85,1,2021-12-03 09:00:13
1638522013875209000,171.0,1,170.5,56,171.0,84,1,2021-12-03 09:00:13
1638522013927023000,171.0,1,170.5,57,171.0,83,1,2021-12-03 09:00:13
1638522013955070000,171.0,1,170.5,57,171.0,82,1,2021-12-03 09:00:13
1638522013972179000,171.0,1,170.5,60,171.0,81,1,2021-12-03 09:00:13
1638522014019468000,171.0,1,170.5,60,171.0,80,1,2021-12-03 09:00:14
1638522014042528000,171.0,1,170.5,60,171.0,79,1,2021-12-03 09:00:14
1638522014092723000,171.0,1,170.5,61,171.0,78,1,2021-12-03 09:00:14
1638522014119001000,171.0,1,170.5,61,171.0,76,1,2021-12-03 09:00:14
1638522014119843000,171.0,1,170.5,61,171.0,76,1,2021-12-03 09:00:14
1638522014138253000,171.0,1,170.5,61,171.0,75,1,2021-12-03 09:00:14
1638522014212146000,171.0,1,170.5,61,171.0,74,1,2021-12-03 09:00:14
1638522014238332000,171.0,1,170.5,61,171.0,73,1,2021-12-03 09:00:14
1638522014239636000,171.0,1,170.5,61,171.0,72,1,2021-12-03 09:00:14
1638522014277300000,170.5,1,170.5,60,171.0,72,2,2021-12-03 09:00:14
1638522014285967000,170.5,1,170.5,59,171.0,72,2,2021-12-03 09:00:14
1638522014318010000,171.0,1,170.5,59,171.0,71,1,2021-12-03 09:00:14
1638522014360264000,171.0,1,170.5,59,171.0,70,1,2021-12-03 09:00:14
1638522014382796000,171.0,2,170.5,59,171.0,68,1,2021-12-03 09:00:14
1638522014392560000,171.0,1,170.5,59,171.0,67,1,2021-12-03 09:00:14
1638522014475737000,171.0,2,170.5,59,171.0,65,1,2021-12-03 09:00:14
1638522014481735000,171.0,2,170.5,59,171.0,63,1,2021-12-03 09:00:14
1638522014513955000,171.0,1,170.5,59,171.0,62,1,2021-12-03 09:00:14
1638522014605521000,171.0,2,170.5,59,171.0,60,1,2021-12-03 09:00:14
1638522014646235000,171.0,1,170.5,59,171.0,59,1,2021-12-03 09:00:14
1638522014649563000,171.0,10,170.5,59,171.0,49,1,2021-12-03 09:00:14
1638522014670568000,170.5,1,170.5,58,171.0,49,2,2021-12-03 09:00:14
1638522014725200000,170.5,1,170.5,57,171.0,49,2,2021-12-03 09:00:14
1638522014802551000,171.0,10,170.5,57,171.0,39,1,2021-12-03 09:00:14
1638522014838830000,171.0,1,170.5,57,171.0,38,1,2021-12-03 09:00:14
1638522014864167000,171.0,1,170.5,57,171.0,37,1,2021-12-03 09:00:14
1638522014872407000,171.0,1,170.5,57,171.0,36,1,2021-12-03 09:00:14
1638522014911133000,170.5,1,170.5,56,171.0,36,2,2021-12-03 09:00:14
1638522014935236000,171.0,1,170.5,56,171.0,36,1,2021-12-03 09:00:14
1638522014983734000,171.0,30,170.5,56,171.0,6,1,2021-12-03 09:00:14
1638522015011956000,171.0,1,170.5,56,171.0,5,1,2021-12-03 09:00:15
1638522015040179000,171.0,1,170.5,56,171.0,4,1,2021-12-03 09:00:15
1638522015052696000,171.0,1,170.5,56,171.0,1,1,2021-12-03 09:00:15
1638522015052859000,171.0,2,170.5,56,171.0,1,1,2021-12-03 09:00:15
1638522015084343000,171.0,1,170.5,56,171.5,197,1,2021-12-03 09:00:15
1638522015084343000,171.5,3,170.5,56,171.5,197,1,2021-12-03 09:00:15
1638522015102811000,171.0,1,171.0,1,171.5,197,2,2021-12-03 09:00:15
1638522015121562000,171.0,1,170.5,47,171.5,227,2,2021-12-03 09:00:15
1638522015121562000,170.5,9,170.5,47,171.5,227,2,2021-12-03 09:00:15
1638522015133587000,171.5,2,170.5,47,171.5,225,1,2021-12-03 09:00:15
1638522015209521000,171.0,1,170.5,47,171.5,224,2,2021-12-03 09:00:15
1638522015209521000,171.5,1,170.5,47,171.5,224,1,2021-12-03 09:00:15
1638522015211508000,171.5,1,170.5,47,171.5,223,1,2021-12-03 09:00:15
1638522015270528000,171.5,1,170.5,47,171.5,222,1,2021-12-03 09:00:15
1638522015271670000,170.5,2,170.5,45,171.5,222,2,2021-12-03 09:00:15
1638522015286964000,171.5,1,170.5,45,171.5,221,1,2021-12-03 09:00:15
1638522015450049000,171.5,6,171.0,1,171.5,216,1,2021-12-03 09:00:15
1638522015480478000,171.5,2,171.0,2,171.5,214,1,2021-12-03 09:00:15
1638522015490041000,171.5,1,171.0,2,171.5,213,1,2021-12-03 09:00:15
1638522015492533000,171.5,1,171.0,2,171.5,212,1,2021-12-03 09:00:15
1638522015651924000,171.0,1,171.0,8,171.5,212,2,2021-12-03 09:00:15
1638522015660593000,171.5,1,171.0,8,171.5,211,1,2021-12-03 09:00:15
1638522015688320000,171.5,3,171.0,11,171.5,208,1,2021-12-03 09:00:15
1638522015711521000,171.0,1,171.0,10,171.5,209,2,2021-12-03 09:00:15
1638522015835578000,171.0,1,171.0,13,171.5,209,2,2021-12-03 09:00:15
1638522015871835000,171.5,1,171.0,13,171.5,208,1,2021-12-03 09:00:15
1638522015886977000,171.0,1,171.0,14,171.5,208,2,2021-12-03 09:00:15
1638522015914012000,171.0,1,171.0,14,171.5,208,2,2021-12-03 09:00:15
1638522015922876000,171.5,1,171.0,15,171.5,207,1,2021-12-03 09:00:15
1638522016140352000,171.0,1,171.0,19,171.5,208,2,2021-12-03 09:00:16
1638522016145115000,171.5,1,171.0,19,171.5,207,1,2021-12-03 09:00:16
1638522016229471000,171.5,1,171.0,21,171.5,206,1,2021-12-03 09:00:16
1638522016262816000,171.0,1,171.0,26,171.5,206,2,2021-12-03 09:00:16
1638522016272849000,171.5,1,171.0,31,171.5,205,1,2021-12-03 09:00:16
1638522016313473000,171.5,1,171.0,31,171.5,204,1,2021-12-03 09:00:16
1638522016334082000,171.0,2,171.0,29,171.5,204,2,2021-12-03 09:00:16
1638522016396824000,171.0,1,171.0,29,171.5,204,2,2021-12-03 09:00:16
1638522016520667000,171.5,1,171.0,30,171.5,203,1,2021-12-03 09:00:16
1638522016570773000,171.5,1,171.0,32,171.5,152,1,2021-12-03 09:00:16
1638522016586672000,171.0,1,171.0,33,171.5,152,2,2021-12-03 09:00:16
1638522016691817000,171.5,2,171.0,34,171.5,151,1,2021-12-03 09:00:16
1638522016694304000,171.0,12,171.0,22,171.5,151,2,2021-12-03 09:00:16
1638522016817852000,171.0,3,171.0,33,171.5,151,2,2021-12-03 09:00:16
1638522016913280000,171.0,1,171.0,33,171.5,151,2,2021-12-03 09:00:16
1638522017143499000,171.5,1,171.0,41,171.5,149,1,2021-12-03 09:00:17
1638522017362520000,171.5,8,171.0,47,171.5,144,1,2021-12-03 09:00:17
1638522017436525000,171.5,3,171.0,49,171.5,141,1,2021-12-03 09:00:17
1638522017470310000,171.5,1,171.0,50,171.5,140,1,2021-12-03 09:00:17
1638522017604837000,171.5,1,171.0,55,171.5,139,1,2021-12-03 09:00:17
1638522017674477000,171.0,1,171.0,54,171.5,139,2,2021-12-03 09:00:17
1638522017788794000,171.5,1,171.0,74,171.5,138,1,2021-12-03 09:00:17
1638522017818335000,171.0,1,171.0,73,171.5,138,2,2021-12-03 09:00:17
1638522018083254000,171.5,1,171.0,82,171.5,137,1,2021-12-03 09:00:18
1638522018103958000,171.5,2,171.0,82,171.5,135,1,2021-12-03 09:00:18
1638522018105689000,171.5,1,171.0,82,171.5,134,1,2021-12-03 09:00:18
1638522018149399000,171.0,8,171.0,77,171.5,134,2,2021-12-03 09:00:18
1638522018227325000,171.0,1,171.0,77,171.5,134,2,2021-12-03 09:00:18
1638522018298930000,171.0,5,171.0,73,171.5,134,2,2021-12-03 09:00:18
1638522018300033000,171.5,1,171.0,73,171.5,133,1,2021-12-03 09:00:18
1638522018644155000,171.5,1,171.0,106,171.5,139,1,2021-12-03 09:00:18
1638522018716381000,171.5,4,171.0,106,171.5,136,1,2021-12-03 09:00:18
1638522018768140000,171.5,10,171.0,109,171.5,176,1,2021-12-03 09:00:18
1638522018799070000,171.5,10,171.0,111,171.5,166,1,2021-12-03 09:00:18
1638522018823933000,171.5,1,171.0,112,171.5,165,1,2021-12-03 09:00:18
1638522018846322000,171.5,1,171.0,112,171.5,164,1,2021-12-03 09:00:18
1638522018930609000,171.0,1,171.0,111,171.5,164,2,2021-12-03 09:00:18
1638522019033992000,171.5,1,171.0,112,171.5,164,1,2021-12-03 09:00:19
1638522019101458000,171.5,1,171.0,115,171.5,163,1,2021-12-03 09:00:19
1638522019191649000,171.5,1,171.0,116,171.5,162,1,2021-12-03 09:00:19
1638522019261326000,171.5,1,171.0,118,171.5,161,1,2021-12-03 09:00:19
1638522019336491000,171.5,5,171.0,119,171.5,156,1,2021-12-03 09:00:19
1638522019405646000,171.5,1,171.0,119,171.5,155,1,2021-12-03 09:00:19
1638522019416526000,171.0,5,171.0,114,171.5,155,2,2021-12-03 09:00:19
1638522019428458000,171.5,1,171.0,115,171.5,154,1,2021-12-03 09:00:19
1638522019589068000,171.5,1,171.0,116,171.5,153,1,2021-12-03 09:00:19
1638522019636944000,171.0,1,171.0,116,171.5,153,2,2021-12-03 09:00:19
1638522019640946000,171.5,1,171.0,117,171.5,152,1,2021-12-03 09:00:19
1638522019667250000,171.5,1,171.0,117,171.5,151,1,2021-12-03 09:00:19
1638522019743652000,171.5,2,171.0,119,171.5,154,1,2021-12-03 09:00:19
1638522019781575000,171.5,1,171.0,121,171.5,153,1,2021-12-03 09:00:19
1638522019838703000,171.5,2,171.0,124,171.5,151,1,2021-12-03 09:00:19
1638522019845558000,171.5,2,171.0,124,171.5,149,1,2021-12-03 09:00:19
1638522019846876000,171.5,1,171.0,124,171.5,148,1,2021-12-03 09:00:19
1638522019852206000,171.5,1,171.0,124,171.5,147,1,2021-12-03 09:00:19
1638522019871614000,171.5,3,171.0,124,171.5,144,1,2021-12-03 09:00:19
1638522019908080000,171.5,1,171.0,124,171.5,143,1,2021-12-03 09:00:19
1638522019922421000,171.5,1,171.0,124,171.5,142,1,2021-12-03 09:00:19
1638522020013473000,171.5,4,171.0,136,171.5,138,1,2021-12-03 09:00:20
1638522020061340000,171.5,1,171.0,138,171.5,137,1,2021-12-03 09:00:20
1638522020145506000,171.5,10,171.0,141,171.5,127,1,2021-12-03 09:00:20
1638522020152298000,171.5,1,171.0,141,171.5,126,1,2021-12-03 09:00:20
1638522020268103000,171.5,1,171.0,143,171.5,125,1,2021-12-03 09:00:20
1638522020303754000,171.0,4,171.0,139,171.5,131,2,2021-12-03 09:00:20
1638522020409470000,171.5,1,171.0,142,171.5,130,1,2021-12-03 09:00:20
1638522020420712000,171.5,10,171.0,145,171.5,120,1,2021-12-03 09:00:20
1638522020619135000,171.0,1,171.0,149,171.5,170,2,2021-12-03 09:00:20
1638522020668256000,171.5,20,171.0,149,171.5,150,1,2021-12-03 09:00:20
1638522020692745000,171.5,1,171.0,152,171.5,149,1,2021-12-03 09:00:20
1638522020707157000,171.5,2,171.0,152,171.5,147,1,2021-12-03 09:00:20
1638522020745452000,171.0,4,171.0,148,171.5,148,2,2021-12-03 09:00:20
1638522020808437000,171.5,10,171.0,152,171.5,138,1,2021-12-03 09:00:20
1638522020811537000,171.5,2,171.0,152,171.5,136,1,2021-12-03 09:00:20
1638522020876325000,171.5,1,171.0,152,171.5,135,1,2021-12-03 09:00:20
1638522020957887000,171.0,1,171.0,155,171.5,135,2,2021-12-03 09:00:20
1638522020985739000,171.5,1,171.0,155,171.5,134,1,2021-12-03 09:00:20
1638522021005874000,171.5,1,171.0,155,171.5,133,1,2021-12-03 09:00:21
1638522021235462000,171.5,2,171.0,160,171.5,131,1,2021-12-03 09:00:21
1638522021283225000,171.5,1,171.0,160,171.5,130,1,2021-12-03 09:00:21
1638522021324866000,171.5,1,171.0,161,171.5,129,1,2021-12-03 09:00:21
1638522021340656000,171.5,2,171.0,161,171.5,127,1,2021-12-03 09:00:21
1638522021395149000,171.5,1,171.0,162,171.5,126,1,2021-12-03 09:00:21
1638522021413305000,171.5,2,171.0,163,171.5,124,1,2021-12-03 09:00:21
1638522021486770000,171.5,1,171.0,165,171.5,123,1,2021-12-03 09:00:21
1638522021599626000,171.5,1,171.0,165,171.5,122,1,2021-12-03 09:00:21
1638522021690008000,171.5,1,171.0,168,171.5,171,1,2021-12-03 09:00:21
1638522021722640000,171.5,2,171.0,166,171.5,169,1,2021-12-03 09:00:21
1638522021743258000,171.5,1,171.0,168,171.5,168,1,2021-12-03 09:00:21
1638522021786609000,171.5,1,171.0,169,171.5,167,1,2021-12-03 09:00:21
1638522021791888000,171.5,5,171.0,169,171.5,162,1,2021-12-03 09:00:21
1638522021815401000,171.5,1,171.0,169,171.5,161,1,2021-12-03 09:00:21
1638522021915066000,171.5,2,171.0,169,171.5,159,1,2021-12-03 09:00:21
1638522021986810000,171.0,3,171.0,167,171.5,160,2,2021-12-03 09:00:21
1638522022027601000,171.5,1,171.0,167,171.5,160,1,2021-12-03 09:00:22
1638522022045522000,171.5,1,171.0,167,171.5,159,1,2021-12-03 09:00:22
1638522022147236000,171.0,2,171.0,166,171.5,159,2,2021-12-03 09:00:22
1638522022154559000,171.5,2,171.0,166,171.5,147,1,2021-12-03 09:00:22
1638522022154914000,171.5,10,171.0,166,171.5,147,1,2021-12-03 09:00:22
1638522022424194000,171.5,2,171.0,185,171.5,145,1,2021-12-03 09:00:22
1638522022520230000,171.5,3,171.0,199,171.5,142,1,2021-12-03 09:00:22
1638522022540538000,171.5,1,171.0,199,171.5,141,1,2021-12-03 09:00:22
1638522022632498000,171.5,1,171.0,204,171.5,140,1,2021-12-03 09:00:22
1638522022650101000,171.5,1,171.0,205,171.5,139,1,2021-12-03 09:00:22
1638522022751385000,171.5,1,171.0,207,171.5,138,1,2021-12-03 09:00:22
1638522022905501000,171.5,5,171.0,209,171.5,133,1,2021-12-03 09:00:22
1638522022970254000,171.5,1,171.0,212,171.5,132,1,2021-12-03 09:00:22
1638522022990823000,171.5,1,171.0,212,171.5,131,1,2021-12-03 09:00:22
1638522023018536000,171.5,1,171.0,213,171.5,130,1,2021-12-03 09:00:23
1638522023030023000,171.5,1,171.0,213,171.5,129,1,2021-12-03 09:00:23
1638522023065026000,171.0,1,171.0,213,171.5,129,2,2021-12-03 09:00:23
1638522023083319000,171.5,1,171.0,213,171.5,128,1,2021-12-03 09:00:23
1638522023095070000,171.5,2,171.0,213,171.5,126,1,2021-12-03 09:00:23
1638522023177909000,171.0,1,171.0,217,171.5,127,2,2021-12-03 09:00:23
1638522023214021000,171.5,2,171.0,217,171.5,125,1,2021-12-03 09:00:23
1638522023222114000,171.5,1,171.0,217,171.5,124,1,2021-12-03 09:00:23
1638522023248100000,171.0,3,171.0,214,171.5,124,2,2021-12-03 09:00:23
1638522023292280000,171.5,2,171.0,215,171.5,123,1,2021-12-03 09:00:23
1638522023319117000,171.0,1,171.0,214,171.5,118,2,2021-12-03 09:00:23
1638522023319493000,171.5,5,171.0,214,171.5,118,1,2021-12-03 09:00:23
1638522023427139000,171.5,2,171.0,215,171.5,116,1,2021-12-03 09:00:23
1638522023586090000,171.5,1,171.0,216,171.5,115,1,2021-12-03 09:00:23
1638522023635313000,171.5,1,171.0,216,171.5,114,1,2021-12-03 09:00:23
1638522023647740000,171.5,5,171.0,216,171.5,109,1,2021-12-03 09:00:23
1638522023673726000,171.5,5,171.0,216,171.5,104,1,2021-12-03 09:00:23
1638522023759479000,171.5,2,171.0,216,171.5,104,1,2021-12-03 09:00:23
1638522023768155000,171.5,1,171.0,216,171.5,103,1,2021-12-03 09:00:23
1638522023789229000,171.5,1,171.0,216,171.5,102,1,2021-12-03 09:00:23
1638522023805903000,171.0,1,171.0,215,171.5,102,2,2021-12-03 09:00:23
1638522023846353000,171.5,1,171.0,215,171.5,101,1,2021-12-03 09:00:23
1638522023924946000,171.5,1,171.0,221,171.5,100,1,2021-12-03 09:00:23
1638522023986909000,171.0,3,171.0,243,171.5,100,2,2021-12-03 09:00:23
1638522023987954000,171.5,1,171.0,243,171.5,99,1,2021-12-03 09:00:23
1638522024036693000,171.5,1,171.0,243,171.5,98,1,2021-12-03 09:00:24
1638522024060162000,171.5,2,171.0,243,171.5,96,1,2021-12-03 09:00:24
1638522024169312000,171.5,2,171.0,244,171.5,94,1,2021-12-03 09:00:24
1638522024171507000,171.5,1,171.0,244,171.5,93,1,2021-12-03 09:00:24
1638522024218583000,171.5,1,171.0,245,171.5,92,1,2021-12-03 09:00:24
1638522024290729000,171.5,1,171.0,249,171.5,91,1,2021-12-03 09:00:24
1638522024335094000,171.0,3,171.0,246,171.5,91,2,2021-12-03 09:00:24
1638522024336274000,171.5,1,171.0,246,171.5,90,1,2021-12-03 09:00:24
1638522024397857000,171.5,1,171.0,248,171.5,89,1,2021-12-03 09:00:24
1638522024472065000,171.5,1,171.0,248,171.5,88,1,2021-12-03 09:00:24
1638522024481612000,171.5,10,171.0,248,171.5,78,1,2021-12-03 09:00:24
1638522024503090000,171.5,1,171.0,248,171.5,77,1,2021-12-03 09:00:24
1638522024506513000,171.0,12,171.0,236,171.5,77,2,2021-12-03 09:00:24
1638522024550923000,171.5,1,171.0,236,171.5,76,1,2021-12-03 09:00:24
1638522024555948000,171.5,1,171.0,236,171.5,75,1,2021-12-03 09:00:24
1638522024628823000,171.5,2,171.0,236,171.5,73,1,2021-12-03 09:00:24
1638522024630692000,171.5,1,171.0,236,171.5,72,1,2021-12-03 09:00:24
1638522024650167000,171.5,1,171.0,236,171.5,71,1,2021-12-03 09:00:24
1638522024651587000,171.5,1,171.0,236,171.5,70,1,2021-12-03 09:00:24
1638522024689801000,171.5,1,171.0,236,171.5,69,1,2021-12-03 09:00:24
1638522024700521000,171.5,3,171.0,236,171.5,66,1,2021-12-03 09:00:24
1638522024705253000,171.5,1,171.0,236,171.5,65,1,2021-12-03 09:00:24
1638522024715049000,171.0,3,171.0,233,171.5,65,2,2021-12-03 09:00:24
1638522024750961000,171.5,2,171.0,233,171.5,63,1,2021-12-03 09:00:24
1638522024870620000,171.5,1,171.0,234,171.5,62,1,2021-12-03 09:00:24
1638522024951520000,171.5,3,171.0,237,171.5,65,1,2021-12-03 09:00:24
1638522024966910000,171.5,1,171.0,237,171.5,64,1,2021-12-03 09:00:24
1638522025036460000,171.5,1,171.0,237,171.5,64,1,2021-12-03 09:00:25
1638522025039403000,171.5,1,171.0,237,171.5,63,1,2021-12-03 09:00:25
1638522025070203000,171.5,1,171.0,237,171.5,63,1,2021-12-03 09:00:25
1638522025094663000,171.5,1,171.0,237,171.5,62,1,2021-12-03 09:00:25
1638522025118437000,171.5,2,171.0,237,171.5,60,1,2021-12-03 09:00:25
1638522025211570000,171.5,1,171.0,237,171.5,59,1,2021-12-03 09:00:25
1638522025216240000,171.5,1,171.0,237,171.5,58,1,2021-12-03 09:00:25
1638522025233599000,171.5,1,171.0,237,171.5,57,1,2021-12-03 09:00:25
1638522025235608000,171.5,1,171.0,237,171.5,56,1,2021-12-03 09:00:25
1638522025245499000,171.5,1,171.0,238,171.5,55,1,2021-12-03 09:00:25
1638522025261186000,171.0,1,171.0,237,171.5,55,2,2021-12-03 09:00:25
1638522025265217000,171.5,1,171.0,237,171.5,54,1,2021-12-03 09:00:25
1638522025291595000,171.5,1,171.0,238,171.5,53,1,2021-12-03 09:00:25
1638522025318448000,171.5,1,171.0,238,171.5,52,1,2021-12-03 09:00:25
1638522025391616000,171.5,1,171.0,238,171.5,51,1,2021-12-03 09:00:25
1638522025398846000,171.5,5,171.0,238,171.5,47,1,2021-12-03 09:00:25
1638522025460502000,171.5,1,171.0,243,171.5,46,1,2021-12-03 09:00:25
1638522025509788000,171.0,1,171.0,242,171.5,46,2,2021-12-03 09:00:25
1638522025546579000,171.5,1,171.0,246,171.5,45,1,2021-12-03 09:00:25
1638522025569786000,171.5,1,171.0,255,171.5,44,1,2021-12-03 09:00:25
1638522025586086000,171.5,1,171.0,255,171.5,43,1,2021-12-03 09:00:25
1638522025616900000,171.5,1,171.0,255,171.5,42,1,2021-12-03 09:00:25
1638522025652197000,171.5,1,171.0,255,171.5,41,1,2021-12-03 09:00:25
1638522025654625000,171.5,1,171.0,255,171.5,40,1,2021-12-03 09:00:25
1638522025690799000,171.5,5,171.0,255,171.5,35,1,2021-12-03 09:00:25
1638522025759448000,171.5,5,171.0,256,171.5,30,1,2021-12-03 09:00:25
1638522025770489000,171.5,2,171.0,256,171.5,28,1,2021-12-03 09:00:25
1638522025789480000,171.5,10,171.0,259,171.5,17,1,2021-12-03 09:00:25
1638522025789661000,171.5,1,171.0,259,171.5,17,1,2021-12-03 09:00:25
1638522025880939000,171.5,3,171.0,260,171.5,14,1,2021-12-03 09:00:25
1638522025935726000,171.5,1,171.0,260,171.5,13,1,2021-12-03 09:00:25
1638522025936052000,171.0,3,171.0,257,171.5,13,2,2021-12-03 09:00:25
1638522025943055000,171.5,13,171.0,257,171.5,10,1,2021-12-03 09:00:25
1638522025943055000,172.0,17,171.0,257,171.5,10,1,2021-12-03 09:00:25
1638522025964967000,171.5,1,171.0,257,171.5,9,2,2021-12-03 09:00:25
1638522026023650000,171.5,1,171.0,257,171.5,8,1,2021-12-03 09:00:26
1638522026046647000,171.5,1,171.0,257,171.5,7,1,2021-12-03 09:00:26
1638522026096985000,171.5,1,171.0,263,171.5,6,1,2021-12-03 09:00:26
1638522026134275000,171.5,1,171.0,263,171.5,5,1,2021-12-03 09:00:26
1638522026191859000,171.5,1,171.0,263,171.5,4,1,2021-12-03 09:00:26
1638522026192165000,171.0,1,171.0,262,171.5,4,2,2021-12-03 09:00:26
1638522026233231000,171.5,1,171.0,263,171.5,3,1,2021-12-03 09:00:26
1638522026242951000,171.5,2,171.0,263,171.5,1,1,2021-12-03 09:00:26
1638522026298116000,171.5,1,171.5,1,172.0,231,1,2021-12-03 09:00:26
1638522026457310000,172.0,1,171.5,3,172.0,230,1,2021-12-03 09:00:26
1638522026462940000,171.5,1,171.5,2,172.0,230,2,2021-12-03 09:00:26
1638522026724694000,171.5,1,171.5,10,172.0,230,2,2021-12-03 09:00:26
1638522026851943000,172.0,1,171.5,15,172.0,230,1,2021-12-03 09:00:26
1638522027007271000,172.0,5,171.5,21,172.0,225,1,2021-12-03 09:00:27
1638522027168621000,171.5,1,171.5,28,172.0,224,2,2021-12-03 09:00:27
1638522027294753000,171.5,1,171.5,30,172.0,224,2,2021-12-03 09:00:27
1638522027309184000,171.5,3,171.5,27,172.0,224,2,2021-12-03 09:00:27
1638522027552393000,172.0,1,171.5,34,172.0,223,1,2021-12-03 09:00:27
1638522027949793000,172.0,1,171.5,69,172.0,223,1,2021-12-03 09:00:27
1638522028005162000,172.0,1,171.5,69,172.0,222,1,2021-12-03 09:00:28
1638522028144339000,172.0,2,171.5,73,172.0,220,1,2021-12-03 09:00:28
1638522028408377000,171.5,1,171.5,73,172.0,220,2,2021-12-03 09:00:28
1638522028442659000,171.5,1,171.5,73,172.0,220,2,2021-12-03 09:00:28
1638522028568264000,172.0,1,171.5,74,172.0,219,1,2021-12-03 09:00:28
1638522028589249000,171.5,1,171.5,75,172.0,219,2,2021-12-03 09:00:28
1638522028677046000,171.5,1,171.5,75,172.0,219,2,2021-12-03 09:00:28
1638522028700932000,172.0,5,171.5,76,172.0,214,1,2021-12-03 09:00:28
1638522028831923000,171.5,5,171.5,73,172.0,214,2,2021-12-03 09:00:28
1638522028878059000,171.5,2,171.5,73,172.0,214,2,2021-12-03 09:00:28
1638522028904113000,171.5,2,171.5,71,172.0,214,2,2021-12-03 09:00:28
1638522028968203000,171.5,1,171.5,72,172.0,214,2,2021-12-03 09:00:28
1638522028977157000,172.0,5,171.5,72,172.0,209,1,2021-12-03 09:00:28
1638522029001982000,171.5,2,171.5,70,172.0,209,2,2021-12-03 09:00:29
1638522029013020000,171.5,1,171.5,69,172.0,209,2,2021-12-03 09:00:29
1638522029054592000,171.5,1,171.5,68,172.0,209,2,2021-12-03 09:00:29
1638522029059139000,171.5,2,171.5,66,172.0,209,2,2021-12-03 09:00:29
1638522029063848000,171.5,2,171.5,64,172.0,209,2,2021-12-03 09:00:29
1638522029091059000,172.0,50,171.5,67,172.0,209,1,2021-12-03 09:00:29
1638522029095143000,171.5,1,171.5,66,172.0,209,2,2021-12-03 09:00:29
1638522029096778000,172.0,1,171.5,66,172.0,208,1,2021-12-03 09:00:29
1638522029124902000,171.5,1,171.5,66,172.0,209,2,2021-12-03 09:00:29
1638522029168512000,171.5,1,171.5,66,172.0,209,2,2021-12-03 09:00:29
1638522029344910000,172.0,2,171.5,75,172.0,208,1,2021-12-03 09:00:29
1638522029406386000,171.5,2,171.5,75,172.0,208,2,2021-12-03 09:00:29
1638522029411501000,172.0,1,171.5,75,172.0,207,1,2021-12-03 09:00:29
1638522029520449000,171.5,2,171.5,78,172.0,217,2,2021-12-03 09:00:29
1638522029681886000,172.0,1,171.5,87,172.0,217,1,2021-12-03 09:00:29
1638522029905642000,172.0,1,171.5,88,172.0,215,1,2021-12-03 09:00:29
1638522029907928000,171.5,2,171.5,86,172.0,215,2,2021-12-03 09:00:29
1638522029943558000,172.0,1,171.5,91,172.0,214,1,2021-12-03 09:00:29
1638522030088290000,171.5,2,171.5,97,172.0,214,2,2021-12-03 09:00:30
1638522030095592000,172.0,1,171.5,97,172.0,213,1,2021-12-03 09:00:30
1638522030119909000,172.0,2,171.5,97,172.0,211,1,2021-12-03 09:00:30
1638522030143913000,172.0,2,171.5,97,172.0,209,1,2021-12-03 09:00:30
1638522030221220000,172.0,2,171.5,109,172.0,207,1,2021-12-03 09:00:30
1638522030229669000,172.0,1,171.5,110,172.0,206,1,2021-12-03 09:00:30
1638522030250948000,172.0,1,171.5,110,172.0,205,1,2021-12-03 09:00:30
1638522030299600000,172.0,1,171.5,111,172.0,204,1,2021-12-03 09:00:30
1638522030388286000,172.0,1,171.5,112,172.0,203,1,2021-12-03 09:00:30
1638522030473913000,172.0,1,171.5,123,172.0,204,1,2021-12-03 09:00:30
1638522030609553000,172.0,1,171.5,124,172.0,203,1,2021-12-03 09:00:30
1638522030678912000,172.0,1,171.5,129,172.0,202,1,2021-12-03 09:00:30
1638522030734810000,171.5,1,171.5,128,172.0,202,2,2021-12-03 09:00:30
1638522030769455000,172.0,1,171.5,131,172.0,201,1,2021-12-03 09:00:30
1638522030777189000,172.0,1,171.5,131,172.0,200,1,2021-12-03 09:00:30
1638522030904309000,172.0,1,171.5,145,172.0,199,1,2021-12-03 09:00:30
1638522030988410000,172.0,1,171.5,181,172.0,200,1,2021-12-03 09:00:30
1638522031060897000,172.0,1,171.5,187,172.0,199,1,2021-12-03 09:00:31
1638522031067797000,172.0,1,171.5,187,172.0,198,1,2021-12-03 09:00:31
1638522031089587000,172.0,1,171.5,187,172.0,197,1,2021-12-03 09:00:31
1638522031119356000,172.0,1,171.5,187,172.0,197,1,2021-12-03 09:00:31
1638522031123478000,172.0,10,171.5,187,172.0,187,1,2021-12-03 09:00:31
1638522031203185000,172.0,10,171.5,187,172.0,190,1,2021-12-03 09:00:31
1638522031205824000,172.0,2,171.5,187,172.0,188,1,2021-12-03 09:00:31
1638522031286695000,171.5,2,171.5,192,172.0,202,2,2021-12-03 09:00:31
1638522031308182000,172.0,1,171.5,192,172.0,201,1,2021-12-03 09:00:31
1638522031333464000,172.0,1,171.5,192,172.0,202,1,2021-12-03 09:00:31
1638522031407806000,172.0,10,171.5,197,172.0,192,1,2021-12-03 09:00:31
1638522031436338000,172.0,1,171.5,197,172.0,191,1,2021-12-03 09:00:31
1638522031490661000,172.0,1,171.5,198,172.0,198,1,2021-12-03 09:00:31
1638522031511154000,172.0,1,171.5,200,172.0,198,1,2021-12-03 09:00:31
1638522031571084000,172.0,4,171.5,202,172.0,196,1,2021-12-03 09:00:31
1638522031711164000,172.0,10,171.5,209,172.0,190,1,2021-12-03 09:00:31
1638522031737831000,172.0,1,171.5,210,172.0,189,1,2021-12-03 09:00:31
1638522031740580000,171.5,1,171.5,209,172.0,189,2,2021-12-03 09:00:31
1638522031832874000,172.0,1,171.5,210,172.0,209,1,2021-12-03 09:00:31
1638522031844457000,172.0,1,171.5,211,172.0,208,1,2021-12-03 09:00:31
1638522031861229000,172.0,1,171.5,211,172.0,207,1,2021-12-03 09:00:31
1638522031890427000,172.0,2,171.5,211,172.0,205,1,2021-12-03 09:00:31
1638522031899988000,171.5,1,171.5,212,172.0,205,2,2021-12-03 09:00:31
1638522031971720000,171.5,2,171.5,210,172.0,205,2,2021-12-03 09:00:31
1638522032007807000,171.5,5,171.5,205,172.0,205,2,2021-12-03 09:00:32
1638522032027599000,172.0,1,171.5,205,172.0,204,1,2021-12-03 09:00:32
1638522032151163000,172.0,1,171.5,211,172.0,203,1,2021-12-03 09:00:32
1638522032232244000,171.5,1,171.5,212,172.0,203,2,2021-12-03 09:00:32
1638522032276541000,172.0,1,171.5,212,172.0,202,1,2021-12-03 09:00:32
1638522032284515000,172.0,1,171.5,212,172.0,201,1,2021-12-03 09:00:32
1638522032289560000,172.0,1,171.5,212,172.0,200,1,2021-12-03 09:00:32
1638522032294786000,172.0,1,171.5,217,172.0,199,1,2021-12-03 09:00:32
1638522032308534000,172.0,1,171.5,217,172.0,198,1,2021-12-03 09:00:32
1638522032424885000,172.0,2,171.5,217,172.0,198,1,2021-12-03 09:00:32
1638522032473801000,172.0,1,171.5,218,172.0,199,1,2021-12-03 09:00:32
1638522032528082000,172.0,2,171.5,218,172.0,200,1,2021-12-03 09:00:32
1638522032574894000,172.0,1,171.5,225,172.0,199,1,2021-12-03 09:00:32
1638522032625390000,172.0,1,171.5,226,172.0,249,1,2021-12-03 09:00:32
1638522032701741000,172.0,3,171.5,229,172.0,246,1,2021-12-03 09:00:32
1638522032753092000,172.0,5,171.5,234,172.0,241,1,2021-12-03 09:00:32
1638522032793178000,172.0,1,171.5,234,172.0,240,1,2021-12-03 09:00:32
1638522032822094000,172.0,1,171.5,239,172.0,239,1,2021-12-03 09:00:32
1638522032886214000,172.0,1,171.5,240,172.0,239,1,2021-12-03 09:00:32
1638522033034820000,172.0,8,171.5,248,172.0,233,1,2021-12-03 09:00:33
1638522033149062000,172.0,1,171.5,254,172.0,232,1,2021-12-03 09:00:33
1638522033227399000,172.0,20,171.5,254,172.0,213,1,2021-12-03 09:00:33
1638522033234503000,172.0,1,171.5,254,172.0,212,1,2021-12-03 09:00:33
1638522033260625000,172.0,5,171.5,254,172.0,207,1,2021-12-03 09:00:33
1638522033263730000,172.0,3,171.5,254,172.0,204,1,2021-12-03 09:00:33
1638522033301704000,172.0,5,171.5,257,172.0,204,1,2021-12-03 09:00:33
1638522033327326000,172.0,2,171.5,267,172.0,202,1,2021-12-03 09:00:33
1638522033347624000,172.0,5,171.5,267,172.0,197,1,2021-12-03 09:00:33
1638522033427663000,172.0,1,171.5,270,172.0,202,1,2021-12-03 09:00:33
1638522033451467000,172.0,10,171.5,270,172.0,192,1,2021-12-03 09:00:33
1638522033496744000,172.0,3,171.5,272,172.0,197,1,2021-12-03 09:00:33
1638522033571927000,172.0,10,171.5,274,172.0,190,1,2021-12-03 09:00:33
1638522033619896000,172.0,2,171.5,278,172.0,200,1,2021-12-03 09:00:33
1638522033766398000,172.0,1,171.5,305,172.0,209,1,2021-12-03 09:00:33
1638522033774660000,172.0,1,171.5,305,172.0,208,1,2021-12-03 09:00:33
1638522033809173000,172.0,1,171.5,305,172.0,207,1,2021-12-03 09:00:33
1638522033846676000,172.0,3,171.5,306,172.0,204,1,2021-12-03 09:00:33
1638522033863917000,172.0,1,171.5,306,172.0,203,1,2021-12-03 09:00:33
1638522033872924000,172.0,1,171.5,306,172.0,202,1,2021-12-03 09:00:33
1638522033925084000,171.5,2,171.5,309,172.0,203,2,2021-12-03 09:00:33
1638522033936493000,172.0,5,171.5,309,172.0,203,1,2021-12-03 09:00:33
1638522033940234000,172.0,1,171.5,309,172.0,202,1,2021-12-03 09:00:33
1638522033941369000,172.0,1,171.5,309,172.0,201,1,2021-12-03 09:00:33
1638522033971782000,172.0,5,171.5,309,172.0,196,1,2021-12-03 09:00:33
1638522034006847000,172.0,1,171.5,309,172.0,199,1,2021-12-03 09:00:34
1638522034010864000,172.0,1,171.5,309,172.0,198,1,2021-12-03 09:00:34
1638522034031437000,172.0,3,171.5,311,172.0,195,1,2021-12-03 09:00:34
1638522034041438000,172.0,2,171.5,311,172.0,194,1,2021-12-03 09:00:34
1638522034079015000,171.5,5,171.5,306,172.0,199,2,2021-12-03 09:00:34
1638522034135784000,172.0,2,171.5,306,172.0,198,1,2021-12-03 09:00:34
1638522034140951000,172.0,5,171.5,306,172.0,193,1,2021-12-03 09:00:34
1638522034171750000,172.0,1,171.5,308,172.0,192,1,2021-12-03 09:00:34
1638522034188418000,172.0,1,171.5,308,172.0,193,1,2021-12-03 09:00:34
1638522034244139000,172.0,3,171.5,309,172.0,197,1,2021-12-03 09:00:34
1638522034271972000,172.0,1,171.5,310,172.0,196,1,2021-12-03 09:00:34
1638522034282981000,172.0,1,171.5,310,172.0,198,1,2021-12-03 09:00:34
1638522034343164000,172.0,1,171.5,310,172.0,202,1,2021-12-03 09:00:34
1638522034370803000,172.0,1,171.5,310,172.0,201,1,2021-12-03 09:00:34
1638522034426112000,172.0,1,171.5,311,172.0,201,1,2021-12-03 09:00:34
1638522034455330000,172.0,1,171.5,311,172.0,200,1,2021-12-03 09:00:34
1638522034470214000,172.0,1,171.5,311,172.0,199,1,2021-12-03 09:00:34
1638522034475749000,172.0,1,171.5,311,172.0,198,1,2021-12-03 09:00:34
1638522034476877000,172.0,1,171.5,311,172.0,197,1,2021-12-03 09:00:34
1638522034567581000,172.0,1,171.5,311,172.0,199,1,2021-12-03 09:00:34
1638522034580832000,171.5,8,171.5,303,172.0,199,2,2021-12-03 09:00:34
1638522034608601000,172.0,1,171.5,304,172.0,199,1,2021-12-03 09:00:34
1638522034624916000,171.5,12,171.5,292,172.0,200,2,2021-12-03 09:00:34
1638522034628311000,172.0,1,171.5,292,172.0,199,1,2021-12-03 09:00:34
1638522034663903000,172.0,2,171.5,292,172.0,199,1,2021-12-03 09:00:34
1638522034681603000,172.0,1,171.5,293,172.0,198,1,2021-12-03 09:00:34
1638522034683237000,171.5,1,171.5,292,172.0,198,2,2021-12-03 09:00:34
1638522034684718000,172.0,5,171.5,292,172.0,193,1,2021-12-03 09:00:34
1638522034685852000,172.0,1,171.5,292,172.0,192,1,2021-12-03 09:00:34
1638522034722083000,172.0,1,171.5,294,172.0,192,1,2021-12-03 09:00:34
1638522034805566000,172.0,1,171.5,305,172.0,199,1,2021-12-03 09:00:34
1638522034808110000,172.0,1,171.5,305,172.0,198,1,2021-12-03 09:00:34
1638522034838816000,172.0,1,171.5,305,172.0,197,1,2021-12-03 09:00:34
1638522035027656000,172.0,1,171.5,307,172.0,203,1,2021-12-03 09:00:35
1638522035075111000,172.0,2,171.5,307,172.0,201,1,2021-12-03 09:00:35
1638522035105896000,172.0,1,171.5,307,172.0,200,1,2021-12-03 09:00:35
1638522035166110000,172.0,4,171.5,307,172.0,196,1,2021-12-03 09:00:35
1638522035172813000,172.0,1,171.5,307,172.0,195,1,2021-12-03 09:00:35
1638522035183805000,172.0,1,171.5,307,172.0,194,1,2021-12-03 09:00:35
1638522035207403000,172.0,1,171.5,307,172.0,197,1,2021-12-03 09:00:35
1638522035218498000,172.0,1,171.5,307,172.0,196,1,2021-12-03 09:00:35
1638522035231757000,172.0,1,171.5,307,172.0,195,1,2021-12-03 09:00:35
1638522035345365000,172.0,1,171.5,313,172.0,203,1,2021-12-03 09:00:35
1638522035354531000,172.0,1,171.5,313,172.0,202,1,2021-12-03 09:00:35
1638522035390767000,172.0,1,171.5,318,172.0,201,1,2021-12-03 09:00:35
1638522035392441000,172.0,3,171.5,318,172.0,198,1,2021-12-03 09:00:35
1638522035406549000,172.0,1,171.5,318,172.0,197,1,2021-12-03 09:00:35
1638522035417204000,172.0,1,171.5,318,172.0,196,1,2021-12-03 09:00:35
1638522035448829000,172.0,1,171.5,318,172.0,195,1,2021-12-03 09:00:35
1638522035450623000,172.0,1,171.5,318,172.0,194,1,2021-12-03 09:00:35
1638522035478200000,172.0,1,171.5,318,172.0,193,1,2021-12-03 09:00:35
1638522035504153000,172.0,5,171.5,318,172.0,188,1,2021-12-03 09:00:35
1638522035542259000,172.0,1,171.5,318,172.0,197,1,2021-12-03 09:00:35
1638522035608603000,172.0,1,171.5,318,172.0,196,1,2021-12-03 09:00:35
1638522035610797000,172.0,1,171.5,318,172.0,195,1,2021-12-03 09:00:35
1638522035719710000,172.0,8,171.5,321,172.0,187,1,2021-12-03 09:00:35
1638522035726325000,172.0,1,171.5,321,172.0,186,1,2021-12-03 09:00:35
1638522035815391000,172.0,1,171.5,323,172.0,186,1,2021-12-03 09:00:35
1638522035935504000,172.0,1,171.5,340,172.0,185,1,2021-12-03 09:00:35
1638522036007483000,172.0,1,171.5,340,172.0,184,1,2021-12-03 09:00:36
1638522036035138000,172.0,1,171.5,340,172.0,183,1,2021-12-03 09:00:36
1638522036045455000,172.0,1,171.5,344,172.0,182,1,2021-12-03 09:00:36
1638522036072106000,172.0,1,171.5,344,172.0,181,1,2021-12-03 09:00:36
1638522036166800000,172.0,1,171.5,345,172.0,180,1,2021-12-03 09:00:36
1638522036350053000,172.0,1,171.5,348,172.0,179,1,2021-12-03 09:00:36
1638522036361099000,172.0,1,171.5,348,172.0,178,1,2021-12-03 09:00:36
1638522036378331000,172.0,2,171.5,348,172.0,176,1,2021-12-03 09:00:36
1638522036416906000,172.0,5,171.5,348,172.0,171,1,2021-12-03 09:00:36
1638522036426992000,172.0,1,171.5,348,172.0,170,1,2021-12-03 09:00:36
1638522036451746000,172.0,1,171.5,348,172.0,169,1,2021-12-03 09:00:36
1638522036545714000,171.5,1,171.5,349,172.0,170,2,2021-12-03 09:00:36
1638522036550289000,172.0,1,171.5,349,172.0,169,1,2021-12-03 09:00:36
1638522036638088000,172.0,2,171.5,351,172.0,167,1,2021-12-03 09:00:36
1638522036668658000,172.0,1,171.5,351,172.0,167,1,2021-12-03 09:00:36
1638522036783946000,172.0,1,171.5,362,172.0,167,1,2021-12-03 09:00:36
1638522036806923000,172.0,2,171.5,363,172.0,165,1,2021-12-03 09:00:36
1638522036824547000,171.5,363,171.0,233,172.0,166,2,2021-12-03 09:00:36
1638522036824547000,171.0,136,171.0,233,172.0,166,2,2021-12-03 09:00:36
1638522036857518000,171.0,101,171.0,137,172.0,168,2,2021-12-03 09:00:36
1638522036894655000,171.0,137,171.0,2,171.5,2,2,2021-12-03 09:00:36
1638522036908128000,171.5,1,171.0,2,171.5,1,1,2021-12-03 09:00:36
1638522036913768000,171.5,1,171.0,2,172.0,170,1,2021-12-03 09:00:36
1638522036931275000,171.5,2,171.5,1,172.0,170,2,2021-12-03 09:00:36
1638522036933529000,172.0,1,171.5,1,172.0,169,1,2021-12-03 09:00:36
1638522036951850000,171.5,3,171.0,3,172.0,168,2,2021-12-03 09:00:36
1638522037071789000,172.0,3,171.5,2,172.0,166,1,2021-12-03 09:00:37
1638522037093489000,172.0,1,171.5,2,172.0,165,1,2021-12-03 09:00:37
1638522037120239000,172.0,1,171.5,6,172.0,164,1,2021-12-03 09:00:37
1638522037126632000,172.0,1,171.5,6,172.0,163,1,2021-12-03 09:00:37
1638522037167444000,172.0,1,171.5,6,172.0,162,1,2021-12-03 09:00:37
1638522037234357000,172.0,1,171.5,7,172.0,161,1,2021-12-03 09:00:37
1638522037264707000,172.0,1,171.5,8,172.0,160,1,2021-12-03 09:00:37
1638522037267976000,172.0,10,171.5,8,172.0,150,1,2021-12-03 09:00:37
1638522037375587000,172.0,2,171.5,9,172.0,149,1,2021-12-03 09:00:37
1638522037399000000,171.5,10,171.0,7,171.5,90,2,2021-12-03 09:00:37
1638522037403009000,171.5,5,171.0,7,171.5,85,1,2021-12-03 09:00:37
1638522037404866000,171.5,5,171.0,7,171.5,80,1,2021-12-03 09:00:37
1638522037419677000,171.5,1,171.0,8,171.5,79,1,2021-12-03 09:00:37
1638522037421427000,171.5,2,171.0,8,171.5,77,1,2021-12-03 09:00:37
1638522037438251000,171.0,8,170.5,108,171.5,77,2,2021-12-03 09:00:37
1638522037438251000,170.5,42,170.5,108,171.5,77,2,2021-12-03 09:00:37
1638522037467675000,171.5,2,170.5,108,171.5,75,1,2021-12-03 09:00:37
1638522037486654000,171.5,1,170.5,108,171.5,75,1,2021-12-03 09:00:37
1638522037572841000,171.5,16,171.0,1,171.5,59,1,2021-12-03 09:00:37
1638522037579561000,171.5,1,171.0,1,171.5,58,1,2021-12-03 09:00:37
1638522037604466000,171.5,1,171.0,1,171.5,58,1,2021-12-03 09:00:37
1638522037606411000,171.5,1,171.0,3,171.5,57,1,2021-12-03 09:00:37
1638522037611604000,171.5,1,171.0,3,171.5,56,1,2021-12-03 09:00:37
1638522037615070000,171.5,1,171.0,3,171.5,55,1,2021-12-03 09:00:37
1638522037651296000,171.5,55,171.5,245,172.0,152,1,2021-12-03 09:00:37
1638522037660469000,172.0,1,171.5,245,172.0,151,1,2021-12-03 09:00:37
1638522037696319000,171.5,158,171.5,90,172.0,152,2,2021-12-03 09:00:37
1638522037702016000,172.0,1,171.5,90,172.0,151,1,2021-12-03 09:00:37
1638522037729308000,171.5,90,171.0,3,172.0,152,2,2021-12-03 09:00:37
1638522037748774000,172.0,1,171.5,3,172.0,151,1,2021-12-03 09:00:37
1638522037785210000,171.5,3,171.0,3,171.5,3,2,2021-12-03 09:00:37
1638522037809523000,171.5,1,171.0,3,171.5,2,1,2021-12-03 09:00:37
1638522037825645000,171.5,1,171.0,4,171.5,1,1,2021-12-03 09:00:37
1638522037831831000,171.5,1,171.0,14,172.0,143,1,2021-12-03 09:00:37
1638522037831831000,172.0,9,171.0,14,172.0,143,1,2021-12-03 09:00:37
1638522037885570000,171.5,2,171.0,14,171.5,48,2,2021-12-03 09:00:37
1638522037918571000,171.5,1,171.0,14,171.5,47,1,2021-12-03 09:00:37
1638522037992897000,171.5,1,171.0,14,171.5,72,1,2021-12-03 09:00:37
1638522038015476000,171.5,2,171.0,14,171.5,70,1,2021-12-03 09:00:38
1638522038077086000,171.5,1,171.0,14,171.5,70,1,2021-12-03 09:00:38
1638522038136301000,171.5,1,171.0,14,171.5,70,1,2021-12-03 09:00:38
1638522038163603000,171.5,2,171.0,15,171.5,72,1,2021-12-03 09:00:38
1638522038163682000,171.5,1,171.0,15,171.5,72,1,2021-12-03 09:00:38
1638522038175680000,171.5,1,171.0,15,171.5,71,1,2021-12-03 09:00:38
1638522038209968000,171.5,1,171.0,15,171.5,72,1,2021-12-03 09:00:38
1638522038286960000,171.0,10,171.0,5,171.5,75,2,2021-12-03 09:00:38
1638522038339238000,171.5,1,171.0,6,171.5,80,1,2021-12-03 09:00:38
1638522038367280000,171.5,2,171.0,8,171.5,78,1,2021-12-03 09:00:38
1638522038405860000,171.5,1,171.0,7,171.5,77,1,2021-12-03 09:00:38
1638522038415095000,171.5,1,171.0,7,171.5,77,1,2021-12-03 09:00:38
1638522038460468000,171.5,2,171.0,7,171.5,76,1,2021-12-03 09:00:38
1638522038505277000,171.5,1,171.0,7,171.5,75,1,2021-12-03 09:00:38
1638522038519610000,171.5,1,171.0,7,171.5,74,1,2021-12-03 09:00:38
1638522038532274000,171.5,1,171.0,7,171.5,73,1,2021-12-03 09:00:38
1638522038558248000,171.5,1,171.0,7,171.5,73,1,2021-12-03 09:00:38
1638522038578963000,171.5,1,171.0,7,171.5,72,1,2021-12-03 09:00:38
1638522038627776000,171.5,1,171.0,9,171.5,71,1,2021-12-03 09:00:38
1638522038649882000,171.0,2,171.0,7,171.5,71,2,2021-12-03 09:00:38
1638522038659202000,171.5,1,171.0,7,171.5,70,1,2021-12-03 09:00:38
1638522038686276000,171.5,1,171.0,7,171.5,74,1,2021-12-03 09:00:38
1638522038689234000,171.5,1,171.0,7,171.5,73,1,2021-12-03 09:00:38
1638522038779809000,171.5,1,171.0,7,171.5,73,1,2021-12-03 09:00:38
1638522038840995000,171.5,2,171.0,8,171.5,72,1,2021-12-03 09:00:38
1638522038844454000,171.5,1,171.0,8,171.5,72,1,2021-12-03 09:00:38
1638522038889571000,171.5,1,171.0,8,171.5,71,1,2021-12-03 09:00:38
1638522038899967000,171.5,1,171.0,8,171.5,70,1,2021-12-03 09:00:38
1638522038904405000,171.5,1,171.0,8,171.5,69,1,2021-12-03 09:00:38
1638522038937756000,171.5,1,171.0,9,171.5,68,1,2021-12-03 09:00:38
1638522038960503000,171.5,1,171.0,9,171.5,67,1,2021-12-03 09:00:38
1638522039001917000,171.5,2,171.0,9,171.5,63,1,2021-12-03 09:00:39
1638522039044646000,171.5,1,171.0,9,171.5,62,1,2021-12-03 09:00:39
1638522039074868000,171.5,1,171.0,9,171.5,61,1,2021-12-03 09:00:39
1638522039120141000,171.5,1,171.0,9,171.5,68,1,2021-12-03 09:00:39
1638522039132614000,171.5,1,171.0,9,171.5,67,1,2021-12-03 09:00:39
1638522039137328000,171.5,2,171.0,9,171.5,65,1,2021-12-03 09:00:39
1638522039170177000,171.5,2,171.0,9,171.5,64,1,2021-12-03 09:00:39
1638522039218812000,171.5,1,171.0,9,171.5,69,1,2021-12-03 09:00:39
1638522039292807000,171.5,1,171.0,11,171.5,68,1,2021-12-03 09:00:39
1638522039294211000,171.5,1,171.0,11,171.5,67,1,2021-12-03 09:00:39
1638522039301977000,171.5,3,171.0,11,171.5,64,1,2021-12-03 09:00:39
1638522039441248000,171.0,1,171.0,10,171.5,64,2,2021-12-03 09:00:39
1638522039606480000,171.5,1,171.0,10,171.5,73,1,2021-12-03 09:00:39
1638522039640185000,171.5,1,171.0,10,171.5,72,1,2021-12-03 09:00:39
1638522039642176000,171.5,1,171.0,10,171.5,71,1,2021-12-03 09:00:39
1638522039643955000,171.5,1,171.0,10,171.5,70,1,2021-12-03 09:00:39
1638522039651141000,171.5,3,171.0,10,171.5,67,1,2021-12-03 09:00:39
1638522039666453000,171.5,1,171.0,10,171.5,66,1,2021-12-03 09:00:39
1638522039688886000,171.5,1,171.0,10,171.5,65,1,2021-12-03 09:00:39
1638522039723284000,171.5,10,171.0,10,171.5,55,1,2021-12-03 09:00:39
1638522039776657000,171.0,2,171.0,8,171.5,55,2,2021-12-03 09:00:39
1638522039837534000,171.5,1,171.0,8,171.5,55,1,2021-12-03 09:00:39
1638522039895962000,171.5,1,171.0,8,171.5,54,1,2021-12-03 09:00:39
1638522039909457000,171.5,1,171.0,8,171.5,53,1,2021-12-03 09:00:39
1638522039992809000,171.5,1,171.0,8,171.5,53,1,2021-12-03 09:00:39
1638522040024710000,171.5,2,171.0,8,171.5,51,1,2021-12-03 09:00:40
1638522040043018000,171.5,1,171.0,8,171.5,50,1,2021-12-03 09:00:40
1638522040117195000,171.5,1,171.0,8,171.5,48,1,2021-12-03 09:00:40
1638522040137297000,171.0,8,170.5,109,171.0,2,2,2021-12-03 09:00:40
1638522040141686000,171.0,1,170.5,109,171.0,1,1,2021-12-03 09:00:40
1638522040162449000,171.0,1,170.5,109,171.5,48,1,2021-12-03 09:00:40
1638522040187972000,171.5,5,170.5,110,171.5,42,1,2021-12-03 09:00:40
1638522040193094000,171.5,1,170.5,110,171.5,41,1,2021-12-03 09:00:40
1638522040225725000,171.5,1,170.5,110,171.5,40,1,2021-12-03 09:00:40
1638522040280129000,171.5,1,170.5,110,171.5,39,1,2021-12-03 09:00:40
1638522040315955000,171.5,1,170.5,111,171.5,38,1,2021-12-03 09:00:40
1638522040326833000,171.5,1,170.5,111,171.5,37,1,2021-12-03 09:00:40
1638522040331972000,171.5,10,170.5,111,171.5,27,1,2021-12-03 09:00:40
1638522040352954000,171.5,1,170.5,111,171.5,27,1,2021-12-03 09:00:40
1638522040417298000,171.5,1,171.0,3,171.5,29,1,2021-12-03 09:00:40
1638522040489256000,171.5,1,171.0,5,171.5,30,1,2021-12-03 09:00:40
1638522040520889000,171.5,1,171.0,5,171.5,29,1,2021-12-03 09:00:40
1638522040553417000,171.5,1,171.0,5,171.5,28,1,2021-12-03 09:00:40
1638522040578111000,171.5,5,171.0,5,171.5,23,1,2021-12-03 09:00:40
1638522040665031000,171.5,2,171.0,5,171.5,21,1,2021-12-03 09:00:40
1638522040690873000,171.5,1,171.0,5,171.5,20,1,2021-12-03 09:00:40
1638522040740162000,171.5,3,171.0,5,171.5,68,1,2021-12-03 09:00:40
1638522040744646000,171.5,1,171.0,4,171.5,67,1,2021-12-03 09:00:40
1638522040744952000,171.0,1,171.0,4,171.5,67,2,2021-12-03 09:00:40
1638522040776516000,171.5,1,171.0,4,171.5,67,1,2021-12-03 09:00:40
1638522040803085000,171.5,1,171.0,4,171.5,66,1,2021-12-03 09:00:40
1638522040903210000,171.5,20,171.0,5,171.5,46,1,2021-12-03 09:00:40
1638522040909237000,171.5,1,171.0,5,171.5,45,1,2021-12-03 09:00:40
1638522040992573000,171.5,1,171.0,8,171.5,43,1,2021-12-03 09:00:40
1638522041117902000,171.5,1,171.0,8,171.5,48,1,2021-12-03 09:00:41
1638522041163044000,171.5,1,171.0,8,171.5,48,1,2021-12-03 09:00:41
1638522041343356000,171.5,1,171.0,8,171.5,73,1,2021-12-03 09:00:41
1638522041375148000,171.0,1,171.0,7,171.5,73,2,2021-12-03 09:00:41
1638522041393889000,171.0,6,171.0,1,171.5,73,2,2021-12-03 09:00:41
1638522041747442000,171.5,1,170.5,106,171.5,75,1,2021-12-03 09:00:41
1638522041755396000,171.5,3,171.0,1,171.5,72,1,2021-12-03 09:00:41
1638522041777073000,171.5,1,171.0,1,171.5,71,1,2021-12-03 09:00:41
1638522041778099000,171.5,1,171.0,1,171.5,70,1,2021-12-03 09:00:41
1638522041882827000,171.0,1,170.5,107,171.5,71,2,2021-12-03 09:00:41
1638522041921660000,171.5,1,170.5,106,171.5,70,1,2021-12-03 09:00:41
1638522042061464000,171.5,2,170.5,107,171.5,87,1,2021-12-03 09:00:42
1638522042245367000,171.5,1,171.0,1,171.5,108,1,2021-12-03 09:00:42
1638522042311338000,171.5,5,171.0,1,171.5,108,1,2021-12-03 09:00:42
1638522042408702000,171.0,1,170.5,102,171.0,39,2,2021-12-03 09:00:42
1638522042424176000,171.0,5,170.5,102,171.0,94,1,2021-12-03 09:00:42
1638522042517594000,171.0,1,170.5,102,171.0,93,1,2021-12-03 09:00:42
1638522042546289000,171.0,1,170.5,105,171.0,92,1,2021-12-03 09:00:42
1638522042587958000,171.0,5,170.5,105,171.0,87,1,2021-12-03 09:00:42
1638522042601474000,171.0,1,170.5,105,171.0,87,1,2021-12-03 09:00:42
1638522042602624000,171.0,5,170.5,105,171.0,82,1,2021-12-03 09:00:42
1638522042636672000,171.0,2,170.5,103,171.0,80,1,2021-12-03 09:00:42
1638522042653912000,171.0,1,170.5,103,171.0,79,1,2021-12-03 09:00:42
1638522042700660000,171.0,5,170.5,103,171.0,78,1,2021-12-03 09:00:42
1638522042700756000,171.0,1,170.5,103,171.0,78,1,2021-12-03 09:00:42
1638522042739578000,171.0,1,170.5,103,171.0,77,1,2021-12-03 09:00:42
1638522042756910000,171.0,2,170.5,103,171.0,75,1,2021-12-03 09:00:42
1638522042831163000,171.0,1,170.5,103,171.0,74,1,2021-12-03 09:00:42
1638522042905444000,171.0,1,170.5,103,171.0,73,1,2021-12-03 09:00:42
1638522042961462000,171.0,5,170.5,103,171.0,68,1,2021-12-03 09:00:42
1638522043017901000,171.0,2,170.5,105,171.0,66,1,2021-12-03 09:00:43
1638522043034728000,171.0,3,170.5,105,171.0,63,1,2021-12-03 09:00:43
1638522043069274000,171.0,1,170.5,105,171.0,67,1,2021-12-03 09:00:43
1638522043216380000,171.0,1,170.5,105,171.0,67,1,2021-12-03 09:00:43
1638522043276646000,171.0,15,170.5,105,171.0,52,1,2021-12-03 09:00:43
1638522043291617000,171.0,1,170.5,105,171.0,51,1,2021-12-03 09:00:43
1638522043311609000,171.0,1,170.5,105,171.0,50,1,2021-12-03 09:00:43
1638522043331120000,171.0,1,170.5,105,171.0,49,1,2021-12-03 09:00:43
1638522043365320000,171.0,1,170.5,105,171.0,48,1,2021-12-03 09:00:43
1638522043388143000,170.5,1,170.5,104,171.0,48,2,2021-12-03 09:00:43
1638522043394935000,171.0,2,170.5,104,171.0,46,1,2021-12-03 09:00:43
1638522043535161000,171.0,1,170.5,104,171.0,52,1,2021-12-03 09:00:43
1638522043595900000,171.0,3,170.5,104,171.0,99,1,2021-12-03 09:00:43
1638522043731411000,171.0,10,170.5,104,171.0,91,1,2021-12-03 09:00:43
1638522043743017000,171.0,1,170.5,104,171.0,90,1,2021-12-03 09:00:43
1638522043891355000,171.0,1,170.5,104,171.0,95,1,2021-12-03 09:00:43
1638522043996125000,171.0,1,170.5,104,171.0,94,1,2021-12-03 09:00:43
1638522044057053000,171.0,1,170.5,104,171.0,98,1,2021-12-03 09:00:44
1638522044061952000,171.0,1,170.5,104,171.0,97,1,2021-12-03 09:00:44
1638522044094040000,171.0,1,170.5,104,171.0,96,1,2021-12-03 09:00:44
1638522044123008000,171.0,1,170.5,104,171.0,95,1,2021-12-03 09:00:44
1638522044216109000,171.0,1,170.5,104,171.0,94,1,2021-12-03 09:00:44
1638522044243791000,171.0,1,170.5,104,171.0,93,1,2021-12-03 09:00:44
1638522044244696000,171.0,1,170.5,104,171.0,92,1,2021-12-03 09:00:44
1638522044260341000,171.0,1,170.5,104,171.0,91,1,2021-12-03 09:00:44
1638522044290773000,171.0,2,170.5,104,171.0,91,1,2021-12-03 09:00:44
1638522044310864000,171.0,4,170.5,104,171.0,87,1,2021-12-03 09:00:44
1638522044347752000,171.0,1,170.5,104,171.0,86,1,2021-12-03 09:00:44
1638522044357820000,171.0,1,170.5,104,171.0,85,1,2021-12-03 09:00:44
1638522044387807000,171.0,1,170.5,104,171.0,85,1,2021-12-03 09:00:44
1638522044493489000,171.0,1,170.5,104,171.0,84,1,2021-12-03 09:00:44
1638522044534823000,171.0,1,170.5,104,171.0,83,1,2021-12-03 09:00:44
1638522044588763000,170.5,1,170.5,103,171.0,85,2,2021-12-03 09:00:44
1638522044614052000,171.0,1,170.5,103,171.0,84,1,2021-12-03 09:00:44
1638522044631985000,171.0,1,170.5,103,171.0,83,1,2021-12-03 09:00:44
1638522044648889000,171.0,1,170.5,103,171.0,82,1,2021-12-03 09:00:44
1638522044666721000,171.0,1,170.5,103,171.0,81,1,2021-12-03 09:00:44
1638522044671156000,171.0,1,170.5,103,171.0,80,1,2021-12-03 09:00:44
1638522044793182000,171.0,1,170.5,103,171.0,81,1,2021-12-03 09:00:44
1638522044868707000,171.0,1,170.5,103,171.0,86,1,2021-12-03 09:00:44
1638522044869250000,171.0,5,170.5,103,171.0,81,1,2021-12-03 09:00:44
1638522045063478000,171.0,1,170.5,103,171.0,85,1,2021-12-03 09:00:45
1638522045113037000,171.0,1,170.5,108,171.0,84,1,2021-12-03 09:00:45
1638522045116958000,171.0,1,170.5,108,171.0,83,1,2021-12-03 09:00:45
1638522045170323000,170.5,1,170.5,107,171.0,133,2,2021-12-03 09:00:45
1638522045182008000,171.0,4,170.5,107,171.0,129,1,2021-12-03 09:00:45
1638522045191841000,171.0,5,170.5,107,171.0,124,1,2021-12-03 09:00:45
1638522045249774000,171.0,1,170.5,107,171.0,123,1,2021-12-03 09:00:45
1638522045252654000,171.0,1,170.5,107,171.0,122,1,2021-12-03 09:00:45
1638522045314165000,171.0,1,170.5,107,171.0,123,1,2021-12-03 09:00:45
1638522045317400000,171.0,1,170.5,107,171.0,122,1,2021-12-03 09:00:45
1638522045394208000,171.0,1,170.5,107,171.0,121,1,2021-12-03 09:00:45
1638522045450363000,170.5,1,170.5,106,171.0,121,2,2021-12-03 09:00:45
1638522045519457000,171.0,3,170.5,106,171.0,118,1,2021-12-03 09:00:45
1638522045533761000,171.0,2,170.5,106,171.0,116,1,2021-12-03 09:00:45
1638522045603725000,171.0,1,170.5,106,171.0,115,1,2021-12-03 09:00:45
1638522045614193000,171.0,10,170.5,106,171.0,105,1,2021-12-03 09:00:45
1638522045756743000,171.0,5,170.5,106,171.0,110,1,2021-12-03 09:00:45
1638522045829983000,171.0,1,170.5,106,171.0,109,1,2021-12-03 09:00:45
1638522045841135000,171.0,1,170.5,106,171.0,108,1,2021-12-03 09:00:45
1638522045880442000,171.0,2,170.5,106,171.0,106,1,2021-12-03 09:00:45
1638522045925088000,171.0,5,170.5,107,171.0,101,1,2021-12-03 09:00:45
1638522045982495000,171.0,1,170.5,107,171.0,100,1,2021-12-03 09:00:45
1638522046051035000,171.0,17,170.5,107,171.0,85,1,2021-12-03 09:00:46
1638522046128514000,171.0,1,170.5,107,171.0,84,1,2021-12-03 09:00:46
1638522046160902000,171.0,2,170.5,107,171.0,82,1,2021-12-03 09:00:46
1638522046166385000,171.0,1,170.5,107,171.0,81,1,2021-12-03 09:00:46
1638522046171373000,171.0,1,170.5,107,171.0,80,1,2021-12-03 09:00:46
1638522046298270000,171.0,2,170.5,112,171.0,81,1,2021-12-03 09:00:46
1638522046347581000,171.0,1,170.5,112,171.0,81,1,2021-12-03 09:00:46
1638522046462741000,171.0,2,170.5,112,171.0,79,1,2021-12-03 09:00:46
1638522046468230000,171.0,2,170.5,112,171.0,77,1,2021-12-03 09:00:46
1638522046515974000,171.0,3,170.5,112,171.0,74,1,2021-12-03 09:00:46
1638522046548759000,171.0,1,170.5,112,171.0,73,1,2021-12-03 09:00:46
1638522046608237000,171.0,1,170.5,112,171.0,72,1,2021-12-03 09:00:46
1638522046622694000,171.0,1,170.5,112,171.0,71,1,2021-12-03 09:00:46
1638522046746401000,171.0,5,170.5,113,171.0,66,1,2021-12-03 09:00:46
1638522046912411000,171.0,1,170.5,113,171.0,65,1,2021-12-03 09:00:46
1638522047133815000,171.0,1,170.5,113,171.0,64,1,2021-12-03 09:00:47
1638522047134282000,171.0,2,170.5,113,171.0,62,1,2021-12-03 09:00:47
1638522047229638000,171.0,1,170.5,113,171.0,62,1,2021-12-03 09:00:47
1638522047267541000,171.0,2,170.5,117,171.0,60,1,2021-12-03 09:00:47
1638522047390638000,170.5,1,170.5,97,171.0,64,2,2021-12-03 09:00:47
1638522047417221000,171.0,5,170.5,97,171.0,63,1,2021-12-03 09:00:47
1638522047482477000,171.0,1,170.5,97,171.0,63,1,2021-12-03 09:00:47
1638522047525818000,171.0,1,170.5,97,171.0,62,1,2021-12-03 09:00:47
1638522047689832000,171.0,1,170.5,97,171.0,64,1,2021-12-03 09:00:47
1638522047710413000,170.5,5,170.5,90,171.0,64,2,2021-12-03 09:00:47
1638522047710712000,170.5,2,170.5,90,171.0,64,2,2021-12-03 09:00:47
1638522047724195000,171.0,3,170.5,90,171.0,61,1,2021-12-03 09:00:47
1638522047767825000,171.0,1,170.5,90,171.0,60,1,2021-12-03 09:00:47
1638522047863973000,171.0,1,170.5,90,171.0,59,1,2021-12-03 09:00:47
1638522047919689000,171.0,1,170.5,90,171.0,58,1,2021-12-03 09:00:47
1638522047932212000,171.0,20,170.5,90,171.0,38,1,2021-12-03 09:00:47
1638522047950099000,171.0,1,170.5,90,171.0,37,1,2021-12-03 09:00:47
1638522047993349000,171.0,1,170.5,90,171.0,36,1,2021-12-03 09:00:47
1638522048036284000,171.0,1,170.5,90,171.0,35,1,2021-12-03 09:00:48
1638522048137860000,171.0,5,170.5,90,171.0,30,1,2021-12-03 09:00:48
1638522048226616000,171.0,1,170.5,91,171.0,31,1,2021-12-03 09:00:48
1638522048293208000,171.0,2,170.5,91,171.0,79,1,2021-12-03 09:00:48
1638522048324040000,171.0,1,170.5,91,171.0,78,1,2021-12-03 09:00:48
1638522048336757000,171.0,1,170.5,91,171.0,77,1,2021-12-03 09:00:48
1638522048381868000,171.0,1,170.5,91,171.0,76,1,2021-12-03 09:00:48
1638522048404062000,171.0,1,170.5,91,171.0,75,1,2021-12-03 09:00:48
1638522048465645000,171.0,1,170.5,90,171.0,76,1,2021-12-03 09:00:48
1638522048498809000,171.0,3,170.5,90,171.0,73,1,2021-12-03 09:00:48
1638522048555036000,170.5,5,170.5,85,171.0,73,2,2021-12-03 09:00:48
1638522048572632000,171.0,10,170.5,85,171.0,63,1,2021-12-03 09:00:48
1638522048600378000,171.0,3,170.5,85,171.0,60,1,2021-12-03 09:00:48
1638522048779596000,171.0,1,170.5,88,171.0,74,1,2021-12-03 09:00:48
1638522048797119000,171.0,1,170.5,89,171.0,73,1,2021-12-03 09:00:48
1638522048868135000,171.0,1,170.5,90,171.0,72,1,2021-12-03 09:00:48
1638522048893602000,170.5,5,170.5,85,171.0,72,2,2021-12-03 09:00:48
1638522048937939000,171.0,1,170.5,84,171.0,75,1,2021-12-03 09:00:48
1638522048960412000,171.0,1,170.5,83,171.0,74,1,2021-12-03 09:00:48
1638522049043405000,171.0,1,170.5,83,171.0,80,1,2021-12-03 09:00:49
1638522049069334000,171.0,2,170.5,83,171.0,78,1,2021-12-03 09:00:49
1638522049213768000,171.0,10,170.5,83,171.0,68,1,2021-12-03 09:00:49
1638522049398155000,170.5,1,170.5,82,171.0,76,2,2021-12-03 09:00:49
1638522049424238000,170.5,2,170.5,80,171.0,76,2,2021-12-03 09:00:49
1638522049434785000,171.0,1,170.5,80,171.0,75,1,2021-12-03 09:00:49
1638522049441214000,170.5,1,170.5,79,171.0,75,2,2021-12-03 09:00:49
1638522049496517000,171.0,1,170.5,79,171.0,74,1,2021-12-03 09:00:49
1638522049532260000,171.0,1,170.5,79,171.0,73,1,2021-12-03 09:00:49
1638522049536971000,171.0,2,170.5,79,171.0,71,1,2021-12-03 09:00:49
1638522049592352000,171.0,20,170.5,79,171.0,51,1,2021-12-03 09:00:49
1638522049663056000,171.0,2,170.5,79,171.0,49,1,2021-12-03 09:00:49
1638522049772133000,171.0,2,170.5,80,171.0,47,1,2021-12-03 09:00:49
1638522049876236000,171.0,10,170.5,81,171.0,36,1,2021-12-03 09:00:49
1638522049968680000,170.5,1,170.5,77,171.0,37,2,2021-12-03 09:00:49
1638522050027726000,171.0,1,170.5,77,171.0,40,1,2021-12-03 09:00:50
1638522050114826000,171.0,2,170.5,76,171.0,38,1,2021-12-03 09:00:50
1638522050221825000,171.0,5,170.5,76,171.0,35,1,2021-12-03 09:00:50
1638522050262872000,170.5,1,170.5,76,171.0,36,2,2021-12-03 09:00:50
1638522050339740000,171.0,1,170.5,77,171.0,34,1,2021-12-03 09:00:50
1638522050353762000,171.0,10,170.5,77,171.0,25,1,2021-12-03 09:00:50
1638522050375524000,171.0,1,170.5,77,171.0,24,1,2021-12-03 09:00:50
1638522050453520000,171.0,5,170.5,77,171.0,20,1,2021-12-03 09:00:50
1638522050466513000,171.0,1,170.5,78,171.0,19,1,2021-12-03 09:00:50
1638522050549070000,171.0,1,170.5,78,171.0,19,1,2021-12-03 09:00:50
1638522050635353000,171.0,6,170.5,78,171.0,13,1,2021-12-03 09:00:50
1638522050811600000,170.5,1,170.5,83,171.0,13,2,2021-12-03 09:00:50
1638522050901724000,170.5,3,170.5,80,171.0,13,2,2021-12-03 09:00:50
1638522050956062000,171.0,1,170.5,80,171.0,12,1,2021-12-03 09:00:50
1638522050978080000,171.0,1,170.5,80,171.0,11,1,2021-12-03 09:00:50
1638522051043506000,171.0,10,170.5,80,171.0,2,1,2021-12-03 09:00:51
1638522051235305000,171.0,2,171.0,3,171.5,150,1,2021-12-03 09:00:51
1638522051238498000,171.5,1,171.0,3,171.5,149,1,2021-12-03 09:00:51
1638522051337937000,171.5,1,171.0,11,171.5,149,1,2021-12-03 09:00:51
1638522051453306000,171.0,3,171.0,8,171.5,149,2,2021-12-03 09:00:51
1638522051915874000,171.5,2,171.0,64,171.5,147,1,2021-12-03 09:00:51
1638522051917575000,171.0,1,171.0,64,171.5,147,2,2021-12-03 09:00:51
1638522051938230000,171.5,1,171.0,85,171.5,146,1,2021-12-03 09:00:51
1638522051992947000,171.0,1,171.0,86,171.5,145,2,2021-12-03 09:00:51
1638522052010292000,171.0,2,171.0,84,171.5,145,2,2021-12-03 09:00:52
1638522052120184000,171.0,4,171.0,100,171.5,145,2,2021-12-03 09:00:52
1638522052128507000,171.5,1,171.0,100,171.5,144,1,2021-12-03 09:00:52
1638522052180981000,171.0,3,171.0,99,171.5,144,2,2021-12-03 09:00:52
1638522052241298000,171.5,1,171.0,111,171.5,143,1,2021-12-03 09:00:52
1638522052322243000,171.0,2,171.0,110,171.5,145,2,2021-12-03 09:00:52
1638522052330894000,171.0,2,171.0,108,171.5,145,2,2021-12-03 09:00:52
1638522052441508000,171.0,2,171.0,108,171.5,145,2,2021-12-03 09:00:52
1638522052455670000,171.0,2,171.0,106,171.5,145,2,2021-12-03 09:00:52
1638522052476507000,171.5,3,171.0,106,171.5,142,1,2021-12-03 09:00:52
1638522052481069000,171.0,40,171.0,6,171.5,142,2,2021-12-03 09:00:52
1638522052481483000,171.0,20,171.0,6,171.5,142,2,2021-12-03 09:00:52
1638522052481886000,171.0,20,171.0,6,171.5,142,2,2021-12-03 09:00:52
1638522052481996000,171.0,20,171.0,6,171.5,142,2,2021-12-03 09:00:52
1638522052488670000,171.0,2,171.0,4,171.5,142,2,2021-12-03 09:00:52
1638522052494053000,171.5,1,171.0,4,171.5,141,1,2021-12-03 09:00:52
1638522052556293000,171.0,1,171.0,5,171.5,142,2,2021-12-03 09:00:52
1638522052618190000,171.0,2,171.0,5,171.5,142,2,2021-12-03 09:00:52
1638522052680128000,171.0,1,171.0,5,171.5,142,2,2021-12-03 09:00:52
1638522052828519000,171.5,22,171.0,7,171.5,119,1,2021-12-03 09:00:52
1638522052961377000,171.0,1,171.0,8,171.5,119,2,2021-12-03 09:00:52
1638522052970359000,171.0,1,171.0,7,171.5,119,2,2021-12-03 09:00:52
1638522053017669000,171.5,5,171.0,7,171.5,114,1,2021-12-03 09:00:53
1638522053020586000,171.0,1,171.0,6,171.5,114,2,2021-12-03 09:00:53
1638522053346102000,171.0,5,171.0,4,171.5,114,2,2021-12-03 09:00:53
1638522053608841000,171.0,6,170.5,99,171.5,115,2,2021-12-03 09:00:53
1638522053691548000,171.5,1,171.0,1,171.5,114,1,2021-12-03 09:00:53
1638522053700604000,171.0,1,170.5,100,171.5,114,2,2021-12-03 09:00:53
1638522053710872000,171.0,2,170.5,100,171.5,114,2,2021-12-03 09:00:53
1638522053730025000,171.5,1,170.5,100,171.5,113,1,2021-12-03 09:00:53
1638522053773254000,171.0,1,170.5,101,171.0,3,2,2021-12-03 09:00:53
1638522053866076000,171.0,5,170.5,102,171.5,113,1,2021-12-03 09:00:53
1638522054078507000,171.5,1,171.0,1,171.5,113,1,2021-12-03 09:00:54
1638522054108943000,171.0,1,170.5,102,171.5,113,2,2021-12-03 09:00:54
1638522054262140000,171.0,1,170.5,102,171.0,1,1,2021-12-03 09:00:54
1638522054292879000,171.0,1,170.5,102,171.5,112,1,2021-12-03 09:00:54
1638522054367708000,171.0,1,170.5,104,171.0,10,1,2021-12-03 09:00:54
1638522054542502000,171.0,1,170.5,105,171.0,9,1,2021-12-03 09:00:54
1638522054572078000,171.0,2,170.5,105,171.0,7,1,2021-12-03 09:00:54
1638522054615922000,171.0,4,170.5,105,171.0,13,1,2021-12-03 09:00:54
1638522054759532000,171.0,1,170.5,105,171.0,14,1,2021-12-03 09:00:54
1638522054841016000,171.0,1,170.5,105,171.0,14,1,2021-12-03 09:00:54
1638522055012693000,170.5,11,170.5,95,171.0,14,2,2021-12-03 09:00:55
1638522055133249000,171.0,1,170.5,95,171.0,13,1,2021-12-03 09:00:55
1638522055314330000,171.0,1,170.5,95,171.0,37,1,2021-12-03 09:00:55
1638522055562537000,171.0,10,170.5,95,171.0,30,1,2021-12-03 09:00:55
1638522055633319000,171.0,1,170.5,95,171.0,29,1,2021-12-03 09:00:55
1638522055672419000,171.0,1,170.5,95,171.0,28,1,2021-12-03 09:00:55
1638522055766508000,171.0,1,170.5,96,171.0,27,1,2021-12-03 09:00:55
1638522055771632000,171.0,5,170.5,96,171.0,22,1,2021-12-03 09:00:55
1638522055827968000,171.0,20,170.5,96,171.0,2,1,2021-12-03 09:00:55
1638522055881023000,171.0,1,170.5,97,171.0,1,1,2021-12-03 09:00:55
1638522055903444000,170.5,1,170.5,96,171.0,1,2,2021-12-03 09:00:55
1638522056126887000,171.0,1,170.5,97,171.5,114,1,2021-12-03 09:00:56
1638522056293327000,171.5,5,171.0,4,171.5,110,1,2021-12-03 09:00:56
1638522056501731000,171.0,10,170.5,97,171.5,111,2,2021-12-03 09:00:56
1638522056516852000,171.5,1,170.5,98,171.5,110,1,2021-12-03 09:00:56
1638522056606547000,171.0,1,170.5,99,171.5,110,2,2021-12-03 09:00:56
1638522056689171000,171.0,1,171.0,1,171.5,111,2,2021-12-03 09:00:56
1638522056769564000,171.5,1,171.0,11,171.5,111,1,2021-12-03 09:00:56
1638522056903296000,171.0,1,171.0,10,171.5,112,2,2021-12-03 09:00:56
1638522056936041000,171.0,2,171.0,8,171.5,112,2,2021-12-03 09:00:56
1638522057061206000,171.0,3,171.0,10,171.5,113,2,2021-12-03 09:00:57
1638522057310296000,171.0,2,171.0,8,171.5,113,2,2021-12-03 09:00:57
1638522057422751000,171.0,1,171.0,9,171.5,113,2,2021-12-03 09:00:57
1638522057465322000,171.0,1,171.0,9,171.5,113,2,2021-12-03 09:00:57
1638522057469963000,171.5,1,171.0,9,171.5,112,1,2021-12-03 09:00:57
1638522057528594000,171.0,1,171.0,38,171.5,112,2,2021-12-03 09:00:57
1638522057769481000,171.5,3,171.0,40,171.5,109,1,2021-12-03 09:00:57
1638522058072815000,171.0,1,171.0,44,171.5,108,2,2021-12-03 09:00:58
1638522058171739000,171.0,3,171.0,61,171.5,108,2,2021-12-03 09:00:58
1638522058371476000,171.0,30,171.0,61,171.5,108,2,2021-12-03 09:00:58
1638522058373725000,171.0,15,171.0,46,171.5,108,2,2021-12-03 09:00:58
1638522058374022000,171.0,15,171.0,16,171.5,108,2,2021-12-03 09:00:58
1638522058374216000,171.0,15,171.0,16,171.5,108,2,2021-12-03 09:00:58
1638522058524111000,171.5,2,171.0,18,171.5,106,1,2021-12-03 09:00:58
1638522059003528000,171.5,1,171.0,31,171.5,105,1,2021-12-03 09:00:59
1638522059051967000,171.5,1,171.0,31,171.5,104,1,2021-12-03 09:00:59
1638522059056812000,171.0,5,171.0,26,171.5,104,2,2021-12-03 09:00:59
1638522059305343000,171.5,1,171.0,78,171.5,113,1,2021-12-03 09:00:59
1638522059314549000,171.5,1,171.0,78,171.5,112,1,2021-12-03 09:00:59
1638522059473758000,171.0,5,171.0,84,171.5,111,2,2021-12-03 09:00:59
1638522059531205000,171.5,10,171.0,84,171.5,105,1,2021-12-03 09:00:59
1638522059608781000,171.0,10,171.0,94,171.5,105,2,2021-12-03 09:00:59
1638522059716172000,171.5,1,171.0,95,171.5,104,1,2021-12-03 09:00:59
1638522059772220000,171.0,10,171.0,85,171.5,104,2,2021-12-03 09:00:59
1638522059928625000,171.0,1,171.0,85,171.5,105,2,2021-12-03 09:00:59
1638522060052017000,171.5,1,171.0,105,171.5,104,1,2021-12-03 09:01:00
1638522060112472000,171.0,1,171.0,105,171.5,154,2,2021-12-03 09:01:00
1638522060256617000,171.5,1,171.0,105,171.5,204,1,2021-12-03 09:01:00
1638522060409425000,171.0,2,171.0,125,171.5,205,2,2021-12-03 09:01:00
1638522060446873000,171.0,56,171.0,69,171.5,205,2,2021-12-03 09:01:00
1638522060645616000,171.0,1,171.0,71,171.5,206,2,2021-12-03 09:01:00
1638522060717161000,171.0,1,171.0,80,171.5,206,2,2021-12-03 09:01:00
1638522061023974000,171.5,10,171.0,82,171.5,196,1,2021-12-03 09:01:01
1638522061047411000,171.5,1,171.0,82,171.5,195,1,2021-12-03 09:01:01
1638522061071047000,171.0,13,171.0,74,171.5,195,2,2021-12-03 09:01:01
1638522061192222000,171.5,2,171.0,77,171.5,193,1,2021-12-03 09:01:01
1638522061343121000,171.0,1,171.0,81,171.5,193,2,2021-12-03 09:01:01
1638522061601991000,171.0,2,171.0,82,171.5,191,2,2021-12-03 09:01:01
1638522061620173000,171.0,1,171.0,82,171.5,191,2,2021-12-03 09:01:01
1638522061915437000,171.5,1,171.0,93,171.5,190,1,2021-12-03 09:01:01
1638522062268589000,171.5,8,171.0,94,171.5,183,1,2021-12-03 09:01:02
1638522062348036000,171.5,2,171.0,94,171.5,180,1,2021-12-03 09:01:02
1638522062424117000,171.5,10,171.0,94,171.5,170,1,2021-12-03 09:01:02
1638522062506174000,171.0,15,171.0,79,171.5,170,2,2021-12-03 09:01:02
1638522062551206000,171.5,1,171.0,79,171.5,169,1,2021-12-03 09:01:02
1638522062560923000,171.0,1,171.0,78,171.5,169,2,2021-12-03 09:01:02
1638522062658818000,171.5,3,171.0,82,171.5,166,1,2021-12-03 09:01:02
1638522062705441000,171.0,1,171.0,80,171.5,168,2,2021-12-03 09:01:02
1638522062705527000,171.0,1,171.0,80,171.5,168,2,2021-12-03 09:01:02
1638522062827112000,171.0,3,171.0,77,171.5,169,2,2021-12-03 09:01:02
1638522063031765000,171.5,1,171.0,81,171.5,169,1,2021-12-03 09:01:03
1638522063092770000,171.5,1,171.0,85,171.5,170,1,2021-12-03 09:01:03
1638522063438234000,171.0,2,171.0,106,171.5,172,2,2021-12-03 09:01:03
1638522063453396000,171.0,2,171.0,104,171.5,172,2,2021-12-03 09:01:03
1638522063578342000,171.0,2,171.0,103,171.5,172,2,2021-12-03 09:01:03
1638522063608399000,171.0,1,171.0,102,171.5,172,2,2021-12-03 09:01:03
1638522063645114000,171.0,74,171.0,28,171.5,174,2,2021-12-03 09:01:03
1638522063658245000,171.5,1,171.0,28,171.5,173,1,2021-12-03 09:01:03
1638522063700173000,171.0,1,171.0,28,171.5,174,2,2021-12-03 09:01:03
1638522063701624000,171.0,2,171.0,26,171.5,174,2,2021-12-03 09:01:03
1638522063715779000,171.5,3,171.0,26,171.5,171,1,2021-12-03 09:01:03
1638522063769154000,171.0,2,171.0,25,171.5,171,2,2021-12-03 09:01:03
1638522063776571000,171.0,2,171.0,24,171.5,171,2,2021-12-03 09:01:03
1638522063850237000,171.0,1,171.0,23,171.5,171,2,2021-12-03 09:01:03
1638522064062774000,171.0,2,171.0,23,171.5,171,2,2021-12-03 09:01:04
1638522064209807000,171.5,2,171.0,27,171.5,169,1,2021-12-03 09:01:04
1638522064495158000,171.0,1,171.0,30,171.5,169,2,2021-12-03 09:01:04
1638522064785824000,171.0,1,171.0,31,171.5,169,2,2021-12-03 09:01:04
1638522064930926000,171.5,2,171.0,31,171.5,267,1,2021-12-03 09:01:04
1638522064968852000,171.0,1,171.0,30,171.5,267,2,2021-12-03 09:01:04
1638522065054863000,171.0,1,171.0,30,171.5,267,2,2021-12-03 09:01:05
1638522065062707000,171.0,1,171.0,28,171.5,267,2,2021-12-03 09:01:05
1638522065062974000,171.0,1,171.0,28,171.5,267,2,2021-12-03 09:01:05
1638522065070488000,171.0,1,171.0,27,171.5,267,2,2021-12-03 09:01:05
1638522065072456000,171.5,2,171.0,27,171.5,265,1,2021-12-03 09:01:05
1638522065120455000,171.5,10,171.0,27,171.5,257,1,2021-12-03 09:01:05
1638522065123356000,171.0,4,171.0,23,171.5,257,2,2021-12-03 09:01:05
1638522065150018000,171.5,3,171.0,33,171.5,254,1,2021-12-03 09:01:05
1638522065268135000,171.0,5,171.0,29,171.5,255,2,2021-12-03 09:01:05
1638522065479023000,171.5,5,171.0,30,171.5,250,1,2021-12-03 09:01:05
1638522065533190000,171.5,1,171.0,32,171.5,251,1,2021-12-03 09:01:05
1638522065542557000,171.5,1,171.0,32,171.5,250,1,2021-12-03 09:01:05
1638522065547079000,171.5,1,171.0,32,171.5,249,1,2021-12-03 09:01:05
1638522066008025000,171.0,1,171.0,40,171.5,251,2,2021-12-03 09:01:06
1638522066010612000,171.5,1,171.0,40,171.5,250,1,2021-12-03 09:01:06
1638522066079205000,171.0,6,171.0,35,171.5,250,2,2021-12-03 09:01:06
1638522066250335000,171.5,1,171.0,41,171.5,250,1,2021-12-03 09:01:06
1638522066574603000,171.5,1,171.0,45,171.5,249,1,2021-12-03 09:01:06
1638522066637611000,171.0,10,171.0,35,171.5,249,2,2021-12-03 09:01:06
1638522066692057000,171.0,1,171.0,34,171.5,249,2,2021-12-03 09:01:06
1638522066727065000,171.0,17,171.0,17,171.5,249,2,2021-12-03 09:01:06
1638522066751385000,171.5,2,171.0,17,171.5,247,1,2021-12-03 09:01:06
1638522066974393000,171.0,1,171.0,21,171.5,248,2,2021-12-03 09:01:06
1638522067062652000,171.0,5,171.0,16,171.5,250,2,2021-12-03 09:01:07
1638522067070300000,171.5,1,171.0,16,171.5,249,1,2021-12-03 09:01:07
1638522067180758000,171.0,1,171.0,17,171.5,249,2,2021-12-03 09:01:07
1638522067310687000,171.0,2,171.0,16,171.5,249,2,2021-12-03 09:01:07
1638522067322358000,171.0,1,171.0,15,171.5,249,2,2021-12-03 09:01:07
1638522067539468000,171.5,1,171.0,21,171.5,248,1,2021-12-03 09:01:07
1638522067544141000,171.0,1,171.0,20,171.5,248,2,2021-12-03 09:01:07
1638522067636928000,171.0,1,171.0,20,171.5,248,2,2021-12-03 09:01:07
1638522067734976000,171.0,2,171.0,18,171.5,248,2,2021-12-03 09:01:07
1638522067748269000,171.0,3,171.0,15,171.5,248,2,2021-12-03 09:01:07
1638522068013327000,171.0,20,170.5,138,171.5,248,2,2021-12-03 09:01:08
1638522068013327000,170.5,30,170.5,138,171.5,248,2,2021-12-03 09:01:08
1638522068695032000,171.0,1,171.0,12,171.5,248,1,2021-12-03 09:01:08
1638522068715543000,171.0,1,171.0,12,171.5,248,2,2021-12-03 09:01:08
1638522068799557000,171.0,1,171.0,15,171.5,254,2,2021-12-03 09:01:08
1638522068848923000,171.0,1,171.0,16,171.5,254,2,2021-12-03 09:01:08
1638522068873678000,171.5,30,171.0,16,171.5,224,1,2021-12-03 09:01:08
1638522068916277000,171.5,5,171.0,16,171.5,220,1,2021-12-03 09:01:08
1638522068921652000,171.5,2,171.0,16,171.5,218,1,2021-12-03 09:01:08
1638522068980197000,171.0,2,171.0,15,171.5,218,2,2021-12-03 09:01:08
1638522069017105000,171.0,15,170.5,138,171.5,223,2,2021-12-03 09:01:09
1638522069108324000,171.5,5,170.5,142,171.5,218,1,2021-12-03 09:01:09
1638522069221703000,171.0,3,170.5,142,171.0,7,2,2021-12-03 09:01:09
1638522069241802000,171.0,1,170.5,142,171.0,6,1,2021-12-03 09:01:09
1638522069259412000,171.0,2,170.5,142,171.0,4,1,2021-12-03 09:01:09
1638522069272945000,171.0,1,170.5,142,171.0,3,1,2021-12-03 09:01:09
1638522069304421000,170.5,1,170.5,141,171.0,3,2,2021-12-03 09:01:09
1638522069361560000,171.0,1,170.5,141,171.0,2,1,2021-12-03 09:01:09
1638522069384079000,171.0,1,170.5,141,171.0,1,1,2021-12-03 09:01:09
1638522069423089000,171.0,1,171.0,5,171.5,216,1,2021-12-03 09:01:09
1638522069548368000,171.0,1,171.0,6,171.5,217,2,2021-12-03 09:01:09
1638522069586792000,171.5,1,171.0,6,171.5,216,1,2021-12-03 09:01:09
1638522069601685000,171.0,1,171.0,5,171.5,216,2,2021-12-03 09:01:09
1638522069709909000,171.0,2,171.0,5,171.5,228,2,2021-12-03 09:01:09
1638522069731013000,171.5,1,171.0,5,171.5,227,1,2021-12-03 09:01:09
1638522069732592000,171.0,3,171.0,2,171.5,227,2,2021-12-03 09:01:09
1638522069782069000,171.5,1,171.0,2,171.5,226,1,2021-12-03 09:01:09
1638522069789763000,171.0,2,170.5,141,171.0,8,2,2021-12-03 09:01:09
1638522069797354000,171.0,1,170.5,141,171.0,7,1,2021-12-03 09:01:09
1638522069812625000,171.0,1,170.5,141,171.0,6,1,2021-12-03 09:01:09
1638522069857527000,171.0,5,170.5,141,171.0,1,1,2021-12-03 09:01:09
1638522070034575000,171.0,1,170.5,141,171.0,2,1,2021-12-03 09:01:10
1638522070066683000,170.5,1,170.5,140,171.0,3,2,2021-12-03 09:01:10
1638522070102246000,171.0,1,170.5,136,171.0,3,1,2021-12-03 09:01:10
1638522070121906000,171.0,3,170.5,136,171.5,223,1,2021-12-03 09:01:10
1638522070121906000,171.5,2,170.5,136,171.5,223,1,2021-12-03 09:01:10
1638522070178097000,171.5,2,170.5,136,171.5,221,1,2021-12-03 09:01:10
1638522070265442000,171.5,1,170.5,136,171.5,221,1,2021-12-03 09:01:10
1638522070460524000,171.0,1,170.5,136,171.5,222,2,2021-12-03 09:01:10
1638522070470973000,171.5,1,171.0,1,171.5,221,1,2021-12-03 09:01:10
1638522070763649000,171.0,1,171.0,3,171.5,222,2,2021-12-03 09:01:10
1638522070799815000,171.5,1,171.0,3,171.5,221,1,2021-12-03 09:01:10
1638522070818929000,171.0,2,171.0,1,171.5,221,2,2021-12-03 09:01:10
1638522070870473000,171.5,4,171.0,1,171.5,217,1,2021-12-03 09:01:10
1638522071157534000,171.0,2,171.0,3,171.5,218,2,2021-12-03 09:01:11
1638522071259525000,171.0,1,171.0,4,171.5,213,2,2021-12-03 09:01:11
1638522071357389000,171.0,1,171.0,34,171.5,213,2,2021-12-03 09:01:11
1638522071411188000,171.5,3,171.0,34,171.5,210,1,2021-12-03 09:01:11
1638522071533651000,171.0,34,170.5,135,171.0,36,2,2021-12-03 09:01:11
1638522071562538000,171.0,2,170.5,135,171.0,139,1,2021-12-03 09:01:11
1638522071621632000,171.0,3,170.5,135,171.0,136,1,2021-12-03 09:01:11
1638522071719090000,171.0,5,170.5,135,171.0,131,1,2021-12-03 09:01:11
1638522071790342000,171.0,2,170.5,135,171.0,130,1,2021-12-03 09:01:11
1638522071849880000,171.0,3,170.5,135,171.0,127,1,2021-12-03 09:01:11
1638522071919270000,171.0,1,170.5,136,171.0,131,1,2021-12-03 09:01:11
1638522071944539000,171.0,1,170.5,136,171.0,133,1,2021-12-03 09:01:11
1638522071969647000,170.5,1,170.5,135,171.0,133,2,2021-12-03 09:01:11
1638522072115704000,171.0,1,170.5,135,171.0,133,1,2021-12-03 09:01:12
1638522072210029000,171.0,1,170.5,134,171.0,132,1,2021-12-03 09:01:12
1638522072490281000,171.0,1,170.5,134,171.0,131,1,2021-12-03 09:01:12
1638522072896858000,171.0,1,170.5,138,171.0,135,1,2021-12-03 09:01:12
1638522073148391000,171.0,4,170.5,138,171.0,138,1,2021-12-03 09:01:13
1638522073220251000,171.0,1,170.5,145,171.0,137,1,2021-12-03 09:01:13
1638522073255660000,170.5,1,170.5,144,171.0,138,2,2021-12-03 09:01:13
1638522073353641000,171.0,2,170.5,144,171.0,136,1,2021-12-03 09:01:13
1638522073440128000,171.0,1,170.5,145,171.0,138,1,2021-12-03 09:01:13
1638522073521359000,171.0,1,170.5,145,171.0,137,1,2021-12-03 09:01:13
1638522073522714000,171.0,1,170.5,145,171.0,136,1,2021-12-03 09:01:13
1638522073628629000,171.0,5,170.5,145,171.0,132,1,2021-12-03 09:01:13
1638522073650716000,171.0,11,170.5,145,171.0,121,1,2021-12-03 09:01:13
1638522073825465000,171.0,1,170.5,145,171.0,120,1,2021-12-03 09:01:13
1638522073879144000,171.0,3,170.5,145,171.0,117,1,2021-12-03 09:01:13
1638522073931162000,171.0,1,170.5,145,171.0,116,1,2021-12-03 09:01:13
1638522074048659000,171.0,1,170.5,145,171.0,114,1,2021-12-03 09:01:14
1638522074088282000,171.0,5,170.5,145,171.0,109,1,2021-12-03 09:01:14
1638522074166054000,171.0,2,170.5,145,171.0,107,1,2021-12-03 09:01:14
1638522074407017000,171.0,2,170.5,145,171.0,106,1,2021-12-03 09:01:14
1638522074489090000,171.0,3,170.5,145,171.0,105,1,2021-12-03 09:01:14
1638522074560152000,171.0,1,170.5,145,171.0,104,1,2021-12-03 09:01:14
1638522074950323000,171.0,1,170.5,152,171.0,104,1,2021-12-03 09:01:14
1638522074987398000,170.5,2,170.5,150,171.0,104,2,2021-12-03 09:01:14
1638522074990703000,171.0,1,170.5,150,171.0,103,1,2021-12-03 09:01:14
1638522075096648000,170.5,3,170.5,147,171.0,98,2,2021-12-03 09:01:15
1638522075337896000,170.5,1,170.5,146,171.0,101,2,2021-12-03 09:01:15
1638522075383048000,171.0,1,170.5,146,171.0,100,1,2021-12-03 09:01:15
1638522075384988000,171.0,2,170.5,146,171.0,98,1,2021-12-03 09:01:15
1638522075401766000,171.0,2,170.5,146,171.0,96,1,2021-12-03 09:01:15
1638522075405612000,171.0,1,170.5,146,171.0,95,1,2021-12-03 09:01:15
1638522075468268000,171.0,1,170.5,146,171.0,94,1,2021-12-03 09:01:15
1638522075622369000,171.0,1,170.5,147,171.0,93,1,2021-12-03 09:01:15
1638522075710372000,170.5,15,170.5,132,171.0,104,2,2021-12-03 09:01:15
1638522075711798000,171.0,1,170.5,132,171.0,103,1,2021-12-03 09:01:15
1638522075903836000,171.0,3,170.5,133,171.0,100,1,2021-12-03 09:01:15
1638522075956737000,171.0,3,170.5,133,171.0,99,1,2021-12-03 09:01:15
1638522075975740000,171.0,1,170.5,133,171.0,94,1,2021-12-03 09:01:15
1638522075987653000,171.0,2,170.5,133,171.0,92,1,2021-12-03 09:01:15
1638522076064815000,171.0,1,170.5,133,171.0,91,1,2021-12-03 09:01:16
1638522076116196000,171.0,1,170.5,133,171.0,90,1,2021-12-03 09:01:16
1638522076215600000,171.0,7,170.5,133,171.0,83,1,2021-12-03 09:01:16
1638522076390708000,171.0,1,170.5,144,171.0,86,1,2021-12-03 09:01:16
1638522076410155000,171.0,1,170.5,144,171.0,85,1,2021-12-03 09:01:16
1638522076497015000,171.0,1,170.5,144,171.0,85,1,2021-12-03 09:01:16
1638522076644874000,171.0,1,170.5,145,171.0,86,1,2021-12-03 09:01:16
1638522076676100000,171.0,1,170.5,145,171.0,86,1,2021-12-03 09:01:16
1638522076702891000,171.0,1,170.5,145,171.0,85,1,2021-12-03 09:01:16
1638522076762289000,171.0,1,170.5,146,171.0,84,1,2021-12-03 09:01:16
1638522076859862000,170.5,1,170.5,145,171.0,84,2,2021-12-03 09:01:16
1638522076981248000,171.0,1,170.5,145,171.0,83,1,2021-12-03 09:01:16
1638522077007395000,170.5,146,170.0,115,171.0,83,2,2021-12-03 09:01:17
1638522077007395000,170.0,353,170.0,115,171.0,83,2,2021-12-03 09:01:17
1638522077021276000,171.0,1,170.0,115,171.0,82,1,2021-12-03 09:01:17
1638522077039208000,170.0,115,169.0,415,169.5,158,2,2021-12-03 09:01:17
1638522077039208000,169.5,208,169.0,415,169.5,158,2,2021-12-03 09:01:17
1638522077061646000,169.5,2,169.0,115,169.5,156,1,2021-12-03 09:01:17
1638522077063522000,169.5,156,169.0,115,170.5,14,1,2021-12-03 09:01:17
1638522077081539000,169.0,23,169.0,96,170.5,14,2,2021-12-03 09:01:17
1638522077124635000,170.0,2,170.0,1,170.5,17,1,2021-12-03 09:01:17
1638522077139683000,170.5,1,170.0,1,170.5,16,1,2021-12-03 09:01:17
1638522077172720000,170.0,1,169.5,2,170.5,17,2,2021-12-03 09:01:17
1638522077209619000,169.0,1,169.0,96,169.5,1,2,2021-12-03 09:01:17
1638522077226920000,169.0,1,169.0,95,169.5,1,2,2021-12-03 09:01:17
1638522077268641000,169.5,1,169.0,95,170.0,1,1,2021-12-03 09:01:17
1638522077293811000,170.0,1,169.0,95,170.5,15,1,2021-12-03 09:01:17
1638522077298881000,170.5,5,169.0,95,170.5,10,1,2021-12-03 09:01:17
1638522077413029000,169.5,2,169.0,95,170.5,4,2,2021-12-03 09:01:17
1638522077413029000,170.0,2,169.0,95,170.5,4,1,2021-12-03 09:01:17
1638522077413029000,170.5,6,169.0,95,170.5,4,1,2021-12-03 09:01:17
1638522077535672000,170.0,1,169.5,1,170.0,1,2,2021-12-03 09:01:17
1638522077562754000,170.0,1,169.5,1,171.0,76,1,2021-12-03 09:01:17
1638522077562754000,170.5,4,169.5,1,171.0,76,1,2021-12-03 09:01:17
1638522077562754000,171.0,5,169.5,1,171.0,76,1,2021-12-03 09:01:17
1638522077566271000,169.5,1,169.0,93,171.0,76,2,2021-12-03 09:01:17
1638522077566271000,169.0,2,169.0,93,171.0,76,2,2021-12-03 09:01:17
1638522077619209000,170.5,3,169.5,19,170.5,19,1,2021-12-03 09:01:17
1638522077706462000,170.5,5,169.5,19,170.5,15,1,2021-12-03 09:01:17
1638522077734437000,170.5,1,169.5,19,170.5,14,1,2021-12-03 09:01:17
1638522077842288000,170.5,1,169.5,19,170.5,113,1,2021-12-03 09:01:17
1638522077951062000,169.5,1,169.5,18,170.5,113,2,2021-12-03 09:01:17
1638522078189941000,170.5,1,170.0,1,170.5,112,1,2021-12-03 09:01:18
1638522078206087000,170.0,1,169.5,18,170.5,112,2,2021-12-03 09:01:18
1638522078278262000,170.5,1,169.5,18,170.5,111,1,2021-12-03 09:01:18
1638522078579579000,170.5,10,169.5,36,170.5,101,1,2021-12-03 09:01:18
1638522078633036000,170.5,1,170.0,1,170.5,100,1,2021-12-03 09:01:18
1638522078634384000,170.5,1,170.0,1,170.5,99,1,2021-12-03 09:01:18
1638522078681480000,170.5,1,170.0,1,170.5,99,1,2021-12-03 09:01:18
1638522078922941000,170.5,10,170.0,1,170.5,91,1,2021-12-03 09:01:18
1638522078962919000,170.5,5,170.0,1,170.5,86,1,2021-12-03 09:01:18
1638522079006267000,170.5,1,170.0,1,170.5,85,1,2021-12-03 09:01:19
1638522079054312000,170.0,1,169.5,36,170.5,85,2,2021-12-03 09:01:19
1638522079115992000,170.0,1,169.5,36,170.5,83,1,2021-12-03 09:01:19
1638522079166702000,169.5,1,169.5,36,170.5,83,2,2021-12-03 09:01:19
1638522079290024000,170.0,1,169.5,35,170.5,79,1,2021-12-03 09:01:19
1638522079290024000,170.5,4,169.5,35,170.5,79,1,2021-12-03 09:01:19
1638522079312826000,170.5,1,169.5,35,170.5,78,1,2021-12-03 09:01:19
1638522079445855000,169.5,1,169.5,40,170.5,78,2,2021-12-03 09:01:19
1638522079466353000,170.5,5,169.5,40,170.5,73,1,2021-12-03 09:01:19
1638522079498262000,169.5,1,169.5,39,170.5,73,2,2021-12-03 09:01:19
1638522079751890000,169.5,1,169.5,38,170.5,73,2,2021-12-03 09:01:19
1638522079800906000,170.5,1,169.5,38,170.5,72,1,2021-12-03 09:01:19
1638522079842109000,170.5,1,169.5,38,170.5,71,1,2021-12-03 09:01:19
1638522079862641000,169.5,1,169.5,37,170.5,71,2,2021-12-03 09:01:19
1638522080011048000,170.5,1,169.5,47,170.5,70,1,2021-12-03 09:01:20
1638522080187484000,170.0,1,169.5,48,170.5,72,2,2021-12-03 09:01:20
1638522081020688000,170.5,2,169.5,50,170.5,73,1,2021-12-03 09:01:21
1638522081138894000,170.5,1,169.5,50,170.5,72,1,2021-12-03 09:01:21
1638522081199116000,169.5,2,169.5,48,170.5,73,2,2021-12-03 09:01:21
1638522081374743000,169.5,1,169.5,47,170.5,73,2,2021-12-03 09:01:21
1638522081465086000,170.5,5,169.5,47,170.5,68,1,2021-12-03 09:01:21
1638522081531458000,170.5,13,169.5,48,170.5,55,1,2021-12-03 09:01:21
1638522081768306000,170.0,1,169.5,48,170.5,57,2,2021-12-03 09:01:21
1638522081840466000,170.5,10,169.5,48,170.5,45,1,2021-12-03 09:01:21
1638522081867675000,170.5,1,169.5,48,170.5,44,1,2021-12-03 09:01:21
1638522081879985000,170.5,1,169.5,48,170.5,43,1,2021-12-03 09:01:21
1638522081967536000,170.0,1,169.5,49,170.5,42,2,2021-12-03 09:01:21
1638522082203848000,170.5,3,170.0,3,170.5,43,1,2021-12-03 09:01:22
1638522082478380000,170.5,1,170.0,3,170.5,50,1,2021-12-03 09:01:22
1638522082625544000,170.0,3,169.5,46,170.5,50,2,2021-12-03 09:01:22
1638522082625544000,169.5,6,169.5,46,170.5,50,2,2021-12-03 09:01:22
1638522082798937000,170.0,1,169.5,47,170.5,50,1,2021-12-03 09:01:22
1638522082806388000,170.5,1,169.5,47,170.5,49,1,2021-12-03 09:01:22
1638522083495792000,170.0,1,170.0,6,170.5,53,2,2021-12-03 09:01:23
1638522083558656000,170.5,1,170.0,6,170.5,52,1,2021-12-03 09:01:23
1638522083746785000,170.0,1,170.0,5,170.5,52,2,2021-12-03 09:01:23
1638522083761907000,170.5,1,170.0,5,170.5,51,1,2021-12-03 09:01:23
1638522083804326000,170.0,5,169.5,61,170.5,51,2,2021-12-03 09:01:23
1638522084189625000,170.0,1,169.5,62,170.5,54,2,2021-12-03 09:01:24
1638522084212159000,170.5,1,169.5,62,170.5,53,1,2021-12-03 09:01:24
1638522084384381000,170.5,3,170.0,2,170.5,50,1,2021-12-03 09:01:24
1638522084462511000,170.5,1,170.0,2,170.5,49,1,2021-12-03 09:01:24
1638522084576226000,170.0,1,170.0,2,170.5,49,2,2021-12-03 09:01:24
1638522084871945000,170.5,1,170.0,3,170.5,48,1,2021-12-03 09:01:24
1638522084942393000,170.0,2,170.0,1,170.5,48,2,2021-12-03 09:01:24
1638522085019973000,170.5,5,170.0,1,170.5,43,1,2021-12-03 09:01:25
1638522085054219000,170.0,1,170.0,1,170.5,43,2,2021-12-03 09:01:25
1638522085294360000,170.0,10,170.0,1,170.5,45,2,2021-12-03 09:01:25
1638522085646591000,170.0,1,170.0,14,170.5,47,2,2021-12-03 09:01:25
1638522085881072000,170.0,1,170.0,16,170.5,47,2,2021-12-03 09:01:25
1638522086114382000,170.0,1,170.0,20,170.5,45,2,2021-12-03 09:01:26
1638522086282276000,170.5,3,170.0,20,170.5,92,1,2021-12-03 09:01:26
1638522086435209000,170.0,5,170.0,15,170.5,92,2,2021-12-03 09:01:26
1638522086510472000,170.0,1,170.0,16,170.5,92,2,2021-12-03 09:01:26
1638522086548962000,170.0,1,170.0,15,170.5,92,2,2021-12-03 09:01:26
1638522086618445000,170.0,3,170.0,19,170.5,92,2,2021-12-03 09:01:26
1638522086679127000,170.0,2,170.0,17,170.5,93,2,2021-12-03 09:01:26
1638522086728459000,170.0,1,170.0,16,170.5,95,2,2021-12-03 09:01:26
1638522086736242000,170.0,5,170.0,11,170.5,95,2,2021-12-03 09:01:26
1638522086794032000,170.5,3,170.0,11,170.5,93,1,2021-12-03 09:01:26
1638522086838167000,170.0,1,170.0,13,170.5,93,2,2021-12-03 09:01:26
1638522086959506000,170.5,3,170.0,14,170.5,90,1,2021-12-03 09:01:26
1638522087070981000,170.5,1,170.0,15,170.5,91,1,2021-12-03 09:01:27
1638522087181889000,170.0,6,170.0,9,170.5,92,2,2021-12-03 09:01:27
1638522087799204000,170.0,1,170.0,9,170.5,119,2,2021-12-03 09:01:27
1638522087942215000,170.5,1,170.0,9,170.5,118,1,2021-12-03 09:01:27
1638522088052615000,170.0,1,170.0,8,170.5,118,2,2021-12-03 09:01:28
1638522088112259000,170.0,2,170.0,6,170.5,118,2,2021-12-03 09:01:28
1638522088326955000,170.0,1,170.0,6,170.5,119,2,2021-12-03 09:01:28
1638522088365474000,170.5,3,170.0,6,170.5,117,1,2021-12-03 09:01:28
1638522088518943000,170.0,2,170.0,5,170.5,117,2,2021-12-03 09:01:28
1638522088637197000,170.0,1,170.0,6,170.5,119,2,2021-12-03 09:01:28
1638522088663175000,170.0,5,170.0,3,170.5,119,2,2021-12-03 09:01:28
1638522088701872000,170.0,1,170.0,2,170.5,119,2,2021-12-03 09:01:28
1638522088739457000,170.5,4,170.0,2,170.5,115,1,2021-12-03 09:01:28
1638522088796995000,170.0,2,169.5,92,170.5,115,2,2021-12-03 09:01:28
1638522089057003000,169.5,1,169.5,93,170.5,116,2,2021-12-03 09:01:29
1638522089294678000,170.0,1,170.0,13,170.5,117,1,2021-12-03 09:01:29
1638522089393573000,170.0,5,170.0,8,170.5,117,2,2021-12-03 09:01:29
1638522089400461000,170.5,1,170.0,8,170.5,116,1,2021-12-03 09:01:29
1638522089461016000,170.0,1,170.0,8,170.5,116,2,2021-12-03 09:01:29
1638522089503595000,170.0,9,169.5,92,170.5,116,2,2021-12-03 09:01:29
1638522089503595000,169.5,1,169.5,92,170.5,116,2,2021-12-03 09:01:29
1638522089646973000,170.0,1,169.5,92,170.0,4,1,2021-12-03 09:01:29
1638522089689667000,170.0,4,169.5,89,170.5,115,1,2021-12-03 09:01:29
1638522089991770000,170.0,3,169.5,99,170.5,118,2,2021-12-03 09:01:29
1638522090196758000,170.5,1,169.5,102,170.5,118,1,2021-12-03 09:01:30
1638522090215316000,170.0,5,169.5,107,170.5,118,2,2021-12-03 09:01:30
1638522090294388000,170.0,1,169.5,113,170.5,121,2,2021-12-03 09:01:30
1638522090578652000,169.5,1,169.5,112,170.5,121,2,2021-12-03 09:01:30
1638522090612591000,170.0,1,170.0,2,170.5,121,1,2021-12-03 09:01:30
1638522090662013000,170.5,1,170.0,2,170.5,121,1,2021-12-03 09:01:30
1638522090827186000,170.5,5,170.0,2,170.5,116,1,2021-12-03 09:01:30
1638522090900377000,170.0,1,170.0,1,170.5,116,2,2021-12-03 09:01:30
1638522091037041000,170.0,1,170.0,2,170.5,118,2,2021-12-03 09:01:31
1638522091115790000,170.5,5,170.0,2,170.5,113,1,2021-12-03 09:01:31
1638522091229026000,170.0,1,170.0,2,170.5,113,2,2021-12-03 09:01:31
1638522091449434000,170.0,2,169.5,66,170.5,115,2,2021-12-03 09:01:31
1638522091449434000,169.5,48,169.5,66,170.5,115,2,2021-12-03 09:01:31
1638522091763079000,170.0,1,170.0,2,170.5,125,1,2021-12-03 09:01:31
1638522091787037000,170.0,2,169.5,67,170.5,125,2,2021-12-03 09:01:31
1638522091877747000,170.5,1,169.5,66,170.5,125,1,2021-12-03 09:01:31
1638522092059547000,170.5,1,169.5,69,170.5,125,1,2021-12-03 09:01:32
1638522092071598000,169.5,1,169.5,68,170.0,1,2,2021-12-03 09:01:32
1638522092236020000,170.0,1,169.5,69,170.5,125,1,2021-12-03 09:01:32
1638522092298902000,169.5,10,169.5,60,170.5,126,2,2021-12-03 09:01:32
1638522092326895000,170.5,2,169.5,60,170.5,124,1,2021-12-03 09:01:32
1638522092474300000,170.0,2,169.5,59,170.5,124,2,2021-12-03 09:01:32
1638522092474300000,169.5,1,169.5,59,170.5,124,2,2021-12-03 09:01:32
1638522092541249000,170.5,1,169.5,59,170.5,123,1,2021-12-03 09:01:32
1638522092630746000,170.0,2,169.5,59,170.5,123,2,2021-12-03 09:01:32
1638522092804753000,170.0,4,170.0,6,170.5,121,1,2021-12-03 09:01:32
1638522092805801000,170.0,1,170.0,5,170.5,121,2,2021-12-03 09:01:32
1638522093064811000,170.0,5,170.0,1,170.5,123,2,2021-12-03 09:01:33
1638522093074672000,170.0,1,169.5,61,170.0,1,2,2021-12-03 09:01:33
1638522093119679000,169.5,1,169.5,62,170.0,2,2,2021-12-03 09:01:33
1638522093163171000,169.5,1,169.5,61,170.0,2,2,2021-12-03 09:01:33
1638522093176423000,169.5,58,169.5,4,170.0,2,2,2021-12-03 09:01:33
1638522093198646000,170.0,1,169.5,4,170.5,122,1,2021-12-03 09:01:33
1638522093206888000,169.5,4,169.0,115,170.0,2,2,2021-12-03 09:01:33
1638522093207841000,170.0,1,169.0,115,170.0,1,1,2021-12-03 09:01:33
1638522093593193000,170.0,1,169.5,6,170.0,5,1,2021-12-03 09:01:33
1638522093993679000,169.5,1,169.5,10,170.0,27,2,2021-12-03 09:01:33
1638522094224930000,170.0,2,169.5,10,170.0,25,1,2021-12-03 09:01:34
1638522094234328000,170.0,6,169.5,10,170.0,19,1,2021-12-03 09:01:34
1638522094277140000,169.5,1,169.5,9,170.0,20,2,2021-12-03 09:01:34
1638522094326774000,170.0,2,169.5,9,170.0,18,1,2021-12-03 09:01:34
1638522094458917000,170.0,3,169.5,9,170.0,15,1,2021-12-03 09:01:34
1638522094569549000,170.0,1,169.5,14,170.0,15,1,2021-12-03 09:01:34
1638522094683832000,170.0,1,169.5,14,170.0,14,1,2021-12-03 09:01:34
1638522094831409000,170.0,14,169.5,14,170.5,120,1,2021-12-03 09:01:34
1638522094831409000,170.5,16,169.5,14,170.5,120,1,2021-12-03 09:01:34
1638522094927774000,169.5,3,169.5,12,170.5,120,2,2021-12-03 09:01:34
1638522094975230000,170.5,10,170.0,30,170.5,110,1,2021-12-03 09:01:34
1638522094993538000,170.0,3,170.0,27,170.5,110,2,2021-12-03 09:01:34
1638522095198189000,170.0,1,170.0,27,170.5,110,2,2021-12-03 09:01:35
1638522095207901000,170.0,5,170.0,22,170.5,110,2,2021-12-03 09:01:35
1638522095232687000,170.5,1,170.0,23,170.5,109,1,2021-12-03 09:01:35
1638522095423521000,170.0,10,170.0,16,170.5,109,2,2021-12-03 09:01:35
1638522095426624000,170.0,1,170.0,15,170.5,109,2,2021-12-03 09:01:35
1638522095474387000,170.0,1,170.0,14,170.5,110,2,2021-12-03 09:01:35
1638522095518784000,170.0,14,169.5,8,170.5,110,2,2021-12-03 09:01:35
1638522095518784000,169.5,6,169.5,8,170.5,110,2,2021-12-03 09:01:35
1638522095525806000,170.5,1,169.5,8,170.5,109,1,2021-12-03 09:01:35
1638522095722838000,170.0,2,169.5,15,170.5,109,2,2021-12-03 09:01:35
1638522095906462000,170.0,1,169.5,18,170.0,1,1,2021-12-03 09:01:35
1638522095952368000,170.0,2,169.5,18,170.0,1,1,2021-12-03 09:01:35
1638522095955639000,169.5,1,169.5,17,170.0,1,2,2021-12-03 09:01:35
