ts,close,volume,bid_price,bid_volume,ask_price,ask_volume,tick_type,datetime
1638522135304226000,67.8,779,67.6,9,67.8,73,2,2021-12-03 09:02:15
1638522135342074000,67.8,1,67.6,9,67.8,72,1,2021-12-03 09:02:15
1638522135367111000,67.6,1,67.6,8,67.8,71,2,2021-12-03 09:02:15
1638522135367816000,67.8,1,67.6,8,67.8,71,1,2021-12-03 09:02:15
1638522135377767000,67.6,1,67.6,7,67.8,71,2,2021-12-03 09:02:15
1638522135385713000,67.6,1,67.6,7,67.8,71,2,2021-12-03 09:02:15
1638522135449801000,67.6,1,67.6,6,67.8,72,2,2021-12-03 09:02:15
1638522135482233000,67.6,6,67.5,4,67.8,72,2,2021-12-03 09:02:15
1638522135482233000,67.5,4,67.5,4,67.8,72,2,2021-12-03 09:02:15
1638522135756936000,67.5,1,67.5,3,67.8,72,2,2021-12-03 09:02:15
1638522135879964000,67.5,1,67.5,2,67.8,72,2,2021-12-03 09:02:15
1638522137609373000,67.5,1,67.5,1,67.8,72,2,2021-12-03 09:02:17
1638522138023486000,67.5,1,67.4,2,67.8,72,2,2021-12-03 09:02:18
1638522138601103000,67.6,1,67.4,2,67.8,72,1,2021-12-03 09:02:18
1638522139939413000,67.7,1,67.2,15,67.8,72,1,2021-12-03 09:02:19
1638522139939413000,67.4,2,67.2,15,67.8,72,2,2021-12-03 09:02:19
1638522139939413000,67.3,4,67.2,15,67.8,72,2,2021-12-03 09:02:19
1638522139939413000,67.2,7,67.2,15,67.8,72,2,2021-12-03 09:02:19
1638522140473907000,67.6,1,67.2,6,67.7,2,1,2021-12-03 09:02:20
1638522140473907000,67.2,9,67.2,6,67.7,2,2,2021-12-03 09:02:20
1638522141238271000,67.7,1,67.5,1,67.7,1,1,2021-12-03 09:02:21
1638522141712920000,67.7,1,67.6,1,67.8,70,1,2021-12-03 09:02:21
1638522141712920000,67.8,1,67.6,1,67.8,70,1,2021-12-03 09:02:21
1638522141743070000,67.8,9,67.6,1,67.8,36,1,2021-12-03 09:02:21
1638522141743465000,67.8,25,67.6,1,67.8,36,1,2021-12-03 09:02:21
1638522141926927000,67.6,1,67.5,1,67.8,36,2,2021-12-03 09:02:21
1638522142813913000,67.8,1,67.7,1,67.8,35,1,2021-12-03 09:02:22
1638522143698844000,67.7,1,67.6,1,67.8,36,2,2021-12-03 09:02:23
1638522143701383000,67.8,1,67.6,1,67.8,35,1,2021-12-03 09:02:23
1638522143732587000,67.8,12,67.6,1,67.8,23,1,2021-12-03 09:02:23
1638522143739006000,67.6,1,67.3,4,67.8,23,2,2021-12-03 09:02:23
1638522143739006000,67.5,2,67.3,4,67.8,23,2,2021-12-03 09:02:23
1638522143771949000,67.7,1,67.6,1,67.8,23,1,2021-12-03 09:02:23
1638522143785905000,67.7,1,67.6,1,67.8,23,1,2021-12-03 09:02:23
1638522143787549000,67.8,3,67.6,1,67.8,20,1,2021-12-03 09:02:23
1638522144240959000,67.8,1,67.7,1,67.8,19,1,2021-12-03 09:02:24
1638522144273860000,67.8,2,67.7,1,67.8,17,1,2021-12-03 09:02:24
1638522144289159000,67.7,1,67.6,1,67.7,9,2,2021-12-03 09:02:24
1638522145439545000,67.6,1,67.5,3,67.7,9,2,2021-12-03 09:02:25
1638522145502212000,67.5,1,67.5,2,67.7,9,2,2021-12-03 09:02:25
1638522145759250000,67.7,1,67.5,2,67.7,9,1,2021-12-03 09:02:25
1638522146049585000,67.7,9,67.5,2,67.8,17,1,2021-12-03 09:02:26
1638522147369087000,67.8,10,67.7,1,67.8,7,1,2021-12-03 09:02:27
1638522147400078000,67.8,7,67.7,1,67.8,2,1,2021-12-03 09:02:27
1638522147431791000,67.7,1,67.6,2,67.8,2,2,2021-12-03 09:02:27
1638522147500771000,67.7,1,67.6,2,67.8,2,1,2021-12-03 09:02:27
1638522147856065000,67.6,2,67.5,3,67.8,2,2,2021-12-03 09:02:27
1638522148449839000,67.8,1,67.5,3,67.8,1,1,2021-12-03 09:02:28
1638522150159358000,67.8,1,67.7,2,68.0,16,1,2021-12-03 09:02:30
1638522150256642000,67.7,1,67.7,1,68.0,16,2,2021-12-03 09:02:30
1638522150771214000,67.8,1,67.7,1,68.0,16,1,2021-12-03 09:02:30
1638522151244534000,68.0,1,67.7,4,68.0,16,1,2021-12-03 09:02:31
1638522151558852000,68.0,1,67.8,1,68.0,15,1,2021-12-03 09:02:31
1638522151628771000,68.0,2,67.8,1,68.0,13,1,2021-12-03 09:02:31
1638522151650924000,68.0,4,67.8,1,68.0,9,1,2021-12-03 09:02:31
1638522151656338000,68.0,9,67.8,1,68.3,14,1,2021-12-03 09:02:31
1638522151656338000,68.2,1,67.8,1,68.3,14,1,2021-12-03 09:02:31
1638522152327576000,68.3,2,67.9,2,68.3,13,1,2021-12-03 09:02:32
1638522152432044000,68.3,3,67.9,2,68.3,10,1,2021-12-03 09:02:32
1638522152484799000,68.3,10,67.9,10,68.4,15,1,2021-12-03 09:02:32
1638522152948167000,68.4,1,68.0,15,68.4,14,1,2021-12-03 09:02:32
1638522153188661000,68.4,2,68.0,15,68.4,12,1,2021-12-03 09:02:33
1638522153331552000,68.4,12,68.1,1,68.6,22,1,2021-12-03 09:02:33
1638522154252508000,68.6,10,68.2,1,68.6,12,1,2021-12-03 09:02:34
1638522154605540000,68.6,1,68.2,1,68.6,11,1,2021-12-03 09:02:34
1638522154673941000,68.6,11,68.2,3,68.7,2,1,2021-12-03 09:02:34
1638522155466496000,68.6,7,68.3,1,68.6,3,1,2021-12-03 09:02:35
1638522155613643000,68.6,1,68.3,5,68.6,2,1,2021-12-03 09:02:35
1638522155831706000,68.3,2,68.3,8,68.6,2,2,2021-12-03 09:02:35
1638522156760655000,68.6,2,68.3,8,68.7,2,1,2021-12-03 09:02:36
1638522156795182000,68.7,2,68.3,8,68.8,3,1,2021-12-03 09:02:36
1638522156826650000,68.8,3,68.4,8,70.0,3,1,2021-12-03 09:02:36
1638522156826650000,68.9,26,68.4,8,70.0,3,1,2021-12-03 09:02:36
1638522156826650000,69.0,6,68.4,8,70.0,3,1,2021-12-03 09:02:36
1638522156826650000,69.6,2,68.4,8,70.0,3,1,2021-12-03 09:02:36
1638522156826650000,69.9,1,68.4,8,70.0,3,1,2021-12-03 09:02:36
1638522156994266000,68.5,1,68.4,8,70.0,4,2,2021-12-03 09:02:36
1638522157123535000,68.6,1,68.3,12,69.9,1,1,2021-12-03 09:02:37
1638522157683609000,68.8,1,68.6,1,68.8,9,1,2021-12-03 09:02:37
1638522157791570000,68.8,1,68.6,1,68.8,8,1,2021-12-03 09:02:37
1638522157802582000,68.8,5,68.6,1,68.8,3,1,2021-12-03 09:02:37
1638522157861401000,68.6,1,68.3,2,68.8,4,2,2021-12-03 09:02:37
1638522157987520000,68.6,2,68.3,1,68.8,4,2,2021-12-03 09:02:37
1638522157987520000,68.3,1,68.3,1,68.8,4,2,2021-12-03 09:02:37
1638522158359975000,68.8,2,68.7,2,68.8,2,1,2021-12-03 09:02:38
1638522158527118000,68.8,2,68.7,2,69.9,3,1,2021-12-03 09:02:38
1638522158885408000,69.8,1,68.7,4,69.9,1,1,2021-12-03 09:02:38
1638522158885408000,69.9,1,68.7,4,69.9,1,1,2021-12-03 09:02:38
1638522162419864000,69.0,1,68.9,1,69.1,10,2,2021-12-03 09:02:42
1638522162529386000,69.1,1,68.9,1,69.1,9,1,2021-12-03 09:02:42
1638522162590024000,69.1,9,68.9,1,69.5,2,1,2021-12-03 09:02:42
1638522162807545000,69.5,1,68.9,1,69.5,1,1,2021-12-03 09:02:42
1638522163318925000,69.4,1,68.9,1,69.4,3,2,2021-12-03 09:02:43
1638522163568690000,68.9,1,68.8,2,69.1,5,2,2021-12-03 09:02:43
1638522163637035000,68.8,2,68.7,1,68.9,3,2,2021-12-03 09:02:43
1638522163726268000,68.9,1,68.7,1,68.9,2,1,2021-12-03 09:02:43
1638522163753702000,68.9,1,68.7,1,68.9,1,1,2021-12-03 09:02:43
1638522163837405000,68.9,1,68.7,1,69.1,5,1,2021-12-03 09:02:43
1638522163894476000,69.0,1,68.7,1,69.1,5,1,2021-12-03 09:02:43
1638522164124903000,69.1,1,69.0,5,69.1,4,1,2021-12-03 09:02:44
1638522164133845000,69.1,1,69.0,5,69.1,3,1,2021-12-03 09:02:44
1638522164366711000,69.1,1,69.0,5,69.1,2,1,2021-12-03 09:02:44
1638522164591519000,69.0,1,69.0,4,69.1,2,2,2021-12-03 09:02:44
1638522164838803000,69.1,1,69.0,5,69.1,1,1,2021-12-03 09:02:44
1638522165055675000,69.0,5,68.9,1,69.1,1,2,2021-12-03 09:02:45
1638522165635442000,69.1,1,68.9,2,69.4,15,1,2021-12-03 09:02:45
1638522166368534000,69.0,3,68.9,2,69.0,7,2,2021-12-03 09:02:46
1638522166394344000,69.0,7,68.9,2,69.3,11,1,2021-12-03 09:02:46
1638522167236761000,69.1,1,69.0,1,69.1,5,1,2021-12-03 09:02:47
1638522167310775000,69.1,2,69.0,1,69.1,3,1,2021-12-03 09:02:47
1638522167429003000,69.0,1,68.9,12,69.1,3,2,2021-12-03 09:02:47
1638522167429003000,68.9,4,68.9,12,69.1,3,2,2021-12-03 09:02:47
1638522167434671000,69.1,1,68.9,12,69.1,2,1,2021-12-03 09:02:47
1638522167514108000,69.1,1,68.9,12,69.1,1,1,2021-12-03 09:02:47
1638522167583983000,69.1,1,68.9,12,69.2,1,1,2021-12-03 09:02:47
1638522168589586000,69.2,6,69.0,1,69.3,21,1,2021-12-03 09:02:48
1638522169054459000,69.3,1,69.1,1,69.3,21,1,2021-12-03 09:02:49
1638522169251677000,69.3,1,69.1,2,69.3,20,1,2021-12-03 09:02:49
1638522169670893000,69.1,1,69.1,1,69.3,21,2,2021-12-03 09:02:49
1638522170315136000,69.1,1,69.0,10,69.1,9,2,2021-12-03 09:02:50
1638522170418509000,69.0,1,69.0,9,69.1,9,2,2021-12-03 09:02:50
1638522170669693000,69.1,1,69.0,24,69.1,9,1,2021-12-03 09:02:50
1638522170683358000,69.0,10,69.0,14,69.1,9,2,2021-12-03 09:02:50
1638522171234354000,69.0,5,69.0,10,69.1,9,2,2021-12-03 09:02:51
1638522171268069000,69.1,3,69.0,10,69.1,6,1,2021-12-03 09:02:51
1638522171336884000,69.0,1,69.0,9,69.1,6,2,2021-12-03 09:02:51
1638522171345786000,69.1,1,69.0,9,69.1,5,1,2021-12-03 09:02:51
1638522171426723000,69.1,3,69.0,9,69.1,2,1,2021-12-03 09:02:51
1638522171456995000,69.1,2,69.0,9,69.3,18,1,2021-12-03 09:02:51
1638522171456995000,69.2,1,69.0,9,69.3,18,1,2021-12-03 09:02:51
1638522171456995000,69.3,2,69.0,9,69.3,18,1,2021-12-03 09:02:51
1638522171530480000,69.2,1,69.0,9,69.3,18,2,2021-12-03 09:02:51
1638522171837870000,69.0,10,68.9,10,69.1,1,2,2021-12-03 09:02:51
1638522171837870000,68.9,2,68.9,10,69.1,1,2,2021-12-03 09:02:51
1638522172564100000,69.1,1,68.9,10,69.2,1,1,2021-12-03 09:02:52
1638522172913400000,69.1,5,69.0,2,69.2,3,2,2021-12-03 09:02:52
1638522172928781000,69.2,1,69.0,2,69.2,2,1,2021-12-03 09:02:52
1638522173126454000,69.0,1,69.0,1,69.1,1,2,2021-12-03 09:02:53
1638522173159045000,69.0,1,68.9,10,69.1,1,2,2021-12-03 09:02:53
1638522173363438000,69.1,1,68.9,10,69.2,2,1,2021-12-03 09:02:53
1638522173370786000,69.2,1,68.9,10,69.2,1,1,2021-12-03 09:02:53
1638522173472321000,69.0,1,68.9,10,69.0,1,2,2021-12-03 09:02:53
1638522173569678000,69.0,1,68.9,10,69.2,1,1,2021-12-03 09:02:53
1638522173581158000,69.2,1,68.9,10,69.3,21,1,2021-12-03 09:02:53
1638522173840236000,69.3,10,68.9,10,69.3,11,1,2021-12-03 09:02:53
1638522174068080000,69.3,1,68.9,10,69.3,10,1,2021-12-03 09:02:54
1638522174730213000,69.2,1,69.1,1,69.2,3,2,2021-12-03 09:02:54
1638522175060118000,69.1,3,69.0,1,69.1,7,2,2021-12-03 09:02:55
1638522175531312000,69.0,1,68.9,10,69.0,9,2,2021-12-03 09:02:55
1638522175645886000,69.0,1,68.9,11,69.0,8,1,2021-12-03 09:02:55
1638522175666489000,69.0,3,68.9,11,69.0,5,1,2021-12-03 09:02:55
1638522175696807000,68.9,2,68.9,9,69.0,5,2,2021-12-03 09:02:55
1638522175707881000,68.9,1,68.9,8,69.0,5,2,2021-12-03 09:02:55
1638522176182676000,68.9,1,68.9,7,69.0,5,2,2021-12-03 09:02:56
1638522176260490000,68.9,7,68.8,3,69.0,5,2,2021-12-03 09:02:56
1638522176602839000,69.0,3,68.8,3,69.0,2,1,2021-12-03 09:02:56
1638522177529488000,68.8,3,68.7,2,68.9,10,2,2021-12-03 09:02:57
1638522177728671000,68.9,5,68.7,2,68.9,5,1,2021-12-03 09:02:57
1638522177771356000,68.7,2,68.6,12,68.9,5,2,2021-12-03 09:02:57
1638522178140514000,68.9,1,68.8,2,68.9,4,1,2021-12-03 09:02:58
1638522178430257000,68.8,2,68.6,12,68.9,4,2,2021-12-03 09:02:58
1638522178489501000,68.9,1,68.6,12,68.9,3,1,2021-12-03 09:02:58
1638522178501383000,68.6,11,68.6,1,68.9,3,2,2021-12-03 09:02:58
1638522178535101000,68.6,1,68.5,3,68.9,3,2,2021-12-03 09:02:58
1638522178695853000,68.8,1,68.5,3,68.8,3,1,2021-12-03 09:02:58
1638522178740991000,68.8,1,68.5,3,68.8,2,1,2021-12-03 09:02:58
1638522178753766000,68.8,1,68.5,3,68.8,1,1,2021-12-03 09:02:58
1638522179064340000,68.8,1,68.5,3,69.0,13,1,2021-12-03 09:02:59
1638522179064340000,68.9,4,68.5,3,69.0,13,1,2021-12-03 09:02:59
1638522179065274000,69.0,2,68.5,3,69.0,11,1,2021-12-03 09:02:59
1638522179290957000,69.0,1,68.6,1,69.0,11,1,2021-12-03 09:02:59
1638522180072559000,69.0,1,68.6,9,69.0,10,1,2021-12-03 09:03:00
1638522180154504000,69.0,2,68.6,8,69.0,8,1,2021-12-03 09:03:00
1638522180717286000,68.7,1,68.5,9,68.7,9,2,2021-12-03 09:03:00
1638522181160323000,68.5,9,68.2,1,68.7,12,2,2021-12-03 09:03:01
1638522181160323000,68.3,12,68.2,1,68.7,12,2,2021-12-03 09:03:01
1638522181160323000,68.2,3,68.2,1,68.7,12,2,2021-12-03 09:03:01
1638522181196679000,68.2,1,68.1,2,68.6,1,2,2021-12-03 09:03:01
1638522181436561000,68.6,1,68.1,2,68.6,2,1,2021-12-03 09:03:01
1638522181527054000,68.2,1,68.1,2,68.6,2,2,2021-12-03 09:03:01
1638522181527054000,68.1,9,68.1,2,68.6,2,2,2021-12-03 09:03:01
1638522181654183000,68.1,2,68.0,6,68.5,6,2,2021-12-03 09:03:01
1638522181658722000,68.5,1,68.0,6,68.5,5,1,2021-12-03 09:03:01
1638522181718416000,68.4,1,68.0,6,68.7,13,2,2021-12-03 09:03:01
1638522181718416000,68.5,7,68.0,6,68.7,13,1,2021-12-03 09:03:01
1638522181718416000,68.6,2,68.0,6,68.7,13,1,2021-12-03 09:03:01
1638522181728513000,68.0,6,67.7,9,68.4,1,2,2021-12-03 09:03:01
1638522181728513000,67.8,4,67.7,9,68.4,1,2,2021-12-03 09:03:01
1638522181773641000,68.4,1,68.1,2,68.7,12,1,2021-12-03 09:03:01
1638522181773641000,68.6,1,68.1,2,68.7,12,1,2021-12-03 09:03:01
1638522182056973000,68.7,2,68.1,2,68.7,10,1,2021-12-03 09:03:02
1638522182634111000,68.1,1,68.1,1,68.7,10,2,2021-12-03 09:03:02
1638522183792784000,68.5,1,67.7,8,68.5,1,1,2021-12-03 09:03:03
1638522183841437000,68.5,1,67.7,8,68.7,8,1,2021-12-03 09:03:03
1638522183841437000,68.6,1,67.7,8,68.7,8,1,2021-12-03 09:03:03
1638522183841437000,68.7,3,67.7,8,68.7,8,1,2021-12-03 09:03:03
1638522183887609000,68.7,2,67.7,8,68.6,1,1,2021-12-03 09:03:03
1638522183909833000,67.7,2,67.7,6,68.6,1,2,2021-12-03 09:03:03
1638522183929258000,68.6,1,67.7,6,68.7,6,1,2021-12-03 09:03:03
1638522184192717000,68.7,5,67.8,10,68.7,1,1,2021-12-03 09:03:04
1638522184675325000,68.5,3,67.9,8,68.6,1,2,2021-12-03 09:03:04
1638522185099242000,68.6,1,67.9,8,68.8,1,1,2021-12-03 09:03:05
1638522185099242000,68.7,3,67.9,8,68.8,1,1,2021-12-03 09:03:05
1638522185099242000,68.8,2,67.9,8,68.8,1,1,2021-12-03 09:03:05
1638522185449975000,68.0,1,68.0,3,68.8,1,2,2021-12-03 09:03:05
1638522186440208000,68.4,2,68.1,5,68.7,1,1,2021-12-03 09:03:06
1638522186440208000,68.1,3,68.1,5,68.7,1,2,2021-12-03 09:03:06
1638522186497851000,68.6,2,68.0,5,68.6,1,1,2021-12-03 09:03:06
1638522186934599000,68.6,1,68.3,1,68.7,1,1,2021-12-03 09:03:06
1638522187259715000,68.3,1,68.1,7,68.7,2,2,2021-12-03 09:03:07
1638522187746395000,68.5,1,68.1,9,68.7,3,1,2021-12-03 09:03:07
1638522187878269000,68.1,1,68.1,8,68.6,1,2,2021-12-03 09:03:07
1638522188277633000,68.6,1,68.2,1,68.6,1,1,2021-12-03 09:03:08
1638522188299964000,68.6,1,68.2,1,68.7,3,1,2021-12-03 09:03:08
1638522189307410000,68.5,1,68.3,1,68.7,3,2,2021-12-03 09:03:09
1638522189337576000,68.4,1,68.3,1,68.7,2,2,2021-12-03 09:03:09
1638522189551084000,68.3,1,68.2,2,68.7,2,2,2021-12-03 09:03:09
1638522189560610000,68.7,1,68.2,2,68.7,1,1,2021-12-03 09:03:09
1638522190002082000,68.2,1,68.2,1,68.7,1,2,2021-12-03 09:03:10
1638522190503736000,68.3,1,68.1,11,68.7,1,1,2021-12-03 09:03:10
1638522190503736000,68.2,1,68.1,11,68.7,1,2,2021-12-03 09:03:10
1638522191318374000,68.6,1,68.3,3,68.6,3,1,2021-12-03 09:03:11
1638522191347167000,68.6,1,68.3,3,68.6,2,1,2021-12-03 09:03:11
1638522191760054000,68.5,4,68.7,11,68.8,3,2,2021-12-03 09:03:11
1638522191760054000,68.6,2,68.7,11,68.8,3,1,2021-12-03 09:03:11
1638522191760054000,68.7,3,68.7,11,68.8,3,1,2021-12-03 09:03:11
1638522191783906000,68.7,5,68.7,6,68.8,3,2,2021-12-03 09:03:11
1638522191964065000,68.7,4,68.4,2,68.8,13,2,2021-12-03 09:03:11
1638522191964110000,68.7,1,68.4,2,68.8,13,2,2021-12-03 09:03:11
1638522191964362000,68.7,1,68.4,2,68.8,13,2,2021-12-03 09:03:11
1638522192446995000,68.8,3,68.4,4,68.8,10,1,2021-12-03 09:03:12
1638522192843413000,68.8,1,68.4,12,68.8,9,1,2021-12-03 09:03:12
1638522192968297000,68.6,1,68.4,12,68.8,9,2,2021-12-03 09:03:12
1638522193252065000,68.5,1,68.4,4,68.8,9,2,2021-12-03 09:03:13
1638522193837777000,68.7,1,68.5,4,68.7,2,1,2021-12-03 09:03:13
1638522195037657000,68.7,2,68.5,4,68.8,9,1,2021-12-03 09:03:15
1638522196270672000,68.6,1,68.5,4,68.8,9,2,2021-12-03 09:03:16
1638522197191262000,68.7,1,68.6,4,68.8,5,1,2021-12-03 09:03:17
1638522197191262000,68.8,4,68.6,4,68.8,5,1,2021-12-03 09:03:17
1638522197587785000,68.6,4,68.5,5,68.6,1,2,2021-12-03 09:03:17
1638522197596789000,68.6,1,68.5,5,68.9,9,1,2021-12-03 09:03:17
1638522197596789000,68.7,1,68.5,5,68.9,9,1,2021-12-03 09:03:17
1638522197596789000,68.8,5,68.5,5,68.9,9,1,2021-12-03 09:03:17
1638522197596789000,68.9,3,68.5,5,68.9,9,1,2021-12-03 09:03:17
1638522197780435000,68.7,1,68.5,6,68.9,9,2,2021-12-03 09:03:17
1638522197880389000,68.7,1,68.5,3,68.9,9,2,2021-12-03 09:03:17
1638522197880389000,68.5,3,68.5,3,68.9,9,2,2021-12-03 09:03:17
1638522198030966000,68.8,10,68.5,3,68.8,1,1,2021-12-03 09:03:18
1638522198073169000,68.8,1,68.5,3,68.9,9,1,2021-12-03 09:03:18
1638522198656284000,68.6,2,68.5,2,68.9,9,2,2021-12-03 09:03:18
1638522198890734000,68.7,1,68.4,6,68.9,9,1,2021-12-03 09:03:18
1638522198890734000,68.5,2,68.4,6,68.9,9,2,2021-12-03 09:03:18
1638522198890734000,68.4,4,68.4,6,68.9,9,2,2021-12-03 09:03:18
1638522199149418000,68.7,3,68.4,6,68.8,3,1,2021-12-03 09:03:19
1638522201178298000,68.6,1,68.6,1,68.7,3,2,2021-12-03 09:03:21
1638522201268103000,68.7,1,68.6,1,68.7,2,1,2021-12-03 09:03:21
1638522201623035000,68.6,1,68.5,1,68.6,1,2,2021-12-03 09:03:21
1638522201643041000,68.5,1,68.4,1,68.7,2,2,2021-12-03 09:03:21
1638522201772400000,68.6,1,68.4,1,68.7,3,1,2021-12-03 09:03:21
1638522202100423000,68.7,1,68.4,1,68.7,4,1,2021-12-03 09:03:22
1638522203200613000,68.5,3,68.5,9,68.7,4,2,2021-12-03 09:03:23
1638522203310831000,68.7,1,68.5,9,68.7,3,1,2021-12-03 09:03:23
1638522203365552000,68.5,3,68.5,6,68.7,3,2,2021-12-03 09:03:23
1638522204219973000,68.5,1,68.5,5,68.6,2,2,2021-12-03 09:03:24
1638522204295213000,68.5,5,68.2,2,68.6,2,2,2021-12-03 09:03:24
1638522204295213000,68.4,1,68.2,2,68.6,2,2,2021-12-03 09:03:24
1638522204295213000,68.3,2,68.2,2,68.6,2,2,2021-12-03 09:03:24
1638522204295213000,68.2,2,68.2,2,68.6,2,2,2021-12-03 09:03:24
1638522204980546000,68.5,1,68.5,2,68.6,2,1,2021-12-03 09:03:24
1638522205022603000,68.5,2,68.2,2,68.6,2,2,2021-12-03 09:03:25
1638522206543244000,68.5,1,68.2,2,68.6,3,1,2021-12-03 09:03:26
1638522206693137000,68.6,1,68.2,10,68.6,2,1,2021-12-03 09:03:26
1638522207295807000,68.2,1,68.2,9,68.6,3,2,2021-12-03 09:03:27
1638522207347853000,68.2,4,68.2,5,68.6,3,2,2021-12-03 09:03:27
1638522207625158000,68.4,1,68.2,6,68.5,3,1,2021-12-03 09:03:27
1638522210317558000,68.4,1,68.3,2,68.4,3,1,2021-12-03 09:03:30
1638522210464298000,68.4,1,68.3,2,68.4,2,1,2021-12-03 09:03:30
1638522210616600000,68.4,1,68.3,2,68.4,1,1,2021-12-03 09:03:30
1638522211550316000,68.4,2,68.3,2,68.5,4,1,2021-12-03 09:03:31
1638522212695859000,68.4,1,68.3,3,68.4,1,1,2021-12-03 09:03:32
1638522212773513000,68.4,1,68.3,3,68.5,4,1,2021-12-03 09:03:32
1638522212804082000,68.5,4,68.3,3,68.7,3,1,2021-12-03 09:03:32
1638522212804082000,68.6,2,68.3,3,68.7,3,1,2021-12-03 09:03:32
1638522212804082000,68.7,4,68.3,3,68.7,3,1,2021-12-03 09:03:32
1638522214101754000,68.3,3,68.3,2,68.6,2,2,2021-12-03 09:03:34
1638522215645283000,68.5,1,68.5,1,68.6,5,1,2021-12-03 09:03:35
1638522216800217000,68.6,5,68.7,2,68.8,14,1,2021-12-03 09:03:36
1638522216800217000,68.7,3,68.7,2,68.8,14,1,2021-12-03 09:03:36
1638522217971711000,68.7,2,68.5,1,68.7,8,2,2021-12-03 09:03:37
1638522218714910000,68.7,3,68.5,1,68.7,6,1,2021-12-03 09:03:38
1638522219031076000,68.5,1,68.4,18,68.7,6,2,2021-12-03 09:03:39
1638522220158407000,68.7,5,68.4,17,68.7,2,1,2021-12-03 09:03:40
1638522221903896000,68.5,1,68.5,5,68.7,2,2,2021-12-03 09:03:41
1638522222998525000,68.5,1,68.5,9,68.7,5,2,2021-12-03 09:03:42
1638522223045336000,68.5,3,68.5,6,68.7,5,2,2021-12-03 09:03:43
1638522223780202000,68.6,1,68.5,6,68.6,1,1,2021-12-03 09:03:43
1638522224303591000,68.6,1,68.5,9,68.7,4,1,2021-12-03 09:03:44
1638522224303591000,68.7,1,68.5,9,68.7,4,1,2021-12-03 09:03:44
1638522224379348000,68.5,1,68.5,8,68.7,4,2,2021-12-03 09:03:44
1638522225275572000,68.6,3,68.6,2,68.7,11,1,2021-12-03 09:03:45
1638522226089697000,68.7,5,68.6,5,68.7,6,1,2021-12-03 09:03:46
1638522229372253000,68.7,5,68.6,5,68.7,1,1,2021-12-03 09:03:49
1638522229445398000,68.7,1,68.6,15,68.8,18,1,2021-12-03 09:03:49
1638522229807261000,68.7,1,68.6,15,68.8,18,1,2021-12-03 09:03:49
1638522230778266000,68.6,1,68.6,24,68.8,18,2,2021-12-03 09:03:50
1638522230792018000,68.6,3,68.6,21,68.8,18,2,2021-12-03 09:03:50
1638522231307463000,68.7,1,68.6,21,68.8,16,1,2021-12-03 09:03:51
1638522231455462000,68.8,1,68.6,21,68.8,15,1,2021-12-03 09:03:51
1638522231736288000,68.7,1,68.6,21,68.8,15,2,2021-12-03 09:03:51
1638522232827480000,68.7,1,68.7,14,68.8,15,2,2021-12-03 09:03:52
1638522232859943000,68.8,5,68.7,14,68.8,10,1,2021-12-03 09:03:52
1638522232893548000,68.8,4,68.7,14,68.8,6,1,2021-12-03 09:03:52
1638522234696315000,68.8,1,68.7,18,68.8,5,1,2021-12-03 09:03:54
1638522234732492000,68.8,5,68.7,18,68.9,12,1,2021-12-03 09:03:54
1638522234768714000,68.7,1,68.7,17,68.9,11,2,2021-12-03 09:03:54
1638522238500787000,68.8,1,68.8,3,68.9,9,1,2021-12-03 09:03:58
1638522238665485000,68.8,1,68.8,2,68.9,9,2,2021-12-03 09:03:58
1638522239116505000,68.9,1,68.8,2,68.9,8,1,2021-12-03 09:03:59
1638522239499371000,68.9,1,68.8,2,68.9,7,1,2021-12-03 09:03:59
1638522240270133000,68.8,1,68.8,1,68.9,8,2,2021-12-03 09:04:00
1638522240513271000,68.9,8,68.9,2,69.0,26,1,2021-12-03 09:04:00
1638522240681541000,68.9,1,68.9,1,69.0,27,2,2021-12-03 09:04:00
1638522240725893000,68.9,1,68.8,4,69.0,29,2,2021-12-03 09:04:00
1638522240750270000,68.8,3,68.8,1,69.0,29,2,2021-12-03 09:04:00
1638522240758041000,68.8,1,68.7,28,69.0,29,2,2021-12-03 09:04:00
1638522241158851000,68.8,1,68.7,28,69.0,29,1,2021-12-03 09:04:01
1638522241290383000,68.7,1,68.7,27,69.0,29,2,2021-12-03 09:04:01
1638522241652536000,68.9,1,68.9,9,69.0,29,1,2021-12-03 09:04:01
1638522241694093000,68.9,1,68.9,8,69.0,29,2,2021-12-03 09:04:01
1638522241696331000,69.0,1,68.9,8,69.0,28,1,2021-12-03 09:04:01
1638522242858476000,68.9,3,68.9,5,69.0,28,2,2021-12-03 09:04:02
1638522243142629000,68.9,1,68.9,4,69.0,28,2,2021-12-03 09:04:03
1638522245786224000,69.0,2,68.9,5,69.0,27,1,2021-12-03 09:04:05
1638522245922664000,69.0,20,68.9,5,69.0,7,1,2021-12-03 09:04:05
1638522245964155000,68.9,5,68.8,1,69.0,7,2,2021-12-03 09:04:05
1638522246464340000,69.0,1,68.8,1,69.0,6,1,2021-12-03 09:04:06
1638522247543292000,69.0,2,68.9,6,69.0,4,1,2021-12-03 09:04:07
1638522248516521000,69.0,4,69.1,4,69.2,9,1,2021-12-03 09:04:08
1638522248516521000,69.1,12,69.1,4,69.2,9,1,2021-12-03 09:04:08
1638522249254562000,69.2,9,69.1,4,69.3,9,1,2021-12-03 09:04:09
1638522249604954000,69.1,4,68.9,8,69.3,9,2,2021-12-03 09:04:09
1638522249604954000,69.0,6,68.9,8,69.3,9,2,2021-12-03 09:04:09
1638522249695146000,68.9,2,68.9,6,69.3,10,2,2021-12-03 09:04:09
1638522249865293000,69.3,1,68.9,6,69.3,9,1,2021-12-03 09:04:09
1638522251132123000,69.0,1,69.0,1,69.3,9,2,2021-12-03 09:04:11
1638522251355480000,69.1,1,69.0,1,69.3,9,1,2021-12-03 09:04:11
1638522258585844000,69.1,1,69.1,14,69.2,4,2,2021-12-03 09:04:18
1638522258743296000,69.1,2,69.1,12,69.2,4,2,2021-12-03 09:04:18
1638522259290291000,69.1,12,68.9,18,69.0,2,2,2021-12-03 09:04:19
1638522259290291000,69.0,16,68.9,18,69.0,2,2,2021-12-03 09:04:19
1638522259745136000,69.0,2,68.9,18,69.2,3,1,2021-12-03 09:04:19
1638522259745136000,69.2,1,68.9,18,69.2,3,1,2021-12-03 09:04:19
1638522260576264000,69.1,1,69.0,1,69.2,5,2,2021-12-03 09:04:20
1638522260776245000,69.1,1,69.0,1,69.2,5,1,2021-12-03 09:04:20
1638522260818486000,69.1,1,69.0,1,69.1,1,2,2021-12-03 09:04:20
1638522260980421000,69.1,1,69.0,1,69.2,4,1,2021-12-03 09:04:20
1638522261470428000,69.1,4,69.1,3,69.2,4,2,2021-12-03 09:04:21
1638522263068839000,69.1,1,69.1,4,69.2,4,2,2021-12-03 09:04:23
1638522263463516000,69.2,1,69.1,6,69.2,3,1,2021-12-03 09:04:23
1638522263837499000,69.1,3,69.1,3,69.2,3,2,2021-12-03 09:04:23
1638522264136081000,69.2,3,69.1,4,69.3,11,1,2021-12-03 09:04:24
1638522265430953000,69.2,1,69.1,4,69.3,10,2,2021-12-03 09:04:25
1638522266066630000,69.3,10,69.1,6,69.4,11,1,2021-12-03 09:04:26
1638522266337752000,69.2,1,69.1,41,69.4,11,2,2021-12-03 09:04:26
1638522266630134000,69.1,2,69.1,39,69.4,11,2,2021-12-03 09:04:26
1638522266792645000,69.4,1,69.2,1,69.4,10,1,2021-12-03 09:04:26
1638522266980699000,69.2,1,69.1,36,69.4,10,2,2021-12-03 09:04:26
1638522266980699000,69.1,4,69.1,36,69.4,10,2,2021-12-03 09:04:26
1638522267170665000,69.1,1,69.1,39,69.4,10,2,2021-12-03 09:04:27
1638522267276644000,69.1,1,69.1,39,69.4,10,2,2021-12-03 09:04:27
1638522267398576000,69.4,1,69.1,39,69.4,9,1,2021-12-03 09:04:27
1638522268141904000,69.2,1,69.1,34,69.4,9,2,2021-12-03 09:04:28
1638522268141904000,69.1,4,69.1,34,69.4,9,2,2021-12-03 09:04:28
1638522268406610000,69.1,1,69.1,33,69.4,9,2,2021-12-03 09:04:28
1638522268811831000,69.4,1,69.2,1,69.4,8,1,2021-12-03 09:04:28
1638522269054953000,69.2,1,69.1,33,69.3,4,2,2021-12-03 09:04:29
1638522270859840000,69.3,1,69.1,37,69.3,3,1,2021-12-03 09:04:30
1638522270885176000,69.3,1,69.1,37,69.3,2,1,2021-12-03 09:04:30
1638522271762130000,69.2,1,69.1,34,69.3,2,2,2021-12-03 09:04:31
1638522274090010000,69.3,1,69.2,7,69.3,2,1,2021-12-03 09:04:34
1638522275098608000,69.3,1,69.2,12,69.3,1,1,2021-12-03 09:04:35
1638522276078168000,69.3,1,69.2,16,69.4,8,1,2021-12-03 09:04:36
1638522276671301000,69.4,8,69.5,6,69.6,10,1,2021-12-03 09:04:36
1638522276671301000,69.5,1,69.5,6,69.6,10,1,2021-12-03 09:04:36
1638522276958070000,69.6,1,69.5,7,69.6,9,1,2021-12-03 09:04:36
1638522276996167000,69.5,3,69.5,4,69.6,9,2,2021-12-03 09:04:36
1638522277637301000,69.5,2,69.5,2,69.6,9,2,2021-12-03 09:04:37
1638522277666934000,69.5,2,69.2,18,69.6,9,2,2021-12-03 09:04:37
1638522277929421000,69.3,5,69.2,13,69.6,9,2,2021-12-03 09:04:37
1638522277929421000,69.2,5,69.2,13,69.6,9,2,2021-12-03 09:04:37
1638522277988009000,69.3,1,69.2,13,69.6,10,1,2021-12-03 09:04:37
1638522279074013000,69.3,1,69.3,3,69.5,1,2,2021-12-03 09:04:39
1638522279815241000,69.5,1,69.3,4,69.6,10,1,2021-12-03 09:04:39
1638522279988656000,69.6,1,69.3,4,69.6,9,1,2021-12-03 09:04:39
1638522280032422000,69.6,9,69.3,4,69.7,3,1,2021-12-03 09:04:40
1638522280032422000,69.7,11,69.3,4,69.7,3,1,2021-12-03 09:04:40
1638522280503783000,69.5,5,69.3,12,69.7,3,2,2021-12-03 09:04:40
1638522280858716000,69.5,1,69.3,4,69.7,2,1,2021-12-03 09:04:40
1638522280858716000,69.7,1,69.3,4,69.7,2,1,2021-12-03 09:04:40
1638522282168391000,69.5,1,69.4,1,69.7,2,2,2021-12-03 09:04:42
1638522282555357000,69.4,1,69.3,14,69.7,2,2,2021-12-03 09:04:42
1638522283720611000,69.4,1,69.4,1,69.7,3,2,2021-12-03 09:04:43
1638522284131267000,69.7,1,69.4,1,69.7,2,1,2021-12-03 09:04:44
1638522285382442000,69.7,1,69.5,1,69.7,2,1,2021-12-03 09:04:45
1638522285493950000,69.7,2,69.7,1,69.8,2,1,2021-12-03 09:04:45
1638522285835358000,69.8,2,69.7,3,69.9,2,1,2021-12-03 09:04:45
1638522286451380000,69.7,1,69.7,2,69.9,2,2,2021-12-03 09:04:46
1638522286489609000,69.7,2,69.5,1,69.9,3,2,2021-12-03 09:04:46
1638522286567119000,69.9,3,69.5,1,70.0,8,1,2021-12-03 09:04:46
1638522286834376000,70.0,1,69.5,1,70.0,7,1,2021-12-03 09:04:46
1638522286901623000,69.7,1,69.4,12,70.0,7,2,2021-12-03 09:04:46
1638522286901623000,69.5,1,69.4,12,70.0,7,2,2021-12-03 09:04:46
1638522287197936000,69.5,1,69.4,12,70.0,7,2,2021-12-03 09:04:47
1638522287275081000,69.5,1,69.4,8,70.0,7,2,2021-12-03 09:04:47
1638522287275081000,69.4,4,69.4,8,70.0,7,2,2021-12-03 09:04:47
1638522288240815000,70.0,3,69.6,1,70.0,5,1,2021-12-03 09:04:48
1638522288950134000,69.9,1,69.6,2,69.9,1,2,2021-12-03 09:04:48
1638522290065565000,69.6,4,69.5,3,69.7,1,2,2021-12-03 09:04:50
1638522290065565000,69.5,1,69.5,3,69.7,1,2,2021-12-03 09:04:50
1638522291196315000,69.5,1,69.5,2,69.7,1,2,2021-12-03 09:04:51
1638522291922217000,69.7,1,69.5,1,69.7,3,1,2021-12-03 09:04:51
1638522292761895000,69.7,1,69.5,1,69.7,3,1,2021-12-03 09:04:52
1638522293335042000,69.7,1,69.5,1,69.7,2,1,2021-12-03 09:04:53
1638522294195057000,69.7,1,69.5,4,69.7,3,1,2021-12-03 09:04:54
1638522294654806000,69.7,1,69.5,5,69.7,2,1,2021-12-03 09:04:54
1638522294732188000,69.7,1,69.5,5,69.7,1,1,2021-12-03 09:04:54
1638522294950028000,69.7,1,69.5,6,69.8,2,1,2021-12-03 09:04:54
1638522295960079000,69.7,1,69.5,6,69.7,3,1,2021-12-03 09:04:55
1638522295965696000,69.5,2,69.5,4,69.7,3,2,2021-12-03 09:04:55
1638522296185517000,69.5,4,69.4,18,69.5,1,2,2021-12-03 09:04:56
1638522296220877000,69.4,1,69.4,17,69.5,1,2,2021-12-03 09:04:56
1638522296290763000,69.5,1,69.4,17,69.7,2,1,2021-12-03 09:04:56
1638522296290763000,69.7,2,69.4,17,69.7,2,1,2021-12-03 09:04:56
1638522296446486000,69.7,2,69.4,17,69.8,14,1,2021-12-03 09:04:56
1638522297216521000,69.7,2,69.5,2,69.7,1,1,2021-12-03 09:04:57
1638522297426007000,69.7,1,69.5,3,69.8,13,1,2021-12-03 09:04:57
1638522297426007000,69.8,1,69.5,3,69.8,13,1,2021-12-03 09:04:57
1638522298502893000,69.5,1,69.5,6,69.7,10,2,2021-12-03 09:04:58
1638522298570183000,69.7,1,69.5,7,69.7,9,1,2021-12-03 09:04:58
1638522298969856000,69.6,2,69.6,4,69.7,10,2,2021-12-03 09:04:58
1638522298992344000,69.6,4,69.5,8,69.7,10,2,2021-12-03 09:04:58
1638522299751884000,69.7,1,69.5,8,69.7,9,1,2021-12-03 09:04:59
1638522300019501000,69.7,1,69.5,8,69.7,8,1,2021-12-03 09:05:00
1638522300331339000,69.5,3,69.5,7,69.7,20,2,2021-12-03 09:05:00
1638522300361664000,69.5,5,69.4,17,69.7,20,2,2021-12-03 09:05:00
1638522300361696000,69.5,2,69.4,17,69.7,20,2,2021-12-03 09:05:00
1638522300606115000,69.7,1,69.5,6,69.7,19,1,2021-12-03 09:05:00
1638522301040466000,69.5,6,69.4,17,69.6,2,2,2021-12-03 09:05:01
1638522301140473000,69.4,17,69.3,21,69.5,2,2,2021-12-03 09:05:01
1638522301483746000,69.5,2,69.5,1,69.6,3,1,2021-12-03 09:05:01
1638522301764164000,69.5,2,69.4,2,69.5,3,2,2021-12-03 09:05:01
1638522301907729000,69.5,1,69.4,2,69.5,2,1,2021-12-03 09:05:01
1638522302132486000,69.5,1,69.4,2,69.5,1,1,2021-12-03 09:05:02
1638522302305185000,69.4,2,69.3,8,69.5,2,2,2021-12-03 09:05:02
1638522302305185000,69.3,13,69.3,8,69.5,2,2,2021-12-03 09:05:02
1638522302546084000,69.3,2,69.3,6,69.4,3,2,2021-12-03 09:05:02
1638522302949162000,69.4,1,69.3,6,69.4,3,1,2021-12-03 09:05:02
1638522303031777000,69.4,1,69.3,6,69.4,2,1,2021-12-03 09:05:03
1638522304784715000,69.4,1,69.3,18,69.4,5,1,2021-12-03 09:05:04
1638522305224965000,69.4,5,69.3,18,69.5,5,1,2021-12-03 09:05:05
1638522305505693000,69.4,1,69.3,18,69.5,5,1,2021-12-03 09:05:05
1638522305505693000,69.5,1,69.3,18,69.5,5,1,2021-12-03 09:05:05
1638522306446722000,69.4,1,69.3,18,69.5,4,2,2021-12-03 09:05:06
1638522308412750000,69.3,3,69.3,16,69.4,1,2,2021-12-03 09:05:08
1638522308438563000,69.3,1,69.3,15,69.4,6,2,2021-12-03 09:05:08
1638522308439017000,69.3,15,69.2,21,69.4,6,2,2021-12-03 09:05:08
1638522308987665000,69.3,1,69.2,21,69.3,5,1,2021-12-03 09:05:08
1638522309039787000,69.3,1,69.2,21,69.3,4,1,2021-12-03 09:05:09
1638522309056078000,69.3,1,69.2,21,69.3,3,1,2021-12-03 09:05:09
1638522309148653000,69.2,20,68.9,7,69.3,3,2,2021-12-03 09:05:09
1638522309148653000,69.1,50,68.9,7,69.3,3,2,2021-12-03 09:05:09
1638522309148653000,69.0,21,68.9,7,69.3,3,2,2021-12-03 09:05:09
1638522309148653000,68.9,9,68.9,7,69.3,3,2,2021-12-03 09:05:09
1638522309208675000,69.2,1,69.0,1,69.2,7,1,2021-12-03 09:05:09
1638522309269159000,69.2,3,69.0,1,69.2,6,1,2021-12-03 09:05:09
1638522309731563000,69.2,1,69.0,1,69.2,6,1,2021-12-03 09:05:09
1638522309944335000,69.0,1,68.9,6,69.2,6,2,2021-12-03 09:05:09
1638522309944335000,68.9,1,68.9,6,69.2,6,2,2021-12-03 09:05:09
1638522310158848000,69.1,1,68.9,6,69.2,6,1,2021-12-03 09:05:10
1638522311097836000,69.1,1,68.9,6,69.1,1,1,2021-12-03 09:05:11
1638522311127009000,69.1,1,68.9,6,69.2,6,1,2021-12-03 09:05:11
1638522314135827000,69.1,1,68.9,7,69.1,2,1,2021-12-03 09:05:14
1638522316466904000,69.1,3,69.0,5,69.1,7,1,2021-12-03 09:05:16
1638522317394544000,69.1,2,69.0,6,69.1,5,1,2021-12-03 09:05:17
1638522317606741000,69.1,1,69.0,6,69.1,4,1,2021-12-03 09:05:17
1638522317635830000,69.1,1,69.0,6,69.1,3,1,2021-12-03 09:05:17
1638522317992904000,69.0,1,69.0,5,69.1,3,2,2021-12-03 09:05:17
1638522318184078000,69.1,2,69.0,5,69.1,1,1,2021-12-03 09:05:18
1638522318748633000,69.1,1,69.0,5,69.2,6,1,2021-12-03 09:05:18
1638522319057381000,69.1,1,69.1,4,69.2,6,1,2021-12-03 09:05:19
1638522319119533000,69.1,1,69.1,3,69.2,6,2,2021-12-03 09:05:19
1638522319161490000,69.1,3,69.0,5,69.2,6,2,2021-12-03 09:05:19
1638522319210873000,69.0,1,69.0,4,69.2,6,2,2021-12-03 09:05:19
1638522320561283000,69.1,1,69.0,5,69.2,6,1,2021-12-03 09:05:20
1638522323261458000,69.0,1,69.0,4,69.2,6,2,2021-12-03 09:05:23
1638522324147187000,69.0,1,69.0,5,69.2,17,2,2021-12-03 09:05:24
1638522326149406000,69.0,1,69.0,24,69.1,1,2,2021-12-03 09:05:26
1638522326276406000,69.0,22,69.0,2,69.1,1,2,2021-12-03 09:05:26
1638522326314584000,69.0,1,69.0,1,69.1,1,2,2021-12-03 09:05:26
1638522326315689000,69.0,1,68.9,7,69.1,1,2,2021-12-03 09:05:26
1638522327074751000,69.0,1,68.9,7,69.0,21,2,2021-12-03 09:05:27
1638522329436167000,68.9,7,68.8,12,68.9,15,2,2021-12-03 09:05:29
1638522329492906000,68.8,1,68.8,11,68.9,15,2,2021-12-03 09:05:29
1638522329533210000,68.8,1,68.8,10,68.9,15,2,2021-12-03 09:05:29
1638522329542327000,68.9,1,68.8,10,68.9,14,1,2021-12-03 09:05:29
1638522331179042000,68.8,5,68.8,5,68.9,14,2,2021-12-03 09:05:31
1638522331275625000,68.8,5,68.7,17,68.8,17,2,2021-12-03 09:05:31
1638522331629525000,68.7,1,68.7,16,68.8,17,2,2021-12-03 09:05:31
1638522331715395000,68.7,9,68.7,7,68.8,17,2,2021-12-03 09:05:31
1638522331733425000,68.7,5,68.7,2,68.8,17,2,2021-12-03 09:05:31
1638522331757973000,68.7,1,68.7,1,68.8,17,2,2021-12-03 09:05:31
1638522331995445000,68.7,1,68.6,9,68.8,18,2,2021-12-03 09:05:31
1638522331995445000,68.6,9,68.6,9,68.8,18,2,2021-12-03 09:05:31
1638522332257543000,68.6,1,68.6,8,68.8,18,2,2021-12-03 09:05:32
1638522336092033000,68.6,1,68.6,7,68.7,4,2,2021-12-03 09:05:36
1638522337155602000,68.6,1,68.6,6,68.7,4,2,2021-12-03 09:05:37
1638522337709630000,68.7,1,68.6,6,68.7,4,1,2021-12-03 09:05:37
1638522338556654000,68.7,2,68.6,6,68.7,2,1,2021-12-03 09:05:38
1638522338592735000,68.7,1,68.6,6,68.7,1,1,2021-12-03 09:05:38
1638522340287498000,68.6,1,68.6,5,68.7,1,2,2021-12-03 09:05:40
1638522341095679000,68.7,1,68.7,1,68.8,19,1,2021-12-03 09:05:41
1638522341253023000,68.7,1,68.6,8,68.8,19,2,2021-12-03 09:05:41
1638522341253023000,68.6,2,68.6,8,68.8,19,2,2021-12-03 09:05:41
1638522341903298000,68.6,9,68.5,15,68.6,1,2,2021-12-03 09:05:41
1638522341918936000,68.5,1,68.5,14,68.6,1,2,2021-12-03 09:05:41
1638522341952373000,68.5,1,68.5,13,68.6,1,2,2021-12-03 09:05:41
1638522342017882000,68.5,1,68.5,9,68.6,1,2,2021-12-03 09:05:42
1638522342699935000,68.6,1,68.5,9,68.8,19,1,2021-12-03 09:05:42
1638522345664784000,68.5,1,68.5,9,68.7,1,2,2021-12-03 09:05:45
1638522347481434000,68.5,1,68.5,9,68.6,1,2,2021-12-03 09:05:47
1638522348510866000,68.6,1,68.5,9,68.6,1,1,2021-12-03 09:05:48
1638522348597494000,68.5,1,68.5,8,68.6,2,2,2021-12-03 09:05:48
1638522349786552000,68.5,8,68.4,19,68.6,2,2,2021-12-03 09:05:49
1638522349786552000,68.4,2,68.4,19,68.6,2,2,2021-12-03 09:05:49
1638522349986563000,68.5,1,68.4,19,68.6,2,1,2021-12-03 09:05:49
1638522353672995000,68.5,1,68.5,2,68.6,2,2,2021-12-03 09:05:53
1638522355083332000,68.5,1,68.5,1,68.6,2,2,2021-12-03 09:05:55
1638522357383596000,68.5,1,68.5,1,68.6,2,2,2021-12-03 09:05:57
1638522357459969000,68.6,1,68.5,1,68.6,1,1,2021-12-03 09:05:57
1638522358574159000,68.5,1,68.4,19,68.6,5,2,2021-12-03 09:05:58
1638522358574159000,68.4,1,68.4,19,68.6,5,2,2021-12-03 09:05:58
1638522358747733000,68.4,2,68.4,17,68.6,5,2,2021-12-03 09:05:58
1638522359300722000,68.5,1,68.4,17,68.6,5,1,2021-12-03 09:05:59
1638522360591997000,68.5,1,68.4,17,68.6,6,2,2021-12-03 09:06:00
1638522361254494000,68.5,1,68.5,7,68.6,6,2,2021-12-03 09:06:01
1638522363895244000,68.5,1,68.5,7,68.6,6,2,2021-12-03 09:06:03
1638522367402416000,68.5,1,68.5,11,68.6,7,2,2021-12-03 09:06:07
1638522367412627000,68.5,1,68.5,10,68.6,7,2,2021-12-03 09:06:07
1638522367796324000,68.6,1,68.5,15,68.6,6,1,2021-12-03 09:06:07
1638522367827283000,68.6,1,68.5,15,68.6,5,1,2021-12-03 09:06:07
1638522368787862000,68.6,4,68.5,17,68.7,3,1,2021-12-03 09:06:08
1638522369526729000,68.5,10,68.5,8,68.7,3,2,2021-12-03 09:06:09
1638522373078031000,68.5,1,68.5,7,68.6,5,2,2021-12-03 09:06:13
1638522373634370000,68.5,1,68.5,6,68.6,5,2,2021-12-03 09:06:13
1638522377112722000,68.5,1,68.5,8,68.6,5,2,2021-12-03 09:06:17
1638522377952053000,68.5,8,68.4,13,68.6,6,2,2021-12-03 09:06:17
1638522377952053000,68.4,2,68.4,13,68.6,6,2,2021-12-03 09:06:17
1638522378140740000,68.6,3,68.4,13,68.6,3,1,2021-12-03 09:06:18
1638522378840105000,68.5,1,68.4,13,68.5,2,2,2021-12-03 09:06:18
1638522378842669000,68.5,1,68.4,13,68.5,1,1,2021-12-03 09:06:18
1638522379281044000,68.5,1,68.4,13,68.6,4,1,2021-12-03 09:06:19
1638522381035478000,68.4,1,68.4,7,68.6,4,2,2021-12-03 09:06:21
1638522385380742000,68.5,1,68.4,7,68.5,10,1,2021-12-03 09:06:25
1638522385500038000,68.4,7,68.2,15,68.5,10,2,2021-12-03 09:06:25
1638522385500038000,68.3,21,68.2,15,68.5,10,2,2021-12-03 09:06:25
1638522385500038000,68.2,2,68.2,15,68.5,10,2,2021-12-03 09:06:25
1638522386115408000,68.4,2,68.2,15,68.4,1,1,2021-12-03 09:06:26
1638522386318660000,68.3,1,68.2,15,68.4,1,2,2021-12-03 09:06:26
1638522387651181000,68.4,5,68.4,5,68.5,9,1,2021-12-03 09:06:27
1638522387912015000,68.4,1,68.4,4,68.5,9,2,2021-12-03 09:06:27
1638522389540381000,68.5,1,68.4,4,68.5,8,1,2021-12-03 09:06:29
1638522391092988000,68.4,1,68.4,4,68.5,8,2,2021-12-03 09:06:31
1638522391219929000,68.4,2,68.4,2,68.5,8,2,2021-12-03 09:06:31
1638522391869372000,68.4,2,68.2,1,68.5,8,2,2021-12-03 09:06:31
1638522391869372000,68.2,13,68.2,1,68.5,8,2,2021-12-03 09:06:31
1638522392645239000,68.4,1,68.2,1,68.4,2,1,2021-12-03 09:06:32
1638522395500043000,68.3,2,68.1,10,68.4,6,2,2021-12-03 09:06:35
1638522395500043000,68.2,1,68.1,10,68.4,6,2,2021-12-03 09:06:35
1638522395500043000,68.1,5,68.1,10,68.4,6,2,2021-12-03 09:06:35
1638522398948804000,68.1,1,68.1,19,68.3,3,2,2021-12-03 09:06:38
1638522399195075000,68.1,1,68.1,18,68.3,3,2,2021-12-03 09:06:39
1638522399836829000,68.1,3,68.1,16,68.3,4,2,2021-12-03 09:06:39
1638522400181188000,68.1,1,68.1,15,68.3,4,2,2021-12-03 09:06:40
1638522400318536000,68.1,2,68.1,13,68.3,4,2,2021-12-03 09:06:40
1638522400485323000,68.1,1,68.1,12,68.3,6,2,2021-12-03 09:06:40
1638522402010674000,68.2,1,68.2,1,68.3,10,1,2021-12-03 09:06:42
1638522402448575000,68.2,1,68.1,14,68.2,2,2,2021-12-03 09:06:42
1638522402473966000,68.1,1,68.1,13,68.2,2,2,2021-12-03 09:06:42
1638522402807866000,68.2,1,68.1,13,68.2,1,1,2021-12-03 09:06:42
1638522404148823000,68.2,1,68.1,16,68.2,2,1,2021-12-03 09:06:44
1638522404585853000,68.1,4,68.1,12,68.2,2,2,2021-12-03 09:06:44
1638522404867576000,68.2,1,68.1,13,68.2,1,1,2021-12-03 09:06:44
1638522405745471000,68.2,1,68.1,13,68.3,9,1,2021-12-03 09:06:45
1638522408471267000,68.3,4,68.2,2,68.3,5,1,2021-12-03 09:06:48
1638522408505416000,68.3,5,68.2,2,68.4,5,1,2021-12-03 09:06:48
1638522408507901000,68.2,1,68.2,1,68.4,5,2,2021-12-03 09:06:48
1638522409677573000,68.3,1,68.3,1,68.4,5,1,2021-12-03 09:06:49
1638522411414459000,68.3,1,68.3,4,68.4,6,2,2021-12-03 09:06:51
1638522411798159000,68.3,1,68.3,3,68.4,6,2,2021-12-03 09:06:51
1638522413048147000,68.3,2,68.3,1,68.4,4,2,2021-12-03 09:06:53
1638522413278745000,68.3,1,68.2,5,68.4,4,2,2021-12-03 09:06:53
1638522414188152000,68.4,4,68.2,5,68.5,2,1,2021-12-03 09:06:54
1638522414601382000,68.2,1,68.2,4,68.5,3,2,2021-12-03 09:06:54
1638522414871003000,68.4,1,68.4,4,68.5,2,1,2021-12-03 09:06:54
1638522415158371000,68.4,2,68.4,2,68.5,2,2,2021-12-03 09:06:55
1638522415541575000,68.5,1,68.4,2,68.5,1,1,2021-12-03 09:06:55
1638522419676431000,68.4,1,68.4,4,68.5,2,2,2021-12-03 09:06:59
1638522421062972000,68.5,1,68.4,4,68.5,1,1,2021-12-03 09:07:01
1638522424398548000,68.5,1,68.4,8,68.5,2,1,2021-12-03 09:07:04
1638522424404986000,68.5,2,68.4,8,68.6,2,1,2021-12-03 09:07:04
1638522424404986000,68.6,1,68.4,8,68.6,2,1,2021-12-03 09:07:04
1638522426251510000,68.4,1,68.4,7,68.6,3,2,2021-12-03 09:07:06
1638522428027704000,68.6,2,68.5,6,68.6,1,1,2021-12-03 09:07:08
1638522430439133000,68.6,1,68.5,6,68.7,2,1,2021-12-03 09:07:10
1638522434256327000,68.6,1,68.6,2,68.7,3,2,2021-12-03 09:07:14
1638522434990884000,68.6,1,68.6,1,68.7,3,2,2021-12-03 09:07:14
1638522435037076000,68.7,1,68.6,1,68.7,2,1,2021-12-03 09:07:15
1638522436680735000,68.6,2,68.5,2,68.7,2,2,2021-12-03 09:07:16
1638522436680735000,68.5,3,68.5,2,68.7,2,2,2021-12-03 09:07:16
1638522438750516000,68.6,2,68.5,1,68.7,2,1,2021-12-03 09:07:18
1638522438750516000,68.5,1,68.5,1,68.7,2,2,2021-12-03 09:07:18
1638522440030190000,68.7,1,68.5,1,68.7,1,1,2021-12-03 09:07:20
1638522440408954000,68.5,1,68.4,6,68.7,1,2,2021-12-03 09:07:20
1638522445787254000,68.7,1,68.6,3,68.7,4,1,2021-12-03 09:07:25
1638522446147214000,68.6,1,68.6,2,68.7,6,2,2021-12-03 09:07:26
1638522447042176000,68.6,2,68.5,7,68.6,1,2,2021-12-03 09:07:27
1638522447055060000,68.5,1,68.5,6,68.6,1,2,2021-12-03 09:07:27
1638522447965913000,68.6,1,68.5,8,68.6,1,1,2021-12-03 09:07:27
1638522448296640000,68.5,1,68.5,7,68.6,1,2,2021-12-03 09:07:28
1638522449021537000,68.6,1,68.5,8,68.7,6,1,2021-12-03 09:07:29
1638522449668377000,68.6,1,68.5,7,68.7,6,2,2021-12-03 09:07:29
1638522449668377000,68.5,1,68.5,7,68.7,6,2,2021-12-03 09:07:29
1638522451817740000,68.6,1,68.5,10,68.6,1,1,2021-12-03 09:07:31
1638522452194154000,68.5,1,68.5,9,68.6,1,2,2021-12-03 09:07:32
1638522453755208000,68.6,1,68.5,10,68.6,1,1,2021-12-03 09:07:33
1638522454139095000,68.5,1,68.5,9,68.6,1,2,2021-12-03 09:07:34
1638522454530516000,68.6,1,68.5,9,68.7,7,1,2021-12-03 09:07:34
1638522455127926000,68.5,1,68.5,8,68.7,7,2,2021-12-03 09:07:35
1638522455161554000,68.5,8,68.4,9,68.7,7,2,2021-12-03 09:07:35
1638522456641276000,68.5,2,68.4,7,68.7,8,2,2021-12-03 09:07:36
1638522456744504000,68.6,1,68.4,7,68.7,7,1,2021-12-03 09:07:36
1638522461370254000,68.6,2,68.6,3,68.7,9,1,2021-12-03 09:07:41
1638522467390974000,68.7,5,68.6,9,68.7,6,1,2021-12-03 09:07:47
1638522468424139000,68.7,5,68.6,10,68.7,1,1,2021-12-03 09:07:48
1638522470957935000,68.6,1,68.6,9,68.7,2,2,2021-12-03 09:07:50
1638522471381517000,68.6,1,68.6,8,68.7,2,2,2021-12-03 09:07:51
1638522472902988000,68.7,1,68.6,8,68.7,1,1,2021-12-03 09:07:52
1638522474023931000,68.7,1,68.6,9,68.8,18,1,2021-12-03 09:07:54
1638522478212977000,68.8,2,68.7,2,68.8,16,1,2021-12-03 09:07:58
1638522481334974000,68.8,1,68.7,2,68.8,16,1,2021-12-03 09:08:01
1638522482011801000,68.8,1,68.7,2,68.8,15,1,2021-12-03 09:08:02
1638522482044926000,68.8,2,68.7,2,68.8,13,1,2021-12-03 09:08:02
1638522482067204000,68.8,10,68.7,2,68.8,3,1,2021-12-03 09:08:02
1638522482112119000,68.8,3,68.7,2,68.9,16,1,2021-12-03 09:08:02
1638522482604133000,68.9,3,68.7,2,68.9,13,1,2021-12-03 09:08:02
1638522482632104000,68.9,2,68.7,2,68.9,11,1,2021-12-03 09:08:02
1638522482790325000,68.9,1,68.8,1,68.9,10,1,2021-12-03 09:08:02
1638522482874587000,68.9,3,68.8,1,68.9,7,1,2021-12-03 09:08:02
1638522483669466000,68.9,1,68.8,1,68.9,6,1,2021-12-03 09:08:03
1638522483913500000,68.9,6,68.9,4,69.0,36,1,2021-12-03 09:08:03
1638522486591543000,69.0,2,68.9,4,69.0,34,1,2021-12-03 09:08:06
1638522487402898000,69.0,4,68.9,5,69.0,30,1,2021-12-03 09:08:07
1638522487685676000,68.9,5,68.8,4,68.9,15,2,2021-12-03 09:08:07
1638522489601689000,68.9,1,68.8,4,68.9,14,1,2021-12-03 09:08:09
1638522490843422000,68.9,1,68.8,4,68.9,14,1,2021-12-03 09:08:10
1638522491019006000,68.9,1,68.8,4,68.9,13,1,2021-12-03 09:08:11
1638522491854499000,68.8,1,68.8,3,68.9,14,2,2021-12-03 09:08:11
1638522493706338000,68.9,1,68.8,3,68.9,13,1,2021-12-03 09:08:13
1638522494685990000,68.9,10,68.8,3,68.9,3,1,2021-12-03 09:08:14
1638522496353183000,68.9,1,68.8,3,68.9,2,1,2021-12-03 09:08:16
1638522496845324000,68.9,2,68.8,5,69.0,33,1,2021-12-03 09:08:16
1638522498374284000,68.9,1,68.8,5,68.9,1,2,2021-12-03 09:08:18
1638522503960505000,68.8,2,68.8,4,68.9,1,2,2021-12-03 09:08:23
1638522504835275000,68.9,1,68.8,4,68.9,1,1,2021-12-03 09:08:24
1638522505917035000,68.9,1,68.8,7,68.9,5,1,2021-12-03 09:08:25
1638522507294083000,68.8,5,68.8,2,68.9,9,2,2021-12-03 09:08:27
1638522507721770000,68.8,2,68.7,5,68.9,14,2,2021-12-03 09:08:27
1638522509052840000,68.8,3,68.7,5,68.8,2,1,2021-12-03 09:08:29
1638522509636542000,68.8,1,68.7,5,68.8,1,1,2021-12-03 09:08:29
1638522510441487000,68.8,1,68.7,5,68.9,13,1,2021-12-03 09:08:30
1638522510441487000,68.9,1,68.7,5,68.9,13,1,2021-12-03 09:08:30
1638522510595048000,68.9,4,68.7,5,68.9,9,1,2021-12-03 09:08:30
1638522512112595000,68.9,1,68.7,5,68.9,8,1,2021-12-03 09:08:32
1638522514038270000,68.8,3,68.7,5,68.8,7,2,2021-12-03 09:08:34
1638522516181482000,68.8,7,68.8,5,68.9,8,1,2021-12-03 09:08:36
1638522518023155000,68.9,1,68.8,5,68.9,8,1,2021-12-03 09:08:38
1638522518782238000,68.8,5,68.7,6,68.8,5,2,2021-12-03 09:08:38
1638522522646166000,68.7,1,68.7,5,68.8,7,2,2021-12-03 09:08:42
1638522522682532000,68.7,5,68.6,9,68.8,7,2,2021-12-03 09:08:42
1638522522743868000,68.6,5,68.6,4,68.7,2,2,2021-12-03 09:08:42
1638522522777944000,68.6,4,68.5,27,68.7,2,2,2021-12-03 09:08:42
1638522524410302000,68.6,1,68.5,27,68.7,2,2,2021-12-03 09:08:44
1638522526376409000,68.5,2,68.5,35,68.6,2,2,2021-12-03 09:08:46
1638522528302116000,68.6,1,68.5,36,68.6,1,1,2021-12-03 09:08:48
1638522528807602000,68.6,1,68.5,36,68.7,2,1,2021-12-03 09:08:48
1638522530748725000,68.6,1,68.5,36,68.7,2,2,2021-12-03 09:08:50
1638522540165131000,68.6,2,68.5,49,68.6,4,1,2021-12-03 09:09:00
1638522540206197000,68.5,8,68.5,41,68.6,4,2,2021-12-03 09:09:00
1638522540270314000,68.5,1,68.5,40,68.6,4,2,2021-12-03 09:09:00
1638522540332518000,68.5,1,68.5,39,68.6,4,2,2021-12-03 09:09:00
1638522540937878000,68.6,1,68.5,39,68.6,4,1,2021-12-03 09:09:00
1638522541088408000,68.6,1,68.5,39,68.6,3,1,2021-12-03 09:09:01
1638522541817666000,68.5,1,68.5,38,68.6,3,2,2021-12-03 09:09:01
1638522543400698000,68.6,1,68.5,38,68.6,2,1,2021-12-03 09:09:03
1638522544723166000,68.5,2,68.5,37,68.6,2,2,2021-12-03 09:09:04
1638522545371495000,68.5,1,68.5,38,68.6,2,2,2021-12-03 09:09:05
1638522545769516000,68.5,5,68.5,33,68.6,2,2,2021-12-03 09:09:05
1638522546267802000,68.6,2,68.6,3,68.7,2,1,2021-12-03 09:09:06
1638522555607573000,68.7,4,68.6,5,68.8,10,1,2021-12-03 09:09:15
1638522555643669000,68.6,5,68.5,35,68.7,1,2,2021-12-03 09:09:15
1638522556116261000,68.6,1,68.6,1,68.7,3,2,2021-12-03 09:09:16
1638522558230881000,68.7,5,68.6,1,68.8,10,1,2021-12-03 09:09:18
1638522563966879000,68.6,1,68.6,2,68.7,2,2,2021-12-03 09:09:23
1638522564038205000,68.6,1,68.6,1,68.7,2,2,2021-12-03 09:09:24
1638522564976204000,68.7,2,68.7,8,68.8,12,1,2021-12-03 09:09:24
1638522566580747000,68.7,2,68.7,6,68.8,10,2,2021-12-03 09:09:26
1638522567164255000,68.7,1,68.7,7,68.8,10,2,2021-12-03 09:09:27
1638522567691352000,68.7,5,68.7,2,68.8,10,2,2021-12-03 09:09:27
1638522569248280000,68.7,2,68.6,1,68.7,1,2,2021-12-03 09:09:29
1638522569274031000,68.6,1,68.5,36,68.7,1,2,2021-12-03 09:09:29
1638522571315744000,68.6,2,68.5,18,68.7,1,2,2021-12-03 09:09:31
1638522571315744000,68.5,18,68.5,18,68.7,1,2,2021-12-03 09:09:31
1638522571392110000,68.5,2,68.5,16,68.6,1,2,2021-12-03 09:09:31
1638522575649429000,68.5,1,68.5,16,68.6,4,2,2021-12-03 09:09:35
1638522576927774000,68.5,1,68.5,15,68.6,4,2,2021-12-03 09:09:36
1638522577498889000,68.5,2,68.5,13,68.6,4,2,2021-12-03 09:09:37
1638522578273810000,68.5,1,68.5,12,68.6,4,2,2021-12-03 09:09:38
1638522579085383000,68.5,1,68.5,9,68.6,4,2,2021-12-03 09:09:39
1638522579829275000,68.5,1,68.5,8,68.6,4,2,2021-12-03 09:09:39
1638522580285541000,68.5,2,68.5,6,68.6,4,2,2021-12-03 09:09:40
1638522582552018000,68.5,3,68.5,3,68.6,4,2,2021-12-03 09:09:42
1638522582588791000,68.5,1,68.5,2,68.6,4,2,2021-12-03 09:09:42
1638522582608677000,68.5,1,68.5,1,68.6,4,2,2021-12-03 09:09:42
1638522583032976000,68.5,1,68.4,6,68.6,4,2,2021-12-03 09:09:43
1638522587278693000,68.5,1,68.4,13,68.5,2,1,2021-12-03 09:09:47
1638522590080962000,68.5,1,68.4,13,68.5,1,1,2021-12-03 09:09:50
1638522590106135000,68.5,1,68.5,7,68.6,3,1,2021-12-03 09:09:50
1638522591855749000,68.5,1,68.5,20,68.6,1,2,2021-12-03 09:09:51
1638522594228594000,68.5,1,68.5,21,68.6,1,2,2021-12-03 09:09:54
1638522594504964000,68.5,1,68.5,21,68.6,1,2,2021-12-03 09:09:54
1638522596870317000,68.5,1,68.5,21,68.6,1,2,2021-12-03 09:09:56
1638522597191494000,68.6,1,68.6,2,68.7,5,1,2021-12-03 09:09:57
1638522598394555000,68.6,1,68.6,2,68.7,3,2,2021-12-03 09:09:58
1638522599304054000,68.6,1,68.6,1,68.7,3,2,2021-12-03 09:09:59
1638522599323739000,68.6,1,68.5,21,68.7,3,2,2021-12-03 09:09:59
1638522600888026000,68.5,2,68.5,20,68.6,10,2,2021-12-03 09:10:00
1638522601667343000,68.6,1,68.5,20,68.6,9,1,2021-12-03 09:10:01
1638522602565482000,68.6,4,68.5,20,68.6,5,1,2021-12-03 09:10:02
1638522602598706000,68.5,1,68.5,19,68.6,5,2,2021-12-03 09:10:02
1638522604835477000,68.5,1,68.5,18,68.6,16,2,2021-12-03 09:10:04
1638522605165075000,68.5,1,68.5,18,68.6,16,2,2021-12-03 09:10:05
1638522605342298000,68.6,2,68.5,18,68.6,14,1,2021-12-03 09:10:05
1638522605378511000,68.5,2,68.5,16,68.6,14,2,2021-12-03 09:10:05
1638522605446609000,68.5,5,68.5,11,68.6,14,2,2021-12-03 09:10:05
1638522605475492000,68.5,1,68.5,10,68.6,14,2,2021-12-03 09:10:05
1638522605491702000,68.5,1,68.5,9,68.6,14,2,2021-12-03 09:10:05
1638522605830972000,68.6,1,68.5,9,68.6,13,1,2021-12-03 09:10:05
1638522606076744000,68.5,5,68.5,4,68.6,13,2,2021-12-03 09:10:06
1638522606122696000,68.5,1,68.5,3,68.6,13,2,2021-12-03 09:10:06
1638522606155837000,68.5,1,68.5,2,68.6,13,2,2021-12-03 09:10:06
1638522607972989000,68.5,1,68.5,2,68.6,13,2,2021-12-03 09:10:07
1638522608163330000,68.6,1,68.5,2,68.6,12,1,2021-12-03 09:10:08
1638522610951709000,68.5,2,68.4,15,68.6,13,2,2021-12-03 09:10:10
1638522611263660000,68.6,5,68.4,15,68.6,8,1,2021-12-03 09:10:11
1638522611491144000,68.5,1,68.4,16,68.6,8,2,2021-12-03 09:10:11
1638522616068480000,68.6,2,68.4,16,68.6,25,1,2021-12-03 09:10:16
1638522617651098000,68.4,1,68.4,16,68.6,25,2,2021-12-03 09:10:17
1638522617836386000,68.6,3,68.4,15,68.6,22,1,2021-12-03 09:10:17
1638522618044919000,68.6,1,68.4,15,68.6,21,1,2021-12-03 09:10:18
1638522619193316000,68.4,5,68.4,10,68.6,21,2,2021-12-03 09:10:19
1638522622646413000,68.4,1,68.4,10,68.5,19,2,2021-12-03 09:10:22
1638522624071785000,68.5,1,68.4,10,68.5,18,1,2021-12-03 09:10:24
1638522624379080000,68.5,3,68.4,10,68.5,15,1,2021-12-03 09:10:24
1638522624414635000,68.4,1,68.4,9,68.5,15,2,2021-12-03 09:10:24
1638522625927342000,68.5,1,68.4,9,68.5,14,1,2021-12-03 09:10:25
1638522630470545000,68.5,10,68.4,9,68.5,9,1,2021-12-03 09:10:30
1638522632741036000,68.5,1,68.4,9,68.5,9,1,2021-12-03 09:10:32
1638522633026825000,68.5,8,68.4,9,68.5,1,1,2021-12-03 09:10:33
1638522633060211000,68.5,1,68.4,9,68.6,18,1,2021-12-03 09:10:33
1638522633170761000,68.6,2,68.4,10,68.6,16,1,2021-12-03 09:10:33
1638522633209685000,68.6,8,68.4,10,68.6,8,1,2021-12-03 09:10:33
1638522633251450000,68.6,3,68.4,10,68.6,5,1,2021-12-03 09:10:33
1638522633285959000,68.6,5,68.4,10,68.7,2,1,2021-12-03 09:10:33
1638522633457111000,68.4,1,68.4,9,68.7,2,2,2021-12-03 09:10:33
1638522637763083000,68.6,1,68.5,4,68.6,4,1,2021-12-03 09:10:37
1638522638076572000,68.6,3,68.5,5,68.6,1,1,2021-12-03 09:10:38
1638522638107954000,68.6,1,68.5,6,68.7,2,1,2021-12-03 09:10:38
1638522640650122000,68.6,1,68.5,9,68.7,4,2,2021-12-03 09:10:40
1638522643708147000,68.6,3,68.5,9,68.7,2,1,2021-12-03 09:10:43
1638522643708147000,68.7,2,68.5,9,68.7,2,1,2021-12-03 09:10:43
1638522644575575000,68.6,2,68.5,8,68.7,2,2,2021-12-03 09:10:44
1638522647110356000,68.7,2,68.7,1,68.8,13,1,2021-12-03 09:10:47
1638522647258936000,68.7,1,68.5,8,68.6,4,2,2021-12-03 09:10:47
1638522653676953000,68.8,1,68.7,9,68.8,13,1,2021-12-03 09:10:53
1638522653697023000,68.8,2,68.7,9,68.8,11,1,2021-12-03 09:10:53
1638522654856607000,68.8,5,68.7,9,68.8,6,1,2021-12-03 09:10:54
1638522654892745000,68.8,6,68.7,9,68.9,6,1,2021-12-03 09:10:54
1638522656261263000,68.9,1,68.7,9,68.9,6,1,2021-12-03 09:10:56
1638522656292445000,68.9,2,68.7,10,68.9,4,1,2021-12-03 09:10:56
1638522660705044000,68.9,1,68.8,3,68.9,4,1,2021-12-03 09:11:00
1638522662068040000,68.9,1,68.8,3,68.9,3,1,2021-12-03 09:11:02
1638522662419349000,68.9,2,68.8,3,68.9,1,1,2021-12-03 09:11:02
1638522662598302000,68.9,1,68.8,3,69.0,39,1,2021-12-03 09:11:02
1638522668575244000,69.0,1,68.9,8,69.0,39,1,2021-12-03 09:11:08
1638522670193061000,69.0,1,68.9,9,69.0,38,1,2021-12-03 09:11:10
1638522670208834000,69.0,1,68.9,8,69.0,37,1,2021-12-03 09:11:10
1638522673057871000,69.0,1,68.9,10,69.0,37,1,2021-12-03 09:11:13
1638522674507270000,68.9,1,68.9,9,69.0,37,2,2021-12-03 09:11:14
1638522675147255000,69.0,1,68.9,9,69.0,36,1,2021-12-03 09:11:15
1638522675603796000,69.0,1,68.9,9,69.0,35,1,2021-12-03 09:11:15
1638522675969540000,69.0,1,68.9,8,69.0,34,1,2021-12-03 09:11:15
1638522678053672000,69.0,5,68.9,9,69.0,30,1,2021-12-03 09:11:18
1638522679104779000,69.0,1,68.9,10,69.0,30,1,2021-12-03 09:11:19
1638522679157243000,69.0,1,68.9,10,69.0,29,1,2021-12-03 09:11:19
1638522679325801000,69.0,1,68.9,10,69.0,28,1,2021-12-03 09:11:19
1638522680253196000,69.0,3,68.9,10,69.0,25,1,2021-12-03 09:11:20
1638522680274475000,69.0,8,68.9,10,69.0,17,1,2021-12-03 09:11:20
1638522682641131000,69.0,3,68.9,20,69.0,11,1,2021-12-03 09:11:22
1638522683098161000,69.0,11,69.0,8,69.1,5,1,2021-12-03 09:11:23
1638522684352894000,69.1,5,69.0,15,69.1,2,1,2021-12-03 09:11:24
1638522684856319000,69.1,2,69.0,15,69.3,7,1,2021-12-03 09:11:24
1638522687297217000,69.3,1,69.2,1,69.3,7,1,2021-12-03 09:11:27
1638522691633999000,69.3,1,69.2,1,69.3,8,1,2021-12-03 09:11:31
1638522694502946000,69.3,2,69.2,3,69.3,10,1,2021-12-03 09:11:34
1638522694691899000,69.3,1,69.2,3,69.3,9,1,2021-12-03 09:11:34
1638522695279853000,69.2,1,69.2,3,69.3,9,2,2021-12-03 09:11:35
1638522696951649000,69.3,2,69.2,3,69.3,7,1,2021-12-03 09:11:36
1638522698908217000,69.3,1,69.2,3,69.3,9,1,2021-12-03 09:11:38
1638522699939418000,69.2,1,69.2,7,69.3,9,2,2021-12-03 09:11:39
1638522700175515000,69.3,1,69.2,7,69.3,8,1,2021-12-03 09:11:40
1638522700725240000,69.3,5,69.2,7,69.3,3,1,2021-12-03 09:11:40
1638522701619511000,69.3,1,69.2,9,69.3,2,1,2021-12-03 09:11:41
1638522702189795000,69.3,1,69.2,13,69.3,1,1,2021-12-03 09:11:42
1638522702228425000,69.3,1,69.2,13,69.4,11,1,2021-12-03 09:11:42
1638522703422625000,69.3,1,69.2,16,69.3,2,2,2021-12-03 09:11:43
1638522703792022000,69.3,2,69.3,2,69.4,11,1,2021-12-03 09:11:43
1638522704885898000,69.3,1,69.3,3,69.4,12,2,2021-12-03 09:11:44
1638522705741434000,69.3,1,69.3,3,69.4,12,2,2021-12-03 09:11:45
1638522706168889000,69.3,1,69.3,2,69.4,12,2,2021-12-03 09:11:46
1638522706534740000,69.4,1,69.3,2,69.4,11,1,2021-12-03 09:11:46
1638522709644382000,69.4,1,69.3,3,69.4,13,1,2021-12-03 09:11:49
1638522710057398000,69.4,2,69.3,5,69.4,11,1,2021-12-03 09:11:50
1638522710074231000,69.3,5,69.2,20,69.4,11,2,2021-12-03 09:11:50
1638522710447114000,69.4,1,69.2,21,69.4,10,1,2021-12-03 09:11:50
1638522710832707000,69.4,1,69.2,21,69.4,9,1,2021-12-03 09:11:50
1638522711295189000,69.2,2,69.2,19,69.4,9,2,2021-12-03 09:11:51
1638522711484521000,69.4,1,69.2,19,69.4,8,1,2021-12-03 09:11:51
1638522712205825000,69.3,1,69.2,19,69.3,1,2,2021-12-03 09:11:52
1638522712996731000,69.3,1,69.2,19,69.3,1,1,2021-12-03 09:11:52
1638522713104317000,69.3,1,69.2,19,69.4,8,1,2021-12-03 09:11:53
1638522713112788000,69.4,1,69.2,19,69.4,7,1,2021-12-03 09:11:53
1638522713631187000,69.4,2,69.2,19,69.4,5,1,2021-12-03 09:11:53
1638522715519417000,69.4,1,69.3,6,69.4,7,1,2021-12-03 09:11:55
1638522716172724000,69.4,1,69.3,7,69.4,6,1,2021-12-03 09:11:56
1638522716351929000,69.4,1,69.3,7,69.4,5,1,2021-12-03 09:11:56
1638522716420693000,69.4,1,69.3,7,69.4,4,1,2021-12-03 09:11:56
1638522717601194000,69.4,5,69.3,8,69.5,13,1,2021-12-03 09:11:57
1638522719105669000,69.4,1,69.2,19,69.3,13,2,2021-12-03 09:11:59
1638522719105669000,69.3,8,69.2,19,69.3,13,2,2021-12-03 09:11:59
1638522719519899000,69.3,1,69.2,19,69.3,12,1,2021-12-03 09:11:59
1638522719924858000,69.3,2,69.2,19,69.3,12,1,2021-12-03 09:11:59
1638522720525834000,69.2,3,69.2,16,69.3,12,2,2021-12-03 09:12:00
1638522720717923000,69.2,15,69.2,1,69.3,22,2,2021-12-03 09:12:00
1638522720758126000,69.2,1,69.1,9,69.3,22,2,2021-12-03 09:12:00
1638522721145177000,69.3,1,69.1,9,69.3,21,1,2021-12-03 09:12:01
1638522721578646000,69.2,3,69.1,9,69.3,19,2,2021-12-03 09:12:01
1638522721578646000,69.3,2,69.1,9,69.3,19,1,2021-12-03 09:12:01
1638522721608129000,69.3,2,69.1,9,69.3,17,1,2021-12-03 09:12:01
1638522728671742000,69.1,8,69.1,1,69.2,4,2,2021-12-03 09:12:08
1638522728705317000,69.1,1,69.0,20,69.2,4,2,2021-12-03 09:12:08
1638522730832415000,69.0,2,69.0,17,69.1,2,2,2021-12-03 09:12:10
1638522730878290000,69.0,2,69.0,15,69.1,2,2,2021-12-03 09:12:10
1638522730926384000,69.0,2,69.0,13,69.1,2,2,2021-12-03 09:12:10
1638522730992211000,69.1,1,69.0,13,69.1,1,1,2021-12-03 09:12:10
1638522732566476000,69.1,4,69.0,9,69.2,7,1,2021-12-03 09:12:12
1638522732566476000,69.2,1,69.0,9,69.2,7,1,2021-12-03 09:12:12
1638522732569623000,69.2,1,69.0,9,69.2,6,1,2021-12-03 09:12:12
1638522732805130000,69.1,1,69.0,9,69.3,20,2,2021-12-03 09:12:12
1638522732805130000,69.2,6,69.0,9,69.3,20,1,2021-12-03 09:12:12
1638522732805130000,69.3,3,69.0,9,69.3,20,1,2021-12-03 09:12:12
1638522732836135000,69.0,2,69.0,7,69.3,20,2,2021-12-03 09:12:12
1638522733636020000,69.1,1,69.1,2,69.3,20,1,2021-12-03 09:12:13
1638522738049300000,69.2,1,69.1,2,69.2,2,1,2021-12-03 09:12:18
1638522741865640000,69.2,1,69.1,15,69.2,4,1,2021-12-03 09:12:21
1638522744114311000,69.2,10,69.1,15,69.3,28,1,2021-12-03 09:12:24
1638522745256064000,69.2,1,69.1,17,69.3,29,1,2021-12-03 09:12:25
1638522747104438000,69.2,1,69.1,18,69.2,1,1,2021-12-03 09:12:27
1638522749450492000,69.2,1,69.1,18,69.3,39,1,2021-12-03 09:12:29
1638522750199681000,69.2,1,69.1,18,69.2,1,1,2021-12-03 09:12:30
1638522752543580000,69.2,1,69.1,28,69.2,8,1,2021-12-03 09:12:32
1638522753920474000,69.2,1,69.1,29,69.2,9,1,2021-12-03 09:12:33
1638522756495314000,69.2,1,69.1,30,69.2,11,1,2021-12-03 09:12:36
1638522761230139000,69.1,20,69.1,10,69.2,14,2,2021-12-03 09:12:41
1638522761266627000,69.1,2,69.1,8,69.2,14,2,2021-12-03 09:12:41
1638522761330034000,69.1,1,69.1,7,69.2,14,2,2021-12-03 09:12:41
1638522762327784000,69.1,2,69.1,5,69.2,14,2,2021-12-03 09:12:42
1638522762520829000,69.1,5,69.0,7,69.1,3,2,2021-12-03 09:12:42
1638522764630656000,69.1,1,69.0,7,69.1,8,1,2021-12-03 09:12:44
1638522765472155000,69.1,1,69.0,7,69.1,8,1,2021-12-03 09:12:45
1638522767023102000,69.1,9,69.1,1,69.2,12,1,2021-12-03 09:12:47
1638522767061060000,69.1,1,69.0,6,69.2,12,2,2021-12-03 09:12:47
1638522767061060000,69.0,1,69.0,6,69.2,12,2,2021-12-03 09:12:47
1638522769304883000,69.1,1,69.0,11,69.2,12,1,2021-12-03 09:12:49
1638522770302995000,69.0,1,69.0,10,69.1,2,2,2021-12-03 09:12:50
1638522770708379000,69.0,1,69.0,9,69.1,2,2,2021-12-03 09:12:50
1638522774214252000,69.1,1,69.0,10,69.1,3,1,2021-12-03 09:12:54
1638522776799290000,69.0,1,69.0,9,69.1,5,2,2021-12-03 09:12:56
1638522776826400000,69.0,3,69.0,6,69.1,5,2,2021-12-03 09:12:56
1638522776860580000,69.0,1,69.0,5,69.1,5,2,2021-12-03 09:12:56
1638522779046481000,69.1,1,69.0,5,69.1,10,1,2021-12-03 09:12:59
1638522781481096000,69.1,1,69.0,5,69.1,11,1,2021-12-03 09:13:01
1638522782184571000,69.0,5,68.9,9,69.1,11,2,2021-12-03 09:13:02
1638522782184571000,68.9,7,68.9,9,69.1,11,2,2021-12-03 09:13:02
1638522784755424000,68.9,3,68.9,6,69.0,1,2,2021-12-03 09:13:04
1638522784785053000,68.9,2,68.9,4,69.0,1,2,2021-12-03 09:13:04
1638522785250078000,69.0,1,68.9,4,69.1,13,1,2021-12-03 09:13:05
1638522789215326000,68.9,3,68.8,8,68.9,2,2,2021-12-03 09:13:09
1638522790538963000,68.8,1,68.8,6,68.9,9,2,2021-12-03 09:13:10
1638522792753878000,68.8,1,68.8,5,68.9,9,2,2021-12-03 09:13:12
1638522800107582000,68.8,1,68.8,4,68.9,11,2,2021-12-03 09:13:20
1638522800150160000,68.8,1,68.8,3,68.9,11,2,2021-12-03 09:13:20
1638522801160449000,68.8,2,68.8,3,68.9,11,2,2021-12-03 09:13:21
1638522804005731000,68.8,1,68.8,2,68.9,13,2,2021-12-03 09:13:24
1638522804921818000,68.9,1,68.8,2,68.9,12,1,2021-12-03 09:13:24
1638522805224513000,68.8,2,68.7,3,68.9,10,2,2021-12-03 09:13:25
1638522805471643000,68.8,1,68.7,2,68.8,1,1,2021-12-03 09:13:25
1638522810728793000,68.8,1,68.7,2,68.8,10,1,2021-12-03 09:13:30
1638522811537923000,68.8,5,68.7,2,68.8,6,1,2021-12-03 09:13:31
1638522814995682000,68.8,1,68.7,4,68.8,10,1,2021-12-03 09:13:34
1638522816086121000,68.8,7,68.7,4,68.8,3,1,2021-12-03 09:13:36
1638522816303484000,68.8,2,68.7,4,68.9,1,1,2021-12-03 09:13:36
1638522816836434000,68.8,1,68.7,4,68.9,1,1,2021-12-03 09:13:36
1638522820613666000,68.8,1,68.8,12,68.9,3,2,2021-12-03 09:13:40
1638522821316975000,68.9,1,68.8,12,68.9,2,1,2021-12-03 09:13:41
1638522821363141000,68.9,1,68.8,12,68.9,1,1,2021-12-03 09:13:41
1638522821518011000,68.9,1,68.8,12,69.0,9,1,2021-12-03 09:13:41
1638522830639260000,69.0,7,68.9,1,69.0,5,1,2021-12-03 09:13:50
1638522830677154000,69.0,5,68.9,1,69.1,8,1,2021-12-03 09:13:50
1638522830698966000,68.9,1,68.8,18,69.1,8,2,2021-12-03 09:13:50
1638522831325735000,69.0,1,68.8,18,69.1,8,1,2021-12-03 09:13:51
1638522832180584000,69.1,8,68.8,20,69.2,17,1,2021-12-03 09:13:52
1638522841422386000,69.1,1,68.9,3,69.2,19,2,2021-12-03 09:14:01
1638522845233837000,69.0,5,69.0,6,69.2,19,2,2021-12-03 09:14:05
1638522846466153000,69.1,1,69.0,7,69.2,19,1,2021-12-03 09:14:06
1638522851375735000,69.1,3,69.0,6,69.2,21,2,2021-12-03 09:14:11
1638522851375735000,69.0,1,69.0,6,69.2,21,2,2021-12-03 09:14:11
1638522855515378000,69.0,1,69.0,8,69.1,10,2,2021-12-03 09:14:15
1638522860525459000,69.1,1,69.0,10,69.1,17,1,2021-12-03 09:14:20
1638522861073038000,69.0,1,69.0,9,69.1,17,2,2021-12-03 09:14:21
1638522868907630000,69.0,9,68.9,2,69.1,22,2,2021-12-03 09:14:28
1638522872708004000,69.0,1,69.0,1,69.1,24,2,2021-12-03 09:14:32
1638522872740763000,69.0,1,68.9,2,69.1,24,2,2021-12-03 09:14:32
1638522878652111000,69.0,1,68.9,3,69.0,11,1,2021-12-03 09:14:38
1638522880638424000,69.0,3,68.9,3,69.0,10,1,2021-12-03 09:14:40
1638522880705244000,69.0,1,68.9,3,69.0,9,1,2021-12-03 09:14:40
1638522880963397000,69.0,5,68.9,3,69.0,4,1,2021-12-03 09:14:40
1638522881093288000,69.0,2,68.9,3,69.0,2,1,2021-12-03 09:14:41
1638522883732746000,69.0,1,68.9,3,69.0,1,1,2021-12-03 09:14:43
1638522884264588000,69.0,1,69.0,3,69.1,15,1,2021-12-03 09:14:44
1638522890809051000,69.0,8,68.9,6,69.0,2,2,2021-12-03 09:14:50
1638522891450972000,69.0,2,68.9,6,69.1,13,1,2021-12-03 09:14:51
1638522891450972000,69.1,3,68.9,6,69.1,13,1,2021-12-03 09:14:51
1638522892039292000,69.1,7,69.0,10,69.1,4,1,2021-12-03 09:14:52
1638522892072341000,69.1,4,69.0,10,69.2,22,1,2021-12-03 09:14:52
1638522893398382000,69.0,1,69.0,9,69.2,23,2,2021-12-03 09:14:53
1638522902336275000,69.2,9,69.1,2,69.2,16,1,2021-12-03 09:15:02
1638522904596357000,69.2,1,69.1,2,69.2,16,1,2021-12-03 09:15:04
1638522910687716000,69.1,2,69.0,11,69.1,3,2,2021-12-03 09:15:10
1638522910923059000,69.1,3,69.0,11,69.2,8,1,2021-12-03 09:15:10
1638522910923059000,69.2,12,69.0,11,69.2,8,1,2021-12-03 09:15:10
1638522912555718000,69.1,1,69.0,11,69.2,9,2,2021-12-03 09:15:12
1638522913299573000,69.2,1,69.0,14,69.2,8,1,2021-12-03 09:15:13
1638522913340864000,69.2,2,69.1,1,69.2,6,1,2021-12-03 09:15:13
1638522916450455000,69.1,1,68.9,8,69.2,8,2,2021-12-03 09:15:16
1638522916450455000,69.0,18,68.9,8,69.2,8,2,2021-12-03 09:15:16
1638522916450455000,68.9,1,68.9,8,69.2,8,2,2021-12-03 09:15:16
1638522918808240000,69.2,2,68.9,8,69.2,9,1,2021-12-03 09:15:18
1638522922732384000,68.9,1,68.9,8,69.0,2,2,2021-12-03 09:15:22
1638522923035475000,69.0,1,68.9,8,69.0,1,1,2021-12-03 09:15:23
1638522926666551000,68.9,1,68.9,7,69.0,1,2,2021-12-03 09:15:26
1638522926773995000,68.9,4,68.9,3,69.0,7,2,2021-12-03 09:15:26
1638522926847843000,68.9,2,68.9,1,69.0,7,2,2021-12-03 09:15:26
1638522926888513000,68.9,1,68.8,23,69.0,7,2,2021-12-03 09:15:26
1638522929840212000,69.0,1,68.8,23,69.0,6,1,2021-12-03 09:15:29
1638522930346633000,68.9,1,68.8,23,69.0,6,2,2021-12-03 09:15:30
1638522933890718000,68.9,2,68.8,23,69.0,6,2,2021-12-03 09:15:33
1638522934075991000,68.8,1,68.8,22,69.0,6,2,2021-12-03 09:15:34
1638522934098643000,68.8,9,68.8,13,69.0,6,2,2021-12-03 09:15:34
1638522934218243000,69.0,3,68.8,13,69.0,3,1,2021-12-03 09:15:34
1638522937407433000,69.0,3,69.0,1,69.1,12,1,2021-12-03 09:15:37
1638522938349608000,69.0,1,68.8,13,69.0,21,2,2021-12-03 09:15:38
1638522942352660000,68.9,1,68.8,13,69.0,21,2,2021-12-03 09:15:42
1638522943699964000,69.0,1,68.8,15,69.0,20,1,2021-12-03 09:15:43
1638522947381504000,68.9,2,68.9,1,69.0,24,2,2021-12-03 09:15:47
1638522947414362000,69.0,1,68.9,1,69.0,23,1,2021-12-03 09:15:47
1638522955978317000,69.0,2,68.9,2,69.0,25,1,2021-12-03 09:15:55
1638522956018482000,68.9,1,68.9,1,69.0,25,2,2021-12-03 09:15:56
1638522961882366000,68.9,1,68.9,1,69.0,30,2,2021-12-03 09:16:01
1638522961914619000,68.9,1,68.8,14,69.0,30,2,2021-12-03 09:16:01
1638522962818418000,68.8,10,68.8,4,69.0,30,2,2021-12-03 09:16:02
1638522962859360000,68.8,4,68.7,3,69.0,31,2,2021-12-03 09:16:02
1638522974818017000,68.8,1,68.7,4,68.8,4,1,2021-12-03 09:16:14
1638522976102909000,68.7,2,68.7,2,68.8,15,2,2021-12-03 09:16:16
1638522977002533000,68.8,5,68.7,2,68.8,10,1,2021-12-03 09:16:17
1638522977041923000,68.7,1,68.7,1,68.8,10,2,2021-12-03 09:16:17
1638522977396549000,68.7,1,68.6,8,68.8,10,2,2021-12-03 09:16:17
1638522979041108000,68.6,5,68.6,3,68.7,11,2,2021-12-03 09:16:19
1638522979386399000,68.6,3,68.5,14,68.7,15,2,2021-12-03 09:16:19
1638522979386399000,68.5,2,68.5,14,68.7,15,2,2021-12-03 09:16:19
1638522979758147000,68.5,5,68.5,9,68.6,1,2,2021-12-03 09:16:19
1638522982610789000,68.5,1,68.5,8,68.6,1,2,2021-12-03 09:16:22
1638522985883777000,68.5,4,68.5,5,68.6,2,2,2021-12-03 09:16:25
1638522985905653000,68.5,1,68.5,4,68.6,2,2,2021-12-03 09:16:25
1638522987789812000,68.5,4,68.4,5,68.6,16,2,2021-12-03 09:16:27
1638522992117801000,68.5,5,68.4,7,68.6,19,2,2021-12-03 09:16:32
1638522992900766000,68.4,1,68.4,6,68.6,19,2,2021-12-03 09:16:32
1638522992934925000,68.4,1,68.4,5,68.6,19,2,2021-12-03 09:16:32
1638522997398976000,68.5,1,68.4,6,68.6,19,1,2021-12-03 09:16:37
1638523001359451000,68.4,1,68.4,6,68.6,20,2,2021-12-03 09:16:41
1638523001807517000,68.4,6,68.3,21,68.4,16,2,2021-12-03 09:16:41
1638523001835899000,68.3,1,68.3,20,68.4,16,2,2021-12-03 09:16:41
1638523001878842000,68.3,1,68.3,19,68.4,16,2,2021-12-03 09:16:41
1638523002923835000,68.3,19,68.2,31,68.3,3,2,2021-12-03 09:16:42
1638523005027062000,68.3,3,68.2,31,68.4,30,1,2021-12-03 09:16:45
1638523005027062000,68.4,2,68.2,31,68.4,30,1,2021-12-03 09:16:45
1638523005219817000,68.3,1,68.2,31,68.4,30,2,2021-12-03 09:16:45
1638523008018442000,68.3,1,68.2,31,68.3,1,1,2021-12-03 09:16:48
1638523010106610000,68.2,1,68.2,30,68.3,29,2,2021-12-03 09:16:50
1638523010124561000,68.2,5,68.2,25,68.3,29,2,2021-12-03 09:16:50
1638523010141858000,68.2,1,68.2,24,68.3,29,2,2021-12-03 09:16:50
1638523010175057000,68.2,2,68.2,22,68.3,11,2,2021-12-03 09:16:50
1638523010216459000,68.3,11,68.3,7,68.4,14,1,2021-12-03 09:16:50
1638523011928309000,68.3,1,68.3,7,68.4,15,2,2021-12-03 09:16:51
1638523012368388000,68.4,1,68.3,7,68.4,14,1,2021-12-03 09:16:52
1638523013943077000,68.4,2,68.3,17,68.4,12,1,2021-12-03 09:16:53
1638523014053689000,68.3,1,68.3,16,68.4,12,2,2021-12-03 09:16:54
1638523015440619000,68.3,1,68.3,15,68.4,12,2,2021-12-03 09:16:55
1638523015553110000,68.3,3,68.3,12,68.4,12,2,2021-12-03 09:16:55
1638523015580211000,68.4,2,68.3,12,68.4,10,1,2021-12-03 09:16:55
1638523015753027000,68.3,1,68.3,11,68.4,10,2,2021-12-03 09:16:55
1638523017430940000,68.4,13,68.4,6,68.6,5,1,2021-12-03 09:16:57
1638523018315808000,68.4,1,68.4,6,68.6,5,2,2021-12-03 09:16:58
1638523018591313000,68.4,7,68.3,11,68.6,5,2,2021-12-03 09:16:58
1638523018591313000,68.3,1,68.3,11,68.6,5,2,2021-12-03 09:16:58
1638523019596969000,68.3,1,68.3,15,68.6,5,2,2021-12-03 09:16:59
1638523020487396000,68.3,1,68.3,14,68.6,5,2,2021-12-03 09:17:00
1638523023504675000,68.3,15,68.2,24,68.6,5,2,2021-12-03 09:17:03
1638523026514827000,68.3,10,68.2,24,68.3,8,1,2021-12-03 09:17:06
1638523026545894000,68.2,1,68.2,23,68.3,8,2,2021-12-03 09:17:06
1638523027315784000,68.2,2,68.2,21,68.3,8,2,2021-12-03 09:17:07
1638523030552356000,68.2,5,68.2,16,68.3,9,2,2021-12-03 09:17:10
1638523030616699000,68.2,1,68.2,15,68.3,9,2,2021-12-03 09:17:10
1638523034757493000,68.3,1,68.2,16,68.3,8,1,2021-12-03 09:17:14
1638523034882648000,68.2,10,68.2,6,68.3,8,2,2021-12-03 09:17:14
1638523034912443000,68.2,1,68.2,5,68.3,8,2,2021-12-03 09:17:14
1638523036587868000,68.2,1,68.2,4,68.3,9,2,2021-12-03 09:17:16
1638523036962599000,68.2,4,68.1,54,68.2,1,2,2021-12-03 09:17:16
1638523038012100000,68.1,1,68.1,53,68.2,14,2,2021-12-03 09:17:18
1638523038139523000,68.2,1,68.1,53,68.2,13,1,2021-12-03 09:17:18
1638523038242810000,68.1,10,68.1,43,68.2,13,2,2021-12-03 09:17:18
1638523038288726000,68.1,2,68.1,41,68.2,13,2,2021-12-03 09:17:18
1638523039306021000,68.2,1,68.1,42,68.2,12,1,2021-12-03 09:17:19
1638523039721546000,68.1,10,68.1,31,68.2,12,2,2021-12-03 09:17:19
1638523039754777000,68.1,2,68.1,29,68.2,12,2,2021-12-03 09:17:19
1638523040418628000,68.1,3,68.1,26,68.2,16,2,2021-12-03 09:17:20
1638523040452581000,68.1,2,68.1,24,68.2,16,2,2021-12-03 09:17:20
1638523040599371000,68.1,1,68.1,23,68.2,16,2,2021-12-03 09:17:20
1638523041330395000,68.1,2,68.1,21,68.2,16,2,2021-12-03 09:17:21
1638523043488957000,68.1,5,68.1,15,68.2,21,2,2021-12-03 09:17:23
1638523043962798000,68.1,1,68.1,14,68.2,21,2,2021-12-03 09:17:23
1638523045042104000,68.1,8,68.1,6,68.2,22,2,2021-12-03 09:17:25
1638523045781773000,68.1,1,68.1,5,68.2,23,2,2021-12-03 09:17:25
1638523045812012000,68.1,2,68.1,3,68.2,23,2,2021-12-03 09:17:25
1638523046198106000,68.1,2,68.1,1,68.2,23,2,2021-12-03 09:17:26
1638523046253416000,68.1,1,68.0,142,68.2,23,2,2021-12-03 09:17:26
1638523049559617000,68.1,2,68.0,142,68.1,2,2,2021-12-03 09:17:29
1638523050162787000,68.0,50,68.0,62,68.1,2,2,2021-12-03 09:17:30
1638523050182668000,68.1,1,68.0,62,68.1,1,1,2021-12-03 09:17:30
1638523050193049000,68.0,2,68.0,60,68.1,1,2,2021-12-03 09:17:30
1638523050253312000,68.0,2,68.0,58,68.1,1,2,2021-12-03 09:17:30
1638523050259071000,68.0,2,68.0,56,68.1,1,2,2021-12-03 09:17:30
1638523050268307000,68.0,2,68.0,54,68.1,1,2,2021-12-03 09:17:30
1638523050401971000,68.0,1,68.0,53,68.1,1,2,2021-12-03 09:17:30
1638523050903876000,68.0,3,68.0,50,68.1,1,2,2021-12-03 09:17:30
1638523051044658000,68.0,5,68.0,45,68.1,1,2,2021-12-03 09:17:31
1638523051045276000,68.0,25,68.0,20,68.1,1,2,2021-12-03 09:17:31
1638523051060995000,68.0,20,67.9,1,68.1,1,2,2021-12-03 09:17:31
1638523051156225000,67.9,1,67.5,33,68.1,3,2,2021-12-03 09:17:31
1638523051156225000,67.8,9,67.5,33,68.1,3,2,2021-12-03 09:17:31
1638523051156225000,67.7,3,67.5,33,68.1,3,2,2021-12-03 09:17:31
1638523051156225000,67.6,14,67.5,33,68.1,3,2,2021-12-03 09:17:31
1638523051156225000,67.5,23,67.5,33,68.1,3,2,2021-12-03 09:17:31
1638523051235709000,67.5,2,67.5,31,67.9,3,2,2021-12-03 09:17:31
1638523051370257000,67.7,1,67.5,31,67.7,19,1,2021-12-03 09:17:31
1638523051939622000,67.7,1,67.5,34,67.7,18,1,2021-12-03 09:17:31
1638523052037307000,67.5,10,67.5,24,67.7,18,2,2021-12-03 09:17:32
1638523053122509000,67.5,1,67.5,23,67.7,25,2,2021-12-03 09:17:33
1638523053134711000,67.5,1,67.5,22,67.7,25,2,2021-12-03 09:17:33
1638523053166939000,67.5,2,67.5,20,67.7,25,2,2021-12-03 09:17:33
1638523056668907000,67.7,2,67.6,4,67.7,6,1,2021-12-03 09:17:36
1638523056693879000,67.7,5,67.6,5,67.7,1,1,2021-12-03 09:17:36
1638523056716248000,67.7,1,67.6,5,67.9,3,1,2021-12-03 09:17:36
1638523057968689000,67.7,1,67.7,13,67.8,5,2,2021-12-03 09:17:37
1638523058100833000,67.8,5,67.7,13,68.2,6,1,2021-12-03 09:17:38
1638523058100833000,67.9,3,67.7,13,68.2,6,1,2021-12-03 09:17:38
1638523058100833000,68.1,5,67.7,13,68.2,6,1,2021-12-03 09:17:38
1638523058100833000,68.2,7,67.7,13,68.2,6,1,2021-12-03 09:17:38
1638523058445817000,67.8,2,67.8,3,68.1,1,2,2021-12-03 09:17:38
1638523059820932000,67.9,1,67.9,1,68.0,2,1,2021-12-03 09:17:39
1638523060776708000,67.9,1,67.7,11,68.0,2,2,2021-12-03 09:17:40
1638523060776708000,67.7,2,67.7,11,68.0,2,2,2021-12-03 09:17:40
1638523060839728000,67.7,1,67.7,28,68.0,2,2,2021-12-03 09:17:40
1638523060976148000,67.7,1,67.7,27,68.0,2,2,2021-12-03 09:17:40
1638523061212976000,67.7,9,67.7,18,68.0,2,2,2021-12-03 09:17:41
1638523061769013000,67.8,2,67.7,17,68.0,2,1,2021-12-03 09:17:41
1638523061769013000,67.7,1,67.7,17,68.0,2,2,2021-12-03 09:17:41
1638523061964060000,67.9,1,67.9,1,68.0,1,1,2021-12-03 09:17:41
1638523062503954000,68.0,2,67.9,1,68.1,2,1,2021-12-03 09:17:42
1638523063937254000,68.1,1,67.9,1,68.1,2,1,2021-12-03 09:17:43
1638523067003236000,67.9,2,67.9,1,68.0,1,2,2021-12-03 09:17:47
1638523069696581000,67.9,1,67.8,4,68.0,7,2,2021-12-03 09:17:49
1638523069696581000,67.8,1,67.8,4,68.0,7,2,2021-12-03 09:17:49
1638523070431135000,68.0,7,67.8,5,68.1,1,1,2021-12-03 09:17:50
1638523071622242000,67.8,5,67.7,21,68.1,12,2,2021-12-03 09:17:51
1638523073301356000,67.9,1,67.7,21,68.1,12,1,2021-12-03 09:17:53
1638523074450150000,68.0,1,67.8,1,68.1,13,1,2021-12-03 09:17:54
1638523075487474000,67.8,1,67.7,19,68.1,13,2,2021-12-03 09:17:55
1638523075487474000,67.7,2,67.7,19,68.1,13,2,2021-12-03 09:17:55
1638523076648277000,68.1,2,67.8,3,68.1,13,1,2021-12-03 09:17:56
1638523080438161000,67.8,1,67.8,7,68.0,18,2,2021-12-03 09:18:00
1638523081313029000,68.0,1,67.8,10,68.0,19,1,2021-12-03 09:18:01
1638523081459454000,67.8,1,67.8,9,68.0,19,2,2021-12-03 09:18:01
1638523083417718000,67.8,1,67.8,8,68.0,34,2,2021-12-03 09:18:03
1638523084801286000,67.9,1,67.9,6,68.0,34,1,2021-12-03 09:18:04
1638523085301888000,67.9,6,67.8,10,68.0,34,2,2021-12-03 09:18:05
1638523085301888000,67.8,1,67.8,10,68.0,34,2,2021-12-03 09:18:05
1638523085886247000,67.8,4,67.8,6,68.0,34,2,2021-12-03 09:18:05
1638523087923148000,67.8,1,67.8,5,67.9,2,2,2021-12-03 09:18:07
1638523089157032000,67.8,1,67.8,5,67.9,22,2,2021-12-03 09:18:09
1638523090174023000,67.8,1,67.8,4,67.9,22,2,2021-12-03 09:18:10
1638523090230705000,67.9,12,67.8,4,67.9,10,1,2021-12-03 09:18:10
1638523091074948000,67.9,10,67.8,4,68.0,22,1,2021-12-03 09:18:11
1638523092095753000,67.8,5,67.7,11,67.9,1,2,2021-12-03 09:18:12
1638523092095753000,67.7,10,67.7,11,67.9,1,2,2021-12-03 09:18:12
1638523092757400000,67.9,1,67.7,11,68.0,24,1,2021-12-03 09:18:12
1638523094375424000,67.9,1,67.9,4,68.0,24,1,2021-12-03 09:18:14
1638523094786647000,67.9,4,67.7,12,67.8,12,2,2021-12-03 09:18:14
1638523094928022000,67.8,1,67.7,11,67.8,11,2,2021-12-03 09:18:14
1638523095157337000,67.8,1,67.7,11,67.8,10,1,2021-12-03 09:18:15
1638523095396836000,67.8,1,67.7,11,67.8,9,1,2021-12-03 09:18:15
1638523097489236000,67.8,1,67.7,13,67.8,13,1,2021-12-03 09:18:17
1638523097700564000,67.8,1,67.7,13,67.8,12,1,2021-12-03 09:18:17
1638523097726124000,67.7,1,67.7,12,67.8,12,2,2021-12-03 09:18:17
1638523098474045000,67.8,1,67.7,12,67.8,11,1,2021-12-03 09:18:18
1638523098504893000,67.8,9,67.7,12,67.8,2,1,2021-12-03 09:18:18
1638523098535457000,67.8,1,67.7,12,67.8,1,1,2021-12-03 09:18:18
1638523098668743000,67.8,1,67.8,1,68.0,16,1,2021-12-03 09:18:18
1638523100835079000,67.8,1,67.8,3,68.0,17,2,2021-12-03 09:18:20
1638523100898767000,67.8,1,67.8,2,68.0,17,2,2021-12-03 09:18:20
1638523104680578000,67.8,8,67.7,25,68.0,18,2,2021-12-03 09:18:24
1638523104680578000,67.7,2,67.7,25,68.0,18,2,2021-12-03 09:18:24
1638523105692976000,67.8,1,67.7,29,67.8,9,1,2021-12-03 09:18:25
1638523105726252000,67.8,9,67.7,29,68.0,20,1,2021-12-03 09:18:25
1638523106767725000,67.9,8,67.8,5,68.0,8,1,2021-12-03 09:18:26
1638523106767725000,68.0,12,67.8,5,68.0,8,1,2021-12-03 09:18:26
1638523107124678000,67.8,1,67.8,5,68.0,8,2,2021-12-03 09:18:27
1638523108695986000,67.8,2,67.8,46,68.0,8,2,2021-12-03 09:18:28
1638523110398614000,68.0,8,67.8,7,68.4,6,1,2021-12-03 09:18:30
1638523110398614000,68.1,1,67.8,7,68.4,6,1,2021-12-03 09:18:30
1638523110398614000,68.2,4,67.8,7,68.4,6,1,2021-12-03 09:18:30
1638523110398614000,68.3,1,67.8,7,68.4,6,1,2021-12-03 09:18:30
1638523110398614000,68.4,6,67.8,7,68.4,6,1,2021-12-03 09:18:30
1638523110655331000,67.9,3,67.9,1,68.4,7,2,2021-12-03 09:18:30
1638523112760108000,68.0,2,67.8,6,68.4,9,1,2021-12-03 09:18:32
1638523112760108000,67.9,6,67.8,6,68.4,9,2,2021-12-03 09:18:32
1638523112760108000,67.8,2,67.8,6,68.4,9,2,2021-12-03 09:18:32
1638523113351679000,67.9,3,67.9,19,68.4,9,1,2021-12-03 09:18:33
1638523113760841000,67.8,10,67.7,4,68.3,1,2,2021-12-03 09:18:33
1638523113760841000,67.7,20,67.7,4,68.3,1,2,2021-12-03 09:18:33
1638523113994308000,67.7,1,67.7,3,68.2,1,2,2021-12-03 09:18:33
1638523117498511000,67.8,1,67.8,2,67.9,3,1,2021-12-03 09:18:37
1638523118846375000,67.8,2,67.7,2,67.9,3,2,2021-12-03 09:18:38
1638523118846375000,67.7,3,67.7,2,67.9,3,2,2021-12-03 09:18:38
1638523119037464000,67.9,1,67.7,2,67.9,2,1,2021-12-03 09:18:39
1638523119620327000,67.7,2,67.6,14,67.9,2,2,2021-12-03 09:18:39
1638523120278394000,67.8,1,67.7,1,67.8,3,1,2021-12-03 09:18:40
1638523120551637000,67.8,1,67.7,1,67.8,2,1,2021-12-03 09:18:40
1638523120759601000,67.7,1,67.6,14,67.8,2,2,2021-12-03 09:18:40
1638523122316241000,67.6,14,67.5,22,67.8,4,2,2021-12-03 09:18:42
1638523122316241000,67.5,1,67.5,22,67.8,4,2,2021-12-03 09:18:42
1638523122994692000,67.8,1,67.5,22,67.8,3,1,2021-12-03 09:18:42
1638523123411085000,67.8,2,67.5,22,67.8,1,1,2021-12-03 09:18:43
1638523124860201000,67.7,2,67.7,9,67.8,1,2,2021-12-03 09:18:44
1638523125887573000,67.7,1,67.7,9,67.8,1,2,2021-12-03 09:18:45
1638523126080982000,67.7,2,67.7,7,67.8,1,2,2021-12-03 09:18:46
1638523129441969000,67.7,5,67.7,3,67.8,4,2,2021-12-03 09:18:49
1638523129960881000,67.7,1,67.7,3,67.8,4,2,2021-12-03 09:18:49
1638523129993012000,67.7,1,67.7,2,67.8,4,2,2021-12-03 09:18:49
1638523132059882000,67.8,1,67.7,3,67.8,4,1,2021-12-03 09:18:52
1638523132140470000,67.7,1,67.7,2,67.8,6,2,2021-12-03 09:18:52
1638523132321221000,67.7,1,67.7,2,67.8,6,2,2021-12-03 09:18:52
1638523132744229000,67.7,1,67.7,1,67.8,6,2,2021-12-03 09:18:52
1638523132911843000,67.7,1,67.6,13,67.8,6,2,2021-12-03 09:18:52
1638523133088319000,67.8,1,67.6,13,67.8,5,1,2021-12-03 09:18:53
1638523135768085000,67.7,1,67.6,14,67.8,9,2,2021-12-03 09:18:55
1638523136775314000,67.6,1,67.6,13,67.8,9,2,2021-12-03 09:18:56
1638523137527144000,67.8,1,67.6,16,67.8,10,1,2021-12-03 09:18:57
1638523137973943000,67.7,1,67.6,13,67.8,10,2,2021-12-03 09:18:57
1638523137973943000,67.6,3,67.6,13,67.8,10,2,2021-12-03 09:18:57
1638523140471487000,67.7,1,67.6,11,67.7,9,1,2021-12-03 09:19:00
1638523141424196000,67.6,1,67.6,10,67.7,9,2,2021-12-03 09:19:01
1638523142149873000,67.6,3,67.6,7,67.7,9,2,2021-12-03 09:19:02
1638523142269952000,67.6,2,67.6,5,67.7,10,2,2021-12-03 09:19:02
1638523142790267000,67.6,5,67.5,30,67.7,10,2,2021-12-03 09:19:02
1638523142790267000,67.5,1,67.5,30,67.7,10,2,2021-12-03 09:19:02
1638523143162512000,67.6,1,67.5,30,67.6,1,1,2021-12-03 09:19:03
1638523143695650000,67.6,1,67.5,30,67.6,4,1,2021-12-03 09:19:03
1638523143925236000,67.5,1,67.5,29,67.6,4,2,2021-12-03 09:19:03
1638523144383710000,67.6,3,67.5,29,67.6,1,1,2021-12-03 09:19:04
1638523147683946000,67.6,1,67.5,35,67.6,6,1,2021-12-03 09:19:07
1638523150236240000,67.6,8,67.5,44,67.7,16,1,2021-12-03 09:19:10
1638523154607706000,67.7,1,67.6,15,67.7,15,1,2021-12-03 09:19:14
1638523154653107000,67.7,9,67.6,15,67.7,6,1,2021-12-03 09:19:14
1638523154686033000,67.7,6,67.6,15,67.8,8,1,2021-12-03 09:19:14
1638523154870538000,67.6,2,67.6,14,67.8,8,2,2021-12-03 09:19:14
1638523154874543000,67.6,2,67.6,12,67.8,8,2,2021-12-03 09:19:14
1638523155820849000,67.7,1,67.7,2,67.8,8,1,2021-12-03 09:19:15
1638523159928554000,67.7,1,67.7,4,67.8,6,2,2021-12-03 09:19:19
1638523160257382000,67.8,6,67.7,4,68.0,1,1,2021-12-03 09:19:20
1638523160859777000,67.7,1,67.7,6,68.0,1,2,2021-12-03 09:19:20
1638523161990363000,67.8,1,67.7,7,68.0,1,1,2021-12-03 09:19:21
1638523165168466000,68.0,1,68.0,6,68.1,3,1,2021-12-03 09:19:25
1638523165473063000,68.0,1,68.0,5,68.1,3,2,2021-12-03 09:19:25
1638523165487887000,68.0,3,68.0,2,68.1,3,2,2021-12-03 09:19:25
1638523165492441000,68.0,1,68.0,1,68.1,3,2,2021-12-03 09:19:25
1638523165716601000,68.0,1,67.7,10,68.0,2,2,2021-12-03 09:19:25
1638523166037786000,67.7,1,67.7,10,68.0,2,2,2021-12-03 09:19:26
1638523169443749000,68.0,2,68.0,1,68.1,3,1,2021-12-03 09:19:29
1638523170878614000,68.1,1,68.0,2,68.1,2,1,2021-12-03 09:19:30
1638523172444992000,68.0,1,68.0,1,68.1,2,2,2021-12-03 09:19:32
1638523173351125000,68.0,1,67.8,10,68.1,2,2,2021-12-03 09:19:33
1638523173771317000,68.0,1,68.0,1,68.1,3,2,2021-12-03 09:19:33
1638523174342048000,68.0,1,67.9,1,68.1,3,2,2021-12-03 09:19:34
1638523178163705000,68.0,1,68.0,4,68.1,3,1,2021-12-03 09:19:38
1638523180390844000,68.0,1,68.0,5,68.1,3,2,2021-12-03 09:19:40
1638523182427544000,68.0,1,68.0,4,68.1,3,2,2021-12-03 09:19:42
1638523183445989000,68.0,1,68.0,3,68.1,3,2,2021-12-03 09:19:43
1638523183766151000,68.0,1,68.0,2,68.1,3,2,2021-12-03 09:19:43
1638523183995385000,68.0,1,68.0,2,68.1,3,2,2021-12-03 09:19:43
1638523190348919000,68.0,2,68.0,5,68.1,3,2,2021-12-03 09:19:50
1638523192667865000,68.0,1,68.0,8,68.1,3,2,2021-12-03 09:19:52
1638523193452482000,68.1,3,68.0,8,68.2,4,1,2021-12-03 09:19:53
1638523196884630000,68.0,1,68.0,8,68.1,1,2,2021-12-03 09:19:56
1638523197349685000,68.0,1,68.0,8,68.1,1,2,2021-12-03 09:19:57
1638523197380620000,68.1,1,68.1,5,68.2,5,1,2021-12-03 09:19:57
1638523197634309000,68.2,1,68.1,5,68.2,4,1,2021-12-03 09:19:57
1638523200196531000,68.2,4,68.1,6,68.3,3,1,2021-12-03 09:20:00
1638523206447308000,68.2,1,68.2,1,68.3,3,2,2021-12-03 09:20:06
1638523206641094000,68.2,1,68.1,9,68.3,3,2,2021-12-03 09:20:06
1638523207974366000,68.3,2,68.1,9,68.3,1,1,2021-12-03 09:20:07
1638523208362582000,68.1,1,68.1,8,68.3,1,2,2021-12-03 09:20:08
1638523214741044000,68.3,3,68.3,4,68.4,2,1,2021-12-03 09:20:14
1638523215563696000,68.3,1,68.3,3,68.4,1,2,2021-12-03 09:20:15
1638523216307401000,68.4,1,68.3,3,68.5,12,1,2021-12-03 09:20:16
1638523217043720000,68.3,2,68.3,1,68.5,12,2,2021-12-03 09:20:17
1638523222489759000,68.3,3,68.1,12,68.4,5,2,2021-12-03 09:20:22
1638523233000389000,68.3,4,68.3,1,68.4,9,1,2021-12-03 09:20:33
1638523233026725000,68.3,1,68.2,3,68.4,9,2,2021-12-03 09:20:33
1638523238489154000,68.2,3,68.0,3,68.3,2,2,2021-12-03 09:20:38
1638523238489154000,68.1,9,68.0,3,68.3,2,2,2021-12-03 09:20:38
1638523238489154000,68.0,9,68.0,3,68.3,2,2,2021-12-03 09:20:38
1638523238846328000,68.2,1,68.2,4,68.3,3,1,2021-12-03 09:20:38
1638523238881005000,68.2,4,68.0,3,68.3,3,2,2021-12-03 09:20:38
1638523239571128000,68.2,1,68.0,3,68.3,5,2,2021-12-03 09:20:39
1638523241353486000,68.2,1,68.0,3,68.3,6,1,2021-12-03 09:20:41
1638523243486582000,68.0,1,68.0,2,68.2,1,2,2021-12-03 09:20:43
1638523244064393000,68.0,2,67.9,2,68.2,2,2,2021-12-03 09:20:44
1638523248519318000,68.1,1,68.0,1,68.1,1,1,2021-12-03 09:20:48
1638523252263135000,68.0,2,68.0,1,68.1,1,2,2021-12-03 09:20:52
1638523253883657000,68.1,1,68.0,2,68.2,4,1,2021-12-03 09:20:53
1638523262473476000,68.1,1,68.0,4,68.2,4,2,2021-12-03 09:21:02
1638523264071614000,68.2,3,68.0,16,68.2,1,1,2021-12-03 09:21:04
1638523266155905000,68.1,2,68.0,9,68.2,1,2,2021-12-03 09:21:06
1638523266155905000,68.0,8,68.0,9,68.2,1,2,2021-12-03 09:21:06
1638523266853641000,68.0,9,67.9,4,68.0,13,2,2021-12-03 09:21:06
1638523268113559000,68.0,1,67.9,4,68.0,12,1,2021-12-03 09:21:08
1638523272178994000,68.0,6,67.9,4,68.0,6,1,2021-12-03 09:21:12
1638523272309761000,67.9,1,67.9,3,68.0,6,2,2021-12-03 09:21:12
1638523278585156000,68.0,1,67.9,3,68.0,5,1,2021-12-03 09:21:18
1638523281648063000,67.9,1,67.9,2,68.0,5,2,2021-12-03 09:21:21
1638523286278876000,67.9,2,67.9,1,68.0,10,2,2021-12-03 09:21:26
1638523300571815000,67.9,2,67.9,1,68.0,12,2,2021-12-03 09:21:40
1638523300603945000,67.9,1,67.8,12,68.0,12,2,2021-12-03 09:21:40
1638523303211795000,67.9,3,67.9,4,68.0,12,2,2021-12-03 09:21:43
1638523305418418000,67.9,5,67.8,11,67.9,5,2,2021-12-03 09:21:45
1638523310285141000,67.8,2,67.8,11,67.9,8,2,2021-12-03 09:21:50
1638523310319863000,67.8,2,67.8,9,67.9,8,2,2021-12-03 09:21:50
1638523312415039000,67.9,1,67.8,9,67.9,7,1,2021-12-03 09:21:52
1638523318299100000,67.8,1,67.8,10,67.9,7,2,2021-12-03 09:21:58
1638523319924530000,67.8,3,67.8,6,67.9,7,2,2021-12-03 09:21:59
1638523322500497000,67.8,1,67.8,7,67.9,9,2,2021-12-03 09:22:02
1638523323971885000,67.8,7,67.7,12,67.8,3,2,2021-12-03 09:22:03
1638523324826626000,67.8,1,67.7,11,67.8,3,1,2021-12-03 09:22:04
1638523328917535000,67.8,2,67.7,11,67.8,2,1,2021-12-03 09:22:08
1638523329533846000,67.7,11,67.6,12,67.8,2,2,2021-12-03 09:22:09
1638523329533846000,67.6,5,67.6,12,67.8,2,2,2021-12-03 09:22:09
1638523330866850000,67.6,1,67.6,11,67.8,3,2,2021-12-03 09:22:10
1638523331621451000,67.6,1,67.6,10,67.8,3,2,2021-12-03 09:22:11
1638523331626730000,67.8,3,67.8,2,67.9,10,1,2021-12-03 09:22:11
1638523331650072000,67.8,2,67.6,10,67.9,10,2,2021-12-03 09:22:11
1638523334643787000,67.9,2,67.8,2,67.9,8,1,2021-12-03 09:22:14
1638523338481948000,67.9,2,67.8,3,67.9,5,1,2021-12-03 09:22:18
1638523338916171000,67.8,3,67.6,11,67.8,2,2,2021-12-03 09:22:18
1638523339905728000,67.8,1,67.6,21,67.8,1,1,2021-12-03 09:22:19
1638523344663083000,67.8,6,67.6,22,67.8,5,1,2021-12-03 09:22:24
1638523344692651000,67.8,5,67.6,23,67.9,5,1,2021-12-03 09:22:24
1638523349340120000,67.8,1,67.7,5,67.9,4,2,2021-12-03 09:22:29
1638523351784957000,67.9,4,67.8,20,68.0,11,1,2021-12-03 09:22:31
1638523352453347000,67.8,3,67.8,17,67.9,6,2,2021-12-03 09:22:32
1638523357079227000,67.9,2,67.8,19,67.9,4,1,2021-12-03 09:22:37
1638523357113230000,67.9,3,67.8,19,67.9,1,1,2021-12-03 09:22:37
1638523357115424000,67.9,1,67.8,19,68.0,11,1,2021-12-03 09:22:37
1638523357567106000,67.8,1,67.8,18,68.0,11,2,2021-12-03 09:22:37
1638523361267949000,67.8,2,67.8,16,68.0,11,2,2021-12-03 09:22:41
1638523362067815000,67.8,2,67.8,14,68.0,11,2,2021-12-03 09:22:42
1638523362392672000,67.8,2,67.8,17,68.0,11,2,2021-12-03 09:22:42
1638523362715463000,67.8,2,67.8,15,68.0,11,2,2021-12-03 09:22:42
1638523363054849000,67.8,2,67.8,13,68.0,11,2,2021-12-03 09:22:43
1638523363342445000,67.9,1,67.8,12,68.0,11,1,2021-12-03 09:22:43
1638523363342445000,67.8,1,67.8,12,68.0,11,2,2021-12-03 09:22:43
1638523364770799000,67.8,2,67.8,10,67.9,2,2,2021-12-03 09:22:44
1638523365010494000,67.8,2,67.8,8,67.9,2,2,2021-12-03 09:22:45
1638523365332154000,67.8,2,67.8,6,67.9,2,2,2021-12-03 09:22:45
1638523365610154000,67.8,2,67.8,4,67.9,2,2,2021-12-03 09:22:45
1638523365913620000,67.8,2,67.8,2,67.9,2,2,2021-12-03 09:22:45
1638523366195562000,67.9,2,67.9,2,68.0,11,1,2021-12-03 09:22:46
1638523366230551000,67.9,2,67.8,2,68.0,11,2,2021-12-03 09:22:46
1638523368297756000,67.9,1,67.8,2,68.0,11,1,2021-12-03 09:22:48
1638523368800514000,67.8,1,67.8,6,68.0,11,2,2021-12-03 09:22:48
1638523369111748000,67.8,1,67.8,5,68.0,11,2,2021-12-03 09:22:49
1638523371087336000,67.8,2,67.8,3,68.0,11,2,2021-12-03 09:22:51
1638523371507559000,67.8,2,67.8,1,68.0,11,2,2021-12-03 09:22:51
1638523371803886000,67.8,1,67.7,5,67.8,1,2,2021-12-03 09:22:51
1638523373008840000,67.8,1,67.7,5,67.8,4,1,2021-12-03 09:22:53
1638523376781578000,67.8,1,67.7,6,67.8,3,1,2021-12-03 09:22:56
1638523378079176000,67.8,1,67.7,6,67.8,2,1,2021-12-03 09:22:58
1638523378087513000,67.8,2,67.7,6,68.0,11,1,2021-12-03 09:22:58
1638523384520850000,67.8,1,67.8,12,68.0,11,2,2021-12-03 09:23:04
1638523386621611000,67.8,1,67.8,11,68.0,11,2,2021-12-03 09:23:06
1638523387849489000,67.8,1,67.8,11,68.0,11,2,2021-12-03 09:23:07
1638523395039926000,67.9,4,67.8,17,67.9,194,1,2021-12-03 09:23:15
1638523395066056000,67.8,3,67.8,8,67.9,194,2,2021-12-03 09:23:15
1638523396860345000,67.8,1,67.8,7,67.9,194,2,2021-12-03 09:23:16
1638523401528360000,67.9,1,67.9,9,68.0,13,1,2021-12-03 09:23:21
1638523403566629000,67.9,2,67.9,9,68.0,13,2,2021-12-03 09:23:23
1638523409921334000,68.0,1,67.9,11,68.0,12,1,2021-12-03 09:23:29
1638523409946536000,68.0,9,67.9,11,68.0,3,1,2021-12-03 09:23:29
1638523409963943000,68.0,3,67.9,11,68.1,5,1,2021-12-03 09:23:29
1638523410289747000,68.1,1,68.0,9,68.1,4,1,2021-12-03 09:23:30
1638523410331428000,68.1,4,68.0,9,68.2,27,1,2021-12-03 09:23:30
1638523410345308000,68.2,1,68.0,9,68.2,26,1,2021-12-03 09:23:30
1638523410346426000,68.2,1,68.0,9,68.2,25,1,2021-12-03 09:23:30
1638523410380122000,68.2,9,68.0,10,68.2,16,1,2021-12-03 09:23:30
1638523411453621000,68.0,3,68.0,7,68.2,16,2,2021-12-03 09:23:31
1638523414629520000,68.1,1,68.0,6,68.2,16,1,2021-12-03 09:23:34
1638523415512243000,68.0,5,68.0,1,68.2,16,2,2021-12-03 09:23:35
1638523421825045000,68.1,1,68.0,9,68.2,16,1,2021-12-03 09:23:41
1638523430565449000,68.1,1,68.1,3,68.2,16,2,2021-12-03 09:23:50
1638523433180533000,68.2,1,68.1,3,68.2,15,1,2021-12-03 09:23:53
1638523433944268000,68.1,3,68.0,9,68.1,7,2,2021-12-03 09:23:53
1638523435872058000,68.1,2,68.0,9,68.1,5,1,2021-12-03 09:23:55
1638523437294146000,68.1,1,68.0,9,68.1,4,1,2021-12-03 09:23:57
1638523441307157000,68.1,1,68.0,9,68.1,4,1,2021-12-03 09:24:01
1638523443106147000,68.0,2,68.0,7,68.1,4,2,2021-12-03 09:24:03
1638523443199087000,68.1,4,68.0,7,68.2,15,1,2021-12-03 09:24:03
1638523445021665000,68.2,1,68.1,1,68.2,14,1,2021-12-03 09:24:05
1638523450632125000,68.2,1,68.1,5,68.2,13,1,2021-12-03 09:24:10
1638523451763419000,68.1,1,68.1,4,68.2,13,2,2021-12-03 09:24:11
1638523455143627000,68.2,2,68.1,9,68.2,11,1,2021-12-03 09:24:15
1638523455182962000,68.2,2,68.1,9,68.2,9,1,2021-12-03 09:24:15
1638523455850990000,68.2,1,68.1,9,68.2,8,1,2021-12-03 09:24:15
1638523459356109000,68.2,6,68.1,9,68.2,2,1,2021-12-03 09:24:19
1638523459545947000,68.2,2,68.2,7,68.3,6,1,2021-12-03 09:24:19
1638523464560822000,68.2,1,68.2,7,68.3,6,2,2021-12-03 09:24:24
1638523466133874000,68.3,2,68.2,7,68.3,7,1,2021-12-03 09:24:26
1638523467930042000,68.3,1,68.2,7,68.3,6,1,2021-12-03 09:24:27
1638523470033286000,68.3,1,68.2,7,68.3,5,1,2021-12-03 09:24:30
1638523471180684000,68.3,1,68.2,7,68.3,4,1,2021-12-03 09:24:31
1638523472122989000,68.3,4,68.3,1,68.4,3,1,2021-12-03 09:24:32
1638523483884675000,68.5,6,68.3,13,68.5,18,1,2021-12-03 09:24:43
1638523484416980000,68.5,1,68.3,14,68.5,17,1,2021-12-03 09:24:44
1638523485714885000,68.3,1,68.3,13,68.5,17,2,2021-12-03 09:24:45
1638523488450114000,68.3,10,68.3,4,68.5,17,2,2021-12-03 09:24:48
1638523488815018000,68.3,1,68.3,2,68.5,17,2,2021-12-03 09:24:48
1638523489799462000,68.5,6,68.3,2,68.5,9,1,2021-12-03 09:24:49
1638523501134094000,68.5,1,68.3,9,68.5,9,1,2021-12-03 09:25:01
1638523512467089000,68.4,1,68.3,8,68.4,1,2,2021-12-03 09:25:12
1638523512626950000,68.4,1,68.3,8,68.5,9,1,2021-12-03 09:25:12
1638523518064773000,68.4,1,68.3,5,68.5,9,2,2021-12-03 09:25:18
1638523523157318000,68.4,1,68.3,5,68.4,1,1,2021-12-03 09:25:23
1638523524776572000,68.4,1,68.3,6,68.5,9,1,2021-12-03 09:25:24
1638523525255021000,68.4,1,68.4,4,68.5,9,1,2021-12-03 09:25:25
1638523539498397000,68.4,6,68.4,1,68.5,9,2,2021-12-03 09:25:39
1638523541435481000,68.4,1,68.3,12,68.5,9,2,2021-12-03 09:25:41
1638523546277801000,68.4,2,68.3,12,68.5,8,1,2021-12-03 09:25:46
1638523548639333000,68.4,2,68.3,13,68.4,1,1,2021-12-03 09:25:48
1638523548797659000,68.4,1,68.3,13,68.5,7,1,2021-12-03 09:25:48
1638523555209134000,68.5,4,68.4,5,68.5,3,1,2021-12-03 09:25:55
1638523555730849000,68.5,1,68.4,5,68.5,2,1,2021-12-03 09:25:55
1638523555909547000,68.4,1,68.4,4,68.5,2,2,2021-12-03 09:25:55
1638523566808253000,68.5,1,68.4,9,68.6,5,1,2021-12-03 09:26:06
1638523575819170000,68.5,1,68.4,9,68.5,7,1,2021-12-03 09:26:15
1638523575979967000,68.5,1,68.4,9,68.5,6,1,2021-12-03 09:26:15
1638523575981344000,68.5,1,68.4,9,68.5,5,1,2021-12-03 09:26:15
1638523576736139000,68.5,1,68.4,9,68.5,4,1,2021-12-03 09:26:16
1638523577723114000,68.5,1,68.4,9,68.5,4,1,2021-12-03 09:26:17
1638523577844829000,68.5,1,68.4,9,68.5,3,1,2021-12-03 09:26:17
1638523578474687000,68.5,3,68.4,9,68.6,7,1,2021-12-03 09:26:18
1638523579264858000,68.6,1,68.4,9,68.6,6,1,2021-12-03 09:26:19
1638523579502516000,68.6,1,68.5,2,68.6,5,1,2021-12-03 09:26:19
1638523586764593000,68.6,1,68.5,5,68.6,4,1,2021-12-03 09:26:26
1638523591799676000,68.6,1,68.5,5,68.6,5,1,2021-12-03 09:26:31
1638523592593735000,68.6,1,68.5,2,68.6,4,1,2021-12-03 09:26:32
1638523593895711000,68.6,1,68.5,2,68.6,3,1,2021-12-03 09:26:33
1638523594432387000,68.6,2,68.5,3,68.6,1,1,2021-12-03 09:26:34
1638523594683250000,68.6,1,68.5,4,68.7,10,1,2021-12-03 09:26:34
1638523594683250000,68.7,2,68.5,4,68.7,10,1,2021-12-03 09:26:34
1638523602082679000,68.6,1,68.6,3,68.7,10,2,2021-12-03 09:26:42
1638523602367508000,68.7,3,68.6,3,68.7,7,1,2021-12-03 09:26:42
1638523607185248000,68.7,1,68.6,5,68.7,6,1,2021-12-03 09:26:47
1638523608249171000,68.7,1,68.6,5,68.7,5,1,2021-12-03 09:26:48
1638523609256812000,68.7,1,68.6,5,68.7,5,1,2021-12-03 09:26:49
1638523610640291000,68.7,1,68.6,6,68.7,4,1,2021-12-03 09:26:50
1638523610685914000,68.7,1,68.6,6,68.7,3,1,2021-12-03 09:26:50
1638523611476494000,68.7,2,68.6,6,68.7,1,1,2021-12-03 09:26:51
1638523612765767000,68.7,1,68.6,6,68.8,5,1,2021-12-03 09:26:52
1638523615320197000,68.8,1,68.7,1,68.8,4,1,2021-12-03 09:26:55
1638523616774503000,68.8,1,68.7,1,68.8,3,1,2021-12-03 09:26:56
1638523616868985000,68.7,1,68.6,6,68.8,3,2,2021-12-03 09:26:56
1638523618179131000,68.7,1,68.6,6,68.7,1,1,2021-12-03 09:26:58
1638523619814715000,68.7,1,68.6,8,68.8,3,1,2021-12-03 09:26:59
1638523623759244000,68.8,1,68.7,1,68.8,1,1,2021-12-03 09:27:03
1638523624168460000,68.8,1,68.7,1,68.9,8,1,2021-12-03 09:27:04
1638523624168460000,68.9,1,68.7,1,68.9,8,1,2021-12-03 09:27:04
1638523624312998000,68.9,8,68.7,1,69.0,40,1,2021-12-03 09:27:04
1638523624312998000,69.0,2,68.7,1,69.0,40,1,2021-12-03 09:27:04
1638523631206778000,69.0,3,68.8,9,69.0,36,1,2021-12-03 09:27:11
1638523631232158000,69.0,9,68.8,9,69.0,27,1,2021-12-03 09:27:11
1638523632861600000,69.0,1,68.9,1,69.0,27,1,2021-12-03 09:27:12
1638523632918573000,69.0,1,68.9,1,69.0,26,1,2021-12-03 09:27:12
1638523633025056000,69.0,1,68.9,1,69.0,26,1,2021-12-03 09:27:13
1638523633194915000,69.0,1,68.9,1,69.0,25,1,2021-12-03 09:27:13
1638523633513194000,69.0,5,68.9,1,69.0,20,1,2021-12-03 09:27:13
1638523634288480000,69.0,1,68.9,1,69.0,19,1,2021-12-03 09:27:14
1638523634827589000,69.0,1,68.9,1,69.0,17,1,2021-12-03 09:27:14
1638523636118597000,69.0,1,68.9,9,69.0,16,1,2021-12-03 09:27:16
1638523636296610000,69.0,1,68.9,9,69.0,15,1,2021-12-03 09:27:16
1638523636960461000,69.0,1,68.9,9,69.0,16,1,2021-12-03 09:27:16
1638523637171106000,69.0,1,68.9,10,69.0,15,1,2021-12-03 09:27:17
1638523637514033000,69.0,1,68.9,10,69.0,14,1,2021-12-03 09:27:17
1638523639396860000,68.9,1,68.9,9,69.0,14,2,2021-12-03 09:27:19
1638523639517962000,69.0,1,68.9,9,69.0,14,1,2021-12-03 09:27:19
1638523639526366000,69.0,2,68.9,9,69.0,12,1,2021-12-03 09:27:19
1638523640376626000,69.0,1,68.9,9,69.0,11,1,2021-12-03 09:27:20
1638523640435132000,69.0,1,68.9,9,69.0,10,1,2021-12-03 09:27:20
1638523640451505000,69.0,1,68.9,9,69.0,9,1,2021-12-03 09:27:20
1638523640616765000,69.0,1,68.9,9,69.0,8,1,2021-12-03 09:27:20
1638523642179348000,69.0,1,68.9,11,69.0,7,1,2021-12-03 09:27:22
1638523642326518000,69.0,7,68.9,11,69.1,11,1,2021-12-03 09:27:22
1638523643269030000,69.1,1,69.0,5,69.1,10,1,2021-12-03 09:27:23
1638523643907769000,69.0,1,69.0,4,69.1,10,2,2021-12-03 09:27:23
1638523644185623000,69.0,2,69.0,3,69.1,10,2,2021-12-03 09:27:24
1638523644724928000,69.0,1,69.0,3,69.1,10,2,2021-12-03 09:27:24
1638523644848213000,69.0,1,69.0,2,69.1,10,2,2021-12-03 09:27:24
1638523645199749000,69.1,2,69.0,3,69.1,8,1,2021-12-03 09:27:25
1638523646344334000,69.1,1,69.0,4,69.1,7,1,2021-12-03 09:27:26
1638523646641407000,69.1,1,69.0,4,69.1,6,1,2021-12-03 09:27:26
1638523646773678000,69.1,1,69.0,4,69.1,5,1,2021-12-03 09:27:26
1638523647069558000,69.1,1,69.0,7,69.1,4,1,2021-12-03 09:27:27
1638523647761546000,69.0,5,69.0,3,69.1,4,2,2021-12-03 09:27:27
1638523648268572000,69.0,1,69.0,3,69.1,4,2,2021-12-03 09:27:28
1638523648868254000,69.1,2,69.0,4,69.1,2,1,2021-12-03 09:27:28
1638523648895698000,69.1,2,69.1,3,69.2,11,1,2021-12-03 09:27:28
1638523650237531000,69.1,2,69.1,1,69.2,11,2,2021-12-03 09:27:30
1638523653018269000,69.1,1,69.0,13,69.2,10,2,2021-12-03 09:27:33
1638523653372747000,69.1,1,69.1,1,69.2,10,2,2021-12-03 09:27:33
1638523655682633000,69.1,4,69.0,13,69.1,6,2,2021-12-03 09:27:35
1638523655727612000,69.1,1,69.0,13,69.1,5,1,2021-12-03 09:27:35
1638523656229867000,69.1,1,69.0,13,69.1,5,1,2021-12-03 09:27:36
1638523658350317000,69.1,6,69.0,13,69.2,10,1,2021-12-03 09:27:38
1638523659283224000,69.1,1,69.1,6,69.2,10,2,2021-12-03 09:27:39
1638523661032271000,69.2,5,69.1,7,69.2,4,1,2021-12-03 09:27:41
1638523664342742000,69.2,1,69.1,10,69.2,3,1,2021-12-03 09:27:44
1638523666540420000,69.2,1,69.1,5,69.2,5,1,2021-12-03 09:27:46
1638523667110598000,69.1,2,69.1,3,69.2,5,2,2021-12-03 09:27:47
1638523667315328000,69.1,3,69.0,14,69.2,8,2,2021-12-03 09:27:47
1638523668640275000,69.1,2,69.1,1,69.2,10,1,2021-12-03 09:27:48
1638523668658028000,69.2,1,69.1,1,69.2,9,1,2021-12-03 09:27:48
1638523669176271000,69.2,1,69.1,1,69.2,7,1,2021-12-03 09:27:49
1638523669203533000,69.2,1,69.1,1,69.2,6,1,2021-12-03 09:27:49
1638523670447006000,69.1,1,69.0,14,69.2,6,2,2021-12-03 09:27:50
1638523674969511000,69.1,2,69.1,4,69.2,11,2,2021-12-03 09:27:54
1638523675924943000,69.1,1,69.1,3,69.2,11,2,2021-12-03 09:27:55
1638523676444798000,69.1,1,69.1,2,69.2,11,2,2021-12-03 09:27:56
1638523677123553000,69.1,2,69.0,15,69.2,11,2,2021-12-03 09:27:57
1638523677529891000,69.0,2,69.0,13,69.1,7,2,2021-12-03 09:27:57
1638523677550514000,69.0,2,69.0,11,69.1,7,2,2021-12-03 09:27:57
1638523677579324000,69.0,2,69.0,9,69.1,7,2,2021-12-03 09:27:57
1638523677611097000,69.0,2,69.0,7,69.1,7,2,2021-12-03 09:27:57
1638523677640938000,69.0,2,69.0,5,69.1,7,2,2021-12-03 09:27:57
1638523677663814000,69.0,5,68.9,5,69.1,7,2,2021-12-03 09:27:57
1638523678163903000,69.1,3,68.9,5,69.1,8,1,2021-12-03 09:27:58
1638523681524054000,69.1,1,68.9,10,69.1,12,1,2021-12-03 09:28:01
1638523683963193000,69.1,10,68.9,10,69.1,3,1,2021-12-03 09:28:03
1638523687770195000,69.0,1,68.9,13,69.1,3,2,2021-12-03 09:28:07
1638523689370298000,69.1,1,68.9,13,69.1,2,1,2021-12-03 09:28:09
1638523691542905000,69.0,2,68.9,9,69.0,13,2,2021-12-03 09:28:11
1638523691566780000,68.9,2,68.9,7,69.0,13,2,2021-12-03 09:28:11
1638523693424230000,69.0,1,68.9,7,69.0,12,1,2021-12-03 09:28:13
1638523698002527000,69.0,1,68.9,6,69.0,11,1,2021-12-03 09:28:18
1638523699213139000,68.9,1,68.9,6,69.0,11,2,2021-12-03 09:28:19
1638523700723634000,68.9,1,68.9,5,69.0,11,2,2021-12-03 09:28:20
1638523700823942000,69.0,1,68.9,5,69.0,10,1,2021-12-03 09:28:20
1638523701379813000,69.0,1,68.9,5,69.0,9,1,2021-12-03 09:28:21
1638523701811296000,68.9,1,68.9,4,69.0,9,2,2021-12-03 09:28:21
1638523703900863000,68.9,1,68.9,3,69.0,9,2,2021-12-03 09:28:23
1638523704695978000,68.9,3,68.8,5,69.0,9,2,2021-12-03 09:28:24
1638523708462488000,68.8,3,68.8,1,68.9,2,2,2021-12-03 09:28:28
1638523708496063000,68.8,1,68.7,3,68.9,2,2,2021-12-03 09:28:28
1638523719230543000,68.9,12,68.7,5,69.0,11,1,2021-12-03 09:28:39
1638523719230543000,69.0,3,68.7,5,69.0,11,1,2021-12-03 09:28:39
1638523720569012000,68.8,1,68.7,6,69.0,13,2,2021-12-03 09:28:40
1638523725795353000,68.9,1,69.0,2,69.1,9,1,2021-12-03 09:28:45
1638523725795353000,69.0,12,69.0,2,69.1,9,1,2021-12-03 09:28:45
1638523725810376000,69.0,2,68.8,5,69.1,9,2,2021-12-03 09:28:45
1638523728984689000,69.0,2,69.0,3,69.1,10,1,2021-12-03 09:28:48
1638523729180217000,69.0,1,69.0,2,69.1,9,2,2021-12-03 09:28:49
1638523737798206000,69.0,2,69.0,2,69.1,7,2,2021-12-03 09:28:57
1638523740858192000,69.0,2,68.9,1,69.1,7,2,2021-12-03 09:29:00
1638523740900131000,69.0,1,68.9,1,69.1,8,2,2021-12-03 09:29:00
1638523751078801000,69.0,1,68.8,7,69.1,11,2,2021-12-03 09:29:11
1638523751264808000,69.1,1,68.8,7,69.1,10,1,2021-12-03 09:29:11
1638523756846635000,68.9,1,68.8,5,68.9,6,2,2021-12-03 09:29:16
1638523763682014000,68.8,5,68.7,4,68.8,6,2,2021-12-03 09:29:23
1638523764250257000,68.8,2,68.7,4,68.8,4,1,2021-12-03 09:29:24
1638523764283760000,68.7,1,68.7,3,68.8,4,2,2021-12-03 09:29:24
1638523764389997000,68.7,3,68.6,8,68.8,4,2,2021-12-03 09:29:24
1638523764389997000,68.6,1,68.6,8,68.8,4,2,2021-12-03 09:29:24
1638523764927203000,68.8,1,68.6,8,68.8,4,1,2021-12-03 09:29:24
1638523765971452000,68.8,1,68.6,8,68.8,4,1,2021-12-03 09:29:25
1638523767947501000,68.7,1,68.6,12,68.8,3,2,2021-12-03 09:29:27
1638523773478068000,68.6,12,68.4,3,68.8,4,2,2021-12-03 09:29:33
1638523773478068000,68.5,10,68.4,3,68.8,4,2,2021-12-03 09:29:33
1638523775075018000,68.4,1,68.4,11,68.8,7,2,2021-12-03 09:29:35
1638523777191786000,68.4,1,68.4,10,68.7,2,2,2021-12-03 09:29:37
1638523785184912000,68.6,1,68.4,11,68.6,1,1,2021-12-03 09:29:45
1638523785314044000,68.6,1,68.4,11,68.7,8,1,2021-12-03 09:29:45
1638523786760577000,68.4,1,68.4,10,68.7,8,2,2021-12-03 09:29:46
1638523788430624000,68.4,1,68.4,9,68.7,8,2,2021-12-03 09:29:48
1638523790725610000,68.4,1,68.4,8,68.7,8,2,2021-12-03 09:29:50
1638523796470857000,68.6,1,68.4,8,68.7,8,1,2021-12-03 09:29:56
1638523801354639000,68.6,1,68.4,8,68.6,4,1,2021-12-03 09:30:01
1638523801390011000,68.6,4,68.4,8,68.7,4,1,2021-12-03 09:30:01
1638523803239969000,68.4,2,68.4,6,68.7,4,2,2021-12-03 09:30:03
1638523806273297000,68.6,1,68.5,1,68.7,3,1,2021-12-03 09:30:06
1638523806931624000,68.6,1,68.5,4,68.7,3,1,2021-12-03 09:30:06
1638523812007020000,68.5,1,68.5,3,68.6,1,2,2021-12-03 09:30:12
1638523812519425000,68.5,2,68.5,1,68.6,1,2,2021-12-03 09:30:12
