ts,close,volume,bid_price,bid_volume,ask_price,ask_volume,tick_type,datetime
1661158808033190000,14.3,1657,14.3,15,14.35,64,1,2022-08-22 09:00:08
1661158808077276000,14.3,15,14.25,105,14.3,15,2,2022-08-22 09:00:08
1661158808116573000,14.25,1,14.25,104,14.3,15,2,2022-08-22 09:00:08
1661158808122262000,14.25,2,14.25,102,14.3,15,2,2022-08-22 09:00:08
1661158808176542000,14.25,30,14.25,72,14.3,15,2,2022-08-22 09:00:08
1661158808188470000,14.3,2,14.25,72,14.3,13,1,2022-08-22 09:00:08
1661158808188547000,14.3,4,14.25,72,14.3,9,1,2022-08-22 09:00:08
1661158808198299000,14.3,3,14.25,102,14.3,15,1,2022-08-22 09:00:08
1661158808525777000,14.3,1,14.25,72,14.3,5,1,2022-08-22 09:00:08
1661158808636717000,14.25,6,14.25,66,14.3,5,2,2022-08-22 09:00:08
1661158809072133000,14.25,1,14.25,65,14.3,5,2,2022-08-22 09:00:09
1661158809646749000,14.3,3,14.25,65,14.3,2,1,2022-08-22 09:00:09
1661158809710940000,14.3,2,14.25,65,14.35,64,1,2022-08-22 09:00:09
1661158810790910000,14.35,1,14.25,65,14.35,63,1,2022-08-22 09:00:10
1661158811078680000,14.35,1,14.25,65,14.35,92,1,2022-08-22 09:00:11
1661158811148537000,14.35,50,14.25,65,14.35,42,1,2022-08-22 09:00:11
1661158811947205000,14.3,3,14.25,65,14.35,35,1,2022-08-22 09:00:11
1661158811947205000,14.35,7,14.25,65,14.35,35,1,2022-08-22 09:00:11
1661158812689820000,14.35,1,14.25,66,14.35,34,1,2022-08-22 09:00:12
1661158813126874000,14.35,1,14.25,67,14.35,33,1,2022-08-22 09:00:13
1661158813775826000,14.35,1,14.3,2,14.35,32,1,2022-08-22 09:00:13
1661158814159610000,14.35,1,14.3,5,14.35,31,1,2022-08-22 09:00:14
1661158814206304000,14.35,20,14.3,5,14.35,11,1,2022-08-22 09:00:14
1661158814242517000,14.35,11,14.3,5,14.4,89,1,2022-08-22 09:00:14
1661158814417234000,14.4,1,14.3,5,14.4,88,1,2022-08-22 09:00:14
1661158814629994000,14.4,100,14.3,5,14.4,18,1,2022-08-22 09:00:14
1661158814649704000,14.4,18,14.3,5,14.45,81,1,2022-08-22 09:00:14
1661158814649704000,14.45,12,14.3,5,14.45,81,1,2022-08-22 09:00:14
1661158815401295000,14.45,30,14.35,8,14.45,81,1,2022-08-22 09:00:15
1661158815752849000,14.45,5,14.35,8,14.45,76,1,2022-08-22 09:00:15
1661158815789669000,14.45,42,14.35,8,14.45,34,1,2022-08-22 09:00:15
1661158815832662000,14.4,2,14.35,8,14.45,34,2,2022-08-22 09:00:15
1661158815935639000,14.45,3,14.35,8,14.45,34,1,2022-08-22 09:00:15
1661158816361255000,14.45,1,14.35,9,14.45,30,1,2022-08-22 09:00:16
1661158817144421000,14.45,20,14.35,10,14.45,10,1,2022-08-22 09:00:17
1661158817643025000,14.45,10,14.35,10,14.5,103,1,2022-08-22 09:00:17
1661158817643025000,14.5,30,14.35,10,14.5,103,1,2022-08-22 09:00:17
1661158817732313000,14.45,1,14.35,10,14.5,95,2,2022-08-22 09:00:17
1661158817793612000,14.45,1,14.35,10,14.5,95,2,2022-08-22 09:00:17
1661158817980031000,14.5,2,14.35,20,14.5,95,1,2022-08-22 09:00:17
1661158818337191000,14.5,10,14.4,1,14.5,83,1,2022-08-22 09:00:18
1661158818434865000,14.4,1,14.35,15,14.5,83,2,2022-08-22 09:00:18
1661158818434865000,14.35,5,14.35,15,14.5,83,2,2022-08-22 09:00:18
1661158818487194000,14.35,1,14.35,14,14.5,83,2,2022-08-22 09:00:18
1661158818558121000,14.45,1,14.35,14,14.5,83,2,2022-08-22 09:00:18
1661158818617647000,14.45,1,14.35,14,14.5,83,2,2022-08-22 09:00:18
1661158818705878000,14.5,1,14.35,14,14.5,82,1,2022-08-22 09:00:18
1661158818802452000,14.45,3,14.35,14,14.5,82,2,2022-08-22 09:00:18
1661158819115568000,14.45,1,14.35,14,14.5,82,2,2022-08-22 09:00:19
1661158819273937000,14.5,1,14.35,14,14.5,81,1,2022-08-22 09:00:19
1661158819392640000,14.5,10,14.35,14,14.5,82,1,2022-08-22 09:00:19
1661158819695005000,14.5,5,14.35,14,14.5,66,1,2022-08-22 09:00:19
1661158819789874000,14.45,2,14.35,16,14.5,66,2,2022-08-22 09:00:19
1661158819919296000,14.45,2,14.35,16,14.45,3,2,2022-08-22 09:00:19
1661158819943959000,14.45,3,14.35,16,14.5,19,1,2022-08-22 09:00:19
1661158819943959000,14.5,47,14.35,16,14.5,19,1,2022-08-22 09:00:19
1661158820094388000,14.45,2,14.35,16,14.5,19,2,2022-08-22 09:00:20
1661158820209253000,14.5,3,14.35,16,14.5,16,1,2022-08-22 09:00:20
1661158820321401000,14.5,1,14.35,16,14.5,15,1,2022-08-22 09:00:20
1661158820559091000,14.35,1,14.35,15,14.5,15,2,2022-08-22 09:00:20
1661158820847466000,14.5,3,14.45,4,14.5,12,1,2022-08-22 09:00:20
1661158820912757000,14.45,1,14.45,3,14.5,12,2,2022-08-22 09:00:20
1661158820935336000,14.45,3,14.35,15,14.5,12,2,2022-08-22 09:00:20
1661158821404072000,14.5,2,14.4,1,14.5,27,1,2022-08-22 09:00:21
1661158821512657000,14.45,1,14.4,1,14.5,25,2,2022-08-22 09:00:21
1661158821610299000,14.45,1,14.4,5,14.45,1,1,2022-08-22 09:00:21
1661158821626262000,14.45,1,14.4,5,14.5,25,1,2022-08-22 09:00:21
1661158822273472000,14.5,1,14.4,51,14.5,24,1,2022-08-22 09:00:22
1661158822480786000,14.5,1,14.4,53,14.5,23,1,2022-08-22 09:00:22
1661158822854005000,14.5,1,14.45,2,14.5,22,1,2022-08-22 09:00:22
1661158822924313000,14.5,8,14.45,2,14.5,14,1,2022-08-22 09:00:22
1661158822943917000,14.5,5,14.45,2,14.5,23,1,2022-08-22 09:00:22
1661158822964406000,14.5,4,14.45,2,14.5,5,1,2022-08-22 09:00:22
1661158822984039000,14.5,5,14.45,2,14.55,67,1,2022-08-22 09:00:22
1661158823328368000,14.55,67,14.45,12,14.6,119,1,2022-08-22 09:00:23
1661158823328368000,14.6,33,14.45,12,14.6,119,1,2022-08-22 09:00:23
1661158823368740000,14.6,1,14.45,12,14.6,118,1,2022-08-22 09:00:23
1661158823370731000,14.6,7,14.45,12,14.6,111,1,2022-08-22 09:00:23
1661158823402239000,14.55,1,14.55,1,14.6,111,2,2022-08-22 09:00:23
1661158824233039000,14.6,1,14.5,7,14.6,109,1,2022-08-22 09:00:24
1661158824239624000,14.6,1,14.5,7,14.6,108,1,2022-08-22 09:00:24
1661158824443893000,14.6,1,14.5,17,14.6,107,1,2022-08-22 09:00:24
1661158825698458000,14.6,1,14.55,10,14.6,106,1,2022-08-22 09:00:25
1661158826059753000,14.55,4,14.55,6,14.6,106,2,2022-08-22 09:00:26
1661158826066102000,14.6,5,14.55,6,14.6,101,1,2022-08-22 09:00:26
1661158826087794000,14.55,6,14.5,27,14.6,101,2,2022-08-22 09:00:26
1661158826272681000,14.55,1,14.5,27,14.6,101,2,2022-08-22 09:00:26
1661158826319845000,14.5,1,14.5,27,14.6,101,2,2022-08-22 09:00:26
1661158826768844000,14.6,2,14.5,27,14.6,101,1,2022-08-22 09:00:26
1661158827990276000,14.5,5,14.5,13,14.55,20,2,2022-08-22 09:00:27
1661158827992467000,14.55,3,14.5,13,14.55,17,1,2022-08-22 09:00:27
1661158828066898000,14.55,3,14.5,13,14.55,14,1,2022-08-22 09:00:28
1661158828112436000,14.5,2,14.5,11,14.55,14,2,2022-08-22 09:00:28
1661158828211113000,14.55,1,14.5,11,14.55,13,1,2022-08-22 09:00:28
1661158828489706000,14.55,2,14.5,11,14.55,11,1,2022-08-22 09:00:28
1661158828890738000,14.55,5,14.5,11,14.55,11,1,2022-08-22 09:00:28
1661158828973410000,14.55,6,14.5,13,14.6,95,1,2022-08-22 09:00:28
1661158828973410000,14.6,4,14.5,13,14.6,95,1,2022-08-22 09:00:28
1661158828980694000,14.6,6,14.5,13,14.6,89,1,2022-08-22 09:00:28
1661158829074934000,14.5,10,14.5,4,14.6,89,2,2022-08-22 09:00:29
1661158829173565000,14.5,2,14.5,2,14.6,89,2,2022-08-22 09:00:29
1661158829205916000,14.5,2,14.45,6,14.6,89,2,2022-08-22 09:00:29
1661158829472739000,14.6,1,14.5,2,14.6,89,1,2022-08-22 09:00:29
1661158830261666000,14.55,1,14.5,4,14.6,88,2,2022-08-22 09:00:30
1661158830868986000,14.5,1,14.5,6,14.6,88,2,2022-08-22 09:00:30
1661158831020925000,14.55,1,14.5,7,14.6,88,2,2022-08-22 09:00:31
1661158831432872000,14.6,5,14.5,11,14.6,83,1,2022-08-22 09:00:31
1661158831472157000,14.6,1,14.5,11,14.6,82,1,2022-08-22 09:00:31
1661158832856794000,14.55,1,14.5,23,14.55,20,1,2022-08-22 09:00:32
1661158833264992000,14.55,2,14.5,24,14.55,17,1,2022-08-22 09:00:33
1661158833356360000,14.55,3,14.5,26,14.55,17,1,2022-08-22 09:00:33
1661158833588153000,14.55,1,14.5,26,14.55,18,1,2022-08-22 09:00:33
1661158833807766000,14.55,11,14.5,32,14.55,19,1,2022-08-22 09:00:33
1661158834088995000,14.55,3,14.5,34,14.55,5,1,2022-08-22 09:00:34
1661158834190884000,14.55,1,14.5,35,14.55,5,1,2022-08-22 09:00:34
1661158834426501000,14.5,1,14.5,34,14.55,6,2,2022-08-22 09:00:34
1661158834542322000,14.55,11,14.5,36,14.6,82,1,2022-08-22 09:00:34
1661158835602655000,14.55,10,14.5,43,14.55,12,1,2022-08-22 09:00:35
1661158835822516000,14.55,1,14.5,43,14.55,11,1,2022-08-22 09:00:35
1661158835884399000,14.55,2,14.5,43,14.55,22,1,2022-08-22 09:00:35
1661158836094942000,14.55,2,14.5,49,14.55,7,1,2022-08-22 09:00:36
1661158836110782000,14.55,7,14.55,3,14.6,82,1,2022-08-22 09:00:36
1661158836144301000,14.55,3,14.5,49,14.6,82,2,2022-08-22 09:00:36
1661158836242037000,14.55,4,14.5,50,14.6,82,2,2022-08-22 09:00:36
1661158836294986000,14.55,10,14.5,50,14.6,82,2,2022-08-22 09:00:36
1661158836628051000,14.55,1,14.5,51,14.55,7,1,2022-08-22 09:00:36
1661158836647531000,14.55,2,14.5,51,14.55,5,1,2022-08-22 09:00:36
1661158836717830000,14.55,5,14.5,51,14.6,82,1,2022-08-22 09:00:36
1661158836845367000,14.6,3,14.55,1,14.6,79,1,2022-08-22 09:00:36
1661158836871466000,14.55,1,14.5,51,14.6,79,2,2022-08-22 09:00:36
1661158837406324000,14.55,1,14.5,55,14.6,80,2,2022-08-22 09:00:37
1661158837826306000,14.55,1,14.5,57,14.55,2,1,2022-08-22 09:00:37
1661158837879157000,14.55,1,14.55,4,14.6,82,1,2022-08-22 09:00:37
1661158837910230000,14.55,4,14.5,57,14.6,82,2,2022-08-22 09:00:37
1661158838124865000,14.55,1,14.5,57,14.6,82,2,2022-08-22 09:00:38
1661158838373000000,14.5,5,14.5,57,14.6,85,2,2022-08-22 09:00:38
1661158839036365000,14.55,1,14.55,1,14.6,95,1,2022-08-22 09:00:39
1661158839061683000,14.55,1,14.5,53,14.6,95,2,2022-08-22 09:00:39
1661158839186095000,14.55,3,14.55,3,14.6,95,2,2022-08-22 09:00:39
1661158839186485000,14.55,3,14.5,53,14.6,95,2,2022-08-22 09:00:39
1661158839394451000,14.55,1,14.5,61,14.6,95,2,2022-08-22 09:00:39
1661158839712257000,14.6,20,14.5,61,14.6,75,1,2022-08-22 09:00:39
1661158839750443000,14.5,1,14.5,60,14.6,75,2,2022-08-22 09:00:39
1661158839813197000,14.6,1,14.5,61,14.6,95,1,2022-08-22 09:00:39
1661158840084518000,14.55,1,14.55,1,14.6,74,2,2022-08-22 09:00:40
1661158840117403000,14.55,1,14.5,60,14.6,74,2,2022-08-22 09:00:40
1661158840464145000,14.55,1,14.5,71,14.6,74,2,2022-08-22 09:00:40
1661158842026089000,14.55,1,14.5,71,14.55,36,1,2022-08-22 09:00:42
1661158842031126000,14.5,2,14.5,69,14.55,36,2,2022-08-22 09:00:42
1661158842743481000,14.55,1,14.5,80,14.55,35,1,2022-08-22 09:00:42
1661158842835621000,14.55,2,14.5,80,14.55,33,1,2022-08-22 09:00:42
1661158843188539000,14.55,1,14.5,80,14.55,33,1,2022-08-22 09:00:43
1661158843338542000,14.55,2,14.5,81,14.55,33,1,2022-08-22 09:00:43
1661158843730605000,14.55,1,14.5,81,14.55,30,1,2022-08-22 09:00:43
1661158843815087000,14.55,6,14.5,81,14.55,50,1,2022-08-22 09:00:43
1661158843885513000,14.55,2,14.5,81,14.55,42,1,2022-08-22 09:00:43
1661158844002677000,14.55,20,14.5,81,14.55,22,1,2022-08-22 09:00:44
1661158844442555000,14.55,2,14.5,81,14.55,20,1,2022-08-22 09:00:44
1661158844500106000,14.55,2,14.5,81,14.55,18,1,2022-08-22 09:00:44
1661158844522193000,14.55,1,14.5,81,14.55,17,1,2022-08-22 09:00:44
1661158844781676000,14.55,1,14.5,91,14.55,16,1,2022-08-22 09:00:44
1661158844813953000,14.55,5,14.5,92,14.55,16,1,2022-08-22 09:00:44
1661158844881261000,14.55,1,14.5,92,14.55,10,1,2022-08-22 09:00:44
1661158844920297000,14.55,3,14.5,92,14.55,7,1,2022-08-22 09:00:44
1661158844931252000,14.55,7,14.55,1,14.6,75,1,2022-08-22 09:00:44
1661158844969604000,14.55,1,14.5,92,14.6,75,2,2022-08-22 09:00:44
1661158845225346000,14.6,1,14.5,98,14.6,74,1,2022-08-22 09:00:45
1661158845842415000,14.55,1,14.5,98,14.55,1,1,2022-08-22 09:00:45
1661158845907895000,14.55,1,14.5,98,14.6,74,2,2022-08-22 09:00:45
1661158846001140000,14.55,25,14.5,98,14.6,74,2,2022-08-22 09:00:46
1661158846418865000,14.55,1,14.5,98,14.6,74,2,2022-08-22 09:00:46
1661158846583949000,14.55,3,14.55,1,14.6,74,2,2022-08-22 09:00:46
1661158846665322000,14.55,1,14.5,98,14.6,74,2,2022-08-22 09:00:46
1661158846687248000,14.6,5,14.5,98,14.6,69,1,2022-08-22 09:00:46
1661158847123145000,14.6,3,14.55,3,14.6,66,1,2022-08-22 09:00:47
1661158848646415000,14.55,1,14.55,19,14.6,66,2,2022-08-22 09:00:48
1661158848739188000,14.6,1,14.55,19,14.6,65,1,2022-08-22 09:00:48
1661158849133810000,14.55,2,14.55,18,14.6,65,2,2022-08-22 09:00:49
1661158849161176000,14.55,1,14.55,17,14.6,65,2,2022-08-22 09:00:49
1661158849219715000,14.55,3,14.55,14,14.6,65,2,2022-08-22 09:00:49
1661158849902684000,14.6,1,14.55,15,14.6,66,1,2022-08-22 09:00:49
1661158851306585000,14.6,1,14.55,23,14.6,67,1,2022-08-22 09:00:51
1661158851374141000,14.55,2,14.55,21,14.6,66,2,2022-08-22 09:00:51
1661158851480944000,14.6,2,14.55,21,14.6,64,1,2022-08-22 09:00:51
1661158851547048000,14.55,1,14.55,20,14.6,64,2,2022-08-22 09:00:51
1661158851691554000,14.6,1,14.55,21,14.6,63,1,2022-08-22 09:00:51
1661158851884342000,14.55,1,14.55,22,14.6,63,2,2022-08-22 09:00:51
1661158852027820000,14.55,5,14.55,17,14.6,63,2,2022-08-22 09:00:52
1661158852396184000,14.6,2,14.55,17,14.6,61,1,2022-08-22 09:00:52
1661158852573042000,14.55,5,14.55,12,14.6,61,2,2022-08-22 09:00:52
1661158852905160000,14.6,1,14.55,12,14.6,60,1,2022-08-22 09:00:52
1661158852909470000,14.6,5,14.55,12,14.6,55,1,2022-08-22 09:00:52
1661158853148372000,14.55,4,14.55,8,14.6,55,2,2022-08-22 09:00:53
1661158853276068000,14.6,2,14.55,9,14.6,53,1,2022-08-22 09:00:53
1661158853277890000,14.55,1,14.55,9,14.6,55,2,2022-08-22 09:00:53
1661158853855752000,14.6,1,14.55,9,14.6,52,1,2022-08-22 09:00:53
1661158854615356000,14.6,4,14.55,9,14.6,49,1,2022-08-22 09:00:54
1661158854652607000,14.6,5,14.55,10,14.6,44,1,2022-08-22 09:00:54
1661158854683077000,14.6,1,14.55,10,14.6,43,1,2022-08-22 09:00:54
1661158854862610000,14.55,10,14.55,2,14.6,43,2,2022-08-22 09:00:54
1661158854873409000,14.6,5,14.55,2,14.6,38,1,2022-08-22 09:00:54
1661158854907338000,14.55,2,14.5,116,14.55,18,2,2022-08-22 09:00:54
1661158854939557000,14.55,14,14.5,116,14.55,4,1,2022-08-22 09:00:54
1661158854980848000,14.55,4,14.5,116,14.6,38,1,2022-08-22 09:00:54
1661158855710031000,14.55,5,14.5,117,14.55,5,2,2022-08-22 09:00:55
1661158855963113000,14.55,5,14.6,1,14.65,75,1,2022-08-22 09:00:55
1661158855963113000,14.6,39,14.6,1,14.65,75,1,2022-08-22 09:00:55
1661158855992493000,14.6,1,14.5,117,14.65,75,2,2022-08-22 09:00:55
1661158856203755000,14.55,4,14.5,117,14.65,29,1,2022-08-22 09:00:56
1661158856203755000,14.65,46,14.5,117,14.65,29,1,2022-08-22 09:00:56
1661158856937731000,14.6,1,14.6,3,14.65,32,1,2022-08-22 09:00:56
1661158856971665000,14.6,3,14.55,5,14.65,32,2,2022-08-22 09:00:56
1661158857088465000,14.55,2,14.55,3,14.65,32,2,2022-08-22 09:00:57
1661158857515302000,14.6,1,14.55,4,14.65,32,2,2022-08-22 09:00:57
1661158857643307000,14.55,2,14.55,2,14.65,32,2,2022-08-22 09:00:57
1661158857875262000,14.6,1,14.55,2,14.65,32,2,2022-08-22 09:00:57
1661158858266027000,14.6,5,14.55,4,14.65,32,2,2022-08-22 09:00:58
1661158858275283000,14.55,3,14.55,1,14.65,32,2,2022-08-22 09:00:58
1661158858501208000,14.6,1,14.55,1,14.6,9,1,2022-08-22 09:00:58
1661158859373988000,14.6,5,14.55,15,14.6,4,1,2022-08-22 09:00:59
1661158859443996000,14.6,1,14.55,15,14.6,3,1,2022-08-22 09:00:59
1661158860137254000,14.55,5,14.55,15,14.6,3,2,2022-08-22 09:01:00
1661158860271121000,14.6,1,14.55,10,14.6,2,1,2022-08-22 09:01:00
1661158860583308000,14.55,1,14.55,9,14.6,2,2,2022-08-22 09:01:00
1661158860589840000,14.55,2,14.55,7,14.6,2,2,2022-08-22 09:01:00
1661158860657117000,14.55,1,14.55,6,14.6,2,2,2022-08-22 09:01:00
1661158860751486000,14.6,1,14.55,10,14.6,2,1,2022-08-22 09:01:00
1661158860867744000,14.6,1,14.55,6,14.65,32,1,2022-08-22 09:01:00
1661158861283625000,14.6,1,14.55,6,14.6,3,1,2022-08-22 09:01:01
1661158861838583000,14.55,1,14.55,6,14.6,2,2,2022-08-22 09:01:01
1661158862056711000,14.6,2,14.55,6,14.65,2,1,2022-08-22 09:01:02
1661158862056711000,14.65,30,14.55,6,14.65,2,1,2022-08-22 09:01:02
1661158862168563000,14.55,7,14.5,122,14.55,13,2,2022-08-22 09:01:02
1661158862393810000,14.55,2,14.5,124,14.55,11,1,2022-08-22 09:01:02
1661158862422201000,14.55,3,14.5,124,14.55,8,1,2022-08-22 09:01:02
1661158862440467000,14.55,1,14.5,124,14.55,7,1,2022-08-22 09:01:02
1661158862540110000,14.55,2,14.5,124,14.55,5,1,2022-08-22 09:01:02
1661158862566284000,14.55,1,14.5,124,14.55,4,1,2022-08-22 09:01:02
1661158862567460000,14.55,4,14.5,124,14.65,2,1,2022-08-22 09:01:02
1661158862743543000,14.6,1,14.55,1,14.65,3,2,2022-08-22 09:01:02
1661158863256837000,14.55,1,14.55,7,14.65,3,2,2022-08-22 09:01:03
1661158863722735000,14.55,1,14.55,25,14.65,4,2,2022-08-22 09:01:03
1661158863876534000,14.65,1,14.55,24,14.65,3,1,2022-08-22 09:01:03
1661158864229045000,14.6,1,14.55,26,14.6,9,1,2022-08-22 09:01:04
1661158864705216000,14.6,1,14.55,26,14.6,8,1,2022-08-22 09:01:04
1661158865749096000,14.6,3,14.55,39,14.6,5,1,2022-08-22 09:01:05
1661158865800208000,14.6,1,14.55,39,14.6,8,1,2022-08-22 09:01:05
1661158866235584000,14.6,1,14.55,42,14.6,3,1,2022-08-22 09:01:06
1661158866382662000,14.6,3,14.55,47,14.65,5,1,2022-08-22 09:01:06
1661158866382662000,14.65,1,14.55,47,14.65,5,1,2022-08-22 09:01:06
1661158866687936000,14.6,1,14.55,18,14.65,7,2,2022-08-22 09:01:06
1661158866687936000,14.55,29,14.55,18,14.65,7,2,2022-08-22 09:01:06
1661158867428191000,14.6,1,14.55,20,14.65,7,2,2022-08-22 09:01:07
1661158868055658000,14.6,1,14.55,31,14.65,7,1,2022-08-22 09:01:08
1661158868243153000,14.65,2,14.55,31,14.65,6,1,2022-08-22 09:01:08
1661158868878004000,14.6,3,14.6,2,14.65,7,1,2022-08-22 09:01:08
1661158868909043000,14.6,2,14.55,32,14.65,7,2,2022-08-22 09:01:08
1661158868970696000,14.6,1,14.6,1,14.65,7,2,2022-08-22 09:01:08
1661158868970734000,14.6,1,14.55,32,14.65,7,2,2022-08-22 09:01:08
1661158869091379000,14.55,1,14.55,32,14.65,7,2,2022-08-22 09:01:09
1661158869291356000,14.65,8,14.55,32,14.7,111,1,2022-08-22 09:01:09
1661158869291356000,14.7,2,14.55,32,14.7,111,1,2022-08-22 09:01:09
1661158869425888000,14.6,1,14.6,1,14.65,1,1,2022-08-22 09:01:09
1661158869454088000,14.6,1,14.55,32,14.65,1,2,2022-08-22 09:01:09
1661158870440019000,14.6,1,14.55,68,14.65,7,1,2022-08-22 09:01:10
1661158871359775000,14.6,1,14.55,70,14.65,16,2,2022-08-22 09:01:11
1661158871778763000,14.55,6,14.55,71,14.6,1,2,2022-08-22 09:01:11
1661158873269210000,14.6,1,14.6,1,14.65,21,1,2022-08-22 09:01:13
1661158873304815000,14.6,1,14.55,117,14.65,21,2,2022-08-22 09:01:13
1661158873474394000,14.65,1,14.55,117,14.65,20,1,2022-08-22 09:01:13
1661158874523809000,14.65,1,14.6,2,14.65,20,1,2022-08-22 09:01:14
1661158874881535000,14.65,2,14.6,6,14.65,18,1,2022-08-22 09:01:14
1661158875151123000,14.65,10,14.6,7,14.65,8,1,2022-08-22 09:01:15
1661158875615497000,14.6,1,14.6,13,14.65,8,2,2022-08-22 09:01:15
1661158875741507000,14.65,5,14.6,13,14.65,3,1,2022-08-22 09:01:15
1661158875815550000,14.6,3,14.6,10,14.65,3,2,2022-08-22 09:01:15
1661158876410941000,14.6,1,14.6,9,14.65,4,2,2022-08-22 09:01:16
1661158876824876000,14.6,9,14.6,9,14.65,4,2,2022-08-22 09:01:16
1661158876922560000,14.55,10,14.55,117,14.65,4,2,2022-08-22 09:01:16
1661158877461800000,14.6,1,14.55,117,14.65,4,2,2022-08-22 09:01:17
1661158877826098000,14.55,15,14.55,102,14.65,4,2,2022-08-22 09:01:17
1661158877828103000,14.65,2,14.55,117,14.65,4,1,2022-08-22 09:01:17
1661158878051560000,14.55,15,14.55,87,14.65,5,2,2022-08-22 09:01:18
1661158878418550000,14.55,15,14.55,72,14.65,6,2,2022-08-22 09:01:18
1661158878659824000,14.6,1,14.55,74,14.6,9,1,2022-08-22 09:01:18
1661158878754422000,14.6,4,14.55,74,14.6,5,1,2022-08-22 09:01:18
1661158878834035000,14.6,2,14.55,74,14.6,3,1,2022-08-22 09:01:18
1661158878854206000,14.55,15,14.55,59,14.6,3,2,2022-08-22 09:01:18
1661158878916796000,14.6,3,14.6,1,14.65,10,1,2022-08-22 09:01:18
1661158878950367000,14.6,1,14.55,59,14.65,10,2,2022-08-22 09:01:18
1661158878955048000,14.65,1,14.55,59,14.65,9,1,2022-08-22 09:01:18
1661158879031171000,14.65,3,14.55,59,14.65,6,1,2022-08-22 09:01:19
1661158879367637000,14.6,9,14.55,53,14.65,10,2,2022-08-22 09:01:19
1661158879367637000,14.55,6,14.55,53,14.65,10,2,2022-08-22 09:01:19
1661158879617672000,14.65,3,14.55,54,14.65,12,1,2022-08-22 09:01:19
1661158880012051000,14.65,2,14.55,54,14.65,14,1,2022-08-22 09:01:20
1661158880637668000,14.6,1,14.55,63,14.65,32,2,2022-08-22 09:01:20
1661158881305792000,14.6,1,14.55,74,14.6,1,1,2022-08-22 09:01:21
1661158881305792000,14.65,9,14.55,74,14.6,1,1,2022-08-22 09:01:21
1661158881765683000,14.65,3,14.55,86,14.65,54,1,2022-08-22 09:01:21
1661158882654158000,14.6,1,14.55,86,14.6,1,1,2022-08-22 09:01:22
1661158882946142000,14.55,1,14.55,95,14.6,21,2,2022-08-22 09:01:22
1661158883074523000,14.55,1,14.55,95,14.6,21,2,2022-08-22 09:01:23
1661158883359457000,14.6,2,14.55,100,14.6,19,1,2022-08-22 09:01:23
1661158883452445000,14.55,100,14.55,4,14.6,19,2,2022-08-22 09:01:23
1661158883476509000,14.55,4,14.5,110,14.6,19,2,2022-08-22 09:01:23
1661158883650969000,14.6,10,14.55,4,14.6,19,1,2022-08-22 09:01:23
1661158883946796000,14.6,1,14.5,110,14.6,8,1,2022-08-22 09:01:23
1661158885158654000,14.6,4,14.55,4,14.6,24,1,2022-08-22 09:01:25
1661158885196997000,14.55,4,14.5,110,14.6,24,2,2022-08-22 09:01:25
1661158885824392000,14.6,3,14.5,110,14.6,32,1,2022-08-22 09:01:25
1661158886181486000,14.55,1,14.5,110,14.6,30,2,2022-08-22 09:01:26
1661158886311074000,14.6,1,14.5,110,14.6,30,1,2022-08-22 09:01:26
1661158886761675000,14.6,2,14.5,111,14.6,30,1,2022-08-22 09:01:26
1661158886994338000,14.55,1,14.5,111,14.6,28,2,2022-08-22 09:01:26
1661158887480490000,14.6,20,14.55,1,14.6,8,1,2022-08-22 09:01:27
1661158887816287000,14.6,1,14.55,2,14.6,8,1,2022-08-22 09:01:27
1661158888076774000,14.6,2,14.55,3,14.6,5,1,2022-08-22 09:01:28
1661158888425475000,14.6,1,14.55,3,14.6,4,1,2022-08-22 09:01:28
1661158889603703000,14.6,2,14.55,16,14.6,6,1,2022-08-22 09:01:29
1661158890117144000,14.6,2,14.55,20,14.6,4,1,2022-08-22 09:01:30
1661158890305939000,14.6,1,14.55,28,14.6,4,1,2022-08-22 09:01:30
1661158890861072000,14.6,1,14.55,32,14.6,3,1,2022-08-22 09:01:30
1661158890945221000,14.6,1,14.55,32,14.6,2,1,2022-08-22 09:01:30
1661158891036481000,14.6,2,14.55,32,14.65,118,1,2022-08-22 09:01:31
1661158891459329000,14.6,1,14.55,32,14.65,128,1,2022-08-22 09:01:31
1661158891509379000,14.6,1,14.55,32,14.65,128,2,2022-08-22 09:01:31
1661158891702116000,14.6,1,14.55,32,14.65,129,1,2022-08-22 09:01:31
1661158892187246000,14.6,2,14.55,33,14.65,125,1,2022-08-22 09:01:32
1661158892187246000,14.65,4,14.55,33,14.65,125,1,2022-08-22 09:01:32
1661158892874054000,14.6,1,14.55,34,14.6,6,1,2022-08-22 09:01:32
1661158893144851000,14.55,20,14.55,15,14.6,6,2,2022-08-22 09:01:33
1661158893218110000,14.55,1,14.55,14,14.6,6,2,2022-08-22 09:01:33
1661158893324867000,14.6,1,14.55,35,14.6,6,1,2022-08-22 09:01:33
1661158893510007000,14.6,2,14.55,14,14.6,3,1,2022-08-22 09:01:33
1661158893514335000,14.6,3,14.6,7,14.65,126,1,2022-08-22 09:01:33
1661158893542102000,14.6,7,14.55,14,14.65,126,2,2022-08-22 09:01:33
1661158894516296000,14.6,1,14.55,14,14.6,16,1,2022-08-22 09:01:34
1661158894999122000,14.55,14,14.55,1,14.6,24,2,2022-08-22 09:01:34
1661158895027058000,14.55,1,14.5,127,14.6,24,2,2022-08-22 09:01:35
1661158895213309000,14.5,117,14.45,27,14.6,44,2,2022-08-22 09:01:35
1661158895243501000,14.55,1,14.45,27,14.6,44,2,2022-08-22 09:01:35
1661158896065356000,14.55,1,14.45,27,14.6,51,1,2022-08-22 09:01:36
1661158896101455000,14.6,1,14.45,27,14.6,50,1,2022-08-22 09:01:36
1661158897147648000,14.5,1,14.5,9,14.55,8,2,2022-08-22 09:01:37
1661158897298089000,14.5,1,14.5,8,14.55,8,2,2022-08-22 09:01:37
1661158897329888000,14.5,8,14.45,27,14.55,8,2,2022-08-22 09:01:37
1661158897758847000,14.55,3,14.45,27,14.55,5,1,2022-08-22 09:01:37
1661158897928096000,14.6,1,14.45,27,14.6,68,1,2022-08-22 09:01:37
1661158898929912000,14.55,1,14.55,1,14.6,71,1,2022-08-22 09:01:38
1661158898970514000,14.55,1,14.45,27,14.6,71,2,2022-08-22 09:01:38
1661158900556077000,14.5,1,14.45,27,14.55,22,1,2022-08-22 09:01:40
1661158900704529000,14.55,20,14.45,32,14.55,22,1,2022-08-22 09:01:40
1661158901285226000,14.55,2,14.45,32,14.6,87,1,2022-08-22 09:01:41
1661158901371949000,14.6,2,14.45,32,14.6,85,1,2022-08-22 09:01:41
1661158901917394000,14.6,1,14.5,5,14.6,85,1,2022-08-22 09:01:41
1661158902251268000,14.5,1,14.5,12,14.6,95,2,2022-08-22 09:01:42
1661158902262664000,14.5,1,14.5,11,14.6,95,2,2022-08-22 09:01:42
1661158902291630000,14.5,3,14.5,8,14.55,1,2,2022-08-22 09:01:42
1661158902487622000,14.5,1,14.5,11,14.55,1,2,2022-08-22 09:01:42
1661158902588878000,14.55,1,14.5,15,14.6,95,1,2022-08-22 09:01:42
1661158903035617000,14.5,21,14.5,1,14.6,95,2,2022-08-22 09:01:43
1661158903067246000,14.5,1,14.45,32,14.6,95,2,2022-08-22 09:01:43
1661158903220787000,14.55,1,14.45,32,14.6,95,2,2022-08-22 09:01:43
1661158903333241000,14.55,3,14.45,32,14.6,95,1,2022-08-22 09:01:43
1661158903581461000,14.6,10,14.45,32,14.6,85,1,2022-08-22 09:01:43
1661158904260790000,14.55,1,14.5,1,14.6,90,1,2022-08-22 09:01:44
1661158904260790000,14.6,4,14.5,1,14.6,90,1,2022-08-22 09:01:44
1661158904667994000,14.6,1,14.5,9,14.6,89,1,2022-08-22 09:01:44
1661158905183353000,14.55,1,14.5,22,14.6,89,1,2022-08-22 09:01:45
1661158905286378000,14.55,1,14.5,22,14.6,89,2,2022-08-22 09:01:45
1661158905427850000,14.6,1,14.55,2,14.6,88,1,2022-08-22 09:01:45
1661158905452116000,14.55,2,14.5,22,14.6,88,2,2022-08-22 09:01:45
1661158906106325000,14.55,3,14.5,24,14.55,17,1,2022-08-22 09:01:46
1661158907074411000,14.5,5,14.5,20,14.55,18,2,2022-08-22 09:01:47
1661158907402937000,14.55,1,14.5,20,14.55,19,1,2022-08-22 09:01:47
1661158908122858000,14.55,6,14.5,20,14.55,13,1,2022-08-22 09:01:48
1661158908148373000,14.55,13,14.5,20,14.6,80,1,2022-08-22 09:01:48
1661158909298421000,14.55,10,14.5,25,14.55,36,1,2022-08-22 09:01:49
1661158909650682000,14.55,3,14.5,26,14.55,24,1,2022-08-22 09:01:49
1661158909911359000,14.5,10,14.45,32,14.55,24,2,2022-08-22 09:01:49
1661158910445283000,14.45,5,14.45,27,14.5,5,2,2022-08-22 09:01:50
1661158911236316000,14.5,2,14.45,27,14.5,23,1,2022-08-22 09:01:51
1661158911265849000,14.5,1,14.45,27,14.5,24,1,2022-08-22 09:01:51
1661158911312066000,14.5,1,14.45,27,14.5,22,1,2022-08-22 09:01:51
1661158912125057000,14.5,1,14.45,27,14.5,21,1,2022-08-22 09:01:52
1661158913121529000,14.5,30,14.45,27,14.6,56,1,2022-08-22 09:01:53
1661158913121529000,14.55,40,14.45,27,14.6,56,1,2022-08-22 09:01:53
1661158913121529000,14.6,30,14.45,27,14.6,56,1,2022-08-22 09:01:53
1661158913987648000,14.55,2,14.45,27,14.55,13,1,2022-08-22 09:01:53
1661158914151227000,14.55,2,14.45,27,14.55,11,1,2022-08-22 09:01:54
1661158915294585000,14.55,31,14.5,7,14.6,37,1,2022-08-22 09:01:55
1661158915294585000,14.6,19,14.5,7,14.6,37,1,2022-08-22 09:01:55
1661158915927926000,14.55,2,14.55,8,14.6,37,2,2022-08-22 09:01:55
1661158915989326000,14.55,8,14.5,12,14.6,37,2,2022-08-22 09:01:55
1661158916633187000,14.55,1,14.5,13,14.55,19,1,2022-08-22 09:01:56
1661158917825731000,14.5,1,14.5,5,14.55,19,2,2022-08-22 09:01:57
1661158918158291000,14.55,2,14.5,6,14.55,19,1,2022-08-22 09:01:58
1661158918787597000,14.5,1,14.5,7,14.55,21,2,2022-08-22 09:01:58
1661158919601878000,14.5,1,14.5,7,14.55,23,2,2022-08-22 09:01:59
1661158919626503000,14.5,7,14.45,32,14.55,23,2,2022-08-22 09:01:59
1661158920136209000,14.55,1,14.45,32,14.55,22,1,2022-08-22 09:02:00
1661158920449258000,14.5,1,14.45,32,14.55,32,2,2022-08-22 09:02:00
1661158920457417000,14.45,7,14.45,25,14.55,32,2,2022-08-22 09:02:00
1661158920607083000,14.55,5,14.45,25,14.55,28,1,2022-08-22 09:02:00
1661158921809969000,14.45,1,14.45,24,14.55,28,2,2022-08-22 09:02:01
1661158922500690000,14.5,1,14.45,24,14.5,1,1,2022-08-22 09:02:02
1661158922800271000,14.5,1,14.45,24,14.55,38,1,2022-08-22 09:02:02
1661158923230274000,14.5,1,14.5,19,14.55,38,1,2022-08-22 09:02:03
1661158923262056000,14.5,19,14.45,24,14.55,38,2,2022-08-22 09:02:03
1661158924386748000,14.5,1,14.45,24,14.55,39,2,2022-08-22 09:02:04
1661158924632348000,14.55,5,14.5,20,14.55,34,1,2022-08-22 09:02:04
1661158924855140000,14.5,1,14.5,19,14.55,32,2,2022-08-22 09:02:04
1661158924995401000,14.5,1,14.5,18,14.55,32,2,2022-08-22 09:02:04
1661158925364138000,14.55,32,14.5,18,14.6,21,1,2022-08-22 09:02:05
1661158925364138000,14.6,68,14.5,18,14.6,21,1,2022-08-22 09:02:05
1661158927608190000,14.55,5,14.5,21,14.6,27,1,2022-08-22 09:02:07
1661158927690667000,14.6,1,14.5,21,14.6,27,1,2022-08-22 09:02:07
1661158928750951000,14.6,1,14.5,22,14.6,26,1,2022-08-22 09:02:08
1661158931238219000,14.55,1,14.5,48,14.55,9,1,2022-08-22 09:02:11
1661158932056354000,14.55,10,14.5,49,14.6,34,1,2022-08-22 09:02:12
1661158932126295000,14.55,1,14.5,49,14.6,34,2,2022-08-22 09:02:12
1661158932199315000,14.6,5,14.5,49,14.6,29,1,2022-08-22 09:02:12
1661158932624026000,14.55,1,14.5,49,14.6,31,1,2022-08-22 09:02:12
1661158933159336000,14.55,2,14.55,3,14.6,34,1,2022-08-22 09:02:13
1661158933186984000,14.55,1,14.55,2,14.6,34,2,2022-08-22 09:02:13
1661158933233928000,14.6,1,14.55,2,14.6,33,1,2022-08-22 09:02:13
1661158933338118000,14.6,1,14.55,3,14.6,32,1,2022-08-22 09:02:13
1661158933373512000,14.55,3,14.5,23,14.6,32,2,2022-08-22 09:02:13
1661158933373512000,14.5,27,14.5,23,14.6,32,2,2022-08-22 09:02:13
1661158933902372000,14.55,1,14.5,25,14.6,32,2,2022-08-22 09:02:13
1661158934005202000,14.55,1,14.5,25,14.6,26,1,2022-08-22 09:02:14
1661158934005202000,14.6,6,14.5,25,14.6,26,1,2022-08-22 09:02:14
1661158934247866000,14.6,1,14.5,25,14.6,29,1,2022-08-22 09:02:14
1661158934530265000,14.6,20,14.5,26,14.6,9,1,2022-08-22 09:02:14
1661158935557311000,14.55,1,14.5,26,14.6,14,1,2022-08-22 09:02:15
1661158936166046000,14.6,5,14.5,30,14.6,9,1,2022-08-22 09:02:16
1661158937325937000,14.6,1,14.55,23,14.6,19,1,2022-08-22 09:02:17
1661158937500224000,14.6,9,14.55,23,14.6,10,1,2022-08-22 09:02:17
1661158937870262000,14.55,3,14.55,20,14.6,10,2,2022-08-22 09:02:17
1661158937877591000,14.6,5,14.55,20,14.6,5,1,2022-08-22 09:02:17
1661158938039802000,14.6,5,14.6,15,14.65,161,1,2022-08-22 09:02:18
1661158938133454000,14.6,1,14.6,14,14.65,161,2,2022-08-22 09:02:18
1661158938138462000,14.6,14,14.6,14,14.65,161,2,2022-08-22 09:02:18
1661158939271722000,14.6,3,14.6,2,14.65,161,1,2022-08-22 09:02:19
1661158939822997000,14.6,1,14.6,3,14.65,161,2,2022-08-22 09:02:19
1661158940641972000,14.6,2,14.6,12,14.65,161,2,2022-08-22 09:02:20
1661158940665462000,14.6,1,14.6,11,14.65,161,2,2022-08-22 09:02:20
1661158940672978000,14.6,11,14.55,29,14.65,161,2,2022-08-22 09:02:20
1661158941502209000,14.6,1,14.55,29,14.6,4,2,2022-08-22 09:02:21
1661158941506996000,14.6,4,14.6,1,14.65,161,1,2022-08-22 09:02:21
1661158941700919000,14.6,1,14.55,29,14.65,161,2,2022-08-22 09:02:21
1661158942738778000,14.6,1,14.55,30,14.65,162,1,2022-08-22 09:02:22
1661158942760096000,14.65,23,14.55,30,14.65,139,1,2022-08-22 09:02:22
1661158942816427000,14.55,10,14.55,20,14.65,139,2,2022-08-22 09:02:22
1661158943713229000,14.65,1,14.6,1,14.65,138,1,2022-08-22 09:02:23
1661158943722236000,14.6,1,14.55,23,14.65,138,2,2022-08-22 09:02:23
1661158945453147000,14.6,1,14.55,25,14.6,1,1,2022-08-22 09:02:25
1661158947335926000,14.6,5,14.55,26,14.6,8,1,2022-08-22 09:02:27
1661158947636644000,14.6,5,14.55,26,14.6,3,1,2022-08-22 09:02:27
1661158947668364000,14.6,3,14.6,2,14.65,144,1,2022-08-22 09:02:27
1661158948039414000,14.65,10,14.6,2,14.65,134,1,2022-08-22 09:02:28
1661158948057327000,14.6,1,14.6,1,14.65,134,2,2022-08-22 09:02:28
1661158948711806000,14.65,5,14.6,52,14.65,134,1,2022-08-22 09:02:28
1661158948940862000,14.6,1,14.6,51,14.65,129,2,2022-08-22 09:02:28
1661158949259447000,14.6,1,14.6,51,14.65,129,2,2022-08-22 09:02:29
1661158950158487000,14.6,10,14.6,57,14.65,129,2,2022-08-22 09:02:30
1661158951281405000,14.65,5,14.6,52,14.65,124,1,2022-08-22 09:02:31
1661158952698491000,14.6,1,14.6,70,14.65,124,2,2022-08-22 09:02:32
1661158952890642000,14.6,1,14.6,69,14.65,124,2,2022-08-22 09:02:32
1661158952952651000,14.65,2,14.6,69,14.65,122,1,2022-08-22 09:02:32
1661158953218300000,14.65,4,14.6,70,14.65,124,1,2022-08-22 09:02:33
1661158953647579000,14.65,5,14.6,69,14.65,113,1,2022-08-22 09:02:33
1661158953970544000,14.6,10,14.6,59,14.65,113,2,2022-08-22 09:02:33
1661158954222404000,14.65,20,14.6,59,14.65,114,1,2022-08-22 09:02:34
1661158954360138000,14.65,10,14.6,59,14.65,84,1,2022-08-22 09:02:34
1661158954394115000,14.65,50,14.6,59,14.65,34,1,2022-08-22 09:02:34
1661158954426843000,14.65,26,14.6,59,14.65,8,1,2022-08-22 09:02:34
1661158954428335000,14.65,8,14.6,59,14.7,100,1,2022-08-22 09:02:34
1661158954879865000,14.6,6,14.6,54,14.7,100,2,2022-08-22 09:02:34
1661158955016347000,14.7,2,14.6,54,14.7,98,1,2022-08-22 09:02:35
1661158955119374000,14.7,20,14.6,54,14.7,100,1,2022-08-22 09:02:35
1661158955430238000,14.6,3,14.6,51,14.7,78,2,2022-08-22 09:02:35
1661158955440657000,14.7,10,14.6,51,14.7,68,1,2022-08-22 09:02:35
1661158955650259000,14.7,2,14.6,51,14.7,66,1,2022-08-22 09:02:35
1661158955982154000,14.6,2,14.6,50,14.7,66,2,2022-08-22 09:02:35
1661158956590799000,14.7,3,14.6,50,14.7,63,1,2022-08-22 09:02:36
1661158957123608000,14.7,20,14.65,6,14.7,63,1,2022-08-22 09:02:37
1661158957879691000,14.7,1,14.65,8,14.7,42,1,2022-08-22 09:02:37
1661158958375257000,14.65,1,14.65,7,14.7,42,2,2022-08-22 09:02:38
1661158959131323000,14.7,5,14.65,12,14.7,42,1,2022-08-22 09:02:39
1661158959422705000,14.7,5,14.65,12,14.7,32,1,2022-08-22 09:02:39
1661158959956879000,14.7,1,14.65,13,14.7,31,1,2022-08-22 09:02:39
1661158960156792000,14.7,5,14.65,13,14.7,26,1,2022-08-22 09:02:40
1661158960188240000,14.7,26,14.65,13,14.75,98,1,2022-08-22 09:02:40
1661158960531921000,14.75,2,14.65,14,14.75,96,1,2022-08-22 09:02:40
1661158960686240000,14.75,1,14.65,17,14.75,95,1,2022-08-22 09:02:40
1661158960706399000,14.75,1,14.65,17,14.75,94,1,2022-08-22 09:02:40
1661158960706883000,14.75,1,14.65,17,14.75,93,1,2022-08-22 09:02:40
1661158960976735000,14.65,3,14.65,14,14.75,93,2,2022-08-22 09:02:40
1661158961044958000,14.75,2,14.65,14,14.75,91,1,2022-08-22 09:02:41
1661158961284590000,14.65,10,14.65,4,14.75,91,2,2022-08-22 09:02:41
1661158961631838000,14.7,1,14.7,5,14.75,91,1,2022-08-22 09:02:41
1661158961655330000,14.7,2,14.7,3,14.75,91,2,2022-08-22 09:02:41
1661158962186047000,14.7,2,14.7,1,14.75,91,2,2022-08-22 09:02:42
1661158962253588000,14.75,1,14.7,3,14.75,91,1,2022-08-22 09:02:42
1661158962323443000,14.7,1,14.65,17,14.75,90,2,2022-08-22 09:02:42
1661158962542838000,14.7,3,14.65,17,14.75,90,2,2022-08-22 09:02:42
1661158962847745000,14.75,15,14.7,2,14.75,75,1,2022-08-22 09:02:42
1661158963123601000,14.7,2,14.6,82,14.75,75,2,2022-08-22 09:02:43
1661158963123601000,14.65,18,14.6,82,14.75,75,2,2022-08-22 09:02:43
1661158964794629000,14.75,2,14.7,1,14.75,76,1,2022-08-22 09:02:44
1661158965437886000,14.7,1,14.65,6,14.7,19,2,2022-08-22 09:02:45
1661158965757093000,14.7,1,14.65,6,14.7,20,1,2022-08-22 09:02:45
1661158968106530000,14.65,6,14.65,9,14.7,19,2,2022-08-22 09:02:48
1661158968238061000,14.7,1,14.65,9,14.7,18,1,2022-08-22 09:02:48
1661158968346867000,14.7,3,14.65,9,14.7,15,1,2022-08-22 09:02:48
1661158968435967000,14.7,15,14.65,9,14.75,114,1,2022-08-22 09:02:48
1661158968586447000,14.75,6,14.65,12,14.75,108,1,2022-08-22 09:02:48
1661158968893077000,14.65,1,14.65,11,14.7,1,2,2022-08-22 09:02:48
1661158968964662000,14.7,3,14.65,11,14.75,108,1,2022-08-22 09:02:48
1661158969362954000,14.75,5,14.7,5,14.75,103,1,2022-08-22 09:02:49
1661158969445560000,14.75,1,14.7,5,14.75,102,1,2022-08-22 09:02:49
1661158969559438000,14.7,1,14.7,4,14.75,102,2,2022-08-22 09:02:49
1661158969738551000,14.7,3,14.7,5,14.75,102,2,2022-08-22 09:02:49
1661158970612924000,14.7,1,14.7,2,14.75,102,2,2022-08-22 09:02:50
1661158970802484000,14.7,2,14.65,27,14.7,8,2,2022-08-22 09:02:50
1661158970856131000,14.7,1,14.65,27,14.7,7,1,2022-08-22 09:02:50
1661158970949682000,14.7,1,14.65,27,14.7,7,1,2022-08-22 09:02:50
1661158971513604000,14.7,1,14.65,27,14.7,5,1,2022-08-22 09:02:51
1661158971973941000,14.7,1,14.65,28,14.7,4,1,2022-08-22 09:02:51
1661158972241403000,14.7,1,14.65,30,14.7,4,1,2022-08-22 09:02:52
1661158973581079000,14.7,1,14.65,30,14.7,2,1,2022-08-22 09:02:53
1661158974227141000,14.7,4,14.7,1,14.75,123,1,2022-08-22 09:02:54
1661158974950187000,14.7,1,14.7,2,14.75,123,2,2022-08-22 09:02:54
1661158975701497000,14.7,1,14.7,4,14.75,124,2,2022-08-22 09:02:55
1661158975739547000,14.7,4,14.65,27,14.75,124,2,2022-08-22 09:02:55
1661158975976964000,14.7,1,14.65,27,14.7,1,1,2022-08-22 09:02:55
1661158976381406000,14.7,1,14.65,29,14.75,120,1,2022-08-22 09:02:56
1661158976907550000,14.7,2,14.65,29,14.7,1,2,2022-08-22 09:02:56
1661158977085508000,14.7,2,14.65,29,14.8,490,1,2022-08-22 09:02:57
1661158977085508000,14.75,120,14.65,29,14.8,490,1,2022-08-22 09:02:57
1661158977085508000,14.8,78,14.65,29,14.8,490,1,2022-08-22 09:02:57
1661158977297939000,14.75,20,14.65,19,14.8,451,2,2022-08-22 09:02:57
1661158977297939000,14.7,10,14.65,19,14.8,451,2,2022-08-22 09:02:57
1661158977297939000,14.65,10,14.65,19,14.8,451,2,2022-08-22 09:02:57
1661158977353325000,14.65,2,14.65,17,14.8,451,2,2022-08-22 09:02:57
1661158977365248000,14.65,1,14.65,16,14.8,451,2,2022-08-22 09:02:57
1661158978099269000,14.75,1,14.7,9,14.8,451,2,2022-08-22 09:02:58
1661158978450102000,14.7,9,14.65,27,14.7,1,2,2022-08-22 09:02:58
1661158978656788000,14.7,1,14.7,4,14.8,441,1,2022-08-22 09:02:58
1661158979354530000,14.7,1,14.7,3,14.8,441,2,2022-08-22 09:02:59
1661158979739147000,14.75,1,14.7,3,14.8,441,2,2022-08-22 09:02:59
1661158980127975000,14.8,1,14.7,9,14.8,441,1,2022-08-22 09:03:00
1661158980562421000,14.7,3,14.7,6,14.75,45,2,2022-08-22 09:03:00
1661158980785992000,14.7,3,14.7,4,14.75,47,2,2022-08-22 09:03:00
1661158980986744000,14.7,6,14.7,8,14.75,47,2,2022-08-22 09:03:00
1661158981296162000,14.75,57,14.7,8,14.8,176,1,2022-08-22 09:03:01
1661158981296162000,14.8,261,14.7,8,14.8,176,1,2022-08-22 09:03:01
1661158981455757000,14.75,10,14.7,8,14.8,176,1,2022-08-22 09:03:01
1661158981535276000,14.7,5,14.7,8,14.75,10,2,2022-08-22 09:03:01
1661158982420437000,14.7,1,14.7,6,14.8,176,2,2022-08-22 09:03:02
1661158982590522000,14.7,5,14.7,11,14.8,176,2,2022-08-22 09:03:02
1661158983125608000,14.7,15,14.7,6,14.75,3,2,2022-08-22 09:03:03
1661158983153868000,14.75,3,14.7,6,14.8,168,1,2022-08-22 09:03:03
1661158983153868000,14.8,8,14.7,6,14.8,168,1,2022-08-22 09:03:03
1661158983391598000,14.8,1,14.7,10,14.8,167,1,2022-08-22 09:03:03
1661158984446170000,14.8,1,14.7,15,14.8,166,1,2022-08-22 09:03:04
1661158985238314000,14.8,1,14.7,18,14.8,167,1,2022-08-22 09:03:05
1661158985314533000,14.8,10,14.7,18,14.8,156,1,2022-08-22 09:03:05
1661158985821898000,14.8,5,14.7,19,14.8,151,1,2022-08-22 09:03:05
1661158985877493000,14.8,6,14.7,19,14.8,145,1,2022-08-22 09:03:05
1661158985982035000,14.8,10,14.7,19,14.8,135,1,2022-08-22 09:03:05
1661158986037668000,14.8,60,14.7,19,14.8,75,1,2022-08-22 09:03:06
1661158986069114000,14.8,11,14.7,19,14.8,75,1,2022-08-22 09:03:06
1661158986644501000,14.7,2,14.7,17,14.8,64,2,2022-08-22 09:03:06
1661158987170056000,14.8,1,14.7,17,14.8,64,1,2022-08-22 09:03:07
1661158987513728000,14.75,1,14.7,17,14.8,64,1,2022-08-22 09:03:07
1661158987587720000,14.75,2,14.7,17,14.8,64,1,2022-08-22 09:03:07
1661158987692200000,14.8,2,14.7,18,14.8,62,1,2022-08-22 09:03:07
1661158987754627000,14.75,1,14.7,18,14.75,1,1,2022-08-22 09:03:07
1661158987754627000,14.8,1,14.7,18,14.75,1,1,2022-08-22 09:03:07
1661158987907475000,14.8,2,14.7,19,14.8,59,1,2022-08-22 09:03:07
1661158988008415000,14.8,1,14.7,19,14.8,58,1,2022-08-22 09:03:08
1661158988155521000,14.8,1,14.7,19,14.8,57,1,2022-08-22 09:03:08
1661158988256734000,14.8,10,14.7,20,14.8,57,1,2022-08-22 09:03:08
1661158988403789000,14.75,1,14.8,2,14.85,165,1,2022-08-22 09:03:08
1661158988403789000,14.8,47,14.8,2,14.85,165,1,2022-08-22 09:03:08
1661158988435585000,14.8,2,14.7,20,14.85,165,2,2022-08-22 09:03:08
1661158988869706000,14.8,4,14.7,21,14.85,158,2,2022-08-22 09:03:08
1661158989081889000,14.7,20,14.7,2,14.85,158,2,2022-08-22 09:03:09
1661158989115321000,14.7,1,14.7,22,14.85,158,2,2022-08-22 09:03:09
1661158989887295000,14.75,1,14.7,1,14.8,10,1,2022-08-22 09:03:09
1661158990398463000,14.75,1,14.7,10,14.75,9,2,2022-08-22 09:03:10
1661158990759249000,14.75,1,14.7,10,14.75,14,1,2022-08-22 09:03:10
1661158990857437000,14.75,1,14.7,10,14.75,12,1,2022-08-22 09:03:10
1661158991403889000,14.75,1,14.7,14,14.75,11,1,2022-08-22 09:03:11
1661158991713982000,14.75,3,14.7,15,14.75,2,1,2022-08-22 09:03:11
1661158991757011000,14.75,2,14.7,15,14.75,5,1,2022-08-22 09:03:11
1661158992078222000,14.8,5,14.7,15,14.8,8,1,2022-08-22 09:03:12
1661158993886960000,14.75,1,14.7,18,14.8,33,1,2022-08-22 09:03:13
1661158994576186000,14.75,3,14.7,23,14.8,33,2,2022-08-22 09:03:14
1661158995100981000,14.8,1,14.75,1,14.8,37,1,2022-08-22 09:03:15
1661158995520921000,14.75,2,14.7,23,14.8,51,2,2022-08-22 09:03:15
1661158995657955000,14.8,10,14.7,38,14.8,41,1,2022-08-22 09:03:15
1661158995739317000,14.75,2,14.7,38,14.8,41,2,2022-08-22 09:03:15
1661158996332391000,14.8,3,14.75,3,14.8,38,1,2022-08-22 09:03:16
1661158996666349000,14.8,2,14.75,3,14.8,50,1,2022-08-22 09:03:16
1661158996826082000,14.75,1,14.75,2,14.8,48,2,2022-08-22 09:03:16
1661158997242500000,14.75,2,14.7,43,14.8,86,2,2022-08-22 09:03:17
1661158997688486000,14.8,5,14.75,3,14.8,86,1,2022-08-22 09:03:17
1661158998011177000,14.75,3,14.7,45,14.75,7,2,2022-08-22 09:03:18
1661158998544500000,14.75,11,14.7,45,14.8,42,1,2022-08-22 09:03:18
1661158998544500000,14.8,39,14.7,45,14.8,42,1,2022-08-22 09:03:18
1661158998581253000,14.75,10,14.7,45,14.8,42,2,2022-08-22 09:03:18
1661158998658555000,14.7,30,14.7,15,14.8,42,2,2022-08-22 09:03:18
1661158998814473000,14.8,1,14.7,20,14.8,41,1,2022-08-22 09:03:18
1661158998997789000,14.8,10,14.75,1,14.8,28,1,2022-08-22 09:03:18
1661158999258395000,14.8,1,14.75,1,14.8,31,1,2022-08-22 09:03:19
1661158999772125000,14.8,1,14.75,4,14.8,30,1,2022-08-22 09:03:19
1661158999782026000,14.75,4,14.7,20,14.75,13,2,2022-08-22 09:03:19
1661158999840390000,14.75,10,14.7,20,14.75,3,1,2022-08-22 09:03:19
1661158999875245000,14.75,3,14.7,20,14.8,32,1,2022-08-22 09:03:19
1661159001162268000,14.8,7,14.75,13,14.8,54,1,2022-08-22 09:03:21
1661159001323625000,14.8,1,14.75,13,14.8,54,1,2022-08-22 09:03:21
1661159001905426000,14.8,23,14.75,13,14.8,33,1,2022-08-22 09:03:21
1661159002106690000,14.75,1,14.75,13,14.8,33,2,2022-08-22 09:03:22
1661159002116495000,14.8,2,14.75,13,14.8,31,1,2022-08-22 09:03:22
1661159002232263000,14.75,1,14.75,12,14.8,36,2,2022-08-22 09:03:22
1661159003170127000,14.8,1,14.75,13,14.8,28,1,2022-08-22 09:03:23
1661159003796770000,14.8,29,14.75,38,14.85,153,1,2022-08-22 09:03:23
1661159004629639000,14.8,1,14.75,39,14.8,2,2,2022-08-22 09:03:24
1661159004968371000,14.8,2,14.8,8,14.85,152,1,2022-08-22 09:03:24
1661159005211991000,14.8,8,14.75,62,14.8,42,2,2022-08-22 09:03:25
1661159005726398000,14.8,5,14.75,63,14.8,37,1,2022-08-22 09:03:25
1661159005767479000,14.8,1,14.75,63,14.8,36,1,2022-08-22 09:03:25
1661159007076938000,14.8,2,14.75,67,14.8,38,1,2022-08-22 09:03:27
1661159007380546000,14.8,1,14.75,69,14.8,39,1,2022-08-22 09:03:27
1661159007747061000,14.8,1,14.75,68,14.8,38,1,2022-08-22 09:03:27
1661159007763504000,14.8,2,14.75,68,14.8,36,1,2022-08-22 09:03:27
1661159007782089000,14.8,5,14.75,68,14.8,39,1,2022-08-22 09:03:27
1661159008713339000,14.8,10,14.75,59,14.8,32,1,2022-08-22 09:03:28
1661159009362818000,14.75,1,14.75,68,14.8,72,2,2022-08-22 09:03:29
1661159009375469000,14.8,5,14.75,68,14.8,67,1,2022-08-22 09:03:29
1661159009862317000,14.75,1,14.75,67,14.8,71,2,2022-08-22 09:03:29
1661159009903463000,14.8,1,14.75,67,14.8,70,1,2022-08-22 09:03:29
1661159010156565000,14.8,1,14.75,73,14.8,70,1,2022-08-22 09:03:30
1661159010329411000,14.8,1,14.75,73,14.8,68,1,2022-08-22 09:03:30
1661159010599771000,14.8,10,14.75,74,14.8,62,1,2022-08-22 09:03:30
1661159010654076000,14.8,1,14.75,74,14.8,72,1,2022-08-22 09:03:30
1661159010821669000,14.8,10,14.75,74,14.8,56,1,2022-08-22 09:03:30
1661159011207898000,14.75,5,14.75,84,14.8,61,2,2022-08-22 09:03:31
1661159011894325000,14.8,10,14.75,79,14.8,51,1,2022-08-22 09:03:31
1661159012193926000,14.8,1,14.75,79,14.8,56,1,2022-08-22 09:03:32
1661159012440789000,14.8,3,14.75,84,14.8,52,1,2022-08-22 09:03:32
1661159012499484000,14.8,3,14.75,84,14.8,49,1,2022-08-22 09:03:32
1661159012719622000,14.8,4,14.75,84,14.8,50,1,2022-08-22 09:03:32
1661159013320517000,14.8,1,14.75,84,14.8,52,1,2022-08-22 09:03:33
1661159013548825000,14.8,20,14.75,84,14.8,32,1,2022-08-22 09:03:33
1661159013984041000,14.75,84,14.7,86,14.8,82,2,2022-08-22 09:03:33
1661159014230026000,14.8,5,14.7,86,14.8,82,1,2022-08-22 09:03:34
1661159014780585000,14.8,1,14.7,86,14.8,100,1,2022-08-22 09:03:34
1661159015073975000,14.8,1,14.7,86,14.8,119,1,2022-08-22 09:03:35
1661159015777196000,14.75,3,14.7,86,14.75,3,1,2022-08-22 09:03:35
1661159015846174000,14.8,1,14.7,86,14.8,143,1,2022-08-22 09:03:35
1661159016819776000,14.7,10,14.7,73,14.75,51,2,2022-08-22 09:03:36
1661159016858230000,14.7,21,14.7,52,14.75,51,2,2022-08-22 09:03:36
1661159016888882000,14.7,52,14.65,57,14.75,51,2,2022-08-22 09:03:36
1661159017779189000,14.65,1,14.65,56,14.7,1,2,2022-08-22 09:03:37
1661159018422746000,14.65,3,14.65,35,14.7,1,2,2022-08-22 09:03:38
1661159018529203000,14.7,2,14.65,35,14.7,19,1,2022-08-22 09:03:38
1661159018933460000,14.65,20,14.65,25,14.7,19,2,2022-08-22 09:03:38
1661159019044705000,14.65,1,14.65,24,14.7,19,2,2022-08-22 09:03:39
1661159019629179000,14.7,1,14.65,24,14.7,28,1,2022-08-22 09:03:39
1661159020770261000,14.7,1,14.65,24,14.7,47,1,2022-08-22 09:03:40
1661159020809659000,14.7,5,14.65,24,14.7,42,1,2022-08-22 09:03:40
1661159020973532000,14.7,2,14.65,24,14.7,40,1,2022-08-22 09:03:40
1661159021065307000,14.7,3,14.65,24,14.7,37,1,2022-08-22 09:03:41
1661159021122125000,14.65,2,14.65,22,14.7,37,2,2022-08-22 09:03:41
1661159021923536000,14.7,3,14.65,26,14.7,37,1,2022-08-22 09:03:41
1661159022261016000,14.7,1,14.65,26,14.7,33,1,2022-08-22 09:03:42
1661159022550242000,14.7,2,14.65,26,14.7,31,1,2022-08-22 09:03:42
1661159022759160000,14.7,5,14.65,26,14.7,33,1,2022-08-22 09:03:42
1661159022793645000,14.7,1,14.65,26,14.7,25,1,2022-08-22 09:03:42
1661159023212934000,14.7,1,14.65,26,14.7,26,1,2022-08-22 09:03:43
1661159024721917000,14.7,3,14.65,37,14.7,26,1,2022-08-22 09:03:44
1661159024876160000,14.65,6,14.65,31,14.7,23,2,2022-08-22 09:03:44
1661159025775261000,14.7,10,14.65,35,14.7,24,1,2022-08-22 09:03:45
1661159026312445000,14.7,1,14.65,36,14.7,13,1,2022-08-22 09:03:46
1661159026571150000,14.7,1,14.65,36,14.7,12,1,2022-08-22 09:03:46
1661159027134143000,14.65,5,14.65,42,14.7,13,2,2022-08-22 09:03:47
1661159027265273000,14.7,10,14.65,47,14.7,13,1,2022-08-22 09:03:47
1661159027307218000,14.7,1,14.65,42,14.7,2,1,2022-08-22 09:03:47
1661159027385473000,14.7,1,14.65,42,14.7,1,1,2022-08-22 09:03:47
1661159027462864000,14.7,1,14.7,4,14.75,61,1,2022-08-22 09:03:47
1661159027489999000,14.7,4,14.65,42,14.75,61,2,2022-08-22 09:03:47
1661159027625739000,14.7,1,14.65,42,14.75,56,1,2022-08-22 09:03:47
1661159027625739000,14.75,5,14.65,42,14.75,56,1,2022-08-22 09:03:47
1661159028098437000,14.7,3,14.65,43,14.75,58,2,2022-08-22 09:03:48
1661159028303919000,14.7,1,14.7,1,14.75,59,2,2022-08-22 09:03:48
1661159028320799000,14.7,1,14.65,43,14.75,59,2,2022-08-22 09:03:48
1661159028526078000,14.65,2,14.65,41,14.7,1,2,2022-08-22 09:03:48
1661159028685103000,14.7,1,14.65,41,14.75,30,1,2022-08-22 09:03:48
1661159028685103000,14.75,29,14.65,41,14.75,30,1,2022-08-22 09:03:48
1661159030635525000,14.7,2,14.65,47,14.7,1,1,2022-08-22 09:03:50
1661159030667835000,14.7,1,14.65,47,14.75,31,1,2022-08-22 09:03:50
1661159032812766000,14.75,10,14.7,11,14.75,66,1,2022-08-22 09:03:52
1661159032826264000,14.7,2,14.7,9,14.75,66,2,2022-08-22 09:03:52
1661159032986267000,14.75,1,14.7,9,14.75,65,1,2022-08-22 09:03:52
1661159033161267000,14.75,5,14.7,39,14.75,60,1,2022-08-22 09:03:53
1661159033793866000,14.75,1,14.7,50,14.75,59,1,2022-08-22 09:03:53
1661159033989980000,14.75,1,14.7,50,14.75,49,1,2022-08-22 09:03:53
1661159036248914000,14.7,2,14.7,50,14.75,51,2,2022-08-22 09:03:56
1661159037886626000,14.75,3,14.7,50,14.75,48,1,2022-08-22 09:03:57
1661159037976595000,14.75,1,14.7,50,14.75,47,1,2022-08-22 09:03:57
1661159038137704000,14.7,5,14.7,45,14.75,47,2,2022-08-22 09:03:58
1661159039530641000,14.75,2,14.7,45,14.75,46,1,2022-08-22 09:03:59
1661159041284233000,14.75,10,14.7,46,14.75,38,1,2022-08-22 09:04:01
1661159041468713000,14.7,1,14.7,45,14.75,38,2,2022-08-22 09:04:01
1661159042490268000,14.75,1,14.7,60,14.75,38,1,2022-08-22 09:04:02
1661159042847800000,14.75,5,14.7,60,14.75,33,1,2022-08-22 09:04:02
1661159043390946000,14.75,1,14.7,64,14.75,32,1,2022-08-22 09:04:03
1661159043767231000,14.75,2,14.7,64,14.75,35,1,2022-08-22 09:04:03
1661159044094233000,14.75,1,14.7,64,14.75,54,1,2022-08-22 09:04:04
1661159044554602000,14.7,10,14.7,54,14.75,53,2,2022-08-22 09:04:04
1661159044862508000,14.7,54,14.65,66,14.75,57,2,2022-08-22 09:04:04
1661159044959105000,14.7,1,14.65,66,14.75,58,1,2022-08-22 09:04:04
1661159045127628000,14.65,20,14.65,46,14.75,58,2,2022-08-22 09:04:05
1661159045231010000,14.7,2,14.65,46,14.75,58,2,2022-08-22 09:04:05
1661159046137150000,14.7,1,14.65,51,14.7,1,1,2022-08-22 09:04:06
1661159046416807000,14.7,1,14.65,51,14.7,1,1,2022-08-22 09:04:06
1661159047617148000,14.7,2,14.65,56,14.7,4,1,2022-08-22 09:04:07
1661159047991171000,14.7,3,14.65,56,14.75,54,1,2022-08-22 09:04:07
1661159047991171000,14.75,7,14.65,56,14.75,54,1,2022-08-22 09:04:07
1661159049243118000,14.7,3,14.65,55,14.7,48,1,2022-08-22 09:04:09
1661159049585147000,14.7,2,14.65,56,14.7,85,1,2022-08-22 09:04:09
1661159049669908000,14.7,3,14.65,56,14.7,82,1,2022-08-22 09:04:09
1661159049680672000,14.7,1,14.65,56,14.7,87,1,2022-08-22 09:04:09
1661159050327735000,14.7,20,14.65,56,14.7,61,1,2022-08-22 09:04:10
1661159051202446000,14.7,1,14.65,56,14.7,60,1,2022-08-22 09:04:11
1661159051223780000,14.7,1,14.65,56,14.7,59,1,2022-08-22 09:04:11
1661159053666079000,14.7,1,14.65,61,14.7,58,1,2022-08-22 09:04:13
1661159053934196000,14.65,1,14.65,64,14.7,58,2,2022-08-22 09:04:13
1661159054114414000,14.7,4,14.65,64,14.7,62,1,2022-08-22 09:04:14
1661159054962283000,14.65,1,14.65,59,14.7,71,2,2022-08-22 09:04:14
1661159054978438000,14.7,2,14.65,59,14.7,69,1,2022-08-22 09:04:14
1661159055513891000,14.65,1,14.65,58,14.7,69,2,2022-08-22 09:04:15
1661159055539238000,14.65,49,14.65,9,14.7,69,2,2022-08-22 09:04:15
1661159055573708000,14.65,9,14.6,130,14.7,69,2,2022-08-22 09:04:15
1661159057426436000,14.7,5,14.65,3,14.7,76,1,2022-08-22 09:04:17
1661159057574135000,14.7,7,14.65,3,14.7,69,1,2022-08-22 09:04:17
1661159058300984000,14.7,5,14.65,3,14.7,65,1,2022-08-22 09:04:18
1661159058330222000,14.7,5,14.65,3,14.7,60,1,2022-08-22 09:04:18
1661159058911272000,14.65,3,14.6,122,14.7,61,2,2022-08-22 09:04:18
1661159058911272000,14.6,7,14.6,122,14.7,61,2,2022-08-22 09:04:18
1661159061422024000,14.65,3,14.6,122,14.7,66,1,2022-08-22 09:04:21
1661159061483106000,14.7,3,14.6,122,14.7,63,1,2022-08-22 09:04:21
1661159061746252000,14.65,1,14.6,122,14.7,63,1,2022-08-22 09:04:21
1661159063492268000,14.65,2,14.6,122,14.65,27,1,2022-08-22 09:04:23
1661159063574703000,14.65,2,14.6,122,14.65,25,1,2022-08-22 09:04:23
1661159064331670000,14.6,2,14.6,120,14.65,25,2,2022-08-22 09:04:24
1661159064579899000,14.65,1,14.6,120,14.65,25,1,2022-08-22 09:04:24
1661159064770633000,14.65,1,14.6,120,14.65,24,1,2022-08-22 09:04:24
1661159064991592000,14.6,1,14.6,119,14.65,44,2,2022-08-22 09:04:24
1661159066802391000,14.65,46,14.6,119,14.7,59,1,2022-08-22 09:04:26
1661159066802391000,14.7,4,14.6,119,14.7,59,1,2022-08-22 09:04:26
1661159067374534000,14.65,5,14.6,24,14.7,64,2,2022-08-22 09:04:27
1661159067374534000,14.6,95,14.6,24,14.7,64,2,2022-08-22 09:04:27
1661159067407259000,14.6,24,14.55,168,14.7,64,2,2022-08-22 09:04:27
1661159068081220000,14.7,2,14.55,168,14.7,62,1,2022-08-22 09:04:28
1661159068943896000,14.6,2,14.6,4,14.7,63,2,2022-08-22 09:04:28
1661159069545931000,14.6,1,14.6,3,14.7,64,2,2022-08-22 09:04:29
1661159070196622000,14.65,1,14.6,4,14.7,64,1,2022-08-22 09:04:30
1661159070539645000,14.65,10,14.6,4,14.7,64,2,2022-08-22 09:04:30
1661159070948527000,14.7,5,14.6,4,14.7,59,1,2022-08-22 09:04:30
1661159071970702000,14.7,5,14.6,11,14.7,52,1,2022-08-22 09:04:31
1661159072153959000,14.7,1,14.6,13,14.7,51,1,2022-08-22 09:04:32
1661159072410201000,14.6,1,14.6,14,14.7,51,2,2022-08-22 09:04:32
1661159072987211000,14.6,2,14.6,14,14.7,51,2,2022-08-22 09:04:32
1661159073720674000,14.6,1,14.6,15,14.7,52,2,2022-08-22 09:04:33
1661159076045793000,14.7,2,14.65,3,14.7,77,1,2022-08-22 09:04:36
1661159076667093000,14.65,1,14.65,2,14.7,77,2,2022-08-22 09:04:36
1661159076779160000,14.65,1,14.65,1,14.7,77,2,2022-08-22 09:04:36
1661159077634036000,14.7,20,14.65,1,14.7,66,1,2022-08-22 09:04:37
1661159078978266000,14.7,1,14.65,2,14.7,57,1,2022-08-22 09:04:38
1661159079047373000,14.65,2,14.6,26,14.7,57,2,2022-08-22 09:04:39
1661159081680498000,14.6,1,14.6,38,14.65,15,2,2022-08-22 09:04:41
1661159081825303000,14.6,4,14.6,33,14.65,15,2,2022-08-22 09:04:41
1661159082092432000,14.65,1,14.6,33,14.65,15,1,2022-08-22 09:04:42
1661159082353496000,14.6,33,14.55,105,14.65,14,2,2022-08-22 09:04:42
1661159082353496000,14.55,67,14.55,105,14.65,14,2,2022-08-22 09:04:42
1661159082363670000,14.65,14,14.55,105,14.7,54,1,2022-08-22 09:04:42
1661159082363670000,14.7,1,14.55,105,14.7,54,1,2022-08-22 09:04:42
1661159084736161000,14.65,10,14.6,1,14.65,20,1,2022-08-22 09:04:44
1661159084772733000,14.65,1,14.6,1,14.65,9,1,2022-08-22 09:04:44
1661159086035978000,14.65,3,14.6,4,14.65,6,1,2022-08-22 09:04:46
1661159086070835000,14.65,6,14.6,4,14.7,68,1,2022-08-22 09:04:46
1661159086128833000,14.7,1,14.6,9,14.7,67,1,2022-08-22 09:04:46
1661159086588507000,14.6,1,14.6,8,14.7,67,2,2022-08-22 09:04:46
1661159086678087000,14.7,1,14.6,8,14.7,66,1,2022-08-22 09:04:46
1661159087040655000,14.65,1,14.6,7,14.7,66,2,2022-08-22 09:04:47
1661159087040655000,14.6,1,14.6,7,14.7,66,2,2022-08-22 09:04:47
1661159087205311000,14.6,16,14.55,105,14.7,66,2,2022-08-22 09:04:47
1661159087456150000,14.6,1,14.55,105,14.7,66,1,2022-08-22 09:04:47
1661159088124967000,14.65,1,14.55,105,14.65,8,1,2022-08-22 09:04:48
1661159088912670000,14.65,2,14.55,105,14.65,7,1,2022-08-22 09:04:48
1661159090208481000,14.6,1,14.55,105,14.6,4,1,2022-08-22 09:04:50
1661159090239780000,14.6,4,14.55,105,14.6,4,1,2022-08-22 09:04:50
1661159091040369000,14.65,4,14.6,8,14.65,3,1,2022-08-22 09:04:51
1661159091101665000,14.6,2,14.6,6,14.65,3,2,2022-08-22 09:04:51
1661159091538644000,14.65,3,14.6,6,14.65,1,1,2022-08-22 09:04:51
1661159092043895000,14.65,1,14.6,6,14.65,17,1,2022-08-22 09:04:52
1661159094542415000,14.6,2,14.6,4,14.65,43,2,2022-08-22 09:04:54
1661159094563308000,14.6,4,14.55,106,14.65,43,2,2022-08-22 09:04:54
1661159095693530000,14.6,1,14.55,107,14.6,1,2,2022-08-22 09:04:55
1661159095761238000,14.6,1,14.55,107,14.6,1,1,2022-08-22 09:04:55
1661159095845135000,14.55,1,14.55,106,14.65,74,2,2022-08-22 09:04:55
1661159096194225000,14.65,1,14.55,106,14.65,75,1,2022-08-22 09:04:56
1661159097726071000,14.6,2,14.6,18,14.65,77,1,2022-08-22 09:04:57
1661159097750637000,14.6,18,14.6,18,14.65,77,2,2022-08-22 09:04:57
1661159098538295000,14.55,10,14.55,97,14.65,77,2,2022-08-22 09:04:58
1661159098702153000,14.65,50,14.55,97,14.65,27,1,2022-08-22 09:04:58
1661159098961979000,14.65,1,14.6,2,14.65,31,1,2022-08-22 09:04:58
1661159099633667000,14.6,1,14.6,8,14.65,31,2,2022-08-22 09:04:59
1661159099770054000,14.6,5,14.6,2,14.65,31,2,2022-08-22 09:04:59
1661159101023183000,14.6,1,14.6,5,14.65,33,2,2022-08-22 09:05:01
1661159101215373000,14.6,2,14.6,6,14.65,33,2,2022-08-22 09:05:01
1661159101682968000,14.6,8,14.55,111,14.65,33,2,2022-08-22 09:05:01
1661159101931865000,14.6,1,14.55,110,14.65,33,2,2022-08-22 09:05:01
1661159101931865000,14.55,1,14.55,110,14.65,33,2,2022-08-22 09:05:01
1661159102379239000,14.6,1,14.55,110,14.6,5,1,2022-08-22 09:05:02
1661159102410867000,14.6,5,14.55,110,14.65,33,1,2022-08-22 09:05:02
1661159102727216000,14.55,2,14.55,110,14.65,33,2,2022-08-22 09:05:02
1661159103385381000,14.65,8,14.6,5,14.65,25,1,2022-08-22 09:05:03
1661159103987324000,14.6,3,14.6,4,14.65,25,2,2022-08-22 09:05:03
1661159104027883000,14.6,4,14.55,108,14.65,25,2,2022-08-22 09:05:04
1661159104587600000,14.65,10,14.6,1,14.65,15,1,2022-08-22 09:05:04
1661159105403499000,14.6,2,14.55,109,14.65,20,2,2022-08-22 09:05:05
1661159105479634000,14.55,2,14.55,107,14.65,20,2,2022-08-22 09:05:05
1661159106934854000,14.65,1,14.6,1,14.65,21,1,2022-08-22 09:05:06
1661159108082881000,14.6,1,14.55,110,14.65,24,2,2022-08-22 09:05:08
1661159108700083000,14.65,1,14.6,6,14.65,23,1,2022-08-22 09:05:08
1661159109059989000,14.6,1,14.6,5,14.65,23,2,2022-08-22 09:05:09
1661159109354172000,14.65,1,14.6,5,14.65,22,1,2022-08-22 09:05:09
1661159109814531000,14.6,1,14.6,4,14.65,22,2,2022-08-22 09:05:09
1661159109897701000,14.6,1,14.6,3,14.65,22,2,2022-08-22 09:05:09
1661159110148450000,14.6,2,14.6,1,14.65,24,2,2022-08-22 09:05:10
1661159110187982000,14.65,1,14.6,3,14.65,24,1,2022-08-22 09:05:10
1661159110472192000,14.6,1,14.55,118,14.6,1,2,2022-08-22 09:05:10
1661159110500362000,14.6,1,14.55,118,14.65,23,1,2022-08-22 09:05:10
1661159112662758000,14.6,1,14.6,16,14.65,24,2,2022-08-22 09:05:12
1661159112663068000,14.6,5,14.6,17,14.65,24,2,2022-08-22 09:05:12
1661159112963952000,14.6,2,14.6,9,14.65,24,2,2022-08-22 09:05:12
1661159114370911000,14.6,3,14.6,10,14.65,26,2,2022-08-22 09:05:14
1661159115064831000,14.6,10,14.55,127,14.65,26,2,2022-08-22 09:05:15
1661159115453679000,14.6,1,14.6,1,14.65,26,2,2022-08-22 09:05:15
1661159115787872000,14.6,2,14.55,122,14.65,26,2,2022-08-22 09:05:15
1661159115787872000,14.55,5,14.55,122,14.65,26,2,2022-08-22 09:05:15
1661159116090592000,14.6,1,14.55,122,14.6,4,2,2022-08-22 09:05:16
1661159116124666000,14.6,4,14.55,122,14.65,21,1,2022-08-22 09:05:16
1661159117377589000,14.65,1,14.6,2,14.65,20,1,2022-08-22 09:05:17
1661159117445626000,14.65,10,14.6,2,14.65,10,1,2022-08-22 09:05:17
1661159117918660000,14.6,4,14.55,127,14.6,1,2,2022-08-22 09:05:17
1661159117949976000,14.6,1,14.55,127,14.65,10,1,2022-08-22 09:05:17
1661159118028002000,14.65,10,14.55,127,14.7,73,1,2022-08-22 09:05:18
1661159118028002000,14.7,11,14.55,127,14.7,73,1,2022-08-22 09:05:18
1661159119713077000,14.6,1,14.6,14,14.7,73,2,2022-08-22 09:05:19
1661159120866437000,14.65,2,14.6,52,14.7,74,1,2022-08-22 09:05:20
1661159122400172000,14.65,3,14.6,54,14.65,2,1,2022-08-22 09:05:22
1661159122435324000,14.65,2,14.6,54,14.7,77,1,2022-08-22 09:05:22
1661159122917008000,14.7,1,14.6,54,14.7,79,1,2022-08-22 09:05:22
1661159123116175000,14.6,5,14.6,49,14.7,79,2,2022-08-22 09:05:23
1661159124276608000,14.7,1,14.6,54,14.7,83,1,2022-08-22 09:05:24
1661159124914781000,14.6,20,14.6,34,14.7,83,2,2022-08-22 09:05:24
1661159127327503000,14.65,1,14.6,38,14.65,26,1,2022-08-22 09:05:27
1661159128340795000,14.65,5,14.6,38,14.65,25,1,2022-08-22 09:05:28
1661159128831958000,14.65,10,14.6,38,14.65,21,1,2022-08-22 09:05:28
1661159129156415000,14.6,17,14.6,21,14.65,11,2,2022-08-22 09:05:29
1661159129445181000,14.65,10,14.6,21,14.65,11,1,2022-08-22 09:05:29
1661159129776656000,14.65,1,14.6,21,14.65,10,1,2022-08-22 09:05:29
1661159130362972000,14.65,2,14.6,22,14.65,8,1,2022-08-22 09:05:30
1661159130927308000,14.6,2,14.6,21,14.65,8,2,2022-08-22 09:05:30
1661159131323767000,14.6,3,14.6,21,14.65,10,2,2022-08-22 09:05:31
1661159131629435000,14.65,10,14.6,18,14.65,3,1,2022-08-22 09:05:31
1661159131815462000,14.65,3,14.6,19,14.65,3,1,2022-08-22 09:05:31
1661159134148300000,14.65,1,14.6,21,14.65,6,1,2022-08-22 09:05:34
1661159134451535000,14.65,2,14.6,21,14.65,3,1,2022-08-22 09:05:34
1661159134811789000,14.65,3,14.65,2,14.7,84,1,2022-08-22 09:05:34
1661159134849258000,14.65,2,14.65,2,14.7,84,2,2022-08-22 09:05:34
1661159136671332000,14.65,1,14.6,25,14.65,2,1,2022-08-22 09:05:36
1661159137177239000,14.65,1,14.65,2,14.7,87,1,2022-08-22 09:05:37
1661159137584996000,14.65,2,14.6,49,14.7,87,2,2022-08-22 09:05:37
1661159137840518000,14.7,2,14.6,49,14.7,87,1,2022-08-22 09:05:37
1661159139634841000,14.65,1,14.6,58,14.7,95,2,2022-08-22 09:05:39
1661159139634841000,14.6,1,14.6,58,14.7,95,2,2022-08-22 09:05:39
1661159140353102000,14.6,1,14.6,58,14.65,4,2,2022-08-22 09:05:40
1661159142071770000,14.65,1,14.6,67,14.65,4,1,2022-08-22 09:05:42
1661159143511848000,14.65,1,14.6,84,14.65,4,1,2022-08-22 09:05:43
1661159143804225000,14.65,4,14.6,89,14.7,129,1,2022-08-22 09:05:43
1661159144847178000,14.65,1,14.6,94,14.65,2,1,2022-08-22 09:05:44
1661159144889951000,14.65,2,14.6,94,14.65,3,1,2022-08-22 09:05:44
1661159145841145000,14.65,1,14.6,96,14.7,132,2,2022-08-22 09:05:45
1661159146204548000,14.65,1,14.65,1,14.7,132,1,2022-08-22 09:05:46
1661159147092968000,14.7,15,14.65,13,14.7,118,1,2022-08-22 09:05:47
1661159150512809000,14.7,2,14.65,16,14.7,98,1,2022-08-22 09:05:50
1661159150985435000,14.65,10,14.65,8,14.7,98,2,2022-08-22 09:05:50
1661159151261550000,14.7,1,14.65,11,14.7,97,1,2022-08-22 09:05:51
1661159152265130000,14.7,10,14.65,21,14.7,87,1,2022-08-22 09:05:52
1661159152285561000,14.7,87,14.65,21,14.75,111,1,2022-08-22 09:05:52
1661159152551924000,14.7,4,14.65,22,14.75,111,1,2022-08-22 09:05:52
1661159153454763000,14.7,2,14.6,115,14.65,5,2,2022-08-22 09:05:53
1661159153454763000,14.65,23,14.6,115,14.65,5,2,2022-08-22 09:05:53
1661159153479130000,14.65,5,14.6,115,14.75,111,1,2022-08-22 09:05:53
1661159154965150000,14.75,20,14.65,9,14.75,91,1,2022-08-22 09:05:54
1661159155055127000,14.7,2,14.65,9,14.7,2,1,2022-08-22 09:05:55
1661159155563160000,14.75,1,14.65,10,14.75,91,1,2022-08-22 09:05:55
1661159156536402000,14.7,2,14.7,2,14.75,90,2,2022-08-22 09:05:56
1661159157233540000,14.7,1,14.7,2,14.75,90,2,2022-08-22 09:05:57
1661159158125703000,14.75,3,14.7,1,14.75,87,1,2022-08-22 09:05:58
1661159158467120000,14.75,30,14.7,1,14.75,57,1,2022-08-22 09:05:58
1661159158485209000,14.7,1,14.65,18,14.75,57,2,2022-08-22 09:05:58
1661159161239360000,14.7,1,14.7,5,14.75,58,2,2022-08-22 09:06:01
1661159162938687000,14.7,8,14.7,14,14.75,59,2,2022-08-22 09:06:02
1661159162979700000,14.75,5,14.7,14,14.75,54,1,2022-08-22 09:06:02
1661159163733922000,14.75,1,14.7,14,14.75,54,1,2022-08-22 09:06:03
1661159164443207000,14.7,1,14.7,18,14.75,53,2,2022-08-22 09:06:04
1661159165662788000,14.75,10,14.7,19,14.75,43,1,2022-08-22 09:06:05
1661159166391586000,14.75,44,14.7,19,14.75,44,1,2022-08-22 09:06:06
1661159166429845000,14.75,6,14.7,19,14.8,181,2,2022-08-22 09:06:06
1661159168005472000,14.75,2,14.7,27,14.75,2,1,2022-08-22 09:06:08
1661159168019751000,14.75,1,14.7,27,14.75,1,1,2022-08-22 09:06:08
1661159168370234000,14.7,1,14.7,27,14.75,1,2,2022-08-22 09:06:08
1661159169679451000,14.75,2,14.75,3,14.8,177,1,2022-08-22 09:06:09
1661159169687333000,14.8,3,14.75,3,14.8,174,1,2022-08-22 09:06:09
1661159169719738000,14.75,3,14.7,29,14.8,174,2,2022-08-22 09:06:09
1661159169897886000,14.8,1,14.7,29,14.8,173,1,2022-08-22 09:06:09
1661159169899359000,14.8,1,14.7,29,14.8,172,1,2022-08-22 09:06:09
1661159169918945000,14.8,1,14.7,29,14.8,174,1,2022-08-22 09:06:09
1661159169940436000,14.8,1,14.7,29,14.8,170,1,2022-08-22 09:06:09
1661159170951394000,14.75,11,14.7,35,14.8,170,2,2022-08-22 09:06:10
1661159171451664000,14.8,60,14.7,35,14.8,110,1,2022-08-22 09:06:11
1661159171736133000,14.75,1,14.7,36,14.75,1,1,2022-08-22 09:06:11
1661159172336801000,14.8,3,14.7,36,14.8,109,1,2022-08-22 09:06:12
1661159172523464000,14.75,3,14.75,7,14.8,106,2,2022-08-22 09:06:12
1661159172837291000,14.8,1,14.75,7,14.8,105,1,2022-08-22 09:06:12
1661159173137095000,14.75,2,14.75,5,14.8,107,2,2022-08-22 09:06:13
1661159173191733000,14.8,1,14.75,5,14.8,106,1,2022-08-22 09:06:13
1661159173507548000,14.75,5,14.7,37,14.8,106,2,2022-08-22 09:06:13
1661159173551759000,14.8,2,14.75,2,14.8,104,1,2022-08-22 09:06:13
1661159173810531000,14.8,5,14.75,2,14.8,104,1,2022-08-22 09:06:13
1661159174250285000,14.8,10,14.75,2,14.8,89,1,2022-08-22 09:06:14
1661159175290055000,14.8,10,14.75,13,14.8,78,1,2022-08-22 09:06:15
1661159176427384000,14.8,6,14.75,17,14.8,78,1,2022-08-22 09:06:16
1661159177157412000,14.8,8,14.75,17,14.8,64,1,2022-08-22 09:06:17
1661159177214090000,14.8,40,14.75,17,14.8,24,1,2022-08-22 09:06:17
1661159177240346000,14.8,24,14.75,17,14.85,181,1,2022-08-22 09:06:17
1661159178223154000,14.85,2,14.75,17,14.85,179,1,2022-08-22 09:06:18
1661159178225631000,14.75,7,14.75,10,14.85,179,2,2022-08-22 09:06:18
1661159178484762000,14.8,1,14.75,10,14.85,179,1,2022-08-22 09:06:18
1661159178560315000,14.85,3,14.75,10,14.85,176,1,2022-08-22 09:06:18
1661159178740623000,14.75,1,14.75,9,14.85,176,2,2022-08-22 09:06:18
1661159178762983000,14.8,1,14.75,9,14.85,175,1,2022-08-22 09:06:18
1661159178762983000,14.85,1,14.75,9,14.85,175,1,2022-08-22 09:06:18
1661159178920108000,14.8,1,14.8,1,14.85,175,2,2022-08-22 09:06:18
1661159179710842000,14.85,1,14.75,9,14.85,176,1,2022-08-22 09:06:19
1661159180396113000,14.8,1,14.75,12,14.8,1,1,2022-08-22 09:06:20
1661159181361809000,14.75,1,14.75,13,14.85,175,2,2022-08-22 09:06:21
1661159181542987000,14.85,40,14.75,13,14.85,133,1,2022-08-22 09:06:21
1661159181811148000,14.85,1,14.75,13,14.85,132,1,2022-08-22 09:06:21
1661159182333320000,14.85,1,14.75,16,14.85,137,1,2022-08-22 09:06:22
1661159183665931000,14.8,1,14.8,1,14.85,137,2,2022-08-22 09:06:23
1661159183699826000,14.8,1,14.75,16,14.85,137,2,2022-08-22 09:06:23
1661159183905055000,14.75,1,14.75,16,14.85,137,2,2022-08-22 09:06:23
1661159184331433000,14.85,13,14.75,16,14.85,124,1,2022-08-22 09:06:24
1661159184708815000,14.8,1,14.75,16,14.85,124,1,2022-08-22 09:06:24
1661159184803855000,14.85,5,14.75,16,14.85,119,1,2022-08-22 09:06:24
1661159184848438000,14.85,1,14.75,16,14.8,1,1,2022-08-22 09:06:24
1661159185153453000,14.85,1,14.75,16,14.85,117,1,2022-08-22 09:06:25
1661159185579640000,14.85,20,14.8,20,14.85,98,1,2022-08-22 09:06:25
1661159186298370000,14.8,1,14.8,21,14.85,98,2,2022-08-22 09:06:26
1661159186349162000,14.8,3,14.8,18,14.85,98,2,2022-08-22 09:06:26
1661159186630547000,14.8,1,14.8,17,14.85,98,2,2022-08-22 09:06:26
1661159187375014000,14.85,2,14.8,27,14.85,100,1,2022-08-22 09:06:27
1661159187601937000,14.8,27,14.75,22,14.8,23,2,2022-08-22 09:06:27
1661159187624640000,14.8,5,14.75,22,14.8,18,1,2022-08-22 09:06:27
1661159188208831000,14.8,1,14.75,23,14.8,22,1,2022-08-22 09:06:28
1661159188331625000,14.8,1,14.75,23,14.8,21,1,2022-08-22 09:06:28
1661159188377627000,14.75,1,14.75,23,14.8,21,2,2022-08-22 09:06:28
1661159189991730000,14.8,1,14.75,24,14.8,45,1,2022-08-22 09:06:29
1661159190555296000,14.75,1,14.75,23,14.8,46,2,2022-08-22 09:06:30
1661159190565037000,14.8,1,14.75,23,14.8,45,1,2022-08-22 09:06:30
1661159192530379000,14.8,5,14.75,24,14.8,41,1,2022-08-22 09:06:32
1661159192622242000,14.75,1,14.75,23,14.8,41,2,2022-08-22 09:06:32
1661159193212521000,14.8,3,14.75,23,14.8,59,1,2022-08-22 09:06:33
1661159193623201000,14.8,1,14.75,23,14.8,58,1,2022-08-22 09:06:33
1661159193763597000,14.75,1,14.75,28,14.8,58,2,2022-08-22 09:06:33
1661159193835686000,14.8,2,14.75,29,14.8,58,1,2022-08-22 09:06:33
1661159194206460000,14.8,56,14.75,28,14.85,55,1,2022-08-22 09:06:34
1661159194206460000,14.85,44,14.75,28,14.85,55,1,2022-08-22 09:06:34
1661159194877755000,14.75,1,14.75,28,14.85,55,2,2022-08-22 09:06:34
1661159195719261000,14.85,5,14.8,1,14.85,63,1,2022-08-22 09:06:35
1661159196669484000,14.8,1,14.8,3,14.85,58,2,2022-08-22 09:06:36
1661159196853130000,14.85,2,14.8,3,14.85,57,1,2022-08-22 09:06:36
1661159196866206000,14.85,12,14.8,3,14.85,59,1,2022-08-22 09:06:36
1661159197749929000,14.85,1,14.8,14,14.85,44,1,2022-08-22 09:06:37
1661159198532719000,14.85,2,14.8,17,14.85,42,1,2022-08-22 09:06:38
1661159198550291000,14.8,1,14.8,16,14.85,42,2,2022-08-22 09:06:38
1661159198793984000,14.8,1,14.8,15,14.85,42,2,2022-08-22 09:06:38
1661159200157182000,14.85,2,14.8,17,14.85,40,1,2022-08-22 09:06:40
1661159200213689000,14.8,3,14.8,14,14.85,40,2,2022-08-22 09:06:40
1661159200288465000,14.8,1,14.8,13,14.85,40,2,2022-08-22 09:06:40
1661159201365053000,14.8,1,14.8,13,14.85,40,2,2022-08-22 09:06:41
1661159201908118000,14.8,1,14.8,14,14.85,40,2,2022-08-22 09:06:41
1661159202435890000,14.8,1,14.8,12,14.85,40,2,2022-08-22 09:06:42
1661159202841406000,14.85,2,14.8,14,14.85,38,1,2022-08-22 09:06:42
1661159202934493000,14.85,1,14.8,14,14.85,38,1,2022-08-22 09:06:42
1661159203057974000,14.8,1,14.8,13,14.85,37,2,2022-08-22 09:06:43
1661159204002638000,14.8,1,14.8,12,14.85,38,2,2022-08-22 09:06:44
1661159204957518000,14.8,1,14.8,13,14.85,49,2,2022-08-22 09:06:44
1661159205128721000,14.85,10,14.8,13,14.85,39,1,2022-08-22 09:06:45
1661159206206546000,14.85,20,14.8,14,14.85,56,1,2022-08-22 09:06:46
1661159206428725000,14.8,1,14.8,28,14.85,57,2,2022-08-22 09:06:46
1661159206572699000,14.8,10,14.8,17,14.85,57,2,2022-08-22 09:06:46
1661159206656146000,14.8,3,14.8,14,14.85,57,2,2022-08-22 09:06:46
1661159206777839000,14.8,1,14.8,13,14.85,57,2,2022-08-22 09:06:46
1661159207560792000,14.8,13,14.75,63,14.85,59,2,2022-08-22 09:06:47
1661159207689200000,14.8,1,14.8,9,14.85,59,2,2022-08-22 09:06:47
1661159208745420000,14.8,1,14.8,28,14.85,59,2,2022-08-22 09:06:48
1661159208837478000,14.8,1,14.8,28,14.85,69,2,2022-08-22 09:06:48
1661159209739075000,14.8,1,14.8,27,14.85,79,2,2022-08-22 09:06:49
1661159210296378000,14.8,1,14.8,26,14.85,82,2,2022-08-22 09:06:50
1661159210595868000,14.8,1,14.8,30,14.85,83,2,2022-08-22 09:06:50
1661159210832435000,14.85,5,14.8,30,14.85,78,1,2022-08-22 09:06:50
1661159210977670000,14.85,1,14.8,55,14.85,77,1,2022-08-22 09:06:50
1661159211000957000,14.8,1,14.8,54,14.85,77,2,2022-08-22 09:06:51
1661159211828877000,14.8,1,14.8,54,14.85,77,2,2022-08-22 09:06:51
1661159213458966000,14.8,1,14.8,64,14.85,78,2,2022-08-22 09:06:53
1661159214694996000,14.85,2,14.8,63,14.85,76,1,2022-08-22 09:06:54
1661159214848761000,14.8,1,14.8,63,14.85,76,2,2022-08-22 09:06:54
1661159215002597000,14.8,1,14.8,62,14.85,76,2,2022-08-22 09:06:55
1661159215204073000,14.8,1,14.8,61,14.85,76,2,2022-08-22 09:06:55
1661159215480133000,14.8,1,14.8,60,14.85,76,2,2022-08-22 09:06:55
1661159215503955000,14.8,60,14.75,71,14.85,76,2,2022-08-22 09:06:55
1661159215581238000,14.85,3,14.75,71,14.85,73,1,2022-08-22 09:06:55
1661159215731086000,14.85,1,14.75,72,14.85,72,1,2022-08-22 09:06:55
1661159216693432000,14.75,1,14.75,78,14.8,22,2,2022-08-22 09:06:56
1661159216930998000,14.8,3,14.75,78,14.8,19,1,2022-08-22 09:06:56
1661159217061657000,14.75,1,14.75,77,14.8,21,2,2022-08-22 09:06:57
1661159217210889000,14.8,2,14.75,77,14.8,19,1,2022-08-22 09:06:57
1661159217428111000,14.8,2,14.75,76,14.8,17,1,2022-08-22 09:06:57
1661159217869533000,14.75,1,14.75,75,14.8,17,2,2022-08-22 09:06:57
1661159218133386000,14.8,1,14.75,75,14.8,17,1,2022-08-22 09:06:58
1661159218199613000,14.75,1,14.75,74,14.8,17,2,2022-08-22 09:06:58
1661159218909297000,14.8,1,14.75,84,14.8,17,1,2022-08-22 09:06:58
1661159219010117000,14.75,1,14.75,83,14.8,16,2,2022-08-22 09:06:59
1661159219034501000,14.8,1,14.75,83,14.8,15,1,2022-08-22 09:06:59
1661159219089420000,14.8,2,14.75,83,14.8,13,1,2022-08-22 09:06:59
1661159219289919000,14.75,1,14.75,82,14.8,13,2,2022-08-22 09:06:59
1661159219377770000,14.8,6,14.75,82,14.8,7,1,2022-08-22 09:06:59
1661159220667115000,14.75,1,14.75,81,14.8,8,2,2022-08-22 09:07:00
1661159220752420000,14.8,1,14.75,81,14.8,7,1,2022-08-22 09:07:00
1661159220928557000,14.8,1,14.75,80,14.8,6,1,2022-08-22 09:07:00
1661159220931521000,14.8,6,14.8,3,14.85,71,1,2022-08-22 09:07:00
1661159220961557000,14.8,3,14.75,80,14.85,71,2,2022-08-22 09:07:00
1661159221199425000,14.75,1,14.75,79,14.85,71,2,2022-08-22 09:07:01
1661159221296561000,14.85,3,14.75,80,14.85,71,1,2022-08-22 09:07:01
1661159221524764000,14.75,1,14.75,78,14.85,68,2,2022-08-22 09:07:01
1661159222493163000,14.75,1,14.75,78,14.8,5,2,2022-08-22 09:07:02
1661159222712304000,14.75,1,14.75,77,14.8,5,2,2022-08-22 09:07:02
1661159222747195000,14.75,1,14.75,76,14.8,5,2,2022-08-22 09:07:02
1661159222759091000,14.75,1,14.75,75,14.8,5,2,2022-08-22 09:07:02
1661159223810212000,14.75,1,14.75,76,14.8,6,2,2022-08-22 09:07:03
1661159223907760000,14.8,3,14.75,77,14.8,6,1,2022-08-22 09:07:03
1661159223985073000,14.8,3,14.75,76,14.85,93,1,2022-08-22 09:07:03
1661159223985073000,14.85,7,14.75,76,14.85,93,1,2022-08-22 09:07:03
1661159224071061000,14.75,1,14.75,75,14.85,93,2,2022-08-22 09:07:04
1661159224806883000,14.8,1,14.75,79,14.85,96,1,2022-08-22 09:07:04
1661159224910000000,14.75,1,14.75,79,14.8,1,2,2022-08-22 09:07:04
1661159225170950000,14.75,1,14.75,80,14.85,96,2,2022-08-22 09:07:05
1661159225493889000,14.75,1,14.75,78,14.85,96,2,2022-08-22 09:07:05
1661159225647274000,14.85,5,14.75,78,14.85,96,1,2022-08-22 09:07:05
1661159225998537000,14.75,1,14.75,77,14.85,91,2,2022-08-22 09:07:05
1661159226349442000,14.75,1,14.75,76,14.8,29,2,2022-08-22 09:07:06
1661159226730875000,14.75,1,14.75,90,14.8,29,2,2022-08-22 09:07:06
1661159226949364000,14.8,1,14.75,91,14.8,29,1,2022-08-22 09:07:06
1661159227028290000,14.75,1,14.75,89,14.8,28,2,2022-08-22 09:07:07
1661159227824596000,14.75,1,14.75,90,14.8,28,2,2022-08-22 09:07:07
1661159228152540000,14.75,1,14.75,88,14.8,28,2,2022-08-22 09:07:08
1661159228474128000,14.8,5,14.75,90,14.8,23,1,2022-08-22 09:07:08
1661159228669483000,14.75,1,14.75,89,14.8,23,2,2022-08-22 09:07:08
1661159228845865000,14.8,1,14.75,89,14.8,22,1,2022-08-22 09:07:08
1661159228989475000,14.75,1,14.75,88,14.8,22,2,2022-08-22 09:07:08
1661159229351440000,14.8,1,14.75,100,14.8,22,1,2022-08-22 09:07:09
1661159229869333000,14.75,1,14.75,110,14.8,22,2,2022-08-22 09:07:09
1661159230206254000,14.75,1,14.75,108,14.8,22,2,2022-08-22 09:07:10
1661159230504790000,14.75,1,14.75,107,14.8,22,2,2022-08-22 09:07:10
1661159231097011000,14.75,1,14.75,108,14.8,23,2,2022-08-22 09:07:11
1661159231893044000,14.8,2,14.75,109,14.8,23,1,2022-08-22 09:07:11
1661159232037891000,14.75,1,14.75,108,14.8,21,2,2022-08-22 09:07:12
1661159232337304000,14.75,1,14.75,109,14.8,21,2,2022-08-22 09:07:12
1661159232688538000,14.75,1,14.75,107,14.8,21,2,2022-08-22 09:07:12
1661159234217228000,14.75,1,14.75,106,14.8,31,2,2022-08-22 09:07:14
1661159234550950000,14.75,1,14.75,106,14.8,31,2,2022-08-22 09:07:14
1661159234848992000,14.75,1,14.75,106,14.8,31,2,2022-08-22 09:07:14
1661159235163389000,14.75,1,14.75,104,14.8,31,2,2022-08-22 09:07:15
1661159235266580000,14.8,2,14.75,104,14.8,31,1,2022-08-22 09:07:15
1661159235690276000,14.75,1,14.75,103,14.8,29,2,2022-08-22 09:07:15
1661159235852158000,14.8,1,14.75,103,14.8,28,1,2022-08-22 09:07:15
1661159235984081000,14.75,1,14.75,102,14.8,28,2,2022-08-22 09:07:15
1661159236196473000,14.75,1,14.75,101,14.8,28,2,2022-08-22 09:07:16
1661159236526916000,14.75,1,14.75,100,14.8,28,2,2022-08-22 09:07:16
1661159236788968000,14.75,1,14.75,99,14.8,28,2,2022-08-22 09:07:16
1661159238241072000,14.75,1,14.75,100,14.8,31,2,2022-08-22 09:07:18
1661159238501806000,14.75,1,14.75,98,14.8,31,2,2022-08-22 09:07:18
1661159239554432000,14.8,2,14.75,98,14.8,29,1,2022-08-22 09:07:19
1661159239554734000,14.75,1,14.75,97,14.8,29,2,2022-08-22 09:07:19
1661159239788919000,14.75,1,14.75,96,14.8,29,2,2022-08-22 09:07:19
1661159239936302000,14.8,5,14.75,96,14.8,24,1,2022-08-22 09:07:19
1661159240087703000,14.75,1,14.75,95,14.8,24,2,2022-08-22 09:07:20
1661159240640703000,14.75,10,14.75,86,14.8,25,2,2022-08-22 09:07:20
1661159240673468000,14.75,81,14.75,5,14.8,25,2,2022-08-22 09:07:20
1661159240713888000,14.75,5,14.7,60,14.8,25,2,2022-08-22 09:07:20
1661159241248028000,14.7,1,14.7,59,14.8,25,2,2022-08-22 09:07:21
1661159241571580000,14.7,1,14.7,58,14.75,1,2,2022-08-22 09:07:21
1661159241853074000,14.7,2,14.7,58,14.75,11,2,2022-08-22 09:07:21
1661159242270344000,14.7,1,14.7,56,14.75,14,2,2022-08-22 09:07:22
1661159242598543000,14.7,1,14.7,54,14.75,14,2,2022-08-22 09:07:22
1661159242601290000,14.75,5,14.7,54,14.75,9,1,2022-08-22 09:07:22
1661159242618968000,14.75,9,14.75,11,14.8,35,1,2022-08-22 09:07:22
1661159242655791000,14.75,11,14.7,54,14.8,35,2,2022-08-22 09:07:22
1661159242912948000,14.75,5,14.7,54,14.8,35,2,2022-08-22 09:07:22
1661159243404266000,14.7,1,14.7,54,14.8,35,2,2022-08-22 09:07:23
1661159243633759000,14.7,15,14.7,38,14.8,35,2,2022-08-22 09:07:23
1661159243736866000,14.7,15,14.7,23,14.8,35,2,2022-08-22 09:07:23
1661159243738951000,14.7,1,14.7,22,14.8,35,2,2022-08-22 09:07:23
1661159243768236000,14.7,22,14.65,90,14.8,35,2,2022-08-22 09:07:23
1661159243955503000,14.65,15,14.65,90,14.8,35,2,2022-08-22 09:07:23
1661159244191692000,14.7,3,14.65,63,14.8,35,2,2022-08-22 09:07:24
1661159244191692000,14.65,12,14.65,63,14.8,35,2,2022-08-22 09:07:24
1661159244328581000,14.65,1,14.65,62,14.8,35,2,2022-08-22 09:07:24
1661159244496817000,14.75,3,14.65,62,14.8,35,2,2022-08-22 09:07:24
1661159244702989000,14.65,1,14.65,61,14.75,1,2,2022-08-22 09:07:24
1661159244810944000,14.75,3,14.65,61,14.75,8,1,2022-08-22 09:07:24
1661159244975913000,14.7,1,14.7,2,14.75,8,2,2022-08-22 09:07:24
1661159245503834000,14.7,1,14.65,61,14.75,10,2,2022-08-22 09:07:25
1661159245761324000,14.65,1,14.65,61,14.75,12,2,2022-08-22 09:07:25
1661159246042560000,14.65,1,14.65,60,14.75,12,2,2022-08-22 09:07:26
1661159246095522000,14.75,5,14.65,60,14.75,7,1,2022-08-22 09:07:26
1661159246305475000,14.7,1,14.7,4,14.75,18,2,2022-08-22 09:07:26
1661159246487180000,14.7,1,14.7,4,14.75,28,2,2022-08-22 09:07:26
1661159247036587000,14.7,1,14.7,2,14.75,28,2,2022-08-22 09:07:27
1661159247350193000,14.7,1,14.7,1,14.75,29,2,2022-08-22 09:07:27
1661159247568681000,14.75,2,14.7,1,14.75,27,1,2022-08-22 09:07:27
1661159247615959000,14.7,1,14.65,55,14.75,27,2,2022-08-22 09:07:27
1661159248134506000,14.7,1,14.7,1,14.75,27,2,2022-08-22 09:07:28
1661159248618521000,14.7,1,14.7,1,14.75,27,2,2022-08-22 09:07:28
1661159248713621000,14.7,1,14.65,54,14.75,27,2,2022-08-22 09:07:28
1661159248926500000,14.65,1,14.65,54,14.75,27,2,2022-08-22 09:07:28
1661159249120883000,14.7,1,14.65,53,14.7,100,1,2022-08-22 09:07:29
1661159249913338000,14.7,10,14.65,33,14.7,100,1,2022-08-22 09:07:29
1661159250356320000,14.65,1,14.65,33,14.7,90,2,2022-08-22 09:07:30
1661159250627929000,14.65,1,14.65,31,14.7,90,2,2022-08-22 09:07:30
1661159250943658000,14.65,1,14.65,31,14.7,90,2,2022-08-22 09:07:30
1661159251228746000,14.65,1,14.65,29,14.7,90,2,2022-08-22 09:07:31
1661159251401164000,14.65,1,14.65,29,14.7,90,2,2022-08-22 09:07:31
1661159251712659000,14.65,1,14.65,28,14.7,90,2,2022-08-22 09:07:31
1661159252039741000,14.65,1,14.65,26,14.7,90,2,2022-08-22 09:07:32
1661159252977057000,14.65,1,14.65,25,14.7,91,2,2022-08-22 09:07:32
1661159253270357000,14.65,1,14.65,26,14.7,91,2,2022-08-22 09:07:33
1661159253565793000,14.65,1,14.65,24,14.7,91,2,2022-08-22 09:07:33
1661159254187495000,14.65,1,14.65,25,14.7,91,2,2022-08-22 09:07:34
1661159254264831000,14.7,1,14.65,25,14.7,90,1,2022-08-22 09:07:34
1661159254528448000,14.65,1,14.65,27,14.7,90,2,2022-08-22 09:07:34
1661159255167410000,14.7,30,14.65,28,14.7,60,1,2022-08-22 09:07:35
1661159255198125000,14.7,13,14.65,28,14.7,47,1,2022-08-22 09:07:35
1661159255248953000,14.7,2,14.65,28,14.7,45,1,2022-08-22 09:07:35
1661159255285685000,14.7,19,14.65,28,14.7,26,1,2022-08-22 09:07:35
1661159255306648000,14.7,26,14.65,28,14.7,90,1,2022-08-22 09:07:35
1661159255590221000,14.75,1,14.65,29,14.75,35,1,2022-08-22 09:07:35
1661159255891430000,14.7,1,14.65,29,14.75,15,2,2022-08-22 09:07:35
1661159255903337000,14.65,1,14.65,28,14.75,15,2,2022-08-22 09:07:35
1661159256146827000,14.65,1,14.65,27,14.75,15,2,2022-08-22 09:07:36
1661159256438251000,14.65,1,14.65,26,14.75,15,2,2022-08-22 09:07:36
1661159256468326000,14.65,1,14.65,25,14.75,15,2,2022-08-22 09:07:36
1661159256900827000,14.7,1,14.7,5,14.75,15,2,2022-08-22 09:07:36
1661159257411562000,14.7,1,14.7,4,14.75,5,2,2022-08-22 09:07:37
1661159258458538000,14.7,7,14.7,13,14.75,5,2,2022-08-22 09:07:38
1661159259923203000,14.7,1,14.7,17,14.75,9,2,2022-08-22 09:07:39
1661159260629295000,14.7,2,14.7,14,14.75,10,2,2022-08-22 09:07:40
1661159260775077000,14.7,1,14.7,13,14.75,12,2,2022-08-22 09:07:40
1661159261056458000,14.75,1,14.7,13,14.75,13,1,2022-08-22 09:07:41
1661159261830928000,14.7,3,14.7,11,14.75,13,2,2022-08-22 09:07:41
1661159262144983000,14.7,1,14.7,11,14.75,15,2,2022-08-22 09:07:42
1661159262271508000,14.7,3,14.7,9,14.75,15,2,2022-08-22 09:07:42
1661159262501240000,14.7,1,14.7,9,14.75,15,2,2022-08-22 09:07:42
1661159262668100000,14.75,2,14.7,9,14.75,13,1,2022-08-22 09:07:42
1661159263562618000,14.7,1,14.7,9,14.75,33,2,2022-08-22 09:07:43
1661159263564538000,14.75,2,14.7,9,14.75,31,1,2022-08-22 09:07:43
1661159263631629000,14.7,1,14.7,8,14.75,31,2,2022-08-22 09:07:43
1661159263938001000,14.7,1,14.7,7,14.75,31,2,2022-08-22 09:07:43
1661159264895460000,14.7,1,14.7,6,14.75,31,2,2022-08-22 09:07:44
1661159265195691000,14.7,1,14.7,5,14.75,31,2,2022-08-22 09:07:45
1661159265580028000,14.75,1,14.7,5,14.75,30,1,2022-08-22 09:07:45
1661159266627940000,14.7,1,14.7,8,14.75,30,2,2022-08-22 09:07:46
1661159266820875000,14.7,3,14.7,5,14.75,30,2,2022-08-22 09:07:46
1661159267357061000,14.7,1,14.7,8,14.75,30,2,2022-08-22 09:07:47
1661159268561256000,14.75,10,14.7,7,14.75,21,1,2022-08-22 09:07:48
1661159268690221000,14.75,1,14.7,7,14.75,20,1,2022-08-22 09:07:48
1661159268693005000,14.7,1,14.7,6,14.75,20,2,2022-08-22 09:07:48
1661159268971355000,14.7,1,14.7,6,14.75,20,2,2022-08-22 09:07:48
1661159270523696000,14.75,3,14.7,8,14.75,17,1,2022-08-22 09:07:50
1661159270623825000,14.7,1,14.7,7,14.75,17,2,2022-08-22 09:07:50
1661159270943268000,14.7,1,14.7,6,14.75,17,2,2022-08-22 09:07:50
1661159271408852000,14.7,1,14.7,5,14.75,17,2,2022-08-22 09:07:51
1661159272428202000,14.7,1,14.7,6,14.75,17,2,2022-08-22 09:07:52
1661159272760164000,14.7,1,14.7,4,14.75,17,2,2022-08-22 09:07:52
1661159273470603000,14.75,10,14.7,5,14.75,17,1,2022-08-22 09:07:53
1661159274281435000,14.7,1,14.7,4,14.75,7,2,2022-08-22 09:07:54
1661159274581498000,14.7,1,14.7,4,14.75,7,2,2022-08-22 09:07:54
1661159276186263000,14.7,1,14.7,3,14.75,7,2,2022-08-22 09:07:56
1661159276657990000,14.7,1,14.7,2,14.75,12,2,2022-08-22 09:07:56
1661159276684521000,14.7,1,14.7,1,14.75,12,2,2022-08-22 09:07:56
1661159278298141000,14.7,1,14.7,13,14.75,23,2,2022-08-22 09:07:58
1661159278604931000,14.7,1,14.7,12,14.75,28,2,2022-08-22 09:07:58
1661159279944791000,14.7,1,14.7,14,14.75,28,2,2022-08-22 09:07:59
1661159280080586000,14.7,1,14.7,13,14.75,28,2,2022-08-22 09:08:00
1661159280235471000,14.7,1,14.7,12,14.75,28,2,2022-08-22 09:08:00
1661159281615874000,14.7,2,14.7,31,14.75,28,2,2022-08-22 09:08:01
1661159281702708000,14.7,1,14.7,30,14.75,28,2,2022-08-22 09:08:01
1661159281707222000,14.7,4,14.7,26,14.75,28,2,2022-08-22 09:08:01
1661159281976668000,14.7,1,14.7,26,14.75,28,2,2022-08-22 09:08:01
1661159283737577000,14.7,1,14.7,25,14.75,28,2,2022-08-22 09:08:03
1661159283975986000,14.75,5,14.7,25,14.75,23,1,2022-08-22 09:08:03
1661159285012037000,14.7,1,14.7,24,14.75,23,2,2022-08-22 09:08:05
1661159287421789000,14.7,1,14.7,85,14.75,26,2,2022-08-22 09:08:07
1661159290407409000,14.7,1,14.7,97,14.75,27,2,2022-08-22 09:08:10
1661159291004557000,14.7,1,14.7,107,14.75,27,2,2022-08-22 09:08:11
1661159291136005000,14.75,3,14.7,106,14.75,24,1,2022-08-22 09:08:11
1661159294067508000,14.7,1,14.7,111,14.75,26,2,2022-08-22 09:08:14
1661159294421807000,14.75,1,14.7,111,14.75,26,1,2022-08-22 09:08:14
1661159296323051000,14.7,1,14.7,111,14.75,16,2,2022-08-22 09:08:16
1661159296617357000,14.75,1,14.7,111,14.75,15,1,2022-08-22 09:08:16
1661159297126868000,14.75,2,14.7,112,14.75,13,1,2022-08-22 09:08:17
1661159297463190000,14.7,1,14.7,111,14.75,13,2,2022-08-22 09:08:17
1661159298592648000,14.7,1,14.7,110,14.75,13,2,2022-08-22 09:08:18
1661159298631809000,14.75,1,14.7,112,14.75,12,1,2022-08-22 09:08:18
1661159299720146000,14.7,1,14.7,111,14.75,12,2,2022-08-22 09:08:19
1661159302944231000,14.7,1,14.7,110,14.75,13,2,2022-08-22 09:08:22
1661159304153741000,14.75,2,14.7,126,14.75,16,1,2022-08-22 09:08:24
1661159305226950000,14.7,1,14.7,126,14.75,16,2,2022-08-22 09:08:25
1661159305402477000,14.7,1,14.7,126,14.75,16,2,2022-08-22 09:08:25
1661159306374714000,14.7,37,14.7,88,14.75,16,2,2022-08-22 09:08:26
1661159307343277000,14.75,2,14.7,88,14.75,14,1,2022-08-22 09:08:27
1661159308087156000,14.7,1,14.7,88,14.75,17,2,2022-08-22 09:08:28
1661159308940474000,14.7,1,14.7,87,14.75,17,2,2022-08-22 09:08:28
1661159309792408000,14.7,12,14.7,75,14.75,17,2,2022-08-22 09:08:29
1661159310097511000,14.7,1,14.7,74,14.75,18,2,2022-08-22 09:08:30
1661159310893675000,14.75,1,14.7,74,14.75,28,1,2022-08-22 09:08:30
1661159311826406000,14.7,1,14.7,77,14.75,27,2,2022-08-22 09:08:31
1661159312726763000,14.75,1,14.7,81,14.75,26,1,2022-08-22 09:08:32
1661159312753319000,14.7,1,14.7,80,14.75,26,2,2022-08-22 09:08:32
1661159313884823000,14.7,1,14.7,80,14.75,26,2,2022-08-22 09:08:33
1661159315288788000,14.75,1,14.7,81,14.75,25,1,2022-08-22 09:08:35
1661159315552766000,14.7,5,14.7,76,14.75,25,2,2022-08-22 09:08:35
1661159315876521000,14.7,4,14.7,71,14.75,25,2,2022-08-22 09:08:35
1661159315928135000,14.7,1,14.7,70,14.75,25,2,2022-08-22 09:08:35
1661159316202474000,14.7,8,14.7,70,14.75,36,2,2022-08-22 09:08:36
1661159318215601000,14.7,1,14.7,62,14.75,36,2,2022-08-22 09:08:38
1661159318551158000,14.7,1,14.7,60,14.75,36,2,2022-08-22 09:08:38
1661159319279845000,14.75,1,14.7,60,14.75,35,1,2022-08-22 09:08:39
1661159319395801000,14.75,1,14.7,60,14.75,35,1,2022-08-22 09:08:39
1661159319685555000,14.75,9,14.7,61,14.75,26,1,2022-08-22 09:08:39
1661159320455721000,14.7,1,14.7,60,14.75,27,2,2022-08-22 09:08:40
1661159320716144000,14.75,3,14.7,61,14.75,24,1,2022-08-22 09:08:40
1661159321143450000,14.7,1,14.7,60,14.75,24,2,2022-08-22 09:08:41
1661159321178225000,14.7,1,14.7,59,14.75,24,2,2022-08-22 09:08:41
1661159323675067000,14.7,1,14.7,59,14.75,26,2,2022-08-22 09:08:43
1661159324291267000,14.7,1,14.7,61,14.75,26,2,2022-08-22 09:08:44
1661159325814299000,14.7,1,14.7,70,14.75,27,2,2022-08-22 09:08:45
1661159327376761000,14.7,20,14.7,50,14.75,27,2,2022-08-22 09:08:47
1661159328259833000,14.7,1,14.7,53,14.75,27,2,2022-08-22 09:08:48
1661159329140246000,14.7,10,14.7,42,14.75,27,2,2022-08-22 09:08:49
1661159330150695000,14.7,1,14.7,41,14.75,28,2,2022-08-22 09:08:50
1661159331174092000,14.75,1,14.7,41,14.75,31,1,2022-08-22 09:08:51
1661159331571941000,14.75,1,14.7,41,14.75,30,1,2022-08-22 09:08:51
1661159332027628000,14.7,1,14.7,45,14.75,31,2,2022-08-22 09:08:52
1661159333004962000,14.7,3,14.7,41,14.75,31,2,2022-08-22 09:08:53
1661159333957508000,14.7,1,14.7,41,14.75,31,2,2022-08-22 09:08:53
1661159334210260000,14.7,36,14.7,5,14.75,31,2,2022-08-22 09:08:54
1661159334422418000,14.7,5,14.65,106,14.7,5,2,2022-08-22 09:08:54
1661159334458326000,14.7,5,14.65,106,14.75,31,1,2022-08-22 09:08:54
1661159335472431000,14.7,10,14.65,106,14.75,41,1,2022-08-22 09:08:55
1661159335547746000,14.65,1,14.65,106,14.7,10,2,2022-08-22 09:08:55
1661159335819031000,14.75,10,14.65,104,14.75,41,1,2022-08-22 09:08:55
1661159336859665000,14.65,1,14.65,104,14.7,1,2,2022-08-22 09:08:56
1661159337830407000,14.65,1,14.65,104,14.7,3,2,2022-08-22 09:08:57
1661159337883626000,14.7,2,14.65,104,14.7,1,1,2022-08-22 09:08:57
1661159337997019000,14.65,1,14.65,104,14.7,1,2,2022-08-22 09:08:57
1661159338739682000,14.7,1,14.65,103,14.75,34,1,2022-08-22 09:08:58
1661159338739682000,14.75,2,14.65,103,14.75,34,1,2022-08-22 09:08:58
1661159339260414000,14.65,1,14.65,102,14.75,34,2,2022-08-22 09:08:59
1661159340971758000,14.65,1,14.65,104,14.7,1,2,2022-08-22 09:09:00
1661159341698848000,14.7,1,14.65,104,14.75,43,1,2022-08-22 09:09:01
1661159342375672000,14.7,1,14.7,1,14.75,43,2,2022-08-22 09:09:02
1661159342489019000,14.7,1,14.65,104,14.75,46,2,2022-08-22 09:09:02
1661159343168278000,14.7,1,14.65,104,14.75,46,2,2022-08-22 09:09:03
1661159343967317000,14.65,1,14.65,104,14.75,46,2,2022-08-22 09:09:03
1661159345028950000,14.7,1,14.65,105,14.75,61,2,2022-08-22 09:09:05
1661159345898205000,14.65,1,14.65,104,14.75,61,2,2022-08-22 09:09:05
1661159346495929000,14.75,1,14.65,104,14.75,60,1,2022-08-22 09:09:06
1661159347551639000,14.65,1,14.65,107,14.75,60,2,2022-08-22 09:09:07
1661159347825593000,14.7,1,14.7,9,14.75,60,2,2022-08-22 09:09:07
1661159347946345000,14.7,9,14.65,106,14.7,1,2,2022-08-22 09:09:07
1661159348280476000,14.7,1,14.65,106,14.7,29,1,2022-08-22 09:09:08
1661159348643497000,14.65,1,14.65,105,14.7,28,2,2022-08-22 09:09:08
1661159349055896000,14.7,1,14.65,105,14.7,27,1,2022-08-22 09:09:09
1661159349408734000,14.65,2,14.65,103,14.7,27,2,2022-08-22 09:09:09
1661159349676746000,14.65,1,14.65,102,14.7,27,2,2022-08-22 09:09:09
1661159351044472000,14.65,1,14.65,101,14.7,27,2,2022-08-22 09:09:11
1661159351927320000,14.65,1,14.65,101,14.7,27,2,2022-08-22 09:09:11
1661159353350229000,14.65,1,14.65,100,14.7,28,2,2022-08-22 09:09:13
1661159354018233000,14.7,1,14.65,101,14.7,29,1,2022-08-22 09:09:14
1661159355019580000,14.65,1,14.65,100,14.7,28,2,2022-08-22 09:09:15
1661159356022927000,14.7,1,14.65,105,14.7,33,1,2022-08-22 09:09:16
1661159356417512000,14.7,1,14.65,105,14.7,31,1,2022-08-22 09:09:16
1661159356538800000,14.65,1,14.65,104,14.7,31,2,2022-08-22 09:09:16
1661159356651218000,14.65,1,14.65,103,14.7,31,2,2022-08-22 09:09:16
1661159356657891000,14.65,1,14.65,102,14.7,31,2,2022-08-22 09:09:16
1661159356667402000,14.7,1,14.65,102,14.7,30,1,2022-08-22 09:09:16
1661159357264738000,14.7,1,14.65,102,14.7,29,1,2022-08-22 09:09:17
1661159358173604000,14.65,1,14.65,102,14.7,31,2,2022-08-22 09:09:18
1661159358697858000,14.65,20,14.65,83,14.7,31,2,2022-08-22 09:09:18
1661159359516496000,14.65,1,14.65,82,14.7,55,2,2022-08-22 09:09:19
1661159359587938000,14.7,10,14.65,81,14.7,45,1,2022-08-22 09:09:19
1661159361017587000,14.65,1,14.65,81,14.7,47,2,2022-08-22 09:09:21
1661159362432243000,14.65,1,14.65,81,14.7,47,2,2022-08-22 09:09:22
1661159363848787000,14.65,1,14.65,80,14.7,53,2,2022-08-22 09:09:23
1661159364539842000,14.7,10,14.65,84,14.7,53,1,2022-08-22 09:09:24
1661159365421771000,14.65,1,14.65,83,14.7,44,2,2022-08-22 09:09:25
1661159366746475000,14.65,1,14.65,83,14.7,44,2,2022-08-22 09:09:26
1661159367232463000,14.65,24,14.65,59,14.7,46,2,2022-08-22 09:09:27
1661159367651744000,14.65,1,14.65,58,14.7,46,2,2022-08-22 09:09:27
1661159367940376000,14.65,1,14.65,59,14.7,46,2,2022-08-22 09:09:27
1661159368716100000,14.65,2,14.65,65,14.7,46,2,2022-08-22 09:09:28
1661159368746326000,14.7,1,14.65,65,14.7,45,1,2022-08-22 09:09:28
1661159369501287000,14.65,1,14.65,64,14.7,45,2,2022-08-22 09:09:29
1661159371134551000,14.65,1,14.65,72,14.7,45,2,2022-08-22 09:09:31
1661159371299703000,14.7,1,14.65,72,14.7,44,1,2022-08-22 09:09:31
1661159371441164000,14.65,1,14.65,71,14.7,44,2,2022-08-22 09:09:31
1661159373612902000,14.65,1,14.65,75,14.7,45,2,2022-08-22 09:09:33
1661159373941526000,14.65,2,14.65,73,14.7,45,2,2022-08-22 09:09:33
1661159374363522000,14.65,3,14.65,70,14.7,45,2,2022-08-22 09:09:34
1661159374999841000,14.65,1,14.65,69,14.7,45,2,2022-08-22 09:09:34
1661159376291008000,14.65,1,14.65,68,14.7,46,2,2022-08-22 09:09:36
1661159376386675000,14.7,10,14.65,68,14.7,36,1,2022-08-22 09:09:36
1661159376466365000,14.65,1,14.65,68,14.7,36,2,2022-08-22 09:09:36
1661159378002098000,14.65,1,14.65,66,14.7,37,2,2022-08-22 09:09:38
1661159378668369000,14.65,4,14.65,64,14.7,37,2,2022-08-22 09:09:38
1661159379104739000,14.65,2,14.65,72,14.7,37,2,2022-08-22 09:09:39
1661159379436457000,14.7,1,14.65,72,14.7,36,1,2022-08-22 09:09:39
1661159379534330000,14.65,1,14.65,71,14.7,36,2,2022-08-22 09:09:39
1661159381190931000,14.65,1,14.65,102,14.7,36,2,2022-08-22 09:09:41
1661159382291722000,14.65,1,14.65,111,14.7,36,2,2022-08-22 09:09:42
1661159383809677000,14.65,1,14.65,127,14.7,36,2,2022-08-22 09:09:43
1661159384071726000,14.7,10,14.65,128,14.7,26,1,2022-08-22 09:09:44
1661159384115940000,14.7,26,14.65,128,14.75,94,1,2022-08-22 09:09:44
1661159384408663000,14.65,1,14.65,127,14.75,94,2,2022-08-22 09:09:44
1661159385250460000,14.65,1,14.65,126,14.75,94,2,2022-08-22 09:09:45
1661159386633706000,14.7,1,14.7,9,14.75,94,2,2022-08-22 09:09:46
1661159387035421000,14.7,8,14.7,9,14.75,94,2,2022-08-22 09:09:47
1661159387121104000,14.7,1,14.65,103,14.75,94,2,2022-08-22 09:09:47
1661159387121104000,14.65,35,14.65,103,14.75,94,2,2022-08-22 09:09:47
1661159388136060000,14.7,3,14.65,103,14.75,94,2,2022-08-22 09:09:48
1661159388283634000,14.7,1,14.65,74,14.75,94,2,2022-08-22 09:09:48
1661159390613094000,14.65,2,14.65,72,14.7,2,2,2022-08-22 09:09:50
1661159391889827000,14.7,1,14.65,82,14.7,2,1,2022-08-22 09:09:51
1661159393064488000,14.7,4,14.7,1,14.75,100,1,2022-08-22 09:09:53
1661159393093654000,14.7,1,14.65,82,14.75,100,2,2022-08-22 09:09:53
1661159394814634000,14.75,100,14.7,7,14.8,55,1,2022-08-22 09:09:54
1661159394814634000,14.8,200,14.7,7,14.8,55,1,2022-08-22 09:09:54
1661159394844921000,14.8,55,14.7,7,14.85,144,1,2022-08-22 09:09:54
1661159395302179000,14.7,2,14.7,14,14.85,144,2,2022-08-22 09:09:55
1661159395465754000,14.85,144,14.8,300,14.9,161,1,2022-08-22 09:09:55
1661159395468995000,14.8,3,14.8,297,14.9,161,2,2022-08-22 09:09:55
1661159395607912000,14.9,1,14.8,297,14.9,160,1,2022-08-22 09:09:55
1661159395649732000,14.9,1,14.8,297,14.9,159,1,2022-08-22 09:09:55
1661159395652086000,14.9,1,14.8,297,14.9,158,1,2022-08-22 09:09:55
1661159395654693000,14.9,1,14.8,297,14.9,157,1,2022-08-22 09:09:55
1661159395695188000,14.9,1,14.8,297,14.9,156,1,2022-08-22 09:09:55
1661159395718940000,14.9,1,14.8,297,14.9,155,1,2022-08-22 09:09:55
1661159395745905000,14.9,1,14.8,297,14.9,154,1,2022-08-22 09:09:55
1661159395792690000,14.9,1,14.8,297,14.9,153,1,2022-08-22 09:09:55
1661159395804413000,14.9,1,14.8,297,14.9,152,1,2022-08-22 09:09:55
1661159395811231000,14.9,1,14.8,297,14.9,151,1,2022-08-22 09:09:55
1661159395873654000,14.9,1,14.8,297,14.9,150,1,2022-08-22 09:09:55
1661159395925497000,14.9,1,14.8,297,14.9,149,1,2022-08-22 09:09:55
1661159396000720000,14.9,1,14.8,297,14.9,148,1,2022-08-22 09:09:56
1661159396054231000,14.9,1,14.8,297,14.9,147,1,2022-08-22 09:09:56
1661159396133828000,14.9,1,14.8,297,14.9,146,1,2022-08-22 09:09:56
1661159396194207000,14.9,1,14.8,297,14.9,145,1,2022-08-22 09:09:56
1661159396260411000,14.9,1,14.8,297,14.9,144,1,2022-08-22 09:09:56
1661159397640499000,14.9,1,14.8,297,14.9,143,1,2022-08-22 09:09:57
1661159399134732000,14.9,1,14.75,8,14.9,143,1,2022-08-22 09:09:59
1661159399837883000,14.9,1,14.75,8,14.9,141,1,2022-08-22 09:09:59
1661159400425711000,14.9,8,14.75,8,14.9,133,1,2022-08-22 09:10:00
1661159400548090000,14.85,1,14.75,8,14.85,10,1,2022-08-22 09:10:00
1661159401186922000,14.85,1,14.8,1,14.85,8,1,2022-08-22 09:10:01
1661159401432846000,14.8,2,14.7,50,14.8,24,2,2022-08-22 09:10:01
1661159401463441000,14.8,12,14.7,50,14.8,12,1,2022-08-22 09:10:01
1661159402023989000,14.8,2,14.75,7,14.8,12,1,2022-08-22 09:10:02
1661159402412032000,14.8,2,14.75,7,14.8,10,1,2022-08-22 09:10:02
1661159403146139000,14.8,1,14.75,7,14.8,7,1,2022-08-22 09:10:03
1661159406068471000,14.8,2,14.75,12,14.8,7,1,2022-08-22 09:10:06
1661159406124302000,14.8,1,14.75,12,14.8,4,1,2022-08-22 09:10:06
1661159406436089000,14.8,1,14.75,12,14.8,4,1,2022-08-22 09:10:06
1661159407225270000,14.8,1,14.75,12,14.8,2,1,2022-08-22 09:10:07
1661159407822158000,14.8,1,14.75,12,14.8,1,1,2022-08-22 09:10:07
1661159409125270000,14.8,1,14.75,12,14.85,60,1,2022-08-22 09:10:09
1661159409251263000,14.8,1,14.75,12,14.85,60,2,2022-08-22 09:10:09
1661159411594694000,14.8,1,14.75,12,14.8,1,1,2022-08-22 09:10:11
1661159412131231000,14.8,1,14.75,12,14.8,1,1,2022-08-22 09:10:12
1661159412138272000,14.8,1,14.75,12,14.85,60,1,2022-08-22 09:10:12
1661159412331790000,14.8,2,14.75,12,14.85,60,2,2022-08-22 09:10:12
1661159412544942000,14.85,14,14.75,12,14.85,60,1,2022-08-22 09:10:12
1661159412671916000,14.8,8,14.8,6,14.85,46,2,2022-08-22 09:10:12
1661159412952639000,14.8,7,14.75,12,14.85,46,2,2022-08-22 09:10:12
1661159413581117000,14.8,1,14.8,9,14.85,46,1,2022-08-22 09:10:13
1661159413604353000,14.8,9,14.8,9,14.85,46,2,2022-08-22 09:10:13
1661159414563603000,14.85,1,14.8,12,14.85,46,1,2022-08-22 09:10:14
1661159414866458000,14.85,3,14.8,13,14.85,42,1,2022-08-22 09:10:14
1661159415226773000,14.85,45,14.85,255,14.9,119,1,2022-08-22 09:10:15
1661159415260015000,14.85,19,14.85,236,14.9,119,2,2022-08-22 09:10:15
1661159416214764000,14.9,1,14.85,236,14.9,120,1,2022-08-22 09:10:16
1661159416323349000,14.9,20,14.85,236,14.9,100,1,2022-08-22 09:10:16
1661159416563030000,14.9,100,14.85,236,14.95,262,1,2022-08-22 09:10:16
1661159417217287000,14.95,2,14.85,256,14.95,261,1,2022-08-22 09:10:17
1661159417235909000,14.95,34,14.85,256,14.95,227,1,2022-08-22 09:10:17
1661159417311952000,14.95,3,14.85,256,14.95,224,1,2022-08-22 09:10:17
1661159417378125000,14.95,1,14.85,256,14.95,223,1,2022-08-22 09:10:17
1661159417397758000,14.95,1,14.85,256,14.95,222,1,2022-08-22 09:10:17
1661159417403601000,14.95,1,14.85,256,14.95,221,1,2022-08-22 09:10:17
1661159417417673000,14.95,1,14.85,256,14.95,220,1,2022-08-22 09:10:17
1661159417502009000,14.95,6,14.85,256,14.95,214,1,2022-08-22 09:10:17
1661159417503104000,14.95,7,14.85,256,14.95,207,1,2022-08-22 09:10:17
1661159418487626000,14.95,1,14.85,256,14.95,206,1,2022-08-22 09:10:18
1661159418711694000,14.85,1,14.85,255,14.95,206,2,2022-08-22 09:10:18
1661159418758727000,14.95,4,14.85,255,14.95,202,1,2022-08-22 09:10:18
1661159419318034000,14.95,1,14.85,258,14.95,201,1,2022-08-22 09:10:19
1661159421489416000,14.95,1,14.9,1,14.95,201,1,2022-08-22 09:10:21
1661159421693337000,14.95,2,14.9,1,14.95,198,1,2022-08-22 09:10:21
1661159422601963000,14.95,1,14.9,1,14.95,197,1,2022-08-22 09:10:22
1661159422860682000,14.9,1,14.85,243,14.95,197,2,2022-08-22 09:10:22
1661159423255747000,14.95,1,14.85,243,14.95,197,1,2022-08-22 09:10:23
1661159423271056000,14.95,1,14.85,243,14.95,196,1,2022-08-22 09:10:23
1661159423439531000,14.95,10,14.85,243,14.95,186,1,2022-08-22 09:10:23
1661159423557161000,14.95,2,14.85,243,14.95,184,1,2022-08-22 09:10:23
1661159423649874000,14.85,10,14.85,233,14.95,184,2,2022-08-22 09:10:23
1661159425233314000,14.9,1,14.85,233,14.95,184,1,2022-08-22 09:10:25
1661159426684807000,14.9,2,14.85,10,14.95,191,2,2022-08-22 09:10:26
1661159426772405000,14.9,1,14.9,1,14.95,191,2,2022-08-22 09:10:26
1661159426789057000,14.9,1,14.85,10,14.9,9,2,2022-08-22 09:10:26
1661159427192334000,14.9,5,14.85,10,14.9,11,1,2022-08-22 09:10:27
1661159427526848000,14.9,1,14.85,10,14.9,21,1,2022-08-22 09:10:27
1661159428561199000,14.85,1,14.85,9,14.9,44,2,2022-08-22 09:10:28
1661159429051532000,14.9,5,14.85,9,14.9,39,1,2022-08-22 09:10:29
1661159429894040000,14.9,2,14.85,9,14.9,40,1,2022-08-22 09:10:29
1661159430235716000,14.9,10,14.85,9,14.9,28,1,2022-08-22 09:10:30
1661159431113475000,14.9,3,14.85,16,14.9,25,1,2022-08-22 09:10:31
1661159431119201000,14.9,1,14.85,16,14.9,24,1,2022-08-22 09:10:31
1661159431431107000,14.9,14,14.85,20,14.9,24,1,2022-08-22 09:10:31
1661159431845189000,14.9,1,14.85,32,14.9,9,1,2022-08-22 09:10:31
1661159431959887000,14.9,1,14.85,33,14.9,9,1,2022-08-22 09:10:31
1661159432331844000,14.9,1,14.85,37,14.9,11,1,2022-08-22 09:10:32
1661159432349039000,14.9,2,14.85,37,14.9,9,1,2022-08-22 09:10:32
1661159433065440000,14.9,3,14.85,40,14.9,6,1,2022-08-22 09:10:33
1661159433473139000,14.9,1,14.85,42,14.9,6,1,2022-08-22 09:10:33
1661159434805485000,14.85,2,14.85,47,14.9,6,2,2022-08-22 09:10:34
1661159435948046000,14.9,1,14.85,50,14.9,16,1,2022-08-22 09:10:35
1661159437158133000,14.9,1,14.85,50,14.9,14,1,2022-08-22 09:10:37
1661159437171779000,14.85,50,14.8,42,14.9,14,2,2022-08-22 09:10:37
1661159437388095000,14.9,1,14.8,42,14.9,21,1,2022-08-22 09:10:37
1661159438878806000,14.9,3,14.8,43,14.9,50,1,2022-08-22 09:10:38
1661159438898218000,14.9,1,14.8,43,14.9,49,1,2022-08-22 09:10:38
1661159438934437000,14.9,5,14.8,43,14.9,44,1,2022-08-22 09:10:38
1661159439097122000,14.8,1,14.8,42,14.9,44,2,2022-08-22 09:10:39
1661159439222423000,14.9,3,14.85,1,14.9,41,1,2022-08-22 09:10:39
1661159439298150000,14.85,1,14.8,42,14.85,49,2,2022-08-22 09:10:39
1661159440130780000,14.85,5,14.8,42,14.85,44,1,2022-08-22 09:10:40
1661159440761429000,14.85,5,14.8,37,14.85,39,1,2022-08-22 09:10:40
1661159441010584000,14.85,1,14.8,37,14.85,38,1,2022-08-22 09:10:41
1661159441533745000,14.85,2,14.8,37,14.85,36,1,2022-08-22 09:10:41
1661159441669226000,14.85,1,14.8,37,14.85,35,1,2022-08-22 09:10:41
1661159441855896000,14.85,34,14.8,37,14.85,1,1,2022-08-22 09:10:41
1661159442109014000,14.85,1,14.8,37,14.9,43,1,2022-08-22 09:10:42
1661159442109014000,14.9,1,14.8,37,14.9,43,1,2022-08-22 09:10:42
1661159442182657000,14.9,4,14.8,37,14.9,39,1,2022-08-22 09:10:42
1661159443459945000,14.85,2,14.8,37,14.85,2,1,2022-08-22 09:10:43
1661159443459945000,14.9,3,14.8,37,14.85,2,1,2022-08-22 09:10:43
1661159443788600000,14.9,10,14.85,3,14.9,21,1,2022-08-22 09:10:43
1661159447364142000,14.9,1,14.85,19,14.9,36,1,2022-08-22 09:10:47
1661159447990140000,14.9,7,14.85,21,14.9,29,1,2022-08-22 09:10:47
1661159448151722000,14.9,3,14.85,33,14.9,26,1,2022-08-22 09:10:48
