ts,close,volume,bid_price,bid_volume,ask_price,ask_volume,tick_type,datetime
1661158801669848000,12.35,6111,12.3,484,12.35,408,2,2022-08-22 09:00:01
1661158801708704000,12.35,408,12.3,484,12.4,2049,1,2022-08-22 09:00:01
1661158801768443000,12.35,7,12.3,517,12.35,5,2,2022-08-22 09:00:01
1661158801789535000,12.35,5,12.35,15,12.4,2029,1,2022-08-22 09:00:01
1661158801854326000,12.35,6,12.3,555,12.4,1950,2,2022-08-22 09:00:01
1661158801975601000,12.3,1,12.3,552,12.35,45,2,2022-08-22 09:00:01
1661158802460507000,12.3,2,12.3,549,12.35,446,2,2022-08-22 09:00:02
1661158803216926000,12.35,5,12.3,551,12.35,661,1,2022-08-22 09:00:03
1661158803268125000,12.35,5,12.3,551,12.35,656,1,2022-08-22 09:00:03
1661158803521724000,12.35,2,12.3,557,12.35,654,1,2022-08-22 09:00:03
1661158803563652000,12.35,10,12.3,557,12.35,644,1,2022-08-22 09:00:03
1661158803676986000,12.35,2,12.3,557,12.35,642,1,2022-08-22 09:00:03
1661158803890926000,12.35,1,12.3,557,12.35,642,1,2022-08-22 09:00:03
1661158804168473000,12.3,2,12.3,555,12.35,641,2,2022-08-22 09:00:04
1661158804215036000,12.3,5,12.3,550,12.35,641,2,2022-08-22 09:00:04
1661158804230638000,12.35,1,12.3,550,12.35,640,1,2022-08-22 09:00:04
1661158804892691000,12.35,3,12.3,564,12.35,640,1,2022-08-22 09:00:04
1661158805292296000,12.35,10,12.3,686,12.35,627,1,2022-08-22 09:00:05
1661158805355863000,12.35,10,12.3,686,12.35,637,1,2022-08-22 09:00:05
1661158806188788000,12.35,3,12.3,716,12.35,643,1,2022-08-22 09:00:06
1661158806379918000,12.35,1,12.3,716,12.35,642,1,2022-08-22 09:00:06
1661158806533296000,12.3,1,12.3,715,12.35,642,2,2022-08-22 09:00:06
1661158806658680000,12.35,1,12.3,715,12.35,641,1,2022-08-22 09:00:06
1661158806973784000,12.35,1,12.3,715,12.35,640,1,2022-08-22 09:00:06
1661158807174940000,12.35,10,12.3,716,12.35,630,1,2022-08-22 09:00:07
1661158807210082000,12.35,1,12.3,715,12.35,629,1,2022-08-22 09:00:07
1661158807638942000,12.3,497,12.3,176,12.35,629,2,2022-08-22 09:00:07
1661158807639058000,12.3,176,12.25,641,12.3,321,2,2022-08-22 09:00:07
1661158808533404000,12.3,1,12.25,558,12.3,368,1,2022-08-22 09:00:08
1661158808574206000,12.3,1,12.25,578,12.3,367,1,2022-08-22 09:00:08
1661158808732385000,12.3,1,12.25,572,12.3,318,1,2022-08-22 09:00:08
1661158808802782000,12.3,1,12.25,572,12.3,318,1,2022-08-22 09:00:08
1661158809179271000,12.3,1,12.25,602,12.3,316,1,2022-08-22 09:00:09
1661158809488108000,12.3,1,12.25,605,12.3,326,1,2022-08-22 09:00:09
1661158809797386000,12.25,1,12.25,604,12.3,326,2,2022-08-22 09:00:09
1661158809827279000,12.25,2,12.25,605,12.3,326,2,2022-08-22 09:00:09
1661158809917285000,12.3,1,12.25,602,12.3,325,1,2022-08-22 09:00:09
1661158810153743000,12.3,1,12.25,602,12.3,330,1,2022-08-22 09:00:10
1661158810384308000,12.3,10,12.25,719,12.3,334,1,2022-08-22 09:00:10
1661158810413408000,12.25,2,12.25,717,12.3,324,2,2022-08-22 09:00:10
1661158810475346000,12.3,1,12.25,717,12.3,323,1,2022-08-22 09:00:10
1661158810712498000,12.3,1,12.25,717,12.3,322,1,2022-08-22 09:00:10
1661158810747462000,12.25,20,12.25,697,12.3,322,2,2022-08-22 09:00:10
1661158810774341000,12.3,10,12.25,697,12.3,312,1,2022-08-22 09:00:10
1661158811114201000,12.3,1,12.25,699,12.3,359,1,2022-08-22 09:00:11
1661158811333772000,12.3,312,12.25,699,12.3,47,1,2022-08-22 09:00:11
1661158811374678000,12.3,47,12.25,699,12.3,360,1,2022-08-22 09:00:11
1661158811839283000,12.3,1,12.25,729,12.3,3,1,2022-08-22 09:00:11
1661158811872691000,12.3,3,12.3,496,12.35,629,1,2022-08-22 09:00:11
1661158811903374000,12.3,497,12.25,709,12.35,629,2,2022-08-22 09:00:11
1661158811909195000,12.25,2,12.25,689,12.35,629,2,2022-08-22 09:00:11
1661158811917186000,12.3,2,12.25,687,12.35,629,1,2022-08-22 09:00:11
1661158811937803000,12.3,20,12.25,687,12.3,58,1,2022-08-22 09:00:11
1661158811944731000,12.3,11,12.25,687,12.3,47,1,2022-08-22 09:00:11
1661158811979869000,12.3,12,12.25,645,12.3,35,1,2022-08-22 09:00:11
1661158812033513000,12.3,1,12.25,645,12.3,34,1,2022-08-22 09:00:12
1661158812199170000,12.25,1,12.25,644,12.3,34,2,2022-08-22 09:00:12
1661158812243438000,12.3,1,12.25,644,12.3,33,1,2022-08-22 09:00:12
1661158812306221000,12.3,33,12.3,17,12.35,629,1,2022-08-22 09:00:12
1661158812336902000,12.3,17,12.25,644,12.35,629,2,2022-08-22 09:00:12
1661158812357673000,12.35,5,12.25,644,12.35,624,1,2022-08-22 09:00:12
1661158812369962000,12.25,1,12.25,643,12.35,624,2,2022-08-22 09:00:12
1661158812449312000,12.3,3,12.3,30,12.35,624,2,2022-08-22 09:00:12
1661158812614505000,12.3,1,12.3,29,12.35,624,2,2022-08-22 09:00:12
1661158812641043000,12.3,29,12.25,702,12.35,624,2,2022-08-22 09:00:12
1661158813074973000,12.3,4,12.3,26,12.35,630,2,2022-08-22 09:00:13
1661158813107245000,12.3,26,12.25,597,12.35,630,2,2022-08-22 09:00:13
1661158813119914000,12.3,4,12.3,1,12.35,630,1,2022-08-22 09:00:13
1661158813122275000,12.3,1,12.25,597,12.3,4,2,2022-08-22 09:00:13
1661158813216812000,12.3,4,12.3,116,12.35,630,1,2022-08-22 09:00:13
1661158813240411000,12.3,96,12.3,20,12.35,630,2,2022-08-22 09:00:13
1661158813652277000,12.35,1,12.3,150,12.35,629,1,2022-08-22 09:00:13
1661158814066456000,12.3,14,12.3,137,12.35,631,2,2022-08-22 09:00:14
1661158814069827000,12.3,1,12.3,136,12.35,631,2,2022-08-22 09:00:14
1661158814070828000,12.35,25,12.3,136,12.35,606,1,2022-08-22 09:00:14
1661158814090159000,12.3,71,12.3,68,12.35,606,2,2022-08-22 09:00:14
1661158814103704000,12.35,100,12.3,68,12.35,506,1,2022-08-22 09:00:14
1661158814581171000,12.35,2,12.3,133,12.35,644,1,2022-08-22 09:00:14
1661158814754484000,12.3,3,12.3,163,12.35,644,2,2022-08-22 09:00:14
1661158815074570000,12.35,1,12.3,160,12.35,643,1,2022-08-22 09:00:15
1661158815644576000,12.35,1,12.3,175,12.35,642,1,2022-08-22 09:00:15
1661158815654177000,12.35,1,12.3,175,12.35,641,1,2022-08-22 09:00:15
1661158816058770000,12.3,15,12.3,345,12.35,641,2,2022-08-22 09:00:16
1661158816080559000,12.3,1,12.3,344,12.35,641,2,2022-08-22 09:00:16
1661158816308859000,12.35,10,12.3,349,12.35,631,1,2022-08-22 09:00:16
1661158816325287000,12.3,20,12.3,329,12.35,631,2,2022-08-22 09:00:16
1661158816597714000,12.35,9,12.3,339,12.35,625,1,2022-08-22 09:00:16
1661158817251315000,12.3,1,12.3,379,12.35,626,2,2022-08-22 09:00:17
1661158817331299000,12.35,30,12.3,384,12.35,596,1,2022-08-22 09:00:17
1661158817398984000,12.35,1,12.3,384,12.35,626,1,2022-08-22 09:00:17
1661158817439935000,12.3,3,12.3,381,12.35,599,2,2022-08-22 09:00:17
1661158817582676000,12.35,1,12.3,381,12.35,598,1,2022-08-22 09:00:17
1661158817864403000,12.35,30,12.3,383,12.35,598,1,2022-08-22 09:00:17
1661158818095046000,12.3,11,12.3,372,12.35,568,2,2022-08-22 09:00:18
1661158818301333000,12.35,499,12.3,382,12.35,69,1,2022-08-22 09:00:18
1661158818920963000,12.35,8,12.35,2,12.4,1465,1,2022-08-22 09:00:18
1661158819010081000,12.35,2,12.3,453,12.4,1465,2,2022-08-22 09:00:19
1661158819378585000,12.35,2,12.3,453,12.35,19,1,2022-08-22 09:00:19
1661158819619570000,12.3,99,12.3,404,12.35,18,2,2022-08-22 09:00:19
1661158819735783000,12.35,1,12.3,456,12.35,18,1,2022-08-22 09:00:19
1661158819942779000,12.3,50,12.3,456,12.35,18,2,2022-08-22 09:00:19
1661158819949760000,12.3,5,12.3,451,12.35,18,2,2022-08-22 09:00:19
1661158819989767000,12.35,10,12.3,451,12.35,8,1,2022-08-22 09:00:19
1661158820034284000,12.3,1,12.3,450,12.35,8,2,2022-08-22 09:00:20
1661158820045717000,12.35,5,12.3,450,12.35,3,1,2022-08-22 09:00:20
1661158820132483000,12.3,8,12.3,442,12.35,3,2,2022-08-22 09:00:20
1661158820547289000,12.35,10,12.35,10,12.4,1465,1,2022-08-22 09:00:20
1661158820579475000,12.35,10,12.3,447,12.4,1465,2,2022-08-22 09:00:20
1661158820720042000,12.35,3,12.35,7,12.4,1465,1,2022-08-22 09:00:20
1661158820722242000,12.4,5,12.35,7,12.4,1460,1,2022-08-22 09:00:20
1661158820827701000,12.35,7,12.3,604,12.4,1460,2,2022-08-22 09:00:20
1661158821532166000,12.35,1,12.3,627,12.35,40,1,2022-08-22 09:00:21
1661158821560223000,12.35,2,12.3,627,12.35,38,1,2022-08-22 09:00:21
1661158822064554000,12.35,1,12.3,660,12.35,46,1,2022-08-22 09:00:22
1661158822325833000,12.35,3,12.3,664,12.35,50,1,2022-08-22 09:00:22
1661158822572587000,12.3,6,12.3,663,12.35,51,2,2022-08-22 09:00:22
1661158822704420000,12.35,5,12.3,669,12.35,46,1,2022-08-22 09:00:22
1661158822899271000,12.35,5,12.3,669,12.35,46,1,2022-08-22 09:00:22
1661158823664539000,12.35,10,12.3,681,12.35,32,1,2022-08-22 09:00:23
1661158823823201000,12.35,1,12.3,681,12.35,31,1,2022-08-22 09:00:23
1661158823860409000,12.35,2,12.3,681,12.35,42,1,2022-08-22 09:00:23
1661158824496507000,12.35,31,12.3,682,12.4,1388,1,2022-08-22 09:00:24
1661158824496507000,12.4,70,12.3,682,12.4,1388,1,2022-08-22 09:00:24
1661158824496538000,12.4,499,12.3,682,12.4,889,1,2022-08-22 09:00:24
1661158824720665000,12.35,3,12.35,56,12.4,888,2,2022-08-22 09:00:24
1661158825021980000,12.4,2,12.35,66,12.4,886,1,2022-08-22 09:00:25
1661158825141297000,12.35,50,12.35,17,12.4,886,2,2022-08-22 09:00:25
1661158825155259000,12.35,17,12.3,622,12.4,886,2,2022-08-22 09:00:25
1661158825155259000,12.3,3,12.3,622,12.4,886,2,2022-08-22 09:00:25
1661158825274782000,12.4,3,12.3,632,12.4,883,1,2022-08-22 09:00:25
1661158825920645000,12.35,1,12.35,3,12.4,889,1,2022-08-22 09:00:25
1661158825922157000,12.35,3,12.3,633,12.35,2,2,2022-08-22 09:00:25
1661158826044860000,12.35,2,12.35,3,12.4,889,1,2022-08-22 09:00:26
1661158826091153000,12.35,3,12.3,633,12.4,889,2,2022-08-22 09:00:26
1661158826231067000,12.4,1,12.35,6,12.4,888,1,2022-08-22 09:00:26
1661158826351761000,12.35,1,12.35,11,12.4,888,2,2022-08-22 09:00:26
1661158827650961000,12.4,1,12.35,236,12.4,1109,1,2022-08-22 09:00:27
1661158828184631000,12.35,2,12.35,244,12.4,1109,2,2022-08-22 09:00:28
1661158828279912000,12.35,50,12.35,194,12.4,1109,2,2022-08-22 09:00:28
1661158829131260000,12.4,1,12.35,200,12.4,1608,1,2022-08-22 09:00:29
1661158830159374000,12.4,1,12.35,223,12.4,1606,1,2022-08-22 09:00:30
1661158830522407000,12.4,5,12.35,237,12.4,1601,1,2022-08-22 09:00:30
1661158830834475000,12.4,37,12.35,267,12.4,1564,1,2022-08-22 09:00:30
1661158831009180000,12.35,3,12.35,266,12.4,1565,2,2022-08-22 09:00:31
1661158831354031000,12.4,10,12.35,771,12.4,1556,1,2022-08-22 09:00:31
1661158831457706000,12.4,5,12.35,788,12.4,1551,1,2022-08-22 09:00:31
1661158831705319000,12.35,5,12.35,784,12.4,1550,2,2022-08-22 09:00:31
1661158832135055000,12.4,12,12.35,787,12.4,1563,1,2022-08-22 09:00:32
1661158832153397000,12.35,5,12.35,782,12.4,1563,2,2022-08-22 09:00:32
1661158832222119000,12.35,134,12.35,648,12.4,1563,2,2022-08-22 09:00:32
1661158832439691000,12.4,1,12.35,654,12.4,1562,1,2022-08-22 09:00:32
1661158832763054000,12.4,2,12.35,665,12.4,1569,1,2022-08-22 09:00:32
1661158832836439000,12.4,1,12.35,665,12.4,1568,1,2022-08-22 09:00:32
1661158834041961000,12.35,50,12.35,629,12.4,1645,2,2022-08-22 09:00:34
1661158834291545000,12.35,76,12.35,562,12.4,1569,2,2022-08-22 09:00:34
1661158834317431000,12.4,1,12.35,562,12.4,1568,1,2022-08-22 09:00:34
1661158834577756000,12.4,1,12.35,563,12.4,1567,1,2022-08-22 09:00:34
1661158834597009000,12.35,1,12.35,562,12.4,1567,2,2022-08-22 09:00:34
1661158834677783000,12.4,2,12.35,563,12.4,1565,1,2022-08-22 09:00:34
1661158834894322000,12.4,1,12.35,565,12.4,1565,1,2022-08-22 09:00:34
1661158834966828000,12.4,5,12.35,565,12.4,1559,1,2022-08-22 09:00:34
1661158835348933000,12.4,5,12.35,565,12.4,1554,1,2022-08-22 09:00:35
1661158835531913000,12.4,2,12.35,566,12.4,1552,1,2022-08-22 09:00:35
1661158835680962000,12.35,2,12.35,565,12.4,1552,2,2022-08-22 09:00:35
1661158835898871000,12.35,5,12.35,657,12.4,1552,2,2022-08-22 09:00:35
1661158835924490000,12.35,5,12.35,662,12.4,1552,2,2022-08-22 09:00:35
1661158835930274000,12.35,4,12.35,648,12.4,1552,2,2022-08-22 09:00:35
1661158836170315000,12.4,1,12.35,648,12.4,1551,1,2022-08-22 09:00:36
1661158836373447000,12.35,54,12.35,648,12.4,1552,2,2022-08-22 09:00:36
1661158836478649000,12.35,1,12.35,593,12.4,1551,2,2022-08-22 09:00:36
1661158836610659000,12.4,1,12.35,593,12.4,1551,1,2022-08-22 09:00:36
1661158837626657000,12.4,4,12.35,754,12.4,1547,1,2022-08-22 09:00:37
1661158837998416000,12.4,1,12.35,755,12.4,1546,1,2022-08-22 09:00:37
1661158838069361000,12.35,5,12.35,750,12.4,1546,2,2022-08-22 09:00:38
1661158838689662000,12.4,1,12.35,750,12.4,1546,1,2022-08-22 09:00:38
1661158839797259000,12.35,5,12.35,694,12.4,1546,2,2022-08-22 09:00:39
1661158841118836000,12.4,1,12.35,722,12.4,1555,1,2022-08-22 09:00:41
1661158841539713000,12.4,2,12.35,723,12.4,1563,1,2022-08-22 09:00:41
1661158841878768000,12.35,61,12.35,723,12.4,1573,2,2022-08-22 09:00:41
1661158842069139000,12.35,7,12.35,655,12.4,1571,2,2022-08-22 09:00:42
1661158842350400000,12.4,10,12.35,666,12.4,1561,1,2022-08-22 09:00:42
1661158842362798000,12.4,5,12.35,666,12.4,1556,1,2022-08-22 09:00:42
1661158842451843000,12.4,5,12.35,666,12.4,1552,1,2022-08-22 09:00:42
1661158842510339000,12.4,10,12.35,666,12.4,1542,1,2022-08-22 09:00:42
1661158842842052000,12.4,6,12.35,672,12.4,1536,1,2022-08-22 09:00:42
1661158843079952000,12.4,2,12.35,674,12.4,1534,1,2022-08-22 09:00:43
1661158843238492000,12.4,1,12.35,680,12.4,1533,1,2022-08-22 09:00:43
1661158843316397000,12.4,1,12.35,680,12.4,1533,1,2022-08-22 09:00:43
1661158844099276000,12.4,5,12.35,682,12.4,1527,1,2022-08-22 09:00:44
1661158844735941000,12.35,2,12.35,731,12.4,1530,2,2022-08-22 09:00:44
1661158844885546000,12.35,66,12.35,604,12.4,1530,2,2022-08-22 09:00:44
1661158844935287000,12.35,430,12.35,160,12.4,1530,2,2022-08-22 09:00:44
1661158844966743000,12.35,160,12.3,951,12.4,1530,2,2022-08-22 09:00:44
1661158845092816000,12.4,1,12.35,8,12.4,1529,1,2022-08-22 09:00:45
1661158845624059000,12.4,2,12.35,9,12.4,1527,1,2022-08-22 09:00:45
1661158845953019000,12.35,7,12.35,2,12.4,1544,2,2022-08-22 09:00:45
1661158845957793000,12.4,4,12.35,2,12.4,1540,1,2022-08-22 09:00:45
1661158846314966000,12.35,2,12.3,854,12.4,1551,2,2022-08-22 09:00:46
1661158846410065000,12.4,10,12.35,10,12.4,1541,1,2022-08-22 09:00:46
1661158846595792000,12.35,8,12.35,2,12.4,1543,2,2022-08-22 09:00:46
1661158846908354000,12.4,56,12.35,63,12.4,1543,1,2022-08-22 09:00:46
1661158847905319000,12.4,1,12.35,70,12.4,1475,1,2022-08-22 09:00:47
1661158847989570000,12.4,2,12.35,70,12.4,1472,1,2022-08-22 09:00:47
1661158848310894000,12.35,3,12.35,80,12.4,1474,2,2022-08-22 09:00:48
1661158848813892000,12.35,2,12.35,75,12.4,1474,2,2022-08-22 09:00:48
1661158848884763000,12.4,1,12.35,75,12.4,1474,1,2022-08-22 09:00:48
1661158849401949000,12.35,1,12.35,76,12.4,1474,2,2022-08-22 09:00:49
1661158849462954000,12.4,3,12.35,75,12.4,1471,1,2022-08-22 09:00:49
1661158849826190000,12.35,5,12.35,70,12.4,1471,2,2022-08-22 09:00:49
1661158850842690000,12.35,20,12.35,162,12.4,1473,2,2022-08-22 09:00:50
1661158850876925000,12.35,10,12.35,152,12.4,1473,2,2022-08-22 09:00:50
1661158850912220000,12.35,152,12.3,846,12.35,78,2,2022-08-22 09:00:50
1661158851491783000,12.35,5,12.3,1014,12.35,73,1,2022-08-22 09:00:51
1661158851526709000,12.35,73,12.3,1014,12.4,1459,1,2022-08-22 09:00:51
1661158851534657000,12.4,6,12.3,1014,12.4,1453,1,2022-08-22 09:00:51
1661158851681782000,12.4,5,12.3,1034,12.4,1448,1,2022-08-22 09:00:51
1661158851940005000,12.3,3,12.3,1031,12.35,17,2,2022-08-22 09:00:51
1661158852359269000,12.35,1,12.3,1031,12.35,17,1,2022-08-22 09:00:52
1661158852559467000,12.35,1,12.3,1031,12.35,16,1,2022-08-22 09:00:52
1661158852609561000,12.35,5,12.3,1031,12.35,11,1,2022-08-22 09:00:52
1661158852659756000,12.35,10,12.3,1031,12.35,1,1,2022-08-22 09:00:52
1661158852836998000,12.3,2,12.3,1029,12.35,1,2,2022-08-22 09:00:52
1661158852881140000,12.35,1,12.3,1029,12.4,1488,1,2022-08-22 09:00:52
1661158852912375000,12.35,1,12.35,1,12.4,1487,1,2022-08-22 09:00:52
1661158853096275000,12.4,3,12.35,2,12.4,1489,1,2022-08-22 09:00:53
1661158853289160000,12.4,2,12.35,2,12.4,1488,1,2022-08-22 09:00:53
1661158853299541000,12.35,2,12.3,1027,12.35,8,2,2022-08-22 09:00:53
1661158853429758000,12.35,1,12.3,1027,12.35,8,1,2022-08-22 09:00:53
1661158855024274000,12.35,5,12.3,1174,12.35,5,1,2022-08-22 09:00:55
1661158855176221000,12.35,1,12.3,1176,12.35,4,1,2022-08-22 09:00:55
1661158855452406000,12.35,1,12.3,1178,12.35,3,1,2022-08-22 09:00:55
1661158855672776000,12.35,3,12.35,2,12.4,1496,1,2022-08-22 09:00:55
1661158855943572000,12.35,4,12.3,1178,12.4,1491,2,2022-08-22 09:00:55
1661158855943572000,12.3,1,12.3,1178,12.4,1491,2,2022-08-22 09:00:55
1661158855979776000,12.35,20,12.3,1178,12.35,30,2,2022-08-22 09:00:55
1661158856332638000,12.3,3,12.3,1178,12.35,41,2,2022-08-22 09:00:56
1661158857395291000,12.35,1,12.3,1176,12.35,48,1,2022-08-22 09:00:57
1661158858184772000,12.35,1,12.3,1176,12.35,47,1,2022-08-22 09:00:58
1661158858483571000,12.35,1,12.3,1176,12.35,46,1,2022-08-22 09:00:58
1661158858846457000,12.3,1,12.3,1275,12.35,46,2,2022-08-22 09:00:58
1661158858925102000,12.35,1,12.3,1275,12.35,46,1,2022-08-22 09:00:58
1661158859398295000,12.35,40,12.3,1285,12.35,61,1,2022-08-22 09:00:59
1661158859708248000,12.35,2,12.3,1285,12.35,19,1,2022-08-22 09:00:59
1661158859735498000,12.35,10,12.3,1285,12.35,9,1,2022-08-22 09:00:59
1661158859879020000,12.35,5,12.3,1285,12.35,4,1,2022-08-22 09:00:59
1661158860029125000,12.3,37,12.3,1248,12.35,5,2,2022-08-22 09:01:00
1661158860141076000,12.35,1,12.3,1248,12.35,4,1,2022-08-22 09:01:00
1661158860197165000,12.3,4,12.3,1244,12.35,4,2,2022-08-22 09:01:00
1661158860261013000,12.3,1,12.3,1243,12.35,4,2,2022-08-22 09:01:00
1661158860536047000,12.3,5,12.3,1238,12.35,10,2,2022-08-22 09:01:00
1661158860642782000,12.35,1,12.3,1238,12.35,9,1,2022-08-22 09:01:00
1661158860768317000,12.3,45,12.3,1193,12.35,14,2,2022-08-22 09:01:00
1661158860775309000,12.35,14,12.3,1193,12.4,1556,1,2022-08-22 09:01:00
1661158860934052000,12.3,1,12.3,1192,12.35,1,2,2022-08-22 09:01:00
1661158860976171000,12.35,1,12.3,1192,12.4,1628,1,2022-08-22 09:01:00
1661158861055275000,12.4,1,12.3,1192,12.4,1627,1,2022-08-22 09:01:01
1661158861568781000,12.35,2,12.3,1052,12.35,49,1,2022-08-22 09:01:01
1661158861728852000,12.35,1,12.3,1052,12.35,48,1,2022-08-22 09:01:01
1661158862066471000,12.35,5,12.3,1065,12.35,93,1,2022-08-22 09:01:02
1661158862197121000,12.35,5,12.3,1065,12.35,90,1,2022-08-22 09:01:02
1661158862297255000,12.35,9,12.3,1065,12.35,90,1,2022-08-22 09:01:02
1661158862663935000,12.35,73,12.3,1065,12.35,9,1,2022-08-22 09:01:02
1661158862694802000,12.35,1,12.3,1065,12.35,8,1,2022-08-22 09:01:02
1661158862694889000,12.35,8,12.3,1065,12.4,1627,1,2022-08-22 09:01:02
1661158862978546000,12.35,2,12.3,1062,12.4,1628,2,2022-08-22 09:01:02
1661158863548911000,12.35,1,12.35,1,12.4,1628,2,2022-08-22 09:01:03
1661158863600518000,12.35,7,12.3,1063,12.35,43,2,2022-08-22 09:01:03
1661158863662725000,12.3,209,12.3,854,12.35,44,2,2022-08-22 09:01:03
1661158864329588000,12.35,9,12.3,849,12.35,38,1,2022-08-22 09:01:04
1661158864563606000,12.35,1,12.3,851,12.35,92,1,2022-08-22 09:01:04
1661158864960598000,12.3,1,12.3,867,12.35,262,2,2022-08-22 09:01:04
1661158865344202000,12.35,2,12.3,868,12.35,265,1,2022-08-22 09:01:05
1661158865921765000,12.35,128,12.3,868,12.35,370,1,2022-08-22 09:01:05
1661158866152570000,12.35,1,12.3,869,12.35,244,1,2022-08-22 09:01:06
1661158866159426000,12.35,1,12.3,869,12.35,243,1,2022-08-22 09:01:06
1661158866358764000,12.35,9,12.3,869,12.35,234,1,2022-08-22 09:01:06
1661158866774685000,12.35,1,12.3,870,12.35,236,1,2022-08-22 09:01:06
1661158866940324000,12.3,1,12.3,870,12.35,236,2,2022-08-22 09:01:06
1661158867606339000,12.35,1,12.3,868,12.35,245,1,2022-08-22 09:01:07
1661158868235724000,12.35,10,12.3,878,12.35,234,1,2022-08-22 09:01:08
1661158868387356000,12.35,9,12.3,890,12.35,234,1,2022-08-22 09:01:08
1661158869063127000,12.35,2,12.3,891,12.35,173,1,2022-08-22 09:01:09
1661158869368839000,12.35,4,12.3,894,12.35,169,1,2022-08-22 09:01:09
1661158869405081000,12.35,9,12.3,894,12.35,160,1,2022-08-22 09:01:09
1661158869407663000,12.3,24,12.3,870,12.35,160,2,2022-08-22 09:01:09
1661158869577252000,12.3,200,12.3,670,12.35,160,2,2022-08-22 09:01:09
1661158869632613000,12.35,100,12.3,690,12.35,112,1,2022-08-22 09:01:09
1661158869870946000,12.35,100,12.3,692,12.35,12,1,2022-08-22 09:01:09
1661158870423050000,12.35,9,12.3,692,12.35,80,1,2022-08-22 09:01:10
1661158870554642000,12.35,3,12.3,692,12.35,68,1,2022-08-22 09:01:10
1661158870609530000,12.35,1,12.3,692,12.35,67,1,2022-08-22 09:01:10
1661158871431391000,12.3,5,12.3,695,12.35,70,2,2022-08-22 09:01:11
1661158871437519000,12.35,9,12.3,700,12.35,70,1,2022-08-22 09:01:11
1661158871504449000,12.35,2,12.3,695,12.35,69,1,2022-08-22 09:01:11
1661158871610217000,12.35,5,12.3,695,12.35,64,1,2022-08-22 09:01:11
1661158871684174000,12.3,30,12.3,665,12.35,64,2,2022-08-22 09:01:11
1661158871708653000,12.3,2,12.3,663,12.35,64,2,2022-08-22 09:01:11
1661158872610507000,12.3,10,12.3,658,12.35,117,2,2022-08-22 09:01:12
1661158872765483000,12.3,8,12.3,650,12.35,117,2,2022-08-22 09:01:12
1661158872819081000,12.35,2,12.3,650,12.35,115,1,2022-08-22 09:01:12
1661158873428308000,12.35,5,12.3,650,12.35,120,1,2022-08-22 09:01:13
1661158873465627000,12.35,9,12.3,650,12.35,106,1,2022-08-22 09:01:13
1661158873775424000,12.35,5,12.3,650,12.35,169,1,2022-08-22 09:01:13
1661158873919419000,12.3,5,12.3,646,12.35,169,2,2022-08-22 09:01:13
1661158873932612000,12.35,56,12.3,646,12.35,169,1,2022-08-22 09:01:13
1661158873991089000,12.35,3,12.3,649,12.35,110,1,2022-08-22 09:01:13
1661158874109564000,12.3,20,12.3,639,12.35,110,2,2022-08-22 09:01:14
1661158874120592000,12.35,1,12.3,639,12.35,109,1,2022-08-22 09:01:14
1661158874479203000,12.35,4,12.3,639,12.35,107,1,2022-08-22 09:01:14
1661158874633473000,12.35,5,12.3,639,12.35,102,1,2022-08-22 09:01:14
1661158874904223000,12.35,5,12.3,644,12.35,97,1,2022-08-22 09:01:14
1661158875313607000,12.35,26,12.3,649,12.35,147,1,2022-08-22 09:01:15
1661158875474878000,12.3,1,12.3,648,12.35,147,2,2022-08-22 09:01:15
1661158875496985000,12.35,1,12.3,648,12.35,146,1,2022-08-22 09:01:15
1661158875596965000,12.35,2,12.3,648,12.35,144,1,2022-08-22 09:01:15
1661158875756734000,12.35,1,12.3,648,12.35,143,1,2022-08-22 09:01:15
1661158875868214000,12.35,1,12.3,648,12.35,142,1,2022-08-22 09:01:15
1661158876443596000,12.35,6,12.3,649,12.35,142,1,2022-08-22 09:01:16
1661158876484335000,12.35,100,12.3,649,12.35,36,1,2022-08-22 09:01:16
1661158879288148000,12.35,7,12.35,3,12.4,1674,1,2022-08-22 09:01:19
1661158879378130000,12.35,3,12.3,817,12.4,1674,2,2022-08-22 09:01:19
1661158880194532000,12.35,1,12.35,31,12.4,1674,2,2022-08-22 09:01:20
1661158880519205000,12.35,20,12.35,86,12.4,1602,2,2022-08-22 09:01:20
1661158880641894000,12.35,1,12.35,87,12.4,1602,2,2022-08-22 09:01:20
1661158880645855000,12.35,1,12.35,86,12.4,1602,2,2022-08-22 09:01:20
1661158881188915000,12.35,1,12.35,300,12.4,1592,2,2022-08-22 09:01:21
1661158881797274000,12.4,10,12.35,311,12.4,1582,1,2022-08-22 09:01:21
1661158882173942000,12.4,5,12.35,323,12.4,1577,1,2022-08-22 09:01:22
1661158882303159000,12.35,4,12.35,380,12.4,1579,2,2022-08-22 09:01:22
1661158882928240000,12.35,5,12.35,422,12.4,1579,2,2022-08-22 09:01:22
1661158883123213000,12.35,1,12.35,416,12.4,1579,2,2022-08-22 09:01:23
1661158883510544000,12.35,3,12.35,426,12.4,1579,2,2022-08-22 09:01:23
1661158884115916000,12.35,1,12.35,425,12.4,1609,2,2022-08-22 09:01:24
1661158884367875000,12.4,1,12.35,430,12.4,1609,1,2022-08-22 09:01:24
1661158884598194000,12.4,1,12.35,430,12.4,1607,1,2022-08-22 09:01:24
1661158884784946000,12.35,1,12.35,429,12.4,1607,2,2022-08-22 09:01:24
1661158885956756000,12.35,3,12.35,653,12.4,1608,2,2022-08-22 09:01:25
1661158886174848000,12.35,1,12.35,663,12.4,1608,2,2022-08-22 09:01:26
1661158886781140000,12.4,5,12.35,666,12.4,1603,1,2022-08-22 09:01:26
1661158887600641000,12.35,1,12.35,665,12.4,1563,2,2022-08-22 09:01:27
1661158889078966000,12.4,1,12.35,667,12.4,1570,1,2022-08-22 09:01:29
1661158890205709000,12.4,1,12.35,672,12.4,1559,1,2022-08-22 09:01:30
1661158891049859000,12.35,1,12.35,677,12.4,1559,2,2022-08-22 09:01:31
1661158891079527000,12.35,8,12.35,669,12.4,1559,2,2022-08-22 09:01:31
1661158891454779000,12.35,5,12.35,670,12.4,1560,2,2022-08-22 09:01:31
1661158891504751000,12.35,5,12.35,660,12.4,1560,2,2022-08-22 09:01:31
1661158892186550000,12.35,1,12.35,659,12.4,1560,2,2022-08-22 09:01:32
1661158892311649000,12.4,2,12.35,658,12.4,1558,1,2022-08-22 09:01:32
1661158892596498000,12.35,1,12.35,665,12.4,1558,2,2022-08-22 09:01:32
1661158892756552000,12.35,2,12.35,663,12.4,1558,2,2022-08-22 09:01:32
1661158892776840000,12.35,2,12.35,661,12.4,1558,2,2022-08-22 09:01:32
1661158893304458000,12.35,4,12.35,659,12.4,1567,2,2022-08-22 09:01:33
1661158893370663000,12.4,1,12.35,659,12.4,1566,1,2022-08-22 09:01:33
1661158893474809000,12.4,1,12.35,664,12.4,1565,1,2022-08-22 09:01:33
1661158894100769000,12.35,3,12.35,664,12.4,1565,2,2022-08-22 09:01:34
1661158894165324000,12.4,5,12.35,664,12.4,1560,1,2022-08-22 09:01:34
1661158894450256000,12.4,3,12.35,664,12.4,1560,1,2022-08-22 09:01:34
1661158894503041000,12.35,5,12.35,659,12.4,1557,2,2022-08-22 09:01:34
1661158894757819000,12.35,5,12.35,656,12.4,1557,2,2022-08-22 09:01:34
1661158894794424000,12.35,1,12.35,657,12.4,1557,2,2022-08-22 09:01:34
1661158895830842000,12.35,10,12.35,667,12.4,1555,2,2022-08-22 09:01:35
1661158896621951000,12.35,5,12.35,652,12.4,1547,2,2022-08-22 09:01:36
1661158896701730000,12.35,4,12.35,650,12.4,1546,2,2022-08-22 09:01:36
1661158897673253000,12.4,3,12.35,664,12.4,1542,1,2022-08-22 09:01:37
1661158897961627000,12.35,1,12.35,664,12.4,1542,2,2022-08-22 09:01:37
1661158898199008000,12.35,37,12.35,626,12.4,1505,2,2022-08-22 09:01:38
1661158898375370000,12.4,2,12.35,718,12.4,1503,1,2022-08-22 09:01:38
1661158899321666000,12.35,1,12.35,731,12.4,1505,2,2022-08-22 09:01:39
1661158900465241000,12.35,1,12.35,836,12.4,1507,2,2022-08-22 09:01:40
1661158901168244000,12.4,1,12.35,841,12.4,1506,1,2022-08-22 09:01:41
1661158901321874000,12.4,1,12.35,841,12.4,1505,1,2022-08-22 09:01:41
1661158901322598000,12.35,1,12.35,841,12.4,1506,2,2022-08-22 09:01:41
1661158902319654000,12.35,20,12.35,826,12.4,1515,2,2022-08-22 09:01:42
1661158902379586000,12.35,3,12.35,823,12.4,1515,2,2022-08-22 09:01:42
1661158903929179000,12.35,30,12.35,846,12.4,1517,2,2022-08-22 09:01:43
1661158904651484000,12.35,2,12.35,835,12.4,1517,2,2022-08-22 09:01:44
1661158904958866000,12.4,1,12.35,835,12.4,1516,1,2022-08-22 09:01:44
1661158905048526000,12.35,2,12.35,843,12.4,1516,2,2022-08-22 09:01:45
1661158905143216000,12.4,5,12.35,843,12.4,1511,1,2022-08-22 09:01:45
1661158905939086000,12.4,1,12.35,850,12.4,1513,1,2022-08-22 09:01:45
1661158905953492000,12.4,5,12.35,850,12.4,1514,1,2022-08-22 09:01:45
1661158906648697000,12.35,5,12.35,837,12.4,1508,2,2022-08-22 09:01:46
1661158906671000000,12.35,5,12.35,907,12.4,1508,2,2022-08-22 09:01:46
1661158906913359000,12.4,2,12.35,912,12.4,1508,1,2022-08-22 09:01:46
1661158907504985000,12.4,1,12.35,913,12.4,1505,1,2022-08-22 09:01:47
1661158907900384000,12.35,1,12.35,913,12.4,1505,2,2022-08-22 09:01:47
1661158907981798000,12.4,5,12.35,912,12.4,1500,1,2022-08-22 09:01:47
1661158908155744000,12.4,1,12.35,915,12.4,1501,1,2022-08-22 09:01:48
1661158908188630000,12.4,10,12.35,915,12.4,1491,1,2022-08-22 09:01:48
1661158908191928000,12.35,100,12.35,815,12.4,1491,2,2022-08-22 09:01:48
1661158908288436000,12.4,1,12.35,815,12.4,1490,1,2022-08-22 09:01:48
1661158908338688000,12.4,9,12.35,815,12.4,1481,1,2022-08-22 09:01:48
1661158909070962000,12.35,1,12.35,806,12.4,1483,2,2022-08-22 09:01:49
1661158909295150000,12.4,10,12.35,807,12.4,1483,1,2022-08-22 09:01:49
1661158909968517000,12.4,1,12.35,810,12.4,1473,1,2022-08-22 09:01:49
1661158910186709000,12.4,2,12.35,810,12.4,1470,1,2022-08-22 09:01:50
1661158911190564000,12.4,1,12.35,805,12.4,1474,1,2022-08-22 09:01:51
1661158911614387000,12.4,5,12.35,805,12.4,1468,1,2022-08-22 09:01:51
1661158911852121000,12.4,5,12.35,805,12.4,1463,1,2022-08-22 09:01:51
1661158912415715000,12.4,10,12.35,806,12.4,1453,1,2022-08-22 09:01:52
1661158912671047000,12.4,50,12.35,806,12.4,1403,1,2022-08-22 09:01:52
1661158912701337000,12.35,30,12.35,776,12.4,1403,2,2022-08-22 09:01:52
1661158913081062000,12.4,10,12.35,777,12.4,1393,1,2022-08-22 09:01:53
1661158913249540000,12.35,2,12.35,775,12.4,1393,2,2022-08-22 09:01:53
1661158913470482000,12.4,11,12.35,775,12.4,1393,1,2022-08-22 09:01:53
1661158914056575000,12.35,10,12.35,801,12.4,1382,2,2022-08-22 09:01:54
1661158914071597000,12.4,1,12.35,801,12.4,1381,1,2022-08-22 09:01:54
1661158916685657000,12.35,5,12.35,811,12.4,1379,2,2022-08-22 09:01:56
1661158916734437000,12.4,30,12.35,811,12.4,1349,1,2022-08-22 09:01:56
1661158916871745000,12.4,1,12.35,821,12.4,1348,1,2022-08-22 09:01:56
1661158916909202000,12.35,45,12.35,778,12.4,1348,2,2022-08-22 09:01:56
1661158917062314000,12.4,2,12.35,778,12.4,1346,1,2022-08-22 09:01:57
1661158918406652000,12.4,1,12.35,794,12.4,1349,1,2022-08-22 09:01:58
1661158919480450000,12.4,10,12.35,794,12.4,1338,1,2022-08-22 09:01:59
1661158919859296000,12.4,2,12.35,797,12.4,1337,1,2022-08-22 09:01:59
1661158920268999000,12.4,8,12.35,904,12.4,1336,1,2022-08-22 09:02:00
1661158920440793000,12.4,2,12.35,906,12.4,1336,1,2022-08-22 09:02:00
1661158920692580000,12.4,6,12.35,956,12.4,1328,1,2022-08-22 09:02:00
1661158921430632000,12.35,2,12.35,957,12.4,1338,2,2022-08-22 09:02:01
1661158922817655000,12.35,41,12.35,1016,12.4,1341,2,2022-08-22 09:02:02
1661158922951063000,12.4,5,12.35,1016,12.4,1341,1,2022-08-22 09:02:02
1661158923268832000,12.35,1,12.35,1016,12.4,1339,2,2022-08-22 09:02:03
1661158924213440000,12.35,1,12.35,1018,12.4,1340,2,2022-08-22 09:02:04
1661158924283122000,12.35,4,12.35,1014,12.4,1340,2,2022-08-22 09:02:04
1661158924533945000,12.35,1,12.35,1013,12.4,1341,2,2022-08-22 09:02:04
1661158925290618000,12.35,3,12.35,1012,12.4,1341,2,2022-08-22 09:02:05
1661158925757864000,12.4,1,12.35,1022,12.4,1346,1,2022-08-22 09:02:05
1661158926457584000,12.4,30,12.35,1034,12.4,1346,1,2022-08-22 09:02:06
1661158926610423000,12.4,1,12.35,1034,12.4,1399,1,2022-08-22 09:02:06
1661158926777219000,12.4,2,12.35,1037,12.4,1397,1,2022-08-22 09:02:06
1661158927035103000,12.35,2,12.35,1035,12.4,1397,2,2022-08-22 09:02:07
1661158927655675000,12.35,1,12.35,1036,12.4,1395,2,2022-08-22 09:02:07
1661158931028980000,12.4,1,12.35,2053,12.4,1401,1,2022-08-22 09:02:11
1661158932262862000,12.4,1,12.35,1041,12.4,1482,1,2022-08-22 09:02:12
1661158932696349000,12.4,8,12.35,1041,12.4,1477,1,2022-08-22 09:02:12
1661158932743823000,12.35,1,12.35,1040,12.4,1477,2,2022-08-22 09:02:12
1661158932840109000,12.4,5,12.35,1040,12.4,1472,1,2022-08-22 09:02:12
1661158932918396000,12.4,1,12.35,1040,12.4,1471,1,2022-08-22 09:02:12
1661158934587427000,12.4,5,12.35,1041,12.4,1469,1,2022-08-22 09:02:14
1661158935409909000,12.4,10,12.35,1051,12.4,1462,1,2022-08-22 09:02:15
1661158936025002000,12.35,2,12.35,1049,12.4,1467,2,2022-08-22 09:02:16
1661158936794487000,12.4,1,12.35,1052,12.4,1466,1,2022-08-22 09:02:16
1661158937205706000,12.4,2,12.35,1052,12.4,1466,1,2022-08-22 09:02:17
1661158937430975000,12.4,40,12.35,1052,12.4,1436,1,2022-08-22 09:02:17
1661158938000655000,12.35,5,12.35,1048,12.4,1372,2,2022-08-22 09:02:18
1661158939457598000,12.4,1,12.35,1050,12.4,1372,1,2022-08-22 09:02:19
1661158939457952000,12.4,5,12.35,1050,12.4,1373,1,2022-08-22 09:02:19
1661158939545883000,12.4,2,12.35,1051,12.4,1366,1,2022-08-22 09:02:19
1661158939655611000,12.4,6,12.35,1061,12.4,1360,1,2022-08-22 09:02:19
1661158940636512000,12.4,2,12.35,999,12.4,1358,1,2022-08-22 09:02:20
1661158941203922000,12.4,100,12.35,999,12.4,1256,1,2022-08-22 09:02:21
1661158941529781000,12.4,3,12.35,1000,12.4,1253,1,2022-08-22 09:02:21
1661158941940245000,12.4,1,12.35,1000,12.4,1256,1,2022-08-22 09:02:21
1661158942181072000,12.4,5,12.35,1006,12.4,1248,1,2022-08-22 09:02:22
1661158942325528000,12.4,14,12.35,1006,12.4,1236,1,2022-08-22 09:02:22
1661158942712572000,12.4,1,12.35,1006,12.4,1235,1,2022-08-22 09:02:22
1661158943005667000,12.4,2,12.35,1006,12.4,1233,1,2022-08-22 09:02:23
1661158943008640000,12.4,1,12.35,1007,12.4,1232,1,2022-08-22 09:02:23
1661158943015743000,12.35,20,12.35,987,12.4,1232,2,2022-08-22 09:02:23
1661158945226206000,12.35,10,12.35,991,12.4,1232,2,2022-08-22 09:02:25
1661158945605049000,12.35,1,12.35,990,12.4,1242,2,2022-08-22 09:02:25
1661158945804774000,12.35,1,12.35,990,12.4,1242,2,2022-08-22 09:02:25
1661158947684603000,12.4,2,12.35,1005,12.4,1255,1,2022-08-22 09:02:27
1661158948162443000,12.4,1,12.35,1020,12.4,1354,1,2022-08-22 09:02:28
1661158948506165000,12.4,1,12.35,1020,12.4,1353,1,2022-08-22 09:02:28
1661158948592808000,12.4,5,12.35,1020,12.4,1348,1,2022-08-22 09:02:28
1661158948796876000,12.4,1,12.35,1022,12.4,1347,1,2022-08-22 09:02:28
1661158948984530000,12.4,2,12.35,1022,12.4,1345,1,2022-08-22 09:02:28
1661158949037956000,12.4,2,12.35,1022,12.4,1345,1,2022-08-22 09:02:29
1661158949213200000,12.35,2,12.35,1022,12.4,1345,2,2022-08-22 09:02:29
1661158949507471000,12.4,2,12.35,1020,12.4,1343,1,2022-08-22 09:02:29
1661158949886160000,12.35,10,12.35,1010,12.4,1348,2,2022-08-22 09:02:29
1661158949986785000,12.4,2,12.35,1020,12.4,1348,1,2022-08-22 09:02:29
1661158950720873000,12.35,145,12.35,827,12.4,1347,2,2022-08-22 09:02:30
1661158950761708000,12.35,13,12.35,814,12.4,1352,2,2022-08-22 09:02:30
1661158950762167000,12.35,17,12.35,797,12.4,1352,2,2022-08-22 09:02:30
1661158950866836000,12.35,1,12.35,804,12.4,1353,2,2022-08-22 09:02:30
1661158950990969000,12.4,2,12.35,805,12.4,1353,1,2022-08-22 09:02:30
1661158951507536000,12.4,19,12.35,804,12.4,1337,1,2022-08-22 09:02:31
1661158951690728000,12.4,1,12.35,804,12.4,1336,1,2022-08-22 09:02:31
1661158951993641000,12.4,2,12.35,804,12.4,1336,1,2022-08-22 09:02:31
1661158952567115000,12.4,1,12.35,804,12.4,1333,1,2022-08-22 09:02:32
1661158952688617000,12.4,10,12.35,810,12.4,1323,1,2022-08-22 09:02:32
1661158952828217000,12.4,10,12.35,865,12.4,1313,1,2022-08-22 09:02:32
1661158952998768000,12.4,2,12.35,865,12.4,1308,1,2022-08-22 09:02:32
1661158953122237000,12.4,2,12.35,866,12.4,1304,1,2022-08-22 09:02:33
1661158953470114000,12.4,1,12.35,866,12.4,1308,1,2022-08-22 09:02:33
1661158953543180000,12.35,1,12.35,864,12.4,1307,2,2022-08-22 09:02:33
1661158953915460000,12.4,2,12.35,864,12.4,1305,1,2022-08-22 09:02:33
1661158954002649000,12.4,2,12.35,864,12.4,1307,1,2022-08-22 09:02:34
1661158955006344000,12.4,2,12.35,901,12.4,1311,1,2022-08-22 09:02:35
1661158955331338000,12.35,1,12.35,900,12.4,1311,2,2022-08-22 09:02:35
1661158956009477000,12.4,2,12.35,951,12.4,1320,1,2022-08-22 09:02:36
1661158956109628000,12.4,7,12.35,951,12.4,1313,1,2022-08-22 09:02:36
1661158956606925000,12.35,2,12.35,1003,12.4,1314,2,2022-08-22 09:02:36
1661158956645527000,12.4,2,12.35,1003,12.4,1312,1,2022-08-22 09:02:36
1661158956659809000,12.4,5,12.35,1003,12.4,1307,1,2022-08-22 09:02:36
1661158956714574000,12.35,10,12.35,993,12.4,1307,2,2022-08-22 09:02:36
1661158957012439000,12.4,2,12.35,993,12.4,1295,1,2022-08-22 09:02:37
1661158957128807000,12.4,30,12.35,993,12.4,1275,1,2022-08-22 09:02:37
1661158957366193000,12.35,1,12.35,1003,12.4,1276,2,2022-08-22 09:02:37
1661158958025160000,12.4,2,12.35,1004,12.4,1274,1,2022-08-22 09:02:38
1661158958293628000,12.4,3,12.35,1004,12.4,1276,1,2022-08-22 09:02:38
1661158958327130000,12.35,3,12.35,1004,12.4,1279,2,2022-08-22 09:02:38
1661158959021403000,12.4,2,12.35,1001,12.4,1275,1,2022-08-22 09:02:39
1661158960022439000,12.4,2,12.35,1005,12.4,1273,1,2022-08-22 09:02:40
1661158960067501000,12.35,5,12.35,1000,12.4,1273,2,2022-08-22 09:02:40
1661158960758420000,12.4,1,12.35,1000,12.4,1272,1,2022-08-22 09:02:40
1661158961027195000,12.4,2,12.35,1000,12.4,1270,1,2022-08-22 09:02:41
1661158961695246000,12.4,2,12.35,1005,12.4,1309,1,2022-08-22 09:02:41
1661158961705131000,12.4,10,12.35,1005,12.4,1299,1,2022-08-22 09:02:41
1661158962030304000,12.4,2,12.35,1005,12.4,1297,1,2022-08-22 09:02:42
1661158962085302000,12.35,1,12.35,1004,12.4,1299,2,2022-08-22 09:02:42
1661158962556695000,12.4,1,12.35,1009,12.4,1303,1,2022-08-22 09:02:42
1661158963034635000,12.4,2,12.35,1012,12.4,1301,1,2022-08-22 09:02:43
1661158963075382000,12.4,40,12.35,1012,12.4,1261,1,2022-08-22 09:02:43
1661158963246945000,12.4,20,12.35,1013,12.4,1241,1,2022-08-22 09:02:43
1661158963766205000,12.4,1,12.35,1013,12.4,1243,1,2022-08-22 09:02:43
1661158964135046000,12.4,40,12.35,1013,12.4,1202,1,2022-08-22 09:02:44
1661158964549719000,12.35,1,12.35,1017,12.4,1202,2,2022-08-22 09:02:44
1661158964642292000,12.4,2,12.35,1017,12.4,1200,1,2022-08-22 09:02:44
1661158965039257000,12.35,1,12.35,1026,12.4,1200,2,2022-08-22 09:02:45
1661158965042178000,12.4,2,12.35,1026,12.4,1198,1,2022-08-22 09:02:45
1661158965620846000,12.4,1,12.35,1036,12.4,1202,1,2022-08-22 09:02:45
1661158965753972000,12.4,1,12.35,1036,12.4,1201,1,2022-08-22 09:02:45
1661158965806232000,12.4,1,12.35,1036,12.4,1200,1,2022-08-22 09:02:45
1661158966045481000,12.4,2,12.35,1036,12.4,1203,1,2022-08-22 09:02:46
1661158966401271000,12.4,2,12.35,1037,12.4,1201,1,2022-08-22 09:02:46
1661158966509178000,12.4,10,12.35,1037,12.4,1203,1,2022-08-22 09:02:46
1661158966741104000,12.4,5,12.35,1037,12.4,1206,1,2022-08-22 09:02:46
1661158966885422000,12.4,2,12.35,1044,12.4,1204,1,2022-08-22 09:02:46
1661158967048655000,12.4,2,12.35,1046,12.4,1202,1,2022-08-22 09:02:47
1661158967116989000,12.4,5,12.35,1046,12.4,1197,1,2022-08-22 09:02:47
1661158967401117000,12.4,3,12.35,1046,12.4,1196,1,2022-08-22 09:02:47
1661158967586951000,12.35,5,12.35,1051,12.4,1196,2,2022-08-22 09:02:47
1661158968052011000,12.4,2,12.35,1051,12.4,1193,1,2022-08-22 09:02:48
1661158968505989000,12.4,1,12.35,1051,12.4,1192,1,2022-08-22 09:02:48
1661158968897468000,12.4,2,12.35,1063,12.4,1190,1,2022-08-22 09:02:48
1661158968930891000,12.4,2,12.35,1063,12.4,1188,1,2022-08-22 09:02:48
1661158969055971000,12.4,2,12.35,1063,12.4,1186,1,2022-08-22 09:02:49
1661158970058888000,12.4,2,12.35,1065,12.4,1194,1,2022-08-22 09:02:50
1661158971062830000,12.4,2,12.35,1047,12.4,1193,1,2022-08-22 09:02:51
1661158971299744000,12.4,2,12.35,1049,12.4,1191,1,2022-08-22 09:02:51
1661158971389289000,12.4,1,12.35,1049,12.4,1191,1,2022-08-22 09:02:51
1661158971518255000,12.4,100,12.35,1049,12.4,1090,1,2022-08-22 09:02:51
1661158971674245000,12.35,45,12.35,1004,12.4,1006,2,2022-08-22 09:02:51
1661158971945257000,12.4,36,12.35,1004,12.4,970,1,2022-08-22 09:02:51
1661158972065695000,12.4,2,12.35,1014,12.4,968,1,2022-08-22 09:02:52
1661158972401132000,12.4,1,12.35,965,12.4,967,1,2022-08-22 09:02:52
1661158972593753000,12.4,10,12.35,966,12.4,957,1,2022-08-22 09:02:52
1661158972735462000,12.4,300,12.35,967,12.4,661,1,2022-08-22 09:02:52
1661158972775271000,12.4,2,12.35,965,12.4,659,1,2022-08-22 09:02:52
1661158973050873000,12.35,3,12.35,962,12.4,664,2,2022-08-22 09:02:53
1661158973068575000,12.4,2,12.35,962,12.4,662,1,2022-08-22 09:02:53
1661158973119613000,12.4,5,12.35,967,12.4,657,1,2022-08-22 09:02:53
1661158973379292000,12.4,10,12.35,968,12.4,657,1,2022-08-22 09:02:53
1661158973524873000,12.4,60,12.35,968,12.4,587,1,2022-08-22 09:02:53
1661158973554140000,12.4,18,12.35,968,12.4,570,1,2022-08-22 09:02:53
1661158973603989000,12.4,5,12.35,971,12.4,565,1,2022-08-22 09:02:53
1661158973605718000,12.35,5,12.35,966,12.4,565,2,2022-08-22 09:02:53
1661158973698718000,12.4,1,12.35,965,12.4,564,1,2022-08-22 09:02:53
1661158973871217000,12.4,1,12.35,965,12.4,565,1,2022-08-22 09:02:53
1661158973977071000,12.4,51,12.35,970,12.4,565,1,2022-08-22 09:02:53
1661158974077129000,12.4,2,12.35,980,12.4,512,1,2022-08-22 09:02:54
1661158974083660000,12.4,1,12.35,980,12.4,511,1,2022-08-22 09:02:54
1661158974109217000,12.4,1,12.35,980,12.4,510,1,2022-08-22 09:02:54
1661158974176044000,12.4,1,12.35,980,12.4,509,1,2022-08-22 09:02:54
1661158974198219000,12.4,100,12.35,970,12.4,409,1,2022-08-22 09:02:54
1661158974380811000,12.4,50,12.35,991,12.4,361,1,2022-08-22 09:02:54
1661158974558841000,12.4,1,12.35,991,12.4,360,1,2022-08-22 09:02:54
1661158974562559000,12.4,2,12.35,991,12.4,358,1,2022-08-22 09:02:54
1661158974661055000,12.4,100,12.35,991,12.4,258,1,2022-08-22 09:02:54
1661158974693510000,12.4,258,12.35,991,12.45,3014,1,2022-08-22 09:02:54
1661158974782694000,12.45,49,12.4,71,12.45,2922,1,2022-08-22 09:02:54
1661158975003772000,12.4,5,12.4,226,12.45,2921,2,2022-08-22 09:02:55
1661158975063604000,12.4,5,12.4,229,12.45,2921,2,2022-08-22 09:02:55
1661158975079175000,12.45,2,12.4,229,12.45,2919,1,2022-08-22 09:02:55
1661158975145245000,12.4,5,12.4,270,12.45,2919,2,2022-08-22 09:02:55
1661158975241808000,12.4,50,12.4,220,12.45,2919,2,2022-08-22 09:02:55
1661158975278217000,12.4,5,12.4,225,12.45,2919,2,2022-08-22 09:02:55
1661158975300421000,12.45,2,12.4,225,12.45,2917,1,2022-08-22 09:02:55
1661158975311955000,12.4,5,12.4,220,12.45,2917,2,2022-08-22 09:02:55
1661158975354102000,12.45,9,12.4,220,12.45,2924,1,2022-08-22 09:02:55
1661158975443907000,12.4,5,12.4,228,12.45,2924,2,2022-08-22 09:02:55
1661158975608692000,12.4,1,12.4,222,12.45,2924,2,2022-08-22 09:02:55
1661158975659778000,12.4,5,12.4,219,12.45,2924,2,2022-08-22 09:02:55
1661158975840627000,12.4,5,12.4,214,12.45,2924,2,2022-08-22 09:02:55
1661158975846081000,12.4,1,12.4,213,12.45,2924,2,2022-08-22 09:02:55
1661158975908916000,12.4,5,12.4,204,12.45,2924,2,2022-08-22 09:02:55
1661158975978935000,12.4,5,12.4,200,12.45,2924,2,2022-08-22 09:02:55
1661158976013062000,12.4,5,12.4,201,12.45,2924,2,2022-08-22 09:02:56
1661158976052384000,12.4,5,12.4,191,12.45,2924,2,2022-08-22 09:02:56
1661158976081141000,12.45,2,12.4,191,12.45,2922,1,2022-08-22 09:02:56
1661158976111678000,12.4,5,12.4,186,12.45,2922,2,2022-08-22 09:02:56
1661158976207462000,12.4,4,12.4,183,12.45,2922,2,2022-08-22 09:02:56
1661158976325635000,12.4,5,12.4,178,12.45,2922,2,2022-08-22 09:02:56
1661158976371161000,12.45,5,12.4,178,12.45,2917,1,2022-08-22 09:02:56
1661158976442700000,12.45,1,12.4,179,12.45,2916,1,2022-08-22 09:02:56
1661158976454154000,12.4,5,12.4,174,12.45,2916,2,2022-08-22 09:02:56
1661158976496000000,12.4,5,12.4,169,12.45,2916,2,2022-08-22 09:02:56
1661158976500204000,12.4,5,12.4,164,12.45,2916,2,2022-08-22 09:02:56
1661158976517310000,12.4,5,12.4,179,12.45,2917,2,2022-08-22 09:02:56
1661158976743268000,12.4,5,12.4,154,12.45,2916,2,2022-08-22 09:02:56
1661158976811191000,12.4,10,12.4,146,12.45,2916,2,2022-08-22 09:02:56
1661158976850986000,12.4,5,12.4,141,12.45,2916,2,2022-08-22 09:02:56
1661158976852231000,12.4,10,12.4,131,12.45,2916,2,2022-08-22 09:02:56
1661158976886985000,12.45,2,12.4,131,12.45,2914,1,2022-08-22 09:02:56
1661158976892723000,12.4,10,12.4,121,12.45,2914,2,2022-08-22 09:02:56
1661158976942568000,12.4,10,12.4,122,12.45,2914,2,2022-08-22 09:02:56
1661158977067189000,12.4,5,12.4,107,12.45,2914,2,2022-08-22 09:02:57
1661158977075863000,12.4,5,12.4,102,12.45,2914,2,2022-08-22 09:02:57
1661158977087829000,12.4,5,12.4,97,12.45,2914,2,2022-08-22 09:02:57
1661158977098233000,12.4,5,12.4,92,12.45,2914,2,2022-08-22 09:02:57
1661158977132587000,12.4,10,12.4,82,12.45,2914,2,2022-08-22 09:02:57
1661158977297846000,12.4,10,12.4,77,12.45,2914,2,2022-08-22 09:02:57
1661158977467597000,12.4,5,12.4,82,12.45,2914,2,2022-08-22 09:02:57
1661158977512789000,12.4,10,12.4,87,12.45,2914,2,2022-08-22 09:02:57
1661158977629074000,12.4,10,12.4,64,12.45,2914,2,2022-08-22 09:02:57
1661158977708514000,12.4,5,12.4,66,12.45,2914,2,2022-08-22 09:02:57
1661158977803177000,12.4,5,12.4,61,12.45,2914,2,2022-08-22 09:02:57
1661158977895895000,12.4,1,12.4,60,12.45,2914,2,2022-08-22 09:02:57
1661158977921021000,12.4,5,12.4,55,12.45,2914,2,2022-08-22 09:02:57
1661158977946226000,12.4,10,12.4,46,12.45,2914,2,2022-08-22 09:02:57
1661158978069267000,12.4,10,12.4,36,12.45,2914,2,2022-08-22 09:02:58
1661158978086249000,12.45,2,12.4,36,12.45,2912,1,2022-08-22 09:02:58
1661158978521204000,12.4,5,12.4,38,12.45,2922,2,2022-08-22 09:02:58
1661158978645951000,12.4,5,12.4,29,12.45,2922,2,2022-08-22 09:02:58
1661158978790054000,12.4,5,12.4,29,12.45,2912,2,2022-08-22 09:02:58
1661158979106735000,12.4,10,12.4,19,12.45,2912,2,2022-08-22 09:02:59
1661158979126419000,12.4,10,12.4,9,12.45,2912,2,2022-08-22 09:02:59
1661158979133555000,12.4,9,12.35,968,12.4,1,2,2022-08-22 09:02:59
1661158979379296000,12.4,26,12.4,74,12.45,2891,1,2022-08-22 09:02:59
1661158979380954000,12.4,5,12.4,69,12.45,2891,2,2022-08-22 09:02:59
1661158979409299000,12.4,69,12.35,873,12.45,2907,2,2022-08-22 09:02:59
1661158979489464000,12.45,1,12.35,868,12.45,2912,1,2022-08-22 09:02:59
1661158979664617000,12.45,2,12.35,868,12.45,2909,1,2022-08-22 09:02:59
1661158979726166000,12.4,3,12.35,868,12.45,2919,2,2022-08-22 09:02:59
1661158979730406000,12.45,3,12.35,868,12.45,2916,1,2022-08-22 09:02:59
1661158979733482000,12.45,1,12.35,868,12.45,2915,1,2022-08-22 09:02:59
1661158979747745000,12.45,57,12.35,865,12.45,2858,1,2022-08-22 09:02:59
1661158979998693000,12.4,10,12.4,10,12.45,2858,2,2022-08-22 09:02:59
1661158980293205000,12.4,2,12.35,944,12.45,2861,1,2022-08-22 09:03:00
1661158980302694000,12.45,2,12.35,944,12.45,2859,1,2022-08-22 09:03:00
1661158980410300000,12.4,6,12.35,934,12.45,2876,2,2022-08-22 09:03:00
1661158980885525000,12.4,10,12.4,99,12.45,2886,2,2022-08-22 09:03:00
1661158980911779000,12.4,99,12.35,932,12.45,2886,2,2022-08-22 09:03:00
1661158981097093000,12.45,2,12.4,1,12.45,2888,1,2022-08-22 09:03:01
1661158981304842000,12.4,4,12.35,883,12.45,2888,2,2022-08-22 09:03:01
1661158981304842000,12.35,50,12.35,883,12.45,2888,2,2022-08-22 09:03:01
1661158981390853000,12.4,90,12.35,884,12.45,2872,2,2022-08-22 09:03:01
1661158981855947000,12.4,2,12.35,886,12.4,3,1,2022-08-22 09:03:01
1661158982033072000,12.4,1,12.4,9,12.45,2867,1,2022-08-22 09:03:02
1661158982100005000,12.45,2,12.4,9,12.45,2886,1,2022-08-22 09:03:02
1661158982164490000,12.4,1,12.4,8,12.45,2886,2,2022-08-22 09:03:02
1661158983103205000,12.45,2,12.4,24,12.45,2884,1,2022-08-22 09:03:03
1661158983175313000,12.45,2,12.4,24,12.45,2878,1,2022-08-22 09:03:03
1661158983245696000,12.4,10,12.4,14,12.45,2878,2,2022-08-22 09:03:03
1661158983367737000,12.4,15,12.35,890,12.4,5,2,2022-08-22 09:03:03
1661158983493475000,12.4,3,12.35,911,12.4,15,1,2022-08-22 09:03:03
1661158983657246000,12.4,1,12.35,911,12.4,11,1,2022-08-22 09:03:03
1661158983685923000,12.4,11,12.4,1,12.45,2861,1,2022-08-22 09:03:03
1661158983801688000,12.45,1,12.35,912,12.45,2877,1,2022-08-22 09:03:03
1661158984023173000,12.35,71,12.35,841,12.45,2882,2,2022-08-22 09:03:04
1661158984106697000,12.45,2,12.35,837,12.45,2902,1,2022-08-22 09:03:04
1661158984308704000,12.4,3,12.35,841,12.45,2903,2,2022-08-22 09:03:04
1661158984316855000,12.45,10,12.35,841,12.45,2893,1,2022-08-22 09:03:04
1661158984389472000,12.4,1,12.4,11,12.45,2893,2,2022-08-22 09:03:04
1661158984540090000,12.4,4,12.4,7,12.45,2893,2,2022-08-22 09:03:04
1661158984910524000,12.45,2,12.4,14,12.45,2893,1,2022-08-22 09:03:04
1661158985073564000,12.45,5,12.4,14,12.45,2886,1,2022-08-22 09:03:05
1661158985149520000,12.45,3,12.4,14,12.45,2879,1,2022-08-22 09:03:05
1661158985731194000,12.4,3,12.4,85,12.45,2879,2,2022-08-22 09:03:05
1661158985845620000,12.45,3,12.4,85,12.45,2854,1,2022-08-22 09:03:05
1661158986114728000,12.45,2,12.4,107,12.45,2852,1,2022-08-22 09:03:06
1661158986148682000,12.4,1,12.4,106,12.45,2852,2,2022-08-22 09:03:06
1661158986202299000,12.4,2,12.4,104,12.45,2852,2,2022-08-22 09:03:06
1661158986490719000,12.45,3,12.4,110,12.45,2852,1,2022-08-22 09:03:06
1661158986553290000,12.45,7,12.4,110,12.45,2842,1,2022-08-22 09:03:06
1661158986809068000,12.4,22,12.4,96,12.45,2832,2,2022-08-22 09:03:06
1661158986920200000,12.45,2,12.4,106,12.45,2830,1,2022-08-22 09:03:06
1661158987440811000,12.45,1,12.4,108,12.45,2831,1,2022-08-22 09:03:07
1661158987579943000,12.45,9,12.4,108,12.45,2821,1,2022-08-22 09:03:07
1661158987699497000,12.45,1,12.4,164,12.45,2820,1,2022-08-22 09:03:07
1661158987718839000,12.45,2,12.4,164,12.45,2818,1,2022-08-22 09:03:07
1661158988598481000,12.45,9,12.4,168,12.45,2809,1,2022-08-22 09:03:08
1661158988598547000,12.4,1,12.4,167,12.45,2809,2,2022-08-22 09:03:08
1661158988702929000,12.4,5,12.4,163,12.45,2805,2,2022-08-22 09:03:08
1661158988929697000,12.45,2,12.4,169,12.45,2805,1,2022-08-22 09:03:08
1661158989614446000,12.45,9,12.4,203,12.45,2796,1,2022-08-22 09:03:09
1661158989726783000,12.4,1,12.4,202,12.45,2796,2,2022-08-22 09:03:09
1661158989913865000,12.4,10,12.4,202,12.45,2796,2,2022-08-22 09:03:09
1661158990132271000,12.45,2,12.4,193,12.45,2794,1,2022-08-22 09:03:10
1661158990418846000,12.45,1,12.4,205,12.45,2793,1,2022-08-22 09:03:10
1661158990443700000,12.4,1,12.4,204,12.45,2793,2,2022-08-22 09:03:10
1661158990463299000,12.45,3,12.4,204,12.45,2790,1,2022-08-22 09:03:10
1661158990629157000,12.45,9,12.4,205,12.45,2781,1,2022-08-22 09:03:10
1661158990988512000,12.4,22,12.4,195,12.45,2781,2,2022-08-22 09:03:10
1661158991134451000,12.45,2,12.4,195,12.45,2779,1,2022-08-22 09:03:11
1661158991648011000,12.45,1,12.4,201,12.45,2779,1,2022-08-22 09:03:11
1661158992221240000,12.45,1,12.4,204,12.45,2780,1,2022-08-22 09:03:12
1661158992333764000,12.45,2,12.4,209,12.45,2778,1,2022-08-22 09:03:12
1661158992446160000,12.4,1,12.4,228,12.45,2776,2,2022-08-22 09:03:12
1661158992556867000,12.45,1,12.4,233,12.45,2823,1,2022-08-22 09:03:12
1661158992969835000,12.45,1,12.4,240,12.45,2823,1,2022-08-22 09:03:12
1661158993137211000,12.45,2,12.4,246,12.45,2820,1,2022-08-22 09:03:13
1661158993397518000,12.45,35,12.4,266,12.45,2785,1,2022-08-22 09:03:13
1661158994089083000,12.4,1,12.4,318,12.45,2835,2,2022-08-22 09:03:14
1661158994143057000,12.45,2,12.4,318,12.45,2833,1,2022-08-22 09:03:14
1661158995118039000,12.4,1,12.4,324,12.45,2883,2,2022-08-22 09:03:15
1661158995147958000,12.45,2,12.4,326,12.45,2881,1,2022-08-22 09:03:15
1661158995167690000,12.45,1,12.4,326,12.45,2880,1,2022-08-22 09:03:15
1661158995557697000,12.4,2,12.4,327,12.45,2880,2,2022-08-22 09:03:15
1661158996150313000,12.45,2,12.4,326,12.45,2878,1,2022-08-22 09:03:16
1661158996344917000,12.45,2,12.4,326,12.45,2876,1,2022-08-22 09:03:16
1661158997048799000,12.4,50,12.4,311,12.45,2873,2,2022-08-22 09:03:17
1661158997054220000,12.45,10,12.4,316,12.45,2863,1,2022-08-22 09:03:17
1661158997141477000,12.45,2,12.4,323,12.45,2861,1,2022-08-22 09:03:17
1661158997250856000,12.45,1,12.4,579,12.45,2860,1,2022-08-22 09:03:17
1661158997473796000,12.45,1,12.4,585,12.45,2859,1,2022-08-22 09:03:17
1661158997487494000,12.45,2,12.4,585,12.45,2861,1,2022-08-22 09:03:17
1661158997617202000,12.45,1,12.4,588,12.45,2858,1,2022-08-22 09:03:17
1661158998134957000,12.45,2,12.4,589,12.45,2857,1,2022-08-22 09:03:18
1661158998292850000,12.45,1,12.4,589,12.45,2856,1,2022-08-22 09:03:18
1661158998821505000,12.45,3,12.4,592,12.45,2863,1,2022-08-22 09:03:18
1661158998932937000,12.45,1,12.4,602,12.45,2862,1,2022-08-22 09:03:18
1661158999128413000,12.45,2,12.4,603,12.45,2855,1,2022-08-22 09:03:19
1661159000042957000,12.4,10,12.4,607,12.45,2863,2,2022-08-22 09:03:20
1661159000065708000,12.45,2,12.4,607,12.45,2861,1,2022-08-22 09:03:20
1661159000126197000,12.45,2,12.4,607,12.45,2859,1,2022-08-22 09:03:20
1661159000233947000,12.4,4,12.4,603,12.45,2859,2,2022-08-22 09:03:20
1661159000354094000,12.45,1,12.4,606,12.45,2856,1,2022-08-22 09:03:20
1661159000924811000,12.45,2,12.4,624,12.45,3057,1,2022-08-22 09:03:20
1661159001176919000,12.4,2,12.4,622,12.45,3055,2,2022-08-22 09:03:21
1661159002113556000,12.45,2,12.4,631,12.45,3053,1,2022-08-22 09:03:22
1661159002436975000,12.45,2,12.4,722,12.45,3056,1,2022-08-22 09:03:22
1661159002757783000,12.4,4,12.4,719,12.45,3054,2,2022-08-22 09:03:22
1661159002911484000,12.45,2,12.4,719,12.45,3052,1,2022-08-22 09:03:22
1661159003332988000,12.45,5,12.4,738,12.45,3047,1,2022-08-22 09:03:23
1661159003336946000,12.45,3,12.4,738,12.45,3044,1,2022-08-22 09:03:23
1661159003408758000,12.4,1,12.4,738,12.45,3052,2,2022-08-22 09:03:23
1661159003639223000,12.45,10,12.4,737,12.45,3034,1,2022-08-22 09:03:23
1661159003899618000,12.4,2,12.4,735,12.45,3034,2,2022-08-22 09:03:23
1661159003906675000,12.45,2,12.4,735,12.45,3032,1,2022-08-22 09:03:23
1661159004739221000,12.45,4,12.4,774,12.45,3029,1,2022-08-22 09:03:24
1661159004909779000,12.45,2,12.4,874,12.45,3032,1,2022-08-22 09:03:24
1661159004928852000,12.45,6,12.4,874,12.45,3034,1,2022-08-22 09:03:24
1661159006106406000,12.45,2,12.4,939,12.45,3026,1,2022-08-22 09:03:26
1661159006899035000,12.45,2,12.4,951,12.45,3025,1,2022-08-22 09:03:26
1661159007080566000,12.4,50,12.4,910,12.45,3025,2,2022-08-22 09:03:27
1661159007584216000,12.45,1,12.4,943,12.45,3026,1,2022-08-22 09:03:27
1661159007698095000,12.45,2,12.4,945,12.45,3024,1,2022-08-22 09:03:27
1661159007882979000,12.45,1,12.4,947,12.45,3024,1,2022-08-22 09:03:27
1661159008190778000,12.45,20,12.4,948,12.45,3003,1,2022-08-22 09:03:28
1661159008301729000,12.45,1,12.4,948,12.45,3003,1,2022-08-22 09:03:28
1661159008697196000,12.45,2,12.4,948,12.45,3001,1,2022-08-22 09:03:28
1661159008962798000,12.45,1,12.4,949,12.45,3001,1,2022-08-22 09:03:28
1661159009734391000,12.4,10,12.4,945,12.45,3001,2,2022-08-22 09:03:29
1661159009902609000,12.45,2,12.4,946,12.45,2999,1,2022-08-22 09:03:29
1661159010048104000,12.45,2,12.4,947,12.45,2997,1,2022-08-22 09:03:30
1661159010139495000,12.4,5,12.4,942,12.45,2997,2,2022-08-22 09:03:30
1661159010296889000,12.45,2,12.4,944,12.45,2995,1,2022-08-22 09:03:30
1661159010361301000,12.45,1,12.4,955,12.45,2995,1,2022-08-22 09:03:30
1661159010524035000,12.45,20,12.4,955,12.45,2974,1,2022-08-22 09:03:30
1661159010900051000,12.45,2,12.4,978,12.45,2977,1,2022-08-22 09:03:30
1661159010931612000,12.45,50,12.4,978,12.45,2977,1,2022-08-22 09:03:30
1661159011392678000,12.45,2,12.4,979,12.45,2925,1,2022-08-22 09:03:31
1661159011402218000,12.4,2,12.4,977,12.45,2925,2,2022-08-22 09:03:31
1661159011895512000,12.45,2,12.4,981,12.45,2923,1,2022-08-22 09:03:31
1661159012112297000,12.45,2,12.4,981,12.45,2921,1,2022-08-22 09:03:32
1661159012894203000,12.45,2,12.4,993,12.45,2924,1,2022-08-22 09:03:32
1661159013892992000,12.45,2,12.4,1029,12.45,2921,1,2022-08-22 09:03:33
1661159014060901000,12.45,3,12.4,1029,12.45,2916,1,2022-08-22 09:03:34
1661159014723777000,12.45,3,12.4,1028,12.45,2917,1,2022-08-22 09:03:34
1661159014727548000,12.45,10,12.4,1028,12.45,2907,1,2022-08-22 09:03:34
1661159014777656000,12.45,10,12.4,1028,12.45,2920,1,2022-08-22 09:03:34
1661159015088010000,12.45,2,12.4,1028,12.45,2895,1,2022-08-22 09:03:35
1661159015226482000,12.45,5,12.4,1029,12.45,2890,1,2022-08-22 09:03:35
1661159015784337000,12.45,5,12.4,1029,12.45,2945,1,2022-08-22 09:03:35
1661159015812219000,12.4,1,12.4,1029,12.45,2950,2,2022-08-22 09:03:35
1661159015964550000,12.45,1,12.4,1028,12.45,2944,1,2022-08-22 09:03:35
1661159016075712000,12.45,1,12.4,1028,12.45,2943,1,2022-08-22 09:03:36
1661159016088119000,12.45,2,12.4,1028,12.45,2941,1,2022-08-22 09:03:36
1661159016402505000,12.45,5,12.4,1032,12.45,2941,1,2022-08-22 09:03:36
1661159016455781000,12.45,6,12.4,1032,12.45,2930,1,2022-08-22 09:03:36
1661159016661078000,12.45,2,12.4,1037,12.45,2912,1,2022-08-22 09:03:36
1661159016709104000,12.45,1,12.4,1038,12.45,2911,1,2022-08-22 09:03:36
1661159017087348000,12.45,2,12.4,1039,12.45,2914,1,2022-08-22 09:03:37
1661159017115957000,12.45,10,12.4,1039,12.45,2904,1,2022-08-22 09:03:37
1661159017120094000,12.4,5,12.4,1034,12.45,2904,2,2022-08-22 09:03:37
1661159017930393000,12.45,10,12.4,1042,12.45,2890,1,2022-08-22 09:03:37
1661159018088179000,12.45,2,12.4,1042,12.45,2888,1,2022-08-22 09:03:38
1661159018285286000,12.45,2,12.4,1042,12.45,2886,1,2022-08-22 09:03:38
1661159018889911000,12.45,2,12.4,1142,12.45,2893,1,2022-08-22 09:03:38
1661159018948192000,12.45,1,12.4,1142,12.45,2890,1,2022-08-22 09:03:38
1661159019854409000,12.4,3,12.4,1200,12.45,2890,2,2022-08-22 09:03:39
1661159019883701000,12.45,1,12.4,1200,12.45,2889,1,2022-08-22 09:03:39
1661159019889425000,12.45,2,12.4,1203,12.45,2890,1,2022-08-22 09:03:39
1661159020029244000,12.45,9,12.4,1200,12.45,2878,1,2022-08-22 09:03:40
1661159020102319000,12.45,5,12.4,1200,12.45,2873,1,2022-08-22 09:03:40
1661159020163663000,12.4,22,12.4,1183,12.45,2873,2,2022-08-22 09:03:40
1661159020198013000,12.4,1,12.4,1182,12.45,2873,2,2022-08-22 09:03:40
1661159020258027000,12.4,2,12.4,1205,12.45,2873,2,2022-08-22 09:03:40
1661159020887614000,12.45,2,12.4,1181,12.45,2873,1,2022-08-22 09:03:40
1661159021435645000,12.45,1,12.4,1181,12.45,2870,1,2022-08-22 09:03:41
1661159021761978000,12.45,20,12.4,1181,12.45,2850,1,2022-08-22 09:03:41
1661159022065214000,12.45,9,12.4,1191,12.45,2841,1,2022-08-22 09:03:42
1661159022088190000,12.45,2,12.4,1191,12.45,2839,1,2022-08-22 09:03:42
1661159022185577000,12.45,2,12.4,1195,12.45,2842,1,2022-08-22 09:03:42
1661159022802555000,12.45,5,12.4,1194,12.45,2837,1,2022-08-22 09:03:42
1661159022891397000,12.45,2,12.4,1194,12.45,2842,1,2022-08-22 09:03:42
1661159023081412000,12.45,9,12.4,1195,12.45,2827,1,2022-08-22 09:03:43
1661159023891630000,12.45,2,12.4,1195,12.45,2826,1,2022-08-22 09:03:43
1661159023978730000,12.45,10,12.4,1195,12.45,2816,1,2022-08-22 09:03:43
1661159024029904000,12.4,66,12.4,1129,12.45,2816,2,2022-08-22 09:03:44
1661159024098124000,12.45,9,12.4,1129,12.45,2807,1,2022-08-22 09:03:44
1661159024640523000,12.4,5,12.4,1126,12.45,2807,2,2022-08-22 09:03:44
1661159024891862000,12.45,2,12.4,1146,12.45,2805,1,2022-08-22 09:03:44
1661159025115075000,12.45,9,12.4,1147,12.45,2796,1,2022-08-22 09:03:45
1661159025508901000,12.45,2,12.4,1145,12.45,2794,1,2022-08-22 09:03:45
1661159025620501000,12.45,2,12.4,1151,12.45,2794,1,2022-08-22 09:03:45
1661159025889468000,12.45,2,12.4,1151,12.45,2791,1,2022-08-22 09:03:45
1661159025943548000,12.45,1,12.4,1151,12.45,2790,1,2022-08-22 09:03:45
1661159025992774000,12.45,15,12.4,1151,12.45,2775,1,2022-08-22 09:03:45
1661159026136914000,12.45,9,12.4,1155,12.45,2766,1,2022-08-22 09:03:46
1661159026361792000,12.45,2,12.4,1155,12.45,2778,1,2022-08-22 09:03:46
1661159026491336000,12.45,5,12.4,1155,12.45,2767,1,2022-08-22 09:03:46
1661159026568618000,12.45,5,12.4,1155,12.45,2762,1,2022-08-22 09:03:46
1661159026571588000,12.45,49,12.4,1155,12.45,2713,1,2022-08-22 09:03:46
1661159026575061000,12.45,2,12.4,1153,12.45,2711,1,2022-08-22 09:03:46
1661159026577689000,12.45,1,12.4,1152,12.45,2710,1,2022-08-22 09:03:46
1661159026579920000,12.45,1,12.4,1151,12.45,2709,1,2022-08-22 09:03:46
1661159026585057000,12.4,45,12.4,1106,12.45,2709,2,2022-08-22 09:03:46
1661159026744193000,12.45,3,12.4,1126,12.45,2706,1,2022-08-22 09:03:46
1661159026893149000,12.45,2,12.4,1122,12.45,2724,1,2022-08-22 09:03:46
1661159027303440000,12.4,20,12.4,1102,12.45,2733,2,2022-08-22 09:03:47
1661159027710834000,12.45,1,12.4,1119,12.45,2733,1,2022-08-22 09:03:47
1661159027890265000,12.45,2,12.4,1119,12.45,2735,1,2022-08-22 09:03:47
1661159028307283000,12.45,5,12.4,1114,12.45,2878,1,2022-08-22 09:03:48
1661159028692795000,12.45,2,12.4,1126,12.45,2878,1,2022-08-22 09:03:48
1661159029190529000,12.45,9,12.4,1129,12.45,2867,1,2022-08-22 09:03:49
1661159029692363000,12.45,2,12.4,1130,12.45,2867,1,2022-08-22 09:03:49
1661159029996955000,12.45,5,12.4,1130,12.45,2860,1,2022-08-22 09:03:49
1661159030206576000,12.45,9,12.4,1131,12.45,2860,1,2022-08-22 09:03:50
1661159030497016000,12.45,20,12.4,1141,12.45,2831,1,2022-08-22 09:03:50
1661159030895174000,12.45,2,12.4,1142,12.45,2829,1,2022-08-22 09:03:50
1661159031193006000,12.4,1,12.4,1144,12.45,2829,2,2022-08-22 09:03:51
1661159031222835000,12.45,9,12.4,1144,12.45,2820,1,2022-08-22 09:03:51
1661159031352240000,12.45,1,12.4,1140,12.45,2819,1,2022-08-22 09:03:51
1661159031358631000,12.4,50,12.4,1140,12.45,2820,2,2022-08-22 09:03:51
1661159031651830000,12.45,1,12.4,1091,12.45,2818,1,2022-08-22 09:03:51
1661159031890799000,12.4,10,12.4,1083,12.45,2818,2,2022-08-22 09:03:51
1661159031897605000,12.45,2,12.4,1083,12.45,2816,1,2022-08-22 09:03:51
1661159032237447000,12.45,1,12.4,1090,12.45,2815,1,2022-08-22 09:03:52
1661159032239292000,12.45,9,12.4,1090,12.45,2816,1,2022-08-22 09:03:52
1661159032404589000,12.4,1,12.4,1089,12.45,2805,2,2022-08-22 09:03:52
1661159032898161000,12.45,2,12.4,1091,12.45,2805,1,2022-08-22 09:03:52
1661159033256065000,12.45,9,12.4,1094,12.45,2796,1,2022-08-22 09:03:53
1661159033552330000,12.45,5,12.4,1108,12.45,2793,1,2022-08-22 09:03:53
1661159033585352000,12.4,10,12.4,1098,12.45,2793,2,2022-08-22 09:03:53
1661159033896991000,12.45,2,12.4,1102,12.45,2791,1,2022-08-22 09:03:53
1661159033971360000,12.45,1,12.4,1102,12.45,2790,1,2022-08-22 09:03:53
1661159033993842000,12.45,1,12.4,1102,12.45,2789,1,2022-08-22 09:03:53
1661159034272824000,12.45,9,12.4,1102,12.45,2789,1,2022-08-22 09:03:54
1661159034893703000,12.45,20,12.4,1104,12.45,2760,1,2022-08-22 09:03:54
1661159034897274000,12.45,2,12.4,1104,12.45,2758,1,2022-08-22 09:03:54
1661159034949933000,12.45,1,12.4,1108,12.45,2757,1,2022-08-22 09:03:54
1661159035219680000,12.45,10,12.4,1113,12.45,2747,1,2022-08-22 09:03:55
1661159035291112000,12.45,9,12.4,1113,12.45,2739,1,2022-08-22 09:03:55
1661159035432663000,12.45,1,12.4,1120,12.45,2738,1,2022-08-22 09:03:55
1661159035898049000,12.45,2,12.4,1121,12.45,2737,1,2022-08-22 09:03:55
1661159036215008000,12.45,10,12.4,1121,12.45,2727,1,2022-08-22 09:03:56
1661159036309413000,12.45,9,12.4,1121,12.45,2722,1,2022-08-22 09:03:56
1661159036900145000,12.45,2,12.4,1121,12.45,2712,1,2022-08-22 09:03:56
1661159037173487000,12.4,2,12.4,1121,12.45,2723,2,2022-08-22 09:03:57
1661159037235136000,12.45,1,12.4,1121,12.45,2722,1,2022-08-22 09:03:57
1661159037326207000,12.45,9,12.4,1121,12.45,2713,1,2022-08-22 09:03:57
1661159037717428000,12.45,20,12.4,1125,12.45,2694,1,2022-08-22 09:03:57
1661159037905469000,12.45,2,12.4,1125,12.45,2692,1,2022-08-22 09:03:57
1661159038680371000,12.4,4,12.4,1126,12.45,2693,2,2022-08-22 09:03:58
1661159038907053000,12.45,2,12.4,1130,12.45,2691,1,2022-08-22 09:03:58
1661159039249835000,12.45,1,12.4,1125,12.45,2691,1,2022-08-22 09:03:59
1661159040104612000,12.45,2,12.4,1130,12.45,2690,1,2022-08-22 09:04:00
1661159040381339000,12.45,5,12.4,1125,12.45,2785,1,2022-08-22 09:04:00
1661159040402630000,12.45,30,12.4,1125,12.45,2755,1,2022-08-22 09:04:00
1661159040806717000,12.45,7,12.4,1125,12.45,2760,1,2022-08-22 09:04:00
1661159040908400000,12.45,2,12.4,1125,12.45,2751,1,2022-08-22 09:04:00
1661159040965906000,12.45,1,12.4,1125,12.45,2750,1,2022-08-22 09:04:00
1661159041083638000,12.45,1,12.4,1127,12.45,2749,1,2022-08-22 09:04:01
1661159041143614000,12.45,1,12.4,1127,12.45,2748,1,2022-08-22 09:04:01
1661159041242160000,12.45,1,12.4,1127,12.45,2747,1,2022-08-22 09:04:01
1661159042013549000,12.45,10,12.4,1132,12.45,2747,1,2022-08-22 09:04:02
1661159042017022000,12.45,2,12.4,1132,12.45,2745,1,2022-08-22 09:04:02
1661159042107574000,12.45,2,12.4,1132,12.45,2743,1,2022-08-22 09:04:02
1661159042902631000,12.45,1,12.4,1146,12.45,2747,1,2022-08-22 09:04:02
1661159042913180000,12.45,2,12.4,1146,12.45,2745,1,2022-08-22 09:04:02
1661159043713962000,12.45,2,12.4,1146,12.45,2744,1,2022-08-22 09:04:03
1661159043765252000,12.45,30,12.4,1146,12.45,2714,1,2022-08-22 09:04:03
1661159044491527000,12.45,1,12.4,1161,12.45,2717,1,2022-08-22 09:04:04
1661159044873162000,12.45,4,12.4,1168,12.45,2719,1,2022-08-22 09:04:04
1661159044913350000,12.45,2,12.4,1168,12.45,2717,1,2022-08-22 09:04:04
1661159045269414000,12.45,1,12.4,1166,12.45,2715,1,2022-08-22 09:04:05
1661159045362226000,12.45,3,12.4,1169,12.45,2715,1,2022-08-22 09:04:05
1661159045915805000,12.45,2,12.4,1177,12.45,2710,1,2022-08-22 09:04:05
1661159046345324000,12.45,5,12.4,1187,12.45,2713,1,2022-08-22 09:04:06
1661159046890895000,12.4,100,12.4,1118,12.45,2715,2,2022-08-22 09:04:06
1661159046918996000,12.45,2,12.4,1118,12.45,2713,1,2022-08-22 09:04:06
1661159046927977000,12.4,18,12.4,1100,12.45,2713,2,2022-08-22 09:04:06
1661159046928216000,12.4,12,12.4,1088,12.45,2713,2,2022-08-22 09:04:06
1661159046967729000,12.45,5,12.4,1088,12.45,2708,1,2022-08-22 09:04:06
1661159047289662000,12.4,4,12.4,1088,12.45,2708,2,2022-08-22 09:04:07
1661159047338830000,12.45,2,12.4,1090,12.45,2708,1,2022-08-22 09:04:07
1661159047382013000,12.45,6,12.4,1090,12.45,2700,1,2022-08-22 09:04:07
1661159047868821000,12.45,1,12.4,1090,12.45,2699,1,2022-08-22 09:04:07
1661159047918797000,12.45,2,12.4,1090,12.45,2697,1,2022-08-22 09:04:07
1661159048056180000,12.45,2,12.4,1090,12.45,2695,1,2022-08-22 09:04:08
1661159048122345000,12.45,5,12.4,1090,12.45,2690,1,2022-08-22 09:04:08
1661159048339659000,12.45,1,12.4,1090,12.45,2689,1,2022-08-22 09:04:08
1661159048367483000,12.45,2,12.4,1090,12.45,2687,1,2022-08-22 09:04:08
1661159048646899000,12.45,10,12.4,1090,12.45,2677,1,2022-08-22 09:04:08
1661159048795563000,12.45,2,12.4,1090,12.45,2675,1,2022-08-22 09:04:08
1661159048922270000,12.45,2,12.4,1090,12.45,2673,1,2022-08-22 09:04:08
1661159049018870000,12.45,3,12.4,1090,12.45,2670,1,2022-08-22 09:04:09
1661159049404411000,12.45,5,12.4,1091,12.45,2666,1,2022-08-22 09:04:09
1661159049724151000,12.45,2,12.4,1091,12.45,2664,1,2022-08-22 09:04:09
1661159050922110000,12.45,2,12.4,1091,12.45,2667,1,2022-08-22 09:04:10
1661159051008752000,12.45,1,12.4,1091,12.45,2666,1,2022-08-22 09:04:11
1661159051552857000,12.45,79,12.4,1096,12.45,2605,1,2022-08-22 09:04:11
1661159051922794000,12.45,2,12.4,1105,12.45,2605,1,2022-08-22 09:04:11
1661159052220184000,12.45,1,12.4,1105,12.45,2604,1,2022-08-22 09:04:12
1661159052351884000,12.45,20,12.4,1105,12.45,2607,1,2022-08-22 09:04:12
1661159052888629000,12.45,2,12.4,1117,12.45,2582,1,2022-08-22 09:04:12
1661159052923305000,12.45,2,12.4,1117,12.45,2580,1,2022-08-22 09:04:12
1661159053037350000,12.45,5,12.4,1119,12.45,2580,1,2022-08-22 09:04:13
1661159053473141000,12.45,5,12.4,1119,12.45,2570,1,2022-08-22 09:04:13
1661159053571339000,12.45,1,12.4,1119,12.45,2569,1,2022-08-22 09:04:13
1661159053926925000,12.45,2,12.4,1120,12.45,2627,1,2022-08-22 09:04:13
1661159054576714000,12.4,1,12.4,1119,12.45,2627,2,2022-08-22 09:04:14
1661159054929361000,12.45,2,12.4,1118,12.45,2625,1,2022-08-22 09:04:14
1661159055125194000,12.4,1,12.4,1128,12.45,2625,2,2022-08-22 09:04:15
1661159055424245000,12.45,15,12.4,1138,12.45,2610,1,2022-08-22 09:04:15
1661159055496618000,12.45,2,12.4,1138,12.45,2608,1,2022-08-22 09:04:15
1661159055589414000,12.45,10,12.4,1138,12.45,2598,1,2022-08-22 09:04:15
1661159055930355000,12.45,2,12.4,1139,12.45,2596,1,2022-08-22 09:04:15
1661159056460870000,12.45,1,12.4,1139,12.45,2595,1,2022-08-22 09:04:16
1661159056930330000,12.45,2,12.4,1139,12.45,2593,1,2022-08-22 09:04:16
1661159057107733000,12.45,1,12.4,1139,12.45,2592,1,2022-08-22 09:04:17
1661159057180627000,12.45,1,12.4,1139,12.45,2591,1,2022-08-22 09:04:17
1661159057241834000,12.45,2,12.4,1139,12.45,2589,1,2022-08-22 09:04:17
1661159057572332000,12.45,1,12.4,1141,12.45,2588,1,2022-08-22 09:04:17
1661159057932583000,12.45,2,12.4,1141,12.45,2587,1,2022-08-22 09:04:17
1661159058037148000,12.45,2,12.4,1141,12.45,2585,1,2022-08-22 09:04:18
1661159058567297000,12.45,1,12.4,1143,12.45,2586,1,2022-08-22 09:04:18
1661159058735039000,12.45,2,12.4,1143,12.45,2584,1,2022-08-22 09:04:18
1661159059073941000,12.45,2,12.4,1144,12.45,2582,1,2022-08-22 09:04:19
1661159059716133000,12.45,1,12.4,1147,12.45,2579,1,2022-08-22 09:04:19
1661159059734012000,12.45,2,12.4,1147,12.45,2577,1,2022-08-22 09:04:19
1661159059745913000,12.45,10,12.4,1147,12.45,2580,1,2022-08-22 09:04:19
1661159060084160000,12.45,1,12.4,1136,12.45,2566,1,2022-08-22 09:04:20
1661159060223896000,12.45,1,12.4,1136,12.45,2565,1,2022-08-22 09:04:20
1661159060590322000,12.45,1,12.4,1137,12.45,2564,1,2022-08-22 09:04:20
1661159060782343000,12.45,10,12.4,1136,12.45,2554,1,2022-08-22 09:04:20
1661159060943021000,12.45,2,12.4,1136,12.45,2552,1,2022-08-22 09:04:20
1661159061734207000,12.45,2,12.4,1136,12.45,2550,1,2022-08-22 09:04:21
1661159061937818000,12.45,2,12.4,1136,12.45,2548,1,2022-08-22 09:04:21
1661159062298590000,12.45,1,12.4,1131,12.45,2548,1,2022-08-22 09:04:22
1661159062376945000,12.4,2,12.4,1129,12.45,2545,2,2022-08-22 09:04:22
1661159062381798000,12.45,2,12.4,1129,12.45,2543,1,2022-08-22 09:04:22
1661159062821194000,12.45,1,12.4,1129,12.45,2545,1,2022-08-22 09:04:22
1661159062941197000,12.45,2,12.4,1128,12.45,2543,1,2022-08-22 09:04:22
1661159063482477000,12.45,1,12.4,1127,12.45,2542,1,2022-08-22 09:04:23
1661159063934934000,12.45,150,12.4,1128,12.45,2492,1,2022-08-22 09:04:23
1661159063941615000,12.45,2,12.4,1128,12.45,2490,1,2022-08-22 09:04:23
1661159064687726000,12.45,2,12.4,1136,12.45,2488,1,2022-08-22 09:04:24
1661159064742702000,12.45,2,12.4,1136,12.45,2486,1,2022-08-22 09:04:24
1661159064869571000,12.45,10,12.4,1137,12.45,2476,1,2022-08-22 09:04:24
1661159064952984000,12.45,1,12.4,1137,12.45,2475,1,2022-08-22 09:04:24
1661159065376811000,12.4,1,12.4,1136,12.45,2485,2,2022-08-22 09:04:25
1661159065561293000,12.45,2,12.4,1140,12.45,2483,1,2022-08-22 09:04:25
1661159065777538000,12.45,5,12.4,1140,12.45,2484,1,2022-08-22 09:04:25
1661159065952504000,12.45,2,12.4,1140,12.45,2477,1,2022-08-22 09:04:25
1661159066052944000,12.45,5,12.4,1140,12.45,2472,1,2022-08-22 09:04:26
1661159066063815000,12.45,1,12.4,1139,12.45,2471,1,2022-08-22 09:04:26
1661159066844814000,12.45,10,12.4,1135,12.45,2541,1,2022-08-22 09:04:26
1661159066918993000,12.45,3,12.4,1135,12.45,2528,1,2022-08-22 09:04:26
1661159066947495000,12.45,2,12.4,1135,12.45,2526,1,2022-08-22 09:04:26
1661159067704453000,12.45,1,12.4,1135,12.45,2526,1,2022-08-22 09:04:27
1661159067929006000,12.4,10,12.4,1125,12.45,2526,2,2022-08-22 09:04:27
1661159067956106000,12.45,2,12.4,1125,12.45,2524,1,2022-08-22 09:04:27
1661159068029043000,12.45,1,12.4,1145,12.45,2523,1,2022-08-22 09:04:28
1661159068786052000,12.4,2,12.4,1155,12.45,2523,2,2022-08-22 09:04:28
1661159068958299000,12.45,2,12.4,1153,12.45,2519,1,2022-08-22 09:04:28
1661159068988442000,12.45,2,12.4,1153,12.45,2517,1,2022-08-22 09:04:28
1661159069054921000,12.4,2,12.4,1151,12.45,2517,2,2022-08-22 09:04:29
1661159069546211000,12.45,1,12.4,1151,12.45,2516,1,2022-08-22 09:04:29
1661159069953967000,12.45,2,12.4,1152,12.45,2514,1,2022-08-22 09:04:29
1661159070232225000,12.45,10,12.4,1152,12.45,2514,1,2022-08-22 09:04:30
1661159070757037000,12.45,2,12.4,1152,12.45,2504,1,2022-08-22 09:04:30
1661159071173567000,12.45,6,12.4,1158,12.45,2502,1,2022-08-22 09:04:31
1661159072163968000,12.45,2,12.4,1158,12.45,2495,1,2022-08-22 09:04:32
1661159072258097000,12.45,240,12.4,1158,12.45,2255,1,2022-08-22 09:04:32
1661159072497934000,12.45,10,12.4,1162,12.45,2245,1,2022-08-22 09:04:32
1661159072967587000,12.45,2,12.4,1162,12.45,2244,1,2022-08-22 09:04:32
1661159073018803000,12.45,3,12.4,1162,12.45,2241,1,2022-08-22 09:04:33
1661159073355992000,12.45,5,12.4,1163,12.45,2236,1,2022-08-22 09:04:33
1661159073595313000,12.45,10,12.4,1166,12.45,2226,1,2022-08-22 09:04:33
1661159073619580000,12.45,2,12.4,1166,12.45,2224,1,2022-08-22 09:04:33
1661159073799376000,12.4,10,12.4,1166,12.45,2229,2,2022-08-22 09:04:33
1661159073871718000,12.45,1,12.4,1156,12.45,2228,1,2022-08-22 09:04:33
1661159073923284000,12.45,1,12.4,1156,12.45,2227,1,2022-08-22 09:04:33
1661159073926438000,12.45,1,12.4,1155,12.45,2226,1,2022-08-22 09:04:33
1661159073968268000,12.45,2,12.4,1155,12.45,2224,1,2022-08-22 09:04:33
1661159074050213000,12.45,1,12.4,1155,12.45,2226,1,2022-08-22 09:04:34
1661159074640604000,12.45,50,12.4,1155,12.45,2178,1,2022-08-22 09:04:34
1661159074701504000,12.45,2,12.4,1155,12.45,2176,1,2022-08-22 09:04:34
1661159074771825000,12.45,2,12.4,1155,12.45,2174,1,2022-08-22 09:04:34
1661159074857191000,12.45,1,12.4,1155,12.45,2177,1,2022-08-22 09:04:34
1661159075316875000,12.45,1,12.4,1167,12.45,2176,1,2022-08-22 09:04:35
1661159075350212000,12.45,2,12.4,1167,12.45,2177,1,2022-08-22 09:04:35
1661159075390092000,12.45,1,12.4,1167,12.45,2173,1,2022-08-22 09:04:35
1661159075742956000,12.45,1,12.4,1167,12.45,2172,1,2022-08-22 09:04:35
1661159075971945000,12.45,2,12.4,1175,12.45,2171,1,2022-08-22 09:04:35
1661159076350250000,12.4,1,12.4,1175,12.45,2172,2,2022-08-22 09:04:36
1661159076468190000,12.45,5,12.4,1174,12.45,2168,1,2022-08-22 09:04:36
1661159076928652000,12.45,1,12.4,1169,12.45,2182,1,2022-08-22 09:04:36
1661159076971544000,12.45,2,12.4,1169,12.45,2188,1,2022-08-22 09:04:36
1661159077179064000,12.45,50,12.4,1169,12.45,2143,1,2022-08-22 09:04:37
1661159077274451000,12.45,5,12.4,1169,12.45,2238,1,2022-08-22 09:04:37
1661159077973360000,12.45,2,12.4,1165,12.45,2256,1,2022-08-22 09:04:37
1661159078016782000,12.45,8,12.4,1165,12.45,2247,1,2022-08-22 09:04:38
1661159078031593000,12.45,3,12.4,1165,12.45,2244,1,2022-08-22 09:04:38
1661159078121917000,12.45,50,12.4,1165,12.45,2243,1,2022-08-22 09:04:38
1661159078554683000,12.45,1,12.4,1164,12.45,2207,1,2022-08-22 09:04:38
1661159078767396000,12.4,6,12.4,1158,12.45,2212,2,2022-08-22 09:04:38
1661159078804824000,12.45,1,12.4,1158,12.45,2217,1,2022-08-22 09:04:38
1661159078976335000,12.45,2,12.4,1158,12.45,2215,1,2022-08-22 09:04:38
1661159079022776000,12.45,1,12.4,1158,12.45,2214,1,2022-08-22 09:04:39
1661159079088639000,12.4,5,12.4,1153,12.45,2214,2,2022-08-22 09:04:39
1661159079771319000,12.45,2,12.4,1154,12.45,2212,1,2022-08-22 09:04:39
1661159079955005000,12.4,1,12.4,1161,12.45,2212,2,2022-08-22 09:04:39
1661159080111515000,12.45,5,12.4,1161,12.45,2217,1,2022-08-22 09:04:40
1661159080597599000,12.45,1,12.4,1161,12.45,2211,1,2022-08-22 09:04:40
1661159080676644000,12.45,1,12.4,1161,12.45,2210,1,2022-08-22 09:04:40
1661159080976922000,12.45,2,12.4,1161,12.45,2228,1,2022-08-22 09:04:40
1661159081115674000,12.4,1,12.4,1160,12.45,2228,2,2022-08-22 09:04:41
1661159081166033000,12.45,2,12.4,1161,12.45,2230,1,2022-08-22 09:04:41
1661159081555112000,12.45,5,12.4,1162,12.45,2231,1,2022-08-22 09:04:41
1661159081573831000,12.45,1,12.4,1162,12.45,2230,1,2022-08-22 09:04:41
1661159081809665000,12.45,1,12.4,1164,12.45,2230,1,2022-08-22 09:04:41
1661159081903058000,12.45,1,12.4,1165,12.45,2229,1,2022-08-22 09:04:41
1661159081980024000,12.45,2,12.4,1165,12.45,2227,1,2022-08-22 09:04:41
1661159082979822000,12.45,2,12.4,1169,12.45,2226,1,2022-08-22 09:04:42
1661159083760081000,12.45,10,12.4,1170,12.45,2231,1,2022-08-22 09:04:43
1661159083792238000,12.45,1,12.4,1170,12.45,2230,1,2022-08-22 09:04:43
1661159083982663000,12.45,2,12.4,1170,12.45,2231,1,2022-08-22 09:04:43
1661159084183906000,12.45,1,12.4,1170,12.45,2230,1,2022-08-22 09:04:44
1661159085190367000,12.45,2,12.4,1251,12.45,2233,1,2022-08-22 09:04:45
1661159085316055000,12.45,1,12.4,1251,12.45,2235,1,2022-08-22 09:04:45
1661159085469685000,12.4,1,12.4,1249,12.45,2232,2,2022-08-22 09:04:45
1661159085557494000,12.45,1,12.4,1249,12.45,2231,1,2022-08-22 09:04:45
1661159085985751000,12.45,2,12.4,1299,12.45,2230,1,2022-08-22 09:04:45
1661159085995426000,12.45,1,12.4,1299,12.45,2229,1,2022-08-22 09:04:45
1661159086235371000,12.45,1,12.4,1304,12.45,2235,1,2022-08-22 09:04:46
1661159086987992000,12.45,2,12.4,1305,12.45,2234,1,2022-08-22 09:04:46
1661159087166501000,12.45,10,12.4,1305,12.45,2236,1,2022-08-22 09:04:47
1661159087989665000,12.45,2,12.4,1315,12.45,2224,1,2022-08-22 09:04:47
1661159088050377000,12.45,50,12.4,1315,12.45,2174,1,2022-08-22 09:04:48
1661159088496620000,12.45,8,12.4,1319,12.45,2172,1,2022-08-22 09:04:48
1661159088956954000,12.45,1,12.4,1320,12.45,2171,1,2022-08-22 09:04:48
1661159088992285000,12.45,2,12.4,1320,12.45,2169,1,2022-08-22 09:04:48
1661159089021301000,12.45,1,12.4,1320,12.45,2168,1,2022-08-22 09:04:49
1661159089657045000,12.45,1,12.4,1330,12.45,2172,1,2022-08-22 09:04:49
1661159089946477000,12.45,2,12.4,1330,12.45,2172,1,2022-08-22 09:04:49
1661159089994329000,12.45,2,12.4,1330,12.45,2170,1,2022-08-22 09:04:49
1661159090352235000,12.45,3,12.4,1330,12.45,2174,1,2022-08-22 09:04:50
1661159090708351000,12.45,1,12.4,1326,12.45,2167,1,2022-08-22 09:04:50
1661159090799068000,12.45,2,12.4,1326,12.45,2165,1,2022-08-22 09:04:50
1661159091156184000,12.45,2,12.4,1332,12.45,2163,1,2022-08-22 09:04:51
1661159091530943000,12.45,2,12.4,1332,12.45,2165,1,2022-08-22 09:04:51
1661159092004947000,12.45,2,12.4,1334,12.45,2163,1,2022-08-22 09:04:52
1661159092249421000,12.45,1,12.4,1334,12.45,2165,1,2022-08-22 09:04:52
1661159092657887000,12.4,5,12.4,1329,12.45,2162,2,2022-08-22 09:04:52
1661159092844565000,12.4,10,12.4,1319,12.45,2162,2,2022-08-22 09:04:52
1661159092999911000,12.45,2,12.4,1319,12.45,2160,1,2022-08-22 09:04:52
1661159093257246000,12.45,1,12.4,1319,12.45,2159,1,2022-08-22 09:04:53
1661159093514350000,12.45,1,12.4,1319,12.45,2158,1,2022-08-22 09:04:53
1661159093600583000,12.45,1,12.4,1319,12.45,2157,1,2022-08-22 09:04:53
1661159094003704000,12.45,2,12.4,1319,12.45,2155,1,2022-08-22 09:04:54
1661159094232510000,12.45,1,12.4,1334,12.45,2155,1,2022-08-22 09:04:54
1661159094392347000,12.45,4,12.4,1334,12.45,2150,1,2022-08-22 09:04:54
1661159094971223000,12.45,6,12.4,1334,12.45,2144,1,2022-08-22 09:04:54
1661159095004801000,12.45,2,12.4,1334,12.45,2142,1,2022-08-22 09:04:55
1661159095197360000,12.45,1,12.4,1334,12.45,2142,1,2022-08-22 09:04:55
1661159095807127000,12.45,2,12.4,1346,12.45,2139,1,2022-08-22 09:04:55
1661159095944051000,12.45,10,12.4,1350,12.45,2129,1,2022-08-22 09:04:55
1661159096219729000,12.45,3,12.4,1350,12.45,2126,1,2022-08-22 09:04:56
1661159096808889000,12.45,2,12.4,1350,12.45,2126,1,2022-08-22 09:04:56
1661159096902926000,12.45,2,12.4,1350,12.45,2122,1,2022-08-22 09:04:56
1661159097282710000,12.45,1,12.4,1339,12.45,2122,1,2022-08-22 09:04:57
1661159097458907000,12.45,1,12.4,1339,12.45,2120,1,2022-08-22 09:04:57
1661159097810761000,12.45,2,12.4,1341,12.45,2120,1,2022-08-22 09:04:57
1661159098133072000,12.45,1,12.4,1341,12.45,2117,1,2022-08-22 09:04:58
1661159098231378000,12.45,5,12.4,1341,12.45,2112,1,2022-08-22 09:04:58
1661159099018474000,12.45,2,12.4,1341,12.45,2112,1,2022-08-22 09:04:59
1661159099024525000,12.45,20,12.4,1341,12.45,2114,1,2022-08-22 09:04:59
1661159099917263000,12.45,1,12.4,1321,12.45,2091,1,2022-08-22 09:04:59
1661159100013420000,12.45,2,12.4,1321,12.45,2091,1,2022-08-22 09:05:00
1661159100543109000,12.4,1,12.4,1317,12.45,2092,2,2022-08-22 09:05:00
1661159100621068000,12.45,3,12.4,1317,12.45,2089,1,2022-08-22 09:05:00
1661159100816620000,12.45,2,12.4,1327,12.45,2089,1,2022-08-22 09:05:00
1661159100989345000,12.45,1,12.4,1327,12.45,2086,1,2022-08-22 09:05:00
1661159101257526000,12.4,71,12.4,1261,12.45,2095,2,2022-08-22 09:05:01
1661159101382405000,12.45,10,12.4,1252,12.45,2085,1,2022-08-22 09:05:01
1661159101513693000,12.45,1,12.4,1278,12.45,2084,1,2022-08-22 09:05:01
1661159101693215000,12.45,1,12.4,1278,12.45,2089,1,2022-08-22 09:05:01
1661159101853690000,12.45,2,12.4,1277,12.45,2086,1,2022-08-22 09:05:01
1661159102020107000,12.45,2,12.4,1281,12.45,2075,1,2022-08-22 09:05:02
1661159102436276000,12.45,1,12.4,1281,12.45,2128,1,2022-08-22 09:05:02
1661159102478406000,12.45,3,12.4,1281,12.45,2125,1,2022-08-22 09:05:02
1661159102547636000,12.4,4,12.4,1277,12.45,2125,2,2022-08-22 09:05:02
1661159103023934000,12.45,2,12.4,1277,12.45,2123,1,2022-08-22 09:05:03
1661159103274352000,12.45,3,12.4,1277,12.45,2120,1,2022-08-22 09:05:03
1661159103667499000,12.45,1,12.4,1277,12.45,2119,1,2022-08-22 09:05:03
1661159104023522000,12.45,2,12.4,1285,12.45,2117,1,2022-08-22 09:05:04
1661159104043296000,12.4,9,12.4,1276,12.45,2117,2,2022-08-22 09:05:04
1661159104298324000,12.45,1,12.4,1279,12.45,2117,1,2022-08-22 09:05:04
1661159105025791000,12.45,2,12.4,1280,12.45,2116,1,2022-08-22 09:05:05
1661159105871357000,12.45,10,12.4,1283,12.45,2107,1,2022-08-22 09:05:05
1661159106030860000,12.45,2,12.4,1293,12.45,2105,1,2022-08-22 09:05:06
1661159106499101000,12.45,10,12.4,1295,12.45,2092,1,2022-08-22 09:05:06
1661159106556848000,12.45,9,12.4,1301,12.45,2083,1,2022-08-22 09:05:06
1661159106633094000,12.45,3,12.4,1310,12.45,2080,1,2022-08-22 09:05:06
1661159106755341000,12.45,2,12.4,1310,12.45,2081,1,2022-08-22 09:05:06
1661159106987822000,12.4,5,12.4,1303,12.45,2079,2,2022-08-22 09:05:06
1661159107033208000,12.45,2,12.4,1303,12.45,2077,1,2022-08-22 09:05:07
1661159107164823000,12.45,3,12.4,1303,12.45,2075,1,2022-08-22 09:05:07
1661159107577332000,12.45,9,12.4,1306,12.45,2066,1,2022-08-22 09:05:07
1661159107621781000,12.45,20,12.4,1306,12.45,2046,1,2022-08-22 09:05:07
1661159107685360000,12.4,1,12.4,1308,12.45,2051,2,2022-08-22 09:05:07
1661159107773506000,12.45,1,12.4,1308,12.45,2050,1,2022-08-22 09:05:07
1661159107776723000,12.45,1,12.4,1309,12.45,2051,1,2022-08-22 09:05:07
1661159108033116000,12.45,2,12.4,1308,12.45,2049,1,2022-08-22 09:05:08
1661159108595718000,12.45,9,12.4,1308,12.45,2049,1,2022-08-22 09:05:08
1661159108806537000,12.45,1,12.4,1308,12.45,2051,1,2022-08-22 09:05:08
1661159109034545000,12.45,2,12.4,1309,12.45,2049,1,2022-08-22 09:05:09
1661159109228896000,12.45,5,12.4,1314,12.45,2044,1,2022-08-22 09:05:09
1661159109250010000,12.45,1,12.4,1314,12.45,2044,1,2022-08-22 09:05:09
1661159109613993000,12.45,9,12.4,1314,12.45,2035,1,2022-08-22 09:05:09
1661159109749878000,12.45,1,12.4,1314,12.45,2134,1,2022-08-22 09:05:09
1661159109786399000,12.45,5,12.4,1314,12.45,2129,1,2022-08-22 09:05:09
1661159110036080000,12.45,2,12.4,1314,12.45,2128,1,2022-08-22 09:05:10
1661159110336426000,12.4,40,12.4,1274,12.45,2128,2,2022-08-22 09:05:10
1661159110632251000,12.45,9,12.4,1270,12.45,2120,1,2022-08-22 09:05:10
1661159110662171000,12.45,10,12.4,1269,12.45,2110,1,2022-08-22 09:05:10
1661159110832928000,12.45,2,12.4,1269,12.45,2120,1,2022-08-22 09:05:10
1661159111651903000,12.45,9,12.4,1775,12.45,2101,1,2022-08-22 09:05:11
1661159111843870000,12.45,2,12.4,1775,12.45,2199,1,2022-08-22 09:05:11
1661159112675805000,12.45,9,12.4,1779,12.45,2191,1,2022-08-22 09:05:12
1661159113041841000,12.45,2,12.4,1779,12.45,2189,1,2022-08-22 09:05:13
1661159113697752000,12.45,9,12.4,1793,12.45,2188,1,2022-08-22 09:05:13
1661159113848452000,12.45,2,12.4,1793,12.45,2177,1,2022-08-22 09:05:13
1661159114012166000,12.45,1,12.4,1793,12.45,2177,1,2022-08-22 09:05:14
1661159114417082000,12.45,2,12.4,1793,12.45,2174,1,2022-08-22 09:05:14
1661159114642495000,12.45,2,12.4,1794,12.45,2172,1,2022-08-22 09:05:14
1661159114718772000,12.45,9,12.4,1794,12.45,2174,1,2022-08-22 09:05:14
1661159115447273000,12.4,4,12.4,1790,12.45,2166,2,2022-08-22 09:05:15
1661159115682035000,12.45,1,12.4,1810,12.45,2165,1,2022-08-22 09:05:15
1661159115736953000,12.45,9,12.4,1810,12.45,2155,1,2022-08-22 09:05:15
1661159115852110000,12.45,2,12.4,1812,12.45,2153,1,2022-08-22 09:05:15
1661159115917882000,12.45,3,12.4,1812,12.45,2150,1,2022-08-22 09:05:15
1661159116305314000,12.45,3,12.4,1817,12.45,2150,1,2022-08-22 09:05:16
1661159116756566000,12.45,9,12.4,1824,12.45,2152,1,2022-08-22 09:05:16
1661159116851802000,12.45,2,12.4,1824,12.45,2141,1,2022-08-22 09:05:16
1661159117197477000,12.45,10,12.4,1854,12.45,2131,1,2022-08-22 09:05:17
1661159117607546000,12.4,1,12.4,1855,12.45,2236,2,2022-08-22 09:05:17
1661159117774853000,12.45,9,12.4,1856,12.45,2236,1,2022-08-22 09:05:17
1661159118035430000,12.45,10,12.4,1855,12.45,2217,1,2022-08-22 09:05:18
1661159118055567000,12.45,2,12.4,1855,12.45,2215,1,2022-08-22 09:05:18
1661159118452397000,12.45,200,12.4,1856,12.45,2015,1,2022-08-22 09:05:18
1661159118792237000,12.45,9,12.4,1859,12.45,2015,1,2022-08-22 09:05:18
1661159118850723000,12.45,2,12.4,1859,12.45,2004,1,2022-08-22 09:05:18
1661159118922665000,12.4,50,12.4,1809,12.45,2004,2,2022-08-22 09:05:18
1661159119074784000,12.45,2,12.4,1809,12.45,2002,1,2022-08-22 09:05:19
1661159119630157000,12.45,1,12.4,1815,12.45,2101,1,2022-08-22 09:05:19
1661159119810878000,12.45,9,12.4,1815,12.45,2101,1,2022-08-22 09:05:19
1661159120053942000,12.45,2,12.4,1815,12.45,2090,1,2022-08-22 09:05:20
1661159120450492000,12.45,1,12.4,1815,12.45,2089,1,2022-08-22 09:05:20
1661159120616030000,12.45,1,12.4,1814,12.45,2088,1,2022-08-22 09:05:20
1661159120743109000,12.45,2,12.4,1814,12.45,2087,1,2022-08-22 09:05:20
1661159120828528000,12.45,9,12.4,1813,12.45,2087,1,2022-08-22 09:05:20
1661159120934682000,12.4,3,12.4,1810,12.45,2078,2,2022-08-22 09:05:20
1661159121054992000,12.45,2,12.4,1810,12.45,2076,1,2022-08-22 09:05:21
1661159121295254000,12.45,1,12.4,1810,12.45,2081,1,2022-08-22 09:05:21
1661159121805190000,12.45,10,12.4,1811,12.45,2070,1,2022-08-22 09:05:21
1661159121847141000,12.45,9,12.4,1811,12.45,2061,1,2022-08-22 09:05:21
1661159122021070000,12.45,1,12.4,1811,12.45,2060,1,2022-08-22 09:05:22
1661159122056330000,12.45,2,12.4,1811,12.45,2058,1,2022-08-22 09:05:22
1661159122124724000,12.45,5,12.4,1811,12.45,2053,1,2022-08-22 09:05:22
1661159122866528000,12.45,9,12.4,1810,12.45,2056,1,2022-08-22 09:05:22
1661159123058013000,12.45,2,12.4,1810,12.45,2054,1,2022-08-22 09:05:23
1661159123146617000,12.45,140,12.4,1810,12.45,1915,1,2022-08-22 09:05:23
1661159123863607000,12.45,2,12.4,1811,12.45,1913,1,2022-08-22 09:05:23
1661159123871025000,12.45,2,12.4,1811,12.45,1911,1,2022-08-22 09:05:23
1661159123884658000,12.45,9,12.4,1811,12.45,1902,1,2022-08-22 09:05:23
1661159124204234000,12.45,3,12.4,1811,12.45,1899,1,2022-08-22 09:05:24
1661159124208444000,12.45,5,12.4,1811,12.45,1894,1,2022-08-22 09:05:24
1661159124355287000,12.45,2,12.4,1883,12.45,1892,1,2022-08-22 09:05:24
1661159124631017000,12.45,6,12.4,1883,12.45,1886,1,2022-08-22 09:05:24
1661159124865915000,12.45,2,12.4,1883,12.45,1886,1,2022-08-22 09:05:24
1661159124901949000,12.45,9,12.4,1883,12.45,1877,1,2022-08-22 09:05:24
1661159125051186000,12.4,120,12.4,1769,12.45,1877,2,2022-08-22 09:05:25
1661159125078934000,12.4,10,12.4,1759,12.45,1877,2,2022-08-22 09:05:25
1661159125079513000,12.4,20,12.4,1739,12.45,1877,2,2022-08-22 09:05:25
1661159125505350000,12.45,10,12.4,1741,12.45,1867,1,2022-08-22 09:05:25
1661159125635272000,12.45,6,12.4,1750,12.45,1861,1,2022-08-22 09:05:25
1661159125739228000,12.45,1,12.4,1750,12.45,1860,1,2022-08-22 09:05:25
1661159125868019000,12.45,2,12.4,1750,12.45,1858,1,2022-08-22 09:05:25
1661159125919877000,12.45,9,12.4,1750,12.45,1849,1,2022-08-22 09:05:25
1661159125968751000,12.45,2,12.4,1757,12.45,1847,1,2022-08-22 09:05:25
1661159126086490000,12.45,10,12.4,1762,12.45,1837,1,2022-08-22 09:05:26
1661159126126455000,12.45,4,12.4,1762,12.45,1833,1,2022-08-22 09:05:26
1661159126152433000,12.45,5,12.4,1762,12.45,1828,1,2022-08-22 09:05:26
1661159126421475000,12.45,3,12.4,1762,12.45,1827,1,2022-08-22 09:05:26
1661159126435507000,12.45,5,12.4,1762,12.45,1822,1,2022-08-22 09:05:26
1661159126457730000,12.45,5,12.4,1762,12.45,1817,1,2022-08-22 09:05:26
1661159126492754000,12.45,10,12.4,1762,12.45,1807,1,2022-08-22 09:05:26
1661159126850631000,12.45,2,12.4,1765,12.45,1805,1,2022-08-22 09:05:26
1661159126938151000,12.45,9,12.4,1776,12.45,1796,1,2022-08-22 09:05:26
1661159127065982000,12.45,2,12.4,1781,12.45,1794,1,2022-08-22 09:05:27
1661159127160153000,12.45,2,12.4,1781,12.45,1792,1,2022-08-22 09:05:27
1661159127181410000,12.45,5,12.4,1781,12.45,1794,1,2022-08-22 09:05:27
1661159127958145000,12.45,9,12.4,1781,12.45,1778,1,2022-08-22 09:05:27
1661159128064891000,12.45,2,12.4,1781,12.45,1776,1,2022-08-22 09:05:28
1661159128594723000,12.45,1,12.4,1781,12.45,1775,1,2022-08-22 09:05:28
1661159128866747000,12.45,2,12.4,1782,12.45,1773,1,2022-08-22 09:05:28
1661159128978918000,12.45,9,12.4,1782,12.45,1764,1,2022-08-22 09:05:28
1661159129207731000,12.45,10,12.4,1782,12.45,1754,1,2022-08-22 09:05:29
1661159129429272000,12.45,3,12.4,1782,12.45,1751,1,2022-08-22 09:05:29
1661159129534616000,12.45,5,12.4,1782,12.45,1746,1,2022-08-22 09:05:29
1661159129648347000,12.45,1,12.4,1782,12.45,1745,1,2022-08-22 09:05:29
1661159129893666000,12.45,1,12.4,1782,12.45,1902,1,2022-08-22 09:05:29
1661159129950709000,12.45,1,12.4,1784,12.45,1901,1,2022-08-22 09:05:29
1661159129994055000,12.45,9,12.4,1784,12.45,1892,1,2022-08-22 09:05:29
1661159130066546000,12.45,50,12.4,1784,12.45,1842,1,2022-08-22 09:05:30
1661159130068283000,12.45,2,12.4,1784,12.45,1840,1,2022-08-22 09:05:30
1661159130466636000,12.45,1,12.4,1789,12.45,1782,1,2022-08-22 09:05:30
1661159130932913000,12.45,1,12.4,1789,12.45,1780,1,2022-08-22 09:05:30
1661159131008980000,12.45,9,12.4,1789,12.45,1771,1,2022-08-22 09:05:31
1661159131072526000,12.45,2,12.4,1789,12.45,1769,1,2022-08-22 09:05:31
1661159131298602000,12.45,10,12.4,1789,12.45,1759,1,2022-08-22 09:05:31
1661159131428769000,12.45,2,12.4,1790,12.45,1777,1,2022-08-22 09:05:31
1661159131820858000,12.45,2,12.4,1790,12.45,1779,1,2022-08-22 09:05:31
1661159131875322000,12.45,2,12.4,1790,12.45,1775,1,2022-08-22 09:05:31
1661159131883739000,12.4,100,12.4,1690,12.45,1775,2,2022-08-22 09:05:31
1661159131902617000,12.45,5,12.4,1691,12.45,1770,1,2022-08-22 09:05:31
1661159131915045000,12.45,1,12.4,1691,12.45,1769,1,2022-08-22 09:05:31
1661159132025089000,12.45,9,12.4,1687,12.45,1760,1,2022-08-22 09:05:32
1661159132641261000,12.45,2,12.4,1693,12.45,1778,1,2022-08-22 09:05:32
1661159132798502000,12.45,2,12.4,1693,12.45,1761,1,2022-08-22 09:05:32
1661159132877639000,12.45,2,12.4,1693,12.45,1758,1,2022-08-22 09:05:32
1661159132879481000,12.4,70,12.4,1623,12.45,1758,2,2022-08-22 09:05:32
1661159132920722000,12.45,5,12.4,1623,12.45,1753,1,2022-08-22 09:05:32
1661159133042512000,12.45,9,12.4,1624,12.45,1744,1,2022-08-22 09:05:33
1661159133220624000,12.45,10,12.4,1628,12.45,1734,1,2022-08-22 09:05:33
1661159133283265000,12.45,50,12.4,1628,12.45,1744,1,2022-08-22 09:05:33
1661159133457638000,12.45,20,12.4,1628,12.45,1664,1,2022-08-22 09:05:33
1661159133489478000,12.45,5,12.4,1628,12.45,1659,1,2022-08-22 09:05:33
1661159133881317000,12.45,2,12.4,1628,12.45,1657,1,2022-08-22 09:05:33
1661159134001282000,12.45,5,12.4,1628,12.45,1652,1,2022-08-22 09:05:34
1661159134058022000,12.45,9,12.4,1628,12.45,1643,1,2022-08-22 09:05:34
1661159134250947000,12.4,101,12.4,1547,12.45,1643,2,2022-08-22 09:05:34
1661159134250996000,12.4,300,12.4,1247,12.45,1643,2,2022-08-22 09:05:34
1661159134251106000,12.4,300,12.4,947,12.45,1643,2,2022-08-22 09:05:34
1661159134251390000,12.4,499,12.4,448,12.45,1643,2,2022-08-22 09:05:34
1661159134251580000,12.4,300,12.4,148,12.45,1643,2,2022-08-22 09:05:34
1661159134282986000,12.4,144,12.35,813,12.45,1753,2,2022-08-22 09:05:34
1661159134292689000,12.35,4,12.35,805,12.4,54,2,2022-08-22 09:05:34
1661159134295490000,12.4,1,12.35,805,12.4,53,1,2022-08-22 09:05:34
1661159134411489000,12.4,3,12.35,805,12.4,51,1,2022-08-22 09:05:34
1661159134683945000,12.4,2,12.35,795,12.4,49,1,2022-08-22 09:05:34
1661159134804565000,12.4,4,12.35,795,12.4,49,1,2022-08-22 09:05:34
1661159134942836000,12.4,45,12.35,795,12.45,1743,1,2022-08-22 09:05:34
1661159134942836000,12.45,5,12.35,795,12.45,1743,1,2022-08-22 09:05:34
1661159135056506000,12.4,1,12.4,43,12.45,1753,2,2022-08-22 09:05:35
1661159135331543000,12.45,42,12.4,43,12.45,1851,1,2022-08-22 09:05:35
1661159135389034000,12.4,43,12.35,798,12.45,1851,2,2022-08-22 09:05:35
1661159135389034000,12.35,17,12.35,798,12.45,1851,2,2022-08-22 09:05:35
1661159135828422000,12.4,1,12.35,798,12.4,93,1,2022-08-22 09:05:35
1661159135883334000,12.4,2,12.35,798,12.4,91,1,2022-08-22 09:05:35
1661159135921778000,12.4,2,12.35,798,12.4,89,1,2022-08-22 09:05:35
1661159135957225000,12.4,30,12.35,798,12.4,59,1,2022-08-22 09:05:35
1661159136019494000,12.4,15,12.35,798,12.4,48,1,2022-08-22 09:05:36
1661159136327616000,12.4,100,12.35,798,12.4,107,1,2022-08-22 09:05:36
1661159136338242000,12.4,2,12.35,798,12.4,5,1,2022-08-22 09:05:36
1661159136358379000,12.4,5,12.4,2,12.45,1868,1,2022-08-22 09:05:36
1661159136430449000,12.4,9,12.35,798,12.4,111,2,2022-08-22 09:05:36
1661159136771652000,12.4,4,12.35,798,12.4,111,1,2022-08-22 09:05:36
1661159136884765000,12.4,2,12.35,798,12.4,128,1,2022-08-22 09:05:36
1661159136905416000,12.4,1,12.35,798,12.4,127,1,2022-08-22 09:05:36
1661159137078002000,12.35,5,12.35,798,12.4,137,2,2022-08-22 09:05:37
1661159137443760000,12.4,1,12.35,793,12.4,136,1,2022-08-22 09:05:37
1661159137600786000,12.35,16,12.35,777,12.4,136,2,2022-08-22 09:05:37
1661159137704611000,12.4,2,12.35,778,12.4,134,1,2022-08-22 09:05:37
1661159137906174000,12.4,2,12.35,778,12.4,1632,1,2022-08-22 09:05:37
1661159138689349000,12.4,2,12.35,774,12.4,1825,1,2022-08-22 09:05:38
1661159138724134000,12.35,11,12.35,763,12.4,1825,2,2022-08-22 09:05:38
1661159139438179000,12.4,4,12.35,813,12.4,1941,1,2022-08-22 09:05:39
1661159139631381000,12.4,1,12.35,813,12.4,2040,1,2022-08-22 09:05:39
1661159139788596000,12.4,1,12.35,813,12.4,2039,1,2022-08-22 09:05:39
1661159139831402000,12.35,7,12.35,813,12.4,2040,2,2022-08-22 09:05:39
1661159139889092000,12.4,2,12.35,806,12.4,2037,1,2022-08-22 09:05:39
1661159140293579000,12.4,1,12.35,806,12.4,2037,1,2022-08-22 09:05:40
1661159140786253000,12.35,1,12.35,814,12.4,2036,2,2022-08-22 09:05:40
1661159140830534000,12.35,5,12.35,808,12.4,2036,2,2022-08-22 09:05:40
1661159140897332000,12.4,2,12.35,808,12.4,2034,1,2022-08-22 09:05:40
1661159141869521000,12.35,1,12.35,792,12.4,2035,2,2022-08-22 09:05:41
1661159141878498000,12.35,1,12.35,791,12.4,2035,2,2022-08-22 09:05:41
1661159141897707000,12.4,2,12.35,791,12.4,2033,1,2022-08-22 09:05:41
1661159141912605000,12.4,2,12.35,791,12.4,2031,1,2022-08-22 09:05:41
1661159141913720000,12.35,3,12.35,788,12.4,2031,2,2022-08-22 09:05:41
1661159142474105000,12.4,10,12.35,782,12.4,2021,1,2022-08-22 09:05:42
1661159142701397000,12.4,2,12.35,782,12.4,2019,1,2022-08-22 09:05:42
1661159143008342000,12.35,2,12.35,780,12.4,2019,2,2022-08-22 09:05:43
1661159144042034000,12.4,1,12.35,782,12.4,2025,1,2022-08-22 09:05:44
1661159144099392000,12.4,2,12.35,782,12.4,2023,1,2022-08-22 09:05:44
1661159144698898000,12.4,10,12.35,785,12.4,2033,1,2022-08-22 09:05:44
1661159144959776000,12.35,2,12.35,784,12.4,2033,2,2022-08-22 09:05:44
1661159145104726000,12.4,2,12.35,784,12.4,2046,1,2022-08-22 09:05:45
1661159145337059000,12.4,20,12.35,784,12.4,2048,1,2022-08-22 09:05:45
1661159145719529000,12.4,1,12.35,783,12.4,2007,1,2022-08-22 09:05:45
1661159145843984000,12.35,2,12.35,781,12.4,2006,2,2022-08-22 09:05:45
1661159146101775000,12.4,2,12.35,781,12.4,2006,1,2022-08-22 09:05:46
1661159146522649000,12.4,1,12.35,781,12.4,2003,1,2022-08-22 09:05:46
1661159146924152000,12.35,1,12.35,782,12.4,1996,2,2022-08-22 09:05:46
1661159147103926000,12.4,2,12.35,782,12.4,1994,1,2022-08-22 09:05:47
1661159147709336000,12.4,2,12.35,785,12.4,1962,1,2022-08-22 09:05:47
1661159148043107000,12.35,1,12.35,784,12.4,1982,2,2022-08-22 09:05:48
1661159148409561000,12.4,1,12.35,785,12.4,1981,1,2022-08-22 09:05:48
1661159148517751000,12.35,1,12.35,784,12.4,1981,2,2022-08-22 09:05:48
1661159148709911000,12.4,2,12.35,784,12.4,1959,1,2022-08-22 09:05:48
1661159149727472000,12.35,1,12.35,776,12.4,1959,2,2022-08-22 09:05:49
1661159149785631000,12.4,2,12.35,775,12.4,1977,1,2022-08-22 09:05:49
1661159150108546000,12.4,2,12.35,770,12.4,1975,1,2022-08-22 09:05:50
1661159150434096000,12.35,1,12.35,769,12.4,1975,2,2022-08-22 09:05:50
1661159150914037000,12.4,2,12.35,780,12.4,1973,1,2022-08-22 09:05:50
1661159151182169000,12.4,5,12.35,780,12.4,1973,1,2022-08-22 09:05:51
1661159151396746000,12.4,10,12.35,780,12.4,1958,1,2022-08-22 09:05:51
1661159151555917000,12.35,1,12.35,779,12.4,1958,2,2022-08-22 09:05:51
1661159151914467000,12.4,2,12.35,784,12.4,1986,1,2022-08-22 09:05:51
1661159151923986000,12.35,2,12.35,782,12.4,1986,2,2022-08-22 09:05:51
1661159152683279000,12.35,3,12.35,784,12.4,1967,2,2022-08-22 09:05:52
1661159152712152000,12.4,2,12.35,784,12.4,1965,1,2022-08-22 09:05:52
1661159152754215000,12.35,10,12.35,774,12.4,1965,2,2022-08-22 09:05:52
1661159152786151000,12.35,499,12.35,275,12.4,1965,2,2022-08-22 09:05:52
1661159152786219000,12.35,275,12.3,1347,12.4,1965,2,2022-08-22 09:05:52
1661159152821334000,12.3,19,12.3,1296,12.35,10,2,2022-08-22 09:05:52
1661159152821547000,12.3,11,12.3,1285,12.35,10,2,2022-08-22 09:05:52
1661159152996819000,12.35,4,12.3,1285,12.4,2054,2,2022-08-22 09:05:52
1661159153227637000,12.4,5,12.3,1275,12.4,2049,1,2022-08-22 09:05:53
1661159153393242000,12.4,20,12.3,1265,12.4,2029,1,2022-08-22 09:05:53
1661159153862047000,12.35,2,12.35,18,12.4,2049,2,2022-08-22 09:05:53
1661159153862321000,12.35,18,12.3,1265,12.35,10,2,2022-08-22 09:05:53
1661159153914190000,12.35,2,12.3,1269,12.35,8,1,2022-08-22 09:05:53
1661159154131009000,12.35,1,12.3,1269,12.35,7,1,2022-08-22 09:05:54
1661159154791456000,12.35,3,12.3,1279,12.35,254,1,2022-08-22 09:05:54
1661159154849600000,12.35,50,12.3,1275,12.35,204,1,2022-08-22 09:05:54
1661159154916196000,12.35,2,12.3,1275,12.35,202,1,2022-08-22 09:05:54
1661159155561995000,12.35,49,12.3,1275,12.35,273,1,2022-08-22 09:05:55
1661159155612699000,12.3,1,12.3,1274,12.35,275,2,2022-08-22 09:05:55
1661159155704538000,12.35,5,12.3,1274,12.35,270,1,2022-08-22 09:05:55
1661159155719259000,12.35,2,12.3,1274,12.35,268,1,2022-08-22 09:05:55
1661159155882375000,12.35,5,12.3,1274,12.35,283,1,2022-08-22 09:05:55
1661159156089923000,12.35,2,12.3,1274,12.35,563,1,2022-08-22 09:05:56
1661159156124054000,12.35,3,12.3,1274,12.35,560,1,2022-08-22 09:05:56
1661159156180598000,12.35,3,12.3,1274,12.35,557,1,2022-08-22 09:05:56
1661159156303915000,12.35,6,12.3,1274,12.35,557,1,2022-08-22 09:05:56
1661159156580904000,12.35,1,12.3,1274,12.35,550,1,2022-08-22 09:05:56
1661159156723725000,12.35,2,12.3,1274,12.35,548,1,2022-08-22 09:05:56
1661159156771592000,12.3,1,12.3,1274,12.35,550,2,2022-08-22 09:05:56
1661159157335970000,12.3,3,12.3,1270,12.35,548,2,2022-08-22 09:05:57
1661159157528043000,12.35,5,12.3,1270,12.35,543,1,2022-08-22 09:05:57
1661159157598740000,12.3,4,12.3,1266,12.35,543,2,2022-08-22 09:05:57
1661159157922212000,12.35,2,12.3,1266,12.35,541,1,2022-08-22 09:05:57
1661159158925652000,12.35,2,12.3,1269,12.35,595,1,2022-08-22 09:05:58
1661159159101185000,12.35,5,12.3,1264,12.35,661,1,2022-08-22 09:05:59
1661159159285733000,12.35,1,12.3,1262,12.35,661,1,2022-08-22 09:05:59
1661159159675847000,12.35,1,12.3,1262,12.35,661,1,2022-08-22 09:05:59
1661159159926437000,12.35,2,12.3,1262,12.35,658,1,2022-08-22 09:05:59
1661159160643190000,12.35,1,12.3,1261,12.35,703,1,2022-08-22 09:06:00
1661159160729836000,12.35,2,12.3,1261,12.35,706,1,2022-08-22 09:06:00
1661159161631732000,12.3,10,12.3,1253,12.35,711,2,2022-08-22 09:06:01
1661159161731643000,12.35,2,12.3,1254,12.35,709,1,2022-08-22 09:06:01
1661159161788260000,12.3,3,12.3,1251,12.35,709,2,2022-08-22 09:06:01
1661159162437663000,12.35,5,12.3,1256,12.35,715,1,2022-08-22 09:06:02
1661159162736068000,12.35,2,12.3,1257,12.35,713,1,2022-08-22 09:06:02
1661159162889115000,12.35,3,12.3,1256,12.35,710,1,2022-08-22 09:06:02
1661159163152768000,12.3,2,12.3,1254,12.35,710,2,2022-08-22 09:06:03
1661159163452507000,12.35,10,12.3,1240,12.35,700,1,2022-08-22 09:06:03
1661159163598072000,12.3,2,12.3,1239,12.35,700,2,2022-08-22 09:06:03
1661159163925568000,12.35,5,12.3,1248,12.35,695,1,2022-08-22 09:06:03
1661159163934696000,12.35,2,12.3,1248,12.35,693,1,2022-08-22 09:06:03
1661159164938501000,12.35,2,12.3,1445,12.35,691,1,2022-08-22 09:06:04
1661159165876185000,12.35,10,12.3,1551,12.35,706,1,2022-08-22 09:06:05
1661159165934976000,12.35,2,12.3,1551,12.35,708,1,2022-08-22 09:06:05
1661159166180657000,12.3,2,12.3,1552,12.35,708,2,2022-08-22 09:06:06
1661159167076940000,12.35,5,12.3,1544,12.35,704,1,2022-08-22 09:06:07
1661159167137651000,12.35,2,12.3,1544,12.35,702,1,2022-08-22 09:06:07
1661159168142231000,12.35,2,12.3,1545,12.35,769,1,2022-08-22 09:06:08
1661159168696790000,12.3,1,12.3,1550,12.35,774,2,2022-08-22 09:06:08
1661159168930939000,12.35,2,12.3,1559,12.35,772,1,2022-08-22 09:06:08
1661159168941592000,12.35,2,12.3,1559,12.35,770,1,2022-08-22 09:06:08
1661159169042852000,12.3,22,12.3,1537,12.35,770,2,2022-08-22 09:06:09
1661159169157692000,12.35,2,12.3,1536,12.35,768,1,2022-08-22 09:06:09
1661159169731310000,12.3,1,12.3,1535,12.35,768,2,2022-08-22 09:06:09
1661159169769505000,12.35,30,12.3,1535,12.35,738,1,2022-08-22 09:06:09
1661159169944542000,12.35,2,12.3,1537,12.35,736,1,2022-08-22 09:06:09
1661159170144293000,12.3,2,12.3,1538,12.35,736,2,2022-08-22 09:06:10
1661159170465799000,12.35,1,12.3,1540,12.35,735,1,2022-08-22 09:06:10
1661159170945677000,12.35,2,12.3,1540,12.35,733,1,2022-08-22 09:06:10
1661159171010158000,12.35,1,12.3,1540,12.35,732,1,2022-08-22 09:06:11
1661159171444865000,12.35,4,12.3,1540,12.35,732,1,2022-08-22 09:06:11
1661159171937364000,12.3,1,12.3,1539,12.35,728,2,2022-08-22 09:06:11
1661159171947907000,12.35,2,12.3,1539,12.35,726,1,2022-08-22 09:06:11
1661159172216859000,12.35,3,12.3,1534,12.35,726,1,2022-08-22 09:06:12
1661159172950318000,12.35,2,12.3,1534,12.35,721,1,2022-08-22 09:06:12
1661159173952318000,12.35,2,12.3,1535,12.35,721,1,2022-08-22 09:06:13
1661159174857485000,12.35,10,12.3,1536,12.35,718,1,2022-08-22 09:06:14
1661159174952615000,12.35,2,12.3,1536,12.35,716,1,2022-08-22 09:06:14
1661159175167607000,12.3,50,12.3,1539,12.35,716,2,2022-08-22 09:06:15
