ts,close,volume,bid_price,bid_volume,ask_price,ask_volume,tick_type,datetime
1661158937244401000,40.7,843,40.7,63,40.75,96,1,2022-08-22 09:02:17
1661158937324216000,40.7,19,40.7,44,40.75,96,2,2022-08-22 09:02:17
1661158937360714000,40.7,4,40.7,40,40.75,96,2,2022-08-22 09:02:17
1661158937390175000,40.75,2,40.7,40,40.75,94,1,2022-08-22 09:02:17
1661158937531331000,40.7,11,40.7,29,40.75,94,2,2022-08-22 09:02:17
1661158937537537000,40.7,11,40.7,18,40.75,94,2,2022-08-22 09:02:17
1661158937556153000,40.75,2,40.7,18,40.75,92,1,2022-08-22 09:02:17
1661158937559669000,40.7,8,40.7,10,40.75,92,2,2022-08-22 09:02:17
1661158937570371000,40.7,10,40.65,6,40.75,92,2,2022-08-22 09:02:17
1661158937697170000,40.65,2,40.65,4,40.75,93,2,2022-08-22 09:02:17
1661158937727816000,40.65,4,40.65,6,40.75,93,2,2022-08-22 09:02:17
1661158937958624000,40.7,2,40.6,9,40.75,93,2,2022-08-22 09:02:17
1661158937959027000,40.6,8,40.6,1,40.75,93,2,2022-08-22 09:02:17
1661158938063061000,40.6,1,40.6,1,40.7,5,2,2022-08-22 09:02:18
1661158938409819000,40.7,1,40.55,15,40.7,4,1,2022-08-22 09:02:18
1661158938596407000,40.55,2,40.55,13,40.7,4,2,2022-08-22 09:02:18
1661158938799675000,40.55,2,40.55,15,40.7,4,2,2022-08-22 09:02:18
1661158938949759000,40.55,11,40.5,50,40.65,4,2,2022-08-22 09:02:18
1661158938949759000,40.5,3,40.5,50,40.65,4,2,2022-08-22 09:02:18
1661158939120860000,40.6,1,40.55,3,40.6,1,1,2022-08-22 09:02:19
1661158939524327000,40.6,1,40.55,3,40.7,7,1,2022-08-22 09:02:19
1661158939524327000,40.65,4,40.55,3,40.7,7,1,2022-08-22 09:02:19
1661158939524327000,40.7,5,40.55,3,40.7,7,1,2022-08-22 09:02:19
1661158940159677000,40.7,2,40.55,3,40.7,11,1,2022-08-22 09:02:20
1661158940189083000,40.7,11,40.55,3,40.75,101,1,2022-08-22 09:02:20
1661158940575889000,40.65,2,40.55,3,40.65,2,1,2022-08-22 09:02:20
1661158940829442000,40.7,1,40.55,3,40.75,100,1,2022-08-22 09:02:20
1661158940829442000,40.75,1,40.55,3,40.75,100,1,2022-08-22 09:02:20
1661158941242347000,40.6,3,40.55,7,40.75,100,2,2022-08-22 09:02:21
1661158941272342000,40.55,1,40.6,3,40.75,100,2,2022-08-22 09:02:21
1661158942974888000,40.75,2,40.6,6,40.75,98,1,2022-08-22 09:02:22
1661158943114981000,40.6,5,40.6,1,40.75,98,2,2022-08-22 09:02:23
1661158943330192000,40.75,1,40.65,3,40.75,97,1,2022-08-22 09:02:23
1661158943936924000,40.7,2,40.65,3,40.7,8,1,2022-08-22 09:02:23
1661158944376415000,40.65,1,40.65,2,40.7,8,2,2022-08-22 09:02:24
1661158944811032000,40.65,2,40.65,2,40.7,9,2,2022-08-22 09:02:24
1661158944848209000,40.7,9,40.65,2,40.75,88,1,2022-08-22 09:02:24
1661158944848209000,40.75,9,40.65,2,40.75,88,1,2022-08-22 09:02:24
1661158945174501000,40.65,4,40.6,13,40.7,10,2,2022-08-22 09:02:25
1661158945174501000,40.6,1,40.6,13,40.7,10,2,2022-08-22 09:02:25
1661158945345955000,40.7,1,40.6,13,40.7,9,1,2022-08-22 09:02:25
1661158945528223000,40.65,1,40.6,13,40.7,8,1,2022-08-22 09:02:25
1661158945528223000,40.7,1,40.6,13,40.7,8,1,2022-08-22 09:02:25
1661158945687512000,40.7,1,40.65,1,40.7,8,1,2022-08-22 09:02:25
1661158946086912000,40.65,2,40.6,4,40.7,7,2,2022-08-22 09:02:26
1661158946086912000,40.6,10,40.6,4,40.7,7,2,2022-08-22 09:02:26
1661158946163533000,40.7,1,40.6,5,40.7,6,1,2022-08-22 09:02:26
1661158946442720000,40.7,5,40.65,1,40.7,1,1,2022-08-22 09:02:26
1661158946543208000,40.7,1,40.65,3,40.7,2,1,2022-08-22 09:02:26
1661158946630089000,40.65,2,40.65,1,40.7,2,2,2022-08-22 09:02:26
1661158946642491000,40.7,1,40.65,1,40.7,1,1,2022-08-22 09:02:26
1661158946695717000,40.7,1,40.7,1,40.75,89,1,2022-08-22 09:02:26
1661158946732418000,40.75,1,40.7,1,40.75,88,1,2022-08-22 09:02:26
1661158946924880000,40.7,1,40.7,1,40.75,88,2,2022-08-22 09:02:26
1661158947006192000,40.7,1,40.65,1,40.75,88,2,2022-08-22 09:02:27
1661158947021177000,40.75,1,40.65,1,40.75,87,1,2022-08-22 09:02:27
1661158947062751000,40.65,1,40.6,5,40.75,87,2,2022-08-22 09:02:27
1661158947062751000,40.6,1,40.6,5,40.75,87,2,2022-08-22 09:02:27
1661158947316582000,40.75,2,40.7,1,40.75,85,1,2022-08-22 09:02:27
1661158947317442000,40.75,1,40.7,1,40.75,84,1,2022-08-22 09:02:27
1661158947460029000,40.7,1,40.65,1,40.7,21,2,2022-08-22 09:02:27
1661158947540977000,40.7,1,40.65,1,40.7,20,1,2022-08-22 09:02:27
1661158947546041000,40.7,10,40.65,1,40.7,10,1,2022-08-22 09:02:27
1661158947561704000,40.7,1,40.65,1,40.7,9,1,2022-08-22 09:02:27
1661158947733933000,40.7,1,40.65,1,40.7,9,1,2022-08-22 09:02:27
1661158947880580000,40.7,2,40.65,1,40.7,6,1,2022-08-22 09:02:27
1661158947907517000,40.7,2,40.65,1,40.7,4,1,2022-08-22 09:02:27
1661158947953113000,40.7,4,40.65,1,40.75,84,1,2022-08-22 09:02:27
1661158948182081000,40.7,2,40.65,1,40.7,2,1,2022-08-22 09:02:28
1661158948397302000,40.7,2,40.65,1,40.7,20,2,2022-08-22 09:02:28
1661158948565713000,40.7,1,40.65,6,40.7,41,1,2022-08-22 09:02:28
1661158948790284000,40.7,2,40.65,6,40.7,41,1,2022-08-22 09:02:28
1661158948933984000,40.7,1,40.65,6,40.7,38,1,2022-08-22 09:02:28
1661158948941437000,40.65,3,40.65,3,40.7,38,2,2022-08-22 09:02:28
1661158948980844000,40.7,2,40.65,3,40.7,36,1,2022-08-22 09:02:28
1661158949023561000,40.65,1,40.65,2,40.7,36,2,2022-08-22 09:02:29
1661158949235297000,40.7,1,40.65,2,40.7,36,1,2022-08-22 09:02:29
1661158949263566000,40.65,1,40.65,1,40.7,36,2,2022-08-22 09:02:29
1661158949372698000,40.7,1,40.65,1,40.7,35,1,2022-08-22 09:02:29
1661158949426721000,40.65,1,40.6,9,40.65,9,2,2022-08-22 09:02:29
1661158949552804000,40.65,2,40.6,9,40.65,7,1,2022-08-22 09:02:29
1661158949567837000,40.65,1,40.6,9,40.65,6,1,2022-08-22 09:02:29
1661158949616839000,40.65,1,40.6,9,40.65,5,1,2022-08-22 09:02:29
1661158949926884000,40.65,1,40.6,11,40.65,11,1,2022-08-22 09:02:29
1661158950053775000,40.6,4,40.6,7,40.65,16,2,2022-08-22 09:02:30
1661158950083337000,40.65,1,40.6,4,40.65,15,1,2022-08-22 09:02:30
1661158950083994000,40.6,4,40.55,16,40.65,15,2,2022-08-22 09:02:30
1661158950116946000,40.65,1,40.55,16,40.65,14,1,2022-08-22 09:02:30
1661158950167088000,40.6,1,40.55,16,40.65,10,1,2022-08-22 09:02:30
1661158950167088000,40.65,4,40.55,16,40.65,10,1,2022-08-22 09:02:30
1661158950179074000,40.65,1,40.55,16,40.65,9,1,2022-08-22 09:02:30
1661158950360093000,40.65,2,40.55,16,40.65,12,1,2022-08-22 09:02:30
1661158950462228000,40.65,1,40.55,16,40.65,11,1,2022-08-22 09:02:30
1661158950539946000,40.55,1,40.55,16,40.65,13,2,2022-08-22 09:02:30
1661158950595214000,40.65,1,40.55,16,40.65,12,1,2022-08-22 09:02:30
1661158950658600000,40.65,1,40.55,16,40.65,11,1,2022-08-22 09:02:30
1661158951089853000,40.6,10,40.55,16,40.7,14,1,2022-08-22 09:02:31
1661158951089853000,40.65,11,40.55,16,40.7,14,1,2022-08-22 09:02:31
1661158951089853000,40.7,29,40.55,16,40.7,14,1,2022-08-22 09:02:31
1661158951147799000,40.6,1,40.55,16,40.65,1,1,2022-08-22 09:02:31
1661158951296510000,40.6,1,40.6,2,40.65,1,2,2022-08-22 09:02:31
1661158951419091000,40.65,1,40.6,1,40.65,11,1,2022-08-22 09:02:31
1661158951459517000,40.6,1,40.55,16,40.65,11,2,2022-08-22 09:02:31
1661158951546859000,40.65,5,40.55,13,40.65,6,1,2022-08-22 09:02:31
1661158951563595000,40.65,1,40.55,13,40.65,27,1,2022-08-22 09:02:31
1661158951604766000,40.65,1,40.55,13,40.65,26,1,2022-08-22 09:02:31
1661158951650582000,40.65,1,40.55,13,40.65,25,1,2022-08-22 09:02:31
1661158951888522000,40.6,1,40.55,13,40.65,24,1,2022-08-22 09:02:31
1661158951888522000,40.65,1,40.55,13,40.65,24,1,2022-08-22 09:02:31
1661158951990425000,40.55,1,40.55,12,40.65,24,2,2022-08-22 09:02:31
1661158952022962000,40.55,12,40.5,56,40.65,24,2,2022-08-22 09:02:32
1661158952166239000,40.6,1,40.5,56,40.6,36,1,2022-08-22 09:02:32
1661158952184675000,40.5,56,40.45,2,40.6,36,2,2022-08-22 09:02:32
1661158952225105000,40.45,2,40.4,5,40.6,36,2,2022-08-22 09:02:32
1661158952231923000,40.4,1,40.4,4,40.55,2,2,2022-08-22 09:02:32
1661158952260594000,40.4,4,40.35,8,40.55,4,2,2022-08-22 09:02:32
1661158952283521000,40.55,2,40.35,4,40.55,4,1,2022-08-22 09:02:32
1661158952489093000,40.55,1,40.35,4,40.55,10,1,2022-08-22 09:02:32
1661158952570515000,40.55,2,40.35,4,40.55,8,1,2022-08-22 09:02:32
1661158952691009000,40.55,1,40.4,1,40.55,7,1,2022-08-22 09:02:32
1661158952743408000,40.55,2,40.4,2,40.55,5,1,2022-08-22 09:02:32
1661158952764959000,40.55,1,40.4,2,40.55,4,1,2022-08-22 09:02:32
1661158952930832000,40.4,5,40.3,20,40.55,4,2,2022-08-22 09:02:32
1661158952930832000,40.35,4,40.3,20,40.55,4,2,2022-08-22 09:02:32
1661158952930832000,40.3,6,40.3,20,40.55,4,2,2022-08-22 09:02:32
1661158953056484000,40.5,1,40.35,2,40.5,1,1,2022-08-22 09:02:33
1661158953192497000,40.5,1,40.35,2,40.55,4,1,2022-08-22 09:02:33
1661158953204346000,40.55,1,40.35,2,40.55,3,1,2022-08-22 09:02:33
1661158953241617000,40.55,1,40.4,1,40.55,2,1,2022-08-22 09:02:33
1661158953241973000,40.55,1,40.4,1,40.55,1,1,2022-08-22 09:02:33
1661158953343699000,40.4,1,40.4,5,40.45,2,2,2022-08-22 09:02:33
1661158953377274000,40.45,1,40.4,5,40.45,1,1,2022-08-22 09:02:33
1661158953566164000,40.45,1,40.45,4,40.5,10,1,2022-08-22 09:02:33
1661158953854770000,40.5,1,40.45,4,40.5,9,1,2022-08-22 09:02:33
1661158954018031000,40.45,1,40.45,3,40.5,9,2,2022-08-22 09:02:34
1661158954368977000,40.5,2,40.45,3,40.5,8,1,2022-08-22 09:02:34
1661158954373900000,40.45,3,40.4,7,40.5,8,2,2022-08-22 09:02:34
1661158954479827000,40.4,3,40.4,4,40.45,1,2,2022-08-22 09:02:34
1661158954487794000,40.4,1,40.4,3,40.45,1,2,2022-08-22 09:02:34
1661158954514246000,40.4,1,40.4,2,40.45,1,2,2022-08-22 09:02:34
1661158954583433000,40.4,2,40.35,11,40.45,1,2,2022-08-22 09:02:34
1661158954583433000,40.35,4,40.35,11,40.45,1,2,2022-08-22 09:02:34
1661158954603230000,40.45,1,40.35,11,40.5,9,1,2022-08-22 09:02:34
1661158955003356000,40.35,2,40.35,9,40.5,10,2,2022-08-22 09:02:35
1661158955162291000,40.45,1,40.35,9,40.45,3,1,2022-08-22 09:02:35
1661158955554148000,40.45,1,40.35,9,40.45,2,1,2022-08-22 09:02:35
1661158955798167000,40.45,1,40.4,2,40.45,3,1,2022-08-22 09:02:35
1661158955869485000,40.4,1,40.4,2,40.45,3,2,2022-08-22 09:02:35
1661158956152726000,40.4,1,40.4,1,40.45,3,2,2022-08-22 09:02:36
1661158956186152000,40.4,1,40.35,6,40.45,3,2,2022-08-22 09:02:36
1661158956186152000,40.35,3,40.35,6,40.45,3,2,2022-08-22 09:02:36
1661158956352255000,40.35,1,40.35,5,40.4,2,2,2022-08-22 09:02:36
1661158956395189000,40.4,1,40.35,5,40.4,1,1,2022-08-22 09:02:36
1661158956404629000,40.4,3,40.35,5,40.45,1,1,2022-08-22 09:02:36
1661158956404629000,40.45,2,40.35,5,40.45,1,1,2022-08-22 09:02:36
1661158956641314000,40.4,1,40.35,5,40.45,1,1,2022-08-22 09:02:36
1661158956889584000,40.35,3,40.35,2,40.4,1,2,2022-08-22 09:02:36
1661158956933936000,40.35,1,40.35,1,40.4,1,2,2022-08-22 09:02:36
1661158956934029000,40.35,1,40.3,20,40.4,1,2,2022-08-22 09:02:36
1661158957361061000,40.3,10,40.3,14,40.35,1,2,2022-08-22 09:02:37
1661158957398467000,40.3,1,40.3,13,40.35,1,2,2022-08-22 09:02:37
1661158957400253000,40.35,1,40.3,13,40.45,11,1,2022-08-22 09:02:37
1661158957400253000,40.4,1,40.3,13,40.45,11,1,2022-08-22 09:02:37
1661158957400253000,40.45,3,40.3,13,40.45,11,1,2022-08-22 09:02:37
1661158957564802000,40.4,1,40.35,1,40.45,11,1,2022-08-22 09:02:37
1661158957855035000,40.4,3,40.35,2,40.4,1,1,2022-08-22 09:02:37
1661158958144643000,40.4,1,40.35,2,40.45,33,1,2022-08-22 09:02:38
1661158958165135000,40.45,1,40.35,4,40.45,33,1,2022-08-22 09:02:38
1661158958368720000,40.35,1,40.35,3,40.45,33,2,2022-08-22 09:02:38
1661158958655551000,40.4,1,40.35,4,40.45,31,1,2022-08-22 09:02:38
1661158958655551000,40.45,2,40.35,4,40.45,31,1,2022-08-22 09:02:38
1661158958844378000,40.4,1,40.3,13,40.45,31,2,2022-08-22 09:02:38
1661158958844378000,40.35,4,40.3,13,40.45,31,2,2022-08-22 09:02:38
1661158958844378000,40.3,5,40.3,13,40.45,31,2,2022-08-22 09:02:38
1661158959110558000,40.3,1,40.3,12,40.4,1,2,2022-08-22 09:02:39
1661158959787552000,40.35,1,40.3,12,40.35,1,1,2022-08-22 09:02:39
1661158959936783000,40.4,1,40.35,4,40.4,6,1,2022-08-22 09:02:39
1661158960228285000,40.4,1,40.35,4,40.4,5,1,2022-08-22 09:02:40
1661158960329801000,40.35,1,40.35,13,40.4,5,2,2022-08-22 09:02:40
1661158960474835000,40.4,1,40.35,14,40.4,4,1,2022-08-22 09:02:40
1661158960648620000,40.4,1,40.35,14,40.4,4,1,2022-08-22 09:02:40
1661158960759625000,40.35,3,40.35,14,40.4,5,2,2022-08-22 09:02:40
1661158960899175000,40.35,11,40.3,14,40.35,9,2,2022-08-22 09:02:40
1661158961021138000,40.35,3,40.3,14,40.35,6,1,2022-08-22 09:02:41
1661158961108950000,40.3,2,40.3,12,40.35,6,2,2022-08-22 09:02:41
1661158961117020000,40.35,1,40.3,12,40.35,5,1,2022-08-22 09:02:41
1661158961135579000,40.35,1,40.3,12,40.35,4,1,2022-08-22 09:02:41
1661158961177304000,40.35,2,40.3,12,40.35,2,1,2022-08-22 09:02:41
1661158961246963000,40.3,2,40.3,10,40.35,2,2,2022-08-22 09:02:41
1661158961515048000,40.3,2,40.3,8,40.35,2,2,2022-08-22 09:02:41
1661158961515417000,40.3,1,40.3,7,40.35,2,2,2022-08-22 09:02:41
1661158961634643000,40.3,5,40.3,2,40.35,3,2,2022-08-22 09:02:41
1661158961650295000,40.3,2,40.25,5,40.35,3,2,2022-08-22 09:02:41
1661158961694069000,40.35,2,40.25,1,40.35,1,1,2022-08-22 09:02:41
1661158961770509000,40.25,1,40.25,1,40.35,1,2,2022-08-22 09:02:41
1661158961819718000,40.2,1,40.2,19,40.35,1,2,2022-08-22 09:02:41
1661158961888084000,40.2,2,40.2,17,40.35,1,2,2022-08-22 09:02:41
1661158962036497000,40.25,1,40.2,17,40.35,1,2,2022-08-22 09:02:42
1661158962150163000,40.35,1,40.3,1,40.4,15,1,2022-08-22 09:02:42
1661158962150163000,40.4,1,40.3,1,40.4,15,1,2022-08-22 09:02:42
1661158962166491000,40.3,1,40.2,17,40.4,15,2,2022-08-22 09:02:42
1661158962260682000,40.4,5,40.2,17,40.4,1,1,2022-08-22 09:02:42
1661158962291484000,40.2,2,40.2,17,40.4,6,2,2022-08-22 09:02:42
1661158962400951000,40.2,10,40.2,5,40.4,10,2,2022-08-22 09:02:42
1661158962929244000,40.3,1,40.25,1,40.35,28,2,2022-08-22 09:02:42
1661158963493750000,40.25,1,40.2,5,40.3,4,2,2022-08-22 09:02:43
1661158963495095000,40.3,1,40.2,5,40.3,3,1,2022-08-22 09:02:43
1661158963543778000,40.25,1,40.2,5,40.3,4,1,2022-08-22 09:02:43
1661158963652531000,40.3,1,40.2,5,40.3,4,1,2022-08-22 09:02:43
1661158964055976000,40.25,1,40.2,6,40.3,4,1,2022-08-22 09:02:44
1661158964143998000,40.2,3,40.2,3,40.25,1,2,2022-08-22 09:02:44
1661158964147586000,40.25,1,40.2,3,40.3,4,1,2022-08-22 09:02:44
1661158964260878000,40.2,2,40.2,3,40.3,4,2,2022-08-22 09:02:44
1661158964275621000,40.3,3,40.2,3,40.3,1,1,2022-08-22 09:02:44
1661158964564096000,40.25,1,40.2,3,40.25,1,1,2022-08-22 09:02:44
1661158965206907000,40.25,1,40.2,6,40.25,11,1,2022-08-22 09:02:45
1661158965383339000,40.2,1,40.2,5,40.25,10,2,2022-08-22 09:02:45
1661158965568345000,40.2,5,40.15,6,40.2,2,2,2022-08-22 09:02:45
1661158965832710000,40.2,1,40.15,2,40.2,1,1,2022-08-22 09:02:45
1661158966079071000,40.2,1,40.15,2,40.25,14,1,2022-08-22 09:02:46
1661158966411496000,40.15,1,40.15,1,40.2,2,2,2022-08-22 09:02:46
1661158966517104000,40.2,1,40.15,1,40.2,1,1,2022-08-22 09:02:46
1661158966564169000,40.2,1,40.2,1,40.25,10,1,2022-08-22 09:02:46
1661158966628493000,40.2,1,40.2,1,40.25,10,2,2022-08-22 09:02:46
1661158967074105000,40.25,1,40.2,1,40.25,11,1,2022-08-22 09:02:47
1661158967310334000,40.25,1,40.2,1,40.25,10,1,2022-08-22 09:02:47
1661158967521739000,40.25,1,40.2,1,40.25,9,1,2022-08-22 09:02:47
1661158967522382000,40.25,1,40.2,1,40.25,10,1,2022-08-22 09:02:47
1661158967848959000,40.25,1,40.2,1,40.25,7,1,2022-08-22 09:02:47
1661158967960169000,40.25,1,40.2,2,40.25,16,1,2022-08-22 09:02:47
1661158968004808000,40.2,1,40.2,1,40.25,16,2,2022-08-22 09:02:48
1661158968018020000,40.25,1,40.2,1,40.25,15,1,2022-08-22 09:02:48
1661158968038311000,40.2,1,40.15,1,40.25,15,2,2022-08-22 09:02:48
1661158968166017000,40.25,2,40.15,1,40.25,17,1,2022-08-22 09:02:48
1661158968311677000,40.15,1,40.1,17,40.25,15,2,2022-08-22 09:02:48
1661158968311677000,40.1,2,40.1,17,40.25,15,2,2022-08-22 09:02:48
1661158968421081000,40.25,2,40.2,4,40.25,13,1,2022-08-22 09:02:48
1661158968507695000,40.2,1,40.2,3,40.25,13,2,2022-08-22 09:02:48
1661158968511393000,40.2,1,40.2,2,40.25,13,2,2022-08-22 09:02:48
1661158968512765000,40.2,1,40.2,1,40.25,13,2,2022-08-22 09:02:48
1661158968533509000,40.2,1,40.1,17,40.25,13,2,2022-08-22 09:02:48
1661158968911094000,40.25,1,40.2,1,40.25,12,1,2022-08-22 09:02:48
1661158968959011000,40.2,1,40.15,4,40.2,2,2,2022-08-22 09:02:48
1661158968991464000,40.2,2,40.15,4,40.25,12,1,2022-08-22 09:02:48
1661158969014004000,40.15,2,40.15,2,40.25,12,2,2022-08-22 09:02:49
1661158969025675000,40.25,3,40.15,2,40.25,9,1,2022-08-22 09:02:49
1661158969039310000,40.15,2,40.1,15,40.25,9,2,2022-08-22 09:02:49
1661158969039310000,40.1,2,40.1,15,40.25,9,2,2022-08-22 09:02:49
1661158969315886000,40.25,1,40.1,15,40.25,8,1,2022-08-22 09:02:49
1661158969327354000,40.1,1,40.1,14,40.25,8,2,2022-08-22 09:02:49
1661158969382073000,40.25,1,40.1,14,40.25,7,1,2022-08-22 09:02:49
1661158969912758000,40.25,2,40.1,14,40.25,6,1,2022-08-22 09:02:49
1661158969955364000,40.25,2,40.1,14,40.25,4,1,2022-08-22 09:02:49
1661158969985142000,40.1,5,40.1,9,40.25,4,2,2022-08-22 09:02:49
1661158970165252000,40.25,1,40.15,1,40.25,3,1,2022-08-22 09:02:50
1661158970243473000,40.15,1,40.1,8,40.25,4,2,2022-08-22 09:02:50
1661158970243473000,40.1,1,40.1,8,40.25,4,2,2022-08-22 09:02:50
1661158970279242000,40.25,1,40.15,1,40.25,4,1,2022-08-22 09:02:50
1661158970360106000,40.15,1,40.1,8,40.25,3,1,2022-08-22 09:02:50
1661158970647657000,40.1,1,40.1,7,40.25,3,2,2022-08-22 09:02:50
1661158970695848000,40.2,1,40.1,7,40.25,3,1,2022-08-22 09:02:50
1661158971319630000,40.2,1,40.1,7,40.2,1,2,2022-08-22 09:02:51
1661158971331258000,40.2,1,40.1,7,40.25,3,1,2022-08-22 09:02:51
1661158971385733000,40.2,1,40.15,1,40.25,4,2,2022-08-22 09:02:51
1661158971419383000,40.25,3,40.15,1,40.25,1,1,2022-08-22 09:02:51
1661158971454131000,40.2,1,40.15,1,40.25,2,1,2022-08-22 09:02:51
1661158971581083000,40.25,1,40.15,1,40.25,1,1,2022-08-22 09:02:51
1661158971687431000,40.15,1,40.1,8,40.15,9,2,2022-08-22 09:02:51
1661158971720142000,40.15,9,40.15,1,40.25,2,1,2022-08-22 09:02:51
1661158972094071000,40.15,1,40.1,12,40.2,10,2,2022-08-22 09:02:52
1661158972219995000,40.1,5,40.1,7,40.2,10,2,2022-08-22 09:02:52
1661158972621538000,40.1,2,40.1,5,40.15,1,2,2022-08-22 09:02:52
1661158972945357000,40.1,1,40.1,4,40.15,1,2,2022-08-22 09:02:52
1661158973325141000,40.15,1,40.1,4,40.2,10,1,2022-08-22 09:02:53
1661158973779506000,40.15,2,40.15,2,40.2,12,2,2022-08-22 09:02:53
1661158973779506000,40.1,3,40.15,2,40.2,12,2,2022-08-22 09:02:53
1661158973827234000,40.2,1,40.1,1,40.2,11,1,2022-08-22 09:02:53
1661158973829318000,40.2,5,40.1,1,40.2,6,1,2022-08-22 09:02:53
1661158973881031000,40.1,1,40.05,18,40.2,6,2,2022-08-22 09:02:53
1661158973984283000,40.2,1,40.05,14,40.2,5,1,2022-08-22 09:02:53
1661158974091878000,40.1,6,40.05,14,40.2,5,1,2022-08-22 09:02:54
1661158974288800000,40.05,1,40.05,14,40.2,5,2,2022-08-22 09:02:54
1661158974357646000,40.2,5,40.05,13,40.3,21,1,2022-08-22 09:02:54
1661158974357646000,40.25,14,40.05,13,40.3,21,1,2022-08-22 09:02:54
1661158974357646000,40.3,1,40.05,13,40.3,21,1,2022-08-22 09:02:54
1661158974640198000,40.15,1,40.1,1,40.15,1,2,2022-08-22 09:02:54
1661158974660536000,40.15,1,40.05,13,40.25,2,1,2022-08-22 09:02:54
1661158974836610000,40.15,1,40.05,13,40.25,6,2,2022-08-22 09:02:54
1661158975061590000,40.2,1,40.15,3,40.25,4,1,2022-08-22 09:02:55
1661158975061590000,40.25,2,40.15,3,40.25,4,1,2022-08-22 09:02:55
1661158975201515000,40.15,1,40.15,2,40.25,4,2,2022-08-22 09:02:55
1661158975221838000,40.25,4,40.15,2,40.3,21,1,2022-08-22 09:02:55
1661158975221838000,40.3,1,40.15,2,40.3,21,1,2022-08-22 09:02:55
1661158975467970000,40.15,4,40.1,4,40.15,4,2,2022-08-22 09:02:55
1661158975489700000,40.15,4,40.1,4,40.3,17,1,2022-08-22 09:02:55
1661158976021884000,40.1,1,40.1,14,40.3,17,2,2022-08-22 09:02:56
1661158976211614000,40.1,1,40.1,14,40.25,1,2,2022-08-22 09:02:56
1661158976259120000,40.15,1,40.1,14,40.25,1,2,2022-08-22 09:02:56
1661158976827017000,40.15,3,40.1,36,40.2,3,2,2022-08-22 09:02:56
1661158976864212000,40.2,3,40.1,36,40.25,4,1,2022-08-22 09:02:56
1661158977274072000,40.15,2,40.15,6,40.25,4,2,2022-08-22 09:02:57
1661158977294761000,40.15,1,40.15,3,40.25,4,2,2022-08-22 09:02:57
1661158977500878000,40.25,4,40.3,26,40.35,11,1,2022-08-22 09:02:57
1661158977500878000,40.3,20,40.3,26,40.35,11,1,2022-08-22 09:02:57
1661158977744637000,40.35,11,40.3,26,40.4,21,1,2022-08-22 09:02:57
1661158978094562000,40.4,2,40.3,27,40.4,19,1,2022-08-22 09:02:58
1661158978312951000,40.3,1,40.3,26,40.4,19,2,2022-08-22 09:02:58
1661158978343071000,40.3,22,40.3,4,40.4,19,2,2022-08-22 09:02:58
1661158978375605000,40.3,4,40.2,10,40.4,19,2,2022-08-22 09:02:58
1661158978498514000,40.35,1,40.2,6,40.4,19,1,2022-08-22 09:02:58
1661158978939662000,40.4,14,40.3,1,40.4,5,1,2022-08-22 09:02:58
1661158978988698000,40.3,1,40.2,10,40.3,5,2,2022-08-22 09:02:58
1661158979021922000,40.3,5,40.2,7,40.4,5,1,2022-08-22 09:02:59
1661158979442324000,40.2,1,40.2,7,40.35,22,2,2022-08-22 09:02:59
1661158979544254000,40.2,1,40.2,6,40.35,22,2,2022-08-22 09:02:59
1661158980080422000,40.25,2,40.25,5,40.35,22,2,2022-08-22 09:03:00
1661158980159014000,40.25,1,40.25,5,40.35,22,2,2022-08-22 09:03:00
1661158980367017000,40.35,1,40.25,4,40.35,21,1,2022-08-22 09:03:00
1661158980616641000,40.25,2,40.25,2,40.35,21,2,2022-08-22 09:03:00
1661158980904549000,40.35,1,40.25,2,40.35,20,1,2022-08-22 09:03:00
1661158981020400000,40.3,1,40.25,1,40.35,22,2,2022-08-22 09:03:01
1661158981020400000,40.25,1,40.25,1,40.35,22,2,2022-08-22 09:03:01
1661158981076557000,40.25,1,40.15,16,40.3,1,2,2022-08-22 09:03:01
1661158981076557000,40.2,6,40.15,16,40.3,1,2,2022-08-22 09:03:01
1661158981106236000,40.15,1,40.15,11,40.2,18,2,2022-08-22 09:03:01
1661158981112000000,40.2,10,40.15,11,40.2,8,1,2022-08-22 09:03:01
1661158981133601000,40.15,10,40.15,1,40.2,8,2,2022-08-22 09:03:01
1661158981146628000,40.2,1,40.15,1,40.2,7,1,2022-08-22 09:03:01
1661158981150414000,40.15,1,40.1,56,40.2,7,2,2022-08-22 09:03:01
1661158981167329000,40.1,1,40.1,55,40.15,1,2,2022-08-22 09:03:01
1661158981179669000,40.15,1,40.1,55,40.2,7,1,2022-08-22 09:03:01
1661158981305349000,40.15,1,40.15,1,40.2,7,2,2022-08-22 09:03:01
1661158981506811000,40.2,1,40.15,1,40.2,6,1,2022-08-22 09:03:01
1661158981705605000,40.2,1,40.15,3,40.2,5,1,2022-08-22 09:03:01
1661158981736311000,40.2,3,40.15,3,40.2,2,1,2022-08-22 09:03:01
1661158981738270000,40.15,1,40.15,2,40.2,2,2,2022-08-22 09:03:01
1661158981741779000,40.2,1,40.15,3,40.2,5,1,2022-08-22 09:03:01
1661158982134128000,40.2,1,40.2,1,40.25,4,1,2022-08-22 09:03:02
1661158982570077000,40.2,1,40.15,5,40.2,22,2,2022-08-22 09:03:02
1661158982695926000,40.2,1,40.15,6,40.2,21,1,2022-08-22 09:03:02
1661158982708949000,40.2,3,40.15,6,40.2,18,1,2022-08-22 09:03:02
1661158982756587000,40.2,1,40.15,6,40.2,17,1,2022-08-22 09:03:02
1661158982783406000,40.15,2,40.15,4,40.2,17,2,2022-08-22 09:03:02
1661158982796798000,40.2,1,40.15,7,40.2,16,1,2022-08-22 09:03:02
1661158982958913000,40.2,1,40.15,7,40.2,15,1,2022-08-22 09:03:02
1661158983113847000,40.2,2,40.15,7,40.2,13,1,2022-08-22 09:03:03
1661158983373455000,40.2,1,40.15,7,40.2,13,1,2022-08-22 09:03:03
1661158983491971000,40.2,2,40.15,7,40.2,19,1,2022-08-22 09:03:03
1661158983499260000,40.2,5,40.15,7,40.2,14,1,2022-08-22 09:03:03
1661158983657910000,40.2,2,40.15,9,40.2,16,1,2022-08-22 09:03:03
1661158983866055000,40.15,2,40.15,7,40.2,13,2,2022-08-22 09:03:03
1661158984132118000,40.2,1,40.15,7,40.2,12,1,2022-08-22 09:03:04
1661158984301547000,40.15,2,40.15,5,40.2,12,2,2022-08-22 09:03:04
1661158984316790000,40.2,1,40.15,5,40.2,11,1,2022-08-22 09:03:04
1661158984348012000,40.2,1,40.15,5,40.2,10,1,2022-08-22 09:03:04
1661158984583209000,40.2,1,40.15,5,40.2,9,1,2022-08-22 09:03:04
1661158984604669000,40.15,5,40.1,58,40.15,4,2,2022-08-22 09:03:04
1661158984624223000,40.15,1,40.1,58,40.15,3,1,2022-08-22 09:03:04
1661158984734835000,40.15,1,40.1,58,40.15,2,1,2022-08-22 09:03:04
1661158984821881000,40.15,1,40.1,58,40.15,1,1,2022-08-22 09:03:04
1661158984860119000,40.1,1,40.1,57,40.15,1,2,2022-08-22 09:03:04
1661158984921518000,40.15,1,40.1,57,40.2,5,1,2022-08-22 09:03:04
1661158984921518000,40.2,4,40.1,57,40.2,5,1,2022-08-22 09:03:04
1661158984967666000,40.2,1,40.1,57,40.2,4,1,2022-08-22 09:03:04
1661158985274911000,40.2,2,40.1,57,40.2,4,1,2022-08-22 09:03:05
1661158985715438000,40.2,1,40.15,2,40.2,6,1,2022-08-22 09:03:05
1661158985740429000,40.15,2,40.15,2,40.2,7,2,2022-08-22 09:03:05
1661158985740429000,40.1,13,40.15,2,40.2,7,2,2022-08-22 09:03:05
1661158985934824000,40.2,2,40.15,1,40.2,4,1,2022-08-22 09:03:05
1661158985957414000,40.2,4,40.15,1,40.3,34,1,2022-08-22 09:03:05
1661158985957414000,40.25,5,40.15,1,40.3,34,1,2022-08-22 09:03:05
1661158985957414000,40.3,1,40.15,1,40.3,34,1,2022-08-22 09:03:05
1661158985982984000,40.2,1,40.15,1,40.2,1,2,2022-08-22 09:03:05
1661158985984553000,40.15,1,40.1,44,40.2,1,2,2022-08-22 09:03:05
1661158986362091000,40.15,1,40.1,40,40.2,1,2,2022-08-22 09:03:06
1661158986362091000,40.1,2,40.1,40,40.2,1,2,2022-08-22 09:03:06
1661158986429014000,40.15,1,40.1,40,40.2,1,1,2022-08-22 09:03:06
1661158986565531000,40.1,1,40.1,39,40.2,1,2,2022-08-22 09:03:06
1661158986770215000,40.2,1,40.1,39,40.3,34,1,2022-08-22 09:03:06
1661158986981698000,40.1,4,40.1,35,40.2,3,2,2022-08-22 09:03:06
1661158987198600000,40.2,3,40.2,2,40.3,34,1,2022-08-22 09:03:07
1661158987323151000,40.2,1,40.2,2,40.3,34,2,2022-08-22 09:03:07
1661158988003544000,40.2,1,40.2,4,40.3,34,2,2022-08-22 09:03:08
1661158988161684000,40.2,1,40.2,3,40.25,1,2,2022-08-22 09:03:08
1661158988164552000,40.25,1,40.2,3,40.3,33,1,2022-08-22 09:03:08
1661158988164552000,40.3,1,40.2,3,40.3,33,1,2022-08-22 09:03:08
1661158988229954000,40.3,1,40.2,3,40.25,1,1,2022-08-22 09:03:08
1661158988464247000,40.2,3,40.15,24,40.3,32,2,2022-08-22 09:03:08
1661158988464247000,40.15,7,40.15,24,40.3,32,2,2022-08-22 09:03:08
1661158988519306000,40.2,7,40.15,24,40.25,1,1,2022-08-22 09:03:08
1661158988602796000,40.2,1,40.2,1,40.25,2,2,2022-08-22 09:03:08
1661158988953761000,40.2,1,40.2,2,40.25,2,2,2022-08-22 09:03:08
1661158988960934000,40.25,2,40.2,2,40.3,35,1,2022-08-22 09:03:08
1661158989266776000,40.3,1,40.2,3,40.25,2,1,2022-08-22 09:03:09
1661158989358680000,40.2,1,40.2,1,40.3,44,2,2022-08-22 09:03:09
1661158989444671000,40.2,1,40.15,24,40.2,9,2,2022-08-22 09:03:09
1661158989506426000,40.2,1,40.15,24,40.2,8,1,2022-08-22 09:03:09
1661158989537392000,40.2,3,40.15,24,40.2,5,1,2022-08-22 09:03:09
1661158989547458000,40.2,1,40.15,24,40.2,4,1,2022-08-22 09:03:09
1661158989582883000,40.2,2,40.15,24,40.2,2,1,2022-08-22 09:03:09
1661158989588696000,40.2,2,40.15,24,40.3,44,1,2022-08-22 09:03:09
1661158990714839000,40.2,1,40.2,15,40.25,24,2,2022-08-22 09:03:10
1661158991155946000,40.2,1,40.2,24,40.25,24,2,2022-08-22 09:03:11
1661158991167009000,40.25,2,40.2,25,40.25,24,1,2022-08-22 09:03:11
1661158991425669000,40.25,22,40.2,25,40.3,40,1,2022-08-22 09:03:11
1661158991425669000,40.3,28,40.2,25,40.3,40,1,2022-08-22 09:03:11
1661158991455273000,40.2,1,40.2,26,40.3,40,2,2022-08-22 09:03:11
1661158991517456000,40.2,9,40.2,17,40.3,40,2,2022-08-22 09:03:11
1661158991750140000,40.3,8,40.25,1,40.3,32,1,2022-08-22 09:03:11
1661158991793825000,40.25,1,40.25,1,40.3,40,2,2022-08-22 09:03:11
1661158991819193000,40.2,1,40.2,16,40.3,32,2,2022-08-22 09:03:11
1661158991839272000,40.2,2,40.2,18,40.3,32,2,2022-08-22 09:03:11
1661158991907777000,40.25,2,40.2,18,40.3,14,1,2022-08-22 09:03:11
1661158991907777000,40.3,18,40.2,18,40.3,14,1,2022-08-22 09:03:11
1661158992641897000,40.25,1,40.2,23,40.3,14,1,2022-08-22 09:03:12
1661158992798473000,40.25,1,40.2,23,40.3,14,2,2022-08-22 09:03:12
1661158992848772000,40.2,2,40.2,21,40.3,14,2,2022-08-22 09:03:12
1661158992922556000,40.2,3,40.2,18,40.3,14,2,2022-08-22 09:03:12
1661158994147321000,40.25,2,40.2,23,40.3,16,1,2022-08-22 09:03:14
1661158994147321000,40.3,1,40.2,23,40.3,16,1,2022-08-22 09:03:14
1661158994157124000,40.2,1,40.2,22,40.3,16,2,2022-08-22 09:03:14
1661158994248738000,40.2,1,40.2,21,40.25,2,2,2022-08-22 09:03:14
1661158994765188000,40.2,2,40.2,25,40.25,2,2,2022-08-22 09:03:14
1661158995094870000,40.25,1,40.2,28,40.25,1,1,2022-08-22 09:03:15
1661158995568113000,40.25,1,40.2,33,40.3,20,1,2022-08-22 09:03:15
1661158995659244000,40.3,5,40.2,33,40.3,15,1,2022-08-22 09:03:15
1661158995709607000,40.3,1,40.2,33,40.3,14,1,2022-08-22 09:03:15
1661158995843285000,40.2,1,40.2,38,40.3,14,2,2022-08-22 09:03:15
1661158996132281000,40.3,2,40.25,6,40.3,14,1,2022-08-22 09:03:16
1661158996563926000,40.3,6,40.25,6,40.3,6,1,2022-08-22 09:03:16
1661158997188127000,40.3,2,40.25,10,40.3,4,1,2022-08-22 09:03:17
1661158997206646000,40.25,1,40.25,9,40.3,4,2,2022-08-22 09:03:17
1661158997219813000,40.3,4,40.25,9,40.35,52,1,2022-08-22 09:03:17
1661158997347958000,40.25,1,40.25,9,40.35,52,2,2022-08-22 09:03:17
1661158997567818000,40.25,1,40.25,9,40.35,53,2,2022-08-22 09:03:17
1661158997821752000,40.3,2,40.25,9,40.3,23,2,2022-08-22 09:03:17
1661158997882402000,40.25,5,40.25,4,40.3,23,2,2022-08-22 09:03:17
1661158997959717000,40.25,1,40.25,3,40.3,24,2,2022-08-22 09:03:17
1661158997973639000,40.3,1,40.25,3,40.3,23,1,2022-08-22 09:03:17
1661158998189847000,40.3,1,40.25,4,40.3,22,1,2022-08-22 09:03:18
1661158998476033000,40.25,1,40.25,10,40.3,22,2,2022-08-22 09:03:18
1661158998569724000,40.25,1,40.25,10,40.3,22,2,2022-08-22 09:03:18
1661158998723501000,40.25,1,40.25,9,40.3,22,2,2022-08-22 09:03:18
1661158998731139000,40.3,1,40.25,9,40.3,21,1,2022-08-22 09:03:18
1661158998969380000,40.25,2,40.25,7,40.3,23,2,2022-08-22 09:03:18
1661158999638246000,40.3,1,40.25,8,40.3,22,1,2022-08-22 09:03:19
1661158999811593000,40.25,1,40.25,8,40.3,22,2,2022-08-22 09:03:19
1661159000389897000,40.25,1,40.25,8,40.3,27,2,2022-08-22 09:03:20
1661159000398944000,40.3,1,40.25,8,40.3,26,1,2022-08-22 09:03:20
1661159000797638000,40.3,1,40.25,10,40.3,52,1,2022-08-22 09:03:20
1661159000977732000,40.25,1,40.25,9,40.3,52,2,2022-08-22 09:03:20
1661159001008297000,40.3,1,40.25,9,40.3,52,1,2022-08-22 09:03:21
1661159001774989000,40.3,1,40.25,10,40.3,52,1,2022-08-22 09:03:21
1661159001902321000,40.3,1,40.25,10,40.3,55,1,2022-08-22 09:03:21
1661159002288123000,40.25,1,40.25,10,40.3,56,2,2022-08-22 09:03:22
1661159002446946000,40.25,5,40.25,15,40.3,56,2,2022-08-22 09:03:22
1661159002504459000,40.25,1,40.25,15,40.3,56,2,2022-08-22 09:03:22
1661159002566116000,40.3,4,40.25,15,40.3,52,1,2022-08-22 09:03:22
1661159003027780000,40.25,4,40.25,14,40.3,54,2,2022-08-22 09:03:23
1661159003133515000,40.3,1,40.25,16,40.3,53,1,2022-08-22 09:03:23
1661159003215868000,40.25,1,40.25,15,40.3,53,2,2022-08-22 09:03:23
1661159003262120000,40.25,1,40.25,16,40.3,54,2,2022-08-22 09:03:23
1661159003311877000,40.25,1,40.25,13,40.3,53,2,2022-08-22 09:03:23
1661159003351690000,40.25,1,40.25,12,40.3,53,2,2022-08-22 09:03:23
1661159003641327000,40.3,1,40.25,13,40.3,52,1,2022-08-22 09:03:23
1661159003648420000,40.3,5,40.25,13,40.3,47,1,2022-08-22 09:03:23
1661159003767309000,40.3,1,40.25,13,40.3,46,1,2022-08-22 09:03:23
1661159003900178000,40.3,2,40.25,13,40.3,44,1,2022-08-22 09:03:23
1661159004079915000,40.3,1,40.25,15,40.3,43,1,2022-08-22 09:03:24
1661159004115340000,40.3,17,40.25,15,40.3,26,1,2022-08-22 09:03:24
1661159004209445000,40.25,1,40.25,14,40.3,27,2,2022-08-22 09:03:24
1661159004291501000,40.25,5,40.25,9,40.3,27,2,2022-08-22 09:03:24
1661159004313917000,40.25,1,40.25,8,40.3,27,2,2022-08-22 09:03:24
1661159004332416000,40.25,1,40.25,8,40.3,27,2,2022-08-22 09:03:24
1661159004350673000,40.25,1,40.25,7,40.3,27,2,2022-08-22 09:03:24
1661159004357916000,40.25,1,40.25,6,40.3,27,2,2022-08-22 09:03:24
1661159004361939000,40.25,1,40.25,5,40.3,27,2,2022-08-22 09:03:24
1661159004774364000,40.25,1,40.25,8,40.3,27,2,2022-08-22 09:03:24
1661159005494329000,40.3,1,40.25,10,40.3,26,1,2022-08-22 09:03:25
1661159005575318000,40.25,1,40.25,11,40.3,26,2,2022-08-22 09:03:25
1661159005998876000,40.25,10,40.15,46,40.3,26,2,2022-08-22 09:03:25
1661159005998876000,40.2,70,40.15,46,40.3,26,2,2022-08-22 09:03:25
1661159005998876000,40.15,5,40.15,46,40.3,26,2,2022-08-22 09:03:25
1661159006256666000,40.25,5,40.2,1,40.25,5,1,2022-08-22 09:03:26
1661159006579183000,40.25,3,40.25,25,40.3,28,2,2022-08-22 09:03:26
1661159006682242000,40.25,2,40.25,23,40.3,28,2,2022-08-22 09:03:26
1661159007080091000,40.3,28,40.25,24,40.35,52,1,2022-08-22 09:03:27
1661159007585439000,40.25,2,40.25,44,40.35,53,2,2022-08-22 09:03:27
1661159008451212000,40.25,1,40.25,46,40.3,11,2,2022-08-22 09:03:28
1661159008512010000,40.3,1,40.25,46,40.3,10,1,2022-08-22 09:03:28
1661159008895271000,40.3,1,40.25,48,40.3,9,1,2022-08-22 09:03:28
1661159009301475000,40.3,6,40.25,49,40.3,3,1,2022-08-22 09:03:29
1661159009757633000,40.25,5,40.25,50,40.3,4,2,2022-08-22 09:03:29
1661159009797141000,40.3,1,40.25,45,40.3,3,1,2022-08-22 09:03:29
1661159009925166000,40.3,1,40.25,45,40.3,2,1,2022-08-22 09:03:29
1661159010089229000,40.3,3,40.25,45,40.35,54,1,2022-08-22 09:03:30
1661159010567186000,40.25,10,40.25,37,40.35,54,2,2022-08-22 09:03:30
1661159010571497000,40.35,25,40.25,37,40.35,29,1,2022-08-22 09:03:30
1661159010882948000,40.3,1,40.25,34,40.35,29,2,2022-08-22 09:03:30
1661159010882948000,40.25,9,40.25,34,40.35,29,2,2022-08-22 09:03:30
1661159011003002000,40.25,3,40.25,31,40.35,29,2,2022-08-22 09:03:31
1661159011035249000,40.3,1,40.25,31,40.3,1,1,2022-08-22 09:03:31
1661159011035439000,40.3,1,40.25,31,40.35,29,1,2022-08-22 09:03:31
1661159011160246000,40.3,2,40.25,32,40.35,29,1,2022-08-22 09:03:31
1661159011277416000,40.3,1,40.3,5,40.35,29,2,2022-08-22 09:03:31
1661159011294991000,40.3,3,40.3,1,40.35,29,2,2022-08-22 09:03:31
1661159011435462000,40.35,3,40.3,21,40.35,26,1,2022-08-22 09:03:31
1661159011553191000,40.35,7,40.3,21,40.35,19,1,2022-08-22 09:03:31
1661159011583972000,40.35,19,40.3,22,40.4,38,1,2022-08-22 09:03:31
1661159011614731000,40.35,18,40.3,22,40.35,4,1,2022-08-22 09:03:31
1661159011777915000,40.35,4,40.3,24,40.35,4,1,2022-08-22 09:03:31
1661159011777915000,40.4,4,40.3,24,40.35,4,1,2022-08-22 09:03:31
1661159012074012000,40.3,5,40.3,19,40.4,34,2,2022-08-22 09:03:32
1661159012126939000,40.3,1,40.3,19,40.4,34,2,2022-08-22 09:03:32
1661159013157044000,40.4,1,40.35,1,40.4,34,1,2022-08-22 09:03:33
1661159013481690000,40.35,1,40.35,2,40.4,34,2,2022-08-22 09:03:33
1661159013490218000,40.4,1,40.35,2,40.4,33,1,2022-08-22 09:03:33
1661159013689124000,40.35,2,40.35,2,40.4,33,2,2022-08-22 09:03:33
1661159013689124000,40.3,2,40.35,2,40.4,33,2,2022-08-22 09:03:33
1661159013833949000,40.3,2,40.3,22,40.4,33,2,2022-08-22 09:03:33
1661159014350976000,40.4,1,40.35,1,40.4,32,1,2022-08-22 09:03:34
1661159015069816000,40.4,5,40.35,1,40.4,49,1,2022-08-22 09:03:35
1661159015133880000,40.35,1,40.3,29,40.35,4,2,2022-08-22 09:03:35
1661159015465402000,40.35,3,40.3,30,40.35,1,1,2022-08-22 09:03:35
1661159016525299000,40.35,1,40.3,34,40.35,1,1,2022-08-22 09:03:36
1661159016693997000,40.35,1,40.3,34,40.35,1,1,2022-08-22 09:03:36
1661159017159326000,40.4,22,40.35,2,40.4,30,1,2022-08-22 09:03:37
1661159017449628000,40.4,1,40.35,2,40.4,29,1,2022-08-22 09:03:37
1661159017579343000,40.35,4,40.3,38,40.35,6,2,2022-08-22 09:03:37
1661159017613860000,40.3,1,40.3,38,40.35,6,2,2022-08-22 09:03:37
1661159018246932000,40.3,2,40.3,36,40.35,7,2,2022-08-22 09:03:38
1661159018270652000,40.35,1,40.3,38,40.35,7,1,2022-08-22 09:03:38
1661159018427735000,40.35,1,40.3,36,40.35,5,1,2022-08-22 09:03:38
1661159018541530000,40.3,2,40.3,34,40.35,5,2,2022-08-22 09:03:38
1661159019059145000,40.35,1,40.3,36,40.35,4,1,2022-08-22 09:03:39
1661159019345299000,40.35,1,40.3,40,40.35,3,1,2022-08-22 09:03:39
1661159019576304000,40.35,1,40.3,40,40.35,2,1,2022-08-22 09:03:39
1661159019867864000,40.35,3,40.3,41,40.4,38,1,2022-08-22 09:03:39
1661159019867864000,40.4,2,40.3,41,40.4,38,1,2022-08-22 09:03:39
1661159020155398000,40.4,10,40.3,51,40.4,28,1,2022-08-22 09:03:40
1661159020420353000,40.35,1,40.35,4,40.4,28,2,2022-08-22 09:03:40
1661159020528883000,40.35,1,40.35,3,40.4,28,2,2022-08-22 09:03:40
1661159020657320000,40.35,1,40.35,3,40.4,28,2,2022-08-22 09:03:40
1661159020672813000,40.35,3,40.3,52,40.35,19,2,2022-08-22 09:03:40
1661159021062652000,40.35,5,40.3,54,40.35,20,1,2022-08-22 09:03:41
1661159021420627000,40.35,1,40.3,54,40.35,14,1,2022-08-22 09:03:41
1661159021499151000,40.35,1,40.3,59,40.35,13,1,2022-08-22 09:03:41
1661159021656059000,40.35,2,40.3,60,40.35,11,1,2022-08-22 09:03:41
1661159021700092000,40.35,1,40.3,60,40.35,10,1,2022-08-22 09:03:41
1661159021772304000,40.35,10,40.3,60,40.35,13,1,2022-08-22 09:03:41
1661159022125642000,40.4,1,40.3,60,40.4,49,1,2022-08-22 09:03:42
1661159022159464000,40.4,10,40.3,60,40.4,39,1,2022-08-22 09:03:42
1661159022738238000,40.4,1,40.35,2,40.4,38,1,2022-08-22 09:03:42
1661159023370783000,40.35,3,40.35,4,40.4,38,2,2022-08-22 09:03:43
1661159023480087000,40.35,1,40.35,7,40.4,38,2,2022-08-22 09:03:43
1661159023895229000,40.4,1,40.35,8,40.4,37,1,2022-08-22 09:03:43
1661159023926837000,40.4,3,40.35,8,40.4,34,1,2022-08-22 09:03:43
1661159024153635000,40.4,5,40.35,9,40.4,29,1,2022-08-22 09:03:44
1661159024192563000,40.35,9,40.3,72,40.35,1,2,2022-08-22 09:03:44
1661159024220834000,40.35,1,40.3,72,40.35,1,1,2022-08-22 09:03:44
1661159024295862000,40.4,10,40.3,72,40.4,19,1,2022-08-22 09:03:44
1661159024498288000,40.4,2,40.35,10,40.4,17,1,2022-08-22 09:03:44
1661159024643487000,40.35,10,40.35,11,40.4,17,2,2022-08-22 09:03:44
1661159024683945000,40.35,1,40.35,10,40.4,17,2,2022-08-22 09:03:44
1661159024960951000,40.4,2,40.35,12,40.4,15,1,2022-08-22 09:03:44
1661159025199871000,40.4,1,40.35,12,40.4,15,1,2022-08-22 09:03:45
1661159025543972000,40.35,2,40.35,10,40.4,14,2,2022-08-22 09:03:45
1661159025727345000,40.4,1,40.35,11,40.4,13,1,2022-08-22 09:03:45
1661159025777526000,40.4,5,40.35,11,40.4,14,1,2022-08-22 09:03:45
1661159025802780000,40.4,1,40.35,11,40.4,7,1,2022-08-22 09:03:45
1661159026400608000,40.4,3,40.35,14,40.4,4,1,2022-08-22 09:03:46
1661159026543963000,40.4,1,40.35,14,40.4,3,1,2022-08-22 09:03:46
1661159026560966000,40.4,3,40.4,3,40.45,86,1,2022-08-22 09:03:46
1661159026877774000,40.4,4,40.4,9,40.45,86,2,2022-08-22 09:03:46
1661159028428741000,40.45,2,40.4,13,40.45,81,1,2022-08-22 09:03:48
1661159028640191000,40.45,1,40.4,13,40.45,80,1,2022-08-22 09:03:48
1661159028736581000,40.4,2,40.4,11,40.45,80,2,2022-08-22 09:03:48
1661159028858127000,40.45,2,40.4,11,40.45,78,1,2022-08-22 09:03:48
1661159028877866000,40.4,4,40.4,7,40.45,78,2,2022-08-22 09:03:48
1661159028925330000,40.45,2,40.4,7,40.45,76,1,2022-08-22 09:03:48
1661159029049151000,40.4,1,40.4,9,40.45,76,2,2022-08-22 09:03:49
1661159029055486000,40.45,2,40.4,9,40.45,74,1,2022-08-22 09:03:49
1661159029127378000,40.4,1,40.4,8,40.45,74,2,2022-08-22 09:03:49
1661159029171829000,40.4,1,40.4,7,40.45,75,2,2022-08-22 09:03:49
1661159030337949000,40.4,12,40.35,58,40.45,75,2,2022-08-22 09:03:50
1661159030337949000,40.35,3,40.35,58,40.45,75,2,2022-08-22 09:03:50
1661159030354166000,40.35,3,40.35,55,40.45,75,2,2022-08-22 09:03:50
1661159030370787000,40.35,1,40.35,54,40.45,75,2,2022-08-22 09:03:50
1661159030646953000,40.4,1,40.4,13,40.45,75,2,2022-08-22 09:03:50
1661159031260017000,40.45,1,40.4,12,40.45,74,1,2022-08-22 09:03:51
1661159031270343000,40.4,1,40.4,12,40.45,75,2,2022-08-22 09:03:51
1661159031377396000,40.45,1,40.4,11,40.45,73,1,2022-08-22 09:03:51
1661159031559468000,40.45,1,40.4,11,40.45,72,1,2022-08-22 09:03:51
1661159031969255000,40.4,1,40.4,32,40.45,72,2,2022-08-22 09:03:51
1661159032485754000,40.45,1,40.4,37,40.45,72,1,2022-08-22 09:03:52
1661159032620001000,40.4,1,40.4,36,40.45,72,2,2022-08-22 09:03:52
1661159033232275000,40.4,15,40.4,25,40.45,72,2,2022-08-22 09:03:53
1661159033649322000,40.4,20,40.4,7,40.45,66,2,2022-08-22 09:03:53
1661159033687648000,40.4,1,40.4,7,40.45,66,2,2022-08-22 09:03:53
1661159033936502000,40.4,1,40.4,7,40.45,66,2,2022-08-22 09:03:53
1661159033997053000,40.45,1,40.4,7,40.45,65,1,2022-08-22 09:03:53
1661159034518531000,40.45,1,40.4,9,40.45,64,1,2022-08-22 09:03:54
1661159035478826000,40.4,3,40.4,11,40.45,64,2,2022-08-22 09:03:55
1661159035694322000,40.45,1,40.4,13,40.45,64,1,2022-08-22 09:03:55
1661159035857109000,40.4,2,40.4,12,40.45,63,2,2022-08-22 09:03:55
1661159035865797000,40.4,3,40.4,9,40.45,63,2,2022-08-22 09:03:55
1661159036273254000,40.4,1,40.4,9,40.45,85,2,2022-08-22 09:03:56
1661159036420791000,40.45,1,40.4,20,40.45,84,1,2022-08-22 09:03:56
1661159036424226000,40.4,1,40.4,19,40.45,84,2,2022-08-22 09:03:56
1661159036552254000,40.4,1,40.4,19,40.45,84,2,2022-08-22 09:03:56
1661159036756094000,40.4,1,40.4,20,40.45,84,2,2022-08-22 09:03:56
1661159037136030000,40.45,2,40.4,22,40.45,82,1,2022-08-22 09:03:57
1661159037372017000,40.45,1,40.4,27,40.45,82,1,2022-08-22 09:03:57
1661159037596399000,40.45,1,40.4,27,40.45,81,1,2022-08-22 09:03:57
1661159037899585000,40.4,2,40.4,27,40.45,81,2,2022-08-22 09:03:57
1661159038114397000,40.4,2,40.4,26,40.45,81,2,2022-08-22 09:03:58
1661159038312516000,40.45,3,40.4,27,40.45,78,1,2022-08-22 09:03:58
1661159038345692000,40.4,2,40.4,25,40.45,78,2,2022-08-22 09:03:58
1661159038362431000,40.4,5,40.4,20,40.45,78,2,2022-08-22 09:03:58
1661159038676490000,40.45,1,40.4,21,40.45,81,1,2022-08-22 09:03:58
1661159038946982000,40.4,1,40.4,51,40.45,81,2,2022-08-22 09:03:58
1661159039291635000,40.45,2,40.4,51,40.45,79,1,2022-08-22 09:03:59
1661159039446697000,40.4,5,40.4,47,40.45,85,2,2022-08-22 09:03:59
1661159039616643000,40.45,1,40.4,52,40.45,85,1,2022-08-22 09:03:59
1661159040088739000,40.45,1,40.4,49,40.45,85,1,2022-08-22 09:04:00
1661159040155413000,40.4,1,40.4,48,40.45,85,2,2022-08-22 09:04:00
1661159040401054000,40.4,10,40.4,38,40.45,85,2,2022-08-22 09:04:00
1661159040440927000,40.4,38,40.35,64,40.45,85,2,2022-08-22 09:04:00
1661159040481545000,40.35,2,40.35,62,40.45,85,2,2022-08-22 09:04:00
1661159040533880000,40.45,2,40.35,62,40.45,87,1,2022-08-22 09:04:00
1661159040556663000,40.45,1,40.35,62,40.45,90,1,2022-08-22 09:04:00
1661159040646173000,40.45,10,40.4,1,40.45,80,1,2022-08-22 09:04:00
1661159040692927000,40.45,2,40.4,1,40.45,90,1,2022-08-22 09:04:00
1661159040955083000,40.4,1,40.35,61,40.4,5,2,2022-08-22 09:04:00
1661159041129894000,40.4,1,40.35,61,40.4,4,1,2022-08-22 09:04:01
1661159041387102000,40.4,1,40.35,61,40.4,3,1,2022-08-22 09:04:01
1661159041695813000,40.35,3,40.35,58,40.4,10,2,2022-08-22 09:04:01
1661159042025225000,40.4,2,40.35,58,40.4,16,1,2022-08-22 09:04:02
1661159042222797000,40.4,6,40.35,58,40.4,10,1,2022-08-22 09:04:02
1661159042279586000,40.35,2,40.35,56,40.4,11,2,2022-08-22 09:04:02
1661159042666898000,40.4,2,40.35,56,40.4,9,1,2022-08-22 09:04:02
1661159042754274000,40.35,2,40.35,56,40.4,59,2,2022-08-22 09:04:02
1661159042796428000,40.35,1,40.35,53,40.4,59,2,2022-08-22 09:04:02
1661159042828976000,40.4,1,40.35,53,40.4,58,1,2022-08-22 09:04:02
1661159042833848000,40.35,53,40.3,278,40.4,58,2,2022-08-22 09:04:02
1661159042932359000,40.35,3,40.3,278,40.35,2,1,2022-08-22 09:04:02
1661159042982475000,40.35,1,40.3,278,40.35,1,1,2022-08-22 09:04:02
1661159043388053000,40.35,1,40.3,278,40.4,66,1,2022-08-22 09:04:03
1661159043388053000,40.4,2,40.3,278,40.4,66,1,2022-08-22 09:04:03
1661159043501553000,40.35,2,40.3,278,40.35,8,1,2022-08-22 09:04:03
1661159043683203000,40.35,1,40.3,278,40.35,29,1,2022-08-22 09:04:03
1661159043770937000,40.3,80,40.25,94,40.35,57,2,2022-08-22 09:04:03
1661159043803470000,40.25,22,40.25,72,40.35,57,2,2022-08-22 09:04:03
1661159043804219000,40.25,69,40.25,3,40.35,57,2,2022-08-22 09:04:03
1661159043835311000,40.25,3,40.2,51,40.3,52,2,2022-08-22 09:04:03
1661159044154895000,40.3,1,40.2,47,40.3,54,1,2022-08-22 09:04:04
1661159044210414000,40.3,1,40.2,47,40.3,98,1,2022-08-22 09:04:04
1661159044403062000,40.3,1,40.2,47,40.3,96,1,2022-08-22 09:04:04
1661159044551730000,40.25,1,40.2,47,40.25,7,1,2022-08-22 09:04:04
1661159044859636000,40.25,5,40.2,44,40.25,10,1,2022-08-22 09:04:04
1661159044873314000,40.25,1,40.2,44,40.25,9,1,2022-08-22 09:04:04
1661159045030339000,40.2,10,40.2,34,40.25,9,2,2022-08-22 09:04:05
1661159045036606000,40.25,1,40.2,34,40.25,8,1,2022-08-22 09:04:05
1661159045077016000,40.2,1,40.2,33,40.25,8,2,2022-08-22 09:04:05
1661159045233764000,40.25,1,40.2,33,40.25,8,1,2022-08-22 09:04:05
1661159045261077000,40.2,5,40.2,28,40.25,8,2,2022-08-22 09:04:05
1661159045334336000,40.25,2,40.2,28,40.25,6,1,2022-08-22 09:04:05
1661159045615508000,40.25,1,40.2,28,40.25,5,1,2022-08-22 09:04:05
1661159045647193000,40.25,2,40.2,28,40.25,3,1,2022-08-22 09:04:05
1661159045887920000,40.2,28,40.15,120,40.25,3,2,2022-08-22 09:04:05
1661159046036862000,40.2,1,40.15,119,40.25,3,1,2022-08-22 09:04:06
1661159046323916000,40.25,2,40.15,119,40.25,11,1,2022-08-22 09:04:06
1661159046530605000,40.25,1,40.15,119,40.25,10,1,2022-08-22 09:04:06
1661159046548427000,40.25,1,40.15,119,40.25,9,1,2022-08-22 09:04:06
1661159047321763000,40.15,1,40.15,115,40.2,1,2,2022-08-22 09:04:07
1661159047570153000,40.15,5,40.15,110,40.2,1,2,2022-08-22 09:04:07
1661159047660031000,40.2,1,40.15,110,40.2,1,1,2022-08-22 09:04:07
1661159047833316000,40.15,1,40.15,109,40.25,23,2,2022-08-22 09:04:07
1661159047847948000,40.15,8,40.15,101,40.25,23,2,2022-08-22 09:04:07
1661159048005962000,40.15,101,40.1,41,40.2,4,2,2022-08-22 09:04:08
1661159048659148000,40.1,2,40.1,39,40.15,1,2,2022-08-22 09:04:08
1661159048698340000,40.1,22,40.1,19,40.15,1,2,2022-08-22 09:04:08
1661159048699330000,40.1,1,40.1,18,40.15,1,2,2022-08-22 09:04:08
1661159048741497000,40.1,1,40.1,17,40.15,1,2,2022-08-22 09:04:08
1661159048795751000,40.15,1,40.1,17,40.2,11,1,2022-08-22 09:04:08
1661159048817005000,40.1,1,40.1,16,40.2,11,2,2022-08-22 09:04:08
1661159048851216000,40.1,16,40.05,28,40.2,11,2,2022-08-22 09:04:08
1661159049125196000,40.05,1,40.05,23,40.15,5,2,2022-08-22 09:04:09
1661159049173334000,40.15,1,40.05,20,40.15,4,1,2022-08-22 09:04:09
1661159049893586000,40.05,2,40.05,18,40.1,25,2,2022-08-22 09:04:09
1661159049923259000,40.05,1,40.05,17,40.1,25,2,2022-08-22 09:04:09
1661159050299804000,40.05,17,40.0,80,40.1,25,2,2022-08-22 09:04:10
1661159050350321000,40.05,2,40.0,80,40.1,7,1,2022-08-22 09:04:10
1661159050350321000,40.1,18,40.0,80,40.1,7,1,2022-08-22 09:04:10
1661159050439906000,40.05,1,40.0,80,40.1,7,1,2022-08-22 09:04:10
1661159050826211000,40.0,1,40.0,79,40.1,7,2,2022-08-22 09:04:10
1661159050860799000,40.0,22,40.0,57,40.1,7,2,2022-08-22 09:04:10
1661159050891430000,40.0,2,40.0,55,40.1,7,2,2022-08-22 09:04:10
1661159051047589000,40.0,1,40.0,54,40.05,1,2,2022-08-22 09:04:11
1661159051167831000,40.05,1,40.0,54,40.1,7,1,2022-08-22 09:04:11
1661159051280463000,40.05,1,40.0,54,40.1,6,1,2022-08-22 09:04:11
1661159051280463000,40.1,1,40.0,54,40.1,6,1,2022-08-22 09:04:11
1661159051362745000,40.1,1,40.0,54,40.1,5,1,2022-08-22 09:04:11
1661159051617151000,40.1,1,40.05,11,40.1,4,1,2022-08-22 09:04:11
1661159051649633000,40.1,4,40.05,11,40.1,5,1,2022-08-22 09:04:11
1661159051842262000,40.05,3,40.05,8,40.15,3,2,2022-08-22 09:04:11
1661159051923728000,40.05,8,40.0,54,40.05,2,2,2022-08-22 09:04:11
1661159052125078000,40.05,2,40.0,54,40.15,3,1,2022-08-22 09:04:12
1661159052228591000,40.0,10,40.0,44,40.15,3,2,2022-08-22 09:04:12
1661159052361104000,40.0,44,39.95,18,40.15,3,2,2022-08-22 09:04:12
1661159053055908000,40.15,1,39.95,18,40.15,11,1,2022-08-22 09:04:13
1661159053511440000,40.1,2,40.0,4,40.1,9,1,2022-08-22 09:04:13
1661159053515687000,40.1,1,40.0,4,40.1,8,1,2022-08-22 09:04:13
1661159053777682000,40.05,1,40.0,4,40.05,1,1,2022-08-22 09:04:13
1661159053777682000,40.1,5,40.0,4,40.05,1,1,2022-08-22 09:04:13
1661159054010347000,40.0,1,40.0,3,40.1,10,2,2022-08-22 09:04:14
1661159054055817000,40.1,2,40.0,3,40.1,8,1,2022-08-22 09:04:14
1661159054253992000,40.1,2,40.0,3,40.1,6,1,2022-08-22 09:04:14
1661159054706263000,40.0,1,40.0,5,40.1,6,2,2022-08-22 09:04:14
1661159055238228000,40.05,2,40.0,16,40.1,7,2,2022-08-22 09:04:15
1661159055472010000,40.0,1,40.0,15,40.1,7,2,2022-08-22 09:04:15
1661159055582247000,40.0,1,40.0,15,40.1,7,2,2022-08-22 09:04:15
1661159055877029000,40.0,1,40.0,14,40.1,7,2,2022-08-22 09:04:15
1661159055901738000,40.1,1,40.0,14,40.1,6,1,2022-08-22 09:04:15
1661159056005888000,40.05,1,40.0,14,40.1,6,2,2022-08-22 09:04:16
1661159056275626000,40.0,2,40.0,12,40.05,1,2,2022-08-22 09:04:16
1661159056813622000,40.05,1,40.0,12,40.05,12,1,2022-08-22 09:04:16
1661159057035427000,40.05,1,40.0,11,40.05,11,1,2022-08-22 09:04:17
1661159057193131000,40.0,5,40.0,6,40.05,11,2,2022-08-22 09:04:17
1661159057245892000,40.0,1,40.0,11,40.05,12,2,2022-08-22 09:04:17
1661159057307833000,40.0,5,39.95,32,40.05,11,2,2022-08-22 09:04:17
1661159057538130000,39.95,10,39.95,22,40.05,11,2,2022-08-22 09:04:17
1661159057686339000,40.0,1,39.95,22,40.05,11,2,2022-08-22 09:04:17
1661159057780545000,40.0,1,39.95,22,40.05,11,2,2022-08-22 09:04:17
1661159057912642000,39.95,1,39.95,21,40.05,11,2,2022-08-22 09:04:17
1661159057934553000,40.05,3,39.95,21,40.05,8,1,2022-08-22 09:04:17
1661159058029205000,40.0,1,39.95,21,40.05,11,2,2022-08-22 09:04:18
1661159058059812000,40.0,1,39.95,21,40.05,15,2,2022-08-22 09:04:18
1661159058159958000,40.05,1,39.95,21,40.05,14,1,2022-08-22 09:04:18
1661159058182598000,40.05,5,39.95,21,40.05,9,1,2022-08-22 09:04:18
1661159058513650000,40.05,1,39.95,22,40.05,30,1,2022-08-22 09:04:18
1661159058554420000,39.95,1,39.95,22,40.05,31,2,2022-08-22 09:04:18
1661159058963977000,39.95,7,39.95,14,40.0,4,2,2022-08-22 09:04:18
1661159059572701000,39.95,14,39.9,32,40.0,6,2,2022-08-22 09:04:19
1661159059679530000,39.9,2,39.9,26,40.0,6,2,2022-08-22 09:04:19
1661159060197810000,39.95,10,39.9,92,40.0,9,1,2022-08-22 09:04:20
1661159060248415000,39.95,1,39.9,114,39.95,1,1,2022-08-22 09:04:20
1661159060248415000,40.0,8,39.9,114,39.95,1,1,2022-08-22 09:04:20
1661159060375801000,39.95,2,39.9,114,40.0,1,1,2022-08-22 09:04:20
1661159060436591000,40.0,1,39.9,136,40.05,30,1,2022-08-22 09:04:20
1661159060650235000,39.95,1,39.9,136,40.05,30,1,2022-08-22 09:04:20
1661159061279538000,40.05,2,40.0,2,40.05,30,1,2022-08-22 09:04:21
1661159061629481000,40.05,1,40.0,2,40.05,30,1,2022-08-22 09:04:21
1661159062032183000,40.0,1,40.0,1,40.05,29,2,2022-08-22 09:04:22
1661159062034571000,40.0,1,39.95,5,40.05,29,2,2022-08-22 09:04:22
1661159062644634000,40.0,2,39.95,5,40.0,8,1,2022-08-22 09:04:22
1661159062674773000,40.0,8,39.95,5,40.05,26,1,2022-08-22 09:04:22
1661159062865211000,40.05,15,39.95,5,40.05,11,1,2022-08-22 09:04:22
1661159062892299000,40.0,1,39.95,5,40.0,1,2,2022-08-22 09:04:22
1661159062895988000,40.0,1,39.95,5,40.05,1,1,2022-08-22 09:04:22
1661159062895988000,40.05,10,39.95,5,40.05,1,1,2022-08-22 09:04:22
1661159062918530000,40.0,1,39.95,5,40.05,1,1,2022-08-22 09:04:22
1661159062923587000,40.05,1,39.95,5,40.1,48,1,2022-08-22 09:04:22
1661159062923587000,40.1,3,39.95,5,40.1,48,1,2022-08-22 09:04:22
1661159063064039000,40.0,1,39.95,5,40.1,48,1,2022-08-22 09:04:23
1661159063292943000,40.0,1,39.95,6,40.1,48,1,2022-08-22 09:04:23
1661159063380069000,40.1,1,39.95,7,40.1,47,1,2022-08-22 09:04:23
1661159063814992000,40.0,1,39.95,9,40.1,47,1,2022-08-22 09:04:23
1661159063915242000,40.0,1,39.95,10,40.1,47,1,2022-08-22 09:04:23
1661159064121589000,40.05,1,40.0,1,40.05,9,1,2022-08-22 09:04:24
1661159064142651000,40.05,4,40.0,1,40.05,5,1,2022-08-22 09:04:24
1661159064222811000,40.0,1,39.9,102,40.05,5,2,2022-08-22 09:04:24
1661159064222811000,39.95,10,39.9,102,40.05,5,2,2022-08-22 09:04:24
1661159064222811000,39.9,39,39.9,102,40.05,5,2,2022-08-22 09:04:24
1661159064259948000,39.9,1,39.85,3,39.9,21,2,2022-08-22 09:04:24
1661159064273679000,39.9,2,39.85,3,39.9,21,1,2022-08-22 09:04:24
1661159064311021000,39.9,1,39.85,3,39.9,18,1,2022-08-22 09:04:24
1661159064370243000,39.9,1,39.85,3,39.9,17,1,2022-08-22 09:04:24
1661159064386633000,39.9,1,39.85,3,39.9,16,1,2022-08-22 09:04:24
1661159064572641000,39.9,10,39.85,3,39.9,6,1,2022-08-22 09:04:24
1661159064636421000,39.85,3,39.8,10,39.9,6,2,2022-08-22 09:04:24
1661159064636421000,39.8,7,39.8,10,39.9,6,2,2022-08-22 09:04:24
1661159064785849000,39.9,2,39.8,10,39.9,4,1,2022-08-22 09:04:24
1661159064889248000,39.8,3,39.8,7,39.9,4,2,2022-08-22 09:04:24
1661159065051831000,39.9,1,39.8,7,39.9,3,1,2022-08-22 09:04:25
1661159065126539000,39.9,2,39.8,7,39.9,4,1,2022-08-22 09:04:25
1661159065356545000,39.8,1,39.8,6,39.9,1,2,2022-08-22 09:04:25
1661159065436414000,39.9,1,39.8,6,40.0,8,1,2022-08-22 09:04:25
1661159065589714000,39.95,2,39.8,6,40.0,4,2,2022-08-22 09:04:25
1661159065880694000,40.0,6,39.8,6,40.05,2,1,2022-08-22 09:04:25
1661159065880694000,40.05,4,39.8,6,40.05,2,1,2022-08-22 09:04:25
1661159066646579000,39.95,1,39.85,4,40.0,9,2,2022-08-22 09:04:26
1661159066728090000,39.8,1,39.8,6,40.0,9,2,2022-08-22 09:04:26
1661159066873660000,39.8,5,39.75,5,39.95,1,2,2022-08-22 09:04:26
1661159066873660000,39.75,5,39.75,5,39.95,1,2,2022-08-22 09:04:26
1661159066874881000,39.95,1,39.75,5,40.0,11,1,2022-08-22 09:04:26
1661159066874881000,40.0,2,39.75,5,40.0,11,1,2022-08-22 09:04:26
1661159067071537000,39.8,1,39.8,2,39.95,5,2,2022-08-22 09:04:27
1661159067309871000,39.85,1,39.8,2,39.85,1,1,2022-08-22 09:04:27
1661159067325895000,39.8,2,39.75,1,39.85,1,2,2022-08-22 09:04:27
1661159068056746000,39.75,1,39.75,1,39.85,1,2,2022-08-22 09:04:28
1661159068416991000,39.85,1,39.75,1,39.85,4,1,2022-08-22 09:04:28
1661159068821623000,39.75,1,39.7,12,39.85,4,2,2022-08-22 09:04:28
1661159068821623000,39.7,4,39.7,12,39.85,4,2,2022-08-22 09:04:28
1661159068848221000,39.7,10,39.7,2,39.85,4,2,2022-08-22 09:04:28
1661159068943653000,39.8,4,39.8,1,39.85,4,2,2022-08-22 09:04:28
1661159068951307000,39.85,1,39.8,1,39.85,3,1,2022-08-22 09:04:28
1661159069071305000,39.8,1,39.7,2,39.85,3,2,2022-08-22 09:04:29
1661159069364426000,39.85,1,39.7,2,39.85,2,1,2022-08-22 09:04:29
1661159069882282000,39.8,1,39.8,1,39.85,3,1,2022-08-22 09:04:29
1661159070684690000,39.8,1,39.8,1,39.85,12,2,2022-08-22 09:04:30
1661159070752160000,39.8,1,39.8,1,39.85,12,2,2022-08-22 09:04:30
1661159070752160000,39.7,2,39.8,1,39.85,12,2,2022-08-22 09:04:30
1661159070752160000,39.65,2,39.8,1,39.85,12,2,2022-08-22 09:04:30
1661159070804420000,39.65,5,39.6,57,39.85,12,2,2022-08-22 09:04:30
1661159070838412000,39.8,1,39.6,57,39.8,8,2,2022-08-22 09:04:30
1661159070851234000,39.6,2,39.6,55,39.85,12,2,2022-08-22 09:04:30
1661159070887633000,39.8,1,39.6,55,39.85,12,2,2022-08-22 09:04:30
1661159070887633000,39.65,1,39.6,55,39.85,12,2,2022-08-22 09:04:30
1661159071157855000,39.85,1,39.6,55,39.85,23,1,2022-08-22 09:04:31
1661159071280504000,39.8,1,39.6,55,39.85,22,2,2022-08-22 09:04:31
1661159071692273000,39.8,1,39.75,1,39.8,4,1,2022-08-22 09:04:31
1661159072859358000,39.8,3,39.75,4,39.85,23,1,2022-08-22 09:04:32
1661159072924821000,39.85,1,39.75,4,39.85,22,1,2022-08-22 09:04:32
1661159073847688000,39.8,1,39.75,4,39.85,22,1,2022-08-22 09:04:33
1661159073902747000,39.75,2,39.75,2,39.85,22,2,2022-08-22 09:04:33
1661159074516809000,39.8,1,39.8,5,39.85,24,2,2022-08-22 09:04:34
1661159074944123000,39.8,1,39.8,4,39.85,24,2,2022-08-22 09:04:34
1661159075149982000,39.8,1,39.8,5,39.85,24,2,2022-08-22 09:04:35
1661159075449202000,39.85,1,39.8,3,39.85,24,1,2022-08-22 09:04:35
1661159075666181000,39.85,2,39.8,3,39.85,22,1,2022-08-22 09:04:35
1661159075764509000,39.8,1,39.8,3,39.85,22,2,2022-08-22 09:04:35
1661159075804019000,39.85,1,39.8,2,39.85,21,1,2022-08-22 09:04:35
1661159077740629000,39.85,1,39.8,5,39.85,22,1,2022-08-22 09:04:37
1661159078275276000,39.85,1,39.8,5,39.85,21,1,2022-08-22 09:04:38
1661159078416313000,39.8,1,39.8,4,39.85,21,2,2022-08-22 09:04:38
1661159078507753000,39.85,1,39.8,4,39.85,20,1,2022-08-22 09:04:38
1661159079185344000,39.8,2,39.8,2,39.85,20,2,2022-08-22 09:04:39
1661159079528261000,39.85,1,39.8,2,39.85,19,1,2022-08-22 09:04:39
1661159079549981000,39.85,1,39.8,2,39.85,18,1,2022-08-22 09:04:39
1661159079643459000,39.8,2,39.75,2,39.85,18,2,2022-08-22 09:04:39
1661159079643459000,39.75,8,39.75,2,39.85,18,2,2022-08-22 09:04:39
1661159079995712000,39.8,1,39.8,1,39.85,20,2,2022-08-22 09:04:39
1661159080448347000,39.85,1,39.75,2,39.85,19,1,2022-08-22 09:04:40
1661159080474989000,39.75,2,39.7,5,39.85,19,2,2022-08-22 09:04:40
1661159080818053000,39.85,2,39.7,6,39.85,18,1,2022-08-22 09:04:40
1661159080929079000,39.8,1,39.7,6,39.85,18,1,2022-08-22 09:04:40
1661159081166150000,39.7,6,39.65,10,39.8,1,2,2022-08-22 09:04:41
1661159081166150000,39.65,9,39.65,10,39.8,1,2,2022-08-22 09:04:41
1661159081524662000,39.75,1,39.75,9,39.8,4,1,2022-08-22 09:04:41
1661159081613514000,39.8,2,39.75,9,39.8,4,1,2022-08-22 09:04:41
1661159081817878000,39.75,2,39.75,7,39.8,2,2,2022-08-22 09:04:41
1661159082275901000,39.8,2,39.75,7,39.8,5,1,2022-08-22 09:04:42
1661159082318048000,39.8,1,39.75,7,39.8,4,1,2022-08-22 09:04:42
1661159082327533000,39.8,1,39.75,7,39.8,3,1,2022-08-22 09:04:42
1661159082442871000,39.8,2,39.75,7,39.8,1,1,2022-08-22 09:04:42
1661159083395222000,39.75,1,39.75,6,39.8,2,2,2022-08-22 09:04:43
1661159083460675000,39.8,2,39.75,6,39.85,80,1,2022-08-22 09:04:43
1661159083460675000,39.85,3,39.75,6,39.85,80,1,2022-08-22 09:04:43
1661159083923018000,39.75,3,39.75,5,39.85,76,2,2022-08-22 09:04:43
1661159083981539000,39.8,3,39.75,5,39.85,76,2,2022-08-22 09:04:43
1661159084755445000,39.8,1,39.8,1,39.85,78,2,2022-08-22 09:04:44
1661159084882810000,39.75,1,39.75,4,39.85,78,2,2022-08-22 09:04:44
1661159085113172000,39.75,1,39.75,3,39.8,1,2,2022-08-22 09:04:45
1661159085519743000,39.75,3,39.7,6,39.8,1,2,2022-08-22 09:04:45
1661159085519743000,39.7,2,39.7,6,39.8,1,2,2022-08-22 09:04:45
1661159085637603000,39.7,1,39.7,5,39.8,1,2,2022-08-22 09:04:45
1661159085710108000,39.8,1,39.7,5,39.85,78,1,2022-08-22 09:04:45
1661159085901258000,39.85,5,39.7,5,39.85,73,1,2022-08-22 09:04:45
1661159085992174000,39.8,1,39.75,1,39.85,73,2,2022-08-22 09:04:45
1661159085998216000,39.85,1,39.75,1,39.85,72,1,2022-08-22 09:04:45
1661159086131952000,39.75,2,39.7,5,39.85,72,2,2022-08-22 09:04:46
1661159086223937000,39.7,6,39.65,13,39.85,72,2,2022-08-22 09:04:46
1661159086223937000,39.65,4,39.65,13,39.85,72,2,2022-08-22 09:04:46
1661159087329373000,39.75,2,39.7,3,39.8,4,2,2022-08-22 09:04:47
1661159087329373000,39.7,1,39.7,3,39.8,4,2,2022-08-22 09:04:47
1661159087547600000,39.75,1,39.7,1,39.8,5,2,2022-08-22 09:04:47
1661159087547600000,39.7,2,39.7,1,39.8,5,2,2022-08-22 09:04:47
1661159087830706000,39.75,2,39.7,1,39.8,8,2,2022-08-22 09:04:47
1661159088043523000,39.7,1,39.65,13,39.8,8,2,2022-08-22 09:04:48
1661159088062514000,39.8,1,39.65,13,39.8,7,1,2022-08-22 09:04:48
1661159088292675000,39.7,1,39.65,17,39.8,7,2,2022-08-22 09:04:48
1661159088331420000,39.8,1,39.65,17,39.8,6,1,2022-08-22 09:04:48
1661159088463221000,39.8,2,39.65,17,39.8,4,1,2022-08-22 09:04:48
1661159088678730000,39.8,1,39.65,17,39.8,3,1,2022-08-22 09:04:48
1661159088753811000,39.75,2,39.75,16,39.8,3,2,2022-08-22 09:04:48
1661159088928567000,39.75,16,39.7,5,39.8,4,2,2022-08-22 09:04:48
1661159088928567000,39.7,4,39.7,5,39.8,4,2,2022-08-22 09:04:48
1661159089031501000,39.8,2,39.7,5,39.8,2,1,2022-08-22 09:04:49
1661159089475662000,39.8,1,39.75,2,39.8,3,1,2022-08-22 09:04:49
1661159089695416000,39.75,2,39.7,5,39.75,8,2,2022-08-22 09:04:49
1661159090226774000,39.75,8,39.7,7,39.75,8,1,2022-08-22 09:04:50
1661159090420418000,39.75,12,39.7,7,39.8,7,2,2022-08-22 09:04:50
1661159090549579000,39.7,1,39.7,6,39.8,7,2,2022-08-22 09:04:50
1661159090641615000,39.8,1,39.7,6,39.8,6,1,2022-08-22 09:04:50
1661159090996632000,39.7,1,39.7,6,39.75,1,2,2022-08-22 09:04:50
1661159091109014000,39.75,1,39.7,6,39.75,1,1,2022-08-22 09:04:51
1661159091520753000,39.7,3,39.7,3,39.8,7,2,2022-08-22 09:04:51
1661159091621380000,39.8,1,39.7,3,39.8,6,1,2022-08-22 09:04:51
1661159091659403000,39.8,6,39.7,3,39.85,63,1,2022-08-22 09:04:51
1661159091659403000,39.85,4,39.7,3,39.85,63,1,2022-08-22 09:04:51
1661159092005269000,39.7,3,39.7,1,39.85,59,2,2022-08-22 09:04:52
1661159092073541000,39.7,1,39.65,25,39.85,59,2,2022-08-22 09:04:52
1661159092073541000,39.65,3,39.65,25,39.85,59,2,2022-08-22 09:04:52
1661159092260450000,39.85,1,39.65,21,39.85,58,1,2022-08-22 09:04:52
1661159092283471000,39.8,2,39.8,1,39.85,58,1,2022-08-22 09:04:52
1661159092313613000,39.8,1,39.8,8,39.85,58,2,2022-08-22 09:04:52
1661159092438427000,39.8,5,39.8,3,39.85,58,2,2022-08-22 09:04:52
1661159092473575000,39.8,3,39.7,6,39.85,58,2,2022-08-22 09:04:52
1661159092697016000,39.7,2,39.65,21,39.8,3,2,2022-08-22 09:04:52
1661159092738148000,39.65,21,39.7,2,39.8,3,2,2022-08-22 09:04:52
1661159092738148000,39.6,36,39.7,2,39.8,3,2,2022-08-22 09:04:52
1661159092738148000,39.55,26,39.7,2,39.8,3,2,2022-08-22 09:04:52
1661159092738148000,39.5,17,39.7,2,39.8,3,2,2022-08-22 09:04:52
1661159092780557000,39.75,2,39.7,5,39.8,18,1,2022-08-22 09:04:52
1661159092808925000,39.7,4,39.7,1,39.75,2,2,2022-08-22 09:04:52
1661159092820363000,39.75,1,39.7,1,39.75,1,1,2022-08-22 09:04:52
1661159092962451000,39.75,1,39.7,2,39.8,7,1,2022-08-22 09:04:52
1661159092962451000,39.8,2,39.7,2,39.8,7,1,2022-08-22 09:04:52
1661159093018088000,39.8,3,39.7,9,39.8,4,1,2022-08-22 09:04:53
1661159093022800000,39.8,2,39.7,9,39.8,2,1,2022-08-22 09:04:53
1661159093210114000,39.7,2,39.7,9,39.8,7,2,2022-08-22 09:04:53
1661159094377031000,39.7,5,39.7,16,39.75,4,2,2022-08-22 09:04:54
1661159094403853000,39.7,1,39.7,15,39.75,4,2,2022-08-22 09:04:54
1661159094408420000,39.75,4,39.7,15,39.8,17,1,2022-08-22 09:04:54
1661159094408420000,39.8,1,39.7,15,39.8,17,1,2022-08-22 09:04:54
1661159095057678000,39.7,1,39.7,14,39.8,16,2,2022-08-22 09:04:55
1661159095083569000,39.8,1,39.7,14,39.8,16,1,2022-08-22 09:04:55
1661159095370779000,39.7,1,39.7,13,39.8,15,2,2022-08-22 09:04:55
1661159095981648000,39.75,1,39.7,14,39.8,15,2,2022-08-22 09:04:55
1661159096427802000,39.75,1,39.7,17,39.8,15,2,2022-08-22 09:04:56
1661159096900887000,39.75,1,39.7,17,39.75,2,1,2022-08-22 09:04:56
1661159097047631000,39.7,6,39.7,11,39.75,2,2,2022-08-22 09:04:57
1661159097106357000,39.75,1,39.7,11,39.75,1,1,2022-08-22 09:04:57
1661159097299397000,39.75,1,39.7,13,39.8,17,1,2022-08-22 09:04:57
1661159097299397000,39.8,4,39.7,13,39.8,17,1,2022-08-22 09:04:57
1661159098007186000,39.75,1,39.7,13,39.8,17,2,2022-08-22 09:04:58
1661159098103102000,39.7,10,39.7,3,39.8,17,2,2022-08-22 09:04:58
1661159098203319000,39.7,1,39.7,2,39.8,17,2,2022-08-22 09:04:58
1661159098941927000,39.75,2,39.75,2,39.8,27,2,2022-08-22 09:04:58
1661159099412308000,39.7,11,39.65,117,39.8,27,2,2022-08-22 09:04:59
1661159099412308000,39.65,4,39.65,117,39.8,27,2,2022-08-22 09:04:59
1661159099658131000,39.8,1,39.65,117,39.8,28,1,2022-08-22 09:04:59
1661159099920689000,39.7,10,39.65,117,39.7,13,2,2022-08-22 09:04:59
1661159099956352000,39.7,1,39.65,117,39.7,12,1,2022-08-22 09:04:59
1661159100001078000,39.7,2,39.65,117,39.7,10,1,2022-08-22 09:05:00
1661159100027904000,39.65,1,39.65,116,39.7,10,2,2022-08-22 09:05:00
1661159100088099000,39.7,1,39.65,116,39.7,9,1,2022-08-22 09:05:00
1661159100095256000,39.65,1,39.65,117,39.7,12,2,2022-08-22 09:05:00
1661159100406963000,39.65,2,39.65,113,39.7,9,2,2022-08-22 09:05:00
1661159100518455000,39.7,5,39.65,113,39.7,4,1,2022-08-22 09:05:00
1661159100559023000,39.65,1,39.65,112,39.7,4,2,2022-08-22 09:05:00
1661159100651004000,39.65,1,39.65,111,39.7,4,2,2022-08-22 09:05:00
1661159100714714000,39.7,1,39.65,111,39.7,4,1,2022-08-22 09:05:00
1661159100753614000,39.7,1,39.65,111,39.7,2,1,2022-08-22 09:05:00
1661159100852663000,39.65,1,39.65,110,39.7,2,2,2022-08-22 09:05:00
1661159100970655000,39.7,2,39.75,17,39.8,33,1,2022-08-22 09:05:00
1661159100970655000,39.75,1,39.75,17,39.8,33,1,2022-08-22 09:05:00
1661159101099486000,39.75,1,39.75,17,39.8,33,2,2022-08-22 09:05:01
1661159101172607000,39.8,10,39.75,17,39.8,35,1,2022-08-22 09:05:01
1661159101676422000,39.75,10,39.75,7,39.8,25,2,2022-08-22 09:05:01
1661159101694045000,39.75,3,39.75,4,39.8,25,2,2022-08-22 09:05:01
1661159101717262000,39.75,1,39.75,17,39.8,25,2,2022-08-22 09:05:01
1661159101847320000,39.75,1,39.75,2,39.8,25,2,2022-08-22 09:05:01
1661159101860460000,39.75,2,39.7,3,39.8,25,2,2022-08-22 09:05:01
1661159101860460000,39.7,1,39.7,3,39.8,25,2,2022-08-22 09:05:01
1661159101940170000,39.7,2,39.7,3,39.8,25,2,2022-08-22 09:05:01
1661159102052634000,39.8,3,39.7,3,39.8,22,1,2022-08-22 09:05:02
1661159102188239000,39.7,1,39.7,10,39.8,22,2,2022-08-22 09:05:02
1661159102317840000,39.7,1,39.7,8,39.8,22,2,2022-08-22 09:05:02
1661159102628061000,39.8,1,39.7,8,39.8,22,1,2022-08-22 09:05:02
1661159102909785000,39.7,1,39.7,8,39.8,21,2,2022-08-22 09:05:02
1661159103509986000,39.7,5,39.7,4,39.75,26,2,2022-08-22 09:05:03
1661159103679009000,39.7,1,39.7,3,39.75,26,2,2022-08-22 09:05:03
1661159103681726000,39.7,1,39.7,2,39.75,26,2,2022-08-22 09:05:03
1661159103819987000,39.7,2,39.7,3,39.75,26,2,2022-08-22 09:05:03
1661159103822537000,39.7,3,39.65,111,39.75,26,2,2022-08-22 09:05:03
1661159103822537000,39.65,1,39.65,111,39.75,26,2,2022-08-22 09:05:03
1661159103824265000,39.65,2,39.65,109,39.75,26,2,2022-08-22 09:05:03
1661159103904161000,39.7,1,39.65,109,39.75,25,1,2022-08-22 09:05:03
1661159103904161000,39.75,1,39.65,109,39.75,25,1,2022-08-22 09:05:03
1661159104364441000,39.75,3,39.65,110,39.75,22,1,2022-08-22 09:05:04
1661159104626845000,39.7,1,39.7,19,39.75,37,1,2022-08-22 09:05:04
1661159104783680000,39.75,1,39.7,27,39.75,36,1,2022-08-22 09:05:04
1661159105281095000,39.7,1,39.7,28,39.75,36,2,2022-08-22 09:05:05
1661159105528975000,39.75,2,39.7,28,39.75,34,1,2022-08-22 09:05:05
1661159105550599000,39.75,1,39.7,28,39.75,33,1,2022-08-22 09:05:05
1661159105749058000,39.75,2,39.7,33,39.75,33,1,2022-08-22 09:05:05
1661159105769127000,39.75,6,39.7,33,39.75,25,1,2022-08-22 09:05:05
1661159105898496000,39.75,10,39.7,34,39.75,15,1,2022-08-22 09:05:05
1661159106064326000,39.75,9,39.7,34,39.75,6,1,2022-08-22 09:05:06
1661159106250152000,39.75,6,39.7,34,39.8,52,1,2022-08-22 09:05:06
1661159106562040000,39.7,1,39.7,39,39.8,49,2,2022-08-22 09:05:06
1661159106882463000,39.8,1,39.75,1,39.8,48,1,2022-08-22 09:05:06
1661159107578522000,39.75,1,39.75,14,39.8,49,2,2022-08-22 09:05:07
1661159107649444000,39.75,2,39.75,14,39.8,49,2,2022-08-22 09:05:07
1661159108272453000,39.75,1,39.75,11,39.8,49,2,2022-08-22 09:05:08
1661159108401468000,39.8,1,39.75,11,39.8,48,1,2022-08-22 09:05:08
1661159108572286000,39.75,3,39.75,14,39.8,48,2,2022-08-22 09:05:08
1661159110484781000,39.75,1,39.75,16,39.8,50,2,2022-08-22 09:05:10
1661159110891220000,39.8,1,39.75,17,39.8,49,1,2022-08-22 09:05:10
1661159110935525000,39.8,2,39.75,17,39.8,47,1,2022-08-22 09:05:10
1661159111181638000,39.8,1,39.75,17,39.8,47,1,2022-08-22 09:05:11
1661159111580363000,39.8,2,39.75,17,39.8,44,1,2022-08-22 09:05:11
1661159111740278000,39.75,10,39.75,17,39.8,46,2,2022-08-22 09:05:11
1661159111839545000,39.8,4,39.75,7,39.8,40,1,2022-08-22 09:05:11
1661159112206838000,39.8,1,39.75,8,39.8,40,1,2022-08-22 09:05:12
1661159112639393000,39.8,5,39.75,8,39.8,43,1,2022-08-22 09:05:12
1661159112831767000,39.8,3,39.75,8,39.8,35,1,2022-08-22 09:05:12
1661159114212570000,39.8,10,39.75,8,39.8,43,1,2022-08-22 09:05:14
1661159114308505000,39.75,1,39.75,7,39.8,33,2,2022-08-22 09:05:14
1661159114407580000,39.75,7,39.7,52,39.8,33,2,2022-08-22 09:05:14
1661159114407580000,39.7,3,39.7,52,39.8,33,2,2022-08-22 09:05:14
1661159114451003000,39.8,10,39.7,52,39.8,23,1,2022-08-22 09:05:14
1661159115261806000,39.75,1,39.7,49,39.8,23,2,2022-08-22 09:05:15
1661159115261806000,39.7,1,39.7,49,39.8,23,2,2022-08-22 09:05:15
1661159115347670000,39.8,1,39.7,49,39.8,22,1,2022-08-22 09:05:15
1661159115414234000,39.8,1,39.75,1,39.8,21,1,2022-08-22 09:05:15
1661159115973434000,39.8,21,39.8,6,39.85,78,1,2022-08-22 09:05:15
1661159116181845000,39.8,1,39.8,6,39.85,78,2,2022-08-22 09:05:16
1661159116710541000,39.8,3,39.8,5,39.85,78,2,2022-08-22 09:05:16
1661159116992731000,39.8,2,39.75,9,39.85,78,2,2022-08-22 09:05:16
1661159117069917000,39.75,10,39.7,50,39.85,78,2,2022-08-22 09:05:17
1661159117503140000,39.8,3,39.75,2,39.8,1,1,2022-08-22 09:05:17
1661159117535768000,39.8,1,39.75,2,39.85,100,1,2022-08-22 09:05:17
1661159118090716000,39.85,1,39.8,1,39.85,99,1,2022-08-22 09:05:18
1661159118730445000,39.8,1,39.8,1,39.85,99,2,2022-08-22 09:05:18
1661159118805365000,39.8,2,39.8,3,39.85,99,1,2022-08-22 09:05:18
1661159121169240000,39.8,1,39.8,22,39.85,99,2,2022-08-22 09:05:21
1661159121325501000,39.8,1,39.8,21,39.85,99,2,2022-08-22 09:05:21
1661159121508799000,39.85,1,39.8,21,39.85,98,1,2022-08-22 09:05:21
1661159121664956000,39.8,5,39.8,16,39.85,98,2,2022-08-22 09:05:21
1661159122304249000,39.85,1,39.8,17,39.85,97,1,2022-08-22 09:05:22
1661159122345997000,39.8,1,39.8,17,39.85,97,2,2022-08-22 09:05:22
1661159122446979000,39.8,1,39.8,16,39.85,97,2,2022-08-22 09:05:22
1661159122490032000,39.85,1,39.8,16,39.85,96,1,2022-08-22 09:05:22
1661159122572924000,39.8,1,39.8,15,39.85,96,2,2022-08-22 09:05:22
1661159122682073000,39.8,1,39.8,14,39.85,96,2,2022-08-22 09:05:22
1661159122735351000,39.85,1,39.8,14,39.85,95,1,2022-08-22 09:05:22
1661159122973607000,39.8,1,39.8,13,39.85,95,2,2022-08-22 09:05:22
1661159124439883000,39.85,1,39.8,18,39.85,94,1,2022-08-22 09:05:24
1661159124597470000,39.8,2,39.8,16,39.85,94,2,2022-08-22 09:05:24
1661159125003924000,39.85,5,39.8,16,39.85,87,1,2022-08-22 09:05:25
1661159125874783000,39.85,3,39.8,21,39.85,84,1,2022-08-22 09:05:25
1661159125933613000,39.85,16,39.8,21,39.85,68,1,2022-08-22 09:05:25
1661159125988849000,39.85,1,39.8,21,39.85,67,1,2022-08-22 09:05:25
1661159126293770000,39.8,1,39.8,20,39.85,67,2,2022-08-22 09:05:26
1661159128872268000,39.85,5,39.8,32,39.85,89,1,2022-08-22 09:05:28
1661159129382066000,39.85,2,39.8,33,39.85,88,1,2022-08-22 09:05:29
1661159129670024000,39.85,10,39.8,33,39.85,78,1,2022-08-22 09:05:29
1661159129776103000,39.85,1,39.8,33,39.85,77,1,2022-08-22 09:05:29
1661159130593615000,39.85,1,39.8,33,39.85,77,1,2022-08-22 09:05:30
1661159130723528000,39.85,25,39.8,33,39.85,52,1,2022-08-22 09:05:30
1661159130824713000,39.8,5,39.8,32,39.85,52,2,2022-08-22 09:05:30
1661159131449027000,39.85,1,39.8,33,39.85,51,1,2022-08-22 09:05:31
1661159131586234000,39.85,1,39.8,33,39.85,50,1,2022-08-22 09:05:31
1661159131747501000,39.85,1,39.8,33,39.85,49,1,2022-08-22 09:05:31
1661159131968649000,39.85,1,39.8,44,39.85,48,1,2022-08-22 09:05:31
1661159132178592000,39.8,2,39.8,45,39.85,48,2,2022-08-22 09:05:32
1661159132599826000,39.85,1,39.8,48,39.85,47,1,2022-08-22 09:05:32
1661159132773459000,39.85,2,39.8,48,39.85,57,1,2022-08-22 09:05:32
1661159133118125000,39.85,1,39.8,48,39.85,54,1,2022-08-22 09:05:33
1661159133128677000,39.85,1,39.8,48,39.85,53,1,2022-08-22 09:05:33
1661159133495640000,39.8,3,39.8,56,39.85,53,2,2022-08-22 09:05:33
1661159133495844000,39.8,3,39.8,53,39.85,53,2,2022-08-22 09:05:33
1661159133496011000,39.8,3,39.8,50,39.85,53,2,2022-08-22 09:05:33
1661159133496194000,39.8,1,39.8,49,39.85,53,2,2022-08-22 09:05:33
1661159133533626000,39.8,1,39.8,48,39.85,53,2,2022-08-22 09:05:33
1661159133708372000,39.85,1,39.8,55,39.85,52,1,2022-08-22 09:05:33
1661159133724102000,39.85,1,39.8,55,39.85,51,1,2022-08-22 09:05:33
1661159133766456000,39.85,2,39.8,55,39.85,49,1,2022-08-22 09:05:33
1661159134287905000,39.85,6,39.8,58,39.85,43,1,2022-08-22 09:05:34
1661159135067470000,39.85,1,39.8,59,39.85,44,1,2022-08-22 09:05:35
1661159135581357000,39.85,1,39.8,60,39.85,42,1,2022-08-22 09:05:35
1661159135880079000,39.85,42,39.85,8,39.9,43,1,2022-08-22 09:05:35
1661159136088231000,39.9,1,39.85,11,39.9,42,1,2022-08-22 09:05:36
1661159136339316000,39.85,1,39.85,10,39.9,42,2,2022-08-22 09:05:36
1661159136964298000,39.85,3,39.85,11,39.9,53,2,2022-08-22 09:05:36
1661159136964501000,39.85,2,39.85,9,39.9,53,2,2022-08-22 09:05:36
1661159136970058000,39.85,9,39.8,63,39.9,53,2,2022-08-22 09:05:36
1661159136970058000,39.8,1,39.8,63,39.9,53,2,2022-08-22 09:05:36
1661159137478609000,39.85,1,39.8,63,39.9,53,2,2022-08-22 09:05:37
1661159137586832000,39.85,2,39.85,4,39.9,53,2,2022-08-22 09:05:37
1661159137618372000,39.85,4,39.8,63,39.9,53,2,2022-08-22 09:05:37
1661159137863640000,39.85,1,39.8,63,39.85,6,1,2022-08-22 09:05:37
1661159137946628000,39.85,5,39.8,63,39.9,38,1,2022-08-22 09:05:37
1661159137946628000,39.9,15,39.8,63,39.9,38,1,2022-08-22 09:05:37
1661159137992088000,39.85,1,39.8,64,39.9,38,2,2022-08-22 09:05:37
1661159138159177000,39.9,2,39.8,64,39.9,36,1,2022-08-22 09:05:38
1661159138425698000,39.85,1,39.8,64,39.9,36,1,2022-08-22 09:05:38
1661159138618760000,39.8,1,39.8,64,39.85,1,2,2022-08-22 09:05:38
1661159139065356000,39.85,1,39.8,64,39.9,36,2,2022-08-22 09:05:39
1661159139737270000,39.85,1,39.85,15,39.9,37,2,2022-08-22 09:05:39
1661159140051775000,39.85,1,39.85,13,39.9,37,2,2022-08-22 09:05:40
1661159140145007000,39.85,1,39.85,12,39.9,37,2,2022-08-22 09:05:40
1661159140316861000,39.85,1,39.85,11,39.9,37,2,2022-08-22 09:05:40
1661159140344423000,39.85,11,39.8,70,39.9,37,2,2022-08-22 09:05:40
1661159140491107000,39.9,1,39.8,70,39.9,36,1,2022-08-22 09:05:40
1661159140560840000,39.85,2,39.8,63,39.9,36,2,2022-08-22 09:05:40
1661159140560840000,39.8,8,39.8,63,39.9,36,2,2022-08-22 09:05:40
1661159141265617000,39.85,10,39.8,64,39.85,14,2,2022-08-22 09:05:41
1661159141293704000,39.8,1,39.8,63,39.85,14,2,2022-08-22 09:05:41
1661159141354562000,39.85,1,39.8,63,39.85,14,1,2022-08-22 09:05:41
1661159141714121000,39.85,1,39.8,63,39.85,12,1,2022-08-22 09:05:41
1661159141735949000,39.85,1,39.8,63,39.85,12,1,2022-08-22 09:05:41
1661159143128178000,39.85,1,39.8,64,39.85,12,1,2022-08-22 09:05:43
1661159143324611000,39.85,2,39.8,64,39.85,10,1,2022-08-22 09:05:43
1661159143855603000,39.85,1,39.8,64,39.85,12,1,2022-08-22 09:05:43
1661159144047130000,39.85,6,39.8,64,39.85,5,1,2022-08-22 09:05:44
1661159144930049000,39.85,3,39.8,70,39.85,2,1,2022-08-22 09:05:44
1661159144943776000,39.85,1,39.8,70,39.85,1,1,2022-08-22 09:05:44
1661159144979458000,39.85,1,39.85,1,39.9,48,1,2022-08-22 09:05:44
1661159144998005000,39.85,1,39.8,61,39.9,48,2,2022-08-22 09:05:44
1661159144998005000,39.8,9,39.8,61,39.9,48,2,2022-08-22 09:05:44
1661159145213492000,39.9,1,39.8,61,39.9,47,1,2022-08-22 09:05:45
1661159145297401000,39.85,1,39.8,66,39.85,9,1,2022-08-22 09:05:45
1661159145840910000,39.8,3,39.8,63,39.85,9,2,2022-08-22 09:05:45
1661159146289441000,39.85,3,39.8,65,39.85,8,1,2022-08-22 09:05:46
1661159146375614000,39.8,1,39.8,65,39.85,9,2,2022-08-22 09:05:46
1661159146690224000,39.85,2,39.8,64,39.85,7,1,2022-08-22 09:05:46
1661159146751705000,39.8,1,39.8,64,39.85,9,2,2022-08-22 09:05:46
1661159146914653000,39.8,10,39.8,53,39.85,7,2,2022-08-22 09:05:46
1661159146946880000,39.8,3,39.8,50,39.85,7,2,2022-08-22 09:05:46
1661159147193019000,39.8,1,39.8,51,39.85,7,2,2022-08-22 09:05:47
1661159147222521000,39.85,1,39.8,51,39.85,6,1,2022-08-22 09:05:47
1661159147857722000,39.85,6,39.85,24,39.9,47,1,2022-08-22 09:05:47
1661159147890784000,39.85,24,39.85,24,39.9,47,2,2022-08-22 09:05:47
1661159148649171000,39.85,1,39.8,58,39.85,24,1,2022-08-22 09:05:48
1661159148670599000,39.85,5,39.8,58,39.85,19,1,2022-08-22 09:05:48
1661159148707855000,39.8,1,39.8,57,39.85,19,2,2022-08-22 09:05:48
1661159148863605000,39.85,1,39.8,57,39.85,20,1,2022-08-22 09:05:48
1661159149934948000,39.85,1,39.8,58,39.85,18,1,2022-08-22 09:05:49
1661159150152860000,39.8,20,39.8,39,39.85,18,2,2022-08-22 09:05:50
1661159150194966000,39.8,1,39.8,38,39.85,18,2,2022-08-22 09:05:50
1661159150357941000,39.85,10,39.8,40,39.85,18,1,2022-08-22 09:05:50
1661159150600881000,39.8,10,39.8,30,39.85,8,2,2022-08-22 09:05:50
1661159150664568000,39.8,1,39.8,29,39.85,8,2,2022-08-22 09:05:50
1661159150855151000,39.8,1,39.8,40,39.85,8,2,2022-08-22 09:05:50
1661159151540688000,39.85,1,39.8,31,39.85,10,1,2022-08-22 09:05:51
1661159152382413000,39.8,4,39.8,28,39.85,10,2,2022-08-22 09:05:52
1661159152563673000,39.8,4,39.8,29,39.85,10,2,2022-08-22 09:05:52
1661159152986984000,39.85,1,39.8,32,39.85,11,1,2022-08-22 09:05:52
1661159154500493000,39.85,1,39.8,38,39.85,15,1,2022-08-22 09:05:54
1661159154665555000,39.85,2,39.8,38,39.85,14,1,2022-08-22 09:05:54
1661159155388568000,39.85,1,39.8,45,39.85,25,1,2022-08-22 09:05:55
1661159155603452000,39.85,1,39.8,50,39.85,23,1,2022-08-22 09:05:55
1661159156075146000,39.85,3,39.8,50,39.85,21,1,2022-08-22 09:05:56
1661159156127488000,39.8,10,39.8,40,39.85,21,2,2022-08-22 09:05:56
1661159156423206000,39.85,1,39.8,41,39.85,21,1,2022-08-22 09:05:56
1661159158428627000,39.85,1,39.8,42,39.85,23,1,2022-08-22 09:05:58
1661159158466542000,39.85,2,39.8,42,39.85,20,1,2022-08-22 09:05:58
1661159158623825000,39.85,1,39.8,42,39.85,20,1,2022-08-22 09:05:58
1661159160303374000,39.8,8,39.8,39,39.85,34,2,2022-08-22 09:06:00
1661159160333947000,39.8,39,39.75,44,39.85,34,2,2022-08-22 09:06:00
1661159160459345000,39.75,44,39.7,92,39.8,1,2,2022-08-22 09:06:00
1661159160739068000,39.7,2,39.7,90,39.75,2,2,2022-08-22 09:06:00
1661159160760214000,39.75,1,39.7,90,39.75,1,1,2022-08-22 09:06:00
1661159161182297000,39.7,5,39.7,85,39.75,1,2,2022-08-22 09:06:01
1661159161218105000,39.7,85,39.65,137,39.75,1,2,2022-08-22 09:06:01
1661159161221005000,39.75,1,39.65,137,39.8,7,1,2022-08-22 09:06:01
1661159161783725000,39.75,2,39.65,133,39.75,1,1,2022-08-22 09:06:01
1661159162381049000,39.7,2,39.65,133,39.7,12,1,2022-08-22 09:06:02
1661159162473185000,39.65,6,39.65,127,39.7,10,2,2022-08-22 09:06:02
1661159162515299000,39.65,1,39.65,126,39.7,10,2,2022-08-22 09:06:02
1661159162534210000,39.65,7,39.65,119,39.7,10,2,2022-08-22 09:06:02
1661159162628442000,39.65,2,39.65,117,39.7,10,2,2022-08-22 09:06:02
1661159163430609000,39.65,8,39.65,109,39.7,10,2,2022-08-22 09:06:03
1661159163461614000,39.65,1,39.65,108,39.7,10,2,2022-08-22 09:06:03
1661159163600598000,39.7,5,39.65,108,39.7,5,1,2022-08-22 09:06:03
1661159163622154000,39.65,108,39.6,39,39.7,5,2,2022-08-22 09:06:03
1661159163703445000,39.65,1,39.6,39,39.65,2,1,2022-08-22 09:06:03
1661159164198153000,39.6,6,39.6,33,39.65,1,2,2022-08-22 09:06:04
1661159164278827000,39.6,13,39.55,14,39.6,9,2,2022-08-22 09:06:04
1661159165202255000,39.55,7,39.55,7,39.6,16,2,2022-08-22 09:06:05
1661159165242516000,39.55,4,39.55,3,39.6,16,2,2022-08-22 09:06:05
1661159165242988000,39.55,3,39.5,82,39.6,16,2,2022-08-22 09:06:05
1661159165307903000,39.55,1,39.5,78,39.55,22,1,2022-08-22 09:06:05
1661159165505485000,39.55,2,39.5,78,39.55,20,1,2022-08-22 09:06:05
1661159165823423000,39.55,1,39.5,78,39.55,19,1,2022-08-22 09:06:05
1661159165882796000,39.5,4,39.5,74,39.55,19,2,2022-08-22 09:06:05
1661159166134010000,39.55,3,39.5,74,39.55,17,1,2022-08-22 09:06:06
1661159166162154000,39.55,3,39.5,74,39.55,14,1,2022-08-22 09:06:06
1661159166340464000,39.5,40,39.5,34,39.55,14,2,2022-08-22 09:06:06
1661159166373940000,39.5,34,39.45,5,39.55,14,2,2022-08-22 09:06:06
1661159166764926000,39.45,1,39.45,9,39.5,14,2,2022-08-22 09:06:06
1661159168393840000,39.45,1,39.45,8,39.5,17,2,2022-08-22 09:06:08
1661159169103798000,39.5,2,39.45,8,39.5,25,1,2022-08-22 09:06:09
1661159169264934000,39.45,5,39.45,3,39.5,25,2,2022-08-22 09:06:09
1661159169304937000,39.45,1,39.45,8,39.5,25,2,2022-08-22 09:06:09
1661159169584177000,39.45,2,39.4,3,39.5,25,2,2022-08-22 09:06:09
1661159169584177000,39.4,8,39.4,3,39.5,25,2,2022-08-22 09:06:09
1661159169798312000,39.4,1,39.4,2,39.45,1,2,2022-08-22 09:06:09
1661159169832094000,39.45,1,39.4,2,39.5,25,1,2022-08-22 09:06:09
1661159170307357000,39.5,1,39.4,4,39.5,24,1,2022-08-22 09:06:10
1661159170842739000,39.45,2,39.4,24,39.45,2,1,2022-08-22 09:06:10
1661159171157623000,39.4,2,39.4,22,39.5,15,2,2022-08-22 09:06:11
1661159171239017000,39.4,5,39.4,24,39.5,15,2,2022-08-22 09:06:11
1661159171524091000,39.5,2,39.4,17,39.5,8,1,2022-08-22 09:06:11
1661159171566016000,39.35,1,39.35,129,39.5,8,2,2022-08-22 09:06:11
1661159171570816000,39.5,1,39.35,129,39.5,7,1,2022-08-22 09:06:11
1661159171589559000,39.35,1,39.35,128,39.5,7,2,2022-08-22 09:06:11
1661159171619532000,39.45,1,39.35,128,39.5,7,1,2022-08-22 09:06:11
1661159171923874000,39.4,5,39.4,5,39.45,1,2,2022-08-22 09:06:11
1661159171923874000,39.35,10,39.4,5,39.45,1,2,2022-08-22 09:06:11
1661159171974048000,39.4,1,39.35,118,39.45,1,1,2022-08-22 09:06:11
1661159171992767000,39.35,2,39.35,116,39.4,1,2,2022-08-22 09:06:11
1661159172017081000,39.4,1,39.35,116,39.45,1,1,2022-08-22 09:06:12
1661159172225494000,39.45,1,39.35,116,39.5,7,1,2022-08-22 09:06:12
1661159172301216000,39.35,1,39.35,115,39.5,10,2,2022-08-22 09:06:12
1661159172404890000,39.35,2,39.35,113,39.45,1,2,2022-08-22 09:06:12
1661159172411611000,39.45,1,39.35,115,39.45,1,1,2022-08-22 09:06:12
1661159172477308000,39.45,1,39.35,113,39.5,10,1,2022-08-22 09:06:12
1661159172643054000,39.5,3,39.4,2,39.5,10,1,2022-08-22 09:06:12
1661159173176181000,39.45,7,39.4,2,39.5,7,1,2022-08-22 09:06:13
1661159173249378000,39.4,2,39.35,113,39.45,1,2,2022-08-22 09:06:13
1661159173270267000,39.35,3,39.35,110,39.45,1,2,2022-08-22 09:06:13
1661159173394926000,39.4,1,39.35,110,39.4,1,1,2022-08-22 09:06:13
1661159174052378000,39.45,2,39.45,1,39.5,7,1,2022-08-22 09:06:14
1661159174279014000,39.45,1,39.45,1,39.5,4,2,2022-08-22 09:06:14
1661159174445288000,39.45,1,39.4,5,39.5,4,2,2022-08-22 09:06:14
1661159174464921000,39.4,2,39.4,3,39.5,4,2,2022-08-22 09:06:14
1661159175048680000,39.4,3,39.35,103,39.5,5,2,2022-08-22 09:06:15
1661159175048680000,39.35,7,39.35,103,39.5,5,2,2022-08-22 09:06:15
1661159175884177000,39.45,1,39.4,2,39.5,6,2,2022-08-22 09:06:15
1661159175918561000,39.4,2,39.35,103,39.4,4,2,2022-08-22 09:06:15
1661159175953259000,39.4,4,39.35,103,39.5,6,1,2022-08-22 09:06:15
1661159176373016000,39.4,1,39.35,101,39.45,1,2,2022-08-22 09:06:16
1661159176373016000,39.35,2,39.35,101,39.45,1,2,2022-08-22 09:06:16
1661159176379982000,39.35,2,39.35,99,39.45,1,2,2022-08-22 09:06:16
1661159176558173000,39.4,1,39.35,99,39.45,1,1,2022-08-22 09:06:16
1661159176576946000,39.45,1,39.35,99,39.5,7,1,2022-08-22 09:06:16
1661159176576946000,39.5,2,39.35,99,39.5,7,1,2022-08-22 09:06:16
1661159176881896000,39.4,1,39.4,1,39.5,7,2,2022-08-22 09:06:16
1661159177049488000,39.35,1,39.35,98,39.5,7,2,2022-08-22 09:06:17
1661159177090700000,39.4,1,39.35,98,39.5,7,1,2022-08-22 09:06:17
1661159177317574000,39.45,1,39.45,2,39.5,7,2,2022-08-22 09:06:17
1661159177428911000,39.45,2,39.45,3,39.5,7,2,2022-08-22 09:06:17
1661159178230329000,39.45,2,39.45,3,39.5,8,2,2022-08-22 09:06:18
1661159178571147000,39.45,1,39.45,3,39.5,10,2,2022-08-22 09:06:18
1661159178655187000,39.45,1,39.45,2,39.5,10,2,2022-08-22 09:06:18
1661159178697977000,39.45,1,39.45,1,39.5,10,2,2022-08-22 09:06:18
1661159178821983000,39.45,1,39.4,7,39.5,12,2,2022-08-22 09:06:18
1661159179545390000,39.4,3,39.4,10,39.5,12,2,2022-08-22 09:06:19
1661159179674849000,39.4,1,39.4,9,39.45,2,2,2022-08-22 09:06:19
1661159179744463000,39.45,1,39.4,9,39.45,1,1,2022-08-22 09:06:19
1661159180750972000,39.4,2,39.4,8,39.45,7,2,2022-08-22 09:06:20
1661159180851398000,39.45,1,39.4,18,39.45,17,1,2022-08-22 09:06:20
1661159180986321000,39.4,1,39.4,18,39.45,16,2,2022-08-22 09:06:20
1661159181314961000,39.4,1,39.4,18,39.45,16,2,2022-08-22 09:06:21
1661159181317214000,39.4,1,39.4,17,39.45,16,2,2022-08-22 09:06:21
1661159181425049000,39.4,1,39.4,19,39.45,16,2,2022-08-22 09:06:21
1661159181658374000,39.4,6,39.4,10,39.45,16,2,2022-08-22 09:06:21
1661159181721819000,39.4,10,39.35,64,39.45,16,2,2022-08-22 09:06:21
1661159181812769000,39.4,1,39.4,5,39.45,16,1,2022-08-22 09:06:21
1661159181901737000,39.45,1,39.4,5,39.45,15,1,2022-08-22 09:06:21
1661159181945168000,39.4,1,39.4,4,39.45,15,2,2022-08-22 09:06:21
1661159181961785000,39.4,1,39.4,3,39.45,15,2,2022-08-22 09:06:21
1661159182154635000,39.4,1,39.4,2,39.45,15,2,2022-08-22 09:06:22
1661159182498069000,39.4,1,39.4,1,39.45,15,2,2022-08-22 09:06:22
1661159182825131000,39.4,1,39.4,3,39.45,15,2,2022-08-22 09:06:22
1661159183642253000,39.4,2,39.35,66,39.45,15,2,2022-08-22 09:06:23
1661159183655799000,39.45,1,39.35,66,39.45,14,1,2022-08-22 09:06:23
1661159183783718000,39.4,1,39.35,66,39.45,14,2,2022-08-22 09:06:23
1661159183835956000,39.35,10,39.35,56,39.45,14,2,2022-08-22 09:06:23
1661159184083029000,39.45,3,39.4,1,39.45,12,1,2022-08-22 09:06:24
1661159184280971000,39.4,1,39.4,2,39.45,13,2,2022-08-22 09:06:24
1661159184342025000,39.45,1,39.4,3,39.45,12,1,2022-08-22 09:06:24
1661159184544998000,39.4,1,39.4,2,39.45,16,2,2022-08-22 09:06:24
1661159184769512000,39.4,1,39.4,1,39.45,16,2,2022-08-22 09:06:24
1661159185397710000,39.45,3,39.4,6,39.45,20,1,2022-08-22 09:06:25
1661159185596191000,39.4,5,39.4,2,39.45,17,2,2022-08-22 09:06:25
1661159185632311000,39.4,2,39.35,47,39.45,17,2,2022-08-22 09:06:25
1661159185632311000,39.35,8,39.35,47,39.45,17,2,2022-08-22 09:06:25
1661159185714153000,39.45,3,39.4,2,39.45,14,1,2022-08-22 09:06:25
1661159186563940000,39.45,1,39.4,7,39.45,17,1,2022-08-22 09:06:26
1661159186839635000,39.45,6,39.4,7,39.45,11,1,2022-08-22 09:06:26
1661159186877777000,39.45,11,39.4,7,39.45,17,1,2022-08-22 09:06:26
1661159187302949000,39.5,2,39.45,10,39.5,40,1,2022-08-22 09:06:27
1661159187361367000,39.5,1,39.45,10,39.5,40,1,2022-08-22 09:06:27
1661159187585487000,39.45,2,39.45,8,39.5,39,2,2022-08-22 09:06:27
1661159187768998000,39.5,2,39.45,8,39.5,37,1,2022-08-22 09:06:27
1661159187826431000,39.45,1,39.45,7,39.5,37,2,2022-08-22 09:06:27
1661159187987771000,39.45,1,39.45,6,39.5,37,2,2022-08-22 09:06:27
1661159188397580000,39.45,2,39.45,6,39.5,37,2,2022-08-22 09:06:28
1661159188719680000,39.5,37,39.45,60,39.55,15,1,2022-08-22 09:06:28
1661159189085520000,39.45,3,39.45,57,39.55,15,2,2022-08-22 09:06:29
1661159189199277000,39.45,1,39.45,59,39.55,15,2,2022-08-22 09:06:29
1661159189574697000,39.45,1,39.45,60,39.55,15,2,2022-08-22 09:06:29
1661159189969810000,39.55,2,39.5,5,39.55,13,1,2022-08-22 09:06:29
1661159190147485000,39.55,13,39.5,9,39.6,10,1,2022-08-22 09:06:30
1661159190429513000,39.5,5,39.5,9,39.55,13,2,2022-08-22 09:06:30
1661159190621246000,39.5,4,39.45,59,39.6,10,2,2022-08-22 09:06:30
1661159190621246000,39.45,1,39.45,59,39.6,10,2,2022-08-22 09:06:30
1661159190693034000,39.45,5,39.45,55,39.6,16,2,2022-08-22 09:06:30
1661159190732613000,39.45,3,39.45,52,39.6,16,2,2022-08-22 09:06:30
1661159190783492000,39.45,3,39.45,49,39.6,16,2,2022-08-22 09:06:30
1661159190901147000,39.6,5,39.45,52,39.6,16,1,2022-08-22 09:06:30
1661159191391283000,39.45,1,39.45,50,39.6,11,2,2022-08-22 09:06:31
1661159193002657000,39.5,5,39.5,40,39.6,8,2,2022-08-22 09:06:33
1661159193372060000,39.5,2,39.5,38,39.6,8,2,2022-08-22 09:06:33
1661159193746260000,39.5,3,39.5,9,39.6,8,2,2022-08-22 09:06:33
1661159194095577000,39.5,10,39.5,1,39.55,1,2,2022-08-22 09:06:34
1661159194253265000,39.5,1,39.45,22,39.55,1,2,2022-08-22 09:06:34
1661159194253265000,39.45,29,39.45,22,39.55,1,2,2022-08-22 09:06:34
1661159194327355000,39.5,1,39.45,22,39.55,1,1,2022-08-22 09:06:34
1661159194403039000,39.45,1,39.45,22,39.5,1,2,2022-08-22 09:06:34
1661159194454757000,39.45,1,39.45,20,39.55,1,2,2022-08-22 09:06:34
1661159196819606000,39.55,3,39.5,4,39.65,5,1,2022-08-22 09:06:36
1661159196819606000,39.6,9,39.5,4,39.65,5,1,2022-08-22 09:06:36
1661159196819606000,39.65,13,39.5,4,39.65,5,1,2022-08-22 09:06:36
1661159197614519000,39.5,2,39.5,4,39.55,5,2,2022-08-22 09:06:37
1661159197815994000,39.55,1,39.5,4,39.55,5,1,2022-08-22 09:06:37
1661159198189230000,39.5,3,39.5,4,39.55,4,2,2022-08-22 09:06:38
1661159198686304000,39.5,5,39.5,6,39.55,4,2,2022-08-22 09:06:38
1661159198741454000,39.5,1,39.5,5,39.55,4,2,2022-08-22 09:06:38
1661159199431662000,39.55,2,39.5,8,39.55,4,1,2022-08-22 09:06:39
1661159199557870000,39.5,5,39.5,3,39.55,2,2,2022-08-22 09:06:39
1661159201199129000,39.5,4,39.5,4,39.55,16,2,2022-08-22 09:06:41
1661159201352654000,39.55,2,39.5,8,39.55,16,1,2022-08-22 09:06:41
1661159201599180000,39.5,1,39.5,3,39.55,14,2,2022-08-22 09:06:41
1661159201641827000,39.55,1,39.5,3,39.55,13,1,2022-08-22 09:06:41
1661159202692333000,39.55,1,39.5,7,39.55,12,1,2022-08-22 09:06:42
1661159202856706000,39.55,1,39.5,8,39.55,14,1,2022-08-22 09:06:42
1661159202881369000,39.55,1,39.5,8,39.55,14,1,2022-08-22 09:06:42
1661159203031788000,39.55,1,39.5,8,39.55,12,1,2022-08-22 09:06:43
1661159203292680000,39.5,5,39.5,5,39.55,12,2,2022-08-22 09:06:43
1661159203327411000,39.5,1,39.5,9,39.55,12,2,2022-08-22 09:06:43
1661159203444735000,39.5,1,39.5,10,39.55,12,2,2022-08-22 09:06:43
1661159205140047000,39.55,10,39.5,17,39.55,2,1,2022-08-22 09:06:45
1661159205371668000,39.55,2,39.55,18,39.6,10,1,2022-08-22 09:06:45
1661159206572695000,39.6,11,39.55,23,39.65,33,1,2022-08-22 09:06:46
1661159207705385000,39.55,1,39.55,23,39.6,2,2,2022-08-22 09:06:47
1661159208398812000,39.55,2,39.55,20,39.6,2,2,2022-08-22 09:06:48
1661159208991941000,39.55,1,39.55,19,39.6,2,2,2022-08-22 09:06:48
1661159209025456000,39.6,1,39.55,19,39.6,1,1,2022-08-22 09:06:49
1661159210067368000,39.6,1,39.55,19,39.6,3,1,2022-08-22 09:06:50
1661159210310999000,39.6,3,39.6,22,39.65,40,1,2022-08-22 09:06:50
1661159211611293000,39.6,1,39.6,21,39.65,44,2,2022-08-22 09:06:51
1661159211746052000,39.65,2,39.6,21,39.65,42,1,2022-08-22 09:06:51
1661159211822661000,39.6,2,39.6,20,39.65,38,2,2022-08-22 09:06:51
1661159211935355000,39.6,1,39.6,22,39.65,40,2,2022-08-22 09:06:51
1661159212564696000,39.65,2,39.6,19,39.65,36,1,2022-08-22 09:06:52
1661159212633350000,39.6,1,39.6,18,39.65,36,2,2022-08-22 09:06:52
1661159212891609000,39.65,1,39.6,19,39.65,35,1,2022-08-22 09:06:52
1661159213446575000,39.65,1,39.6,19,39.65,35,1,2022-08-22 09:06:53
1661159213550249000,39.6,1,39.6,18,39.65,34,2,2022-08-22 09:06:53
1661159214358193000,39.65,9,39.6,20,39.65,26,1,2022-08-22 09:06:54
1661159215203720000,39.6,20,39.6,1,39.65,26,2,2022-08-22 09:06:55
1661159216307644000,39.65,5,39.6,14,39.65,31,1,2022-08-22 09:06:56
1661159217575641000,39.65,5,39.6,14,39.65,21,1,2022-08-22 09:06:57
1661159217991986000,39.65,2,39.6,14,39.65,19,1,2022-08-22 09:06:57
1661159218408438000,39.6,1,39.6,14,39.65,19,2,2022-08-22 09:06:58
1661159218469778000,39.65,1,39.6,15,39.65,19,1,2022-08-22 09:06:58
1661159218632947000,39.65,3,39.6,14,39.65,15,1,2022-08-22 09:06:58
1661159218635444000,39.65,1,39.6,14,39.65,14,1,2022-08-22 09:06:58
1661159218874783000,39.65,1,39.6,16,39.65,11,1,2022-08-22 09:06:58
1661159219222242000,39.6,10,39.6,6,39.65,10,2,2022-08-22 09:06:59
1661159219267010000,39.65,1,39.6,6,39.65,10,1,2022-08-22 09:06:59
1661159220362476000,39.6,1,39.6,9,39.65,9,2,2022-08-22 09:07:00
1661159220502219000,39.65,1,39.6,9,39.65,8,1,2022-08-22 09:07:00
1661159220650013000,39.6,1,39.6,8,39.65,8,2,2022-08-22 09:07:00
1661159220879855000,39.6,1,39.6,7,39.65,8,2,2022-08-22 09:07:00
1661159220893226000,39.6,2,39.6,5,39.65,8,2,2022-08-22 09:07:00
1661159221075547000,39.65,5,39.6,5,39.65,3,1,2022-08-22 09:07:01
1661159221505178000,39.65,1,39.6,5,39.65,2,1,2022-08-22 09:07:01
1661159221819784000,39.6,1,39.6,4,39.65,2,2,2022-08-22 09:07:01
1661159222105715000,39.6,1,39.6,3,39.65,2,2,2022-08-22 09:07:02
1661159222181293000,39.65,1,39.6,8,39.65,1,1,2022-08-22 09:07:02
1661159222193779000,39.65,1,39.6,8,39.7,38,1,2022-08-22 09:07:02
1661159222513187000,39.65,2,39.6,8,39.7,46,2,2022-08-22 09:07:02
1661159223149509000,39.6,1,39.6,8,39.7,46,2,2022-08-22 09:07:03
1661159223453767000,39.65,1,39.6,9,39.7,46,2,2022-08-22 09:07:03
1661159223453787000,39.6,8,39.6,1,39.7,46,2,2022-08-22 09:07:03
1661159223515258000,39.6,2,39.55,38,39.7,49,2,2022-08-22 09:07:03
1661159223799544000,39.65,2,39.65,3,39.7,49,1,2022-08-22 09:07:03
1661159223830916000,39.65,3,39.55,38,39.7,49,2,2022-08-22 09:07:03
1661159225235439000,39.6,1,39.55,41,39.6,1,1,2022-08-22 09:07:05
1661159225568015000,39.6,1,39.55,38,39.6,1,1,2022-08-22 09:07:05
1661159226456910000,39.6,2,39.55,38,39.6,2,1,2022-08-22 09:07:06
1661159226456910000,39.65,1,39.55,38,39.6,2,1,2022-08-22 09:07:06
1661159226596705000,39.6,1,39.55,38,39.65,5,2,2022-08-22 09:07:06
1661159226820840000,39.65,1,39.6,1,39.65,5,1,2022-08-22 09:07:06
1661159227154105000,39.65,4,39.55,38,39.7,54,1,2022-08-22 09:07:07
1661159227565463000,39.6,1,39.6,1,39.7,55,2,2022-08-22 09:07:07
1661159228046816000,39.6,1,39.55,38,39.7,55,2,2022-08-22 09:07:08
1661159228128732000,39.65,1,39.65,1,39.7,55,2,2022-08-22 09:07:08
1661159228129032000,39.65,1,39.55,38,39.7,55,2,2022-08-22 09:07:08
1661159228197773000,39.6,1,39.55,38,39.7,52,2,2022-08-22 09:07:08
1661159228299254000,39.6,2,39.6,2,39.7,54,2,2022-08-22 09:07:08
1661159229336750000,39.7,1,39.55,38,39.7,55,1,2022-08-22 09:07:09
1661159229607920000,39.55,1,39.55,37,39.7,55,2,2022-08-22 09:07:09
1661159229760160000,39.65,1,39.55,37,39.65,3,1,2022-08-22 09:07:09
1661159230880313000,39.55,10,39.55,27,39.65,23,2,2022-08-22 09:07:10
1661159231124841000,39.6,2,39.6,1,39.65,23,2,2022-08-22 09:07:11
1661159231318370000,39.6,3,39.55,31,39.65,23,2,2022-08-22 09:07:11
1661159231355119000,39.6,1,39.6,2,39.65,23,2,2022-08-22 09:07:11
1661159231362356000,39.6,2,39.6,2,39.65,42,2,2022-08-22 09:07:11
1661159231998641000,39.6,1,39.55,32,39.65,42,1,2022-08-22 09:07:11
1661159232256761000,39.65,2,39.6,1,39.65,40,1,2022-08-22 09:07:12
1661159232292814000,39.6,1,39.55,32,39.65,40,2,2022-08-22 09:07:12
1661159232349289000,39.55,6,39.55,26,39.65,40,2,2022-08-22 09:07:12
1661159232566797000,39.65,2,39.55,25,39.65,38,1,2022-08-22 09:07:12
1661159233195982000,39.6,1,39.55,25,39.65,39,1,2022-08-22 09:07:13
1661159233382772000,39.6,5,39.6,5,39.65,42,2,2022-08-22 09:07:13
1661159234233599000,39.55,2,39.55,23,39.65,42,2,2022-08-22 09:07:14
1661159234738497000,39.55,10,39.55,13,39.65,42,2,2022-08-22 09:07:14
1661159234761659000,39.55,13,39.5,60,39.65,42,2,2022-08-22 09:07:14
1661159236562969000,39.55,1,39.5,61,39.55,4,1,2022-08-22 09:07:16
1661159237657021000,39.55,1,39.5,60,39.55,6,1,2022-08-22 09:07:17
1661159237765459000,39.55,1,39.5,60,39.55,7,1,2022-08-22 09:07:17
1661159238527528000,39.55,1,39.5,60,39.55,4,1,2022-08-22 09:07:18
1661159238537280000,39.55,1,39.5,60,39.55,3,1,2022-08-22 09:07:18
1661159239503850000,39.5,2,39.5,58,39.55,4,2,2022-08-22 09:07:19
1661159239534048000,39.5,9,39.5,49,39.55,4,2,2022-08-22 09:07:19
1661159239534257000,39.5,49,39.45,28,39.55,4,2,2022-08-22 09:07:19
1661159240474857000,39.5,2,39.45,24,39.5,6,1,2022-08-22 09:07:20
1661159240510648000,39.45,1,39.45,23,39.5,4,2,2022-08-22 09:07:20
1661159241526661000,39.5,1,39.45,23,39.5,31,1,2022-08-22 09:07:21
1661159241684479000,39.5,5,39.45,23,39.5,26,1,2022-08-22 09:07:21
1661159242108769000,39.5,1,39.45,23,39.5,25,1,2022-08-22 09:07:22
1661159242507291000,39.45,1,39.45,22,39.5,25,2,2022-08-22 09:07:22
1661159242552052000,39.45,1,39.45,21,39.5,25,2,2022-08-22 09:07:22
1661159243935830000,39.45,1,39.45,20,39.5,25,2,2022-08-22 09:07:23
1661159244099566000,39.5,2,39.45,20,39.5,23,1,2022-08-22 09:07:24
1661159244830876000,39.5,1,39.45,20,39.5,23,1,2022-08-22 09:07:24
1661159245420860000,39.5,12,39.45,20,39.5,11,1,2022-08-22 09:07:25
1661159245460267000,39.45,1,39.45,19,39.5,11,2,2022-08-22 09:07:25
1661159246469649000,39.5,1,39.45,19,39.5,10,1,2022-08-22 09:07:26
1661159247543408000,39.45,2,39.45,27,39.5,11,2,2022-08-22 09:07:27
1661159247994074000,39.45,1,39.45,26,39.5,11,2,2022-08-22 09:07:27
1661159248049418000,39.5,1,39.45,27,39.5,10,1,2022-08-22 09:07:28
1661159248277288000,39.45,10,39.45,27,39.5,10,2,2022-08-22 09:07:28
1661159249353651000,39.45,1,39.45,16,39.5,10,2,2022-08-22 09:07:29
1661159251159620000,39.5,1,39.45,18,39.5,11,1,2022-08-22 09:07:31
1661159251688772000,39.5,2,39.45,18,39.5,11,1,2022-08-22 09:07:31
1661159252288603000,39.45,10,39.45,9,39.5,11,2,2022-08-22 09:07:32
1661159252315506000,39.45,9,39.4,79,39.5,11,2,2022-08-22 09:07:32
1661159253367293000,39.45,1,39.4,79,39.45,2,1,2022-08-22 09:07:33
1661159253436638000,39.45,1,39.4,79,39.45,1,1,2022-08-22 09:07:33
1661159254473599000,39.4,1,39.4,79,39.45,8,2,2022-08-22 09:07:34
1661159254666606000,39.45,1,39.4,78,39.45,7,1,2022-08-22 09:07:34
1661159254741408000,39.45,1,39.4,78,39.45,7,1,2022-08-22 09:07:34
1661159255236649000,39.45,2,39.4,80,39.45,4,1,2022-08-22 09:07:35
1661159255266652000,39.45,1,39.4,80,39.45,6,1,2022-08-22 09:07:35
1661159255579763000,39.45,1,39.4,80,39.45,2,1,2022-08-22 09:07:35
1661159255870908000,39.4,1,39.4,79,39.45,2,2,2022-08-22 09:07:35
1661159255903420000,39.4,79,39.35,102,39.45,2,2,2022-08-22 09:07:35
1661159256149849000,39.35,10,39.35,89,39.4,6,2,2022-08-22 09:07:36
1661159256186952000,39.35,1,39.35,88,39.4,6,2,2022-08-22 09:07:36
1661159256218549000,39.35,1,39.35,87,39.4,6,2,2022-08-22 09:07:36
1661159256288273000,39.4,5,39.35,87,39.4,1,1,2022-08-22 09:07:36
1661159256304721000,39.35,1,39.35,99,39.4,6,2,2022-08-22 09:07:36
1661159256671675000,39.4,1,39.35,86,39.45,2,1,2022-08-22 09:07:36
1661159257040622000,39.4,5,39.4,6,39.45,2,2,2022-08-22 09:07:37
1661159257079492000,39.4,6,39.4,11,39.45,2,2,2022-08-22 09:07:37
1661159258149975000,39.35,20,39.35,66,39.4,5,2,2022-08-22 09:07:38
1661159258176321000,39.35,1,39.35,65,39.4,5,2,2022-08-22 09:07:38
1661159258178246000,39.35,1,39.35,64,39.4,5,2,2022-08-22 09:07:38
1661159258230520000,39.4,1,39.35,64,39.4,4,1,2022-08-22 09:07:38
1661159258364505000,39.4,1,39.35,86,39.4,5,1,2022-08-22 09:07:38
1661159259011527000,39.4,2,39.35,64,39.4,1,1,2022-08-22 09:07:39
1661159259574318000,39.35,2,39.35,63,39.4,4,2,2022-08-22 09:07:39
1661159259675442000,39.35,5,39.35,58,39.4,4,2,2022-08-22 09:07:39
1661159259718265000,39.35,1,39.35,57,39.4,4,2,2022-08-22 09:07:39
1661159259788927000,39.35,10,39.35,47,39.4,4,2,2022-08-22 09:07:39
1661159261452329000,39.35,47,39.3,126,39.35,33,2,2022-08-22 09:07:41
1661159261492161000,39.3,1,39.3,121,39.35,33,2,2022-08-22 09:07:41
1661159261498439000,39.3,1,39.3,120,39.35,33,2,2022-08-22 09:07:41
1661159261546286000,39.3,10,39.25,4,39.3,1,2,2022-08-22 09:07:41
1661159261612682000,39.25,1,39.25,3,39.3,9,2,2022-08-22 09:07:41
1661159261645534000,39.25,3,39.2,39,39.3,9,2,2022-08-22 09:07:41
1661159261645534000,39.2,1,39.2,39,39.3,9,2,2022-08-22 09:07:41
1661159261660133000,39.2,1,39.2,38,39.3,9,2,2022-08-22 09:07:41
1661159261804081000,39.2,1,39.2,40,39.3,9,2,2022-08-22 09:07:41
1661159261881025000,39.3,1,39.25,1,39.3,8,1,2022-08-22 09:07:41
1661159261941810000,39.25,1,39.2,34,39.3,8,2,2022-08-22 09:07:41
1661159261941810000,39.2,6,39.2,34,39.3,8,2,2022-08-22 09:07:41
1661159261948278000,39.2,3,39.25,1,39.3,9,2,2022-08-22 09:07:41
1661159262578850000,39.25,3,39.2,31,39.3,9,1,2022-08-22 09:07:42
1661159262791208000,39.2,3,39.2,28,39.3,9,2,2022-08-22 09:07:42
1661159263231667000,39.2,1,39.2,27,39.3,19,2,2022-08-22 09:07:43
1661159263260613000,39.2,1,39.2,26,39.3,19,2,2022-08-22 09:07:43
1661159263799724000,39.25,1,39.25,1,39.3,19,2,2022-08-22 09:07:43
1661159263818051000,39.25,1,39.2,26,39.3,19,2,2022-08-22 09:07:43
1661159263997112000,39.2,2,39.2,26,39.3,19,2,2022-08-22 09:07:43
1661159264510102000,39.2,4,39.2,17,39.25,3,2,2022-08-22 09:07:44
1661159264618756000,39.2,5,39.2,12,39.25,3,2,2022-08-22 09:07:44
1661159264886355000,39.2,1,39.2,11,39.25,3,2,2022-08-22 09:07:44
1661159265207323000,39.2,2,39.2,9,39.25,3,2,2022-08-22 09:07:45
1661159265328080000,39.2,1,39.2,8,39.25,3,2,2022-08-22 09:07:45
1661159265335569000,39.2,5,39.2,3,39.25,3,2,2022-08-22 09:07:45
1661159265387591000,39.25,3,39.2,3,39.3,9,1,2022-08-22 09:07:45
1661159265444248000,39.3,9,39.2,11,39.25,3,1,2022-08-22 09:07:45
1661159265444248000,39.35,1,39.2,11,39.25,3,1,2022-08-22 09:07:45
1661159266081228000,39.2,1,39.2,2,39.35,33,2,2022-08-22 09:07:46
1661159266123916000,39.2,2,39.15,6,39.35,33,2,2022-08-22 09:07:46
1661159266221396000,39.35,5,39.15,6,39.35,28,1,2022-08-22 09:07:46
1661159266286768000,39.25,5,39.15,6,39.3,1,1,2022-08-22 09:07:46
1661159266440712000,39.15,1,39.15,5,39.2,2,2,2022-08-22 09:07:46
1661159266444571000,39.2,2,39.15,6,39.2,2,1,2022-08-22 09:07:46
1661159266874397000,39.3,1,39.15,5,39.4,14,1,2022-08-22 09:07:46
1661159266874397000,39.35,28,39.15,5,39.4,14,1,2022-08-22 09:07:46
1661159266874397000,39.4,6,39.15,5,39.4,14,1,2022-08-22 09:07:46
1661159267658359000,39.2,2,39.15,5,39.2,8,2,2022-08-22 09:07:47
1661159267688491000,39.2,8,39.15,5,39.4,17,1,2022-08-22 09:07:47
1661159268293910000,39.2,2,39.2,9,39.4,17,2,2022-08-22 09:07:48
1661159268925191000,39.25,8,39.25,1,39.3,2,2,2022-08-22 09:07:48
1661159268954125000,39.25,1,39.25,9,39.3,2,2,2022-08-22 09:07:48
1661159269060310000,39.2,1,39.2,11,39.3,2,2,2022-08-22 09:07:49
1661159270051508000,39.2,1,39.2,13,39.3,2,2,2022-08-22 09:07:50
1661159270596921000,39.3,2,39.3,1,39.35,6,1,2022-08-22 09:07:50
1661159271017404000,39.3,1,39.25,4,39.35,6,2,2022-08-22 09:07:51
1661159271069325000,39.25,4,39.15,8,39.2,7,2,2022-08-22 09:07:51
1661159271069325000,39.2,9,39.15,8,39.2,7,2,2022-08-22 09:07:51
1661159271106181000,39.2,7,39.15,8,39.35,6,1,2022-08-22 09:07:51
1661159271184361000,39.2,1,39.15,8,39.35,6,1,2022-08-22 09:07:51
1661159271372982000,39.2,1,39.15,8,39.45,7,1,2022-08-22 09:07:51
1661159271372982000,39.35,6,39.15,8,39.45,7,1,2022-08-22 09:07:51
1661159271372982000,39.4,14,39.15,8,39.45,7,1,2022-08-22 09:07:51
