ts,close,volume,bid_price,bid_volume,ask_price,ask_volume,tick_type,datetime
1661158818133992000,20.2,339,20.2,2,20.25,11,1,2022-08-22 09:00:18
1661158818181427000,20.2,2,20.15,13,20.25,11,2,2022-08-22 09:00:18
1661158818200082000,20.15,1,20.15,12,20.25,11,2,2022-08-22 09:00:18
1661158818200448000,20.25,1,20.15,12,20.25,10,1,2022-08-22 09:00:18
1661158818343320000,20.25,1,20.15,12,20.25,10,1,2022-08-22 09:00:18
1661158819480555000,20.25,4,20.15,12,20.25,5,1,2022-08-22 09:00:19
1661158819981842000,20.15,2,20.15,10,20.25,5,2,2022-08-22 09:00:19
1661158827570899000,20.15,1,20.15,9,20.25,5,2,2022-08-22 09:00:27
1661158828353597000,20.25,5,20.15,9,20.3,24,1,2022-08-22 09:00:28
1661158831545593000,20.25,1,20.15,9,20.3,24,2,2022-08-22 09:00:31
1661158831679809000,20.3,2,20.15,9,20.3,24,1,2022-08-22 09:00:31
1661158834846584000,20.25,2,20.15,13,20.3,22,2,2022-08-22 09:00:34
1661158834846584000,20.2,2,20.15,13,20.3,22,2,2022-08-22 09:00:34
1661158834846584000,20.15,6,20.15,13,20.3,22,2,2022-08-22 09:00:34
1661158835518989000,20.3,5,20.15,13,20.3,17,1,2022-08-22 09:00:35
1661158835555243000,20.3,17,20.15,13,20.35,20,1,2022-08-22 09:00:35
1661158840619538000,20.35,1,20.25,1,20.35,20,1,2022-08-22 09:00:40
1661158841631178000,20.35,5,20.25,1,20.35,14,1,2022-08-22 09:00:41
1661158842038113000,20.3,1,20.25,1,20.35,14,2,2022-08-22 09:00:42
1661158844101505000,20.25,1,20.2,2,20.35,14,2,2022-08-22 09:00:44
1661158844101505000,20.2,4,20.2,2,20.35,14,2,2022-08-22 09:00:44
1661158844127489000,20.35,10,20.2,2,20.35,4,1,2022-08-22 09:00:44
1661158844164338000,20.35,4,20.2,2,20.4,22,1,2022-08-22 09:00:44
1661158845666610000,20.2,1,20.2,3,20.4,22,2,2022-08-22 09:00:45
1661158847597002000,20.25,1,20.25,20,20.4,22,2,2022-08-22 09:00:47
1661158850922587000,20.35,1,20.25,21,20.4,20,1,2022-08-22 09:00:50
1661158850922587000,20.4,2,20.25,21,20.4,20,1,2022-08-22 09:00:50
1661158858385802000,20.3,2,20.3,5,20.35,1,2,2022-08-22 09:00:58
1661158858957255000,20.35,1,20.35,4,20.4,20,1,2022-08-22 09:00:58
1661158862858057000,20.35,5,20.35,2,20.4,21,2,2022-08-22 09:01:02
1661158862880933000,20.35,2,20.3,18,20.4,21,2,2022-08-22 09:01:02
1661158863726057000,20.3,6,20.3,12,20.4,21,2,2022-08-22 09:01:03
1661158864867096000,20.4,2,20.3,12,20.4,19,1,2022-08-22 09:01:04
1661158865086278000,20.35,2,20.3,12,20.35,2,1,2022-08-22 09:01:05
1661158866896804000,20.35,1,20.3,12,20.35,1,1,2022-08-22 09:01:06
1661158868062092000,20.35,2,20.35,4,20.4,20,1,2022-08-22 09:01:08
1661158868094626000,20.35,4,20.3,12,20.4,20,2,2022-08-22 09:01:08
1661158868791958000,20.3,10,20.3,2,20.4,20,2,2022-08-22 09:01:08
1661158868825993000,20.3,2,20.25,22,20.4,20,2,2022-08-22 09:01:08
1661158870420903000,20.25,2,20.25,20,20.3,5,2,2022-08-22 09:01:10
1661158870989121000,20.3,5,20.25,21,20.35,2,1,2022-08-22 09:01:10
1661158876594254000,20.3,1,20.25,20,20.35,4,2,2022-08-22 09:01:16
1661158878370676000,20.3,2,20.25,20,20.35,4,2,2022-08-22 09:01:18
1661158883175434000,20.3,1,20.25,23,20.35,4,2,2022-08-22 09:01:23
1661158884280462000,20.25,3,20.25,20,20.35,4,2,2022-08-22 09:01:24
1661158884875346000,20.25,5,20.25,15,20.35,4,2,2022-08-22 09:01:24
1661158885831131000,20.25,5,20.25,10,20.35,4,2,2022-08-22 09:01:25
1661158885865004000,20.25,4,20.25,6,20.35,4,2,2022-08-22 09:01:25
1661158886336614000,20.3,1,20.25,6,20.35,4,1,2022-08-22 09:01:26
1661158886836993000,20.25,5,20.25,1,20.35,4,2,2022-08-22 09:01:26
1661158886860641000,20.25,1,20.2,8,20.35,4,2,2022-08-22 09:01:26
1661158887592742000,20.2,1,20.2,7,20.35,25,2,2022-08-22 09:01:27
1661158889639051000,20.2,5,20.2,2,20.35,25,2,2022-08-22 09:01:29
1661158889668897000,20.2,1,20.2,1,20.35,25,2,2022-08-22 09:01:29
1661158889669688000,20.2,1,20.15,7,20.35,25,2,2022-08-22 09:01:29
1661158890606219000,20.2,1,20.1,3,20.25,3,2,2022-08-22 09:01:30
1661158890606219000,20.15,7,20.1,3,20.25,3,2,2022-08-22 09:01:30
1661158890606219000,20.1,2,20.1,3,20.25,3,2,2022-08-22 09:01:30
1661158890776012000,20.1,3,20.05,1,20.25,3,2,2022-08-22 09:01:30
1661158892407932000,20.05,1,20.0,45,20.05,4,2,2022-08-22 09:01:32
1661158892441976000,20.05,4,20.0,45,20.05,4,1,2022-08-22 09:01:32
1661158892944393000,20.2,1,20.2,1,20.25,3,2,2022-08-22 09:01:32
1661158896290581000,20.0,10,20.0,35,20.25,3,2,2022-08-22 09:01:36
1661158899703849000,20.0,1,20.0,35,20.2,1,2,2022-08-22 09:01:39
1661158901186339000,20.0,2,20.0,33,20.1,3,2,2022-08-22 09:01:41
1661158903872993000,20.1,1,20.0,33,20.1,2,1,2022-08-22 09:01:43
1661158903906797000,20.1,2,20.0,33,20.2,1,1,2022-08-22 09:01:43
1661158904202978000,20.0,2,20.0,31,20.2,1,2,2022-08-22 09:01:44
1661158905151496000,20.0,2,20.0,29,20.2,1,2,2022-08-22 09:01:45
1661158906133284000,20.0,1,20.0,28,20.1,5,2,2022-08-22 09:01:46
1661158906176468000,20.1,1,20.0,28,20.1,4,1,2022-08-22 09:01:46
1661158906353979000,20.0,3,20.0,49,20.1,4,2,2022-08-22 09:01:46
1661158906918561000,20.0,21,20.0,25,20.1,4,2,2022-08-22 09:01:46
1661158907404371000,20.0,1,20.0,24,20.1,4,2,2022-08-22 09:01:47
1661158908341220000,20.0,3,20.0,21,20.1,4,2,2022-08-22 09:01:48
1661158908420372000,20.0,1,20.0,20,20.1,4,2,2022-08-22 09:01:48
1661158909088895000,20.0,12,20.0,8,20.1,4,2,2022-08-22 09:01:49
1661158909124948000,20.0,3,20.0,5,20.1,4,2,2022-08-22 09:01:49
1661158910549543000,20.0,3,20.0,3,20.1,4,2,2022-08-22 09:01:50
1661158911286943000,20.0,3,19.95,6,20.0,9,2,2022-08-22 09:01:51
1661158911452113000,19.95,3,19.95,3,20.0,9,2,2022-08-22 09:01:51
1661158911951182000,19.9,1,19.9,9,20.0,9,2,2022-08-22 09:01:51
1661158911962568000,19.9,1,19.9,10,20.0,9,2,2022-08-22 09:01:51
1661158912003648000,19.9,8,19.85,5,19.9,13,2,2022-08-22 09:01:52
1661158912191620000,19.85,3,19.85,2,19.9,13,2,2022-08-22 09:01:52
1661158912451929000,19.85,1,19.85,5,19.9,13,2,2022-08-22 09:01:52
1661158912484313000,19.85,1,19.8,24,19.9,13,2,2022-08-22 09:01:52
1661158912488414000,19.8,3,19.8,21,19.9,13,2,2022-08-22 09:01:52
1661158912530043000,19.8,1,19.8,20,19.9,13,2,2022-08-22 09:01:52
1661158912917824000,19.8,1,19.8,20,19.9,13,2,2022-08-22 09:01:52
1661158913637617000,19.8,1,19.8,18,19.9,13,2,2022-08-22 09:01:53
1661158913756900000,19.8,1,19.8,17,19.9,13,2,2022-08-22 09:01:53
1661158914466134000,19.8,1,19.8,17,19.9,13,2,2022-08-22 09:01:54
1661158914546411000,19.8,1,19.8,15,19.9,13,2,2022-08-22 09:01:54
1661158914991908000,19.8,4,19.8,11,19.9,13,2,2022-08-22 09:01:54
1661158915022983000,19.8,4,19.8,7,19.9,13,2,2022-08-22 09:01:55
1661158915357840000,19.8,1,19.8,6,19.9,13,2,2022-08-22 09:01:55
1661158915391826000,19.8,1,19.8,5,19.9,13,2,2022-08-22 09:01:55
1661158915427562000,19.8,1,19.8,4,19.9,13,2,2022-08-22 09:01:55
1661158915694466000,19.8,1,19.8,3,19.9,13,2,2022-08-22 09:01:55
1661158916511098000,19.8,1,19.8,3,19.9,13,2,2022-08-22 09:01:56
1661158917130474000,19.8,1,19.8,2,19.9,14,2,2022-08-22 09:01:57
1661158917912785000,19.8,1,19.8,1,19.9,14,2,2022-08-22 09:01:57
1661158923298349000,19.9,1,19.8,4,19.95,2,1,2022-08-22 09:02:03
1661158923464815000,19.8,1,19.8,4,19.95,2,2,2022-08-22 09:02:03
1661158926182247000,19.9,1,19.8,3,19.95,1,1,2022-08-22 09:02:06
1661158926182247000,19.95,1,19.8,3,19.95,1,1,2022-08-22 09:02:06
1661158926631206000,19.8,3,19.7,6,19.95,1,2,2022-08-22 09:02:06
1661158926631206000,19.7,2,19.7,6,19.95,1,2,2022-08-22 09:02:06
1661158926783384000,19.7,5,19.7,6,19.95,5,2,2022-08-22 09:02:06
1661158928391720000,19.95,1,19.8,2,19.95,4,1,2022-08-22 09:02:08
1661158930454563000,19.8,1,19.8,2,20.0,2,2,2022-08-22 09:02:10
1661158930497980000,19.8,1,19.8,1,20.0,2,2,2022-08-22 09:02:10
1661158942431699000,19.95,1,19.8,8,20.0,13,1,2022-08-22 09:02:22
1661158956009741000,19.95,1,19.85,7,19.95,2,1,2022-08-22 09:02:36
1661158970900062000,19.95,4,19.95,16,20.0,46,1,2022-08-22 09:02:50
1661158971327522000,19.95,1,19.95,15,20.0,47,2,2022-08-22 09:02:51
1661158973251859000,19.95,1,19.95,14,20.0,47,2,2022-08-22 09:02:53
1661158974717580000,19.95,3,19.95,11,20.0,47,2,2022-08-22 09:02:54
1661158977661706000,20.0,1,19.95,31,20.0,46,1,2022-08-22 09:02:57
1661158977896199000,19.95,1,19.95,30,20.0,46,2,2022-08-22 09:02:57
1661158979159410000,19.95,1,19.95,33,20.0,46,2,2022-08-22 09:02:59
1661158981425192000,19.95,1,19.95,32,20.0,46,2,2022-08-22 09:03:01
1661158981931298000,19.95,4,19.95,28,20.0,46,2,2022-08-22 09:03:01
1661158990964613000,19.95,1,19.95,29,20.0,51,2,2022-08-22 09:03:10
1661158993069689000,19.95,2,19.95,27,20.0,51,2,2022-08-22 09:03:13
1661158994035931000,20.0,1,19.95,27,20.0,50,1,2022-08-22 09:03:14
1661158996978348000,19.95,2,19.95,25,20.0,54,2,2022-08-22 09:03:16
1661158997409773000,19.95,1,19.95,24,20.0,54,2,2022-08-22 09:03:17
1661159000000153000,19.95,1,19.95,23,20.0,54,2,2022-08-22 09:03:20
1661159000417283000,19.95,5,19.95,18,20.0,54,2,2022-08-22 09:03:20
1661159000981345000,19.95,1,19.95,17,20.0,54,2,2022-08-22 09:03:20
1661159001702507000,19.95,2,19.95,16,20.0,54,2,2022-08-22 09:03:21
1661159002074797000,19.95,1,19.95,15,20.0,54,2,2022-08-22 09:03:22
1661159002188567000,19.95,1,19.95,14,20.0,54,2,2022-08-22 09:03:22
1661159002411157000,19.95,1,19.95,13,20.0,54,2,2022-08-22 09:03:22
1661159002993604000,19.95,5,19.95,8,20.0,54,2,2022-08-22 09:03:22
1661159004554584000,19.95,2,19.95,6,20.0,54,2,2022-08-22 09:03:24
1661159006540486000,19.95,1,19.95,6,20.0,54,2,2022-08-22 09:03:26
1661159007201027000,19.95,1,19.95,6,20.0,54,2,2022-08-22 09:03:27
1661159008066692000,19.95,5,19.95,2,20.0,54,2,2022-08-22 09:03:28
1661159009107202000,19.95,1,19.95,1,20.0,54,2,2022-08-22 09:03:29
1661159009393566000,20.0,2,19.95,1,20.0,52,1,2022-08-22 09:03:29
1661159009639568000,19.95,1,19.9,2,20.0,52,2,2022-08-22 09:03:29
1661159010336771000,19.95,1,19.95,3,20.0,52,2,2022-08-22 09:03:30
1661159011343715000,19.95,2,19.9,2,20.0,52,2,2022-08-22 09:03:31
1661159014787306000,19.95,1,19.9,4,19.95,5,1,2022-08-22 09:03:34
1661159020554260000,19.95,1,19.9,4,19.95,4,1,2022-08-22 09:03:40
1661159024997870000,19.95,2,19.9,4,19.95,38,1,2022-08-22 09:03:44
1661159027391191000,19.9,1,19.9,6,19.95,36,2,2022-08-22 09:03:47
1661159028376833000,19.95,1,19.9,6,19.95,35,1,2022-08-22 09:03:48
1661159028806332000,19.95,1,19.9,6,19.95,34,1,2022-08-22 09:03:48
1661159029298911000,19.9,1,19.9,5,19.95,34,2,2022-08-22 09:03:49
1661159030588455000,19.9,5,19.85,5,19.95,34,2,2022-08-22 09:03:50
1661159038546660000,19.9,2,19.85,5,19.9,32,2,2022-08-22 09:03:58
1661159038636520000,19.85,5,19.8,10,19.9,32,2,2022-08-22 09:03:58
1661159041357938000,19.8,1,19.8,9,19.9,32,2,2022-08-22 09:04:01
1661159041398460000,19.8,9,19.75,2,19.9,32,2,2022-08-22 09:04:01
1661159041479167000,19.75,2,19.7,5,19.9,32,2,2022-08-22 09:04:01
1661159041479167000,19.7,1,19.7,5,19.9,32,2,2022-08-22 09:04:01
1661159045057311000,19.7,5,19.6,1,19.95,7,2,2022-08-22 09:04:05
1661159045057311000,19.65,5,19.6,1,19.95,7,2,2022-08-22 09:04:05
1661159046285583000,19.6,1,19.5,9,19.6,4,2,2022-08-22 09:04:06
1661159047095191000,19.6,4,19.7,1,19.9,6,1,2022-08-22 09:04:07
1661159047097593000,19.7,1,19.5,6,19.9,6,2,2022-08-22 09:04:07
1661159049153254000,19.5,1,19.5,5,19.9,7,2,2022-08-22 09:04:09
1661159049265861000,19.9,1,19.5,5,19.9,6,1,2022-08-22 09:04:09
1661159055307558000,19.9,1,19.7,1,19.9,2,1,2022-08-22 09:04:15
1661159056492088000,19.7,1,19.6,2,19.7,4,2,2022-08-22 09:04:16
1661159057298456000,19.6,1,19.6,1,19.7,4,2,2022-08-22 09:04:17
1661159058771137000,19.55,1,19.5,15,19.7,4,2,2022-08-22 09:04:18
1661159059198544000,19.55,1,19.5,15,19.65,4,1,2022-08-22 09:04:19
1661159062136192000,19.5,1,19.5,14,19.7,4,2,2022-08-22 09:04:22
1661159063613468000,19.55,1,19.5,9,19.85,5,2,2022-08-22 09:04:23
1661159063613468000,19.5,8,19.5,9,19.85,5,2,2022-08-22 09:04:23
1661159064097899000,19.85,3,19.5,6,19.85,2,1,2022-08-22 09:04:24
1661159076923569000,19.7,1,19.7,1,19.8,1,2,2022-08-22 09:04:36
1661159077936470000,19.7,1,19.65,1,19.7,4,2,2022-08-22 09:04:37
1661159082684185000,19.65,1,19.6,3,19.7,5,2,2022-08-22 09:04:42
1661159085054412000,19.6,3,19.55,2,19.6,5,2,2022-08-22 09:04:45
1661159085088973000,19.6,1,19.55,2,19.6,4,1,2022-08-22 09:04:45
1661159085156581000,19.6,2,19.55,2,19.6,4,1,2022-08-22 09:04:45
1661159086081758000,19.6,2,19.55,2,19.6,1,1,2022-08-22 09:04:46
1661159091870717000,19.7,1,19.55,3,19.7,1,1,2022-08-22 09:04:51
1661159094807607000,19.65,1,19.55,7,19.75,2,1,2022-08-22 09:04:54
1661159094807607000,19.75,1,19.55,7,19.75,2,1,2022-08-22 09:04:54
1661159107662489000,19.75,3,19.75,2,19.8,7,1,2022-08-22 09:05:07
1661159114583408000,19.8,1,19.75,2,19.8,4,1,2022-08-22 09:05:14
1661159117015786000,19.75,1,19.75,1,19.8,4,2,2022-08-22 09:05:17
1661159117033336000,19.75,1,19.65,5,19.8,4,2,2022-08-22 09:05:17
1661159119779014000,19.65,1,19.65,4,19.8,4,2,2022-08-22 09:05:19
1661159127571832000,19.7,1,19.65,5,19.8,4,2,2022-08-22 09:05:27
1661159144646339000,19.65,1,19.65,7,19.8,4,2,2022-08-22 09:05:44
1661159164040733000,19.7,5,19.6,6,19.65,19,2,2022-08-22 09:06:04
1661159164040733000,19.65,8,19.6,6,19.65,19,2,2022-08-22 09:06:04
1661159166962569000,19.6,6,19.55,3,19.65,20,2,2022-08-22 09:06:06
1661159166962569000,19.55,4,19.55,3,19.65,20,2,2022-08-22 09:06:06
1661159171613419000,19.55,3,19.4,9,19.65,20,2,2022-08-22 09:06:11
1661159171613419000,19.5,9,19.4,9,19.65,20,2,2022-08-22 09:06:11
1661159171613419000,19.45,4,19.4,9,19.65,20,2,2022-08-22 09:06:11
1661159171613419000,19.4,7,19.4,9,19.65,20,2,2022-08-22 09:06:11
1661159173416621000,19.4,1,19.4,4,19.6,1,2,2022-08-22 09:06:13
1661159177436272000,19.4,4,19.35,10,19.65,20,2,2022-08-22 09:06:17
1661159177436272000,19.35,1,19.35,10,19.65,20,2,2022-08-22 09:06:17
1661159181632495000,19.35,3,19.25,4,19.65,20,2,2022-08-22 09:06:21
1661159181632495000,19.3,10,19.25,4,19.65,20,2,2022-08-22 09:06:21
1661159181632495000,19.25,2,19.25,4,19.65,20,2,2022-08-22 09:06:21
1661159189323678000,19.4,1,19.4,29,19.45,1,1,2022-08-22 09:06:29
1661159189355778000,19.45,1,19.4,29,19.6,4,1,2022-08-22 09:06:29
1661159191659321000,19.4,10,19.4,19,19.6,4,2,2022-08-22 09:06:31
1661159197057176000,19.5,1,19.4,19,19.6,7,1,2022-08-22 09:06:37
1661159197916677000,19.4,1,19.4,18,19.6,7,2,2022-08-22 09:06:37
1661159206144651000,19.6,1,19.4,19,19.6,7,1,2022-08-22 09:06:46
1661159209674544000,19.6,1,19.45,7,19.6,7,1,2022-08-22 09:06:49
1661159209688934000,19.6,1,19.45,7,19.6,6,1,2022-08-22 09:06:49
1661159213395998000,19.6,4,19.45,8,19.6,2,1,2022-08-22 09:06:53
1661159213434848000,19.6,2,19.45,8,19.65,1,1,2022-08-22 09:06:53
1661159220580684000,19.75,1,19.55,5,19.75,16,1,2022-08-22 09:07:00
1661159222956358000,19.7,2,19.55,5,19.75,15,2,2022-08-22 09:07:02
1661159227379060000,19.75,2,19.55,6,19.75,14,1,2022-08-22 09:07:07
1661159229334334000,19.75,1,19.55,6,19.75,13,1,2022-08-22 09:07:09
1661159245009725000,19.6,3,19.55,6,19.7,6,2,2022-08-22 09:07:25
1661159265861287000,19.6,1,19.55,6,19.65,1,2,2022-08-22 09:07:45
1661159268851234000,19.55,1,19.55,6,19.6,1,2,2022-08-22 09:07:48
1661159277445128000,19.55,3,19.55,2,19.6,1,2,2022-08-22 09:07:57
1661159282153937000,19.6,1,19.55,2,19.65,1,1,2022-08-22 09:08:02
1661159306014114000,19.55,2,19.5,1,19.6,1,2,2022-08-22 09:08:26
1661159306014114000,19.5,18,19.5,1,19.6,1,2,2022-08-22 09:08:26
1661159306590044000,19.6,1,19.6,1,19.65,1,1,2022-08-22 09:08:26
1661159306622457000,19.6,1,19.5,1,19.65,1,2,2022-08-22 09:08:26
1661159322064992000,19.6,1,19.6,1,19.65,20,2,2022-08-22 09:08:42
1661159322065028000,19.6,1,19.5,1,19.6,1,2,2022-08-22 09:08:42
1661159339582519000,19.55,1,19.5,14,19.6,1,1,2022-08-22 09:08:59
1661159382704272000,19.5,4,19.5,11,19.55,19,2,2022-08-22 09:09:42
1661159382743839000,19.5,11,19.45,4,19.55,19,2,2022-08-22 09:09:42
1661159396709062000,19.45,1,19.45,3,19.5,2,2,2022-08-22 09:09:56
1661159401933136000,19.45,3,19.4,5,19.5,2,2,2022-08-22 09:10:01
1661159401933136000,19.4,17,19.4,5,19.5,2,2,2022-08-22 09:10:01
1661159406724865000,19.4,2,19.4,6,19.45,1,2,2022-08-22 09:10:06
1661159412551855000,19.4,4,19.35,2,19.4,15,2,2022-08-22 09:10:12
1661159417102804000,19.4,2,19.35,2,19.4,19,1,2022-08-22 09:10:17
1661159419021182000,19.35,1,19.35,1,19.4,19,2,2022-08-22 09:10:19
1661159419875797000,19.35,1,19.3,6,19.4,19,2,2022-08-22 09:10:19
1661159440164630000,19.35,1,19.3,6,19.4,9,2,2022-08-22 09:10:40
1661159447528410000,19.4,1,19.3,6,19.4,8,1,2022-08-22 09:10:47
1661159448024291000,19.3,6,19.1,8,19.4,8,2,2022-08-22 09:10:48
1661159448024291000,19.25,7,19.1,8,19.4,8,2,2022-08-22 09:10:48
1661159448024291000,19.2,3,19.1,8,19.4,8,2,2022-08-22 09:10:48
1661159448024291000,19.15,6,19.1,8,19.4,8,2,2022-08-22 09:10:48
1661159448024291000,19.1,1,19.1,8,19.4,8,2,2022-08-22 09:10:48
1661159465342915000,19.15,1,19.1,9,19.25,1,2,2022-08-22 09:11:05
1661159465464362000,19.25,1,19.15,8,19.35,22,1,2022-08-22 09:11:05
1661159469847970000,19.15,1,19.15,10,19.35,17,2,2022-08-22 09:11:09
1661159478956406000,19.15,1,19.15,10,19.35,4,2,2022-08-22 09:11:18
1661159479839396000,19.25,1,19.25,4,19.35,4,2,2022-08-22 09:11:19
1661159479960681000,19.25,1,19.25,3,19.35,4,2,2022-08-22 09:11:19
1661159481570023000,19.25,3,19.15,10,19.2,7,2,2022-08-22 09:11:21
1661159481570023000,19.2,3,19.15,10,19.2,7,2,2022-08-22 09:11:21
1661159481592576000,19.2,7,19.15,10,19.35,4,1,2022-08-22 09:11:21
1661159484572480000,19.25,1,19.15,10,19.35,5,1,2022-08-22 09:11:24
1661159490777325000,19.3,2,19.15,11,19.35,5,1,2022-08-22 09:11:30
1661159501553844000,19.3,1,19.25,7,19.35,6,2,2022-08-22 09:11:41
1661159505591938000,19.3,2,19.25,7,19.3,1,2,2022-08-22 09:11:45
1661159505612652000,19.3,1,19.25,7,19.35,6,1,2022-08-22 09:11:45
1661159508855683000,19.35,2,19.25,7,19.35,4,1,2022-08-22 09:11:48
1661159522853418000,19.35,3,19.35,1,19.4,5,1,2022-08-22 09:12:02
1661159528375254000,19.4,5,19.35,1,19.5,2,1,2022-08-22 09:12:08
1661159530531986000,19.35,1,19.25,2,19.5,2,2,2022-08-22 09:12:10
1661159554201557000,19.4,1,19.25,2,19.3,1,2,2022-08-22 09:12:34
1661159554201557000,19.35,1,19.25,2,19.3,1,2,2022-08-22 09:12:34
1661159554231634000,19.3,1,19.25,2,19.5,2,1,2022-08-22 09:12:34
1661159558650982000,19.25,2,19.2,12,19.5,2,2,2022-08-22 09:12:38
1661159558650982000,19.2,18,19.2,12,19.5,2,2,2022-08-22 09:12:38
1661159586297236000,19.25,1,19.2,19,19.4,1,2,2022-08-22 09:13:06
1661159586297236000,19.2,1,19.2,19,19.4,1,2,2022-08-22 09:13:06
1661159609319809000,19.4,1,19.25,9,19.45,5,1,2022-08-22 09:13:29
1661159615668215000,19.45,1,19.25,9,19.5,6,1,2022-08-22 09:13:35
1661159621953391000,19.5,2,19.3,1,19.55,8,1,2022-08-22 09:13:41
1661159635568567000,19.5,1,19.4,1,19.55,4,2,2022-08-22 09:13:55
1661159666793763000,19.5,1,19.35,1,19.55,8,2,2022-08-22 09:14:26
1661159690592106000,19.5,2,19.4,1,19.5,2,1,2022-08-22 09:14:50
1661159696939598000,19.4,1,19.35,2,19.5,3,2,2022-08-22 09:14:56
1661159719025079000,19.35,2,19.25,2,19.4,1,2,2022-08-22 09:15:19
1661159719025079000,19.3,6,19.25,2,19.4,1,2,2022-08-22 09:15:19
1661159719025079000,19.25,12,19.25,2,19.4,1,2,2022-08-22 09:15:19
1661159731038889000,19.25,1,19.2,52,19.35,5,2,2022-08-22 09:15:31
1661159735587031000,19.3,2,19.25,10,19.35,5,1,2022-08-22 09:15:35
1661159741144811000,19.35,5,19.25,13,19.4,1,1,2022-08-22 09:15:41
1661159749608629000,19.3,1,19.2,21,19.4,2,2,2022-08-22 09:15:49
1661159749608629000,19.25,18,19.2,21,19.4,2,2,2022-08-22 09:15:49
1661159749608629000,19.2,31,19.2,21,19.4,2,2,2022-08-22 09:15:49
1661159759171188000,19.2,23,19.15,13,19.3,1,2,2022-08-22 09:15:59
1661159766849994000,19.25,1,19.2,3,19.5,2,2,2022-08-22 09:16:06
1661159766849994000,19.2,4,19.2,3,19.5,2,2,2022-08-22 09:16:06
1661159775074964000,19.2,2,19.15,9,19.45,2,1,2022-08-22 09:16:15
1661159789837415000,19.2,1,19.15,15,19.35,1,2,2022-08-22 09:16:29
1661159802051304000,19.2,1,19.2,3,19.35,2,2,2022-08-22 09:16:42
1661159810358953000,19.2,1,19.2,8,19.35,2,2,2022-08-22 09:16:50
1661159814449202000,19.2,1,19.2,7,19.35,2,2,2022-08-22 09:16:54
1661159817275092000,19.2,1,19.2,6,19.35,2,2,2022-08-22 09:16:57
1661159821421375000,19.25,6,19.2,6,19.25,2,1,2022-08-22 09:17:01
1661159821449990000,19.25,1,19.2,6,19.25,1,1,2022-08-22 09:17:01
1661159821450010000,19.25,1,19.2,6,19.35,2,1,2022-08-22 09:17:01
1661159849088936000,19.2,6,19.15,7,19.35,2,2,2022-08-22 09:17:29
1661159849088936000,19.15,1,19.15,7,19.35,2,2,2022-08-22 09:17:29
1661159863450949000,19.2,1,19.15,11,19.35,2,2,2022-08-22 09:17:43
1661159890998245000,19.3,1,19.2,5,19.35,2,1,2022-08-22 09:18:10
1661159919999130000,19.35,1,19.35,1,19.4,1,1,2022-08-22 09:18:39
1661159927762114000,19.4,1,19.35,3,19.45,2,1,2022-08-22 09:18:47
1661159984102992000,19.35,2,19.3,9,19.4,2,2,2022-08-22 09:19:44
1661160002766312000,19.35,2,19.3,9,19.4,12,1,2022-08-22 09:20:02
1661160010564866000,19.35,1,19.3,9,19.35,2,1,2022-08-22 09:20:10
1661160074390188000,19.35,1,19.3,4,19.35,5,1,2022-08-22 09:21:14
1661160084796483000,19.35,1,19.3,4,19.35,4,1,2022-08-22 09:21:24
1661160154883958000,19.3,3,19.3,1,19.35,1,2,2022-08-22 09:22:34
1661160187545490000,19.3,1,19.2,52,19.35,2,2,2022-08-22 09:23:07
1661160193821676000,19.2,3,19.2,49,19.35,2,2,2022-08-22 09:23:13
1661160203939224000,19.3,1,19.2,49,19.35,1,1,2022-08-22 09:23:23
1661160233283619000,19.3,1,19.25,5,19.35,3,2,2022-08-22 09:23:53
1661160248372788000,19.25,1,19.25,5,19.35,1,2,2022-08-22 09:24:08
1661160252789664000,19.25,5,19.2,4,19.35,1,2,2022-08-22 09:24:12
1661160252789664000,19.2,45,19.2,4,19.35,1,2,2022-08-22 09:24:12
1661160260528892000,19.2,2,19.2,2,19.35,8,2,2022-08-22 09:24:20
1661160271138651000,19.2,1,19.2,1,19.35,8,2,2022-08-22 09:24:31
1661160283284341000,19.3,1,19.2,1,19.35,6,1,2022-08-22 09:24:43
1661160283284341000,19.35,2,19.2,1,19.35,6,1,2022-08-22 09:24:43
1661160300040422000,19.35,2,19.25,1,19.35,9,1,2022-08-22 09:25:00
1661160305321018000,19.35,1,19.25,1,19.35,8,1,2022-08-22 09:25:05
1661160305500309000,19.35,1,19.25,1,19.35,7,1,2022-08-22 09:25:05
1661160316444333000,19.25,1,19.2,5,19.35,7,2,2022-08-22 09:25:16
1661160346245134000,19.2,8,19.15,13,19.2,2,2,2022-08-22 09:25:46
1661160347406675000,19.15,1,19.15,12,19.2,2,2,2022-08-22 09:25:47
1661160347564358000,19.15,1,19.15,11,19.2,2,2,2022-08-22 09:25:47
1661160366816274000,19.2,1,19.15,21,19.2,1,1,2022-08-22 09:26:06
1661160366852091000,19.2,1,19.15,21,19.35,7,1,2022-08-22 09:26:06
1661160382947851000,19.15,21,19.1,20,19.2,5,2,2022-08-22 09:26:22
1661160382947851000,19.1,2,19.1,20,19.2,5,2,2022-08-22 09:26:22
1661160402025150000,19.15,1,19.15,1,19.2,5,2,2022-08-22 09:26:42
1661160427986061000,19.2,5,19.15,4,19.35,2,1,2022-08-22 09:27:07
1661160427986061000,19.25,5,19.15,4,19.35,2,1,2022-08-22 09:27:07
1661160428461778000,19.15,4,19.1,18,19.35,2,2,2022-08-22 09:27:08
1661160428461778000,19.1,2,19.1,18,19.35,2,2,2022-08-22 09:27:08
1661160436733681000,19.15,2,19.1,4,19.35,2,2,2022-08-22 09:27:16
1661160436733681000,19.1,18,19.1,4,19.35,2,2,2022-08-22 09:27:16
1661160439684262000,19.05,24,19.0,51,19.3,1,2,2022-08-22 09:27:19
1661160439684262000,19.0,36,19.0,51,19.3,1,2,2022-08-22 09:27:19
1661160439746710000,19.0,1,19.0,46,19.3,1,2,2022-08-22 09:27:19
1661160439759444000,19.0,1,19.0,46,19.3,1,2,2022-08-22 09:27:19
1661160441502291000,19.0,20,19.0,27,19.3,1,2,2022-08-22 09:27:21
1661160444014660000,19.05,1,19.0,26,19.3,1,2,2022-08-22 09:27:24
1661160444014660000,19.0,5,19.0,26,19.3,1,2,2022-08-22 09:27:24
1661160448897329000,19.0,20,19.0,2,19.3,7,2,2022-08-22 09:27:28
1661160448925505000,19.0,2,18.95,6,19.3,7,2,2022-08-22 09:27:28
1661160449232740000,19.05,1,18.95,2,19.3,7,2,2022-08-22 09:27:29
1661160457740271000,19.0,2,18.95,4,19.3,9,1,2022-08-22 09:27:37
1661160464237949000,19.0,5,18.95,2,19.3,5,2,2022-08-22 09:27:44
1661160464237949000,18.95,6,18.95,2,19.3,5,2,2022-08-22 09:27:44
1661160482873487000,19.0,1,18.9,5,19.2,10,2,2022-08-22 09:28:02
1661160486853232000,19.0,1,18.95,1,19.15,3,2,2022-08-22 09:28:06
1661160493259484000,19.0,1,18.95,2,19.15,3,1,2022-08-22 09:28:13
1661160508146379000,19.0,1,18.95,7,19.2,10,2,2022-08-22 09:28:28
1661160511794162000,19.0,2,18.95,3,19.15,2,2,2022-08-22 09:28:31
1661160529306362000,19.0,2,18.95,3,19.15,2,2,2022-08-22 09:28:49
1661160545019855000,18.95,8,18.85,4,19.15,2,2,2022-08-22 09:29:05
1661160545019855000,18.9,7,18.85,4,19.15,2,2,2022-08-22 09:29:05
1661160545019855000,18.85,8,18.85,4,19.15,2,2,2022-08-22 09:29:05
1661160547125825000,19.05,2,18.85,4,19.1,4,2,2022-08-22 09:29:07
1661160554076804000,19.1,1,18.85,4,19.1,3,1,2022-08-22 09:29:14
1661160556886144000,19.0,1,18.85,4,19.1,3,2,2022-08-22 09:29:16
1661160572509078000,19.0,1,19.0,7,19.1,3,2,2022-08-22 09:29:32
1661160601702738000,19.0,2,19.0,10,19.1,3,2,2022-08-22 09:30:01
1661160610366879000,19.05,1,19.05,2,19.1,5,2,2022-08-22 09:30:10
1661160620704954000,19.05,2,19.0,10,19.05,6,2,2022-08-22 09:30:20
1661160622655863000,19.05,1,19.0,9,19.05,5,1,2022-08-22 09:30:22
1661160622658356000,19.0,1,19.0,8,19.05,5,2,2022-08-22 09:30:22
1661160623354199000,19.0,5,19.0,3,19.05,5,2,2022-08-22 09:30:23
1661160627952061000,19.05,1,19.0,3,19.05,4,1,2022-08-22 09:30:27
1661160637686921000,19.05,3,19.0,3,19.05,1,1,2022-08-22 09:30:37
1661160643009761000,19.05,1,19.0,11,19.1,6,1,2022-08-22 09:30:43
1661160669715239000,19.1,1,19.05,1,19.1,6,1,2022-08-22 09:31:09
1661160670147764000,19.1,6,19.05,1,19.15,3,1,2022-08-22 09:31:10
1661160677601591000,19.1,2,19.1,3,19.15,3,2,2022-08-22 09:31:17
1661160679210677000,19.15,1,19.1,3,19.15,2,1,2022-08-22 09:31:19
1661160680454446000,19.1,3,19.05,4,19.1,7,2,2022-08-22 09:31:20
1661160686670149000,19.1,2,19.05,4,19.1,5,1,2022-08-22 09:31:26
1661160733451561000,19.1,2,19.05,5,19.1,3,1,2022-08-22 09:32:13
1661160744963806000,19.1,3,19.1,1,19.15,4,1,2022-08-22 09:32:24
1661160765570397000,19.1,2,19.05,5,19.1,8,2,2022-08-22 09:32:45
1661160770070219000,19.1,1,19.05,5,19.1,7,1,2022-08-22 09:32:50
1661160772766712000,19.05,1,19.05,4,19.1,7,2,2022-08-22 09:32:52
1661160778236296000,19.05,2,19.05,2,19.1,7,2,2022-08-22 09:32:58
1661160778269148000,19.05,2,19.0,12,19.1,7,2,2022-08-22 09:32:58
1661160789090837000,19.0,1,19.0,11,19.1,7,2,2022-08-22 09:33:09
1661160809822128000,19.0,1,19.0,13,19.1,7,2,2022-08-22 09:33:29
1661160828520226000,19.05,2,19.0,14,19.1,7,2,2022-08-22 09:33:48
1661160842036961000,19.0,10,19.0,4,19.1,7,2,2022-08-22 09:34:02
1661160845741124000,19.0,4,18.95,1,19.0,11,2,2022-08-22 09:34:05
1661160853530351000,18.95,1,18.9,9,19.0,14,2,2022-08-22 09:34:13
1661160853530351000,18.9,4,18.9,9,19.0,14,2,2022-08-22 09:34:13
1661160854139935000,19.0,1,18.9,10,19.0,13,1,2022-08-22 09:34:14
1661160874155275000,18.9,5,18.9,5,19.0,21,2,2022-08-22 09:34:34
1661160885681765000,18.9,7,18.85,14,19.0,21,2,2022-08-22 09:34:45
1661160885681765000,18.85,3,18.85,14,19.0,21,2,2022-08-22 09:34:45
1661160894183593000,18.9,1,18.9,5,19.0,21,2,2022-08-22 09:34:54
1661160898713281000,18.9,3,18.9,2,19.0,21,2,2022-08-22 09:34:58
1661160900161641000,18.9,1,18.9,1,19.0,21,2,2022-08-22 09:35:00
1661160900465850000,18.9,1,18.85,14,18.9,3,2,2022-08-22 09:35:00
1661160900486273000,18.85,1,18.85,14,18.9,3,2,2022-08-22 09:35:00
1661160900616765000,18.9,1,18.85,13,18.9,3,1,2022-08-22 09:35:00
1661160908029940000,18.9,2,18.85,13,19.0,21,1,2022-08-22 09:35:08
1661160912041062000,18.85,1,18.85,12,19.0,21,2,2022-08-22 09:35:12
1661160920230575000,18.9,1,18.85,14,19.0,22,2,2022-08-22 09:35:20
1661160930717241000,18.9,2,18.9,2,19.0,22,2,2022-08-22 09:35:30
1661160937956342000,18.9,1,18.9,1,19.0,22,2,2022-08-22 09:35:37
1661160954847722000,18.9,3,18.85,13,18.9,8,2,2022-08-22 09:35:54
1661160954973002000,18.9,8,18.85,13,19.0,22,1,2022-08-22 09:35:54
1661160962207420000,18.9,2,18.85,13,19.0,22,2,2022-08-22 09:36:02
1661160966261616000,18.9,1,18.85,13,19.0,21,1,2022-08-22 09:36:06
1661160967769659000,18.9,1,18.9,9,19.0,21,1,2022-08-22 09:36:07
1661160977764305000,18.9,4,18.9,10,19.0,23,2,2022-08-22 09:36:17
1661160978645285000,18.9,1,18.9,9,19.0,23,2,2022-08-22 09:36:18
1661161000787931000,18.9,10,18.8,15,19.0,23,2,2022-08-22 09:36:40
1661161000787931000,18.85,13,18.8,15,19.0,23,2,2022-08-22 09:36:40
1661161012447953000,18.85,3,18.85,3,19.0,23,2,2022-08-22 09:36:52
1661161013027243000,18.85,3,18.8,15,18.85,8,2,2022-08-22 09:36:53
1661161020905741000,18.85,1,18.8,16,19.0,23,1,2022-08-22 09:37:00
1661161030876773000,18.8,8,18.8,8,19.0,23,2,2022-08-22 09:37:10
1661161076839318000,18.85,7,18.85,1,19.0,23,2,2022-08-22 09:37:56
1661161077951553000,18.9,1,18.85,1,19.0,23,2,2022-08-22 09:37:57
1661161103837462000,18.95,1,18.95,3,19.0,21,1,2022-08-22 09:38:23
1661161149132218000,18.9,1,18.9,11,19.0,21,2,2022-08-22 09:39:09
1661161198954832000,18.9,10,18.9,7,18.95,1,2,2022-08-22 09:39:58
1661161199672003000,18.95,1,18.95,3,19.0,11,1,2022-08-22 09:39:59
1661161223862122000,18.95,11,18.9,9,19.0,11,2,2022-08-22 09:40:23
1661161223862122000,18.9,1,18.9,9,19.0,11,2,2022-08-22 09:40:23
1661161250301899000,18.9,1,18.9,9,19.0,11,2,2022-08-22 09:40:50
1661161310960242000,19.0,4,18.9,9,19.0,8,1,2022-08-22 09:41:50
1661161349335508000,19.0,3,18.95,1,19.0,5,1,2022-08-22 09:42:29
1661161361055120000,19.0,2,18.95,1,19.0,3,1,2022-08-22 09:42:41
1661161361095041000,19.0,2,18.95,1,19.0,1,1,2022-08-22 09:42:41
1661161361095457000,19.0,1,18.95,1,19.05,1,1,2022-08-22 09:42:41
1661161390947721000,19.05,1,19.0,5,19.1,1,1,2022-08-22 09:43:10
1661161517706808000,19.1,1,19.0,9,19.15,3,1,2022-08-22 09:45:17
1661161539883944000,19.1,1,19.1,3,19.15,3,2,2022-08-22 09:45:39
1661161539916509000,19.1,1,19.1,2,19.15,3,2,2022-08-22 09:45:39
1661161539946241000,19.1,2,19.05,1,19.15,3,2,2022-08-22 09:45:39
1661161558587149000,19.15,3,19.1,5,19.2,7,1,2022-08-22 09:45:58
1661161591440686000,19.1,1,19.1,3,19.15,1,2,2022-08-22 09:46:31
1661161595837315000,19.1,3,19.05,2,19.1,1,2,2022-08-22 09:46:35
1661161655051456000,19.15,4,19.1,1,19.2,7,1,2022-08-22 09:47:35
1661161683419006000,19.15,1,19.1,1,19.2,8,2,2022-08-22 09:48:03
1661161757467687000,19.15,2,19.1,3,19.2,8,1,2022-08-22 09:49:17
1661161757560700000,19.2,8,19.2,2,19.25,8,1,2022-08-22 09:49:17
1661161762496758000,19.25,1,19.2,3,19.25,7,1,2022-08-22 09:49:22
1661161762637381000,19.2,3,19.1,2,19.2,1,2,2022-08-22 09:49:22
1661161769683661000,19.2,1,19.15,3,19.25,7,1,2022-08-22 09:49:29
1661161771002329000,19.25,5,19.2,1,19.25,4,1,2022-08-22 09:49:31
1661161772583218000,19.2,1,19.2,1,19.25,4,2,2022-08-22 09:49:32
1661161772904803000,19.2,1,19.15,3,19.2,9,2,2022-08-22 09:49:32
1661161781631357000,19.2,2,19.15,3,19.2,7,1,2022-08-22 09:49:41
1661161782459378000,19.2,5,19.15,2,19.2,2,1,2022-08-22 09:49:42
1661161783732989000,19.2,2,19.2,7,19.25,4,1,2022-08-22 09:49:43
1661161786932757000,19.25,2,19.2,7,19.25,2,1,2022-08-22 09:49:46
1661161786960151000,19.25,2,19.2,7,19.3,7,1,2022-08-22 09:49:46
1661161787969966000,19.2,1,19.2,6,19.3,7,2,2022-08-22 09:49:47
1661161799786159000,19.25,1,19.2,10,19.25,5,1,2022-08-22 09:49:59
1661161802813838000,19.25,5,19.2,10,19.3,7,1,2022-08-22 09:50:02
1661161805016906000,19.25,1,19.2,10,19.25,2,1,2022-08-22 09:50:05
1661161805965722000,19.25,2,19.25,3,19.3,7,1,2022-08-22 09:50:05
1661161808146848000,19.25,1,19.25,6,19.3,7,2,2022-08-22 09:50:08
1661161808823992000,19.3,1,19.25,6,19.3,6,1,2022-08-22 09:50:08
1661161810507533000,19.3,2,19.25,6,19.3,4,1,2022-08-22 09:50:10
1661161810536045000,19.3,4,19.25,6,19.35,10,1,2022-08-22 09:50:10
1661161814185736000,19.3,5,19.25,6,19.3,2,1,2022-08-22 09:50:14
1661161814810942000,19.3,1,19.25,4,19.3,1,1,2022-08-22 09:50:14
1661161822732573000,19.25,3,19.25,2,19.3,9,2,2022-08-22 09:50:22
1661161822759990000,19.25,2,19.2,9,19.3,9,2,2022-08-22 09:50:22
1661161824442585000,19.25,1,19.2,9,19.25,1,1,2022-08-22 09:50:24
1661161825582463000,19.2,2,19.2,7,19.25,6,2,2022-08-22 09:50:25
1661161830173319000,19.2,1,19.2,5,19.25,6,2,2022-08-22 09:50:30
1661161830187013000,19.2,5,19.1,1,19.25,6,2,2022-08-22 09:50:30
1661161831310252000,19.2,1,19.1,1,19.25,6,2,2022-08-22 09:50:31
1661161835005182000,19.2,1,19.05,2,19.25,6,2,2022-08-22 09:50:35
1661161840248443000,19.2,1,19.15,3,19.2,1,1,2022-08-22 09:50:40
1661161842592376000,19.2,1,19.15,3,19.2,4,1,2022-08-22 09:50:42
1661161854995964000,19.2,1,19.15,3,19.2,4,1,2022-08-22 09:50:54
1661161858836156000,19.15,3,19.1,2,19.2,5,2,2022-08-22 09:50:58
1661161874064876000,19.1,1,19.05,1,19.15,5,2,2022-08-22 09:51:14
1661161874064876000,19.05,4,19.05,1,19.15,5,2,2022-08-22 09:51:14
1661161913197481000,19.05,12,19.0,5,19.15,5,2,2022-08-22 09:51:53
1661161913197481000,19.0,11,19.0,5,19.15,5,2,2022-08-22 09:51:53
1661161942906795000,19.1,1,19.05,5,19.15,4,1,2022-08-22 09:52:22
1661161943288932000,19.05,1,19.05,4,19.15,4,2,2022-08-22 09:52:23
1661161998228193000,19.05,5,19.05,1,19.1,3,2,2022-08-22 09:53:18
1661161998255339000,19.05,1,19.0,13,19.1,3,2,2022-08-22 09:53:18
1661162028878963000,19.05,1,19.0,16,19.05,2,1,2022-08-22 09:53:48
1661162062371905000,19.0,10,19.0,6,19.05,2,2,2022-08-22 09:54:22
1661162062400366000,19.0,3,19.0,3,19.05,2,2,2022-08-22 09:54:22
1661162062469723000,19.0,2,19.0,1,19.05,2,2,2022-08-22 09:54:22
1661162062502923000,19.0,1,18.95,11,19.05,2,2,2022-08-22 09:54:22
1661162119008833000,19.05,1,18.95,11,19.05,3,1,2022-08-22 09:55:19
1661162147614686000,19.0,1,18.95,11,19.05,3,1,2022-08-22 09:55:47
1661162167741336000,19.05,1,19.0,4,19.05,2,1,2022-08-22 09:56:07
1661162175607202000,19.05,1,19.0,6,19.05,1,1,2022-08-22 09:56:15
1661162195131036000,19.05,1,19.0,6,19.1,6,1,2022-08-22 09:56:35
1661162210373929000,19.1,1,19.05,10,19.1,5,1,2022-08-22 09:56:50
1661162241840651000,19.1,1,19.05,10,19.1,6,1,2022-08-22 09:57:21
1661162266388196000,19.05,10,19.0,13,19.1,6,2,2022-08-22 09:57:46
1661162331910288000,19.05,1,19.0,14,19.05,4,1,2022-08-22 09:58:51
1661162339839706000,19.05,1,19.0,14,19.05,3,1,2022-08-22 09:58:59
1661162354054805000,19.05,1,19.0,14,19.05,2,1,2022-08-22 09:59:14
1661162368498748000,19.05,1,19.0,14,19.05,1,1,2022-08-22 09:59:28
1661162379985872000,19.05,1,19.0,14,19.1,7,1,2022-08-22 09:59:39
1661162450150120000,19.05,1,19.0,15,19.1,5,1,2022-08-22 10:00:50
1661162483877355000,19.05,1,19.05,1,19.1,5,2,2022-08-22 10:01:23
1661162525028866000,19.05,1,19.0,15,19.1,4,2,2022-08-22 10:02:05
1661162547915675000,19.0,2,19.0,13,19.1,4,2,2022-08-22 10:02:27
1661162716241719000,19.0,1,19.0,21,19.1,6,2,2022-08-22 10:05:16
1661162806026925000,19.05,1,19.05,9,19.1,6,2,2022-08-22 10:06:46
1661162816099900000,19.1,1,19.05,9,19.1,5,1,2022-08-22 10:06:56
1661162823710430000,19.1,1,19.05,10,19.1,4,1,2022-08-22 10:07:03
1661162823745482000,19.1,4,19.05,10,19.15,7,1,2022-08-22 10:07:03
1661162930559149000,19.1,1,19.05,12,19.1,1,1,2022-08-22 10:08:50
1661163029002042000,19.1,1,19.05,12,19.15,4,2,2022-08-22 10:10:29
1661163301753330000,19.05,3,19.05,12,19.1,4,2,2022-08-22 10:15:01
1661163337269405000,19.05,4,19.05,6,19.1,4,2,2022-08-22 10:15:37
1661163367407268000,19.1,4,19.1,1,19.15,4,1,2022-08-22 10:16:07
1661163375711650000,19.15,4,19.15,1,19.25,7,1,2022-08-22 10:16:15
1661163445812164000,19.2,1,19.15,2,19.25,8,1,2022-08-22 10:17:25
1661163489936260000,19.2,2,19.15,4,19.25,8,1,2022-08-22 10:18:09
1661163507063060000,19.25,1,19.15,3,19.25,7,1,2022-08-22 10:18:27
1661163523578159000,19.25,5,19.2,7,19.25,2,1,2022-08-22 10:18:43
1661163523611147000,19.25,2,19.2,7,19.3,6,1,2022-08-22 10:18:43
1661163538120190000,19.3,5,19.25,2,19.3,2,1,2022-08-22 10:18:58
1661163545687288000,19.3,1,19.25,5,19.3,1,1,2022-08-22 10:19:05
1661163545731567000,19.3,1,19.25,5,19.35,12,1,2022-08-22 10:19:05
1661163566913111000,19.35,1,19.3,6,19.35,11,1,2022-08-22 10:19:26
1661163568892272000,19.35,5,19.3,6,19.35,6,1,2022-08-22 10:19:28
1661163576893704000,19.35,1,19.3,12,19.35,1,1,2022-08-22 10:19:36
1661163576920187000,19.35,1,19.3,12,19.4,6,1,2022-08-22 10:19:36
1661163593573177000,19.4,2,19.35,5,19.4,4,1,2022-08-22 10:19:53
1661163595201918000,19.4,2,19.35,5,19.4,2,1,2022-08-22 10:19:55
1661163605780961000,19.4,3,19.35,2,19.4,1,1,2022-08-22 10:20:05
1661163606750642000,19.4,1,19.4,9,19.45,7,1,2022-08-22 10:20:06
1661163623466574000,19.45,2,19.4,12,19.45,1,1,2022-08-22 10:20:23
1661163631416415000,19.4,1,19.4,11,19.45,8,2,2022-08-22 10:20:31
1661163634924238000,19.4,8,19.4,3,19.45,8,2,2022-08-22 10:20:34
1661163634948808000,19.4,3,19.35,1,19.45,8,2,2022-08-22 10:20:34
1661163635974833000,19.4,1,19.3,7,19.4,14,1,2022-08-22 10:20:35
1661163642353264000,19.35,1,19.3,7,19.35,1,1,2022-08-22 10:20:42
1661163649191667000,19.3,7,19.25,7,19.3,3,2,2022-08-22 10:20:49
1661163672780316000,19.3,1,19.25,17,19.3,2,1,2022-08-22 10:21:12
1661163691092879000,19.25,19,19.05,4,19.3,2,2,2022-08-22 10:21:31
1661163691092879000,19.2,2,19.05,4,19.3,2,2,2022-08-22 10:21:31
1661163691092879000,19.1,1,19.05,4,19.3,2,2,2022-08-22 10:21:31
1661163691092879000,19.05,1,19.05,4,19.3,2,2,2022-08-22 10:21:31
1661163723528500000,19.15,2,19.1,3,19.2,8,1,2022-08-22 10:22:03
1661163739270478000,19.2,8,19.1,3,19.3,4,1,2022-08-22 10:22:19
1661163799971665000,19.2,2,19.1,3,19.25,3,2,2022-08-22 10:23:19
1661163815624360000,19.2,1,19.2,2,19.25,3,2,2022-08-22 10:23:35
1661163815664974000,19.2,2,19.1,3,19.25,3,2,2022-08-22 10:23:35
1661163821040348000,19.25,3,19.25,11,19.3,4,1,2022-08-22 10:23:41
1661163828333220000,19.25,1,19.25,10,19.3,4,2,2022-08-22 10:23:48
1661163832350739000,19.25,3,19.25,7,19.3,4,2,2022-08-22 10:23:52
1661163832631775000,19.25,1,19.25,6,19.3,4,2,2022-08-22 10:23:52
1661163832908161000,19.3,1,19.25,6,19.3,3,1,2022-08-22 10:23:52
1661163844762548000,19.25,2,19.25,4,19.3,3,2,2022-08-22 10:24:04
1661163844778645000,19.25,4,19.1,3,19.3,3,2,2022-08-22 10:24:04
1661163845550977000,19.25,1,19.1,3,19.3,3,1,2022-08-22 10:24:05
1661163900207864000,19.15,4,19.0,9,19.3,5,2,2022-08-22 10:25:00
1661163900207864000,19.1,3,19.0,9,19.3,5,2,2022-08-22 10:25:00
1661163900207864000,19.05,18,19.0,9,19.3,5,2,2022-08-22 10:25:00
1661163900207864000,19.0,25,19.0,9,19.3,5,2,2022-08-22 10:25:00
1661163908718831000,19.0,9,18.95,6,19.2,3,2,2022-08-22 10:25:08
1661163908718831000,18.95,12,18.95,6,19.2,3,2,2022-08-22 10:25:08
1661163910135406000,18.95,2,18.95,3,19.2,4,2,2022-08-22 10:25:10
1661163936090269000,19.0,1,19.0,3,19.2,5,2,2022-08-22 10:25:36
1661164124600462000,19.1,1,19.0,9,19.2,11,2,2022-08-22 10:28:44
1661164124600462000,19.05,1,19.0,9,19.2,11,2,2022-08-22 10:28:44
1661164131034051000,19.0,9,18.9,22,19.2,11,2,2022-08-22 10:28:51
1661164131034051000,18.95,10,18.9,22,19.2,11,2,2022-08-22 10:28:51
1661164131034051000,18.9,2,18.9,22,19.2,11,2,2022-08-22 10:28:51
1661164177178104000,19.0,1,18.95,4,19.0,1,2,2022-08-22 10:29:37
1661164177203554000,19.0,1,18.95,4,19.1,3,1,2022-08-22 10:29:37
1661164251522938000,19.0,1,18.95,1,19.05,3,2,2022-08-22 10:30:51
1661164251522938000,18.95,7,18.95,1,19.05,3,2,2022-08-22 10:30:51
1661164267522150000,18.95,1,18.9,23,19.05,3,2,2022-08-22 10:31:07
1661164267522150000,18.9,4,18.9,23,19.05,3,2,2022-08-22 10:31:07
1661164282535771000,18.9,23,18.75,3,18.8,22,2,2022-08-22 10:31:22
1661164282535771000,18.85,18,18.75,3,18.8,22,2,2022-08-22 10:31:22
1661164282535771000,18.8,25,18.75,3,18.8,22,2,2022-08-22 10:31:22
1661164294163096000,18.8,1,18.75,4,18.8,21,1,2022-08-22 10:31:34
1661164299334610000,18.75,2,18.75,2,18.8,21,2,2022-08-22 10:31:39
1661164299529500000,18.75,2,18.7,2,18.8,21,2,2022-08-22 10:31:39
1661164299529500000,18.7,3,18.7,2,18.8,21,2,2022-08-22 10:31:39
1661164299551770000,18.7,2,18.65,4,18.8,21,2,2022-08-22 10:31:39
1661164299551770000,18.65,3,18.65,4,18.8,21,2,2022-08-22 10:31:39
1661164305985765000,18.65,1,18.65,3,18.75,1,2,2022-08-22 10:31:45
1661164306125239000,18.65,2,18.65,1,18.75,1,2,2022-08-22 10:31:46
1661164312937399000,18.7,1,18.65,1,18.75,1,2,2022-08-22 10:31:52
1661164317122075000,18.75,1,18.7,1,18.85,3,1,2022-08-22 10:31:57
1661164318543511000,18.7,1,18.65,2,18.85,6,2,2022-08-22 10:31:58
1661164326331133000,18.8,1,18.7,3,18.8,1,1,2022-08-22 10:32:06
1661164326350470000,18.8,1,18.7,3,18.85,1,1,2022-08-22 10:32:06
1661164331212274000,18.85,1,18.8,2,19.1,3,1,2022-08-22 10:32:11
1661164331940261000,19.05,1,18.85,2,19.1,2,1,2022-08-22 10:32:11
1661164331940261000,19.1,1,18.85,2,19.1,2,1,2022-08-22 10:32:11
1661164339465932000,18.95,2,18.85,1,19.1,2,2,2022-08-22 10:32:19
1661164401592299000,18.95,1,18.9,2,18.95,1,1,2022-08-22 10:33:21
1661164426720361000,18.9,2,18.85,1,18.95,1,2,2022-08-22 10:33:46
1661164526433942000,18.85,2,18.8,2,18.95,2,2,2022-08-22 10:35:26
1661164536538490000,18.95,2,18.8,7,19.0,4,1,2022-08-22 10:35:36
1661164540572664000,18.85,1,18.8,8,19.0,4,1,2022-08-22 10:35:40
1661164621235815000,18.9,1,18.85,3,18.95,1,1,2022-08-22 10:37:01
1661164677674970000,18.9,1,18.85,1,19.0,6,2,2022-08-22 10:37:57
1661164768658333000,18.9,1,18.85,1,19.0,8,2,2022-08-22 10:39:28
1661164988862419000,18.9,1,18.85,3,18.95,1,1,2022-08-22 10:43:08
1661165042067985000,18.85,5,18.85,3,18.95,1,2,2022-08-22 10:44:02
1661165113835958000,18.95,1,18.85,4,19.0,8,1,2022-08-22 10:45:13
1661165186533210000,18.95,1,18.85,4,19.0,8,2,2022-08-22 10:46:26
1661165390232871000,18.9,3,18.85,9,18.9,27,2,2022-08-22 10:49:50
1661165390259561000,18.85,3,18.85,6,18.9,27,2,2022-08-22 10:49:50
1661165399389154000,18.85,3,18.85,3,18.9,27,2,2022-08-22 10:49:59
1661165399415950000,18.85,2,18.85,1,18.9,27,2,2022-08-22 10:49:59
1661165401855714000,18.85,1,18.8,15,18.9,28,2,2022-08-22 10:50:01
1661165408199870000,18.8,15,18.75,1,18.9,28,2,2022-08-22 10:50:08
1661165483964987000,18.8,2,18.75,1,18.8,13,2,2022-08-22 10:51:23
1661165507086589000,18.8,1,18.75,1,18.85,3,1,2022-08-22 10:51:47
1661165555544199000,18.8,1,18.75,3,18.8,29,2,2022-08-22 10:52:35
1661165581945056000,18.75,3,18.7,7,18.8,29,2,2022-08-22 10:53:01
1661165585252486000,18.7,1,18.7,6,18.8,29,2,2022-08-22 10:53:05
1661165593471124000,18.7,6,18.65,7,18.8,29,2,2022-08-22 10:53:13
1661165603348456000,18.65,6,18.65,1,18.7,31,2,2022-08-22 10:53:23
1661165607848708000,18.65,3,18.65,3,18.7,31,2,2022-08-22 10:53:27
1661165608004428000,18.65,3,18.6,15,18.65,10,2,2022-08-22 10:53:28
1661165610956665000,18.6,13,18.5,7,18.65,10,2,2022-08-22 10:53:30
1661165610956665000,18.55,10,18.5,7,18.65,10,2,2022-08-22 10:53:30
1661165610956665000,18.5,55,18.5,7,18.65,10,2,2022-08-22 10:53:30
1661165612067443000,18.6,1,18.6,1,18.65,40,2,2022-08-22 10:53:32
1661165612192200000,18.6,1,18.5,7,18.6,9,2,2022-08-22 10:53:32
1661165624561347000,18.5,1,18.5,6,18.55,2,2,2022-08-22 10:53:44
1661165625576608000,18.55,2,18.5,6,18.6,13,1,2022-08-22 10:53:45
1661165637426838000,18.6,5,18.5,11,18.6,8,1,2022-08-22 10:53:57
1661165647022748000,18.6,1,18.5,12,18.6,3,1,2022-08-22 10:54:07
1661165647040808000,18.6,3,18.5,12,18.65,30,1,2022-08-22 10:54:07
1661165652074083000,18.6,1,18.5,13,18.6,29,1,2022-08-22 10:54:12
1661165656722302000,18.6,1,18.5,13,18.6,28,1,2022-08-22 10:54:16
1661165662586423000,18.6,1,18.55,1,18.6,27,1,2022-08-22 10:54:22
1661165664536026000,18.55,1,18.5,12,18.6,27,2,2022-08-22 10:54:24
1661165674344856000,18.55,2,18.5,12,18.55,8,2,2022-08-22 10:54:34
1661165679529324000,18.55,3,18.5,12,18.55,37,1,2022-08-22 10:54:39
1661165682889380000,18.5,3,18.5,9,18.55,37,2,2022-08-22 10:54:42
1661165686574181000,18.55,2,18.5,9,18.55,35,1,2022-08-22 10:54:46
1661165688293446000,18.5,9,18.45,7,18.5,21,2,2022-08-22 10:54:48
1661165688330164000,18.45,2,18.45,5,18.5,21,2,2022-08-22 10:54:48
1661165698030770000,18.45,5,18.4,41,18.45,22,2,2022-08-22 10:54:58
1661165698057598000,18.45,13,18.4,41,18.45,9,1,2022-08-22 10:54:58
1661165698088349000,18.45,7,18.4,41,18.45,2,1,2022-08-22 10:54:58
1661165698088390000,18.45,2,18.45,1,18.5,21,1,2022-08-22 10:54:58
1661165699188309000,18.45,1,18.4,41,18.5,21,2,2022-08-22 10:54:59
1661165706120700000,18.5,21,18.45,1,18.55,2,1,2022-08-22 10:55:06
1661165706200104000,18.55,1,18.45,1,18.55,1,1,2022-08-22 10:55:06
1661165706240678000,18.55,1,18.45,1,18.6,3,1,2022-08-22 10:55:06
1661165709634487000,18.55,1,18.5,19,18.55,1,1,2022-08-22 10:55:09
1661165709655367000,18.55,1,18.5,19,18.6,1,1,2022-08-22 10:55:09
1661165733172873000,18.55,1,18.5,19,18.55,29,1,2022-08-22 10:55:33
1661165737945707000,18.55,3,18.5,19,18.55,26,1,2022-08-22 10:55:37
1661165739876672000,18.55,10,18.5,19,18.55,16,1,2022-08-22 10:55:39
1661165743340586000,18.55,1,18.5,19,18.55,15,1,2022-08-22 10:55:43
1661165746047072000,18.55,1,18.5,20,18.55,14,1,2022-08-22 10:55:46
1661165746586980000,18.55,1,18.5,20,18.55,13,1,2022-08-22 10:55:46
1661165747648833000,18.55,5,18.5,20,18.55,8,1,2022-08-22 10:55:47
1661165747684181000,18.55,1,18.5,20,18.55,7,1,2022-08-22 10:55:47
1661165748500986000,18.55,1,18.5,20,18.55,6,1,2022-08-22 10:55:48
1661165748524446000,18.55,1,18.5,20,18.55,5,1,2022-08-22 10:55:48
1661165748536230000,18.55,2,18.5,20,18.55,3,1,2022-08-22 10:55:48
1661165748565366000,18.55,1,18.5,20,18.55,2,1,2022-08-22 10:55:48
1661165748585863000,18.55,2,18.5,20,18.6,1,1,2022-08-22 10:55:48
1661165758972240000,18.6,21,18.55,5,18.6,10,1,2022-08-22 10:55:58
1661165759057699000,18.6,2,18.55,5,18.6,8,1,2022-08-22 10:55:59
1661165759094572000,18.6,2,18.55,5,18.6,6,1,2022-08-22 10:55:59
1661165763023268000,18.6,4,18.55,5,18.6,2,1,2022-08-22 10:56:03
1661165763059222000,18.6,2,18.55,5,18.75,5,1,2022-08-22 10:56:03
1661165779722631000,18.65,1,18.6,12,18.65,29,1,2022-08-22 10:56:19
1661165787883267000,18.65,7,18.6,12,18.65,22,1,2022-08-22 10:56:27
1661165787996370000,18.65,22,18.6,12,18.75,9,1,2022-08-22 10:56:27
1661165789622053000,18.7,4,18.65,1,18.75,9,2,2022-08-22 10:56:29
1661165791486477000,18.75,1,18.65,1,18.75,8,1,2022-08-22 10:56:31
1661165817664286000,18.65,2,18.65,1,18.7,21,2,2022-08-22 10:56:57
1661165817698764000,18.65,1,18.6,15,18.7,21,2,2022-08-22 10:56:57
1661165823562478000,18.65,2,18.6,7,18.65,19,2,2022-08-22 10:57:03
1661165833387523000,18.65,1,18.6,7,18.65,18,1,2022-08-22 10:57:13
1661165836307056000,18.65,1,18.6,5,18.65,17,1,2022-08-22 10:57:16
1661165843469961000,18.65,1,18.6,5,18.65,16,1,2022-08-22 10:57:23
1661165844042814000,18.65,1,18.6,5,18.65,15,1,2022-08-22 10:57:24
1661165850980940000,18.65,5,18.6,5,18.65,10,1,2022-08-22 10:57:30
1661165853549199000,18.65,1,18.6,5,18.65,9,1,2022-08-22 10:57:33
1661165854183118000,18.65,5,18.6,5,18.65,4,1,2022-08-22 10:57:34
1661165874930550000,18.6,7,18.55,6,18.65,4,2,2022-08-22 10:57:54
1661165874930550000,18.55,3,18.55,6,18.65,4,2,2022-08-22 10:57:54
1661165886348721000,18.65,11,18.65,11,18.75,5,1,2022-08-22 10:58:06
1661165886466954000,18.7,1,18.65,11,18.75,5,2,2022-08-22 10:58:06
1661165890249084000,18.7,2,18.65,11,18.75,5,2,2022-08-22 10:58:10
1661165930902158000,18.7,1,18.7,8,18.75,4,2,2022-08-22 10:58:50
1661165951714211000,18.7,3,18.7,2,18.75,4,2,2022-08-22 10:59:11
1661165951744803000,18.7,1,18.7,1,18.75,4,2,2022-08-22 10:59:11
1661165992579925000,18.7,1,18.7,1,18.75,6,2,2022-08-22 10:59:52
1661166026173430000,18.7,3,18.7,3,18.75,5,2,2022-08-22 11:00:26
1661166106345671000,18.75,2,18.7,6,18.75,3,1,2022-08-22 11:01:46
1661166118753559000,18.75,1,18.75,2,18.8,1,1,2022-08-22 11:01:58
1661166144690768000,18.8,1,18.75,3,18.9,1,1,2022-08-22 11:02:24
1661166228906470000,18.85,1,18.75,5,18.9,6,1,2022-08-22 11:03:48
1661166247271742000,18.8,1,18.75,4,18.9,7,2,2022-08-22 11:04:07
1661166297130510000,18.8,1,18.75,4,18.85,1,2,2022-08-22 11:04:57
1661166350232797000,18.75,4,18.65,12,18.8,5,2,2022-08-22 11:05:50
1661166350232797000,18.7,6,18.65,12,18.8,5,2,2022-08-22 11:05:50
1661166383790623000,18.65,10,18.65,2,18.8,5,2,2022-08-22 11:06:23
1661166400368741000,18.65,2,18.6,5,18.65,3,2,2022-08-22 11:06:40
1661166400396100000,18.6,1,18.6,2,18.65,3,2,2022-08-22 11:06:40
1661166466173629000,18.6,1,18.6,2,18.65,3,2,2022-08-22 11:07:46
1661166472085806000,18.6,3,18.5,34,18.65,3,2,2022-08-22 11:07:52
1661166472085806000,18.55,5,18.5,34,18.65,3,2,2022-08-22 11:07:52
1661166472085806000,18.5,2,18.5,34,18.65,3,2,2022-08-22 11:07:52
1661166487547538000,18.65,1,18.5,34,18.65,2,1,2022-08-22 11:08:07
1661166542360890000,18.65,2,18.55,13,18.75,1,1,2022-08-22 11:09:02
1661166846765646000,18.7,1,18.7,1,18.75,4,2,2022-08-22 11:14:06
1661166898460155000,18.7,1,18.65,8,18.75,3,2,2022-08-22 11:14:58
1661166962119653000,18.75,1,18.65,12,18.75,2,1,2022-08-22 11:16:02
1661167030418617000,18.7,1,18.7,1,18.75,2,2,2022-08-22 11:17:10
1661167040283065000,18.7,1,18.65,12,18.75,2,2,2022-08-22 11:17:20
1661167155475471000,18.75,1,18.65,13,18.75,1,1,2022-08-22 11:19:15
1661167175763100000,18.75,1,18.7,2,18.8,7,1,2022-08-22 11:19:35
1661167250183833000,18.8,1,18.7,9,18.8,4,1,2022-08-22 11:20:50
1661167253937253000,18.8,3,18.7,9,18.8,1,1,2022-08-22 11:20:53
1661167308146291000,18.8,1,18.75,5,18.85,1,1,2022-08-22 11:21:48
1661167410024943000,18.8,4,18.75,8,18.8,1,2,2022-08-22 11:23:30
1661167502460009000,18.8,2,18.75,11,18.85,1,1,2022-08-22 11:25:02
1661167510094181000,18.85,1,18.75,11,18.9,4,1,2022-08-22 11:25:10
1661167510094181000,18.9,1,18.75,11,18.9,4,1,2022-08-22 11:25:10
1661167529845516000,18.9,4,18.9,1,18.95,9,1,2022-08-22 11:25:29
1661167542767537000,18.9,1,18.8,2,18.95,11,2,2022-08-22 11:25:42
1661167565441091000,18.9,1,18.8,4,18.95,11,1,2022-08-22 11:26:05
1661167621137588000,18.9,5,18.8,5,18.9,1,1,2022-08-22 11:27:01
1661167634883561000,18.9,1,18.8,5,18.9,1,1,2022-08-22 11:27:14
1661167668475765000,18.9,2,18.9,3,18.95,7,1,2022-08-22 11:27:48
1661167688486109000,18.95,1,18.9,3,18.95,6,1,2022-08-22 11:28:08
1661167706245803000,18.95,5,18.9,3,18.95,1,1,2022-08-22 11:28:26
1661167706271768000,18.95,1,18.9,3,19.0,3,1,2022-08-22 11:28:26
1661167755230623000,18.95,1,18.9,8,19.0,3,1,2022-08-22 11:29:15
1661167777326045000,19.0,4,18.9,8,19.05,1,1,2022-08-22 11:29:37
1661167785282536000,19.0,1,18.9,8,19.05,1,1,2022-08-22 11:29:45
1661167785736602000,19.05,1,18.9,8,19.1,4,1,2022-08-22 11:29:45
1661167785736602000,19.1,1,18.9,8,19.1,4,1,2022-08-22 11:29:45
1661167788454649000,19.0,1,18.9,8,19.1,4,2,2022-08-22 11:29:48
1661167794322954000,19.1,3,18.9,8,19.1,1,1,2022-08-22 11:29:54
1661167798600942000,19.0,1,18.9,8,18.95,21,2,2022-08-22 11:29:58
1661167799110969000,18.95,5,18.9,8,18.95,16,1,2022-08-22 11:29:59
1661167799528803000,18.95,4,18.9,8,18.95,12,1,2022-08-22 11:29:59
1661167811368441000,18.9,4,18.85,6,18.9,1,2,2022-08-22 11:30:11
1661167853287774000,18.9,2,18.85,6,18.95,13,1,2022-08-22 11:30:53
1661167884751491000,18.95,13,18.9,3,19.05,1,1,2022-08-22 11:31:24
1661167916367094000,18.95,3,18.9,2,18.95,2,2,2022-08-22 11:31:56
1661167973586379000,18.95,2,18.9,20,19.0,10,1,2022-08-22 11:32:53
1661167986709691000,18.9,13,18.9,7,18.95,7,2,2022-08-22 11:33:06
1661167986747151000,18.9,4,18.9,3,18.95,7,2,2022-08-22 11:33:06
1661167986747215000,18.9,3,18.85,6,18.95,7,2,2022-08-22 11:33:06
1661167987344349000,18.95,4,18.85,6,18.95,5,1,2022-08-22 11:33:07
1661168076121155000,18.9,1,18.85,7,18.9,4,1,2022-08-22 11:34:36
1661168112400426000,18.9,4,18.85,7,18.95,6,1,2022-08-22 11:35:12
1661168188246210000,18.9,5,18.9,1,18.95,6,2,2022-08-22 11:36:28
1661168188280427000,18.9,1,18.85,7,18.95,6,2,2022-08-22 11:36:28
1661168353977506000,18.9,3,18.85,7,18.95,3,1,2022-08-22 11:39:13
1661168402196547000,18.95,3,18.9,1,19.0,6,1,2022-08-22 11:40:02
1661168402196547000,19.0,2,18.9,1,19.0,6,1,2022-08-22 11:40:02
1661168422636243000,19.0,1,18.9,2,19.0,5,1,2022-08-22 11:40:22
1661168422674431000,19.0,5,18.9,2,19.05,1,1,2022-08-22 11:40:22
1661168429229654000,19.0,1,18.9,2,19.05,1,1,2022-08-22 11:40:29
1661168496937762000,19.1,1,18.9,2,19.1,5,1,2022-08-22 11:41:36
1661168526728758000,19.05,2,18.9,2,19.1,5,1,2022-08-22 11:42:06
1661168543043117000,18.9,1,18.85,7,19.05,1,2,2022-08-22 11:42:23
1661168675505858000,18.9,1,18.9,1,19.0,8,2,2022-08-22 11:44:35
1661168684802651000,18.9,1,18.9,1,19.0,8,2,2022-08-22 11:44:44
1661168696897677000,18.9,1,18.85,10,18.9,1,2,2022-08-22 11:44:56
1661168702697557000,18.9,1,18.85,10,19.0,8,1,2022-08-22 11:45:02
1661168873914041000,18.9,1,18.9,1,18.95,2,2,2022-08-22 11:47:53
1661168873949966000,18.9,1,18.85,9,18.95,2,2,2022-08-22 11:47:53
1661168906433709000,18.9,2,18.9,1,18.95,2,1,2022-08-22 11:48:26
1661168986565313000,18.9,1,18.9,1,18.95,2,2,2022-08-22 11:49:46
1661168986590910000,18.9,1,18.85,9,18.95,2,2,2022-08-22 11:49:46
1661169173594835000,18.9,2,18.9,1,18.95,2,2,2022-08-22 11:52:53
1661169173618908000,18.9,1,18.85,6,18.95,2,2,2022-08-22 11:52:53
1661169485104076000,18.95,1,18.9,5,18.95,2,1,2022-08-22 11:58:05
1661169554079632000,18.95,1,18.9,6,18.95,21,1,2022-08-22 11:59:14
1661169631887443000,18.95,1,18.9,6,18.95,20,1,2022-08-22 12:00:31
1661169701237748000,18.95,3,18.9,2,18.95,17,1,2022-08-22 12:01:41
1661169939967717000,18.95,1,18.9,4,18.95,16,1,2022-08-22 12:05:39
1661170040401263000,18.9,1,18.9,4,18.95,16,2,2022-08-22 12:07:20
1661170059592590000,18.9,4,18.85,9,18.9,1,2,2022-08-22 12:07:39
1661170078908902000,18.9,1,18.85,9,18.95,16,1,2022-08-22 12:07:58
1661170087746376000,18.9,2,18.85,9,18.95,16,1,2022-08-22 12:08:07
1661170100114567000,18.9,1,18.85,9,18.95,16,1,2022-08-22 12:08:20
1661170147667694000,18.9,1,18.85,9,18.9,1,2,2022-08-22 12:09:07
1661170153334773000,18.9,1,18.85,9,18.95,16,1,2022-08-22 12:09:13
1661170167071840000,18.9,2,18.85,9,18.95,17,1,2022-08-22 12:09:27
1661170184972690000,18.9,2,18.85,9,18.95,17,1,2022-08-22 12:09:44
1661170194149703000,18.9,2,18.85,9,18.95,17,1,2022-08-22 12:09:54
1661170296219395000,18.9,2,18.85,15,18.9,14,1,2022-08-22 12:11:36
1661170332985631000,18.85,2,18.85,13,18.9,14,2,2022-08-22 12:12:12
1661170376527796000,18.85,13,18.8,15,18.85,1,2,2022-08-22 12:12:56
1661170376555194000,18.85,1,18.8,15,18.9,1,1,2022-08-22 12:12:56
1661170394891760000,18.8,1,18.8,14,18.95,1,2,2022-08-22 12:13:14
1661170470695597000,18.8,2,18.8,13,18.9,2,2,2022-08-22 12:14:30
1661170475126267000,18.8,13,18.75,6,18.9,2,2,2022-08-22 12:14:35
1661170484004884000,18.75,1,18.75,5,18.9,3,2,2022-08-22 12:14:44
1661170484742943000,18.75,1,18.75,4,18.9,3,2,2022-08-22 12:14:44
1661170484764986000,18.75,4,18.7,6,18.9,3,2,2022-08-22 12:14:44
1661170508414900000,18.75,1,18.7,6,18.8,3,1,2022-08-22 12:15:08
1661170524513299000,18.75,2,18.75,2,18.8,3,2,2022-08-22 12:15:24
1661170653590767000,18.75,1,18.75,2,18.8,3,2,2022-08-22 12:17:33
1661170672112736000,18.75,2,18.7,6,18.75,3,2,2022-08-22 12:17:52
1661170688931083000,18.75,3,18.7,6,18.85,2,1,2022-08-22 12:18:08
1661170718523058000,18.75,1,18.7,6,18.85,2,2,2022-08-22 12:18:38
1661170833863227000,18.7,1,18.7,5,18.85,2,2,2022-08-22 12:20:33
1661170869608544000,18.7,1,18.7,5,18.85,2,2,2022-08-22 12:21:09
1661170873919893000,18.7,5,18.65,11,18.7,5,2,2022-08-22 12:21:13
1661170873949570000,18.7,2,18.65,11,18.7,3,1,2022-08-22 12:21:13
1661170873980474000,18.7,3,18.65,11,18.85,4,1,2022-08-22 12:21:13
1661171090377444000,18.7,1,18.7,2,18.8,1,2,2022-08-22 12:24:50
1661171160161120000,18.8,3,18.7,2,18.8,2,1,2022-08-22 12:26:00
1661171246454997000,18.7,1,18.7,2,18.8,2,2,2022-08-22 12:27:26
1661171548850724000,18.8,1,18.7,8,18.8,2,1,2022-08-22 12:32:28
1661171566988739000,18.8,1,18.75,3,18.8,1,1,2022-08-22 12:32:46
1661171590228607000,18.8,1,18.75,2,18.85,5,1,2022-08-22 12:33:10
1661171923144605000,18.85,1,18.8,5,18.95,7,1,2022-08-22 12:38:43
1661171931572536000,18.8,1,18.8,4,18.95,7,2,2022-08-22 12:38:51
1661172056435970000,18.9,1,18.85,1,18.9,1,1,2022-08-22 12:40:56
1661172088979269000,18.9,1,18.9,1,18.95,7,1,2022-08-22 12:41:28
1661172125692053000,18.9,1,18.8,3,18.95,7,2,2022-08-22 12:42:05
1661172193638157000,18.9,1,18.8,3,18.95,7,2,2022-08-22 12:43:13
1661172350883141000,18.9,1,18.9,1,18.95,7,1,2022-08-22 12:45:50
1661172350905143000,18.9,1,18.8,3,18.95,7,2,2022-08-22 12:45:50
1661172361621412000,18.9,1,18.8,3,18.95,7,2,2022-08-22 12:46:01
1661172387292841000,18.9,1,18.8,3,18.95,7,2,2022-08-22 12:46:27
1661172737465430000,18.8,3,18.7,10,18.85,10,2,2022-08-22 12:52:17
1661172737465430000,18.75,7,18.7,10,18.85,10,2,2022-08-22 12:52:17
1661172753027177000,18.75,1,18.7,8,18.8,2,1,2022-08-22 12:52:33
1661172762882876000,18.75,1,18.7,9,18.75,9,1,2022-08-22 12:52:42
1661172781153769000,18.7,1,18.7,8,18.75,9,2,2022-08-22 12:53:01
1661172783714037000,18.7,2,18.7,6,18.75,9,2,2022-08-22 12:53:03
1661172805169433000,18.7,6,18.65,12,18.7,4,2,2022-08-22 12:53:25
1661172812719136000,18.7,2,18.65,12,18.7,2,1,2022-08-22 12:53:32
1661172812858355000,18.7,2,18.65,12,18.75,9,1,2022-08-22 12:53:32
1661172831019406000,18.75,11,18.7,5,18.8,1,1,2022-08-22 12:53:51
1661172861574234000,18.8,1,18.7,6,18.9,3,1,2022-08-22 12:54:21
1661172951552287000,18.85,2,18.8,1,18.9,2,1,2022-08-22 12:55:51
1661173177754297000,18.85,1,18.8,6,18.85,5,2,2022-08-22 12:59:37
1661173199366527000,18.85,2,18.8,6,18.85,4,1,2022-08-22 12:59:59
1661173228410974000,18.85,4,18.8,7,19.05,32,1,2022-08-22 13:00:28
1661173228410974000,18.9,13,18.8,7,19.05,32,1,2022-08-22 13:00:28
1661173228410974000,18.95,8,18.8,7,19.05,32,1,2022-08-22 13:00:28
1661173228410974000,19.0,5,18.8,7,19.05,32,1,2022-08-22 13:00:28
1661173363019265000,18.95,2,18.85,2,18.95,1,1,2022-08-22 13:02:43
1661173363205366000,18.95,1,18.85,2,19.0,16,1,2022-08-22 13:02:43
1661173382497373000,19.0,1,18.85,2,19.0,15,1,2022-08-22 13:03:02
1661173410536239000,18.9,1,18.85,2,18.95,7,2,2022-08-22 13:03:30
1661173454922019000,18.9,1,18.9,1,18.95,8,1,2022-08-22 13:04:14
1661173458223549000,18.9,1,18.85,2,18.95,8,2,2022-08-22 13:04:18
1661173480192710000,18.9,2,18.85,2,18.9,1,1,2022-08-22 13:04:40
1661173484393363000,18.85,1,18.85,1,18.95,8,2,2022-08-22 13:04:44
1661173484441332000,18.95,5,18.85,1,18.95,3,1,2022-08-22 13:04:44
1661173506223498000,18.95,3,18.85,1,19.05,9,1,2022-08-22 13:05:06
1661173506223498000,19.0,18,18.85,1,19.05,9,1,2022-08-22 13:05:06
1661173506223498000,19.05,9,18.85,1,19.05,9,1,2022-08-22 13:05:06
1661173548835555000,19.05,6,18.9,1,19.1,37,2,2022-08-22 13:05:48
1661173593748159000,19.05,2,19.05,1,19.1,36,1,2022-08-22 13:06:33
1661173597476427000,19.05,1,19.0,5,19.1,36,2,2022-08-22 13:06:37
1661173636165219000,19.0,3,19.0,6,19.05,3,2,2022-08-22 13:07:16
1661173638016919000,19.05,1,19.0,6,19.05,2,1,2022-08-22 13:07:18
1661173647205090000,19.0,6,18.95,1,19.0,4,2,2022-08-22 13:07:27
1661173661055740000,18.95,1,18.9,2,19.0,5,2,2022-08-22 13:07:41
1661173666962346000,19.0,1,18.9,2,19.0,4,1,2022-08-22 13:07:46
1661173755861768000,18.95,1,18.85,2,18.95,4,1,2022-08-22 13:09:15
1661173762461048000,18.95,1,18.85,2,18.95,3,1,2022-08-22 13:09:22
1661173774956973000,18.85,2,18.75,12,18.8,24,2,2022-08-22 13:09:34
1661173774956973000,18.8,8,18.75,12,18.8,24,2,2022-08-22 13:09:34
1661173775068614000,18.8,24,18.75,12,18.95,3,1,2022-08-22 13:09:35
1661173819528763000,18.8,3,18.75,10,18.85,3,2,2022-08-22 13:10:19
1661173819528763000,18.75,2,18.75,10,18.85,3,2,2022-08-22 13:10:19
1661173823899939000,18.75,1,18.75,9,18.85,5,2,2022-08-22 13:10:23
1661173845401886000,18.75,10,18.7,8,18.75,10,2,2022-08-22 13:10:45
1661173852681364000,18.7,3,18.7,5,18.75,10,2,2022-08-22 13:10:52
1661173860502617000,18.7,1,18.7,4,18.75,10,2,2022-08-22 13:11:00
1661173860897832000,18.7,2,18.7,2,18.75,10,2,2022-08-22 13:11:00
1661173872413698000,18.7,1,18.7,1,18.75,10,2,2022-08-22 13:11:12
1661173883078274000,18.7,1,18.7,1,18.75,13,2,2022-08-22 13:11:23
1661173885245562000,18.7,1,18.65,8,18.75,13,2,2022-08-22 13:11:25
1661173888293083000,18.7,2,18.65,8,18.7,1,2,2022-08-22 13:11:28
1661173888403127000,18.7,1,18.65,8,18.75,10,1,2022-08-22 13:11:28
1661173905491802000,18.7,1,18.65,7,18.75,10,2,2022-08-22 13:11:45
1661173915828522000,18.7,1,18.65,7,18.75,10,2,2022-08-22 13:11:55
1661173937640306000,18.7,1,18.7,2,18.75,10,2,2022-08-22 13:12:17
1661173974527054000,18.7,3,18.65,6,18.7,2,2,2022-08-22 13:12:54
1661173974669934000,18.7,2,18.65,6,18.75,10,1,2022-08-22 13:12:54
1661173996834665000,18.7,1,18.7,2,18.75,10,2,2022-08-22 13:13:16
1661173998336162000,18.7,1,18.7,1,18.75,10,2,2022-08-22 13:13:18
1661174023074218000,18.7,1,18.65,7,18.7,4,2,2022-08-22 13:13:43
1661174049542837000,18.65,4,18.65,1,18.7,4,2,2022-08-22 13:14:09
1661174064565249000,18.65,1,18.6,19,18.7,5,2,2022-08-22 13:14:24
1661174066271367000,18.6,10,18.6,9,18.7,5,2,2022-08-22 13:14:26
1661174081919628000,18.6,1,18.6,8,18.7,4,2,2022-08-22 13:14:41
1661174085898706000,18.6,1,18.6,12,18.7,4,2,2022-08-22 13:14:45
1661174095293687000,18.6,3,18.6,9,18.7,4,2,2022-08-22 13:14:55
1661174111828663000,18.6,2,18.6,4,18.7,4,2,2022-08-22 13:15:11
1661174128599531000,18.6,1,18.6,3,18.7,4,2,2022-08-22 13:15:28
1661174134830819000,18.6,3,18.55,8,18.6,1,2,2022-08-22 13:15:34
1661174134851566000,18.6,1,18.55,8,18.9,6,1,2022-08-22 13:15:34
1661174154717564000,18.55,8,18.5,43,18.9,6,2,2022-08-22 13:15:54
1661174154717564000,18.5,7,18.5,43,18.9,6,2,2022-08-22 13:15:54
1661174205194062000,18.6,2,18.6,12,18.8,6,2,2022-08-22 13:16:45
1661174216036644000,18.6,1,18.6,11,18.75,1,2,2022-08-22 13:16:56
1661174216096882000,18.75,1,18.75,4,18.8,6,1,2022-08-22 13:16:56
1661174216120831000,18.75,1,18.75,3,18.8,6,2,2022-08-22 13:16:56
1661174216120896000,18.75,3,18.6,6,18.8,6,2,2022-08-22 13:16:56
1661174249481804000,18.65,1,18.6,5,18.75,3,2,2022-08-22 13:17:29
1661174249481804000,18.6,1,18.6,5,18.75,3,2,2022-08-22 13:17:29
1661174260446074000,18.65,1,18.65,9,18.75,13,2,2022-08-22 13:17:40
1661174339002882000,18.7,1,18.65,10,18.75,15,2,2022-08-22 13:18:59
1661174372099007000,18.65,11,18.55,12,18.6,1,2,2022-08-22 13:19:32
1661174372099007000,18.6,8,18.55,12,18.6,1,2,2022-08-22 13:19:32
1661174386086477000,18.6,1,18.6,1,18.75,15,1,2022-08-22 13:19:46
1661174398612121000,18.65,1,18.6,3,18.75,15,2,2022-08-22 13:19:58
1661174406257389000,18.6,3,18.55,12,18.65,2,2,2022-08-22 13:20:06
1661174414398627000,18.6,1,18.6,9,18.65,2,2,2022-08-22 13:20:14
1661174451064788000,18.6,1,18.6,13,18.65,4,2,2022-08-22 13:20:51
1661174465590238000,18.6,2,18.6,11,18.65,4,2,2022-08-22 13:21:05
1661174469267273000,18.65,2,18.6,11,18.7,26,1,2022-08-22 13:21:09
1661174471920448000,18.6,10,18.6,1,18.7,26,2,2022-08-22 13:21:11
1661174475773241000,18.6,1,18.55,12,18.6,1,2,2022-08-22 13:21:15
1661174487087529000,18.55,7,18.5,41,18.6,1,2,2022-08-22 13:21:27
1661174505968607000,18.55,1,18.5,41,18.6,4,1,2022-08-22 13:21:45
1661174520455784000,18.55,2,18.55,8,18.6,9,2,2022-08-22 13:22:00
1661174532154201000,18.6,9,18.55,8,18.7,26,1,2022-08-22 13:22:12
1661174553305157000,18.6,3,18.55,9,18.7,26,1,2022-08-22 13:22:33
1661174558335494000,18.6,1,18.55,9,18.7,26,1,2022-08-22 13:22:38
1661174559688232000,18.55,9,18.5,39,18.55,16,2,2022-08-22 13:22:39
1661174559712494000,18.55,1,18.5,39,18.55,15,1,2022-08-22 13:22:39
1661174559712520000,18.55,15,18.5,39,18.7,1,1,2022-08-22 13:22:39
1661174584721851000,18.55,2,18.5,38,18.7,1,2,2022-08-22 13:23:04
1661174584721851000,18.5,1,18.5,38,18.7,1,2,2022-08-22 13:23:04
1661174596180449000,18.6,1,18.55,3,18.6,3,2,2022-08-22 13:23:16
1661174596298918000,18.6,3,18.55,3,18.7,1,1,2022-08-22 13:23:16
1661174608242646000,18.6,10,18.55,3,18.6,3,1,2022-08-22 13:23:28
1661174608260565000,18.6,3,18.55,3,18.7,1,1,2022-08-22 13:23:28
1661174625505168000,18.6,1,18.55,5,18.65,2,2,2022-08-22 13:23:45
1661174625553376000,18.55,3,18.55,2,18.65,2,2,2022-08-22 13:23:45
1661174635685655000,18.55,1,18.55,6,18.6,2,2,2022-08-22 13:23:55
1661174648092091000,18.55,1,18.55,5,18.6,1,2,2022-08-22 13:24:08
1661174649503951000,18.6,1,18.6,4,18.65,2,1,2022-08-22 13:24:09
1661174657997499000,18.65,2,18.6,4,18.7,1,1,2022-08-22 13:24:17
1661174663724451000,18.6,4,18.55,5,18.6,21,2,2022-08-22 13:24:23
1661174664718202000,18.6,1,18.55,5,18.6,20,1,2022-08-22 13:24:24
1661174668655198000,18.6,2,18.55,5,18.6,18,1,2022-08-22 13:24:28
1661174668800128000,18.55,5,18.5,46,18.55,3,2,2022-08-22 13:24:28
1661174671008754000,18.5,5,18.5,41,18.55,3,2,2022-08-22 13:24:31
1661174681101227000,18.55,2,18.5,41,18.55,1,1,2022-08-22 13:24:41
1661174681752166000,18.5,18,18.5,23,18.55,1,2,2022-08-22 13:24:41
1661174681867519000,18.55,1,18.5,23,18.7,1,1,2022-08-22 13:24:41
1661174694028702000,18.55,1,18.55,2,18.7,1,2,2022-08-22 13:24:54
1661174697425228000,18.55,1,18.55,1,18.7,1,2,2022-08-22 13:24:57
1661174698582357000,18.7,1,18.55,1,18.75,1,1,2022-08-22 13:24:58
1661175000000000000,18.8,132,18.7,1,18.8,8,1,2022-08-22 13:30:00
