ts,close,volume,bid_price,bid_volume,ask_price,ask_volume,tick_type,datetime
1663578016500849000,79.0,224,79.0,23,79.1,3,1,2022-09-19 09:00:16
1663578016546921000,79.1,1,79.0,23,79.1,2,1,2022-09-19 09:00:16
1663578016547020000,79.1,1,79.0,23,79.1,1,1,2022-09-19 09:00:16
1663578016547124000,79.1,1,79.0,23,79.2,5,1,2022-09-19 09:00:16
1663578016764784000,79.0,9,79.0,14,79.2,5,2,2022-09-19 09:00:16
1663578016848270000,79.0,1,79.0,13,79.2,5,2,2022-09-19 09:00:16
1663578017265759000,79.2,1,79.0,13,79.2,4,1,2022-09-19 09:00:17
1663578017340985000,79.2,2,79.0,13,79.2,2,1,2022-09-19 09:00:17
1663578017371219000,79.2,2,79.0,13,79.3,1,1,2022-09-19 09:00:17
1663578017718619000,79.3,1,79.3,9,79.4,7,1,2022-09-19 09:00:17
1663578018047414000,79.4,1,79.3,9,79.4,6,1,2022-09-19 09:00:18
1663578018076126000,79.4,6,79.3,9,79.5,6,1,2022-09-19 09:00:18
1663578018561203000,79.5,2,79.3,9,79.5,4,1,2022-09-19 09:00:18
1663578018871681000,79.4,2,79.4,3,79.5,4,2,2022-09-19 09:00:18
1663578019126733000,79.5,4,79.6,4,79.8,11,1,2022-09-19 09:00:19
1663578019126733000,79.6,2,79.6,4,79.8,11,1,2022-09-19 09:00:19
1663578019312416000,79.8,2,79.6,4,79.8,9,1,2022-09-19 09:00:19
1663578019373426000,79.8,4,79.6,4,79.8,5,1,2022-09-19 09:00:19
1663578019415115000,79.8,5,79.6,4,79.9,2,1,2022-09-19 09:00:19
1663578019618806000,79.9,2,79.6,4,80.0,16,1,2022-09-19 09:00:19
1663578021480188000,79.9,1,79.0,21,80.0,16,1,2022-09-19 09:00:21
1663578021634548000,80.0,1,79.1,5,80.0,15,1,2022-09-19 09:00:21
1663578021837468000,80.0,1,79.1,5,80.0,17,1,2022-09-19 09:00:21
1663578021893601000,80.0,1,79.1,5,80.0,16,1,2022-09-19 09:00:21
1663578021966275000,79.7,1,79.1,5,80.0,16,1,2022-09-19 09:00:21
1663578022022641000,79.9,1,79.1,5,80.0,16,2,2022-09-19 09:00:22
1663578022377094000,79.1,1,79.1,4,80.0,16,2,2022-09-19 09:00:22
1663578022410843000,79.1,1,79.1,3,80.0,16,2,2022-09-19 09:00:22
1663578022411207000,79.1,1,79.1,2,80.0,16,2,2022-09-19 09:00:22
1663578022604484000,79.5,1,79.2,2,79.8,1,2,2022-09-19 09:00:22
1663578022967032000,79.3,1,79.2,2,79.8,4,2,2022-09-19 09:00:22
1663578023518399000,79.2,2,79.1,2,79.7,4,2,2022-09-19 09:00:23
1663578023582445000,79.6,1,79.3,1,79.6,1,1,2022-09-19 09:00:23
1663578023602392000,79.3,1,79.1,2,79.6,1,2,2022-09-19 09:00:23
1663578023723405000,79.6,1,79.1,2,79.7,2,1,2022-09-19 09:00:23
1663578023723405000,79.7,2,79.1,2,79.7,2,1,2022-09-19 09:00:23
1663578024170454000,79.5,3,79.3,3,79.7,2,1,2022-09-19 09:00:24
1663578024296100000,79.7,1,79.3,3,79.7,1,1,2022-09-19 09:00:24
1663578024531818000,79.5,1,79.3,3,79.7,3,1,2022-09-19 09:00:24
1663578024855057000,79.3,1,79.3,2,79.7,3,2,2022-09-19 09:00:24
1663578024871466000,79.3,2,79.2,2,79.7,3,2,2022-09-19 09:00:24
1663578025164602000,79.7,3,79.2,2,79.9,11,1,2022-09-19 09:00:25
1663578025164602000,79.8,5,79.2,2,79.9,11,1,2022-09-19 09:00:25
1663578025164602000,79.9,2,79.2,2,79.9,11,1,2022-09-19 09:00:25
1663578025369597000,79.9,2,79.2,2,79.9,9,1,2022-09-19 09:00:25
1663578026032505000,79.3,1,79.2,1,79.5,1,2,2022-09-19 09:00:26
1663578026032505000,79.2,1,79.2,1,79.5,1,2,2022-09-19 09:00:26
1663578026257407000,79.5,1,79.2,3,79.5,1,1,2022-09-19 09:00:26
1663578027094988000,79.7,1,79.7,3,79.9,10,2,2022-09-19 09:00:27
1663578028081691000,79.8,1,79.7,3,79.9,1,1,2022-09-19 09:00:28
1663578028081691000,79.9,9,79.7,3,79.9,1,1,2022-09-19 09:00:28
1663578028206662000,79.7,1,79.7,3,79.8,1,2,2022-09-19 09:00:28
1663578028416295000,79.7,2,79.5,1,79.9,1,2,2022-09-19 09:00:28
1663578028880532000,79.8,1,79.5,1,79.8,2,1,2022-09-19 09:00:28
1663578028957252000,79.5,1,79.4,4,79.8,2,2,2022-09-19 09:00:28
1663578029084295000,79.8,2,79.4,4,79.9,1,1,2022-09-19 09:00:29
1663578029254857000,79.5,1,79.4,4,79.9,1,1,2022-09-19 09:00:29
1663578031141864000,79.9,3,79.5,5,79.9,2,1,2022-09-19 09:00:31
1663578031195568000,79.9,1,79.5,5,79.9,1,1,2022-09-19 09:00:31
1663578031494881000,79.7,1,79.5,2,79.7,2,1,2022-09-19 09:00:31
1663578031991905000,79.7,1,79.5,2,79.8,2,1,2022-09-19 09:00:31
1663578032838668000,79.7,2,79.7,1,79.8,7,2,2022-09-19 09:00:32
1663578032859670000,79.7,1,79.5,4,79.8,7,2,2022-09-19 09:00:32
1663578033183781000,79.5,1,79.5,6,79.8,5,2,2022-09-19 09:00:33
1663578034106421000,79.7,1,79.7,1,79.8,5,2,2022-09-19 09:00:34
1663578034609719000,79.6,1,79.6,1,79.8,5,2,2022-09-19 09:00:34
1663578035168190000,79.7,1,79.5,10,79.8,3,1,2022-09-19 09:00:35
1663578035168190000,79.8,2,79.5,10,79.8,3,1,2022-09-19 09:00:35
1663578035914119000,79.7,1,79.7,1,79.8,8,2,2022-09-19 09:00:35
1663578036092424000,79.7,1,79.5,27,79.8,8,2,2022-09-19 09:00:36
1663578036092424000,79.6,1,79.5,27,79.8,8,2,2022-09-19 09:00:36
1663578036151964000,79.6,3,79.5,28,79.8,8,1,2022-09-19 09:00:36
1663578037315492000,79.7,1,79.7,1,79.8,8,2,2022-09-19 09:00:37
1663578037409544000,79.8,1,79.7,1,79.8,7,1,2022-09-19 09:00:37
1663578037642517000,79.7,1,79.5,38,79.8,7,2,2022-09-19 09:00:37
1663578037647505000,79.5,30,79.5,8,79.8,7,2,2022-09-19 09:00:37
1663578037685323000,79.5,8,79.4,2,79.8,7,2,2022-09-19 09:00:37
1663578038379019000,79.8,1,79.7,2,79.8,7,1,2022-09-19 09:00:38
1663578038387122000,79.7,2,79.5,3,79.8,7,2,2022-09-19 09:00:38
1663578038392972000,79.8,1,79.5,3,79.8,6,1,2022-09-19 09:00:38
1663578038737576000,79.8,1,79.5,5,79.8,8,1,2022-09-19 09:00:38
1663578039352139000,79.7,1,79.6,1,79.7,3,1,2022-09-19 09:00:39
1663578039883380000,79.6,1,79.5,5,79.7,2,2,2022-09-19 09:00:39
1663578040393091000,79.6,1,79.3,6,79.4,1,2,2022-09-19 09:00:40
1663578040393091000,79.5,5,79.3,6,79.4,1,2,2022-09-19 09:00:40
1663578040393091000,79.4,5,79.3,6,79.4,1,2,2022-09-19 09:00:40
1663578040410487000,79.4,1,79.3,6,79.7,2,1,2022-09-19 09:00:40
1663578040557140000,79.7,2,79.3,6,80.0,2,1,2022-09-19 09:00:40
1663578040557140000,79.8,6,79.3,6,80.0,2,1,2022-09-19 09:00:40
1663578040557140000,79.9,4,79.3,6,80.0,2,1,2022-09-19 09:00:40
1663578040557140000,80.0,17,79.3,6,80.0,2,1,2022-09-19 09:00:40
1663578040660985000,79.7,2,79.6,1,80.0,2,1,2022-09-19 09:00:40
1663578041536394000,79.7,2,79.7,8,79.8,1,1,2022-09-19 09:00:41
1663578041856244000,79.7,8,79.5,2,79.8,1,2,2022-09-19 09:00:41
1663578041856244000,79.6,1,79.5,2,79.8,1,2,2022-09-19 09:00:41
1663578041856244000,79.5,1,79.5,2,79.8,1,2,2022-09-19 09:00:41
1663578041904481000,79.8,1,79.5,2,80.0,2,1,2022-09-19 09:00:41
1663578042953510000,80.0,1,79.7,3,80.0,1,1,2022-09-19 09:00:42
1663578043100418000,79.9,1,79.7,3,80.0,1,1,2022-09-19 09:00:43
1663578043157805000,79.7,1,79.7,2,80.0,1,2,2022-09-19 09:00:43
1663578043466393000,79.8,1,79.7,3,80.0,1,1,2022-09-19 09:00:43
1663578043646369000,79.7,1,79.7,2,80.0,1,2,2022-09-19 09:00:43
1663578043940668000,80.0,1,79.8,2,80.3,6,1,2022-09-19 09:00:43
1663578044865606000,80.3,1,80.0,2,80.3,5,1,2022-09-19 09:00:44
1663578046236546000,80.3,1,80.1,1,80.3,5,1,2022-09-19 09:00:46
1663578046668580000,80.3,1,80.1,2,80.3,4,1,2022-09-19 09:00:46
1663578046705794000,80.3,3,80.1,2,80.3,1,1,2022-09-19 09:00:46
1663578046721712000,80.3,1,80.1,2,80.4,2,1,2022-09-19 09:00:46
1663578047366705000,80.4,1,80.3,1,80.4,1,1,2022-09-19 09:00:47
1663578047503715000,80.4,1,80.4,1,80.5,18,1,2022-09-19 09:00:47
1663578047689789000,80.5,1,80.4,1,80.5,18,1,2022-09-19 09:00:47
1663578048252790000,80.4,1,80.4,1,80.5,17,2,2022-09-19 09:00:48
1663578048429685000,80.4,2,80.3,1,80.4,1,1,2022-09-19 09:00:48
1663578049014077000,80.3,1,80.1,12,80.4,2,2,2022-09-19 09:00:49
1663578049249400000,80.3,1,80.1,12,80.4,2,1,2022-09-19 09:00:49
1663578049303964000,80.3,1,80.3,1,80.4,2,2,2022-09-19 09:00:49
1663578049338620000,80.3,1,80.3,1,80.4,2,2,2022-09-19 09:00:49
1663578049362333000,80.3,1,80.2,2,80.4,2,2,2022-09-19 09:00:49
1663578049760728000,80.4,1,80.2,2,80.4,1,1,2022-09-19 09:00:49
1663578049813844000,80.2,2,80.1,12,80.2,8,2,2022-09-19 09:00:49
1663578050254806000,80.2,1,80.1,11,80.2,7,1,2022-09-19 09:00:50
1663578050264331000,80.2,1,80.1,11,80.2,6,1,2022-09-19 09:00:50
1663578050330826000,80.2,1,80.1,12,80.2,5,1,2022-09-19 09:00:50
1663578050703883000,80.2,1,80.1,12,80.2,4,1,2022-09-19 09:00:50
1663578050788558000,80.2,1,80.1,12,80.2,4,1,2022-09-19 09:00:50
1663578051092645000,80.1,1,80.1,13,80.2,3,2,2022-09-19 09:00:51
1663578051566589000,80.2,3,80.3,7,80.4,6,1,2022-09-19 09:00:51
1663578051648391000,80.3,7,80.3,8,80.4,6,2,2022-09-19 09:00:51
1663578051880943000,80.4,1,80.3,1,80.4,5,1,2022-09-19 09:00:51
1663578051949924000,80.3,1,80.1,12,80.3,9,2,2022-09-19 09:00:51
1663578052485521000,80.3,9,80.1,12,80.4,4,1,2022-09-19 09:00:52
1663578052485521000,80.4,1,80.1,12,80.4,4,1,2022-09-19 09:00:52
1663578052757181000,80.4,2,80.1,12,80.4,4,1,2022-09-19 09:00:52
1663578052785763000,80.1,2,80.1,12,80.4,6,2,2022-09-19 09:00:52
1663578053046278000,80.4,4,80.1,10,80.5,8,1,2022-09-19 09:00:53
1663578053121391000,80.3,2,80.1,10,80.3,2,1,2022-09-19 09:00:53
1663578053121391000,80.5,1,80.1,10,80.3,2,1,2022-09-19 09:00:53
1663578053650604000,80.3,1,80.1,10,80.5,7,2,2022-09-19 09:00:53
1663578053785288000,80.1,1,80.1,11,80.5,7,2,2022-09-19 09:00:53
1663578053899565000,80.4,1,80.4,1,80.5,7,2,2022-09-19 09:00:53
1663578053923597000,80.4,1,80.1,10,80.5,7,2,2022-09-19 09:00:53
1663578054233757000,80.2,1,80.1,10,80.5,7,2,2022-09-19 09:00:54
1663578054291347000,80.5,1,80.2,1,80.5,7,1,2022-09-19 09:00:54
1663578054415993000,80.1,10,80.0,9,80.5,6,2,2022-09-19 09:00:54
1663578054653440000,80.0,1,80.0,10,80.5,8,2,2022-09-19 09:00:54
1663578054867255000,80.5,1,80.0,9,80.5,5,1,2022-09-19 09:00:54
1663578055096440000,80.5,1,80.2,4,80.5,6,1,2022-09-19 09:00:55
1663578055164168000,80.5,1,80.2,4,80.5,5,1,2022-09-19 09:00:55
1663578055331072000,80.5,1,80.2,5,80.5,1,1,2022-09-19 09:00:55
1663578056817070000,80.4,1,80.2,8,80.5,5,1,2022-09-19 09:00:56
1663578057105623000,80.4,1,80.2,8,80.5,5,1,2022-09-19 09:00:57
1663578057533745000,80.2,1,80.2,7,80.5,5,2,2022-09-19 09:00:57
1663578057804787000,80.5,1,80.2,7,80.5,5,1,2022-09-19 09:00:57
1663578057811595000,80.5,1,80.2,7,80.5,3,1,2022-09-19 09:00:57
1663578058086978000,80.2,4,80.2,3,80.4,2,2,2022-09-19 09:00:58
1663578058093234000,80.2,3,80.1,11,80.4,2,2,2022-09-19 09:00:58
1663578058093234000,80.1,7,80.1,11,80.4,2,2,2022-09-19 09:00:58
1663578058318301000,80.4,4,80.1,11,80.5,3,1,2022-09-19 09:00:58
1663578058318301000,80.5,1,80.1,11,80.5,3,1,2022-09-19 09:00:58
1663578058591796000,80.4,2,80.2,1,80.5,2,1,2022-09-19 09:00:58
1663578058591796000,80.5,3,80.2,1,80.5,2,1,2022-09-19 09:00:58
1663578058826004000,80.2,1,80.1,11,80.3,1,2,2022-09-19 09:00:58
1663578059684853000,80.2,9,80.2,2,80.3,2,2,2022-09-19 09:00:59
1663578059717382000,80.2,2,80.1,11,80.3,2,2,2022-09-19 09:00:59
1663578060955657000,80.3,1,80.2,4,80.3,1,1,2022-09-19 09:01:00
1663578061067221000,80.3,1,80.4,1,80.5,10,1,2022-09-19 09:01:01
1663578061106703000,80.4,1,80.2,4,80.5,10,2,2022-09-19 09:01:01
1663578061906030000,80.3,1,80.3,2,80.4,5,2,2022-09-19 09:01:01
1663578061911327000,80.3,2,80.1,8,80.4,5,2,2022-09-19 09:01:01
1663578061911327000,80.2,4,80.1,8,80.4,5,2,2022-09-19 09:01:01
1663578061911327000,80.1,4,80.1,8,80.4,5,2,2022-09-19 09:01:01
1663578061976216000,80.4,1,80.1,8,80.4,4,1,2022-09-19 09:01:01
1663578063269357000,80.2,1,80.1,9,80.2,1,1,2022-09-19 09:01:03
1663578063307406000,80.1,9,80.0,19,80.4,6,2,2022-09-19 09:01:03
1663578064599295000,80.3,1,80.3,1,80.4,5,2,2022-09-19 09:01:04
1663578064876790000,80.2,1,80.1,3,80.4,5,2,2022-09-19 09:01:04
1663578065341896000,80.1,3,79.8,1,80.4,7,2,2022-09-19 09:01:05
1663578065341896000,80.0,19,79.8,1,80.4,7,2,2022-09-19 09:01:05
1663578065341896000,79.9,4,79.8,1,80.4,7,2,2022-09-19 09:01:05
1663578065341896000,79.8,4,79.8,1,80.4,7,2,2022-09-19 09:01:05
1663578065535105000,80.4,2,79.8,1,80.4,5,1,2022-09-19 09:01:05
1663578065601406000,79.9,1,79.8,4,80.3,2,2,2022-09-19 09:01:05
1663578065647790000,80.2,1,79.8,4,80.3,2,2,2022-09-19 09:01:05
1663578065680203000,80.2,1,80.2,2,80.3,2,2,2022-09-19 09:01:05
1663578065713176000,80.2,1,80.2,1,80.3,2,2,2022-09-19 09:01:05
1663578065772060000,80.2,1,80.2,1,80.3,2,2,2022-09-19 09:01:05
1663578066372747000,80.3,1,80.0,2,80.3,2,1,2022-09-19 09:01:06
1663578066397470000,80.1,2,80.0,2,80.3,2,2,2022-09-19 09:01:06
1663578066788763000,80.3,1,80.0,2,80.3,1,1,2022-09-19 09:01:06
1663578066863784000,80.0,2,79.9,3,80.3,1,2,2022-09-19 09:01:06
1663578067009050000,80.0,1,79.8,1,80.0,9,1,2022-09-19 09:01:07
1663578067233902000,80.0,1,79.8,1,80.0,10,1,2022-09-19 09:01:07
1663578067284451000,80.0,2,79.8,1,80.0,11,1,2022-09-19 09:01:07
1663578067366008000,80.0,1,79.8,1,80.0,7,1,2022-09-19 09:01:07
1663578067393211000,80.0,1,79.8,1,80.0,4,1,2022-09-19 09:01:07
1663578067644053000,80.0,1,79.8,1,80.0,5,1,2022-09-19 09:01:07
1663578067745300000,80.0,1,79.8,1,80.0,4,1,2022-09-19 09:01:07
1663578068627419000,79.8,9,79.8,12,80.0,2,2,2022-09-19 09:01:08
1663578069339867000,79.9,1,79.8,12,80.0,2,2,2022-09-19 09:01:09
1663578069477204000,79.8,12,79.7,8,80.0,144,2,2022-09-19 09:01:09
1663578069704200000,79.7,1,79.7,7,79.9,2,2,2022-09-19 09:01:09
1663578069730129000,79.7,7,79.7,8,79.9,2,2,2022-09-19 09:01:09
1663578069898827000,79.6,5,79.6,16,79.9,2,2,2022-09-19 09:01:09
1663578069930035000,79.6,16,79.5,17,79.9,2,2,2022-09-19 09:01:09
1663578070065632000,79.9,3,79.5,17,80.0,136,1,2022-09-19 09:01:10
1663578070065632000,80.0,8,79.5,17,80.0,136,1,2022-09-19 09:01:10
1663578070160921000,80.0,10,79.6,3,80.0,127,1,2022-09-19 09:01:10
1663578070832947000,79.6,3,79.5,17,80.0,127,2,2022-09-19 09:01:10
1663578070887462000,79.5,17,79.3,7,79.9,3,2,2022-09-19 09:01:10
1663578071052857000,79.8,1,79.3,7,79.9,3,2,2022-09-19 09:01:11
1663578072126199000,79.3,1,79.3,6,79.8,3,2,2022-09-19 09:01:12
1663578072161292000,79.3,6,79.3,6,79.8,3,2,2022-09-19 09:01:12
1663578075162320000,79.4,1,79.2,8,79.8,3,2,2022-09-19 09:01:15
1663578075404396000,79.8,1,79.4,1,79.8,2,1,2022-09-19 09:01:15
1663578075657601000,79.4,1,79.4,1,79.8,2,2,2022-09-19 09:01:15
1663578076082479000,79.2,1,79.2,8,79.8,2,2,2022-09-19 09:01:16
1663578076304822000,79.2,8,79.2,8,79.7,5,2,2022-09-19 09:01:16
1663578076383914000,79.1,5,79.0,14,79.3,3,2,2022-09-19 09:01:16
1663578076652797000,79.2,1,79.0,14,79.3,5,1,2022-09-19 09:01:16
1663578076898240000,79.0,1,79.0,13,79.2,2,2,2022-09-19 09:01:16
1663578078150947000,79.1,1,79.1,2,79.2,2,2,2022-09-19 09:01:18
1663578078481742000,79.2,1,79.1,3,79.2,1,1,2022-09-19 09:01:18
1663578078917479000,79.1,1,79.1,2,79.2,1,2,2022-09-19 09:01:18
1663578079585790000,79.1,1,79.1,1,79.2,1,2,2022-09-19 09:01:19
1663578079621068000,79.1,1,79.0,13,79.2,1,2,2022-09-19 09:01:19
1663578079889622000,79.0,4,79.0,9,79.2,3,2,2022-09-19 09:01:19
1663578080147615000,79.0,9,78.9,1,79.2,3,2,2022-09-19 09:01:20
1663578080463554000,78.9,1,78.8,1,78.9,4,2,2022-09-19 09:01:20
1663578080597423000,78.9,4,78.8,1,78.9,4,1,2022-09-19 09:01:20
1663578080597423000,79.3,1,78.8,1,78.9,4,1,2022-09-19 09:01:20
1663578080895176000,78.8,1,78.7,1,79.3,5,2,2022-09-19 09:01:20
1663578081739535000,79.0,2,79.0,9,79.3,5,2,2022-09-19 09:01:21
1663578081773353000,79.0,9,78.8,2,79.3,5,2,2022-09-19 09:01:21
1663578082182852000,79.2,3,79.0,1,79.9,19,1,2022-09-19 09:01:22
1663578082182852000,79.3,5,79.0,1,79.9,19,1,2022-09-19 09:01:22
1663578082182852000,79.7,1,79.0,1,79.9,19,1,2022-09-19 09:01:22
1663578082182852000,79.8,1,79.0,1,79.9,19,1,2022-09-19 09:01:22
1663578082351134000,79.1,1,79.0,1,79.9,19,2,2022-09-19 09:01:22
1663578082760946000,79.0,1,78.8,1,79.2,3,2,2022-09-19 09:01:22
1663578082760946000,78.8,2,78.8,1,79.2,3,2,2022-09-19 09:01:22
1663578082781460000,78.8,1,79.0,1,79.2,3,2,2022-09-19 09:01:22
1663578083518097000,79.2,2,79.0,1,79.2,1,1,2022-09-19 09:01:23
1663578084620049000,79.1,1,79.0,2,79.6,2,2,2022-09-19 09:01:24
1663578084632271000,79.6,1,79.1,1,79.6,2,1,2022-09-19 09:01:24
1663578084886177000,79.1,1,79.0,2,79.6,1,2,2022-09-19 09:01:24
1663578086650235000,79.2,1,79.0,3,79.3,1,1,2022-09-19 09:01:26
1663578086848277000,79.2,1,79.0,3,79.5,6,1,2022-09-19 09:01:26
1663578086903344000,79.1,3,78.7,1,78.8,4,2,2022-09-19 09:01:26
1663578086903344000,79.0,3,78.7,1,78.8,4,2,2022-09-19 09:01:26
1663578086903344000,78.9,1,78.7,1,78.8,4,2,2022-09-19 09:01:26
1663578086903344000,78.8,2,78.7,1,78.8,4,2,2022-09-19 09:01:26
1663578086929546000,78.7,1,78.6,5,78.8,4,2,2022-09-19 09:01:26
1663578086956948000,78.8,1,78.6,5,78.8,3,1,2022-09-19 09:01:26
1663578087722775000,78.8,1,78.6,5,78.8,3,1,2022-09-19 09:01:27
1663578088489465000,78.8,1,78.6,5,78.8,1,1,2022-09-19 09:01:28
1663578088684308000,78.6,3,78.6,2,78.8,1,2,2022-09-19 09:01:28
1663578089052048000,78.6,2,78.6,2,78.7,1,2,2022-09-19 09:01:29
1663578089673691000,78.7,1,78.5,7,78.8,1,1,2022-09-19 09:01:29
1663578090850987000,78.8,1,78.5,7,79.2,3,1,2022-09-19 09:01:30
1663578090850987000,79.0,2,78.5,7,79.2,3,1,2022-09-19 09:01:30
1663578090850987000,79.1,2,78.5,7,79.2,3,1,2022-09-19 09:01:30
1663578091889026000,78.6,1,78.3,1,78.5,1,2,2022-09-19 09:01:31
1663578091889026000,78.5,8,78.3,1,78.5,1,2,2022-09-19 09:01:31
1663578091920207000,78.5,1,78.3,1,79.1,2,1,2022-09-19 09:01:31
1663578092036401000,78.3,1,78.2,4,78.5,1,2,2022-09-19 09:01:32
1663578092110782000,78.2,1,78.2,3,78.5,1,2,2022-09-19 09:01:32
1663578092198580000,78.5,1,78.3,3,78.5,1,1,2022-09-19 09:01:32
1663578092384087000,78.8,1,78.3,3,79.1,2,2,2022-09-19 09:01:32
1663578092992291000,78.6,1,78.3,2,79.0,1,2,2022-09-19 09:01:32
1663578092992291000,78.5,1,78.3,2,79.0,1,2,2022-09-19 09:01:32
1663578093881161000,79.0,4,78.3,2,79.0,2,1,2022-09-19 09:01:33
1663578093962768000,79.0,2,78.4,1,79.2,2,1,2022-09-19 09:01:33
1663578095117086000,79.0,1,78.5,2,79.3,2,1,2022-09-19 09:01:35
1663578095117086000,79.1,1,78.5,2,79.3,2,1,2022-09-19 09:01:35
1663578095117086000,79.2,2,78.5,2,79.3,2,1,2022-09-19 09:01:35
1663578095117086000,79.3,2,78.5,2,79.3,2,1,2022-09-19 09:01:35
1663578095269796000,79.3,2,78.5,2,79.9,11,1,2022-09-19 09:01:35
1663578095269796000,79.4,5,78.5,2,79.9,11,1,2022-09-19 09:01:35
1663578095269796000,79.5,2,78.5,2,79.9,11,1,2022-09-19 09:01:35
1663578095269796000,79.6,1,78.5,2,79.9,11,1,2022-09-19 09:01:35
1663578095269796000,79.7,1,78.5,2,79.9,11,1,2022-09-19 09:01:35
1663578095269796000,79.8,3,78.5,2,79.9,11,1,2022-09-19 09:01:35
1663578095269796000,79.9,6,78.5,2,79.9,11,1,2022-09-19 09:01:35
1663578095292651000,78.5,1,78.5,1,79.9,11,2,2022-09-19 09:01:35
1663578095491375000,78.6,1,78.3,1,78.5,8,2,2022-09-19 09:01:35
1663578095491375000,78.5,1,78.3,1,78.5,8,2,2022-09-19 09:01:35
1663578095516440000,78.5,3,78.3,1,78.5,5,1,2022-09-19 09:01:35
1663578095518015000,78.5,5,78.3,1,79.3,2,1,2022-09-19 09:01:35
1663578095548573000,78.4,1,78.3,1,79.8,2,1,2022-09-19 09:01:35
1663578095920095000,78.7,1,78.6,1,79.0,11,2,2022-09-19 09:01:35
1663578096087473000,78.7,1,78.6,2,79.0,11,2,2022-09-19 09:01:36
1663578096713354000,78.6,1,78.6,1,79.0,11,2,2022-09-19 09:01:36
1663578097269885000,78.9,1,78.6,1,79.0,11,1,2022-09-19 09:01:37
1663578097297463000,79.0,11,78.6,2,79.1,3,1,2022-09-19 09:01:37
1663578097533643000,78.8,1,78.6,2,79.1,6,1,2022-09-19 09:01:37
1663578097557914000,78.6,1,78.6,1,79.1,6,2,2022-09-19 09:01:37
1663578098205078000,78.9,1,78.7,3,78.9,1,1,2022-09-19 09:01:38
1663578100300228000,78.9,1,78.7,5,78.9,1,1,2022-09-19 09:01:40
1663578100540134000,78.7,2,78.7,6,78.9,1,2,2022-09-19 09:01:40
1663578101221064000,78.8,1,78.7,4,78.9,1,2,2022-09-19 09:01:41
1663578101338250000,78.7,3,78.7,1,78.8,2,2,2022-09-19 09:01:41
1663578101364561000,78.7,1,78.6,2,78.8,2,2,2022-09-19 09:01:41
1663578101400489000,78.6,1,78.5,5,78.8,2,2,2022-09-19 09:01:41
1663578101400489000,78.5,9,78.5,5,78.8,2,2,2022-09-19 09:01:41
1663578102741495000,78.8,1,78.6,2,78.8,3,1,2022-09-19 09:01:42
1663578103643485000,78.7,1,78.7,1,78.8,4,2,2022-09-19 09:01:43
1663578104074316000,78.7,1,78.7,1,78.8,4,2,2022-09-19 09:01:44
1663578104074316000,78.6,2,78.7,1,78.8,4,2,2022-09-19 09:01:44
1663578104074316000,78.5,5,78.7,1,78.8,4,2,2022-09-19 09:01:44
1663578104074316000,78.4,2,78.7,1,78.8,4,2,2022-09-19 09:01:44
1663578104463832000,78.4,1,78.4,2,78.8,5,2,2022-09-19 09:01:44
1663578105039104000,78.6,1,78.6,1,78.7,2,2,2022-09-19 09:01:45
1663578105039104000,78.4,2,78.6,1,78.7,2,2,2022-09-19 09:01:45
1663578105039104000,78.3,3,78.6,1,78.7,2,2,2022-09-19 09:01:45
1663578105039104000,78.2,4,78.6,1,78.7,2,2,2022-09-19 09:01:45
1663578105487129000,78.6,2,78.2,2,78.7,6,2,2022-09-19 09:01:45
1663578105590521000,78.5,1,78.5,1,78.6,2,2,2022-09-19 09:01:45
1663578105590521000,78.2,2,78.5,1,78.6,2,2,2022-09-19 09:01:45
1663578105590521000,78.1,7,78.5,1,78.6,2,2,2022-09-19 09:01:45
1663578105774554000,78.3,1,78.0,27,78.5,10,2,2022-09-19 09:01:45
1663578105774554000,78.1,6,78.0,27,78.5,10,2,2022-09-19 09:01:45
1663578105774554000,78.0,3,78.0,27,78.5,10,2,2022-09-19 09:01:45
1663578105803858000,78.5,1,78.0,27,78.5,9,1,2022-09-19 09:01:45
1663578105840246000,78.5,1,78.0,27,78.5,8,1,2022-09-19 09:01:45
1663578105964772000,78.0,10,78.0,17,78.5,10,2,2022-09-19 09:01:45
1663578106118895000,78.4,2,78.0,17,78.4,2,1,2022-09-19 09:01:46
1663578106658021000,78.4,2,78.0,18,78.4,2,1,2022-09-19 09:01:46
1663578106690546000,78.4,3,78.0,18,78.5,12,2,2022-09-19 09:01:46
1663578107070405000,78.4,1,78.0,18,78.4,4,1,2022-09-19 09:01:47
1663578107321691000,78.4,1,78.0,18,78.4,2,1,2022-09-19 09:01:47
1663578107493729000,78.0,5,78.0,13,78.4,2,2,2022-09-19 09:01:47
1663578108301290000,78.4,1,78.0,12,78.4,1,1,2022-09-19 09:01:48
1663578108463574000,78.4,1,78.0,12,78.5,10,1,2022-09-19 09:01:48
1663578108463574000,78.5,2,78.0,12,78.5,10,1,2022-09-19 09:01:48
1663578110565861000,78.4,1,78.1,2,78.5,9,1,2022-09-19 09:01:50
1663578111129531000,78.2,1,78.0,5,78.4,2,2,2022-09-19 09:01:51
1663578111129531000,78.1,2,78.0,5,78.4,2,2,2022-09-19 09:01:51
1663578111129531000,78.0,7,78.0,5,78.4,2,2,2022-09-19 09:01:51
1663578111159065000,78.4,1,78.0,5,78.4,1,1,2022-09-19 09:01:51
1663578112505031000,78.2,3,78.0,5,78.4,8,2,2022-09-19 09:01:52
1663578112828077000,78.3,1,78.0,5,78.3,1,1,2022-09-19 09:01:52
1663578114181333000,78.3,2,78.1,2,78.3,1,1,2022-09-19 09:01:54
1663578114317786000,78.1,2,78.0,6,78.1,8,2,2022-09-19 09:01:54
1663578114388529000,78.1,2,78.0,6,78.1,6,1,2022-09-19 09:01:54
1663578114935057000,78.0,2,78.0,4,78.1,6,2,2022-09-19 09:01:54
1663578115179760000,78.0,4,77.9,2,78.1,6,2,2022-09-19 09:01:55
1663578115568335000,77.9,1,77.9,1,78.1,6,2,2022-09-19 09:01:55
1663578116050122000,77.9,1,77.8,3,78.1,6,2,2022-09-19 09:01:56
1663578116050122000,77.8,9,77.8,3,78.1,6,2,2022-09-19 09:01:56
1663578116320735000,78.0,3,78.0,2,78.1,8,2,2022-09-19 09:01:56
1663578116351613000,78.0,2,77.8,3,78.1,8,2,2022-09-19 09:01:56
1663578117145850000,78.0,1,78.0,1,78.1,6,2,2022-09-19 09:01:57
1663578118282880000,77.8,1,77.8,3,78.0,1,2,2022-09-19 09:01:58
1663578119204508000,77.8,4,77.1,15,78.0,2,2,2022-09-19 09:01:59
1663578119204508000,77.7,1,77.1,15,78.0,2,2,2022-09-19 09:01:59
1663578119204508000,77.6,1,77.1,15,78.0,2,2,2022-09-19 09:01:59
1663578119204508000,77.5,9,77.1,15,78.0,2,2,2022-09-19 09:01:59
1663578119204508000,77.4,2,77.1,15,78.0,2,2,2022-09-19 09:01:59
1663578119204508000,77.3,3,77.1,15,78.0,2,2,2022-09-19 09:01:59
1663578119204508000,77.2,4,77.1,15,78.0,2,2,2022-09-19 09:01:59
1663578119204508000,77.1,6,77.1,15,78.0,2,2,2022-09-19 09:01:59
1663578119525001000,78.0,1,77.2,2,78.0,6,1,2022-09-19 09:01:59
1663578119567947000,78.0,2,77.2,2,78.0,4,1,2022-09-19 09:01:59
1663578120811177000,77.4,1,77.1,6,77.9,8,2,2022-09-19 09:02:00
1663578120811177000,77.1,9,77.1,6,77.9,8,2,2022-09-19 09:02:00
1663578121416684000,77.5,1,77.1,6,77.8,2,2,2022-09-19 09:02:01
1663578121416684000,77.2,2,77.1,6,77.8,2,2,2022-09-19 09:02:01
1663578121729185000,77.8,1,77.2,2,77.8,1,1,2022-09-19 09:02:01
1663578121770091000,77.2,2,77.1,2,77.8,1,2,2022-09-19 09:02:01
1663578121770091000,77.1,4,77.1,2,77.8,1,2,2022-09-19 09:02:01
1663578121999105000,77.1,1,77.1,3,77.7,1,2,2022-09-19 09:02:01
1663578122214148000,77.7,1,77.1,3,77.7,2,1,2022-09-19 09:02:02
1663578123452755000,77.2,1,77.1,1,77.6,1,2,2022-09-19 09:02:03
1663578123452866000,77.1,1,77.0,11,77.6,1,2,2022-09-19 09:02:03
1663578123452982000,77.0,1,77.2,1,77.6,1,2,2022-09-19 09:02:03
1663578124187715000,77.1,5,77.0,10,77.6,3,1,2022-09-19 09:02:04
1663578125481546000,77.2,1,77.1,2,77.6,1,2,2022-09-19 09:02:05
1663578125611587000,77.6,1,77.1,2,77.7,4,1,2022-09-19 09:02:05
1663578126493324000,77.7,1,77.2,1,77.7,3,1,2022-09-19 09:02:06
1663578126659031000,77.2,1,77.2,1,77.7,3,2,2022-09-19 09:02:06
1663578127375780000,77.2,1,77.2,1,77.6,1,2,2022-09-19 09:02:07
1663578129584099000,77.6,1,77.3,1,77.7,1,1,2022-09-19 09:02:09
1663578129600868000,77.7,1,77.3,1,77.8,2,1,2022-09-19 09:02:09
1663578130484803000,77.3,2,77.3,1,77.8,2,2,2022-09-19 09:02:10
1663578130585730000,77.3,1,77.2,4,77.7,1,2,2022-09-19 09:02:10
1663578130585730000,77.2,1,77.2,4,77.7,1,2,2022-09-19 09:02:10
1663578131599957000,77.4,1,77.4,1,77.7,1,2,2022-09-19 09:02:11
1663578132114400000,77.3,2,77.3,2,77.7,11,2,2022-09-19 09:02:12
1663578132114400000,77.2,1,77.3,2,77.7,11,2,2022-09-19 09:02:12
1663578133016291000,77.6,1,77.3,1,77.7,11,1,2022-09-19 09:02:13
1663578133246929000,77.4,2,77.3,1,77.7,11,1,2022-09-19 09:02:13
1663578133640794000,77.3,1,77.3,1,77.7,11,2,2022-09-19 09:02:13
1663578135219430000,77.7,1,77.3,1,77.7,11,1,2022-09-19 09:02:15
1663578135582403000,77.4,1,77.3,1,77.7,12,1,2022-09-19 09:02:15
1663578137656685000,77.4,1,77.4,4,77.6,2,2,2022-09-19 09:02:17
1663578137660095000,77.6,2,77.4,4,77.7,12,1,2022-09-19 09:02:17
1663578137716736000,77.4,3,77.4,3,77.7,12,2,2022-09-19 09:02:17
1663578138142912000,77.4,1,77.4,1,77.6,1,2,2022-09-19 09:02:18
1663578139070327000,77.4,1,77.4,1,77.6,2,2,2022-09-19 09:02:19
1663578139612642000,77.5,1,77.3,12,77.5,1,1,2022-09-19 09:02:19
1663578140682298000,77.6,1,77.4,10,77.6,2,1,2022-09-19 09:02:20
1663578140710662000,77.6,2,77.4,10,77.7,16,1,2022-09-19 09:02:20
1663578141320818000,77.5,1,77.5,1,77.7,16,2,2022-09-19 09:02:21
1663578141847635000,77.6,1,77.4,12,77.7,16,2,2022-09-19 09:02:21
1663578142731134000,77.6,2,77.5,2,77.7,16,2,2022-09-19 09:02:22
1663578143413254000,77.7,1,77.5,2,77.7,15,1,2022-09-19 09:02:23
1663578144487883000,77.5,1,77.5,2,77.7,15,2,2022-09-19 09:02:24
1663578144499415000,77.5,1,77.5,3,77.7,15,2,2022-09-19 09:02:24
1663578145142342000,77.6,1,77.6,2,77.7,15,2,2022-09-19 09:02:25
1663578145402810000,77.7,1,77.6,1,77.7,14,1,2022-09-19 09:02:25
1663578147611987000,77.6,1,77.6,1,77.7,14,2,2022-09-19 09:02:27
1663578147778990000,77.6,2,77.5,5,77.6,3,2,2022-09-19 09:02:27
1663578148025796000,77.6,1,77.5,5,77.6,2,1,2022-09-19 09:02:28
1663578148137207000,77.6,1,77.6,2,77.7,14,1,2022-09-19 09:02:28
1663578148189594000,77.6,1,77.5,5,77.7,14,1,2022-09-19 09:02:28
1663578148630869000,77.7,1,77.5,5,77.7,14,1,2022-09-19 09:02:28
1663578149458855000,77.7,1,77.5,19,77.7,12,1,2022-09-19 09:02:29
1663578149489024000,77.7,9,77.5,19,77.7,3,1,2022-09-19 09:02:29
1663578149519861000,77.7,3,77.5,19,77.8,1,1,2022-09-19 09:02:29
1663578150433279000,77.5,5,77.5,14,77.7,5,2,2022-09-19 09:02:30
1663578150731886000,77.5,9,77.5,5,77.7,5,2,2022-09-19 09:02:30
1663578150899270000,77.7,3,77.5,5,77.7,2,1,2022-09-19 09:02:30
1663578151800076000,77.7,2,77.5,5,77.9,5,1,2022-09-19 09:02:31
1663578151800076000,77.8,2,77.5,5,77.9,5,1,2022-09-19 09:02:31
1663578151800076000,77.9,1,77.5,5,77.9,5,1,2022-09-19 09:02:31
1663578152126363000,77.7,1,77.5,5,77.9,5,2,2022-09-19 09:02:32
1663578153846551000,77.7,1,77.5,8,77.6,2,2,2022-09-19 09:02:33
1663578153846551000,77.6,2,77.5,8,77.6,2,2,2022-09-19 09:02:33
1663578153929940000,77.5,5,77.5,3,77.6,2,2,2022-09-19 09:02:33
1663578154100184000,77.5,1,77.5,8,77.6,2,2,2022-09-19 09:02:34
1663578154716620000,77.6,1,77.5,2,77.6,3,1,2022-09-19 09:02:34
1663578154781604000,77.6,2,77.5,2,77.6,1,1,2022-09-19 09:02:34
1663578154904676000,77.6,1,77.7,4,77.8,1,1,2022-09-19 09:02:34
1663578154940753000,77.7,4,77.5,2,77.8,1,2,2022-09-19 09:02:34
1663578155006871000,77.5,1,77.5,1,77.7,4,2,2022-09-19 09:02:35
1663578155140650000,77.7,1,77.5,3,77.7,4,1,2022-09-19 09:02:35
1663578156209913000,77.6,1,77.5,6,77.7,4,2,2022-09-19 09:02:36
1663578156824834000,77.6,1,77.5,9,77.7,1,1,2022-09-19 09:02:36
1663578157811612000,77.6,2,77.6,2,77.7,1,2,2022-09-19 09:02:37
1663578159165589000,77.5,2,77.5,9,77.7,1,2,2022-09-19 09:02:39
1663578159196211000,77.5,7,77.5,2,77.7,1,2,2022-09-19 09:02:39
1663578159227204000,77.5,2,77.4,13,77.7,1,2,2022-09-19 09:02:39
1663578159917600000,77.6,1,77.5,1,77.6,1,1,2022-09-19 09:02:39
1663578160321788000,77.7,1,77.5,3,77.8,5,1,2022-09-19 09:02:40
1663578161848798000,77.6,1,77.6,1,77.8,4,2,2022-09-19 09:02:41
1663578163017378000,77.6,1,77.5,5,77.7,1,2,2022-09-19 09:02:43
1663578164097337000,77.6,1,77.5,4,77.6,6,1,2022-09-19 09:02:44
1663578164126270000,77.5,4,77.5,4,77.6,7,2,2022-09-19 09:02:44
1663578164355589000,77.4,9,77.4,3,77.5,1,2,2022-09-19 09:02:44
1663578164386288000,77.4,3,77.3,15,77.5,1,2,2022-09-19 09:02:44
1663578165279874000,77.5,5,77.3,13,77.5,1,1,2022-09-19 09:02:45
1663578165478810000,77.3,9,77.3,4,77.5,1,2,2022-09-19 09:02:45
1663578165514130000,77.3,4,77.2,10,77.5,1,2,2022-09-19 09:02:45
1663578166263929000,77.5,1,77.3,2,77.5,1,1,2022-09-19 09:02:46
1663578167327533000,77.4,1,77.3,2,77.5,1,1,2022-09-19 09:02:47
1663578169573505000,77.4,1,77.3,1,77.5,2,2,2022-09-19 09:02:49
1663578169573505000,77.3,1,77.3,1,77.5,2,2,2022-09-19 09:02:49
1663578171852994000,77.5,2,77.5,3,77.6,6,1,2022-09-19 09:02:51
1663578171892397000,77.5,3,77.3,3,77.6,6,2,2022-09-19 09:02:51
1663578172397066000,77.5,1,77.3,4,77.5,1,1,2022-09-19 09:02:52
1663578173910706000,77.3,1,77.3,3,77.4,1,2,2022-09-19 09:02:53
1663578174237178000,77.4,1,77.3,2,77.5,1,1,2022-09-19 09:02:54
1663578175958777000,77.4,3,77.4,3,77.5,1,2,2022-09-19 09:02:55
1663578176959855000,77.4,1,77.4,1,77.5,1,2,2022-09-19 09:02:56
1663578182742559000,77.4,2,77.4,8,77.5,2,2,2022-09-19 09:03:02
1663578183310416000,77.5,2,77.5,3,77.6,6,1,2022-09-19 09:03:03
1663578183701987000,77.5,1,77.5,2,77.6,6,2,2022-09-19 09:03:03
1663578183734681000,77.5,2,77.4,9,77.6,6,2,2022-09-19 09:03:03
1663578186584269000,77.4,1,77.4,31,77.6,7,2,2022-09-19 09:03:06
1663578186694000000,77.6,4,77.4,30,77.6,3,1,2022-09-19 09:03:06
1663578187137841000,77.5,2,77.4,30,77.6,3,2,2022-09-19 09:03:07
1663578187511113000,77.5,1,77.5,1,77.6,3,2,2022-09-19 09:03:07
1663578188076546000,77.5,1,77.5,2,77.6,3,2,2022-09-19 09:03:08
1663578188789089000,77.5,1,77.5,1,77.6,3,2,2022-09-19 09:03:08
1663578189993562000,77.6,1,77.5,2,77.6,2,1,2022-09-19 09:03:09
1663578194234339000,77.5,1,77.5,3,77.6,2,2,2022-09-19 09:03:14
1663578199120893000,77.5,3,77.5,2,77.6,4,2,2022-09-19 09:03:19
1663578199121491000,77.5,2,77.4,37,77.6,4,2,2022-09-19 09:03:19
1663578199122553000,77.4,5,77.4,32,77.6,4,2,2022-09-19 09:03:19
1663578199124302000,77.4,4,77.4,28,77.6,4,2,2022-09-19 09:03:19
1663578199124673000,77.4,4,77.4,24,77.6,4,2,2022-09-19 09:03:19
1663578199126479000,77.4,4,77.4,20,77.6,4,2,2022-09-19 09:03:19
1663578199127181000,77.4,2,77.4,18,77.6,4,2,2022-09-19 09:03:19
1663578199127887000,77.4,1,77.4,17,77.6,4,2,2022-09-19 09:03:19
1663578199129332000,77.4,4,77.4,13,77.6,4,2,2022-09-19 09:03:19
1663578199130198000,77.4,2,77.4,11,77.6,4,2,2022-09-19 09:03:19
1663578199130796000,77.4,1,77.4,10,77.6,4,2,2022-09-19 09:03:19
1663578199131743000,77.4,3,77.4,7,77.6,4,2,2022-09-19 09:03:19
1663578199133370000,77.4,2,77.4,5,77.6,4,2,2022-09-19 09:03:19
1663578199134360000,77.4,4,77.4,1,77.6,4,2,2022-09-19 09:03:19
1663578199134911000,77.4,1,77.3,29,77.6,4,2,2022-09-19 09:03:19
1663578199134911000,77.3,1,77.3,29,77.6,4,2,2022-09-19 09:03:19
1663578199135989000,77.3,3,77.3,26,77.6,4,2,2022-09-19 09:03:19
1663578199136984000,77.3,2,77.3,24,77.6,4,2,2022-09-19 09:03:19
1663578199138548000,77.3,2,77.3,22,77.6,4,2,2022-09-19 09:03:19
1663578199195364000,77.3,1,77.3,21,77.4,32,2,2022-09-19 09:03:19
1663578199253507000,77.3,1,77.3,20,77.4,32,2,2022-09-19 09:03:19
1663578199375236000,77.3,9,77.3,11,77.4,32,2,2022-09-19 09:03:19
1663578199681037000,77.4,1,77.3,12,77.4,31,1,2022-09-19 09:03:19
1663578199767360000,77.3,9,77.3,3,77.4,33,2,2022-09-19 09:03:19
1663578199858112000,77.3,1,77.3,2,77.4,33,2,2022-09-19 09:03:19
1663578200129408000,77.3,2,77.3,2,77.4,33,2,2022-09-19 09:03:20
1663578200372273000,77.3,1,77.2,15,77.3,1,2,2022-09-19 09:03:20
1663578203251925000,77.4,2,77.2,14,77.5,4,2,2022-09-19 09:03:23
1663578203695255000,77.5,1,77.2,14,77.5,4,1,2022-09-19 09:03:23
1663578206846918000,77.4,1,77.4,1,77.5,7,2,2022-09-19 09:03:26
1663578207063266000,77.4,1,77.4,11,77.5,7,2,2022-09-19 09:03:27
1663578207349518000,77.4,1,77.4,9,77.5,7,2,2022-09-19 09:03:27
1663578208290366000,77.4,3,77.4,6,77.5,7,2,2022-09-19 09:03:28
1663578208331589000,77.4,6,77.3,4,77.5,7,2,2022-09-19 09:03:28
1663578208372580000,77.3,4,77.2,14,77.5,7,2,2022-09-19 09:03:28
1663578209729537000,77.3,3,77.2,14,77.4,1,2,2022-09-19 09:03:29
1663578211950850000,77.4,1,77.2,13,77.4,3,1,2022-09-19 09:03:31
1663578214072916000,77.3,1,77.3,1,77.4,2,2,2022-09-19 09:03:34
1663578214096496000,77.3,1,77.2,13,77.4,2,2,2022-09-19 09:03:34
1663578215120125000,77.4,1,77.3,1,77.4,1,1,2022-09-19 09:03:35
1663578216746377000,77.4,3,77.4,2,77.5,12,1,2022-09-19 09:03:36
1663578216905114000,77.5,3,77.4,2,77.5,9,1,2022-09-19 09:03:36
1663578219055538000,77.5,1,77.4,3,77.5,6,1,2022-09-19 09:03:39
1663578219291578000,77.5,1,77.4,2,77.5,5,1,2022-09-19 09:03:39
1663578219624738000,77.4,2,77.3,1,77.5,5,2,2022-09-19 09:03:39
1663578219916816000,77.5,5,77.3,1,77.6,50,1,2022-09-19 09:03:39
1663578219916816000,77.6,5,77.3,1,77.6,50,1,2022-09-19 09:03:39
1663578219922415000,77.3,1,77.2,15,77.6,50,2,2022-09-19 09:03:39
1663578221022279000,77.3,1,77.3,1,77.5,1,1,2022-09-19 09:03:41
1663578222440409000,77.5,1,77.3,1,77.6,50,1,2022-09-19 09:03:42
1663578223260663000,77.6,1,77.3,2,77.6,49,1,2022-09-19 09:03:43
1663578225991973000,77.6,1,77.5,2,77.6,48,1,2022-09-19 09:03:45
1663578226052354000,77.5,1,77.5,1,77.6,48,2,2022-09-19 09:03:46
1663578227607015000,77.6,1,77.5,1,77.6,47,1,2022-09-19 09:03:47
1663578227660622000,77.6,1,77.5,1,77.6,46,1,2022-09-19 09:03:47
1663578228321948000,77.5,1,77.5,1,77.6,46,2,2022-09-19 09:03:48
1663578228352029000,77.5,1,77.3,6,77.6,46,2,2022-09-19 09:03:48
1663578230720281000,77.5,1,77.4,1,77.6,51,1,2022-09-19 09:03:50
1663578230906482000,77.4,1,77.3,19,77.6,51,2,2022-09-19 09:03:50
1663578238462241000,77.5,2,77.4,1,77.5,2,1,2022-09-19 09:03:58
1663578238499970000,77.4,1,77.3,24,77.5,1,2,2022-09-19 09:03:58
1663578239560843000,77.5,1,77.3,25,77.6,51,1,2022-09-19 09:03:59
1663578239660395000,77.3,1,77.3,24,77.6,51,2,2022-09-19 09:03:59
1663578239884344000,77.3,1,77.3,23,77.6,51,2,2022-09-19 09:03:59
1663578240521314000,77.5,1,77.5,1,77.6,51,2,2022-09-19 09:04:00
1663578242209693000,77.5,1,77.4,2,77.6,50,1,2022-09-19 09:04:02
1663578242209693000,77.6,1,77.4,2,77.6,50,1,2022-09-19 09:04:02
1663578242451181000,77.6,1,77.4,2,77.6,49,1,2022-09-19 09:04:02
1663578242889368000,77.4,2,77.3,22,77.6,49,2,2022-09-19 09:04:02
1663578242889368000,77.3,2,77.3,22,77.6,49,2,2022-09-19 09:04:02
1663578243089437000,77.4,1,77.3,22,77.6,49,2,2022-09-19 09:04:03
1663578247937394000,77.4,1,77.3,22,77.5,7,2,2022-09-19 09:04:07
1663578248161069000,77.3,9,77.3,13,77.5,8,2,2022-09-19 09:04:08
1663578248185510000,77.3,13,77.2,14,77.5,8,2,2022-09-19 09:04:08
1663578249743878000,77.4,2,77.3,10,77.5,8,2,2022-09-19 09:04:09
1663578251093978000,77.3,11,77.2,14,77.5,8,2,2022-09-19 09:04:11
1663578253748813000,77.2,5,77.2,8,77.4,1,2,2022-09-19 09:04:13
1663578253778788000,77.2,1,77.2,7,77.4,1,2,2022-09-19 09:04:13
1663578254995025000,77.2,1,77.2,6,77.4,1,2,2022-09-19 09:04:14
1663578255617394000,77.4,1,77.2,7,77.5,9,1,2022-09-19 09:04:15
1663578263398730000,77.3,2,77.3,2,77.5,8,2,2022-09-19 09:04:23
1663578266539478000,77.3,3,77.3,2,77.5,8,2,2022-09-19 09:04:26
1663578269232088000,77.3,3,77.2,8,77.5,8,2,2022-09-19 09:04:29
1663578269232088000,77.2,4,77.2,8,77.5,8,2,2022-09-19 09:04:29
1663578271288859000,77.3,1,77.2,8,77.3,1,2,2022-09-19 09:04:31
1663578273535976000,77.3,1,77.2,10,77.4,1,1,2022-09-19 09:04:33
1663578273633953000,77.4,1,77.2,10,77.5,19,1,2022-09-19 09:04:33
1663578277342158000,77.2,10,77.1,24,77.5,19,2,2022-09-19 09:04:37
1663578278363379000,77.5,1,77.1,24,77.5,18,1,2022-09-19 09:04:38
1663578282369417000,77.2,15,77.2,35,77.4,2,2,2022-09-19 09:04:42
1663578285712780000,77.2,9,77.2,29,77.4,2,2,2022-09-19 09:04:45
1663578286401207000,77.3,1,77.3,1,77.4,2,2,2022-09-19 09:04:46
1663578290822084000,77.3,1,77.3,1,77.4,4,2,2022-09-19 09:04:50
1663578293952718000,77.3,2,77.3,2,77.4,4,2,2022-09-19 09:04:53
1663578296074166000,77.4,1,77.3,3,77.4,3,1,2022-09-19 09:04:56
1663578298392662000,77.4,1,77.3,4,77.4,2,1,2022-09-19 09:04:58
1663578300696550000,77.4,2,77.3,4,77.5,20,1,2022-09-19 09:05:00
1663578301628396000,77.4,2,77.3,4,77.5,20,2,2022-09-19 09:05:01
1663578304656788000,77.5,1,77.3,4,77.5,19,1,2022-09-19 09:05:04
1663578307432972000,77.3,2,77.3,2,77.5,19,2,2022-09-19 09:05:07
1663578307468389000,77.3,2,77.2,33,77.5,19,2,2022-09-19 09:05:07
1663578313215554000,77.3,1,77.3,14,77.4,1,2,2022-09-19 09:05:13
1663578315695087000,77.3,1,77.3,13,77.4,1,2,2022-09-19 09:05:15
1663578315911810000,77.3,9,77.3,4,77.4,2,2,2022-09-19 09:05:15
1663578315937220000,77.3,4,77.2,37,77.4,2,2,2022-09-19 09:05:15
1663578319225596000,77.3,1,77.2,37,77.4,4,2,2022-09-19 09:05:19
1663578319451763000,77.2,9,77.2,28,77.4,4,2,2022-09-19 09:05:19
1663578320910096000,77.3,4,77.2,28,77.4,2,2,2022-09-19 09:05:20
1663578321080963000,77.4,1,77.2,28,77.4,2,1,2022-09-19 09:05:21
1663578325296662000,77.4,1,77.3,1,77.5,19,1,2022-09-19 09:05:25
1663578327228523000,77.3,3,77.3,3,77.4,30,2,2022-09-19 09:05:27
1663578327987927000,77.3,3,77.2,28,77.4,30,2,2022-09-19 09:05:27
1663578328027486000,77.2,28,77.1,27,77.4,30,2,2022-09-19 09:05:28
1663578328240336000,77.4,2,77.1,26,77.4,28,1,2022-09-19 09:05:28
1663578329494398000,77.1,9,77.1,17,77.3,1,2,2022-09-19 09:05:29
1663578329519970000,77.1,17,77.0,35,77.3,1,2,2022-09-19 09:05:29
1663578329724563000,77.0,3,77.0,32,77.3,3,2,2022-09-19 09:05:29
1663578329956539000,77.0,9,77.0,23,77.3,3,2,2022-09-19 09:05:29
1663578330333587000,77.0,9,77.0,23,77.2,2,2,2022-09-19 09:05:30
1663578332059638000,77.0,1,77.0,12,77.2,2,2,2022-09-19 09:05:32
1663578332482076000,77.0,1,77.0,11,77.2,2,2,2022-09-19 09:05:32
1663578332511867000,77.0,3,77.0,8,77.2,2,2,2022-09-19 09:05:32
1663578332685479000,77.0,1,77.0,7,77.2,2,2,2022-09-19 09:05:32
1663578333116488000,77.0,1,77.0,6,77.2,2,2,2022-09-19 09:05:33
1663578333123056000,77.0,1,77.0,5,77.2,2,2,2022-09-19 09:05:33
1663578333265057000,77.0,3,77.0,2,77.2,3,2,2022-09-19 09:05:33
1663578333425745000,77.0,1,77.0,1,77.2,3,2,2022-09-19 09:05:33
1663578334574387000,77.0,1,76.9,7,77.2,4,2,2022-09-19 09:05:34
1663578334574387000,76.9,1,76.9,7,77.2,4,2,2022-09-19 09:05:34
1663578334634992000,76.9,2,76.9,5,77.2,4,2,2022-09-19 09:05:34
1663578334692041000,77.2,1,76.9,5,77.2,3,1,2022-09-19 09:05:34
1663578336895996000,77.1,1,77.0,3,77.1,1,1,2022-09-19 09:05:36
1663578337017920000,77.0,1,77.0,2,77.1,1,2,2022-09-19 09:05:37
1663578337141766000,77.0,1,77.0,1,77.1,1,2,2022-09-19 09:05:37
1663578340011884000,77.0,1,77.0,1,77.1,2,2,2022-09-19 09:05:40
1663578340235135000,77.1,2,77.0,1,77.2,1,1,2022-09-19 09:05:40
1663578340235135000,77.2,1,77.0,1,77.2,1,1,2022-09-19 09:05:40
1663578341836607000,77.0,1,77.0,2,77.2,2,2,2022-09-19 09:05:41
1663578342591801000,77.0,2,76.9,3,77.2,2,2,2022-09-19 09:05:42
1663578342591801000,76.9,3,76.9,3,77.2,2,2,2022-09-19 09:05:42
1663578343139176000,76.9,3,76.8,6,77.2,2,2,2022-09-19 09:05:43
1663578346304245000,76.8,1,76.8,5,77.2,5,2,2022-09-19 09:05:46
1663578346920789000,77.2,1,76.8,5,77.2,4,1,2022-09-19 09:05:46
1663578350709771000,77.0,1,76.8,5,77.2,9,1,2022-09-19 09:05:50
1663578353179315000,77.1,1,76.8,5,77.1,3,1,2022-09-19 09:05:53
1663578355309054000,76.8,1,76.8,4,77.1,3,2,2022-09-19 09:05:55
1663578357111871000,77.0,1,76.8,1,77.1,3,2,2022-09-19 09:05:57
1663578357111871000,76.8,4,76.8,1,77.1,3,2,2022-09-19 09:05:57
1663578358146678000,76.8,1,76.7,2,77.1,3,2,2022-09-19 09:05:58
1663578358447077000,77.1,1,76.7,2,77.1,4,1,2022-09-19 09:05:58
1663578360330883000,76.8,1,76.7,2,77.1,4,2,2022-09-19 09:06:00
1663578366120847000,76.8,8,76.8,1,77.1,5,2,2022-09-19 09:06:06
1663578366187941000,76.8,1,76.7,4,77.1,5,2,2022-09-19 09:06:06
1663578366782072000,76.8,1,76.7,4,77.0,1,2,2022-09-19 09:06:06
1663578368853320000,76.7,1,76.7,3,76.8,1,2,2022-09-19 09:06:08
1663578372449566000,76.7,1,76.6,13,76.8,1,2,2022-09-19 09:06:12
1663578373162179000,76.6,13,76.5,10,76.7,1,2,2022-09-19 09:06:13
1663578373350786000,76.7,1,76.5,10,76.8,1,1,2022-09-19 09:06:13
1663578376057592000,76.7,1,76.7,1,77.0,3,2,2022-09-19 09:06:16
1663578377192193000,76.7,1,76.5,10,77.0,3,2,2022-09-19 09:06:17
1663578377315094000,76.5,1,76.5,9,77.0,3,2,2022-09-19 09:06:17
1663578378274508000,76.7,1,76.7,1,77.0,3,2,2022-09-19 09:06:18
1663578378547193000,76.7,1,76.7,1,76.8,1,2,2022-09-19 09:06:18
1663578378988473000,76.5,2,76.5,9,76.7,1,2,2022-09-19 09:06:18
1663578380393320000,76.5,1,76.5,6,76.7,1,2,2022-09-19 09:06:20
1663578386035001000,76.6,1,76.5,10,76.7,6,1,2022-09-19 09:06:26
1663578387891984000,76.6,1,76.5,7,76.7,5,2,2022-09-19 09:06:27
1663578387891984000,76.5,3,76.5,7,76.7,5,2,2022-09-19 09:06:27
1663578389726605000,76.5,5,76.5,2,76.6,2,2,2022-09-19 09:06:29
1663578389752713000,76.5,2,76.3,6,76.6,2,2,2022-09-19 09:06:29
1663578389752713000,76.4,1,76.3,6,76.6,2,2,2022-09-19 09:06:29
1663578389752713000,76.3,7,76.3,6,76.6,2,2,2022-09-19 09:06:29
1663578391427152000,76.3,1,76.3,5,76.5,1,2,2022-09-19 09:06:31
1663578391471002000,76.5,1,76.5,2,76.6,2,1,2022-09-19 09:06:31
1663578391572312000,76.5,1,76.5,1,76.6,2,2,2022-09-19 09:06:31
1663578391683118000,76.5,1,76.3,4,76.6,2,2,2022-09-19 09:06:31
1663578391683118000,76.3,1,76.3,4,76.6,2,2,2022-09-19 09:06:31
1663578392292664000,76.5,1,76.3,4,76.6,5,2,2022-09-19 09:06:32
1663578392388628000,76.3,4,76.2,2,76.3,1,2,2022-09-19 09:06:32
1663578396436326000,76.2,1,76.0,29,76.3,11,2,2022-09-19 09:06:36
1663578396436326000,76.1,1,76.0,29,76.3,11,2,2022-09-19 09:06:36
1663578396436326000,76.0,8,76.0,29,76.3,11,2,2022-09-19 09:06:36
1663578398658260000,76.3,3,76.0,29,76.3,8,1,2022-09-19 09:06:38
1663578399120613000,76.3,1,76.0,29,76.3,7,1,2022-09-19 09:06:39
1663578399145230000,76.0,1,76.0,28,76.3,7,2,2022-09-19 09:06:39
1663578399444638000,76.0,7,76.0,22,76.3,7,2,2022-09-19 09:06:39
1663578400463745000,76.3,1,76.0,22,76.3,6,1,2022-09-19 09:06:40
1663578401554434000,76.0,1,76.0,21,76.3,7,2,2022-09-19 09:06:41
1663578401559839000,76.0,5,76.0,16,76.3,7,2,2022-09-19 09:06:41
1663578403756564000,76.0,1,76.0,10,76.3,9,2,2022-09-19 09:06:43
1663578404063929000,76.3,2,76.0,10,76.3,8,1,2022-09-19 09:06:44
1663578404318668000,76.0,1,76.0,10,76.3,8,2,2022-09-19 09:06:44
1663578404772637000,76.0,6,76.0,4,76.3,8,2,2022-09-19 09:06:44
1663578406636623000,76.0,2,76.0,3,76.2,3,2,2022-09-19 09:06:46
1663578406871389000,76.0,2,76.0,1,76.2,3,2,2022-09-19 09:06:46
1663578407548464000,76.0,1,75.7,1,76.2,3,2,2022-09-19 09:06:47
1663578407548464000,75.8,1,75.7,1,76.2,3,2,2022-09-19 09:06:47
1663578407548464000,75.7,2,75.7,1,76.2,3,2,2022-09-19 09:06:47
1663578408246008000,76.0,1,75.7,4,76.3,8,1,2022-09-19 09:06:48
1663578408628247000,76.0,2,76.0,2,76.3,8,2,2022-09-19 09:06:48
1663578408958136000,76.3,1,75.8,3,76.3,7,1,2022-09-19 09:06:48
1663578409056666000,76.0,1,75.8,3,76.3,7,1,2022-09-19 09:06:49
1663578409211707000,75.8,1,75.8,3,76.0,1,2,2022-09-19 09:06:49
1663578409346060000,76.0,1,75.8,2,76.3,7,1,2022-09-19 09:06:49
1663578413744816000,75.9,1,75.7,2,76.0,3,2,2022-09-19 09:06:53
1663578414608181000,76.0,3,75.7,4,76.0,3,1,2022-09-19 09:06:54
1663578416555485000,76.0,1,75.8,5,76.0,2,1,2022-09-19 09:06:56
1663578416785467000,76.0,1,75.8,5,76.1,4,1,2022-09-19 09:06:56
1663578418139385000,76.0,1,75.9,1,76.1,3,1,2022-09-19 09:06:58
1663578418177970000,76.1,3,75.9,3,76.2,1,1,2022-09-19 09:06:58
1663578418255631000,75.9,1,75.9,2,76.0,1,2,2022-09-19 09:06:58
1663578419014552000,76.0,2,75.9,2,76.2,1,1,2022-09-19 09:06:59
1663578420726828000,76.2,1,75.9,4,76.3,5,1,2022-09-19 09:07:00
1663578423148540000,76.3,2,76.0,6,76.3,3,1,2022-09-19 09:07:03
1663578423159898000,76.3,2,76.0,6,76.3,1,1,2022-09-19 09:07:03
1663578423184267000,76.3,1,76.0,6,76.5,3,1,2022-09-19 09:07:03
1663578424390149000,76.3,1,76.1,2,76.4,2,2,2022-09-19 09:07:04
1663578424521025000,76.1,1,76.1,1,76.4,2,2,2022-09-19 09:07:04
1663578425530672000,76.4,2,76.1,5,76.5,3,1,2022-09-19 09:07:05
1663578426179597000,76.5,1,76.1,5,76.5,3,1,2022-09-19 09:07:06
1663578427507936000,76.5,1,76.1,7,76.5,1,1,2022-09-19 09:07:07
1663578428958392000,76.5,1,76.1,9,76.6,3,1,2022-09-19 09:07:08
1663578429315942000,76.1,1,76.1,8,76.5,1,2,2022-09-19 09:07:09
1663578429978924000,76.1,1,76.1,7,76.5,1,2,2022-09-19 09:07:09
1663578430649246000,76.3,1,76.3,1,76.4,1,2,2022-09-19 09:07:10
1663578432222057000,76.3,1,76.1,7,76.4,1,2,2022-09-19 09:07:12
1663578433138882000,76.4,1,76.2,5,76.4,1,1,2022-09-19 09:07:13
1663578433922718000,76.4,1,76.2,6,76.5,1,1,2022-09-19 09:07:13
1663578434581829000,76.3,1,76.2,6,76.5,1,1,2022-09-19 09:07:14
1663578434891535000,76.5,1,76.2,9,76.6,4,1,2022-09-19 09:07:14
1663578435528249000,76.6,1,76.2,7,76.6,2,1,2022-09-19 09:07:15
1663578436854789000,76.3,1,76.2,8,76.6,2,2,2022-09-19 09:07:16
1663578446796857000,76.4,1,76.3,7,76.6,3,2,2022-09-19 09:07:26
1663578447039493000,76.4,1,76.3,8,76.6,3,2,2022-09-19 09:07:27
1663578452272358000,76.5,1,76.4,1,76.6,3,2,2022-09-19 09:07:32
1663578458140610000,76.5,1,76.5,1,76.6,2,2,2022-09-19 09:07:38
1663578462848162000,76.4,1,76.4,2,76.6,2,2,2022-09-19 09:07:42
1663578464240125000,76.4,1,76.4,1,76.5,1,2,2022-09-19 09:07:44
1663578464276402000,76.5,1,76.3,11,76.6,2,1,2022-09-19 09:07:44
1663578466498671000,76.6,2,76.4,2,76.7,3,1,2022-09-19 09:07:46
1663578471978075000,76.7,1,76.5,1,76.7,2,1,2022-09-19 09:07:51
1663578477713165000,76.7,1,76.6,2,76.7,1,1,2022-09-19 09:07:57
1663578477748265000,76.7,1,76.6,2,76.8,7,1,2022-09-19 09:07:57
1663578499180465000,76.8,1,76.7,18,76.8,6,1,2022-09-19 09:08:19
1663578499202317000,76.8,1,76.7,19,76.8,7,1,2022-09-19 09:08:19
1663578501577318000,76.8,1,76.7,23,76.8,4,1,2022-09-19 09:08:21
1663578501603914000,76.8,2,76.7,23,76.8,2,1,2022-09-19 09:08:21
1663578501802547000,76.8,1,76.7,24,76.8,2,1,2022-09-19 09:08:21
1663578501872266000,76.8,1,76.7,24,76.9,10,1,2022-09-19 09:08:21
1663578501890198000,76.9,9,76.7,24,76.9,1,1,2022-09-19 09:08:21
1663578501915320000,76.9,1,76.7,24,77.0,7,1,2022-09-19 09:08:21
1663578502892835000,77.0,1,76.7,24,77.0,9,1,2022-09-19 09:08:22
1663578504942849000,76.8,1,76.7,24,77.0,8,2,2022-09-19 09:08:24
1663578506455446000,77.0,8,76.8,1,77.1,4,1,2022-09-19 09:08:26
1663578506455446000,77.1,2,76.8,1,77.1,4,1,2022-09-19 09:08:26
1663578507338676000,77.0,1,76.8,2,77.1,6,2,2022-09-19 09:08:27
1663578510458443000,77.0,1,76.8,4,77.1,6,2,2022-09-19 09:08:30
1663578511381284000,77.1,1,76.8,4,77.1,6,1,2022-09-19 09:08:31
1663578513789350000,77.0,1,76.9,1,77.1,6,2,2022-09-19 09:08:33
1663578514571910000,77.1,2,77.0,1,77.1,3,1,2022-09-19 09:08:34
1663578514598622000,77.0,1,76.9,1,77.1,3,2,2022-09-19 09:08:34
1663578516211108000,77.1,1,76.9,4,77.1,2,1,2022-09-19 09:08:36
1663578517105653000,77.0,1,76.9,4,77.2,23,2,2022-09-19 09:08:37
1663578519609886000,77.0,1,77.0,2,77.1,2,2,2022-09-19 09:08:39
1663578519635285000,77.0,2,76.9,5,77.1,2,2,2022-09-19 09:08:39
1663578519666213000,76.9,5,76.8,6,77.1,2,2,2022-09-19 09:08:39
1663578521043555000,77.0,1,76.8,6,77.0,2,1,2022-09-19 09:08:41
1663578521246323000,76.8,6,76.7,22,77.0,2,2,2022-09-19 09:08:41
1663578521324748000,77.0,1,76.7,22,77.1,3,2,2022-09-19 09:08:41
1663578521475182000,77.1,1,76.7,22,77.1,2,1,2022-09-19 09:08:41
1663578524205810000,77.0,3,77.0,3,77.1,2,2,2022-09-19 09:08:44
1663578524370375000,77.1,1,76.8,2,77.1,1,1,2022-09-19 09:08:44
1663578526638111000,77.0,1,77.0,1,77.1,2,2,2022-09-19 09:08:46
1663578527053360000,77.1,1,77.0,1,77.1,1,1,2022-09-19 09:08:47
1663578527183878000,77.1,1,77.0,1,77.2,18,1,2022-09-19 09:08:47
1663578529179943000,77.0,1,76.8,3,77.1,3,2,2022-09-19 09:08:49
1663578532007417000,77.0,1,76.8,3,77.0,42,2,2022-09-19 09:08:52
1663578532049580000,76.8,3,76.7,22,77.0,42,2,2022-09-19 09:08:52
1663578532080777000,76.7,22,76.6,2,77.0,42,2,2022-09-19 09:08:52
1663578532092923000,77.0,5,76.6,2,77.0,37,1,2022-09-19 09:08:52
1663578532180772000,77.0,2,76.6,3,77.0,37,1,2022-09-19 09:08:52
1663578532345360000,77.0,1,76.6,3,77.0,34,1,2022-09-19 09:08:52
1663578532762675000,76.9,1,76.7,1,77.0,34,2,2022-09-19 09:08:52
1663578534414799000,76.9,1,76.7,1,76.9,1,1,2022-09-19 09:08:54
1663578535340888000,76.9,1,76.7,1,77.0,26,1,2022-09-19 09:08:55
1663578535340888000,77.0,9,76.7,1,77.0,26,1,2022-09-19 09:08:55
1663578535576312000,77.0,1,76.7,1,77.0,25,1,2022-09-19 09:08:55
1663578538739438000,77.0,1,76.8,6,77.0,24,1,2022-09-19 09:08:58
1663578540223694000,77.0,1,76.8,6,77.0,23,1,2022-09-19 09:09:00
1663578540641095000,77.0,1,76.8,6,77.0,22,1,2022-09-19 09:09:00
1663578542024822000,76.9,1,76.8,6,77.0,22,2,2022-09-19 09:09:02
1663578546072852000,77.0,1,76.8,6,77.0,22,1,2022-09-19 09:09:06
1663578550713885000,76.9,1,76.9,1,77.0,22,2,2022-09-19 09:09:10
1663578553590554000,76.9,1,76.8,6,77.0,22,2,2022-09-19 09:09:13
1663578557619416000,76.9,1,76.8,6,77.0,22,1,2022-09-19 09:09:17
1663578562720691000,77.0,1,76.9,1,77.0,21,1,2022-09-19 09:09:22
1663578563938656000,76.9,1,76.8,6,77.0,21,2,2022-09-19 09:09:23
1663578571212537000,77.0,3,76.9,2,77.0,25,1,2022-09-19 09:09:31
1663578571243969000,76.9,2,76.8,7,77.0,25,2,2022-09-19 09:09:31
1663578579350991000,76.9,1,76.8,7,77.0,23,2,2022-09-19 09:09:39
1663578580498936000,76.8,7,76.7,1,77.0,24,2,2022-09-19 09:09:40
1663578599762246000,76.8,1,76.7,1,76.8,3,1,2022-09-19 09:09:59
1663578612108520000,76.8,6,76.7,1,76.8,3,1,2022-09-19 09:10:12
1663578615454941000,76.8,1,76.7,1,76.8,2,1,2022-09-19 09:10:15
1663578622617661000,76.7,1,76.7,1,76.8,2,2,2022-09-19 09:10:22
1663578635557976000,76.8,1,76.7,1,76.8,1,1,2022-09-19 09:10:35
1663578640338786000,76.7,2,76.6,6,76.8,1,2,2022-09-19 09:10:40
1663578641744286000,76.6,5,76.5,8,76.6,2,2,2022-09-19 09:10:41
1663578646629843000,76.5,8,76.4,19,76.5,22,2,2022-09-19 09:10:46
1663578648174594000,76.4,1,76.4,18,76.5,22,2,2022-09-19 09:10:48
1663578648217271000,76.4,17,76.4,1,76.5,22,2,2022-09-19 09:10:48
1663578648446914000,76.4,1,76.3,10,76.5,22,2,2022-09-19 09:10:48
1663578648446914000,76.3,5,76.3,10,76.5,22,2,2022-09-19 09:10:48
1663578650800838000,76.3,1,76.3,9,76.4,52,2,2022-09-19 09:10:50
1663578650839087000,76.3,6,76.3,3,76.4,52,2,2022-09-19 09:10:50
1663578651808969000,76.3,2,76.3,1,76.4,50,2,2022-09-19 09:10:51
1663578652606434000,76.3,1,76.1,1,76.2,6,2,2022-09-19 09:10:52
1663578652606434000,76.2,3,76.1,1,76.2,6,2,2022-09-19 09:10:52
1663578652621802000,76.1,1,76.0,44,76.2,6,2,2022-09-19 09:10:52
1663578654462309000,76.2,2,76.0,44,76.2,4,1,2022-09-19 09:10:54
1663578657343597000,76.0,4,76.0,40,76.2,4,2,2022-09-19 09:10:57
1663578659346379000,76.0,2,76.0,38,76.2,4,2,2022-09-19 09:10:59
1663578666495470000,76.0,2,76.0,38,76.3,7,2,2022-09-19 09:11:06
1663578671440591000,76.0,32,75.9,1,76.0,18,2,2022-09-19 09:11:11
1663578678193580000,76.0,1,75.9,1,76.0,17,1,2022-09-19 09:11:18
1663578678696650000,76.0,1,75.9,1,76.0,16,1,2022-09-19 09:11:18
1663578680319075000,76.0,3,75.9,1,76.0,13,1,2022-09-19 09:11:20
1663578680342611000,76.0,13,75.9,1,76.1,1,1,2022-09-19 09:11:20
1663578681043839000,75.9,1,75.9,1,76.1,1,2,2022-09-19 09:11:21
1663578681680898000,75.9,1,75.8,9,76.1,1,2,2022-09-19 09:11:21
1663578687096284000,76.0,1,75.9,5,76.1,1,1,2022-09-19 09:11:27
1663578690979728000,75.9,1,75.9,7,76.1,1,2,2022-09-19 09:11:30
1663578694789760000,76.0,1,76.0,2,76.1,1,2,2022-09-19 09:11:34
1663578700381538000,76.0,3,76.0,2,76.1,2,2,2022-09-19 09:11:40
1663578700819831000,76.1,1,76.0,2,76.1,1,1,2022-09-19 09:11:40
1663578701960410000,76.0,1,76.0,1,76.1,1,2,2022-09-19 09:11:41
1663578705220871000,76.0,1,76.0,1,76.1,1,2,2022-09-19 09:11:45
1663578705236051000,76.0,1,75.9,11,76.1,1,2,2022-09-19 09:11:45
1663578707554625000,76.0,2,75.9,10,76.0,14,2,2022-09-19 09:11:47
1663578708361168000,75.9,5,75.9,4,76.0,14,2,2022-09-19 09:11:48
1663578714025353000,76.0,1,75.9,6,76.0,13,1,2022-09-19 09:11:54
1663578720741720000,76.0,1,75.9,7,76.0,15,1,2022-09-19 09:12:00
1663578720952597000,75.9,1,75.9,6,76.0,15,2,2022-09-19 09:12:00
1663578732061581000,75.9,1,75.9,6,76.0,18,2,2022-09-19 09:12:12
1663578736761678000,76.0,1,75.9,6,76.0,17,1,2022-09-19 09:12:16
1663578737461434000,75.9,1,75.9,7,76.0,17,2,2022-09-19 09:12:17
1663578747923313000,75.9,5,75.9,3,76.0,19,2,2022-09-19 09:12:27
1663578751229735000,76.0,6,75.9,14,76.0,13,1,2022-09-19 09:12:31
1663578751264665000,76.0,13,75.9,14,76.3,1,1,2022-09-19 09:12:31
1663578769314224000,76.4,1,76.2,1,76.5,23,1,2022-09-19 09:12:49
1663578773286129000,76.3,1,76.2,2,76.5,22,2,2022-09-19 09:12:53
1663578780089260000,76.3,1,76.3,1,76.5,22,2,2022-09-19 09:13:00
1663578785612449000,76.4,1,76.3,2,76.5,22,2,2022-09-19 09:13:05
1663578785990249000,76.3,1,76.3,1,76.5,22,2,2022-09-19 09:13:05
1663578797626702000,76.3,1,76.3,1,76.5,23,2,2022-09-19 09:13:17
1663578805071725000,76.3,1,76.3,3,76.4,1,2,2022-09-19 09:13:25
1663578817334843000,76.4,1,76.3,8,76.4,1,1,2022-09-19 09:13:37
1663578817354326000,76.4,1,76.3,8,76.5,23,1,2022-09-19 09:13:37
1663578821127848000,76.5,1,76.3,19,76.5,22,1,2022-09-19 09:13:41
1663578822888677000,76.3,5,76.3,14,76.5,22,2,2022-09-19 09:13:42
1663578828619183000,76.5,2,76.3,16,76.5,20,1,2022-09-19 09:13:48
1663578831968028000,76.5,1,76.3,17,76.5,19,1,2022-09-19 09:13:51
1663578831993776000,76.5,1,76.3,17,76.5,18,1,2022-09-19 09:13:51
1663578837178581000,76.5,1,76.3,17,76.5,17,1,2022-09-19 09:13:57
1663578838154564000,76.5,17,76.5,3,76.8,8,1,2022-09-19 09:13:58
1663578838977288000,76.8,1,76.5,4,76.8,7,1,2022-09-19 09:13:58
1663578844895852000,76.8,6,76.5,6,76.9,11,1,2022-09-19 09:14:04
1663578846260604000,76.8,1,76.5,6,76.9,11,2,2022-09-19 09:14:06
1663578850575954000,76.8,1,76.8,1,76.9,11,2,2022-09-19 09:14:10
1663578851253257000,76.8,1,76.6,3,76.9,11,2,2022-09-19 09:14:11
1663578856651939000,76.6,1,76.6,4,76.8,1,2,2022-09-19 09:14:16
1663578857129841000,76.7,1,76.7,1,76.8,1,2,2022-09-19 09:14:17
1663578857153723000,76.7,1,76.6,4,76.8,1,2,2022-09-19 09:14:17
1663578864764109000,76.8,1,76.6,3,76.8,1,1,2022-09-19 09:14:24
1663578867599874000,76.8,1,76.6,3,76.9,11,1,2022-09-19 09:14:27
1663578869725769000,76.7,1,76.6,3,76.9,11,2,2022-09-19 09:14:29
1663578871484770000,76.8,1,76.6,3,76.9,11,1,2022-09-19 09:14:31
1663578872111600000,76.9,1,76.6,3,76.9,10,1,2022-09-19 09:14:32
1663578872511357000,76.6,1,76.6,2,76.9,10,2,2022-09-19 09:14:32
1663578873562815000,76.8,3,76.6,2,76.9,10,2,2022-09-19 09:14:33
1663578883847994000,76.8,1,76.7,1,76.9,10,2,2022-09-19 09:14:43
1663578885254910000,76.8,1,76.8,1,76.9,10,2,2022-09-19 09:14:45
1663578888995167000,76.9,1,76.8,1,76.9,9,1,2022-09-19 09:14:48
1663578891302723000,76.8,1,76.7,1,76.8,1,2,2022-09-19 09:14:51
1663578892378990000,76.7,1,76.6,4,76.8,1,2,2022-09-19 09:14:52
1663578893136958000,76.6,1,76.6,4,76.8,1,2,2022-09-19 09:14:53
1663578907079947000,76.7,1,76.6,7,76.8,4,2,2022-09-19 09:15:07
1663578911444502000,76.7,1,76.6,8,76.7,1,1,2022-09-19 09:15:11
1663578914229424000,76.7,1,76.6,10,76.8,4,1,2022-09-19 09:15:14
1663578914378632000,76.6,1,76.6,9,76.8,4,2,2022-09-19 09:15:14
1663578918118613000,76.7,2,76.6,3,76.8,4,2,2022-09-19 09:15:18
1663578918118613000,76.6,6,76.6,3,76.8,4,2,2022-09-19 09:15:18
1663578920843983000,76.7,1,76.6,7,76.8,4,2,2022-09-19 09:15:20
1663578925545227000,76.7,1,76.6,10,76.8,1,1,2022-09-19 09:15:25
1663578932595745000,76.6,11,76.5,13,76.6,1,2,2022-09-19 09:15:32
1663578936121168000,76.6,1,76.5,13,76.8,1,1,2022-09-19 09:15:36
1663578940434089000,76.5,10,76.5,3,76.8,1,2,2022-09-19 09:15:40
1663578940468434000,76.5,1,76.5,2,76.8,2,2,2022-09-19 09:15:40
1663578941549310000,76.5,1,76.5,2,76.8,2,2,2022-09-19 09:15:41
1663578946146334000,76.5,1,76.5,1,76.8,2,2,2022-09-19 09:15:46
1663578955618141000,76.5,3,76.4,2,76.7,1,2,2022-09-19 09:15:55
1663578965256090000,76.5,1,76.4,3,76.7,2,2,2022-09-19 09:16:05
1663578965256090000,76.4,2,76.4,3,76.7,2,2,2022-09-19 09:16:05
1663578976409013000,76.4,3,76.3,15,76.7,2,2,2022-09-19 09:16:16
1663578985483414000,76.3,15,76.2,3,76.3,3,2,2022-09-19 09:16:25
1663578985522979000,76.2,2,76.1,3,76.3,3,2,2022-09-19 09:16:25
1663579007268199000,76.1,3,76.0,18,76.2,2,2,2022-09-19 09:16:47
1663579017111667000,76.0,16,76.0,1,76.1,1,2,2022-09-19 09:16:57
1663579017164448000,76.0,1,75.9,13,76.1,1,2,2022-09-19 09:16:57
1663579017164448000,75.9,1,75.9,13,76.1,1,2,2022-09-19 09:16:57
1663579019891061000,76.0,1,75.9,13,76.0,2,1,2022-09-19 09:16:59
1663579026702074000,76.0,1,75.9,15,76.0,1,1,2022-09-19 09:17:06
1663579026718450000,76.0,1,75.9,15,76.1,3,1,2022-09-19 09:17:06
1663579027312737000,75.9,15,75.9,1,76.1,3,2,2022-09-19 09:17:07
1663579027761082000,76.0,1,76.0,1,76.1,2,2,2022-09-19 09:17:07
1663579028647609000,76.0,1,75.9,1,76.0,10,1,2022-09-19 09:17:08
1663579035913637000,75.9,2,75.7,8,75.8,14,2,2022-09-19 09:17:15
1663579035913637000,75.8,19,75.7,8,75.8,14,2,2022-09-19 09:17:15
1663579037272302000,75.8,1,75.7,8,75.8,13,1,2022-09-19 09:17:17
1663579039333125000,75.8,1,75.7,8,75.8,12,1,2022-09-19 09:17:19
1663579042810751000,75.7,1,75.7,7,75.8,14,2,2022-09-19 09:17:22
1663579044291612000,75.8,1,75.7,6,75.8,13,1,2022-09-19 09:17:24
1663579045811947000,75.7,3,75.7,3,75.8,13,2,2022-09-19 09:17:25
1663579046466335000,75.7,1,75.7,2,75.8,13,2,2022-09-19 09:17:26
1663579047039922000,75.8,1,75.7,2,75.8,12,1,2022-09-19 09:17:27
1663579048935370000,75.7,2,75.6,7,75.8,12,2,2022-09-19 09:17:28
1663579048935370000,75.6,1,75.6,7,75.8,12,2,2022-09-19 09:17:28
1663579049258842000,75.6,1,75.6,6,75.8,12,2,2022-09-19 09:17:29
1663579049261625000,75.6,2,75.6,4,75.8,12,2,2022-09-19 09:17:29
1663579051740992000,75.6,1,75.6,3,75.8,12,2,2022-09-19 09:17:31
1663579053706946000,75.8,10,75.6,9,76.0,11,1,2022-09-19 09:17:33
1663579058754168000,76.0,5,75.7,3,76.0,6,1,2022-09-19 09:17:38
1663579058817734000,76.0,6,75.7,4,76.2,1,1,2022-09-19 09:17:38
1663579062634780000,75.8,1,75.8,5,76.2,1,2,2022-09-19 09:17:42
1663579064849455000,75.8,2,75.8,6,76.2,2,2,2022-09-19 09:17:44
1663579103697376000,76.2,1,76.1,6,76.4,2,2,2022-09-19 09:18:23
1663579103738867000,76.1,1,76.1,5,76.4,2,2,2022-09-19 09:18:23
1663579113386105000,76.4,2,76.1,3,76.5,2,1,2022-09-19 09:18:33
1663579117227237000,76.5,1,76.1,5,76.5,1,1,2022-09-19 09:18:37
1663579117854864000,76.1,1,76.1,3,76.6,1,2,2022-09-19 09:18:37
1663579131737062000,76.2,2,76.2,1,76.6,4,2,2022-09-19 09:18:51
1663579131766134000,76.2,1,76.1,6,76.6,4,2,2022-09-19 09:18:51
1663579142853883000,76.6,1,76.3,3,76.6,3,1,2022-09-19 09:19:02
1663579163336362000,76.4,1,76.3,2,76.6,2,2,2022-09-19 09:19:23
1663579170727191000,76.6,2,76.3,2,76.7,5,1,2022-09-19 09:19:30
1663579186067652000,76.5,1,76.5,2,76.6,5,2,2022-09-19 09:19:46
1663579190611780000,76.5,1,76.5,1,76.6,5,2,2022-09-19 09:19:50
1663579193754239000,76.5,1,76.5,1,76.6,5,2,2022-09-19 09:19:53
1663579194423509000,76.5,1,76.4,11,76.6,5,2,2022-09-19 09:19:54
1663579195228111000,76.5,1,76.5,1,76.6,5,2,2022-09-19 09:19:55
1663579197541419000,76.5,1,76.5,1,76.6,5,2,2022-09-19 09:19:57
1663579200446920000,76.5,1,76.4,11,76.6,5,2,2022-09-19 09:20:00
1663579201382907000,76.4,12,76.3,2,76.6,5,2,2022-09-19 09:20:01
1663579220506238000,76.4,2,76.3,2,76.5,1,1,2022-09-19 09:20:20
1663579225019269000,76.4,1,76.3,12,76.5,7,2,2022-09-19 09:20:25
1663579225057340000,76.3,8,76.3,4,76.5,7,2,2022-09-19 09:20:25
1663579225093370000,76.3,4,76.2,10,76.5,7,2,2022-09-19 09:20:25
1663579225265037000,76.4,1,76.4,1,76.5,7,2,2022-09-19 09:20:25
1663579232789121000,76.3,1,76.2,9,76.3,4,1,2022-09-19 09:20:32
1663579233022285000,76.3,1,76.2,9,76.3,3,1,2022-09-19 09:20:33
1663579244378996000,76.3,5,76.2,9,76.5,2,1,2022-09-19 09:20:44
1663579254440931000,76.3,1,76.3,1,76.4,2,2,2022-09-19 09:20:54
1663579268137147000,76.3,1,76.2,9,76.3,1,1,2022-09-19 09:21:08
1663579272272669000,76.3,1,76.2,9,76.4,2,1,2022-09-19 09:21:12
1663579272398575000,76.2,2,76.2,7,76.4,2,2,2022-09-19 09:21:12
1663579272431371000,76.2,6,76.2,1,76.4,2,2,2022-09-19 09:21:12
1663579272462243000,76.2,1,76.1,3,76.4,2,2,2022-09-19 09:21:12
1663579277104840000,76.1,1,76.1,1,76.4,3,2,2022-09-19 09:21:17
1663579277138215000,76.1,1,76.0,19,76.4,3,2,2022-09-19 09:21:17
1663579284457705000,76.1,1,76.0,16,76.4,3,2,2022-09-19 09:21:24
1663579284457705000,76.0,2,76.0,16,76.4,3,2,2022-09-19 09:21:24
1663579296309184000,76.0,5,76.0,11,76.4,3,2,2022-09-19 09:21:36
1663579326989170000,76.1,2,76.1,3,76.4,3,2,2022-09-19 09:22:06
1663579337224902000,76.0,1,76.0,62,76.3,1,2,2022-09-19 09:22:17
1663579352437307000,76.1,1,76.1,4,76.3,1,2,2022-09-19 09:22:32
1663579355484146000,76.1,1,76.1,1,76.3,1,2,2022-09-19 09:22:35
1663579377955178000,76.1,2,76.1,3,76.3,1,2,2022-09-19 09:22:57
1663579380208841000,76.1,1,76.1,1,76.3,1,2,2022-09-19 09:23:00
1663579381379659000,76.1,1,76.0,70,76.3,1,2,2022-09-19 09:23:01
1663579398478373000,76.1,1,76.0,71,76.3,1,2,2022-09-19 09:23:18
1663579423087480000,76.1,1,76.1,1,76.3,1,2,2022-09-19 09:23:43
1663579439770044000,76.1,1,76.1,1,76.3,1,2,2022-09-19 09:23:59
1663579457959592000,76.2,1,76.1,4,76.3,1,2,2022-09-19 09:24:17
1663579478914951000,76.3,1,76.1,8,76.4,6,1,2022-09-19 09:24:38
1663579491898061000,76.3,1,76.3,1,76.4,5,2,2022-09-19 09:24:51
1663579492559707000,76.4,5,76.4,1,76.5,3,1,2022-09-19 09:24:52
1663579492593955000,76.4,1,76.2,1,76.5,3,2,2022-09-19 09:24:52
1663579501496152000,76.3,5,76.3,1,76.5,2,2,2022-09-19 09:25:01
1663579506567612000,76.5,2,76.4,2,76.5,1,1,2022-09-19 09:25:06
1663579509293050000,76.5,1,76.4,2,76.6,7,1,2022-09-19 09:25:09
1663579512917429000,76.6,4,76.5,1,76.6,2,1,2022-09-19 09:25:12
1663579534053369000,76.6,2,76.5,1,76.7,6,1,2022-09-19 09:25:34
1663579536337988000,76.6,1,76.5,1,76.7,6,2,2022-09-19 09:25:36
1663579551758497000,76.6,1,76.5,1,76.7,5,2,2022-09-19 09:25:51
1663579552892282000,76.6,1,76.5,1,76.7,5,2,2022-09-19 09:25:52
1663579554923795000,76.7,7,76.7,3,76.8,7,1,2022-09-19 09:25:54
1663579554957729000,76.7,3,76.5,1,76.8,7,2,2022-09-19 09:25:54
1663579606624230000,76.7,2,76.6,1,76.8,8,2,2022-09-19 09:26:46
1663579606624234000,76.6,1,76.5,1,76.8,8,2,2022-09-19 09:26:46
1663579606656289000,76.5,1,76.4,1,76.8,8,2,2022-09-19 09:26:46
1663579620357482000,76.5,1,76.4,2,76.7,1,2,2022-09-19 09:27:00
1663579631145477000,76.7,1,76.5,4,76.8,8,1,2022-09-19 09:27:11
1663579656406661000,76.6,1,76.5,5,76.8,8,2,2022-09-19 09:27:36
1663579662228714000,76.7,1,76.6,1,76.8,3,1,2022-09-19 09:27:42
1663579662228714000,76.8,4,76.6,1,76.8,3,1,2022-09-19 09:27:42
1663579662538132000,76.6,1,76.5,5,76.8,3,2,2022-09-19 09:27:42
1663579667328683000,76.7,3,76.5,9,76.6,7,2,2022-09-19 09:27:47
1663579669640956000,76.6,1,76.5,9,76.6,6,1,2022-09-19 09:27:49
1663579673359269000,76.6,1,76.5,9,76.6,5,1,2022-09-19 09:27:53
1663579675299103000,76.6,3,76.5,9,76.6,2,1,2022-09-19 09:27:55
1663579675330054000,76.6,2,76.5,9,76.8,3,1,2022-09-19 09:27:55
1663579690794207000,76.8,1,76.6,5,76.8,2,1,2022-09-19 09:28:10
1663579697887733000,76.8,1,76.6,5,76.8,1,1,2022-09-19 09:28:17
1663579702939993000,76.8,1,76.7,2,76.9,17,1,2022-09-19 09:28:22
1663579708740149000,76.9,2,76.7,2,76.9,15,1,2022-09-19 09:28:28
1663579710873736000,76.7,1,76.7,4,76.9,15,2,2022-09-19 09:28:30
1663579714281902000,76.8,1,76.7,2,76.9,15,2,2022-09-19 09:28:34
1663579716635299000,76.9,4,76.7,2,76.9,11,1,2022-09-19 09:28:36
1663579724227007000,76.8,2,76.7,3,76.9,13,2,2022-09-19 09:28:44
1663579727329506000,76.7,2,76.6,9,76.9,14,2,2022-09-19 09:28:47
1663579727362148000,76.6,1,76.6,9,76.9,14,2,2022-09-19 09:28:47
1663579746285180000,76.9,1,76.7,3,76.9,12,1,2022-09-19 09:29:06
1663579746312014000,76.7,3,76.6,9,76.9,12,2,2022-09-19 09:29:06
1663579766143826000,76.9,1,76.7,2,76.9,14,1,2022-09-19 09:29:26
1663579776513314000,76.9,1,76.8,1,76.9,13,1,2022-09-19 09:29:36
1663579778887534000,76.9,5,76.8,1,76.9,8,1,2022-09-19 09:29:38
1663579780267537000,76.9,1,76.8,1,76.9,7,1,2022-09-19 09:29:40
1663579781295497000,76.9,2,76.8,1,76.9,5,1,2022-09-19 09:29:41
1663579782436078000,76.9,1,76.8,1,76.9,4,1,2022-09-19 09:29:42
1663579785661385000,76.8,1,76.7,3,76.9,4,2,2022-09-19 09:29:45
1663579787013722000,76.9,1,76.7,3,76.9,3,1,2022-09-19 09:29:47
1663579792127211000,76.8,1,76.7,3,76.9,3,1,2022-09-19 09:29:52
1663579803256749000,76.8,3,76.8,4,76.9,4,2,2022-09-19 09:30:03
1663579803279367000,76.8,4,76.7,4,76.9,4,2,2022-09-19 09:30:03
1663579803320334000,76.7,4,76.7,4,76.9,5,2,2022-09-19 09:30:03
1663579805668048000,76.9,5,76.9,11,77.0,5,1,2022-09-19 09:30:05
1663579805705463000,76.9,5,76.9,6,77.0,5,2,2022-09-19 09:30:05
1663579805705696000,76.9,2,76.9,4,77.0,5,2,2022-09-19 09:30:05
1663579805736676000,76.9,2,76.9,2,77.0,5,2,2022-09-19 09:30:05
1663579839894871000,77.0,1,76.9,5,77.0,5,1,2022-09-19 09:30:39
1663579842514919000,77.0,1,76.9,5,77.0,4,1,2022-09-19 09:30:42
1663579845311004000,77.0,2,76.9,5,77.0,2,1,2022-09-19 09:30:45
1663579848915313000,77.0,1,76.9,5,77.0,1,1,2022-09-19 09:30:48
1663579850328986000,77.0,1,76.9,4,77.1,10,1,2022-09-19 09:30:50
1663579855101227000,77.0,1,76.9,4,77.1,10,1,2022-09-19 09:30:55
1663579855356218000,77.1,1,76.9,5,77.1,9,1,2022-09-19 09:30:55
1663579865422861000,77.1,1,77.0,1,77.1,9,1,2022-09-19 09:31:05
1663579868949020000,77.1,1,77.0,2,77.1,8,1,2022-09-19 09:31:08
1663579883486727000,77.0,1,77.0,13,77.1,12,2,2022-09-19 09:31:23
1663579888630348000,77.1,5,77.0,13,77.1,3,1,2022-09-19 09:31:28
1663579891064798000,77.1,1,77.0,14,77.1,2,1,2022-09-19 09:31:31
1663579891360800000,77.1,1,77.0,14,77.1,1,1,2022-09-19 09:31:31
1663579893130160000,77.1,1,77.1,1,77.2,11,1,2022-09-19 09:31:33
1663579905178083000,77.2,1,77.1,13,77.2,5,1,2022-09-19 09:31:45
1663579905396274000,77.2,5,77.2,5,77.3,19,1,2022-09-19 09:31:45
1663579907522965000,77.3,1,77.2,5,77.3,18,1,2022-09-19 09:31:47
1663579908700972000,77.3,12,77.2,5,77.3,6,1,2022-09-19 09:31:48
1663579909748039000,77.3,1,77.2,6,77.3,5,1,2022-09-19 09:31:49
1663579909995159000,77.3,1,77.2,7,77.3,4,1,2022-09-19 09:31:49
1663579911605911000,77.3,2,77.2,7,77.3,2,1,2022-09-19 09:31:51
1663579912414443000,77.3,1,77.2,7,77.3,1,1,2022-09-19 09:31:52
1663579913879543000,77.3,1,77.2,7,77.4,7,1,2022-09-19 09:31:53
1663579914819257000,77.3,1,77.2,7,77.4,7,2,2022-09-19 09:31:54
1663579915319558000,77.3,1,77.2,7,77.3,6,1,2022-09-19 09:31:55
1663579915560194000,77.3,1,77.2,17,77.3,5,1,2022-09-19 09:31:55
1663579916195867000,77.3,1,77.2,17,77.3,4,1,2022-09-19 09:31:56
1663579916540505000,77.3,1,77.2,17,77.3,3,1,2022-09-19 09:31:56
1663579917731842000,77.3,1,77.2,17,77.3,2,1,2022-09-19 09:31:57
1663579919294147000,77.3,2,77.2,17,77.4,8,1,2022-09-19 09:31:59
1663579921716318000,77.4,1,77.3,6,77.4,7,1,2022-09-19 09:32:01
1663579923080349000,77.3,1,77.3,8,77.4,7,2,2022-09-19 09:32:03
1663579928100589000,77.4,2,77.3,10,77.4,5,1,2022-09-19 09:32:08
1663579929365541000,77.4,2,77.3,11,77.4,3,1,2022-09-19 09:32:09
1663579931624273000,77.4,2,77.3,11,77.4,1,1,2022-09-19 09:32:11
1663579933992067000,77.4,1,77.3,26,77.5,25,1,2022-09-19 09:32:13
1663579934405277000,77.3,1,77.3,25,77.5,25,2,2022-09-19 09:32:14
1663579935958162000,77.5,1,77.4,8,77.5,25,1,2022-09-19 09:32:15
1663579938719980000,77.4,2,77.4,6,77.5,24,2,2022-09-19 09:32:18
1663579938843265000,77.5,2,77.4,6,77.5,22,1,2022-09-19 09:32:18
1663579939623803000,77.4,2,77.4,5,77.5,22,2,2022-09-19 09:32:19
1663579941706999000,77.5,3,77.4,6,77.5,19,1,2022-09-19 09:32:21
1663579942517970000,77.5,5,77.4,6,77.5,14,1,2022-09-19 09:32:22
1663579944349193000,77.5,1,77.4,9,77.5,22,1,2022-09-19 09:32:24
1663579945764352000,77.5,1,77.4,9,77.5,20,1,2022-09-19 09:32:25
1663579952007423000,77.5,2,77.4,12,77.5,25,1,2022-09-19 09:32:32
1663579954654202000,77.4,1,77.4,13,77.5,25,2,2022-09-19 09:32:34
1663579954775851000,77.5,5,77.4,13,77.5,20,1,2022-09-19 09:32:34
1663579955059539000,77.5,10,77.4,13,77.5,10,1,2022-09-19 09:32:35
1663579955915954000,77.5,1,77.4,16,77.5,10,1,2022-09-19 09:32:35
1663579956068393000,77.5,1,77.4,16,77.5,8,1,2022-09-19 09:32:36
1663579956070632000,77.5,1,77.4,16,77.5,7,1,2022-09-19 09:32:36
1663579956293543000,77.5,1,77.4,16,77.5,7,1,2022-09-19 09:32:36
1663579957010392000,77.5,1,77.4,16,77.5,5,1,2022-09-19 09:32:37
1663579957099292000,77.5,1,77.4,16,77.5,4,1,2022-09-19 09:32:37
1663579957436209000,77.5,4,77.4,16,77.5,4,1,2022-09-19 09:32:37
1663579957514591000,77.6,1,77.4,16,77.6,21,1,2022-09-19 09:32:37
1663579960604987000,77.6,1,77.5,9,77.6,20,1,2022-09-19 09:32:40
1663579962378547000,77.6,1,77.5,11,77.6,19,1,2022-09-19 09:32:42
1663579964259082000,77.5,1,77.5,12,77.6,20,2,2022-09-19 09:32:44
1663579964367131000,77.6,1,77.5,12,77.6,19,1,2022-09-19 09:32:44
1663579964476277000,77.5,1,77.5,11,77.6,19,2,2022-09-19 09:32:44
1663579965011642000,77.6,1,77.5,11,77.6,18,1,2022-09-19 09:32:45
1663579967362242000,77.6,1,77.5,21,77.6,22,1,2022-09-19 09:32:47
1663579968238562000,77.6,1,77.5,22,77.6,20,1,2022-09-19 09:32:48
1663579969937206000,77.6,1,77.5,22,77.6,20,1,2022-09-19 09:32:49
1663579969964941000,77.5,2,77.5,20,77.6,20,2,2022-09-19 09:32:49
1663579970084188000,77.6,1,77.5,19,77.6,19,1,2022-09-19 09:32:50
1663579971577738000,77.6,1,77.5,19,77.6,19,1,2022-09-19 09:32:51
1663579974459752000,77.6,1,77.5,20,77.6,18,1,2022-09-19 09:32:54
1663579975478417000,77.6,1,77.5,21,77.6,17,1,2022-09-19 09:32:55
1663579978347044000,77.6,1,77.5,23,77.6,17,1,2022-09-19 09:32:58
1663579979191677000,77.6,1,77.5,23,77.6,16,1,2022-09-19 09:32:59
1663579980497368000,77.6,1,77.5,23,77.6,16,1,2022-09-19 09:33:00
1663579980862959000,77.5,1,77.5,22,77.6,16,2,2022-09-19 09:33:00
1663579981658532000,77.5,1,77.5,21,77.6,16,2,2022-09-19 09:33:01
1663579981867758000,77.6,4,77.5,21,77.6,12,1,2022-09-19 09:33:01
1663579982640975000,77.5,1,77.5,20,77.6,12,2,2022-09-19 09:33:02
1663579985889754000,77.6,2,77.5,21,77.6,10,1,2022-09-19 09:33:05
1663579990263313000,77.6,1,77.5,33,77.6,11,1,2022-09-19 09:33:10
1663579990280964000,77.6,1,77.5,33,77.6,10,1,2022-09-19 09:33:10
1663579992055285000,77.6,1,77.5,33,77.6,9,1,2022-09-19 09:33:12
1663579992561456000,77.6,1,77.5,33,77.6,8,1,2022-09-19 09:33:12
1663579994356369000,77.5,5,77.5,29,77.6,10,2,2022-09-19 09:33:14
1663579994590812000,77.6,1,77.5,29,77.6,10,1,2022-09-19 09:33:14
1663579994715673000,77.6,1,77.5,29,77.6,9,1,2022-09-19 09:33:14
1663579994989135000,77.6,1,77.5,30,77.6,9,1,2022-09-19 09:33:14
1663579995098351000,77.6,2,77.5,30,77.6,10,1,2022-09-19 09:33:15
1663579996970640000,77.5,2,77.5,31,77.6,7,2,2022-09-19 09:33:16
1663579997668759000,77.6,1,77.5,31,77.6,6,1,2022-09-19 09:33:17
1663579998267656000,77.6,3,77.5,31,77.6,3,1,2022-09-19 09:33:18
1663580000692606000,77.6,1,77.5,30,77.6,3,1,2022-09-19 09:33:20
1663580000820919000,77.6,1,77.5,30,77.6,2,1,2022-09-19 09:33:20
1663580001175839000,77.6,2,77.5,30,77.7,11,1,2022-09-19 09:33:21
1663580002537747000,77.6,3,77.6,1,77.7,11,2,2022-09-19 09:33:22
1663580003004803000,77.6,1,77.6,10,77.7,11,2,2022-09-19 09:33:23
1663580005008026000,77.6,1,77.6,9,77.7,11,2,2022-09-19 09:33:25
1663580008080242000,77.6,1,77.6,9,77.7,11,2,2022-09-19 09:33:28
1663580011240413000,77.6,9,77.6,15,77.7,11,2,2022-09-19 09:33:31
1663580012257900000,77.6,1,77.6,5,77.7,11,2,2022-09-19 09:33:32
1663580013117857000,77.6,5,77.5,29,77.7,11,2,2022-09-19 09:33:33
1663580013717844000,77.5,5,77.5,24,77.6,8,2,2022-09-19 09:33:33
1663580013768630000,77.6,1,77.5,24,77.6,9,1,2022-09-19 09:33:33
1663580013952619000,77.5,1,77.5,23,77.6,13,2,2022-09-19 09:33:33
1663580014610182000,77.6,1,77.5,22,77.6,22,1,2022-09-19 09:33:34
1663580015244977000,77.6,1,77.5,22,77.6,20,1,2022-09-19 09:33:35
1663580015883076000,77.6,1,77.5,22,77.6,19,1,2022-09-19 09:33:35
1663580017089676000,77.5,2,77.5,20,77.6,19,2,2022-09-19 09:33:37
1663580018906135000,77.5,1,77.5,18,77.6,20,2,2022-09-19 09:33:38
1663580019912290000,77.5,1,77.5,17,77.6,21,2,2022-09-19 09:33:39
1663580019999491000,77.5,1,77.5,16,77.6,21,2,2022-09-19 09:33:39
1663580022140791000,77.5,4,77.5,2,77.6,21,2,2022-09-19 09:33:42
1663580022896433000,77.5,1,77.5,1,77.6,21,2,2022-09-19 09:33:42
1663580023171968000,77.5,1,77.4,10,77.5,6,2,2022-09-19 09:33:43
1663580028635126000,77.4,1,77.4,7,77.5,11,2,2022-09-19 09:33:48
1663580034464813000,77.4,1,77.4,9,77.5,12,2,2022-09-19 09:33:54
1663580037103514000,77.4,1,77.4,8,77.5,12,2,2022-09-19 09:33:57
1663580039821509000,77.4,1,77.4,7,77.5,12,2,2022-09-19 09:33:59
1663580042131193000,77.4,1,77.4,6,77.5,12,2,2022-09-19 09:34:02
1663580042943546000,77.4,1,77.4,5,77.5,12,2,2022-09-19 09:34:02
1663580043223312000,77.4,1,77.4,4,77.5,12,2,2022-09-19 09:34:03
1663580045292299000,77.4,1,77.4,2,77.5,12,2,2022-09-19 09:34:05
1663580045321253000,77.4,1,77.4,1,77.5,12,2,2022-09-19 09:34:05
1663580045632033000,77.4,1,77.3,26,77.5,12,2,2022-09-19 09:34:05
1663580049098186000,77.3,11,77.3,4,77.4,1,2,2022-09-19 09:34:09
1663580051228157000,77.3,1,77.3,3,77.4,3,2,2022-09-19 09:34:11
1663580051307815000,77.3,1,77.3,1,77.4,3,2,2022-09-19 09:34:11
1663580053096480000,77.3,1,77.2,5,77.4,3,2,2022-09-19 09:34:13
1663580060057401000,77.3,2,77.4,8,77.5,2,1,2022-09-19 09:34:20
1663580060057401000,77.4,2,77.4,8,77.5,2,1,2022-09-19 09:34:20
1663580062637955000,77.5,1,77.4,8,77.5,1,1,2022-09-19 09:34:22
1663580076844726000,77.5,1,77.4,8,77.6,19,1,2022-09-19 09:34:36
1663580081506043000,77.6,1,77.5,1,77.6,18,1,2022-09-19 09:34:41
1663580087075653000,77.6,1,77.5,1,77.6,17,1,2022-09-19 09:34:47
1663580087891499000,77.5,1,77.5,2,77.6,17,2,2022-09-19 09:34:47
1663580089233413000,77.6,1,77.5,2,77.6,16,1,2022-09-19 09:34:49
1663580091825242000,77.5,1,77.5,2,77.6,16,2,2022-09-19 09:34:51
1663580105108466000,77.5,1,77.5,3,77.6,16,2,2022-09-19 09:35:05
1663580114283868000,77.6,1,77.5,3,77.6,16,1,2022-09-19 09:35:14
1663580116376811000,77.6,5,77.5,6,77.6,11,1,2022-09-19 09:35:16
1663580116596161000,77.6,9,77.5,6,77.6,2,1,2022-09-19 09:35:16
1663580116625043000,77.6,2,77.5,6,77.7,11,1,2022-09-19 09:35:16
1663580125751644000,77.5,5,77.5,3,77.6,7,2,2022-09-19 09:35:25
1663580127239052000,77.6,1,77.5,2,77.6,6,1,2022-09-19 09:35:27
1663580128097946000,77.6,1,77.5,2,77.6,5,1,2022-09-19 09:35:28
1663580129187043000,77.5,1,77.5,1,77.6,5,2,2022-09-19 09:35:29
1663580133197676000,77.5,2,77.4,9,77.6,8,2,2022-09-19 09:35:33
1663580145183729000,77.4,9,77.3,11,77.4,3,2,2022-09-19 09:35:45
1663580158431812000,77.4,2,77.3,11,77.4,13,1,2022-09-19 09:35:58
1663580165920071000,77.4,3,77.3,11,77.4,9,1,2022-09-19 09:36:05
1663580166541860000,77.3,1,77.3,10,77.4,9,2,2022-09-19 09:36:06
1663580169228317000,77.3,1,77.3,9,77.4,9,2,2022-09-19 09:36:09
1663580169965821000,77.3,8,77.3,1,77.4,9,2,2022-09-19 09:36:09
1663580169994235000,77.3,1,77.2,3,77.4,9,2,2022-09-19 09:36:09
1663580174081511000,77.2,1,77.2,2,77.3,2,2,2022-09-19 09:36:14
1663580179396066000,77.2,1,77.2,1,77.3,5,2,2022-09-19 09:36:19
1663580183586565000,77.2,1,77.1,15,77.3,5,2,2022-09-19 09:36:23
1663580187944202000,77.1,1,77.1,14,77.3,5,2,2022-09-19 09:36:27
1663580195755952000,77.1,2,77.1,11,77.3,6,2,2022-09-19 09:36:35
1663580197714650000,77.1,1,77.1,9,77.3,6,2,2022-09-19 09:36:37
1663580199836786000,77.1,6,77.1,3,77.3,7,2,2022-09-19 09:36:39
1663580202279249000,77.1,1,77.1,2,77.3,7,2,2022-09-19 09:36:42
1663580206463807000,77.1,2,77.0,7,77.3,7,2,2022-09-19 09:36:46
1663580213112091000,77.0,6,77.0,1,77.1,1,2,2022-09-19 09:36:53
1663580213137526000,77.0,1,76.9,6,77.1,1,2,2022-09-19 09:36:53
1663580213199660000,76.9,5,76.8,1,77.1,1,2,2022-09-19 09:36:53
1663580222927844000,76.8,1,76.7,3,76.9,1,2,2022-09-19 09:37:02
1663580225294886000,76.7,1,76.7,2,76.9,1,2,2022-09-19 09:37:05
1663580227387612000,76.7,2,76.5,12,76.9,2,2,2022-09-19 09:37:07
1663580227387612000,76.6,7,76.5,12,76.9,2,2,2022-09-19 09:37:07
1663580229056531000,76.9,1,76.6,2,76.9,1,1,2022-09-19 09:37:09
1663580257231862000,76.9,2,76.9,3,77.0,1,1,2022-09-19 09:37:37
1663580272039139000,76.9,2,76.9,2,77.0,1,2,2022-09-19 09:37:52
1663580292395969000,76.9,2,76.7,4,77.0,1,2,2022-09-19 09:38:12
1663580338244056000,76.7,1,76.7,2,76.9,8,2,2022-09-19 09:38:58
1663580341489293000,76.7,2,76.6,2,76.7,3,2,2022-09-19 09:39:01
1663580354343429000,76.7,1,76.6,1,76.7,2,1,2022-09-19 09:39:14
1663580362876900000,76.7,2,76.6,3,76.9,8,1,2022-09-19 09:39:22
1663580375219693000,76.6,1,76.6,3,76.9,8,2,2022-09-19 09:39:35
1663580397645253000,76.7,1,76.7,1,76.9,8,2,2022-09-19 09:39:57
1663580407306862000,76.7,2,76.6,4,76.9,8,2,2022-09-19 09:40:07
1663580425954209000,76.7,1,76.6,5,76.9,4,1,2022-09-19 09:40:25
1663580425954209000,76.9,1,76.6,5,76.9,4,1,2022-09-19 09:40:25
1663580441639718000,76.9,1,76.7,2,76.9,3,1,2022-09-19 09:40:41
1663580442883205000,76.7,2,76.5,14,76.9,3,2,2022-09-19 09:40:42
1663580442883205000,76.6,4,76.5,14,76.9,3,2,2022-09-19 09:40:42
1663580442883205000,76.5,1,76.5,14,76.9,3,2,2022-09-19 09:40:42
1663580447422622000,76.9,3,76.5,23,77.1,3,1,2022-09-19 09:40:47
1663580447422622000,77.0,1,76.5,23,77.1,3,1,2022-09-19 09:40:47
1663580453444991000,77.0,1,76.9,1,77.0,1,2,2022-09-19 09:40:53
1663580462194700000,77.0,1,76.9,2,77.1,2,1,2022-09-19 09:41:02
1663580500361408000,77.1,1,76.9,5,77.1,1,1,2022-09-19 09:41:40
1663580510232395000,77.1,1,77.0,2,77.2,3,1,2022-09-19 09:41:50
1663580513849379000,77.2,1,77.1,1,77.2,2,1,2022-09-19 09:41:53
1663580527991815000,77.2,1,77.1,3,77.2,1,1,2022-09-19 09:42:07
1663580530568526000,77.2,1,77.1,3,77.3,5,1,2022-09-19 09:42:10
1663580532962611000,77.3,1,77.1,4,77.3,3,1,2022-09-19 09:42:12
1663580543267423000,77.3,1,77.2,9,77.3,1,1,2022-09-19 09:42:23
1663580544463247000,77.3,1,77.3,4,77.4,13,1,2022-09-19 09:42:24
1663580564059134000,77.3,1,77.3,6,77.4,13,2,2022-09-19 09:42:44
1663580564081232000,77.3,6,77.2,9,77.4,13,2,2022-09-19 09:42:44
1663580566464963000,77.3,1,77.2,10,77.3,1,2,2022-09-19 09:42:46
1663580568636229000,77.3,1,77.2,10,77.4,13,1,2022-09-19 09:42:48
1663580580343296000,77.4,10,77.2,7,77.4,3,1,2022-09-19 09:43:00
1663580580419789000,77.4,2,77.2,7,77.4,1,1,2022-09-19 09:43:00
1663580583348409000,77.4,1,77.3,2,77.4,1,1,2022-09-19 09:43:03
1663580597068443000,77.5,1,77.4,2,77.5,33,1,2022-09-19 09:43:17
1663580597260653000,77.5,1,77.4,3,77.5,32,1,2022-09-19 09:43:17
1663580598665927000,77.5,1,77.4,3,77.5,31,1,2022-09-19 09:43:18
1663580598690884000,77.5,31,77.4,3,77.6,18,1,2022-09-19 09:43:18
1663580604959268000,77.5,3,77.4,3,77.5,2,2,2022-09-19 09:43:24
1663580605454110000,77.5,1,77.4,3,77.5,1,1,2022-09-19 09:43:25
1663580605657530000,77.5,1,77.4,3,77.6,9,1,2022-09-19 09:43:25
1663580605657530000,77.6,1,77.4,3,77.6,9,1,2022-09-19 09:43:25
1663580609215669000,77.6,1,77.4,3,77.6,8,1,2022-09-19 09:43:29
1663580611086144000,77.6,2,77.4,3,77.6,6,1,2022-09-19 09:43:31
1663580612591072000,77.5,1,77.5,3,77.6,6,2,2022-09-19 09:43:32
1663580613111130000,77.5,1,77.5,2,77.6,6,2,2022-09-19 09:43:33
1663580613473444000,77.6,1,77.5,2,77.6,5,1,2022-09-19 09:43:33
1663580613491513000,77.6,1,77.5,2,77.6,4,1,2022-09-19 09:43:33
1663580616690263000,77.6,4,77.6,6,77.7,19,1,2022-09-19 09:43:36
1663580618273176000,77.6,2,77.6,6,77.7,19,2,2022-09-19 09:43:38
1663580621822075000,77.7,1,77.6,6,77.7,18,1,2022-09-19 09:43:41
1663580621867999000,77.6,1,77.6,5,77.7,18,2,2022-09-19 09:43:41
1663580623733366000,77.6,4,77.6,1,77.7,17,2,2022-09-19 09:43:43
1663580625064963000,77.7,17,77.7,3,77.8,15,1,2022-09-19 09:43:45
1663580626954320000,77.8,10,77.7,3,77.8,5,1,2022-09-19 09:43:46
1663580626989150000,77.8,5,77.7,3,77.9,9,1,2022-09-19 09:43:46
1663580631750111000,77.9,1,77.8,3,77.9,8,1,2022-09-19 09:43:51
1663580632729350000,77.9,1,77.8,3,77.9,7,1,2022-09-19 09:43:52
1663580633023218000,77.9,1,77.8,3,77.9,6,1,2022-09-19 09:43:53
1663580633051201000,77.9,2,77.8,3,77.9,4,1,2022-09-19 09:43:53
1663580635649801000,78.0,1,77.9,2,78.0,28,1,2022-09-19 09:43:55
1663580638295570000,78.0,5,77.9,2,78.0,11,1,2022-09-19 09:43:58
1663580638325519000,78.0,6,77.9,2,78.0,5,1,2022-09-19 09:43:58
1663580638355847000,78.0,5,77.9,2,78.1,13,1,2022-09-19 09:43:58
1663580639692354000,78.1,1,78.0,1,78.1,12,1,2022-09-19 09:43:59
1663580641023163000,78.1,2,78.0,3,78.1,12,1,2022-09-19 09:44:01
1663580641093689000,78.0,1,78.0,2,78.1,10,2,2022-09-19 09:44:01
1663580641306217000,78.0,1,78.0,2,78.1,10,2,2022-09-19 09:44:01
1663580642386414000,78.1,2,78.0,1,78.1,8,1,2022-09-19 09:44:02
1663580644360847000,78.1,4,78.0,2,78.2,4,1,2022-09-19 09:44:04
1663580644360847000,78.2,2,78.0,2,78.2,4,1,2022-09-19 09:44:04
1663580644375000000,78.0,1,78.0,1,78.2,4,2,2022-09-19 09:44:04
1663580647867497000,78.1,1,78.1,4,78.2,4,2,2022-09-19 09:44:07
1663580648099855000,78.2,1,78.1,4,78.2,3,1,2022-09-19 09:44:08
1663580649076594000,78.1,1,78.1,3,78.2,3,2,2022-09-19 09:44:09
1663580649420727000,78.2,1,78.1,3,78.2,2,1,2022-09-19 09:44:09
1663580650780966000,78.2,1,78.1,3,78.3,9,1,2022-09-19 09:44:10
1663580651086277000,78.2,1,78.2,1,78.3,9,2,2022-09-19 09:44:11
1663580652140059000,78.3,1,78.1,5,78.3,8,1,2022-09-19 09:44:12
1663580652754616000,78.2,2,78.1,4,78.2,1,1,2022-09-19 09:44:12
1663580655876090000,78.2,2,78.1,8,78.2,5,1,2022-09-19 09:44:15
1663580656308344000,78.2,1,78.1,8,78.2,4,1,2022-09-19 09:44:16
1663580656702974000,78.2,1,78.1,8,78.2,4,1,2022-09-19 09:44:16
1663580657942882000,78.2,1,78.1,8,78.2,3,1,2022-09-19 09:44:17
1663580658267183000,78.2,1,78.1,8,78.2,2,1,2022-09-19 09:44:18
1663580658434876000,78.2,1,78.1,8,78.2,2,1,2022-09-19 09:44:18
1663580658714689000,78.2,1,78.1,8,78.2,2,1,2022-09-19 09:44:18
1663580660505000000,78.2,2,78.1,8,78.2,1,1,2022-09-19 09:44:20
1663580661560335000,78.2,1,78.1,8,78.2,3,1,2022-09-19 09:44:21
1663580661847316000,78.1,8,78.0,17,78.2,4,2,2022-09-19 09:44:21
1663580662346230000,78.2,1,78.0,17,78.2,3,1,2022-09-19 09:44:22
1663580662910082000,78.0,1,78.0,17,78.2,3,2,2022-09-19 09:44:22
1663580664042432000,78.1,1,78.0,17,78.2,8,2,2022-09-19 09:44:24
1663580664424037000,78.0,5,78.0,7,78.1,5,2,2022-09-19 09:44:24
1663580664454825000,78.0,7,77.9,3,78.1,5,2,2022-09-19 09:44:24
1663580667956773000,77.9,2,77.8,4,78.0,54,2,2022-09-19 09:44:27
1663580669697900000,77.8,1,77.8,3,77.9,2,2,2022-09-19 09:44:29
1663580669729921000,77.8,3,77.7,7,77.9,2,2,2022-09-19 09:44:29
1663580671586046000,77.9,2,77.7,6,77.9,1,1,2022-09-19 09:44:31
1663580677017626000,77.7,5,77.6,4,77.9,5,2,2022-09-19 09:44:37
1663580677943240000,77.8,1,77.8,1,77.9,7,2,2022-09-19 09:44:37
1663580679624864000,77.9,1,77.6,4,77.9,7,1,2022-09-19 09:44:39
1663580694195580000,77.8,1,77.6,12,77.9,10,1,2022-09-19 09:44:54
1663580698530997000,77.7,1,77.6,12,77.9,9,2,2022-09-19 09:44:58
1663580698530997000,77.6,1,77.6,12,77.9,9,2,2022-09-19 09:44:58
1663580701536074000,77.7,1,77.6,12,77.9,7,1,2022-09-19 09:45:01
1663580703474858000,77.8,2,77.8,2,77.9,5,2,2022-09-19 09:45:03
1663580708848314000,77.8,1,77.7,1,77.8,52,1,2022-09-19 09:45:08
1663580709194748000,77.8,5,77.6,12,77.8,47,1,2022-09-19 09:45:09
1663580713154300000,77.8,2,77.6,12,77.8,45,1,2022-09-19 09:45:13
1663580714285079000,77.7,1,77.6,12,77.7,1,1,2022-09-19 09:45:14
1663580715716459000,77.7,1,77.6,12,77.8,43,1,2022-09-19 09:45:15
1663580715716459000,77.8,2,77.6,12,77.8,43,1,2022-09-19 09:45:15
1663580725725630000,77.8,1,77.7,3,77.8,49,1,2022-09-19 09:45:25
1663580731360692000,77.8,5,77.7,3,77.8,45,1,2022-09-19 09:45:31
1663580731361328000,77.8,1,77.7,3,77.8,50,1,2022-09-19 09:45:31
1663580731818142000,77.8,1,77.7,3,77.8,43,1,2022-09-19 09:45:31
1663580735580591000,77.8,43,77.8,7,77.9,1,1,2022-09-19 09:45:35
1663580739344892000,77.9,1,77.8,8,78.0,13,1,2022-09-19 09:45:39
1663580739450082000,77.8,1,77.8,7,78.0,13,2,2022-09-19 09:45:39
1663580742079207000,78.0,6,77.9,1,78.0,7,1,2022-09-19 09:45:42
1663580742106399000,78.0,3,77.9,1,78.0,4,1,2022-09-19 09:45:42
1663580743482457000,78.0,1,77.9,1,78.0,3,1,2022-09-19 09:45:43
1663580743519242000,78.0,3,77.9,1,78.1,6,1,2022-09-19 09:45:43
1663580749399586000,78.1,1,78.0,4,78.2,14,1,2022-09-19 09:45:49
1663580752037563000,78.0,1,78.0,4,78.2,14,2,2022-09-19 09:45:52
1663580752217254000,78.2,1,78.0,4,78.2,14,1,2022-09-19 09:45:52
1663580755557759000,78.1,1,78.0,3,78.2,13,1,2022-09-19 09:45:55
1663580756228713000,78.0,2,78.0,3,78.2,13,2,2022-09-19 09:45:56
1663580758530036000,78.1,1,78.0,4,78.1,4,1,2022-09-19 09:45:58
1663580760905452000,78.1,1,78.0,15,78.1,3,1,2022-09-19 09:46:00
1663580763208036000,78.1,1,78.0,16,78.1,2,1,2022-09-19 09:46:03
1663580765202528000,78.1,1,78.0,16,78.1,2,1,2022-09-19 09:46:05
1663580766598204000,78.1,1,78.0,16,78.1,1,1,2022-09-19 09:46:06
1663580767743536000,78.1,2,78.0,16,78.1,1,1,2022-09-19 09:46:07
1663580769277188000,78.1,1,78.0,15,78.1,1,1,2022-09-19 09:46:09
1663580769311558000,78.1,1,78.0,15,78.2,26,1,2022-09-19 09:46:09
1663580770588746000,78.1,1,78.0,16,78.2,26,1,2022-09-19 09:46:10
1663580772320895000,78.2,1,78.0,16,78.2,25,1,2022-09-19 09:46:12
1663580777731674000,78.2,1,78.1,6,78.2,24,1,2022-09-19 09:46:17
1663580778564799000,78.2,1,78.1,6,78.2,23,1,2022-09-19 09:46:18
1663580780480124000,78.2,2,78.1,6,78.2,21,1,2022-09-19 09:46:20
1663580780826770000,78.2,5,78.1,6,78.2,16,1,2022-09-19 09:46:20
1663580780854977000,78.2,1,78.1,6,78.2,15,1,2022-09-19 09:46:20
1663580781548499000,78.2,4,78.1,6,78.2,11,1,2022-09-19 09:46:21
1663580781582316000,78.2,4,78.1,6,78.2,7,1,2022-09-19 09:46:21
1663580781667130000,78.2,1,78.1,7,78.2,6,1,2022-09-19 09:46:21
1663580782356419000,78.2,2,78.1,7,78.2,5,1,2022-09-19 09:46:22
1663580782398644000,78.2,1,78.1,8,78.2,4,1,2022-09-19 09:46:22
1663580782556078000,78.2,1,78.1,8,78.2,3,1,2022-09-19 09:46:22
1663580782597339000,78.2,3,78.1,8,78.3,3,1,2022-09-19 09:46:22
1663580784441078000,78.3,2,78.2,3,78.3,1,1,2022-09-19 09:46:24
1663580785133166000,78.3,1,78.2,3,78.5,15,1,2022-09-19 09:46:25
1663580785133166000,78.4,2,78.2,3,78.5,15,1,2022-09-19 09:46:25
1663580785133166000,78.5,7,78.2,3,78.5,15,1,2022-09-19 09:46:25
1663580790342192000,78.4,1,78.3,1,78.5,15,1,2022-09-19 09:46:30
1663580794069944000,78.4,1,78.3,7,78.4,1,1,2022-09-19 09:46:34
1663580794187126000,78.5,1,78.3,7,78.5,20,1,2022-09-19 09:46:34
1663580795015618000,78.5,10,78.3,7,78.5,22,1,2022-09-19 09:46:35
1663580796312650000,78.5,1,78.3,7,78.5,12,1,2022-09-19 09:46:36
1663580796599989000,78.5,3,78.3,7,78.5,9,1,2022-09-19 09:46:36
1663580797956803000,78.5,1,78.4,1,78.5,8,1,2022-09-19 09:46:37
1663580799260522000,78.5,1,78.4,1,78.5,7,1,2022-09-19 09:46:39
1663580799602918000,78.5,2,78.4,1,78.5,5,1,2022-09-19 09:46:39
1663580799610616000,78.5,5,78.4,1,78.6,2,1,2022-09-19 09:46:39
1663580800557090000,78.6,1,78.5,2,78.6,2,1,2022-09-19 09:46:40
1663580800916957000,78.5,2,78.4,1,78.5,8,2,2022-09-19 09:46:40
1663580801329360000,78.5,5,78.4,1,78.5,3,1,2022-09-19 09:46:41
1663580802240475000,78.5,1,78.4,2,78.5,3,1,2022-09-19 09:46:42
1663580803183318000,78.4,4,78.3,2,78.4,2,2,2022-09-19 09:46:43
1663580803222506000,78.4,1,78.3,2,78.4,1,1,2022-09-19 09:46:43
1663580803320472000,78.4,1,78.3,2,78.5,3,1,2022-09-19 09:46:43
1663580805592349000,78.5,2,78.4,1,78.5,1,1,2022-09-19 09:46:45
1663580809127721000,78.4,2,78.4,2,78.5,3,2,2022-09-19 09:46:49
1663580810605713000,78.4,1,78.3,3,78.4,7,1,2022-09-19 09:46:50
1663580811039428000,78.4,5,78.3,4,78.4,2,1,2022-09-19 09:46:51
1663580811237222000,78.4,1,78.3,4,78.4,1,1,2022-09-19 09:46:51
1663580811775616000,78.3,1,78.3,2,78.4,1,2,2022-09-19 09:46:51
1663580812115379000,78.3,1,78.3,1,78.4,3,2,2022-09-19 09:46:52
1663580812740553000,78.4,1,78.2,7,78.4,2,1,2022-09-19 09:46:52
1663580815968386000,78.4,1,78.2,11,78.4,3,1,2022-09-19 09:46:55
1663580819054261000,78.4,3,78.2,12,78.4,11,1,2022-09-19 09:46:59
1663580819099976000,78.2,9,78.2,3,78.4,11,2,2022-09-19 09:46:59
1663580819307754000,78.4,2,78.2,3,78.4,11,1,2022-09-19 09:46:59
1663580823425916000,78.3,1,78.2,3,78.3,2,1,2022-09-19 09:47:03
1663580831485902000,78.3,2,78.2,4,78.3,6,1,2022-09-19 09:47:11
1663580832482334000,78.3,1,78.2,4,78.3,5,1,2022-09-19 09:47:12
1663580834659089000,78.3,1,78.2,6,78.3,4,1,2022-09-19 09:47:14
1663580834814184000,78.3,1,78.2,6,78.3,3,1,2022-09-19 09:47:14
1663580836606471000,78.2,1,78.2,5,78.3,3,2,2022-09-19 09:47:16
1663580836804619000,78.3,1,78.2,5,78.3,2,1,2022-09-19 09:47:16
1663580837040226000,78.3,4,78.2,5,78.4,21,1,2022-09-19 09:47:17
1663580837040226000,78.4,1,78.2,5,78.4,21,1,2022-09-19 09:47:17
1663580838612857000,78.3,1,78.2,7,78.3,5,1,2022-09-19 09:47:18
1663580839260200000,78.3,1,78.2,8,78.3,4,1,2022-09-19 09:47:19
1663580839946992000,78.3,4,78.2,10,78.4,15,1,2022-09-19 09:47:19
1663580844136827000,78.2,1,78.2,10,78.4,15,2,2022-09-19 09:47:24
1663580851302589000,78.3,1,78.3,1,78.4,16,1,2022-09-19 09:47:31
1663580852772484000,78.3,1,78.2,2,78.4,18,2,2022-09-19 09:47:32
1663580852772484000,78.2,9,78.2,2,78.4,18,2,2022-09-19 09:47:32
1663580859077962000,78.2,1,78.2,1,78.4,18,2,2022-09-19 09:47:39
1663580871647982000,78.2,1,78.2,9,78.3,8,2,2022-09-19 09:47:51
1663580872533806000,78.2,8,78.1,1,78.3,9,2,2022-09-19 09:47:52
1663580872533806000,78.1,2,78.1,1,78.3,9,2,2022-09-19 09:47:52
1663580874530291000,78.1,1,78.0,21,78.2,6,2,2022-09-19 09:47:54
1663580881078481000,78.1,2,78.0,26,78.2,3,1,2022-09-19 09:48:01
1663580895427763000,78.1,1,78.0,25,78.2,8,2,2022-09-19 09:48:15
1663580899766845000,78.1,1,78.0,25,78.1,4,1,2022-09-19 09:48:19
1663580909925897000,78.1,2,78.0,25,78.1,4,1,2022-09-19 09:48:29
1663580910213158000,78.1,1,78.0,25,78.1,3,1,2022-09-19 09:48:30
1663580911630284000,78.1,1,78.0,25,78.1,2,1,2022-09-19 09:48:31
1663580917000910000,78.0,2,78.0,23,78.1,2,2,2022-09-19 09:48:37
1663580917813266000,78.1,2,78.0,23,78.2,7,1,2022-09-19 09:48:37
1663580919741696000,78.0,2,78.0,21,78.1,1,2,2022-09-19 09:48:39
1663580931228630000,78.0,2,78.0,20,78.1,10,2,2022-09-19 09:48:51
1663580932074862000,78.0,2,78.0,18,78.1,10,2,2022-09-19 09:48:52
1663580933469746000,78.0,2,78.0,16,78.1,10,2,2022-09-19 09:48:53
1663580933784509000,78.0,1,78.0,15,78.1,10,2,2022-09-19 09:48:53
1663580935792893000,78.0,1,78.0,14,78.1,9,2,2022-09-19 09:48:55
1663580936248718000,78.0,1,78.0,13,78.1,9,2,2022-09-19 09:48:56
1663580938202645000,78.0,2,78.0,11,78.1,9,2,2022-09-19 09:48:58
1663580939481618000,78.0,4,78.0,7,78.1,9,2,2022-09-19 09:48:59
1663580939845332000,78.0,1,78.0,6,78.1,9,2,2022-09-19 09:48:59
1663580939993396000,78.0,1,78.0,5,78.1,9,2,2022-09-19 09:48:59
1663580940073695000,78.0,2,78.0,3,78.1,9,2,2022-09-19 09:49:00
1663580940107558000,78.0,3,77.9,2,78.1,9,2,2022-09-19 09:49:00
1663580941919418000,78.0,1,77.9,1,78.1,10,2,2022-09-19 09:49:01
1663580946141651000,78.0,1,77.9,1,78.0,1,1,2022-09-19 09:49:06
1663580951321490000,77.9,1,77.9,1,78.0,2,2,2022-09-19 09:49:11
1663580952391243000,78.0,2,77.9,1,78.2,8,1,2022-09-19 09:49:12
1663580952391243000,78.1,9,77.9,1,78.2,8,1,2022-09-19 09:49:12
1663580952391243000,78.2,9,77.9,1,78.2,8,1,2022-09-19 09:49:12
1663580963741292000,78.2,10,78.0,3,78.3,9,1,2022-09-19 09:49:23
1663580965325759000,78.3,1,78.0,4,78.3,12,1,2022-09-19 09:49:25
1663580970474659000,78.3,3,78.1,1,78.3,8,1,2022-09-19 09:49:30
1663580970708669000,78.3,8,78.1,2,78.4,6,1,2022-09-19 09:49:30
1663580970708669000,78.4,2,78.1,2,78.4,6,1,2022-09-19 09:49:30
1663580972334047000,78.4,1,78.1,4,78.4,5,1,2022-09-19 09:49:32
1663580973071743000,78.4,1,78.1,4,78.4,4,1,2022-09-19 09:49:33
1663580973098625000,78.4,4,78.1,4,78.4,5,1,2022-09-19 09:49:33
1663580973499886000,78.5,1,78.1,6,78.5,16,1,2022-09-19 09:49:33
1663580975180789000,78.5,1,78.4,1,78.5,14,1,2022-09-19 09:49:35
1663580976380408000,78.4,1,78.3,1,78.5,14,2,2022-09-19 09:49:36
1663580989843962000,78.4,1,78.4,4,78.5,13,2,2022-09-19 09:49:49
1663580991816138000,78.5,1,78.4,4,78.5,12,1,2022-09-19 09:49:51
1663580994279813000,78.5,1,78.4,4,78.5,10,1,2022-09-19 09:49:54
1663580994638146000,78.5,5,78.4,4,78.5,5,1,2022-09-19 09:49:54
1663580994666989000,78.5,5,78.4,4,78.6,1,1,2022-09-19 09:49:54
1663580996404784000,78.6,1,78.4,6,78.7,9,1,2022-09-19 09:49:56
1663580999132167000,78.7,1,78.5,2,78.7,8,1,2022-09-19 09:49:59
1663581000617143000,78.7,1,78.5,2,78.7,7,1,2022-09-19 09:50:00
1663581002945082000,78.7,1,78.5,3,78.7,9,1,2022-09-19 09:50:02
1663581004352395000,78.7,1,78.6,1,78.7,7,1,2022-09-19 09:50:04
1663581004566507000,78.7,1,78.6,2,78.7,7,1,2022-09-19 09:50:04
1663581005564315000,78.7,1,78.6,2,78.7,5,1,2022-09-19 09:50:05
1663581006073826000,78.7,1,78.6,2,78.7,4,1,2022-09-19 09:50:06
1663581006252572000,78.7,1,78.6,3,78.7,4,1,2022-09-19 09:50:06
1663581007065474000,78.7,1,78.6,3,78.7,2,1,2022-09-19 09:50:07
1663581007100023000,78.7,1,78.6,3,78.7,1,1,2022-09-19 09:50:07
1663581008136794000,78.7,1,78.6,3,78.8,17,1,2022-09-19 09:50:08
1663581008493673000,78.7,1,78.6,3,78.8,16,1,2022-09-19 09:50:08
1663581011257703000,78.7,1,78.7,1,78.8,16,2,2022-09-19 09:50:11
1663581012057465000,78.7,1,78.6,5,78.7,1,2,2022-09-19 09:50:12
1663581016497061000,78.6,1,78.6,5,78.7,2,2,2022-09-19 09:50:16
1663581016932637000,78.6,4,78.5,3,78.7,2,2,2022-09-19 09:50:16
1663581017424585000,78.7,1,78.5,2,78.7,3,1,2022-09-19 09:50:17
1663581019090550000,78.5,2,78.4,4,78.6,1,2,2022-09-19 09:50:19
1663581019156222000,78.6,1,78.4,3,78.7,5,1,2022-09-19 09:50:19
1663581024203959000,78.5,2,78.4,3,78.6,3,2,2022-09-19 09:50:24
1663581025683210000,78.6,1,78.4,3,78.6,2,1,2022-09-19 09:50:25
1663581028958324000,78.6,1,78.5,2,78.6,2,1,2022-09-19 09:50:28
1663581029690792000,78.5,1,78.5,3,78.6,1,2,2022-09-19 09:50:29
1663581030149240000,78.6,1,78.5,2,78.7,14,1,2022-09-19 09:50:30
1663581030263558000,78.7,1,78.5,3,78.7,13,1,2022-09-19 09:50:30
1663581031748087000,78.6,1,78.5,3,78.7,15,2,2022-09-19 09:50:31
1663581033257187000,78.6,1,78.5,3,78.7,13,2,2022-09-19 09:50:33
1663581034054955000,78.6,1,78.6,1,78.7,13,2,2022-09-19 09:50:34
1663581039808126000,78.6,1,78.5,2,78.7,13,2,2022-09-19 09:50:39
1663581039808126000,78.5,4,78.5,2,78.7,13,2,2022-09-19 09:50:39
1663581046953917000,78.6,1,78.5,2,78.6,1,1,2022-09-19 09:50:46
1663581049757816000,78.6,1,78.5,2,78.7,13,1,2022-09-19 09:50:49
1663581051026347000,78.6,1,78.5,3,78.7,13,1,2022-09-19 09:50:51
1663581053841470000,78.5,3,78.4,3,78.7,13,2,2022-09-19 09:50:53
1663581053841470000,78.4,2,78.4,3,78.7,13,2,2022-09-19 09:50:53
1663581053991769000,78.6,2,78.6,2,78.7,13,2,2022-09-19 09:50:53
1663581055578060000,78.6,1,78.5,1,78.7,13,2,2022-09-19 09:50:55
1663581058463592000,78.6,1,78.5,2,78.7,13,1,2022-09-19 09:50:58
1663581060937460000,78.5,1,78.5,1,78.7,14,2,2022-09-19 09:51:00
1663581061287603000,78.6,1,78.5,1,78.7,14,2,2022-09-19 09:51:01
1663581063310555000,78.7,10,78.6,15,78.7,12,1,2022-09-19 09:51:03
1663581063404506000,78.6,9,78.6,6,78.7,2,2,2022-09-19 09:51:03
1663581067824794000,78.6,1,78.6,5,78.7,2,2,2022-09-19 09:51:07
1663581067826089000,78.7,1,78.6,5,78.7,1,1,2022-09-19 09:51:07
1663581068490738000,78.6,1,78.6,4,78.7,4,2,2022-09-19 09:51:08
1663581083496145000,78.6,1,78.6,7,78.7,12,2,2022-09-19 09:51:23
1663581083529731000,78.6,1,78.6,6,78.7,12,2,2022-09-19 09:51:23
1663581085319759000,78.7,10,78.6,6,78.7,2,1,2022-09-19 09:51:25
1663581086964952000,78.7,1,78.6,6,78.7,1,1,2022-09-19 09:51:26
1663581089514481000,78.7,1,78.6,6,78.8,25,1,2022-09-19 09:51:29
1663581089670631000,78.8,1,78.7,4,78.8,25,1,2022-09-19 09:51:29
1663581098471250000,78.8,10,78.7,7,78.8,15,1,2022-09-19 09:51:38
1663581099371061000,78.8,1,78.7,7,78.8,14,1,2022-09-19 09:51:39
1663581099482803000,78.8,4,78.7,7,78.8,10,1,2022-09-19 09:51:39
1663581099625083000,78.8,3,78.7,7,78.8,7,1,2022-09-19 09:51:39
1663581099657573000,78.8,1,78.7,7,78.8,6,1,2022-09-19 09:51:39
1663581099886321000,78.8,2,78.7,7,78.8,4,1,2022-09-19 09:51:39
1663581100056556000,78.8,4,78.7,7,78.9,11,1,2022-09-19 09:51:40
1663581100056556000,78.9,6,78.7,7,78.9,11,1,2022-09-19 09:51:40
1663581103094152000,78.9,5,78.8,2,78.9,6,1,2022-09-19 09:51:43
1663581103390183000,78.9,1,78.8,2,78.9,5,1,2022-09-19 09:51:43
1663581103669370000,78.9,1,78.8,2,78.9,4,1,2022-09-19 09:51:43
1663581103782464000,78.9,1,78.8,2,78.9,3,1,2022-09-19 09:51:43
1663581103815037000,78.9,1,78.8,2,78.9,2,1,2022-09-19 09:51:43
1663581104089102000,78.9,1,78.8,2,78.9,1,1,2022-09-19 09:51:44
1663581104119494000,78.9,1,78.8,2,79.0,55,1,2022-09-19 09:51:44
1663581106742898000,78.9,1,78.9,3,79.0,55,2,2022-09-19 09:51:46
1663581109342276000,78.9,1,78.9,3,79.0,55,2,2022-09-19 09:51:49
1663581109503828000,79.0,1,78.9,3,79.0,54,1,2022-09-19 09:51:49
1663581110396587000,79.0,2,78.9,4,79.0,52,1,2022-09-19 09:51:50
1663581111370993000,79.0,1,78.9,5,79.0,51,1,2022-09-19 09:51:51
1663581111382755000,79.0,1,78.9,5,79.0,50,1,2022-09-19 09:51:51
1663581111967246000,79.0,1,78.9,6,79.0,50,1,2022-09-19 09:51:51
1663581113130835000,79.0,1,78.9,6,79.0,49,1,2022-09-19 09:51:53
1663581113681778000,79.0,1,78.9,6,79.0,48,1,2022-09-19 09:51:53
1663581115029063000,79.0,1,78.9,9,79.0,47,1,2022-09-19 09:51:55
1663581115457053000,79.0,1,78.9,9,79.0,46,1,2022-09-19 09:51:55
1663581116698751000,79.0,1,78.9,10,79.0,45,1,2022-09-19 09:51:56
1663581118852212000,79.0,2,78.9,13,79.0,43,1,2022-09-19 09:51:58
1663581118897642000,79.0,1,78.9,13,79.0,42,1,2022-09-19 09:51:58
1663581120025516000,79.0,2,78.9,13,79.0,40,1,2022-09-19 09:52:00
1663581120300210000,79.0,10,78.9,13,79.0,30,1,2022-09-19 09:52:00
1663581120325139000,79.0,6,78.9,13,79.0,24,1,2022-09-19 09:52:00
1663581120355719000,79.0,9,78.9,13,79.0,15,1,2022-09-19 09:52:00
1663581120355765000,79.0,15,78.9,13,79.1,4,1,2022-09-19 09:52:00
1663581120479434000,79.1,1,78.9,13,79.1,3,1,2022-09-19 09:52:00
1663581120555998000,79.1,1,78.9,13,79.1,2,1,2022-09-19 09:52:00
1663581121412845000,79.1,2,79.0,6,79.2,11,1,2022-09-19 09:52:01
1663581121963856000,79.2,2,79.0,8,79.2,9,1,2022-09-19 09:52:01
1663581122311863000,79.2,1,79.1,1,79.2,8,1,2022-09-19 09:52:02
1663581122443148000,79.2,5,79.1,1,79.2,3,1,2022-09-19 09:52:02
1663581123117845000,79.2,1,79.1,1,79.2,2,1,2022-09-19 09:52:03
1663581123153729000,79.2,1,79.1,1,79.2,3,1,2022-09-19 09:52:03
1663581123973257000,79.2,1,79.1,1,79.3,2,1,2022-09-19 09:52:03
1663581126530867000,79.2,1,79.1,2,79.3,4,1,2022-09-19 09:52:06
1663581126530867000,79.3,1,79.1,2,79.3,4,1,2022-09-19 09:52:06
1663581128040208000,79.2,1,79.1,5,79.3,4,2,2022-09-19 09:52:08
1663581128515497000,79.3,4,79.3,1,79.4,8,1,2022-09-19 09:52:08
1663581128676081000,79.4,1,79.3,1,79.4,7,1,2022-09-19 09:52:08
1663581128810043000,79.3,1,79.1,6,79.4,7,2,2022-09-19 09:52:08
1663581130419101000,79.3,2,79.2,3,79.4,7,1,2022-09-19 09:52:10
1663581130503405000,79.4,1,79.2,3,79.4,6,1,2022-09-19 09:52:10
1663581130659812000,79.3,1,79.2,3,79.3,1,1,2022-09-19 09:52:10
1663581130763398000,79.3,1,79.2,3,79.3,1,2,2022-09-19 09:52:10
1663581131559661000,79.3,1,79.2,4,79.4,2,1,2022-09-19 09:52:11
1663581131559661000,79.4,4,79.2,4,79.4,2,1,2022-09-19 09:52:11
1663581131858306000,79.3,1,79.2,4,79.4,2,1,2022-09-19 09:52:11
1663581132992497000,79.4,1,79.3,1,79.4,2,1,2022-09-19 09:52:12
1663581134805001000,79.3,3,79.3,3,79.4,2,2,2022-09-19 09:52:14
1663581135764372000,79.4,1,79.3,3,79.4,1,1,2022-09-19 09:52:15
1663581136717197000,79.4,1,79.3,3,79.5,24,1,2022-09-19 09:52:16
1663581138937534000,79.4,2,79.4,2,79.5,24,1,2022-09-19 09:52:18
1663581139117806000,79.4,2,79.3,4,79.5,24,2,2022-09-19 09:52:19
1663581139136559000,79.5,1,79.3,4,79.5,23,1,2022-09-19 09:52:19
1663581140060378000,79.4,1,79.3,6,79.4,5,1,2022-09-19 09:52:20
1663581140152274000,79.3,6,79.3,6,79.4,8,2,2022-09-19 09:52:20
1663581141281913000,79.3,1,79.2,5,79.4,8,1,2022-09-19 09:52:21
1663581141338569000,79.3,1,79.2,5,79.4,8,2,2022-09-19 09:52:21
1663581141571588000,79.3,1,79.2,5,79.3,1,1,2022-09-19 09:52:21
1663581141903673000,79.2,5,79.1,8,79.3,3,2,2022-09-19 09:52:21
1663581142319074000,79.3,1,79.1,8,79.3,2,1,2022-09-19 09:52:22
1663581142961649000,79.3,4,79.1,7,79.4,8,1,2022-09-19 09:52:22
1663581142961649000,79.4,1,79.1,7,79.4,8,1,2022-09-19 09:52:22
1663581144970800000,79.2,1,79.1,6,79.3,3,2,2022-09-19 09:52:24
1663581145265756000,79.3,1,79.1,6,79.3,2,1,2022-09-19 09:52:25
1663581145940733000,79.3,2,79.1,6,79.3,1,1,2022-09-19 09:52:25
1663581146412806000,79.3,1,79.1,6,79.3,4,1,2022-09-19 09:52:26
1663581146844301000,79.2,1,79.2,1,79.3,3,2,2022-09-19 09:52:26
1663581146874219000,79.2,1,79.1,6,79.3,3,2,2022-09-19 09:52:26
1663581147259405000,79.3,3,79.1,6,79.4,10,1,2022-09-19 09:52:27
1663581147673436000,79.3,1,79.1,6,79.4,10,2,2022-09-19 09:52:27
1663581150459924000,79.3,1,79.2,1,79.4,8,2,2022-09-19 09:52:30
1663581150460140000,79.2,1,79.1,6,79.4,8,2,2022-09-19 09:52:30
1663581151319345000,79.4,1,79.1,6,79.4,7,1,2022-09-19 09:52:31
1663581151430121000,79.3,1,79.3,1,79.4,9,2,2022-09-19 09:52:31
1663581153454668000,79.3,1,79.1,7,79.4,10,2,2022-09-19 09:52:33
