ts,close,volume,bid_price,bid_volume,ask_price,ask_volume,tick_type,datetime
1646298128456377000,34.55,307,34.5,3,34.55,87,0,2022-03-03 09:02:08
1646298128512378000,34.55,1,34.5,3,34.55,86,1,2022-03-03 09:02:08
1646298128515363000,34.5,3,34.45,4,34.55,86,2,2022-03-03 09:02:08
1646298128567662000,34.55,1,34.45,4,34.55,85,1,2022-03-03 09:02:08
1646298129107275000,34.45,4,34.35,3,34.55,85,2,2022-03-03 09:02:09
1646298129107275000,34.4,1,34.35,3,34.55,85,2,2022-03-03 09:02:09
1646298129107275000,34.35,1,34.35,3,34.55,85,2,2022-03-03 09:02:09
1646298129783357000,34.35,1,34.35,2,34.4,58,2,2022-03-03 09:02:09
1646298129785199000,34.35,1,34.35,1,34.4,59,2,2022-03-03 09:02:09
1646298130801210000,34.35,1,34.3,2,34.35,28,2,2022-03-03 09:02:10
1646298130828163000,34.3,1,34.3,1,34.35,28,2,2022-03-03 09:02:10
1646298130862316000,34.3,1,34.2,6,34.35,28,2,2022-03-03 09:02:10
1646298131314308000,34.35,2,34.2,6,34.35,26,1,2022-03-03 09:02:11
1646298139519013000,34.2,6,34.1,1,34.3,9,2,2022-03-03 09:02:19
1646298139519013000,34.15,1,34.1,1,34.3,9,2,2022-03-03 09:02:19
1646298139519013000,34.1,13,34.1,1,34.3,9,2,2022-03-03 09:02:19
1646298140422985000,34.25,1,34.1,1,34.3,9,1,2022-03-03 09:02:20
1646298140647669000,34.3,1,34.1,2,34.3,8,1,2022-03-03 09:02:20
1646298141024206000,34.3,1,34.2,2,34.3,7,1,2022-03-03 09:02:21
1646298142100720000,34.2,2,34.1,22,34.3,8,2,2022-03-03 09:02:22
1646298142309385000,34.3,5,34.1,22,34.3,3,1,2022-03-03 09:02:22
1646298142336902000,34.3,3,34.1,22,34.35,26,1,2022-03-03 09:02:22
1646298146924757000,34.15,1,34.15,10,34.25,1,2,2022-03-03 09:02:26
1646298148059757000,34.25,1,34.15,9,34.3,4,1,2022-03-03 09:02:28
1646298153133636000,34.25,2,34.2,1,34.25,1,1,2022-03-03 09:02:33
1646298153164096000,34.25,1,34.2,1,34.3,4,1,2022-03-03 09:02:33
1646298153672537000,34.2,1,34.15,8,34.3,4,2,2022-03-03 09:02:33
1646298153672537000,34.15,2,34.15,8,34.3,4,2,2022-03-03 09:02:33
1646298154833818000,34.2,1,34.1,1,34.35,26,2,2022-03-03 09:02:34
1646298154833818000,34.15,8,34.1,1,34.35,26,2,2022-03-03 09:02:34
1646298154833818000,34.1,1,34.1,1,34.35,26,2,2022-03-03 09:02:34
1646298156222574000,34.25,5,34.05,5,34.25,1,1,2022-03-03 09:02:36
1646298156252673000,34.25,1,34.05,5,34.35,26,1,2022-03-03 09:02:36
1646298158014639000,34.15,1,34.1,10,34.15,2,1,2022-03-03 09:02:38
1646298158026725000,34.1,1,34.1,9,34.15,2,2,2022-03-03 09:02:38
1646298158039229000,34.15,1,34.1,9,34.15,1,1,2022-03-03 09:02:38
1646298158039813000,34.15,1,34.1,9,34.2,1,1,2022-03-03 09:02:38
1646298158846419000,34.2,1,34.2,1,34.3,4,1,2022-03-03 09:02:38
1646298160936033000,34.2,1,34.1,9,34.2,1,2,2022-03-03 09:02:40
1646298161019849000,34.1,9,34.05,4,34.2,1,2,2022-03-03 09:02:41
1646298161019849000,34.05,1,34.05,4,34.2,1,2,2022-03-03 09:02:41
1646298162885674000,34.1,3,34.05,5,34.15,4,1,2022-03-03 09:02:42
1646298162958787000,34.1,1,34.05,5,34.1,1,1,2022-03-03 09:02:42
1646298162993458000,34.05,1,34.05,4,34.1,1,2,2022-03-03 09:02:42
1646298163020032000,34.1,1,34.05,4,34.15,4,1,2022-03-03 09:02:43
1646298164274819000,34.15,1,34.05,4,34.15,3,1,2022-03-03 09:02:44
1646298164902473000,34.1,2,34.05,4,34.15,3,1,2022-03-03 09:02:44
1646298167619904000,34.15,4,34.1,4,34.2,6,1,2022-03-03 09:02:47
1646298168198491000,34.1,1,34.1,4,34.2,6,2,2022-03-03 09:02:48
1646298171280284000,34.2,2,34.1,9,34.2,4,1,2022-03-03 09:02:51
1646298171684785000,34.2,2,34.1,12,34.2,2,1,2022-03-03 09:02:51
1646298171714031000,34.2,2,34.1,12,34.25,1,1,2022-03-03 09:02:51
1646298175231070000,34.1,1,34.1,27,34.25,1,2,2022-03-03 09:02:55
1646298179526556000,34.25,1,34.15,14,34.3,8,1,2022-03-03 09:02:59
1646298179526556000,34.3,1,34.15,14,34.3,8,1,2022-03-03 09:02:59
1646298180538494000,34.3,1,34.15,14,34.3,7,1,2022-03-03 09:03:00
1646298180598701000,34.2,2,34.15,14,34.3,7,1,2022-03-03 09:03:00
1646298192697263000,34.3,1,34.25,2,34.3,8,1,2022-03-03 09:03:12
1646298195141887000,34.3,1,34.25,2,34.3,7,1,2022-03-03 09:03:15
1646298195719276000,34.3,2,34.25,2,34.3,5,1,2022-03-03 09:03:15
1646298195797324000,34.25,2,34.2,29,34.3,5,2,2022-03-03 09:03:15
1646298195797324000,34.2,4,34.2,29,34.3,5,2,2022-03-03 09:03:15
1646298198219518000,34.3,1,34.2,29,34.3,7,1,2022-03-03 09:03:18
1646298199505031000,34.2,5,34.2,24,34.3,7,2,2022-03-03 09:03:19
1646298199956088000,34.25,1,34.2,24,34.3,6,1,2022-03-03 09:03:19
1646298199956088000,34.3,1,34.2,24,34.3,6,1,2022-03-03 09:03:19
1646298200941126000,34.3,2,34.2,24,34.3,4,1,2022-03-03 09:03:20
1646298202518250000,34.3,2,34.2,24,34.3,2,1,2022-03-03 09:03:22
1646298205205330000,34.3,1,34.2,24,34.3,1,1,2022-03-03 09:03:25
1646298205379617000,34.3,1,34.2,24,34.35,26,1,2022-03-03 09:03:25
1646298209854332000,34.35,5,34.25,3,34.35,21,1,2022-03-03 09:03:29
1646298209881495000,34.35,10,34.25,3,34.35,11,1,2022-03-03 09:03:29
1646298209909961000,34.35,8,34.25,3,34.35,3,1,2022-03-03 09:03:29
1646298209910052000,34.35,1,34.25,3,34.35,2,1,2022-03-03 09:03:29
1646298209929266000,34.35,2,34.25,3,34.4,59,1,2022-03-03 09:03:29
1646298219036247000,34.4,2,34.3,14,34.4,57,1,2022-03-03 09:03:39
1646298219885611000,34.35,2,34.3,14,34.35,1,2,2022-03-03 09:03:39
1646298221403030000,34.35,1,34.3,14,34.4,58,1,2022-03-03 09:03:41
1646298221435301000,34.3,1,34.3,13,34.4,58,2,2022-03-03 09:03:41
1646298224513937000,34.4,1,34.3,13,34.4,57,1,2022-03-03 09:03:44
1646298227602561000,34.4,1,34.35,5,34.4,56,1,2022-03-03 09:03:47
1646298227908727000,34.35,2,34.35,3,34.4,56,2,2022-03-03 09:03:47
1646298229412981000,34.4,5,34.35,3,34.4,51,1,2022-03-03 09:03:49
1646298229470405000,34.4,2,34.35,3,34.4,49,1,2022-03-03 09:03:49
1646298232426612000,34.4,1,34.35,3,34.4,48,1,2022-03-03 09:03:52
1646298232769650000,34.4,1,34.35,3,34.4,47,1,2022-03-03 09:03:52
1646298234592833000,34.35,3,34.3,15,34.4,47,2,2022-03-03 09:03:54
1646298235723908000,34.4,2,34.3,15,34.4,45,1,2022-03-03 09:03:55
1646298235740271000,34.4,1,34.3,15,34.4,44,1,2022-03-03 09:03:55
1646298240209019000,34.3,4,34.3,12,34.35,1,2,2022-03-03 09:04:00
1646298241364704000,34.35,5,34.3,12,34.4,44,1,2022-03-03 09:04:01
1646298244794579000,34.35,1,34.35,2,34.4,44,2,2022-03-03 09:04:04
1646298244984742000,34.35,2,34.2,17,34.4,44,2,2022-03-03 09:04:04
1646298244984742000,34.3,10,34.2,17,34.4,44,2,2022-03-03 09:04:04
1646298244984742000,34.25,8,34.2,17,34.4,44,2,2022-03-03 09:04:04
1646298246202492000,34.4,2,34.2,17,34.4,42,1,2022-03-03 09:04:06
1646298247180922000,34.2,10,34.2,7,34.4,42,2,2022-03-03 09:04:07
1646298256635044000,34.3,4,34.2,12,34.35,4,1,2022-03-03 09:04:16
1646298256635044000,34.35,1,34.2,12,34.35,4,1,2022-03-03 09:04:16
1646298258357407000,34.3,2,34.3,3,34.35,3,2,2022-03-03 09:04:18
1646298258386668000,34.3,1,34.3,2,34.35,3,2,2022-03-03 09:04:18
1646298258388662000,34.3,2,34.2,12,34.35,3,2,2022-03-03 09:04:18
1646298269270724000,34.2,9,34.15,15,34.3,1,2,2022-03-03 09:04:29
1646298269299446000,34.15,1,34.15,14,34.3,1,2,2022-03-03 09:04:29
1646298269301815000,34.15,1,34.15,13,34.3,1,2,2022-03-03 09:04:29
1646298269304229000,34.15,1,34.15,12,34.3,1,2,2022-03-03 09:04:29
1646298269344044000,34.15,2,34.15,10,34.25,2,2,2022-03-03 09:04:29
1646298269373259000,34.15,1,34.15,9,34.25,2,2,2022-03-03 09:04:29
1646298271583658000,34.15,1,34.15,8,34.25,2,2,2022-03-03 09:04:31
1646298272859912000,34.25,1,34.15,8,34.25,1,1,2022-03-03 09:04:32
1646298277151491000,34.25,1,34.15,8,34.3,1,1,2022-03-03 09:04:37
1646298279476119000,34.15,12,34.0,8,34.2,3,2,2022-03-03 09:04:39
1646298279476119000,34.1,8,34.0,8,34.2,3,2,2022-03-03 09:04:39
1646298279476119000,34.05,9,34.0,8,34.2,3,2,2022-03-03 09:04:39
1646298279476119000,34.0,21,34.0,8,34.2,3,2,2022-03-03 09:04:39
1646298279537706000,34.0,8,33.95,2,34.2,3,2,2022-03-03 09:04:39
1646298280136403000,33.95,1,33.95,1,34.15,4,2,2022-03-03 09:04:40
1646298280175032000,34.1,1,33.95,1,34.15,4,2,2022-03-03 09:04:40
1646298280258599000,33.95,1,33.9,5,34.1,1,2,2022-03-03 09:04:40
1646298280258599000,33.9,2,33.9,5,34.1,1,2,2022-03-03 09:04:40
1646298286870054000,33.9,1,33.9,9,34.05,1,2,2022-03-03 09:04:46
1646298288271201000,33.9,2,33.9,6,34.05,2,2,2022-03-03 09:04:48
1646298289904888000,33.9,3,33.9,3,34.05,2,2,2022-03-03 09:04:49
1646298290077516000,33.9,3,33.85,5,34.05,2,2,2022-03-03 09:04:50
1646298297638237000,33.9,5,33.9,16,34.05,1,2,2022-03-03 09:04:57
1646298306340882000,33.95,5,33.9,25,34.0,1,1,2022-03-03 09:05:06
1646298306402795000,33.95,1,33.9,25,34.0,1,1,2022-03-03 09:05:06
1646298307873125000,33.9,20,33.9,5,34.0,1,2,2022-03-03 09:05:07
1646298309987846000,33.95,2,33.9,6,33.95,2,1,2022-03-03 09:05:09
1646298314056104000,33.9,1,33.9,6,33.95,2,2,2022-03-03 09:05:14
1646298315775242000,33.95,2,33.9,6,34.0,1,1,2022-03-03 09:05:15
1646298320545182000,33.95,1,33.9,9,33.95,2,1,2022-03-03 09:05:20
1646298322022437000,33.9,1,33.9,9,33.95,3,2,2022-03-03 09:05:22
1646298322081649000,33.95,1,33.9,9,33.95,2,1,2022-03-03 09:05:22
1646298323267590000,33.95,1,33.9,9,33.95,1,1,2022-03-03 09:05:23
1646298323783270000,33.95,1,33.95,1,34.0,1,1,2022-03-03 09:05:23
1646298324075671000,33.95,1,33.9,9,34.0,1,2,2022-03-03 09:05:24
1646298324351330000,33.9,1,33.9,8,34.0,1,2,2022-03-03 09:05:24
1646298339645469000,33.95,1,33.9,11,34.0,1,2,2022-03-03 09:05:39
1646298347246652000,33.95,1,33.9,11,33.95,1,1,2022-03-03 09:05:47
1646298347444745000,33.95,1,33.9,10,34.0,1,1,2022-03-03 09:05:47
1646298350214370000,33.95,1,33.9,11,34.0,1,1,2022-03-03 09:05:50
1646298351306251000,34.0,1,33.9,11,34.1,1,1,2022-03-03 09:05:51
1646298351306251000,34.05,1,33.9,11,34.1,1,1,2022-03-03 09:05:51
1646298362542457000,34.0,1,33.95,17,34.15,4,1,2022-03-03 09:06:02
1646298371771688000,34.0,1,34.0,4,34.15,5,2,2022-03-03 09:06:11
1646298376148510000,34.0,8,33.95,8,34.15,5,2,2022-03-03 09:06:16
1646298376148510000,33.95,12,33.95,8,34.15,5,2,2022-03-03 09:06:16
1646298383007714000,33.95,10,33.95,3,34.1,3,2,2022-03-03 09:06:23
1646298383037687000,33.95,2,33.95,1,34.1,3,2,2022-03-03 09:06:23
1646298383039247000,33.95,1,33.9,8,34.1,3,2,2022-03-03 09:06:23
1646298388409196000,33.95,1,33.95,1,34.05,2,2,2022-03-03 09:06:28
1646298388442953000,33.95,1,33.9,8,34.05,2,2,2022-03-03 09:06:28
1646298391384432000,33.95,1,33.9,28,34.05,2,2,2022-03-03 09:06:31
1646298393575411000,34.0,1,34.0,1,34.05,2,2,2022-03-03 09:06:33
1646298393576340000,34.0,1,33.9,26,34.05,2,2,2022-03-03 09:06:33
1646298396819629000,34.0,5,33.9,29,34.0,5,2,2022-03-03 09:06:36
1646298399943104000,33.95,1,33.8,4,34.0,5,2,2022-03-03 09:06:39
1646298399943104000,33.9,29,33.8,4,34.0,5,2,2022-03-03 09:06:39
1646298399943104000,33.85,11,33.8,4,34.0,5,2,2022-03-03 09:06:39
1646298399943104000,33.8,9,33.8,4,34.0,5,2,2022-03-03 09:06:39
1646298400537154000,33.8,1,33.8,3,33.95,4,2,2022-03-03 09:06:40
1646298400812836000,33.9,1,33.8,3,33.9,1,1,2022-03-03 09:06:40
1646298400901120000,33.8,2,33.8,1,33.9,1,2,2022-03-03 09:06:40
1646298400901136000,33.8,1,33.7,6,33.9,1,2,2022-03-03 09:06:40
1646298403350118000,33.85,1,33.7,6,33.85,1,1,2022-03-03 09:06:43
1646298407067246000,33.9,1,33.7,6,33.95,2,1,2022-03-03 09:06:47
1646298407067246000,33.95,1,33.7,6,33.95,2,1,2022-03-03 09:06:47
1646298421698343000,33.8,1,33.75,13,33.9,2,1,2022-03-03 09:07:01
1646298423968542000,33.9,1,33.8,1,33.9,2,1,2022-03-03 09:07:03
1646298432669042000,33.9,5,33.8,2,33.95,4,1,2022-03-03 09:07:12
1646298439397157000,33.9,1,33.9,1,33.95,7,1,2022-03-03 09:07:19
1646298439462632000,33.9,1,33.8,3,33.95,7,2,2022-03-03 09:07:19
1646298444581418000,33.9,2,33.9,4,33.95,7,2,2022-03-03 09:07:24
1646298445184408000,33.9,4,33.75,7,33.95,7,2,2022-03-03 09:07:25
1646298445184408000,33.85,1,33.75,7,33.95,7,2,2022-03-03 09:07:25
1646298445184408000,33.8,7,33.75,7,33.95,7,2,2022-03-03 09:07:25
1646298445184408000,33.75,8,33.75,7,33.95,7,2,2022-03-03 09:07:25
1646298445847899000,33.9,2,33.9,5,33.95,7,1,2022-03-03 09:07:25
1646298445979711000,33.95,1,33.9,5,33.95,6,1,2022-03-03 09:07:25
1646298464110049000,33.95,1,33.9,5,33.95,5,1,2022-03-03 09:07:44
1646298464302287000,33.9,2,33.9,3,33.95,5,2,2022-03-03 09:07:44
1646298473526001000,33.9,1,33.9,2,33.95,5,2,2022-03-03 09:07:53
1646298478204317000,33.9,1,33.9,1,33.95,6,2,2022-03-03 09:07:58
1646298482200109000,33.9,1,33.85,1,33.95,6,2,2022-03-03 09:08:02
1646298486126577000,33.85,1,33.8,22,33.95,6,2,2022-03-03 09:08:06
1646298487190706000,33.8,20,33.8,2,33.9,4,2,2022-03-03 09:08:07
1646298487216770000,33.8,2,33.75,7,33.9,4,2,2022-03-03 09:08:07
1646298487796653000,33.85,1,33.75,7,33.85,1,1,2022-03-03 09:08:07
1646298501419743000,33.9,1,33.85,1,33.9,3,1,2022-03-03 09:08:21
1646298501570155000,33.9,3,33.9,2,33.95,6,1,2022-03-03 09:08:21
1646298505209446000,33.95,1,33.9,2,33.95,5,1,2022-03-03 09:08:25
1646298505452625000,33.95,1,33.9,2,33.95,4,1,2022-03-03 09:08:25
1646298506074162000,33.9,2,33.85,3,33.95,4,2,2022-03-03 09:08:26
1646298508877798000,33.95,1,33.85,3,33.95,3,1,2022-03-03 09:08:28
1646298511163687000,33.9,1,33.85,3,33.9,1,1,2022-03-03 09:08:31
1646298513975715000,33.9,1,33.85,3,33.95,3,1,2022-03-03 09:08:33
1646298527707373000,33.9,1,33.85,3,33.9,13,1,2022-03-03 09:08:47
1646298586177326000,33.9,2,33.85,8,33.9,11,1,2022-03-03 09:09:46
1646298588352837000,33.9,2,33.85,8,33.9,9,1,2022-03-03 09:09:48
1646298588371605000,33.85,1,33.85,7,33.9,9,2,2022-03-03 09:09:48
1646298588646389000,33.85,1,33.85,6,33.9,9,2,2022-03-03 09:09:48
1646298592161413000,33.85,1,33.85,5,33.9,9,2,2022-03-03 09:09:52
1646298593440128000,33.9,1,33.85,5,33.9,8,1,2022-03-03 09:09:53
1646298596472004000,33.85,3,33.85,2,33.9,9,2,2022-03-03 09:09:56
1646298609281371000,33.85,1,33.85,2,33.9,8,2,2022-03-03 09:10:09
1646298612910389000,33.85,3,33.8,39,33.85,1,2,2022-03-03 09:10:12
1646298616147836000,33.8,2,33.8,37,33.85,2,2,2022-03-03 09:10:16
1646298616902276000,33.85,1,33.8,37,33.85,1,1,2022-03-03 09:10:16
1646298619092057000,33.8,5,33.8,32,33.85,1,2,2022-03-03 09:10:19
1646298629192007000,33.85,1,33.85,1,33.9,8,2,2022-03-03 09:10:29
1646298633863793000,33.85,2,33.8,32,33.85,8,2,2022-03-03 09:10:33
1646298635640242000,33.85,1,33.8,32,33.85,7,1,2022-03-03 09:10:35
1646298644778646000,33.85,1,33.8,32,33.85,8,1,2022-03-03 09:10:44
1646298646251888000,33.8,5,33.8,28,33.85,8,2,2022-03-03 09:10:46
1646298650765398000,33.8,1,33.8,29,33.85,8,2,2022-03-03 09:10:50
1646298650765417000,33.8,2,33.8,27,33.85,8,2,2022-03-03 09:10:50
1646298656801944000,33.8,3,33.8,24,33.85,8,2,2022-03-03 09:10:56
1646298657455430000,33.8,3,33.8,22,33.85,8,2,2022-03-03 09:10:57
1646298658952283000,33.85,1,33.8,22,33.85,7,1,2022-03-03 09:10:58
1646298660786960000,33.8,1,33.8,21,33.85,7,2,2022-03-03 09:11:00
1646298669910610000,33.8,1,33.8,20,33.85,7,2,2022-03-03 09:11:09
1646298699755605000,33.85,1,33.8,24,33.85,6,1,2022-03-03 09:11:39
1646298699988445000,33.85,1,33.8,24,33.85,5,1,2022-03-03 09:11:39
1646298700065267000,33.8,1,33.8,23,33.85,5,2,2022-03-03 09:11:40
1646298705742441000,33.85,2,33.8,23,33.85,3,1,2022-03-03 09:11:45
1646298705743205000,33.8,6,33.8,17,33.85,3,2,2022-03-03 09:11:45
1646298706797365000,33.85,2,33.8,17,33.85,1,1,2022-03-03 09:11:46
1646298706946002000,33.85,1,33.8,17,33.9,9,1,2022-03-03 09:11:46
1646298707082277000,33.8,1,33.8,16,33.9,9,2,2022-03-03 09:11:47
1646298714737357000,33.9,1,33.8,16,33.9,8,1,2022-03-03 09:11:54
1646298726650152000,33.85,1,33.85,1,33.9,8,2,2022-03-03 09:12:06
1646298728021778000,33.9,1,33.85,1,33.9,7,1,2022-03-03 09:12:08
1646298734903411000,33.9,1,33.85,1,33.9,6,1,2022-03-03 09:12:14
1646298738534643000,33.9,1,33.85,2,33.9,5,1,2022-03-03 09:12:18
1646298752611458000,33.9,1,33.85,4,33.9,4,1,2022-03-03 09:12:32
1646298757302121000,33.9,1,33.85,4,33.9,3,1,2022-03-03 09:12:37
1646298761781948000,33.9,1,33.85,14,33.9,2,1,2022-03-03 09:12:41
1646298764274919000,33.9,1,33.85,14,33.9,1,1,2022-03-03 09:12:44
1646298767884797000,33.9,1,33.9,2,33.95,3,1,2022-03-03 09:12:47
1646298793396210000,33.95,1,33.9,4,33.95,2,1,2022-03-03 09:13:13
1646298800869894000,33.95,1,33.9,5,33.95,1,1,2022-03-03 09:13:20
1646298807004996000,33.95,1,33.9,5,34.05,4,1,2022-03-03 09:13:27
1646298877049592000,34.0,1,34.0,11,34.05,4,2,2022-03-03 09:14:37
1646298886084325000,34.05,1,34.0,13,34.05,3,1,2022-03-03 09:14:46
1646298886116958000,34.05,3,34.0,13,34.1,2,1,2022-03-03 09:14:46
1646298897107389000,34.1,2,34.05,8,34.15,2,1,2022-03-03 09:14:57
1646298901338994000,34.1,1,34.05,9,34.15,2,1,2022-03-03 09:15:01
1646298908137678000,34.15,1,34.05,9,34.15,1,1,2022-03-03 09:15:08
1646298909393007000,34.1,1,34.1,2,34.15,1,2,2022-03-03 09:15:09
1646298916637906000,34.15,1,34.1,4,34.2,5,1,2022-03-03 09:15:16
1646298917006212000,34.2,5,34.1,4,34.25,7,1,2022-03-03 09:15:17
1646298917189238000,34.25,1,34.1,4,34.25,6,1,2022-03-03 09:15:17
1646298918487380000,34.25,6,34.25,4,34.3,3,1,2022-03-03 09:15:18
1646298919890941000,34.3,3,34.25,4,34.35,47,1,2022-03-03 09:15:19
1646298919890941000,34.35,5,34.25,4,34.35,47,1,2022-03-03 09:15:19
1646298919932140000,34.35,1,34.25,4,34.35,46,1,2022-03-03 09:15:19
1646298919961886000,34.25,4,34.15,1,34.35,46,2,2022-03-03 09:15:19
1646298919961886000,34.15,1,34.15,1,34.35,46,2,2022-03-03 09:15:19
1646298943277892000,34.25,1,34.2,2,34.3,3,1,2022-03-03 09:15:43
1646298948642641000,34.2,1,34.2,1,34.3,3,2,2022-03-03 09:15:48
1646298948668096000,34.2,1,34.15,6,34.3,3,2,2022-03-03 09:15:48
1646298955602101000,34.2,1,34.2,4,34.3,4,2,2022-03-03 09:15:55
1646298955633176000,34.2,4,34.15,5,34.3,4,2,2022-03-03 09:15:55
1646298972910325000,34.2,2,34.2,5,34.25,8,2,2022-03-03 09:16:12
1646298973759235000,34.2,5,34.15,10,34.25,8,2,2022-03-03 09:16:13
1646298976050606000,34.25,1,34.15,10,34.25,7,1,2022-03-03 09:16:16
1646298982461785000,34.25,1,34.15,15,34.25,6,1,2022-03-03 09:16:22
1646298988885789000,34.25,2,34.15,17,34.25,4,1,2022-03-03 09:16:28
1646298997222656000,34.2,2,34.15,17,34.25,1,1,2022-03-03 09:16:37
1646298997222656000,34.25,3,34.15,17,34.25,1,1,2022-03-03 09:16:37
1646299000060070000,34.25,1,34.15,17,34.3,5,1,2022-03-03 09:16:40
1646299011582261000,34.3,4,34.3,1,34.35,47,1,2022-03-03 09:16:51
1646299011618418000,34.3,1,34.2,10,34.35,47,2,2022-03-03 09:16:51
1646299023046352000,34.3,3,34.3,2,34.35,47,1,2022-03-03 09:17:03
1646299023084123000,34.3,2,34.2,11,34.35,47,2,2022-03-03 09:17:03
1646299029533088000,34.3,1,34.2,11,34.35,47,1,2022-03-03 09:17:09
1646299034659544000,34.3,1,34.2,11,34.35,47,1,2022-03-03 09:17:14
1646299051081486000,34.25,2,34.25,1,34.3,2,2,2022-03-03 09:17:31
1646299051114374000,34.25,1,34.2,7,34.3,2,2,2022-03-03 09:17:31
1646299054789095000,34.3,2,34.3,1,34.35,47,1,2022-03-03 09:17:34
1646299054817305000,34.3,1,34.25,2,34.35,47,2,2022-03-03 09:17:34
1646299060108254000,34.3,2,34.25,3,34.35,47,2,2022-03-03 09:17:40
1646299063775498000,34.35,1,34.25,3,34.35,47,1,2022-03-03 09:17:43
1646299064620365000,34.3,1,34.3,1,34.35,47,2,2022-03-03 09:17:44
1646299064620394000,34.3,1,34.25,8,34.35,47,2,2022-03-03 09:17:44
1646299066231772000,34.3,2,34.25,8,34.35,47,1,2022-03-03 09:17:46
1646299086035154000,34.3,3,34.25,8,34.35,47,1,2022-03-03 09:18:06
1646299090256210000,34.3,2,34.25,8,34.35,47,2,2022-03-03 09:18:10
1646299092559920000,34.3,1,34.25,8,34.35,47,1,2022-03-03 09:18:12
1646299093464210000,34.35,1,34.25,8,34.35,46,1,2022-03-03 09:18:13
1646299121758581000,34.3,1,34.25,9,34.35,46,1,2022-03-03 09:18:41
1646299123066360000,34.35,2,34.25,14,34.35,44,1,2022-03-03 09:18:43
1646299132214321000,34.3,2,34.25,14,34.35,54,2,2022-03-03 09:18:52
1646299157724321000,34.3,2,34.25,15,34.3,2,1,2022-03-03 09:19:17
1646299160030097000,34.3,2,34.3,8,34.35,54,1,2022-03-03 09:19:20
1646299160699062000,34.35,10,34.3,8,34.35,44,1,2022-03-03 09:19:20
1646299167791108000,34.35,1,34.3,8,34.35,43,1,2022-03-03 09:19:27
1646299169681925000,34.3,8,34.25,15,34.3,2,2,2022-03-03 09:19:29
1646299169886515000,34.3,2,34.3,3,34.35,43,1,2022-03-03 09:19:29
1646299174046924000,34.3,1,34.3,2,34.35,43,2,2022-03-03 09:19:34
1646299174364160000,34.35,4,34.3,2,34.35,39,1,2022-03-03 09:19:34
1646299178648372000,34.35,2,34.3,2,34.35,38,1,2022-03-03 09:19:38
1646299183955028000,34.35,1,34.3,24,34.35,37,1,2022-03-03 09:19:43
1646299188520121000,34.35,5,34.3,24,34.35,32,1,2022-03-03 09:19:48
1646299192470186000,34.35,2,34.3,24,34.35,28,1,2022-03-03 09:19:52
1646299194441296000,34.35,2,34.3,24,34.35,26,1,2022-03-03 09:19:54
1646299195046233000,34.35,1,34.3,24,34.35,25,1,2022-03-03 09:19:55
1646299196619774000,34.35,3,34.3,24,34.35,22,1,2022-03-03 09:19:56
1646299196672620000,34.35,3,34.3,24,34.35,19,1,2022-03-03 09:19:56
1646299196710952000,34.35,2,34.3,24,34.35,17,1,2022-03-03 09:19:56
1646299200057504000,34.35,3,34.3,24,34.35,4,1,2022-03-03 09:20:00
1646299200598575000,34.35,1,34.3,24,34.35,3,1,2022-03-03 09:20:00
1646299201650266000,34.35,1,34.3,24,34.35,2,1,2022-03-03 09:20:01
1646299202047339000,34.35,2,34.35,3,34.4,41,1,2022-03-03 09:20:02
1646299213244083000,34.4,2,34.35,46,34.4,41,1,2022-03-03 09:20:13
1646299214608000000,34.4,20,34.35,27,34.4,21,1,2022-03-03 09:20:14
1646299221010189000,34.35,2,34.35,26,34.4,21,2,2022-03-03 09:20:21
1646299222454931000,34.4,1,34.35,26,34.4,20,1,2022-03-03 09:20:22
1646299223563601000,34.4,20,34.35,6,34.45,29,1,2022-03-03 09:20:23
1646299228540428000,34.4,1,34.35,7,34.4,1,2,2022-03-03 09:20:28
1646299230573217000,34.4,1,34.35,7,34.45,29,1,2022-03-03 09:20:30
1646299232895750000,34.45,1,34.35,7,34.45,28,1,2022-03-03 09:20:32
1646299232936095000,34.45,1,34.35,7,34.45,27,1,2022-03-03 09:20:32
1646299232936978000,34.45,1,34.35,7,34.45,26,1,2022-03-03 09:20:32
1646299234040959000,34.45,2,34.35,8,34.45,24,1,2022-03-03 09:20:34
1646299240815033000,34.45,2,34.4,2,34.45,22,1,2022-03-03 09:20:40
1646299241233925000,34.45,1,34.4,2,34.45,21,1,2022-03-03 09:20:41
1646299246089243000,34.45,3,34.4,2,34.45,28,1,2022-03-03 09:20:46
1646299247012382000,34.45,1,34.4,2,34.45,27,1,2022-03-03 09:20:47
1646299247129029000,34.4,1,34.4,1,34.45,27,2,2022-03-03 09:20:47
1646299248814467000,34.45,10,34.4,1,34.45,17,1,2022-03-03 09:20:48
1646299252186844000,34.45,1,34.4,1,34.45,16,1,2022-03-03 09:20:52
1646299252893223000,34.45,1,34.4,2,34.45,15,1,2022-03-03 09:20:52
1646299253260236000,34.4,1,34.4,1,34.45,15,2,2022-03-03 09:20:53
1646299254636496000,34.45,15,34.4,1,34.5,13,1,2022-03-03 09:20:54
1646299254636496000,34.5,5,34.4,1,34.5,13,1,2022-03-03 09:20:54
1646299258202389000,34.5,1,34.45,7,34.5,12,1,2022-03-03 09:20:58
1646299259364319000,34.45,2,34.45,5,34.5,12,2,2022-03-03 09:20:59
1646299260615894000,34.5,5,34.45,5,34.5,7,1,2022-03-03 09:21:00
1646299262492079000,34.5,5,34.45,5,34.5,2,1,2022-03-03 09:21:02
1646299264976643000,34.5,2,34.45,5,34.55,112,1,2022-03-03 09:21:04
1646299266663790000,34.5,10,34.5,1,34.55,112,2,2022-03-03 09:21:06
1646299273053654000,34.5,1,34.45,20,34.55,112,2,2022-03-03 09:21:13
1646299288800520000,34.55,3,34.5,6,34.55,69,1,2022-03-03 09:21:28
1646299289349414000,34.55,8,34.5,6,34.55,53,1,2022-03-03 09:21:29
1646299289368231000,34.55,50,34.5,6,34.55,3,1,2022-03-03 09:21:29
1646299289368401000,34.55,2,34.5,6,34.55,1,1,2022-03-03 09:21:29
1646299289378184000,34.55,1,34.5,6,34.65,1,1,2022-03-03 09:21:29
1646299290127993000,34.6,2,34.5,6,34.6,3,1,2022-03-03 09:21:30
1646299290152347000,34.6,3,34.5,6,34.65,1,1,2022-03-03 09:21:30
1646299292963104000,34.55,1,34.55,27,34.65,1,2,2022-03-03 09:21:32
1646299303063471000,34.6,6,34.55,19,34.65,1,2,2022-03-03 09:21:43
1646299303063471000,34.55,14,34.55,19,34.65,1,2,2022-03-03 09:21:43
1646299303147361000,34.65,2,34.55,19,34.7,2,1,2022-03-03 09:21:43
1646299303213072000,34.7,1,34.55,19,34.7,1,1,2022-03-03 09:21:43
1646299303215991000,34.7,1,34.55,19,34.75,2,1,2022-03-03 09:21:43
1646299303220837000,34.75,1,34.55,19,34.75,1,1,2022-03-03 09:21:43
1646299303251321000,34.75,1,34.55,19,34.8,14,1,2022-03-03 09:21:43
1646299303271190000,34.8,1,34.55,19,34.8,13,1,2022-03-03 09:21:43
1646299303272783000,34.8,1,34.55,19,34.8,12,1,2022-03-03 09:21:43
1646299303287940000,34.75,1,34.55,19,34.8,12,1,2022-03-03 09:21:43
1646299303888869000,34.8,1,34.55,19,34.8,11,1,2022-03-03 09:21:43
1646299306008226000,34.8,3,34.6,3,34.8,8,1,2022-03-03 09:21:46
1646299310717921000,34.8,1,34.6,4,34.8,8,1,2022-03-03 09:21:50
1646299311286488000,34.8,1,34.6,4,34.8,7,1,2022-03-03 09:21:51
1646299314404788000,34.8,1,34.7,1,34.8,7,1,2022-03-03 09:21:54
1646299314670388000,34.7,1,34.6,4,34.8,17,2,2022-03-03 09:21:54
1646299315301027000,34.7,1,34.6,5,34.75,4,1,2022-03-03 09:21:55
1646299316185259000,34.75,1,34.6,5,34.75,3,1,2022-03-03 09:21:56
1646299316910136000,34.75,2,34.7,10,34.75,1,1,2022-03-03 09:21:56
1646299317841679000,34.7,10,34.65,1,34.75,1,2,2022-03-03 09:21:57
1646299317899530000,34.75,1,34.65,1,34.8,9,1,2022-03-03 09:21:57
1646299317899530000,34.8,2,34.65,1,34.8,9,1,2022-03-03 09:21:57
1646299319841532000,34.75,1,34.7,1,34.8,8,1,2022-03-03 09:21:59
1646299319841532000,34.8,1,34.7,1,34.8,8,1,2022-03-03 09:21:59
1646299324447342000,34.75,1,34.7,2,34.8,12,1,2022-03-03 09:22:04
1646299326172620000,34.8,2,34.7,3,34.8,10,1,2022-03-03 09:22:06
1646299328078792000,34.75,2,34.7,8,34.75,1,1,2022-03-03 09:22:08
1646299329011965000,34.75,2,34.7,8,34.8,10,1,2022-03-03 09:22:09
1646299329719677000,34.75,1,34.7,9,34.8,10,1,2022-03-03 09:22:09
1646299330084924000,34.75,1,34.7,9,34.8,9,1,2022-03-03 09:22:10
1646299330084924000,34.8,1,34.7,9,34.8,9,1,2022-03-03 09:22:10
1646299330972615000,34.75,1,34.7,9,34.75,2,1,2022-03-03 09:22:10
1646299331350216000,34.75,2,34.75,1,34.8,11,1,2022-03-03 09:22:11
1646299336005951000,34.8,1,34.75,18,34.8,10,1,2022-03-03 09:22:16
1646299339828347000,34.8,1,34.75,19,34.8,10,1,2022-03-03 09:22:19
1646299341019089000,34.8,1,34.75,19,34.8,9,1,2022-03-03 09:22:21
1646299343511907000,34.8,1,34.75,19,34.8,8,1,2022-03-03 09:22:23
1646299343800452000,34.8,1,34.75,19,34.8,7,1,2022-03-03 09:22:23
1646299344203890000,34.8,1,34.75,19,34.8,6,1,2022-03-03 09:22:24
1646299344351807000,34.8,6,34.8,4,34.85,4,1,2022-03-03 09:22:24
1646299352970565000,34.85,1,34.8,13,34.85,3,1,2022-03-03 09:22:32
1646299353755891000,34.85,3,34.85,2,34.9,3,1,2022-03-03 09:22:33
1646299357379828000,34.9,3,34.9,7,34.95,11,1,2022-03-03 09:22:37
1646299361177358000,34.95,1,34.9,9,34.95,10,1,2022-03-03 09:22:41
1646299362788129000,34.9,2,34.9,8,34.95,10,2,2022-03-03 09:22:42
1646299362985697000,34.95,10,34.9,8,35.0,40,1,2022-03-03 09:22:42
1646299364563598000,35.0,2,34.9,9,35.0,38,1,2022-03-03 09:22:44
1646299364599548000,35.0,1,34.9,9,35.0,37,1,2022-03-03 09:22:44
1646299365544757000,34.95,4,34.9,9,35.0,37,2,2022-03-03 09:22:45
1646299365544757000,34.9,1,34.9,9,35.0,37,2,2022-03-03 09:22:45
1646299367271927000,34.9,1,34.9,8,34.95,2,2,2022-03-03 09:22:47
1646299367754529000,34.95,2,34.9,8,35.0,31,1,2022-03-03 09:22:47
1646299367754529000,35.0,8,34.9,8,35.0,31,1,2022-03-03 09:22:47
1646299368877384000,34.95,1,34.9,8,35.0,31,1,2022-03-03 09:22:48
1646299369954073000,34.95,2,34.9,8,35.0,23,1,2022-03-03 09:22:49
1646299369954073000,35.0,8,34.9,8,35.0,23,1,2022-03-03 09:22:49
1646299371776988000,35.0,1,34.9,11,35.0,23,1,2022-03-03 09:22:51
1646299371781303000,34.9,11,34.85,4,34.9,9,2,2022-03-03 09:22:51
1646299372263337000,34.9,2,34.85,4,34.9,7,1,2022-03-03 09:22:52
1646299372416398000,34.9,1,34.85,4,34.9,6,1,2022-03-03 09:22:52
1646299372865080000,34.9,3,34.85,4,34.9,3,1,2022-03-03 09:22:52
1646299373242640000,34.85,4,34.8,13,34.85,7,2,2022-03-03 09:22:53
1646299373269752000,34.85,1,34.8,13,34.85,6,1,2022-03-03 09:22:53
1646299373494946000,34.85,1,34.8,13,34.85,5,1,2022-03-03 09:22:53
1646299374243906000,34.85,1,34.8,14,34.85,4,1,2022-03-03 09:22:54
1646299374393901000,34.8,2,34.8,12,34.85,4,2,2022-03-03 09:22:54
1646299374509941000,34.85,1,34.8,12,34.85,3,1,2022-03-03 09:22:54
1646299374614319000,34.8,2,34.8,10,34.85,14,2,2022-03-03 09:22:54
1646299374614498000,34.8,10,34.75,6,34.85,14,2,2022-03-03 09:22:54
1646299374644457000,34.75,1,34.75,5,34.85,14,2,2022-03-03 09:22:54
1646299374679761000,34.75,5,34.7,11,34.8,1,2,2022-03-03 09:22:54
1646299375001221000,34.7,2,34.7,9,34.8,2,2,2022-03-03 09:22:55
1646299375030453000,34.7,1,34.7,8,34.8,2,2,2022-03-03 09:22:55
1646299375032294000,34.7,5,34.7,3,34.8,2,2,2022-03-03 09:22:55
1646299375059841000,34.7,1,34.7,2,34.8,2,2,2022-03-03 09:22:55
1646299375059892000,34.7,1,34.7,1,34.8,2,2,2022-03-03 09:22:55
1646299375100895000,34.7,1,34.65,2,34.8,2,2,2022-03-03 09:22:55
1646299375298126000,34.65,2,34.6,8,34.65,2,2,2022-03-03 09:22:55
1646299375410859000,34.6,1,34.6,7,34.65,2,2,2022-03-03 09:22:55
1646299376258466000,34.6,7,34.55,9,34.65,7,2,2022-03-03 09:22:56
1646299376258466000,34.55,4,34.55,9,34.65,7,2,2022-03-03 09:22:56
1646299376330961000,34.65,1,34.55,9,34.65,6,1,2022-03-03 09:22:56
1646299376336745000,34.65,1,34.55,9,34.65,5,1,2022-03-03 09:22:56
1646299376979818000,34.55,9,34.5,6,34.6,13,2,2022-03-03 09:22:56
1646299376979818000,34.5,1,34.5,6,34.6,13,2,2022-03-03 09:22:56
1646299378123330000,34.5,2,34.5,4,34.6,22,2,2022-03-03 09:22:58
1646299378157605000,34.5,4,34.45,3,34.6,22,2,2022-03-03 09:22:58
1646299380006566000,34.6,4,34.5,1,34.6,17,1,2022-03-03 09:23:00
1646299381648099000,34.6,1,34.5,2,34.6,7,1,2022-03-03 09:23:01
1646299381957386000,34.6,2,34.5,2,34.6,6,1,2022-03-03 09:23:01
1646299382490803000,34.6,1,34.5,2,34.7,8,1,2022-03-03 09:23:02
1646299382615375000,34.5,2,34.45,3,34.5,3,2,2022-03-03 09:23:02
1646299382638642000,34.5,3,34.45,3,34.7,8,1,2022-03-03 09:23:02
1646299382645819000,34.45,1,34.45,2,34.7,8,2,2022-03-03 09:23:02
1646299384438908000,34.6,1,34.5,2,34.6,10,2,2022-03-03 09:23:04
1646299388506400000,34.6,2,34.5,4,34.6,9,2,2022-03-03 09:23:08
1646299390841823000,34.5,4,34.45,4,34.55,1,2,2022-03-03 09:23:10
1646299391626300000,34.55,1,34.45,4,34.55,2,1,2022-03-03 09:23:11
1646299395177798000,34.55,2,34.5,7,34.6,5,1,2022-03-03 09:23:15
1646299399433696000,34.55,1,34.5,8,34.55,4,1,2022-03-03 09:23:19
1646299399487290000,34.5,8,34.45,4,34.5,3,2,2022-03-03 09:23:19
1646299400587899000,34.55,1,34.45,4,34.55,3,1,2022-03-03 09:23:20
1646299402042507000,34.55,3,34.45,4,34.6,16,1,2022-03-03 09:23:22
1646299405426477000,34.5,1,34.45,4,34.55,10,2,2022-03-03 09:23:25
1646299408500364000,34.55,1,34.45,4,34.55,10,1,2022-03-03 09:23:28
1646299409201055000,34.55,3,34.45,4,34.55,6,1,2022-03-03 09:23:29
1646299416431141000,34.5,1,34.45,3,34.55,7,2,2022-03-03 09:23:36
1646299419974871000,34.55,1,34.45,4,34.55,11,1,2022-03-03 09:23:39
1646299425642689000,34.45,4,34.35,1,34.45,7,2,2022-03-03 09:23:45
1646299427572214000,34.5,3,34.35,1,34.55,10,1,2022-03-03 09:23:47
1646299427572214000,34.55,1,34.35,1,34.55,10,1,2022-03-03 09:23:47
1646299428184491000,34.5,1,34.35,1,34.7,4,1,2022-03-03 09:23:48
1646299428184491000,34.55,10,34.35,1,34.7,4,1,2022-03-03 09:23:48
1646299428184491000,34.6,4,34.35,1,34.7,4,1,2022-03-03 09:23:48
1646299428184491000,34.65,11,34.35,1,34.7,4,1,2022-03-03 09:23:48
1646299428184491000,34.7,4,34.35,1,34.7,4,1,2022-03-03 09:23:48
1646299432514386000,34.55,1,34.35,2,34.6,1,2,2022-03-03 09:23:52
1646299441032609000,34.6,1,34.4,4,34.7,4,1,2022-03-03 09:24:01
1646299441032609000,34.65,1,34.4,4,34.7,4,1,2022-03-03 09:24:01
1646299448165781000,34.55,1,34.45,1,34.55,4,2,2022-03-03 09:24:08
1646299449373055000,34.55,2,34.45,1,34.55,2,1,2022-03-03 09:24:09
1646299451984791000,34.55,1,34.45,4,34.55,1,1,2022-03-03 09:24:11
1646299452011725000,34.55,1,34.45,4,34.7,9,1,2022-03-03 09:24:12
1646299454212826000,34.65,1,34.55,1,34.7,9,2,2022-03-03 09:24:14
1646299465691487000,34.55,2,34.5,4,34.55,8,2,2022-03-03 09:24:25
1646299465758681000,34.5,4,34.45,4,34.55,8,2,2022-03-03 09:24:25
1646299467256710000,34.45,4,34.4,8,34.45,11,2,2022-03-03 09:24:27
1646299467298685000,34.4,1,34.4,7,34.45,11,2,2022-03-03 09:24:27
1646299467424822000,34.4,1,34.4,6,34.45,11,2,2022-03-03 09:24:27
1646299467474736000,34.45,1,34.4,6,34.45,10,1,2022-03-03 09:24:27
1646299467824897000,34.4,1,34.4,5,34.45,10,2,2022-03-03 09:24:27
1646299474422239000,34.4,1,34.4,5,34.45,1,2,2022-03-03 09:24:34
1646299482999291000,34.55,1,34.4,6,34.55,14,1,2022-03-03 09:24:42
1646299483000873000,34.4,1,34.4,5,34.55,14,2,2022-03-03 09:24:43
1646299484065784000,34.45,1,34.4,4,34.55,14,2,2022-03-03 09:24:44
1646299487203429000,34.4,1,34.4,3,34.55,14,2,2022-03-03 09:24:47
1646299497077644000,34.45,1,34.45,4,34.55,14,2,2022-03-03 09:24:57
1646299507568111000,34.5,1,34.45,4,34.55,14,1,2022-03-03 09:25:07
1646299512030965000,34.45,1,34.45,3,34.55,14,2,2022-03-03 09:25:12
1646299514063304000,34.55,14,34.45,3,34.6,4,1,2022-03-03 09:25:14
1646299514063304000,34.6,11,34.45,3,34.6,4,1,2022-03-03 09:25:14
1646299526152570000,34.55,1,34.45,4,34.6,4,2,2022-03-03 09:25:26
1646299527464236000,34.55,2,34.45,4,34.6,4,2,2022-03-03 09:25:27
1646299531505310000,34.5,1,34.45,7,34.5,9,2,2022-03-03 09:25:31
1646299532554963000,34.5,5,34.45,7,34.5,4,1,2022-03-03 09:25:32
1646299532588634000,34.5,3,34.45,7,34.5,1,1,2022-03-03 09:25:32
1646299532621872000,34.5,1,34.45,7,34.6,5,1,2022-03-03 09:25:32
1646299568912953000,34.5,2,34.45,8,34.6,7,2,2022-03-03 09:26:08
1646299579673903000,34.5,1,34.45,8,34.55,1,2,2022-03-03 09:26:19
1646299583744121000,34.45,5,34.45,3,34.55,3,2,2022-03-03 09:26:23
1646299600326574000,34.45,1,34.45,1,34.55,3,2,2022-03-03 09:26:40
1646299600356110000,34.45,1,34.4,7,34.55,3,2,2022-03-03 09:26:40
1646299624634652000,34.45,1,34.4,6,34.5,5,2,2022-03-03 09:27:04
1646299675232838000,34.45,1,34.4,6,34.45,5,1,2022-03-03 09:27:55
1646299708317422000,34.45,1,34.4,6,34.45,4,1,2022-03-03 09:28:28
1646299714005832000,34.45,4,34.45,6,34.5,5,1,2022-03-03 09:28:34
1646299719794245000,34.45,1,34.45,5,34.5,5,2,2022-03-03 09:28:39
1646299723444265000,34.45,2,34.45,3,34.5,5,2,2022-03-03 09:28:43
1646299731865432000,34.45,5,34.4,7,34.5,5,2,2022-03-03 09:28:51
1646299735278962000,34.4,4,34.4,3,34.45,25,2,2022-03-03 09:28:55
1646299735278994000,34.4,3,34.35,2,34.45,25,2,2022-03-03 09:28:55
1646299749524559000,34.35,2,34.35,5,34.45,25,2,2022-03-03 09:29:09
1646299753268188000,34.35,1,34.35,4,34.4,1,2,2022-03-03 09:29:13
1646299756921050000,34.35,1,34.35,3,34.4,1,2,2022-03-03 09:29:16
1646299759233977000,34.35,3,34.3,6,34.4,1,2,2022-03-03 09:29:19
1646299775615887000,34.35,1,34.3,6,34.35,1,1,2022-03-03 09:29:35
1646299775995275000,34.35,1,34.35,1,34.4,2,1,2022-03-03 09:29:35
1646299783043317000,34.35,1,34.3,4,34.4,2,2,2022-03-03 09:29:43
1646299783498475000,34.3,1,34.3,3,34.4,2,2,2022-03-03 09:29:43
1646299783598146000,34.3,2,34.3,1,34.4,2,2,2022-03-03 09:29:43
1646299783733267000,34.3,1,34.25,6,34.4,2,2,2022-03-03 09:29:43
1646299783746234000,34.25,1,34.25,5,34.4,2,2,2022-03-03 09:29:43
1646299783756779000,34.25,1,34.25,4,34.4,2,2,2022-03-03 09:29:43
1646299783767868000,34.25,1,34.25,3,34.4,2,2,2022-03-03 09:29:43
1646299783779718000,34.25,1,34.25,2,34.4,2,2,2022-03-03 09:29:43
1646299783794716000,34.25,1,34.25,1,34.4,2,2,2022-03-03 09:29:43
1646299783811808000,34.25,1,34.2,8,34.4,2,2,2022-03-03 09:29:43
1646299783886234000,34.2,4,34.2,4,34.4,2,2,2022-03-03 09:29:43
1646299784014823000,34.2,1,34.2,3,34.4,2,2,2022-03-03 09:29:44
1646299786265529000,34.2,1,34.2,2,34.4,4,2,2022-03-03 09:29:46
1646299788059581000,34.2,2,34.15,3,34.4,4,2,2022-03-03 09:29:48
1646299788059581000,34.15,1,34.15,3,34.4,4,2,2022-03-03 09:29:48
1646299795853431000,34.15,1,34.15,2,34.3,2,2,2022-03-03 09:29:55
1646299800721729000,34.15,1,34.15,1,34.25,1,2,2022-03-03 09:30:00
1646299811949314000,34.15,1,34.1,6,34.25,1,1,2022-03-03 09:30:11
1646299814475315000,34.1,1,34.1,5,34.25,1,2,2022-03-03 09:30:14
1646299814520828000,34.1,1,34.1,4,34.25,1,2,2022-03-03 09:30:14
1646299818011547000,34.15,1,34.1,2,34.15,1,1,2022-03-03 09:30:18
1646299818047987000,34.15,1,34.1,2,34.25,1,1,2022-03-03 09:30:18
1646299818099466000,34.25,1,34.1,2,34.3,3,1,2022-03-03 09:30:18
1646299828921650000,34.25,4,34.15,1,34.25,1,1,2022-03-03 09:30:28
1646299828963910000,34.25,1,34.15,1,34.3,3,1,2022-03-03 09:30:28
1646299830565337000,34.15,1,34.1,6,34.3,3,2,2022-03-03 09:30:30
1646299844876688000,34.3,3,34.25,10,34.45,22,1,2022-03-03 09:30:44
1646299844876688000,34.4,4,34.25,10,34.45,22,1,2022-03-03 09:30:44
1646299844876688000,34.45,3,34.25,10,34.45,22,1,2022-03-03 09:30:44
1646299850812180000,34.25,10,34.2,3,34.4,2,2,2022-03-03 09:30:50
1646299873585160000,34.25,1,34.2,3,34.25,9,2,2022-03-03 09:31:13
1646299887033321000,34.2,3,34.15,3,34.2,2,2,2022-03-03 09:31:27
1646299895025944000,34.2,1,34.15,3,34.2,1,1,2022-03-03 09:31:35
1646299895054195000,34.2,1,34.15,3,34.25,9,1,2022-03-03 09:31:35
1646299895447381000,34.15,1,34.15,2,34.25,9,2,2022-03-03 09:31:35
1646299922257635000,34.2,2,34.15,7,34.2,2,1,2022-03-03 09:32:02
1646299936732952000,34.2,1,34.15,7,34.2,1,1,2022-03-03 09:32:16
1646299944641198000,34.2,1,34.15,7,34.25,9,1,2022-03-03 09:32:24
1646299971268588000,34.15,7,34.15,1,34.2,10,2,2022-03-03 09:32:51
1646299983475606000,34.15,1,34.1,7,34.2,10,2,2022-03-03 09:33:03
1646299987325594000,34.1,1,34.1,6,34.2,10,2,2022-03-03 09:33:07
1646299991072384000,34.1,1,34.1,5,34.2,10,2,2022-03-03 09:33:11
1646299991277088000,34.1,1,34.1,4,34.2,10,2,2022-03-03 09:33:11
1646299991995439000,34.1,2,34.1,2,34.2,10,2,2022-03-03 09:33:11
1646299992024671000,34.1,1,34.1,1,34.2,10,2,2022-03-03 09:33:12
1646299993130196000,34.1,1,34.05,8,34.2,10,2,2022-03-03 09:33:13
1646300001292560000,34.1,1,34.1,5,34.2,10,1,2022-03-03 09:33:21
1646300001817211000,34.1,2,34.1,3,34.2,10,2,2022-03-03 09:33:21
1646300004761876000,34.1,1,34.1,2,34.2,10,2,2022-03-03 09:33:24
1646300013698951000,34.1,1,34.1,1,34.2,10,2,2022-03-03 09:33:33
1646300019090313000,34.1,1,34.05,22,34.2,10,2,2022-03-03 09:33:39
1646300042249663000,34.05,10,34.0,24,34.05,5,2,2022-03-03 09:34:02
1646300069644421000,34.0,5,34.0,18,34.05,5,2,2022-03-03 09:34:29
1646300073205385000,34.0,1,34.0,17,34.05,5,2,2022-03-03 09:34:33
1646300075276658000,34.05,1,34.0,17,34.05,5,1,2022-03-03 09:34:35
1646300079060727000,34.0,1,34.0,16,34.05,5,2,2022-03-03 09:34:39
1646300092747638000,34.0,2,34.0,14,34.05,18,2,2022-03-03 09:34:52
1646300094767774000,34.0,1,34.0,13,34.05,18,2,2022-03-03 09:34:54
1646300095642962000,34.0,1,34.0,12,34.05,18,2,2022-03-03 09:34:55
1646300116350385000,34.0,10,34.0,5,34.05,6,2,2022-03-03 09:35:16
1646300117597116000,34.05,6,34.05,5,34.15,3,1,2022-03-03 09:35:17
1646300163768226000,34.15,3,34.15,8,34.2,10,1,2022-03-03 09:36:03
1646300197330512000,34.15,1,34.15,5,34.2,10,2,2022-03-03 09:36:37
1646300202584247000,34.2,10,34.2,18,34.25,9,1,2022-03-03 09:36:42
1646300206828185000,34.25,1,34.2,19,34.25,8,1,2022-03-03 09:36:46
1646300212563932000,34.25,1,34.2,18,34.25,7,1,2022-03-03 09:36:52
1646300219147633000,34.25,2,34.2,18,34.25,5,1,2022-03-03 09:36:59
1646300219837721000,34.25,1,34.2,18,34.25,4,1,2022-03-03 09:36:59
1646300225539475000,34.25,4,34.25,1,34.4,6,1,2022-03-03 09:37:05
1646300269720627000,34.4,6,34.3,4,34.45,22,1,2022-03-03 09:37:49
1646300269770435000,34.45,1,34.3,4,34.45,21,1,2022-03-03 09:37:49
1646300277142285000,34.4,1,34.25,7,34.3,8,2,2022-03-03 09:37:57
1646300277142285000,34.3,1,34.25,7,34.3,8,2,2022-03-03 09:37:57
1646300285174801000,34.3,8,34.3,10,34.4,1,1,2022-03-03 09:38:05
1646300299524456000,34.4,1,34.3,15,34.45,21,1,2022-03-03 09:38:19
1646300316052746000,34.3,10,34.3,5,34.4,5,2,2022-03-03 09:38:36
1646300316080404000,34.3,1,34.3,4,34.4,5,2,2022-03-03 09:38:36
1646300316080720000,34.3,3,34.3,1,34.4,5,2,2022-03-03 09:38:36
1646300322760382000,34.3,1,34.25,7,34.4,5,2,2022-03-03 09:38:42
1646300352091812000,34.25,1,34.25,3,34.3,7,2,2022-03-03 09:39:12
1646300353585239000,34.3,1,34.25,3,34.3,6,1,2022-03-03 09:39:13
1646300380152890000,34.25,1,34.25,2,34.3,11,2,2022-03-03 09:39:40
1646300382491282000,34.25,1,34.25,1,34.3,11,2,2022-03-03 09:39:42
1646300398468124000,34.3,1,34.25,1,34.3,10,1,2022-03-03 09:39:58
1646300400619323000,34.25,1,34.2,1,34.25,4,2,2022-03-03 09:40:00
1646300464262240000,34.2,1,34.15,5,34.2,1,2,2022-03-03 09:41:04
1646300482378458000,34.15,1,34.15,4,34.2,1,2,2022-03-03 09:41:22
1646300483142426000,34.2,1,34.15,4,34.25,4,1,2022-03-03 09:41:23
1646300485735473000,34.15,3,34.15,1,34.25,4,2,2022-03-03 09:41:25
1646300526602000000,34.15,1,34.1,4,34.2,1,2,2022-03-03 09:42:06
1646300546617485000,34.1,1,34.1,3,34.2,1,2,2022-03-03 09:42:26
1646300555339294000,34.2,1,34.1,3,34.2,1,1,2022-03-03 09:42:35
1646300585320491000,34.15,1,34.1,3,34.2,2,2,2022-03-03 09:43:05
1646300600905347000,34.1,6,34.05,14,34.2,2,2,2022-03-03 09:43:20
1646300600905347000,34.05,1,34.05,14,34.2,2,2,2022-03-03 09:43:20
1646300647245930000,34.1,1,34.05,17,34.2,3,2,2022-03-03 09:44:07
1646300688846117000,34.1,1,34.05,17,34.15,2,1,2022-03-03 09:44:48
1646300704037946000,34.15,1,34.1,1,34.2,3,1,2022-03-03 09:45:04
1646300788014198000,34.1,2,34.05,17,34.15,1,2,2022-03-03 09:46:28
1646300807668238000,34.15,1,34.05,17,34.25,2,1,2022-03-03 09:46:47
1646300807668238000,34.2,2,34.05,17,34.25,2,1,2022-03-03 09:46:47
1646300807668238000,34.25,2,34.05,17,34.25,2,1,2022-03-03 09:46:47
1646300897371008000,34.25,2,34.15,1,34.3,10,1,2022-03-03 09:48:17
1646300897371008000,34.3,1,34.15,1,34.3,10,1,2022-03-03 09:48:17
1646300928887093000,34.3,1,34.2,2,34.3,9,1,2022-03-03 09:48:48
1646300933806468000,34.3,1,34.2,2,34.3,7,1,2022-03-03 09:48:53
1646300935574610000,34.2,1,34.2,1,34.3,7,2,2022-03-03 09:48:55
1646300995212750000,34.2,1,34.2,5,34.25,2,2,2022-03-03 09:49:55
1646301000757788000,34.2,1,34.2,4,34.25,2,2,2022-03-03 09:50:00
1646301098875803000,34.2,5,34.15,1,34.2,5,2,2022-03-03 09:51:38
1646301107616140000,34.2,1,34.15,1,34.2,4,1,2022-03-03 09:51:47
1646301117152197000,34.2,1,34.15,2,34.2,3,1,2022-03-03 09:51:57
1646301150458349000,34.15,2,34.1,5,34.2,3,2,2022-03-03 09:52:30
1646301168835083000,34.1,2,34.1,3,34.15,1,2,2022-03-03 09:52:48
1646301244249582000,34.1,1,34.1,7,34.15,3,2,2022-03-03 09:54:04
1646301277182876000,34.1,1,34.1,6,34.15,1,2,2022-03-03 09:54:37
1646301311565796000,34.1,3,34.1,6,34.15,1,2,2022-03-03 09:55:11
1646301383965288000,34.15,1,34.1,6,34.2,4,1,2022-03-03 09:56:23
1646301562767905000,34.15,2,34.1,20,34.2,4,1,2022-03-03 09:59:22
1646301585049570000,34.2,3,34.15,4,34.2,1,1,2022-03-03 09:59:45
1646301610199622000,34.2,1,34.2,2,34.25,3,1,2022-03-03 10:00:10
1646301612252458000,34.25,1,34.2,2,34.25,2,1,2022-03-03 10:00:12
1646301620184775000,34.25,2,34.2,2,34.3,5,1,2022-03-03 10:00:20
1646301731146382000,34.3,1,34.25,1,34.3,4,1,2022-03-03 10:02:11
1646301748114039000,34.3,1,34.25,1,34.3,3,1,2022-03-03 10:02:28
1646301750942388000,34.3,2,34.25,1,34.3,1,1,2022-03-03 10:02:30
1646301751947972000,34.3,1,34.25,1,34.35,2,1,2022-03-03 10:02:31
1646301810500628000,34.3,1,34.25,1,34.35,4,2,2022-03-03 10:03:30
1646301821846008000,34.25,1,34.2,12,34.35,4,2,2022-03-03 10:03:41
1646301880353547000,34.3,3,34.25,1,34.35,1,1,2022-03-03 10:04:40
1646301880353547000,34.35,3,34.25,1,34.35,1,1,2022-03-03 10:04:40
1646301899060261000,34.35,1,34.35,1,34.4,14,1,2022-03-03 10:04:59
1646301899096744000,34.35,1,34.25,1,34.4,14,2,2022-03-03 10:04:59
1646301933431034000,34.35,1,34.25,1,34.35,4,1,2022-03-03 10:05:33
1646301984115009000,34.35,5,34.35,5,34.4,14,1,2022-03-03 10:06:24
1646301984148380000,34.35,5,34.25,1,34.4,14,2,2022-03-03 10:06:24
1646301999789360000,34.4,2,34.3,3,34.4,12,1,2022-03-03 10:06:39
1646302021372510000,34.4,10,34.35,7,34.4,1,1,2022-03-03 10:07:01
1646302021405225000,34.4,1,34.35,7,34.45,22,1,2022-03-03 10:07:01
1646302121243181000,34.4,1,34.4,10,34.45,22,2,2022-03-03 10:08:41
1646302170514791000,34.45,1,34.4,13,34.5,3,1,2022-03-03 10:09:30
1646302170703420000,34.5,1,34.4,13,34.5,2,1,2022-03-03 10:09:30
1646302170707689000,34.5,1,34.4,13,34.5,1,1,2022-03-03 10:09:30
1646302170712982000,34.5,1,34.4,13,34.55,5,1,2022-03-03 10:09:30
1646302170804735000,34.55,1,34.4,13,34.55,4,1,2022-03-03 10:09:30
1646302170805396000,34.55,1,34.4,13,34.55,3,1,2022-03-03 10:09:30
1646302170990759000,34.55,3,34.5,1,34.6,13,1,2022-03-03 10:09:30
1646302194226494000,34.55,1,34.5,1,34.6,13,2,2022-03-03 10:09:54
1646302209473119000,34.55,1,34.5,2,34.6,13,2,2022-03-03 10:10:09
1646302213000681000,34.6,1,34.5,5,34.6,12,1,2022-03-03 10:10:13
1646302213047731000,34.6,1,34.5,5,34.6,11,1,2022-03-03 10:10:13
1646302213283197000,34.6,3,34.5,5,34.6,8,1,2022-03-03 10:10:13
1646302213671817000,34.5,1,34.5,4,34.6,8,2,2022-03-03 10:10:13
1646302218517479000,34.55,1,34.5,4,34.6,2,1,2022-03-03 10:10:18
1646302218517479000,34.6,6,34.5,4,34.6,2,1,2022-03-03 10:10:18
1646302220482402000,34.6,2,34.6,8,34.65,21,1,2022-03-03 10:10:20
1646302222880773000,34.6,1,34.6,7,34.65,21,2,2022-03-03 10:10:22
1646302223007987000,34.65,4,34.6,7,34.65,17,1,2022-03-03 10:10:23
1646302224770788000,34.65,1,34.6,7,34.65,16,1,2022-03-03 10:10:24
1646302227382651000,34.65,2,34.6,7,34.65,14,1,2022-03-03 10:10:27
1646302228690411000,34.65,1,34.6,7,34.65,13,1,2022-03-03 10:10:28
1646302238330266000,34.65,1,34.6,7,34.65,12,1,2022-03-03 10:10:38
1646302247055462000,34.6,7,34.5,6,34.6,13,2,2022-03-03 10:10:47
1646302247125102000,34.6,1,34.5,6,34.6,12,1,2022-03-03 10:10:47
1646302251476571000,34.6,1,34.5,7,34.65,34,1,2022-03-03 10:10:51
1646302254190876000,34.55,1,34.5,8,34.6,2,2,2022-03-03 10:10:54
1646302261067792000,34.6,2,34.5,9,34.6,1,1,2022-03-03 10:11:01
1646302266115776000,34.55,2,34.5,9,34.6,9,2,2022-03-03 10:11:06
1646302279893059000,34.6,2,34.55,4,34.6,8,1,2022-03-03 10:11:19
1646302281503691000,34.55,1,34.55,3,34.6,8,2,2022-03-03 10:11:21
1646302285342516000,34.55,2,34.55,2,34.6,8,2,2022-03-03 10:11:25
1646302287201951000,34.55,1,34.55,1,34.6,10,2,2022-03-03 10:11:27
1646302288622366000,34.55,1,34.5,11,34.6,10,2,2022-03-03 10:11:28
1646302293276632000,34.5,10,34.4,10,34.55,2,2,2022-03-03 10:11:33
1646302317526520000,34.5,2,34.4,10,34.55,2,2,2022-03-03 10:11:57
1646302349948450000,34.45,1,34.45,1,34.55,4,2,2022-03-03 10:12:29
1646302552190850000,34.45,1,34.45,2,34.5,8,2,2022-03-03 10:15:52
1646302573725958000,34.45,1,34.45,1,34.5,8,2,2022-03-03 10:16:13
1646302606413658000,34.45,1,34.4,9,34.5,9,2,2022-03-03 10:16:46
1646302630608588000,34.4,1,34.4,8,34.5,14,2,2022-03-03 10:17:10
1646302841945925000,34.45,1,34.4,13,34.5,9,1,2022-03-03 10:20:41
1646302842118682000,34.4,1,34.4,12,34.5,9,2,2022-03-03 10:20:42
1646302842122629000,34.4,1,34.4,11,34.5,9,2,2022-03-03 10:20:42
1646302842127876000,34.4,1,34.4,10,34.5,9,2,2022-03-03 10:20:42
1646302842160668000,34.4,1,34.4,9,34.5,9,2,2022-03-03 10:20:42
1646302842183882000,34.4,1,34.4,8,34.5,9,2,2022-03-03 10:20:42
1646302847812574000,34.4,5,34.4,3,34.5,9,2,2022-03-03 10:20:47
1646302854038152000,34.4,2,34.4,1,34.5,9,2,2022-03-03 10:20:54
1646302854069275000,34.4,1,34.35,1,34.5,9,2,2022-03-03 10:20:54
1646302988686170000,34.4,1,34.35,1,34.45,5,1,2022-03-03 10:23:08
1646303105390459000,34.35,1,34.35,4,34.4,2,2,2022-03-03 10:25:05
1646303180454391000,34.35,5,34.3,5,34.4,7,2,2022-03-03 10:26:20
1646303190160779000,34.3,5,34.25,5,34.35,1,2,2022-03-03 10:26:30
1646303221429241000,34.25,1,34.25,4,34.4,6,2,2022-03-03 10:27:01
1646303234856624000,34.25,2,34.2,9,34.4,6,2,2022-03-03 10:27:14
1646303455485498000,34.3,2,34.3,1,34.4,6,1,2022-03-03 10:30:55
1646303663324480000,34.3,2,34.3,1,34.4,11,2,2022-03-03 10:34:23
1646303663349070000,34.3,1,34.25,10,34.4,11,2,2022-03-03 10:34:23
1646303770257401000,34.3,1,34.3,29,34.35,1,2,2022-03-03 10:36:10
1646303776574040000,34.3,29,34.2,7,34.25,1,2,2022-03-03 10:36:16
1646303776574040000,34.25,10,34.2,7,34.25,1,2,2022-03-03 10:36:16
1646303796656105000,34.2,1,34.2,6,34.25,2,2,2022-03-03 10:36:36
1646303824218667000,34.2,1,34.2,6,34.25,2,2,2022-03-03 10:37:04
1646303889799422000,34.2,1,34.2,5,34.25,2,2,2022-03-03 10:38:09
1646303906981530000,34.2,1,34.2,7,34.25,3,2,2022-03-03 10:38:26
1646304002649858000,34.25,3,34.2,6,34.35,2,1,2022-03-03 10:40:02
1646304058480812000,34.25,1,34.15,3,34.2,1,2,2022-03-03 10:40:58
1646304058480812000,34.2,6,34.15,3,34.2,1,2,2022-03-03 10:40:58
1646304076606142000,34.2,1,34.15,3,34.35,2,1,2022-03-03 10:41:16
1646304172984115000,34.2,2,34.2,8,34.3,1,2,2022-03-03 10:42:52
1646304207822132000,34.2,1,34.2,7,34.3,3,2,2022-03-03 10:43:27
1646304208709510000,34.2,2,34.2,5,34.3,3,2,2022-03-03 10:43:28
1646304272499777000,34.2,5,34.15,3,34.3,8,2,2022-03-03 10:44:32
1646304319307074000,34.15,3,34.1,12,34.3,8,2,2022-03-03 10:45:19
1646304344001539000,34.2,3,34.15,8,34.3,5,1,2022-03-03 10:45:44
1646304356724019000,34.15,8,34.1,12,34.3,5,2,2022-03-03 10:45:56
1646304424880098000,34.15,1,34.15,7,34.3,5,2,2022-03-03 10:47:04
1646304460593460000,34.15,1,34.15,6,34.25,2,2,2022-03-03 10:47:40
1646304473286339000,34.2,1,34.15,6,34.25,2,2,2022-03-03 10:47:53
1646304476258268000,34.15,5,34.15,1,34.25,2,2,2022-03-03 10:47:56
1646304480243309000,34.15,1,34.1,12,34.25,2,2,2022-03-03 10:48:00
1646304492596027000,34.1,2,34.1,10,34.25,2,2,2022-03-03 10:48:12
1646304552106451000,34.2,3,34.15,5,34.25,2,1,2022-03-03 10:49:12
1646304591816738000,34.15,1,34.15,4,34.2,11,2,2022-03-03 10:49:51
1646304674667570000,34.15,4,34.1,11,34.15,1,2,2022-03-03 10:51:14
1646304678725709000,34.15,1,34.1,11,34.2,6,1,2022-03-03 10:51:18
1646304730479991000,34.15,1,34.15,6,34.2,6,2,2022-03-03 10:52:10
1646304731001883000,34.15,1,34.15,5,34.2,6,2,2022-03-03 10:52:11
1646304747386703000,34.2,6,34.15,5,34.25,2,1,2022-03-03 10:52:27
1646304987801786000,34.2,3,34.2,1,34.25,2,2,2022-03-03 10:56:27
1646304995508326000,34.2,1,34.15,6,34.2,1,2,2022-03-03 10:56:35
1646305009253692000,34.2,1,34.15,6,34.25,2,1,2022-03-03 10:56:49
1646305110305840000,34.2,1,34.15,7,34.25,3,2,2022-03-03 10:58:30
1646305294155570000,34.2,1,34.2,1,34.25,3,2,2022-03-03 11:01:34
1646305416482937000,34.25,1,34.2,4,34.25,3,1,2022-03-03 11:03:36
1646305488456177000,34.25,2,34.2,9,34.25,1,1,2022-03-03 11:04:48
1646305498293792000,34.25,1,34.2,9,34.3,2,1,2022-03-03 11:04:58
1646305556815075000,34.25,1,34.2,10,34.25,3,1,2022-03-03 11:05:56
1646305630881557000,34.25,1,34.2,15,34.25,3,1,2022-03-03 11:07:10
1646305634555078000,34.25,3,34.25,12,34.3,2,1,2022-03-03 11:07:14
1646305653335852000,34.3,1,34.25,14,34.3,1,1,2022-03-03 11:07:33
1646305663766091000,34.3,1,34.25,12,34.35,1,1,2022-03-03 11:07:43
1646305769948167000,34.3,1,34.3,5,34.35,3,2,2022-03-03 11:09:29
1646305823658468000,34.3,5,34.3,1,34.35,3,2,2022-03-03 11:10:23
1646305838091654000,34.3,1,34.25,12,34.35,3,2,2022-03-03 11:10:38
1646305863618546000,34.3,1,34.25,12,34.35,3,1,2022-03-03 11:11:03
1646305963974178000,34.25,1,34.25,11,34.35,3,2,2022-03-03 11:12:43
1646306013957145000,34.25,3,34.25,8,34.3,1,2,2022-03-03 11:13:33
1646306022867126000,34.25,1,34.25,7,34.3,1,2,2022-03-03 11:13:42
1646306186997941000,34.25,1,34.25,17,34.3,1,2,2022-03-03 11:16:26
1646306220567963000,34.3,1,34.25,17,34.35,3,1,2022-03-03 11:17:00
1646306244558698000,34.25,2,34.25,15,34.35,3,2,2022-03-03 11:17:24
1646306293346848000,34.25,1,34.25,16,34.3,11,2,2022-03-03 11:18:13
1646306331544988000,34.25,17,34.2,13,34.25,3,2,2022-03-03 11:18:51
1646306373415736000,34.25,1,34.2,13,34.25,6,1,2022-03-03 11:19:33
1646306383660919000,34.25,6,34.2,13,34.3,7,1,2022-03-03 11:19:43
1646306383660919000,34.3,4,34.2,13,34.3,7,1,2022-03-03 11:19:43
1646306447355060000,34.3,7,34.3,3,34.35,3,1,2022-03-03 11:20:47
1646306473327347000,34.35,1,34.3,13,34.35,3,1,2022-03-03 11:21:13
1646306473346964000,34.35,3,34.3,13,34.4,6,1,2022-03-03 11:21:13
1646306489645004000,34.4,1,34.3,16,34.4,5,1,2022-03-03 11:21:29
1646306536392759000,34.4,1,34.35,1,34.4,7,1,2022-03-03 11:22:16
1646306608485335000,34.35,1,34.3,15,34.35,1,2,2022-03-03 11:23:28
1646306663922978000,34.35,5,34.3,15,34.4,4,1,2022-03-03 11:24:23
1646306688204867000,34.4,1,34.3,15,34.4,3,1,2022-03-03 11:24:48
1646306765598529000,34.35,1,34.35,4,34.4,4,2,2022-03-03 11:26:05
1646306881668529000,34.35,1,34.35,3,34.4,6,2,2022-03-03 11:28:01
1646306886563357000,34.35,1,34.35,2,34.4,6,2,2022-03-03 11:28:06
1646306903123686000,34.4,2,34.35,2,34.4,4,1,2022-03-03 11:28:23
1646307021262813000,34.4,2,34.35,5,34.4,2,1,2022-03-03 11:30:21
1646307190130074000,34.4,1,34.35,8,34.4,6,1,2022-03-03 11:33:10
1646307195377824000,34.4,5,34.35,8,34.4,1,1,2022-03-03 11:33:15
1646307229545838000,34.4,1,34.35,8,34.45,4,1,2022-03-03 11:33:49
1646307262296228000,34.45,3,34.35,5,34.5,18,1,2022-03-03 11:34:22
1646307306828841000,34.5,3,34.4,1,34.5,15,1,2022-03-03 11:35:06
1646307329643358000,34.45,1,34.4,1,34.5,16,1,2022-03-03 11:35:29
1646307353475972000,34.5,10,34.4,1,34.5,6,1,2022-03-03 11:35:53
1646307369279822000,34.5,1,34.4,2,34.5,5,1,2022-03-03 11:36:09
1646307386052012000,34.5,3,34.45,1,34.5,5,1,2022-03-03 11:36:26
1646307408190038000,34.5,3,34.45,1,34.5,2,1,2022-03-03 11:36:48
1646307434602886000,34.5,3,34.5,7,34.55,7,1,2022-03-03 11:37:14
1646307533027087000,34.5,8,34.45,3,34.5,2,2,2022-03-03 11:38:53
1646307559279863000,34.45,3,34.4,2,34.5,2,2,2022-03-03 11:39:19
1646307581970251000,34.4,7,34.3,3,34.5,2,2,2022-03-03 11:39:41
1646307581970251000,34.35,3,34.3,3,34.5,2,2,2022-03-03 11:39:41
1646307666007910000,34.3,1,34.3,4,34.35,1,2,2022-03-03 11:41:06
1646307684245313000,34.3,1,34.3,3,34.45,3,2,2022-03-03 11:41:24
1646307802714963000,34.3,2,34.3,2,34.45,10,2,2022-03-03 11:43:22
1646307805760652000,34.3,1,34.3,1,34.45,10,2,2022-03-03 11:43:25
1646307827666961000,34.3,1,34.25,2,34.35,2,2,2022-03-03 11:43:47
1646307966896936000,34.3,1,34.25,2,34.35,2,2,2022-03-03 11:46:06
1646308092475289000,34.25,2,34.1,13,34.15,30,2,2022-03-03 11:48:12
1646308092475289000,34.2,6,34.1,13,34.15,30,2,2022-03-03 11:48:12
1646308092475289000,34.15,12,34.1,13,34.15,30,2,2022-03-03 11:48:12
1646308100651673000,34.1,13,33.95,5,34.0,30,2,2022-03-03 11:48:20
1646308100651673000,34.05,20,33.95,5,34.0,30,2,2022-03-03 11:48:20
1646308100651673000,34.0,37,33.95,5,34.0,30,2,2022-03-03 11:48:20
1646308107772044000,33.95,2,33.95,5,34.35,7,2,2022-03-03 11:48:27
1646308121549960000,33.95,1,33.95,5,34.3,7,2,2022-03-03 11:48:41
1646308143897343000,34.2,1,33.95,12,34.3,9,1,2022-03-03 11:49:03
1646308237241191000,34.15,2,34.15,3,34.2,7,1,2022-03-03 11:50:37
1646308247750046000,34.15,3,34.05,7,34.2,7,2,2022-03-03 11:50:47
1646308299808191000,34.05,7,34.05,3,34.15,3,2,2022-03-03 11:51:39
1646308376073683000,34.1,3,34.1,2,34.15,1,1,2022-03-03 11:52:56
1646308526656119000,34.15,2,34.15,1,34.2,3,1,2022-03-03 11:55:26
1646308596860218000,34.15,1,34.1,8,34.2,5,2,2022-03-03 11:56:36
1646308636154579000,34.15,1,34.1,8,34.2,5,1,2022-03-03 11:57:16
1646308746927183000,34.15,1,34.1,11,34.15,3,1,2022-03-03 11:59:06
1646308749857316000,34.15,3,34.15,2,34.2,27,1,2022-03-03 11:59:09
1646308766455631000,34.15,2,34.1,8,34.2,27,2,2022-03-03 11:59:26
1646308835983853000,34.15,1,34.1,9,34.2,23,1,2022-03-03 12:00:35
1646308835983853000,34.2,4,34.1,9,34.2,23,1,2022-03-03 12:00:35
1646308847199178000,34.2,17,34.1,9,34.2,6,1,2022-03-03 12:00:47
1646308847230388000,34.2,3,34.1,9,34.2,3,1,2022-03-03 12:00:47
1646308847261712000,34.2,3,34.1,9,34.25,3,1,2022-03-03 12:00:47
1646309022744090000,34.15,1,34.1,12,34.2,2,2,2022-03-03 12:03:42
1646309166520130000,34.15,1,34.15,5,34.2,2,1,2022-03-03 12:06:06
1646309268438679000,34.15,1,34.15,9,34.2,2,2,2022-03-03 12:07:48
1646309278194684000,34.2,2,34.15,9,34.25,5,1,2022-03-03 12:07:58
1646309335349883000,34.2,2,34.2,1,34.25,5,2,2022-03-03 12:08:55
1646309335376462000,34.2,1,34.15,9,34.25,5,2,2022-03-03 12:08:55
1646309444359405000,34.25,1,34.2,6,34.25,7,1,2022-03-03 12:10:44
1646309544523399000,34.25,1,34.2,6,34.25,7,1,2022-03-03 12:12:24
1646309595328311000,34.25,5,34.2,11,34.25,2,1,2022-03-03 12:13:15
1646309604184973000,34.25,2,34.2,11,34.3,9,1,2022-03-03 12:13:24
1646309690431479000,34.2,1,34.2,10,34.3,9,2,2022-03-03 12:14:50
1646309764201146000,34.25,1,34.2,11,34.3,9,1,2022-03-03 12:16:04
1646309814568145000,34.2,11,34.15,9,34.2,1,2,2022-03-03 12:16:54
1646309871528315000,34.2,1,34.15,9,34.25,2,1,2022-03-03 12:17:51
1646310113655930000,34.2,1,34.15,9,34.2,1,1,2022-03-03 12:21:53
1646310167804977000,34.2,1,34.2,4,34.25,4,1,2022-03-03 12:22:47
1646310172408360000,34.2,1,34.2,5,34.25,4,2,2022-03-03 12:22:52
1646310172441171000,34.2,1,34.2,4,34.25,4,2,2022-03-03 12:22:52
1646310184677134000,34.2,1,34.2,3,34.25,3,2,2022-03-03 12:23:04
1646310184706040000,34.2,1,34.2,2,34.25,3,2,2022-03-03 12:23:04
1646310193382873000,34.2,2,34.15,9,34.2,3,2,2022-03-03 12:23:13
1646310227464687000,34.15,9,34.1,38,34.15,1,2,2022-03-03 12:23:47
1646310273751908000,34.15,1,34.1,37,34.2,6,1,2022-03-03 12:24:33
1646310314455695000,34.1,37,34.05,14,34.1,3,2,2022-03-03 12:25:14
1646310373009261000,34.05,4,34.05,10,34.1,19,2,2022-03-03 12:26:13
1646310373033262000,34.05,6,34.05,4,34.1,19,2,2022-03-03 12:26:13
1646310396121058000,34.05,3,34.0,14,34.1,19,2,2022-03-03 12:26:36
1646310400791756000,34.0,10,34.0,4,34.1,19,2,2022-03-03 12:26:40
1646310409225360000,34.0,1,34.0,3,34.05,1,2,2022-03-03 12:26:49
1646310459521614000,34.0,1,34.0,3,34.05,2,2,2022-03-03 12:27:39
1646310464736487000,34.0,3,33.95,3,34.05,2,2,2022-03-03 12:27:44
1646310464736487000,33.95,8,33.95,3,34.05,2,2,2022-03-03 12:27:44
1646310511756166000,33.95,13,33.75,2,34.0,8,2,2022-03-03 12:28:31
1646310511756166000,33.9,15,33.75,2,34.0,8,2,2022-03-03 12:28:31
1646310511756166000,33.85,13,33.75,2,34.0,8,2,2022-03-03 12:28:31
1646310511756166000,33.8,18,33.75,2,34.0,8,2,2022-03-03 12:28:31
1646310511756166000,33.75,11,33.75,2,34.0,8,2,2022-03-03 12:28:31
1646310528848501000,33.75,3,33.05,3,33.95,3,2,2022-03-03 12:28:48
1646310528848501000,33.7,7,33.05,3,33.95,3,2,2022-03-03 12:28:48
1646310528848501000,33.65,4,33.05,3,33.95,3,2,2022-03-03 12:28:48
1646310528848501000,33.6,8,33.05,3,33.95,3,2,2022-03-03 12:28:48
1646310528848501000,33.55,8,33.05,3,33.95,3,2,2022-03-03 12:28:48
1646310528848501000,33.5,13,33.05,3,33.95,3,2,2022-03-03 12:28:48
1646310528848501000,33.45,4,33.05,3,33.95,3,2,2022-03-03 12:28:48
1646310528848501000,33.4,4,33.05,3,33.95,3,2,2022-03-03 12:28:48
1646310528848501000,33.35,2,33.05,3,33.95,3,2,2022-03-03 12:28:48
1646310528848501000,33.3,2,33.05,3,33.95,3,2,2022-03-03 12:28:48
1646310528848501000,33.2,5,33.05,3,33.95,3,2,2022-03-03 12:28:48
1646310528848501000,33.15,3,33.05,3,33.95,3,2,2022-03-03 12:28:48
1646310528848501000,33.1,8,33.05,3,33.95,3,2,2022-03-03 12:28:48
1646310528848501000,33.05,1,33.05,3,33.95,3,2,2022-03-03 12:28:48
1646310528892052000,33.05,3,33.0,28,33.9,2,2,2022-03-03 12:28:48
1646310528892052000,33.0,2,33.0,28,33.9,2,2,2022-03-03 12:28:48
1646310528952261000,33.0,8,33.0,20,33.9,2,2,2022-03-03 12:28:48
1646310529168238000,33.05,2,33.0,19,33.55,2,2,2022-03-03 12:28:49
1646310529168238000,33.0,1,33.0,19,33.55,2,2,2022-03-03 12:28:49
1646310529193605000,33.0,3,33.0,16,33.7,2,2,2022-03-03 12:28:49
1646310529217821000,33.0,1,33.0,15,33.7,2,2,2022-03-03 12:28:49
1646310529279977000,33.0,2,33.0,13,33.7,2,2,2022-03-03 12:28:49
1646310539638140000,33.15,2,33.15,2,33.7,2,2,2022-03-03 12:28:59
1646310555783324000,33.35,1,33.35,1,33.5,2,2,2022-03-03 12:29:15
1646310561889614000,33.35,1,33.35,1,33.5,2,2,2022-03-03 12:29:21
1646310569191856000,33.5,1,33.4,1,33.5,2,1,2022-03-03 12:29:29
1646310587177762000,33.4,1,33.35,8,33.5,2,2,2022-03-03 12:29:47
1646310587629670000,33.5,1,33.35,8,33.5,1,1,2022-03-03 12:29:47
1646310594455678000,33.5,1,33.5,1,33.6,1,1,2022-03-03 12:29:54
1646310594756701000,33.5,1,33.35,7,33.45,1,2,2022-03-03 12:29:54
1646310594864452000,33.45,1,33.35,7,33.6,1,1,2022-03-03 12:29:54
1646310623128437000,33.5,1,33.45,4,33.55,1,2,2022-03-03 12:30:23
1646310627463218000,33.5,1,33.45,5,33.55,1,1,2022-03-03 12:30:27
1646310640606665000,33.55,1,33.5,3,33.65,2,1,2022-03-03 12:30:40
1646310645060543000,33.65,2,33.5,2,33.85,2,1,2022-03-03 12:30:45
1646310645060543000,33.7,2,33.5,2,33.85,2,1,2022-03-03 12:30:45
1646310645060543000,33.85,1,33.5,2,33.85,2,1,2022-03-03 12:30:45
1646310657181123000,33.7,1,34.0,3,34.05,1,1,2022-03-03 12:30:57
1646310657181123000,33.9,6,34.0,3,34.05,1,1,2022-03-03 12:30:57
1646310657181123000,33.95,4,34.0,3,34.05,1,1,2022-03-03 12:30:57
1646310657181123000,34.0,8,34.0,3,34.05,1,1,2022-03-03 12:30:57
1646310657198411000,34.05,1,34.0,3,34.1,3,1,2022-03-03 12:30:57
1646310657199222000,34.0,3,33.6,1,34.1,3,2,2022-03-03 12:30:57
1646310663783305000,34.05,2,33.8,2,34.1,3,2,2022-03-03 12:31:03
1646310672965675000,33.9,1,33.8,2,33.9,1,1,2022-03-03 12:31:12
1646310676028216000,33.8,1,33.8,1,33.9,1,2,2022-03-03 12:31:16
1646310680620068000,33.9,1,33.8,1,33.9,2,1,2022-03-03 12:31:20
1646310681185140000,33.8,1,33.55,4,33.9,2,2,2022-03-03 12:31:21
1646310684914511000,33.6,1,33.55,3,33.9,2,2,2022-03-03 12:31:24
1646310684914511000,33.55,1,33.55,3,33.9,2,2,2022-03-03 12:31:24
1646310718471011000,33.7,1,33.7,1,33.8,2,1,2022-03-03 12:31:58
1646310722273876000,33.7,1,33.65,2,33.8,2,2,2022-03-03 12:32:02
1646310754461476000,33.7,1,33.65,5,33.75,1,2,2022-03-03 12:32:34
1646310774840942000,33.7,1,33.7,3,33.75,1,2,2022-03-03 12:32:54
1646310786980461000,33.7,1,33.7,2,33.75,1,2,2022-03-03 12:33:06
1646310822407531000,33.7,1,33.7,3,33.75,1,2,2022-03-03 12:33:42
1646310826442529000,33.7,1,33.7,2,33.75,1,2,2022-03-03 12:33:46
1646310833660530000,33.7,6,33.55,9,33.7,5,2,2022-03-03 12:33:53
1646310847451936000,33.6,1,33.55,9,33.6,1,2,2022-03-03 12:34:07
1646310847617013000,33.6,1,33.55,9,33.7,1,1,2022-03-03 12:34:07
1646310847617013000,33.7,4,33.55,9,33.7,1,1,2022-03-03 12:34:07
1646310858172320000,33.7,1,33.7,2,33.75,1,1,2022-03-03 12:34:18
1646310864140844000,33.75,1,33.75,1,33.85,2,1,2022-03-03 12:34:24
1646310884245545000,33.85,1,33.8,2,33.85,1,1,2022-03-03 12:34:44
1646310941180285000,33.85,1,33.8,2,33.85,1,1,2022-03-03 12:35:41
1646310960430238000,33.85,1,33.8,2,33.9,2,1,2022-03-03 12:36:00
1646310983431187000,33.85,2,33.8,1,33.9,2,2,2022-03-03 12:36:23
1646310992779343000,33.85,1,33.8,1,33.85,1,2,2022-03-03 12:36:32
1646311028023606000,33.8,2,33.7,9,33.8,3,2,2022-03-03 12:37:08
1646311040165998000,33.8,1,33.7,9,33.8,2,1,2022-03-03 12:37:20
1646311051936371000,33.8,2,33.7,9,33.8,1,1,2022-03-03 12:37:31
1646311060810695000,33.8,1,33.7,9,33.85,1,1,2022-03-03 12:37:40
1646311080365116000,33.7,5,33.7,4,33.85,2,2,2022-03-03 12:38:00
1646311148876906000,33.75,1,33.7,5,33.75,2,1,2022-03-03 12:39:08
1646311152131743000,33.7,4,33.7,1,33.75,2,2,2022-03-03 12:39:12
1646311158840689000,33.7,1,33.6,11,33.75,2,2,2022-03-03 12:39:18
1646311198301265000,33.6,1,33.6,10,33.7,1,2,2022-03-03 12:39:58
1646311213599903000,33.6,4,33.6,6,33.65,1,2,2022-03-03 12:40:13
1646311216864493000,33.6,1,33.6,5,33.65,1,2,2022-03-03 12:40:16
1646311222024022000,33.6,1,33.6,6,33.65,1,2,2022-03-03 12:40:22
1646311226718205000,33.6,1,33.6,5,33.65,1,2,2022-03-03 12:40:26
1646311229948637000,33.6,1,33.6,4,33.65,1,2,2022-03-03 12:40:29
1646311243440422000,33.65,1,33.6,5,33.8,2,1,2022-03-03 12:40:43
1646311243616687000,33.6,4,33.6,1,33.8,2,2,2022-03-03 12:40:43
1646311260460940000,33.6,1,33.6,3,33.75,1,2,2022-03-03 12:41:00
1646311279693128000,33.6,1,33.6,3,33.75,1,2,2022-03-03 12:41:19
1646311290230446000,33.6,3,33.55,15,33.75,2,2,2022-03-03 12:41:30
1646311309261362000,33.6,1,33.55,16,33.7,1,1,2022-03-03 12:41:49
1646311311137244000,33.6,1,33.55,16,33.7,1,2,2022-03-03 12:41:51
1646311451209554000,33.6,1,33.6,12,33.7,2,2,2022-03-03 12:44:11
1646311506079770000,33.65,1,33.65,1,33.7,2,2,2022-03-03 12:45:06
1646311510382057000,33.7,2,33.65,1,33.75,2,1,2022-03-03 12:45:10
1646311605624753000,33.75,1,33.7,2,33.75,1,1,2022-03-03 12:46:45
1646311629421130000,33.75,1,33.7,13,33.8,3,1,2022-03-03 12:47:09
1646311678491762000,33.8,3,33.75,70,33.85,1,1,2022-03-03 12:47:58
1646311680013877000,33.75,2,33.7,18,33.9,5,2,2022-03-03 12:48:00
1646311800497547000,33.75,2,33.7,18,33.75,2,2,2022-03-03 12:50:00
1646311819988935000,33.7,6,33.7,12,33.75,2,2,2022-03-03 12:50:19
1646311872598231000,33.75,1,33.7,12,33.75,1,1,2022-03-03 12:51:12
1646311886804280000,33.75,1,33.7,12,33.8,3,1,2022-03-03 12:51:26
1646311952009965000,33.75,1,33.75,2,33.8,3,2,2022-03-03 12:52:32
1646311988802763000,33.75,1,33.75,1,33.8,3,2,2022-03-03 12:53:08
1646311996620078000,33.8,3,33.8,2,33.85,10,1,2022-03-03 12:53:16
1646312008416823000,33.8,6,33.8,4,33.85,3,1,2022-03-03 12:53:28
1646312008450438000,33.85,3,33.8,4,33.9,5,1,2022-03-03 12:53:28
1646312038238114000,33.85,1,33.8,3,33.9,5,2,2022-03-03 12:53:58
1646312055119324000,33.85,1,33.8,3,33.9,6,1,2022-03-03 12:54:15
1646312082569525000,33.85,1,33.8,4,33.9,6,1,2022-03-03 12:54:42
1646312210249436000,33.85,2,33.8,3,33.85,1,1,2022-03-03 12:56:50
1646312243604383000,33.85,1,33.8,4,33.9,6,1,2022-03-03 12:57:23
1646312306590165000,33.85,1,33.8,4,33.9,6,1,2022-03-03 12:58:26
1646312342025701000,33.85,1,33.85,2,33.9,6,1,2022-03-03 12:59:02
1646312356831070000,33.85,2,33.75,24,33.8,2,2,2022-03-03 12:59:16
1646312356831070000,33.8,2,33.75,24,33.8,2,2,2022-03-03 12:59:16
1646312405128658000,33.75,5,33.75,19,33.8,2,2,2022-03-03 13:00:05
1646312411928521000,33.75,1,33.75,18,33.8,2,2,2022-03-03 13:00:11
1646312420473692000,33.75,1,33.75,17,33.8,2,2,2022-03-03 13:00:20
1646312429889199000,33.75,5,33.75,12,33.8,2,2,2022-03-03 13:00:29
1646312432871618000,33.75,1,33.75,11,33.8,2,2,2022-03-03 13:00:32
1646312446418384000,33.75,2,33.75,9,33.8,2,2,2022-03-03 13:00:46
1646312447305575000,33.75,1,33.75,8,33.8,2,2,2022-03-03 13:00:47
1646312447320951000,33.75,1,33.75,7,33.8,2,2,2022-03-03 13:00:47
1646312467833000000,33.75,1,33.75,6,33.8,2,2,2022-03-03 13:01:07
1646312482076784000,33.75,1,33.75,5,33.8,2,2,2022-03-03 13:01:22
1646312494452115000,33.75,2,33.75,3,33.8,2,2,2022-03-03 13:01:34
1646312504526332000,33.75,2,33.75,1,33.8,2,2,2022-03-03 13:01:44
1646312508173026000,33.75,1,33.7,13,33.8,2,2,2022-03-03 13:01:48
1646312552693415000,33.75,2,33.75,2,33.8,2,2,2022-03-03 13:02:32
1646312555093214000,33.8,2,33.75,2,33.85,1,1,2022-03-03 13:02:35
1646312662702967000,33.75,1,33.75,6,33.85,2,2,2022-03-03 13:04:22
1646312686413715000,33.8,5,33.75,6,33.8,5,2,2022-03-03 13:04:46
1646312714151511000,33.75,5,33.75,6,33.8,13,2,2022-03-03 13:05:14
1646312736936516000,33.75,5,33.75,4,33.8,8,2,2022-03-03 13:05:36
1646312738078000000,33.75,2,33.75,2,33.8,8,2,2022-03-03 13:05:38
1646312755049714000,33.75,1,33.75,1,33.8,8,2,2022-03-03 13:05:55
1646312812403183000,33.8,9,33.75,5,33.85,3,1,2022-03-03 13:06:52
1646312855633413000,33.85,2,33.8,20,33.85,1,1,2022-03-03 13:07:35
1646312855657697000,33.85,1,33.8,20,33.9,5,1,2022-03-03 13:07:35
1646312879815941000,33.85,1,33.85,2,33.9,4,2,2022-03-03 13:07:59
1646312884477112000,33.85,1,33.85,1,33.9,4,2,2022-03-03 13:08:04
1646312884729915000,33.85,1,33.8,20,33.85,4,2,2022-03-03 13:08:04
1646312901602048000,33.8,3,33.8,18,33.85,6,2,2022-03-03 13:08:21
1646312914080588000,33.85,1,33.8,18,33.85,5,1,2022-03-03 13:08:34
1646312914961484000,33.8,2,33.8,16,33.85,3,2,2022-03-03 13:08:34
1646312921169459000,33.85,1,33.8,16,33.85,2,1,2022-03-03 13:08:41
1646312930934217000,33.85,2,33.85,3,33.9,6,1,2022-03-03 13:08:50
1646312972861781000,33.9,3,33.85,3,33.9,3,1,2022-03-03 13:09:32
1646312972888391000,33.9,3,33.85,3,33.95,8,1,2022-03-03 13:09:32
1646313006073575000,33.9,3,33.85,1,33.9,4,2,2022-03-03 13:10:06
1646313006451623000,33.9,2,33.85,2,33.9,2,1,2022-03-03 13:10:06
1646313027828632000,33.9,1,33.85,4,33.9,1,1,2022-03-03 13:10:27
1646313089439381000,33.9,1,33.85,5,33.95,8,1,2022-03-03 13:11:29
1646313099267070000,33.85,3,33.85,18,33.95,8,2,2022-03-03 13:11:39
1646313101910374000,33.95,3,33.85,18,33.95,5,1,2022-03-03 13:11:41
1646313111229326000,33.95,2,33.9,1,33.95,3,1,2022-03-03 13:11:51
1646313135424079000,33.95,5,33.9,8,34.0,7,1,2022-03-03 13:12:15
1646313142154325000,33.9,1,33.9,9,34.0,7,2,2022-03-03 13:12:22
1646313143669008000,34.0,5,33.9,9,34.0,2,1,2022-03-03 13:12:23
1646313204476833000,33.95,1,33.9,16,34.0,6,1,2022-03-03 13:13:24
1646313230145550000,34.0,4,33.95,4,34.0,2,1,2022-03-03 13:13:50
1646313247731131000,34.0,2,34.0,4,34.05,2,1,2022-03-03 13:14:07
1646313257089012000,34.0,4,34.0,2,34.05,2,2,2022-03-03 13:14:17
1646313262897834000,34.0,1,34.0,2,34.05,2,2,2022-03-03 13:14:22
1646313270431343000,34.05,1,34.0,2,34.05,1,1,2022-03-03 13:14:30
1646313277689065000,34.0,2,33.95,4,34.05,1,2,2022-03-03 13:14:37
1646313277689065000,33.95,1,33.95,4,34.05,1,2,2022-03-03 13:14:37
1646313303410571000,34.0,1,34.0,5,34.05,2,2,2022-03-03 13:15:03
1646313304815282000,34.0,1,34.0,4,34.05,2,2,2022-03-03 13:15:04
1646313328634756000,34.05,2,34.0,14,34.05,1,1,2022-03-03 13:15:28
1646313328662694000,34.05,1,34.0,14,34.1,6,1,2022-03-03 13:15:28
1646313336222900000,34.05,1,34.05,4,34.1,4,2,2022-03-03 13:15:36
1646313346647435000,34.1,2,34.05,4,34.1,3,1,2022-03-03 13:15:46
1646313346677580000,34.1,3,34.05,4,34.15,2,1,2022-03-03 13:15:46
1646313346804040000,34.15,1,34.05,4,34.15,1,1,2022-03-03 13:15:46
1646313369671346000,34.15,1,34.1,13,34.15,1,1,2022-03-03 13:16:09
1646313370016602000,34.15,1,34.1,13,34.2,6,1,2022-03-03 13:16:10
1646313370016602000,34.2,1,34.1,13,34.2,6,1,2022-03-03 13:16:10
1646313375188431000,34.2,2,34.15,9,34.2,4,1,2022-03-03 13:16:15
1646313375226944000,34.2,4,34.15,9,34.25,4,1,2022-03-03 13:16:15
1646313386481390000,34.25,1,34.2,10,34.25,3,1,2022-03-03 13:16:26
1646313386532855000,34.25,3,34.2,10,34.3,4,1,2022-03-03 13:16:26
1646313386664202000,34.3,1,34.2,10,34.3,3,1,2022-03-03 13:16:26
1646313391535508000,34.25,1,34.25,9,34.3,1,2,2022-03-03 13:16:31
1646313408543035000,34.25,3,34.25,15,34.3,1,2,2022-03-03 13:16:48
1646313412151697000,34.3,1,34.25,15,34.35,3,1,2022-03-03 13:16:52
1646313431366878000,34.3,1,34.3,9,34.35,3,2,2022-03-03 13:17:11
1646313440909492000,34.3,10,34.25,6,34.35,3,2,2022-03-03 13:17:20
1646313457379440000,34.25,9,34.2,2,34.25,1,2,2022-03-03 13:17:37
1646313458197133000,34.2,2,34.2,1,34.25,1,2,2022-03-03 13:17:38
1646313458223602000,34.2,1,34.15,7,34.25,1,2,2022-03-03 13:17:38
1646313473572071000,34.15,9,34.1,2,34.15,1,2,2022-03-03 13:17:53
1646313480585718000,34.15,2,34.1,5,34.15,7,1,2022-03-03 13:18:00
1646313485029095000,34.15,2,34.1,6,34.15,5,1,2022-03-03 13:18:05
1646313489987110000,34.1,1,34.1,5,34.15,4,2,2022-03-03 13:18:09
1646313503653306000,34.1,2,34.1,4,34.15,4,2,2022-03-03 13:18:23
1646313511605043000,34.1,1,34.1,5,34.15,4,2,2022-03-03 13:18:31
1646313547707938000,34.15,2,34.1,6,34.15,2,1,2022-03-03 13:19:07
1646313574589058000,34.1,2,34.1,4,34.15,5,2,2022-03-03 13:19:34
1646313603364154000,34.1,1,34.1,9,34.15,7,2,2022-03-03 13:20:03
1646313608563314000,34.1,5,34.1,5,34.15,7,2,2022-03-03 13:20:08
1646313624430135000,34.1,2,34.1,6,34.15,7,2,2022-03-03 13:20:24
1646313626586740000,34.1,6,34.05,3,34.1,9,2,2022-03-03 13:20:26
1646313645014546000,34.05,1,34.05,4,34.1,11,2,2022-03-03 13:20:45
1646313656358347000,34.05,1,34.05,6,34.1,11,2,2022-03-03 13:20:56
1646313678308808000,34.1,2,34.05,7,34.15,6,1,2022-03-03 13:21:18
1646313685364733000,34.1,1,34.05,7,34.1,3,1,2022-03-03 13:21:25
1646313735508482000,34.05,6,34.05,1,34.1,8,2,2022-03-03 13:22:15
1646313739503466000,34.05,1,34.0,13,34.05,4,2,2022-03-03 13:22:19
1646313742697750000,34.0,5,34.0,8,34.05,4,2,2022-03-03 13:22:22
1646313746272801000,34.0,8,33.95,8,34.0,1,2,2022-03-03 13:22:26
1646313763788926000,34.0,4,34.0,2,34.05,4,1,2022-03-03 13:22:43
1646313779512046000,34.0,1,34.0,9,34.05,4,2,2022-03-03 13:22:59
1646313780957340000,34.05,1,34.0,9,34.05,3,1,2022-03-03 13:23:00
1646313790433902000,34.0,10,33.95,8,34.05,3,2,2022-03-03 13:23:10
1646313801051643000,33.95,2,33.95,7,34.0,2,2,2022-03-03 13:23:21
1646313807397073000,33.95,2,33.95,5,34.0,2,2,2022-03-03 13:23:27
1646313820938546000,33.95,3,33.95,17,34.0,6,2,2022-03-03 13:23:40
1646313829691769000,33.95,1,33.95,16,34.0,8,2,2022-03-03 13:23:49
1646313839688573000,33.95,16,33.85,13,34.0,8,2,2022-03-03 13:23:59
1646313839688573000,33.9,3,33.85,13,34.0,8,2,2022-03-03 13:23:59
1646313839688573000,33.85,4,33.85,13,34.0,8,2,2022-03-03 13:23:59
1646313848412334000,33.85,1,33.85,15,34.0,6,2,2022-03-03 13:24:08
1646313864180163000,33.9,1,33.9,2,34.0,18,2,2022-03-03 13:24:24
1646313868978929000,34.0,18,34.0,10,34.1,7,1,2022-03-03 13:24:28
1646313874029861000,34.0,5,34.0,8,34.1,7,2,2022-03-03 13:24:34
1646313876328972000,34.1,1,34.0,6,34.1,6,1,2022-03-03 13:24:36
1646313878075298000,34.0,1,34.0,5,34.1,6,2,2022-03-03 13:24:38
1646313881801351000,34.05,2,34.0,2,34.1,6,2,2022-03-03 13:24:41
1646313881801351000,34.0,3,34.0,2,34.1,6,2,2022-03-03 13:24:41
1646313883635354000,34.0,2,33.95,1,34.0,3,2,2022-03-03 13:24:43
1646313885948467000,34.0,1,33.95,1,34.0,2,1,2022-03-03 13:24:45
1646313893836682000,34.0,1,33.95,1,34.0,1,1,2022-03-03 13:24:53
1646313893866866000,34.0,1,33.95,1,34.1,6,1,2022-03-03 13:24:53
1646313898090219000,34.1,2,34.0,15,34.1,4,1,2022-03-03 13:24:58
1646313898123499000,34.1,2,34.0,15,34.1,2,1,2022-03-03 13:24:58
1646314200000000000,33.9,138,33.85,10,33.9,3,2,2022-03-03 13:30:00
