ts,close,volume,bid_price,bid_volume,ask_price,ask_volume,tick_type,datetime
1649840410973302000,160.0,304,160.0,3,160.5,19,1,2022-04-13 09:00:10
1649840411036900000,160.0,3,159.5,7,160.0,7,2,2022-04-13 09:00:11
1649840411041653000,159.5,1,159.5,6,160.0,7,2,2022-04-13 09:00:11
1649840411073959000,160.0,1,159.5,6,160.0,6,1,2022-04-13 09:00:11
1649840411074225000,159.5,1,159.5,5,160.0,6,2,2022-04-13 09:00:11
1649840411077277000,160.0,6,159.5,5,160.5,19,1,2022-04-13 09:00:11
1649840411085023000,159.5,5,159.0,16,159.5,5,2,2022-04-13 09:00:11
1649840411105343000,159.0,2,159.0,14,159.5,5,2,2022-04-13 09:00:11
1649840411113190000,159.5,5,159.0,14,160.5,20,1,2022-04-13 09:00:11
1649840411113190000,160.0,1,159.0,14,160.5,20,1,2022-04-13 09:00:11
1649840411141676000,159.0,10,159.0,4,160.5,20,2,2022-04-13 09:00:11
1649840412140624000,160.5,1,159.0,4,160.5,19,1,2022-04-13 09:00:12
1649840412276225000,159.0,4,158.5,12,159.0,2,2,2022-04-13 09:00:12
1649840412295531000,158.5,12,158.0,11,158.5,6,2,2022-04-13 09:00:12
1649840412312989000,158.5,2,158.0,11,158.5,4,1,2022-04-13 09:00:12
1649840412328469000,158.5,1,158.0,11,158.5,3,1,2022-04-13 09:00:12
1649840412335557000,158.5,3,158.0,11,159.0,3,1,2022-04-13 09:00:12
1649840413088505000,158.0,1,158.0,10,159.0,4,2,2022-04-13 09:00:13
1649840415273410000,158.0,1,158.0,10,158.5,11,2,2022-04-13 09:00:15
1649840415722410000,158.5,1,158.0,10,158.5,10,1,2022-04-13 09:00:15
1649840418190492000,158.0,1,158.0,12,158.5,10,2,2022-04-13 09:00:18
1649840418444594000,158.5,1,158.0,12,158.5,9,1,2022-04-13 09:00:18
1649840419168271000,158.5,2,158.0,13,158.5,7,1,2022-04-13 09:00:19
1649840420191533000,158.5,2,158.0,13,158.5,5,1,2022-04-13 09:00:20
1649840420912242000,158.5,1,158.0,13,158.5,4,1,2022-04-13 09:00:20
1649840421342759000,158.5,1,158.0,13,158.5,3,1,2022-04-13 09:00:21
1649840421376344000,158.5,1,158.0,13,158.5,2,1,2022-04-13 09:00:21
1649840421407740000,158.5,2,158.0,13,159.0,14,1,2022-04-13 09:00:21
1649840422270990000,159.0,1,158.5,7,159.0,13,1,2022-04-13 09:00:22
1649840422304597000,159.0,13,158.5,7,159.5,12,1,2022-04-13 09:00:22
1649840422622336000,159.5,1,158.5,8,159.5,11,1,2022-04-13 09:00:22
1649840422646050000,159.5,1,158.5,8,159.5,10,1,2022-04-13 09:00:22
1649840424078695000,159.5,1,158.5,13,159.5,10,1,2022-04-13 09:00:24
1649840424115102000,159.5,10,158.5,13,160.0,11,1,2022-04-13 09:00:24
1649840425731249000,159.5,1,159.0,8,160.0,11,2,2022-04-13 09:00:25
1649840425771979000,160.0,7,159.5,10,160.0,4,1,2022-04-13 09:00:25
1649840425803183000,160.0,4,159.5,10,160.5,29,1,2022-04-13 09:00:25
1649840426091296000,159.5,1,159.5,9,160.5,29,2,2022-04-13 09:00:26
1649840426645502000,160.5,1,159.5,9,160.5,28,1,2022-04-13 09:00:26
1649840427029694000,160.0,1,159.5,9,160.5,28,1,2022-04-13 09:00:27
1649840427169321000,160.5,24,159.5,10,160.5,4,1,2022-04-13 09:00:27
1649840427189863000,160.5,4,159.5,10,161.0,8,1,2022-04-13 09:00:27
1649840427820236000,161.0,5,159.5,11,161.0,4,1,2022-04-13 09:00:27
1649840428241552000,160.0,3,160.0,3,161.0,16,2,2022-04-13 09:00:28
1649840428539234000,160.0,1,160.0,2,161.0,16,2,2022-04-13 09:00:28
1649840428837547000,161.0,5,159.5,13,161.0,11,1,2022-04-13 09:00:28
1649840429612508000,161.0,1,160.0,9,161.0,10,1,2022-04-13 09:00:29
1649840429663046000,160.0,2,160.0,7,161.0,10,2,2022-04-13 09:00:29
1649840429725885000,161.0,1,160.0,7,161.0,9,1,2022-04-13 09:00:29
1649840430242168000,161.0,1,160.0,7,161.0,8,1,2022-04-13 09:00:30
1649840430403330000,160.5,1,160.0,7,161.0,8,1,2022-04-13 09:00:30
1649840430523046000,161.0,1,160.0,7,161.0,7,1,2022-04-13 09:00:30
1649840430668550000,161.0,1,160.0,7,161.0,6,1,2022-04-13 09:00:30
1649840430887603000,161.0,1,160.5,1,161.0,8,1,2022-04-13 09:00:30
1649840431144655000,161.0,1,160.5,1,161.0,7,1,2022-04-13 09:00:31
1649840431178966000,161.0,7,161.0,11,161.5,11,1,2022-04-13 09:00:31
1649840431689870000,161.0,2,161.0,11,161.5,13,2,2022-04-13 09:00:31
1649840431994249000,161.5,1,161.0,11,161.5,13,1,2022-04-13 09:00:31
1649840432039634000,161.5,1,161.0,11,161.5,22,1,2022-04-13 09:00:32
1649840432080596000,161.0,2,161.0,9,161.5,22,2,2022-04-13 09:00:32
1649840432906696000,161.0,3,161.0,11,161.5,22,2,2022-04-13 09:00:32
1649840433010511000,161.0,1,161.0,10,161.5,22,2,2022-04-13 09:00:33
1649840433361936000,161.5,1,161.0,11,161.5,21,1,2022-04-13 09:00:33
1649840433691810000,161.5,1,161.0,11,161.5,20,1,2022-04-13 09:00:33
1649840433807559000,161.5,10,161.0,11,161.5,10,1,2022-04-13 09:00:33
1649840434843688000,161.5,1,161.0,10,161.5,10,1,2022-04-13 09:00:34
1649840435108695000,161.5,1,161.0,11,161.5,9,1,2022-04-13 09:00:35
1649840435203458000,161.0,1,161.0,10,161.5,9,2,2022-04-13 09:00:35
1649840435806150000,161.5,6,161.0,10,161.5,3,1,2022-04-13 09:00:35
1649840436055405000,161.5,3,161.5,9,162.0,11,1,2022-04-13 09:00:36
1649840436082831000,162.0,1,161.5,9,162.0,10,1,2022-04-13 09:00:36
1649840436316881000,162.0,1,161.5,9,162.0,19,1,2022-04-13 09:00:36
1649840436633970000,162.0,1,161.5,9,162.0,20,1,2022-04-13 09:00:36
1649840437252760000,162.0,1,161.5,11,162.0,19,1,2022-04-13 09:00:37
1649840437330555000,161.5,1,161.5,10,162.0,19,2,2022-04-13 09:00:37
1649840437369891000,161.5,10,161.0,13,162.0,19,2,2022-04-13 09:00:37
1649840437465171000,161.5,1,161.0,13,162.0,19,2,2022-04-13 09:00:37
1649840438646036000,162.0,1,161.5,1,162.0,21,1,2022-04-13 09:00:38
1649840438730521000,161.5,1,161.0,16,162.0,21,2,2022-04-13 09:00:38
1649840439224351000,161.5,1,161.0,16,162.0,21,2,2022-04-13 09:00:39
1649840439286775000,162.0,1,161.0,16,162.0,20,1,2022-04-13 09:00:39
1649840439671238000,161.5,1,161.0,16,162.0,20,1,2022-04-13 09:00:39
1649840439738334000,161.5,1,161.0,16,161.5,1,1,2022-04-13 09:00:39
1649840440107154000,161.5,1,161.0,22,161.5,2,1,2022-04-13 09:00:40
1649840440114651000,161.5,1,161.0,22,161.5,1,1,2022-04-13 09:00:40
1649840440196487000,161.5,1,161.0,16,162.0,20,1,2022-04-13 09:00:40
1649840441049071000,161.0,1,161.0,15,161.5,2,2,2022-04-13 09:00:41
1649840441193163000,161.5,1,161.0,14,161.5,2,1,2022-04-13 09:00:41
1649840441244942000,161.0,1,161.0,14,161.5,4,2,2022-04-13 09:00:41
1649840441699280000,161.5,1,161.0,15,161.5,6,1,2022-04-13 09:00:41
1649840442368671000,161.5,1,161.0,15,161.5,17,1,2022-04-13 09:00:42
1649840442413724000,161.5,1,161.0,15,161.5,16,1,2022-04-13 09:00:42
1649840442433820000,161.5,5,161.0,15,161.5,11,1,2022-04-13 09:00:42
1649840442511970000,161.5,1,161.0,15,161.5,10,1,2022-04-13 09:00:42
1649840442719041000,161.5,2,161.0,15,161.5,8,1,2022-04-13 09:00:42
1649840442805140000,161.0,2,161.0,13,161.5,8,2,2022-04-13 09:00:42
1649840442873345000,161.5,1,161.0,13,161.5,7,1,2022-04-13 09:00:42
1649840442904607000,161.0,3,161.0,10,161.5,7,2,2022-04-13 09:00:42
1649840443365535000,161.0,3,161.0,7,161.5,13,2,2022-04-13 09:00:43
1649840443397919000,161.0,7,160.5,8,161.5,13,2,2022-04-13 09:00:43
1649840443399162000,161.5,1,160.5,8,161.5,12,1,2022-04-13 09:00:43
1649840443520778000,161.5,1,160.5,8,161.5,11,1,2022-04-13 09:00:43
1649840443734019000,161.5,1,160.5,8,161.5,12,1,2022-04-13 09:00:43
1649840443864495000,161.5,1,161.0,6,161.5,11,1,2022-04-13 09:00:43
1649840443889886000,161.5,1,161.0,6,161.5,10,1,2022-04-13 09:00:43
1649840444006442000,161.5,1,161.0,6,161.5,10,1,2022-04-13 09:00:44
1649840444073609000,161.5,2,161.0,6,161.5,8,1,2022-04-13 09:00:44
1649840444196117000,161.0,6,160.5,8,161.0,4,2,2022-04-13 09:00:44
1649840444211481000,161.0,1,160.5,8,161.0,3,1,2022-04-13 09:00:44
1649840444251022000,161.0,1,160.5,8,161.0,2,1,2022-04-13 09:00:44
1649840444351060000,160.5,1,160.5,7,161.0,2,2,2022-04-13 09:00:44
1649840444525322000,161.0,1,160.5,7,161.0,1,1,2022-04-13 09:00:44
1649840444601953000,161.0,1,160.5,7,161.5,8,1,2022-04-13 09:00:44
1649840444920715000,161.0,1,160.5,7,161.5,11,2,2022-04-13 09:00:44
1649840445459861000,161.0,1,160.5,7,161.0,4,1,2022-04-13 09:00:45
1649840445574438000,161.0,1,160.5,7,161.0,3,1,2022-04-13 09:00:45
1649840445805783000,161.0,1,160.5,7,161.0,2,1,2022-04-13 09:00:45
1649840446035171000,161.0,1,160.5,7,161.0,1,1,2022-04-13 09:00:46
1649840446296636000,161.0,1,160.5,6,161.5,28,1,2022-04-13 09:00:46
1649840446662539000,161.0,1,160.5,6,161.0,9,1,2022-04-13 09:00:46
1649840446689440000,161.0,2,160.5,6,161.0,7,1,2022-04-13 09:00:46
1649840446727827000,161.0,7,161.0,3,161.5,28,1,2022-04-13 09:00:46
1649840446765131000,161.0,3,160.5,6,161.5,28,2,2022-04-13 09:00:46
1649840446791384000,161.5,1,160.5,6,161.5,27,1,2022-04-13 09:00:46
1649840447822039000,161.0,2,160.5,6,161.0,4,1,2022-04-13 09:00:47
1649840447882471000,161.0,1,160.5,7,161.0,5,1,2022-04-13 09:00:47
1649840448352696000,161.0,1,160.5,7,161.0,5,1,2022-04-13 09:00:48
1649840448464825000,161.0,1,160.5,7,161.0,4,1,2022-04-13 09:00:48
1649840448497751000,160.5,1,160.5,6,161.0,4,2,2022-04-13 09:00:48
1649840448613213000,161.0,3,160.5,7,161.0,1,1,2022-04-13 09:00:48
1649840448950947000,161.0,1,160.5,8,161.5,34,1,2022-04-13 09:00:48
1649840450313701000,161.0,5,160.5,12,161.0,1,1,2022-04-13 09:00:50
1649840450329397000,161.0,1,161.0,4,161.5,40,1,2022-04-13 09:00:50
1649840450556243000,161.0,4,160.5,12,161.5,40,2,2022-04-13 09:00:50
1649840450609096000,161.0,1,160.5,12,161.0,3,1,2022-04-13 09:00:50
1649840450773116000,161.0,2,160.5,12,161.0,1,1,2022-04-13 09:00:50
1649840451000983000,161.0,1,161.0,1,161.5,40,1,2022-04-13 09:00:51
1649840451161228000,161.0,1,160.5,12,161.5,40,2,2022-04-13 09:00:51
1649840451326529000,161.5,1,160.5,12,161.5,39,1,2022-04-13 09:00:51
1649840451546102000,161.0,1,160.5,12,161.0,3,1,2022-04-13 09:00:51
1649840451624249000,160.5,2,160.5,10,161.0,3,2,2022-04-13 09:00:51
1649840451798119000,161.0,2,160.5,10,161.0,1,1,2022-04-13 09:00:51
1649840451918137000,161.0,1,160.5,10,161.5,39,1,2022-04-13 09:00:51
1649840452050323000,161.0,1,160.5,10,161.0,1,1,2022-04-13 09:00:52
1649840452258274000,160.5,1,160.5,9,161.0,1,2,2022-04-13 09:00:52
1649840452412284000,160.5,3,160.5,6,161.0,2,2,2022-04-13 09:00:52
1649840452516877000,161.0,1,160.5,6,161.0,1,1,2022-04-13 09:00:52
1649840452572339000,161.0,1,160.5,6,161.0,10,1,2022-04-13 09:00:52
1649840452721426000,161.0,3,160.5,6,161.0,8,1,2022-04-13 09:00:52
1649840452907448000,160.5,3,160.5,3,161.0,10,2,2022-04-13 09:00:52
1649840452918796000,160.5,3,160.0,27,161.0,10,2,2022-04-13 09:00:52
1649840453205920000,160.5,1,160.0,27,161.0,12,2,2022-04-13 09:00:53
1649840453711534000,161.0,1,160.5,2,161.0,11,1,2022-04-13 09:00:53
1649840453978236000,161.0,1,160.5,2,161.0,12,1,2022-04-13 09:00:53
1649840454149270000,161.0,1,160.5,2,161.0,12,1,2022-04-13 09:00:54
1649840454868466000,160.5,3,160.0,27,160.5,3,2,2022-04-13 09:00:54
1649840455864195000,160.5,9,160.5,1,161.0,15,1,2022-04-13 09:00:55
1649840455927895000,161.0,1,160.5,1,161.0,14,1,2022-04-13 09:00:55
1649840456564073000,161.0,1,160.5,3,161.0,15,1,2022-04-13 09:00:56
1649840456808097000,160.5,1,160.5,2,161.0,15,2,2022-04-13 09:00:56
1649840457448247000,161.0,1,160.5,3,161.0,14,1,2022-04-13 09:00:57
1649840457623394000,160.5,3,160.0,28,161.0,14,2,2022-04-13 09:00:57
1649840457814206000,160.5,3,160.0,28,160.5,7,2,2022-04-13 09:00:57
1649840459585056000,160.5,1,160.0,29,160.5,8,1,2022-04-13 09:00:59
1649840459798030000,160.5,1,160.0,29,160.5,7,1,2022-04-13 09:00:59
1649840460505660000,160.5,1,160.0,30,160.5,8,1,2022-04-13 09:01:00
1649840461131766000,160.0,6,160.0,24,160.5,13,2,2022-04-13 09:01:01
1649840461517951000,160.5,1,160.0,24,160.5,15,1,2022-04-13 09:01:01
1649840461568936000,160.5,2,160.0,24,160.5,13,1,2022-04-13 09:01:01
1649840462792405000,160.5,1,160.0,23,160.5,13,1,2022-04-13 09:01:02
1649840462916285000,160.5,5,160.0,23,160.5,8,1,2022-04-13 09:01:02
1649840462980202000,160.5,2,160.0,23,160.5,6,1,2022-04-13 09:01:02
1649840463240941000,160.0,1,160.0,22,160.5,6,2,2022-04-13 09:01:03
1649840463254491000,160.5,2,160.0,22,160.5,4,1,2022-04-13 09:01:03
1649840463604615000,160.5,1,160.0,22,160.5,3,1,2022-04-13 09:01:03
1649840464083079000,160.5,2,160.0,22,160.5,1,1,2022-04-13 09:01:04
1649840465955991000,160.5,2,160.0,23,161.0,18,1,2022-04-13 09:01:05
1649840466021405000,160.0,1,160.0,22,161.0,20,2,2022-04-13 09:01:06
1649840466234188000,161.0,1,160.5,1,161.0,20,1,2022-04-13 09:01:06
1649840466512707000,160.5,1,160.0,22,161.0,20,2,2022-04-13 09:01:06
1649840467297089000,160.0,5,160.0,18,160.5,5,2,2022-04-13 09:01:07
1649840467430561000,160.5,1,160.0,18,160.5,6,1,2022-04-13 09:01:07
1649840467666581000,160.5,6,160.5,4,161.0,20,1,2022-04-13 09:01:07
1649840469810182000,161.0,1,160.5,8,161.0,22,1,2022-04-13 09:01:09
1649840470164937000,160.5,1,160.5,7,161.0,22,2,2022-04-13 09:01:10
1649840471504322000,160.5,4,160.5,5,161.0,25,2,2022-04-13 09:01:11
1649840472941605000,160.5,1,160.5,8,161.0,28,2,2022-04-13 09:01:12
1649840473628846000,161.0,2,160.5,12,161.0,26,1,2022-04-13 09:01:13
1649840476575225000,160.5,2,160.5,17,161.0,29,2,2022-04-13 09:01:16
1649840477032923000,160.5,1,160.5,17,161.0,29,2,2022-04-13 09:01:17
1649840477501079000,160.5,1,160.5,16,161.0,29,2,2022-04-13 09:01:17
1649840478704759000,160.5,1,160.5,15,161.0,29,2,2022-04-13 09:01:18
1649840481430259000,160.5,1,160.5,17,161.0,31,2,2022-04-13 09:01:21
1649840484388185000,160.5,1,160.5,22,161.0,31,2,2022-04-13 09:01:24
1649840484897086000,160.5,1,160.5,21,161.0,31,2,2022-04-13 09:01:24
1649840485192931000,161.0,1,160.5,21,161.0,30,1,2022-04-13 09:01:25
1649840486387224000,161.0,1,160.5,22,161.0,29,1,2022-04-13 09:01:26
1649840486702842000,160.5,2,160.5,21,161.0,29,2,2022-04-13 09:01:26
1649840487791041000,160.5,2,160.5,19,161.0,29,2,2022-04-13 09:01:27
1649840490190901000,160.5,5,160.5,14,161.0,34,2,2022-04-13 09:01:30
1649840490222082000,160.5,14,160.0,27,161.0,34,2,2022-04-13 09:01:30
1649840491248553000,160.5,1,160.0,28,161.0,39,2,2022-04-13 09:01:31
1649840492945231000,160.0,11,160.0,17,160.5,11,2,2022-04-13 09:01:32
1649840492971513000,160.0,6,160.0,11,160.5,11,2,2022-04-13 09:01:32
1649840492972276000,160.0,11,159.5,11,160.5,11,2,2022-04-13 09:01:32
1649840493405383000,160.0,1,159.5,11,160.0,9,1,2022-04-13 09:01:33
1649840495178498000,160.0,1,159.5,11,160.0,9,1,2022-04-13 09:01:35
1649840495189653000,160.0,5,159.5,11,160.0,4,1,2022-04-13 09:01:35
1649840495244251000,159.5,1,159.5,10,160.0,4,2,2022-04-13 09:01:35
1649840495963525000,159.5,3,159.5,7,160.0,5,2,2022-04-13 09:01:35
1649840495997252000,159.5,1,159.5,6,160.0,5,2,2022-04-13 09:01:35
1649840496012876000,159.5,4,159.5,2,160.0,5,2,2022-04-13 09:01:36
1649840496067601000,159.5,1,159.5,1,160.0,5,2,2022-04-13 09:01:36
1649840496764295000,160.0,1,159.5,1,160.0,4,1,2022-04-13 09:01:36
1649840497704108000,159.5,1,159.0,12,159.5,3,2,2022-04-13 09:01:37
1649840498095428000,159.5,1,159.0,12,159.5,2,1,2022-04-13 09:01:38
1649840498463481000,159.5,3,159.0,12,159.5,6,1,2022-04-13 09:01:38
1649840499478948000,159.5,1,159.0,12,159.5,6,1,2022-04-13 09:01:39
1649840500899112000,159.5,2,159.0,12,159.5,9,1,2022-04-13 09:01:40
1649840500965530000,159.5,1,159.0,12,159.5,8,1,2022-04-13 09:01:40
1649840501509774000,159.5,1,159.0,12,159.5,7,1,2022-04-13 09:01:41
1649840501974737000,159.5,1,159.0,12,159.5,6,1,2022-04-13 09:01:41
1649840502939156000,159.5,5,159.0,14,159.5,2,1,2022-04-13 09:01:42
1649840502985156000,159.5,2,159.0,14,160.0,9,1,2022-04-13 09:01:42
1649840503311061000,159.5,1,159.5,1,160.0,9,1,2022-04-13 09:01:43
1649840506715861000,159.5,1,159.5,9,160.0,9,2,2022-04-13 09:01:46
1649840508420126000,160.0,2,159.5,11,160.0,7,1,2022-04-13 09:01:48
1649840508991671000,159.5,1,159.5,10,160.0,8,2,2022-04-13 09:01:48
1649840510647886000,159.5,5,159.5,6,160.0,8,2,2022-04-13 09:01:50
1649840511126496000,159.5,3,159.5,5,160.0,8,2,2022-04-13 09:01:51
1649840511532198000,159.5,1,159.5,4,160.0,8,2,2022-04-13 09:01:51
1649840511979285000,160.0,1,159.5,4,160.0,6,1,2022-04-13 09:01:51
1649840513560776000,159.5,3,159.5,1,160.0,9,2,2022-04-13 09:01:53
1649840513597537000,159.5,1,159.0,14,160.0,9,2,2022-04-13 09:01:53
1649840514356066000,159.5,1,159.5,1,160.0,9,1,2022-04-13 09:01:54
1649840515444278000,160.0,1,159.5,1,160.0,13,1,2022-04-13 09:01:55
1649840516500474000,159.5,1,159.0,15,160.0,13,2,2022-04-13 09:01:56
1649840518591143000,159.5,1,159.0,15,160.0,14,2,2022-04-13 09:01:58
1649840519303955000,160.0,2,159.0,15,160.0,13,1,2022-04-13 09:01:59
1649840523492723000,159.5,1,159.0,13,159.5,10,1,2022-04-13 09:02:03
1649840523964740000,159.0,1,159.0,12,159.5,10,2,2022-04-13 09:02:03
1649840523986709000,159.0,1,159.0,12,159.5,10,2,2022-04-13 09:02:03
1649840524098205000,159.0,2,159.0,10,159.5,10,2,2022-04-13 09:02:04
1649840524507927000,159.5,1,159.0,10,159.5,14,1,2022-04-13 09:02:04
1649840525341072000,159.0,1,159.0,9,159.5,14,2,2022-04-13 09:02:05
1649840525649273000,159.0,3,159.0,6,159.5,14,2,2022-04-13 09:02:05
1649840525704965000,159.0,4,159.0,2,159.5,14,2,2022-04-13 09:02:05
1649840525737339000,159.0,2,158.5,17,159.5,14,2,2022-04-13 09:02:05
1649840525909537000,159.0,1,158.5,17,159.5,14,1,2022-04-13 09:02:05
1649840526447855000,159.0,1,159.0,4,159.5,15,2,2022-04-13 09:02:06
1649840527400819000,159.0,5,158.5,18,159.5,15,2,2022-04-13 09:02:07
1649840528890146000,159.0,1,158.5,18,159.0,3,1,2022-04-13 09:02:08
1649840529982376000,159.0,1,158.5,18,159.0,6,1,2022-04-13 09:02:09
1649840530112007000,158.5,4,158.5,14,159.0,6,2,2022-04-13 09:02:10
1649840530269581000,159.0,1,158.5,14,159.0,5,1,2022-04-13 09:02:10
1649840531433370000,158.5,1,158.5,13,159.0,6,2,2022-04-13 09:02:11
1649840531861968000,159.0,1,158.5,14,159.0,5,1,2022-04-13 09:02:11
1649840532902939000,158.5,1,158.5,13,159.0,6,2,2022-04-13 09:02:12
1649840533569539000,158.5,1,158.5,12,159.0,6,2,2022-04-13 09:02:13
1649840535423691000,158.5,1,158.5,11,159.0,8,2,2022-04-13 09:02:15
1649840537069611000,158.5,1,158.5,11,159.0,13,2,2022-04-13 09:02:17
1649840538923532000,158.5,2,158.5,14,159.0,22,2,2022-04-13 09:02:18
1649840539095830000,158.5,1,158.5,13,159.0,22,2,2022-04-13 09:02:19
1649840539649691000,158.5,1,158.5,12,159.0,23,2,2022-04-13 09:02:19
1649840539693256000,158.5,1,158.5,11,159.0,23,2,2022-04-13 09:02:19
1649840540153871000,159.0,1,158.5,11,159.0,21,1,2022-04-13 09:02:20
1649840542397109000,158.5,1,158.5,11,159.0,21,2,2022-04-13 09:02:22
1649840542434916000,158.5,1,158.5,10,159.0,21,2,2022-04-13 09:02:22
1649840543676700000,158.5,11,158.0,27,158.5,1,2,2022-04-13 09:02:23
1649840543700543000,158.5,1,158.0,27,159.0,22,1,2022-04-13 09:02:23
1649840543721644000,158.0,1,158.0,26,159.0,22,2,2022-04-13 09:02:23
1649840543722749000,158.0,1,158.0,25,159.0,22,2,2022-04-13 09:02:23
1649840543749815000,158.0,1,158.0,25,158.5,1,2,2022-04-13 09:02:23
1649840543765113000,158.5,1,158.0,25,159.0,22,1,2022-04-13 09:02:23
1649840544335219000,158.5,1,158.0,25,159.0,24,2,2022-04-13 09:02:24
1649840544797122000,158.5,3,158.0,25,158.5,2,1,2022-04-13 09:02:24
1649840544830694000,158.5,2,158.0,25,159.0,21,1,2022-04-13 09:02:24
1649840544839635000,158.5,1,158.5,1,159.0,21,2,2022-04-13 09:02:24
1649840544862698000,158.5,1,158.0,25,158.5,1,2,2022-04-13 09:02:24
1649840545046785000,158.5,1,158.0,25,159.0,21,1,2022-04-13 09:02:25
1649840545191985000,158.5,1,158.5,1,159.0,21,1,2022-04-13 09:02:25
1649840545236192000,158.5,1,158.0,25,159.0,21,2,2022-04-13 09:02:25
1649840547529757000,158.5,1,158.0,25,158.5,5,1,2022-04-13 09:02:27
1649840548692271000,158.0,1,158.0,24,158.5,7,2,2022-04-13 09:02:28
1649840549231828000,158.5,1,158.0,24,158.5,6,1,2022-04-13 09:02:29
1649840549257229000,158.5,1,158.0,24,158.5,5,1,2022-04-13 09:02:29
1649840553623595000,158.5,2,158.0,24,158.5,14,1,2022-04-13 09:02:33
1649840553649451000,158.0,1,158.0,23,158.5,14,2,2022-04-13 09:02:33
1649840557145208000,158.0,1,158.0,18,158.5,16,2,2022-04-13 09:02:37
1649840557172374000,158.0,18,157.5,17,158.5,16,2,2022-04-13 09:02:37
1649840557766931000,158.0,2,157.5,18,158.0,6,1,2022-04-13 09:02:37
1649840557989019000,157.5,1,157.5,17,158.0,6,2,2022-04-13 09:02:37
1649840558060641000,157.5,1,157.5,16,158.0,8,2,2022-04-13 09:02:38
1649840558173520000,157.5,1,157.5,15,158.0,8,2,2022-04-13 09:02:38
1649840558255035000,158.0,2,157.5,15,158.0,6,1,2022-04-13 09:02:38
1649840558788157000,157.5,1,157.5,14,158.0,6,2,2022-04-13 09:02:38
1649840559613223000,157.5,1,157.5,13,158.0,6,2,2022-04-13 09:02:39
1649840560435576000,158.0,1,157.5,13,158.0,9,1,2022-04-13 09:02:40
1649840560830191000,157.5,1,157.5,12,158.0,9,2,2022-04-13 09:02:40
1649840561124354000,157.5,1,157.5,11,158.0,9,2,2022-04-13 09:02:41
1649840561402940000,157.5,1,157.5,10,158.0,9,2,2022-04-13 09:02:41
1649840561692489000,157.5,2,157.5,9,158.0,10,2,2022-04-13 09:02:41
1649840561725381000,157.5,7,157.5,2,158.0,10,2,2022-04-13 09:02:41
1649840561733153000,157.5,1,157.5,1,158.0,10,2,2022-04-13 09:02:41
1649840561747969000,157.5,1,157.0,11,158.0,11,2,2022-04-13 09:02:41
1649840561846721000,157.0,5,157.0,6,158.0,11,2,2022-04-13 09:02:41
1649840562256214000,157.0,1,157.0,5,157.5,1,2,2022-04-13 09:02:42
1649840562718502000,157.5,1,157.0,5,157.5,2,1,2022-04-13 09:02:42
1649840562904483000,157.0,1,157.0,4,157.5,4,2,2022-04-13 09:02:42
1649840563344637000,157.5,2,157.0,4,157.5,9,1,2022-04-13 09:02:43
1649840565094494000,157.0,2,157.0,2,157.5,14,2,2022-04-13 09:02:45
1649840565807898000,157.0,1,157.0,1,157.5,17,2,2022-04-13 09:02:45
1649840566282802000,157.0,1,156.5,7,157.5,17,2,2022-04-13 09:02:46
1649840566718582000,157.0,1,157.0,2,157.5,19,1,2022-04-13 09:02:46
1649840566786091000,157.0,2,156.5,7,157.5,19,2,2022-04-13 09:02:46
1649840567829175000,157.0,1,156.5,9,157.5,20,1,2022-04-13 09:02:47
1649840568720879000,157.0,1,156.5,8,157.5,20,2,2022-04-13 09:02:48
1649840568720879000,156.5,1,156.5,8,157.5,20,2,2022-04-13 09:02:48
1649840569054022000,157.0,1,157.0,2,157.5,20,2,2022-04-13 09:02:49
1649840569901602000,157.5,1,157.0,4,157.5,18,1,2022-04-13 09:02:49
1649840569989462000,157.0,2,157.0,2,157.5,18,2,2022-04-13 09:02:49
1649840570417490000,157.0,1,157.0,1,157.5,20,2,2022-04-13 09:02:50
1649840570486870000,157.0,1,156.5,9,157.5,20,2,2022-04-13 09:02:50
1649840570575440000,156.5,1,156.5,8,157.5,20,2,2022-04-13 09:02:50
1649840570655742000,156.5,1,156.5,7,157.5,20,2,2022-04-13 09:02:50
1649840572779460000,157.0,1,157.0,8,157.5,21,2,2022-04-13 09:02:52
1649840573025323000,157.0,2,157.0,6,157.5,21,2,2022-04-13 09:02:53
1649840573686643000,157.0,1,157.0,9,157.5,21,2,2022-04-13 09:02:53
1649840573891296000,157.0,1,157.0,8,157.5,21,2,2022-04-13 09:02:53
1649840575214542000,157.0,1,157.0,7,157.5,19,2,2022-04-13 09:02:55
1649840575218477000,157.0,5,157.0,2,157.5,19,2,2022-04-13 09:02:55
1649840575252267000,157.0,2,156.5,7,157.5,19,2,2022-04-13 09:02:55
1649840576473630000,156.5,1,156.5,6,157.0,2,2,2022-04-13 09:02:56
1649840576840232000,157.0,1,156.5,6,157.0,2,1,2022-04-13 09:02:56
1649840578268371000,157.0,1,156.5,7,157.0,5,1,2022-04-13 09:02:58
1649840580518610000,157.0,4,156.5,9,157.0,2,1,2022-04-13 09:03:00
1649840580553235000,157.0,2,156.5,9,157.5,21,1,2022-04-13 09:03:00
1649840580677177000,156.5,1,156.5,8,157.5,21,2,2022-04-13 09:03:00
1649840580928070000,156.5,6,156.5,2,157.0,1,2,2022-04-13 09:03:00
1649840581649521000,156.5,1,156.5,1,157.0,3,2,2022-04-13 09:03:01
1649840581679935000,156.5,1,156.0,8,157.0,3,2,2022-04-13 09:03:01
1649840584564694000,156.5,1,156.5,4,157.0,7,2,2022-04-13 09:03:04
1649840584709147000,156.5,4,156.0,8,156.5,2,2,2022-04-13 09:03:04
1649840586459957000,156.0,5,156.0,6,156.5,4,2,2022-04-13 09:03:06
1649840586497142000,156.0,1,156.0,5,156.5,5,2,2022-04-13 09:03:06
1649840586555173000,156.5,1,156.0,5,156.5,4,1,2022-04-13 09:03:06
1649840586567371000,156.0,1,156.0,4,156.5,4,2,2022-04-13 09:03:06
1649840586996135000,156.0,1,156.0,3,156.5,3,2,2022-04-13 09:03:06
1649840587240725000,156.5,1,156.0,3,156.5,2,1,2022-04-13 09:03:07
1649840587384392000,156.5,2,156.5,1,157.0,8,1,2022-04-13 09:03:07
1649840587721995000,156.5,3,156.0,3,157.0,8,2,2022-04-13 09:03:07
1649840589006592000,156.5,1,156.0,2,157.0,9,2,2022-04-13 09:03:09
1649840589006592000,156.0,1,156.0,2,157.0,9,2,2022-04-13 09:03:09
1649840590214801000,156.5,1,155.5,7,156.5,1,1,2022-04-13 09:03:10
1649840590247047000,156.5,1,155.5,7,157.0,10,1,2022-04-13 09:03:10
1649840592462042000,157.0,1,156.5,12,157.0,11,1,2022-04-13 09:03:12
1649840593162757000,156.5,1,156.5,11,157.0,11,2,2022-04-13 09:03:13
1649840593602082000,156.5,1,156.5,10,157.0,11,2,2022-04-13 09:03:13
1649840596928179000,156.5,2,156.5,12,157.0,14,2,2022-04-13 09:03:16
1649840597288932000,157.0,4,156.5,12,157.0,11,1,2022-04-13 09:03:17
1649840598198322000,157.0,1,156.5,12,157.0,10,1,2022-04-13 09:03:18
1649840598219640000,157.0,3,156.5,12,157.0,7,1,2022-04-13 09:03:18
1649840598242231000,157.0,3,156.5,13,157.0,4,1,2022-04-13 09:03:18
1649840598242318000,157.0,4,156.5,13,157.5,19,1,2022-04-13 09:03:18
1649840599369589000,157.5,1,157.0,5,157.5,18,1,2022-04-13 09:03:19
1649840599373290000,157.5,1,157.0,5,157.5,17,1,2022-04-13 09:03:19
1649840600358312000,157.5,1,157.0,6,157.5,16,1,2022-04-13 09:03:20
1649840601152026000,157.5,1,157.0,10,157.5,15,1,2022-04-13 09:03:21
1649840601190936000,157.5,5,157.0,10,157.5,11,1,2022-04-13 09:03:21
1649840601214778000,157.5,11,157.0,10,158.0,14,1,2022-04-13 09:03:21
1649840606894359000,158.0,1,157.5,4,158.0,13,1,2022-04-13 09:03:26
1649840610707272000,158.0,1,157.5,7,158.0,13,1,2022-04-13 09:03:30
1649840611655751000,158.0,2,157.5,7,158.0,11,1,2022-04-13 09:03:31
1649840611956139000,158.0,1,157.5,7,158.0,10,1,2022-04-13 09:03:31
1649840612306298000,158.0,1,157.5,8,158.0,9,1,2022-04-13 09:03:32
1649840612841193000,158.0,1,157.5,8,158.0,8,1,2022-04-13 09:03:32
1649840612879370000,158.0,2,157.5,8,158.0,6,1,2022-04-13 09:03:32
1649840613212254000,157.5,3,157.5,6,158.0,6,2,2022-04-13 09:03:33
1649840613366628000,158.0,1,157.5,6,158.0,5,1,2022-04-13 09:03:33
1649840614286028000,158.0,5,158.0,3,158.5,11,1,2022-04-13 09:03:34
1649840614312766000,158.0,2,158.0,1,158.5,11,2,2022-04-13 09:03:34
1649840614335518000,158.0,1,157.5,6,158.5,11,2,2022-04-13 09:03:34
1649840614759086000,158.0,1,157.5,6,158.5,11,1,2022-04-13 09:03:34
1649840614797592000,158.0,1,157.5,6,158.5,11,2,2022-04-13 09:03:34
1649840614980097000,158.0,1,157.5,6,158.5,11,2,2022-04-13 09:03:34
1649840615216532000,158.0,3,157.5,6,158.5,11,2,2022-04-13 09:03:35
1649840615711669000,158.5,1,158.0,1,158.5,10,1,2022-04-13 09:03:35
1649840615761267000,158.5,1,158.0,1,158.5,9,1,2022-04-13 09:03:35
1649840619047354000,158.0,5,157.5,6,158.5,10,2,2022-04-13 09:03:39
1649840620118386000,158.0,1,158.0,1,158.5,10,2,2022-04-13 09:03:40
1649840621481604000,158.0,3,157.5,5,158.5,19,2,2022-04-13 09:03:41
1649840622714122000,158.0,1,157.5,8,158.5,19,2,2022-04-13 09:03:42
1649840623878125000,157.5,1,157.5,7,158.5,19,2,2022-04-13 09:03:43
1649840624497000000,158.0,1,157.5,7,158.5,19,2,2022-04-13 09:03:44
1649840625802835000,158.0,1,157.5,7,158.0,2,1,2022-04-13 09:03:45
1649840626266560000,158.0,1,157.5,7,158.0,1,1,2022-04-13 09:03:46
1649840628597095000,158.0,1,157.5,7,158.0,1,1,2022-04-13 09:03:48
1649840630266718000,158.0,1,157.5,9,158.5,18,1,2022-04-13 09:03:50
1649840632368300000,158.0,1,157.5,10,158.0,2,1,2022-04-13 09:03:52
1649840632829415000,158.0,1,157.5,10,158.0,1,1,2022-04-13 09:03:52
1649840634105723000,158.0,1,157.5,10,158.5,15,1,2022-04-13 09:03:54
1649840634132775000,157.5,2,157.5,8,158.5,15,2,2022-04-13 09:03:54
1649840635146204000,158.0,1,157.5,9,158.5,14,2,2022-04-13 09:03:55
1649840637149182000,158.0,1,157.5,9,158.0,1,1,2022-04-13 09:03:57
1649840637932535000,158.0,1,157.5,10,158.5,14,1,2022-04-13 09:03:57
1649840639152897000,158.0,1,157.5,11,158.5,16,1,2022-04-13 09:03:59
1649840640159621000,158.0,3,157.5,11,158.5,17,2,2022-04-13 09:04:00
1649840640970060000,158.0,1,157.5,11,158.5,17,2,2022-04-13 09:04:00
1649840645240078000,158.0,1,157.5,16,158.5,17,1,2022-04-13 09:04:05
1649840652480699000,158.0,3,157.5,21,158.5,22,1,2022-04-13 09:04:12
1649840652802051000,158.0,1,157.5,21,158.5,22,2,2022-04-13 09:04:12
1649840655191006000,157.5,1,157.5,20,158.0,10,2,2022-04-13 09:04:15
1649840655485580000,158.0,10,157.5,20,158.5,22,1,2022-04-13 09:04:15
1649840657052397000,158.0,1,157.5,20,158.5,22,2,2022-04-13 09:04:17
1649840662720016000,157.5,8,157.5,13,158.0,5,2,2022-04-13 09:04:22
1649840662751031000,157.5,13,157.0,27,158.0,5,2,2022-04-13 09:04:22
1649840664999108000,157.5,2,157.0,29,158.0,7,1,2022-04-13 09:04:24
1649840666795565000,158.0,1,157.5,1,158.0,8,1,2022-04-13 09:04:26
1649840667659492000,157.5,1,157.0,29,158.0,8,2,2022-04-13 09:04:27
1649840670483772000,157.5,2,157.5,1,158.0,7,2,2022-04-13 09:04:30
1649840672789717000,158.0,2,157.5,2,158.0,7,1,2022-04-13 09:04:32
1649840679123342000,157.5,5,157.0,30,158.0,15,2,2022-04-13 09:04:39
1649840679837388000,157.5,1,157.0,30,158.0,15,2,2022-04-13 09:04:39
1649840680397943000,157.5,1,157.0,30,158.0,15,2,2022-04-13 09:04:40
1649840686604572000,157.5,1,157.0,31,157.5,7,1,2022-04-13 09:04:46
1649840688976681000,157.5,1,157.0,33,157.5,12,1,2022-04-13 09:04:48
1649840692097842000,157.5,5,157.0,34,157.5,8,1,2022-04-13 09:04:52
1649840693680000000,157.5,1,157.0,34,157.5,7,1,2022-04-13 09:04:53
1649840694222948000,157.5,2,157.0,34,157.5,5,1,2022-04-13 09:04:54
1649840694259231000,157.5,3,157.0,34,157.5,2,1,2022-04-13 09:04:54
1649840694590734000,157.5,2,157.0,34,158.0,15,1,2022-04-13 09:04:54
1649840700291509000,157.5,1,157.5,11,158.0,13,2,2022-04-13 09:05:00
1649840700295043000,157.5,6,157.5,5,158.0,13,2,2022-04-13 09:05:00
1649840700324683000,157.5,5,157.0,34,158.0,14,2,2022-04-13 09:05:00
1649840700954662000,157.0,1,157.0,33,158.0,14,2,2022-04-13 09:05:00
1649840701002527000,157.0,3,157.0,30,158.0,14,2,2022-04-13 09:05:01
1649840702300515000,157.0,1,157.0,29,157.5,2,2,2022-04-13 09:05:02
1649840702519457000,157.5,1,157.0,29,157.5,1,1,2022-04-13 09:05:02
1649840702638109000,157.0,1,157.0,28,157.5,1,2,2022-04-13 09:05:02
1649840704847825000,157.5,2,157.0,28,158.0,15,1,2022-04-13 09:05:04
1649840705172739000,157.0,1,157.0,27,158.0,15,2,2022-04-13 09:05:05
1649840708609955000,157.0,1,157.0,26,157.5,3,2,2022-04-13 09:05:08
1649840709521321000,157.5,1,157.0,26,157.5,2,1,2022-04-13 09:05:09
1649840714005165000,157.5,1,157.0,27,157.5,11,1,2022-04-13 09:05:14
1649840715719607000,157.5,2,157.0,28,157.5,9,1,2022-04-13 09:05:15
1649840719857927000,157.5,1,157.0,28,157.5,10,1,2022-04-13 09:05:19
1649840726454828000,157.5,8,157.0,29,157.5,4,1,2022-04-13 09:05:26
1649840728108973000,157.5,1,157.0,30,157.5,3,1,2022-04-13 09:05:28
1649840730692438000,157.5,1,157.0,30,157.5,2,1,2022-04-13 09:05:30
1649840732309169000,157.5,1,157.0,30,157.5,2,1,2022-04-13 09:05:32
1649840732868886000,157.5,2,157.5,2,158.0,17,1,2022-04-13 09:05:32
1649840732898290000,157.5,2,157.0,30,158.0,17,2,2022-04-13 09:05:32
1649840733762120000,157.5,1,157.0,30,158.0,18,2,2022-04-13 09:05:33
1649840734320516000,157.0,1,157.0,29,158.0,18,2,2022-04-13 09:05:34
1649840737229857000,157.5,1,157.0,29,158.0,18,2,2022-04-13 09:05:37
1649840737263541000,157.5,1,157.0,29,158.0,18,2,2022-04-13 09:05:37
1649840737923353000,157.5,1,157.5,1,158.0,18,2,2022-04-13 09:05:37
1649840737923437000,157.5,1,157.0,29,158.0,18,2,2022-04-13 09:05:37
1649840739091623000,157.5,2,157.0,30,158.0,18,2,2022-04-13 09:05:39
1649840740181511000,157.5,2,157.0,32,158.0,18,2,2022-04-13 09:05:40
1649840748777110000,157.5,1,157.0,35,157.5,2,1,2022-04-13 09:05:48
1649840750776217000,157.5,2,157.5,3,158.0,18,1,2022-04-13 09:05:50
1649840750806172000,157.5,3,157.0,35,158.0,18,2,2022-04-13 09:05:50
1649840752548575000,157.5,1,157.0,36,158.0,18,2,2022-04-13 09:05:52
1649840754212121000,157.5,2,157.0,36,158.0,18,2,2022-04-13 09:05:54
1649840754476125000,157.0,3,157.0,33,158.0,18,2,2022-04-13 09:05:54
1649840755786056000,157.0,1,157.0,32,158.0,18,2,2022-04-13 09:05:55
1649840756001520000,157.5,1,157.0,32,158.0,18,2,2022-04-13 09:05:56
1649840765751567000,157.5,1,157.0,33,158.0,25,2,2022-04-13 09:06:05
1649840772717933000,157.5,2,157.5,9,158.0,24,2,2022-04-13 09:06:12
1649840777929351000,157.5,1,157.5,12,158.0,24,2,2022-04-13 09:06:17
1649840795088743000,158.0,1,157.5,12,158.0,23,1,2022-04-13 09:06:35
1649840810952771000,158.0,1,157.5,13,158.0,22,1,2022-04-13 09:06:50
1649840811023587000,157.5,3,157.5,10,158.0,22,2,2022-04-13 09:06:51
1649840816065749000,158.0,2,157.5,10,158.0,20,1,2022-04-13 09:06:56
1649840817829360000,158.0,1,157.5,10,158.0,20,1,2022-04-13 09:06:57
1649840823596632000,158.0,1,157.5,11,158.0,24,1,2022-04-13 09:07:03
1649840826320557000,158.0,1,157.5,12,158.0,23,1,2022-04-13 09:07:06
1649840828910258000,158.0,1,157.5,13,158.0,22,1,2022-04-13 09:07:08
1649840832381643000,158.0,1,157.5,17,158.0,21,1,2022-04-13 09:07:12
1649840833385536000,158.0,1,157.5,17,158.0,20,1,2022-04-13 09:07:13
1649840834478693000,158.0,1,157.5,17,158.0,19,1,2022-04-13 09:07:14
1649840838479648000,158.0,1,157.5,18,158.0,18,1,2022-04-13 09:07:18
1649840839690587000,158.0,1,157.5,18,158.0,17,1,2022-04-13 09:07:19
1649840840717702000,158.0,10,157.5,18,158.0,7,1,2022-04-13 09:07:20
1649840840753682000,158.0,7,157.5,18,158.5,25,1,2022-04-13 09:07:20
1649840841176317000,158.5,1,157.5,18,158.5,24,1,2022-04-13 09:07:21
1649840843067608000,158.5,1,158.0,5,158.5,23,1,2022-04-13 09:07:23
1649840844684745000,158.5,1,158.0,5,158.5,22,1,2022-04-13 09:07:24
1649840847372552000,158.5,1,158.0,6,158.5,17,1,2022-04-13 09:07:27
1649840847455314000,158.5,5,158.0,6,158.5,12,1,2022-04-13 09:07:27
1649840847480149000,158.5,7,158.0,6,158.5,5,1,2022-04-13 09:07:27
1649840847480376000,158.5,1,158.0,6,158.5,4,1,2022-04-13 09:07:27
1649840847513158000,158.5,4,158.0,6,159.0,13,1,2022-04-13 09:07:27
1649840848325276000,158.0,5,158.0,1,159.0,15,2,2022-04-13 09:07:28
1649840849052540000,158.5,1,158.0,2,159.0,15,2,2022-04-13 09:07:29
1649840853513246000,158.5,1,158.0,5,159.0,15,1,2022-04-13 09:07:33
1649840855573185000,158.5,1,158.0,13,159.0,21,1,2022-04-13 09:07:35
1649840857054864000,158.5,1,158.0,13,158.5,4,1,2022-04-13 09:07:37
1649840857554096000,158.5,1,158.0,13,158.5,3,1,2022-04-13 09:07:37
1649840858629531000,158.5,5,158.0,14,158.5,3,1,2022-04-13 09:07:38
1649840859041197000,158.5,1,158.0,14,158.5,2,1,2022-04-13 09:07:39
1649840859163892000,158.5,2,158.5,3,159.0,21,1,2022-04-13 09:07:39
1649840861179346000,158.5,1,158.5,6,159.0,19,2,2022-04-13 09:07:41
1649840864784034000,159.0,1,158.5,8,159.0,18,1,2022-04-13 09:07:44
1649840868693943000,159.0,10,158.5,12,159.0,8,1,2022-04-13 09:07:48
1649840870989306000,159.0,1,158.5,12,159.0,7,1,2022-04-13 09:07:50
1649840872480282000,159.0,3,158.5,12,159.0,9,1,2022-04-13 09:07:52
1649840873573882000,159.0,1,158.5,12,159.0,14,1,2022-04-13 09:07:53
1649840874725074000,159.0,1,158.5,13,159.0,14,1,2022-04-13 09:07:54
1649840874970576000,159.0,1,158.5,13,159.0,13,1,2022-04-13 09:07:54
1649840875602848000,159.0,1,158.5,15,159.0,12,1,2022-04-13 09:07:55
1649840875989465000,159.0,1,158.5,15,159.0,11,1,2022-04-13 09:07:55
1649840876256366000,159.0,2,158.5,15,159.0,9,1,2022-04-13 09:07:56
1649840877126907000,159.0,1,158.5,15,159.0,8,1,2022-04-13 09:07:57
1649840877787221000,159.0,1,158.5,15,159.0,9,1,2022-04-13 09:07:57
1649840878457257000,159.0,2,158.5,15,159.0,7,1,2022-04-13 09:07:58
1649840879473048000,159.0,2,158.5,15,159.0,7,1,2022-04-13 09:07:59
1649840880470920000,159.0,2,158.5,13,159.0,6,1,2022-04-13 09:08:00
1649840880842794000,159.0,2,158.5,13,159.0,4,1,2022-04-13 09:08:00
1649840881962520000,159.0,1,158.5,13,159.0,3,1,2022-04-13 09:08:01
1649840883084016000,159.0,1,158.5,13,159.0,2,1,2022-04-13 09:08:03
1649840883539978000,158.5,1,158.5,13,159.0,2,2,2022-04-13 09:08:03
1649840883868499000,159.0,2,158.5,13,159.5,29,1,2022-04-13 09:08:03
1649840884748452000,159.0,1,158.5,13,159.5,31,1,2022-04-13 09:08:04
1649840885777063000,159.0,1,158.5,13,159.0,1,1,2022-04-13 09:08:05
1649840886299957000,159.0,1,158.5,13,159.5,31,1,2022-04-13 09:08:06
1649840889979780000,159.0,5,159.0,3,159.5,28,2,2022-04-13 09:08:09
1649840890612540000,159.0,1,159.0,2,159.5,28,2,2022-04-13 09:08:10
1649840890642958000,159.0,2,158.5,11,159.5,28,2,2022-04-13 09:08:10
1649840891155376000,159.0,1,158.5,9,159.5,28,1,2022-04-13 09:08:11
1649840893023178000,159.0,1,158.5,8,159.0,10,1,2022-04-13 09:08:13
1649840893712773000,158.5,1,158.5,7,159.0,11,2,2022-04-13 09:08:13
1649840893856719000,158.5,1,158.5,6,159.0,11,2,2022-04-13 09:08:13
1649840894144665000,158.5,2,158.5,4,159.0,12,2,2022-04-13 09:08:14
1649840894180159000,158.5,4,158.0,18,159.0,13,2,2022-04-13 09:08:14
1649840896997911000,158.5,1,158.0,18,158.5,8,1,2022-04-13 09:08:16
1649840898648274000,158.5,1,158.0,18,158.5,7,1,2022-04-13 09:08:18
1649840900400529000,158.5,2,158.0,18,158.5,7,1,2022-04-13 09:08:20
1649840901297887000,158.5,2,158.0,18,158.5,5,1,2022-04-13 09:08:21
1649840903508347000,158.5,1,158.0,18,158.5,6,1,2022-04-13 09:08:23
1649840905362464000,158.5,1,158.0,18,158.5,6,1,2022-04-13 09:08:25
1649840907516145000,158.5,1,158.0,18,158.5,6,1,2022-04-13 09:08:27
1649840907577240000,158.5,1,158.0,18,158.5,5,1,2022-04-13 09:08:27
1649840910540099000,158.5,5,158.0,18,158.5,1,1,2022-04-13 09:08:30
1649840912013424000,158.5,1,158.0,21,159.0,19,1,2022-04-13 09:08:32
1649840913357810000,158.5,1,158.0,21,159.0,19,1,2022-04-13 09:08:33
1649840914222397000,158.5,3,158.0,21,159.0,19,2,2022-04-13 09:08:34
1649840918443978000,158.5,1,158.0,21,158.5,12,1,2022-04-13 09:08:38
1649840919021481000,158.5,10,158.0,21,158.5,2,1,2022-04-13 09:08:39
1649840919054134000,158.0,1,158.0,20,158.5,2,2,2022-04-13 09:08:39
1649840921833631000,158.0,3,158.0,17,158.5,10,2,2022-04-13 09:08:41
1649840923012106000,158.5,1,158.0,17,158.5,10,1,2022-04-13 09:08:43
1649840923995284000,158.5,1,158.0,17,158.5,9,1,2022-04-13 09:08:43
1649840925404064000,158.0,2,158.0,15,158.5,11,2,2022-04-13 09:08:45
1649840925510713000,158.5,1,158.0,15,158.5,10,1,2022-04-13 09:08:45
1649840933066690000,158.5,1,158.0,17,158.5,13,1,2022-04-13 09:08:53
1649840933438014000,158.5,1,158.0,17,158.5,12,1,2022-04-13 09:08:53
1649840941710872000,158.5,1,158.0,17,158.5,12,1,2022-04-13 09:09:01
1649840943102068000,158.5,5,158.0,17,158.5,7,1,2022-04-13 09:09:03
1649840943768819000,158.5,1,158.0,17,158.5,6,1,2022-04-13 09:09:03
1649840943963876000,158.5,2,158.0,17,158.5,4,1,2022-04-13 09:09:03
1649840944759021000,158.5,1,158.0,26,158.5,3,1,2022-04-13 09:09:04
1649840944773931000,158.5,3,158.0,26,159.0,31,1,2022-04-13 09:09:04
1649840953047354000,158.5,4,158.0,27,158.5,1,2,2022-04-13 09:09:13
1649840953294154000,158.5,2,158.5,1,159.0,26,1,2022-04-13 09:09:13
1649840953366545000,158.5,1,158.0,27,158.5,4,2,2022-04-13 09:09:13
1649840953403242000,158.5,3,158.0,18,158.5,1,1,2022-04-13 09:09:13
1649840953536417000,158.5,1,158.0,27,159.0,26,1,2022-04-13 09:09:13
1649840954199408000,158.0,10,158.0,18,158.5,2,2,2022-04-13 09:09:14
1649840954227369000,158.0,1,158.0,17,158.5,2,2,2022-04-13 09:09:14
1649840954257654000,158.0,1,158.0,16,158.5,2,2,2022-04-13 09:09:14
1649840954258097000,158.0,1,158.0,15,158.5,2,2,2022-04-13 09:09:14
1649840954292397000,158.0,10,158.0,5,158.5,2,2,2022-04-13 09:09:14
1649840954311835000,158.0,5,157.5,20,158.5,4,2,2022-04-13 09:09:14
1649840954707934000,158.0,1,157.5,19,158.0,2,1,2022-04-13 09:09:14
1649840961135255000,158.0,1,157.5,14,158.0,4,1,2022-04-13 09:09:21
1649840961197806000,158.0,1,157.5,14,158.0,3,1,2022-04-13 09:09:21
1649840973702796000,158.0,1,157.5,14,158.0,4,1,2022-04-13 09:09:33
1649840973927851000,158.0,1,157.5,14,158.0,4,1,2022-04-13 09:09:33
1649840974350858000,157.5,1,157.5,13,158.0,4,2,2022-04-13 09:09:34
1649840975332790000,158.0,1,157.5,13,158.0,3,1,2022-04-13 09:09:35
1649840976160208000,157.5,10,157.5,3,158.0,3,2,2022-04-13 09:09:36
1649840976193755000,157.5,3,157.0,49,158.0,3,2,2022-04-13 09:09:36
1649840977140608000,157.5,2,157.0,49,157.5,2,1,2022-04-13 09:09:37
1649840977669757000,157.5,1,157.0,49,157.5,3,1,2022-04-13 09:09:37
1649840980514992000,157.5,3,157.0,49,158.0,6,1,2022-04-13 09:09:40
1649840983250495000,157.5,1,157.0,49,157.5,4,1,2022-04-13 09:09:43
1649840983487474000,157.5,1,157.0,48,157.5,3,1,2022-04-13 09:09:43
1649840983548144000,157.0,1,157.0,47,157.5,3,2,2022-04-13 09:09:43
1649840986824767000,157.5,1,157.0,47,157.5,3,1,2022-04-13 09:09:46
1649840994248824000,157.5,1,157.0,48,157.5,7,1,2022-04-13 09:09:54
1649840994338069000,157.0,1,157.0,47,157.5,8,2,2022-04-13 09:09:54
1649840994425353000,157.5,1,157.0,47,157.5,7,1,2022-04-13 09:09:54
1649840998180060000,157.5,1,157.0,47,157.5,6,1,2022-04-13 09:09:58
1649841002004341000,157.5,2,157.0,49,157.5,5,1,2022-04-13 09:10:02
1649841002405789000,157.0,10,157.0,39,157.5,5,2,2022-04-13 09:10:02
1649841002445031000,157.0,1,157.0,38,157.5,5,2,2022-04-13 09:10:02
1649841002801487000,157.5,2,157.0,38,157.5,3,1,2022-04-13 09:10:02
1649841002978980000,157.5,1,157.0,38,157.5,2,1,2022-04-13 09:10:02
1649841003442096000,157.0,3,157.0,35,157.5,3,2,2022-04-13 09:10:03
1649841003543669000,157.5,1,157.0,35,157.5,2,1,2022-04-13 09:10:03
1649841005092513000,157.5,1,157.0,34,157.5,1,1,2022-04-13 09:10:05
1649841006137322000,157.5,1,157.0,34,158.0,6,2,2022-04-13 09:10:06
1649841017677203000,158.0,10,158.0,2,158.5,36,1,2022-04-13 09:10:17
1649841017710390000,158.0,2,157.5,16,158.5,36,2,2022-04-13 09:10:17
1649841017848470000,158.0,1,157.5,22,158.5,34,1,2022-04-13 09:10:17
1649841021470559000,158.0,2,157.5,22,158.0,3,2,2022-04-13 09:10:21
1649841021500444000,158.0,3,157.5,22,158.5,34,1,2022-04-13 09:10:21
1649841037016911000,158.5,1,157.5,24,158.5,33,1,2022-04-13 09:10:37
1649841037633075000,158.5,2,157.5,24,158.5,31,1,2022-04-13 09:10:37
1649841044390946000,158.5,30,158.0,5,158.5,1,1,2022-04-13 09:10:44
1649841044429438000,158.5,1,158.0,5,159.0,47,1,2022-04-13 09:10:44
1649841045823652000,159.0,18,158.5,12,159.5,24,1,2022-04-13 09:10:45
1649841046933247000,159.5,24,159.0,13,160.0,26,1,2022-04-13 09:10:46
1649841046999979000,160.0,2,159.0,2,160.0,24,1,2022-04-13 09:10:46
1649841049770483000,160.0,1,159.5,14,160.0,23,1,2022-04-13 09:10:49
1649841049808860000,160.0,2,159.5,14,160.0,21,1,2022-04-13 09:10:49
1649841051435976000,160.0,1,159.5,14,160.0,20,1,2022-04-13 09:10:51
1649841052256409000,160.0,1,159.5,14,160.0,19,1,2022-04-13 09:10:52
1649841053568903000,160.0,1,159.5,19,160.0,18,1,2022-04-13 09:10:53
1649841054928477000,160.0,10,159.5,19,160.0,13,1,2022-04-13 09:10:54
1649841054958809000,160.0,3,159.5,19,160.0,10,1,2022-04-13 09:10:54
1649841054958934000,160.0,10,159.5,19,160.5,25,1,2022-04-13 09:10:54
1649841056575043000,160.0,2,159.5,20,160.0,8,1,2022-04-13 09:10:56
1649841057553788000,160.0,1,159.5,21,160.0,7,1,2022-04-13 09:10:57
1649841058078868000,160.0,1,159.5,21,160.0,11,1,2022-04-13 09:10:58
1649841058275465000,160.0,1,159.5,21,160.0,10,1,2022-04-13 09:10:58
1649841058277422000,160.0,2,159.5,21,160.0,8,1,2022-04-13 09:10:58
1649841058434707000,160.0,1,159.5,21,160.0,7,1,2022-04-13 09:10:58
1649841058837306000,160.0,1,159.5,21,160.0,6,1,2022-04-13 09:10:58
1649841059131257000,160.0,1,159.5,21,160.0,5,1,2022-04-13 09:10:59
1649841059258641000,160.0,5,159.5,21,160.5,27,1,2022-04-13 09:10:59
1649841063483286000,160.0,5,160.0,6,160.5,26,2,2022-04-13 09:11:03
1649841064010271000,160.5,1,160.0,6,160.5,25,1,2022-04-13 09:11:04
1649841064679504000,160.0,1,160.0,7,160.5,25,2,2022-04-13 09:11:04
1649841065106678000,160.5,1,160.0,7,160.5,24,1,2022-04-13 09:11:05
1649841066157379000,160.0,2,160.0,7,160.5,25,2,2022-04-13 09:11:06
1649841067641597000,160.5,1,160.0,9,160.5,24,1,2022-04-13 09:11:07
1649841071216370000,160.5,1,160.0,17,160.5,25,1,2022-04-13 09:11:11
1649841071241283000,160.0,2,160.0,15,160.5,25,2,2022-04-13 09:11:11
1649841073647188000,160.0,4,160.0,12,160.5,26,2,2022-04-13 09:11:13
1649841074404253000,160.0,1,160.0,11,160.5,26,2,2022-04-13 09:11:14
1649841075609436000,160.0,1,160.0,10,160.5,26,2,2022-04-13 09:11:15
1649841075721123000,160.0,5,160.0,5,160.5,26,2,2022-04-13 09:11:15
1649841075743506000,160.0,5,159.5,17,160.5,26,2,2022-04-13 09:11:15
1649841075829671000,160.5,1,159.5,17,160.5,25,1,2022-04-13 09:11:15
1649841075916067000,159.5,2,159.5,15,160.5,25,2,2022-04-13 09:11:15
1649841076743585000,159.5,1,159.5,14,160.0,13,2,2022-04-13 09:11:16
1649841076943213000,159.5,4,159.5,10,160.0,20,2,2022-04-13 09:11:16
1649841076976127000,159.5,8,159.5,2,160.0,20,2,2022-04-13 09:11:16
1649841077022337000,159.5,2,159.0,2,160.0,22,2,2022-04-13 09:11:17
1649841078809471000,159.5,1,159.0,5,159.5,2,1,2022-04-13 09:11:18
1649841079317727000,159.0,1,159.0,4,159.5,3,2,2022-04-13 09:11:19
1649841080869642000,159.0,2,159.0,2,159.5,3,2,2022-04-13 09:11:20
1649841083637113000,159.0,1,159.0,2,159.5,6,2,2022-04-13 09:11:23
1649841084120420000,159.0,2,158.5,1,159.5,6,2,2022-04-13 09:11:24
1649841085052094000,159.0,1,158.5,3,159.0,2,2,2022-04-13 09:11:25
1649841085177676000,159.0,1,158.5,3,159.0,1,1,2022-04-13 09:11:25
1649841086934421000,159.0,1,159.0,2,159.5,11,1,2022-04-13 09:11:26
1649841086999421000,159.0,1,159.0,1,159.5,13,2,2022-04-13 09:11:26
1649841087027599000,159.0,1,158.5,1,159.5,13,2,2022-04-13 09:11:27
1649841097522317000,159.0,1,158.5,3,159.0,9,1,2022-04-13 09:11:37
1649841102053499000,159.0,2,158.5,3,159.0,7,1,2022-04-13 09:11:42
1649841103195306000,159.0,1,158.5,3,159.0,6,1,2022-04-13 09:11:43
1649841103247485000,158.5,1,158.5,2,159.0,6,2,2022-04-13 09:11:43
1649841112043948000,158.5,1,158.5,9,159.0,8,2,2022-04-13 09:11:52
1649841112588384000,159.0,1,158.5,11,159.0,7,1,2022-04-13 09:11:52
1649841119406497000,159.0,1,158.5,13,159.0,7,1,2022-04-13 09:11:59
1649841120724083000,159.0,4,158.5,17,159.0,4,1,2022-04-13 09:12:00
1649841120753260000,159.0,4,158.5,17,159.5,9,1,2022-04-13 09:12:00
1649841123048927000,159.0,1,159.0,2,159.5,5,2,2022-04-13 09:12:03
1649841123623814000,159.0,1,159.0,1,159.5,4,2,2022-04-13 09:12:03
1649841123660528000,159.0,1,158.5,17,159.5,4,2,2022-04-13 09:12:03
1649841135037978000,159.5,1,159.0,2,159.5,3,1,2022-04-13 09:12:15
1649841139227067000,159.0,1,159.0,1,159.5,3,2,2022-04-13 09:12:19
1649841146411106000,159.0,1,159.0,1,159.5,15,2,2022-04-13 09:12:26
1649841146450310000,159.0,1,158.5,17,159.5,15,2,2022-04-13 09:12:26
1649841148546480000,159.0,1,158.5,15,159.5,20,1,2022-04-13 09:12:28
1649841159786518000,158.5,5,158.5,12,159.0,2,2,2022-04-13 09:12:39
1649841159851886000,158.5,1,158.5,11,159.0,4,2,2022-04-13 09:12:39
1649841159913138000,158.5,1,158.5,10,159.0,4,2,2022-04-13 09:12:39
1649841160524396000,159.0,1,158.5,10,159.0,3,1,2022-04-13 09:12:40
1649841160585120000,159.0,1,158.5,9,159.0,7,1,2022-04-13 09:12:40
1649841178036067000,158.5,1,158.5,10,159.0,12,2,2022-04-13 09:12:58
1649841182289110000,159.0,1,158.5,10,159.0,11,1,2022-04-13 09:13:02
1649841214052750000,159.0,2,158.5,17,159.0,32,1,2022-04-13 09:13:34
1649841214782991000,159.0,4,158.5,17,159.0,28,1,2022-04-13 09:13:34
1649841216062148000,159.0,1,158.5,17,159.0,27,1,2022-04-13 09:13:36
1649841222771349000,159.0,1,158.5,17,159.0,29,1,2022-04-13 09:13:42
1649841231408213000,158.5,5,158.5,11,159.0,29,2,2022-04-13 09:13:51
1649841231431725000,158.5,11,158.0,19,159.0,29,2,2022-04-13 09:13:51
1649841242578849000,158.0,1,158.0,16,158.5,18,2,2022-04-13 09:14:02
1649841242791119000,158.5,4,158.0,16,158.5,14,1,2022-04-13 09:14:02
1649841245861879000,158.5,1,158.0,17,158.5,13,1,2022-04-13 09:14:05
1649841245892781000,158.5,4,158.0,17,158.5,9,1,2022-04-13 09:14:05
1649841245928508000,158.5,5,158.0,17,158.5,4,1,2022-04-13 09:14:05
1649841245960071000,158.5,4,158.0,17,159.0,31,1,2022-04-13 09:14:05
1649841253489764000,158.5,1,158.0,17,159.0,28,2,2022-04-13 09:14:13
1649841257352227000,158.5,1,158.0,17,158.5,4,1,2022-04-13 09:14:17
1649841261978951000,158.5,1,158.0,16,158.5,7,1,2022-04-13 09:14:21
1649841274864188000,158.5,1,158.0,17,158.5,8,1,2022-04-13 09:14:34
1649841281827852000,158.0,1,158.0,16,158.5,14,2,2022-04-13 09:14:41
1649841281914092000,158.0,10,158.0,6,158.5,14,2,2022-04-13 09:14:41
1649841281936143000,158.0,6,157.5,29,158.5,14,2,2022-04-13 09:14:41
1649841293989723000,158.0,1,157.5,29,158.0,3,1,2022-04-13 09:14:53
1649841298821552000,158.0,1,157.5,26,158.0,3,1,2022-04-13 09:14:58
1649841298851216000,158.0,3,157.5,26,158.5,15,1,2022-04-13 09:14:58
1649841300098565000,158.0,1,157.5,25,158.5,13,2,2022-04-13 09:15:00
1649841300098565000,157.5,1,157.5,25,158.5,13,2,2022-04-13 09:15:00
1649841304350675000,158.0,1,158.0,4,158.5,13,2,2022-04-13 09:15:04
1649841307359564000,158.0,4,157.5,25,158.0,1,2,2022-04-13 09:15:07
1649841315988104000,157.5,1,157.5,28,158.0,4,2,2022-04-13 09:15:15
1649841316023270000,158.0,1,157.5,28,158.0,3,1,2022-04-13 09:15:16
1649841317617268000,158.0,3,158.0,5,158.5,17,1,2022-04-13 09:15:17
1649841317808793000,158.0,1,158.0,4,158.5,15,2,2022-04-13 09:15:17
1649841321936476000,158.0,2,158.0,2,158.5,15,2,2022-04-13 09:15:21
1649841359004904000,158.0,5,158.0,7,158.5,16,2,2022-04-13 09:15:59
1649841359468211000,158.0,5,158.0,2,158.5,16,2,2022-04-13 09:15:59
1649841359508081000,158.0,2,157.5,25,158.5,16,2,2022-04-13 09:15:59
1649841360331861000,158.0,1,157.5,25,158.0,1,1,2022-04-13 09:16:00
1649841360365989000,158.0,1,157.5,25,158.5,16,1,2022-04-13 09:16:00
1649841374738721000,158.0,1,158.0,2,158.5,22,2,2022-04-13 09:16:14
1649841416583529000,158.0,1,158.0,14,158.5,27,2,2022-04-13 09:16:56
1649841418239017000,158.0,1,158.0,13,158.5,27,2,2022-04-13 09:16:58
1649841429998952000,158.0,1,158.0,16,158.5,26,2,2022-04-13 09:17:09
1649841442728897000,158.0,1,158.0,17,158.5,26,2,2022-04-13 09:17:22
1649841444030309000,158.0,1,158.0,17,158.5,25,2,2022-04-13 09:17:24
1649841447899370000,158.0,8,158.0,10,158.5,25,2,2022-04-13 09:17:27
1649841455540560000,158.0,1,158.0,13,158.5,25,2,2022-04-13 09:17:35
1649841460570414000,158.0,5,158.0,8,158.5,25,2,2022-04-13 09:17:40
1649841460781247000,158.0,5,158.0,3,158.5,25,2,2022-04-13 09:17:40
1649841460811026000,158.0,2,158.0,1,158.5,25,2,2022-04-13 09:17:40
1649841463290097000,158.0,1,157.5,28,158.0,2,2,2022-04-13 09:17:43
1649841463587851000,158.0,2,157.5,29,158.5,26,1,2022-04-13 09:17:43
1649841463825397000,158.0,1,157.5,29,158.5,26,1,2022-04-13 09:17:43
1649841464074537000,158.0,1,157.5,29,158.5,26,1,2022-04-13 09:17:44
1649841464095152000,158.5,26,157.5,29,159.0,29,1,2022-04-13 09:17:44
1649841465373287000,158.0,1,157.5,29,159.0,26,1,2022-04-13 09:17:45
1649841465373287000,159.0,3,157.5,29,159.0,26,1,2022-04-13 09:17:45
1649841466298961000,158.0,2,158.0,1,159.0,26,2,2022-04-13 09:17:46
1649841472669106000,158.5,1,158.0,10,159.0,26,2,2022-04-13 09:17:52
1649841475217699000,158.0,6,158.0,10,159.0,26,2,2022-04-13 09:17:55
1649841475395937000,158.0,4,158.0,4,159.0,26,2,2022-04-13 09:17:55
1649841482254713000,158.5,1,158.0,4,159.0,26,1,2022-04-13 09:18:02
1649841483068001000,158.0,1,158.0,3,159.0,26,2,2022-04-13 09:18:03
1649841510689592000,158.0,1,158.0,22,159.0,27,2,2022-04-13 09:18:30
1649841510827080000,158.5,1,158.0,20,159.0,27,1,2022-04-13 09:18:30
1649841523171922000,158.5,1,158.0,14,159.0,27,2,2022-04-13 09:18:43
1649841523314956000,159.0,27,158.5,8,159.5,12,1,2022-04-13 09:18:43
1649841527102454000,159.5,5,158.5,10,159.5,4,1,2022-04-13 09:18:47
1649841527120331000,159.5,4,158.5,10,160.0,42,1,2022-04-13 09:18:47
1649841529533624000,159.0,3,159.0,15,160.0,42,2,2022-04-13 09:18:49
1649841533356274000,160.0,2,159.0,15,160.0,39,1,2022-04-13 09:18:53
1649841539246209000,160.0,1,159.0,20,160.0,27,1,2022-04-13 09:18:59
1649841543092346000,160.0,1,159.5,18,160.0,28,1,2022-04-13 09:19:03
1649841544083149000,160.0,1,159.5,17,160.0,27,1,2022-04-13 09:19:04
1649841544329148000,160.0,1,159.5,17,160.0,26,1,2022-04-13 09:19:04
1649841544688446000,160.0,1,159.5,17,160.0,25,1,2022-04-13 09:19:04
1649841544713766000,160.0,2,159.5,17,160.0,23,1,2022-04-13 09:19:04
1649841545625775000,160.0,1,159.5,17,160.0,22,1,2022-04-13 09:19:05
1649841545641715000,160.0,1,159.5,17,160.0,21,1,2022-04-13 09:19:05
1649841545805256000,160.0,10,159.5,7,160.0,11,1,2022-04-13 09:19:05
1649841546325868000,160.0,1,159.5,7,160.0,10,1,2022-04-13 09:19:06
1649841546982860000,159.5,1,159.5,6,160.0,10,2,2022-04-13 09:19:06
1649841547035477000,160.0,1,159.5,6,160.0,9,1,2022-04-13 09:19:07
1649841547221589000,159.5,2,159.5,4,160.0,9,2,2022-04-13 09:19:07
1649841547693126000,160.0,1,159.5,4,160.0,8,1,2022-04-13 09:19:07
1649841548724120000,160.0,1,159.5,4,160.0,8,1,2022-04-13 09:19:08
1649841549016601000,160.0,5,159.5,4,160.0,3,1,2022-04-13 09:19:09
1649841549445152000,160.0,1,159.5,4,160.0,2,1,2022-04-13 09:19:09
1649841549871633000,160.0,1,159.5,5,160.0,1,1,2022-04-13 09:19:09
1649841550388469000,160.0,1,159.5,5,160.5,30,1,2022-04-13 09:19:10
1649841553377080000,160.0,1,160.0,1,160.5,27,2,2022-04-13 09:19:13
1649841555102460000,160.0,1,160.0,6,160.5,27,2,2022-04-13 09:19:15
1649841556004121000,160.0,1,160.0,5,160.5,27,2,2022-04-13 09:19:16
1649841556437554000,160.5,5,160.0,5,160.5,22,1,2022-04-13 09:19:16
1649841559350118000,160.5,1,160.0,6,160.5,30,1,2022-04-13 09:19:19
1649841562703998000,160.0,7,159.5,8,160.5,36,2,2022-04-13 09:19:22
1649841563194950000,160.0,1,159.5,8,160.5,38,2,2022-04-13 09:19:23
1649841566418214000,160.0,2,159.5,8,160.0,1,1,2022-04-13 09:19:26
1649841567012163000,160.0,1,159.5,8,160.0,1,1,2022-04-13 09:19:27
1649841567651396000,160.0,1,159.5,8,160.0,1,1,2022-04-13 09:19:27
1649841568888847000,160.0,1,159.5,8,160.0,8,1,2022-04-13 09:19:28
1649841569185681000,160.0,1,159.5,8,160.0,5,1,2022-04-13 09:19:29
1649841570100189000,160.0,1,159.5,8,160.0,5,1,2022-04-13 09:19:30
1649841572408597000,160.0,2,159.5,9,160.0,6,1,2022-04-13 09:19:32
1649841576970231000,160.0,1,159.5,5,160.0,7,1,2022-04-13 09:19:36
1649841581810681000,159.5,2,159.5,4,160.0,9,2,2022-04-13 09:19:41
1649841581840164000,159.5,4,159.0,5,160.0,9,2,2022-04-13 09:19:41
1649841588399989000,159.0,1,159.0,4,159.5,1,2,2022-04-13 09:19:48
1649841595620244000,159.5,1,159.0,7,159.5,6,1,2022-04-13 09:19:55
1649841599569265000,159.5,1,159.0,7,159.5,9,1,2022-04-13 09:19:59
1649841602427361000,159.0,1,159.0,6,159.5,21,2,2022-04-13 09:20:02
1649841604290526000,159.0,6,158.5,14,159.0,2,2,2022-04-13 09:20:04
1649841609242443000,158.5,4,158.0,20,158.5,1,2,2022-04-13 09:20:09
1649841612565719000,158.0,1,158.0,15,158.5,3,2,2022-04-13 09:20:12
1649841623405377000,158.5,4,158.0,16,158.5,2,1,2022-04-13 09:20:23
1649841623436945000,158.5,2,158.0,16,159.0,8,1,2022-04-13 09:20:23
1649841641395280000,158.5,1,158.0,21,159.0,11,2,2022-04-13 09:20:41
1649841642330197000,158.5,1,158.0,21,159.0,11,2,2022-04-13 09:20:42
1649841645530079000,159.0,2,158.5,1,159.0,9,1,2022-04-13 09:20:45
1649841654218411000,158.5,1,158.0,27,159.0,14,2,2022-04-13 09:20:54
1649841666245902000,158.5,1,158.0,29,158.5,2,1,2022-04-13 09:21:06
1649841669017067000,158.5,1,158.0,29,159.0,19,2,2022-04-13 09:21:09
1649841674921749000,158.5,2,158.0,30,159.0,19,2,2022-04-13 09:21:14
1649841679295879000,158.5,1,158.0,31,159.0,21,2,2022-04-13 09:21:19
1649841692037237000,158.0,5,158.0,29,159.0,21,2,2022-04-13 09:21:32
1649841692767361000,158.5,1,158.0,29,159.0,21,2,2022-04-13 09:21:32
1649841697412193000,158.5,1,158.0,29,158.5,2,1,2022-04-13 09:21:37
1649841714559296000,158.5,1,158.0,34,158.5,5,1,2022-04-13 09:21:54
1649841738121404000,158.5,3,158.0,36,158.5,5,1,2022-04-13 09:22:18
1649841738163703000,158.5,3,158.0,36,158.5,2,1,2022-04-13 09:22:18
1649841738197486000,158.5,2,158.0,36,159.0,22,1,2022-04-13 09:22:18
1649841759743989000,159.0,13,159.0,7,159.5,24,1,2022-04-13 09:22:39
1649841774718903000,159.5,1,159.0,14,159.5,12,1,2022-04-13 09:22:54
1649841779554646000,159.5,1,159.0,14,159.5,11,1,2022-04-13 09:22:59
1649841783394924000,159.5,11,159.5,1,160.0,38,1,2022-04-13 09:23:03
1649841783424586000,159.5,1,159.0,14,160.0,38,2,2022-04-13 09:23:03
1649841783734141000,159.5,1,159.0,14,160.0,39,2,2022-04-13 09:23:03
1649841789237505000,159.5,1,159.0,15,159.5,1,1,2022-04-13 09:23:09
1649841796686827000,159.0,1,159.0,16,159.5,2,2,2022-04-13 09:23:16
1649841798381473000,159.5,1,159.0,16,159.5,1,1,2022-04-13 09:23:18
1649841803476748000,159.0,4,159.0,12,159.5,6,2,2022-04-13 09:23:23
1649841803512845000,159.0,6,159.0,6,159.5,6,2,2022-04-13 09:23:23
1649841803513056000,159.0,5,159.0,1,159.5,6,2,2022-04-13 09:23:23
1649841803546524000,159.0,1,158.5,8,159.5,6,2,2022-04-13 09:23:23
1649841806248728000,158.5,2,158.5,7,159.0,4,2,2022-04-13 09:23:26
1649841811081605000,159.0,1,158.5,7,159.0,1,1,2022-04-13 09:23:31
1649841835988196000,159.0,1,158.5,10,159.0,12,1,2022-04-13 09:23:55
1649841851891882000,159.0,1,158.5,13,159.0,11,1,2022-04-13 09:24:11
1649841853815195000,159.0,11,159.0,9,159.5,11,1,2022-04-13 09:24:13
1649841853996848000,159.0,1,159.0,8,159.5,11,2,2022-04-13 09:24:13
1649841871412208000,159.5,3,159.0,18,159.5,4,1,2022-04-13 09:24:31
1649841874265223000,159.5,4,159.5,6,160.0,36,1,2022-04-13 09:24:34
1649841875482975000,160.0,2,159.5,6,160.0,34,1,2022-04-13 09:24:35
1649841878478369000,160.0,1,159.5,6,160.0,33,1,2022-04-13 09:24:38
1649841883107439000,160.0,4,159.5,11,160.0,29,1,2022-04-13 09:24:43
1649841884327747000,160.0,1,159.5,11,160.0,28,1,2022-04-13 09:24:44
1649841884531236000,160.0,5,159.5,11,160.0,23,1,2022-04-13 09:24:44
1649841885023866000,160.0,7,159.5,22,160.0,16,1,2022-04-13 09:24:45
1649841885057690000,160.0,3,159.5,22,160.0,13,1,2022-04-13 09:24:45
1649841885064343000,160.0,2,159.5,22,160.0,11,1,2022-04-13 09:24:45
1649841885100938000,160.0,3,159.5,22,160.0,8,1,2022-04-13 09:24:45
1649841885100954000,160.0,7,159.5,22,160.0,1,1,2022-04-13 09:24:45
1649841885106126000,160.0,1,159.5,22,160.5,57,1,2022-04-13 09:24:45
1649841885447208000,160.5,1,160.0,2,160.5,54,1,2022-04-13 09:24:45
1649841885859732000,160.0,1,160.0,1,160.5,53,2,2022-04-13 09:24:45
1649841886839203000,160.0,1,159.5,23,160.5,53,2,2022-04-13 09:24:46
1649841891084433000,160.0,1,160.0,2,160.5,51,1,2022-04-13 09:24:51
1649841893372536000,160.0,1,160.0,1,160.5,51,2,2022-04-13 09:24:53
1649841895482973000,160.0,1,159.5,29,160.0,4,2,2022-04-13 09:24:55
1649841898053354000,160.0,3,159.5,29,160.0,3,1,2022-04-13 09:24:58
1649841898856090000,159.5,1,159.5,29,160.0,3,2,2022-04-13 09:24:58
1649841900701104000,160.0,1,159.5,29,160.0,3,1,2022-04-13 09:25:00
1649841900996332000,159.5,5,159.5,24,160.0,3,2,2022-04-13 09:25:00
1649841901061692000,159.5,3,159.5,21,160.0,3,2,2022-04-13 09:25:01
1649841901608670000,160.0,3,160.0,2,160.5,48,1,2022-04-13 09:25:01
1649841901646259000,160.0,2,159.5,21,160.5,48,2,2022-04-13 09:25:01
1649841904912740000,160.0,1,159.5,21,160.0,10,1,2022-04-13 09:25:04
1649841909341080000,160.0,1,159.5,22,160.0,12,1,2022-04-13 09:25:09
1649841912578824000,160.0,5,159.5,24,160.0,5,1,2022-04-13 09:25:12
1649841913922772000,160.0,1,159.5,25,160.0,4,1,2022-04-13 09:25:13
1649841914602657000,160.0,1,159.5,25,160.0,3,1,2022-04-13 09:25:14
1649841915211870000,160.0,1,159.5,26,160.0,2,1,2022-04-13 09:25:15
1649841915526776000,160.0,2,159.5,26,160.5,49,1,2022-04-13 09:25:15
1649841916284504000,160.0,1,159.5,26,160.0,4,1,2022-04-13 09:25:16
1649841917464742000,160.0,5,159.5,26,160.5,49,1,2022-04-13 09:25:17
1649841918371917000,160.0,2,160.0,3,160.5,49,2,2022-04-13 09:25:18
1649841918406517000,160.0,3,159.5,26,160.5,49,2,2022-04-13 09:25:18
1649841919225999000,160.0,1,159.5,26,160.5,49,2,2022-04-13 09:25:19
1649841921432809000,160.0,1,159.5,26,160.5,49,2,2022-04-13 09:25:21
1649841928427298000,160.0,1,159.5,29,160.5,48,1,2022-04-13 09:25:28
1649841929133054000,160.0,1,159.5,29,160.0,1,1,2022-04-13 09:25:29
1649841929136226000,160.0,1,160.0,10,160.5,48,1,2022-04-13 09:25:29
1649841932731670000,160.5,10,160.0,12,160.5,38,1,2022-04-13 09:25:32
1649841935548548000,160.5,1,160.0,16,160.5,37,1,2022-04-13 09:25:35
1649841935710881000,160.5,7,160.0,16,160.5,30,1,2022-04-13 09:25:35
1649841935744799000,160.5,2,160.0,16,160.5,28,1,2022-04-13 09:25:35
1649841936290094000,160.5,1,160.0,16,160.5,27,1,2022-04-13 09:25:36
1649841936871409000,160.5,1,160.0,16,160.5,26,1,2022-04-13 09:25:36
1649841936890430000,160.5,1,160.0,16,160.5,25,1,2022-04-13 09:25:36
1649841937037925000,160.5,5,160.0,17,160.5,20,1,2022-04-13 09:25:37
1649841937064783000,160.5,1,160.0,17,160.5,19,1,2022-04-13 09:25:37
1649841937078978000,160.5,2,160.0,17,160.5,17,1,2022-04-13 09:25:37
1649841937115618000,160.5,2,160.0,17,160.5,15,1,2022-04-13 09:25:37
1649841937146248000,160.5,1,160.0,17,160.5,14,1,2022-04-13 09:25:37
1649841937161098000,160.5,1,160.0,17,160.5,13,1,2022-04-13 09:25:37
1649841937177108000,160.5,3,160.0,17,160.5,10,1,2022-04-13 09:25:37
1649841937199411000,160.5,3,160.0,17,160.5,7,1,2022-04-13 09:25:37
1649841937199624000,160.5,1,160.0,17,160.5,6,1,2022-04-13 09:25:37
1649841937242573000,160.5,2,160.0,17,160.5,4,1,2022-04-13 09:25:37
1649841937242668000,160.5,4,160.0,17,161.0,29,1,2022-04-13 09:25:37
1649841937455080000,161.0,1,160.0,19,161.0,28,1,2022-04-13 09:25:37
1649841937538376000,161.0,1,160.5,1,161.0,27,1,2022-04-13 09:25:37
1649841937566926000,161.0,1,160.5,1,161.0,26,1,2022-04-13 09:25:37
1649841938176397000,160.5,1,160.5,2,161.0,26,2,2022-04-13 09:25:38
1649841940222022000,161.0,1,160.5,6,161.0,24,1,2022-04-13 09:25:40
1649841940432009000,161.0,1,160.5,7,161.0,23,1,2022-04-13 09:25:40
1649841944688332000,161.0,1,160.5,14,161.0,21,1,2022-04-13 09:25:44
1649841945647395000,161.0,1,160.5,21,161.0,19,1,2022-04-13 09:25:45
1649841946868411000,161.0,2,160.5,21,161.0,17,1,2022-04-13 09:25:46
1649841947027758000,161.0,5,160.5,21,161.0,12,1,2022-04-13 09:25:47
1649841949610060000,161.0,1,160.5,34,161.0,11,1,2022-04-13 09:25:49
1649841950227022000,161.0,2,160.5,36,161.0,8,1,2022-04-13 09:25:50
1649841950395293000,161.0,1,160.5,36,161.0,7,1,2022-04-13 09:25:50
1649841950428660000,161.0,2,160.5,36,161.0,5,1,2022-04-13 09:25:50
1649841950574988000,161.0,1,160.5,36,161.0,4,1,2022-04-13 09:25:50
1649841950697360000,161.0,2,160.5,36,161.0,2,1,2022-04-13 09:25:50
1649841950726499000,161.0,2,160.5,36,161.5,40,1,2022-04-13 09:25:50
1649841953050422000,161.0,1,161.0,2,161.5,40,2,2022-04-13 09:25:53
1649841954445329000,161.0,1,161.0,4,161.5,40,2,2022-04-13 09:25:54
1649841955715542000,161.5,5,161.0,8,161.5,36,1,2022-04-13 09:25:55
1649841955754071000,161.0,1,161.0,7,161.5,36,2,2022-04-13 09:25:55
1649841956765010000,161.5,1,161.0,19,161.5,35,1,2022-04-13 09:25:56
1649841957036188000,161.0,1,161.0,18,161.5,35,2,2022-04-13 09:25:57
1649841957043459000,161.0,1,161.0,17,161.5,35,2,2022-04-13 09:25:57
1649841961802963000,161.5,1,161.0,32,161.5,39,1,2022-04-13 09:26:01
1649841963180757000,161.5,1,161.0,33,161.5,38,1,2022-04-13 09:26:03
1649841965510766000,161.5,2,161.0,34,161.5,36,1,2022-04-13 09:26:05
1649841965985132000,161.5,1,161.0,34,161.5,35,1,2022-04-13 09:26:05
1649841967348890000,161.5,2,161.0,39,161.5,48,1,2022-04-13 09:26:07
1649841967475864000,161.5,1,161.0,39,161.5,47,1,2022-04-13 09:26:07
1649841971173700000,161.5,1,161.0,39,161.5,47,1,2022-04-13 09:26:11
1649841971675658000,161.5,1,161.0,40,161.5,45,1,2022-04-13 09:26:11
1649841971912553000,161.5,1,161.0,39,161.5,44,1,2022-04-13 09:26:11
1649841974296716000,161.0,1,161.0,39,161.5,44,2,2022-04-13 09:26:14
1649841975591693000,161.5,1,161.0,39,161.5,29,1,2022-04-13 09:26:15
1649841975918777000,161.5,10,161.0,40,161.5,34,1,2022-04-13 09:26:15
1649841976010313000,161.5,1,161.0,41,161.5,33,1,2022-04-13 09:26:16
1649841976970233000,161.5,1,161.0,41,161.5,32,1,2022-04-13 09:26:16
1649841977442713000,161.0,1,161.0,40,161.5,32,2,2022-04-13 09:26:17
1649841977942446000,161.5,1,161.0,39,161.5,32,1,2022-04-13 09:26:17
1649841978487650000,161.5,1,161.0,39,161.5,31,1,2022-04-13 09:26:18
1649841978648020000,161.0,1,161.0,38,161.5,31,2,2022-04-13 09:26:18
1649841978997096000,161.5,1,161.0,39,161.5,30,1,2022-04-13 09:26:18
1649841979907047000,161.5,1,161.0,39,161.5,29,1,2022-04-13 09:26:19
1649841980693437000,161.5,5,161.0,44,161.5,26,1,2022-04-13 09:26:20
1649841981261406000,161.5,2,161.0,44,161.5,24,1,2022-04-13 09:26:21
1649841981668442000,161.5,1,161.0,44,161.5,23,1,2022-04-13 09:26:21
1649841981875113000,161.5,1,161.0,44,161.5,22,1,2022-04-13 09:26:21
1649841982331423000,161.5,5,161.0,40,161.5,17,1,2022-04-13 09:26:22
1649841982428073000,161.5,1,161.0,40,161.5,16,1,2022-04-13 09:26:22
1649841982692306000,161.5,1,161.0,40,161.5,18,1,2022-04-13 09:26:22
1649841982838483000,161.5,1,161.0,40,161.5,17,1,2022-04-13 09:26:22
1649841983241389000,161.5,1,161.0,40,161.5,16,1,2022-04-13 09:26:23
1649841984194314000,161.0,1,161.0,38,161.5,19,2,2022-04-13 09:26:24
1649841984321926000,161.5,1,161.0,38,161.5,18,1,2022-04-13 09:26:24
1649841984407333000,161.5,1,161.0,38,161.5,17,1,2022-04-13 09:26:24
1649841984750072000,161.5,5,161.0,38,161.5,12,1,2022-04-13 09:26:24
1649841985066132000,161.5,1,161.0,38,161.5,9,1,2022-04-13 09:26:25
1649841985077558000,161.5,1,161.0,38,161.5,8,1,2022-04-13 09:26:25
1649841985587740000,161.5,1,161.0,39,161.5,7,1,2022-04-13 09:26:25
1649841985652560000,161.5,1,161.0,39,161.5,6,1,2022-04-13 09:26:25
1649841985681025000,161.5,1,161.0,39,161.5,5,1,2022-04-13 09:26:25
1649841985762168000,161.5,1,161.0,39,161.5,4,1,2022-04-13 09:26:25
1649841986788272000,161.5,1,161.0,41,161.5,3,1,2022-04-13 09:26:26
1649841987061775000,161.5,3,161.5,2,162.0,58,1,2022-04-13 09:26:27
1649841987081650000,161.5,2,161.0,41,162.0,58,2,2022-04-13 09:26:27
1649841987507781000,161.5,1,161.0,42,161.5,5,1,2022-04-13 09:26:27
1649841987667108000,161.5,1,161.0,42,161.5,4,1,2022-04-13 09:26:27
1649841987807644000,161.5,1,161.0,42,161.5,4,1,2022-04-13 09:26:27
1649841987820480000,161.5,1,161.0,42,161.5,3,1,2022-04-13 09:26:27
1649841988195372000,161.5,1,161.0,43,161.5,3,1,2022-04-13 09:26:28
1649841988689723000,161.5,1,161.0,43,161.5,5,1,2022-04-13 09:26:28
1649841989094997000,161.5,1,161.0,43,161.5,5,1,2022-04-13 09:26:29
1649841990449811000,161.5,1,161.0,43,161.5,9,1,2022-04-13 09:26:30
1649841991712590000,161.5,5,161.0,44,161.5,7,1,2022-04-13 09:26:31
1649841992265135000,161.5,2,161.0,44,161.5,7,1,2022-04-13 09:26:32
1649841993336999000,161.5,1,161.0,43,161.5,12,1,2022-04-13 09:26:33
1649841993412443000,161.5,1,161.0,43,161.5,11,1,2022-04-13 09:26:33
1649841993539015000,161.0,2,161.0,41,161.5,11,2,2022-04-13 09:26:33
1649841993687059000,161.0,1,161.0,40,161.5,11,2,2022-04-13 09:26:33
1649841993898306000,161.5,1,161.0,40,161.5,10,1,2022-04-13 09:26:33
1649841994311985000,161.5,1,161.0,40,161.5,11,1,2022-04-13 09:26:34
1649841994790492000,161.0,7,161.0,33,161.5,21,2,2022-04-13 09:26:34
1649841994830009000,161.0,3,161.0,30,161.5,21,2,2022-04-13 09:26:34
1649841994830410000,161.0,13,161.0,17,161.5,21,2,2022-04-13 09:26:34
1649841994863202000,161.0,2,161.0,15,161.5,22,2,2022-04-13 09:26:34
1649841994871620000,161.0,9,161.0,6,161.5,22,2,2022-04-13 09:26:34
1649841994894141000,161.0,5,161.0,1,161.5,22,2,2022-04-13 09:26:34
1649841994900343000,161.5,2,161.0,1,161.5,20,1,2022-04-13 09:26:34
1649841994900687000,161.0,1,160.5,10,161.5,20,2,2022-04-13 09:26:34
1649841995646303000,161.0,1,160.5,10,161.0,12,1,2022-04-13 09:26:35
1649841996257311000,161.0,1,160.5,10,161.0,13,1,2022-04-13 09:26:36
1649841996581401000,160.5,2,160.5,8,161.0,13,2,2022-04-13 09:26:36
1649841996806138000,160.5,2,160.5,4,161.0,11,2,2022-04-13 09:26:36
1649841997319044000,160.5,1,160.5,3,161.0,10,2,2022-04-13 09:26:37
1649841997348522000,160.5,3,160.0,11,161.0,10,2,2022-04-13 09:26:37
1649841997863548000,161.0,1,160.0,11,161.0,8,1,2022-04-13 09:26:37
1649841998673646000,160.5,1,160.0,11,161.0,9,1,2022-04-13 09:26:38
1649841999532724000,161.0,3,160.0,9,161.0,8,1,2022-04-13 09:26:39
1649842002224873000,160.5,1,160.0,10,160.5,4,1,2022-04-13 09:26:42
1649842002959936000,160.5,1,160.0,10,160.5,3,1,2022-04-13 09:26:42
1649842003863615000,160.0,2,160.0,8,160.5,3,2,2022-04-13 09:26:43
1649842005378315000,160.5,5,160.0,8,161.0,23,1,2022-04-13 09:26:45
1649842006027157000,160.5,1,160.0,8,161.0,24,1,2022-04-13 09:26:46
1649842007358273000,160.0,1,160.0,6,160.5,4,2,2022-04-13 09:26:47
1649842008920450000,160.0,1,160.0,6,160.5,11,2,2022-04-13 09:26:48
1649842009002352000,160.5,2,160.0,6,160.5,9,1,2022-04-13 09:26:49
1649842011203106000,160.0,3,160.0,7,160.5,10,2,2022-04-13 09:26:51
1649842012410316000,160.0,7,159.5,7,160.0,1,2,2022-04-13 09:26:52
1649842012488055000,160.0,1,159.5,9,160.5,13,1,2022-04-13 09:26:52
1649842012888470000,159.5,3,159.5,8,160.5,13,2,2022-04-13 09:26:52
1649842014332936000,159.5,1,159.5,7,160.0,2,2,2022-04-13 09:26:54
1649842017500865000,159.5,1,159.5,2,160.0,3,2,2022-04-13 09:26:57
1649842017920724000,159.5,1,159.0,20,160.0,3,2,2022-04-13 09:26:57
1649842020196912000,160.0,3,159.5,4,160.5,18,1,2022-04-13 09:27:00
1649842023786329000,160.0,1,159.5,7,160.5,19,1,2022-04-13 09:27:03
1649842025994425000,160.0,3,159.5,9,160.0,2,1,2022-04-13 09:27:05
1649842025994533000,160.0,2,159.5,9,160.5,22,1,2022-04-13 09:27:05
1649842028065743000,160.0,1,159.5,10,160.5,23,1,2022-04-13 09:27:08
1649842031078494000,160.0,1,159.5,19,160.5,20,2,2022-04-13 09:27:11
1649842031703203000,159.5,1,159.5,21,160.5,20,2,2022-04-13 09:27:11
1649842032629046000,160.0,1,159.5,21,160.5,20,1,2022-04-13 09:27:12
1649842033855361000,160.0,1,159.5,22,160.5,20,1,2022-04-13 09:27:13
1649842033950738000,160.0,1,159.5,22,160.5,19,1,2022-04-13 09:27:13
1649842038273176000,160.0,1,159.5,18,160.5,22,1,2022-04-13 09:27:18
1649842046330128000,160.0,1,160.0,2,160.5,23,2,2022-04-13 09:27:26
1649842047358326000,160.0,2,159.5,19,160.0,1,2,2022-04-13 09:27:27
1649842048115247000,159.5,1,159.5,18,160.0,2,2,2022-04-13 09:27:28
1649842048667746000,160.0,1,159.5,18,160.0,1,1,2022-04-13 09:27:28
1649842049117158000,160.0,1,159.5,18,160.5,22,1,2022-04-13 09:27:29
1649842050093165000,160.0,1,159.5,18,160.5,24,1,2022-04-13 09:27:30
1649842069913334000,160.0,5,159.5,19,160.0,1,1,2022-04-13 09:27:49
1649842070443340000,160.0,1,159.5,18,160.5,24,1,2022-04-13 09:27:50
1649842074536248000,160.5,1,160.0,1,160.5,21,1,2022-04-13 09:27:54
1649842076176390000,160.0,1,159.5,19,160.0,1,2,2022-04-13 09:27:56
1649842076611814000,160.0,1,159.5,19,160.5,21,1,2022-04-13 09:27:56
1649842081712725000,160.5,2,160.0,2,160.5,19,1,2022-04-13 09:28:01
1649842082114057000,160.0,1,160.0,1,160.5,19,2,2022-04-13 09:28:02
1649842085066337000,160.0,1,159.5,22,160.5,20,2,2022-04-13 09:28:05
1649842090144057000,160.5,2,160.0,12,160.5,16,1,2022-04-13 09:28:10
1649842090866042000,160.0,1,160.0,13,160.5,16,2,2022-04-13 09:28:10
1649842092113948000,160.5,1,160.0,14,160.5,15,1,2022-04-13 09:28:12
1649842093299314000,160.5,1,160.0,14,160.5,14,1,2022-04-13 09:28:13
1649842095246212000,160.5,1,160.0,16,160.5,12,1,2022-04-13 09:28:15
1649842097239922000,160.5,1,160.0,18,160.5,12,1,2022-04-13 09:28:17
1649842098235635000,160.5,1,160.0,18,160.5,11,1,2022-04-13 09:28:18
1649842102760990000,160.5,1,160.0,19,160.5,10,1,2022-04-13 09:28:22
1649842104821646000,160.5,1,160.0,19,160.5,9,1,2022-04-13 09:28:24
1649842107918259000,160.5,5,160.0,22,160.5,4,1,2022-04-13 09:28:27
1649842107946000000,160.5,4,160.0,22,161.0,23,1,2022-04-13 09:28:27
1649842112985038000,160.5,1,160.5,4,161.0,20,2,2022-04-13 09:28:32
1649842115272931000,161.0,1,160.5,11,161.0,10,1,2022-04-13 09:28:35
1649842122286609000,161.0,5,160.5,25,161.0,6,1,2022-04-13 09:28:42
1649842122316066000,161.0,6,160.5,25,161.5,43,1,2022-04-13 09:28:42
1649842126198313000,161.5,1,161.0,12,161.5,38,1,2022-04-13 09:28:46
1649842128849764000,161.5,7,161.0,16,161.5,21,1,2022-04-13 09:28:48
1649842128890395000,161.5,5,161.0,16,161.5,16,1,2022-04-13 09:28:48
1649842128923812000,161.5,10,161.0,17,161.5,6,1,2022-04-13 09:28:48
1649842128956424000,161.5,2,161.0,17,161.5,4,1,2022-04-13 09:28:48
1649842128956490000,161.5,2,161.0,17,161.5,2,1,2022-04-13 09:28:48
1649842128956780000,161.5,2,161.0,17,162.0,54,1,2022-04-13 09:28:48
1649842129397424000,162.0,2,161.0,20,162.0,52,1,2022-04-13 09:28:49
1649842129825899000,162.0,1,161.5,3,162.0,54,1,2022-04-13 09:28:49
1649842130459626000,162.0,1,161.5,3,162.0,53,1,2022-04-13 09:28:50
1649842132039108000,161.5,1,161.5,4,162.0,53,2,2022-04-13 09:28:52
1649842133495017000,162.0,1,161.5,8,162.0,50,1,2022-04-13 09:28:53
1649842133699505000,162.0,2,161.5,8,162.0,48,1,2022-04-13 09:28:53
1649842135089999000,162.0,1,161.5,10,162.0,48,1,2022-04-13 09:28:55
1649842135761458000,162.0,5,161.5,11,162.0,41,1,2022-04-13 09:28:55
1649842135831395000,162.0,1,161.5,11,162.0,40,1,2022-04-13 09:28:55
1649842136622760000,161.5,1,161.5,11,162.0,39,2,2022-04-13 09:28:56
1649842136776124000,162.0,1,161.5,11,162.0,38,1,2022-04-13 09:28:56
1649842138550163000,162.0,1,161.5,17,162.0,36,1,2022-04-13 09:28:58
1649842138782916000,162.0,2,161.5,17,162.0,34,1,2022-04-13 09:28:58
1649842139009264000,162.0,1,161.5,17,162.0,33,1,2022-04-13 09:28:59
1649842139055676000,162.0,1,161.5,17,162.0,31,1,2022-04-13 09:28:59
1649842139099452000,162.0,1,161.5,17,162.0,30,1,2022-04-13 09:28:59
1649842139751493000,162.0,1,161.5,18,162.0,29,1,2022-04-13 09:28:59
1649842141095478000,162.0,1,161.5,18,162.0,29,1,2022-04-13 09:29:01
1649842141177200000,162.0,2,161.5,18,162.0,27,1,2022-04-13 09:29:01
1649842141788607000,162.0,5,161.5,17,162.0,21,1,2022-04-13 09:29:01
1649842141846263000,162.0,1,161.5,17,162.0,20,1,2022-04-13 09:29:01
1649842142222998000,162.0,1,161.5,17,162.0,19,1,2022-04-13 09:29:02
1649842142338637000,161.5,10,161.5,7,162.0,19,2,2022-04-13 09:29:02
1649842143053829000,162.0,1,161.5,7,162.0,22,1,2022-04-13 09:29:03
1649842143505026000,162.0,2,161.5,7,162.0,19,1,2022-04-13 09:29:03
1649842143735826000,162.0,1,161.5,7,162.0,18,1,2022-04-13 09:29:03
1649842143803628000,162.0,1,161.5,7,162.0,17,1,2022-04-13 09:29:03
1649842144109755000,162.0,1,161.5,10,162.0,16,1,2022-04-13 09:29:04
1649842144419209000,162.0,1,161.5,10,162.0,15,1,2022-04-13 09:29:04
1649842144579335000,162.0,2,161.5,10,162.0,13,1,2022-04-13 09:29:04
1649842144987768000,162.0,1,161.5,10,162.0,14,1,2022-04-13 09:29:04
1649842145076929000,162.0,1,161.5,10,162.0,13,1,2022-04-13 09:29:05
1649842145228105000,162.0,1,161.5,10,162.0,12,1,2022-04-13 09:29:05
1649842146034743000,162.0,1,161.5,10,162.0,11,1,2022-04-13 09:29:06
1649842146317899000,162.0,10,161.5,10,162.0,2,1,2022-04-13 09:29:06
1649842146491564000,161.5,1,161.5,11,162.0,2,2,2022-04-13 09:29:06
1649842146770756000,162.0,1,161.5,11,162.0,1,1,2022-04-13 09:29:06
1649842147261781000,162.0,1,162.0,4,162.5,36,1,2022-04-13 09:29:07
1649842147351544000,162.0,1,162.0,4,162.5,36,2,2022-04-13 09:29:07
1649842149761699000,162.0,1,162.0,11,162.5,38,2,2022-04-13 09:29:09
1649842150738059000,162.0,3,162.0,8,162.5,39,2,2022-04-13 09:29:10
1649842150772797000,162.0,8,161.5,12,162.5,39,2,2022-04-13 09:29:10
1649842150850773000,162.0,1,161.5,11,162.0,1,1,2022-04-13 09:29:10
1649842151050978000,162.0,1,161.5,11,162.0,1,1,2022-04-13 09:29:11
1649842151173431000,162.0,1,161.5,11,162.0,1,1,2022-04-13 09:29:11
1649842151653689000,162.0,1,161.5,12,162.5,40,2,2022-04-13 09:29:11
1649842151915494000,162.0,1,162.0,2,162.5,40,1,2022-04-13 09:29:11
1649842151948510000,162.0,2,161.5,12,162.5,40,2,2022-04-13 09:29:11
1649842152391491000,162.0,2,161.5,12,162.5,37,2,2022-04-13 09:29:12
1649842154866615000,162.0,1,161.5,12,162.0,14,1,2022-04-13 09:29:14
1649842155505546000,162.0,1,161.5,12,162.0,18,1,2022-04-13 09:29:15
1649842155683045000,162.0,2,161.5,12,162.0,18,1,2022-04-13 09:29:15
1649842156781892000,162.0,10,161.5,12,162.0,9,1,2022-04-13 09:29:16
1649842158045838000,162.0,1,161.5,13,162.0,19,1,2022-04-13 09:29:18
1649842158593281000,162.0,1,161.5,13,162.0,18,1,2022-04-13 09:29:18
1649842160456053000,162.0,1,161.5,16,162.0,17,1,2022-04-13 09:29:20
1649842160784308000,161.5,9,161.5,7,162.0,18,2,2022-04-13 09:29:20
1649842160816536000,161.5,7,161.0,7,162.0,18,2,2022-04-13 09:29:20
1649842161225449000,161.5,1,161.0,5,161.5,3,1,2022-04-13 09:29:21
1649842161432031000,161.5,1,161.0,5,161.5,2,1,2022-04-13 09:29:21
1649842162718170000,161.5,6,161.0,5,162.0,19,1,2022-04-13 09:29:22
1649842162718170000,162.0,2,161.0,5,162.0,19,1,2022-04-13 09:29:22
1649842163826065000,161.5,1,161.0,4,162.0,19,1,2022-04-13 09:29:23
1649842163995229000,162.0,1,161.0,4,162.0,19,1,2022-04-13 09:29:23
1649842166557610000,161.5,1,161.0,5,161.5,1,1,2022-04-13 09:29:26
1649842169212451000,161.5,1,161.0,6,161.5,3,1,2022-04-13 09:29:29
1649842170426369000,161.5,1,161.0,5,161.5,6,1,2022-04-13 09:29:30
1649842172366298000,161.5,4,161.0,5,161.5,4,1,2022-04-13 09:29:32
1649842173112398000,161.5,1,161.0,5,161.5,3,1,2022-04-13 09:29:33
1649842177908819000,161.5,1,161.0,4,161.5,13,1,2022-04-13 09:29:37
1649842177931000000,161.5,10,161.0,4,161.5,3,1,2022-04-13 09:29:37
1649842179318623000,161.5,1,161.0,4,161.5,4,1,2022-04-13 09:29:39
1649842180310739000,161.0,1,161.0,3,161.5,4,2,2022-04-13 09:29:40
1649842182586323000,161.5,1,161.0,4,161.5,7,1,2022-04-13 09:29:42
1649842189084324000,161.0,1,161.0,9,161.5,11,2,2022-04-13 09:29:49
1649842189912565000,161.5,5,161.0,9,161.5,7,1,2022-04-13 09:29:49
1649842190742619000,161.5,1,161.0,9,161.5,6,1,2022-04-13 09:29:50
1649842191810600000,161.5,5,161.0,9,161.5,1,1,2022-04-13 09:29:51
1649842192995009000,161.5,1,161.0,9,161.5,2,1,2022-04-13 09:29:52
1649842194590558000,161.5,1,161.0,12,161.5,2,1,2022-04-13 09:29:54
1649842196473882000,161.5,2,161.0,13,162.0,32,1,2022-04-13 09:29:56
1649842201218419000,161.5,1,161.0,13,162.0,29,2,2022-04-13 09:30:01
1649842205289030000,161.5,1,161.0,27,162.0,29,1,2022-04-13 09:30:05
1649842205870791000,161.5,1,161.0,27,162.0,29,1,2022-04-13 09:30:05
1649842207666653000,161.5,1,161.0,27,161.5,1,1,2022-04-13 09:30:07
1649842208492541000,161.5,1,161.0,27,162.0,39,1,2022-04-13 09:30:08
1649842208670848000,162.0,9,161.5,1,162.0,30,1,2022-04-13 09:30:08
1649842210579468000,161.5,2,161.5,8,162.0,28,2,2022-04-13 09:30:10
1649842211765457000,162.0,1,161.5,9,162.0,27,1,2022-04-13 09:30:11
1649842213336994000,162.0,1,161.5,10,162.0,26,1,2022-04-13 09:30:13
1649842214140562000,162.0,17,162.0,3,162.5,29,1,2022-04-13 09:30:14
1649842214207730000,162.0,1,162.0,2,162.5,29,2,2022-04-13 09:30:14
1649842215505768000,162.5,5,162.0,8,162.5,24,1,2022-04-13 09:30:15
1649842216568771000,162.5,1,162.0,10,162.5,23,1,2022-04-13 09:30:16
1649842216739569000,162.0,1,162.0,9,162.5,23,2,2022-04-13 09:30:16
1649842218019443000,162.5,1,162.0,10,162.5,27,1,2022-04-13 09:30:18
1649842218197866000,162.5,1,162.0,10,162.5,26,1,2022-04-13 09:30:18
1649842218455242000,162.0,1,162.0,9,162.5,26,2,2022-04-13 09:30:18
1649842218816239000,162.5,1,162.0,10,162.5,25,1,2022-04-13 09:30:18
1649842221591266000,162.5,1,162.0,14,162.5,23,1,2022-04-13 09:30:21
1649842222299868000,162.5,2,162.0,14,162.5,20,1,2022-04-13 09:30:22
1649842222522352000,162.5,1,162.0,14,162.5,19,1,2022-04-13 09:30:22
1649842222789027000,162.5,18,162.5,2,163.0,55,1,2022-04-13 09:30:22
1649842223116527000,163.0,3,162.5,4,163.0,52,1,2022-04-13 09:30:23
1649842223185419000,162.5,1,162.5,9,163.0,52,2,2022-04-13 09:30:23
1649842223217551000,163.0,1,162.5,9,163.0,51,1,2022-04-13 09:30:23
1649842223284756000,163.0,1,162.5,9,163.0,50,1,2022-04-13 09:30:23
1649842224514351000,163.0,1,162.5,20,163.0,49,1,2022-04-13 09:30:24
1649842224741957000,163.0,1,162.5,20,163.0,48,1,2022-04-13 09:30:24
1649842224797011000,163.0,2,162.5,24,163.0,46,1,2022-04-13 09:30:24
1649842226707889000,163.0,1,162.5,27,163.0,45,1,2022-04-13 09:30:26
1649842226724665000,163.0,1,162.5,27,163.0,44,1,2022-04-13 09:30:26
1649842228615860000,163.0,6,162.5,32,163.0,39,1,2022-04-13 09:30:28
1649842229207301000,163.0,5,162.5,33,163.0,34,1,2022-04-13 09:30:29
1649842229667308000,163.0,1,162.5,33,163.0,26,1,2022-04-13 09:30:29
1649842229864905000,163.0,1,162.5,33,163.0,25,1,2022-04-13 09:30:29
1649842230337212000,163.0,1,162.5,33,163.0,24,1,2022-04-13 09:30:30
1649842230341190000,163.0,1,162.5,33,163.0,23,1,2022-04-13 09:30:30
1649842230411574000,163.0,1,162.5,33,163.0,22,1,2022-04-13 09:30:30
1649842230528060000,163.0,9,162.5,33,163.0,13,1,2022-04-13 09:30:30
1649842230559991000,163.0,4,162.5,33,163.0,9,1,2022-04-13 09:30:30
1649842230605432000,163.0,3,162.5,33,163.0,6,1,2022-04-13 09:30:30
1649842230631103000,163.0,2,162.5,33,163.0,4,1,2022-04-13 09:30:30
1649842230636525000,163.0,1,162.5,33,163.0,3,1,2022-04-13 09:30:30
1649842230638072000,163.0,3,162.5,33,163.5,26,1,2022-04-13 09:30:30
1649842230713123000,163.5,1,163.0,4,163.5,25,1,2022-04-13 09:30:30
1649842230729200000,163.5,1,163.0,4,163.5,24,1,2022-04-13 09:30:30
1649842230964258000,163.5,1,163.0,10,163.5,23,1,2022-04-13 09:30:30
1649842230970029000,163.5,1,163.0,10,163.5,22,1,2022-04-13 09:30:30
1649842231554276000,163.5,2,163.0,16,163.5,22,1,2022-04-13 09:30:31
1649842231799815000,163.5,1,163.0,18,163.5,21,1,2022-04-13 09:30:31
1649842231975590000,163.0,1,163.0,19,163.5,21,2,2022-04-13 09:30:31
1649842232792392000,163.5,2,163.0,22,163.5,19,1,2022-04-13 09:30:32
1649842234772974000,163.5,1,163.0,25,163.5,17,1,2022-04-13 09:30:34
1649842234798013000,163.0,1,163.0,24,163.5,17,2,2022-04-13 09:30:34
1649842235240551000,163.5,1,163.0,24,163.5,16,1,2022-04-13 09:30:35
1649842235748040000,163.5,1,163.0,24,163.5,15,1,2022-04-13 09:30:35
1649842236866950000,163.0,2,163.0,22,163.5,17,2,2022-04-13 09:30:36
1649842236904329000,163.0,5,163.0,17,163.5,17,2,2022-04-13 09:30:36
1649842236930627000,163.5,3,163.0,17,163.5,14,1,2022-04-13 09:30:36
1649842236937265000,163.0,6,163.0,11,163.5,14,2,2022-04-13 09:30:36
1649842237053415000,163.5,1,163.0,11,163.5,13,1,2022-04-13 09:30:37
1649842237525065000,163.5,1,163.0,12,163.5,12,1,2022-04-13 09:30:37
1649842238238068000,163.5,1,163.0,12,163.5,6,1,2022-04-13 09:30:38
1649842238371053000,163.0,1,163.0,11,163.5,6,2,2022-04-13 09:30:38
1649842238543381000,163.5,5,163.0,11,163.5,1,1,2022-04-13 09:30:38
1649842239135964000,163.5,1,163.0,11,163.5,5,1,2022-04-13 09:30:39
1649842239215695000,163.5,1,163.0,11,163.5,4,1,2022-04-13 09:30:39
1649842239740900000,163.5,1,163.0,13,163.5,5,1,2022-04-13 09:30:39
1649842239799660000,163.5,1,163.0,13,163.5,5,1,2022-04-13 09:30:39
1649842239845837000,163.5,2,163.0,13,163.5,3,1,2022-04-13 09:30:39
1649842240050971000,163.5,1,163.0,14,163.5,2,1,2022-04-13 09:30:40
1649842240147715000,163.5,1,163.0,16,163.5,1,1,2022-04-13 09:30:40
1649842240203378000,163.5,1,163.0,16,164.0,50,1,2022-04-13 09:30:40
1649842240692761000,163.0,1,163.0,17,164.0,52,2,2022-04-13 09:30:40
1649842240932210000,163.5,1,163.0,18,164.0,52,1,2022-04-13 09:30:40
1649842240980683000,163.5,1,163.0,18,164.0,52,2,2022-04-13 09:30:40
1649842241149459000,163.5,5,163.5,1,164.0,52,2,2022-04-13 09:30:41
1649842241180776000,163.5,1,163.0,18,164.0,52,2,2022-04-13 09:30:41
1649842241582307000,163.5,1,163.0,19,164.0,52,1,2022-04-13 09:30:41
1649842242451786000,163.5,2,163.5,3,164.0,53,1,2022-04-13 09:30:42
1649842242485020000,163.5,3,163.0,19,164.0,53,2,2022-04-13 09:30:42
1649842243514437000,163.5,1,163.0,20,164.0,49,1,2022-04-13 09:30:43
1649842243514437000,164.0,2,163.0,20,164.0,49,1,2022-04-13 09:30:43
1649842243547947000,163.5,1,163.0,20,163.5,4,2,2022-04-13 09:30:43
1649842243551815000,163.5,1,163.0,20,163.5,3,1,2022-04-13 09:30:43
1649842243580853000,163.5,1,163.0,20,163.5,2,1,2022-04-13 09:30:43
1649842243581452000,163.5,1,163.0,20,163.5,1,1,2022-04-13 09:30:43
1649842243581932000,163.5,1,163.0,20,164.0,49,1,2022-04-13 09:30:43
1649842243703005000,164.0,1,163.5,2,164.0,49,1,2022-04-13 09:30:43
1649842244380855000,163.5,1,163.5,2,164.0,49,2,2022-04-13 09:30:44
1649842244574731000,163.5,2,163.0,20,164.0,48,2,2022-04-13 09:30:44
1649842244762351000,164.0,1,163.0,20,164.0,47,1,2022-04-13 09:30:44
1649842244971350000,164.0,10,163.0,20,164.0,38,1,2022-04-13 09:30:44
1649842245327053000,163.5,1,163.0,21,163.5,9,2,2022-04-13 09:30:45
1649842245632564000,163.5,3,163.0,21,163.5,6,1,2022-04-13 09:30:45
1649842245686809000,163.5,1,163.0,21,163.5,5,1,2022-04-13 09:30:45
1649842245993833000,163.5,1,163.0,21,163.5,5,1,2022-04-13 09:30:45
1649842246160668000,163.5,1,163.0,21,163.5,4,1,2022-04-13 09:30:46
1649842246330000000,163.5,2,163.0,21,163.5,2,1,2022-04-13 09:30:46
1649842246472014000,163.5,1,163.0,21,163.5,1,1,2022-04-13 09:30:46
1649842246482096000,163.5,1,163.0,21,164.0,39,1,2022-04-13 09:30:46
1649842246645265000,163.5,1,163.0,21,164.0,39,2,2022-04-13 09:30:46
1649842248097446000,163.5,1,163.5,2,164.0,41,2,2022-04-13 09:30:48
1649842249985644000,164.0,1,163.5,6,164.0,40,1,2022-04-13 09:30:49
1649842250950422000,164.0,10,163.5,7,164.0,33,1,2022-04-13 09:30:50
1649842251185392000,163.5,1,163.5,6,164.0,33,2,2022-04-13 09:30:51
1649842251613987000,163.5,2,163.5,4,164.0,33,2,2022-04-13 09:30:51
1649842251654291000,163.5,1,163.5,3,164.0,33,2,2022-04-13 09:30:51
1649842252491229000,164.0,2,163.5,5,164.0,32,1,2022-04-13 09:30:52
1649842252687726000,163.5,1,163.5,4,164.0,32,2,2022-04-13 09:30:52
1649842252714308000,163.5,1,163.5,3,164.0,33,2,2022-04-13 09:30:52
1649842252720412000,164.0,5,163.5,3,164.0,28,1,2022-04-13 09:30:52
1649842253157152000,163.5,1,163.5,2,164.0,28,2,2022-04-13 09:30:53
1649842253644831000,163.5,1,163.5,3,164.0,28,2,2022-04-13 09:30:53
1649842253704408000,164.0,1,163.5,3,164.0,27,1,2022-04-13 09:30:53
1649842253763348000,163.5,3,163.0,37,164.0,29,2,2022-04-13 09:30:53
1649842255524555000,164.0,1,163.5,9,164.0,26,1,2022-04-13 09:30:55
1649842257148241000,164.0,3,163.5,15,164.0,27,1,2022-04-13 09:30:57
1649842259094474000,164.0,1,163.5,22,164.0,27,1,2022-04-13 09:30:59
1649842259222489000,164.0,2,163.5,22,164.0,25,1,2022-04-13 09:30:59
1649842259534945000,163.5,2,163.5,20,164.0,25,2,2022-04-13 09:30:59
1649842260554390000,164.0,10,163.5,22,164.0,13,1,2022-04-13 09:31:00
1649842260974393000,164.0,1,163.5,22,164.0,13,1,2022-04-13 09:31:00
1649842260978886000,163.5,1,163.5,21,164.0,13,2,2022-04-13 09:31:00
1649842261082673000,164.0,13,164.0,17,164.5,73,1,2022-04-13 09:31:01
1649842261166806000,164.0,2,164.0,15,164.5,73,2,2022-04-13 09:31:01
1649842261700224000,164.0,1,164.0,14,164.5,73,2,2022-04-13 09:31:01
1649842262247427000,164.0,1,164.0,15,164.5,73,2,2022-04-13 09:31:02
1649842262712061000,164.0,15,163.5,21,164.5,74,2,2022-04-13 09:31:02
1649842262921316000,164.0,1,163.5,21,164.5,76,2,2022-04-13 09:31:02
1649842263782517000,164.0,1,163.5,22,164.0,6,1,2022-04-13 09:31:03
1649842264110192000,164.0,1,163.5,23,164.0,10,1,2022-04-13 09:31:04
1649842264895550000,164.0,1,163.5,23,164.0,13,1,2022-04-13 09:31:04
1649842265405892000,163.5,1,163.5,22,164.0,14,2,2022-04-13 09:31:05
1649842266357865000,164.0,10,163.5,25,164.0,10,1,2022-04-13 09:31:06
1649842266820357000,164.0,2,163.5,25,164.0,16,1,2022-04-13 09:31:06
1649842267332525000,164.0,1,163.5,27,164.0,18,1,2022-04-13 09:31:07
1649842268390204000,164.0,1,163.5,35,164.0,31,1,2022-04-13 09:31:08
1649842268564549000,164.0,2,163.5,36,164.0,29,1,2022-04-13 09:31:08
1649842268598320000,164.0,1,163.5,37,164.0,28,1,2022-04-13 09:31:08
1649842268722379000,164.0,1,163.5,37,164.0,28,1,2022-04-13 09:31:08
1649842269052546000,164.0,1,163.5,37,164.0,28,1,2022-04-13 09:31:09
1649842269163335000,164.0,1,163.5,38,164.0,27,1,2022-04-13 09:31:09
1649842270035998000,164.0,1,163.5,40,164.0,27,1,2022-04-13 09:31:10
1649842271758792000,164.0,2,163.5,44,164.0,26,1,2022-04-13 09:31:11
1649842272027729000,164.0,1,163.5,44,164.0,25,1,2022-04-13 09:31:12
1649842272427838000,164.0,2,163.5,45,164.0,23,1,2022-04-13 09:31:12
1649842272603403000,164.0,1,163.5,46,164.0,22,1,2022-04-13 09:31:12
1649842273302805000,164.0,1,163.5,46,164.0,28,1,2022-04-13 09:31:13
1649842273373513000,164.0,1,163.5,46,164.0,27,1,2022-04-13 09:31:13
1649842273828206000,164.0,1,163.5,47,164.0,31,1,2022-04-13 09:31:13
1649842274142198000,164.0,2,163.5,47,164.0,30,1,2022-04-13 09:31:14
1649842274234928000,164.0,1,163.5,48,164.0,29,1,2022-04-13 09:31:14
1649842274935465000,164.0,1,163.5,48,164.0,28,1,2022-04-13 09:31:14
1649842275793930000,164.0,1,163.5,49,164.0,27,1,2022-04-13 09:31:15
1649842276414081000,164.0,1,163.5,51,164.0,26,1,2022-04-13 09:31:16
1649842277600019000,164.0,1,163.5,52,164.0,28,1,2022-04-13 09:31:17
1649842278239133000,164.0,4,163.5,52,164.0,24,1,2022-04-13 09:31:18
1649842278340279000,164.0,1,163.5,52,164.0,24,1,2022-04-13 09:31:18
1649842278417477000,163.5,1,163.5,51,164.0,24,2,2022-04-13 09:31:18
1649842278983545000,164.0,5,163.5,51,164.0,19,1,2022-04-13 09:31:18
1649842280142495000,164.0,1,163.5,50,164.0,20,1,2022-04-13 09:31:20
1649842280636491000,164.0,1,163.5,51,164.0,19,1,2022-04-13 09:31:20
1649842281580295000,164.0,1,163.5,57,164.0,18,1,2022-04-13 09:31:21
1649842281869573000,164.0,1,163.5,58,164.0,17,1,2022-04-13 09:31:21
1649842281995006000,164.0,1,163.5,58,164.0,16,1,2022-04-13 09:31:21
1649842282382207000,164.0,1,163.5,58,164.0,15,1,2022-04-13 09:31:22
1649842282659099000,164.0,5,163.5,58,164.0,10,1,2022-04-13 09:31:22
1649842282939076000,164.0,1,163.5,58,164.0,9,1,2022-04-13 09:31:22
1649842283023843000,164.0,1,163.5,58,164.0,8,1,2022-04-13 09:31:23
1649842283103122000,164.0,1,163.5,58,164.0,7,1,2022-04-13 09:31:23
1649842283145007000,164.0,7,164.0,4,164.5,67,1,2022-04-13 09:31:23
1649842284518828000,164.0,1,164.0,13,164.5,65,2,2022-04-13 09:31:24
1649842285228250000,164.0,1,164.0,13,164.5,65,2,2022-04-13 09:31:25
1649842285290352000,164.0,3,164.0,10,164.5,65,2,2022-04-13 09:31:25
1649842285317111000,164.0,10,163.5,56,164.5,65,2,2022-04-13 09:31:25
1649842286478490000,164.0,1,163.5,57,164.5,59,2,2022-04-13 09:31:26
1649842287069775000,164.0,1,163.5,59,164.5,62,1,2022-04-13 09:31:27
1649842288041537000,164.0,1,163.5,60,164.0,6,1,2022-04-13 09:31:28
1649842288875999000,164.0,10,163.5,59,164.0,8,1,2022-04-13 09:31:28
1649842289117355000,164.0,1,163.5,59,164.0,9,1,2022-04-13 09:31:29
1649842290592674000,164.0,1,163.5,59,164.0,28,1,2022-04-13 09:31:30
1649842291718831000,164.0,1,163.5,56,164.0,39,1,2022-04-13 09:31:31
1649842292881355000,164.0,2,163.5,54,164.0,39,1,2022-04-13 09:31:32
1649842292920999000,164.0,1,163.5,54,164.0,38,1,2022-04-13 09:31:32
1649842293193365000,164.0,1,163.5,54,164.0,37,1,2022-04-13 09:31:33
1649842293453792000,164.0,1,163.5,54,164.0,37,1,2022-04-13 09:31:33
1649842294372338000,164.0,1,163.5,54,164.0,38,1,2022-04-13 09:31:34
1649842294775808000,163.5,12,163.5,42,164.0,38,2,2022-04-13 09:31:34
1649842295078723000,164.0,1,163.5,42,164.0,37,1,2022-04-13 09:31:35
1649842295432223000,163.5,2,163.5,40,164.0,37,2,2022-04-13 09:31:35
1649842296253509000,163.5,1,163.5,39,164.0,50,2,2022-04-13 09:31:36
1649842296282775000,163.5,7,163.5,32,164.0,50,2,2022-04-13 09:31:36
1649842296283324000,163.5,9,163.5,23,164.0,50,2,2022-04-13 09:31:36
1649842296316584000,163.5,2,163.5,21,164.0,50,2,2022-04-13 09:31:36
1649842296317006000,163.5,1,163.5,20,164.0,50,2,2022-04-13 09:31:36
1649842296360579000,163.5,6,163.5,14,164.0,50,2,2022-04-13 09:31:36
1649842296364170000,163.5,4,163.5,10,164.0,50,2,2022-04-13 09:31:36
1649842296369768000,164.0,1,163.5,10,164.0,49,1,2022-04-13 09:31:36
1649842296390934000,163.5,2,163.5,8,164.0,49,2,2022-04-13 09:31:36
1649842296772464000,164.0,5,163.5,8,164.0,44,1,2022-04-13 09:31:36
1649842297337129000,163.5,1,163.5,8,164.0,44,2,2022-04-13 09:31:37
1649842297439641000,163.5,1,163.5,7,164.0,44,2,2022-04-13 09:31:37
1649842297679211000,163.5,1,163.5,6,164.0,44,2,2022-04-13 09:31:37
1649842297807059000,164.0,1,163.5,6,164.0,43,1,2022-04-13 09:31:37
1649842298393055000,163.5,1,163.5,5,164.0,47,2,2022-04-13 09:31:38
1649842298460358000,163.5,1,163.5,4,164.0,47,2,2022-04-13 09:31:38
1649842298648019000,163.5,1,163.5,3,164.0,47,2,2022-04-13 09:31:38
1649842299059903000,163.5,3,163.0,38,163.5,2,2,2022-04-13 09:31:39
1649842299089266000,163.5,2,163.0,38,164.0,47,1,2022-04-13 09:31:39
1649842299654084000,163.5,2,163.0,38,164.0,47,1,2022-04-13 09:31:39
1649842299738621000,163.0,1,163.0,37,164.0,47,2,2022-04-13 09:31:39
1649842300173053000,163.5,2,163.0,37,164.0,48,1,2022-04-13 09:31:40
1649842300193607000,163.5,1,163.0,37,164.0,42,1,2022-04-13 09:31:40
1649842300193607000,164.0,6,163.0,37,164.0,42,1,2022-04-13 09:31:40
1649842301190500000,163.5,1,163.0,36,164.0,44,1,2022-04-13 09:31:41
1649842301487338000,164.0,2,163.5,1,164.0,42,1,2022-04-13 09:31:41
1649842302855251000,163.5,2,163.0,34,164.0,44,2,2022-04-13 09:31:42
1649842304176623000,163.5,1,163.0,35,164.0,45,2,2022-04-13 09:31:44
1649842304348286000,164.0,12,163.0,35,164.0,33,1,2022-04-13 09:31:44
1649842304380042000,164.0,1,163.0,35,164.0,32,1,2022-04-13 09:31:44
1649842305465255000,164.0,10,163.0,35,164.0,22,1,2022-04-13 09:31:45
1649842305504546000,164.0,10,163.0,35,164.0,12,1,2022-04-13 09:31:45
1649842305545240000,164.0,6,163.0,42,164.0,6,1,2022-04-13 09:31:45
1649842305545652000,164.0,6,163.0,42,164.5,47,1,2022-04-13 09:31:45
1649842305654486000,163.5,1,163.5,5,164.5,47,2,2022-04-13 09:31:45
1649842307091026000,164.0,1,163.5,10,164.5,44,2,2022-04-13 09:31:47
1649842307906311000,164.5,1,163.5,14,164.5,44,1,2022-04-13 09:31:47
1649842307984682000,164.5,8,164.0,14,164.5,36,1,2022-04-13 09:31:47
1649842308018693000,164.5,4,164.0,9,164.5,32,1,2022-04-13 09:31:48
1649842308021678000,164.5,4,164.0,9,164.5,28,1,2022-04-13 09:31:48
1649842308049879000,164.5,3,164.0,14,164.5,25,1,2022-04-13 09:31:48
1649842308082531000,164.5,3,164.0,9,164.5,22,1,2022-04-13 09:31:48
1649842308083001000,164.5,7,164.0,9,164.5,15,1,2022-04-13 09:31:48
1649842308086877000,164.5,4,164.0,9,164.5,11,1,2022-04-13 09:31:48
1649842308117296000,164.5,2,164.0,14,164.5,9,1,2022-04-13 09:31:48
1649842308117649000,164.5,2,164.0,14,164.5,7,1,2022-04-13 09:31:48
1649842308127583000,164.5,3,164.0,14,164.5,4,1,2022-04-13 09:31:48
1649842308148493000,164.5,4,164.0,9,165.0,86,1,2022-04-13 09:31:48
1649842309240893000,164.0,1,164.0,14,165.0,87,2,2022-04-13 09:31:49
1649842310265620000,165.0,1,164.0,8,165.0,86,1,2022-04-13 09:31:50
1649842310313468000,164.0,1,164.0,15,165.0,86,2,2022-04-13 09:31:50
1649842310322278000,165.0,6,164.0,16,165.0,80,1,2022-04-13 09:31:50
1649842310571063000,164.0,1,164.0,17,165.0,79,2,2022-04-13 09:31:50
1649842313132528000,164.5,1,164.5,5,165.0,79,2,2022-04-13 09:31:53
1649842313742638000,164.5,1,164.5,4,165.0,79,2,2022-04-13 09:31:53
1649842314175757000,164.5,1,164.5,8,165.0,79,2,2022-04-13 09:31:54
1649842314429871000,164.5,1,164.5,7,165.0,79,2,2022-04-13 09:31:54
1649842316225515000,165.0,3,164.5,8,165.0,77,1,2022-04-13 09:31:56
1649842316767144000,165.0,23,164.5,8,165.0,55,1,2022-04-13 09:31:56
1649842317057315000,164.5,1,164.5,8,165.0,55,2,2022-04-13 09:31:57
1649842317557241000,165.0,1,164.5,9,165.0,54,1,2022-04-13 09:31:57
1649842317589536000,165.0,2,164.5,9,165.0,52,1,2022-04-13 09:31:57
1649842317683278000,165.0,45,164.5,9,165.0,8,1,2022-04-13 09:31:57
1649842317933782000,164.5,2,164.5,7,165.0,8,2,2022-04-13 09:31:57
1649842318027538000,165.0,1,164.5,7,165.0,7,1,2022-04-13 09:31:58
1649842318113032000,164.5,1,164.5,6,165.0,7,2,2022-04-13 09:31:58
1649842318463876000,165.0,7,165.0,3,165.5,18,1,2022-04-13 09:31:58
1649842318497068000,165.0,3,165.0,1,165.5,20,2,2022-04-13 09:31:58
1649842318528305000,165.0,1,164.5,6,165.5,20,2,2022-04-13 09:31:58
1649842318617765000,165.5,1,164.5,6,165.5,19,1,2022-04-13 09:31:58
1649842318793406000,165.5,1,165.0,1,165.5,18,1,2022-04-13 09:31:58
1649842319273095000,165.5,1,165.0,7,165.5,17,1,2022-04-13 09:31:59
1649842319304636000,165.0,3,165.0,4,165.5,17,2,2022-04-13 09:31:59
1649842320216655000,165.5,17,165.5,13,166.0,17,1,2022-04-13 09:32:00
1649842320649380000,166.0,1,165.5,13,166.0,16,1,2022-04-13 09:32:00
1649842320681496000,166.0,1,165.5,13,166.0,15,1,2022-04-13 09:32:00
1649842320695257000,166.0,1,165.5,13,166.0,14,1,2022-04-13 09:32:00
1649842320718587000,166.0,1,165.5,13,166.0,13,1,2022-04-13 09:32:00
1649842320867739000,166.0,1,165.5,13,166.0,12,1,2022-04-13 09:32:00
1649842321268980000,166.0,1,165.5,15,166.0,11,1,2022-04-13 09:32:01
1649842321337494000,166.0,2,165.5,15,166.0,9,1,2022-04-13 09:32:01
1649842321728406000,165.5,2,165.5,15,166.0,8,2,2022-04-13 09:32:01
1649842321751646000,165.5,3,165.5,12,166.0,8,2,2022-04-13 09:32:01
1649842321754144000,166.0,1,165.5,12,166.0,7,1,2022-04-13 09:32:01
1649842321851967000,165.5,5,165.5,8,166.0,7,2,2022-04-13 09:32:01
1649842322101747000,166.0,2,165.5,8,166.0,5,1,2022-04-13 09:32:02
1649842322537962000,166.0,3,165.5,8,166.0,2,1,2022-04-13 09:32:02
1649842322543783000,166.0,2,165.5,8,166.5,5,1,2022-04-13 09:32:02
1649842322543783000,166.5,1,165.5,8,166.5,5,1,2022-04-13 09:32:02
1649842322722880000,166.5,1,166.0,1,166.5,4,1,2022-04-13 09:32:02
1649842323320391000,166.5,1,166.0,2,166.5,3,1,2022-04-13 09:32:03
1649842323732106000,166.0,1,166.0,3,166.5,3,2,2022-04-13 09:32:03
1649842324066282000,166.0,1,166.0,2,166.5,3,2,2022-04-13 09:32:04
1649842324591242000,166.0,2,166.0,1,166.5,3,2,2022-04-13 09:32:04
1649842324689518000,166.5,1,166.0,1,166.5,2,1,2022-04-13 09:32:04
1649842324746874000,166.5,1,166.0,1,166.5,1,1,2022-04-13 09:32:04
1649842324807960000,166.5,1,166.0,2,167.0,21,1,2022-04-13 09:32:04
1649842325215597000,166.5,1,166.0,2,167.0,21,2,2022-04-13 09:32:05
1649842325247744000,167.0,1,166.0,2,167.0,20,1,2022-04-13 09:32:05
1649842325287891000,167.0,1,166.0,2,167.0,19,1,2022-04-13 09:32:05
1649842325305987000,167.0,1,166.0,2,167.0,18,1,2022-04-13 09:32:05
1649842325318971000,166.0,2,165.5,11,167.0,18,2,2022-04-13 09:32:05
1649842325488000000,166.0,1,165.5,12,166.5,1,1,2022-04-13 09:32:05
1649842325524311000,166.5,1,165.5,12,167.0,18,1,2022-04-13 09:32:05
1649842326360241000,166.5,1,166.0,12,167.0,18,1,2022-04-13 09:32:06
1649842326712710000,166.5,1,166.5,1,167.0,18,1,2022-04-13 09:32:06
1649842327015268000,167.0,1,166.5,1,167.0,17,1,2022-04-13 09:32:07
1649842327047729000,167.0,1,166.5,1,167.0,16,1,2022-04-13 09:32:07
1649842327176294000,166.5,2,166.0,13,166.5,2,2,2022-04-13 09:32:07
1649842327435132000,166.5,1,166.0,13,166.5,3,1,2022-04-13 09:32:07
1649842327523277000,166.5,1,166.0,13,166.5,2,1,2022-04-13 09:32:07
1649842327546029000,166.5,1,166.0,13,166.5,1,1,2022-04-13 09:32:07
1649842327715325000,166.5,1,166.0,13,167.0,16,1,2022-04-13 09:32:07
1649842328009241000,167.0,1,166.5,1,167.0,15,1,2022-04-13 09:32:08
1649842328049489000,166.5,1,166.0,14,167.0,15,2,2022-04-13 09:32:08
1649842328222358000,167.0,12,166.0,14,167.0,3,1,2022-04-13 09:32:08
1649842328289462000,166.5,1,166.0,14,167.0,3,1,2022-04-13 09:32:08
1649842328351448000,167.0,2,166.0,14,167.0,1,1,2022-04-13 09:32:08
1649842328752993000,167.0,1,166.5,2,167.5,2,1,2022-04-13 09:32:08
1649842328752993000,167.5,1,166.5,2,167.5,2,1,2022-04-13 09:32:08
1649842328796651000,166.5,1,166.5,1,167.5,2,2,2022-04-13 09:32:08
1649842329123576000,167.5,1,166.5,2,167.5,1,1,2022-04-13 09:32:09
1649842330066805000,167.0,1,167.0,1,167.5,2,2,2022-04-13 09:32:10
1649842330321194000,167.0,1,167.0,1,167.5,2,2,2022-04-13 09:32:10
1649842330438386000,167.5,1,167.0,1,167.5,1,1,2022-04-13 09:32:10
1649842330477150000,167.5,1,167.0,1,168.0,19,1,2022-04-13 09:32:10
1649842330707067000,167.5,1,167.5,4,168.0,19,1,2022-04-13 09:32:10
1649842330944060000,167.5,1,167.5,3,168.0,19,2,2022-04-13 09:32:10
1649842330974150000,167.5,1,167.5,2,168.0,19,2,2022-04-13 09:32:10
1649842331503325000,168.0,1,167.5,2,168.0,18,1,2022-04-13 09:32:11
1649842331985217000,167.5,1,167.5,1,168.0,18,2,2022-04-13 09:32:11
1649842332148248000,168.0,1,167.5,1,168.0,17,1,2022-04-13 09:32:12
1649842332183643000,168.0,2,167.5,1,168.0,15,1,2022-04-13 09:32:12
1649842332568051000,168.0,1,167.5,1,168.0,14,1,2022-04-13 09:32:12
1649842332582481000,168.0,1,167.5,1,168.0,13,1,2022-04-13 09:32:12
1649842332776498000,168.0,2,167.5,1,168.0,11,1,2022-04-13 09:32:12
1649842332841855000,168.0,1,167.5,2,168.0,10,1,2022-04-13 09:32:12
1649842332871125000,168.0,1,167.5,2,168.0,9,1,2022-04-13 09:32:12
1649842332956131000,167.5,2,167.0,6,168.0,10,2,2022-04-13 09:32:12
1649842333370720000,168.0,5,167.0,6,168.0,5,1,2022-04-13 09:32:13
1649842333562430000,168.0,1,167.0,6,168.0,4,1,2022-04-13 09:32:13
1649842333680271000,168.0,1,167.0,6,168.0,3,1,2022-04-13 09:32:13
1649842333947728000,168.0,1,167.5,3,168.0,2,1,2022-04-13 09:32:13
1649842334029260000,168.0,1,167.5,3,168.0,1,1,2022-04-13 09:32:14
1649842334105946000,168.0,1,167.5,3,168.5,2,1,2022-04-13 09:32:14
1649842334105946000,168.5,1,167.5,3,168.5,2,1,2022-04-13 09:32:14
1649842334339787000,168.5,1,168.0,1,168.5,1,1,2022-04-13 09:32:14
1649842334403139000,168.0,1,167.5,3,168.5,1,2,2022-04-13 09:32:14
1649842334434460000,168.5,3,167.5,3,168.5,2,1,2022-04-13 09:32:14
1649842334594408000,167.5,1,167.5,2,169.0,19,2,2022-04-13 09:32:14
1649842334795479000,168.5,5,167.5,2,169.0,19,1,2022-04-13 09:32:14
1649842335004443000,168.5,1,168.0,2,169.0,19,1,2022-04-13 09:32:15
1649842335095572000,168.0,2,167.5,3,168.0,6,2,2022-04-13 09:32:15
1649842335133087000,168.0,1,167.5,3,168.0,5,1,2022-04-13 09:32:15
1649842335260472000,168.0,1,167.5,4,168.0,4,1,2022-04-13 09:32:15
1649842335335399000,168.0,1,167.5,5,168.0,3,1,2022-04-13 09:32:15
1649842335426842000,168.0,1,167.5,6,168.0,2,1,2022-04-13 09:32:15
1649842335664733000,168.0,1,167.5,7,168.0,1,1,2022-04-13 09:32:15
