ts,close,volume,bid_price,bid_volume,ask_price,ask_volume,tick_type,datetime
1662368418449607000,20.5,377,20.45,1,20.5,4,1,2022-09-05 09:00:18
1662368418670119000,20.45,1,20.4,25,20.5,4,2,2022-09-05 09:00:18
1662368419625166000,20.4,1,20.4,24,20.5,4,2,2022-09-05 09:00:19
1662368421345553000,20.5,1,20.4,24,20.5,5,1,2022-09-05 09:00:21
1662368421700650000,20.5,2,20.4,24,20.5,3,1,2022-09-05 09:00:21
1662368422344022000,20.4,2,20.4,22,20.5,13,2,2022-09-05 09:00:22
1662368422934878000,20.5,1,20.4,22,20.5,12,1,2022-09-05 09:00:22
1662368426611659000,20.45,3,20.4,18,20.5,12,2,2022-09-05 09:00:26
1662368426611659000,20.4,4,20.4,18,20.5,12,2,2022-09-05 09:00:26
1662368427354240000,20.4,1,20.4,17,20.5,12,2,2022-09-05 09:00:27
1662368427645187000,20.4,1,20.4,16,20.5,12,2,2022-09-05 09:00:27
1662368427798072000,20.5,3,20.4,16,20.5,9,1,2022-09-05 09:00:27
1662368429132746000,20.5,1,20.45,1,20.5,8,1,2022-09-05 09:00:29
1662368431374453000,20.5,1,20.45,3,20.5,8,1,2022-09-05 09:00:31
1662368431393096000,20.45,3,20.45,3,20.5,9,2,2022-09-05 09:00:31
1662368433098863000,20.5,1,20.45,1,20.5,7,1,2022-09-05 09:00:33
1662368433197703000,20.45,1,20.4,14,20.5,7,2,2022-09-05 09:00:33
1662368433197703000,20.4,2,20.4,14,20.5,7,2,2022-09-05 09:00:33
1662368434381856000,20.45,1,20.45,2,20.5,7,2,2022-09-05 09:00:34
1662368434505671000,20.45,2,20.4,14,20.45,3,2,2022-09-05 09:00:34
1662368435122548000,20.4,6,20.4,8,20.45,14,2,2022-09-05 09:00:35
1662368435154364000,20.4,8,20.35,1,20.45,14,2,2022-09-05 09:00:35
1662368435640481000,20.35,1,20.3,1,20.4,1,2,2022-09-05 09:00:35
1662368435641750000,20.4,1,20.3,1,20.5,2,1,2022-09-05 09:00:35
1662368435641750000,20.45,14,20.3,1,20.5,2,1,2022-09-05 09:00:35
1662368435641750000,20.5,5,20.3,1,20.5,2,1,2022-09-05 09:00:35
1662368436634550000,20.35,1,20.3,1,20.4,3,2,2022-09-05 09:00:36
1662368437366649000,20.35,1,20.3,1,20.4,3,1,2022-09-05 09:00:37
1662368437430724000,20.3,1,20.15,5,20.4,3,2,2022-09-05 09:00:37
1662368437693662000,20.15,1,20.15,4,20.4,7,2,2022-09-05 09:00:37
1662368438070849000,20.4,1,20.15,4,20.4,6,1,2022-09-05 09:00:38
1662368439428944000,20.3,1,20.2,1,20.35,4,1,2022-09-05 09:00:39
1662368443150933000,20.25,1,20.25,3,20.3,1,2,2022-09-05 09:00:43
1662368443249210000,20.3,1,20.25,3,20.4,7,1,2022-09-05 09:00:43
1662368443249210000,20.35,3,20.25,3,20.4,7,1,2022-09-05 09:00:43
1662368443249210000,20.4,6,20.25,3,20.4,7,1,2022-09-05 09:00:43
1662368444220822000,20.25,2,20.25,1,20.4,8,2,2022-09-05 09:00:44
1662368444299095000,20.4,8,20.25,1,20.55,6,1,2022-09-05 09:00:44
1662368444299095000,20.45,1,20.25,1,20.55,6,1,2022-09-05 09:00:44
1662368444299095000,20.5,5,20.25,1,20.55,6,1,2022-09-05 09:00:44
1662368444299095000,20.55,1,20.25,1,20.55,6,1,2022-09-05 09:00:44
1662368445537688000,20.4,1,20.3,1,20.4,3,1,2022-09-05 09:00:45
1662368447608887000,20.4,1,20.3,1,20.4,1,1,2022-09-05 09:00:47
1662368448346314000,20.4,1,20.3,1,20.45,50,1,2022-09-05 09:00:48
1662368448992343000,20.4,1,20.3,1,20.45,50,1,2022-09-05 09:00:48
1662368449945323000,20.3,1,20.2,8,20.25,3,2,2022-09-05 09:00:49
1662368449945323000,20.25,1,20.2,8,20.25,3,2,2022-09-05 09:00:49
1662368449968055000,20.25,3,20.2,8,20.45,50,1,2022-09-05 09:00:49
1662368450886933000,20.25,1,20.2,8,20.25,4,1,2022-09-05 09:00:50
1662368451727017000,20.2,1,20.2,7,20.25,4,2,2022-09-05 09:00:51
1662368451861864000,20.25,4,20.2,7,20.3,2,1,2022-09-05 09:00:51
1662368452553335000,20.2,1,20.2,6,20.3,2,2,2022-09-05 09:00:52
1662368453367870000,20.3,1,20.2,7,20.3,1,1,2022-09-05 09:00:53
1662368453780466000,20.2,1,20.2,6,20.3,1,2,2022-09-05 09:00:53
1662368454388843000,20.25,1,20.0,15,20.3,1,2,2022-09-05 09:00:54
1662368454388843000,20.2,7,20.0,15,20.3,1,2,2022-09-05 09:00:54
1662368454388843000,20.15,6,20.0,15,20.3,1,2,2022-09-05 09:00:54
1662368454388843000,20.1,2,20.0,15,20.3,1,2,2022-09-05 09:00:54
1662368454388843000,20.05,6,20.0,15,20.3,1,2,2022-09-05 09:00:54
1662368454388843000,20.0,8,20.0,15,20.3,1,2,2022-09-05 09:00:54
1662368454548597000,20.0,3,20.0,15,20.3,1,2,2022-09-05 09:00:54
1662368454727399000,20.25,5,20.0,12,20.3,1,2,2022-09-05 09:00:54
1662368455491634000,20.2,1,20.0,13,20.45,49,1,2022-09-05 09:00:55
1662368455491634000,20.3,1,20.0,13,20.45,49,1,2022-09-05 09:00:55
1662368455491634000,20.35,4,20.0,13,20.45,49,1,2022-09-05 09:00:55
1662368455491634000,20.4,3,20.0,13,20.45,49,1,2022-09-05 09:00:55
1662368455491634000,20.45,1,20.0,13,20.45,49,1,2022-09-05 09:00:55
1662368455643127000,20.45,3,20.05,5,20.45,46,1,2022-09-05 09:00:55
1662368455914053000,20.45,2,20.05,5,20.45,44,1,2022-09-05 09:00:55
1662368456318943000,20.2,1,20.05,5,20.2,2,1,2022-09-05 09:00:56
1662368456346447000,20.2,2,20.05,5,20.45,44,1,2022-09-05 09:00:56
1662368456598868000,20.05,1,20.05,4,20.4,1,2,2022-09-05 09:00:56
1662368459793923000,20.25,2,20.1,2,20.4,2,2,2022-09-05 09:00:59
1662368460965288000,20.3,1,20.1,2,20.35,1,1,2022-09-05 09:01:00
1662368461732009000,20.1,6,20.1,1,20.3,1,2,2022-09-05 09:01:01
1662368464347990000,20.1,4,0.0,0,0.0,0,2,2022-09-05 09:01:04
1662368464347990000,20.05,5,0.0,0,0.0,0,2,2022-09-05 09:01:04
1662368464347990000,20.0,13,0.0,0,0.0,0,2,2022-09-05 09:01:04
1662368464347990000,19.9,1,0.0,0,0.0,0,2,2022-09-05 09:01:04
1662368464347990000,19.85,2,0.0,0,0.0,0,2,2022-09-05 09:01:04
1662368584778900000,19.9,103,19.85,18,19.9,6,1,2022-09-05 09:03:04
1662368586228701000,19.9,6,19.9,4,19.95,12,1,2022-09-05 09:03:06
1662368588037793000,19.9,3,19.9,1,19.95,12,2,2022-09-05 09:03:08
1662368588068406000,19.9,1,19.85,18,19.95,12,2,2022-09-05 09:03:08
1662368588113854000,19.85,3,19.85,15,19.95,12,2,2022-09-05 09:03:08
1662368588141900000,19.85,15,19.8,1,19.95,12,2,2022-09-05 09:03:08
1662368588172223000,19.8,1,19.7,3,19.95,12,2,2022-09-05 09:03:08
1662368590451520000,19.9,1,19.7,3,19.9,4,1,2022-09-05 09:03:10
1662368591085518000,19.9,4,19.9,6,19.95,12,1,2022-09-05 09:03:11
1662368591103166000,19.9,5,19.9,1,19.95,12,2,2022-09-05 09:03:11
1662368591104648000,19.9,1,19.7,3,19.95,12,2,2022-09-05 09:03:11
1662368591243406000,19.95,2,19.7,3,19.95,10,1,2022-09-05 09:03:11
1662368591915215000,19.9,1,19.7,3,19.95,10,2,2022-09-05 09:03:11
1662368596876430000,19.9,1,19.7,4,19.95,12,2,2022-09-05 09:03:16
1662368600106952000,19.75,1,19.7,4,19.9,11,2,2022-09-05 09:03:20
1662368600431509000,19.8,1,19.8,19,19.9,11,2,2022-09-05 09:03:20
1662368600853926000,19.9,5,19.8,22,19.9,11,1,2022-09-05 09:03:20
1662368601253317000,19.8,1,19.8,21,19.9,6,2,2022-09-05 09:03:21
1662368601491058000,19.9,2,19.8,21,19.9,4,1,2022-09-05 09:03:21
1662368601569488000,19.9,1,19.8,21,19.9,3,1,2022-09-05 09:03:21
1662368602717962000,19.9,2,19.8,21,19.9,5,1,2022-09-05 09:03:22
1662368605088567000,19.9,1,19.8,21,19.9,4,1,2022-09-05 09:03:25
1662368606458121000,19.8,1,19.8,20,19.9,4,2,2022-09-05 09:03:26
1662368607378693000,19.9,1,19.8,21,19.9,3,1,2022-09-05 09:03:27
1662368608266995000,19.9,1,19.8,21,19.9,12,1,2022-09-05 09:03:28
1662368608456014000,19.9,1,19.8,21,19.9,11,1,2022-09-05 09:03:28
1662368610310005000,19.9,1,19.85,1,19.9,10,1,2022-09-05 09:03:30
1662368610713386000,19.85,1,19.8,18,19.9,10,2,2022-09-05 09:03:30
1662368610713386000,19.8,3,19.8,18,19.9,10,2,2022-09-05 09:03:30
1662368611393151000,19.8,5,19.8,13,19.85,1,2,2022-09-05 09:03:31
1662368612257631000,19.85,1,19.8,13,19.9,10,1,2022-09-05 09:03:32
1662368612401827000,19.85,1,19.8,13,19.85,1,1,2022-09-05 09:03:32
1662368613082791000,19.85,1,19.8,13,19.9,10,1,2022-09-05 09:03:33
1662368615614948000,19.8,1,19.8,12,19.85,1,2,2022-09-05 09:03:35
1662368615669247000,19.8,8,19.8,4,19.85,1,2,2022-09-05 09:03:35
1662368615700643000,19.8,4,19.75,1,19.85,1,2,2022-09-05 09:03:35
1662368616062294000,19.75,1,19.7,4,19.85,1,2,2022-09-05 09:03:36
1662368616175149000,19.7,2,19.7,2,19.85,5,2,2022-09-05 09:03:36
1662368617610880000,19.7,1,19.7,1,19.85,5,2,2022-09-05 09:03:37
1662368617643117000,19.7,1,19.65,4,19.85,5,2,2022-09-05 09:03:37
1662368618678119000,19.65,2,19.65,2,19.85,31,2,2022-09-05 09:03:38
1662368619381141000,19.8,3,19.65,2,19.8,4,1,2022-09-05 09:03:39
1662368619405511000,19.65,1,19.65,1,19.8,1,2,2022-09-05 09:03:39
1662368621014274000,19.8,2,19.7,3,19.85,32,1,2022-09-05 09:03:41
1662368621363422000,19.7,1,19.7,4,19.85,32,2,2022-09-05 09:03:41
1662368623182680000,19.7,3,19.65,1,19.8,7,2,2022-09-05 09:03:43
1662368623961906000,19.65,1,19.6,2,19.8,7,2,2022-09-05 09:03:43
1662368624566296000,19.7,1,19.6,2,19.75,4,2,2022-09-05 09:03:44
1662368624973875000,19.6,2,19.4,3,19.8,7,2,2022-09-05 09:03:44
1662368624973875000,19.55,3,19.4,3,19.8,7,2,2022-09-05 09:03:44
1662368624973875000,19.5,34,19.4,3,19.8,7,2,2022-09-05 09:03:44
1662368624973875000,19.45,1,19.4,3,19.8,7,2,2022-09-05 09:03:44
1662368625443643000,19.5,1,19.4,3,19.5,2,1,2022-09-05 09:03:45
1662368626440794000,19.4,1,19.4,2,19.45,2,2,2022-09-05 09:03:46
1662368626655008000,19.4,1,19.4,1,19.45,2,2,2022-09-05 09:03:46
1662368626677040000,19.4,1,19.3,17,19.45,2,2,2022-09-05 09:03:46
1662368627035068000,19.45,6,19.8,9,19.85,32,1,2022-09-05 09:03:47
1662368627035068000,19.5,2,19.8,9,19.85,32,1,2022-09-05 09:03:47
1662368627035068000,19.65,6,19.8,9,19.85,32,1,2022-09-05 09:03:47
1662368627035068000,19.8,7,19.8,9,19.85,32,1,2022-09-05 09:03:47
1662368627058508000,19.8,3,19.8,6,19.85,32,2,2022-09-05 09:03:47
1662368627058734000,19.8,2,19.8,4,19.85,32,2,2022-09-05 09:03:47
1662368627559567000,19.8,1,19.8,3,19.85,32,2,2022-09-05 09:03:47
1662368627565872000,19.8,1,19.8,2,19.85,32,2,2022-09-05 09:03:47
1662368627618972000,19.8,1,19.8,1,19.85,32,2,2022-09-05 09:03:47
1662368627878940000,19.8,1,19.8,1,19.85,32,2,2022-09-05 09:03:47
1662368628002703000,19.7,1,19.45,15,19.85,32,2,2022-09-05 09:03:48
1662368628196119000,19.45,3,19.45,12,19.75,1,2,2022-09-05 09:03:48
1662368628207736000,19.45,1,19.45,11,19.75,1,2,2022-09-05 09:03:48
1662368628907163000,19.45,2,19.45,9,19.75,2,2,2022-09-05 09:03:48
1662368629308064000,19.45,1,19.45,9,19.75,2,2,2022-09-05 09:03:49
1662368629458028000,19.45,1,19.45,8,19.75,2,2,2022-09-05 09:03:49
1662368630430688000,19.5,1,19.45,8,19.7,1,2,2022-09-05 09:03:50
1662368631730970000,19.5,1,19.35,4,19.4,1,2,2022-09-05 09:03:51
1662368631730970000,19.45,8,19.35,4,19.4,1,2,2022-09-05 09:03:51
1662368631748276000,19.4,1,19.35,4,19.75,2,1,2022-09-05 09:03:51
1662368632172581000,19.4,1,19.35,4,19.75,2,2,2022-09-05 09:03:52
1662368632269481000,19.35,4,19.2,8,19.7,1,2,2022-09-05 09:03:52
1662368632269481000,19.3,2,19.2,8,19.7,1,2,2022-09-05 09:03:52
1662368632269481000,19.25,1,19.2,8,19.7,1,2,2022-09-05 09:03:52
1662368632331612000,19.5,1,19.5,1,19.7,1,2,2022-09-05 09:03:52
1662368632874292000,19.5,1,19.2,8,19.65,5,2,2022-09-05 09:03:52
1662368633531594000,19.5,1,19.2,9,19.65,5,2,2022-09-05 09:03:53
1662368635339443000,19.5,1,19.5,1,19.65,5,2,2022-09-05 09:03:55
1662368635382203000,19.5,1,19.4,1,19.6,1,2,2022-09-05 09:03:55
1662368641162880000,19.5,1,19.4,4,19.55,3,2,2022-09-05 09:04:01
1662368641162880000,19.4,4,19.4,4,19.55,3,2,2022-09-05 09:04:01
1662368641343085000,19.45,1,19.25,2,19.5,1,2,2022-09-05 09:04:01
1662368641343085000,19.4,4,19.25,2,19.5,1,2,2022-09-05 09:04:01
1662368641716489000,19.25,2,0.0,0,0.0,0,2,2022-09-05 09:04:01
1662368762157861000,19.5,59,19.5,43,19.55,3,1,2022-09-05 09:06:02
1662368762220015000,19.5,1,19.5,42,19.55,3,2,2022-09-05 09:06:02
1662368765773920000,19.55,3,19.5,44,19.6,5,1,2022-09-05 09:06:05
1662368765773920000,19.6,7,19.5,44,19.6,5,1,2022-09-05 09:06:05
1662368768244432000,19.55,1,19.5,44,19.6,6,1,2022-09-05 09:06:08
1662368773347212000,19.6,6,19.55,1,19.7,2,1,2022-09-05 09:06:13
1662368773347212000,19.65,5,19.55,1,19.7,2,1,2022-09-05 09:06:13
1662368773347212000,19.7,14,19.55,1,19.7,2,1,2022-09-05 09:06:13
1662368773377426000,19.7,2,19.55,1,19.75,12,1,2022-09-05 09:06:13
1662368773378165000,19.55,1,19.5,44,19.75,12,2,2022-09-05 09:06:13
1662368774204666000,19.55,1,19.55,1,19.75,12,2,2022-09-05 09:06:14
1662368774476887000,19.55,1,19.5,44,19.7,1,2,2022-09-05 09:06:14
1662368777689611000,19.65,2,19.6,1,19.7,1,1,2022-09-05 09:06:17
1662368778773184000,19.7,1,19.6,1,19.75,12,1,2022-09-05 09:06:18
1662368779232520000,19.75,1,19.6,1,19.75,11,1,2022-09-05 09:06:19
1662368779859354000,19.75,3,19.6,1,19.75,8,1,2022-09-05 09:06:19
1662368779889101000,19.75,4,19.6,1,19.75,4,1,2022-09-05 09:06:19
1662368779920144000,19.75,4,19.6,1,19.8,5,1,2022-09-05 09:06:19
1662368780249050000,19.7,2,19.6,3,19.8,5,1,2022-09-05 09:06:20
1662368782302303000,19.8,5,19.7,2,19.8,10,1,2022-09-05 09:06:22
1662368783238889000,19.75,1,19.7,2,19.75,1,1,2022-09-05 09:06:23
1662368783278873000,19.75,1,19.7,2,19.8,5,1,2022-09-05 09:06:23
1662368783631688000,19.8,1,19.7,2,19.8,4,1,2022-09-05 09:06:23
1662368784572412000,19.8,1,19.75,1,19.8,3,1,2022-09-05 09:06:24
1662368786507756000,19.75,3,19.65,1,19.8,3,2,2022-09-05 09:06:26
1662368786507756000,19.7,2,19.65,1,19.8,3,2,2022-09-05 09:06:26
1662368786718035000,19.8,1,19.65,1,19.8,2,1,2022-09-05 09:06:26
1662368788738560000,19.8,2,19.8,1,19.85,2,1,2022-09-05 09:06:28
1662368797380099000,19.85,2,19.85,3,19.9,4,1,2022-09-05 09:06:37
1662368798173031000,19.85,1,19.85,2,19.9,4,2,2022-09-05 09:06:38
1662368798201889000,19.85,2,19.8,7,19.9,4,2,2022-09-05 09:06:38
1662368799812408000,19.9,1,19.8,7,19.9,3,1,2022-09-05 09:06:39
1662368800269935000,19.8,5,19.8,2,19.9,3,2,2022-09-05 09:06:40
1662368800309951000,19.8,2,19.7,2,19.9,3,2,2022-09-05 09:06:40
1662368803342584000,19.8,11,19.8,9,19.85,12,1,2022-09-05 09:06:43
1662368803473498000,19.8,3,19.8,9,19.85,12,2,2022-09-05 09:06:43
1662368804412673000,19.8,5,19.8,2,19.85,12,2,2022-09-05 09:06:44
1662368804429834000,19.8,1,19.8,1,19.85,12,2,2022-09-05 09:06:44
1662368804450032000,19.8,1,19.7,2,19.85,12,2,2022-09-05 09:06:44
1662368805311735000,19.8,1,19.7,2,19.85,12,2,2022-09-05 09:06:45
1662368806152274000,19.7,1,19.7,1,19.85,12,2,2022-09-05 09:06:46
1662368807137107000,19.8,1,19.7,1,19.85,12,2,2022-09-05 09:06:47
1662368813787555000,19.7,3,19.7,2,19.8,1,2,2022-09-05 09:06:53
1662368816615307000,19.8,2,19.8,1,19.85,12,1,2022-09-05 09:06:56
1662368816644138000,19.8,1,19.7,2,19.85,12,2,2022-09-05 09:06:56
1662368820993188000,19.75,1,19.7,12,19.85,12,2,2022-09-05 09:07:00
1662368824450619000,19.7,1,19.7,11,19.85,13,2,2022-09-05 09:07:04
1662368824891538000,19.7,1,19.7,10,19.85,13,2,2022-09-05 09:07:04
1662368824908788000,19.7,4,19.7,6,19.85,13,2,2022-09-05 09:07:04
1662368825398603000,19.7,1,19.7,5,19.85,13,2,2022-09-05 09:07:05
1662368828098033000,19.7,5,19.6,1,19.7,5,2,2022-09-05 09:07:08
1662368828392064000,19.7,1,19.6,1,19.7,4,1,2022-09-05 09:07:08
1662368828424619000,19.7,4,19.6,1,19.7,5,1,2022-09-05 09:07:08
1662368830095179000,19.65,1,19.6,1,19.65,1,1,2022-09-05 09:07:10
1662368830132462000,19.65,1,19.6,1,19.75,1,1,2022-09-05 09:07:10
1662368830734601000,19.75,1,19.6,1,19.8,1,1,2022-09-05 09:07:10
1662368832384617000,19.8,2,19.8,8,19.85,13,1,2022-09-05 09:07:12
1662368832419056000,19.8,8,19.6,1,19.85,13,2,2022-09-05 09:07:12
1662368835387408000,19.75,1,19.55,13,19.85,14,2,2022-09-05 09:07:15
1662368835387408000,19.55,1,19.55,13,19.85,14,2,2022-09-05 09:07:15
1662368846225958000,19.55,1,19.55,24,19.8,50,2,2022-09-05 09:07:26
1662368851632834000,19.6,1,19.55,26,19.6,9,1,2022-09-05 09:07:31
1662368851659359000,19.6,8,19.55,26,19.6,1,1,2022-09-05 09:07:31
1662368851690079000,19.6,1,19.55,26,19.75,5,1,2022-09-05 09:07:31
1662368855979817000,19.55,1,19.55,25,19.75,5,2,2022-09-05 09:07:35
1662368857596854000,19.55,1,19.55,24,19.75,5,2,2022-09-05 09:07:37
1662368859470072000,19.6,1,19.55,25,19.75,6,2,2022-09-05 09:07:39
1662368865277812000,19.6,1,19.55,25,19.75,6,2,2022-09-05 09:07:45
1662368867720713000,19.7,1,19.55,25,19.75,1,1,2022-09-05 09:07:47
1662368867720713000,19.75,4,19.55,25,19.75,1,1,2022-09-05 09:07:47
1662368869757439000,19.6,1,19.55,25,19.75,1,2,2022-09-05 09:07:49
1662368873809166000,19.6,1,19.55,25,19.6,4,2,2022-09-05 09:07:53
1662368873836829000,19.6,4,19.55,25,19.7,1,1,2022-09-05 09:07:53
1662368875829122000,19.7,1,19.55,25,19.75,1,1,2022-09-05 09:07:55
1662368881440792000,19.6,1,19.55,18,19.75,1,2,2022-09-05 09:08:01
1662368881440792000,19.55,7,19.55,18,19.75,1,2,2022-09-05 09:08:01
1662368882192439000,19.55,2,19.55,16,19.6,25,2,2022-09-05 09:08:02
1662368882193041000,19.55,9,19.55,7,19.6,25,2,2022-09-05 09:08:02
1662368882242187000,19.55,1,19.55,6,19.6,25,2,2022-09-05 09:08:02
1662368882277604000,19.55,3,19.55,3,19.6,25,2,2022-09-05 09:08:02
1662368882312382000,19.55,3,19.5,57,19.6,25,2,2022-09-05 09:08:02
1662368882341388000,19.6,2,19.55,3,19.6,25,1,2022-09-05 09:08:02
1662368884527104000,19.6,1,19.55,2,19.6,22,1,2022-09-05 09:08:04
1662368884550765000,19.55,1,19.55,1,19.6,22,2,2022-09-05 09:08:04
1662368900682508000,19.55,1,19.55,9,19.6,23,2,2022-09-05 09:08:20
1662368901736504000,19.55,1,19.55,8,19.6,23,2,2022-09-05 09:08:21
1662368904193320000,19.55,5,19.55,3,19.6,23,2,2022-09-05 09:08:24
1662368904220844000,19.55,3,19.5,59,19.6,23,2,2022-09-05 09:08:24
1662368909307396000,19.6,3,19.5,59,19.6,20,1,2022-09-05 09:08:29
1662368912769928000,19.5,1,19.5,60,19.55,1,2,2022-09-05 09:08:32
1662368919235077000,19.55,1,19.5,60,19.6,26,1,2022-09-05 09:08:39
1662368927614979000,19.55,2,19.5,10,19.6,26,2,2022-09-05 09:08:47
1662368927614979000,19.5,48,19.5,10,19.6,26,2,2022-09-05 09:08:47
1662368927642573000,19.5,3,19.5,7,19.6,26,2,2022-09-05 09:08:47
1662368927642591000,19.5,7,19.4,5,19.6,26,2,2022-09-05 09:08:47
1662368929054775000,19.55,1,19.4,5,19.6,26,2,2022-09-05 09:08:49
1662368934892140000,19.55,1,19.4,5,19.6,26,1,2022-09-05 09:08:54
1662368938589558000,19.6,1,19.55,2,19.6,25,1,2022-09-05 09:08:58
1662368941887563000,19.55,1,19.55,1,19.6,25,2,2022-09-05 09:09:01
1662368943875219000,19.55,1,19.5,2,19.6,25,2,2022-09-05 09:09:03
1662368966458463000,19.6,1,19.55,1,19.6,19,1,2022-09-05 09:09:26
1662368973936916000,19.6,3,19.55,6,19.6,16,1,2022-09-05 09:09:33
1662368974490895000,19.6,1,19.55,6,19.6,15,1,2022-09-05 09:09:34
1662368977028183000,19.6,10,19.55,6,19.6,5,1,2022-09-05 09:09:37
1662368977048444000,19.6,1,19.55,6,19.6,4,1,2022-09-05 09:09:37
1662368977048644000,19.6,1,19.55,6,19.6,3,1,2022-09-05 09:09:37
1662368977048686000,19.6,3,19.55,6,19.75,3,1,2022-09-05 09:09:37
1662368981715569000,19.6,1,19.6,1,19.75,3,2,2022-09-05 09:09:41
1662368983227442000,19.75,1,19.6,4,19.75,2,1,2022-09-05 09:09:43
1662368987964909000,19.75,1,19.65,2,19.75,1,1,2022-09-05 09:09:47
1662368991319000000,19.75,1,19.75,9,19.8,1,1,2022-09-05 09:09:51
1662368993357607000,19.75,1,19.75,8,19.8,1,2,2022-09-05 09:09:53
1662368993362464000,19.8,1,19.75,8,19.85,12,1,2022-09-05 09:09:53
1662368993395430000,19.75,3,19.75,5,19.85,12,2,2022-09-05 09:09:53
1662368994909703000,19.85,1,19.75,5,19.85,11,1,2022-09-05 09:09:54
1662369005115260000,19.85,2,19.8,1,19.85,9,1,2022-09-05 09:10:05
1662369011269518000,19.8,1,19.75,12,19.85,9,2,2022-09-05 09:10:11
1662369012946653000,19.85,1,19.75,7,19.85,8,1,2022-09-05 09:10:12
1662369017654479000,19.8,1,19.75,7,19.85,9,2,2022-09-05 09:10:17
1662369018675633000,19.75,1,19.75,6,19.85,9,2,2022-09-05 09:10:18
1662369018697454000,19.75,1,19.75,5,19.85,9,2,2022-09-05 09:10:18
1662369019893087000,19.75,1,19.75,4,19.85,9,2,2022-09-05 09:10:19
1662369020135158000,19.85,9,19.85,1,19.9,6,1,2022-09-05 09:10:20
1662369020166358000,19.85,1,19.75,4,19.9,6,2,2022-09-05 09:10:20
1662369020835924000,19.75,4,19.7,1,19.9,6,2,2022-09-05 09:10:20
1662369020835924000,19.7,1,19.7,1,19.9,6,2,2022-09-05 09:10:20
1662369021212774000,19.7,1,19.6,3,19.9,6,2,2022-09-05 09:10:21
1662369023245694000,19.6,1,19.6,2,19.8,1,2,2022-09-05 09:10:23
1662369040404667000,19.8,1,19.7,4,19.85,2,1,2022-09-05 09:10:40
1662369043941764000,19.85,1,19.7,4,19.85,1,1,2022-09-05 09:10:43
1662369044804081000,19.7,1,19.7,3,19.85,1,2,2022-09-05 09:10:44
1662369047016264000,19.7,2,19.7,1,19.85,1,2,2022-09-05 09:10:47
1662369049248095000,19.7,1,19.7,1,19.85,1,2,2022-09-05 09:10:49
1662369051557479000,19.7,1,19.6,4,19.85,1,2,2022-09-05 09:10:51
1662369051557479000,19.65,1,19.6,4,19.85,1,2,2022-09-05 09:10:51
1662369051949608000,19.6,1,19.6,3,19.85,1,2,2022-09-05 09:10:51
1662369053054744000,19.8,1,19.6,3,19.85,1,1,2022-09-05 09:10:53
1662369064818249000,19.65,1,19.6,4,19.85,3,2,2022-09-05 09:11:04
1662369067378580000,19.75,1,19.6,4,19.8,2,2,2022-09-05 09:11:07
1662369074453440000,19.8,2,19.6,4,19.85,7,1,2022-09-05 09:11:14
1662369082132231000,19.8,1,19.7,1,19.85,6,1,2022-09-05 09:11:22
1662369089864658000,19.85,1,19.7,1,19.85,5,1,2022-09-05 09:11:29
1662369103458064000,19.85,1,19.75,1,19.9,6,1,2022-09-05 09:11:43
1662369103458064000,19.9,1,19.75,1,19.9,6,1,2022-09-05 09:11:43
1662369113838945000,19.9,1,19.8,1,19.9,15,1,2022-09-05 09:11:53
1662369114438014000,19.8,1,19.75,2,19.9,15,2,2022-09-05 09:11:54
1662369134950310000,19.8,1,19.75,1,19.9,15,2,2022-09-05 09:12:14
1662369149372095000,19.8,1,19.75,1,19.85,1,1,2022-09-05 09:12:29
1662369156088250000,19.8,1,19.8,6,19.85,1,2,2022-09-05 09:12:36
1662369158002853000,19.8,1,19.8,5,19.85,1,2,2022-09-05 09:12:38
1662369160592035000,19.85,1,19.8,5,19.9,15,1,2022-09-05 09:12:40
1662369178366015000,19.85,1,19.8,5,19.9,15,1,2022-09-05 09:12:58
1662369186052485000,19.9,1,19.85,1,19.9,14,1,2022-09-05 09:13:06
1662369186079724000,19.85,1,19.8,6,19.9,14,2,2022-09-05 09:13:06
1662369186356040000,19.85,1,19.85,4,19.9,14,1,2022-09-05 09:13:06
1662369187867333000,19.85,1,19.85,3,19.9,14,2,2022-09-05 09:13:07
1662369188201008000,19.9,5,19.85,3,19.9,9,1,2022-09-05 09:13:08
1662369194104777000,19.9,9,19.9,1,19.95,5,1,2022-09-05 09:13:14
1662369198241642000,19.95,4,19.9,1,19.95,1,1,2022-09-05 09:13:18
1662369198242043000,19.9,1,19.85,13,19.95,1,2,2022-09-05 09:13:18
1662369198262065000,19.95,1,19.85,13,20.0,28,1,2022-09-05 09:13:18
1662369198343033000,20.0,2,19.85,13,20.0,28,1,2022-09-05 09:13:18
1662369201650201000,20.0,1,19.85,13,20.0,25,1,2022-09-05 09:13:21
1662369214786453000,19.95,1,19.9,3,20.0,25,1,2022-09-05 09:13:34
1662369224101292000,19.95,5,19.9,1,19.95,1,1,2022-09-05 09:13:44
1662369227534498000,19.95,2,19.9,1,19.95,4,1,2022-09-05 09:13:47
1662369230059507000,19.9,1,19.85,6,19.9,2,2,2022-09-05 09:13:50
1662369240851733000,19.9,2,19.85,17,19.9,2,1,2022-09-05 09:14:00
1662369241891097000,19.9,1,19.85,17,19.9,1,1,2022-09-05 09:14:01
1662369246998486000,19.9,1,19.85,17,19.95,5,1,2022-09-05 09:14:06
1662369250665931000,19.85,1,19.85,5,19.9,10,2,2022-09-05 09:14:10
1662369250699895000,19.85,5,19.8,17,19.9,10,2,2022-09-05 09:14:10
1662369251507017000,19.85,1,19.8,17,19.85,5,1,2022-09-05 09:14:11
1662369256106255000,19.85,1,19.8,17,19.9,10,2,2022-09-05 09:14:16
1662369263735349000,19.85,1,19.8,17,19.85,3,1,2022-09-05 09:14:23
1662369263736876000,19.85,1,19.8,17,19.85,2,1,2022-09-05 09:14:23
1662369266789916000,19.85,1,19.8,6,19.85,1,1,2022-09-05 09:14:26
1662369268716122000,19.85,1,19.8,6,19.85,2,1,2022-09-05 09:14:28
1662369269440185000,19.85,1,19.8,6,19.85,1,1,2022-09-05 09:14:29
1662369272118522000,19.8,5,19.8,1,19.85,1,2,2022-09-05 09:14:32
1662369272198587000,19.8,1,19.7,2,19.85,1,2,2022-09-05 09:14:32
1662369275389697000,19.8,2,19.7,3,19.85,1,1,2022-09-05 09:14:35
1662369279014867000,19.7,1,19.7,2,19.85,1,2,2022-09-05 09:14:39
1662369282314825000,19.7,1,19.7,1,19.85,1,2,2022-09-05 09:14:42
1662369285681874000,19.7,1,19.65,11,19.85,1,2,2022-09-05 09:14:45
1662369287742017000,19.7,1,19.65,11,19.85,2,1,2022-09-05 09:14:47
1662369313343305000,19.75,1,19.75,9,19.85,33,2,2022-09-05 09:15:13
1662369313528994000,19.75,5,19.75,4,19.85,33,2,2022-09-05 09:15:13
1662369315786967000,19.75,2,19.75,2,19.8,1,2,2022-09-05 09:15:15
1662369315809153000,19.75,1,19.75,1,19.8,1,2,2022-09-05 09:15:15
1662369321343549000,19.75,1,19.7,12,19.8,1,2,2022-09-05 09:15:21
1662369337013160000,19.75,1,19.7,12,19.8,7,2,2022-09-05 09:15:37
1662369341424615000,19.75,1,19.7,12,19.8,7,2,2022-09-05 09:15:41
1662369342444986000,19.7,5,19.7,10,19.8,7,2,2022-09-05 09:15:42
1662369344966549000,19.7,2,19.7,8,19.75,1,2,2022-09-05 09:15:44
1662369349851182000,19.7,1,19.7,7,19.75,1,2,2022-09-05 09:15:49
1662369352860758000,19.7,1,19.7,6,19.75,1,2,2022-09-05 09:15:52
1662369353139058000,19.7,4,19.7,2,19.75,1,2,2022-09-05 09:15:53
1662369380577156000,19.7,1,19.7,2,19.75,2,2,2022-09-05 09:16:20
1662369384171234000,19.75,2,19.7,2,19.8,5,1,2022-09-05 09:16:24
1662369394723676000,19.75,1,19.7,2,19.8,5,2,2022-09-05 09:16:34
1662369422660407000,19.75,1,19.7,3,19.75,1,1,2022-09-05 09:17:02
1662369422697677000,19.75,1,19.7,3,19.8,5,1,2022-09-05 09:17:02
1662369463301953000,19.75,1,19.75,4,19.8,6,2,2022-09-05 09:17:43
1662369469105344000,19.75,1,19.75,3,19.8,7,2,2022-09-05 09:17:49
1662369469131174000,19.75,1,19.75,2,19.8,7,2,2022-09-05 09:17:49
1662369469160164000,19.75,1,19.75,1,19.8,7,2,2022-09-05 09:17:49
1662369469161576000,19.75,1,19.7,5,19.8,7,2,2022-09-05 09:17:49
1662369542162724000,19.75,2,19.7,7,19.75,1,1,2022-09-05 09:19:02
1662369549666109000,19.7,1,19.7,6,19.75,3,2,2022-09-05 09:19:09
1662369551264089000,19.7,1,19.7,5,19.75,3,2,2022-09-05 09:19:11
1662369551264169000,19.7,5,19.65,6,19.75,3,2,2022-09-05 09:19:11
1662369553021717000,19.65,1,19.65,5,19.75,3,2,2022-09-05 09:19:13
1662369553242976000,19.65,1,19.65,4,19.75,3,2,2022-09-05 09:19:13
1662369554425392000,19.75,1,19.65,4,19.75,2,1,2022-09-05 09:19:14
1662369554892575000,19.65,1,19.65,3,19.75,2,2,2022-09-05 09:19:14
1662369556092353000,19.65,1,19.65,2,19.75,2,2,2022-09-05 09:19:16
1662369557565321000,19.65,1,19.65,1,19.75,2,2,2022-09-05 09:19:17
1662369559541863000,19.65,1,19.6,16,19.75,2,2,2022-09-05 09:19:19
1662369560012549000,19.7,1,19.6,16,19.75,2,2,2022-09-05 09:19:20
1662369568135387000,19.75,2,19.6,16,19.8,9,1,2022-09-05 09:19:28
1662369580994870000,19.7,1,19.65,2,19.7,9,2,2022-09-05 09:19:40
1662369583444995000,19.7,2,19.65,2,19.7,7,1,2022-09-05 09:19:43
1662369588842581000,19.65,2,19.6,15,19.65,1,2,2022-09-05 09:19:48
1662369591040407000,19.7,2,19.6,15,19.7,7,1,2022-09-05 09:19:51
1662369592297503000,19.65,1,19.6,15,19.65,1,2,2022-09-05 09:19:52
1662369598460310000,19.6,4,19.6,11,19.65,2,2,2022-09-05 09:19:58
1662369598679797000,19.6,3,19.6,8,19.65,2,2,2022-09-05 09:19:58
1662369598712504000,19.6,1,19.6,7,19.65,2,2,2022-09-05 09:19:58
1662369598712539000,19.6,7,19.55,3,19.65,2,2,2022-09-05 09:19:58
1662369601491286000,19.55,2,19.55,1,19.6,1,2,2022-09-05 09:20:01
1662369603141613000,19.55,1,19.5,15,19.6,1,2,2022-09-05 09:20:03
1662369604949910000,19.5,2,19.5,13,19.55,1,2,2022-09-05 09:20:04
1662369607264395000,19.5,2,19.5,13,19.65,2,2,2022-09-05 09:20:07
1662369608254930000,19.5,1,19.5,10,19.65,2,2,2022-09-05 09:20:08
1662369609866653000,19.5,2,19.5,8,19.65,3,2,2022-09-05 09:20:09
1662369609963080000,19.5,1,19.5,7,19.65,3,2,2022-09-05 09:20:09
1662369611113666000,19.5,1,19.5,6,19.65,3,2,2022-09-05 09:20:11
1662369612103748000,19.5,1,19.5,6,19.65,3,2,2022-09-05 09:20:12
1662369612532792000,19.65,3,19.5,6,19.7,5,1,2022-09-05 09:20:12
1662369613238335000,19.5,1,19.5,5,19.7,5,2,2022-09-05 09:20:13
1662369613248696000,19.5,1,19.5,4,19.7,5,2,2022-09-05 09:20:13
1662369618207936000,19.5,1,19.5,7,19.65,2,2,2022-09-05 09:20:18
1662369619075075000,19.5,1,19.5,6,19.65,6,2,2022-09-05 09:20:19
1662369621966130000,19.55,1,19.5,4,19.65,2,2,2022-09-05 09:20:21
1662369621966130000,19.5,3,19.5,4,19.65,2,2,2022-09-05 09:20:21
1662369624052661000,19.5,1,19.5,3,19.65,2,2,2022-09-05 09:20:24
1662369635169302000,19.5,3,19.45,3,19.5,2,2,2022-09-05 09:20:35
1662369635205579000,19.5,2,19.45,3,19.6,1,1,2022-09-05 09:20:35
1662369641819686000,19.5,2,19.45,3,19.6,1,2,2022-09-05 09:20:41
1662369648909961000,19.5,1,19.45,3,19.5,4,2,2022-09-05 09:20:48
1662369648948017000,19.5,4,19.45,3,19.6,1,1,2022-09-05 09:20:48
1662369690071329000,19.55,1,19.5,1,19.6,3,2,2022-09-05 09:21:30
1662369690071329000,19.5,1,19.5,1,19.6,3,2,2022-09-05 09:21:30
1662369709360060000,19.55,1,19.55,1,19.6,2,1,2022-09-05 09:21:49
1662369715016934000,19.6,1,19.55,1,19.6,1,1,2022-09-05 09:21:55
1662369715374945000,19.6,1,19.55,1,19.7,5,1,2022-09-05 09:21:55
1662369764206756000,19.65,1,19.6,2,19.7,5,2,2022-09-05 09:22:44
1662369764206756000,19.6,1,19.6,2,19.7,5,2,2022-09-05 09:22:44
1662369767008455000,19.6,2,19.55,6,19.7,5,2,2022-09-05 09:22:47
1662369803216706000,19.6,3,19.6,4,19.75,3,2,2022-09-05 09:23:23
1662369803241866000,19.6,4,19.55,1,19.75,3,2,2022-09-05 09:23:23
1662369838037473000,19.65,2,19.6,4,19.65,1,1,2022-09-05 09:23:58
1662369840992605000,19.65,1,19.65,4,19.7,2,1,2022-09-05 09:24:00
1662369847387758000,19.7,1,19.65,4,19.7,1,1,2022-09-05 09:24:07
1662369847413278000,19.7,1,19.65,4,19.75,3,1,2022-09-05 09:24:07
1662369866573509000,19.75,3,19.65,4,19.75,1,1,2022-09-05 09:24:26
1662369871012629000,19.65,4,19.6,1,19.65,11,2,2022-09-05 09:24:31
1662369875894739000,19.65,1,19.6,1,19.65,10,1,2022-09-05 09:24:35
1662369879916771000,19.65,1,19.6,1,19.65,9,1,2022-09-05 09:24:39
1662369879947945000,19.6,1,19.55,3,19.65,9,2,2022-09-05 09:24:39
1662369935671100000,19.6,2,19.55,6,19.6,13,2,2022-09-05 09:25:35
1662369966128245000,19.55,2,19.55,5,19.6,13,2,2022-09-05 09:26:06
1662369969522871000,19.6,2,19.55,5,19.6,13,1,2022-09-05 09:26:09
1662369980209870000,19.6,1,19.55,1,19.6,13,1,2022-09-05 09:26:20
1662369991347289000,19.55,3,19.5,3,19.55,1,2,2022-09-05 09:26:31
1662369996107604000,19.55,1,19.55,1,19.6,14,1,2022-09-05 09:26:36
1662370027048953000,19.55,1,19.55,1,19.6,14,2,2022-09-05 09:27:07
1662370034139135000,19.55,1,19.5,4,19.6,14,2,2022-09-05 09:27:14
1662370089690957000,19.55,1,19.55,1,19.6,14,2,2022-09-05 09:28:09
1662370089809805000,19.6,3,19.55,1,19.6,11,1,2022-09-05 09:28:09
1662370093015939000,19.6,1,19.55,1,19.6,10,1,2022-09-05 09:28:13
1662370107990477000,19.55,1,19.5,4,19.6,10,2,2022-09-05 09:28:27
1662370115499245000,19.55,1,19.55,1,19.6,10,1,2022-09-05 09:28:35
1662370144967376000,19.55,1,19.55,1,19.6,10,2,2022-09-05 09:29:04
1662370200965774000,19.55,1,19.55,2,19.6,10,2,2022-09-05 09:30:00
1662370212953363000,19.55,2,19.5,4,19.55,3,2,2022-09-05 09:30:12
1662370256999191000,19.5,1,19.5,5,19.55,10,2,2022-09-05 09:30:56
1662370262172922000,19.5,1,19.5,4,19.55,10,2,2022-09-05 09:31:02
1662370271517281000,19.5,2,19.5,4,19.55,10,2,2022-09-05 09:31:11
1662370271579589000,19.5,4,19.45,1,19.5,1,2,2022-09-05 09:31:11
1662370272486299000,19.5,2,19.5,3,19.55,5,1,2022-09-05 09:31:12
1662370276840875000,19.5,1,19.5,2,19.55,5,2,2022-09-05 09:31:16
1662370278878215000,19.5,2,19.45,1,19.5,1,2,2022-09-05 09:31:18
1662370295497608000,19.5,1,19.5,1,19.55,7,1,2022-09-05 09:31:35
1662370305301393000,19.5,1,19.45,2,19.5,1,2,2022-09-05 09:31:45
1662370322342868000,19.5,1,19.45,2,19.55,7,1,2022-09-05 09:32:02
1662370332967500000,19.5,1,19.5,1,19.55,7,1,2022-09-05 09:32:12
1662370343710122000,19.55,7,19.5,7,19.6,10,1,2022-09-05 09:32:23
1662370358228309000,19.5,1,19.5,6,19.55,4,2,2022-09-05 09:32:38
1662370371696118000,19.55,2,19.5,6,19.55,2,1,2022-09-05 09:32:51
1662370375873237000,19.55,1,19.5,6,19.55,1,1,2022-09-05 09:32:55
1662370376450685000,19.55,1,19.55,1,19.6,10,1,2022-09-05 09:32:56
1662370382542513000,19.6,1,19.55,1,19.6,9,1,2022-09-05 09:33:02
1662370392176814000,19.6,1,19.55,1,19.6,8,1,2022-09-05 09:33:12
1662370398325377000,19.6,1,19.55,2,19.6,7,1,2022-09-05 09:33:18
1662370436108436000,19.6,1,19.55,3,19.6,6,1,2022-09-05 09:33:56
1662370438982534000,19.6,1,19.55,3,19.6,5,1,2022-09-05 09:33:58
1662370440850233000,19.6,1,19.55,3,19.6,4,1,2022-09-05 09:34:00
1662370440869205000,19.6,4,19.55,3,19.65,10,1,2022-09-05 09:34:00
1662370448970248000,19.6,2,19.55,3,19.6,8,2,2022-09-05 09:34:08
1662370510069453000,19.6,1,19.55,7,19.6,7,1,2022-09-05 09:35:10
1662370531454932000,19.6,3,19.55,7,19.6,4,1,2022-09-05 09:35:31
1662370533847539000,19.6,1,19.55,7,19.6,3,1,2022-09-05 09:35:33
1662370533874533000,19.6,2,19.55,7,19.6,1,1,2022-09-05 09:35:33
1662370533905344000,19.6,1,19.55,7,19.65,10,1,2022-09-05 09:35:33
1662370540224605000,19.55,1,19.55,6,19.65,10,2,2022-09-05 09:35:40
1662370552177456000,19.6,3,19.6,7,19.65,10,2,2022-09-05 09:35:52
1662370557997488000,19.6,1,19.6,6,19.65,10,2,2022-09-05 09:35:57
1662370579125449000,19.6,1,19.6,9,19.65,10,2,2022-09-05 09:36:19
1662370586620675000,19.65,5,19.6,9,19.65,5,1,2022-09-05 09:36:26
1662370586636238000,19.65,1,19.6,9,19.65,4,1,2022-09-05 09:36:26
1662370586636295000,19.65,4,19.6,9,19.7,1,1,2022-09-05 09:36:26
1662370590356010000,19.6,1,19.6,8,19.7,1,2,2022-09-05 09:36:30
1662370606691857000,19.7,1,19.6,8,19.75,1,1,2022-09-05 09:36:46
1662370606691857000,19.75,1,19.6,8,19.75,1,1,2022-09-05 09:36:46
1662370621273560000,19.7,10,19.65,10,19.75,1,1,2022-09-05 09:37:01
1662370665716975000,19.7,2,19.65,10,19.75,2,2,2022-09-05 09:37:45
1662370666673738000,19.65,10,19.6,9,19.65,5,2,2022-09-05 09:37:46
1662370667440299000,19.65,3,19.6,9,19.65,2,1,2022-09-05 09:37:47
1662370668081210000,19.6,1,19.6,8,19.65,2,2,2022-09-05 09:37:48
1662370675892972000,19.6,1,19.6,7,19.65,2,2,2022-09-05 09:37:55
1662370676071419000,19.6,1,19.6,6,19.65,2,2,2022-09-05 09:37:56
1662370676220536000,19.6,1,19.6,5,19.65,2,2,2022-09-05 09:37:56
1662370677268799000,19.6,1,19.6,4,19.65,2,2,2022-09-05 09:37:57
1662370677459336000,19.65,2,19.6,4,19.75,1,1,2022-09-05 09:37:57
1662370677459336000,19.75,1,19.6,4,19.75,1,1,2022-09-05 09:37:57
1662370679832086000,19.6,4,19.55,16,19.6,6,2,2022-09-05 09:37:59
1662370706512153000,19.75,3,19.6,12,19.75,1,1,2022-09-05 09:38:26
1662370714297225000,19.75,1,19.6,12,19.8,8,1,2022-09-05 09:38:34
1662370723116156000,19.75,1,19.75,4,19.8,8,1,2022-09-05 09:38:43
1662370723149858000,19.75,4,19.6,12,19.8,8,2,2022-09-05 09:38:43
1662370732065790000,19.75,2,19.6,12,19.75,10,2,2022-09-05 09:38:52
1662370734283261000,19.6,1,19.6,11,19.75,10,2,2022-09-05 09:38:54
1662370736594323000,19.6,1,19.6,10,19.75,10,2,2022-09-05 09:38:56
1662370746258347000,19.6,10,19.55,16,19.75,10,2,2022-09-05 09:39:06
1662370753336215000,19.55,6,19.55,10,19.75,10,2,2022-09-05 09:39:13
1662370760782140000,19.6,1,19.55,6,19.75,10,2,2022-09-05 09:39:20
1662370760782140000,19.55,4,19.55,6,19.75,10,2,2022-09-05 09:39:20
1662370765545085000,19.55,2,19.55,4,19.7,2,2,2022-09-05 09:39:25
1662370781723728000,19.6,1,19.55,5,19.7,3,2,2022-09-05 09:39:41
1662370803292910000,19.6,1,19.55,5,19.7,3,2,2022-09-05 09:40:03
1662370846469268000,19.55,4,19.55,1,19.65,1,2,2022-09-05 09:40:46
1662370897295667000,19.55,1,19.5,9,19.6,18,2,2022-09-05 09:41:37
1662370903092565000,19.55,2,19.5,9,19.6,18,2,2022-09-05 09:41:43
1662370928546394000,19.5,5,19.5,4,19.6,18,2,2022-09-05 09:42:08
1662370928564592000,19.5,1,19.5,3,19.6,18,2,2022-09-05 09:42:08
1662370932231515000,19.5,3,19.45,2,19.5,2,2,2022-09-05 09:42:12
1662370939528544000,19.45,1,19.45,1,19.5,2,2,2022-09-05 09:42:19
1662370939575928000,19.45,1,19.4,9,19.45,14,2,2022-09-05 09:42:19
1662370942069260000,19.4,1,19.4,8,19.45,14,2,2022-09-05 09:42:22
1662370945364441000,19.4,1,19.4,5,19.45,14,2,2022-09-05 09:42:25
1662370950216751000,19.4,2,19.4,4,19.45,14,2,2022-09-05 09:42:30
1662370952135669000,19.4,1,19.4,3,19.45,14,2,2022-09-05 09:42:32
1662370960344786000,19.4,2,19.4,2,19.45,14,2,2022-09-05 09:42:40
1662370970796178000,19.4,1,19.4,1,19.45,14,2,2022-09-05 09:42:50
1662370982225749000,19.4,1,19.35,7,19.45,14,2,2022-09-05 09:43:02
1662371052095931000,19.4,1,19.35,7,19.4,3,1,2022-09-05 09:44:12
1662371098290532000,19.4,1,19.35,6,19.4,2,1,2022-09-05 09:44:58
1662371107294403000,19.4,1,19.35,6,19.4,1,1,2022-09-05 09:45:07
1662371107977053000,19.4,1,19.4,1,19.45,14,1,2022-09-05 09:45:07
1662371109288764000,19.45,1,19.4,1,19.45,13,1,2022-09-05 09:45:09
1662371137288367000,19.4,2,19.35,3,19.45,13,2,2022-09-05 09:45:37
1662371137288367000,19.35,3,19.35,3,19.45,13,2,2022-09-05 09:45:37
1662371137778064000,19.35,3,19.3,15,19.45,13,2,2022-09-05 09:45:37
1662371137778064000,19.3,2,19.3,15,19.45,13,2,2022-09-05 09:45:37
1662371140919270000,19.3,5,19.3,10,19.45,13,2,2022-09-05 09:45:40
1662371141119294000,19.3,5,19.3,5,19.45,13,2,2022-09-05 09:45:41
1662371141727624000,19.3,5,19.25,20,19.45,13,2,2022-09-05 09:45:41
1662371141914042000,19.25,5,19.25,15,19.4,1,2,2022-09-05 09:45:41
1662371153002552000,19.3,1,19.15,18,19.4,2,2,2022-09-05 09:45:53
1662371153002552000,19.25,14,19.15,18,19.4,2,2,2022-09-05 09:45:53
1662371153002552000,19.2,43,19.15,18,19.4,2,2,2022-09-05 09:45:53
1662371153002552000,19.15,6,19.15,18,19.4,2,2,2022-09-05 09:45:53
1662371156199381000,19.3,1,19.1,10,19.4,2,2,2022-09-05 09:45:56
1662371156199381000,19.15,13,19.1,10,19.4,2,2,2022-09-05 09:45:56
1662371160665837000,19.2,1,19.15,1,19.4,2,1,2022-09-05 09:46:00
1662371168667304000,19.2,1,19.15,3,19.4,2,2,2022-09-05 09:46:08
1662371173951113000,19.2,1,19.15,5,19.25,1,1,2022-09-05 09:46:13
1662371173982592000,19.25,1,19.15,5,19.25,1,1,2022-09-05 09:46:13
1662371211874267000,19.25,1,19.25,6,19.35,3,2,2022-09-05 09:46:51
1662371238042671000,19.3,1,19.25,7,19.35,3,1,2022-09-05 09:47:18
1662371255386572000,19.35,2,19.3,4,19.35,1,1,2022-09-05 09:47:35
1662371278645478000,19.35,1,19.3,4,19.35,1,1,2022-09-05 09:47:58
1662371291492652000,19.35,1,19.3,9,19.4,5,1,2022-09-05 09:48:11
1662371336489341000,19.35,1,19.35,4,19.4,4,2,2022-09-05 09:48:56
1662371336511772000,19.35,4,19.3,3,19.4,4,2,2022-09-05 09:48:56
1662371381488397000,19.3,3,19.25,2,19.35,6,2,2022-09-05 09:49:41
1662371394158844000,19.25,2,19.2,3,19.35,6,2,2022-09-05 09:49:54
1662371394158844000,19.2,3,19.2,3,19.35,6,2,2022-09-05 09:49:54
1662371414534922000,19.2,1,19.2,2,19.35,7,2,2022-09-05 09:50:14
1662371421852705000,19.3,1,19.2,3,19.3,1,1,2022-09-05 09:50:21
1662371421889740000,19.3,1,19.2,3,19.35,7,1,2022-09-05 09:50:21
1662371447957450000,19.2,1,19.2,4,19.25,8,2,2022-09-05 09:50:47
1662371455494367000,19.25,1,19.2,24,19.25,7,1,2022-09-05 09:50:55
1662371455522306000,19.25,7,19.2,24,19.35,6,1,2022-09-05 09:50:55
1662371536961672000,19.25,3,19.25,3,19.3,2,2,2022-09-05 09:52:16
1662371552533670000,19.3,1,19.25,3,19.3,1,1,2022-09-05 09:52:32
1662371555401357000,19.25,3,19.2,24,19.25,1,2,2022-09-05 09:52:35
1662371555432149000,19.25,1,19.2,24,19.3,1,1,2022-09-05 09:52:35
1662371608237474000,19.3,1,19.25,1,19.35,6,1,2022-09-05 09:53:28
1662371690342021000,19.25,2,19.2,33,19.25,1,2,2022-09-05 09:54:50
1662371690367305000,19.25,1,19.2,33,19.35,6,1,2022-09-05 09:54:50
1662371714303908000,19.25,1,19.25,2,19.35,6,2,2022-09-05 09:55:14
1662371742766065000,19.25,2,19.2,33,19.3,1,2,2022-09-05 09:55:42
1662371806525364000,19.25,1,19.25,4,19.3,12,2,2022-09-05 09:56:46
1662371808459020000,19.3,12,19.25,4,19.35,6,1,2022-09-05 09:56:48
1662372035060779000,19.35,1,19.3,8,19.35,5,1,2022-09-05 10:00:35
1662372041124286000,19.35,1,19.3,9,19.35,4,1,2022-09-05 10:00:41
1662372054074515000,19.35,3,19.3,9,19.35,1,1,2022-09-05 10:00:54
1662372054108983000,19.35,1,19.3,9,19.4,1,1,2022-09-05 10:00:54
1662372068832547000,19.35,1,19.3,10,19.4,2,2,2022-09-05 10:01:08
1662372085807648000,19.3,10,19.25,11,19.4,2,2,2022-09-05 10:01:25
1662372085807648000,19.25,4,19.25,11,19.4,2,2,2022-09-05 10:01:25
1662372117234130000,19.3,1,19.25,11,19.4,10,2,2022-09-05 10:01:57
1662372130405827000,19.3,1,19.25,11,19.4,9,1,2022-09-05 10:02:10
1662372175675425000,19.3,1,19.25,8,19.4,5,2,2022-09-05 10:02:55
1662372175675425000,19.25,4,19.25,8,19.4,5,2,2022-09-05 10:02:55
1662372201161266000,19.3,1,19.25,18,19.4,4,1,2022-09-05 10:03:21
1662372413283200000,19.35,1,19.3,12,19.4,10,2,2022-09-05 10:06:53
1662372459317225000,19.35,1,19.3,12,19.4,10,2,2022-09-05 10:07:39
1662372482140385000,19.3,1,19.3,11,19.4,10,2,2022-09-05 10:08:02
1662372513350234000,19.4,10,19.3,11,19.45,14,1,2022-09-05 10:08:33
1662372557564396000,19.45,2,19.4,3,19.45,12,1,2022-09-05 10:09:17
1662372569108538000,19.45,1,19.4,3,19.45,11,1,2022-09-05 10:09:29
1662372626776540000,19.4,3,19.35,1,19.45,14,2,2022-09-05 10:10:26
1662372645575541000,19.45,1,19.35,3,19.45,13,1,2022-09-05 10:10:45
1662372650317812000,19.4,1,19.4,1,19.45,13,2,2022-09-05 10:10:50
1662372652011583000,19.4,1,19.35,8,19.45,13,2,2022-09-05 10:10:52
1662372754392704000,19.4,2,19.4,8,19.45,14,1,2022-09-05 10:12:34
1662372770785806000,19.4,1,19.4,7,19.45,14,2,2022-09-05 10:12:50
1662372826079240000,19.4,2,19.4,5,19.45,13,2,2022-09-05 10:13:46
1662372854949499000,19.4,5,19.35,8,19.45,13,2,2022-09-05 10:14:14
1662372934402269000,19.35,1,19.35,7,19.45,13,2,2022-09-05 10:15:34
1662373011529787000,19.4,1,19.35,7,19.45,14,2,2022-09-05 10:16:51
1662373185350021000,19.35,1,19.35,8,19.4,1,2,2022-09-05 10:19:45
1662373191527540000,19.4,1,19.4,11,19.45,15,1,2022-09-05 10:19:51
1662373299642431000,19.45,15,19.45,6,19.5,6,1,2022-09-05 10:21:39
1662373330454180000,19.5,1,19.45,6,19.5,6,1,2022-09-05 10:22:10
1662373352224495000,19.45,1,19.45,6,19.5,11,2,2022-09-05 10:22:32
1662373389242536000,19.45,1,19.45,5,19.5,11,2,2022-09-05 10:23:09
1662373396291998000,19.45,5,19.4,18,19.5,11,2,2022-09-05 10:23:16
1662373418265221000,19.45,3,19.45,17,19.5,10,1,2022-09-05 10:23:38
1662373549045511000,19.5,1,19.45,18,19.5,9,1,2022-09-05 10:25:49
1662373559052410000,19.5,1,19.45,18,19.5,8,1,2022-09-05 10:25:59
1662373604073092000,19.5,6,19.45,18,19.5,2,1,2022-09-05 10:26:44
1662373642938078000,19.5,2,19.45,18,19.55,8,1,2022-09-05 10:27:22
1662373822962315000,19.5,10,19.45,18,19.55,8,1,2022-09-05 10:30:22
1662374001871475000,19.45,3,19.45,15,19.5,2,2,2022-09-05 10:33:21
1662374054484855000,19.45,5,19.45,10,19.5,6,2,2022-09-05 10:34:14
1662374054513261000,19.45,10,19.4,16,19.5,6,2,2022-09-05 10:34:14
1662374111914308000,19.4,16,19.35,9,19.4,44,2,2022-09-05 10:35:11
1662374111956114000,19.35,2,19.35,7,19.4,44,2,2022-09-05 10:35:11
1662374111986592000,19.35,7,19.3,25,19.4,44,2,2022-09-05 10:35:11
1662374174266247000,19.3,1,19.3,24,19.35,3,2,2022-09-05 10:36:14
1662374258652807000,19.3,45,19.25,21,19.3,11,2,2022-09-05 10:37:38
1662374269662008000,19.25,1,19.25,20,19.3,11,2,2022-09-05 10:37:49
1662374310723327000,19.3,10,19.25,20,19.3,1,1,2022-09-05 10:38:30
1662374310756330000,19.3,1,19.25,20,19.5,1,1,2022-09-05 10:38:30
1662374322479401000,19.3,1,19.25,11,19.45,3,2,2022-09-05 10:38:42
1662374322479401000,19.25,9,19.25,11,19.45,3,2,2022-09-05 10:38:42
1662374346015473000,19.3,2,19.25,11,19.3,42,2,2022-09-05 10:39:06
1662374374040562000,19.25,5,19.25,6,19.3,42,2,2022-09-05 10:39:34
1662374374069934000,19.25,1,19.25,5,19.3,42,2,2022-09-05 10:39:34
1662374377604290000,19.25,1,19.25,4,19.3,43,2,2022-09-05 10:39:37
1662374382388646000,19.25,1,19.25,3,19.3,43,2,2022-09-05 10:39:42
1662374383192408000,19.25,2,19.25,1,19.3,43,2,2022-09-05 10:39:43
1662374383222259000,19.25,1,19.2,6,19.3,43,2,2022-09-05 10:39:43
1662374498475333000,19.3,5,19.25,6,19.3,38,1,2022-09-05 10:41:38
1662374550266739000,19.3,1,19.25,6,19.3,36,1,2022-09-05 10:42:30
1662374566926930000,19.3,3,19.25,6,19.3,38,1,2022-09-05 10:42:46
1662374595027077000,19.25,1,19.25,5,19.3,38,2,2022-09-05 10:43:15
1662374669412089000,19.25,1,19.25,4,19.3,38,2,2022-09-05 10:44:29
1662374691155929000,19.25,2,19.25,2,19.3,38,2,2022-09-05 10:44:51
1662374701217496000,19.25,2,19.2,7,19.3,38,2,2022-09-05 10:45:01
1662374932490487000,19.2,13,19.15,51,19.2,20,2,2022-09-05 10:48:52
1662374940471799000,19.2,1,19.15,51,19.2,19,1,2022-09-05 10:49:00
1662374940503110000,19.2,11,19.15,51,19.2,8,1,2022-09-05 10:49:00
1662374940533807000,19.2,3,19.15,51,19.2,5,1,2022-09-05 10:49:00
1662374940534141000,19.2,5,19.15,51,19.3,5,1,2022-09-05 10:49:00
1662374943265572000,19.15,10,19.15,41,19.3,5,2,2022-09-05 10:49:03
1662374998968956000,19.2,30,19.2,10,19.3,5,2,2022-09-05 10:49:58
1662375138411435000,19.2,14,19.15,42,19.2,16,2,2022-09-05 10:52:18
1662375204304772000,19.2,4,19.15,42,19.2,12,1,2022-09-05 10:53:24
1662375204335198000,19.2,8,19.15,42,19.2,4,1,2022-09-05 10:53:24
1662375204335371000,19.2,2,19.15,42,19.2,2,1,2022-09-05 10:53:24
1662375204355912000,19.2,1,19.15,42,19.2,1,1,2022-09-05 10:53:24
1662375204356186000,19.2,1,19.15,42,19.3,5,1,2022-09-05 10:53:24
1662375206029037000,19.15,1,19.15,41,19.3,6,2,2022-09-05 10:53:26
1662375217333867000,19.15,2,19.15,39,19.3,6,2,2022-09-05 10:53:37
1662375243929268000,19.2,1,19.15,10,19.3,6,2,2022-09-05 10:54:03
1662375243929268000,19.15,29,19.15,10,19.3,6,2,2022-09-05 10:54:03
1662375250213947000,19.15,10,19.1,12,19.15,5,2,2022-09-05 10:54:10
1662375252029549000,19.1,2,19.1,10,19.15,5,2,2022-09-05 10:54:12
1662375252189871000,19.1,1,19.1,9,19.15,5,2,2022-09-05 10:54:12
1662375254312490000,19.1,1,19.1,8,19.15,5,2,2022-09-05 10:54:14
1662375258453264000,19.1,8,19.05,8,19.15,5,2,2022-09-05 10:54:18
1662375264672466000,19.1,2,19.05,8,19.15,5,2,2022-09-05 10:54:24
1662375266723507000,19.05,1,19.05,7,19.1,5,2,2022-09-05 10:54:26
1662375267406306000,19.1,1,19.05,7,19.1,4,1,2022-09-05 10:54:27
1662375290552225000,19.1,1,19.05,9,19.1,3,1,2022-09-05 10:54:50
1662375291293041000,19.1,1,19.05,9,19.1,2,1,2022-09-05 10:54:51
1662375291323902000,19.1,2,19.05,9,19.15,5,1,2022-09-05 10:54:51
1662375305610274000,19.1,1,19.05,9,19.1,29,1,2022-09-05 10:55:05
1662375366682682000,19.05,1,19.05,9,19.1,29,2,2022-09-05 10:56:06
1662375366708042000,19.05,8,19.05,1,19.1,29,2,2022-09-05 10:56:06
1662375373678172000,19.05,1,19.0,43,19.1,29,2,2022-09-05 10:56:13
1662375391246688000,19.0,1,19.0,42,19.05,5,2,2022-09-05 10:56:31
1662375391277736000,19.0,1,19.0,41,19.05,5,2,2022-09-05 10:56:31
1662375396654982000,19.05,5,19.0,42,19.1,29,1,2022-09-05 10:56:36
1662375411299804000,19.05,1,19.0,42,19.1,29,1,2022-09-05 10:56:51
1662375455132323000,19.0,5,19.0,37,19.1,29,2,2022-09-05 10:57:35
1662375471722889000,19.05,1,19.0,37,19.1,29,2,2022-09-05 10:57:51
1662375552200648000,19.1,1,19.05,5,19.1,28,1,2022-09-05 10:59:12
1662375660796735000,19.05,1,19.05,5,19.1,28,2,2022-09-05 11:01:00
1662375673912136000,19.1,20,19.05,6,19.1,8,1,2022-09-05 11:01:13
1662375673939984000,19.1,8,19.05,6,19.2,2,1,2022-09-05 11:01:13
1662375716726669000,19.1,3,19.05,7,19.2,2,2,2022-09-05 11:01:56
1662375751943983000,19.15,1,19.05,13,19.2,2,2,2022-09-05 11:02:31
1662375786319857000,19.15,1,19.15,4,19.2,2,2,2022-09-05 11:03:06
1662375925374902000,19.15,1,19.15,7,19.2,2,2,2022-09-05 11:05:25
1662375967021717000,19.15,5,19.15,2,19.2,3,2,2022-09-05 11:06:07
1662376015508612000,19.15,1,19.15,1,19.2,2,2,2022-09-05 11:06:55
1662376016307963000,19.15,1,19.1,2,19.2,2,2,2022-09-05 11:06:56
1662376121049711000,19.15,1,19.1,2,19.2,2,1,2022-09-05 11:08:41
1662376405427821000,19.2,2,19.15,12,19.2,1,1,2022-09-05 11:13:25
1662376419112813000,19.2,1,19.15,11,19.25,2,1,2022-09-05 11:13:39
1662376499267744000,19.15,1,19.15,10,19.25,3,2,2022-09-05 11:14:59
1662376519243511000,19.15,5,19.15,5,19.2,5,2,2022-09-05 11:15:19
1662376520864425000,19.15,5,19.1,17,19.2,1,2,2022-09-05 11:15:20
1662376721952008000,19.15,1,19.1,16,19.2,1,1,2022-09-05 11:18:41
1662376940223073000,19.15,1,19.1,17,19.2,2,2,2022-09-05 11:22:20
1662377058321323000,19.15,2,19.1,17,19.15,8,1,2022-09-05 11:24:18
1662377062935360000,19.1,2,19.1,15,19.15,8,2,2022-09-05 11:24:22
1662377143753176000,19.1,2,19.1,14,19.15,9,2,2022-09-05 11:25:43
1662377151141781000,19.1,2,19.1,12,19.15,9,2,2022-09-05 11:25:51
1662377158195839000,19.1,1,19.1,11,19.15,9,2,2022-09-05 11:25:58
1662377257424337000,19.1,3,19.1,8,19.15,8,2,2022-09-05 11:27:37
1662377257454768000,19.1,3,19.1,5,19.15,8,2,2022-09-05 11:27:37
1662377257485462000,19.1,5,19.05,27,19.15,8,2,2022-09-05 11:27:37
1662377312937519000,19.1,1,19.05,27,19.1,7,1,2022-09-05 11:28:32
1662377334663273000,19.05,27,19.0,3,19.1,7,2,2022-09-05 11:28:54
1662377334663273000,19.0,33,19.0,3,19.1,7,2,2022-09-05 11:28:54
1662377340962706000,19.0,1,19.0,2,19.1,7,2,2022-09-05 11:29:00
1662377371286251000,19.0,1,19.0,1,19.1,7,2,2022-09-05 11:29:31
1662377391291865000,19.0,1,18.95,8,19.05,5,2,2022-09-05 11:29:51
1662377394577728000,18.95,8,18.9,12,19.05,5,2,2022-09-05 11:29:54
1662377405790993000,18.9,1,18.9,11,18.95,32,2,2022-09-05 11:30:05
1662377405823507000,18.9,8,18.9,3,18.95,32,2,2022-09-05 11:30:05
1662377415978504000,18.9,1,18.9,2,19.05,5,2,2022-09-05 11:30:15
1662377418497158000,18.9,2,18.85,4,18.9,2,2,2022-09-05 11:30:18
1662377432035652000,18.9,2,18.85,4,19.05,5,1,2022-09-05 11:30:32
1662377522443703000,18.9,1,18.85,4,19.0,1,2,2022-09-05 11:32:02
1662377549199869000,19.0,1,18.9,1,19.05,5,1,2022-09-05 11:32:29
1662377568834912000,19.0,1,18.9,2,19.0,4,1,2022-09-05 11:32:48
1662377574645434000,19.0,2,18.9,2,19.0,2,1,2022-09-05 11:32:54
1662377574671202000,19.0,1,18.9,2,19.0,1,1,2022-09-05 11:32:54
1662377587332814000,19.0,1,18.9,2,19.1,8,1,2022-09-05 11:33:07
1662377734828428000,19.0,1,18.95,3,19.1,7,2,2022-09-05 11:35:34
1662377741097388000,19.0,1,18.95,3,19.1,8,1,2022-09-05 11:35:41
1662377780584176000,19.0,1,18.95,5,19.0,3,1,2022-09-05 11:36:20
1662377805291789000,19.0,1,18.95,5,19.0,1,1,2022-09-05 11:36:45
1662377816828710000,19.0,3,18.95,3,19.15,1,1,2022-09-05 11:36:56
1662377816828710000,19.1,7,18.95,3,19.15,1,1,2022-09-05 11:36:56
1662377818729228000,18.95,2,18.95,1,19.15,3,2,2022-09-05 11:36:58
1662377818752974000,18.95,1,18.9,1,19.15,3,2,2022-09-05 11:36:58
1662377898434466000,19.0,1,18.95,1,19.05,2,2,2022-09-05 11:38:18
1662377931486981000,19.05,2,18.95,1,19.1,1,1,2022-09-05 11:38:51
1662377950360660000,19.1,2,19.1,2,19.15,1,1,2022-09-05 11:39:10
1662377950395874000,19.1,2,18.95,2,19.15,1,2,2022-09-05 11:39:10
1662378122853710000,19.1,2,19.0,5,19.2,2,2,2022-09-05 11:42:02
1662378140719221000,19.1,2,19.1,1,19.2,2,2,2022-09-05 11:42:20
1662378140739671000,19.1,1,19.0,5,19.2,2,2,2022-09-05 11:42:20
1662378246156236000,19.05,2,19.0,5,19.2,2,2,2022-09-05 11:44:06
1662378376321151000,19.0,6,18.95,2,19.0,17,2,2022-09-05 11:46:16
1662378463359999000,18.95,1,18.9,2,19.0,17,2,2022-09-05 11:47:43
1662378509280697000,18.95,1,18.95,1,19.0,27,1,2022-09-05 11:48:29
1662378715536238000,18.95,1,18.95,1,19.0,30,2,2022-09-05 11:51:55
1662378748510344000,18.95,2,18.85,6,19.0,30,2,2022-09-05 11:52:28
1662378748510344000,18.9,3,18.85,6,19.0,30,2,2022-09-05 11:52:28
1662378809106114000,18.95,3,18.85,5,19.0,39,2,2022-09-05 11:53:29
1662378861919862000,18.95,1,18.85,5,19.0,39,1,2022-09-05 11:54:21
1662378879250669000,18.95,1,18.85,5,19.0,39,2,2022-09-05 11:54:39
1662379093272319000,18.85,1,18.85,29,18.95,15,2,2022-09-05 11:58:13
1662379099269607000,18.85,17,18.85,12,18.95,15,2,2022-09-05 11:58:19
1662379135871949000,18.85,1,18.85,11,18.95,15,2,2022-09-05 11:58:55
1662379142242807000,18.85,1,18.85,20,18.95,15,2,2022-09-05 11:59:02
1662379146413971000,18.95,1,18.9,20,18.95,14,1,2022-09-05 11:59:06
1662379151161109000,18.9,2,18.9,18,18.95,14,2,2022-09-05 11:59:11
1662379267696328000,18.95,1,18.9,18,18.95,11,1,2022-09-05 12:01:07
1662379357678772000,18.95,10,18.9,24,18.95,1,1,2022-09-05 12:02:37
1662379357709110000,18.95,1,18.9,24,19.1,11,1,2022-09-05 12:02:37
1662379585149104000,18.95,1,18.95,4,19.1,2,2,2022-09-05 12:06:25
1662379901483270000,19.1,1,18.95,6,19.1,2,1,2022-09-05 12:11:41
1662379940450056000,19.1,2,19.0,18,19.1,1,1,2022-09-05 12:12:20
1662379968529173000,19.1,1,19.0,18,19.15,6,1,2022-09-05 12:12:48
1662380011233176000,19.1,1,19.0,22,19.15,6,1,2022-09-05 12:13:31
1662380124844281000,19.1,1,19.05,1,19.15,3,1,2022-09-05 12:15:24
1662380124844281000,19.15,4,19.05,1,19.15,3,1,2022-09-05 12:15:24
1662380312987412000,19.15,3,19.05,1,19.2,4,1,2022-09-05 12:18:32
1662380336225377000,19.15,1,19.05,1,19.2,4,2,2022-09-05 12:18:56
1662380926932109000,19.15,1,19.05,4,19.15,3,1,2022-09-05 12:28:46
1662380995875077000,19.1,1,19.05,9,19.15,4,2,2022-09-05 12:29:55
1662381053086713000,19.05,1,19.05,8,19.1,3,2,2022-09-05 12:30:53
1662381082227734000,19.05,1,19.05,7,19.1,3,2,2022-09-05 12:31:22
1662381117866950000,19.05,1,19.05,6,19.1,3,2,2022-09-05 12:31:57
1662381137245560000,19.05,1,19.05,5,19.1,3,2,2022-09-05 12:32:17
1662381146067896000,19.05,3,19.05,2,19.1,8,2,2022-09-05 12:32:26
1662381146067944000,19.05,2,19.0,19,19.1,8,2,2022-09-05 12:32:26
1662381180413272000,19.0,2,19.0,17,19.05,5,2,2022-09-05 12:33:00
1662381189046628000,19.0,5,19.0,12,19.05,5,2,2022-09-05 12:33:09
1662381189083940000,19.0,12,18.95,8,19.05,5,2,2022-09-05 12:33:09
1662381233456400000,18.95,5,18.95,3,19.05,6,2,2022-09-05 12:33:53
1662381288079280000,18.95,1,18.95,2,19.0,1,2,2022-09-05 12:34:48
1662381299445693000,18.95,1,18.95,11,19.0,1,2,2022-09-05 12:34:59
1662381357219604000,18.95,3,18.95,14,19.0,1,2,2022-09-05 12:35:57
1662381410280044000,18.95,1,18.95,13,19.0,1,2,2022-09-05 12:36:50
1662381411809730000,18.95,1,18.95,12,19.0,1,2,2022-09-05 12:36:51
1662381436294894000,18.95,3,18.95,9,19.0,1,2,2022-09-05 12:37:16
1662381462873555000,19.0,1,18.95,9,19.05,5,1,2022-09-05 12:37:42
1662381597416820000,19.0,1,19.0,5,19.05,6,2,2022-09-05 12:39:57
1662381616840260000,19.0,1,19.0,4,19.05,6,2,2022-09-05 12:40:16
1662381616879253000,19.0,2,19.0,2,19.05,6,2,2022-09-05 12:40:16
1662381677401159000,19.0,1,19.0,1,19.05,6,2,2022-09-05 12:41:17
1662381677430727000,19.0,1,18.95,3,19.05,6,2,2022-09-05 12:41:17
1662381803736487000,19.0,1,19.0,2,19.05,5,2,2022-09-05 12:43:23
1662381961024034000,19.0,1,19.0,1,19.05,6,2,2022-09-05 12:46:01
1662382019709524000,19.0,1,18.95,4,19.05,6,2,2022-09-05 12:46:59
1662382110251326000,18.95,7,18.85,4,19.0,1,2,2022-09-05 12:48:30
1662382110251326000,18.9,14,18.85,4,19.0,1,2,2022-09-05 12:48:30
1662382117649561000,18.85,2,18.85,2,19.0,1,2,2022-09-05 12:48:37
1662382117869702000,19.0,1,19.0,1,19.05,6,1,2022-09-05 12:48:37
1662382117902410000,19.0,1,18.85,2,19.05,6,2,2022-09-05 12:48:37
1662382460352660000,18.95,1,18.85,8,19.0,13,1,2022-09-05 12:54:20
1662382506182500000,18.85,8,18.75,14,18.9,2,2,2022-09-05 12:55:06
1662382506182500000,18.8,26,18.75,14,18.9,2,2,2022-09-05 12:55:06
1662382506182500000,18.75,16,18.75,14,18.9,2,2,2022-09-05 12:55:06
1662382526233560000,18.8,1,18.75,14,18.85,2,2,2022-09-05 12:55:26
1662382532006733000,18.75,2,18.75,12,18.85,2,2,2022-09-05 12:55:32
1662382533697256000,18.75,4,18.75,8,18.85,2,2,2022-09-05 12:55:33
1662382547781944000,18.75,1,18.75,7,18.85,2,2,2022-09-05 12:55:47
1662382548437850000,18.75,1,18.75,6,18.85,2,2,2022-09-05 12:55:48
1662382567763355000,18.8,1,18.75,6,18.85,2,1,2022-09-05 12:56:07
1662382570483269000,18.75,2,18.75,4,18.85,2,2,2022-09-05 12:56:10
1662382583065640000,18.85,1,18.75,4,18.85,1,1,2022-09-05 12:56:23
1662382597359278000,18.85,1,18.75,5,18.9,5,1,2022-09-05 12:56:37
1662382601715272000,18.75,3,18.75,2,18.9,6,2,2022-09-05 12:56:41
1662382647084303000,18.75,1,18.75,6,18.85,1,2,2022-09-05 12:57:27
1662382648396273000,18.75,2,18.75,4,18.85,1,2,2022-09-05 12:57:28
1662382652731061000,18.75,1,18.75,3,18.85,1,2,2022-09-05 12:57:32
1662382656983338000,18.75,3,18.65,8,18.85,1,2,2022-09-05 12:57:36
1662382656983338000,18.7,9,18.65,8,18.85,1,2,2022-09-05 12:57:36
1662382656983338000,18.65,18,18.65,8,18.85,1,2,2022-09-05 12:57:36
1662382658108391000,18.7,1,18.65,8,18.7,31,1,2022-09-05 12:57:38
1662382658168404000,18.7,1,18.65,8,18.7,32,1,2022-09-05 12:57:38
1662382663147594000,18.7,1,18.65,8,18.7,29,1,2022-09-05 12:57:43
1662382666878742000,18.7,10,18.65,8,18.7,19,1,2022-09-05 12:57:46
1662382666901900000,18.7,17,18.65,8,18.7,2,1,2022-09-05 12:57:46
1662382666902846000,18.7,2,18.65,8,18.85,1,1,2022-09-05 12:57:46
1662382671657031000,18.7,1,18.7,3,18.85,2,2,2022-09-05 12:57:51
1662382691141978000,18.75,1,18.7,4,18.75,1,1,2022-09-05 12:58:11
1662382718609449000,18.75,1,18.75,1,18.8,6,1,2022-09-05 12:58:38
1662382739421328000,18.8,2,18.75,1,18.8,4,1,2022-09-05 12:58:59
1662382790365282000,18.8,2,18.7,4,18.8,2,1,2022-09-05 12:59:50
1662382880198237000,18.8,2,18.7,10,18.8,2,1,2022-09-05 13:01:20
1662382900166341000,18.8,2,18.7,10,18.8,2,1,2022-09-05 13:01:40
1662382912533420000,18.7,1,18.7,9,18.8,5,2,2022-09-05 13:01:52
1662382931935677000,18.7,5,18.7,4,18.8,5,2,2022-09-05 13:02:11
1662382940659104000,18.7,3,18.7,1,18.8,5,2,2022-09-05 13:02:20
1662382940677537000,18.7,1,18.65,12,18.8,5,2,2022-09-05 13:02:20
1662382942705827000,18.65,12,18.6,10,18.8,5,2,2022-09-05 13:02:22
1662382942705827000,18.6,10,18.6,10,18.8,5,2,2022-09-05 13:02:22
1662382989882778000,18.6,1,18.6,6,18.75,1,2,2022-09-05 13:03:09
1662383000504010000,18.6,2,18.6,4,18.7,1,2,2022-09-05 13:03:20
1662383001642079000,18.6,3,18.6,1,18.7,1,2,2022-09-05 13:03:21
1662383001670239000,18.6,1,18.55,36,18.7,1,2,2022-09-05 13:03:21
1662383014877598000,18.6,1,18.5,39,18.7,1,2,2022-09-05 13:03:34
1662383014877598000,18.55,36,18.5,39,18.7,1,2,2022-09-05 13:03:34
1662383014877598000,18.5,4,18.5,39,18.7,1,2,2022-09-05 13:03:34
1662383016701048000,18.7,1,18.6,6,18.7,2,1,2022-09-05 13:03:36
1662383043326301000,18.7,1,18.65,1,18.7,2,1,2022-09-05 13:04:03
1662383046333757000,18.7,2,18.7,4,18.75,1,1,2022-09-05 13:04:06
1662383065936573000,18.7,1,18.7,3,18.75,1,2,2022-09-05 13:04:25
1662383065979765000,18.7,3,18.65,1,18.75,1,2,2022-09-05 13:04:25
1662383066120525000,18.65,1,18.6,7,18.75,1,2,2022-09-05 13:04:26
1662383114601174000,18.75,1,18.65,12,18.8,5,1,2022-09-05 13:05:14
1662383186888530000,18.8,1,18.75,4,18.8,7,1,2022-09-05 13:06:26
1662383194885149000,18.8,5,18.75,4,18.8,1,1,2022-09-05 13:06:34
1662383194915546000,18.8,1,18.75,4,18.85,5,1,2022-09-05 13:06:34
1662383250032096000,18.8,1,18.75,4,18.8,2,1,2022-09-05 13:07:30
1662383258308818000,18.8,2,18.8,3,18.85,5,1,2022-09-05 13:07:38
1662383265248842000,18.8,1,18.8,2,18.85,5,2,2022-09-05 13:07:45
1662383265274406000,18.8,2,18.75,4,18.85,5,2,2022-09-05 13:07:45
1662383293395861000,18.8,1,18.8,2,18.85,5,1,2022-09-05 13:08:13
1662383295232067000,18.8,1,18.8,1,18.85,5,2,2022-09-05 13:08:15
1662383295269121000,18.8,1,18.75,1,18.85,5,2,2022-09-05 13:08:15
1662383391179128000,18.8,1,18.75,1,18.8,5,1,2022-09-05 13:09:51
1662383394672285000,18.75,1,18.7,7,18.8,4,2,2022-09-05 13:09:54
1662383535847872000,18.7,3,18.7,4,18.75,11,2,2022-09-05 13:12:15
1662383546489012000,18.7,1,18.7,3,18.75,12,2,2022-09-05 13:12:26
1662383552357519000,18.7,3,18.65,22,18.75,13,2,2022-09-05 13:12:32
1662383553004597000,18.65,1,18.65,21,18.75,13,2,2022-09-05 13:12:33
1662383577248663000,18.7,1,18.65,22,18.75,15,2,2022-09-05 13:12:57
1662383594869354000,18.7,1,18.65,22,18.7,1,1,2022-09-05 13:13:14
1662383628930933000,18.65,2,18.65,21,18.7,8,2,2022-09-05 13:13:48
1662383636805030000,18.65,1,18.65,20,18.7,8,2,2022-09-05 13:13:56
1662383640058067000,18.7,1,18.65,20,18.7,7,1,2022-09-05 13:14:00
1662383656638849000,18.7,5,18.65,20,18.7,2,1,2022-09-05 13:14:16
1662383656674675000,18.7,2,18.65,20,18.75,10,1,2022-09-05 13:14:16
1662383666429501000,18.7,1,18.65,19,18.75,9,1,2022-09-05 13:14:26
1662383731900958000,18.65,10,18.65,9,18.7,6,2,2022-09-05 13:15:31
1662383736096317000,18.65,9,18.6,14,18.7,8,2,2022-09-05 13:15:36
1662383736096317000,18.6,6,18.6,14,18.7,8,2,2022-09-05 13:15:36
1662383742681885000,18.65,1,18.6,14,18.7,8,2,2022-09-05 13:15:42
1662383746639170000,18.6,2,18.6,12,18.7,8,2,2022-09-05 13:15:46
1662383755206987000,18.6,1,18.6,11,18.7,8,2,2022-09-05 13:15:55
1662383838471911000,18.6,1,18.6,11,18.65,9,2,2022-09-05 13:17:18
1662383843638614000,18.6,1,18.6,10,18.65,9,2,2022-09-05 13:17:23
1662383858068619000,18.65,5,18.6,10,18.65,4,1,2022-09-05 13:17:38
1662383858106700000,18.65,3,18.6,10,18.65,1,1,2022-09-05 13:17:38
1662383858147958000,18.65,1,18.6,10,18.7,6,1,2022-09-05 13:17:38
1662383899739261000,18.7,1,18.65,11,18.7,5,1,2022-09-05 13:18:19
1662383923352806000,18.65,3,18.65,8,18.7,4,2,2022-09-05 13:18:43
1662383932830620000,18.65,1,18.65,7,18.7,6,2,2022-09-05 13:18:52
1662383934022908000,18.65,1,18.65,6,18.7,6,2,2022-09-05 13:18:54
1662383957839116000,18.7,10,18.65,8,18.7,1,1,2022-09-05 13:19:17
1662383970742673000,18.7,1,18.65,8,18.95,5,1,2022-09-05 13:19:30
1662383970742673000,18.75,1,18.65,8,18.95,5,1,2022-09-05 13:19:30
1662383970742673000,18.8,3,18.65,8,18.95,5,1,2022-09-05 13:19:30
1662383970742673000,18.85,2,18.65,8,18.95,5,1,2022-09-05 13:19:30
1662383970742673000,18.9,1,18.65,8,18.95,5,1,2022-09-05 13:19:30
1662383970742673000,18.95,2,18.65,8,18.95,5,1,2022-09-05 13:19:30
1662384039719006000,18.85,2,18.8,5,18.9,5,2,2022-09-05 13:20:39
1662384040092356000,18.9,1,18.8,5,18.9,4,1,2022-09-05 13:20:40
1662384075518566000,18.9,1,18.8,6,18.9,12,1,2022-09-05 13:21:15
1662384078254112000,18.85,1,18.8,6,18.9,12,2,2022-09-05 13:21:18
1662384095274332000,18.8,1,18.8,4,18.85,4,2,2022-09-05 13:21:35
1662384100371073000,18.8,4,18.75,4,18.85,4,2,2022-09-05 13:21:40
1662384107050257000,18.85,2,18.75,4,18.85,6,1,2022-09-05 13:21:47
1662384139230666000,18.75,4,18.7,3,18.85,11,2,2022-09-05 13:22:19
1662384184049493000,18.75,1,18.75,25,18.8,47,2,2022-09-05 13:23:04
1662384187805059000,18.75,2,18.75,24,18.8,7,2,2022-09-05 13:23:07
1662384190439575000,18.75,2,18.75,20,18.8,7,2,2022-09-05 13:23:10
1662384197753332000,18.75,11,18.75,9,18.8,6,2,2022-09-05 13:23:17
1662384202601966000,18.75,2,18.75,7,18.8,6,2,2022-09-05 13:23:22
1662384208054771000,18.75,4,18.75,3,18.8,6,2,2022-09-05 13:23:28
1662384211230235000,18.75,3,18.7,9,18.75,2,2,2022-09-05 13:23:31
1662384216801334000,18.7,9,18.65,6,18.75,2,2,2022-09-05 13:23:36
1662384216801334000,18.65,1,18.65,6,18.75,2,2,2022-09-05 13:23:36
1662384228018750000,18.7,1,18.65,6,18.7,2,1,2022-09-05 13:23:48
1662384228048447000,18.7,2,18.65,6,18.75,2,1,2022-09-05 13:23:48
1662384237638747000,18.65,4,18.65,12,18.75,2,2,2022-09-05 13:23:57
1662384246467425000,18.8,1,18.7,3,18.8,6,1,2022-09-05 13:24:06
1662384246847388000,18.7,2,18.7,1,18.8,6,2,2022-09-05 13:24:06
1662384248646013000,18.7,1,18.7,1,18.8,6,2,2022-09-05 13:24:08
1662384275670834000,18.7,1,18.65,12,18.8,6,2,2022-09-05 13:24:35
1662384279980887000,18.65,1,18.65,11,18.75,1,2,2022-09-05 13:24:39
1662384282808880000,18.65,2,18.65,9,18.75,1,2,2022-09-05 13:24:42
1662384287408883000,18.7,1,18.65,9,18.75,1,2,2022-09-05 13:24:47
1662384600000000000,18.55,123,18.5,70,18.55,1,2,2022-09-05 13:30:00
1662384600000000000,18.55,123,18.5,70,18.55,1,2,2022-09-05 13:30:00
1662384600000000000,18.55,123,18.5,70,18.55,1,2,2022-09-05 13:30:00
