ts,close,volume,bid_price,bid_volume,ask_price,ask_volume,tick_type,datetime
1662368407407164000,38.35,155,38.3,27,38.35,5,1,2022-09-05 09:00:07
1662368407550375000,38.35,6,38.3,27,38.4,15,1,2022-09-05 09:00:07
1662368407632043000,38.3,10,38.3,17,38.4,15,2,2022-09-05 09:00:07
1662368407683562000,38.4,1,38.3,17,38.4,14,1,2022-09-05 09:00:07
1662368407937075000,38.4,2,38.3,17,38.4,12,1,2022-09-05 09:00:07
1662368408355618000,38.4,12,38.3,27,38.45,5,1,2022-09-05 09:00:08
1662368412831423000,38.45,1,38.4,1,38.45,4,1,2022-09-05 09:00:12
1662368412857122000,38.45,4,38.4,1,38.5,13,1,2022-09-05 09:00:12
1662368413609232000,38.4,1,38.35,10,38.5,13,2,2022-09-05 09:00:13
1662368415848693000,38.5,15,38.4,1,38.55,5,1,2022-09-05 09:00:15
1662368417525136000,38.55,3,38.4,4,38.55,2,1,2022-09-05 09:00:17
1662368420894064000,38.55,1,38.45,1,38.55,1,1,2022-09-05 09:00:20
1662368422425985000,38.55,1,38.55,1,38.6,8,1,2022-09-05 09:00:22
1662368422556012000,38.6,1,38.55,1,38.6,7,1,2022-09-05 09:00:22
1662368424032896000,38.6,1,38.55,1,38.6,6,1,2022-09-05 09:00:24
1662368426632200000,38.55,1,38.55,1,38.6,6,2,2022-09-05 09:00:26
1662368427294699000,38.6,4,38.55,1,38.6,2,1,2022-09-05 09:00:27
1662368427606308000,38.6,1,38.55,1,38.6,1,1,2022-09-05 09:00:27
1662368428970526000,38.55,1,38.55,1,38.6,1,2,2022-09-05 09:00:28
1662368429728763000,38.6,1,38.6,4,38.65,4,1,2022-09-05 09:00:29
1662368431600943000,38.6,2,38.6,10,38.65,4,2,2022-09-05 09:00:31
1662368432852497000,38.65,2,38.6,10,38.65,2,1,2022-09-05 09:00:32
1662368432886055000,38.65,1,38.6,10,38.65,1,1,2022-09-05 09:00:32
1662368433614949000,38.6,1,38.6,10,38.65,1,2,2022-09-05 09:00:33
1662368433795961000,38.65,1,38.6,10,38.7,16,1,2022-09-05 09:00:33
1662368435468931000,38.65,2,38.6,10,38.65,4,2,2022-09-05 09:00:35
1662368435497512000,38.65,1,38.65,2,38.7,18,1,2022-09-05 09:00:35
1662368436549041000,38.65,1,38.6,11,38.65,2,1,2022-09-05 09:00:36
1662368436554757000,38.65,1,38.6,11,38.65,1,1,2022-09-05 09:00:36
1662368436862797000,38.65,1,38.6,12,38.7,4,1,2022-09-05 09:00:36
1662368436862797000,38.7,14,38.6,12,38.7,4,1,2022-09-05 09:00:36
1662368436951822000,38.7,1,38.6,12,38.7,3,1,2022-09-05 09:00:36
1662368437844341000,38.7,3,38.6,12,38.75,2,1,2022-09-05 09:00:37
1662368437844341000,38.75,1,38.6,12,38.75,2,1,2022-09-05 09:00:37
1662368441704207000,38.75,1,38.65,10,38.75,3,1,2022-09-05 09:00:41
1662368442502567000,38.75,5,38.65,10,38.75,3,1,2022-09-05 09:00:42
1662368442776274000,38.75,3,38.75,2,38.8,6,1,2022-09-05 09:00:42
1662368442834495000,38.75,1,38.75,1,38.8,6,2,2022-09-05 09:00:42
1662368442858266000,38.8,6,38.75,1,38.95,4,1,2022-09-05 09:00:42
1662368442858266000,38.85,3,38.75,1,38.95,4,1,2022-09-05 09:00:42
1662368442858266000,38.9,1,38.75,1,38.95,4,1,2022-09-05 09:00:42
1662368446313765000,39.0,1,38.75,2,39.0,5,1,2022-09-05 09:00:46
1662368446973477000,38.95,1,38.75,8,38.95,5,1,2022-09-05 09:00:46
1662368447079418000,38.9,1,38.8,6,38.9,1,1,2022-09-05 09:00:47
1662368447200650000,38.8,1,38.8,5,38.95,5,2,2022-09-05 09:00:47
1662368449179289000,38.9,1,38.8,4,38.95,6,2,2022-09-05 09:00:49
1662368449179289000,38.8,1,38.8,4,38.95,6,2,2022-09-05 09:00:49
1662368450078531000,38.95,6,38.95,3,39.0,3,1,2022-09-05 09:00:50
1662368450733442000,38.95,1,38.95,2,39.0,3,2,2022-09-05 09:00:50
1662368450757803000,38.95,2,38.8,9,39.0,3,2,2022-09-05 09:00:50
1662368451303231000,38.8,5,38.75,3,39.0,3,2,2022-09-05 09:00:51
1662368451303231000,38.75,5,38.75,3,39.0,3,2,2022-09-05 09:00:51
1662368452409443000,38.9,1,38.75,3,38.9,2,1,2022-09-05 09:00:52
1662368453840665000,38.8,1,38.75,3,38.9,11,1,2022-09-05 09:00:53
1662368453880177000,38.9,2,38.75,3,38.9,11,1,2022-09-05 09:00:53
1662368454829589000,38.75,3,38.75,1,38.9,14,2,2022-09-05 09:00:54
1662368454861006000,38.8,1,38.8,1,38.9,14,2,2022-09-05 09:00:54
1662368455074651000,38.75,1,38.7,4,38.9,14,2,2022-09-05 09:00:55
1662368455241525000,38.85,2,38.7,4,38.9,14,2,2022-09-05 09:00:55
1662368455887813000,38.9,4,38.7,4,38.9,10,1,2022-09-05 09:00:55
1662368456160880000,38.9,1,38.7,4,38.9,9,1,2022-09-05 09:00:56
1662368456839368000,38.8,2,38.8,4,38.9,9,2,2022-09-05 09:00:56
1662368457637447000,38.9,3,38.8,4,38.9,8,1,2022-09-05 09:00:57
1662368458230171000,38.9,2,38.8,4,38.9,6,1,2022-09-05 09:00:58
1662368458557566000,38.9,2,38.8,4,38.9,4,1,2022-09-05 09:00:58
1662368459248970000,38.8,1,38.8,3,38.9,4,2,2022-09-05 09:00:59
1662368459270785000,38.8,1,38.8,2,38.9,4,2,2022-09-05 09:00:59
1662368461301612000,38.8,3,38.65,14,38.85,1,2,2022-09-05 09:01:01
1662368461301612000,38.75,1,38.65,14,38.85,1,2,2022-09-05 09:01:01
1662368461301612000,38.7,4,38.65,14,38.85,1,2,2022-09-05 09:01:01
1662368461301612000,38.65,2,38.65,14,38.85,1,2,2022-09-05 09:01:01
1662368461358677000,38.8,1,38.65,14,38.85,2,2,2022-09-05 09:01:01
1662368461956717000,38.65,3,38.65,14,38.75,5,2,2022-09-05 09:01:01
1662368462153059000,38.75,1,38.65,11,38.75,4,1,2022-09-05 09:01:02
1662368462520969000,38.75,1,38.65,11,38.75,5,1,2022-09-05 09:01:02
1662368463031571000,38.65,11,38.6,14,38.75,28,2,2022-09-05 09:01:03
1662368463801233000,38.75,1,38.6,13,38.75,29,1,2022-09-05 09:01:03
1662368464632103000,38.6,5,38.6,8,38.75,29,2,2022-09-05 09:01:04
1662368464663706000,38.6,8,38.5,3,38.75,29,2,2022-09-05 09:01:04
1662368465403824000,38.5,1,38.5,2,38.75,29,2,2022-09-05 09:01:05
1662368468918969000,38.5,1,38.45,8,38.7,5,2,2022-09-05 09:01:08
1662368469142953000,38.45,8,38.4,17,38.7,6,2,2022-09-05 09:01:09
1662368470413221000,38.65,1,38.5,2,38.65,3,1,2022-09-05 09:01:10
1662368472676806000,38.5,2,38.4,17,38.65,2,2,2022-09-05 09:01:12
1662368473848267000,38.5,1,38.5,1,38.6,8,2,2022-09-05 09:01:13
1662368473880442000,38.5,1,38.5,1,38.6,8,2,2022-09-05 09:01:13
1662368475830908000,38.5,1,38.45,1,38.55,2,2,2022-09-05 09:01:15
1662368476591181000,38.5,1,38.45,1,38.55,2,2,2022-09-05 09:01:16
1662368476699188000,38.5,1,38.45,1,38.55,2,1,2022-09-05 09:01:16
1662368478231493000,38.5,1,38.45,1,38.6,8,1,2022-09-05 09:01:18
1662368478231493000,38.55,1,38.45,1,38.6,8,1,2022-09-05 09:01:18
1662368478489724000,38.5,1,38.45,2,38.55,1,2,2022-09-05 09:01:18
1662368479173204000,38.5,1,38.45,2,38.55,1,2,2022-09-05 09:01:19
1662368482280060000,38.5,1,38.5,12,38.55,2,2,2022-09-05 09:01:22
1662368482312959000,38.5,1,38.5,11,38.55,2,2,2022-09-05 09:01:22
1662368482551422000,38.55,2,38.5,11,38.6,5,1,2022-09-05 09:01:22
1662368482551422000,38.6,3,38.5,11,38.6,5,1,2022-09-05 09:01:22
1662368483025990000,38.5,11,38.45,2,38.55,3,2,2022-09-05 09:01:23
1662368483427648000,38.5,3,38.45,2,38.5,3,1,2022-09-05 09:01:23
1662368483427648000,38.55,2,38.45,2,38.5,3,1,2022-09-05 09:01:23
1662368485543453000,38.5,1,38.5,3,38.55,4,2,2022-09-05 09:01:25
1662368487583914000,38.5,2,38.5,3,38.55,4,2,2022-09-05 09:01:27
1662368487622205000,38.5,1,38.5,2,38.55,4,2,2022-09-05 09:01:27
1662368488445395000,38.55,4,38.5,7,38.6,2,1,2022-09-05 09:01:28
1662368488445395000,38.6,1,38.5,7,38.6,2,1,2022-09-05 09:01:28
1662368493287682000,38.6,1,38.55,7,38.6,1,1,2022-09-05 09:01:33
1662368494189154000,38.6,1,38.55,7,38.6,1,1,2022-09-05 09:01:34
1662368495253255000,38.6,1,38.55,7,38.65,4,1,2022-09-05 09:01:35
1662368498953321000,38.6,2,38.6,3,38.65,4,2,2022-09-05 09:01:38
1662368500880343000,38.6,1,38.6,3,38.65,4,2,2022-09-05 09:01:40
1662368502644344000,38.6,1,38.6,2,38.65,5,2,2022-09-05 09:01:42
1662368504639318000,38.6,1,38.6,4,38.65,5,2,2022-09-05 09:01:44
1662368505261960000,38.6,2,38.6,3,38.65,5,2,2022-09-05 09:01:45
1662368506434718000,38.6,1,38.6,2,38.65,4,2,2022-09-05 09:01:46
1662368507225246000,38.6,1,38.6,1,38.65,4,2,2022-09-05 09:01:47
1662368507550532000,38.65,4,38.6,1,38.7,7,1,2022-09-05 09:01:47
1662368508192769000,38.6,1,38.55,12,38.7,6,2,2022-09-05 09:01:48
1662368509317203000,38.6,1,38.55,22,38.7,6,2,2022-09-05 09:01:49
1662368512259864000,38.65,1,38.6,11,38.7,6,2,2022-09-05 09:01:52
1662368513407985000,38.65,1,38.6,11,38.65,1,1,2022-09-05 09:01:53
1662368518302609000,38.65,1,38.65,1,38.7,6,1,2022-09-05 09:01:58
1662368518581627000,38.65,1,38.6,14,38.7,6,2,2022-09-05 09:01:58
1662368522909678000,38.7,4,38.65,10,38.7,2,1,2022-09-05 09:02:02
1662368522947951000,38.7,2,38.65,10,38.75,29,1,2022-09-05 09:02:02
1662368523171436000,38.65,1,38.65,9,38.75,29,2,2022-09-05 09:02:03
1662368523238563000,38.65,1,38.65,8,38.75,29,2,2022-09-05 09:02:03
1662368523260904000,38.65,1,38.65,7,38.75,29,2,2022-09-05 09:02:03
1662368523359060000,38.65,2,38.65,5,38.75,29,2,2022-09-05 09:02:03
1662368523389752000,38.65,5,38.6,17,38.75,29,2,2022-09-05 09:02:03
1662368527395910000,38.65,1,38.65,1,38.75,29,1,2022-09-05 09:02:07
1662368530994932000,38.7,1,38.65,6,38.75,29,1,2022-09-05 09:02:10
1662368531805542000,38.7,1,38.7,1,38.75,29,2,2022-09-05 09:02:11
1662368531805542000,38.65,1,38.7,1,38.75,29,2,2022-09-05 09:02:11
1662368535008219000,38.75,3,38.65,4,38.75,26,1,2022-09-05 09:02:15
1662368536807623000,38.7,1,38.7,1,38.75,26,2,2022-09-05 09:02:16
1662368536807623000,38.65,2,38.7,1,38.75,26,2,2022-09-05 09:02:16
1662368539765386000,38.7,1,38.65,6,38.7,2,1,2022-09-05 09:02:19
1662368541713752000,38.65,7,38.65,7,38.7,2,2,2022-09-05 09:02:21
1662368542024437000,38.7,2,38.6,17,38.75,26,1,2022-09-05 09:02:22
1662368542750212000,38.7,1,38.6,22,38.7,1,1,2022-09-05 09:02:22
1662368544356871000,38.65,1,38.6,21,38.7,1,2,2022-09-05 09:02:24
1662368544356871000,38.6,1,38.6,21,38.7,1,2,2022-09-05 09:02:24
1662368545889290000,38.7,1,38.6,21,38.75,25,1,2022-09-05 09:02:25
1662368545889290000,38.75,1,38.6,21,38.75,25,1,2022-09-05 09:02:25
1662368547163939000,38.6,1,38.6,20,38.7,1,2,2022-09-05 09:02:27
1662368547181586000,38.7,1,38.7,2,38.75,25,1,2022-09-05 09:02:27
1662368547207493000,38.7,2,38.6,20,38.75,25,2,2022-09-05 09:02:27
1662368548571465000,38.7,2,38.6,20,38.75,25,1,2022-09-05 09:02:28
1662368551907880000,38.7,2,38.6,21,38.7,2,1,2022-09-05 09:02:31
1662368551933960000,38.7,3,38.6,21,38.75,25,2,2022-09-05 09:02:31
1662368552478832000,38.75,1,38.7,1,38.75,24,1,2022-09-05 09:02:32
1662368553454815000,38.7,1,38.7,1,38.75,24,2,2022-09-05 09:02:33
1662368553824701000,38.7,1,38.6,21,38.75,24,2,2022-09-05 09:02:33
1662368556002780000,38.75,1,38.7,15,38.75,23,1,2022-09-05 09:02:36
1662368556010389000,38.7,2,38.7,13,38.75,23,2,2022-09-05 09:02:36
1662368560232942000,38.75,1,38.7,16,38.75,22,1,2022-09-05 09:02:40
1662368561141598000,38.75,10,38.7,16,38.75,12,1,2022-09-05 09:02:41
1662368561372464000,38.75,1,38.7,16,38.75,11,1,2022-09-05 09:02:41
1662368562165398000,38.75,10,38.7,17,38.75,1,1,2022-09-05 09:02:42
1662368562405747000,38.75,1,38.75,9,38.8,6,1,2022-09-05 09:02:42
1662368564623697000,38.8,1,38.75,9,38.8,5,1,2022-09-05 09:02:44
1662368565594763000,38.8,1,38.75,9,38.8,4,1,2022-09-05 09:02:45
1662368566976733000,38.8,1,38.75,10,38.8,3,1,2022-09-05 09:02:46
1662368568803334000,38.75,2,38.75,10,38.8,3,2,2022-09-05 09:02:48
1662368570058493000,38.8,1,38.75,10,38.8,3,1,2022-09-05 09:02:50
1662368571406244000,38.8,1,38.75,10,38.8,2,1,2022-09-05 09:02:51
1662368571449603000,38.8,2,38.75,10,38.9,10,1,2022-09-05 09:02:51
1662368572319932000,38.9,1,38.75,11,38.9,9,1,2022-09-05 09:02:52
1662368573774057000,38.8,1,38.8,1,38.9,9,2,2022-09-05 09:02:53
1662368575391314000,38.9,1,38.8,2,38.9,8,1,2022-09-05 09:02:55
1662368577490793000,38.9,1,38.8,6,38.9,7,1,2022-09-05 09:02:57
1662368577637285000,38.9,1,38.8,6,38.9,7,1,2022-09-05 09:02:57
1662368578251343000,38.9,6,38.8,17,38.95,3,1,2022-09-05 09:02:58
1662368579602817000,38.9,1,38.9,1,38.95,4,1,2022-09-05 09:02:59
1662368581019735000,38.9,1,38.9,1,38.95,4,2,2022-09-05 09:03:01
1662368581353171000,38.9,2,38.85,1,38.95,4,2,2022-09-05 09:03:01
1662368583160836000,38.95,1,38.9,18,38.95,3,1,2022-09-05 09:03:03
1662368583315782000,38.9,1,38.9,17,38.95,3,2,2022-09-05 09:03:03
1662368583356007000,38.9,1,38.9,18,38.95,4,2,2022-09-05 09:03:03
1662368583580376000,38.9,1,38.9,15,38.95,3,2,2022-09-05 09:03:03
1662368583593198000,38.9,1,38.9,14,38.95,3,2,2022-09-05 09:03:03
1662368583604782000,38.9,1,38.9,13,38.95,3,2,2022-09-05 09:03:03
1662368584870504000,38.95,2,38.9,14,38.95,1,1,2022-09-05 09:03:04
1662368586666408000,38.95,1,38.9,14,38.95,1,1,2022-09-05 09:03:06
1662368586773128000,38.95,1,38.95,4,39.0,14,1,2022-09-05 09:03:06
1662368586821439000,38.95,1,38.95,4,39.0,15,2,2022-09-05 09:03:06
1662368591164449000,38.95,5,38.95,5,39.0,16,2,2022-09-05 09:03:11
1662368591491369000,39.0,10,38.95,5,39.0,6,1,2022-09-05 09:03:11
1662368592465212000,39.0,1,38.95,6,39.0,5,1,2022-09-05 09:03:12
1662368593053841000,38.95,1,38.95,5,39.0,5,2,2022-09-05 09:03:13
1662368593076471000,39.0,3,38.95,5,39.0,2,1,2022-09-05 09:03:13
1662368593631686000,39.0,1,38.95,5,39.0,1,1,2022-09-05 09:03:13
1662368594044829000,39.0,1,39.0,1,39.05,31,1,2022-09-05 09:03:14
1662368594118963000,39.0,1,38.95,5,39.05,31,2,2022-09-05 09:03:14
1662368594281346000,39.0,1,39.0,1,39.05,31,2,2022-09-05 09:03:14
1662368596336219000,39.05,1,39.0,4,39.05,30,1,2022-09-05 09:03:16
1662368596555475000,39.05,1,39.0,6,39.05,29,1,2022-09-05 09:03:16
1662368597238692000,39.0,1,39.0,6,39.05,29,2,2022-09-05 09:03:17
1662368597258878000,39.0,1,39.0,5,39.05,29,2,2022-09-05 09:03:17
1662368597286758000,39.0,4,39.0,1,39.05,29,2,2022-09-05 09:03:17
1662368597370606000,39.05,5,39.0,1,39.05,24,1,2022-09-05 09:03:17
1662368599238092000,39.0,1,39.0,6,39.05,24,2,2022-09-05 09:03:19
1662368602237260000,39.05,2,39.0,7,39.05,22,1,2022-09-05 09:03:22
1662368603454797000,39.05,1,39.0,9,39.05,21,1,2022-09-05 09:03:23
1662368604716375000,39.05,1,39.0,9,39.05,20,1,2022-09-05 09:03:24
1662368605443735000,39.0,1,39.0,9,39.05,20,2,2022-09-05 09:03:25
1662368606886387000,39.0,1,39.0,14,39.05,20,2,2022-09-05 09:03:26
1662368606980935000,39.05,1,39.0,14,39.05,19,1,2022-09-05 09:03:26
1662368607363525000,39.05,5,39.0,14,39.05,14,1,2022-09-05 09:03:27
1662368607434860000,39.05,3,39.0,14,39.05,11,1,2022-09-05 09:03:27
1662368607579671000,39.05,3,39.0,14,39.05,8,1,2022-09-05 09:03:27
1662368608111833000,39.05,1,39.0,14,39.05,7,1,2022-09-05 09:03:28
1662368608208092000,39.0,5,39.0,9,39.05,7,2,2022-09-05 09:03:28
1662368608236887000,39.0,2,39.0,7,39.05,7,2,2022-09-05 09:03:28
1662368608312246000,39.0,7,38.95,23,39.05,7,2,2022-09-05 09:03:28
1662368608376609000,38.95,5,38.95,23,39.0,2,2,2022-09-05 09:03:28
1662368608542542000,39.0,1,38.95,18,39.0,1,1,2022-09-05 09:03:28
1662368608610899000,39.0,1,38.95,18,39.05,7,2,2022-09-05 09:03:28
1662368608651313000,39.05,7,39.05,5,39.1,4,1,2022-09-05 09:03:28
1662368608684560000,39.05,5,38.95,18,39.1,4,2,2022-09-05 09:03:28
1662368609213951000,39.1,4,39.05,1,39.2,13,1,2022-09-05 09:03:29
1662368609213951000,39.15,6,39.05,1,39.2,13,1,2022-09-05 09:03:29
1662368609854914000,39.05,1,39.0,1,39.2,7,2,2022-09-05 09:03:29
1662368609854914000,39.0,1,39.0,1,39.2,7,2,2022-09-05 09:03:29
1662368609857222000,39.0,1,38.95,14,39.2,7,2,2022-09-05 09:03:29
1662368609857222000,38.95,4,38.95,14,39.2,7,2,2022-09-05 09:03:29
1662368610585272000,39.05,1,38.95,14,39.15,5,2,2022-09-05 09:03:30
1662368611588003000,39.0,1,38.95,14,39.0,5,1,2022-09-05 09:03:31
1662368611711948000,39.0,1,38.95,14,39.0,4,1,2022-09-05 09:03:31
1662368612286006000,39.0,1,38.95,14,39.0,3,1,2022-09-05 09:03:32
1662368612306909000,39.0,1,38.95,14,39.0,4,1,2022-09-05 09:03:32
1662368612791241000,38.95,14,38.9,26,39.0,2,2,2022-09-05 09:03:32
1662368612987587000,39.0,1,38.95,1,39.0,1,1,2022-09-05 09:03:32
1662368613097774000,39.1,5,38.95,1,39.15,4,1,2022-09-05 09:03:33
1662368613097774000,39.15,5,38.95,1,39.15,4,1,2022-09-05 09:03:33
1662368613712623000,39.2,2,38.95,1,39.3,1,1,2022-09-05 09:03:33
1662368613712623000,39.25,1,38.95,1,39.3,1,1,2022-09-05 09:03:33
1662368613712623000,39.3,7,38.95,1,39.3,1,1,2022-09-05 09:03:33
1662368615689139000,39.1,1,38.95,1,39.2,1,1,2022-09-05 09:03:35
1662368615946806000,39.2,1,39.0,3,39.25,1,1,2022-09-05 09:03:35
1662368617035380000,39.15,1,39.0,1,39.15,1,1,2022-09-05 09:03:37
1662368617554389000,39.1,5,39.0,11,39.15,1,2,2022-09-05 09:03:37
1662368617730446000,39.15,1,39.0,11,39.25,1,1,2022-09-05 09:03:37
1662368619180131000,39.25,1,39.05,2,39.35,4,1,2022-09-05 09:03:39
1662368620658538000,39.25,1,39.05,1,39.35,3,1,2022-09-05 09:03:40
1662368621255784000,39.25,1,39.05,2,39.25,2,1,2022-09-05 09:03:41
1662368621264235000,39.05,2,39.0,13,39.25,2,2,2022-09-05 09:03:41
1662368621627835000,39.15,1,39.0,3,39.25,2,2,2022-09-05 09:03:41
1662368622811279000,39.25,1,39.1,5,39.25,3,1,2022-09-05 09:03:42
1662368622814163000,39.1,5,39.1,5,39.25,4,2,2022-09-05 09:03:42
1662368625026061000,39.15,1,39.05,2,39.25,1,2,2022-09-05 09:03:45
1662368625887634000,39.25,1,39.05,3,39.35,2,1,2022-09-05 09:03:45
1662368626273294000,39.35,1,39.1,2,39.35,3,1,2022-09-05 09:03:46
1662368627079211000,39.35,1,39.1,7,39.4,2,1,2022-09-05 09:03:47
1662368627079211000,39.4,1,39.1,7,39.4,2,1,2022-09-05 09:03:47
1662368627142615000,39.1,5,39.1,2,39.4,2,2,2022-09-05 09:03:47
1662368627173558000,39.1,2,39.05,3,39.4,2,2,2022-09-05 09:03:47
1662368627884925000,39.25,1,39.05,3,39.35,5,1,2022-09-05 09:03:47
1662368629702275000,39.2,1,39.05,5,39.25,3,2,2022-09-05 09:03:49
1662368630255687000,39.25,1,39.05,5,39.25,2,1,2022-09-05 09:03:50
1662368630931290000,39.25,1,39.1,11,39.25,1,1,2022-09-05 09:03:50
1662368631442603000,39.3,1,39.1,12,39.3,1,1,2022-09-05 09:03:51
1662368633504869000,39.1,1,39.1,11,39.2,1,2,2022-09-05 09:03:53
1662368633669469000,39.2,1,39.1,12,39.2,1,1,2022-09-05 09:03:53
1662368634702554000,39.25,2,39.1,11,39.25,8,1,2022-09-05 09:03:54
1662368635207649000,39.25,4,39.1,11,39.25,5,1,2022-09-05 09:03:55
1662368635690105000,39.2,1,39.1,11,39.2,3,1,2022-09-05 09:03:55
1662368636119155000,39.2,1,39.1,11,39.2,2,1,2022-09-05 09:03:56
1662368636405796000,39.2,1,39.1,11,39.2,2,1,2022-09-05 09:03:56
1662368637538681000,39.2,1,39.1,11,39.25,6,1,2022-09-05 09:03:57
1662368638805903000,39.25,1,39.2,1,39.25,5,1,2022-09-05 09:03:58
1662368638836403000,39.2,1,39.15,5,39.2,1,2,2022-09-05 09:03:58
1662368638853478000,39.2,1,39.15,5,39.25,5,1,2022-09-05 09:03:58
1662368639471469000,39.25,1,39.2,1,39.25,4,1,2022-09-05 09:03:59
1662368641664831000,39.25,1,39.2,2,39.25,3,1,2022-09-05 09:04:01
1662368641935738000,39.2,2,39.15,5,39.25,3,2,2022-09-05 09:04:01
1662368642820073000,39.2,1,39.15,5,39.2,4,1,2022-09-05 09:04:02
1662368642982344000,39.2,1,39.15,5,39.2,3,1,2022-09-05 09:04:02
1662368643040944000,39.2,3,39.15,5,39.25,2,1,2022-09-05 09:04:03
1662368643040944000,39.25,2,39.15,5,39.25,2,1,2022-09-05 09:04:03
1662368643471466000,39.25,1,39.15,5,39.25,1,1,2022-09-05 09:04:03
1662368644212815000,39.25,1,39.2,3,39.3,2,1,2022-09-05 09:04:04
1662368645689745000,39.25,1,39.25,8,39.3,2,2,2022-09-05 09:04:05
1662368645899121000,39.25,1,39.25,9,39.3,2,2,2022-09-05 09:04:05
1662368646195624000,39.3,1,39.25,9,39.3,1,1,2022-09-05 09:04:06
1662368646432162000,39.25,1,39.25,8,39.3,1,2,2022-09-05 09:04:06
1662368647675269000,39.25,5,39.25,9,39.3,1,2,2022-09-05 09:04:07
1662368648041746000,39.3,1,39.25,9,39.35,2,1,2022-09-05 09:04:08
1662368648294206000,39.25,1,39.25,8,39.35,2,2,2022-09-05 09:04:08
1662368649393384000,39.25,1,39.25,7,39.35,2,2,2022-09-05 09:04:09
1662368651442259000,39.3,1,39.25,7,39.3,1,1,2022-09-05 09:04:11
1662368651877993000,39.3,1,39.3,1,39.35,2,1,2022-09-05 09:04:11
1662368653179513000,39.3,1,39.3,3,39.35,2,2,2022-09-05 09:04:13
1662368653219859000,39.3,1,39.3,4,39.35,2,2,2022-09-05 09:04:13
1662368656384060000,39.3,1,39.3,4,39.35,2,2,2022-09-05 09:04:16
1662368657431001000,39.3,1,39.3,3,39.35,2,2,2022-09-05 09:04:17
1662368658099104000,39.3,2,39.3,1,39.35,3,2,2022-09-05 09:04:18
1662368658116997000,39.3,1,39.25,17,39.35,3,2,2022-09-05 09:04:18
1662368658163803000,39.35,3,39.25,17,39.4,5,1,2022-09-05 09:04:18
1662368659272528000,39.4,1,39.35,2,39.4,4,1,2022-09-05 09:04:19
1662368659528578000,39.4,1,39.35,2,39.4,3,1,2022-09-05 09:04:19
1662368659616256000,39.4,1,39.35,2,39.4,2,1,2022-09-05 09:04:19
1662368659831749000,39.35,1,39.35,2,39.4,2,2,2022-09-05 09:04:19
1662368660454215000,39.35,1,39.25,18,39.4,2,2,2022-09-05 09:04:20
1662368660454215000,39.3,3,39.25,18,39.4,2,2,2022-09-05 09:04:20
1662368660454215000,39.25,1,39.25,18,39.4,2,2,2022-09-05 09:04:20
1662368662372232000,39.4,2,39.35,1,39.4,1,1,2022-09-05 09:04:22
1662368662575972000,39.35,1,39.25,18,39.4,1,2,2022-09-05 09:04:22
1662368662847770000,39.4,1,39.25,18,39.45,11,1,2022-09-05 09:04:22
1662368663177575000,39.4,5,39.4,5,39.45,11,2,2022-09-05 09:04:23
1662368667660161000,39.45,2,39.4,5,39.45,9,1,2022-09-05 09:04:27
1662368668280887000,39.4,3,39.4,4,39.45,9,2,2022-09-05 09:04:28
1662368669359984000,39.45,1,39.4,4,39.45,9,1,2022-09-05 09:04:29
1662368669896137000,39.4,2,39.4,3,39.45,8,2,2022-09-05 09:04:29
1662368670465826000,39.45,5,39.4,4,39.45,3,1,2022-09-05 09:04:30
1662368670644362000,39.45,1,39.4,4,39.45,2,1,2022-09-05 09:04:30
1662368670850204000,39.4,1,39.4,3,39.45,2,2,2022-09-05 09:04:30
1662368671162324000,39.45,2,39.4,5,39.5,16,1,2022-09-05 09:04:31
1662368671162324000,39.5,3,39.4,5,39.5,16,1,2022-09-05 09:04:31
1662368671352721000,39.4,1,39.4,6,39.5,16,2,2022-09-05 09:04:31
1662368674086169000,39.5,5,39.45,4,39.5,13,1,2022-09-05 09:04:34
1662368674183149000,39.45,1,39.45,3,39.5,13,2,2022-09-05 09:04:34
1662368674540775000,39.45,3,39.4,8,39.5,13,2,2022-09-05 09:04:34
1662368674540775000,39.4,2,39.4,8,39.5,13,2,2022-09-05 09:04:34
1662368675066085000,39.4,1,39.4,8,39.5,13,2,2022-09-05 09:04:35
1662368675113936000,39.5,1,39.4,8,39.5,12,1,2022-09-05 09:04:35
1662368675132752000,39.4,7,39.4,1,39.5,12,2,2022-09-05 09:04:35
1662368676109428000,39.45,1,39.4,2,39.5,13,1,2022-09-05 09:04:36
1662368678231470000,39.5,1,39.4,2,39.5,13,1,2022-09-05 09:04:38
1662368679755744000,39.45,1,39.4,3,39.45,1,1,2022-09-05 09:04:39
1662368679845037000,39.45,1,39.4,3,39.45,2,1,2022-09-05 09:04:39
1662368680674844000,39.4,3,39.4,7,39.45,2,2,2022-09-05 09:04:40
1662368680839291000,39.4,1,39.4,7,39.45,2,2,2022-09-05 09:04:40
1662368681435185000,39.45,1,39.4,6,39.45,1,1,2022-09-05 09:04:41
1662368682004055000,39.45,1,39.4,6,39.5,14,1,2022-09-05 09:04:42
1662368685769996000,39.45,1,39.45,3,39.5,14,2,2022-09-05 09:04:45
1662368686207993000,39.45,2,39.4,17,39.5,14,2,2022-09-05 09:04:46
1662368687618672000,39.45,1,39.45,5,39.5,14,2,2022-09-05 09:04:47
1662368687657536000,39.5,1,39.45,5,39.5,13,1,2022-09-05 09:04:47
1662368688185247000,39.45,2,39.45,3,39.5,13,2,2022-09-05 09:04:48
1662368688525175000,39.5,1,39.45,3,39.5,12,1,2022-09-05 09:04:48
1662368689712681000,39.5,4,39.45,5,39.5,8,1,2022-09-05 09:04:49
1662368690315575000,39.5,1,39.45,9,39.5,7,1,2022-09-05 09:04:50
1662368691617224000,39.5,4,39.45,11,39.5,3,1,2022-09-05 09:04:51
1662368691946771000,39.5,1,39.45,11,39.5,2,1,2022-09-05 09:04:51
1662368692377860000,39.5,2,39.45,14,39.5,2,1,2022-09-05 09:04:52
1662368695266135000,39.5,1,39.5,11,39.55,2,2,2022-09-05 09:04:55
1662368696509874000,39.5,1,39.5,20,39.55,2,2,2022-09-05 09:04:56
1662368697231732000,39.55,2,39.5,21,39.6,11,1,2022-09-05 09:04:57
1662368697231732000,39.6,8,39.5,21,39.6,11,1,2022-09-05 09:04:57
1662368697251017000,39.6,1,39.5,21,39.6,10,1,2022-09-05 09:04:57
1662368699283465000,39.6,1,39.5,21,39.6,10,1,2022-09-05 09:04:59
1662368699801940000,39.6,9,39.65,1,39.7,26,1,2022-09-05 09:04:59
1662368700250853000,39.65,1,39.65,1,39.7,12,2,2022-09-05 09:05:00
1662368700659320000,39.55,2,39.55,4,39.7,12,2,2022-09-05 09:05:00
1662368701574251000,39.55,1,39.55,3,39.7,12,2,2022-09-05 09:05:01
1662368702918282000,39.6,1,39.6,2,39.65,1,1,2022-09-05 09:05:02
1662368703037559000,39.65,1,39.65,3,39.7,12,1,2022-09-05 09:05:03
1662368703221684000,39.65,1,39.65,3,39.7,12,2,2022-09-05 09:05:03
1662368824045984000,39.65,103,39.65,11,39.7,16,2,2022-09-05 09:07:04
1662368824082976000,39.65,6,39.65,5,39.7,16,2,2022-09-05 09:07:04
1662368824083015000,39.65,5,39.6,3,39.7,16,2,2022-09-05 09:07:04
1662368824339922000,39.6,3,39.55,7,39.7,16,2,2022-09-05 09:07:04
1662368824491876000,39.7,1,39.55,7,39.7,11,1,2022-09-05 09:07:04
1662368824530432000,39.7,1,39.55,7,39.7,12,1,2022-09-05 09:07:04
1662368827010606000,39.65,3,39.55,7,39.8,10,1,2022-09-05 09:07:07
1662368827010606000,39.7,10,39.55,7,39.8,10,1,2022-09-05 09:07:07
1662368827010606000,39.75,2,39.55,7,39.8,10,1,2022-09-05 09:07:07
1662368827010606000,39.8,5,39.55,7,39.8,10,1,2022-09-05 09:07:07
1662368827131230000,39.75,2,39.55,10,39.8,10,1,2022-09-05 09:07:07
1662368827646418000,39.55,1,39.55,9,39.8,10,2,2022-09-05 09:07:07
1662368832102395000,39.55,1,39.55,8,39.8,10,2,2022-09-05 09:07:12
1662368832656888000,39.6,1,39.55,7,39.8,10,2,2022-09-05 09:07:12
1662368832656888000,39.55,2,39.55,7,39.8,10,2,2022-09-05 09:07:12
1662368834265161000,39.75,1,39.6,2,39.8,9,1,2022-09-05 09:07:14
1662368834265161000,39.8,1,39.6,2,39.8,9,1,2022-09-05 09:07:14
1662368834865886000,39.75,1,39.6,2,39.8,9,1,2022-09-05 09:07:14
1662368837677977000,39.75,1,39.6,2,39.9,14,1,2022-09-05 09:07:17
1662368837677977000,39.8,9,39.6,2,39.9,14,1,2022-09-05 09:07:17
1662368839055278000,39.65,5,39.6,2,39.8,10,2,2022-09-05 09:07:19
1662368839922732000,39.8,10,39.6,2,39.8,2,1,2022-09-05 09:07:19
1662368839964838000,39.8,2,39.6,2,39.85,14,1,2022-09-05 09:07:19
1662368841394300000,39.8,1,39.6,2,39.85,14,2,2022-09-05 09:07:21
1662368841892365000,39.8,1,39.6,5,39.8,1,1,2022-09-05 09:07:21
1662368842548812000,39.85,1,39.6,6,39.85,13,1,2022-09-05 09:07:22
1662368844574634000,39.8,1,39.65,3,39.85,13,2,2022-09-05 09:07:24
1662368844949575000,39.8,1,39.65,3,39.85,13,2,2022-09-05 09:07:24
1662368845232812000,39.85,2,39.65,3,39.85,11,1,2022-09-05 09:07:25
1662368845472138000,39.8,1,39.65,3,39.85,11,2,2022-09-05 09:07:25
1662368845751777000,39.85,2,39.65,3,39.85,9,1,2022-09-05 09:07:25
1662368846023471000,39.85,9,39.65,3,39.9,13,1,2022-09-05 09:07:26
1662368846023471000,39.9,1,39.65,3,39.9,13,1,2022-09-05 09:07:26
1662368846182364000,39.7,1,39.65,3,39.9,13,2,2022-09-05 09:07:26
1662368847620710000,39.85,1,39.8,2,39.9,14,1,2022-09-05 09:07:27
1662368848363757000,39.85,1,39.8,2,39.9,14,2,2022-09-05 09:07:28
1662368848423870000,39.9,10,39.8,2,39.9,4,1,2022-09-05 09:07:28
1662368848734555000,39.9,1,39.85,1,39.9,3,1,2022-09-05 09:07:28
1662368850112707000,39.85,1,39.85,5,39.9,3,2,2022-09-05 09:07:30
1662368850923355000,39.9,1,39.85,5,39.9,2,1,2022-09-05 09:07:30
1662368850947259000,39.9,1,39.85,5,39.9,1,1,2022-09-05 09:07:30
1662368852123860000,39.9,1,39.85,6,39.95,27,1,2022-09-05 09:07:32
1662368852445452000,39.95,1,39.85,6,39.95,26,1,2022-09-05 09:07:32
1662368852674122000,39.95,2,39.85,6,39.95,24,1,2022-09-05 09:07:32
1662368853539133000,39.95,1,39.9,5,39.95,24,1,2022-09-05 09:07:33
1662368854075645000,39.95,1,39.9,5,39.95,23,1,2022-09-05 09:07:34
1662368854547522000,39.9,1,39.9,4,39.95,22,2,2022-09-05 09:07:34
1662368855402352000,39.95,20,39.9,4,39.95,2,1,2022-09-05 09:07:35
1662368855433750000,39.95,2,39.9,4,40.0,49,1,2022-09-05 09:07:35
1662368857637449000,40.0,1,39.95,5,40.0,48,1,2022-09-05 09:07:37
1662368857793221000,40.0,2,39.95,6,40.0,46,1,2022-09-05 09:07:37
1662368858378339000,40.0,8,39.95,9,40.0,46,1,2022-09-05 09:07:38
1662368859107704000,40.0,2,39.95,9,40.0,36,1,2022-09-05 09:07:39
1662368859221950000,40.0,10,39.95,9,40.0,26,1,2022-09-05 09:07:39
1662368859251202000,40.0,26,39.95,9,40.05,8,1,2022-09-05 09:07:39
1662368859622656000,40.05,1,40.0,1,40.05,7,1,2022-09-05 09:07:39
1662368861248692000,40.05,1,40.0,16,40.05,6,1,2022-09-05 09:07:41
1662368862026373000,40.05,1,40.0,17,40.05,6,1,2022-09-05 09:07:42
1662368862315396000,40.05,3,40.0,17,40.05,2,1,2022-09-05 09:07:42
1662368862385549000,40.05,2,40.0,17,40.15,4,1,2022-09-05 09:07:42
1662368862679806000,40.2,1,40.0,17,40.25,5,1,2022-09-05 09:07:42
1662368864306162000,40.25,2,40.05,13,40.25,3,1,2022-09-05 09:07:44
1662368865287928000,40.25,3,40.1,1,40.35,10,1,2022-09-05 09:07:45
1662368866845943000,40.35,3,40.25,2,40.35,7,1,2022-09-05 09:07:46
1662368867039983000,40.25,2,40.25,2,40.35,7,2,2022-09-05 09:07:47
1662368868137308000,40.35,2,40.2,1,40.35,5,1,2022-09-05 09:07:48
1662368868339400000,40.35,5,40.2,1,40.4,7,1,2022-09-05 09:07:48
1662368868339400000,40.4,3,40.2,1,40.4,7,1,2022-09-05 09:07:48
1662368869015891000,40.35,1,40.25,3,40.35,1,1,2022-09-05 09:07:49
1662368869015891000,40.4,1,40.25,3,40.35,1,1,2022-09-05 09:07:49
1662368869302494000,40.35,1,40.25,3,40.4,6,1,2022-09-05 09:07:49
1662368869424013000,40.4,2,40.25,3,40.4,4,1,2022-09-05 09:07:49
1662368869553015000,40.35,2,40.35,8,40.4,4,2,2022-09-05 09:07:49
1662368870860257000,40.5,15,40.35,9,40.5,18,1,2022-09-05 09:07:50
1662368871283375000,40.45,1,40.4,1,40.5,18,1,2022-09-05 09:07:51
1662368871397886000,40.5,2,40.4,1,40.5,16,1,2022-09-05 09:07:51
1662368872131747000,40.4,1,40.4,1,40.5,16,2,2022-09-05 09:07:52
1662368872475445000,40.5,1,40.4,1,40.5,15,1,2022-09-05 09:07:52
1662368872723466000,40.5,5,40.4,1,40.5,10,1,2022-09-05 09:07:52
1662368873138250000,40.45,1,40.4,1,40.5,10,2,2022-09-05 09:07:53
1662368874019696000,40.5,1,40.45,1,40.5,10,1,2022-09-05 09:07:54
1662368874038061000,40.5,1,40.45,1,40.5,11,1,2022-09-05 09:07:54
1662368874168567000,40.5,2,40.45,1,40.5,7,1,2022-09-05 09:07:54
1662368874250357000,40.5,2,40.45,1,40.5,5,1,2022-09-05 09:07:54
1662368874531013000,40.5,5,40.45,1,40.6,4,1,2022-09-05 09:07:54
1662368875087211000,40.55,1,40.55,1,40.65,5,2,2022-09-05 09:07:55
1662368875892352000,40.65,1,40.55,2,40.65,4,1,2022-09-05 09:07:55
1662368876311918000,40.65,1,40.55,4,40.65,3,1,2022-09-05 09:07:56
1662368876494892000,40.65,2,40.55,4,40.65,3,1,2022-09-05 09:07:56
1662368876759501000,40.65,1,40.6,3,40.7,4,1,2022-09-05 09:07:56
1662368876759501000,40.7,2,40.6,3,40.7,4,1,2022-09-05 09:07:56
1662368877709645000,40.7,4,40.65,2,40.85,4,1,2022-09-05 09:07:57
1662368877709645000,40.8,2,40.65,2,40.85,4,1,2022-09-05 09:07:57
1662368878054607000,40.85,2,40.65,2,40.9,24,1,2022-09-05 09:07:58
1662368878301624000,40.85,1,40.65,2,40.9,23,1,2022-09-05 09:07:58
1662368878301624000,40.9,1,40.65,2,40.9,23,1,2022-09-05 09:07:58
1662368878662070000,40.85,1,40.7,2,40.85,1,1,2022-09-05 09:07:58
1662368879720618000,40.7,2,40.65,3,40.9,22,2,2022-09-05 09:07:59
1662368879720618000,40.65,1,40.65,3,40.9,22,2,2022-09-05 09:07:59
1662368880182136000,40.85,2,40.65,3,40.9,19,1,2022-09-05 09:08:00
1662368880182136000,40.9,3,40.65,3,40.9,19,1,2022-09-05 09:08:00
1662368881109796000,40.85,3,40.65,3,40.9,17,1,2022-09-05 09:08:01
1662368881109796000,40.9,2,40.65,3,40.9,17,1,2022-09-05 09:08:01
1662368881360896000,40.75,1,40.65,3,40.85,3,2,2022-09-05 09:08:01
1662368881571233000,40.65,1,40.65,2,40.8,1,2,2022-09-05 09:08:01
1662368881610572000,40.65,1,40.6,6,40.8,1,2,2022-09-05 09:08:01
1662368881992037000,40.8,1,40.6,6,40.85,5,1,2022-09-05 09:08:01
1662368882006387000,40.6,1,40.6,5,40.85,5,2,2022-09-05 09:08:02
1662368882418145000,40.7,1,40.65,1,40.85,6,2,2022-09-05 09:08:02
1662368882617059000,40.8,1,40.6,5,40.8,1,1,2022-09-05 09:08:02
1662368882757038000,40.8,1,40.6,5,40.85,6,1,2022-09-05 09:08:02
1662368882983963000,40.65,1,40.6,5,40.85,4,2,2022-09-05 09:08:02
1662368883322893000,40.8,2,40.6,6,40.85,3,1,2022-09-05 09:08:03
1662368883322893000,40.85,1,40.6,6,40.85,3,1,2022-09-05 09:08:03
1662368883511351000,40.75,1,40.6,6,40.85,3,2,2022-09-05 09:08:03
1662368884519051000,40.85,1,40.75,1,40.85,2,1,2022-09-05 09:08:04
1662368885088987000,40.75,1,40.65,2,40.7,5,2,2022-09-05 09:08:05
1662368885295148000,40.7,1,40.65,2,40.7,4,1,2022-09-05 09:08:05
1662368885941575000,40.65,2,40.6,7,40.7,4,2,2022-09-05 09:08:05
1662368885950203000,40.7,1,40.65,2,40.7,4,1,2022-09-05 09:08:05
1662368887228909000,40.65,1,40.6,8,40.7,3,2,2022-09-05 09:08:07
1662368888976052000,40.6,1,40.6,13,40.7,3,2,2022-09-05 09:08:08
1662368889236695000,40.7,1,40.6,13,40.7,2,1,2022-09-05 09:08:09
1662368889240509000,40.7,2,40.6,13,40.8,2,1,2022-09-05 09:08:09
1662368889307167000,40.7,1,40.6,13,40.8,2,2,2022-09-05 09:08:09
1662368889887513000,40.8,2,40.6,13,40.8,2,1,2022-09-05 09:08:09
1662368890785582000,40.7,2,40.6,14,40.8,2,2,2022-09-05 09:08:10
1662368891816690000,40.65,1,40.65,1,40.8,2,2,2022-09-05 09:08:11
1662368892160720000,40.65,1,40.6,14,40.7,1,2,2022-09-05 09:08:12
1662368892161481000,40.6,1,40.6,13,40.7,1,2,2022-09-05 09:08:12
1662368892246407000,40.7,1,40.6,13,40.75,1,1,2022-09-05 09:08:12
1662368893287140000,40.65,1,40.65,5,40.7,1,1,2022-09-05 09:08:13
1662368893322195000,40.7,1,40.65,5,40.75,5,1,2022-09-05 09:08:13
1662368893323376000,40.65,5,40.6,14,40.75,5,2,2022-09-05 09:08:13
1662368893470515000,40.75,5,40.6,14,40.8,3,1,2022-09-05 09:08:13
1662368893550876000,40.7,1,40.6,14,40.8,3,1,2022-09-05 09:08:13
1662368894123262000,40.8,1,40.6,14,40.8,4,1,2022-09-05 09:08:14
1662368894162144000,40.8,1,40.6,14,40.8,3,1,2022-09-05 09:08:14
1662368894347952000,40.7,2,40.6,14,40.8,3,2,2022-09-05 09:08:14
1662368894535622000,40.8,1,40.7,1,40.8,3,1,2022-09-05 09:08:14
1662368894833296000,40.7,1,40.65,3,40.7,1,2,2022-09-05 09:08:14
1662368895012454000,40.7,1,40.65,3,40.8,2,1,2022-09-05 09:08:15
1662368895012454000,40.8,1,40.65,3,40.8,2,1,2022-09-05 09:08:15
1662368895261936000,40.65,3,40.6,14,40.8,2,2,2022-09-05 09:08:15
1662368895274598000,40.6,6,40.6,8,40.8,2,2,2022-09-05 09:08:15
1662368895302612000,40.6,8,40.55,3,40.8,2,2,2022-09-05 09:08:15
1662368895999504000,40.8,1,40.55,3,40.8,3,1,2022-09-05 09:08:15
1662368896052799000,40.6,1,40.55,3,40.8,3,2,2022-09-05 09:08:16
1662368897172893000,40.55,1,40.55,1,40.75,8,2,2022-09-05 09:08:17
1662368897205383000,40.55,1,40.5,25,40.75,8,2,2022-09-05 09:08:17
1662368898949388000,40.6,2,40.5,25,40.6,3,2,2022-09-05 09:08:18
1662368898977904000,40.5,23,40.5,2,40.6,3,2,2022-09-05 09:08:18
1662368899009103000,40.5,2,40.45,1,40.6,3,2,2022-09-05 09:08:19
1662368902679930000,40.5,1,40.5,2,40.55,1,2,2022-09-05 09:08:22
1662368903152322000,40.5,1,40.5,1,40.55,1,2,2022-09-05 09:08:23
1662368904490075000,40.5,1,40.5,1,40.55,1,2,2022-09-05 09:08:24
1662368904652190000,40.45,1,40.4,4,40.55,1,2,2022-09-05 09:08:24
1662368905273635000,40.4,2,40.35,7,40.6,6,2,2022-09-05 09:08:25
1662368906249209000,40.6,1,40.35,7,40.6,5,1,2022-09-05 09:08:26
1662368906760326000,40.4,1,40.4,2,40.6,5,2,2022-09-05 09:08:26
1662368907224694000,40.4,2,40.35,7,40.4,12,2,2022-09-05 09:08:27
1662368907250288000,40.35,5,40.35,2,40.4,12,2,2022-09-05 09:08:27
1662368907598611000,40.35,2,40.35,2,40.4,12,2,2022-09-05 09:08:27
1662368907972370000,40.3,1,40.3,4,40.4,12,2,2022-09-05 09:08:27
1662368908512480000,40.4,10,40.3,3,40.4,2,1,2022-09-05 09:08:28
1662368908991451000,40.3,3,40.15,2,40.4,2,2,2022-09-05 09:08:28
1662368908991451000,40.25,2,40.15,2,40.4,2,2,2022-09-05 09:08:28
1662368908991451000,40.2,5,40.15,2,40.4,2,2,2022-09-05 09:08:28
1662368909053748000,40.35,1,40.15,2,40.35,2,1,2022-09-05 09:08:29
1662368909176311000,40.15,1,40.15,1,40.35,1,2,2022-09-05 09:08:29
1662368909282087000,40.35,1,40.15,1,40.4,2,1,2022-09-05 09:08:29
1662368910492056000,40.15,1,40.1,3,40.3,2,2,2022-09-05 09:08:30
1662368911421872000,40.2,1,40.2,1,40.25,2,2,2022-09-05 09:08:31
1662368911433183000,40.25,1,40.2,1,40.25,1,1,2022-09-05 09:08:31
1662368911731413000,40.25,1,40.2,1,40.3,2,1,2022-09-05 09:08:31
1662368912061751000,40.2,1,40.1,3,40.3,2,2,2022-09-05 09:08:32
1662368912224684000,40.3,1,40.1,3,40.3,1,1,2022-09-05 09:08:32
1662368913262329000,40.1,1,40.1,1,40.25,1,2,2022-09-05 09:08:33
1662368917278030000,40.15,1,40.1,5,40.2,1,2,2022-09-05 09:08:37
1662368919936001000,40.1,1,40.1,5,40.2,2,2,2022-09-05 09:08:39
1662368921485053000,40.1,1,40.1,3,40.15,1,2,2022-09-05 09:08:41
1662368921760670000,40.1,1,40.1,2,40.15,1,2,2022-09-05 09:08:41
1662368921794237000,40.1,2,40.05,9,40.15,1,2,2022-09-05 09:08:41
1662368922388881000,40.1,2,40.05,2,40.2,7,2,2022-09-05 09:08:42
1662368922388881000,40.05,8,40.05,2,40.2,7,2,2022-09-05 09:08:42
1662368924616482000,40.05,1,40.05,2,40.1,3,2,2022-09-05 09:08:44
1662368924746152000,40.1,1,40.05,1,40.1,2,1,2022-09-05 09:08:44
1662368925079034000,40.05,1,40.0,10,40.1,3,2,2022-09-05 09:08:45
1662368928901488000,40.05,3,40.05,3,40.1,4,2,2022-09-05 09:08:48
1662368928921908000,40.05,3,40.0,10,40.1,4,2,2022-09-05 09:08:48
1662368929682765000,40.0,1,40.0,9,40.05,1,2,2022-09-05 09:08:49
1662368929703484000,40.05,1,40.0,9,40.1,4,1,2022-09-05 09:08:49
1662368929703484000,40.1,2,40.0,9,40.1,4,1,2022-09-05 09:08:49
1662368929734861000,40.0,5,40.0,4,40.1,5,2,2022-09-05 09:08:49
1662368929760035000,40.0,4,39.95,4,40.1,5,2,2022-09-05 09:08:49
1662368930214871000,39.95,4,39.9,4,40.0,1,2,2022-09-05 09:08:50
1662368930671433000,40.0,1,39.9,4,40.05,1,1,2022-09-05 09:08:50
1662368930989484000,40.0,1,39.9,4,40.05,1,2,2022-09-05 09:08:50
1662368933800212000,40.0,1,39.9,7,40.05,2,1,2022-09-05 09:08:53
1662368934838436000,40.0,1,39.9,7,40.05,2,1,2022-09-05 09:08:54
1662368937233988000,40.0,1,39.95,4,40.05,2,1,2022-09-05 09:08:57
1662368938424850000,40.0,2,39.95,1,40.05,2,2,2022-09-05 09:08:58
1662368938424850000,39.95,3,39.95,1,40.05,2,2,2022-09-05 09:08:58
1662368938529864000,39.95,1,39.9,17,40.05,2,2,2022-09-05 09:08:58
1662368940026152000,39.9,17,39.9,17,40.0,15,2,2022-09-05 09:09:00
1662368941579037000,40.0,1,39.9,1,40.0,15,1,2022-09-05 09:09:01
1662368942329776000,39.9,1,39.85,2,40.0,14,2,2022-09-05 09:09:02
1662368942654113000,39.85,2,39.8,6,40.0,14,2,2022-09-05 09:09:02
1662368944468807000,39.95,1,39.8,5,40.0,30,1,2022-09-05 09:09:04
1662368946885276000,39.8,5,39.75,2,39.85,5,2,2022-09-05 09:09:06
1662368946948764000,39.75,2,39.7,13,39.8,1,2,2022-09-05 09:09:06
1662368947412649000,39.7,1,39.7,12,39.8,1,2,2022-09-05 09:09:07
1662368947436699000,39.7,5,39.7,7,39.8,1,2,2022-09-05 09:09:07
1662368947438333000,39.7,5,39.7,2,39.8,1,2,2022-09-05 09:09:07
1662368947467181000,39.7,2,39.65,10,39.8,1,2,2022-09-05 09:09:07
1662368947755693000,39.8,2,39.65,10,39.85,3,1,2022-09-05 09:09:07
1662368947755693000,39.85,2,39.65,10,39.85,3,1,2022-09-05 09:09:07
1662368948090860000,39.85,1,39.75,1,39.85,2,1,2022-09-05 09:09:08
1662368948894330000,39.85,1,39.75,1,39.85,1,1,2022-09-05 09:09:08
1662368949229924000,39.75,1,39.65,9,39.85,1,2,2022-09-05 09:09:09
1662368949261928000,39.65,2,39.65,2,39.85,1,2,2022-09-05 09:09:09
1662368949486405000,39.65,1,39.65,1,39.85,1,2,2022-09-05 09:09:09
1662368949514255000,39.65,1,39.6,6,39.85,1,2,2022-09-05 09:09:09
1662368955582461000,39.65,1,39.65,2,39.75,1,2,2022-09-05 09:09:15
1662368956941740000,39.65,2,39.6,9,39.65,3,2,2022-09-05 09:09:16
1662368956980712000,39.65,1,39.6,9,39.65,2,1,2022-09-05 09:09:16
1662368957462708000,39.65,2,39.6,9,39.7,1,1,2022-09-05 09:09:17
1662368957504160000,39.6,9,39.55,2,39.7,1,2,2022-09-05 09:09:17
1662368957504160000,39.55,3,39.55,2,39.7,1,2,2022-09-05 09:09:17
1662368957770019000,39.65,1,39.55,2,39.65,2,1,2022-09-05 09:09:17
1662368958662276000,39.65,1,39.55,2,39.65,1,1,2022-09-05 09:09:18
1662368958913590000,39.65,1,39.55,2,39.7,1,1,2022-09-05 09:09:18
1662368959027662000,39.7,1,39.7,1,39.75,2,1,2022-09-05 09:09:19
1662368960640818000,39.7,1,39.65,1,39.75,3,2,2022-09-05 09:09:20
1662368960656554000,39.75,3,39.7,1,39.75,3,1,2022-09-05 09:09:20
1662368962268739000,39.8,10,39.75,3,39.85,4,2,2022-09-05 09:09:22
1662368962320451000,39.75,1,39.75,2,39.85,4,2,2022-09-05 09:09:22
1662368962330296000,39.75,2,39.7,1,39.85,4,2,2022-09-05 09:09:22
1662368962531088000,39.7,1,39.55,8,39.85,4,2,2022-09-05 09:09:22
1662368962531088000,39.65,3,39.55,8,39.85,4,2,2022-09-05 09:09:22
1662368962531088000,39.6,1,39.55,8,39.85,4,2,2022-09-05 09:09:22
1662368967431608000,39.7,3,39.65,1,39.7,6,1,2022-09-05 09:09:27
1662368968524667000,39.7,1,39.65,4,39.7,2,1,2022-09-05 09:09:28
1662368969103624000,39.65,2,39.65,4,39.7,2,2,2022-09-05 09:09:29
1662368969364245000,39.65,1,39.65,2,39.7,2,2,2022-09-05 09:09:29
1662368970210921000,39.7,1,39.65,1,39.7,1,1,2022-09-05 09:09:30
1662368972054521000,39.65,1,39.6,13,39.7,6,2,2022-09-05 09:09:32
1662368972633686000,39.6,1,39.6,12,39.7,6,2,2022-09-05 09:09:32
1662368973945253000,39.7,1,39.6,13,39.7,5,1,2022-09-05 09:09:33
1662368975616978000,39.6,13,39.55,7,39.6,10,2,2022-09-05 09:09:35
1662368976267145000,39.55,3,39.55,4,39.6,10,2,2022-09-05 09:09:36
1662368976720603000,39.55,4,39.5,40,39.6,11,2,2022-09-05 09:09:36
1662368977625622000,39.5,1,39.5,39,39.6,11,2,2022-09-05 09:09:37
1662368977796885000,39.5,1,39.5,38,39.6,11,2,2022-09-05 09:09:37
1662368978133312000,39.6,1,39.5,38,39.6,10,1,2022-09-05 09:09:38
1662368980781856000,39.5,1,39.5,38,39.55,1,2,2022-09-05 09:09:40
1662368981040269000,39.5,10,39.5,28,39.55,1,2,2022-09-05 09:09:41
1662368981071103000,39.5,28,39.45,6,39.55,1,2,2022-09-05 09:09:41
1662368981173576000,39.45,1,39.45,6,39.5,4,2,2022-09-05 09:09:41
1662368981204480000,39.45,5,39.4,16,39.5,4,2,2022-09-05 09:09:41
1662368981306887000,39.4,13,39.4,3,39.45,1,2,2022-09-05 09:09:41
1662368981338395000,39.4,3,39.3,8,39.45,1,2,2022-09-05 09:09:41
1662368981409718000,39.3,1,39.3,3,39.4,2,2,2022-09-05 09:09:41
1662368981486845000,39.4,2,39.3,3,39.55,7,1,2022-09-05 09:09:41
1662368981486845000,39.45,1,39.3,3,39.55,7,1,2022-09-05 09:09:41
1662368981486845000,39.5,4,39.3,3,39.55,7,1,2022-09-05 09:09:41
1662368981486845000,39.55,3,39.3,3,39.55,7,1,2022-09-05 09:09:41
1662368982813319000,39.3,3,39.25,1,39.6,11,2,2022-09-05 09:09:42
1662368985922362000,39.4,2,39.4,2,39.5,2,2,2022-09-05 09:09:45
1662368985939364000,39.4,1,39.4,1,39.5,2,2,2022-09-05 09:09:45
1662368987429609000,39.4,1,39.25,4,39.45,1,2,2022-09-05 09:09:47
1662368987429609000,39.25,1,39.25,4,39.45,1,2,2022-09-05 09:09:47
1662368990576579000,39.3,1,39.3,4,39.35,2,2,2022-09-05 09:09:50
1662368991845929000,39.3,2,39.3,1,39.35,1,2,2022-09-05 09:09:51
1662368992688916000,39.3,1,39.2,4,39.35,2,2,2022-09-05 09:09:52
1662368995237663000,39.2,1,39.2,3,39.25,1,2,2022-09-05 09:09:55
1662368996145179000,39.2,1,39.2,2,39.25,1,2,2022-09-05 09:09:56
1662368996693095000,39.25,1,39.2,2,39.3,1,1,2022-09-05 09:09:56
1662368997557023000,39.25,1,39.2,2,39.25,1,1,2022-09-05 09:09:57
1662368999477170000,39.25,2,39.25,14,39.3,3,2,2022-09-05 09:09:59
1662368999891803000,39.3,1,39.25,14,39.3,2,1,2022-09-05 09:09:59
1662369000137782000,39.3,1,39.25,14,39.3,1,1,2022-09-05 09:10:00
1662369000583432000,39.25,10,39.25,5,39.3,12,2,2022-09-05 09:10:00
1662369000609517000,39.25,1,39.25,4,39.3,12,2,2022-09-05 09:10:00
1662369000614237000,39.25,1,39.25,15,39.3,12,2,2022-09-05 09:10:00
1662369000699962000,39.25,1,39.25,2,39.3,12,2,2022-09-05 09:10:00
1662369000723624000,39.25,2,39.2,3,39.3,12,2,2022-09-05 09:10:00
1662369001265103000,39.2,3,39.15,1,39.25,2,2,2022-09-05 09:10:01
1662369001588021000,39.25,2,39.25,3,39.3,9,1,2022-09-05 09:10:01
1662369001658754000,39.25,2,39.25,1,39.3,9,2,2022-09-05 09:10:01
1662369004522317000,39.25,1,39.25,1,39.3,12,2,2022-09-05 09:10:04
1662369004663425000,39.25,1,39.25,2,39.3,12,2,2022-09-05 09:10:04
1662369005181541000,39.25,1,39.15,1,39.25,7,1,2022-09-05 09:10:05
1662369005905616000,39.2,1,39.15,6,39.2,1,1,2022-09-05 09:10:05
1662369006657217000,39.25,1,39.2,2,39.25,12,1,2022-09-05 09:10:06
1662369008985131000,39.2,2,39.15,6,39.25,11,2,2022-09-05 09:10:08
1662369009035461000,39.25,1,39.15,6,39.25,10,1,2022-09-05 09:10:09
1662369010223121000,39.2,1,39.15,6,39.2,2,1,2022-09-05 09:10:10
1662369010235108000,39.2,1,39.15,6,39.2,1,1,2022-09-05 09:10:10
1662369010271145000,39.2,1,39.15,6,39.25,10,1,2022-09-05 09:10:10
1662369010558941000,39.2,1,39.15,6,39.2,4,1,2022-09-05 09:10:10
1662369011683745000,39.2,1,39.15,6,39.2,3,1,2022-09-05 09:10:11
1662369012196596000,39.2,2,39.15,6,39.2,1,1,2022-09-05 09:10:12
1662369012578390000,39.2,1,39.15,6,39.25,5,1,2022-09-05 09:10:12
1662369012578390000,39.25,5,39.15,6,39.25,5,1,2022-09-05 09:10:12
1662369013126232000,39.2,1,39.15,6,39.25,5,1,2022-09-05 09:10:13
1662369013304683000,39.15,1,39.15,5,39.25,5,2,2022-09-05 09:10:13
1662369014287585000,39.2,1,39.2,2,39.25,5,2,2022-09-05 09:10:14
1662369014504763000,39.2,1,39.2,1,39.25,5,2,2022-09-05 09:10:14
1662369015862937000,39.25,1,39.2,1,39.25,4,1,2022-09-05 09:10:15
1662369015902187000,39.2,1,39.15,5,39.25,4,2,2022-09-05 09:10:15
1662369016061638000,39.25,2,39.15,5,39.25,2,1,2022-09-05 09:10:16
1662369017728273000,39.25,1,39.2,4,39.25,1,1,2022-09-05 09:10:17
1662369017759006000,39.25,1,39.2,4,39.3,12,1,2022-09-05 09:10:17
1662369022253660000,39.25,1,39.15,4,39.3,11,2,2022-09-05 09:10:22
1662369022253660000,39.2,11,39.15,4,39.3,11,2,2022-09-05 09:10:22
1662369022253660000,39.15,8,39.15,4,39.3,11,2,2022-09-05 09:10:22
1662369022288107000,39.25,1,39.15,4,39.3,11,1,2022-09-05 09:10:22
1662369022690099000,39.25,1,39.15,4,39.25,1,1,2022-09-05 09:10:22
1662369023378883000,39.25,1,39.15,4,39.3,11,2,2022-09-05 09:10:23
1662369025355051000,39.25,1,39.25,1,39.3,11,2,2022-09-05 09:10:25
1662369026016244000,39.25,1,39.15,4,39.2,6,2,2022-09-05 09:10:26
1662369026016244000,39.2,3,39.15,4,39.2,6,2,2022-09-05 09:10:26
1662369026040890000,39.2,3,39.15,4,39.2,3,1,2022-09-05 09:10:26
1662369026078255000,39.2,3,39.15,4,39.3,11,1,2022-09-05 09:10:26
1662369026082937000,39.15,1,39.15,3,39.3,11,2,2022-09-05 09:10:26
1662369026091936000,39.15,1,39.15,2,39.3,11,2,2022-09-05 09:10:26
1662369026265468000,39.15,2,39.1,6,39.3,11,2,2022-09-05 09:10:26
1662369026298828000,39.1,4,39.1,2,39.3,11,2,2022-09-05 09:10:26
1662369026911911000,39.25,5,39.1,2,39.3,11,2,2022-09-05 09:10:26
1662369027836755000,39.25,1,39.1,2,39.3,11,1,2022-09-05 09:10:27
1662369027836755000,39.3,1,39.1,2,39.3,11,1,2022-09-05 09:10:27
1662369029051772000,39.25,1,39.1,6,39.3,11,2,2022-09-05 09:10:29
1662369031352026000,39.15,1,39.1,1,39.25,1,2,2022-09-05 09:10:31
1662369031352026000,39.1,1,39.1,1,39.25,1,2,2022-09-05 09:10:31
1662369031502955000,39.2,1,39.2,1,39.25,1,2,2022-09-05 09:10:31
1662369034313629000,39.2,1,39.1,2,39.25,1,1,2022-09-05 09:10:34
1662369036231798000,39.1,2,39.1,1,39.25,1,2,2022-09-05 09:10:36
1662369037437676000,39.2,1,39.1,1,39.3,10,1,2022-09-05 09:10:37
1662369037437676000,39.25,1,39.1,1,39.3,10,1,2022-09-05 09:10:37
1662369042881977000,39.2,1,39.15,1,39.2,1,1,2022-09-05 09:10:42
1662369042988979000,39.2,1,39.15,1,39.3,7,1,2022-09-05 09:10:42
1662369042988979000,39.25,2,39.15,1,39.3,7,1,2022-09-05 09:10:42
1662369042988979000,39.3,2,39.15,1,39.3,7,1,2022-09-05 09:10:42
1662369043275708000,39.2,1,39.2,1,39.3,7,2,2022-09-05 09:10:43
1662369043318511000,39.2,1,39.15,1,39.3,7,2,2022-09-05 09:10:43
1662369043791501000,39.3,3,39.15,2,39.3,4,1,2022-09-05 09:10:43
1662369043824224000,39.3,4,39.15,2,39.3,4,1,2022-09-05 09:10:43
1662369058474376000,39.25,1,39.2,18,39.3,7,1,2022-09-05 09:10:58
1662369059767934000,39.25,1,39.2,18,39.25,10,2,2022-09-05 09:10:59
1662369062925456000,39.25,1,39.2,18,39.25,9,1,2022-09-05 09:11:02
1662369065316164000,39.2,1,39.2,18,39.25,14,2,2022-09-05 09:11:05
1662369065345968000,39.2,9,39.2,9,39.25,14,2,2022-09-05 09:11:05
1662369065355046000,39.25,1,39.2,9,39.25,13,1,2022-09-05 09:11:05
1662369065376507000,39.2,9,39.15,6,39.25,13,2,2022-09-05 09:11:05
1662369072577460000,39.15,1,39.15,6,39.2,5,2,2022-09-05 09:11:12
1662369075162011000,39.15,1,39.15,5,39.2,5,2,2022-09-05 09:11:15
1662369075272205000,39.15,5,39.1,8,39.2,5,2,2022-09-05 09:11:15
1662369076449436000,39.15,1,39.2,1,39.25,11,1,2022-09-05 09:11:16
1662369076449436000,39.2,3,39.2,1,39.25,11,1,2022-09-05 09:11:16
1662369076477738000,39.2,1,39.1,8,39.25,11,2,2022-09-05 09:11:16
1662369078531893000,39.1,4,39.1,3,39.15,2,2,2022-09-05 09:11:18
1662369078561918000,39.1,3,39.1,7,39.15,2,2,2022-09-05 09:11:18
1662369080213588000,39.1,1,39.05,20,39.1,1,1,2022-09-05 09:11:20
1662369080393687000,39.1,1,39.1,1,39.2,8,1,2022-09-05 09:11:20
1662369082717867000,39.1,1,39.05,20,39.15,3,2,2022-09-05 09:11:22
1662369086719316000,39.15,2,39.1,2,39.15,2,1,2022-09-05 09:11:26
1662369087638565000,39.1,1,39.1,1,39.15,2,2,2022-09-05 09:11:27
1662369087990862000,39.1,1,39.1,2,39.15,2,2,2022-09-05 09:11:27
1662369088259283000,39.1,1,39.1,1,39.15,2,2,2022-09-05 09:11:28
1662369089143727000,39.15,2,39.1,2,39.2,7,1,2022-09-05 09:11:29
1662369093725677000,39.1,1,39.1,9,39.2,7,2,2022-09-05 09:11:33
1662369098158201000,39.2,2,39.1,12,39.2,5,1,2022-09-05 09:11:38
1662369099327424000,39.1,1,39.1,11,39.15,3,2,2022-09-05 09:11:39
1662369101927168000,39.15,1,39.1,13,39.15,2,1,2022-09-05 09:11:41
1662369102860668000,39.15,1,39.1,14,39.15,1,1,2022-09-05 09:11:42
1662369102894791000,39.15,1,39.1,14,39.2,6,1,2022-09-05 09:11:42
1662369107703186000,39.15,1,39.15,4,39.2,7,2,2022-09-05 09:11:47
1662369108415731000,39.2,1,39.15,5,39.2,6,1,2022-09-05 09:11:48
1662369111754315000,39.2,1,39.15,5,39.2,5,1,2022-09-05 09:11:51
1662369113451834000,39.2,5,39.15,5,39.25,17,1,2022-09-05 09:11:53
1662369119064476000,39.2,1,39.2,4,39.25,22,1,2022-09-05 09:11:59
1662369119070891000,39.2,1,39.2,3,39.25,22,2,2022-09-05 09:11:59
1662369119104995000,39.2,3,39.15,5,39.25,22,2,2022-09-05 09:11:59
1662369122032975000,39.2,1,39.2,1,39.25,14,2,2022-09-05 09:12:02
1662369122996546000,39.25,10,39.2,1,39.25,4,1,2022-09-05 09:12:02
1662369123019693000,39.25,4,39.2,1,39.25,14,1,2022-09-05 09:12:03
1662369124535310000,39.2,1,39.2,1,39.3,4,2,2022-09-05 09:12:04
1662369131479582000,39.3,1,39.2,3,39.3,3,1,2022-09-05 09:12:11
1662369131508869000,39.3,3,39.2,3,39.35,6,1,2022-09-05 09:12:11
1662369134467094000,39.25,1,39.25,1,39.35,6,2,2022-09-05 09:12:14
1662369136644519000,39.3,4,39.2,6,39.3,10,2,2022-09-05 09:12:16
1662369140137534000,39.2,1,39.2,5,39.3,10,2,2022-09-05 09:12:20
1662369140653793000,39.3,3,39.2,5,39.3,7,1,2022-09-05 09:12:20
1662369141810259000,39.2,3,39.2,3,39.3,7,2,2022-09-05 09:12:21
1662369141845784000,39.3,3,39.2,3,39.3,4,1,2022-09-05 09:12:21
1662369143543965000,39.3,1,39.25,2,39.3,3,1,2022-09-05 09:12:23
1662369144072498000,39.3,1,39.25,2,39.3,2,1,2022-09-05 09:12:24
1662369144375455000,39.3,1,39.25,2,39.3,1,1,2022-09-05 09:12:24
1662369144521974000,39.3,1,39.25,2,39.35,6,1,2022-09-05 09:12:24
1662369151566998000,39.3,1,39.3,4,39.35,6,1,2022-09-05 09:12:31
1662369155790375000,39.3,1,39.3,4,39.35,6,2,2022-09-05 09:12:35
1662369155850673000,39.35,2,39.3,4,39.35,4,1,2022-09-05 09:12:35
1662369157318308000,39.35,1,39.3,5,39.35,3,1,2022-09-05 09:12:37
1662369157825323000,39.35,1,39.3,5,39.35,2,1,2022-09-05 09:12:37
1662369158220554000,39.35,2,39.3,5,39.4,1,1,2022-09-05 09:12:38
1662369159733138000,39.4,1,39.35,2,39.45,6,1,2022-09-05 09:12:39
1662369159733138000,39.45,1,39.35,2,39.45,6,1,2022-09-05 09:12:39
1662369161156175000,39.45,1,39.35,3,39.45,6,1,2022-09-05 09:12:41
1662369162245012000,39.35,3,39.3,7,39.35,11,2,2022-09-05 09:12:42
1662369162283505000,39.3,7,39.25,6,39.35,11,2,2022-09-05 09:12:42
1662369162951750000,39.35,1,39.25,6,39.35,10,1,2022-09-05 09:12:42
1662369166470871000,39.35,2,39.3,1,39.35,8,1,2022-09-05 09:12:46
1662369166510657000,39.3,1,39.25,4,39.35,8,2,2022-09-05 09:12:46
1662369168065162000,39.35,1,39.25,4,39.35,7,1,2022-09-05 09:12:48
1662369168366553000,39.35,3,39.3,5,39.35,4,1,2022-09-05 09:12:48
1662369169270894000,39.3,1,39.3,5,39.35,4,2,2022-09-05 09:12:49
1662369174062074000,39.3,1,39.3,5,39.35,4,2,2022-09-05 09:12:54
1662369175004714000,39.3,6,39.25,2,39.35,4,2,2022-09-05 09:12:55
1662369175536586000,39.25,2,39.2,5,39.35,4,2,2022-09-05 09:12:55
1662369175536586000,39.2,2,39.2,5,39.35,4,2,2022-09-05 09:12:55
1662369175656081000,39.35,4,39.25,1,39.45,6,1,2022-09-05 09:12:55
1662369175938249000,39.25,1,39.2,5,39.45,7,2,2022-09-05 09:12:55
1662369185483568000,39.3,8,39.2,7,39.35,1,2,2022-09-05 09:13:05
1662369190077091000,39.2,2,39.2,6,39.35,2,2,2022-09-05 09:13:10
1662369195830339000,39.3,1,39.25,1,39.3,1,1,2022-09-05 09:13:15
1662369195859947000,39.3,1,39.25,1,39.35,2,1,2022-09-05 09:13:15
1662369195859975000,39.25,1,39.2,8,39.35,2,2,2022-09-05 09:13:15
1662369196777578000,39.25,1,39.2,8,39.35,2,2,2022-09-05 09:13:16
1662369201905814000,39.2,1,39.2,7,39.25,1,2,2022-09-05 09:13:21
1662369202411899000,39.25,1,39.2,7,39.25,4,1,2022-09-05 09:13:22
1662369202595265000,39.2,1,39.2,6,39.25,3,2,2022-09-05 09:13:22
1662369205260563000,39.2,4,39.2,3,39.25,4,2,2022-09-05 09:13:25
1662369205293622000,39.2,3,39.15,9,39.25,4,2,2022-09-05 09:13:25
1662369206288882000,39.15,9,39.1,20,39.15,11,2,2022-09-05 09:13:26
1662369206353728000,39.1,1,39.1,20,39.15,12,2,2022-09-05 09:13:26
1662369208227958000,39.15,1,39.1,19,39.15,14,1,2022-09-05 09:13:28
1662369213851386000,39.15,14,39.15,1,39.2,2,1,2022-09-05 09:13:33
1662369213886121000,39.15,1,39.1,18,39.2,2,2,2022-09-05 09:13:33
1662369216657114000,39.1,1,39.1,17,39.15,1,2,2022-09-05 09:13:36
1662369222529725000,39.15,1,39.1,18,39.15,1,1,2022-09-05 09:13:42
1662369225516625000,39.1,3,39.1,15,39.15,1,2,2022-09-05 09:13:45
1662369225952209000,39.15,1,39.1,15,39.25,1,1,2022-09-05 09:13:45
1662369233051350000,39.15,1,39.1,16,39.15,3,2,2022-09-05 09:13:53
1662369233097991000,39.15,1,39.1,16,39.15,2,1,2022-09-05 09:13:53
1662369233208189000,39.15,1,39.1,16,39.15,1,1,2022-09-05 09:13:53
1662369233271533000,39.15,1,39.1,16,39.3,4,1,2022-09-05 09:13:53
1662369233271533000,39.2,1,39.1,16,39.3,4,1,2022-09-05 09:13:53
1662369233271533000,39.25,1,39.1,16,39.3,4,1,2022-09-05 09:13:53
1662369233972556000,39.1,1,39.1,17,39.25,1,2,2022-09-05 09:13:53
1662369236296147000,39.15,1,39.1,7,39.25,1,2,2022-09-05 09:13:56
1662369236296147000,39.1,9,39.1,7,39.25,1,2,2022-09-05 09:13:56
1662369237705695000,39.1,1,39.1,6,39.15,2,2,2022-09-05 09:13:57
1662369238805439000,39.15,2,39.1,6,39.3,4,1,2022-09-05 09:13:58
1662369238805439000,39.25,1,39.1,6,39.3,4,1,2022-09-05 09:13:58
1662369246482158000,39.15,2,39.1,7,39.3,1,2,2022-09-05 09:14:06
1662369249536422000,39.25,1,39.1,10,39.25,1,2,2022-09-05 09:14:09
1662369259362095000,39.2,1,39.15,2,39.25,5,1,2022-09-05 09:14:19
1662369278246882000,39.15,2,39.1,14,39.2,2,2,2022-09-05 09:14:38
1662369279933946000,39.15,1,39.1,14,39.2,5,2,2022-09-05 09:14:39
1662369289145927000,39.15,1,39.15,1,39.2,5,2,2022-09-05 09:14:49
1662369290963417000,39.15,1,39.1,13,39.2,5,2,2022-09-05 09:14:50
1662369293568240000,39.1,1,39.1,12,39.15,4,2,2022-09-05 09:14:53
1662369296371563000,39.1,10,39.1,2,39.15,5,2,2022-09-05 09:14:56
1662369296395593000,39.1,2,39.05,19,39.15,5,2,2022-09-05 09:14:56
1662369303185000000,39.1,1,39.05,19,39.15,5,1,2022-09-05 09:15:03
1662369303529953000,39.05,15,39.05,4,39.15,2,2,2022-09-05 09:15:03
1662369303567618000,39.05,4,39.0,45,39.15,2,2,2022-09-05 09:15:03
1662369307600104000,39.0,1,39.0,45,39.05,5,2,2022-09-05 09:15:07
1662369310096775000,39.0,4,39.0,41,39.05,5,2,2022-09-05 09:15:10
1662369310372991000,39.05,1,39.0,41,39.05,4,1,2022-09-05 09:15:10
1662369310600178000,39.0,1,39.0,34,39.05,4,2,2022-09-05 09:15:10
1662369310733585000,39.0,1,39.0,33,39.05,4,2,2022-09-05 09:15:10
1662369310940558000,39.0,1,39.0,32,39.05,4,2,2022-09-05 09:15:10
1662369311076642000,39.0,1,39.0,31,39.05,4,2,2022-09-05 09:15:11
1662369312493842000,39.0,1,39.0,30,39.05,2,2,2022-09-05 09:15:12
1662369312818235000,39.0,7,39.0,23,39.05,2,2,2022-09-05 09:15:12
1662369313131078000,39.0,2,39.0,24,39.05,2,2,2022-09-05 09:15:13
1662369313657965000,39.05,1,39.0,24,39.05,1,1,2022-09-05 09:15:13
1662369313913205000,39.0,1,39.0,23,39.05,1,2,2022-09-05 09:15:13
1662369314118497000,39.0,1,39.0,22,39.05,1,2,2022-09-05 09:15:14
1662369314388811000,39.0,2,39.0,20,39.05,1,2,2022-09-05 09:15:14
1662369314642942000,39.0,1,39.0,19,39.05,1,2,2022-09-05 09:15:14
1662369315186714000,39.0,5,39.0,14,39.05,5,2,2022-09-05 09:15:15
1662369315213951000,39.0,7,39.0,7,39.05,5,2,2022-09-05 09:15:15
1662369315218791000,39.0,1,39.0,6,39.05,5,2,2022-09-05 09:15:15
1662369315243969000,39.0,2,39.0,4,39.05,5,2,2022-09-05 09:15:15
1662369315244325000,39.0,4,38.95,3,39.05,5,2,2022-09-05 09:15:15
1662369317249403000,38.95,1,38.95,2,39.0,6,2,2022-09-05 09:15:17
1662369317281456000,38.95,2,38.9,5,39.0,6,2,2022-09-05 09:15:17
1662369317281456000,38.9,2,38.9,5,39.0,6,2,2022-09-05 09:15:17
1662369317283309000,38.9,4,38.9,1,39.0,6,2,2022-09-05 09:15:17
1662369317518662000,38.9,1,38.85,3,38.95,1,2,2022-09-05 09:15:17
1662369323215787000,38.85,3,38.8,22,38.9,2,2,2022-09-05 09:15:23
1662369323480713000,38.9,1,38.8,22,38.9,1,1,2022-09-05 09:15:23
1662369324999648000,38.8,1,38.8,21,38.9,2,2,2022-09-05 09:15:24
1662369326090420000,38.85,5,38.85,1,38.9,3,2,2022-09-05 09:15:26
1662369326121729000,38.85,1,38.8,21,38.9,3,2,2022-09-05 09:15:26
1662369326672568000,38.8,1,38.8,20,38.85,1,2,2022-09-05 09:15:26
1662369327610017000,38.85,1,38.8,20,38.9,6,1,2022-09-05 09:15:27
1662369328965988000,38.8,3,38.8,17,38.9,4,2,2022-09-05 09:15:28
1662369329101101000,38.8,1,38.8,16,38.85,1,2,2022-09-05 09:15:29
1662369329830332000,38.8,2,38.8,14,38.85,1,2,2022-09-05 09:15:29
1662369331577004000,38.8,3,38.8,18,38.85,4,2,2022-09-05 09:15:31
1662369332418908000,38.8,1,38.8,18,38.85,10,2,2022-09-05 09:15:32
1662369332727127000,38.85,1,38.8,17,38.85,9,1,2022-09-05 09:15:32
1662369332887456000,38.8,2,38.8,15,38.85,9,2,2022-09-05 09:15:32
1662369333407718000,38.8,1,38.8,14,38.85,9,2,2022-09-05 09:15:33
1662369334309530000,38.8,1,38.8,13,38.85,9,2,2022-09-05 09:15:34
1662369334474391000,38.8,9,38.8,4,38.85,9,2,2022-09-05 09:15:34
1662369334507407000,38.8,3,38.8,1,38.85,9,2,2022-09-05 09:15:34
1662369334530499000,38.8,1,38.75,5,38.85,9,2,2022-09-05 09:15:34
1662369335554835000,38.75,1,38.75,4,38.85,9,2,2022-09-05 09:15:35
1662369336104006000,38.75,1,38.75,3,38.8,1,2,2022-09-05 09:15:36
1662369336688626000,38.75,1,38.75,2,38.8,1,2,2022-09-05 09:15:36
1662369338477002000,38.75,1,38.75,6,38.8,2,2,2022-09-05 09:15:38
1662369338883117000,38.75,1,38.75,5,38.8,2,2,2022-09-05 09:15:38
1662369338918415000,38.75,1,38.75,4,38.8,2,2,2022-09-05 09:15:38
1662369339407702000,38.75,2,38.75,2,38.8,4,2,2022-09-05 09:15:39
1662369340998535000,38.75,2,38.75,5,38.8,4,2,2022-09-05 09:15:40
1662369341026658000,38.75,1,38.75,4,38.8,4,2,2022-09-05 09:15:41
1662369341428665000,38.75,4,38.7,21,38.75,6,2,2022-09-05 09:15:41
1662369341463209000,38.75,6,38.7,21,38.8,4,1,2022-09-05 09:15:41
1662369342909585000,38.7,8,38.7,13,38.75,6,2,2022-09-05 09:15:42
1662369343914135000,38.75,1,38.7,13,38.75,5,1,2022-09-05 09:15:43
1662369344149601000,38.75,5,38.7,13,38.8,4,1,2022-09-05 09:15:44
1662369345350822000,38.7,1,38.7,12,38.8,4,2,2022-09-05 09:15:45
1662369346057568000,38.75,2,38.7,12,38.8,4,1,2022-09-05 09:15:46
1662369346130090000,38.7,3,38.7,9,38.8,4,2,2022-09-05 09:15:46
1662369346164247000,38.7,1,38.7,8,38.8,3,2,2022-09-05 09:15:46
1662369347134270000,38.75,4,38.7,10,38.9,7,1,2022-09-05 09:15:47
1662369348653549000,38.75,2,38.75,19,38.9,3,2,2022-09-05 09:15:48
1662369349137427000,38.75,1,38.75,16,38.9,3,2,2022-09-05 09:15:49
1662369350222172000,38.75,1,38.75,15,38.9,3,2,2022-09-05 09:15:50
1662369350484032000,38.75,1,38.75,14,38.9,3,2,2022-09-05 09:15:50
1662369350485383000,38.75,2,38.75,12,38.9,3,2,2022-09-05 09:15:50
1662369353696101000,38.9,3,38.75,16,38.95,1,1,2022-09-05 09:15:53
1662369353696101000,38.95,1,38.75,16,38.95,1,1,2022-09-05 09:15:53
1662369361717301000,38.8,1,38.8,4,38.95,3,2,2022-09-05 09:16:01
1662369363735247000,38.85,1,38.8,4,38.95,3,1,2022-09-05 09:16:03
1662369366555275000,38.9,1,38.8,17,38.9,5,1,2022-09-05 09:16:06
1662369369016329000,38.85,1,38.85,3,38.9,5,2,2022-09-05 09:16:09
1662369372230115000,38.85,2,38.85,5,38.9,6,2,2022-09-05 09:16:12
1662369373915155000,38.85,2,38.85,1,38.9,6,2,2022-09-05 09:16:13
1662369375071763000,38.9,1,38.85,1,38.9,5,1,2022-09-05 09:16:15
1662369383635730000,38.85,1,38.85,4,38.9,4,2,2022-09-05 09:16:23
1662369383943578000,38.9,1,38.85,4,38.9,3,1,2022-09-05 09:16:23
1662369385185588000,38.9,1,38.85,4,38.9,2,1,2022-09-05 09:16:25
1662369385677586000,38.85,1,38.85,3,38.9,2,2,2022-09-05 09:16:25
1662369386392458000,38.9,1,38.85,3,38.9,1,1,2022-09-05 09:16:26
1662369388633792000,38.9,1,38.85,3,38.95,5,1,2022-09-05 09:16:28
1662369389827034000,38.9,1,38.85,3,38.95,5,1,2022-09-05 09:16:29
1662369393046821000,38.9,1,38.9,2,38.95,5,2,2022-09-05 09:16:33
1662369395600646000,38.9,1,38.9,1,38.95,5,2,2022-09-05 09:16:35
1662369396628483000,38.9,1,38.85,4,38.95,5,2,2022-09-05 09:16:36
1662369407739933000,38.9,6,38.9,24,38.95,5,1,2022-09-05 09:16:47
1662369412125048000,38.9,1,38.9,23,38.95,5,2,2022-09-05 09:16:52
1662369413237332000,38.9,1,38.9,22,38.95,5,2,2022-09-05 09:16:53
1662369416318266000,38.9,1,38.9,21,38.95,8,2,2022-09-05 09:16:56
1662369417379188000,38.9,3,38.9,18,38.95,8,2,2022-09-05 09:16:57
1662369431722655000,38.9,1,38.9,18,38.95,8,2,2022-09-05 09:17:11
1662369433211837000,38.9,1,38.9,17,38.95,8,2,2022-09-05 09:17:13
1662369434031479000,38.9,1,38.9,16,38.95,8,2,2022-09-05 09:17:14
1662369435754686000,38.9,3,38.9,16,38.95,8,2,2022-09-05 09:17:15
1662369436940408000,38.9,3,38.9,13,38.95,8,2,2022-09-05 09:17:16
1662369438539568000,38.9,3,38.9,10,38.95,8,2,2022-09-05 09:17:18
1662369440236846000,38.9,3,38.9,7,38.95,8,2,2022-09-05 09:17:20
1662369440455518000,38.9,1,38.9,6,38.95,8,2,2022-09-05 09:17:20
1662369442126187000,38.9,3,38.9,3,38.95,5,2,2022-09-05 09:17:22
1662369442446774000,38.9,1,38.9,2,38.95,5,2,2022-09-05 09:17:22
1662369442475238000,38.9,1,38.9,1,38.95,5,2,2022-09-05 09:17:22
1662369443920485000,38.9,1,38.85,5,38.9,2,2,2022-09-05 09:17:23
1662369448196084000,38.9,1,38.85,5,38.9,7,1,2022-09-05 09:17:28
1662369449034429000,38.9,1,38.85,5,38.9,6,1,2022-09-05 09:17:29
1662369449168035000,38.85,1,38.85,4,38.9,6,2,2022-09-05 09:17:29
1662369451596570000,38.85,1,38.85,3,38.9,4,2,2022-09-05 09:17:31
1662369456248781000,38.85,1,38.85,7,38.9,6,2,2022-09-05 09:17:36
1662369467830126000,38.85,10,38.85,2,38.9,6,2,2022-09-05 09:17:47
1662369468016152000,38.9,6,38.85,2,38.95,5,1,2022-09-05 09:17:48
1662369470099519000,38.95,2,38.85,2,38.95,3,1,2022-09-05 09:17:50
1662369470129084000,38.95,3,38.85,2,39.0,4,1,2022-09-05 09:17:50
1662369475179592000,39.0,4,38.9,2,39.1,1,1,2022-09-05 09:17:55
1662369475179592000,39.1,1,38.9,2,39.1,1,1,2022-09-05 09:17:55
1662369475873734000,38.95,1,39.0,6,39.1,5,1,2022-09-05 09:17:55
1662369487525171000,39.05,1,39.0,6,39.05,1,1,2022-09-05 09:18:07
1662369489017929000,39.0,1,39.0,5,39.05,3,2,2022-09-05 09:18:09
1662369489273241000,39.0,1,39.0,4,39.05,3,2,2022-09-05 09:18:09
1662369490897693000,39.05,3,39.0,4,39.15,2,1,2022-09-05 09:18:10
1662369490897693000,39.1,1,39.0,4,39.15,2,1,2022-09-05 09:18:10
1662369493130797000,39.0,1,39.0,3,39.15,2,2,2022-09-05 09:18:13
1662369493155653000,39.0,3,38.95,1,39.15,2,2,2022-09-05 09:18:13
1662369495573483000,39.15,2,38.95,1,39.2,5,1,2022-09-05 09:18:15
1662369495573483000,39.2,1,38.95,1,39.2,5,1,2022-09-05 09:18:15
1662369501565256000,39.2,5,39.2,5,39.25,5,1,2022-09-05 09:18:21
1662369503932831000,39.25,1,39.2,5,39.25,4,1,2022-09-05 09:18:23
1662369508664615000,39.25,1,39.2,9,39.25,4,1,2022-09-05 09:18:28
1662369509174653000,39.25,2,39.2,9,39.25,2,1,2022-09-05 09:18:29
1662369510750721000,39.2,3,39.2,6,39.25,2,2,2022-09-05 09:18:30
1662369510952120000,39.25,2,39.25,3,39.3,14,1,2022-09-05 09:18:30
1662369513828585000,39.25,2,39.25,7,39.3,14,2,2022-09-05 09:18:33
1662369515105375000,39.3,10,39.25,7,39.3,4,1,2022-09-05 09:18:35
1662369517423194000,39.25,1,39.25,8,39.3,4,2,2022-09-05 09:18:37
1662369517515980000,39.3,1,39.25,8,39.3,3,1,2022-09-05 09:18:37
1662369518877432000,39.3,1,39.25,8,39.3,2,1,2022-09-05 09:18:38
1662369519827510000,39.3,1,39.25,8,39.3,1,1,2022-09-05 09:18:39
1662369524882832000,39.3,2,39.25,8,39.3,5,1,2022-09-05 09:18:44
1662369524903082000,39.3,1,39.25,8,39.3,4,1,2022-09-05 09:18:44
1662369526196816000,39.25,2,39.25,6,39.3,4,2,2022-09-05 09:18:46
1662369527975078000,39.3,4,39.25,6,39.35,4,1,2022-09-05 09:18:47
1662369531807358000,39.25,2,39.25,5,39.35,4,2,2022-09-05 09:18:51
1662369533078409000,39.3,1,39.25,6,39.35,4,1,2022-09-05 09:18:53
1662369533597280000,39.3,1,39.3,1,39.35,4,2,2022-09-05 09:18:53
1662369535754807000,39.3,1,39.25,7,39.35,5,2,2022-09-05 09:18:55
1662369538337949000,39.3,1,39.25,7,39.3,3,1,2022-09-05 09:18:58
1662369540988609000,39.3,1,39.25,7,39.3,3,1,2022-09-05 09:19:00
1662369541402074000,39.3,3,39.25,7,39.35,4,1,2022-09-05 09:19:01
1662369551920866000,39.25,2,39.25,9,39.3,4,2,2022-09-05 09:19:11
1662369552289651000,39.25,5,39.25,4,39.3,7,2,2022-09-05 09:19:12
1662369552320346000,39.25,4,39.2,6,39.3,7,2,2022-09-05 09:19:12
1662369555409875000,39.2,3,39.2,3,39.25,8,2,2022-09-05 09:19:15
1662369555442082000,39.2,3,39.15,2,39.25,8,2,2022-09-05 09:19:15
1662369556898981000,39.15,2,39.1,4,39.2,6,2,2022-09-05 09:19:16
1662369556919762000,39.2,2,39.1,4,39.2,4,1,2022-09-05 09:19:16
1662369563483209000,39.2,2,39.15,1,39.2,2,1,2022-09-05 09:19:23
1662369564410365000,39.15,1,39.1,4,39.2,2,2,2022-09-05 09:19:24
1662369564599616000,39.1,1,39.1,3,39.2,2,2,2022-09-05 09:19:24
1662369567681296000,39.1,2,39.1,1,39.2,2,2,2022-09-05 09:19:27
1662369569723536000,39.1,1,39.0,8,39.2,5,2,2022-09-05 09:19:29
1662369589806376000,39.0,1,39.0,3,39.1,14,2,2022-09-05 09:19:49
1662369589840292000,39.0,3,38.9,4,39.1,14,2,2022-09-05 09:19:49
1662369591741083000,39.1,2,38.9,4,39.1,12,1,2022-09-05 09:19:51
1662369605114538000,39.0,5,38.9,3,39.1,14,1,2022-09-05 09:20:05
1662369606687748000,38.9,3,38.85,5,39.1,14,2,2022-09-05 09:20:06
1662369623372215000,38.85,5,38.8,7,38.9,1,2,2022-09-05 09:20:23
1662369625028643000,38.8,1,38.8,6,38.85,1,2,2022-09-05 09:20:25
1662369629944695000,38.8,1,38.8,5,38.85,2,2,2022-09-05 09:20:29
1662369630378337000,38.8,5,38.75,8,38.85,2,2,2022-09-05 09:20:30
1662369632921098000,38.75,1,38.75,7,38.8,1,2,2022-09-05 09:20:32
1662369636817298000,38.75,1,38.75,6,38.8,6,2,2022-09-05 09:20:36
1662369637376910000,38.75,3,38.75,1,38.8,6,2,2022-09-05 09:20:37
1662369638888380000,38.75,1,38.7,11,38.75,1,2,2022-09-05 09:20:38
1662369642539056000,38.7,1,38.7,10,38.75,4,2,2022-09-05 09:20:42
1662369642682915000,38.7,4,38.7,6,38.75,4,2,2022-09-05 09:20:42
1662369646043929000,38.7,2,38.7,4,38.75,4,2,2022-09-05 09:20:46
1662369646469625000,38.7,4,38.65,6,38.7,6,2,2022-09-05 09:20:46
1662369649235394000,38.65,5,38.65,4,38.7,7,2,2022-09-05 09:20:49
1662369650660134000,38.65,1,38.65,3,38.7,7,2,2022-09-05 09:20:50
1662369651030872000,38.7,1,38.65,3,38.7,6,1,2022-09-05 09:20:51
1662369651081487000,38.65,3,38.6,19,38.7,6,2,2022-09-05 09:20:51
1662369651158887000,38.65,1,38.6,19,38.7,6,1,2022-09-05 09:20:51
1662369651852466000,38.65,1,38.6,20,38.7,6,1,2022-09-05 09:20:51
1662369655031991000,38.6,1,38.6,19,38.7,6,2,2022-09-05 09:20:55
1662369658467796000,38.6,1,38.6,18,38.65,4,2,2022-09-05 09:20:58
1662369658623634000,38.6,1,38.6,17,38.65,4,2,2022-09-05 09:20:58
1662369658798256000,38.6,1,38.6,16,38.65,4,2,2022-09-05 09:20:58
1662369658946720000,38.65,1,38.6,16,38.65,3,1,2022-09-05 09:20:58
1662369660494465000,38.6,1,38.6,15,38.65,3,2,2022-09-05 09:21:00
1662369661317792000,38.6,1,38.6,14,38.65,3,2,2022-09-05 09:21:01
1662369662826875000,38.65,1,38.6,14,38.65,4,1,2022-09-05 09:21:02
1662369664191159000,38.65,4,38.6,14,38.7,6,1,2022-09-05 09:21:04
1662369664854079000,38.6,2,38.6,12,38.7,6,2,2022-09-05 09:21:04
1662369665291054000,38.6,4,38.6,8,38.7,6,2,2022-09-05 09:21:05
1662369665323809000,38.6,5,38.6,3,38.7,6,2,2022-09-05 09:21:05
1662369667010128000,38.6,1,38.6,3,38.7,1,2,2022-09-05 09:21:07
1662369667365105000,38.6,1,38.6,2,38.7,1,2,2022-09-05 09:21:07
1662369669634920000,38.6,1,38.6,2,38.65,1,2,2022-09-05 09:21:09
1662369669787886000,38.65,1,38.6,7,38.7,1,1,2022-09-05 09:21:09
1662369672553714000,38.6,1,38.6,6,38.75,1,2,2022-09-05 09:21:12
1662369674817773000,38.6,4,38.6,2,38.75,1,2,2022-09-05 09:21:14
1662369676047472000,38.6,2,38.55,25,38.7,1,2,2022-09-05 09:21:16
1662369676292736000,38.6,1,38.55,25,38.6,5,2,2022-09-05 09:21:16
1662369676323593000,38.6,5,38.55,25,38.7,1,1,2022-09-05 09:21:16
1662369677340208000,38.65,1,38.55,25,38.7,1,2,2022-09-05 09:21:17
1662369688507387000,38.65,4,38.6,9,38.65,4,1,2022-09-05 09:21:28
1662369691727208000,38.7,1,38.65,5,38.75,1,1,2022-09-05 09:21:31
1662369692040881000,38.65,5,38.6,9,38.65,1,2,2022-09-05 09:21:32
1662369692077197000,38.65,1,38.6,9,38.75,1,1,2022-09-05 09:21:32
1662369692885535000,38.7,1,38.7,1,38.75,1,2,2022-09-05 09:21:32
1662369694740571000,38.7,1,38.65,8,38.75,1,2,2022-09-05 09:21:34
1662369696402942000,38.65,1,38.65,7,38.7,1,2,2022-09-05 09:21:36
1662369699500546000,38.7,1,38.65,7,38.75,1,1,2022-09-05 09:21:39
1662369704082379000,38.7,1,38.7,6,38.75,2,2,2022-09-05 09:21:44
1662369707101201000,38.75,1,38.7,5,38.75,2,1,2022-09-05 09:21:47
1662369707757845000,38.7,5,38.65,10,38.7,15,2,2022-09-05 09:21:47
1662369707915292000,38.7,2,38.65,10,38.7,13,1,2022-09-05 09:21:47
1662369708056414000,38.7,1,38.65,10,38.7,15,1,2022-09-05 09:21:48
1662369710379334000,38.7,3,38.65,10,38.7,9,1,2022-09-05 09:21:50
1662369711031521000,38.65,2,38.65,8,38.7,9,2,2022-09-05 09:21:51
1662369711306277000,38.7,5,38.65,8,38.7,4,1,2022-09-05 09:21:51
1662369711342911000,38.7,4,38.65,8,38.8,2,1,2022-09-05 09:21:51
1662369723288055000,38.75,1,38.7,9,38.75,1,1,2022-09-05 09:22:03
1662369732783661000,38.75,2,38.7,10,38.8,1,2,2022-09-05 09:22:12
1662369736960634000,38.75,1,38.8,1,38.85,2,1,2022-09-05 09:22:16
1662369736960634000,38.8,1,38.8,1,38.85,2,1,2022-09-05 09:22:16
1662369743146811000,38.8,1,38.75,11,38.85,2,2,2022-09-05 09:22:23
1662369743146811000,38.75,2,38.75,11,38.85,2,2,2022-09-05 09:22:23
1662369743602837000,38.8,1,38.8,1,38.85,2,1,2022-09-05 09:22:23
1662369747885616000,38.8,2,38.75,1,38.8,1,2,2022-09-05 09:22:27
1662369748971846000,38.8,1,38.8,4,38.85,2,1,2022-09-05 09:22:28
1662369749320484000,38.8,1,38.8,3,38.85,2,2,2022-09-05 09:22:29
1662369752319039000,38.8,3,38.75,2,38.85,2,2,2022-09-05 09:22:32
1662369752319039000,38.75,1,38.75,2,38.85,2,2,2022-09-05 09:22:32
1662369758724871000,38.8,2,38.8,1,38.85,2,2,2022-09-05 09:22:38
1662369765117495000,38.8,1,38.75,4,38.85,4,2,2022-09-05 09:22:45
1662369769780269000,38.75,1,38.75,9,38.85,5,2,2022-09-05 09:22:49
1662369778160965000,38.8,1,38.75,9,38.85,5,2,2022-09-05 09:22:58
1662369781442163000,38.8,2,38.8,2,38.85,5,2,2022-09-05 09:23:01
1662369785528961000,38.8,2,38.8,20,38.85,5,2,2022-09-05 09:23:05
1662369789789179000,38.85,2,38.8,21,38.85,3,1,2022-09-05 09:23:09
1662369790103842000,38.8,1,38.8,20,38.85,3,2,2022-09-05 09:23:10
1662369796525933000,38.85,1,38.8,20,38.85,3,1,2022-09-05 09:23:16
1662369799166224000,38.8,1,38.8,20,38.85,3,2,2022-09-05 09:23:19
1662369816318779000,38.85,2,38.8,27,38.85,1,1,2022-09-05 09:23:36
1662369816359531000,38.85,1,38.8,27,38.9,8,1,2022-09-05 09:23:36
1662369823756980000,38.9,1,38.8,27,38.9,7,1,2022-09-05 09:23:43
1662369827482707000,38.9,2,38.85,2,38.9,5,1,2022-09-05 09:23:47
1662369828949260000,38.9,1,38.85,12,38.9,4,1,2022-09-05 09:23:48
1662369828977005000,38.9,4,38.85,12,38.95,2,1,2022-09-05 09:23:48
1662369832962012000,38.9,1,38.85,13,38.9,1,1,2022-09-05 09:23:52
1662369834776804000,38.9,1,38.85,13,38.95,2,1,2022-09-05 09:23:54
1662369842527956000,38.9,2,38.85,18,38.95,2,2,2022-09-05 09:24:02
1662369846519251000,38.9,2,38.85,18,38.95,2,1,2022-09-05 09:24:06
1662369855593219000,38.9,1,38.9,2,38.95,2,2,2022-09-05 09:24:15
1662369870550433000,38.9,1,38.9,11,38.95,2,2,2022-09-05 09:24:30
1662369871231431000,38.9,2,38.9,9,38.95,2,2,2022-09-05 09:24:31
1662369875418766000,38.9,1,38.9,8,38.95,4,2,2022-09-05 09:24:35
1662369889591413000,38.9,1,38.9,14,38.95,4,2,2022-09-05 09:24:49
1662369892526756000,38.9,9,38.85,18,38.95,5,2,2022-09-05 09:24:52
1662369892869587000,38.95,2,38.85,18,38.95,3,1,2022-09-05 09:24:52
1662369903069350000,38.9,1,38.85,18,38.9,7,1,2022-09-05 09:25:03
1662369907134617000,38.9,1,38.85,18,38.9,6,1,2022-09-05 09:25:07
1662369907433808000,38.9,5,38.85,13,38.9,1,1,2022-09-05 09:25:07
1662369908919938000,38.9,1,38.85,13,38.95,3,1,2022-09-05 09:25:08
1662369909797983000,38.95,1,38.85,13,38.95,2,1,2022-09-05 09:25:09
1662369911066757000,38.9,1,38.9,18,38.95,2,2,2022-09-05 09:25:11
1662369920400776000,38.95,1,38.9,19,38.95,1,1,2022-09-05 09:25:20
1662369929039476000,38.9,1,38.9,19,38.95,3,2,2022-09-05 09:25:29
1662369935429884000,38.95,1,38.9,19,38.95,2,1,2022-09-05 09:25:35
1662369935653991000,38.9,18,38.9,1,38.95,2,2,2022-09-05 09:25:35
1662369935680175000,38.9,1,38.85,13,38.95,2,2,2022-09-05 09:25:35
1662369951100994000,38.85,13,38.8,31,38.85,1,2,2022-09-05 09:25:51
1662369958349402000,38.8,8,38.8,5,38.85,1,2,2022-09-05 09:25:58
1662369958349501000,38.8,5,38.75,3,38.85,1,2,2022-09-05 09:25:58
1662369963283301000,38.75,3,38.7,11,38.75,2,2,2022-09-05 09:26:03
1662369978089255000,38.7,1,38.7,9,38.75,3,2,2022-09-05 09:26:18
1662369995413520000,38.7,1,38.7,7,38.75,5,2,2022-09-05 09:26:35
1662370006650207000,38.7,1,38.7,6,38.75,5,2,2022-09-05 09:26:46
1662370010853568000,38.7,5,38.7,4,38.75,5,2,2022-09-05 09:26:50
1662370014585123000,38.75,1,38.7,4,38.75,4,1,2022-09-05 09:26:54
1662370033777908000,38.75,1,38.7,4,38.75,4,1,2022-09-05 09:27:13
1662370035194308000,38.7,2,38.7,2,38.75,4,2,2022-09-05 09:27:15
1662370047802900000,38.75,2,38.7,12,38.75,2,1,2022-09-05 09:27:27
1662370048396870000,38.75,2,38.7,12,38.8,1,1,2022-09-05 09:27:28
1662370054838997000,38.75,2,38.7,13,38.8,2,2,2022-09-05 09:27:34
1662370061488866000,38.8,2,38.75,1,39.3,18,1,2022-09-05 09:27:41
1662370061488866000,38.9,1,38.75,1,39.3,18,1,2022-09-05 09:27:41
1662370061488866000,38.95,8,38.75,1,39.3,18,1,2022-09-05 09:27:41
1662370061488866000,39.0,8,38.75,1,39.3,18,1,2022-09-05 09:27:41
1662370061488866000,39.05,6,38.75,1,39.3,18,1,2022-09-05 09:27:41
1662370061488866000,39.1,12,38.75,1,39.3,18,1,2022-09-05 09:27:41
1662370061488866000,39.15,3,38.75,1,39.3,18,1,2022-09-05 09:27:41
1662370061488866000,39.2,2,38.75,1,39.3,18,1,2022-09-05 09:27:41
1662370061488866000,39.25,1,38.75,1,39.3,18,1,2022-09-05 09:27:41
1662370061488866000,39.3,7,38.75,1,39.3,18,1,2022-09-05 09:27:41
1662370061659163000,39.3,1,38.8,3,39.3,8,1,2022-09-05 09:27:41
1662370061792500000,38.8,1,38.8,3,39.3,9,2,2022-09-05 09:27:41
1662370061855556000,39.3,1,38.8,2,39.3,7,1,2022-09-05 09:27:41
1662370061985074000,38.8,2,38.75,3,39.3,7,2,2022-09-05 09:27:41
1662370061985074000,38.75,1,38.75,3,39.3,7,2,2022-09-05 09:27:41
1662370062200174000,38.7,3,38.7,11,39.3,7,2,2022-09-05 09:27:42
1662370082511410000,38.8,1,38.75,6,39.1,1,2,2022-09-05 09:28:02
1662370135194417000,38.9,1,38.8,7,38.95,11,1,2022-09-05 09:28:55
1662370160767446000,38.8,1,38.8,7,38.95,11,2,2022-09-05 09:29:20
1662370162641527000,38.8,7,38.75,4,38.9,7,2,2022-09-05 09:29:22
1662370171493415000,38.8,1,38.75,4,38.8,8,2,2022-09-05 09:29:31
1662370171522295000,38.75,4,38.7,11,38.8,8,2,2022-09-05 09:29:31
1662370181453732000,38.75,1,38.7,11,38.75,4,1,2022-09-05 09:29:41
1662370188289434000,38.7,2,38.7,9,38.75,4,2,2022-09-05 09:29:48
1662370188317494000,38.7,9,38.65,10,38.75,4,2,2022-09-05 09:29:48
1662370196094052000,38.65,4,38.65,6,38.7,4,2,2022-09-05 09:29:56
1662370203834861000,38.65,1,38.65,5,38.7,4,2,2022-09-05 09:30:03
1662370204054405000,38.65,5,38.6,18,38.65,2,2,2022-09-05 09:30:04
1662370212883598000,38.6,1,38.6,17,38.65,12,2,2022-09-05 09:30:12
1662370213260483000,38.65,1,38.6,22,38.65,11,1,2022-09-05 09:30:13
1662370215720860000,38.6,1,38.6,21,38.65,11,2,2022-09-05 09:30:15
1662370222373746000,38.65,1,38.6,20,38.65,10,1,2022-09-05 09:30:22
1662370243787590000,38.65,1,38.6,21,38.65,9,1,2022-09-05 09:30:43
1662370250076319000,38.65,2,38.6,21,38.65,18,1,2022-09-05 09:30:50
1662370261412870000,38.6,2,38.6,19,38.65,18,2,2022-09-05 09:31:01
1662370262298683000,38.65,8,38.6,19,38.65,10,1,2022-09-05 09:31:02
1662370264697464000,38.65,2,38.6,19,38.65,8,1,2022-09-05 09:31:04
1662370264975734000,38.65,1,38.6,19,38.65,7,1,2022-09-05 09:31:04
1662370265783313000,38.65,3,38.6,19,38.65,7,1,2022-09-05 09:31:05
1662370267943952000,38.65,1,38.6,19,38.65,6,1,2022-09-05 09:31:07
1662370268835547000,38.6,1,38.6,18,38.65,8,2,2022-09-05 09:31:08
1662370271041092000,38.6,1,38.6,17,38.65,8,2,2022-09-05 09:31:11
1662370271133229000,38.65,2,38.6,17,38.65,6,1,2022-09-05 09:31:11
1662370276555733000,38.65,1,38.6,17,38.65,5,1,2022-09-05 09:31:16
1662370277152075000,38.65,1,38.6,17,38.65,4,1,2022-09-05 09:31:17
1662370292476277000,38.65,1,38.6,17,38.65,4,1,2022-09-05 09:31:32
1662370295383993000,38.65,2,38.6,17,38.65,2,1,2022-09-05 09:31:35
1662370296846098000,38.65,1,38.6,17,38.65,1,1,2022-09-05 09:31:36
1662370297485321000,38.65,1,38.6,17,38.75,7,1,2022-09-05 09:31:37
1662370322098645000,38.65,1,38.6,17,38.75,6,1,2022-09-05 09:32:02
1662370340037285000,38.6,9,38.6,10,38.7,1,2,2022-09-05 09:32:20
1662370348363723000,38.65,1,38.65,9,38.7,1,2,2022-09-05 09:32:28
1662370365811824000,38.65,2,38.65,10,38.7,1,2,2022-09-05 09:32:45
1662370374415148000,38.65,1,38.65,9,38.7,3,2,2022-09-05 09:32:54
1662370404323344000,38.7,2,38.65,40,38.7,3,1,2022-09-05 09:33:24
1662370410927204000,38.7,1,38.65,40,38.7,2,1,2022-09-05 09:33:30
1662370412088844000,38.7,1,38.65,40,38.7,1,1,2022-09-05 09:33:32
1662370412388935000,38.7,1,38.65,40,38.75,8,1,2022-09-05 09:33:32
1662370429598409000,38.75,8,38.7,4,38.8,1,1,2022-09-05 09:33:49
1662370437615251000,38.8,1,38.7,5,38.9,2,1,2022-09-05 09:33:57
1662370458682426000,38.85,1,38.8,2,38.85,1,1,2022-09-05 09:34:18
1662370459350643000,38.9,1,38.8,2,38.9,1,1,2022-09-05 09:34:19
1662370463479362000,38.9,1,38.8,2,38.95,1,1,2022-09-05 09:34:23
1662370468765182000,38.95,1,38.9,1,39.0,4,1,2022-09-05 09:34:28
1662370473669888000,38.95,1,38.9,2,39.0,5,2,2022-09-05 09:34:33
1662370475493035000,39.0,2,38.9,2,39.0,1,1,2022-09-05 09:34:35
1662370480628940000,39.0,1,38.9,1,39.1,2,1,2022-09-05 09:34:40
1662370480628940000,39.05,1,38.9,1,39.1,2,1,2022-09-05 09:34:40
1662370480628940000,39.1,3,38.9,1,39.1,2,1,2022-09-05 09:34:40
1662370493495145000,39.1,1,39.0,1,39.1,1,1,2022-09-05 09:34:53
1662370495331326000,39.1,3,39.0,1,39.15,8,1,2022-09-05 09:34:55
1662370496446779000,39.1,1,39.0,1,39.15,8,2,2022-09-05 09:34:56
1662370498709127000,39.0,1,39.0,1,39.15,8,2,2022-09-05 09:34:58
1662370504147930000,39.0,3,38.95,2,39.15,8,2,2022-09-05 09:35:04
1662370508114816000,39.1,1,39.0,10,39.1,1,1,2022-09-05 09:35:08
1662370512136932000,39.1,1,39.0,12,39.1,1,1,2022-09-05 09:35:12
1662370512678262000,39.0,1,39.0,11,39.1,1,2,2022-09-05 09:35:12
1662370520157946000,39.1,1,39.0,11,39.15,6,1,2022-09-05 09:35:20
1662370520320991000,39.0,10,39.0,1,39.15,6,2,2022-09-05 09:35:20
1662370520350210000,39.0,1,38.95,1,39.15,6,2,2022-09-05 09:35:20
1662370550100092000,39.0,4,38.95,2,39.1,7,2,2022-09-05 09:35:50
1662370553509321000,39.1,1,38.95,2,39.1,6,1,2022-09-05 09:35:53
1662370561842167000,39.05,2,39.0,2,39.05,8,1,2022-09-05 09:36:01
1662370563476799000,39.0,2,38.95,2,39.0,5,2,2022-09-05 09:36:03
1662370563506923000,38.95,2,38.9,2,39.0,5,2,2022-09-05 09:36:03
1662370586352818000,38.9,1,38.8,5,38.9,1,2,2022-09-05 09:36:26
1662370590277508000,38.8,5,38.7,8,38.9,1,2,2022-09-05 09:36:30
1662370614321478000,38.8,2,38.75,1,38.85,1,2,2022-09-05 09:36:54
1662370623338148000,38.75,1,38.7,10,38.85,1,2,2022-09-05 09:37:03
1662370628492204000,38.85,1,38.7,10,38.9,1,1,2022-09-05 09:37:08
1662370645363216000,38.75,2,38.7,7,38.85,8,2,2022-09-05 09:37:25
1662370645363216000,38.7,3,38.7,7,38.85,8,2,2022-09-05 09:37:25
1662370666500366000,38.75,7,38.7,8,38.8,1,2,2022-09-05 09:37:46
1662370671108424000,38.8,1,38.8,1,38.85,1,1,2022-09-05 09:37:51
1662370691054077000,38.8,2,38.8,2,38.9,5,2,2022-09-05 09:38:11
1662370693278227000,38.8,2,38.7,11,38.75,10,2,2022-09-05 09:38:13
1662370707270829000,38.7,10,38.65,40,38.75,10,2,2022-09-05 09:38:27
1662370720716271000,38.7,1,38.65,40,38.7,2,1,2022-09-05 09:38:40
1662370723766798000,38.7,1,38.65,40,38.7,1,1,2022-09-05 09:38:43
1662370732825413000,38.7,1,38.65,40,38.75,14,1,2022-09-05 09:38:52
1662370733931369000,38.65,5,38.65,35,38.75,14,2,2022-09-05 09:38:53
1662370744501017000,38.65,1,38.65,34,38.7,1,2,2022-09-05 09:39:04
1662370754135820000,38.7,1,38.65,34,38.75,4,1,2022-09-05 09:39:14
1662370758322809000,38.7,2,38.65,36,38.75,4,2,2022-09-05 09:39:18
1662370758995355000,38.65,10,38.65,26,38.75,4,2,2022-09-05 09:39:18
1662370764594150000,38.65,12,38.65,16,38.75,4,2,2022-09-05 09:39:24
1662370764630970000,38.65,4,38.65,12,38.75,4,2,2022-09-05 09:39:24
1662370768296695000,38.65,1,38.65,11,38.7,1,2,2022-09-05 09:39:28
1662370770525953000,38.7,1,38.65,11,38.75,4,1,2022-09-05 09:39:30
1662370777839931000,38.7,1,38.65,11,38.75,4,2,2022-09-05 09:39:37
1662370783124178000,38.7,1,38.65,7,38.75,4,2,2022-09-05 09:39:43
1662370783124178000,38.65,4,38.65,7,38.75,4,2,2022-09-05 09:39:43
1662370784609461000,38.7,1,38.7,1,38.75,4,2,2022-09-05 09:39:44
1662370808934085000,38.7,2,38.7,1,38.75,8,2,2022-09-05 09:40:08
1662370815732935000,38.75,3,38.7,1,38.75,5,1,2022-09-05 09:40:15
1662370824498821000,38.7,1,38.65,3,38.7,1,2,2022-09-05 09:40:24
1662370834965599000,38.7,1,38.65,4,38.75,5,1,2022-09-05 09:40:34
1662370856672880000,38.7,1,38.7,1,38.75,5,1,2022-09-05 09:40:56
1662370857132210000,38.7,1,38.65,4,38.75,5,2,2022-09-05 09:40:57
1662370863002820000,38.7,2,38.65,36,38.75,5,1,2022-09-05 09:41:03
1662370888120297000,38.7,2,38.7,2,38.75,5,2,2022-09-05 09:41:28
1662370888968098000,38.75,7,38.7,2,38.85,2,1,2022-09-05 09:41:28
1662370891778373000,38.75,1,38.75,1,38.85,2,2,2022-09-05 09:41:31
1662370892960761000,38.7,2,38.65,36,38.7,2,2,2022-09-05 09:41:32
1662370900766959000,38.7,1,38.65,36,38.7,1,1,2022-09-05 09:41:40
1662370901353363000,38.7,1,38.65,36,38.85,6,1,2022-09-05 09:41:41
1662370910373739000,38.7,1,38.65,36,38.7,1,2,2022-09-05 09:41:50
1662370925078353000,38.7,1,38.65,41,38.75,5,1,2022-09-05 09:42:05
1662370926167185000,38.65,2,38.65,39,38.75,5,2,2022-09-05 09:42:06
1662370942753316000,38.7,1,38.65,30,38.75,5,2,2022-09-05 09:42:22
1662370942753316000,38.65,9,38.65,30,38.75,5,2,2022-09-05 09:42:22
1662370944996756000,38.65,3,38.65,27,38.75,5,2,2022-09-05 09:42:24
1662370958329161000,38.65,2,38.65,20,38.75,5,2,2022-09-05 09:42:38
1662370965570531000,38.65,1,38.65,19,38.75,5,2,2022-09-05 09:42:45
1662370965775905000,38.65,2,38.65,17,38.7,6,2,2022-09-05 09:42:45
1662370969102981000,38.65,10,38.65,7,38.7,8,2,2022-09-05 09:42:49
1662370969131798000,38.65,7,38.6,12,38.7,8,2,2022-09-05 09:42:49
1662370977237033000,38.65,2,38.6,12,38.7,7,1,2022-09-05 09:42:57
1662370977237033000,38.7,1,38.6,12,38.7,7,1,2022-09-05 09:42:57
1662370989330531000,38.6,4,38.6,8,38.7,8,2,2022-09-05 09:43:09
1662370989355721000,38.6,5,38.6,3,38.7,8,2,2022-09-05 09:43:09
1662371000177802000,38.6,3,38.55,7,38.6,12,2,2022-09-05 09:43:20
1662371002895941000,38.6,1,38.55,7,38.6,11,1,2022-09-05 09:43:22
1662371004785862000,38.6,1,38.55,7,38.6,10,1,2022-09-05 09:43:24
1662371007336399000,38.6,1,38.55,7,38.6,9,1,2022-09-05 09:43:27
1662371009469097000,38.55,1,38.55,6,38.6,9,2,2022-09-05 09:43:29
1662371009592805000,38.55,2,38.55,4,38.6,9,2,2022-09-05 09:43:29
1662371011308263000,38.55,1,38.55,3,38.6,9,2,2022-09-05 09:43:31
1662371012963924000,38.55,1,38.55,2,38.6,9,2,2022-09-05 09:43:32
1662371013363201000,38.55,2,38.5,60,38.55,2,2,2022-09-05 09:43:33
1662371018961220000,38.55,1,38.5,60,38.55,6,1,2022-09-05 09:43:38
1662371019468926000,38.55,1,38.5,60,38.55,5,1,2022-09-05 09:43:39
1662371022976494000,38.5,1,38.5,59,38.55,5,2,2022-09-05 09:43:42
1662371036012512000,38.5,1,38.5,58,38.55,5,2,2022-09-05 09:43:56
1662371040598703000,38.5,1,38.5,57,38.55,5,2,2022-09-05 09:44:00
1662371044183673000,38.5,1,38.5,55,38.55,5,2,2022-09-05 09:44:04
1662371046349575000,38.5,2,38.5,53,38.55,5,2,2022-09-05 09:44:06
1662371062975544000,38.5,10,38.5,43,38.55,16,2,2022-09-05 09:44:22
1662371064602446000,38.5,15,38.5,28,38.55,16,2,2022-09-05 09:44:24
1662371065103583000,38.5,2,38.5,26,38.55,16,2,2022-09-05 09:44:25
1662371065457203000,38.5,1,38.5,25,38.55,16,2,2022-09-05 09:44:25
1662371066116428000,38.5,1,38.5,24,38.55,16,2,2022-09-05 09:44:26
1662371066273806000,38.5,1,38.5,23,38.55,16,2,2022-09-05 09:44:26
1662371067370647000,38.5,9,38.5,14,38.55,16,2,2022-09-05 09:44:27
1662371067805582000,38.5,1,38.5,13,38.55,16,2,2022-09-05 09:44:27
1662371068231776000,38.5,1,38.5,12,38.55,16,2,2022-09-05 09:44:28
1662371069423097000,38.5,10,38.5,2,38.55,6,2,2022-09-05 09:44:29
1662371069635046000,38.5,2,38.45,20,38.55,6,2,2022-09-05 09:44:29
1662371069690483000,38.45,1,38.45,20,38.55,6,2,2022-09-05 09:44:29
1662371069831615000,38.45,2,38.45,17,38.55,6,2,2022-09-05 09:44:29
1662371073557008000,38.45,1,38.45,16,38.5,6,2,2022-09-05 09:44:33
1662371074282562000,38.45,1,38.45,15,38.5,6,2,2022-09-05 09:44:34
1662371077409137000,38.45,4,38.45,11,38.5,6,2,2022-09-05 09:44:37
1662371077681857000,38.45,8,38.45,3,38.5,6,2,2022-09-05 09:44:37
1662371080235524000,38.45,1,38.45,2,38.5,10,2,2022-09-05 09:44:40
1662371081396630000,38.45,2,38.4,13,38.5,10,2,2022-09-05 09:44:41
1662371084408991000,38.45,1,38.4,12,38.5,10,2,2022-09-05 09:44:44
1662371087900942000,38.45,1,38.4,12,38.5,9,2,2022-09-05 09:44:47
1662371094726872000,38.45,1,38.4,12,38.45,2,1,2022-09-05 09:44:54
1662371096419460000,38.45,2,38.4,12,38.5,5,1,2022-09-05 09:44:56
1662371103721043000,38.5,1,38.45,6,38.5,4,1,2022-09-05 09:45:03
1662371103996849000,38.5,4,38.45,8,38.55,6,1,2022-09-05 09:45:03
1662371108192377000,38.5,1,38.45,4,38.55,6,2,2022-09-05 09:45:08
1662371108192377000,38.45,2,38.45,4,38.55,6,2,2022-09-05 09:45:08
1662371108341898000,38.55,6,38.45,24,38.6,9,1,2022-09-05 09:45:08
1662371122343614000,38.6,10,38.55,3,38.7,6,1,2022-09-05 09:45:22
1662371132551580000,38.6,1,38.6,2,38.7,6,2,2022-09-05 09:45:32
1662371132621989000,38.6,2,38.55,3,38.6,1,2,2022-09-05 09:45:32
1662371132650475000,38.6,1,38.55,3,38.7,6,1,2022-09-05 09:45:32
1662371139711226000,38.55,1,38.55,3,38.7,6,2,2022-09-05 09:45:39
1662371142783534000,38.55,3,38.5,6,38.7,6,2,2022-09-05 09:45:42
1662371143666460000,38.6,1,38.55,3,38.6,1,1,2022-09-05 09:45:43
1662371152697391000,38.55,1,38.55,3,38.6,3,2,2022-09-05 09:45:52
1662371154908577000,38.6,3,38.55,2,38.7,6,1,2022-09-05 09:45:54
1662371169834828000,38.7,1,38.6,1,38.7,5,1,2022-09-05 09:46:09
1662371195100959000,38.65,1,38.6,4,38.65,1,1,2022-09-05 09:46:35
1662371195120865000,38.65,1,38.6,4,38.7,6,1,2022-09-05 09:46:35
1662371219560535000,38.7,1,38.65,1,38.7,6,1,2022-09-05 09:46:59
1662371223108591000,38.65,2,38.6,7,38.7,8,2,2022-09-05 09:47:03
1662371229310478000,38.65,1,38.6,7,38.65,1,1,2022-09-05 09:47:09
1662371238419882000,38.65,1,38.6,7,38.7,11,1,2022-09-05 09:47:18
1662371253118888000,38.65,1,38.6,8,38.65,1,1,2022-09-05 09:47:33
1662371260722193000,38.65,1,38.6,8,38.7,11,1,2022-09-05 09:47:40
1662371284184605000,38.7,1,38.6,9,38.7,17,1,2022-09-05 09:48:04
1662371287984133000,38.6,6,38.6,3,38.7,17,2,2022-09-05 09:48:07
1662371288017400000,38.6,1,38.6,2,38.7,17,2,2022-09-05 09:48:08
1662371289512731000,38.6,2,38.55,2,38.6,4,2,2022-09-05 09:48:09
1662371296032184000,38.55,2,38.5,6,38.6,13,2,2022-09-05 09:48:16
1662371296221980000,38.5,5,38.5,1,38.6,13,2,2022-09-05 09:48:16
1662371296249310000,38.5,1,38.45,25,38.6,13,2,2022-09-05 09:48:16
1662371296884185000,38.45,25,38.4,15,38.45,7,2,2022-09-05 09:48:16
1662371296915157000,38.4,1,38.4,14,38.45,7,2,2022-09-05 09:48:16
1662371297006191000,38.4,14,38.35,5,38.45,7,2,2022-09-05 09:48:17
1662371297006191000,38.35,6,38.35,5,38.45,7,2,2022-09-05 09:48:17
1662371297013992000,38.35,5,38.4,14,38.45,7,2,2022-09-05 09:48:17
1662371297013992000,38.3,15,38.4,14,38.45,7,2,2022-09-05 09:48:17
1662371297040396000,38.3,2,38.3,3,38.45,7,2,2022-09-05 09:48:17
1662371297040473000,38.3,3,38.25,5,38.45,7,2,2022-09-05 09:48:17
1662371297167252000,38.25,1,38.25,4,38.3,1,2,2022-09-05 09:48:17
1662371297176026000,38.25,1,38.25,3,38.3,1,2,2022-09-05 09:48:17
1662371297184659000,38.25,1,38.25,2,38.3,1,2,2022-09-05 09:48:17
1662371297203309000,38.25,2,38.2,27,38.3,1,2,2022-09-05 09:48:17
1662371297203309000,38.2,1,38.2,27,38.3,1,2,2022-09-05 09:48:17
1662371297428069000,38.2,9,38.2,18,38.3,1,2,2022-09-05 09:48:17
1662371297470525000,38.3,1,38.2,18,38.45,11,1,2022-09-05 09:48:17
1662371316009199000,38.3,1,38.25,1,38.4,1,2,2022-09-05 09:48:36
1662371325050640000,38.4,1,38.4,1,38.45,7,1,2022-09-05 09:48:45
1662371325078855000,38.4,1,38.25,4,38.45,7,2,2022-09-05 09:48:45
1662371351606284000,38.35,1,38.3,7,38.4,11,2,2022-09-05 09:49:11
1662371356432676000,38.3,2,38.3,5,38.4,12,2,2022-09-05 09:49:16
1662371357052583000,38.35,1,38.3,5,38.4,12,2,2022-09-05 09:49:17
1662371362082140000,38.3,2,38.3,3,38.35,4,2,2022-09-05 09:49:22
1662371362453063000,38.3,2,38.3,1,38.35,4,2,2022-09-05 09:49:22
1662371365988638000,38.3,1,38.25,4,38.35,4,2,2022-09-05 09:49:25
1662371368799509000,38.25,1,38.25,3,38.35,6,2,2022-09-05 09:49:28
1662371377521752000,38.25,1,38.25,2,38.35,7,2,2022-09-05 09:49:37
1662371384454929000,38.25,1,38.25,1,38.3,2,2,2022-09-05 09:49:44
1662371386241589000,38.25,1,38.2,15,38.3,3,2,2022-09-05 09:49:46
1662371388290879000,38.2,8,38.2,7,38.3,3,2,2022-09-05 09:49:48
1662371389876669000,38.2,1,38.2,6,38.25,5,2,2022-09-05 09:49:49
1662371393265511000,38.2,1,38.2,5,38.25,6,2,2022-09-05 09:49:53
1662371394103776000,38.2,1,38.2,4,38.25,8,2,2022-09-05 09:49:54
1662371395401973000,38.2,1,38.2,3,38.25,8,2,2022-09-05 09:49:55
1662371398812434000,38.2,1,38.2,2,38.25,8,2,2022-09-05 09:49:58
1662371398884913000,38.2,1,38.2,1,38.25,8,2,2022-09-05 09:49:58
1662371400441300000,38.2,1,38.15,4,38.25,8,2,2022-09-05 09:50:00
1662371400724676000,38.15,4,38.1,20,38.15,9,2,2022-09-05 09:50:00
1662371403514067000,38.15,1,38.1,20,38.15,15,1,2022-09-05 09:50:03
1662371406636374000,38.1,1,38.1,19,38.15,15,2,2022-09-05 09:50:06
1662371407581357000,38.15,1,38.1,19,38.15,14,1,2022-09-05 09:50:07
1662371413186191000,38.1,1,38.1,18,38.15,14,2,2022-09-05 09:50:13
1662371413403410000,38.15,1,38.1,18,38.15,13,1,2022-09-05 09:50:13
1662371415173973000,38.15,2,38.1,18,38.15,11,1,2022-09-05 09:50:15
1662371424572893000,38.15,1,38.1,17,38.15,10,1,2022-09-05 09:50:24
1662371426063192000,38.1,2,38.1,15,38.15,10,2,2022-09-05 09:50:26
1662371434094740000,38.1,2,38.1,13,38.15,10,2,2022-09-05 09:50:34
1662371439359005000,38.1,1,38.1,13,38.15,11,2,2022-09-05 09:50:39
1662371442804387000,38.1,1,38.1,12,38.15,11,2,2022-09-05 09:50:42
1662371443084401000,38.1,5,38.1,7,38.15,11,2,2022-09-05 09:50:43
1662371443776526000,38.1,1,38.1,6,38.15,11,2,2022-09-05 09:50:43
1662371445045854000,38.1,1,38.1,5,38.15,11,2,2022-09-05 09:50:45
1662371446086269000,38.1,5,38.05,15,38.15,11,2,2022-09-05 09:50:46
1662371449013389000,38.1,1,38.1,3,38.15,11,2,2022-09-05 09:50:49
1662371450737628000,38.1,4,38.1,4,38.15,12,2,2022-09-05 09:50:50
1662371451849499000,38.1,2,38.1,1,38.15,12,2,2022-09-05 09:50:51
1662371452038557000,38.1,1,38.05,15,38.15,12,2,2022-09-05 09:50:52
1662371455175473000,38.15,1,38.05,17,38.15,11,1,2022-09-05 09:50:55
1662371458062862000,38.1,2,38.1,1,38.15,12,2,2022-09-05 09:50:58
1662371459945131000,38.1,1,38.1,3,38.15,12,2,2022-09-05 09:50:59
1662371461150036000,38.05,5,38.05,12,38.15,13,2,2022-09-05 09:51:01
1662371461219033000,38.05,1,38.05,11,38.15,13,2,2022-09-05 09:51:01
1662371461940129000,38.1,1,38.1,5,38.15,13,2,2022-09-05 09:51:01
1662371462765817000,38.1,1,38.1,3,38.15,13,2,2022-09-05 09:51:02
1662371463986898000,38.1,1,38.1,2,38.15,13,2,2022-09-05 09:51:03
1662371465401062000,38.1,1,38.1,3,38.15,13,2,2022-09-05 09:51:05
1662371466739797000,38.1,1,38.1,2,38.15,12,2,2022-09-05 09:51:06
1662371467930848000,38.05,1,38.05,10,38.15,12,2,2022-09-05 09:51:07
1662371473638164000,38.05,1,38.05,10,38.1,2,2,2022-09-05 09:51:13
1662371478126759000,38.05,1,38.05,10,38.1,4,2,2022-09-05 09:51:18
1662371479762506000,38.1,1,38.05,10,38.1,3,1,2022-09-05 09:51:19
1662371480417317000,38.05,1,38.05,9,38.1,3,2,2022-09-05 09:51:20
1662371484555889000,38.05,10,38.05,1,38.1,3,2,2022-09-05 09:51:24
1662371487527980000,38.05,1,38.0,45,38.1,4,2,2022-09-05 09:51:27
1662371493692160000,38.05,1,38.0,45,38.1,8,1,2022-09-05 09:51:33
1662371493812467000,38.1,1,38.0,45,38.1,8,1,2022-09-05 09:51:33
1662371499158391000,38.05,1,38.0,41,38.1,7,2,2022-09-05 09:51:39
1662371499158391000,38.0,4,38.0,41,38.1,7,2,2022-09-05 09:51:39
1662371506341528000,38.05,1,38.0,46,38.1,14,1,2022-09-05 09:51:46
1662371515918084000,38.05,1,38.0,46,38.1,10,2,2022-09-05 09:51:55
1662371520065354000,38.0,12,38.0,37,38.1,9,2,2022-09-05 09:52:00
1662371529491813000,38.1,9,38.05,17,38.15,12,1,2022-09-05 09:52:09
1662371540520718000,38.1,1,38.05,19,38.15,11,1,2022-09-05 09:52:20
1662371544048892000,38.15,5,38.05,19,38.15,6,1,2022-09-05 09:52:24
1662371544078460000,38.15,6,38.05,19,38.2,11,1,2022-09-05 09:52:24
1662371556907208000,38.15,1,38.15,3,38.2,11,2,2022-09-05 09:52:36
1662371558566228000,38.2,1,38.15,1,38.2,10,1,2022-09-05 09:52:38
1662371560716199000,38.2,1,38.15,1,38.2,9,1,2022-09-05 09:52:40
1662371565346028000,38.2,1,38.15,5,38.2,8,1,2022-09-05 09:52:45
1662371565367474000,38.2,6,38.15,5,38.2,2,1,2022-09-05 09:52:45
1662371567790280000,38.2,1,38.15,5,38.2,1,1,2022-09-05 09:52:47
1662371567817760000,38.2,1,38.15,5,38.25,31,1,2022-09-05 09:52:47
1662371577487312000,38.25,1,38.2,3,38.25,30,1,2022-09-05 09:52:57
1662371582058338000,38.25,1,38.2,3,38.25,29,1,2022-09-05 09:53:02
1662371586674201000,38.25,5,38.2,3,38.25,24,1,2022-09-05 09:53:06
1662371586711884000,38.25,3,38.2,3,38.25,21,1,2022-09-05 09:53:06
1662371592327287000,38.2,1,38.2,7,38.25,21,2,2022-09-05 09:53:12
1662371601376764000,38.2,5,38.2,4,38.25,29,2,2022-09-05 09:53:21
1662371602370417000,38.2,4,38.15,3,38.25,29,2,2022-09-05 09:53:22
1662371625407876000,38.2,1,38.15,8,38.2,6,1,2022-09-05 09:53:45
1662371625497430000,38.2,1,38.15,8,38.2,4,1,2022-09-05 09:53:45
1662371638022739000,38.2,4,38.15,8,38.25,29,1,2022-09-05 09:53:58
1662371643813825000,38.2,1,38.15,8,38.2,5,2,2022-09-05 09:54:03
1662371648753929000,38.2,1,38.15,8,38.2,4,1,2022-09-05 09:54:08
1662371654800610000,38.2,4,38.2,6,38.25,29,1,2022-09-05 09:54:14
1662371662005570000,38.2,6,38.15,11,38.2,19,2,2022-09-05 09:54:22
1662371673998933000,38.2,1,38.15,11,38.2,18,1,2022-09-05 09:54:33
1662371674458413000,38.2,1,38.15,12,38.2,17,1,2022-09-05 09:54:34
1662371695881369000,38.15,1,38.15,12,38.2,18,2,2022-09-05 09:54:55
1662371705009939000,38.2,2,38.15,12,38.2,16,1,2022-09-05 09:55:05
1662371706099377000,38.15,8,38.15,4,38.2,16,2,2022-09-05 09:55:06
1662371712318996000,38.15,1,38.15,3,38.2,16,2,2022-09-05 09:55:12
1662371722746937000,38.15,2,38.15,1,38.2,16,2,2022-09-05 09:55:22
1662371724215870000,38.15,1,38.15,1,38.2,16,2,2022-09-05 09:55:24
1662371726034647000,38.15,1,38.1,13,38.2,16,2,2022-09-05 09:55:26
1662371739269515000,38.15,1,38.15,1,38.2,16,2,2022-09-05 09:55:39
1662371742924679000,38.15,1,38.1,13,38.2,16,2,2022-09-05 09:55:42
1662371757920587000,38.1,13,38.05,15,38.1,8,2,2022-09-05 09:55:57
1662371761503384000,38.05,1,38.05,14,38.1,8,2,2022-09-05 09:56:01
1662371770767482000,38.05,1,38.05,11,38.1,8,2,2022-09-05 09:56:10
1662371788376295000,38.05,2,38.05,9,38.1,8,2,2022-09-05 09:56:28
1662371796446612000,38.05,1,38.05,8,38.1,8,2,2022-09-05 09:56:36
1662371797404754000,38.05,1,38.05,7,38.1,8,2,2022-09-05 09:56:37
1662371807062359000,38.05,8,38.0,41,38.1,8,2,2022-09-05 09:56:47
1662371807062359000,38.0,2,38.0,41,38.1,8,2,2022-09-05 09:56:47
1662371825928366000,38.0,1,38.0,38,38.05,2,2,2022-09-05 09:57:05
1662371829343615000,38.05,2,38.05,3,38.1,8,1,2022-09-05 09:57:09
1662371839804783000,38.1,3,38.05,5,38.1,5,1,2022-09-05 09:57:19
1662371852203178000,38.1,1,38.05,7,38.1,5,1,2022-09-05 09:57:32
1662371859323406000,38.1,4,38.05,8,38.1,1,1,2022-09-05 09:57:39
1662371860237314000,38.1,1,38.05,8,38.2,16,1,2022-09-05 09:57:40
1662371860399869000,38.2,1,38.05,8,38.2,15,1,2022-09-05 09:57:40
1662371861789023000,38.2,1,38.05,8,38.2,16,1,2022-09-05 09:57:41
1662371870988301000,38.2,2,38.1,4,38.2,14,1,2022-09-05 09:57:50
1662371873290356000,38.15,1,38.1,4,38.2,14,2,2022-09-05 09:57:53
1662371889788473000,38.15,1,38.15,2,38.2,15,1,2022-09-05 09:58:09
1662371890592368000,38.15,2,38.1,4,38.2,15,2,2022-09-05 09:58:10
1662371893749432000,38.15,1,38.1,6,38.2,13,1,2022-09-05 09:58:13
1662371894156971000,38.2,1,38.1,6,38.2,12,1,2022-09-05 09:58:14
1662371913684759000,38.1,12,38.05,17,38.2,11,2,2022-09-05 09:58:33
1662371915135905000,38.15,1,38.05,17,38.2,11,2,2022-09-05 09:58:35
1662371925524287000,38.1,1,38.05,12,38.15,2,2,2022-09-05 09:58:45
1662371930413800000,38.1,1,38.05,12,38.15,2,2,2022-09-05 09:58:50
1662371938327546000,38.15,1,38.05,11,38.15,1,1,2022-09-05 09:58:58
1662371946327663000,38.1,1,38.05,10,38.15,2,2,2022-09-05 09:59:06
1662371948325439000,38.1,1,38.05,10,38.15,2,2,2022-09-05 09:59:08
1662371964345388000,38.1,1,38.05,12,38.15,3,2,2022-09-05 09:59:24
1662371984583461000,38.1,2,38.05,12,38.1,8,1,2022-09-05 09:59:44
1662371988116882000,38.1,8,38.1,2,38.15,2,1,2022-09-05 09:59:48
1662371998841796000,38.15,2,38.1,2,38.2,11,1,2022-09-05 09:59:58
1662372034425974000,38.15,1,38.1,5,38.2,11,1,2022-09-05 10:00:34
1662372036870389000,38.15,1,38.1,5,38.2,11,1,2022-09-05 10:00:36
1662372056775717000,38.15,1,38.1,8,38.15,1,1,2022-09-05 10:00:56
1662372061014006000,38.15,1,38.1,8,38.2,12,1,2022-09-05 10:01:01
1662372135693301000,38.15,1,38.1,7,38.2,12,2,2022-09-05 10:02:15
1662372159541408000,38.15,3,38.1,7,38.15,1,1,2022-09-05 10:02:39
1662372164948881000,38.15,1,38.1,7,38.2,11,1,2022-09-05 10:02:44
1662372181173357000,38.15,2,38.15,2,38.2,11,2,2022-09-05 10:03:01
1662372181992070000,38.2,1,38.15,2,38.2,10,1,2022-09-05 10:03:01
1662372220954703000,38.2,1,38.15,2,38.2,9,1,2022-09-05 10:03:40
1662372225478785000,38.2,2,38.15,2,38.2,7,1,2022-09-05 10:03:45
1662372228430610000,38.2,1,38.1,10,38.2,6,1,2022-09-05 10:03:48
1662372267085997000,38.2,1,38.1,7,38.2,5,1,2022-09-05 10:04:27
1662372267306224000,38.2,1,38.1,7,38.2,4,1,2022-09-05 10:04:27
1662372281624084000,38.2,4,38.1,8,38.2,10,1,2022-09-05 10:04:41
1662372291154859000,38.2,2,38.1,6,38.2,8,1,2022-09-05 10:04:51
1662372300623342000,38.2,1,38.15,1,38.2,8,1,2022-09-05 10:05:00
1662372305110173000,38.15,1,38.1,9,38.2,8,2,2022-09-05 10:05:05
1662372324821108000,38.1,8,38.05,13,38.1,5,2,2022-09-05 10:05:24
1662372324851305000,38.05,13,38.0,46,38.1,5,2,2022-09-05 10:05:24
1662372366446340000,38.05,1,38.0,45,38.1,5,1,2022-09-05 10:06:06
1662372376222481000,38.05,1,38.0,45,38.1,6,2,2022-09-05 10:06:16
1662372383235394000,38.05,2,38.0,45,38.1,8,2,2022-09-05 10:06:23
1662372386799513000,38.0,2,38.0,43,38.1,8,2,2022-09-05 10:06:26
1662372390837148000,38.0,2,38.0,41,38.1,3,2,2022-09-05 10:06:30
1662372398107724000,38.0,2,38.0,40,38.05,6,2,2022-09-05 10:06:38
1662372401268782000,38.05,2,38.0,40,38.05,4,1,2022-09-05 10:06:41
1662372401424074000,38.0,5,38.0,35,38.05,4,2,2022-09-05 10:06:41
1662372402423942000,38.0,6,38.0,29,38.05,4,2,2022-09-05 10:06:42
1662372402456541000,38.0,29,37.95,2,38.05,4,2,2022-09-05 10:06:42
1662372404401398000,38.0,1,37.95,2,38.0,5,2,2022-09-05 10:06:44
1662372404887601000,38.0,5,37.95,2,38.05,4,1,2022-09-05 10:06:44
1662372407186761000,38.05,1,37.95,2,38.05,3,1,2022-09-05 10:06:47
1662372410763878000,38.0,1,37.9,2,38.05,8,2,2022-09-05 10:06:50
1662372410763878000,37.95,2,37.9,2,38.05,8,2,2022-09-05 10:06:50
1662372410763878000,37.9,2,37.9,2,38.05,8,2,2022-09-05 10:06:50
1662372410926375000,37.9,2,37.85,2,38.05,8,2,2022-09-05 10:06:50
1662372422197464000,37.9,1,37.85,3,37.95,1,1,2022-09-05 10:07:02
1662372422197464000,37.95,1,37.85,3,37.95,1,1,2022-09-05 10:07:02
1662372422701399000,37.85,2,37.85,1,37.95,1,2,2022-09-05 10:07:02
1662372429930114000,37.85,1,37.85,1,37.95,1,2,2022-09-05 10:07:09
1662372433925976000,37.95,1,37.95,1,38.0,3,1,2022-09-05 10:07:13
1662372437373992000,37.95,1,37.9,3,38.05,3,2,2022-09-05 10:07:17
1662372446281935000,37.95,1,37.9,5,38.0,1,2,2022-09-05 10:07:26
1662372447524151000,38.0,1,38.0,4,38.05,4,1,2022-09-05 10:07:27
1662372454334251000,38.0,4,37.9,5,38.05,4,2,2022-09-05 10:07:34
1662372460510260000,38.05,4,37.9,5,38.1,3,1,2022-09-05 10:07:40
1662372475955713000,38.0,2,38.0,28,38.1,4,1,2022-09-05 10:07:55
1662372518445700000,38.05,1,38.0,28,38.1,1,2,2022-09-05 10:08:38
1662372522320990000,38.05,1,38.0,28,38.1,1,1,2022-09-05 10:08:42
1662372546172328000,38.05,1,38.0,31,38.1,1,1,2022-09-05 10:09:06
1662372597817578000,38.05,2,38.05,1,38.1,1,2,2022-09-05 10:09:57
1662372608616708000,38.05,1,38.0,32,38.1,1,2,2022-09-05 10:10:08
1662372623467711000,38.0,20,38.0,12,38.1,2,2,2022-09-05 10:10:23
1662372623502278000,38.0,12,37.9,12,38.1,2,2,2022-09-05 10:10:23
1662372692973289000,38.0,5,37.9,12,38.05,3,1,2022-09-05 10:11:32
1662372696232933000,38.05,2,37.9,12,38.05,1,1,2022-09-05 10:11:36
1662372697596843000,37.9,3,37.9,9,38.05,1,2,2022-09-05 10:11:37
1662372718892852000,37.95,1,37.9,9,38.05,1,2,2022-09-05 10:11:58
1662372732935970000,37.9,5,37.9,4,38.05,6,2,2022-09-05 10:12:12
1662372732967623000,37.9,4,37.85,2,38.05,6,2,2022-09-05 10:12:12
1662372734539613000,37.85,2,37.8,8,37.85,4,2,2022-09-05 10:12:14
1662372742926490000,37.8,8,37.75,2,37.8,2,2,2022-09-05 10:12:22
1662372744341671000,37.8,2,37.75,2,37.85,4,1,2022-09-05 10:12:24
1662372754369743000,37.75,3,37.75,1,37.85,4,2,2022-09-05 10:12:34
