ts,close,volume,bid_price,bid_volume,ask_price,ask_volume,tick_type,datetime
1640854801465328000,119.0,1251,118.5,50,119.0,20,1,2021-12-30 09:00:01
1640854801603628000,119.0,1,118.5,50,119.0,19,1,2021-12-30 09:00:01
1640854801725596000,119.0,1,118.5,50,119.0,18,1,2021-12-30 09:00:01
1640854801826966000,119.0,2,118.5,50,119.0,16,1,2021-12-30 09:00:01
1640854801828527000,119.0,1,118.5,50,119.0,15,1,2021-12-30 09:00:01
1640854801875352000,119.0,3,118.5,50,119.0,12,1,2021-12-30 09:00:01
1640854801977865000,118.5,10,118.5,40,119.0,12,2,2021-12-30 09:00:01
1640854801986896000,119.0,2,118.5,40,119.0,10,1,2021-12-30 09:00:01
1640854801996543000,119.0,10,118.5,40,119.5,38,1,2021-12-30 09:00:01
1640854801996543000,119.5,20,118.5,40,119.5,38,1,2021-12-30 09:00:01
1640854802098399000,118.5,1,118.5,39,119.5,38,2,2021-12-30 09:00:02
1640854802452610000,119.0,2,118.5,39,119.5,37,1,2021-12-30 09:00:02
1640854803113429000,119.5,1,118.5,39,119.5,36,1,2021-12-30 09:00:03
1640854803627266000,118.5,25,118.5,16,119.5,36,2,2021-12-30 09:00:03
1640854803673232000,119.0,1,118.5,16,119.0,2,1,2021-12-30 09:00:03
1640854803684445000,119.0,1,118.5,16,119.0,21,1,2021-12-30 09:00:03
1640854804120438000,119.0,1,118.5,25,119.0,21,1,2021-12-30 09:00:04
1640854804181439000,118.5,20,118.5,5,119.0,21,2,2021-12-30 09:00:04
1640854804377028000,119.0,3,118.5,6,119.0,18,1,2021-12-30 09:00:04
1640854804452474000,119.0,3,118.5,6,119.0,15,1,2021-12-30 09:00:04
1640854804465688000,119.0,1,118.5,6,119.0,14,1,2021-12-30 09:00:04
1640854804521801000,119.0,1,118.5,6,119.0,14,1,2021-12-30 09:00:04
1640854804856334000,119.0,10,118.5,6,119.0,20,1,2021-12-30 09:00:04
1640854804982920000,119.0,1,118.5,6,119.0,29,1,2021-12-30 09:00:04
1640854805010347000,119.0,2,118.5,6,119.0,27,1,2021-12-30 09:00:05
1640854805119959000,118.5,6,118.0,150,119.0,27,2,2021-12-30 09:00:05
1640854805119959000,118.0,24,118.0,150,119.0,27,2,2021-12-30 09:00:05
1640854805249107000,119.0,1,118.0,150,119.0,31,1,2021-12-30 09:00:05
1640854805321352000,118.0,1,118.0,149,119.0,31,2,2021-12-30 09:00:05
1640854805384663000,119.0,1,118.0,149,119.0,30,1,2021-12-30 09:00:05
1640854805465805000,119.0,1,118.0,149,119.0,29,1,2021-12-30 09:00:05
1640854805544763000,119.0,2,118.0,149,119.0,27,1,2021-12-30 09:00:05
1640854805848752000,118.0,1,118.0,147,118.5,2,2,2021-12-30 09:00:05
1640854805874010000,118.5,2,118.0,147,119.0,32,1,2021-12-30 09:00:05
1640854805879610000,119.0,2,118.5,1,119.0,30,1,2021-12-30 09:00:05
1640854806057401000,119.0,1,118.5,1,119.0,29,1,2021-12-30 09:00:06
1640854806294535000,119.0,1,118.5,6,119.0,32,1,2021-12-30 09:00:06
1640854806568542000,119.0,1,118.5,11,119.0,31,1,2021-12-30 09:00:06
1640854806611745000,119.0,1,118.5,12,119.0,30,1,2021-12-30 09:00:06
1640854806650084000,119.0,30,118.5,12,119.5,47,1,2021-12-30 09:00:06
1640854806691578000,119.5,5,118.5,12,119.5,42,1,2021-12-30 09:00:06
1640854806732494000,119.5,1,118.5,12,119.5,41,1,2021-12-30 09:00:06
1640854806736476000,118.5,1,118.5,11,119.5,41,2,2021-12-30 09:00:06
1640854806776592000,119.5,4,118.5,11,119.5,37,1,2021-12-30 09:00:06
1640854806979717000,119.5,1,119.0,2,119.5,36,1,2021-12-30 09:00:06
1640854807043322000,119.0,1,119.0,1,119.5,36,2,2021-12-30 09:00:07
1640854807394321000,119.0,1,119.0,2,119.5,37,2,2021-12-30 09:00:07
1640854807757260000,119.0,1,119.0,2,119.5,37,2,2021-12-30 09:00:07
1640854808042582000,119.5,1,119.0,21,119.5,36,1,2021-12-30 09:00:08
1640854808125894000,119.0,1,119.0,21,119.5,36,2,2021-12-30 09:00:08
1640854808233403000,119.0,1,119.0,20,119.5,36,2,2021-12-30 09:00:08
1640854808289617000,119.0,3,119.0,17,119.5,36,2,2021-12-30 09:00:08
1640854808401705000,119.5,1,119.0,17,119.5,35,1,2021-12-30 09:00:08
1640854808535202000,119.5,1,119.0,30,119.5,34,1,2021-12-30 09:00:08
1640854808600165000,119.5,1,119.0,41,119.5,33,1,2021-12-30 09:00:08
1640854808879155000,119.0,3,119.0,45,119.5,33,2,2021-12-30 09:00:08
1640854808923094000,119.5,1,119.0,45,119.5,27,1,2021-12-30 09:00:08
1640854808961255000,119.5,1,119.0,46,119.5,26,1,2021-12-30 09:00:08
1640854809170938000,119.5,1,119.0,48,119.5,26,1,2021-12-30 09:00:09
1640854809259200000,119.5,6,119.0,49,119.5,20,1,2021-12-30 09:00:09
1640854809259635000,119.5,1,119.0,49,119.5,20,1,2021-12-30 09:00:09
1640854809330837000,119.5,1,119.0,50,119.5,19,1,2021-12-30 09:00:09
1640854809333982000,119.5,1,119.0,50,119.5,18,1,2021-12-30 09:00:09
1640854809335796000,119.0,1,119.0,49,119.5,18,2,2021-12-30 09:00:09
1640854809471357000,119.5,2,119.0,51,119.5,16,1,2021-12-30 09:00:09
1640854809584613000,119.5,5,119.0,54,119.5,11,1,2021-12-30 09:00:09
1640854809615419000,119.5,8,119.0,54,119.5,3,1,2021-12-30 09:00:09
1640854809647709000,119.5,3,119.0,54,120.0,364,1,2021-12-30 09:00:09
1640854809787660000,119.5,1,119.5,9,120.0,364,1,2021-12-30 09:00:09
1640854810086783000,120.0,2,119.5,14,120.0,363,1,2021-12-30 09:00:10
1640854810141945000,119.5,1,119.5,13,120.0,363,2,2021-12-30 09:00:10
1640854810145446000,120.0,1,119.5,13,120.0,362,1,2021-12-30 09:00:10
1640854810198168000,120.0,1,119.5,13,120.0,361,1,2021-12-30 09:00:10
1640854810240870000,120.0,1,119.5,13,120.0,360,1,2021-12-30 09:00:10
1640854810323002000,119.5,2,119.5,12,120.0,360,2,2021-12-30 09:00:10
1640854810379691000,120.0,1,119.5,12,120.0,359,1,2021-12-30 09:00:10
1640854810579744000,119.5,1,119.5,11,120.0,359,2,2021-12-30 09:00:10
1640854810786323000,119.5,10,119.5,4,120.0,359,2,2021-12-30 09:00:10
1640854810813545000,119.5,1,119.5,18,120.0,359,2,2021-12-30 09:00:10
1640854810836990000,119.5,2,119.5,16,120.0,359,2,2021-12-30 09:00:10
1640854810887846000,119.5,1,119.5,15,120.0,359,2,2021-12-30 09:00:10
1640854811178485000,120.0,1,119.5,35,120.0,362,1,2021-12-30 09:00:11
1640854811264915000,119.5,5,119.5,30,120.0,362,2,2021-12-30 09:00:11
1640854811289043000,120.0,1,119.5,30,120.0,361,1,2021-12-30 09:00:11
1640854811351988000,119.5,1,119.5,29,120.0,361,2,2021-12-30 09:00:11
1640854811352507000,119.5,1,119.5,28,120.0,361,2,2021-12-30 09:00:11
1640854811385054000,119.5,1,119.5,27,120.0,361,2,2021-12-30 09:00:11
1640854811410367000,120.0,3,119.5,27,120.0,358,1,2021-12-30 09:00:11
1640854811514539000,119.5,1,119.5,26,120.0,358,2,2021-12-30 09:00:11
1640854811638826000,120.0,1,119.5,33,120.0,357,1,2021-12-30 09:00:11
1640854811646160000,119.5,1,119.5,32,120.0,357,2,2021-12-30 09:00:11
1640854811689060000,119.5,1,119.5,31,120.0,357,2,2021-12-30 09:00:11
1640854811779871000,119.5,1,119.5,30,120.0,357,2,2021-12-30 09:00:11
1640854811812671000,120.0,3,119.5,30,120.0,354,1,2021-12-30 09:00:11
1640854811830235000,120.0,2,119.5,30,120.0,352,1,2021-12-30 09:00:11
1640854811945086000,120.0,1,119.5,52,120.0,351,1,2021-12-30 09:00:11
1640854812027233000,120.0,1,119.5,53,120.0,350,1,2021-12-30 09:00:12
1640854812238999000,119.5,1,119.5,54,120.0,353,2,2021-12-30 09:00:12
1640854812534086000,120.0,3,119.5,56,120.0,350,1,2021-12-30 09:00:12
1640854812546754000,119.5,2,119.5,54,120.0,350,2,2021-12-30 09:00:12
1640854812705951000,120.0,1,119.5,55,120.0,349,1,2021-12-30 09:00:12
1640854812939381000,120.0,10,119.5,58,120.0,344,1,2021-12-30 09:00:12
1640854813182374000,119.5,1,119.5,57,120.0,344,2,2021-12-30 09:00:13
1640854813228901000,120.0,1,119.5,57,120.0,343,1,2021-12-30 09:00:13
1640854813381740000,120.0,1,119.5,57,120.0,342,1,2021-12-30 09:00:13
1640854813387072000,120.0,3,119.5,57,120.0,339,1,2021-12-30 09:00:13
1640854813491661000,120.0,5,119.5,57,120.0,334,1,2021-12-30 09:00:13
1640854813493056000,120.0,1,119.5,57,120.0,333,1,2021-12-30 09:00:13
1640854813733237000,120.0,1,119.5,70,120.0,332,1,2021-12-30 09:00:13
1640854813741579000,120.0,5,119.5,70,120.0,327,1,2021-12-30 09:00:13
1640854813790925000,120.0,1,119.5,70,120.0,326,1,2021-12-30 09:00:13
1640854813809591000,120.0,1,119.5,70,120.0,325,1,2021-12-30 09:00:13
1640854813821633000,119.5,1,119.5,69,120.0,325,2,2021-12-30 09:00:13
1640854813907131000,119.5,1,119.5,71,120.0,325,2,2021-12-30 09:00:13
1640854814015662000,120.0,1,119.5,71,120.0,324,1,2021-12-30 09:00:14
1640854814161868000,120.0,1,119.5,72,120.0,323,1,2021-12-30 09:00:14
1640854814286890000,120.0,1,119.5,74,120.0,322,1,2021-12-30 09:00:14
1640854814313291000,120.0,1,119.5,74,120.0,321,1,2021-12-30 09:00:14
1640854814318417000,120.0,1,119.5,75,120.0,320,1,2021-12-30 09:00:14
1640854814633585000,120.0,1,119.5,78,120.0,319,1,2021-12-30 09:00:14
1640854814723364000,120.0,2,119.5,78,120.0,317,1,2021-12-30 09:00:14
1640854814753057000,120.0,1,119.5,78,120.0,316,1,2021-12-30 09:00:14
1640854814860587000,119.5,3,119.5,75,120.0,327,2,2021-12-30 09:00:14
1640854814947780000,120.0,4,119.5,76,120.0,323,1,2021-12-30 09:00:14
1640854815034789000,120.0,4,119.5,78,120.0,320,1,2021-12-30 09:00:15
1640854815039547000,120.0,1,119.5,78,120.0,319,1,2021-12-30 09:00:15
1640854815159596000,120.0,1,119.5,80,120.0,318,1,2021-12-30 09:00:15
1640854815183789000,120.0,1,119.5,80,120.0,317,1,2021-12-30 09:00:15
1640854815190628000,120.0,1,119.5,80,120.0,316,1,2021-12-30 09:00:15
1640854815237509000,120.0,1,119.5,80,120.0,315,1,2021-12-30 09:00:15
1640854815247075000,120.0,2,119.5,80,120.0,313,1,2021-12-30 09:00:15
1640854815313718000,120.0,1,119.5,88,120.0,312,1,2021-12-30 09:00:15
1640854815368799000,120.0,1,119.5,89,120.0,311,1,2021-12-30 09:00:15
1640854815454033000,120.0,1,119.5,89,120.0,310,1,2021-12-30 09:00:15
1640854815593402000,119.5,1,119.5,89,120.0,315,2,2021-12-30 09:00:15
1640854815739127000,120.0,1,119.5,95,120.0,314,1,2021-12-30 09:00:15
1640854815839540000,120.0,2,119.5,95,120.0,312,1,2021-12-30 09:00:15
1640854815899433000,120.0,1,119.5,95,120.0,311,1,2021-12-30 09:00:15
1640854815999271000,120.0,6,119.5,98,120.0,305,1,2021-12-30 09:00:15
1640854816044667000,119.5,10,119.5,88,120.0,308,2,2021-12-30 09:00:16
1640854816045576000,120.0,1,119.5,88,120.0,307,1,2021-12-30 09:00:16
1640854816046533000,120.0,10,119.5,88,120.0,297,1,2021-12-30 09:00:16
1640854816058752000,120.0,1,119.5,88,120.0,296,1,2021-12-30 09:00:16
1640854816089607000,119.5,10,119.5,78,120.0,296,2,2021-12-30 09:00:16
1640854816223653000,120.0,1,119.5,83,120.0,305,1,2021-12-30 09:00:16
1640854816246714000,120.0,3,119.5,83,120.0,302,1,2021-12-30 09:00:16
1640854816285351000,119.5,5,119.5,78,120.0,302,2,2021-12-30 09:00:16
1640854816348675000,120.0,10,119.5,78,120.0,292,1,2021-12-30 09:00:16
1640854816382808000,120.0,1,119.5,78,120.0,291,1,2021-12-30 09:00:16
1640854816394235000,120.0,1,119.5,78,120.0,290,1,2021-12-30 09:00:16
1640854816402660000,120.0,1,119.5,78,120.0,289,1,2021-12-30 09:00:16
1640854816524808000,120.0,8,119.5,78,120.0,281,1,2021-12-30 09:00:16
1640854816552804000,120.0,2,119.5,78,120.0,279,1,2021-12-30 09:00:16
1640854816558952000,120.0,2,119.5,78,120.0,277,1,2021-12-30 09:00:16
1640854816582022000,120.0,2,119.5,78,120.0,275,1,2021-12-30 09:00:16
1640854816632108000,120.0,1,119.5,78,120.0,274,1,2021-12-30 09:00:16
1640854816638488000,120.0,1,119.5,78,120.0,273,1,2021-12-30 09:00:16
1640854816666628000,120.0,1,119.5,78,120.0,272,1,2021-12-30 09:00:16
1640854816674244000,119.5,2,119.5,76,120.0,272,2,2021-12-30 09:00:16
1640854816687907000,120.0,1,119.5,76,120.0,271,1,2021-12-30 09:00:16
1640854817026114000,120.0,1,119.5,83,120.0,272,1,2021-12-30 09:00:17
1640854817027772000,120.0,1,119.5,83,120.0,271,1,2021-12-30 09:00:17
1640854817116889000,120.0,1,119.5,83,120.0,270,1,2021-12-30 09:00:17
1640854817486079000,119.5,2,119.5,81,120.0,279,2,2021-12-30 09:00:17
1640854817697558000,120.0,1,119.5,89,120.0,278,1,2021-12-30 09:00:17
1640854817704096000,120.0,1,119.5,89,120.0,277,1,2021-12-30 09:00:17
1640854817705150000,120.0,2,119.5,89,120.0,275,1,2021-12-30 09:00:17
1640854817867055000,120.0,1,119.5,95,120.0,277,1,2021-12-30 09:00:17
1640854817906000000,119.5,5,119.5,79,120.0,287,2,2021-12-30 09:00:17
1640854817906451000,119.5,11,119.5,79,120.0,287,2,2021-12-30 09:00:17
1640854817934499000,120.0,1,119.5,79,120.0,286,1,2021-12-30 09:00:17
1640854817957262000,119.5,1,119.5,79,120.0,286,2,2021-12-30 09:00:17
1640854817974194000,120.0,2,119.5,79,120.0,285,1,2021-12-30 09:00:17
1640854818039456000,119.5,2,119.5,78,120.0,285,2,2021-12-30 09:00:18
1640854818103909000,120.0,1,119.5,81,120.0,285,1,2021-12-30 09:00:18
1640854818125168000,120.0,1,119.5,81,120.0,284,1,2021-12-30 09:00:18
1640854818158303000,120.0,1,119.5,81,120.0,283,1,2021-12-30 09:00:18
1640854818186345000,120.0,1,119.5,81,120.0,282,1,2021-12-30 09:00:18
1640854818193785000,120.0,1,119.5,81,120.0,281,1,2021-12-30 09:00:18
1640854818369052000,120.0,2,119.5,81,120.0,279,1,2021-12-30 09:00:18
1640854818397807000,120.0,2,119.5,81,120.0,277,1,2021-12-30 09:00:18
1640854818410057000,119.5,2,119.5,79,120.0,277,2,2021-12-30 09:00:18
1640854818444582000,119.5,10,119.5,69,120.0,277,2,2021-12-30 09:00:18
1640854818451401000,120.0,1,119.5,69,120.0,276,1,2021-12-30 09:00:18
1640854818487999000,120.0,5,119.5,70,120.0,271,1,2021-12-30 09:00:18
1640854818525838000,120.0,1,119.5,70,120.0,270,1,2021-12-30 09:00:18
1640854818749273000,120.0,2,119.5,71,120.0,268,1,2021-12-30 09:00:18
1640854818843286000,120.0,1,119.5,72,120.0,267,1,2021-12-30 09:00:18
1640854818852026000,120.0,2,119.5,72,120.0,265,1,2021-12-30 09:00:18
1640854818865522000,120.0,1,119.5,72,120.0,264,1,2021-12-30 09:00:18
1640854818975270000,120.0,1,119.5,75,120.0,263,1,2021-12-30 09:00:18
1640854819065078000,120.0,2,119.5,75,120.0,263,1,2021-12-30 09:00:19
1640854819076252000,120.0,1,119.5,75,120.0,262,1,2021-12-30 09:00:19
1640854819081416000,120.0,1,119.5,75,120.0,261,1,2021-12-30 09:00:19
1640854819116757000,120.0,1,119.5,76,120.0,260,1,2021-12-30 09:00:19
1640854819144233000,120.0,1,119.5,76,120.0,259,1,2021-12-30 09:00:19
1640854819361335000,119.5,5,119.5,75,120.0,258,2,2021-12-30 09:00:19
1640854819445904000,119.5,1,119.5,75,120.0,258,2,2021-12-30 09:00:19
1640854819550404000,120.0,1,119.5,78,120.0,258,1,2021-12-30 09:00:19
1640854819746991000,120.0,10,119.5,79,120.0,254,1,2021-12-30 09:00:19
1640854819804404000,119.5,2,119.5,77,120.0,259,2,2021-12-30 09:00:19
1640854820185207000,120.0,1,119.5,92,120.0,262,1,2021-12-30 09:00:20
1640854820216177000,120.0,1,119.5,92,120.0,261,1,2021-12-30 09:00:20
1640854820309670000,120.0,2,119.5,96,120.0,259,1,2021-12-30 09:00:20
1640854820406116000,120.0,3,119.5,98,120.0,256,1,2021-12-30 09:00:20
1640854820498873000,120.0,1,119.5,99,120.0,255,1,2021-12-30 09:00:20
1640854820642416000,120.0,1,119.5,99,120.0,254,1,2021-12-30 09:00:20
1640854820743130000,120.0,1,119.5,101,120.0,253,1,2021-12-30 09:00:20
1640854820922884000,120.0,2,119.5,125,120.0,253,1,2021-12-30 09:00:20
1640854821029837000,120.0,1,119.5,127,120.0,252,1,2021-12-30 09:00:21
1640854821030548000,120.0,2,119.5,127,120.0,250,1,2021-12-30 09:00:21
1640854821071488000,119.5,5,119.5,122,120.0,250,2,2021-12-30 09:00:21
1640854821095663000,120.0,1,119.5,126,120.0,249,1,2021-12-30 09:00:21
1640854821099513000,120.0,1,119.5,126,120.0,248,1,2021-12-30 09:00:21
1640854821313255000,120.0,5,119.5,133,120.0,243,1,2021-12-30 09:00:21
1640854821346447000,120.0,1,119.5,133,120.0,242,1,2021-12-30 09:00:21
1640854821367236000,120.0,1,119.5,133,120.0,241,1,2021-12-30 09:00:21
1640854821371978000,120.0,1,119.5,133,120.0,240,1,2021-12-30 09:00:21
1640854821373269000,119.5,1,119.5,132,120.0,240,2,2021-12-30 09:00:21
1640854821391743000,120.0,1,119.5,132,120.0,239,1,2021-12-30 09:00:21
1640854821491268000,120.0,1,119.5,132,120.0,238,1,2021-12-30 09:00:21
1640854821605841000,120.0,1,119.5,139,120.0,237,1,2021-12-30 09:00:21
1640854821759370000,120.0,1,119.5,139,120.0,237,1,2021-12-30 09:00:21
1640854821806920000,119.5,1,119.5,138,120.0,237,2,2021-12-30 09:00:21
1640854821933915000,120.0,5,119.5,139,120.0,233,1,2021-12-30 09:00:21
1640854821966018000,120.0,1,119.5,140,120.0,232,1,2021-12-30 09:00:21
1640854821989501000,119.5,1,119.5,139,120.0,232,2,2021-12-30 09:00:21
1640854822140726000,120.0,4,119.5,140,120.0,228,1,2021-12-30 09:00:22
1640854822195694000,120.0,1,119.5,140,120.0,227,1,2021-12-30 09:00:22
1640854822509502000,120.0,1,119.5,144,120.0,226,1,2021-12-30 09:00:22
1640854822577151000,120.0,1,119.5,145,120.0,227,1,2021-12-30 09:00:22
1640854822692706000,119.5,1,119.5,145,120.0,227,2,2021-12-30 09:00:22
1640854822838421000,120.0,1,119.5,153,120.0,228,1,2021-12-30 09:00:22
1640854823018128000,120.0,1,119.5,154,120.0,233,1,2021-12-30 09:00:23
1640854823164796000,120.0,2,119.5,155,120.0,231,1,2021-12-30 09:00:23
1640854823216578000,120.0,1,119.5,158,120.0,230,1,2021-12-30 09:00:23
1640854823285643000,120.0,2,119.5,160,120.0,228,1,2021-12-30 09:00:23
1640854823299859000,120.0,1,119.5,160,120.0,227,1,2021-12-30 09:00:23
1640854823446423000,120.0,1,119.5,164,120.0,226,1,2021-12-30 09:00:23
1640854823477042000,120.0,1,119.5,164,120.0,225,1,2021-12-30 09:00:23
1640854823478575000,120.0,1,119.5,164,120.0,224,1,2021-12-30 09:00:23
1640854823505304000,120.0,1,119.5,164,120.0,223,1,2021-12-30 09:00:23
1640854823597022000,120.0,1,119.5,165,120.0,222,1,2021-12-30 09:00:23
1640854823892851000,120.0,1,119.5,168,120.0,222,1,2021-12-30 09:00:23
1640854823917516000,120.0,2,119.5,168,120.0,220,1,2021-12-30 09:00:23
1640854824012472000,119.5,1,119.5,167,120.0,220,2,2021-12-30 09:00:24
1640854824051253000,120.0,1,119.5,167,120.0,219,1,2021-12-30 09:00:24
1640854824092665000,120.0,1,119.5,167,120.0,219,1,2021-12-30 09:00:24
1640854824175084000,120.0,5,119.5,167,120.0,216,1,2021-12-30 09:00:24
1640854824232965000,120.0,1,119.5,167,120.0,215,1,2021-12-30 09:00:24
1640854824246660000,120.0,1,119.5,167,120.0,214,1,2021-12-30 09:00:24
1640854824274862000,120.0,10,119.5,167,120.0,204,1,2021-12-30 09:00:24
1640854824391487000,120.0,1,119.5,168,120.0,203,1,2021-12-30 09:00:24
1640854824487947000,120.0,50,119.5,170,120.0,153,1,2021-12-30 09:00:24
1640854824643734000,120.0,1,119.5,171,120.0,152,1,2021-12-30 09:00:24
1640854824866093000,120.0,1,119.5,173,120.0,151,1,2021-12-30 09:00:24
1640854824940137000,120.0,1,119.5,174,120.0,150,1,2021-12-30 09:00:24
1640854824943520000,120.0,5,119.5,174,120.0,145,1,2021-12-30 09:00:24
1640854824954398000,120.0,5,119.5,174,120.0,140,1,2021-12-30 09:00:24
1640854825091077000,120.0,2,119.5,174,120.0,138,1,2021-12-30 09:00:25
1640854825243242000,119.5,1,119.5,174,120.0,139,2,2021-12-30 09:00:25
1640854825339352000,120.0,10,119.5,180,120.0,129,1,2021-12-30 09:00:25
1640854825364136000,120.0,1,119.5,180,120.0,128,1,2021-12-30 09:00:25
1640854825403766000,120.0,1,119.5,180,120.0,127,1,2021-12-30 09:00:25
1640854825423304000,120.0,1,119.5,180,120.0,126,1,2021-12-30 09:00:25
1640854825496969000,119.5,6,119.5,174,120.0,126,2,2021-12-30 09:00:25
1640854825500952000,120.0,1,119.5,174,120.0,125,1,2021-12-30 09:00:25
1640854825545505000,120.0,1,119.5,174,120.0,124,1,2021-12-30 09:00:25
1640854825552085000,120.0,3,119.5,171,120.0,121,1,2021-12-30 09:00:25
1640854825580207000,120.0,1,119.5,171,120.0,120,1,2021-12-30 09:00:25
1640854825632336000,120.0,10,119.5,171,120.0,110,1,2021-12-30 09:00:25
1640854825648128000,120.0,5,119.5,171,120.0,105,1,2021-12-30 09:00:25
1640854825660418000,120.0,1,119.5,171,120.0,104,1,2021-12-30 09:00:25
1640854825666687000,120.0,1,119.5,171,120.0,104,1,2021-12-30 09:00:25
1640854825672441000,120.0,1,119.5,171,120.0,103,1,2021-12-30 09:00:25
1640854825713445000,120.0,1,119.5,169,120.0,102,1,2021-12-30 09:00:25
1640854825728116000,120.0,4,119.5,170,120.0,98,1,2021-12-30 09:00:25
1640854825785052000,120.0,1,119.5,170,120.0,97,1,2021-12-30 09:00:25
1640854825805089000,120.0,1,119.5,170,120.0,96,1,2021-12-30 09:00:25
1640854825849238000,120.0,1,119.5,170,120.0,95,1,2021-12-30 09:00:25
1640854825939393000,120.0,1,119.5,170,120.0,94,1,2021-12-30 09:00:25
1640854825987098000,120.0,1,119.5,170,120.0,93,1,2021-12-30 09:00:25
1640854826067782000,120.0,5,119.5,170,120.0,88,1,2021-12-30 09:00:26
1640854826123333000,120.0,10,119.5,172,120.0,78,1,2021-12-30 09:00:26
1640854826143528000,120.0,4,119.5,173,120.0,74,1,2021-12-30 09:00:26
1640854826168983000,120.0,1,119.5,178,120.0,74,1,2021-12-30 09:00:26
1640854826215441000,120.0,1,119.5,180,120.0,73,1,2021-12-30 09:00:26
1640854826227697000,120.0,1,119.5,180,120.0,72,1,2021-12-30 09:00:26
1640854826285903000,120.0,1,119.5,180,120.0,71,1,2021-12-30 09:00:26
1640854826291944000,120.0,1,119.5,180,120.0,70,1,2021-12-30 09:00:26
1640854826332600000,120.0,3,119.5,180,120.0,64,1,2021-12-30 09:00:26
1640854826332739000,120.0,3,119.5,180,120.0,64,1,2021-12-30 09:00:26
1640854826333140000,120.0,3,119.5,180,120.0,61,1,2021-12-30 09:00:26
1640854826335329000,120.0,1,119.5,180,120.0,60,1,2021-12-30 09:00:26
1640854826364574000,120.0,1,119.5,180,120.0,59,1,2021-12-30 09:00:26
1640854826420864000,120.0,2,119.5,182,120.0,58,1,2021-12-30 09:00:26
1640854826441317000,120.0,10,119.5,182,120.0,48,1,2021-12-30 09:00:26
1640854826445286000,120.0,1,119.5,182,120.0,47,1,2021-12-30 09:00:26
1640854826477652000,120.0,1,119.5,182,120.0,46,1,2021-12-30 09:00:26
1640854826480362000,120.0,3,119.5,182,120.0,43,1,2021-12-30 09:00:26
1640854826519039000,120.0,1,119.5,182,120.0,43,1,2021-12-30 09:00:26
1640854826543976000,120.0,1,119.5,182,120.0,42,1,2021-12-30 09:00:26
1640854826607427000,120.0,5,119.5,183,120.0,37,1,2021-12-30 09:00:26
1640854826647733000,120.0,3,119.5,184,120.0,34,1,2021-12-30 09:00:26
1640854826654317000,120.0,10,119.5,184,120.0,24,1,2021-12-30 09:00:26
1640854826658226000,120.0,1,119.5,184,120.0,23,1,2021-12-30 09:00:26
1640854826664792000,120.0,1,119.5,184,120.0,22,1,2021-12-30 09:00:26
1640854826667038000,120.0,1,119.5,184,120.0,21,1,2021-12-30 09:00:26
1640854826721576000,120.0,1,119.5,184,120.0,20,1,2021-12-30 09:00:26
1640854826725046000,120.0,1,119.5,184,120.0,19,1,2021-12-30 09:00:26
1640854826738977000,120.0,3,119.5,184,120.0,17,1,2021-12-30 09:00:26
1640854826782229000,120.0,2,119.5,184,120.0,15,1,2021-12-30 09:00:26
1640854826792577000,120.0,15,120.0,5,120.5,82,1,2021-12-30 09:00:26
1640854826937886000,120.5,1,120.0,33,120.5,81,1,2021-12-30 09:00:26
1640854826943383000,120.0,33,119.5,184,120.0,17,2,2021-12-30 09:00:26
1640854826958638000,120.0,5,119.5,186,120.0,12,1,2021-12-30 09:00:26
1640854826965658000,120.0,2,119.5,186,120.0,10,1,2021-12-30 09:00:26
1640854826989273000,120.0,10,120.0,2,120.5,81,1,2021-12-30 09:00:26
1640854827064419000,120.5,1,120.0,9,120.5,80,1,2021-12-30 09:00:27
1640854827167460000,120.5,1,120.0,14,120.5,79,1,2021-12-30 09:00:27
1640854827232106000,120.5,1,120.0,25,120.5,78,1,2021-12-30 09:00:27
1640854827232957000,120.0,1,120.0,25,120.5,78,2,2021-12-30 09:00:27
1640854827246018000,120.5,1,120.0,25,120.5,77,1,2021-12-30 09:00:27
1640854827261705000,120.5,3,120.0,25,120.5,74,1,2021-12-30 09:00:27
1640854827497602000,120.0,2,120.0,27,120.5,74,2,2021-12-30 09:00:27
1640854827527955000,120.5,1,120.0,33,120.5,73,1,2021-12-30 09:00:27
1640854827746080000,120.5,1,120.0,45,120.5,72,1,2021-12-30 09:00:27
1640854827882797000,120.5,1,120.0,56,120.5,71,1,2021-12-30 09:00:27
1640854827893158000,120.0,1,120.0,57,120.5,71,2,2021-12-30 09:00:27
1640854827974124000,120.5,1,120.0,60,120.5,70,1,2021-12-30 09:00:27
1640854828359305000,120.5,1,120.0,72,120.5,69,1,2021-12-30 09:00:28
1640854828404597000,120.5,1,120.0,72,120.5,68,1,2021-12-30 09:00:28
1640854828434631000,120.0,5,120.0,73,120.5,68,2,2021-12-30 09:00:28
1640854828482139000,120.0,1,120.0,73,120.5,68,2,2021-12-30 09:00:28
1640854828627343000,120.5,1,120.0,79,120.5,67,1,2021-12-30 09:00:28
1640854828774039000,120.5,1,120.0,84,120.5,66,1,2021-12-30 09:00:28
1640854829023553000,120.5,1,120.0,101,120.5,66,1,2021-12-30 09:00:29
1640854829037360000,120.5,1,120.0,101,120.5,65,1,2021-12-30 09:00:29
1640854829227858000,120.5,1,120.0,106,120.5,65,1,2021-12-30 09:00:29
1640854829234404000,120.0,5,120.0,101,120.5,65,2,2021-12-30 09:00:29
1640854829281510000,120.5,1,120.0,106,120.5,64,1,2021-12-30 09:00:29
1640854829354287000,120.5,2,120.0,107,120.5,63,1,2021-12-30 09:00:29
1640854829362932000,120.0,2,120.0,105,120.5,63,2,2021-12-30 09:00:29
1640854830061197000,120.5,1,120.0,126,120.5,64,1,2021-12-30 09:00:30
1640854830065874000,120.5,1,120.0,126,120.5,63,1,2021-12-30 09:00:30
1640854830274152000,120.5,1,120.0,133,120.5,66,1,2021-12-30 09:00:30
1640854830348542000,120.0,1,120.0,134,120.5,66,2,2021-12-30 09:00:30
1640854830808924000,120.0,1,120.0,142,120.5,65,2,2021-12-30 09:00:30
1640854830949867000,120.5,1,120.0,147,120.5,64,1,2021-12-30 09:00:30
1640854830992047000,120.5,1,120.0,147,120.5,63,1,2021-12-30 09:00:30
1640854831030113000,120.0,1,120.0,146,120.5,64,2,2021-12-30 09:00:31
1640854831060796000,120.5,1,120.0,146,120.5,63,1,2021-12-30 09:00:31
1640854831308838000,120.5,1,120.0,170,120.5,63,1,2021-12-30 09:00:31
1640854831495875000,120.5,2,120.0,173,120.5,62,1,2021-12-30 09:00:31
1640854831552764000,120.5,1,120.0,173,120.5,61,1,2021-12-30 09:00:31
1640854831573774000,120.5,1,120.0,178,120.5,60,1,2021-12-30 09:00:31
1640854831648098000,120.5,2,120.0,178,120.5,58,1,2021-12-30 09:00:31
1640854831652252000,120.5,1,120.0,178,120.5,57,1,2021-12-30 09:00:31
1640854831668750000,120.5,1,120.0,178,120.5,56,1,2021-12-30 09:00:31
1640854831697353000,120.5,2,120.0,178,120.5,54,1,2021-12-30 09:00:31
1640854831818648000,120.5,5,120.0,180,120.5,51,1,2021-12-30 09:00:31
1640854831936785000,120.5,2,120.0,178,120.5,49,1,2021-12-30 09:00:31
1640854832019108000,120.5,5,120.0,178,120.5,44,1,2021-12-30 09:00:32
1640854832079973000,120.5,1,120.0,183,120.5,43,1,2021-12-30 09:00:32
1640854832140847000,120.0,1,120.0,184,120.5,44,2,2021-12-30 09:00:32
1640854832415987000,120.0,1,120.0,186,120.5,45,2,2021-12-30 09:00:32
1640854832435525000,120.5,1,120.0,186,120.5,44,1,2021-12-30 09:00:32
1640854832438533000,120.0,3,120.0,183,120.5,44,2,2021-12-30 09:00:32
1640854832704729000,120.5,1,120.0,189,120.5,45,1,2021-12-30 09:00:32
1640854832841070000,120.5,1,120.0,190,120.5,56,1,2021-12-30 09:00:32
1640854832953060000,120.5,2,120.0,190,120.5,54,1,2021-12-30 09:00:32
1640854833012223000,120.5,5,120.0,191,120.5,54,1,2021-12-30 09:00:33
1640854833072886000,120.5,1,120.0,191,120.5,53,1,2021-12-30 09:00:33
1640854833189955000,120.5,1,120.0,197,120.5,52,1,2021-12-30 09:00:33
1640854833193529000,120.5,2,120.0,197,120.5,50,1,2021-12-30 09:00:33
1640854833207525000,120.5,1,120.0,197,120.5,49,1,2021-12-30 09:00:33
1640854833219356000,120.0,5,120.0,192,120.5,49,2,2021-12-30 09:00:33
1640854833239225000,120.5,1,120.0,195,120.5,48,1,2021-12-30 09:00:33
1640854833385939000,120.5,1,120.0,195,120.5,48,1,2021-12-30 09:00:33
1640854833413119000,120.0,1,120.0,194,120.5,51,2,2021-12-30 09:00:33
1640854833729254000,120.5,1,120.0,208,120.5,52,1,2021-12-30 09:00:33
1640854833749218000,120.5,1,120.0,208,120.5,51,1,2021-12-30 09:00:33
1640854833785939000,120.0,1,120.0,210,120.5,48,2,2021-12-30 09:00:33
1640854833785955000,120.5,5,120.0,210,120.5,48,1,2021-12-30 09:00:33
1640854833798164000,120.5,1,120.0,210,120.5,47,1,2021-12-30 09:00:33
1640854833866002000,120.5,1,120.0,211,120.5,46,1,2021-12-30 09:00:33
1640854833995136000,120.5,5,120.0,215,120.5,62,1,2021-12-30 09:00:33
1640854834034529000,120.5,1,120.0,217,120.5,61,1,2021-12-30 09:00:34
1640854834055128000,120.5,1,120.0,217,120.5,60,1,2021-12-30 09:00:34
1640854834064491000,120.5,1,120.0,217,120.5,59,1,2021-12-30 09:00:34
1640854834194878000,120.5,1,120.0,217,120.5,70,1,2021-12-30 09:00:34
1640854834197569000,120.5,2,120.0,217,120.5,68,1,2021-12-30 09:00:34
1640854834336308000,120.5,1,120.0,218,120.5,70,1,2021-12-30 09:00:34
1640854834345525000,120.5,2,120.0,218,120.5,68,1,2021-12-30 09:00:34
1640854834379253000,120.5,1,120.0,219,120.5,67,1,2021-12-30 09:00:34
1640854834579049000,120.5,1,120.0,225,120.5,68,1,2021-12-30 09:00:34
1640854834630445000,120.0,1,120.0,226,120.5,68,2,2021-12-30 09:00:34
1640854834795952000,120.5,3,120.0,224,120.5,80,1,2021-12-30 09:00:34
1640854834934162000,120.5,1,120.0,229,120.5,89,1,2021-12-30 09:00:34
1640854834950918000,120.5,2,120.0,229,120.5,87,1,2021-12-30 09:00:34
1640854834966553000,120.0,1,120.0,228,120.5,87,2,2021-12-30 09:00:34
1640854835025990000,120.5,1,120.0,232,120.5,87,1,2021-12-30 09:00:35
1640854835051582000,120.5,2,120.0,232,120.5,85,1,2021-12-30 09:00:35
1640854835080671000,120.5,1,120.0,234,120.5,84,1,2021-12-30 09:00:35
1640854835258122000,120.5,1,120.0,242,120.5,83,1,2021-12-30 09:00:35
1640854835296397000,120.5,1,120.0,242,120.5,92,1,2021-12-30 09:00:35
1640854835409934000,120.0,1,120.0,242,120.5,112,2,2021-12-30 09:00:35
1640854835491893000,120.5,3,120.0,243,120.5,121,1,2021-12-30 09:00:35
1640854835502906000,120.5,1,120.0,243,120.5,120,1,2021-12-30 09:00:35
1640854835611249000,120.5,1,120.0,243,120.5,124,1,2021-12-30 09:00:35
1640854835638581000,120.5,2,120.0,245,120.5,124,1,2021-12-30 09:00:35
1640854835648688000,120.5,1,120.0,245,120.5,123,1,2021-12-30 09:00:35
1640854835677456000,120.5,5,120.0,246,120.5,118,1,2021-12-30 09:00:35
1640854835714493000,120.5,10,120.0,246,120.5,110,1,2021-12-30 09:00:35
1640854835722299000,120.5,1,120.0,246,120.5,109,1,2021-12-30 09:00:35
1640854835814132000,120.5,2,120.0,250,120.5,107,1,2021-12-30 09:00:35
1640854836017075000,120.5,2,120.0,258,120.5,110,1,2021-12-30 09:00:36
1640854836079901000,120.5,1,120.0,258,120.5,119,1,2021-12-30 09:00:36
1640854836100673000,120.5,1,120.0,260,120.5,118,1,2021-12-30 09:00:36
1640854836113078000,120.5,1,120.0,260,120.5,117,1,2021-12-30 09:00:36
1640854836140039000,120.0,15,120.0,246,120.5,117,2,2021-12-30 09:00:36
1640854836173751000,120.5,1,120.0,246,120.5,118,1,2021-12-30 09:00:36
1640854836204796000,120.5,1,120.0,248,120.5,127,1,2021-12-30 09:00:36
1640854836369372000,120.5,1,120.0,259,120.5,149,1,2021-12-30 09:00:36
1640854836487613000,120.5,1,120.0,258,120.5,150,1,2021-12-30 09:00:36
1640854836518932000,120.5,1,120.0,258,120.5,149,1,2021-12-30 09:00:36
1640854836528994000,120.5,5,120.0,258,120.5,144,1,2021-12-30 09:00:36
1640854836545270000,120.0,1,120.0,257,120.5,145,2,2021-12-30 09:00:36
1640854836629052000,120.5,1,120.0,261,120.5,150,1,2021-12-30 09:00:36
1640854836794033000,120.5,1,120.0,261,120.5,158,1,2021-12-30 09:00:36
1640854836864774000,120.5,1,120.0,262,120.5,157,1,2021-12-30 09:00:36
1640854836976526000,120.5,20,120.0,262,120.5,137,1,2021-12-30 09:00:36
1640854836998280000,120.5,1,120.0,262,120.5,137,1,2021-12-30 09:00:36
1640854837111474000,120.5,2,120.0,268,120.5,136,1,2021-12-30 09:00:37
1640854837137027000,120.5,1,120.0,268,120.5,135,1,2021-12-30 09:00:37
1640854837264210000,120.5,1,120.0,269,120.5,168,1,2021-12-30 09:00:37
1640854837268443000,120.0,2,120.0,267,120.5,168,2,2021-12-30 09:00:37
1640854837483122000,120.0,2,120.0,260,120.5,170,2,2021-12-30 09:00:37
1640854837591245000,120.0,2,120.0,258,120.5,170,2,2021-12-30 09:00:37
1640854837593038000,120.5,1,120.0,258,120.5,169,1,2021-12-30 09:00:37
1640854837609037000,120.5,1,120.0,263,120.5,168,1,2021-12-30 09:00:37
1640854837631486000,120.5,1,120.0,263,120.5,167,1,2021-12-30 09:00:37
1640854837652722000,120.5,1,120.0,263,120.5,166,1,2021-12-30 09:00:37
1640854837686528000,120.0,1,120.0,262,120.5,173,2,2021-12-30 09:00:37
1640854837696073000,120.5,10,120.0,262,120.5,163,1,2021-12-30 09:00:37
1640854837699232000,120.5,1,120.0,262,120.5,162,1,2021-12-30 09:00:37
1640854837705914000,120.5,1,120.0,262,120.5,161,1,2021-12-30 09:00:37
1640854837772937000,120.5,1,120.0,265,120.5,160,1,2021-12-30 09:00:37
1640854837773023000,120.5,1,120.0,264,120.5,159,1,2021-12-30 09:00:37
1640854837795783000,120.5,2,120.0,264,120.5,158,1,2021-12-30 09:00:37
1640854837868599000,120.5,1,120.0,264,120.5,158,1,2021-12-30 09:00:37
1640854837935365000,120.5,1,120.0,266,120.5,157,1,2021-12-30 09:00:37
1640854837949947000,120.5,1,120.0,266,120.5,157,1,2021-12-30 09:00:37
1640854837971855000,120.5,1,120.0,272,120.5,156,1,2021-12-30 09:00:37
1640854838094112000,120.5,1,120.0,272,120.5,155,1,2021-12-30 09:00:38
1640854838103665000,120.0,1,120.0,271,120.5,155,2,2021-12-30 09:00:38
1640854838202190000,120.5,1,120.0,272,120.5,159,1,2021-12-30 09:00:38
1640854838215931000,120.5,2,120.0,272,120.5,157,1,2021-12-30 09:00:38
1640854838341079000,120.0,15,120.0,260,120.5,161,2,2021-12-30 09:00:38
1640854838389211000,120.5,1,120.0,261,120.5,160,1,2021-12-30 09:00:38
1640854838430558000,120.5,2,120.0,262,120.5,158,1,2021-12-30 09:00:38
1640854838486593000,120.5,5,120.0,264,120.5,153,1,2021-12-30 09:00:38
1640854838577595000,120.5,1,120.0,264,120.5,153,1,2021-12-30 09:00:38
1640854838719534000,120.5,5,120.0,267,120.5,149,1,2021-12-30 09:00:38
1640854838794109000,120.5,2,120.0,267,120.5,148,1,2021-12-30 09:00:38
1640854839055671000,120.5,1,120.0,270,120.5,147,1,2021-12-30 09:00:39
1640854839096760000,120.5,20,120.0,271,120.5,127,1,2021-12-30 09:00:39
1640854839174052000,120.5,3,120.0,276,120.5,124,1,2021-12-30 09:00:39
1640854839318487000,120.5,1,120.0,275,120.5,125,1,2021-12-30 09:00:39
1640854839321152000,120.5,1,120.0,275,120.5,124,1,2021-12-30 09:00:39
1640854839376787000,120.5,1,120.0,269,120.5,123,1,2021-12-30 09:00:39
1640854839386445000,120.5,20,120.0,269,120.5,109,1,2021-12-30 09:00:39
1640854839431359000,120.5,1,120.0,268,120.5,108,1,2021-12-30 09:00:39
1640854839483451000,120.5,5,120.0,273,120.5,103,1,2021-12-30 09:00:39
1640854839547987000,120.5,1,120.0,273,120.5,102,1,2021-12-30 09:00:39
1640854839685323000,120.0,3,120.0,270,120.5,107,2,2021-12-30 09:00:39
1640854839774652000,120.0,1,120.0,270,120.5,107,2,2021-12-30 09:00:39
1640854839908285000,120.5,6,120.0,290,120.5,101,1,2021-12-30 09:00:39
1640854839942805000,120.5,2,120.0,290,120.5,100,1,2021-12-30 09:00:39
1640854840021037000,120.5,10,120.0,301,120.5,90,1,2021-12-30 09:00:40
1640854840088201000,120.5,1,120.0,301,120.5,91,1,2021-12-30 09:00:40
1640854840099330000,120.5,1,120.0,301,120.5,90,1,2021-12-30 09:00:40
1640854840133381000,120.5,1,120.0,301,120.5,89,1,2021-12-30 09:00:40
1640854840139851000,120.5,1,120.0,300,120.5,88,1,2021-12-30 09:00:40
1640854840174315000,120.5,2,120.0,301,120.5,96,1,2021-12-30 09:00:40
1640854840239668000,120.5,1,120.0,304,120.5,100,1,2021-12-30 09:00:40
1640854840250629000,120.0,5,120.0,299,120.5,100,2,2021-12-30 09:00:40
1640854840287717000,120.5,1,120.0,299,120.5,99,1,2021-12-30 09:00:40
1640854840316883000,120.5,1,120.0,299,120.5,98,1,2021-12-30 09:00:40
1640854840434900000,120.5,1,120.0,301,120.5,95,1,2021-12-30 09:00:40
1640854840442304000,120.5,1,120.0,301,120.5,94,1,2021-12-30 09:00:40
1640854840618308000,120.5,1,120.0,307,120.5,96,1,2021-12-30 09:00:40
1640854840639895000,120.5,5,120.0,307,120.5,91,1,2021-12-30 09:00:40
1640854840849995000,120.5,1,120.0,308,120.5,85,1,2021-12-30 09:00:40
1640854840909734000,120.5,3,120.0,308,120.5,82,1,2021-12-30 09:00:40
1640854840915620000,120.5,1,120.0,308,120.5,81,1,2021-12-30 09:00:40
1640854840940350000,120.5,3,120.0,308,120.5,78,1,2021-12-30 09:00:40
1640854840975439000,120.5,2,120.0,308,120.5,76,1,2021-12-30 09:00:40
1640854841123500000,120.5,1,120.0,309,120.5,75,1,2021-12-30 09:00:41
1640854841193417000,120.5,1,120.0,308,120.5,73,1,2021-12-30 09:00:41
1640854841244078000,120.5,2,120.0,310,120.5,71,1,2021-12-30 09:00:41
1640854841293590000,120.5,1,120.0,310,120.5,70,1,2021-12-30 09:00:41
1640854841347156000,120.5,1,120.0,311,120.5,69,1,2021-12-30 09:00:41
1640854841374818000,120.5,2,120.0,312,120.5,67,1,2021-12-30 09:00:41
1640854841426079000,120.5,1,120.0,313,120.5,66,1,2021-12-30 09:00:41
1640854841454746000,120.5,1,120.0,313,120.5,65,1,2021-12-30 09:00:41
1640854841462088000,120.5,1,120.0,313,120.5,64,1,2021-12-30 09:00:41
1640854841467543000,120.5,2,120.0,311,120.5,62,1,2021-12-30 09:00:41
1640854841470884000,120.5,10,120.0,312,120.5,52,1,2021-12-30 09:00:41
1640854841487440000,120.5,1,120.0,312,120.5,51,1,2021-12-30 09:00:41
1640854841635911000,120.5,3,120.0,313,120.5,53,1,2021-12-30 09:00:41
1640854841660177000,120.5,1,120.0,316,120.5,52,1,2021-12-30 09:00:41
1640854841697073000,120.5,2,120.0,316,120.5,50,1,2021-12-30 09:00:41
1640854841712637000,120.5,1,120.0,316,120.5,49,1,2021-12-30 09:00:41
1640854841780800000,120.5,1,120.0,320,120.5,48,1,2021-12-30 09:00:41
1640854841798837000,120.5,10,120.0,320,120.5,38,1,2021-12-30 09:00:41
1640854841847959000,120.5,1,120.0,320,120.5,37,1,2021-12-30 09:00:41
1640854841891662000,120.5,1,120.0,320,120.5,38,1,2021-12-30 09:00:41
1640854842008833000,120.5,2,120.0,321,120.5,37,1,2021-12-30 09:00:42
1640854842040658000,120.5,1,120.0,321,120.5,39,1,2021-12-30 09:00:42
1640854842253927000,120.5,2,120.0,334,120.5,37,1,2021-12-30 09:00:42
1640854842264521000,120.5,3,120.0,334,120.5,34,1,2021-12-30 09:00:42
1640854842292837000,120.5,1,120.0,334,120.5,33,1,2021-12-30 09:00:42
1640854842362696000,120.5,10,120.0,335,120.5,23,1,2021-12-30 09:00:42
1640854842389547000,120.5,1,120.0,335,120.5,22,1,2021-12-30 09:00:42
1640854842448779000,120.5,1,120.0,336,120.5,21,1,2021-12-30 09:00:42
1640854842452284000,120.5,1,120.0,336,120.5,20,1,2021-12-30 09:00:42
1640854842465890000,120.5,3,120.0,341,120.5,17,1,2021-12-30 09:00:42
1640854842466962000,120.5,1,120.0,341,120.5,16,1,2021-12-30 09:00:42
1640854842513136000,120.5,2,120.0,341,120.5,14,1,2021-12-30 09:00:42
1640854842531402000,120.5,2,120.0,341,120.5,12,1,2021-12-30 09:00:42
1640854842547042000,120.5,12,120.5,3,121.0,185,1,2021-12-30 09:00:42
1640854842607370000,120.5,3,120.0,341,121.0,184,2,2021-12-30 09:00:42
1640854842631517000,121.0,1,120.5,2,121.0,183,1,2021-12-30 09:00:42
1640854842735003000,121.0,3,120.5,3,121.0,180,1,2021-12-30 09:00:42
1640854842745059000,121.0,1,120.5,3,121.0,179,1,2021-12-30 09:00:42
1640854842975165000,121.0,1,120.5,32,121.0,178,1,2021-12-30 09:00:42
1640854843091982000,121.0,2,120.5,34,121.0,176,1,2021-12-30 09:00:43
1640854843107194000,121.0,1,120.5,34,121.0,175,1,2021-12-30 09:00:43
1640854843204816000,120.5,2,120.5,33,121.0,174,2,2021-12-30 09:00:43
1640854843278506000,121.0,1,120.5,35,121.0,173,1,2021-12-30 09:00:43
1640854843412877000,120.5,1,120.5,45,121.0,173,2,2021-12-30 09:00:43
1640854843449043000,120.5,43,120.5,4,121.0,175,2,2021-12-30 09:00:43
1640854843449948000,120.5,2,120.5,4,121.0,175,2,2021-12-30 09:00:43
1640854843696295000,120.5,20,120.5,9,121.0,175,2,2021-12-30 09:00:43
1640854843712382000,120.5,1,120.5,8,121.0,175,2,2021-12-30 09:00:43
1640854843717563000,121.0,1,120.5,8,121.0,174,1,2021-12-30 09:00:43
1640854843735595000,121.0,1,120.5,8,121.0,173,1,2021-12-30 09:00:43
1640854844141120000,120.5,1,120.5,22,121.0,174,2,2021-12-30 09:00:44
1640854844233755000,120.5,1,120.5,26,121.0,175,2,2021-12-30 09:00:44
1640854844447858000,120.5,1,120.5,43,121.0,176,2,2021-12-30 09:00:44
1640854844542499000,121.0,1,120.5,61,121.0,175,1,2021-12-30 09:00:44
1640854844701106000,120.5,1,120.5,62,121.0,175,2,2021-12-30 09:00:44
1640854845068086000,121.0,1,120.5,65,121.0,175,1,2021-12-30 09:00:45
1640854845068194000,120.5,1,120.5,65,121.0,175,2,2021-12-30 09:00:45
1640854845138826000,121.0,1,120.5,65,121.0,173,1,2021-12-30 09:00:45
1640854845186860000,120.5,1,120.5,65,121.0,173,2,2021-12-30 09:00:45
1640854845448948000,120.5,1,120.5,69,121.0,184,2,2021-12-30 09:00:45
1640854845611207000,120.5,1,120.5,68,121.0,185,2,2021-12-30 09:00:45
1640854845692828000,120.5,2,120.5,66,121.0,185,2,2021-12-30 09:00:45
1640854845704458000,120.5,1,120.5,65,121.0,185,2,2021-12-30 09:00:45
1640854845871928000,121.0,1,120.5,70,121.0,184,1,2021-12-30 09:00:45
1640854845896646000,120.5,1,120.5,69,121.0,184,2,2021-12-30 09:00:45
1640854845939764000,120.5,1,120.5,68,121.0,185,2,2021-12-30 09:00:45
1640854846044067000,120.5,1,120.5,67,121.0,185,2,2021-12-30 09:00:46
1640854846564065000,120.5,15,120.5,62,121.0,185,2,2021-12-30 09:00:46
1640854846693324000,121.0,1,120.5,65,121.0,184,1,2021-12-30 09:00:46
1640854846816280000,120.5,11,120.5,55,121.0,184,2,2021-12-30 09:00:46
1640854847336750000,121.0,2,120.5,66,121.0,193,1,2021-12-30 09:00:47
1640854847378744000,121.0,1,120.5,66,121.0,196,1,2021-12-30 09:00:47
1640854847470224000,121.0,1,120.5,67,121.0,195,1,2021-12-30 09:00:47
1640854847622207000,120.5,1,120.5,74,121.0,195,2,2021-12-30 09:00:47
1640854847674363000,120.5,1,120.5,73,121.0,195,2,2021-12-30 09:00:47
1640854847701234000,121.0,1,120.5,74,121.0,194,1,2021-12-30 09:00:47
1640854848161208000,121.0,1,120.5,85,121.0,195,1,2021-12-30 09:00:48
1640854848264346000,121.0,1,120.5,86,121.0,194,1,2021-12-30 09:00:48
1640854848313462000,121.0,1,120.5,89,121.0,193,1,2021-12-30 09:00:48
1640854848345852000,120.5,10,120.5,81,121.0,193,2,2021-12-30 09:00:48
1640854848359459000,121.0,7,120.5,82,121.0,186,1,2021-12-30 09:00:48
1640854848580805000,120.5,1,120.5,108,121.0,186,2,2021-12-30 09:00:48
1640854848613905000,120.5,2,120.5,106,121.0,186,2,2021-12-30 09:00:48
1640854848640972000,121.0,1,120.5,106,121.0,186,1,2021-12-30 09:00:48
1640854848673132000,120.5,1,120.5,110,121.0,186,2,2021-12-30 09:00:48
1640854848958097000,120.5,1,120.5,121,121.0,186,2,2021-12-30 09:00:48
1640854848970775000,121.0,1,120.5,123,121.0,185,1,2021-12-30 09:00:48
1640854848972239000,121.0,3,120.5,123,121.0,182,1,2021-12-30 09:00:48
1640854849034672000,121.0,1,120.5,125,121.0,182,1,2021-12-30 09:00:49
1640854849314972000,120.5,20,120.5,110,121.0,183,2,2021-12-30 09:00:49
1640854849374489000,121.0,1,120.5,110,121.0,182,1,2021-12-30 09:00:49
1640854849464433000,121.0,1,120.5,111,121.0,181,1,2021-12-30 09:00:49
1640854849476314000,121.0,1,120.5,111,121.0,180,1,2021-12-30 09:00:49
1640854849513444000,121.0,1,120.5,111,121.0,179,1,2021-12-30 09:00:49
1640854849701375000,121.0,10,120.5,113,121.0,169,1,2021-12-30 09:00:49
1640854849736378000,120.5,1,120.5,112,121.0,169,2,2021-12-30 09:00:49
1640854849790957000,120.5,1,120.5,111,121.0,169,2,2021-12-30 09:00:49
1640854849982656000,120.5,1,120.5,110,121.0,179,2,2021-12-30 09:00:49
1640854850058377000,121.0,10,120.5,114,121.0,169,1,2021-12-30 09:00:50
1640854850180369000,121.0,3,120.5,116,121.0,166,1,2021-12-30 09:00:50
1640854850188421000,121.0,1,120.5,116,121.0,164,1,2021-12-30 09:00:50
1640854850188451000,121.0,1,120.5,116,121.0,164,1,2021-12-30 09:00:50
1640854850298654000,120.5,1,120.5,115,121.0,164,2,2021-12-30 09:00:50
1640854850364957000,120.5,1,120.5,116,121.0,166,2,2021-12-30 09:00:50
1640854850653115000,120.5,1,120.5,117,121.0,167,2,2021-12-30 09:00:50
1640854850852111000,121.0,4,120.5,127,121.0,167,1,2021-12-30 09:00:50
1640854850986664000,121.0,3,120.5,129,121.0,164,1,2021-12-30 09:00:50
1640854851016599000,121.0,1,120.5,129,121.0,163,1,2021-12-30 09:00:51
1640854851094013000,121.0,1,120.5,129,121.0,164,1,2021-12-30 09:00:51
1640854851108568000,121.0,1,120.5,129,121.0,163,1,2021-12-30 09:00:51
1640854851197840000,121.0,1,120.5,131,121.0,162,1,2021-12-30 09:00:51
1640854851270189000,121.0,4,120.5,132,121.0,158,1,2021-12-30 09:00:51
1640854851484216000,121.0,10,120.5,136,121.0,148,1,2021-12-30 09:00:51
1640854851533241000,121.0,2,120.5,145,121.0,146,1,2021-12-30 09:00:51
1640854851538899000,121.0,1,120.5,145,121.0,145,1,2021-12-30 09:00:51
1640854851632288000,121.0,1,120.5,145,121.0,144,1,2021-12-30 09:00:51
1640854851720253000,120.5,20,120.5,126,121.0,144,2,2021-12-30 09:00:51
1640854851782888000,121.0,5,120.5,126,121.0,139,1,2021-12-30 09:00:51
1640854852076894000,121.0,1,120.5,141,121.0,141,1,2021-12-30 09:00:52
1640854852114317000,121.0,8,120.5,141,121.0,133,1,2021-12-30 09:00:52
1640854852203802000,121.0,2,120.5,141,121.0,133,1,2021-12-30 09:00:52
1640854852231436000,121.0,10,120.5,141,121.0,123,1,2021-12-30 09:00:52
1640854852442897000,121.0,2,120.5,145,121.0,121,1,2021-12-30 09:00:52
1640854852491656000,121.0,5,120.5,145,121.0,116,1,2021-12-30 09:00:52
1640854852597390000,121.0,2,120.5,146,121.0,114,1,2021-12-30 09:00:52
1640854853000755000,120.5,2,120.5,151,121.0,114,2,2021-12-30 09:00:53
1640854853004743000,121.0,5,120.5,151,121.0,109,1,2021-12-30 09:00:53
1640854853096499000,121.0,1,120.5,151,121.0,98,1,2021-12-30 09:00:53
1640854853170832000,121.0,1,120.5,151,121.0,97,1,2021-12-30 09:00:53
1640854853174059000,121.0,1,120.5,151,121.0,96,1,2021-12-30 09:00:53
1640854853186210000,120.5,1,120.5,150,121.0,96,2,2021-12-30 09:00:53
1640854853223375000,121.0,1,120.5,150,121.0,95,1,2021-12-30 09:00:53
1640854853271638000,121.0,2,120.5,150,121.0,93,1,2021-12-30 09:00:53
1640854853286082000,121.0,1,120.5,150,121.0,92,1,2021-12-30 09:00:53
1640854853301166000,121.0,1,120.5,151,121.0,91,1,2021-12-30 09:00:53
1640854853344345000,121.0,1,120.5,151,121.0,90,1,2021-12-30 09:00:53
1640854853383250000,121.0,10,120.5,152,121.0,80,1,2021-12-30 09:00:53
1640854853574255000,120.5,1,120.5,152,121.0,81,2,2021-12-30 09:00:53
1640854853608345000,121.0,2,120.5,153,121.0,79,1,2021-12-30 09:00:53
1640854853620427000,121.0,2,120.5,153,121.0,77,1,2021-12-30 09:00:53
1640854853645602000,120.5,1,120.5,153,121.0,78,2,2021-12-30 09:00:53
1640854853947341000,121.0,2,120.5,155,121.0,79,1,2021-12-30 09:00:53
1640854853965455000,121.0,1,120.5,155,121.0,78,1,2021-12-30 09:00:53
1640854853974184000,120.5,1,120.5,154,121.0,78,2,2021-12-30 09:00:53
1640854854093214000,121.0,1,120.5,155,121.0,77,1,2021-12-30 09:00:54
1640854854163036000,121.0,3,120.5,156,121.0,74,1,2021-12-30 09:00:54
1640854854167433000,121.0,1,120.5,156,121.0,73,1,2021-12-30 09:00:54
1640854854265917000,121.0,1,120.5,157,121.0,73,1,2021-12-30 09:00:54
1640854854298773000,121.0,2,120.5,158,121.0,71,1,2021-12-30 09:00:54
1640854854332488000,121.0,4,120.5,158,121.0,67,1,2021-12-30 09:00:54
1640854854505359000,121.0,1,120.5,163,121.0,66,1,2021-12-30 09:00:54
1640854854530115000,121.0,1,120.5,163,121.0,65,1,2021-12-30 09:00:54
1640854854551910000,121.0,1,120.5,163,121.0,64,1,2021-12-30 09:00:54
1640854854602440000,120.5,1,120.5,172,121.0,64,2,2021-12-30 09:00:54
1640854854685811000,121.0,1,120.5,173,121.0,63,1,2021-12-30 09:00:54
1640854854742117000,121.0,1,120.5,174,121.0,62,1,2021-12-30 09:00:54
1640854854786325000,121.0,1,120.5,174,121.0,61,1,2021-12-30 09:00:54
1640854854846767000,121.0,1,120.5,174,121.0,61,1,2021-12-30 09:00:54
1640854854862608000,121.0,1,120.5,174,121.0,60,1,2021-12-30 09:00:54
1640854854894481000,121.0,1,120.5,175,121.0,59,1,2021-12-30 09:00:54
1640854854987233000,121.0,1,120.5,175,121.0,58,1,2021-12-30 09:00:54
1640854855034655000,121.0,8,120.5,178,121.0,50,1,2021-12-30 09:00:55
1640854855247477000,121.0,1,120.5,180,121.0,52,1,2021-12-30 09:00:55
1640854855309668000,121.0,2,120.5,180,121.0,50,1,2021-12-30 09:00:55
1640854855421961000,121.0,1,120.5,180,121.0,50,1,2021-12-30 09:00:55
1640854855454638000,121.0,1,120.5,180,121.0,69,1,2021-12-30 09:00:55
1640854855468543000,120.5,1,120.5,179,121.0,69,2,2021-12-30 09:00:55
1640854855526429000,121.0,1,120.5,179,121.0,69,1,2021-12-30 09:00:55
1640854855562514000,121.0,2,120.5,180,121.0,67,1,2021-12-30 09:00:55
1640854855577197000,121.0,5,120.5,180,121.0,62,1,2021-12-30 09:00:55
1640854855592327000,121.0,2,120.5,180,121.0,60,1,2021-12-30 09:00:55
1640854855618706000,121.0,1,120.5,180,121.0,59,1,2021-12-30 09:00:55
1640854855663246000,121.0,1,120.5,180,121.0,58,1,2021-12-30 09:00:55
1640854855680816000,121.0,1,120.5,180,121.0,57,1,2021-12-30 09:00:55
1640854855723234000,121.0,1,120.5,180,121.0,56,1,2021-12-30 09:00:55
1640854855733604000,121.0,3,120.5,180,121.0,53,1,2021-12-30 09:00:55
1640854855743338000,121.0,1,120.5,180,121.0,52,1,2021-12-30 09:00:55
1640854855745581000,121.0,1,120.5,180,121.0,51,1,2021-12-30 09:00:55
1640854855762845000,121.0,1,120.5,180,121.0,50,1,2021-12-30 09:00:55
1640854855764882000,121.0,1,120.5,180,121.0,49,1,2021-12-30 09:00:55
1640854855865446000,121.0,1,120.5,180,121.0,48,1,2021-12-30 09:00:55
1640854855927149000,121.0,1,120.5,181,121.0,47,1,2021-12-30 09:00:55
1640854855928919000,121.0,3,120.5,181,121.0,44,1,2021-12-30 09:00:55
1640854855981911000,121.0,1,120.5,181,121.0,44,1,2021-12-30 09:00:55
1640854855996407000,121.0,1,120.5,181,121.0,47,1,2021-12-30 09:00:55
1640854856148747000,120.5,10,120.5,173,121.0,49,2,2021-12-30 09:00:56
1640854856192543000,121.0,1,120.5,174,121.0,48,1,2021-12-30 09:00:56
1640854856224862000,121.0,1,120.5,175,121.0,47,1,2021-12-30 09:00:56
1640854856271781000,121.0,7,120.5,175,121.0,42,1,2021-12-30 09:00:56
1640854856317313000,121.0,1,120.5,175,121.0,41,1,2021-12-30 09:00:56
1640854856379501000,121.0,1,120.5,176,121.0,40,1,2021-12-30 09:00:56
1640854856408006000,121.0,1,120.5,176,121.0,39,1,2021-12-30 09:00:56
1640854856414955000,121.0,1,120.5,176,121.0,38,1,2021-12-30 09:00:56
1640854856430081000,121.0,1,120.5,176,121.0,37,1,2021-12-30 09:00:56
1640854856472800000,121.0,1,120.5,176,121.0,34,1,2021-12-30 09:00:56
1640854856472900000,121.0,2,120.5,176,121.0,34,1,2021-12-30 09:00:56
1640854856544335000,121.0,1,120.5,176,121.0,33,1,2021-12-30 09:00:56
1640854856597456000,121.0,1,120.5,176,121.0,32,1,2021-12-30 09:00:56
1640854856614558000,121.0,5,120.5,177,121.0,31,1,2021-12-30 09:00:56
1640854856644763000,121.0,1,120.5,177,121.0,30,1,2021-12-30 09:00:56
1640854856662595000,121.0,2,120.5,177,121.0,28,1,2021-12-30 09:00:56
1640854856737301000,121.0,1,120.5,178,121.0,28,1,2021-12-30 09:00:56
1640854856915799000,121.0,10,120.5,179,121.0,23,1,2021-12-30 09:00:56
1640854856922500000,121.0,1,120.5,179,121.0,22,1,2021-12-30 09:00:56
1640854856932029000,121.0,2,120.5,179,121.0,20,1,2021-12-30 09:00:56
1640854856934076000,120.5,9,120.5,170,121.0,20,2,2021-12-30 09:00:56
1640854857036348000,121.0,10,120.5,170,121.0,10,1,2021-12-30 09:00:57
1640854857041423000,121.0,10,120.5,170,121.0,1,1,2021-12-30 09:00:57
1640854857063047000,121.0,1,120.5,170,121.5,165,1,2021-12-30 09:00:57
1640854857128130000,121.5,2,120.5,172,121.5,163,1,2021-12-30 09:00:57
1640854857172587000,121.5,1,121.0,2,121.5,162,1,2021-12-30 09:00:57
1640854857223763000,121.0,4,121.0,7,121.5,162,2,2021-12-30 09:00:57
1640854857226256000,121.0,2,121.0,5,121.5,162,2,2021-12-30 09:00:57
1640854857252121000,121.0,5,120.5,175,121.0,15,2,2021-12-30 09:00:57
1640854857268385000,121.0,1,120.5,175,121.0,14,1,2021-12-30 09:00:57
1640854857284840000,121.0,1,120.5,175,121.0,13,1,2021-12-30 09:00:57
1640854857354112000,121.0,9,120.5,175,121.0,4,1,2021-12-30 09:00:57
1640854857392980000,121.0,1,120.5,175,121.0,3,1,2021-12-30 09:00:57
1640854857401317000,121.0,1,120.5,175,121.0,2,1,2021-12-30 09:00:57
1640854857433790000,121.0,1,120.5,175,121.0,1,1,2021-12-30 09:00:57
1640854857473402000,121.0,5,120.5,176,121.0,1,1,2021-12-30 09:00:57
1640854857532421000,121.0,1,120.5,176,121.0,1,1,2021-12-30 09:00:57
1640854857543666000,121.0,1,120.5,176,121.5,162,1,2021-12-30 09:00:57
1640854857557646000,121.5,1,120.5,176,121.5,161,1,2021-12-30 09:00:57
1640854857681372000,121.5,2,120.5,179,121.5,159,1,2021-12-30 09:00:57
1640854857771147000,121.0,3,120.5,179,121.0,2,2,2021-12-30 09:00:57
1640854857809336000,121.0,1,120.5,180,121.0,1,1,2021-12-30 09:00:57
1640854857894096000,121.0,1,120.5,181,121.0,5,1,2021-12-30 09:00:57
1640854857933209000,121.0,2,120.5,181,121.0,23,1,2021-12-30 09:00:57
1640854857943495000,121.0,1,120.5,181,121.0,22,1,2021-12-30 09:00:57
1640854857954637000,121.0,1,120.5,181,121.0,21,1,2021-12-30 09:00:57
1640854858016618000,121.0,1,120.5,181,121.0,20,1,2021-12-30 09:00:58
1640854858044316000,121.0,1,120.5,186,121.0,19,1,2021-12-30 09:00:58
1640854858045872000,121.0,1,120.5,186,121.0,18,1,2021-12-30 09:00:58
1640854858059662000,121.0,1,120.5,186,121.0,17,1,2021-12-30 09:00:58
1640854858069493000,121.0,1,120.5,187,121.0,16,1,2021-12-30 09:00:58
1640854858094534000,121.0,1,120.5,187,121.0,31,1,2021-12-30 09:00:58
1640854858095548000,121.0,1,120.5,187,121.0,30,1,2021-12-30 09:00:58
1640854858204686000,120.5,1,120.5,188,121.0,31,2,2021-12-30 09:00:58
1640854858279043000,121.0,1,120.5,191,121.0,30,1,2021-12-30 09:00:58
1640854858298073000,121.0,1,120.5,191,121.0,29,1,2021-12-30 09:00:58
1640854858308637000,121.0,1,120.5,191,121.0,28,1,2021-12-30 09:00:58
1640854858356633000,121.0,1,120.5,191,121.0,37,1,2021-12-30 09:00:58
1640854858382220000,121.0,1,120.5,191,121.0,36,1,2021-12-30 09:00:58
1640854858392466000,121.0,1,120.5,191,121.0,35,1,2021-12-30 09:00:58
1640854858427093000,121.0,1,120.5,193,121.0,50,1,2021-12-30 09:00:58
1640854858441446000,121.0,5,120.5,193,121.0,45,1,2021-12-30 09:00:58
1640854858487830000,121.0,2,120.5,193,121.0,43,1,2021-12-30 09:00:58
1640854858544667000,121.0,1,120.5,203,121.0,42,1,2021-12-30 09:00:58
1640854858584021000,121.0,1,120.5,203,121.0,41,1,2021-12-30 09:00:58
1640854858604948000,121.0,1,120.5,203,121.0,40,1,2021-12-30 09:00:58
1640854858671752000,121.0,1,120.5,203,121.0,45,1,2021-12-30 09:00:58
1640854858864540000,121.0,1,120.5,206,121.0,73,1,2021-12-30 09:00:58
1640854858936401000,121.0,2,120.5,206,121.0,96,1,2021-12-30 09:00:58
1640854858940477000,121.0,1,120.5,206,121.0,95,1,2021-12-30 09:00:58
1640854858967026000,121.0,2,120.5,204,121.0,93,1,2021-12-30 09:00:58
1640854858975085000,121.0,5,120.5,204,121.0,88,1,2021-12-30 09:00:58
1640854859102125000,121.0,1,120.5,205,121.0,113,1,2021-12-30 09:00:59
1640854859110546000,121.0,2,120.5,205,121.0,111,1,2021-12-30 09:00:59
1640854859119583000,121.0,2,120.5,205,121.0,111,1,2021-12-30 09:00:59
1640854859181608000,121.0,3,120.5,205,121.0,128,1,2021-12-30 09:00:59
1640854859198379000,121.0,1,120.5,205,121.0,127,1,2021-12-30 09:00:59
1640854859209620000,121.0,1,120.5,205,121.0,128,1,2021-12-30 09:00:59
1640854859266983000,121.0,25,120.5,180,121.0,105,1,2021-12-30 09:00:59
1640854859271482000,120.5,3,120.5,177,121.0,105,2,2021-12-30 09:00:59
1640854859341779000,121.0,3,120.5,177,121.0,124,1,2021-12-30 09:00:59
1640854859406396000,121.0,1,120.5,179,121.0,143,1,2021-12-30 09:00:59
1640854859447957000,121.0,5,120.5,179,121.0,138,1,2021-12-30 09:00:59
1640854859477264000,120.5,2,120.5,177,121.0,138,2,2021-12-30 09:00:59
1640854859586224000,120.5,2,120.5,177,121.0,159,2,2021-12-30 09:00:59
1640854859707020000,121.0,1,120.5,183,121.0,162,1,2021-12-30 09:00:59
1640854859781685000,121.0,3,120.5,185,121.0,174,1,2021-12-30 09:00:59
1640854859783673000,121.0,20,120.5,185,121.0,154,1,2021-12-30 09:00:59
1640854859813009000,121.0,2,120.5,185,121.0,152,1,2021-12-30 09:00:59
1640854859904229000,121.0,3,120.5,186,121.0,151,1,2021-12-30 09:00:59
1640854859910733000,121.0,2,120.5,186,121.0,149,1,2021-12-30 09:00:59
1640854859927910000,121.0,1,120.5,186,121.0,148,1,2021-12-30 09:00:59
1640854859941785000,121.0,1,120.5,186,121.0,152,1,2021-12-30 09:00:59
1640854859991351000,121.0,2,120.5,186,121.0,150,1,2021-12-30 09:00:59
1640854860026984000,121.0,16,120.5,186,121.0,134,1,2021-12-30 09:01:00
1640854860049404000,121.0,1,120.5,186,121.0,133,1,2021-12-30 09:01:00
1640854860104752000,121.0,1,120.5,187,121.0,137,1,2021-12-30 09:01:00
1640854860129036000,120.5,20,120.5,167,121.0,137,2,2021-12-30 09:01:00
1640854860141014000,120.5,2,120.5,165,121.0,137,2,2021-12-30 09:01:00
1640854860165652000,120.5,1,120.5,164,121.0,147,2,2021-12-30 09:01:00
1640854860171414000,120.5,6,120.5,158,121.0,148,2,2021-12-30 09:01:00
1640854860223485000,120.5,26,120.5,132,121.0,149,2,2021-12-30 09:01:00
1640854860257902000,120.5,5,120.5,127,121.0,150,2,2021-12-30 09:01:00
1640854860365367000,120.5,5,120.5,130,121.0,159,2,2021-12-30 09:01:00
1640854860432710000,120.5,5,120.5,125,121.0,167,2,2021-12-30 09:01:00
1640854860450340000,121.0,1,120.5,125,121.0,166,1,2021-12-30 09:01:00
1640854860525824000,121.0,1,120.5,127,121.0,176,1,2021-12-30 09:01:00
1640854860579408000,120.5,10,120.5,118,121.0,178,2,2021-12-30 09:01:00
1640854860619458000,121.0,1,120.5,118,121.0,180,1,2021-12-30 09:01:00
1640854860627356000,120.5,1,120.5,117,121.0,180,2,2021-12-30 09:01:00
1640854860642830000,120.5,20,120.5,97,121.0,182,2,2021-12-30 09:01:00
1640854860671733000,121.0,1,120.5,99,121.0,181,1,2021-12-30 09:01:00
1640854860702782000,121.0,1,120.5,100,121.0,180,1,2021-12-30 09:01:00
1640854860746506000,120.5,10,120.5,90,121.0,181,2,2021-12-30 09:01:00
1640854860774272000,120.5,15,120.5,75,121.0,182,2,2021-12-30 09:01:00
1640854860822952000,121.0,1,120.5,79,121.0,181,1,2021-12-30 09:01:00
1640854860849859000,120.5,10,120.5,69,121.0,186,2,2021-12-30 09:01:00
1640854860983380000,121.0,1,120.5,69,121.0,192,1,2021-12-30 09:01:00
1640854860997730000,120.5,10,120.5,59,121.0,192,2,2021-12-30 09:01:00
1640854861030353000,121.0,1,120.5,59,121.0,191,1,2021-12-30 09:01:01
1640854861045595000,120.5,1,120.5,58,121.0,191,2,2021-12-30 09:01:01
1640854861075823000,121.0,1,120.5,58,121.0,191,1,2021-12-30 09:01:01
1640854861094046000,121.0,5,120.5,59,121.0,186,1,2021-12-30 09:01:01
1640854861120162000,121.0,1,120.5,59,121.0,185,1,2021-12-30 09:01:01
1640854861129159000,120.5,10,120.5,49,121.0,185,2,2021-12-30 09:01:01
1640854861132116000,120.5,1,120.5,48,121.0,185,2,2021-12-30 09:01:01
1640854861156156000,120.5,10,120.5,38,121.0,188,2,2021-12-30 09:01:01
1640854861170449000,120.5,1,120.5,37,121.0,188,2,2021-12-30 09:01:01
1640854861225676000,120.5,5,120.5,32,121.0,209,2,2021-12-30 09:01:01
1640854861226133000,121.0,1,120.5,32,121.0,208,1,2021-12-30 09:01:01
1640854861228152000,120.5,1,120.5,31,121.0,208,2,2021-12-30 09:01:01
1640854861233158000,120.5,14,120.5,17,121.0,208,2,2021-12-30 09:01:01
1640854861243824000,120.5,1,120.5,16,121.0,208,2,2021-12-30 09:01:01
1640854861260337000,120.5,1,120.5,15,121.0,207,2,2021-12-30 09:01:01
1640854861260551000,121.0,1,120.5,15,121.0,207,1,2021-12-30 09:01:01
1640854861265822000,120.5,15,120.0,400,121.0,207,2,2021-12-30 09:01:01
1640854861342965000,120.5,1,120.0,400,120.5,9,1,2021-12-30 09:01:01
1640854861373921000,120.5,1,120.0,400,120.5,14,1,2021-12-30 09:01:01
1640854861377843000,120.5,1,120.0,400,120.5,13,1,2021-12-30 09:01:01
1640854861398868000,120.5,1,120.0,401,120.5,32,1,2021-12-30 09:01:01
1640854861434595000,120.5,1,120.0,401,120.5,47,1,2021-12-30 09:01:01
1640854861447024000,120.5,1,120.0,400,120.5,55,1,2021-12-30 09:01:01
1640854861451227000,120.5,2,120.0,400,120.5,53,1,2021-12-30 09:01:01
1640854861479851000,120.5,2,120.0,400,120.5,51,1,2021-12-30 09:01:01
1640854861526721000,120.5,1,120.0,401,120.5,56,1,2021-12-30 09:01:01
1640854861657449000,120.5,1,120.0,401,120.5,78,1,2021-12-30 09:01:01
1640854861680830000,120.5,2,120.0,401,120.5,82,1,2021-12-30 09:01:01
1640854861711653000,120.5,1,120.0,401,120.5,82,1,2021-12-30 09:01:01
1640854861714585000,120.5,1,120.0,401,120.5,81,1,2021-12-30 09:01:01
1640854861767967000,120.5,1,120.0,401,120.5,103,1,2021-12-30 09:01:01
1640854861865006000,120.5,1,120.0,401,120.5,105,1,2021-12-30 09:01:01
1640854861902204000,120.5,1,120.0,401,120.5,104,1,2021-12-30 09:01:01
1640854861924480000,120.5,1,120.0,401,120.5,103,1,2021-12-30 09:01:01
1640854862168657000,120.5,10,120.0,400,120.5,104,1,2021-12-30 09:01:02
1640854862209542000,120.5,1,120.0,400,120.5,103,1,2021-12-30 09:01:02
1640854862211430000,120.5,1,120.0,400,120.5,102,1,2021-12-30 09:01:02
1640854862226966000,120.5,10,120.0,401,120.5,92,1,2021-12-30 09:01:02
1640854862266402000,120.5,1,120.0,401,120.5,98,1,2021-12-30 09:01:02
1640854862267181000,120.5,2,120.0,401,120.5,96,1,2021-12-30 09:01:02
1640854862273062000,120.5,1,120.0,400,120.5,95,1,2021-12-30 09:01:02
1640854862302076000,120.0,1,120.0,399,120.5,95,2,2021-12-30 09:01:02
1640854862385642000,120.5,1,120.0,399,120.5,94,1,2021-12-30 09:01:02
1640854862425393000,120.5,1,120.0,399,120.5,94,1,2021-12-30 09:01:02
1640854862462926000,120.0,1,120.0,398,120.5,94,2,2021-12-30 09:01:02
1640854862503516000,120.5,1,120.0,358,120.5,93,1,2021-12-30 09:01:02
1640854862629960000,120.0,1,120.0,357,120.5,95,2,2021-12-30 09:01:02
1640854862652610000,120.5,1,120.0,357,120.5,94,1,2021-12-30 09:01:02
1640854862713454000,120.0,1,120.0,361,120.5,95,2,2021-12-30 09:01:02
1640854862725091000,120.5,5,120.0,361,120.5,90,1,2021-12-30 09:01:02
1640854862755448000,120.0,1,120.0,360,120.5,90,2,2021-12-30 09:01:02
1640854862776003000,120.0,1,120.0,359,120.5,90,2,2021-12-30 09:01:02
1640854862839863000,120.5,1,120.0,359,120.5,90,1,2021-12-30 09:01:02
1640854862875838000,120.5,1,120.0,359,120.5,90,1,2021-12-30 09:01:02
1640854862879174000,120.5,1,120.0,359,120.5,89,1,2021-12-30 09:01:02
1640854862989400000,120.5,1,120.0,361,120.5,89,1,2021-12-30 09:01:02
1640854863028549000,120.5,1,120.0,364,120.5,88,1,2021-12-30 09:01:03
1640854863045171000,120.5,3,120.0,364,120.5,87,1,2021-12-30 09:01:03
1640854863088585000,120.5,1,120.0,364,120.5,86,1,2021-12-30 09:01:03
1640854863113985000,120.5,1,120.0,362,120.5,85,1,2021-12-30 09:01:03
1640854863237826000,120.5,1,120.0,362,120.5,86,1,2021-12-30 09:01:03
1640854863323406000,120.0,1,120.0,371,120.5,89,2,2021-12-30 09:01:03
1640854863408575000,120.5,1,120.0,372,120.5,91,1,2021-12-30 09:01:03
1640854863495838000,120.5,1,120.0,371,120.5,91,1,2021-12-30 09:01:03
1640854863627041000,120.5,1,120.0,375,120.5,91,1,2021-12-30 09:01:03
1640854863732873000,120.5,1,120.0,375,120.5,93,1,2021-12-30 09:01:03
1640854863747027000,120.5,1,120.0,375,120.5,92,1,2021-12-30 09:01:03
1640854863839173000,120.5,1,120.0,374,120.5,94,1,2021-12-30 09:01:03
1640854863861213000,120.5,4,120.0,374,120.5,90,1,2021-12-30 09:01:03
1640854863868220000,120.5,2,120.0,372,120.5,88,1,2021-12-30 09:01:03
1640854863869185000,120.5,1,120.0,371,120.5,87,1,2021-12-30 09:01:03
1640854863906436000,120.0,1,120.0,370,120.5,87,2,2021-12-30 09:01:03
1640854863940468000,120.5,1,120.0,370,120.5,86,1,2021-12-30 09:01:03
1640854864003793000,120.5,1,120.0,370,120.5,89,1,2021-12-30 09:01:04
1640854864006373000,120.5,5,120.0,370,120.5,84,1,2021-12-30 09:01:04
1640854864022007000,120.0,1,120.0,369,120.5,86,2,2021-12-30 09:01:04
1640854864023718000,120.5,1,120.0,369,120.5,85,1,2021-12-30 09:01:04
1640854864066102000,120.5,1,120.0,369,120.5,84,1,2021-12-30 09:01:04
1640854864174601000,120.5,1,120.0,371,120.5,93,1,2021-12-30 09:01:04
1640854864178696000,120.5,2,120.0,371,120.5,92,1,2021-12-30 09:01:04
1640854864243795000,120.5,1,120.0,371,120.5,93,1,2021-12-30 09:01:04
1640854864245055000,120.5,1,120.0,371,120.5,92,1,2021-12-30 09:01:04
1640854864292413000,120.5,1,120.0,371,120.5,91,1,2021-12-30 09:01:04
1640854864314175000,120.5,1,120.0,371,120.5,90,1,2021-12-30 09:01:04
1640854864499549000,120.5,1,120.0,371,120.5,91,1,2021-12-30 09:01:04
1640854864611531000,120.5,1,120.0,371,120.5,90,1,2021-12-30 09:01:04
1640854864619785000,120.0,8,120.0,363,120.5,90,2,2021-12-30 09:01:04
1640854864724575000,120.5,5,120.0,364,120.5,86,1,2021-12-30 09:01:04
1640854864741530000,120.5,1,120.0,364,120.5,85,1,2021-12-30 09:01:04
1640854864831015000,120.5,1,120.0,364,120.5,87,1,2021-12-30 09:01:04
1640854864839332000,120.5,1,120.0,364,120.5,86,1,2021-12-30 09:01:04
1640854864996971000,120.0,2,120.0,360,120.5,88,2,2021-12-30 09:01:04
1640854865075524000,120.5,1,120.0,360,120.5,87,1,2021-12-30 09:01:05
1640854865165374000,120.5,1,120.0,359,120.5,91,1,2021-12-30 09:01:05
1640854865170899000,120.0,1,120.0,358,120.5,91,2,2021-12-30 09:01:05
1640854865175564000,120.5,2,120.0,358,120.5,89,1,2021-12-30 09:01:05
1640854865374748000,120.5,1,120.0,357,120.5,91,1,2021-12-30 09:01:05
1640854865435397000,120.5,1,120.0,360,120.5,90,1,2021-12-30 09:01:05
1640854865481669000,120.5,1,120.0,360,120.5,89,1,2021-12-30 09:01:05
1640854865536708000,120.5,2,120.0,358,120.5,87,1,2021-12-30 09:01:05
1640854865630927000,120.5,3,120.0,359,120.5,85,1,2021-12-30 09:01:05
1640854865697210000,120.5,2,120.0,357,120.5,81,1,2021-12-30 09:01:05
1640854865728203000,120.5,10,120.0,356,120.5,71,1,2021-12-30 09:01:05
1640854865776962000,120.0,3,120.0,353,120.5,71,2,2021-12-30 09:01:05
1640854866191398000,120.5,1,120.0,355,120.5,71,1,2021-12-30 09:01:06
1640854866238256000,120.5,1,120.0,354,120.5,70,1,2021-12-30 09:01:06
1640854866247164000,120.5,1,120.0,353,120.5,70,1,2021-12-30 09:01:06
1640854866413704000,120.5,2,120.0,353,120.5,69,1,2021-12-30 09:01:06
1640854866440318000,120.5,2,120.0,353,120.5,67,1,2021-12-30 09:01:06
1640854866526172000,120.0,1,120.0,350,120.5,67,2,2021-12-30 09:01:06
1640854866541273000,120.5,1,120.0,350,120.5,66,1,2021-12-30 09:01:06
1640854866566575000,120.5,2,120.0,350,120.5,64,1,2021-12-30 09:01:06
1640854866769413000,120.5,1,120.0,350,120.5,63,1,2021-12-30 09:01:06
1640854866797170000,120.5,1,120.0,350,120.5,63,1,2021-12-30 09:01:06
1640854867046796000,120.5,1,120.0,355,120.5,67,1,2021-12-30 09:01:07
1640854867136484000,120.5,5,120.0,351,120.5,62,1,2021-12-30 09:01:07
1640854867232034000,120.5,1,120.0,362,120.5,61,1,2021-12-30 09:01:07
1640854867272502000,120.5,1,120.0,361,120.5,60,1,2021-12-30 09:01:07
1640854867545809000,120.5,5,120.0,371,120.5,56,1,2021-12-30 09:01:07
1640854867652736000,120.5,5,120.0,371,120.5,51,1,2021-12-30 09:01:07
1640854867670963000,120.0,5,120.0,366,120.5,51,2,2021-12-30 09:01:07
1640854867713006000,120.5,1,120.0,366,120.5,50,1,2021-12-30 09:01:07
1640854867735581000,120.5,3,120.0,366,120.5,47,1,2021-12-30 09:01:07
1640854868005524000,120.5,1,120.0,365,120.5,47,1,2021-12-30 09:01:08
1640854868174204000,120.0,1,120.0,365,120.5,48,2,2021-12-30 09:01:08
1640854868345177000,120.5,1,120.0,368,120.5,48,1,2021-12-30 09:01:08
1640854868400896000,120.5,5,120.0,368,120.5,46,1,2021-12-30 09:01:08
1640854868482813000,120.5,1,120.0,369,120.5,45,1,2021-12-30 09:01:08
1640854868859883000,120.5,1,120.0,373,120.5,46,1,2021-12-30 09:01:08
1640854868885317000,120.5,1,120.0,373,120.5,45,1,2021-12-30 09:01:08
1640854869061112000,120.5,1,120.0,375,120.5,46,1,2021-12-30 09:01:09
1640854869063653000,120.5,1,120.0,375,120.5,45,1,2021-12-30 09:01:09
1640854869137478000,120.5,1,120.0,378,120.5,44,1,2021-12-30 09:01:09
1640854869318559000,120.5,1,120.0,377,120.5,45,1,2021-12-30 09:01:09
1640854869414824000,120.0,1,120.0,377,120.5,45,2,2021-12-30 09:01:09
1640854869537426000,120.5,10,120.0,379,120.5,41,1,2021-12-30 09:01:09
1640854869706098000,120.5,27,120.0,379,120.5,15,1,2021-12-30 09:01:09
1640854870058083000,120.0,1,120.0,379,120.5,24,2,2021-12-30 09:01:10
1640854870174338000,120.5,10,120.0,379,120.5,26,1,2021-12-30 09:01:10
1640854870319948000,120.5,2,120.0,385,120.5,24,1,2021-12-30 09:01:10
1640854870349140000,120.5,1,120.0,385,120.5,23,1,2021-12-30 09:01:10
1640854870409734000,120.0,1,120.0,384,120.5,23,2,2021-12-30 09:01:10
1640854870531088000,120.5,12,120.0,385,120.5,11,1,2021-12-30 09:01:10
1640854870567736000,120.5,1,120.0,384,120.5,10,1,2021-12-30 09:01:10
1640854870637761000,120.0,1,120.0,383,120.5,10,2,2021-12-30 09:01:10
1640854870751750000,120.5,1,120.0,384,120.5,16,1,2021-12-30 09:01:10
1640854870783075000,120.5,1,120.0,384,120.5,15,1,2021-12-30 09:01:10
1640854870791417000,120.5,1,120.0,384,120.5,14,1,2021-12-30 09:01:10
1640854870925298000,120.5,10,120.0,384,120.5,4,1,2021-12-30 09:01:10
1640854871016490000,120.5,1,120.0,384,120.5,3,1,2021-12-30 09:01:11
1640854871061438000,120.5,1,120.0,385,120.5,2,1,2021-12-30 09:01:11
1640854871239006000,120.5,5,120.0,389,120.5,2,1,2021-12-30 09:01:11
1640854871265448000,120.5,1,120.0,389,120.5,1,1,2021-12-30 09:01:11
1640854871277217000,120.5,1,120.5,1,121.0,308,1,2021-12-30 09:01:11
1640854871338038000,120.5,1,120.5,1,121.0,308,2,2021-12-30 09:01:11
1640854871362930000,121.0,1,120.5,11,121.0,307,1,2021-12-30 09:01:11
1640854871365989000,120.5,1,120.5,10,121.0,307,2,2021-12-30 09:01:11
1640854871581638000,120.5,4,120.5,11,121.0,297,2,2021-12-30 09:01:11
1640854871668947000,120.5,2,120.5,9,121.0,297,2,2021-12-30 09:01:11
1640854871681738000,120.5,5,120.5,9,121.0,297,2,2021-12-30 09:01:11
1640854871760512000,121.0,1,120.5,11,121.0,298,1,2021-12-30 09:01:11
1640854872081695000,120.5,14,120.0,387,121.0,295,2,2021-12-30 09:01:12
1640854872134878000,120.5,1,120.5,2,121.0,295,2,2021-12-30 09:01:12
1640854872381653000,121.0,1,120.5,32,121.0,296,1,2021-12-30 09:01:12
1640854872524723000,120.5,3,120.5,30,121.0,299,2,2021-12-30 09:01:12
1640854872772342000,120.5,2,120.5,38,121.0,299,2,2021-12-30 09:01:12
1640854872812912000,120.5,1,120.5,37,121.0,300,2,2021-12-30 09:01:12
1640854873121764000,120.5,16,120.5,44,121.0,300,2,2021-12-30 09:01:13
1640854873145360000,120.5,44,120.0,394,121.0,300,2,2021-12-30 09:01:13
1640854873158455000,121.0,1,120.0,394,121.0,299,1,2021-12-30 09:01:13
1640854873247111000,120.5,1,120.0,394,121.0,299,1,2021-12-30 09:01:13
1640854873561654000,120.5,8,120.0,397,120.5,2,2,2021-12-30 09:01:13
1640854873591052000,120.5,2,120.5,11,121.0,304,1,2021-12-30 09:01:13
1640854873655998000,121.0,1,120.5,11,121.0,303,1,2021-12-30 09:01:13
1640854873695904000,121.0,5,120.5,11,121.0,298,1,2021-12-30 09:01:13
1640854873777039000,120.5,10,120.5,1,121.0,296,2,2021-12-30 09:01:13
1640854874048350000,121.0,1,120.5,2,121.0,295,1,2021-12-30 09:01:14
1640854874254210000,120.5,1,120.5,1,121.0,297,2,2021-12-30 09:01:14
1640854874373445000,120.5,1,120.0,403,120.5,2,2,2021-12-30 09:01:14
1640854874405920000,120.0,1,120.0,402,120.5,2,2,2021-12-30 09:01:14
1640854874410771000,120.5,1,120.0,402,120.5,1,1,2021-12-30 09:01:14
1640854874547015000,120.5,1,120.5,4,121.0,303,1,2021-12-30 09:01:14
1640854874852937000,120.5,3,120.5,4,121.0,303,2,2021-12-30 09:01:14
1640854874890788000,120.5,7,120.0,401,120.5,8,2,2021-12-30 09:01:14
1640854875071724000,120.5,1,120.0,401,120.5,7,1,2021-12-30 09:01:15
1640854875230891000,120.5,1,120.0,401,120.5,7,1,2021-12-30 09:01:15
1640854875299875000,120.5,1,120.0,401,120.5,8,1,2021-12-30 09:01:15
1640854875587772000,120.0,1,120.0,400,120.5,14,2,2021-12-30 09:01:15
1640854875842174000,120.5,5,120.0,400,120.5,34,1,2021-12-30 09:01:15
1640854875887146000,120.0,10,120.0,390,120.5,36,2,2021-12-30 09:01:15
1640854875959441000,120.0,1,120.0,392,120.5,36,2,2021-12-30 09:01:15
1640854875959720000,120.0,1,120.0,392,120.5,36,2,2021-12-30 09:01:15
1640854875999017000,120.0,1,120.0,391,120.5,56,2,2021-12-30 09:01:15
1640854876004352000,120.5,1,120.0,391,120.5,55,1,2021-12-30 09:01:16
1640854876188893000,120.5,1,120.0,382,120.5,59,1,2021-12-30 09:01:16
1640854876270483000,120.5,1,120.0,383,120.5,63,1,2021-12-30 09:01:16
1640854876360658000,120.5,1,120.0,383,120.5,67,1,2021-12-30 09:01:16
1640854876416615000,120.5,2,120.0,384,120.5,71,1,2021-12-30 09:01:16
1640854876483867000,120.5,1,120.0,384,120.5,70,1,2021-12-30 09:01:16
1640854876526593000,120.5,3,120.0,385,120.5,69,1,2021-12-30 09:01:16
1640854876569889000,120.5,1,120.0,385,120.5,68,1,2021-12-30 09:01:16
1640854876572287000,120.0,1,120.0,384,120.5,68,2,2021-12-30 09:01:16
1640854876720352000,120.5,5,120.0,379,120.5,63,1,2021-12-30 09:01:16
1640854876812146000,120.5,1,120.0,382,120.5,62,1,2021-12-30 09:01:16
1640854876844401000,120.5,1,120.0,382,120.5,61,1,2021-12-30 09:01:16
1640854876875259000,120.5,1,120.0,381,120.5,60,1,2021-12-30 09:01:16
1640854876887800000,120.5,4,120.0,381,120.5,56,1,2021-12-30 09:01:16
1640854876983757000,120.5,1,120.0,381,120.5,61,1,2021-12-30 09:01:16
1640854877059921000,120.5,4,120.0,377,120.5,57,1,2021-12-30 09:01:17
1640854877072278000,120.5,1,120.0,377,120.5,58,1,2021-12-30 09:01:17
1640854877102739000,120.5,1,120.0,377,120.5,58,1,2021-12-30 09:01:17
1640854877106319000,120.0,1,120.0,376,120.5,58,2,2021-12-30 09:01:17
1640854877150694000,120.5,2,120.0,374,120.5,56,1,2021-12-30 09:01:17
1640854877300656000,120.5,1,120.0,377,120.5,65,1,2021-12-30 09:01:17
1640854877386650000,120.5,1,120.0,377,120.5,65,1,2021-12-30 09:01:17
1640854877418104000,120.5,2,120.0,377,120.5,93,1,2021-12-30 09:01:17
1640854877477338000,120.0,1,120.0,376,120.5,93,2,2021-12-30 09:01:17
1640854877602908000,120.0,65,120.0,311,120.5,124,2,2021-12-30 09:01:17
1640854877641926000,120.0,10,120.0,302,120.5,127,2,2021-12-30 09:01:17
1640854877646348000,120.0,1,120.0,331,120.5,127,2,2021-12-30 09:01:17
1640854877653374000,120.0,1,120.0,330,120.5,127,2,2021-12-30 09:01:17
1640854877685955000,120.0,1,120.0,329,120.5,128,2,2021-12-30 09:01:17
1640854877792675000,120.5,1,120.0,329,120.5,127,1,2021-12-30 09:01:17
1640854877814574000,120.5,1,120.0,329,120.5,128,1,2021-12-30 09:01:17
1640854877821481000,120.5,1,120.0,329,120.5,127,1,2021-12-30 09:01:17
1640854877880508000,120.5,3,120.0,329,120.5,127,1,2021-12-30 09:01:17
1640854877893985000,120.5,1,120.0,329,120.5,126,1,2021-12-30 09:01:17
1640854878114273000,120.5,1,120.0,334,120.5,125,1,2021-12-30 09:01:18
1640854878402375000,120.5,1,120.0,336,120.5,154,1,2021-12-30 09:01:18
1640854878517715000,120.5,1,120.0,336,120.5,156,1,2021-12-30 09:01:18
1640854878540511000,120.5,1,120.0,336,120.5,155,1,2021-12-30 09:01:18
1640854878878818000,120.5,1,120.0,337,120.5,155,1,2021-12-30 09:01:18
1640854878919209000,120.5,3,120.0,337,120.5,155,1,2021-12-30 09:01:18
1640854879065034000,120.0,1,120.0,338,120.5,158,2,2021-12-30 09:01:19
1640854879091135000,120.0,5,120.0,333,120.5,158,2,2021-12-30 09:01:19
1640854879475681000,120.5,1,120.0,340,120.5,161,1,2021-12-30 09:01:19
1640854879619581000,120.5,1,120.0,341,120.5,160,1,2021-12-30 09:01:19
1640854880078532000,120.0,5,120.0,344,120.5,171,2,2021-12-30 09:01:20
1640854880390690000,120.5,1,120.0,345,120.5,188,1,2021-12-30 09:01:20
1640854880540703000,120.5,1,120.0,347,120.5,192,1,2021-12-30 09:01:20
1640854880561421000,120.5,1,120.0,347,120.5,191,1,2021-12-30 09:01:20
1640854880712507000,120.5,1,120.0,349,120.5,190,1,2021-12-30 09:01:20
1640854880724442000,120.0,27,120.0,322,120.5,190,2,2021-12-30 09:01:20
1640854880754177000,120.0,1,120.0,320,120.5,190,2,2021-12-30 09:01:20
1640854880754533000,120.0,1,120.0,320,120.5,190,2,2021-12-30 09:01:20
1640854881137028000,120.0,1,120.0,317,120.5,191,2,2021-12-30 09:01:21
1640854881276011000,120.5,1,120.0,317,120.5,191,1,2021-12-30 09:01:21
1640854881327431000,120.0,2,120.0,315,120.5,191,2,2021-12-30 09:01:21
1640854881427047000,120.0,5,120.0,310,120.5,191,2,2021-12-30 09:01:21
1640854881457295000,120.5,1,120.0,310,120.5,190,1,2021-12-30 09:01:21
1640854881502915000,120.5,1,120.0,310,120.5,189,1,2021-12-30 09:01:21
1640854881617313000,120.5,1,120.0,310,120.5,188,1,2021-12-30 09:01:21
1640854881843671000,120.5,1,120.0,311,120.5,187,1,2021-12-30 09:01:21
1640854881903003000,120.0,1,120.0,310,120.5,187,2,2021-12-30 09:01:21
1640854881996258000,120.5,10,120.0,311,120.5,177,1,2021-12-30 09:01:21
1640854882006641000,120.5,1,120.0,311,120.5,176,1,2021-12-30 09:01:22
1640854882062799000,120.0,3,120.0,308,120.5,177,2,2021-12-30 09:01:22
1640854882063019000,120.0,1,120.0,307,120.5,177,2,2021-12-30 09:01:22
1640854882073610000,120.5,1,120.0,307,120.5,177,1,2021-12-30 09:01:22
1640854882150648000,120.0,3,120.0,304,120.5,177,2,2021-12-30 09:01:22
1640854882314502000,120.5,2,120.0,304,120.5,181,1,2021-12-30 09:01:22
1640854882583468000,120.0,4,120.0,302,120.5,181,2,2021-12-30 09:01:22
1640854882638793000,120.0,20,120.0,282,120.5,183,2,2021-12-30 09:01:22
1640854882793459000,120.5,1,120.0,283,120.5,184,1,2021-12-30 09:01:22
1640854882868389000,120.5,1,120.0,285,120.5,183,1,2021-12-30 09:01:22
1640854882965603000,120.5,1,120.0,285,120.5,182,1,2021-12-30 09:01:22
1640854883112956000,120.5,1,120.0,286,120.5,182,1,2021-12-30 09:01:23
1640854883233555000,120.5,1,120.0,286,120.5,181,1,2021-12-30 09:01:23
1640854883490488000,120.0,1,120.0,285,120.5,186,2,2021-12-30 09:01:23
1640854883507785000,120.0,3,120.0,282,120.5,186,2,2021-12-30 09:01:23
1640854883688440000,120.0,2,120.0,280,120.5,186,2,2021-12-30 09:01:23
1640854883702704000,120.5,4,120.0,280,120.5,182,1,2021-12-30 09:01:23
1640854883742129000,120.0,5,120.0,275,120.5,182,2,2021-12-30 09:01:23
1640854883780792000,120.0,1,120.0,274,120.5,182,2,2021-12-30 09:01:23
1640854883808812000,120.0,1,120.0,273,120.5,182,2,2021-12-30 09:01:23
1640854883855675000,120.5,1,120.0,273,120.5,181,1,2021-12-30 09:01:23
1640854883942302000,120.0,1,120.0,273,120.5,184,2,2021-12-30 09:01:23
1640854884012481000,120.0,10,120.0,263,120.5,184,2,2021-12-30 09:01:24
1640854884102227000,120.0,5,120.0,260,120.5,184,2,2021-12-30 09:01:24
1640854884252294000,120.0,1,120.0,260,120.5,185,2,2021-12-30 09:01:24
1640854884265260000,120.0,12,120.0,248,120.5,185,2,2021-12-30 09:01:24
1640854884323312000,120.0,1,120.0,247,120.5,185,2,2021-12-30 09:01:24
1640854884343380000,120.0,2,120.0,245,120.5,185,2,2021-12-30 09:01:24
1640854884440736000,120.0,2,120.0,249,120.5,185,2,2021-12-30 09:01:24
1640854884621476000,120.5,1,120.0,250,120.5,187,1,2021-12-30 09:01:24
1640854884740631000,120.0,1,120.0,249,120.5,187,2,2021-12-30 09:01:24
1640854884754327000,120.0,2,120.0,247,120.5,187,2,2021-12-30 09:01:24
1640854884755944000,120.5,2,120.0,247,120.5,185,1,2021-12-30 09:01:24
1640854884804626000,120.0,1,120.0,246,120.5,185,2,2021-12-30 09:01:24
1640854884818863000,120.5,1,120.0,246,120.5,184,1,2021-12-30 09:01:24
1640854884894246000,120.5,2,120.0,246,120.5,182,1,2021-12-30 09:01:24
1640854885098230000,120.0,1,120.0,246,120.5,182,2,2021-12-30 09:01:25
1640854885146542000,120.5,1,120.0,246,120.5,181,1,2021-12-30 09:01:25
1640854885178281000,120.5,1,120.0,246,120.5,180,1,2021-12-30 09:01:25
1640854885255365000,120.0,1,120.0,246,120.5,180,2,2021-12-30 09:01:25
1640854885353692000,120.5,3,120.0,246,120.5,177,1,2021-12-30 09:01:25
1640854885443419000,120.5,1,120.0,245,120.5,178,1,2021-12-30 09:01:25
1640854885474685000,120.0,1,120.0,244,120.5,178,2,2021-12-30 09:01:25
1640854885546036000,120.5,1,120.0,244,120.5,177,1,2021-12-30 09:01:25
1640854885621110000,120.0,1,120.0,243,120.5,178,2,2021-12-30 09:01:25
1640854885624688000,120.0,2,120.0,241,120.5,178,2,2021-12-30 09:01:25
1640854885670608000,120.0,1,120.0,240,120.5,178,2,2021-12-30 09:01:25
1640854885891244000,120.0,3,120.0,237,120.5,180,2,2021-12-30 09:01:25
1640854885907761000,120.0,1,120.0,236,120.5,180,2,2021-12-30 09:01:25
1640854885929428000,120.0,1,120.0,235,120.5,180,2,2021-12-30 09:01:25
1640854886070297000,120.5,1,120.0,253,120.5,180,1,2021-12-30 09:01:26
1640854886081598000,120.5,1,120.0,253,120.5,179,1,2021-12-30 09:01:26
1640854886102059000,120.0,2,120.0,251,120.5,179,2,2021-12-30 09:01:26
1640854886116774000,120.0,1,120.0,250,120.5,179,2,2021-12-30 09:01:26
1640854886148579000,120.5,1,120.0,250,120.5,179,1,2021-12-30 09:01:26
1640854886211760000,120.0,1,120.0,250,120.5,179,2,2021-12-30 09:01:26
1640854886374487000,120.0,1,120.0,249,120.5,179,2,2021-12-30 09:01:26
1640854886493152000,120.5,1,120.0,249,120.5,179,1,2021-12-30 09:01:26
1640854886652775000,120.5,5,120.0,251,120.5,175,1,2021-12-30 09:01:26
1640854886955685000,120.5,1,120.0,254,120.5,174,1,2021-12-30 09:01:26
1640854887060446000,120.5,1,120.0,255,120.5,173,1,2021-12-30 09:01:27
1640854887069172000,120.0,1,120.0,254,120.5,173,2,2021-12-30 09:01:27
1640854887104168000,120.5,5,120.0,254,120.5,168,1,2021-12-30 09:01:27
1640854887151063000,120.0,10,120.0,244,120.5,168,2,2021-12-30 09:01:27
1640854887162093000,120.0,1,120.0,243,120.5,168,2,2021-12-30 09:01:27
1640854887342587000,120.5,1,120.0,243,120.5,168,1,2021-12-30 09:01:27
1640854887368530000,120.0,1,120.0,242,120.5,169,2,2021-12-30 09:01:27
1640854887813083000,120.5,1,120.0,246,120.5,169,1,2021-12-30 09:01:27
1640854888069803000,120.5,2,120.0,249,120.5,167,1,2021-12-30 09:01:28
1640854888209104000,120.0,9,120.0,245,120.5,167,2,2021-12-30 09:01:28
1640854888579867000,120.5,1,120.0,246,120.5,167,1,2021-12-30 09:01:28
1640854888725579000,120.5,3,120.0,246,120.5,164,1,2021-12-30 09:01:28
1640854888839186000,120.5,1,120.0,247,120.5,163,1,2021-12-30 09:01:28
1640854889005867000,120.0,1,120.0,246,120.5,164,2,2021-12-30 09:01:29
1640854889302020000,120.0,1,120.0,250,120.5,166,2,2021-12-30 09:01:29
1640854889317692000,120.5,1,120.0,250,120.5,165,1,2021-12-30 09:01:29
1640854889337935000,120.0,1,120.0,249,120.5,167,2,2021-12-30 09:01:29
1640854889374589000,120.0,1,120.0,248,120.5,167,2,2021-12-30 09:01:29
1640854889571217000,120.5,1,120.0,249,120.5,171,1,2021-12-30 09:01:29
1640854889578718000,120.0,1,120.0,248,120.5,171,2,2021-12-30 09:01:29
1640854890106770000,120.0,2,120.0,242,120.5,171,2,2021-12-30 09:01:30
1640854890111809000,120.0,1,120.0,241,120.5,171,2,2021-12-30 09:01:30
1640854890389793000,120.5,1,120.0,243,120.5,170,1,2021-12-30 09:01:30
1640854890390113000,120.0,2,120.0,241,120.5,170,2,2021-12-30 09:01:30
1640854890568370000,120.5,7,120.0,243,120.5,163,1,2021-12-30 09:01:30
1640854890734976000,120.0,1,120.0,242,120.5,163,2,2021-12-30 09:01:30
1640854890745300000,120.5,1,120.0,243,120.5,162,1,2021-12-30 09:01:30
1640854891045411000,120.0,2,120.0,241,120.5,168,2,2021-12-30 09:01:31
1640854891188670000,120.0,1,120.0,242,120.5,168,2,2021-12-30 09:01:31
1640854891251723000,120.0,10,120.0,232,120.5,169,2,2021-12-30 09:01:31
1640854891294375000,120.0,5,120.0,227,120.5,164,2,2021-12-30 09:01:31
1640854891329837000,120.0,1,120.0,226,120.5,164,2,2021-12-30 09:01:31
1640854891560485000,120.5,1,120.0,224,120.5,172,1,2021-12-30 09:01:31
1640854892063450000,120.5,5,120.0,227,120.5,167,1,2021-12-30 09:01:32
1640854892328244000,120.5,1,120.0,227,120.5,170,1,2021-12-30 09:01:32
1640854892354023000,120.0,1,120.0,226,120.5,170,2,2021-12-30 09:01:32
1640854892484517000,120.5,1,120.0,233,120.5,169,1,2021-12-30 09:01:32
1640854892621859000,120.0,3,120.0,231,120.5,170,2,2021-12-30 09:01:32
1640854892748794000,120.5,1,120.0,231,120.5,169,1,2021-12-30 09:01:32
1640854893135592000,120.0,1,120.0,232,120.5,173,2,2021-12-30 09:01:33
1640854893179391000,120.0,2,120.0,233,120.5,173,2,2021-12-30 09:01:33
1640854893240077000,120.5,1,120.0,233,120.5,172,1,2021-12-30 09:01:33
1640854893270531000,120.5,1,120.0,233,120.5,171,1,2021-12-30 09:01:33
1640854893368455000,120.5,1,120.0,233,120.5,170,1,2021-12-30 09:01:33
1640854893749559000,120.5,1,120.0,236,120.5,172,1,2021-12-30 09:01:33
1640854894038262000,120.0,1,120.0,235,120.5,174,2,2021-12-30 09:01:34
1640854894038638000,120.0,1,120.0,235,120.5,174,2,2021-12-30 09:01:34
1640854894122033000,120.5,2,120.0,235,120.5,172,1,2021-12-30 09:01:34
1640854894274691000,120.5,1,120.0,265,120.5,172,1,2021-12-30 09:01:34
1640854894474801000,120.5,1,120.0,265,120.5,171,1,2021-12-30 09:01:34
1640854894765686000,120.5,5,120.0,266,120.5,167,1,2021-12-30 09:01:34
1640854894850010000,120.5,1,120.0,266,120.5,166,1,2021-12-30 09:01:34
1640854895315508000,120.0,1,120.0,269,120.5,166,2,2021-12-30 09:01:35
1640854895338115000,120.5,1,120.0,269,120.5,164,1,2021-12-30 09:01:35
1640854896187634000,120.5,1,120.0,275,120.5,165,1,2021-12-30 09:01:36
1640854896369429000,120.5,1,120.0,276,120.5,163,1,2021-12-30 09:01:36
1640854896411248000,120.0,1,120.0,275,120.5,166,2,2021-12-30 09:01:36
1640854896602150000,120.0,5,120.0,273,120.5,166,2,2021-12-30 09:01:36
1640854896860733000,120.5,1,120.0,276,120.5,167,1,2021-12-30 09:01:36
1640854896905246000,120.5,1,120.0,276,120.5,165,1,2021-12-30 09:01:36
1640854897042675000,120.0,1,120.0,276,120.5,168,2,2021-12-30 09:01:37
1640854897142522000,120.5,1,120.0,277,120.5,167,1,2021-12-30 09:01:37
1640854897288152000,120.5,1,120.0,277,120.5,168,1,2021-12-30 09:01:37
1640854897524128000,120.5,1,120.0,281,120.5,171,1,2021-12-30 09:01:37
1640854897688435000,120.0,1,120.0,282,120.5,171,2,2021-12-30 09:01:37
1640854898131368000,120.0,4,120.0,280,120.5,171,2,2021-12-30 09:01:38
1640854898574941000,120.5,1,120.0,282,120.5,170,1,2021-12-30 09:01:38
1640854898687444000,120.5,1,120.0,283,120.5,171,1,2021-12-30 09:01:38
1640854898748766000,120.5,1,120.0,283,120.5,170,1,2021-12-30 09:01:38
1640854898764952000,120.5,2,120.0,283,120.5,168,1,2021-12-30 09:01:38
1640854898929690000,120.5,1,120.0,283,120.5,168,1,2021-12-30 09:01:38
1640854898962200000,120.5,3,120.0,283,120.5,165,1,2021-12-30 09:01:38
1640854899329303000,120.5,1,120.0,284,120.5,164,1,2021-12-30 09:01:39
1640854899766328000,120.5,3,120.0,287,120.5,162,1,2021-12-30 09:01:39
1640854899865720000,120.5,2,120.0,287,120.5,160,1,2021-12-30 09:01:39
1640854900193071000,120.5,1,120.0,339,120.5,159,1,2021-12-30 09:01:40
1640854900613750000,120.5,15,120.0,341,120.5,138,1,2021-12-30 09:01:40
1640854900652597000,120.5,16,120.0,341,120.5,122,1,2021-12-30 09:01:40
1640854900685396000,120.5,28,120.0,341,120.5,62,1,2021-12-30 09:01:40
1640854900685478000,120.5,28,120.0,341,120.5,62,1,2021-12-30 09:01:40
1640854900685495000,120.5,4,120.0,341,120.5,62,1,2021-12-30 09:01:40
1640854900938137000,120.5,1,120.0,343,120.5,64,1,2021-12-30 09:01:40
1640854900942473000,120.5,15,120.0,343,120.5,49,1,2021-12-30 09:01:40
1640854901049199000,120.0,3,120.0,341,120.5,50,2,2021-12-30 09:01:41
1640854901281123000,120.5,15,120.0,341,120.5,36,1,2021-12-30 09:01:41
1640854901350115000,120.5,1,120.0,341,120.5,35,1,2021-12-30 09:01:41
1640854901354631000,120.5,1,120.0,341,120.5,34,1,2021-12-30 09:01:41
1640854901454722000,120.5,4,120.0,341,120.5,30,1,2021-12-30 09:01:41
1640854901558215000,120.5,2,120.0,342,120.5,28,1,2021-12-30 09:01:41
1640854901574568000,120.5,1,120.0,342,120.5,27,1,2021-12-30 09:01:41
1640854901629101000,120.5,5,120.0,342,120.5,22,1,2021-12-30 09:01:41
1640854901684241000,120.5,2,120.0,343,120.5,21,1,2021-12-30 09:01:41
1640854901703827000,120.5,1,120.0,343,120.5,20,1,2021-12-30 09:01:41
1640854901737188000,120.0,2,120.0,343,120.5,20,2,2021-12-30 09:01:41
1640854901755672000,120.5,1,120.0,343,120.5,19,1,2021-12-30 09:01:41
1640854901853516000,120.5,20,120.5,10,121.0,432,1,2021-12-30 09:01:41
1640854901917101000,121.0,5,120.5,18,121.0,426,1,2021-12-30 09:01:41
1640854902059651000,120.5,1,120.5,47,121.0,426,2,2021-12-30 09:01:42
1640854902098868000,121.0,2,120.5,47,121.0,424,1,2021-12-30 09:01:42
1640854902131317000,120.5,13,120.5,38,121.0,424,2,2021-12-30 09:01:42
1640854902174546000,121.0,1,120.5,74,121.0,423,1,2021-12-30 09:01:42
1640854902419223000,120.5,1,120.5,121,121.0,423,2,2021-12-30 09:01:42
1640854902493016000,120.5,1,120.5,123,121.0,423,2,2021-12-30 09:01:42
1640854902651975000,120.5,1,120.5,148,121.0,423,2,2021-12-30 09:01:42
1640854902689211000,121.0,1,120.5,148,121.0,422,1,2021-12-30 09:01:42
1640854902959360000,121.0,1,120.5,149,121.0,298,1,2021-12-30 09:01:42
1640854903045391000,121.0,1,120.5,150,121.0,297,1,2021-12-30 09:01:43
1640854903047003000,121.0,1,120.5,150,121.0,296,1,2021-12-30 09:01:43
1640854903410891000,120.5,1,120.5,162,121.0,296,2,2021-12-30 09:01:43
1640854903432402000,120.5,1,120.5,161,121.0,296,2,2021-12-30 09:01:43
1640854903956162000,120.5,1,120.5,166,121.0,296,2,2021-12-30 09:01:43
1640854904193627000,120.5,2,120.5,166,121.0,296,2,2021-12-30 09:01:44
1640854904565262000,121.0,1,120.5,173,121.0,295,1,2021-12-30 09:01:44
1640854904685619000,120.5,1,120.5,172,121.0,295,2,2021-12-30 09:01:44
1640854904720450000,120.5,1,120.5,171,121.0,295,2,2021-12-30 09:01:44
1640854904847186000,120.5,1,120.5,170,121.0,295,2,2021-12-30 09:01:44
1640854905753784000,120.5,1,120.5,171,121.0,319,2,2021-12-30 09:01:45
1640854906466144000,120.5,1,120.5,173,121.0,320,2,2021-12-30 09:01:46
1640854907072950000,121.0,1,120.5,174,121.0,320,1,2021-12-30 09:01:47
1640854907134937000,121.0,1,120.5,175,121.0,319,1,2021-12-30 09:01:47
1640854907141944000,120.5,1,120.5,175,121.0,319,2,2021-12-30 09:01:47
1640854907157958000,121.0,20,120.5,175,121.0,299,1,2021-12-30 09:01:47
1640854907609253000,120.5,2,120.5,177,121.0,299,2,2021-12-30 09:01:47
1640854907734875000,120.5,2,120.5,175,121.0,299,2,2021-12-30 09:01:47
1640854907836526000,120.5,3,120.5,173,121.0,299,2,2021-12-30 09:01:47
1640854907895909000,120.5,1,120.5,172,121.0,299,2,2021-12-30 09:01:47
1640854908015146000,120.5,1,120.5,173,121.0,299,2,2021-12-30 09:01:48
1640854908364426000,120.5,1,120.5,172,121.0,304,2,2021-12-30 09:01:48
1640854909312384000,121.0,2,120.5,181,121.0,301,1,2021-12-30 09:01:49
1640854909832667000,120.5,1,120.5,185,121.0,301,2,2021-12-30 09:01:49
1640854909940807000,121.0,2,120.5,186,121.0,299,1,2021-12-30 09:01:49
1640854910039115000,120.5,10,120.5,177,121.0,299,2,2021-12-30 09:01:50
1640854910067521000,120.5,1,120.5,176,121.0,299,2,2021-12-30 09:01:50
1640854910072441000,120.5,1,120.5,175,121.0,299,2,2021-12-30 09:01:50
1640854910217435000,121.0,1,120.5,176,121.0,298,1,2021-12-30 09:01:50
1640854910867358000,121.0,20,120.5,178,121.0,279,1,2021-12-30 09:01:50
1640854910896660000,121.0,2,120.5,178,121.0,277,1,2021-12-30 09:01:50
1640854910982891000,121.0,1,120.5,178,121.0,276,1,2021-12-30 09:01:50
1640854911710003000,121.0,6,120.5,182,121.0,270,1,2021-12-30 09:01:51
1640854911812357000,121.0,1,120.5,182,121.0,269,1,2021-12-30 09:01:51
1640854911932253000,121.0,1,120.5,183,121.0,268,1,2021-12-30 09:01:51
1640854912302382000,121.0,1,120.5,184,121.0,276,1,2021-12-30 09:01:52
1640854912525919000,120.5,1,120.5,182,121.0,276,2,2021-12-30 09:01:52
1640854912602912000,121.0,1,120.5,182,121.0,275,1,2021-12-30 09:01:52
1640854912603297000,121.0,1,120.5,182,121.0,274,1,2021-12-30 09:01:52
1640854912823467000,121.0,1,120.5,182,121.0,273,1,2021-12-30 09:01:52
1640854913292571000,121.0,1,120.5,187,121.0,272,1,2021-12-30 09:01:53
1640854913300606000,121.0,1,120.5,187,121.0,271,1,2021-12-30 09:01:53
1640854913804197000,121.0,1,120.5,192,121.0,270,1,2021-12-30 09:01:53
1640854913862594000,121.0,1,120.5,192,121.0,269,1,2021-12-30 09:01:53
1640854914204579000,121.0,1,120.5,193,121.0,265,1,2021-12-30 09:01:54
1640854914247541000,121.0,1,120.5,195,121.0,264,1,2021-12-30 09:01:54
1640854914494448000,121.0,1,120.5,195,121.0,263,1,2021-12-30 09:01:54
1640854914524933000,121.0,1,120.5,196,121.0,262,1,2021-12-30 09:01:54
1640854914577658000,121.0,1,120.5,195,121.0,261,1,2021-12-30 09:01:54
1640854914647001000,121.0,1,120.5,196,121.0,260,1,2021-12-30 09:01:54
1640854914725190000,121.0,1,120.5,196,121.0,259,1,2021-12-30 09:01:54
1640854914827727000,120.5,1,120.5,195,121.0,260,2,2021-12-30 09:01:54
1640854914978732000,121.0,3,120.5,196,121.0,258,1,2021-12-30 09:01:54
1640854915025807000,121.0,1,120.5,196,121.0,257,1,2021-12-30 09:01:55
1640854915183999000,121.0,1,120.5,195,121.0,259,1,2021-12-30 09:01:55
1640854915671801000,121.0,1,120.5,184,121.0,260,1,2021-12-30 09:01:55
1640854915866489000,120.5,5,120.5,179,121.0,260,2,2021-12-30 09:01:55
1640854915936278000,120.5,1,120.5,178,121.0,260,2,2021-12-30 09:01:55
1640854916263316000,121.0,73,120.5,178,121.0,188,1,2021-12-30 09:01:56
1640854916504919000,121.0,1,120.5,176,121.0,187,1,2021-12-30 09:01:56
1640854916607997000,121.0,1,120.5,177,121.0,188,1,2021-12-30 09:01:56
1640854917214303000,121.0,1,120.5,182,121.0,194,1,2021-12-30 09:01:57
1640854917344465000,121.0,2,120.5,182,121.0,192,1,2021-12-30 09:01:57
1640854917531636000,121.0,1,120.5,183,121.0,191,1,2021-12-30 09:01:57
1640854917588813000,121.0,1,120.5,184,121.0,190,1,2021-12-30 09:01:57
1640854917607007000,121.0,2,120.5,185,121.0,189,1,2021-12-30 09:01:57
1640854917659715000,121.0,1,120.5,187,121.0,188,1,2021-12-30 09:01:57
1640854917683792000,121.0,1,120.5,187,121.0,187,1,2021-12-30 09:01:57
1640854917691264000,121.0,1,120.5,187,121.0,186,1,2021-12-30 09:01:57
1640854917769793000,121.0,3,120.5,187,121.0,183,1,2021-12-30 09:01:57
1640854917799258000,121.0,1,120.5,187,121.0,182,1,2021-12-30 09:01:57
1640854918079602000,121.0,1,120.5,186,121.0,182,1,2021-12-30 09:01:58
1640854918198351000,121.0,1,120.5,186,121.0,181,1,2021-12-30 09:01:58
1640854918278401000,121.0,6,120.5,187,121.0,175,1,2021-12-30 09:01:58
1640854918517507000,120.5,3,120.5,185,121.0,175,2,2021-12-30 09:01:58
1640854918565962000,120.5,1,120.5,184,121.0,175,2,2021-12-30 09:01:58
1640854918759589000,121.0,2,120.5,195,121.0,173,1,2021-12-30 09:01:58
1640854918792481000,121.0,1,120.5,195,121.0,172,1,2021-12-30 09:01:58
1640854918797675000,121.0,11,120.5,195,121.0,161,1,2021-12-30 09:01:58
1640854918812244000,121.0,2,120.5,195,121.0,159,1,2021-12-30 09:01:58
1640854918847962000,121.0,1,120.5,195,121.0,158,1,2021-12-30 09:01:58
1640854918947560000,121.0,1,120.5,195,121.0,157,1,2021-12-30 09:01:58
1640854919043212000,121.0,3,120.5,195,121.0,154,1,2021-12-30 09:01:59
1640854919057399000,121.0,1,120.5,195,121.0,153,1,2021-12-30 09:01:59
1640854919167570000,121.0,1,120.5,195,121.0,152,1,2021-12-30 09:01:59
1640854919250597000,121.0,2,120.5,195,121.0,151,1,2021-12-30 09:01:59
1640854919269032000,121.0,6,120.5,189,121.0,145,1,2021-12-30 09:01:59
1640854919282316000,121.0,1,120.5,189,121.0,144,1,2021-12-30 09:01:59
1640854919356630000,121.0,1,120.5,190,121.0,143,1,2021-12-30 09:01:59
1640854919780545000,121.0,1,120.5,192,121.0,142,1,2021-12-30 09:01:59
1640854919804830000,121.0,1,120.5,192,121.0,141,1,2021-12-30 09:01:59
1640854919945384000,121.0,5,120.5,195,121.0,136,1,2021-12-30 09:01:59
1640854920034853000,121.0,1,120.5,195,121.0,136,1,2021-12-30 09:02:00
1640854920055505000,121.0,5,120.5,195,121.0,131,1,2021-12-30 09:02:00
1640854920075718000,121.0,1,120.5,196,121.0,130,1,2021-12-30 09:02:00
1640854920112964000,121.0,5,120.5,196,121.0,125,1,2021-12-30 09:02:00
1640854920183849000,121.0,1,120.5,196,121.0,124,1,2021-12-30 09:02:00
1640854920476214000,121.0,1,120.5,208,121.0,127,1,2021-12-30 09:02:00
1640854920637705000,121.0,1,120.5,212,121.0,125,1,2021-12-30 09:02:00
1640854920650753000,120.5,2,120.5,210,121.0,125,2,2021-12-30 09:02:00
1640854920678297000,120.5,3,120.5,207,121.0,125,2,2021-12-30 09:02:00
1640854920819711000,121.0,1,120.5,207,121.0,124,1,2021-12-30 09:02:00
1640854920946110000,121.0,2,120.5,208,121.0,123,1,2021-12-30 09:02:00
1640854920968499000,121.0,2,120.5,208,121.0,121,1,2021-12-30 09:02:00
1640854920984309000,121.0,2,120.5,208,121.0,119,1,2021-12-30 09:02:00
1640854921054004000,121.0,1,120.5,210,121.0,158,1,2021-12-30 09:02:01
1640854921091036000,121.0,1,120.5,210,121.0,157,1,2021-12-30 09:02:01
1640854921186906000,121.0,1,120.5,210,121.0,157,1,2021-12-30 09:02:01
1640854921196745000,121.0,1,120.5,210,121.0,157,1,2021-12-30 09:02:01
1640854921323530000,121.0,2,120.5,212,121.0,155,1,2021-12-30 09:02:01
1640854921352073000,121.0,1,120.5,212,121.0,154,1,2021-12-30 09:02:01
1640854921445531000,121.0,1,120.5,212,121.0,153,1,2021-12-30 09:02:01
1640854921551882000,121.0,1,120.5,207,121.0,153,1,2021-12-30 09:02:01
1640854921579504000,121.0,1,120.5,207,121.0,152,1,2021-12-30 09:02:01
1640854921588375000,121.0,2,120.5,207,121.0,150,1,2021-12-30 09:02:01
1640854921663415000,121.0,1,120.5,207,121.0,149,1,2021-12-30 09:02:01
1640854921799816000,121.0,5,120.5,207,121.0,145,1,2021-12-30 09:02:01
1640854921825296000,121.0,1,120.5,207,121.0,144,1,2021-12-30 09:02:01
1640854921836449000,121.0,10,120.5,207,121.0,134,1,2021-12-30 09:02:01
1640854921859284000,121.0,2,120.5,207,121.0,134,1,2021-12-30 09:02:01
1640854922024969000,121.0,1,120.5,213,121.0,134,1,2021-12-30 09:02:02
1640854922274132000,121.0,1,120.5,212,121.0,139,1,2021-12-30 09:02:02
1640854922321373000,121.0,1,120.5,212,121.0,138,1,2021-12-30 09:02:02
1640854922403003000,121.0,2,120.5,213,121.0,137,1,2021-12-30 09:02:02
1640854922458738000,121.0,2,120.5,213,121.0,135,1,2021-12-30 09:02:02
1640854922510382000,121.0,1,120.5,213,121.0,134,1,2021-12-30 09:02:02
1640854922528791000,121.0,1,120.5,214,121.0,133,1,2021-12-30 09:02:02
1640854922729873000,120.5,1,120.5,217,121.0,133,2,2021-12-30 09:02:02
1640854922739591000,121.0,5,120.5,217,121.0,128,1,2021-12-30 09:02:02
1640854922843567000,120.5,1,120.5,217,121.0,129,2,2021-12-30 09:02:02
1640854922914898000,121.0,5,120.5,217,121.0,124,1,2021-12-30 09:02:02
1640854922964963000,121.0,8,120.5,217,121.0,116,1,2021-12-30 09:02:02
1640854923357174000,121.0,2,120.5,221,121.0,109,1,2021-12-30 09:02:03
1640854923370142000,121.0,1,120.5,222,121.0,108,1,2021-12-30 09:02:03
1640854923371224000,121.0,1,120.5,222,121.0,107,1,2021-12-30 09:02:03
1640854923433123000,121.0,1,120.5,222,121.0,106,1,2021-12-30 09:02:03
1640854923468541000,121.0,1,120.5,222,121.0,105,1,2021-12-30 09:02:03
1640854923647524000,121.0,3,120.5,222,121.0,102,1,2021-12-30 09:02:03
1640854923651956000,121.0,1,120.5,222,121.0,101,1,2021-12-30 09:02:03
1640854923707761000,121.0,5,120.5,222,121.0,97,1,2021-12-30 09:02:03
1640854923745357000,121.0,2,120.5,222,121.0,95,1,2021-12-30 09:02:03
1640854924082226000,121.0,2,120.5,226,121.0,94,1,2021-12-30 09:02:04
1640854924141929000,121.0,10,120.5,226,121.0,84,1,2021-12-30 09:02:04
1640854924455000000,121.0,1,120.5,234,121.0,85,1,2021-12-30 09:02:04
1640854924457176000,121.0,1,120.5,234,121.0,84,1,2021-12-30 09:02:04
1640854924474227000,121.0,5,120.5,234,121.0,79,1,2021-12-30 09:02:04
1640854924512646000,121.0,1,120.5,234,121.0,78,1,2021-12-30 09:02:04
1640854924531175000,121.0,1,120.5,234,121.0,77,1,2021-12-30 09:02:04
1640854924594017000,121.0,2,120.5,234,121.0,75,1,2021-12-30 09:02:04
1640854924637638000,121.0,1,120.5,234,121.0,74,1,2021-12-30 09:02:04
1640854924648508000,121.0,3,120.5,234,121.0,71,1,2021-12-30 09:02:04
1640854924685195000,121.0,5,120.5,234,121.0,66,1,2021-12-30 09:02:04
1640854924699352000,121.0,1,120.5,234,121.0,65,1,2021-12-30 09:02:04
1640854924745088000,121.0,1,120.5,234,121.0,64,1,2021-12-30 09:02:04
1640854924841209000,121.0,10,120.5,235,121.0,54,1,2021-12-30 09:02:04
1640854924895446000,121.0,1,120.5,234,121.0,53,1,2021-12-30 09:02:04
1640854924896526000,121.0,1,120.5,234,121.0,52,1,2021-12-30 09:02:04
1640854925081159000,121.0,2,120.5,235,121.0,50,1,2021-12-30 09:02:05
1640854925115963000,121.0,1,120.5,235,121.0,49,1,2021-12-30 09:02:05
1640854925327448000,121.0,1,120.5,241,121.0,49,1,2021-12-30 09:02:05
1640854925478053000,121.0,1,120.5,241,121.0,59,1,2021-12-30 09:02:05
1640854925565821000,121.0,1,120.5,241,121.0,58,1,2021-12-30 09:02:05
1640854925594419000,120.5,2,120.5,239,121.0,58,2,2021-12-30 09:02:05
1640854925627271000,121.0,1,120.5,239,121.0,57,1,2021-12-30 09:02:05
1640854925683138000,121.0,1,120.5,240,121.0,56,1,2021-12-30 09:02:05
1640854925794053000,121.0,1,120.5,240,121.0,105,1,2021-12-30 09:02:05
1640854925821552000,120.5,1,120.5,239,121.0,105,2,2021-12-30 09:02:05
1640854925917694000,121.0,1,120.5,239,121.0,104,1,2021-12-30 09:02:05
1640854925928900000,121.0,2,120.5,239,121.0,102,1,2021-12-30 09:02:05
1640854925976007000,121.0,1,120.5,240,121.0,101,1,2021-12-30 09:02:05
1640854925984021000,121.0,1,120.5,240,121.0,100,1,2021-12-30 09:02:05
1640854926008488000,121.0,1,120.5,240,121.0,99,1,2021-12-30 09:02:06
1640854926088799000,121.0,1,120.5,241,121.0,98,1,2021-12-30 09:02:06
1640854926120969000,121.0,2,120.5,241,121.0,96,1,2021-12-30 09:02:06
1640854926149338000,121.0,1,120.5,241,121.0,95,1,2021-12-30 09:02:06
1640854926151586000,121.0,1,120.5,241,121.0,94,1,2021-12-30 09:02:06
1640854926216661000,121.0,1,120.5,241,121.0,94,1,2021-12-30 09:02:06
1640854926218288000,121.0,1,120.5,241,121.0,93,1,2021-12-30 09:02:06
1640854926219270000,121.0,3,120.5,241,121.0,90,1,2021-12-30 09:02:06
1640854926412304000,121.0,1,120.5,241,121.0,89,1,2021-12-30 09:02:06
1640854926568382000,121.0,2,120.5,241,121.0,107,1,2021-12-30 09:02:06
1640854926610714000,121.0,1,120.5,241,121.0,106,1,2021-12-30 09:02:06
1640854926619947000,121.0,1,120.5,241,121.0,105,1,2021-12-30 09:02:06
1640854926810836000,121.0,3,120.5,244,121.0,117,1,2021-12-30 09:02:06
1640854926891903000,121.0,1,120.5,245,121.0,117,1,2021-12-30 09:02:06
1640854926910637000,121.0,1,120.5,245,121.0,117,1,2021-12-30 09:02:06
1640854926916435000,121.0,2,120.5,245,121.0,115,1,2021-12-30 09:02:06
1640854926968926000,121.0,1,120.5,245,121.0,116,1,2021-12-30 09:02:06
1640854926986917000,121.0,1,120.5,245,121.0,115,1,2021-12-30 09:02:06
1640854927027948000,121.0,1,120.5,245,121.0,114,1,2021-12-30 09:02:07
1640854927141599000,121.0,2,120.5,236,121.0,112,1,2021-12-30 09:02:07
1640854927147104000,121.0,1,120.5,236,121.0,111,1,2021-12-30 09:02:07
1640854927164695000,121.0,1,120.5,236,121.0,110,1,2021-12-30 09:02:07
1640854927217080000,121.0,2,120.5,236,121.0,108,1,2021-12-30 09:02:07
1640854927219883000,121.0,1,120.5,236,121.0,107,1,2021-12-30 09:02:07
1640854927379952000,121.0,1,120.5,238,121.0,119,1,2021-12-30 09:02:07
1640854927551335000,121.0,1,120.5,239,121.0,118,1,2021-12-30 09:02:07
1640854927683267000,121.0,1,120.5,238,121.0,117,1,2021-12-30 09:02:07
1640854927758119000,121.0,1,120.5,238,121.0,119,1,2021-12-30 09:02:07
1640854927800760000,121.0,1,120.5,238,121.0,118,1,2021-12-30 09:02:07
1640854927809460000,121.0,1,120.5,238,121.0,117,1,2021-12-30 09:02:07
1640854928141060000,121.0,20,120.5,239,121.0,100,1,2021-12-30 09:02:08
1640854928326721000,121.0,1,120.5,240,121.0,101,1,2021-12-30 09:02:08
1640854928388262000,121.0,1,120.5,242,121.0,100,1,2021-12-30 09:02:08
1640854928448879000,121.0,1,120.5,244,121.0,109,1,2021-12-30 09:02:08
1640854928464903000,121.0,1,120.5,244,121.0,108,1,2021-12-30 09:02:08
1640854928729003000,121.0,1,120.5,246,121.0,109,1,2021-12-30 09:02:08
1640854928792478000,121.0,1,120.5,246,121.0,108,1,2021-12-30 09:02:08
1640854928832078000,121.0,1,120.5,246,121.0,107,1,2021-12-30 09:02:08
1640854928918587000,121.0,4,120.5,242,121.0,103,1,2021-12-30 09:02:08
1640854929077316000,121.0,1,120.5,242,121.0,117,1,2021-12-30 09:02:09
1640854929294891000,121.0,1,120.5,247,121.0,118,1,2021-12-30 09:02:09
1640854929380220000,121.0,2,120.5,247,121.0,117,1,2021-12-30 09:02:09
1640854929407517000,121.0,1,120.5,248,121.0,116,1,2021-12-30 09:02:09
1640854929499363000,121.0,1,120.5,246,121.0,115,1,2021-12-30 09:02:09
1640854929582370000,121.0,1,120.5,246,121.0,119,1,2021-12-30 09:02:09
