ts,close,volume,bid_price,bid_volume,ask_price,ask_volume,tick_type,datetime
1640854806084184000,40.55,1189,40.5,122,40.55,71,0,2021-12-30 09:00:06
1640854806129343000,40.55,2,40.5,122,40.55,69,1,2021-12-30 09:00:06
1640854806216091000,40.5,2,40.5,120,40.55,69,2,2021-12-30 09:00:06
1640854806262296000,40.5,3,40.5,117,40.55,69,2,2021-12-30 09:00:06
1640854806685760000,40.55,1,40.5,117,40.55,68,1,2021-12-30 09:00:06
1640854806778435000,40.5,9,40.5,109,40.55,68,2,2021-12-30 09:00:06
1640854807100979000,40.55,1,40.5,109,40.55,67,1,2021-12-30 09:00:07
1640854807120497000,40.55,67,40.5,109,40.6,24,1,2021-12-30 09:00:07
1640854807207446000,40.5,3,40.5,106,40.6,24,2,2021-12-30 09:00:07
1640854807397050000,40.5,1,40.5,105,40.6,24,2,2021-12-30 09:00:07
1640854807427601000,40.6,24,40.5,105,40.65,23,1,2021-12-30 09:00:07
1640854808603514000,40.55,2,40.5,57,40.65,23,2,2021-12-30 09:00:08
1640854808603514000,40.5,48,40.5,57,40.65,23,2,2021-12-30 09:00:08
1640854809044886000,40.55,2,40.5,57,40.55,8,1,2021-12-30 09:00:09
1640854809337723000,40.55,8,40.5,57,40.65,21,1,2021-12-30 09:00:09
1640854809337723000,40.65,2,40.5,57,40.65,21,1,2021-12-30 09:00:09
1640854809437661000,40.5,3,40.5,54,40.65,21,2,2021-12-30 09:00:09
1640854810591974000,40.65,5,40.5,54,40.65,16,1,2021-12-30 09:00:10
1640854810789457000,40.5,4,40.5,50,40.65,16,2,2021-12-30 09:00:10
1640854811185772000,40.65,6,40.5,50,40.65,10,1,2021-12-30 09:00:11
1640854811503810000,40.5,1,40.5,50,40.65,10,2,2021-12-30 09:00:11
1640854811968082000,40.65,5,40.5,51,40.65,5,1,2021-12-30 09:00:11
1640854812629863000,40.5,4,40.5,47,40.65,5,2,2021-12-30 09:00:12
1640854812979989000,40.65,2,40.6,1,40.65,3,1,2021-12-30 09:00:12
1640854813478417000,40.65,1,40.6,1,40.65,2,1,2021-12-30 09:00:13
1640854813698489000,40.6,1,40.55,1,40.65,2,2,2021-12-30 09:00:13
1640854813698489000,40.55,3,40.55,1,40.65,2,2,2021-12-30 09:00:13
1640854815557734000,40.65,2,40.55,9,40.7,95,1,2021-12-30 09:00:15
1640854815557734000,40.7,1,40.55,9,40.7,95,1,2021-12-30 09:00:15
1640854816473162000,40.65,2,40.55,9,40.7,93,1,2021-12-30 09:00:16
1640854816473162000,40.7,2,40.55,9,40.7,93,1,2021-12-30 09:00:16
1640854816750606000,40.7,2,40.55,9,40.7,91,1,2021-12-30 09:00:16
1640854817129789000,40.6,2,40.55,9,40.65,1,1,2021-12-30 09:00:17
1640854817612369000,40.55,1,40.55,10,40.65,4,2,2021-12-30 09:00:17
1640854817631613000,40.65,1,40.55,10,40.65,3,1,2021-12-30 09:00:17
1640854818154427000,40.6,1,40.55,12,40.6,9,1,2021-12-30 09:00:18
1640854818190100000,40.6,4,40.55,12,40.6,10,1,2021-12-30 09:00:18
1640854818253118000,40.6,1,40.55,12,40.6,9,1,2021-12-30 09:00:18
1640854818536176000,40.6,1,40.55,12,40.6,8,1,2021-12-30 09:00:18
1640854818682155000,40.6,1,40.55,12,40.6,7,1,2021-12-30 09:00:18
1640854818871313000,40.6,7,40.55,13,40.65,5,1,2021-12-30 09:00:18
1640854819847577000,40.65,1,40.6,1,40.65,4,1,2021-12-30 09:00:19
1640854820011478000,40.65,1,40.6,1,40.65,3,1,2021-12-30 09:00:20
1640854820098120000,40.65,3,40.6,1,40.7,90,1,2021-12-30 09:00:20
1640854820098120000,40.7,7,40.6,1,40.7,90,1,2021-12-30 09:00:20
1640854820632890000,40.6,1,40.55,18,40.7,90,2,2021-12-30 09:00:20
1640854822362405000,40.65,1,40.6,1,40.7,90,2,2021-12-30 09:00:22
1640854822641836000,40.65,1,40.65,2,40.7,90,2,2021-12-30 09:00:22
1640854822676037000,40.65,2,40.6,1,40.7,90,2,2021-12-30 09:00:22
1640854823147408000,40.65,1,40.6,3,40.7,90,1,2021-12-30 09:00:23
1640854823530259000,40.7,1,40.6,3,40.7,89,1,2021-12-30 09:00:23
1640854823532480000,40.7,20,40.6,3,40.7,69,1,2021-12-30 09:00:23
1640854823556507000,40.7,10,40.65,1,40.7,59,1,2021-12-30 09:00:23
1640854823561488000,40.7,1,40.65,1,40.7,58,1,2021-12-30 09:00:23
1640854823583913000,40.7,6,40.65,1,40.7,52,1,2021-12-30 09:00:23
1640854823734248000,40.65,2,40.6,3,40.7,52,2,2021-12-30 09:00:23
1640854823734248000,40.6,1,40.6,3,40.7,52,2,2021-12-30 09:00:23
1640854823741882000,40.7,1,40.6,3,40.7,51,1,2021-12-30 09:00:23
1640854823870961000,40.6,3,40.55,21,40.7,51,2,2021-12-30 09:00:23
1640854823989064000,40.7,1,40.55,22,40.7,47,1,2021-12-30 09:00:23
1640854826005649000,40.65,1,40.65,50,40.7,47,2,2021-12-30 09:00:26
1640854826009972000,40.65,8,40.65,42,40.7,47,2,2021-12-30 09:00:26
1640854826255796000,40.7,2,40.65,42,40.7,45,1,2021-12-30 09:00:26
1640854826443891000,40.7,3,40.65,42,40.7,42,1,2021-12-30 09:00:26
1640854826520915000,40.65,1,40.65,41,40.7,42,2,2021-12-30 09:00:26
1640854826745588000,40.65,2,40.65,39,40.7,42,2,2021-12-30 09:00:26
1640854826883537000,40.7,1,40.65,39,40.7,41,1,2021-12-30 09:00:26
1640854827731696000,40.7,1,40.65,39,40.7,40,1,2021-12-30 09:00:27
1640854827735473000,40.7,2,40.65,39,40.7,38,1,2021-12-30 09:00:27
1640854828074766000,40.7,1,40.65,39,40.7,37,1,2021-12-30 09:00:28
1640854828097123000,40.7,1,40.65,39,40.7,36,1,2021-12-30 09:00:28
1640854828436482000,40.7,2,40.65,39,40.7,34,1,2021-12-30 09:00:28
1640854829365397000,40.65,1,40.65,43,40.7,34,2,2021-12-30 09:00:29
1640854829383646000,40.7,20,40.65,43,40.7,14,1,2021-12-30 09:00:29
1640854829476987000,40.7,1,40.65,43,40.7,13,1,2021-12-30 09:00:29
1640854829653811000,40.65,1,40.65,43,40.7,13,2,2021-12-30 09:00:29
1640854829679716000,40.65,1,40.65,42,40.7,13,2,2021-12-30 09:00:29
1640854829738824000,40.65,1,40.65,41,40.7,13,2,2021-12-30 09:00:29
1640854829759328000,40.65,1,40.65,40,40.7,13,2,2021-12-30 09:00:29
1640854829907357000,40.7,2,40.65,40,40.7,12,1,2021-12-30 09:00:29
1640854830098080000,40.65,3,40.65,37,40.7,12,2,2021-12-30 09:00:30
1640854830206210000,40.7,2,40.65,37,40.7,7,1,2021-12-30 09:00:30
1640854830437142000,40.7,1,40.65,37,40.7,6,1,2021-12-30 09:00:30
1640854830460061000,40.7,1,40.65,37,40.7,5,1,2021-12-30 09:00:30
1640854830686807000,40.7,1,40.65,37,40.7,4,1,2021-12-30 09:00:30
1640854830861884000,40.7,4,40.7,1,40.75,37,1,2021-12-30 09:00:30
1640854831005708000,40.7,1,40.65,37,40.75,36,2,2021-12-30 09:00:31
1640854831604120000,40.75,1,40.7,1,40.75,35,1,2021-12-30 09:00:31
1640854831790316000,40.75,20,40.7,1,40.75,15,1,2021-12-30 09:00:31
1640854832335545000,40.7,3,40.7,1,40.75,15,2,2021-12-30 09:00:32
1640854832717500000,40.75,10,40.7,7,40.75,2,1,2021-12-30 09:00:32
1640854832903588000,40.7,13,40.7,4,40.75,2,2,2021-12-30 09:00:32
1640854833016559000,40.75,2,40.7,9,40.8,186,1,2021-12-30 09:00:33
1640854833016559000,40.8,8,40.7,9,40.8,186,1,2021-12-30 09:00:33
1640854834081138000,40.7,1,40.7,22,40.8,186,2,2021-12-30 09:00:34
1640854834362632000,40.7,2,40.7,21,40.8,186,2,2021-12-30 09:00:34
1640854834758526000,40.75,1,40.7,18,40.8,186,2,2021-12-30 09:00:34
1640854834758526000,40.7,3,40.7,18,40.8,186,2,2021-12-30 09:00:34
1640854835122181000,40.7,2,40.7,18,40.8,186,2,2021-12-30 09:00:35
1640854835428072000,40.7,1,40.7,18,40.8,186,2,2021-12-30 09:00:35
1640854835493930000,40.75,7,40.75,3,40.8,186,2,2021-12-30 09:00:35
1640854835512467000,40.75,3,40.7,17,40.8,186,2,2021-12-30 09:00:35
1640854835512467000,40.7,1,40.7,17,40.8,186,2,2021-12-30 09:00:35
1640854835718395000,40.7,2,40.7,15,40.8,186,2,2021-12-30 09:00:35
1640854835843629000,40.75,2,40.7,15,40.8,186,2,2021-12-30 09:00:35
1640854837250998000,40.8,1,40.75,32,40.8,185,1,2021-12-30 09:00:37
1640854837389583000,40.75,4,40.75,28,40.8,185,2,2021-12-30 09:00:37
1640854837423313000,40.75,4,40.75,24,40.8,185,2,2021-12-30 09:00:37
1640854837765339000,40.75,1,40.75,24,40.8,185,2,2021-12-30 09:00:37
1640854838215036000,40.8,2,40.75,24,40.8,183,1,2021-12-30 09:00:38
1640854838385579000,40.8,1,40.75,24,40.8,182,1,2021-12-30 09:00:38
1640854838704885000,40.8,2,40.75,24,40.8,181,1,2021-12-30 09:00:38
1640854838720143000,40.75,1,40.75,23,40.8,181,2,2021-12-30 09:00:38
1640854838895018000,40.75,10,40.75,13,40.8,181,2,2021-12-30 09:00:38
1640854838932514000,40.75,13,40.7,26,40.8,181,2,2021-12-30 09:00:38
1640854839228708000,40.75,1,40.7,36,40.8,174,1,2021-12-30 09:00:39
1640854839228708000,40.8,7,40.7,36,40.8,174,1,2021-12-30 09:00:39
1640854839429630000,40.7,1,40.7,35,40.8,174,2,2021-12-30 09:00:39
1640854839491834000,40.8,1,40.7,35,40.8,173,1,2021-12-30 09:00:39
1640854839643060000,40.7,6,40.7,30,40.8,173,2,2021-12-30 09:00:39
1640854839688140000,40.8,2,40.7,30,40.8,171,1,2021-12-30 09:00:39
1640854840650481000,40.7,31,40.65,46,40.75,13,2,2021-12-30 09:00:40
1640854841426754000,40.65,1,40.65,45,40.75,17,2,2021-12-30 09:00:41
1640854841611763000,40.65,13,40.65,32,40.75,20,2,2021-12-30 09:00:41
1640854841835809000,40.75,10,40.65,32,40.75,12,1,2021-12-30 09:00:41
1640854841968675000,40.75,3,40.65,32,40.75,10,1,2021-12-30 09:00:41
1640854842007508000,40.65,7,40.65,25,40.75,10,2,2021-12-30 09:00:42
1640854842208654000,40.75,1,40.65,25,40.75,22,1,2021-12-30 09:00:42
1640854842580688000,40.75,6,40.65,25,40.75,16,1,2021-12-30 09:00:42
1640854842615113000,40.65,25,40.6,18,40.75,16,2,2021-12-30 09:00:42
1640854842790248000,40.6,2,40.6,16,40.75,25,2,2021-12-30 09:00:42
1640854843239541000,40.75,2,40.6,16,40.75,23,1,2021-12-30 09:00:43
1640854843364463000,40.7,1,40.6,16,40.7,6,2,2021-12-30 09:00:43
1640854843381594000,40.6,8,40.6,8,40.7,6,2,2021-12-30 09:00:43
1640854843494575000,40.7,1,40.6,7,40.7,14,1,2021-12-30 09:00:43
1640854844285294000,40.6,2,40.6,5,40.65,1,2,2021-12-30 09:00:44
1640854844475937000,40.6,1,40.6,4,40.65,1,2,2021-12-30 09:00:44
1640854844547758000,40.6,1,40.6,3,40.65,1,2,2021-12-30 09:00:44
1640854845014709000,40.65,1,40.6,3,40.7,14,1,2021-12-30 09:00:45
1640854845041745000,40.6,2,40.6,1,40.7,14,2,2021-12-30 09:00:45
1640854845267945000,40.65,1,40.6,1,40.7,14,2,2021-12-30 09:00:45
1640854846093247000,40.7,2,40.6,1,40.7,12,1,2021-12-30 09:00:46
1640854846546531000,40.7,12,40.65,3,40.75,47,1,2021-12-30 09:00:46
1640854846546531000,40.75,23,40.65,3,40.75,47,1,2021-12-30 09:00:46
1640854847242356000,40.7,1,40.65,3,40.7,1,1,2021-12-30 09:00:47
1640854847443583000,40.7,1,40.7,4,40.75,47,1,2021-12-30 09:00:47
1640854847475375000,40.7,4,40.65,3,40.75,47,2,2021-12-30 09:00:47
1640854847483954000,40.75,1,40.65,3,40.75,46,1,2021-12-30 09:00:47
1640854848044005000,40.7,1,40.65,3,40.7,10,1,2021-12-30 09:00:48
1640854848489911000,40.65,1,40.65,2,40.7,16,2,2021-12-30 09:00:48
1640854848940255000,40.7,1,40.65,3,40.7,15,1,2021-12-30 09:00:48
1640854848972134000,40.65,3,40.6,53,40.7,15,2,2021-12-30 09:00:48
1640854849821253000,40.65,1,40.6,56,40.65,3,1,2021-12-30 09:00:49
1640854850185523000,40.65,1,40.6,56,40.65,2,1,2021-12-30 09:00:50
1640854850472610000,40.65,2,40.7,159,40.75,50,1,2021-12-30 09:00:50
1640854850472610000,40.7,15,40.7,159,40.75,50,1,2021-12-30 09:00:50
1640854850520382000,40.7,1,40.7,158,40.75,50,2,2021-12-30 09:00:50
1640854850694627000,40.7,8,40.7,151,40.75,49,2,2021-12-30 09:00:50
1640854851159903000,40.7,5,40.7,146,40.75,49,2,2021-12-30 09:00:51
1640854851437576000,40.7,1,40.7,155,40.75,52,2,2021-12-30 09:00:51
1640854851558759000,40.7,2,40.7,153,40.75,52,2,2021-12-30 09:00:51
1640854852469188000,40.7,1,40.7,152,40.75,54,2,2021-12-30 09:00:52
1640854853189721000,40.7,1,40.7,152,40.75,54,2,2021-12-30 09:00:53
1640854853664687000,40.7,10,40.7,143,40.75,54,2,2021-12-30 09:00:53
1640854853777299000,40.75,4,40.7,143,40.75,50,1,2021-12-30 09:00:53
1640854854251921000,40.75,2,40.7,143,40.75,48,1,2021-12-30 09:00:54
1640854854475102000,40.7,1,40.7,142,40.75,48,2,2021-12-30 09:00:54
1640854856220583000,40.75,2,40.7,175,40.75,54,1,2021-12-30 09:00:56
1640854856285606000,40.75,1,40.7,175,40.75,53,1,2021-12-30 09:00:56
1640854856770899000,40.75,1,40.7,182,40.75,58,1,2021-12-30 09:00:56
1640854857078773000,40.7,2,40.7,188,40.75,58,2,2021-12-30 09:00:57
1640854857427885000,40.7,1,40.7,187,40.75,60,2,2021-12-30 09:00:57
1640854857681277000,40.75,2,40.7,187,40.75,58,1,2021-12-30 09:00:57
1640854857835621000,40.75,1,40.7,186,40.75,57,1,2021-12-30 09:00:57
1640854857927295000,40.75,1,40.7,186,40.75,56,1,2021-12-30 09:00:57
1640854857995345000,40.75,10,40.7,186,40.75,46,1,2021-12-30 09:00:57
1640854858008992000,40.75,40,40.7,186,40.75,6,1,2021-12-30 09:00:58
1640854858341201000,40.75,1,40.7,188,40.75,11,1,2021-12-30 09:00:58
1640854858775851000,40.7,1,40.7,187,40.75,12,2,2021-12-30 09:00:58
1640854858936480000,40.7,3,40.7,184,40.75,12,2,2021-12-30 09:00:58
1640854859023743000,40.75,3,40.7,184,40.75,9,1,2021-12-30 09:00:59
1640854859234913000,40.75,1,40.7,184,40.75,9,1,2021-12-30 09:00:59
1640854859271102000,40.75,9,40.75,1,40.8,197,1,2021-12-30 09:00:59
1640854859328800000,40.75,1,40.75,35,40.8,193,2,2021-12-30 09:00:59
1640854859767496000,40.8,10,40.75,35,40.8,186,1,2021-12-30 09:00:59
1640854859769089000,40.8,2,40.75,35,40.8,184,1,2021-12-30 09:00:59
1640854860220901000,40.75,1,40.75,34,40.8,184,2,2021-12-30 09:01:00
1640854860242472000,40.75,1,40.75,33,40.8,184,2,2021-12-30 09:01:00
1640854860330125000,40.75,6,40.75,27,40.8,184,2,2021-12-30 09:01:00
1640854860368474000,40.75,3,40.75,24,40.8,184,2,2021-12-30 09:01:00
1640854860580262000,40.8,1,40.75,25,40.8,183,1,2021-12-30 09:01:00
1640854860679794000,40.75,1,40.75,26,40.8,183,2,2021-12-30 09:01:00
1640854860692704000,40.75,3,40.75,23,40.8,183,2,2021-12-30 09:01:00
1640854861431918000,40.75,25,40.75,9,40.8,183,2,2021-12-30 09:01:01
1640854861626624000,40.8,1,40.75,10,40.8,182,1,2021-12-30 09:01:01
1640854861637593000,40.75,10,40.7,188,40.8,182,2,2021-12-30 09:01:01
1640854861691391000,40.8,1,40.7,188,40.8,161,1,2021-12-30 09:01:01
1640854861721344000,40.75,1,40.75,31,40.8,161,2,2021-12-30 09:01:01
1640854862094949000,40.8,6,40.75,37,40.8,155,1,2021-12-30 09:01:02
1640854862104919000,40.75,2,40.75,35,40.8,155,2,2021-12-30 09:01:02
1640854862361931000,40.75,50,40.75,185,40.8,155,2,2021-12-30 09:01:02
1640854862630837000,40.75,1,40.75,185,40.8,155,2,2021-12-30 09:01:02
1640854862699928000,40.75,4,40.75,182,40.8,155,2,2021-12-30 09:01:02
1640854862996742000,40.75,3,40.75,179,40.8,152,2,2021-12-30 09:01:02
1640854863120564000,40.75,1,40.75,178,40.8,157,2,2021-12-30 09:01:03
1640854864680899000,40.75,3,40.75,223,40.8,157,2,2021-12-30 09:01:04
1640854864822050000,40.75,1,40.75,222,40.8,157,2,2021-12-30 09:01:04
1640854865591150000,40.8,1,40.75,222,40.8,157,1,2021-12-30 09:01:05
1640854866167453000,40.75,1,40.75,223,40.8,158,2,2021-12-30 09:01:06
1640854866378110000,40.75,3,40.75,221,40.8,158,2,2021-12-30 09:01:06
1640854867528730000,40.75,1,40.75,220,40.8,158,2,2021-12-30 09:01:07
1640854868149924000,40.75,1,40.75,222,40.8,158,2,2021-12-30 09:01:08
1640854868214095000,40.75,3,40.75,219,40.8,158,2,2021-12-30 09:01:08
1640854868270994000,40.8,2,40.75,219,40.8,156,1,2021-12-30 09:01:08
1640854868339941000,40.8,1,40.75,218,40.8,155,1,2021-12-30 09:01:08
1640854868974993000,40.8,20,40.75,221,40.8,135,1,2021-12-30 09:01:08
1640854869003331000,40.8,1,40.75,221,40.8,134,1,2021-12-30 09:01:09
1640854869399065000,40.75,1,40.75,220,40.8,164,2,2021-12-30 09:01:09
1640854869910810000,40.8,1,40.75,222,40.8,164,1,2021-12-30 09:01:09
1640854870071673000,40.8,1,40.75,222,40.8,163,1,2021-12-30 09:01:10
1640854870353120000,40.8,4,40.75,222,40.8,159,1,2021-12-30 09:01:10
1640854870455247000,40.75,5,40.75,217,40.8,159,2,2021-12-30 09:01:10
1640854870890817000,40.8,1,40.75,217,40.8,160,1,2021-12-30 09:01:10
1640854870892894000,40.75,5,40.75,213,40.8,160,2,2021-12-30 09:01:10
1640854871019781000,40.8,10,40.75,214,40.8,150,1,2021-12-30 09:01:11
1640854871036074000,40.8,1,40.75,214,40.8,149,1,2021-12-30 09:01:11
1640854871578549000,40.8,1,40.75,219,40.8,148,1,2021-12-30 09:01:11
1640854871798253000,40.8,4,40.75,219,40.8,144,1,2021-12-30 09:01:11
1640854872069051000,40.8,1,40.75,249,40.8,143,1,2021-12-30 09:01:12
1640854872348543000,40.8,2,40.75,250,40.8,141,1,2021-12-30 09:01:12
1640854872374701000,40.8,2,40.75,250,40.8,139,1,2021-12-30 09:01:12
1640854872402433000,40.8,1,40.75,250,40.8,138,1,2021-12-30 09:01:12
1640854872676321000,40.8,1,40.75,250,40.8,138,1,2021-12-30 09:01:12
1640854873032242000,40.8,5,40.75,250,40.8,138,1,2021-12-30 09:01:13
1640854873465636000,40.8,2,40.75,252,40.8,137,1,2021-12-30 09:01:13
1640854873780148000,40.8,1,40.75,252,40.8,136,1,2021-12-30 09:01:13
1640854874318188000,40.75,1,40.75,253,40.8,136,2,2021-12-30 09:01:14
1640854874528135000,40.8,4,40.75,263,40.8,132,1,2021-12-30 09:01:14
1640854874798434000,40.75,2,40.75,261,40.8,132,2,2021-12-30 09:01:14
1640854875021395000,40.8,2,40.75,261,40.8,130,1,2021-12-30 09:01:15
1640854875348825000,40.8,5,40.75,261,40.8,125,1,2021-12-30 09:01:15
1640854875354154000,40.75,1,40.75,260,40.8,125,2,2021-12-30 09:01:15
1640854875789266000,40.8,1,40.75,260,40.8,124,1,2021-12-30 09:01:15
1640854875986474000,40.8,2,40.75,293,40.8,122,1,2021-12-30 09:01:15
1640854876335147000,40.8,1,40.75,295,40.8,122,1,2021-12-30 09:01:16
1640854876360934000,40.8,1,40.75,295,40.8,121,1,2021-12-30 09:01:16
1640854876494356000,40.8,1,40.75,295,40.8,120,1,2021-12-30 09:01:16
1640854876511453000,40.8,1,40.75,295,40.8,119,1,2021-12-30 09:01:16
1640854876540337000,40.8,1,40.75,295,40.8,118,1,2021-12-30 09:01:16
1640854876682683000,40.8,2,40.75,295,40.8,116,1,2021-12-30 09:01:16
1640854876734693000,40.8,1,40.75,295,40.8,115,1,2021-12-30 09:01:16
1640854877064796000,40.8,1,40.75,295,40.8,114,1,2021-12-30 09:01:17
1640854877279175000,40.8,20,40.75,295,40.8,94,1,2021-12-30 09:01:17
1640854877378558000,40.75,10,40.75,285,40.8,94,2,2021-12-30 09:01:17
1640854877681825000,40.8,7,40.75,285,40.8,87,1,2021-12-30 09:01:17
1640854877723351000,40.8,1,40.75,285,40.8,86,1,2021-12-30 09:01:17
1640854877823282000,40.8,12,40.75,285,40.8,74,1,2021-12-30 09:01:17
1640854877846741000,40.8,3,40.75,285,40.8,71,1,2021-12-30 09:01:17
1640854877852093000,40.8,17,40.75,285,40.8,54,1,2021-12-30 09:01:17
1640854877901472000,40.75,3,40.75,282,40.8,51,2,2021-12-30 09:01:17
1640854877907258000,40.8,5,40.75,282,40.8,46,1,2021-12-30 09:01:17
1640854877923718000,40.8,7,40.75,282,40.8,39,1,2021-12-30 09:01:17
1640854877942058000,40.75,1,40.75,281,40.8,39,2,2021-12-30 09:01:17
1640854877960520000,40.8,7,40.75,281,40.8,32,1,2021-12-30 09:01:17
1640854878325960000,40.8,5,40.75,281,40.8,27,1,2021-12-30 09:01:18
1640854878451593000,40.8,1,40.75,283,40.8,26,1,2021-12-30 09:01:18
1640854879035022000,40.8,11,40.75,283,40.8,15,1,2021-12-30 09:01:19
1640854879070997000,40.8,15,40.75,283,40.85,47,1,2021-12-30 09:01:19
1640854879782918000,40.75,1,40.75,283,40.85,47,2,2021-12-30 09:01:19
1640854880528447000,40.85,1,40.8,5,40.85,46,1,2021-12-30 09:01:20
1640854880652638000,40.8,1,40.8,4,40.85,46,2,2021-12-30 09:01:20
1640854881537086000,40.8,1,40.8,5,40.85,47,2,2021-12-30 09:01:21
1640854881799379000,40.8,1,40.8,4,40.85,47,2,2021-12-30 09:01:21
1640854882846955000,40.8,1,40.8,136,40.85,47,2,2021-12-30 09:01:22
1640854882848997000,40.85,5,40.8,136,40.85,42,1,2021-12-30 09:01:22
1640854882965543000,40.8,50,40.8,89,40.85,42,2,2021-12-30 09:01:22
1640854883076278000,40.8,1,40.8,88,40.85,42,2,2021-12-30 09:01:23
1640854883092385000,40.85,1,40.8,88,40.85,41,1,2021-12-30 09:01:23
1640854883288065000,40.85,20,40.8,90,40.85,21,1,2021-12-30 09:01:23
1640854883810968000,40.85,2,40.8,90,40.85,19,1,2021-12-30 09:01:23
1640854884863733000,40.8,1,40.8,124,40.85,20,2,2021-12-30 09:01:24
1640854885269552000,40.85,2,40.8,127,40.85,18,1,2021-12-30 09:01:25
1640854885501265000,40.8,5,40.8,122,40.85,18,2,2021-12-30 09:01:25
1640854885543788000,40.8,1,40.8,121,40.85,18,2,2021-12-30 09:01:25
1640854886274951000,40.85,1,40.8,128,40.85,18,1,2021-12-30 09:01:26
1640854886335524000,40.85,1,40.8,128,40.85,17,1,2021-12-30 09:01:26
1640854886406388000,40.85,2,40.8,128,40.85,15,1,2021-12-30 09:01:26
1640854886816328000,40.85,16,40.85,117,40.9,236,1,2021-12-30 09:01:26
1640854886839190000,40.85,2,40.85,115,40.9,236,2,2021-12-30 09:01:26
1640854886973693000,40.9,11,40.85,115,40.9,225,1,2021-12-30 09:01:26
1640854887524563000,40.85,5,40.85,110,40.9,225,2,2021-12-30 09:01:27
1640854888210572000,40.85,1,40.85,109,40.9,225,2,2021-12-30 09:01:28
1640854888483252000,40.85,2,40.85,112,40.9,225,2,2021-12-30 09:01:28
1640854888695536000,40.85,5,40.85,108,40.9,225,2,2021-12-30 09:01:28
1640854888841496000,40.85,1,40.85,109,40.9,225,2,2021-12-30 09:01:28
1640854888941264000,40.85,30,40.85,79,40.9,225,2,2021-12-30 09:01:28
1640854888977823000,40.85,1,40.85,78,40.9,225,2,2021-12-30 09:01:28
1640854888979859000,40.85,1,40.85,77,40.9,225,2,2021-12-30 09:01:28
1640854889795724000,40.9,10,40.85,77,40.9,215,1,2021-12-30 09:01:29
1640854890218229000,40.9,1,40.85,77,40.9,214,1,2021-12-30 09:01:30
1640854890750328000,40.9,1,40.85,77,40.9,213,1,2021-12-30 09:01:30
1640854890841605000,40.85,2,40.85,75,40.9,213,2,2021-12-30 09:01:30
1640854890850106000,40.85,1,40.85,74,40.9,213,2,2021-12-30 09:01:30
1640854891285953000,40.9,20,40.85,75,40.9,193,1,2021-12-30 09:01:31
1640854891693886000,40.85,1,40.85,77,40.9,193,2,2021-12-30 09:01:31
1640854891731185000,40.85,1,40.85,76,40.9,193,2,2021-12-30 09:01:31
1640854891796873000,40.9,2,40.85,76,40.9,191,1,2021-12-30 09:01:31
1640854892252043000,40.9,1,40.85,77,40.9,190,1,2021-12-30 09:01:32
1640854892336898000,40.85,2,40.85,76,40.9,190,2,2021-12-30 09:01:32
1640854892379360000,40.9,4,40.85,76,40.9,186,1,2021-12-30 09:01:32
1640854892900908000,40.85,1,40.85,76,40.9,187,2,2021-12-30 09:01:32
1640854893559066000,40.9,5,40.85,79,40.9,192,1,2021-12-30 09:01:33
1640854893580164000,40.85,3,40.85,76,40.9,192,2,2021-12-30 09:01:33
1640854893935585000,40.85,3,40.85,78,40.9,192,2,2021-12-30 09:01:33
1640854894109331000,40.85,20,40.85,58,40.9,192,2,2021-12-30 09:01:34
1640854894139446000,40.85,1,40.85,57,40.9,192,2,2021-12-30 09:01:34
1640854894418125000,40.9,5,40.85,57,40.9,187,1,2021-12-30 09:01:34
1640854894535635000,40.85,17,40.85,40,40.9,187,2,2021-12-30 09:01:34
1640854894571812000,40.85,1,40.85,39,40.9,187,2,2021-12-30 09:01:34
1640854894617122000,40.9,1,40.85,39,40.9,186,1,2021-12-30 09:01:34
1640854894936364000,40.9,1,40.85,38,40.9,185,1,2021-12-30 09:01:34
1640854894936670000,40.85,1,40.85,38,40.9,185,2,2021-12-30 09:01:34
1640854894968898000,40.9,15,40.85,38,40.9,170,1,2021-12-30 09:01:34
1640854895350884000,40.85,1,40.85,37,40.9,170,2,2021-12-30 09:01:35
1640854895379538000,40.9,10,40.85,37,40.9,160,1,2021-12-30 09:01:35
1640854895505140000,40.9,3,40.85,37,40.9,157,1,2021-12-30 09:01:35
1640854895512607000,40.85,13,40.85,24,40.9,157,2,2021-12-30 09:01:35
1640854895688202000,40.85,1,40.85,25,40.9,157,2,2021-12-30 09:01:35
1640854896006456000,40.85,2,40.85,23,40.9,157,2,2021-12-30 09:01:36
1640854896309266000,40.85,1,40.85,56,40.9,157,2,2021-12-30 09:01:36
1640854896485843000,40.85,1,40.85,55,40.9,157,2,2021-12-30 09:01:36
1640854896654457000,40.85,1,40.85,55,40.9,160,2,2021-12-30 09:01:36
1640854897318807000,40.9,1,40.85,57,40.9,159,1,2021-12-30 09:01:37
1640854897419255000,40.85,1,40.85,56,40.9,159,2,2021-12-30 09:01:37
1640854897449277000,40.85,1,40.85,55,40.9,159,2,2021-12-30 09:01:37
1640854897687186000,40.85,7,40.85,53,40.9,159,2,2021-12-30 09:01:37
1640854897804810000,40.85,50,40.85,6,40.9,159,2,2021-12-30 09:01:37
1640854897831511000,40.85,6,40.8,153,40.9,159,2,2021-12-30 09:01:37
1640854897902146000,40.85,1,40.8,153,40.9,158,1,2021-12-30 09:01:37
1640854897902146000,40.9,1,40.8,153,40.9,158,1,2021-12-30 09:01:37
1640854897939955000,40.8,1,40.8,152,40.9,158,2,2021-12-30 09:01:37
1640854898148074000,40.9,10,40.8,144,40.9,148,1,2021-12-30 09:01:38
1640854898214710000,40.85,1,40.85,2,40.9,148,2,2021-12-30 09:01:38
1640854898245179000,40.85,1,40.8,144,40.9,148,2,2021-12-30 09:01:38
1640854898245604000,40.85,1,40.8,144,40.9,148,2,2021-12-30 09:01:38
1640854898306023000,40.9,77,40.8,67,40.9,71,1,2021-12-30 09:01:38
1640854898325483000,40.9,30,40.85,3,40.9,37,1,2021-12-30 09:01:38
1640854898444493000,40.9,10,40.85,3,40.9,29,1,2021-12-30 09:01:38
1640854898607975000,40.85,1,40.85,18,40.9,40,2,2021-12-30 09:01:38
1640854898774384000,40.9,10,40.85,20,40.9,30,1,2021-12-30 09:01:38
1640854899404893000,40.9,1,40.85,52,40.9,32,1,2021-12-30 09:01:39
1640854899573221000,40.85,1,40.85,51,40.9,32,2,2021-12-30 09:01:39
1640854899611470000,40.85,1,40.85,50,40.9,32,2,2021-12-30 09:01:39
1640854899743573000,40.85,3,40.85,47,40.9,32,2,2021-12-30 09:01:39
1640854899787655000,40.9,10,40.85,47,40.9,22,1,2021-12-30 09:01:39
1640854900009785000,40.85,35,40.85,12,40.9,22,2,2021-12-30 09:01:40
1640854900047234000,40.85,1,40.85,11,40.9,22,2,2021-12-30 09:01:40
1640854900048488000,40.85,1,40.85,10,40.9,22,2,2021-12-30 09:01:40
1640854900146273000,40.9,2,40.85,10,40.9,20,1,2021-12-30 09:01:40
1640854900454086000,40.85,1,40.85,9,40.9,20,2,2021-12-30 09:01:40
1640854900469096000,40.85,2,40.85,7,40.9,20,2,2021-12-30 09:01:40
1640854900713231000,40.9,20,40.85,8,40.95,37,1,2021-12-30 09:01:40
1640854900713231000,40.95,80,40.85,8,40.95,37,1,2021-12-30 09:01:40
1640854901014958000,40.95,1,40.85,8,40.95,36,1,2021-12-30 09:01:41
1640854901255961000,40.85,1,40.85,10,40.9,20,2,2021-12-30 09:01:41
1640854901283228000,40.9,5,40.85,10,40.9,15,1,2021-12-30 09:01:41
1640854901641368000,40.9,1,40.85,13,40.9,14,1,2021-12-30 09:01:41
1640854901682704000,40.85,1,40.85,13,40.9,14,2,2021-12-30 09:01:41
1640854902082952000,40.85,5,40.85,9,40.9,15,2,2021-12-30 09:01:42
1640854902169572000,40.85,1,40.85,8,40.9,15,2,2021-12-30 09:01:42
1640854902867615000,40.85,3,40.85,11,40.9,15,2,2021-12-30 09:01:42
1640854902972342000,40.9,3,40.85,11,40.9,12,1,2021-12-30 09:01:42
1640854903021770000,40.85,1,40.85,10,40.9,12,2,2021-12-30 09:01:43
1640854903097545000,40.85,5,40.85,5,40.9,12,2,2021-12-30 09:01:43
1640854903136565000,40.85,1,40.85,4,40.9,12,2,2021-12-30 09:01:43
1640854903280549000,40.85,5,40.8,63,40.9,12,2,2021-12-30 09:01:43
1640854903280549000,40.8,5,40.8,63,40.9,12,2,2021-12-30 09:01:43
1640854903643519000,40.85,10,40.8,58,40.95,28,1,2021-12-30 09:01:43
1640854903643519000,40.9,12,40.8,58,40.95,28,1,2021-12-30 09:01:43
1640854903643519000,40.95,8,40.8,58,40.95,28,1,2021-12-30 09:01:43
1640854903947314000,40.9,3,40.8,58,40.85,17,2,2021-12-30 09:01:43
1640854904142819000,40.85,10,40.8,59,40.85,7,1,2021-12-30 09:01:44
1640854904342214000,40.85,1,40.8,49,40.85,6,1,2021-12-30 09:01:44
1640854904677940000,40.85,1,40.8,49,40.85,6,1,2021-12-30 09:01:44
1640854904740033000,40.85,6,40.8,49,40.95,14,1,2021-12-30 09:01:44
1640854904740033000,40.95,14,40.8,49,40.95,14,1,2021-12-30 09:01:44
1640854904918380000,40.9,1,40.85,1,41.0,384,1,2021-12-30 09:01:44
1640854904918380000,40.95,14,40.85,1,41.0,384,1,2021-12-30 09:01:44
1640854905287754000,41.0,1,40.85,14,41.0,383,1,2021-12-30 09:01:45
1640854905623827000,41.0,2,40.85,15,41.0,381,1,2021-12-30 09:01:45
1640854905635445000,41.0,6,40.85,15,41.0,375,1,2021-12-30 09:01:45
1640854905740628000,41.0,1,40.85,15,41.0,374,1,2021-12-30 09:01:45
1640854905849684000,40.95,1,40.85,15,41.0,365,1,2021-12-30 09:01:45
1640854905849684000,41.0,9,40.85,15,41.0,365,1,2021-12-30 09:01:45
1640854905951720000,40.85,1,40.85,14,41.0,365,2,2021-12-30 09:01:45
1640854905963213000,41.0,1,40.85,14,41.0,364,1,2021-12-30 09:01:45
1640854906206834000,40.95,1,40.9,1,41.0,364,2,2021-12-30 09:01:46
1640854906400467000,40.95,1,40.9,1,41.0,364,2,2021-12-30 09:01:46
1640854906946958000,40.9,1,40.85,21,41.0,364,2,2021-12-30 09:01:46
1640854906946958000,40.85,4,40.85,21,41.0,364,2,2021-12-30 09:01:46
1640854907029027000,40.85,2,40.85,19,40.95,1,2,2021-12-30 09:01:47
1640854907291628000,40.95,1,40.85,19,41.0,364,1,2021-12-30 09:01:47
1640854907531815000,41.0,1,40.85,24,41.0,372,1,2021-12-30 09:01:47
1640854907732928000,41.0,2,40.85,24,41.0,370,1,2021-12-30 09:01:47
1640854908256610000,40.85,20,40.85,6,40.9,14,2,2021-12-30 09:01:48
1640854908295546000,40.85,1,40.85,6,40.9,14,2,2021-12-30 09:01:48
1640854908329882000,40.9,14,40.9,36,41.0,370,1,2021-12-30 09:01:48
1640854908393107000,40.9,2,40.9,34,40.95,1,2,2021-12-30 09:01:48
1640854908507704000,40.9,26,40.9,9,40.95,1,2,2021-12-30 09:01:48
1640854909114392000,40.9,9,40.85,8,40.95,1,2,2021-12-30 09:01:49
1640854909114392000,40.85,1,40.85,8,40.95,1,2,2021-12-30 09:01:49
1640854909345478000,40.85,3,40.85,6,40.95,1,2,2021-12-30 09:01:49
1640854910552821000,40.9,1,40.85,9,40.9,1,1,2021-12-30 09:01:50
1640854910587835000,40.9,1,40.9,4,40.95,13,1,2021-12-30 09:01:50
1640854910738865000,40.95,1,40.9,6,40.95,12,1,2021-12-30 09:01:50
1640854910787946000,40.95,3,40.9,6,40.95,9,1,2021-12-30 09:01:50
1640854911015147000,40.9,1,40.9,7,40.95,9,2,2021-12-30 09:01:51
1640854911046363000,40.9,1,40.9,6,40.95,9,2,2021-12-30 09:01:51
1640854911416280000,40.9,8,40.85,10,40.9,92,2,2021-12-30 09:01:51
1640854911580147000,40.9,2,40.85,10,40.9,94,1,2021-12-30 09:01:51
1640854911985777000,40.9,3,40.85,10,40.9,94,1,2021-12-30 09:01:51
1640854912038911000,40.9,10,40.85,10,40.9,84,1,2021-12-30 09:01:52
1640854912936602000,40.9,1,40.85,10,40.9,83,1,2021-12-30 09:01:52
1640854913008718000,40.9,83,40.85,10,41.0,168,1,2021-12-30 09:01:53
1640854913008718000,40.95,25,40.85,10,41.0,168,1,2021-12-30 09:01:53
1640854913008718000,41.0,192,40.85,10,41.0,168,1,2021-12-30 09:01:53
1640854913114530000,40.95,1,40.85,21,41.0,168,1,2021-12-30 09:01:53
1640854913342596000,40.9,1,40.85,15,41.0,168,1,2021-12-30 09:01:53
1640854914606049000,40.95,1,40.95,5,41.0,166,2,2021-12-30 09:01:54
1640854914637459000,40.95,1,40.95,4,41.0,166,2,2021-12-30 09:01:54
1640854915198130000,40.95,4,40.85,40,40.9,3,2,2021-12-30 09:01:55
1640854915198130000,40.9,2,40.85,40,40.9,3,2,2021-12-30 09:01:55
1640854915228620000,40.9,3,40.85,35,41.0,166,1,2021-12-30 09:01:55
1640854915809552000,41.0,10,40.9,1,41.0,155,1,2021-12-30 09:01:55
1640854915994208000,40.95,1,40.9,1,40.95,4,1,2021-12-30 09:01:55
1640854916336429000,40.95,1,40.9,1,40.95,3,1,2021-12-30 09:01:56
1640854916349529000,40.95,1,40.9,1,40.95,2,1,2021-12-30 09:01:56
1640854916496346000,40.95,1,40.9,1,40.95,1,1,2021-12-30 09:01:56
1640854916584645000,40.95,1,40.9,1,41.0,175,1,2021-12-30 09:01:56
1640854916638378000,40.9,1,40.85,33,41.0,175,2,2021-12-30 09:01:56
1640854916638378000,40.85,8,40.85,33,41.0,175,2,2021-12-30 09:01:56
1640854916952966000,40.9,1,40.85,33,41.0,175,1,2021-12-30 09:01:56
1640854917130046000,40.95,1,40.95,1,41.0,175,2,2021-12-30 09:01:57
1640854917255427000,40.95,1,40.85,33,40.95,99,2,2021-12-30 09:01:57
1640854917759626000,40.95,20,40.9,9,40.95,81,1,2021-12-30 09:01:57
1640854917792327000,40.9,1,40.9,8,40.95,81,2,2021-12-30 09:01:57
1640854918598728000,40.9,1,40.9,12,40.95,82,2,2021-12-30 09:01:58
1640854918834656000,40.95,1,40.9,12,40.95,81,1,2021-12-30 09:01:58
1640854919068396000,40.95,2,40.9,15,40.95,79,1,2021-12-30 09:01:59
1640854919104145000,40.95,1,40.9,15,40.95,78,1,2021-12-30 09:01:59
1640854919242240000,40.9,1,40.9,14,40.95,78,2,2021-12-30 09:01:59
1640854919996210000,40.95,1,40.9,15,40.95,78,1,2021-12-30 09:01:59
1640854920369551000,40.95,2,40.9,15,40.95,77,1,2021-12-30 09:02:00
1640854920447572000,40.95,1,40.9,15,40.95,76,1,2021-12-30 09:02:00
1640854920544154000,40.95,10,40.9,16,40.95,66,1,2021-12-30 09:02:00
1640854920840616000,40.9,4,40.9,12,40.95,66,2,2021-12-30 09:02:00
1640854920851967000,40.95,2,40.9,12,40.95,64,1,2021-12-30 09:02:00
1640854920877959000,40.9,1,40.9,11,40.95,64,2,2021-12-30 09:02:00
1640854920887376000,40.9,9,40.9,2,40.95,64,2,2021-12-30 09:02:00
1640854920922676000,40.9,1,40.9,1,40.95,65,2,2021-12-30 09:02:00
1640854920924564000,40.9,1,40.85,39,40.95,65,2,2021-12-30 09:02:00
1640854921106253000,40.95,1,40.9,2,40.95,64,1,2021-12-30 09:02:01
1640854921379042000,40.95,6,40.9,3,40.95,58,1,2021-12-30 09:02:01
1640854921667962000,40.95,1,40.9,4,40.95,57,1,2021-12-30 09:02:01
1640854922251398000,40.9,7,40.85,49,40.9,3,2,2021-12-30 09:02:02
1640854922529030000,40.9,3,40.9,7,40.95,59,1,2021-12-30 09:02:02
1640854922881468000,40.95,10,40.9,7,40.95,49,1,2021-12-30 09:02:02
1640854922977077000,40.9,1,40.9,6,40.95,53,2,2021-12-30 09:02:02
1640854923034960000,40.9,2,40.9,4,40.95,53,2,2021-12-30 09:02:03
1640854923136020000,40.9,4,40.85,49,40.9,46,2,2021-12-30 09:02:03
1640854923226479000,40.9,1,40.85,49,40.9,45,1,2021-12-30 09:02:03
1640854923546702000,40.9,1,40.85,49,40.9,44,1,2021-12-30 09:02:03
1640854923583501000,40.9,5,40.85,49,40.9,39,1,2021-12-30 09:02:03
1640854923890030000,40.9,1,40.85,49,40.9,38,1,2021-12-30 09:02:03
1640854923948142000,40.9,38,40.9,12,40.95,54,1,2021-12-30 09:02:03
1640854923966309000,40.95,1,40.9,12,40.95,53,1,2021-12-30 09:02:03
1640854923978680000,40.95,1,40.9,12,40.95,52,1,2021-12-30 09:02:03
1640854923984066000,40.9,1,40.9,11,40.95,52,2,2021-12-30 09:02:03
1640854924483491000,40.95,2,40.9,12,40.95,54,1,2021-12-30 09:02:04
1640854924735065000,40.9,5,40.9,7,40.95,54,2,2021-12-30 09:02:04
1640854924806989000,40.95,5,40.9,7,40.95,49,1,2021-12-30 09:02:04
1640854925033336000,40.9,1,40.9,6,40.95,49,2,2021-12-30 09:02:05
1640854925629632000,40.9,2,40.9,4,40.95,50,2,2021-12-30 09:02:05
1640854925800982000,40.9,1,40.9,3,40.95,50,2,2021-12-30 09:02:05
1640854925986184000,40.95,12,40.9,5,40.95,38,1,2021-12-30 09:02:05
1640854926558714000,40.9,1,40.9,4,40.95,39,2,2021-12-30 09:02:06
1640854926584323000,40.95,1,40.9,4,40.95,38,1,2021-12-30 09:02:06
1640854926924911000,40.95,2,40.9,5,40.95,36,1,2021-12-30 09:02:06
1640854927173717000,40.95,1,40.9,10,40.95,35,1,2021-12-30 09:02:07
1640854927312957000,40.95,1,40.9,10,40.95,34,1,2021-12-30 09:02:07
1640854927561191000,40.95,5,40.9,11,40.95,30,1,2021-12-30 09:02:07
1640854927765186000,40.9,1,40.9,11,40.95,30,2,2021-12-30 09:02:07
1640854928272230000,40.95,2,40.9,17,40.95,38,1,2021-12-30 09:02:08
1640854928850230000,40.95,2,40.9,20,40.95,43,1,2021-12-30 09:02:08
1640854928977131000,40.95,1,40.9,20,40.95,42,1,2021-12-30 09:02:08
1640854929278345000,40.9,6,40.9,20,40.95,43,2,2021-12-30 09:02:09
1640854929297940000,40.9,1,40.9,19,40.95,43,2,2021-12-30 09:02:09
1640854929473813000,40.95,31,40.9,19,40.95,12,1,2021-12-30 09:02:09
1640854929966507000,40.95,1,40.9,21,40.95,12,1,2021-12-30 09:02:09
1640854929999613000,40.9,20,40.9,1,40.95,12,2,2021-12-30 09:02:09
1640854930032899000,40.9,1,40.85,70,40.95,12,2,2021-12-30 09:02:10
1640854930157859000,40.85,3,40.85,67,40.9,1,2,2021-12-30 09:02:10
1640854930171728000,40.9,1,40.85,67,40.95,11,1,2021-12-30 09:02:10
1640854930171728000,40.95,1,40.85,67,40.95,11,1,2021-12-30 09:02:10
1640854930574955000,40.9,1,40.9,1,40.95,11,2,2021-12-30 09:02:10
1640854930999638000,40.95,2,40.9,16,40.95,9,1,2021-12-30 09:02:10
1640854931423729000,40.95,1,40.9,21,40.95,9,1,2021-12-30 09:02:11
1640854931469052000,40.95,1,40.9,21,40.95,8,1,2021-12-30 09:02:11
1640854931687982000,40.9,21,40.8,56,40.85,12,2,2021-12-30 09:02:11
1640854931687982000,40.85,67,40.8,56,40.85,12,2,2021-12-30 09:02:11
1640854931707957000,40.85,2,40.8,56,40.85,10,1,2021-12-30 09:02:11
1640854931725803000,40.8,1,40.8,54,40.85,10,2,2021-12-30 09:02:11
1640854931725820000,40.8,1,40.8,54,40.85,10,2,2021-12-30 09:02:11
1640854931737766000,40.8,1,40.8,53,40.85,10,2,2021-12-30 09:02:11
1640854931782362000,40.8,1,40.8,52,40.85,10,2,2021-12-30 09:02:11
1640854931917273000,40.8,13,40.8,39,40.85,10,2,2021-12-30 09:02:11
1640854931956697000,40.8,1,40.8,38,40.85,10,2,2021-12-30 09:02:11
1640854932001866000,40.85,2,40.8,38,40.85,8,1,2021-12-30 09:02:12
1640854932168524000,40.85,5,40.8,38,40.85,3,1,2021-12-30 09:02:12
1640854933396847000,40.85,2,40.8,38,40.85,1,1,2021-12-30 09:02:13
1640854933406362000,40.85,1,40.8,38,40.9,5,1,2021-12-30 09:02:13
1640854933480350000,40.9,1,40.85,1,40.9,4,1,2021-12-30 09:02:13
1640854934228622000,40.85,1,40.8,38,40.9,4,2,2021-12-30 09:02:14
1640854934587903000,40.9,4,40.8,38,40.9,1,1,2021-12-30 09:02:14
1640854934864080000,40.8,2,40.8,36,40.9,1,2,2021-12-30 09:02:14
1640854936039342000,40.85,1,40.8,34,40.9,1,2,2021-12-30 09:02:16
1640854936039342000,40.8,3,40.8,34,40.9,1,2,2021-12-30 09:02:16
1640854937519943000,40.9,3,40.8,34,40.9,2,1,2021-12-30 09:02:17
1640854938182843000,40.9,2,40.8,35,41.0,204,1,2021-12-30 09:02:18
1640854938182843000,40.95,48,40.8,35,41.0,204,1,2021-12-30 09:02:18
1640854938789885000,40.9,1,40.9,34,41.0,204,1,2021-12-30 09:02:18
1640854940052896000,40.95,1,40.9,34,40.95,2,1,2021-12-30 09:02:20
1640854940564685000,40.95,2,40.9,34,41.0,216,1,2021-12-30 09:02:20
1640854940564685000,41.0,8,40.9,34,41.0,216,1,2021-12-30 09:02:20
1640854940617282000,41.0,10,40.9,34,41.0,206,1,2021-12-30 09:02:20
1640854941045992000,41.0,1,40.9,34,41.0,205,1,2021-12-30 09:02:21
1640854941676786000,41.0,2,40.95,22,41.0,203,1,2021-12-30 09:02:21
1640854941771682000,41.0,1,40.95,25,41.0,202,1,2021-12-30 09:02:21
1640854942115952000,40.95,2,40.95,26,41.0,202,2,2021-12-30 09:02:22
1640854942810160000,41.0,3,40.95,26,41.0,200,1,2021-12-30 09:02:22
1640854942935896000,40.95,1,40.95,25,41.0,200,2,2021-12-30 09:02:22
1640854942963159000,40.95,1,40.95,24,41.0,202,2,2021-12-30 09:02:22
1640854943009444000,41.0,2,40.95,24,41.0,200,1,2021-12-30 09:02:23
1640854943175578000,41.0,3,40.95,24,41.0,197,1,2021-12-30 09:02:23
1640854943563958000,40.95,1,40.95,23,41.0,197,2,2021-12-30 09:02:23
1640854943589769000,40.95,1,40.95,22,41.0,197,2,2021-12-30 09:02:23
1640854944047846000,40.95,3,40.95,19,41.0,197,2,2021-12-30 09:02:24
1640854944125479000,40.95,10,40.95,9,41.0,197,2,2021-12-30 09:02:24
1640854944252395000,40.95,1,40.95,8,41.0,197,2,2021-12-30 09:02:24
1640854944287939000,40.95,8,40.9,35,41.0,197,2,2021-12-30 09:02:24
1640854944435015000,40.95,1,40.95,1,41.0,197,1,2021-12-30 09:02:24
1640854944467042000,40.95,1,40.9,35,41.0,197,2,2021-12-30 09:02:24
1640854944694196000,40.9,2,40.9,33,41.0,197,2,2021-12-30 09:02:24
1640854945093757000,40.95,1,40.9,33,40.95,1,1,2021-12-30 09:02:25
1640854945218131000,40.9,2,40.9,31,40.95,1,2,2021-12-30 09:02:25
1640854945661707000,40.95,1,40.9,31,40.95,1,1,2021-12-30 09:02:25
1640854945729626000,40.9,31,40.85,1,40.95,1,2,2021-12-30 09:02:25
1640854945729626000,40.85,4,40.85,1,40.95,1,2,2021-12-30 09:02:25
1640854945812809000,40.85,1,40.8,51,40.95,2,2,2021-12-30 09:02:25
1640854945966852000,40.9,1,40.8,51,40.95,3,1,2021-12-30 09:02:25
1640854946520861000,40.9,5,40.8,51,40.95,30,2,2021-12-30 09:02:26
1640854946775991000,40.8,1,40.8,50,40.95,30,2,2021-12-30 09:02:26
1640854947117294000,40.9,1,40.8,51,40.95,30,2,2021-12-30 09:02:27
1640854947136746000,40.95,5,40.8,51,40.95,25,1,2021-12-30 09:02:27
1640854947255828000,40.95,1,40.8,51,40.95,24,1,2021-12-30 09:02:27
1640854947320904000,40.95,5,40.8,51,40.95,19,1,2021-12-30 09:02:27
1640854947436840000,40.95,1,40.9,20,40.95,19,1,2021-12-30 09:02:27
1640854948121487000,40.95,2,40.9,20,40.95,24,1,2021-12-30 09:02:28
1640854948349084000,40.95,5,40.9,20,40.95,22,1,2021-12-30 09:02:28
1640854948989190000,40.9,2,40.9,18,40.95,22,2,2021-12-30 09:02:28
1640854949839353000,40.95,3,40.9,18,40.95,19,1,2021-12-30 09:02:29
1640854950306096000,40.9,5,40.9,13,40.95,19,2,2021-12-30 09:02:30
1640854951128488000,40.9,1,40.9,14,40.95,21,2,2021-12-30 09:02:31
1640854951269309000,40.9,1,40.9,13,40.95,21,2,2021-12-30 09:02:31
1640854951801932000,40.95,1,40.9,18,40.95,20,1,2021-12-30 09:02:31
1640854952646852000,40.95,1,40.9,19,40.95,21,1,2021-12-30 09:02:32
1640854952890244000,40.95,1,40.9,19,40.95,20,1,2021-12-30 09:02:32
1640854953673473000,40.95,5,40.9,22,40.95,18,1,2021-12-30 09:02:33
1640854953752316000,40.95,5,40.9,22,40.95,15,1,2021-12-30 09:02:33
1640854954006413000,40.9,14,40.9,9,40.95,15,2,2021-12-30 09:02:34
1640854954391822000,40.9,5,40.9,14,40.95,15,2,2021-12-30 09:02:34
1640854954438547000,40.95,1,40.9,14,40.95,14,1,2021-12-30 09:02:34
1640854955138601000,40.9,2,40.9,12,40.95,25,2,2021-12-30 09:02:35
1640854955326009000,40.9,1,40.9,11,40.95,25,2,2021-12-30 09:02:35
1640854955685284000,40.9,1,40.9,11,40.95,26,2,2021-12-30 09:02:35
1640854955719501000,40.9,1,40.9,10,40.95,26,2,2021-12-30 09:02:35
1640854956866329000,40.95,1,40.9,12,40.95,31,1,2021-12-30 09:02:36
1640854956905809000,40.95,1,40.9,12,40.95,30,1,2021-12-30 09:02:36
1640854957802901000,40.95,15,40.9,12,40.95,16,1,2021-12-30 09:02:37
1640854958445682000,40.9,1,40.9,11,40.95,20,2,2021-12-30 09:02:38
1640854958992331000,40.95,1,40.9,21,40.95,20,1,2021-12-30 09:02:38
1640854959010577000,40.95,3,40.9,21,40.95,17,1,2021-12-30 09:02:39
1640854959050595000,40.95,17,40.9,21,41.0,181,1,2021-12-30 09:02:39
1640854959050595000,41.0,33,40.9,21,41.0,181,1,2021-12-30 09:02:39
1640854959432216000,40.95,2,40.95,22,41.0,181,2,2021-12-30 09:02:39
1640854959467768000,40.95,22,40.9,21,41.0,181,2,2021-12-30 09:02:39
1640854959826373000,40.95,2,40.95,8,41.0,182,1,2021-12-30 09:02:39
1640854959883189000,40.95,8,40.9,21,40.95,2,2,2021-12-30 09:02:39
1640854959906270000,40.95,1,40.9,21,41.0,182,1,2021-12-30 09:02:39
1640854959906408000,40.95,1,40.9,21,41.0,182,1,2021-12-30 09:02:39
1640854959907583000,40.9,1,40.9,20,41.0,182,2,2021-12-30 09:02:39
1640854960189845000,40.95,5,40.9,6,41.0,182,2,2021-12-30 09:02:40
1640854960189845000,40.9,15,40.9,6,41.0,182,2,2021-12-30 09:02:40
1640854961757099000,40.9,1,40.9,8,40.95,13,2,2021-12-30 09:02:41
1640854962120743000,40.9,5,40.9,5,40.95,15,2,2021-12-30 09:02:42
1640854963076664000,40.9,2,40.9,4,40.95,17,2,2021-12-30 09:02:43
1640854963363296000,40.95,5,40.9,8,40.95,12,1,2021-12-30 09:02:43
1640854963555699000,40.95,14,40.95,186,41.0,195,1,2021-12-30 09:02:43
1640854963684091000,40.95,4,40.95,193,41.0,195,2,2021-12-30 09:02:43
1640854963700122000,41.0,2,40.95,193,41.0,193,1,2021-12-30 09:02:43
1640854964532992000,40.95,5,40.95,200,41.0,193,2,2021-12-30 09:02:44
1640854966003078000,40.95,10,40.95,190,41.0,201,2,2021-12-30 09:02:46
1640854967123212000,41.0,2,40.95,190,41.0,199,1,2021-12-30 09:02:47
1640854967598322000,41.0,5,40.95,205,41.0,194,1,2021-12-30 09:02:47
1640854967758185000,41.0,2,40.95,205,41.0,192,1,2021-12-30 09:02:47
1640854967813432000,40.95,2,40.95,203,41.0,190,2,2021-12-30 09:02:47
1640854968147842000,40.95,5,40.95,201,41.0,190,2,2021-12-30 09:02:48
1640854968422398000,41.0,1,40.95,202,41.0,192,1,2021-12-30 09:02:48
1640854968512037000,40.95,1,40.95,202,41.0,192,2,2021-12-30 09:02:48
1640854968660123000,40.95,1,40.95,201,41.0,192,2,2021-12-30 09:02:48
1640854968666027000,40.95,20,40.95,181,41.0,192,2,2021-12-30 09:02:48
1640854969148998000,40.95,1,40.95,180,41.0,193,2,2021-12-30 09:02:49
1640854969199951000,41.0,1,40.95,180,41.0,192,1,2021-12-30 09:02:49
1640854969407137000,41.0,2,40.95,183,41.0,190,1,2021-12-30 09:02:49
1640854969420875000,40.95,1,40.95,182,41.0,190,2,2021-12-30 09:02:49
1640854969987612000,41.0,10,40.95,182,41.0,180,1,2021-12-30 09:02:49
1640854971073747000,41.0,1,40.95,182,41.0,180,1,2021-12-30 09:02:51
1640854971922238000,40.95,28,40.95,155,41.0,180,2,2021-12-30 09:02:51
1640854972104411000,40.95,2,40.95,153,41.0,181,2,2021-12-30 09:02:52
1640854972541930000,41.0,10,40.95,143,41.0,196,1,2021-12-30 09:02:52
1640854972739344000,41.0,3,40.95,143,41.0,201,1,2021-12-30 09:02:52
1640854973020123000,41.0,2,40.95,143,41.0,199,1,2021-12-30 09:02:53
1640854973165971000,41.0,5,40.95,143,41.0,194,1,2021-12-30 09:02:53
1640854973209159000,41.0,3,40.95,143,41.0,191,1,2021-12-30 09:02:53
1640854973759980000,40.95,1,40.95,142,41.0,191,2,2021-12-30 09:02:53
1640854973926264000,41.0,1,40.95,142,41.0,190,1,2021-12-30 09:02:53
1640854974058769000,41.0,1,40.95,143,41.0,189,1,2021-12-30 09:02:54
1640854975026880000,41.0,1,40.95,144,41.0,188,1,2021-12-30 09:02:55
1640854975379374000,41.0,3,40.95,144,41.0,186,1,2021-12-30 09:02:55
1640854975789056000,41.0,1,40.95,144,41.0,185,1,2021-12-30 09:02:55
1640854975945531000,41.0,1,40.95,144,41.0,184,1,2021-12-30 09:02:55
1640854976014639000,40.95,20,40.95,124,41.0,184,2,2021-12-30 09:02:56
1640854976060230000,40.95,1,40.95,123,41.0,184,2,2021-12-30 09:02:56
1640854976098806000,40.95,1,40.95,122,41.0,184,2,2021-12-30 09:02:56
1640854976501894000,41.0,5,40.95,122,41.0,179,1,2021-12-30 09:02:56
1640854976892218000,41.0,1,40.95,123,41.0,178,1,2021-12-30 09:02:56
1640854977623236000,41.0,2,40.95,123,41.0,176,1,2021-12-30 09:02:57
1640854978315179000,41.0,1,40.95,123,41.0,179,1,2021-12-30 09:02:58
1640854978870494000,40.95,1,40.95,157,41.0,181,2,2021-12-30 09:02:58
1640854979066375000,41.0,50,40.95,158,41.0,131,1,2021-12-30 09:02:59
1640854979104287000,41.0,2,40.95,158,41.0,129,1,2021-12-30 09:02:59
1640854979135089000,41.0,2,40.95,158,41.0,127,1,2021-12-30 09:02:59
1640854979245967000,40.95,20,40.95,139,41.0,127,2,2021-12-30 09:02:59
1640854979282044000,40.95,1,40.95,138,41.0,127,2,2021-12-30 09:02:59
1640854979536129000,41.0,1,40.95,139,41.0,126,1,2021-12-30 09:02:59
1640854981158829000,40.95,1,40.95,140,41.0,135,2,2021-12-30 09:03:01
1640854981510708000,40.95,1,40.95,138,41.0,135,2,2021-12-30 09:03:01
1640854981663634000,40.95,6,40.95,132,41.0,135,2,2021-12-30 09:03:01
1640854982140848000,41.0,2,40.95,132,41.0,133,1,2021-12-30 09:03:02
1640854982267559000,40.95,26,40.95,106,41.0,133,2,2021-12-30 09:03:02
1640854982301310000,40.95,1,40.95,105,41.0,133,2,2021-12-30 09:03:02
1640854982953025000,41.0,2,40.95,100,41.0,133,1,2021-12-30 09:03:02
1640854983873823000,40.95,1,40.95,100,41.0,134,2,2021-12-30 09:03:03
1640854984236100000,40.95,1,40.95,100,41.0,135,2,2021-12-30 09:03:04
1640854984258642000,41.0,1,40.95,100,41.0,134,1,2021-12-30 09:03:04
1640854984893724000,40.95,3,40.95,100,41.0,137,2,2021-12-30 09:03:04
1640854985531210000,40.95,1,40.95,102,41.0,137,2,2021-12-30 09:03:05
1640854986138432000,41.0,1,40.95,103,41.0,136,1,2021-12-30 09:03:06
1640854986511486000,40.95,1,40.95,102,41.0,137,2,2021-12-30 09:03:06
1640854986699285000,41.0,1,40.95,103,41.0,136,1,2021-12-30 09:03:06
1640854986713228000,40.95,2,40.95,101,41.0,136,2,2021-12-30 09:03:06
1640854986848057000,40.95,1,40.95,100,41.0,136,2,2021-12-30 09:03:06
1640854987161578000,40.95,1,40.95,99,41.0,136,2,2021-12-30 09:03:07
1640854987344426000,40.95,100,40.95,4,41.0,136,2,2021-12-30 09:03:07
1640854987378929000,40.95,4,40.85,51,41.0,136,2,2021-12-30 09:03:07
1640854987378929000,40.9,26,40.85,51,41.0,136,2,2021-12-30 09:03:07
1640854987418316000,40.95,1,40.85,56,40.95,3,1,2021-12-30 09:03:07
1640854987581506000,40.9,4,40.85,56,40.9,5,1,2021-12-30 09:03:07
1640854987648816000,40.9,1,40.85,58,40.9,4,1,2021-12-30 09:03:07
1640854987743986000,40.9,4,40.9,1,40.95,3,1,2021-12-30 09:03:07
1640854987864247000,40.95,1,40.9,1,40.95,2,1,2021-12-30 09:03:07
1640854987927928000,40.9,1,40.85,58,40.95,2,2,2021-12-30 09:03:07
1640854988521570000,40.95,4,40.85,53,40.95,13,1,2021-12-30 09:03:08
1640854989137204000,40.85,2,40.85,51,40.95,17,2,2021-12-30 09:03:09
1640854989141961000,40.85,24,40.85,27,40.95,17,2,2021-12-30 09:03:09
1640854989253361000,40.9,2,40.85,25,40.95,17,1,2021-12-30 09:03:09
1640854989253361000,40.95,3,40.85,25,40.95,17,1,2021-12-30 09:03:09
1640854989399205000,40.9,1,40.85,25,40.95,13,1,2021-12-30 09:03:09
1640854989399205000,40.95,4,40.85,25,40.95,13,1,2021-12-30 09:03:09
1640854990047530000,40.85,10,40.85,15,40.95,27,2,2021-12-30 09:03:10
1640854990076432000,40.95,5,40.85,15,40.95,22,1,2021-12-30 09:03:10
1640854990085174000,40.85,8,40.85,7,40.95,22,2,2021-12-30 09:03:10
1640854990575547000,40.9,1,40.85,7,40.95,43,1,2021-12-30 09:03:10
1640854990575547000,40.95,1,40.85,7,40.95,43,1,2021-12-30 09:03:10
1640854991496865000,40.85,1,40.85,6,40.95,48,2,2021-12-30 09:03:11
1640854991896354000,40.95,2,40.85,6,40.95,53,1,2021-12-30 09:03:11
1640854992988380000,40.95,10,40.85,7,40.95,53,1,2021-12-30 09:03:12
1640854994224462000,40.85,2,40.85,6,40.9,1,2,2021-12-30 09:03:14
1640854995142023000,40.9,2,40.85,8,40.9,3,1,2021-12-30 09:03:15
1640854995673540000,40.85,1,40.85,7,40.9,3,2,2021-12-30 09:03:15
1640854995958407000,40.85,1,40.85,7,40.9,3,2,2021-12-30 09:03:15
1640854996826570000,40.9,1,40.85,7,40.9,42,1,2021-12-30 09:03:16
1640854996872530000,40.9,1,40.85,7,40.9,41,1,2021-12-30 09:03:16
1640854997401961000,40.85,3,40.85,14,40.9,44,2,2021-12-30 09:03:17
1640854997892926000,40.85,5,40.85,9,40.9,54,2,2021-12-30 09:03:17
1640854997921463000,40.85,9,40.8,82,40.9,54,2,2021-12-30 09:03:17
1640854998324059000,40.85,1,40.8,77,40.9,55,1,2021-12-30 09:03:18
1640854998757340000,40.9,5,40.8,77,40.9,56,1,2021-12-30 09:03:18
1640854999152243000,40.8,18,40.8,59,40.9,57,2,2021-12-30 09:03:19
1640854999204436000,40.85,2,40.8,59,40.9,57,1,2021-12-30 09:03:19
1640854999223233000,40.8,1,40.8,58,40.9,57,2,2021-12-30 09:03:19
1640854999475989000,40.8,1,40.8,57,40.85,1,2,2021-12-30 09:03:19
1640854999734228000,40.85,1,40.8,57,40.9,58,1,2021-12-30 09:03:19
1640854999976250000,40.9,1,40.8,57,40.9,57,1,2021-12-30 09:03:19
1640855000068249000,40.8,1,40.8,56,40.9,57,2,2021-12-30 09:03:20
1640855000296293000,40.8,56,40.7,84,40.75,4,2,2021-12-30 09:03:20
1640855000296293000,40.75,40,40.7,84,40.75,4,2,2021-12-30 09:03:20
1640855000328535000,40.75,2,40.7,84,40.75,2,1,2021-12-30 09:03:20
1640855000333229000,40.7,1,40.7,83,40.75,4,2,2021-12-30 09:03:20
1640855000382362000,40.7,1,40.7,83,40.75,4,2,2021-12-30 09:03:20
1640855000598110000,40.75,2,40.7,83,40.75,2,1,2021-12-30 09:03:20
1640855000755245000,40.75,1,40.7,82,40.75,1,1,2021-12-30 09:03:20
1640855001519771000,40.75,1,40.7,82,40.85,20,1,2021-12-30 09:03:21
1640855001579183000,40.7,1,40.7,81,40.85,26,2,2021-12-30 09:03:21
1640855001868223000,40.85,2,40.8,16,40.85,24,1,2021-12-30 09:03:21
1640855001893915000,40.8,8,40.7,81,40.85,24,2,2021-12-30 09:03:21
1640855001893936000,40.8,8,40.7,81,40.85,24,2,2021-12-30 09:03:21
1640855001957994000,40.8,1,40.7,81,40.85,24,2,2021-12-30 09:03:21
1640855002189122000,40.7,3,40.7,68,40.85,25,2,2021-12-30 09:03:22
1640855004371504000,40.8,1,40.7,73,40.85,26,1,2021-12-30 09:03:24
1640855004371504000,40.85,2,40.7,73,40.85,26,1,2021-12-30 09:03:24
1640855004382380000,40.7,5,40.7,68,40.85,26,2,2021-12-30 09:03:24
1640855004496836000,40.7,1,40.7,67,40.85,26,2,2021-12-30 09:03:24
1640855004798799000,40.8,1,40.7,67,40.85,25,1,2021-12-30 09:03:24
1640855004798799000,40.85,1,40.7,67,40.85,25,1,2021-12-30 09:03:24
1640855005236944000,40.8,3,40.7,68,40.8,2,1,2021-12-30 09:03:25
1640855005465151000,40.7,2,40.7,66,40.8,3,2,2021-12-30 09:03:25
1640855006182267000,40.7,1,40.7,65,40.8,5,2,2021-12-30 09:03:26
1640855007103676000,40.7,13,40.7,52,40.8,5,2,2021-12-30 09:03:27
1640855007341246000,40.7,20,40.7,32,40.8,5,2,2021-12-30 09:03:27
1640855007374443000,40.7,32,40.65,12,40.8,5,2,2021-12-30 09:03:27
1640855007426704000,40.65,1,40.65,11,40.75,1,2,2021-12-30 09:03:27
1640855007495175000,40.65,11,40.6,67,40.65,9,2,2021-12-30 09:03:27
1640855007521331000,40.65,4,40.6,67,40.65,5,1,2021-12-30 09:03:27
1640855007532125000,40.6,1,40.6,66,40.65,5,2,2021-12-30 09:03:27
1640855007776487000,40.6,1,40.6,65,40.65,5,2,2021-12-30 09:03:27
1640855007894952000,40.65,1,40.6,65,40.65,5,1,2021-12-30 09:03:27
1640855007926593000,40.65,3,40.6,65,40.65,2,1,2021-12-30 09:03:27
1640855007969267000,40.65,2,40.6,65,40.7,1,1,2021-12-30 09:03:27
1640855008318203000,40.6,1,40.6,64,40.7,3,2,2021-12-30 09:03:28
1640855008585504000,40.6,1,40.6,63,40.7,3,2,2021-12-30 09:03:28
1640855009169609000,40.6,10,40.6,53,40.65,5,2,2021-12-30 09:03:29
1640855009323459000,40.65,4,40.6,53,40.65,1,1,2021-12-30 09:03:29
1640855011666173000,40.6,8,40.6,45,40.65,2,2,2021-12-30 09:03:31
1640855012588167000,40.6,2,40.6,44,40.65,2,2,2021-12-30 09:03:32
1640855012589936000,40.6,1,40.6,43,40.65,2,2,2021-12-30 09:03:32
1640855012695511000,40.6,20,40.6,23,40.65,3,2,2021-12-30 09:03:32
1640855012731635000,40.6,1,40.6,22,40.65,3,2,2021-12-30 09:03:32
1640855012738887000,40.6,5,40.6,17,40.65,3,2,2021-12-30 09:03:32
1640855013079890000,40.6,1,40.6,16,40.65,4,2,2021-12-30 09:03:33
1640855013700500000,40.6,1,40.6,15,40.65,6,2,2021-12-30 09:03:33
1640855013779963000,40.6,1,40.6,14,40.65,6,2,2021-12-30 09:03:33
1640855013789647000,40.65,1,40.6,14,40.65,5,1,2021-12-30 09:03:33
1640855013838761000,40.6,15,40.5,102,40.55,39,2,2021-12-30 09:03:33
1640855013838761000,40.55,46,40.5,102,40.55,39,2,2021-12-30 09:03:33
1640855013869901000,40.55,6,40.5,102,40.55,33,1,2021-12-30 09:03:33
1640855013870845000,40.5,1,40.5,101,40.55,33,2,2021-12-30 09:03:33
1640855013871753000,40.5,1,40.5,100,40.55,33,2,2021-12-30 09:03:33
1640855013873116000,40.5,1,40.5,99,40.55,33,2,2021-12-30 09:03:33
1640855014276860000,40.5,5,40.5,93,40.55,33,2,2021-12-30 09:03:34
1640855014645281000,40.55,2,40.5,83,40.55,31,1,2021-12-30 09:03:34
1640855014719721000,40.55,1,40.5,83,40.55,30,1,2021-12-30 09:03:34
1640855016582535000,40.55,1,40.5,83,40.55,29,1,2021-12-30 09:03:36
1640855016673057000,40.5,1,40.5,82,40.55,29,2,2021-12-30 09:03:36
1640855017588066000,40.5,1,40.5,81,40.55,29,2,2021-12-30 09:03:37
1640855018048755000,40.55,1,40.5,81,40.55,28,1,2021-12-30 09:03:38
1640855018527142000,40.5,20,40.5,61,40.55,28,2,2021-12-30 09:03:38
1640855018559584000,40.5,1,40.5,60,40.55,28,2,2021-12-30 09:03:38
1640855018989733000,40.5,1,40.5,64,40.55,28,2,2021-12-30 09:03:38
1640855019607591000,40.5,1,40.5,63,40.55,28,2,2021-12-30 09:03:39
1640855019850117000,40.5,2,40.5,66,40.55,28,2,2021-12-30 09:03:39
1640855019930991000,40.5,10,40.5,56,40.55,28,2,2021-12-30 09:03:39
1640855019950485000,40.5,1,40.5,55,40.55,28,2,2021-12-30 09:03:39
1640855020524333000,40.5,10,40.5,46,40.55,28,2,2021-12-30 09:03:40
1640855020545899000,40.5,1,40.5,45,40.55,28,2,2021-12-30 09:03:40
1640855020564530000,40.5,1,40.5,44,40.55,28,2,2021-12-30 09:03:40
1640855020948564000,40.5,3,40.5,42,40.55,28,2,2021-12-30 09:03:40
1640855020989440000,40.5,3,40.5,39,40.55,28,2,2021-12-30 09:03:40
1640855021688067000,40.5,3,40.5,36,40.55,28,2,2021-12-30 09:03:41
1640855021954633000,40.5,5,40.5,31,40.55,28,2,2021-12-30 09:03:41
1640855022160748000,40.5,1,40.5,30,40.55,29,2,2021-12-30 09:03:42
1640855022414848000,40.5,3,40.5,27,40.55,29,2,2021-12-30 09:03:42
1640855022499004000,40.55,1,40.5,27,40.55,28,1,2021-12-30 09:03:42
1640855022648599000,40.5,9,40.5,18,40.55,28,2,2021-12-30 09:03:42
1640855022813253000,40.5,1,40.5,17,40.55,28,2,2021-12-30 09:03:42
1640855022821833000,40.55,5,40.5,17,40.55,23,1,2021-12-30 09:03:42
1640855023274213000,40.5,10,40.5,8,40.55,23,2,2021-12-30 09:03:43
1640855023339866000,40.5,1,40.5,7,40.55,23,2,2021-12-30 09:03:43
1640855023468016000,40.5,1,40.5,6,40.55,23,2,2021-12-30 09:03:43
1640855023842965000,40.5,1,40.5,5,40.55,23,2,2021-12-30 09:03:43
1640855024084721000,40.5,1,40.5,4,40.55,25,2,2021-12-30 09:03:44
1640855024109828000,40.5,4,40.45,24,40.5,20,2,2021-12-30 09:03:44
1640855024500276000,40.45,3,40.45,21,40.5,22,2,2021-12-30 09:03:44
1640855024526528000,40.45,1,40.45,20,40.5,22,2,2021-12-30 09:03:44
1640855024623413000,40.45,9,40.45,11,40.5,22,2,2021-12-30 09:03:44
1640855025132820000,40.45,1,40.45,10,40.5,37,2,2021-12-30 09:03:45
1640855025883846000,40.5,2,40.45,10,40.5,36,1,2021-12-30 09:03:45
1640855025981444000,40.45,1,40.45,9,40.5,36,2,2021-12-30 09:03:45
1640855026905001000,40.45,1,40.45,8,40.5,40,2,2021-12-30 09:03:46
1640855026961115000,40.45,8,40.4,17,40.5,40,2,2021-12-30 09:03:46
1640855027037150000,40.45,1,40.4,22,40.5,40,1,2021-12-30 09:03:47
1640855027890540000,40.45,2,40.4,22,40.5,40,1,2021-12-30 09:03:47
1640855029332819000,40.45,1,40.4,22,40.45,3,1,2021-12-30 09:03:49
1640855029435730000,40.4,1,40.4,21,40.45,3,2,2021-12-30 09:03:49
1640855029663829000,40.45,3,40.4,21,40.5,40,1,2021-12-30 09:03:49
1640855029730888000,40.4,1,40.4,20,40.5,40,2,2021-12-30 09:03:49
1640855030207787000,40.45,1,40.4,20,40.5,41,2,2021-12-30 09:03:50
1640855030456008000,40.45,1,40.45,4,40.5,43,2,2021-12-30 09:03:50
1640855030543710000,40.45,3,40.45,1,40.5,53,2,2021-12-30 09:03:50
1640855031300561000,40.45,1,40.45,1,40.5,63,2,2021-12-30 09:03:51
1640855031330070000,40.45,1,40.4,20,40.45,9,2,2021-12-30 09:03:51
1640855031630041000,40.45,2,40.4,20,40.45,7,1,2021-12-30 09:03:51
1640855031669224000,40.4,1,40.4,19,40.45,7,2,2021-12-30 09:03:51
1640855032012296000,40.45,7,40.4,19,40.5,37,1,2021-12-30 09:03:52
1640855032012296000,40.5,26,40.4,19,40.5,37,1,2021-12-30 09:03:52
1640855032093368000,40.4,19,40.35,17,40.5,37,2,2021-12-30 09:03:52
1640855032093368000,40.35,1,40.35,17,40.5,37,2,2021-12-30 09:03:52
1640855032312857000,40.35,10,40.35,12,40.45,2,2,2021-12-30 09:03:52
1640855032427167000,40.45,1,40.35,12,40.45,2,1,2021-12-30 09:03:52
1640855032540241000,40.35,1,40.35,11,40.45,2,2,2021-12-30 09:03:52
1640855033117940000,40.45,2,40.35,11,40.5,39,1,2021-12-30 09:03:53
1640855033690395000,40.45,1,40.4,13,40.5,39,1,2021-12-30 09:03:53
1640855034307395000,40.4,1,40.4,13,40.5,39,2,2021-12-30 09:03:54
1640855034817481000,40.4,1,40.4,12,40.45,1,2,2021-12-30 09:03:54
1640855034898108000,40.45,1,40.4,12,40.5,39,1,2021-12-30 09:03:54
1640855034957652000,40.4,1,40.4,11,40.5,39,2,2021-12-30 09:03:54
1640855035158601000,40.45,1,40.4,9,40.5,39,2,2021-12-30 09:03:55
1640855035158601000,40.4,2,40.4,9,40.5,39,2,2021-12-30 09:03:55
1640855036386284000,40.4,20,40.35,12,40.4,10,2,2021-12-30 09:03:56
1640855037262495000,40.4,3,40.35,12,40.4,12,1,2021-12-30 09:03:57
1640855037399013000,40.4,2,40.35,12,40.4,11,1,2021-12-30 09:03:57
1640855037955025000,40.35,1,40.35,12,40.4,11,2,2021-12-30 09:03:57
1640855037967321000,40.35,10,40.35,2,40.4,11,2,2021-12-30 09:03:57
1640855037981934000,40.35,1,40.35,1,40.4,11,2,2021-12-30 09:03:57
1640855038785789000,40.35,1,40.3,71,40.35,19,2,2021-12-30 09:03:58
1640855038804915000,40.35,2,40.3,71,40.35,17,1,2021-12-30 09:03:58
1640855039807135000,40.35,1,40.3,60,40.35,16,1,2021-12-30 09:03:59
1640855039834553000,40.3,1,40.3,59,40.35,16,2,2021-12-30 09:03:59
1640855039885755000,40.3,10,40.3,49,40.35,16,2,2021-12-30 09:03:59
1640855040168147000,40.35,10,40.3,49,40.35,10,1,2021-12-30 09:04:00
1640855040182963000,40.3,10,40.3,39,40.35,10,2,2021-12-30 09:04:00
1640855040217033000,40.3,1,40.3,37,40.35,10,2,2021-12-30 09:04:00
1640855040217110000,40.3,1,40.3,37,40.35,10,2,2021-12-30 09:04:00
1640855041541918000,40.35,3,40.3,37,40.35,8,1,2021-12-30 09:04:01
1640855041569487000,40.3,37,40.25,7,40.35,8,2,2021-12-30 09:04:01
1640855041625492000,40.25,1,40.25,6,40.35,9,2,2021-12-30 09:04:01
1640855041921471000,40.35,1,40.25,6,40.35,8,1,2021-12-30 09:04:01
1640855042615732000,40.25,1,40.25,5,40.35,8,2,2021-12-30 09:04:02
1640855042673258000,40.35,1,40.25,5,40.35,7,1,2021-12-30 09:04:02
1640855043507719000,40.3,1,40.25,5,40.35,7,1,2021-12-30 09:04:03
1640855043572128000,40.25,1,40.25,9,40.35,7,2,2021-12-30 09:04:03
1640855043899936000,40.3,2,40.25,9,40.3,18,1,2021-12-30 09:04:03
1640855043954750000,40.3,18,40.25,9,40.35,5,1,2021-12-30 09:04:03
1640855043954750000,40.35,2,40.25,9,40.35,5,1,2021-12-30 09:04:03
1640855045141718000,40.25,1,40.25,8,40.3,4,2,2021-12-30 09:04:05
1640855045744567000,40.3,6,40.25,10,40.35,3,1,2021-12-30 09:04:05
1640855045744567000,40.35,4,40.25,10,40.35,3,1,2021-12-30 09:04:05
1640855045829665000,40.25,5,40.25,5,40.35,4,2,2021-12-30 09:04:05
1640855046279024000,40.25,2,40.2,23,40.3,2,2,2021-12-30 09:04:06
1640855046499435000,40.3,1,40.2,23,40.3,1,1,2021-12-30 09:04:06
1640855047073755000,40.2,2,40.2,21,40.3,1,2,2021-12-30 09:04:07
1640855047552576000,40.3,1,40.2,21,40.35,4,1,2021-12-30 09:04:07
1640855047552576000,40.35,1,40.2,21,40.35,4,1,2021-12-30 09:04:07
1640855047701467000,40.35,4,40.35,1,40.4,28,1,2021-12-30 09:04:07
1640855047728881000,40.35,1,40.2,21,40.4,28,2,2021-12-30 09:04:07
1640855048868495000,40.25,2,40.2,21,40.3,1,1,2021-12-30 09:04:08
1640855049588546000,40.3,2,40.2,21,40.4,21,1,2021-12-30 09:04:09
1640855049588546000,40.35,3,40.2,21,40.4,21,1,2021-12-30 09:04:09
1640855049588546000,40.4,5,40.2,21,40.4,21,1,2021-12-30 09:04:09
1640855049711544000,40.2,2,40.2,19,40.4,21,2,2021-12-30 09:04:09
1640855049779431000,40.2,19,40.15,17,40.4,21,2,2021-12-30 09:04:09
1640855049779431000,40.15,1,40.15,17,40.4,21,2,2021-12-30 09:04:09
1640855050303624000,40.3,4,40.3,71,40.4,21,2,2021-12-30 09:04:10
1640855050560464000,40.3,10,40.3,61,40.35,1,2,2021-12-30 09:04:10
1640855050592651000,40.3,1,40.3,60,40.35,1,2,2021-12-30 09:04:10
1640855050594642000,40.3,1,40.3,59,40.35,1,2,2021-12-30 09:04:10
1640855050705008000,40.3,3,40.3,56,40.35,1,2,2021-12-30 09:04:10
1640855050844175000,40.3,5,40.3,51,40.35,2,2,2021-12-30 09:04:10
1640855051599456000,40.3,2,40.3,49,40.35,2,2,2021-12-30 09:04:11
1640855051946450000,40.3,1,40.3,48,40.35,3,2,2021-12-30 09:04:11
1640855052374704000,40.3,1,40.3,47,40.35,3,2,2021-12-30 09:04:12
1640855052907879000,40.35,3,40.3,47,40.4,14,1,2021-12-30 09:04:12
1640855052907879000,40.4,7,40.3,47,40.4,14,1,2021-12-30 09:04:12
1640855052968486000,40.3,1,40.3,46,40.4,14,2,2021-12-30 09:04:12
1640855053183699000,40.3,1,40.3,45,40.4,14,2,2021-12-30 09:04:13
1640855053532890000,40.3,1,40.3,44,40.4,14,2,2021-12-30 09:04:13
1640855053956813000,40.3,1,40.3,43,40.4,14,2,2021-12-30 09:04:13
1640855054098425000,40.3,1,40.3,42,40.4,14,2,2021-12-30 09:04:14
1640855054178957000,40.3,5,40.3,37,40.4,14,2,2021-12-30 09:04:14
1640855054322524000,40.4,1,40.3,41,40.4,13,1,2021-12-30 09:04:14
1640855054584729000,40.3,1,40.3,40,40.35,9,2,2021-12-30 09:04:14
1640855054686198000,40.35,3,40.3,41,40.35,6,1,2021-12-30 09:04:14
1640855055016348000,40.3,5,40.3,36,40.35,8,2,2021-12-30 09:04:15
1640855055688240000,40.3,1,40.3,35,40.35,8,2,2021-12-30 09:04:15
1640855056113006000,40.3,1,40.3,34,40.35,8,2,2021-12-30 09:04:16
1640855056312959000,40.3,1,40.3,33,40.35,8,2,2021-12-30 09:04:16
1640855056967846000,40.35,1,40.3,33,40.35,7,1,2021-12-30 09:04:16
1640855057438638000,40.3,20,40.3,14,40.35,7,2,2021-12-30 09:04:17
1640855057456809000,40.3,1,40.3,13,40.35,7,2,2021-12-30 09:04:17
1640855057590039000,40.3,1,40.3,12,40.35,7,2,2021-12-30 09:04:17
1640855057610822000,40.35,1,40.3,12,40.35,6,1,2021-12-30 09:04:17
1640855057667305000,40.35,2,40.3,12,40.35,4,1,2021-12-30 09:04:17
1640855058002695000,40.3,1,40.3,12,40.35,4,2,2021-12-30 09:04:18
1640855058143933000,40.35,2,40.3,12,40.35,2,1,2021-12-30 09:04:18
1640855058552648000,40.3,1,40.3,11,40.35,4,2,2021-12-30 09:04:18
1640855058570197000,40.3,3,40.3,8,40.35,4,2,2021-12-30 09:04:18
1640855058671447000,40.3,2,40.3,6,40.35,5,2,2021-12-30 09:04:18
1640855058758111000,40.3,1,40.3,5,40.35,5,2,2021-12-30 09:04:18
1640855059281437000,40.35,2,40.3,5,40.35,3,1,2021-12-30 09:04:19
1640855059794926000,40.3,1,40.3,4,40.35,4,2,2021-12-30 09:04:19
1640855059843877000,40.3,1,40.3,3,40.35,4,2,2021-12-30 09:04:19
1640855060453217000,40.3,2,40.3,1,40.35,9,2,2021-12-30 09:04:20
1640855060947397000,40.3,1,40.25,11,40.35,9,2,2021-12-30 09:04:20
1640855061197872000,40.3,6,40.25,16,40.3,4,2,2021-12-30 09:04:21
1640855061621613000,40.3,1,40.25,16,40.3,3,1,2021-12-30 09:04:21
1640855061658168000,40.25,1,40.25,15,40.3,3,2,2021-12-30 09:04:21
1640855062392011000,40.3,1,40.25,15,40.3,2,1,2021-12-30 09:04:22
1640855062427753000,40.3,1,40.25,15,40.3,1,1,2021-12-30 09:04:22
1640855062759799000,40.3,1,40.25,15,40.3,6,1,2021-12-30 09:04:22
1640855064088833000,40.25,1,40.25,15,40.3,7,2,2021-12-30 09:04:24
1640855064964170000,40.3,1,40.25,16,40.3,7,1,2021-12-30 09:04:24
1640855065018282000,40.3,1,40.25,16,40.3,6,1,2021-12-30 09:04:25
1640855066235883000,40.25,1,40.25,15,40.3,7,2,2021-12-30 09:04:26
1640855066384250000,40.3,3,40.25,15,40.3,4,1,2021-12-30 09:04:26
1640855066530614000,40.3,1,40.25,15,40.3,3,1,2021-12-30 09:04:26
1640855066591384000,40.25,1,40.25,14,40.3,3,2,2021-12-30 09:04:26
1640855066708839000,40.3,2,40.25,14,40.3,1,1,2021-12-30 09:04:26
1640855067107582000,40.25,1,40.25,13,40.3,1,2,2021-12-30 09:04:27
1640855068165947000,40.25,1,40.25,17,40.3,5,2,2021-12-30 09:04:28
1640855068723229000,40.25,10,40.25,7,40.3,5,2,2021-12-30 09:04:28
1640855068749951000,40.3,1,40.25,7,40.3,4,1,2021-12-30 09:04:28
1640855069119163000,40.3,4,40.3,6,40.35,10,1,2021-12-30 09:04:29
1640855069473459000,40.3,1,40.3,6,40.35,10,2,2021-12-30 09:04:29
1640855069566038000,40.3,1,40.3,5,40.35,10,2,2021-12-30 09:04:29
1640855069702523000,40.3,2,40.3,5,40.35,10,2,2021-12-30 09:04:29
1640855069710606000,40.3,5,40.25,7,40.35,10,2,2021-12-30 09:04:29
1640855069921383000,40.25,2,40.25,11,40.3,1,2,2021-12-30 09:04:29
1640855071226024000,40.25,9,40.25,2,40.3,3,2,2021-12-30 09:04:31
1640855071248421000,40.25,1,40.25,1,40.3,3,2,2021-12-30 09:04:31
1640855072725399000,40.25,1,40.2,13,40.3,6,2,2021-12-30 09:04:32
1640855072784820000,40.2,1,40.2,12,40.3,7,2,2021-12-30 09:04:32
1640855075455711000,40.2,2,40.2,18,40.25,9,2,2021-12-30 09:04:35
1640855075812976000,40.2,18,40.15,22,40.2,2,2,2021-12-30 09:04:35
1640855076454939000,40.15,1,40.15,10,40.2,4,2,2021-12-30 09:04:36
1640855076482019000,40.15,10,40.1,18,40.2,4,2,2021-12-30 09:04:36
1640855076762459000,40.2,1,40.1,23,40.2,5,1,2021-12-30 09:04:36
1640855079185264000,40.1,1,40.1,22,40.2,18,2,2021-12-30 09:04:39
1640855079243044000,40.1,1,40.1,21,40.2,18,2,2021-12-30 09:04:39
1640855081444970000,40.1,1,40.1,20,40.15,1,2,2021-12-30 09:04:41
1640855081572984000,40.1,1,40.1,19,40.15,1,2,2021-12-30 09:04:41
1640855082789464000,40.1,2,40.1,17,40.15,1,2,2021-12-30 09:04:42
1640855082850006000,40.15,1,40.1,17,40.2,29,1,2021-12-30 09:04:42
1640855083318367000,40.1,1,40.1,17,40.2,30,2,2021-12-30 09:04:43
1640855083577602000,40.1,4,40.1,13,40.2,30,2,2021-12-30 09:04:43
1640855083754246000,40.1,10,40.1,3,40.15,1,2,2021-12-30 09:04:43
1640855084948634000,40.1,3,40.05,34,40.1,2,2,2021-12-30 09:04:44
1640855086153576000,40.1,10,40.05,31,40.1,17,1,2021-12-30 09:04:46
1640855086592766000,40.05,2,40.05,29,40.1,19,2,2021-12-30 09:04:46
1640855086983603000,40.1,1,40.05,29,40.1,48,1,2021-12-30 09:04:46
1640855088251700000,40.05,1,40.05,30,40.1,48,2,2021-12-30 09:04:48
1640855088590672000,40.05,34,40.0,171,40.05,6,2,2021-12-30 09:04:48
1640855088619494000,40.05,2,40.0,171,40.05,4,1,2021-12-30 09:04:48
1640855088620979000,40.0,1,40.0,170,40.05,4,2,2021-12-30 09:04:48
1640855088649628000,40.0,1,40.0,169,40.05,6,2,2021-12-30 09:04:48
1640855088650040000,40.0,5,40.0,164,40.05,6,2,2021-12-30 09:04:48
1640855089052386000,40.0,2,40.0,162,40.05,6,2,2021-12-30 09:04:49
1640855089369258000,40.05,1,40.0,157,40.05,5,1,2021-12-30 09:04:49
1640855090088856000,40.05,1,40.0,157,40.05,4,1,2021-12-30 09:04:50
1640855090214398000,40.0,3,40.0,154,40.05,4,2,2021-12-30 09:04:50
1640855091041287000,40.05,2,40.0,157,40.05,4,1,2021-12-30 09:04:51
1640855091714145000,40.0,19,40.0,138,40.05,4,2,2021-12-30 09:04:51
1640855091750878000,40.0,1,40.0,137,40.05,5,2,2021-12-30 09:04:51
1640855091819514000,40.0,1,40.0,136,40.05,5,2,2021-12-30 09:04:51
1640855091866210000,40.05,1,40.0,136,40.05,4,1,2021-12-30 09:04:51
1640855091961188000,40.05,4,40.05,6,40.1,92,1,2021-12-30 09:04:51
1640855092448158000,40.05,6,40.0,136,40.05,14,2,2021-12-30 09:04:52
1640855092828686000,40.05,1,40.0,136,40.05,13,1,2021-12-30 09:04:52
1640855093054230000,40.0,2,40.0,134,40.05,19,2,2021-12-30 09:04:53
1640855093116632000,40.05,5,40.0,134,40.05,24,1,2021-12-30 09:04:53
1640855093121761000,40.0,2,40.0,132,40.05,24,2,2021-12-30 09:04:53
1640855093235042000,40.0,2,40.0,130,40.05,24,2,2021-12-30 09:04:53
1640855093494550000,40.0,5,40.0,125,40.05,24,2,2021-12-30 09:04:53
1640855094006951000,40.0,1,40.0,123,40.05,34,2,2021-12-30 09:04:54
1640855094084500000,40.0,1,40.0,122,40.05,34,2,2021-12-30 09:04:54
1640855094134418000,40.0,50,40.0,72,40.05,34,2,2021-12-30 09:04:54
1640855094246158000,40.0,17,40.0,55,40.05,34,2,2021-12-30 09:04:54
1640855094276861000,40.0,55,39.95,16,40.05,34,2,2021-12-30 09:04:54
1640855094340340000,39.95,1,39.95,10,40.0,50,2,2021-12-30 09:04:54
1640855094341509000,39.95,1,39.95,9,40.0,50,2,2021-12-30 09:04:54
1640855094462999000,39.95,1,39.95,8,40.0,50,2,2021-12-30 09:04:54
1640855094611709000,40.0,2,39.95,8,40.0,48,1,2021-12-30 09:04:54
1640855094773270000,40.0,1,39.95,8,40.0,48,1,2021-12-30 09:04:54
1640855094859245000,40.0,5,39.95,8,40.0,43,1,2021-12-30 09:04:54
1640855095162589000,39.95,2,39.95,6,40.0,44,2,2021-12-30 09:04:55
1640855095199475000,39.95,1,39.95,5,40.0,44,2,2021-12-30 09:04:55
1640855095965034000,39.9,1,39.9,8,40.0,62,2,2021-12-30 09:04:55
1640855096070204000,39.9,3,39.9,5,40.0,62,2,2021-12-30 09:04:56
1640855096544367000,40.0,10,39.9,5,40.0,53,1,2021-12-30 09:04:56
1640855097057439000,39.95,1,39.95,1,40.0,54,2,2021-12-30 09:04:57
1640855097110223000,39.95,1,39.9,6,40.0,54,2,2021-12-30 09:04:57
1640855097142749000,40.0,1,39.9,6,40.0,53,1,2021-12-30 09:04:57
1640855097999396000,39.9,1,39.9,10,40.0,59,2,2021-12-30 09:04:57
1640855098791061000,39.9,3,39.9,7,40.0,59,2,2021-12-30 09:04:58
1640855099309991000,39.9,1,39.9,8,40.0,59,2,2021-12-30 09:04:59
1640855099579016000,39.9,8,39.85,21,40.0,59,2,2021-12-30 09:04:59
1640855099579016000,39.85,1,39.85,21,40.0,59,2,2021-12-30 09:04:59
1640855099641761000,39.85,1,39.85,20,39.95,2,2,2021-12-30 09:04:59
1640855099643043000,39.85,1,39.85,19,39.95,2,2,2021-12-30 09:04:59
1640855099705244000,39.95,2,39.85,19,40.0,58,1,2021-12-30 09:04:59
1640855099705244000,40.0,1,39.85,19,40.0,58,1,2021-12-30 09:04:59
1640855100672969000,39.9,1,39.9,5,39.95,1,2,2021-12-30 09:05:00
1640855100736047000,39.9,1,39.9,4,39.95,1,2,2021-12-30 09:05:00
1640855100820163000,39.9,2,39.9,2,39.95,1,2,2021-12-30 09:05:00
1640855101105618000,39.9,2,39.85,19,39.9,1,2,2021-12-30 09:05:01
1640855101304392000,39.9,1,39.85,19,39.95,8,1,2021-12-30 09:05:01
1640855101304392000,39.95,1,39.85,19,39.95,8,1,2021-12-30 09:05:01
1640855101335687000,39.85,10,39.85,9,39.95,8,2,2021-12-30 09:05:01
1640855101342521000,39.85,9,39.8,47,39.85,1,2,2021-12-30 09:05:01
1640855101378110000,39.85,1,39.8,47,39.95,8,1,2021-12-30 09:05:01
1640855101412529000,39.85,1,39.8,37,39.95,8,1,2021-12-30 09:05:01
1640855102081834000,39.9,3,39.8,35,39.95,9,2,2021-12-30 09:05:02
1640855102081834000,39.8,2,39.8,35,39.95,9,2,2021-12-30 09:05:02
1640855102712190000,39.9,1,39.85,3,39.9,1,1,2021-12-30 09:05:02
1640855103143869000,39.85,1,39.85,2,39.9,1,2,2021-12-30 09:05:03
1640855103978198000,39.85,2,39.8,35,39.85,3,2,2021-12-30 09:05:03
1640855104011303000,39.85,3,39.8,35,39.9,1,1,2021-12-30 09:05:04
1640855104079104000,39.8,15,39.8,20,39.85,1,2,2021-12-30 09:05:04
1640855104107354000,39.85,1,39.8,20,39.9,2,1,2021-12-30 09:05:04
1640855104259422000,39.8,1,39.8,19,39.85,1,2,2021-12-30 09:05:04
1640855104882866000,39.85,1,39.8,19,39.85,1,1,2021-12-30 09:05:04
1640855105909496000,39.85,1,39.8,24,39.85,14,1,2021-12-30 09:05:05
1640855105947692000,39.8,1,39.8,23,39.85,14,2,2021-12-30 09:05:05
1640855106095645000,39.85,1,39.8,23,39.85,14,1,2021-12-30 09:05:06
1640855106426764000,39.8,1,39.8,22,39.85,14,2,2021-12-30 09:05:06
1640855106591467000,39.8,3,39.8,19,39.85,16,2,2021-12-30 09:05:06
1640855106676246000,39.85,1,39.8,19,39.85,15,1,2021-12-30 09:05:06
1640855107144337000,39.8,2,39.8,16,39.85,15,2,2021-12-30 09:05:07
1640855107180910000,39.85,15,39.8,16,39.9,1,1,2021-12-30 09:05:07
1640855107254912000,39.8,1,39.8,21,39.9,1,2,2021-12-30 09:05:07
1640855107470984000,39.8,1,39.8,20,39.9,1,2,2021-12-30 09:05:07
1640855108332813000,39.9,1,39.8,20,39.9,6,1,2021-12-30 09:05:08
1640855108510517000,39.8,1,39.8,19,39.9,6,2,2021-12-30 09:05:08
1640855108698764000,39.8,5,39.8,14,39.9,6,2,2021-12-30 09:05:08
1640855108763858000,39.85,1,39.8,8,39.85,1,1,2021-12-30 09:05:08
1640855108789238000,39.8,5,39.8,3,39.85,1,2,2021-12-30 09:05:08
1640855109107892000,39.8,3,39.75,17,39.85,1,2,2021-12-30 09:05:09
1640855109337116000,39.8,1,39.75,17,39.85,2,1,2021-12-30 09:05:09
1640855109847999000,39.8,1,39.75,17,39.85,3,2,2021-12-30 09:05:09
1640855110285238000,39.75,3,39.75,14,39.85,3,2,2021-12-30 09:05:10
1640855110388007000,39.75,2,39.75,12,39.85,3,2,2021-12-30 09:05:10
1640855110497702000,39.75,1,39.75,11,39.85,3,2,2021-12-30 09:05:10
1640855110516059000,39.75,4,39.75,7,39.85,3,2,2021-12-30 09:05:10
1640855110893303000,39.8,1,39.75,7,39.85,3,1,2021-12-30 09:05:10
1640855111107080000,39.75,5,39.75,3,39.85,3,2,2021-12-30 09:05:11
1640855111267684000,39.75,2,39.75,1,39.8,1,2,2021-12-30 09:05:11
1640855111349410000,39.8,1,39.75,1,39.85,4,1,2021-12-30 09:05:11
1640855111760911000,39.8,1,39.7,30,39.85,4,2,2021-12-30 09:05:11
1640855111760911000,39.75,1,39.7,30,39.85,4,2,2021-12-30 09:05:11
1640855111760911000,39.7,1,39.7,30,39.85,4,2,2021-12-30 09:05:11
1640855111831802000,39.75,1,39.7,17,39.85,4,2,2021-12-30 09:05:11
1640855111831802000,39.7,2,39.7,17,39.85,4,2,2021-12-30 09:05:11
1640855112395755000,39.8,1,39.7,17,39.8,9,1,2021-12-30 09:05:12
1640855112478619000,39.8,1,39.7,17,39.8,8,1,2021-12-30 09:05:12
1640855112917730000,39.7,5,39.7,12,39.8,8,2,2021-12-30 09:05:12
1640855113068523000,39.8,1,39.7,12,39.8,7,1,2021-12-30 09:05:13
1640855113601699000,39.7,1,39.7,11,39.8,22,2,2021-12-30 09:05:13
1640855113754179000,39.7,2,39.7,9,39.75,1,2,2021-12-30 09:05:13
1640855114445702000,39.7,1,39.7,8,39.75,2,2,2021-12-30 09:05:14
1640855114521680000,39.7,8,39.65,12,39.75,2,2,2021-12-30 09:05:14
1640855114521680000,39.65,7,39.65,12,39.75,2,2,2021-12-30 09:05:14
1640855115421429000,39.65,1,39.65,17,39.75,2,2,2021-12-30 09:05:15
1640855115935431000,39.7,1,39.7,1,39.75,2,2,2021-12-30 09:05:15
1640855116108584000,39.7,1,39.65,4,39.75,2,2,2021-12-30 09:05:16
1640855116108584000,39.65,13,39.65,4,39.75,2,2,2021-12-30 09:05:16
1640855116611322000,39.7,3,39.7,2,39.75,3,2,2021-12-30 09:05:16
1640855117197312000,39.7,5,39.7,2,39.75,3,2,2021-12-30 09:05:17
1640855117199424000,39.75,3,39.7,2,39.8,32,1,2021-12-30 09:05:17
1640855117596485000,39.7,1,39.7,1,39.8,32,2,2021-12-30 09:05:17
1640855117943005000,39.7,1,39.65,1,39.8,32,2,2021-12-30 09:05:17
1640855118031851000,39.8,1,39.65,1,39.8,31,1,2021-12-30 09:05:18
1640855118094784000,39.7,11,39.65,1,39.8,31,1,2021-12-30 09:05:18
1640855118479411000,39.7,4,39.6,55,39.8,35,2,2021-12-30 09:05:18
1640855118479411000,39.65,2,39.6,55,39.8,35,2,2021-12-30 09:05:18
1640855118479411000,39.6,9,39.6,55,39.8,35,2,2021-12-30 09:05:18
1640855118705228000,39.7,1,39.6,54,39.75,7,2,2021-12-30 09:05:18
1640855118705228000,39.6,1,39.6,54,39.75,7,2,2021-12-30 09:05:18
1640855118793106000,39.6,1,39.6,53,39.75,7,2,2021-12-30 09:05:18
1640855119026048000,39.65,1,39.65,1,39.7,5,2,2021-12-30 09:05:19
1640855119258934000,39.7,1,39.65,1,39.7,6,1,2021-12-30 09:05:19
1640855119624093000,39.7,2,39.65,1,39.7,4,1,2021-12-30 09:05:19
1640855119818154000,39.7,2,39.65,2,39.7,4,1,2021-12-30 09:05:19
1640855119854126000,39.7,4,39.65,2,39.75,19,1,2021-12-30 09:05:19
1640855119914212000,39.65,1,39.65,1,39.75,19,2,2021-12-30 09:05:19
1640855120129369000,39.75,5,39.65,1,39.75,14,1,2021-12-30 09:05:20
1640855120436316000,39.7,3,39.65,6,39.75,14,1,2021-12-30 09:05:20
1640855121127170000,39.7,2,39.65,14,39.75,15,1,2021-12-30 09:05:21
1640855121879568000,39.7,5,39.65,20,39.75,15,1,2021-12-30 09:05:21
1640855121909780000,39.75,15,39.65,20,39.8,35,1,2021-12-30 09:05:21
1640855122263709000,39.7,1,39.65,30,39.8,35,1,2021-12-30 09:05:22
1640855122520379000,39.65,10,39.65,31,39.8,35,2,2021-12-30 09:05:22
1640855123437465000,39.7,1,39.65,31,39.8,37,2,2021-12-30 09:05:23
1640855123437465000,39.65,1,39.65,31,39.8,37,2,2021-12-30 09:05:23
1640855123688505000,39.7,4,39.65,32,39.8,37,1,2021-12-30 09:05:23
1640855124163836000,39.7,3,39.65,23,39.8,37,2,2021-12-30 09:05:24
1640855124912431000,39.7,2,39.7,4,39.8,37,2,2021-12-30 09:05:24
1640855125162118000,39.75,1,39.7,5,39.8,42,1,2021-12-30 09:05:25
1640855125162118000,39.8,4,39.7,5,39.8,42,1,2021-12-30 09:05:25
1640855125769761000,39.7,1,39.7,5,39.8,42,2,2021-12-30 09:05:25
1640855126781560000,39.75,1,39.75,1,39.8,44,2,2021-12-30 09:05:26
1640855126983847000,39.75,1,39.7,5,39.8,44,2,2021-12-30 09:05:26
1640855126983847000,39.7,2,39.7,5,39.8,44,2,2021-12-30 09:05:26
1640855127097138000,39.8,44,39.7,19,39.85,8,1,2021-12-30 09:05:27
1640855127276254000,39.8,1,39.7,27,39.85,7,1,2021-12-30 09:05:27
1640855127552409000,39.75,1,39.7,27,39.85,7,1,2021-12-30 09:05:27
1640855127556009000,39.7,1,39.7,26,39.85,7,2,2021-12-30 09:05:27
1640855127749141000,39.7,12,39.7,27,39.85,7,2,2021-12-30 09:05:27
1640855127771779000,39.7,12,39.7,15,39.85,8,2,2021-12-30 09:05:27
1640855128051184000,39.8,4,39.8,13,39.85,8,2,2021-12-30 09:05:28
1640855128611565000,39.8,5,39.8,8,39.85,9,2,2021-12-30 09:05:28
1640855128983239000,39.8,1,39.8,7,39.85,9,2,2021-12-30 09:05:28
1640855129096686000,39.8,2,39.8,5,39.85,9,2,2021-12-30 09:05:29
1640855130331498000,39.8,1,39.8,4,39.85,10,2,2021-12-30 09:05:30
1640855131126041000,39.8,1,39.8,3,39.85,10,2,2021-12-30 09:05:31
1640855131149957000,39.8,2,39.8,1,39.85,10,2,2021-12-30 09:05:31
1640855132270303000,39.85,1,39.8,2,39.85,9,1,2021-12-30 09:05:32
1640855132314655000,39.8,1,39.8,1,39.85,9,2,2021-12-30 09:05:32
1640855132371797000,39.85,4,39.8,1,39.85,5,1,2021-12-30 09:05:32
1640855132475451000,39.8,1,39.75,9,39.85,5,2,2021-12-30 09:05:32
1640855132524202000,39.75,9,39.7,28,39.85,5,2,2021-12-30 09:05:32
1640855132524202000,39.7,1,39.7,28,39.85,5,2,2021-12-30 09:05:32
1640855132541670000,39.75,1,39.75,8,39.85,5,2,2021-12-30 09:05:32
1640855133152151000,39.8,2,39.7,27,39.8,18,1,2021-12-30 09:05:33
1640855133469010000,39.8,22,39.75,20,39.85,18,1,2021-12-30 09:05:33
1640855133741599000,39.85,2,39.75,29,39.85,16,1,2021-12-30 09:05:33
1640855133995135000,39.85,1,39.75,29,39.85,15,1,2021-12-30 09:05:33
1640855134149597000,39.8,1,39.75,34,39.85,15,1,2021-12-30 09:05:34
1640855134273225000,39.8,1,39.75,34,39.85,14,1,2021-12-30 09:05:34
1640855134846075000,39.75,5,39.75,29,39.85,14,2,2021-12-30 09:05:34
1640855134934073000,39.8,1,39.75,29,39.85,14,1,2021-12-30 09:05:34
1640855135434661000,39.8,1,39.75,29,39.85,14,1,2021-12-30 09:05:35
1640855136224859000,39.8,1,39.75,31,39.85,1,1,2021-12-30 09:05:36
1640855136706934000,39.85,1,39.8,12,39.9,17,1,2021-12-30 09:05:36
1640855136897970000,39.8,1,39.8,2,39.9,17,2,2021-12-30 09:05:36
1640855137354928000,39.85,1,39.8,2,39.9,18,1,2021-12-30 09:05:37
1640855137495792000,39.85,1,39.8,2,39.9,17,1,2021-12-30 09:05:37
1640855137568407000,39.8,1,39.8,1,39.9,17,2,2021-12-30 09:05:37
1640855137745290000,39.8,1,39.75,32,39.9,17,2,2021-12-30 09:05:37
1640855139513515000,39.8,1,39.8,5,39.85,2,2,2021-12-30 09:05:39
1640855139595202000,39.8,1,39.8,4,39.85,2,2,2021-12-30 09:05:39
1640855139872212000,39.8,1,39.8,5,39.85,2,2,2021-12-30 09:05:39
1640855140325919000,39.8,1,39.8,5,39.85,2,2,2021-12-30 09:05:40
1640855140338729000,39.8,2,39.8,3,39.85,2,2,2021-12-30 09:05:40
1640855140932211000,39.85,1,39.8,4,39.85,1,1,2021-12-30 09:05:40
1640855140999640000,39.8,1,39.8,3,39.85,1,2,2021-12-30 09:05:40
1640855142909980000,39.8,1,39.8,5,39.85,1,2,2021-12-30 09:05:42
1640855143113081000,39.8,3,39.8,2,39.85,1,2,2021-12-30 09:05:43
1640855143505595000,39.85,1,39.85,4,39.9,33,1,2021-12-30 09:05:43
1640855143524969000,39.85,2,39.85,2,39.9,33,2,2021-12-30 09:05:43
1640855143525461000,39.85,2,39.8,12,39.9,33,2,2021-12-30 09:05:43
1640855145018534000,39.8,1,39.8,16,39.85,1,2,2021-12-30 09:05:45
1640855145482125000,39.85,1,39.8,15,39.9,33,1,2021-12-30 09:05:45
1640855145963469000,39.8,15,39.75,30,39.8,15,2,2021-12-30 09:05:45
1640855145983349000,39.8,1,39.75,30,39.8,14,1,2021-12-30 09:05:45
1640855146233133000,39.75,1,39.75,29,39.8,14,2,2021-12-30 09:05:46
1640855146614814000,39.8,1,39.75,29,39.8,35,1,2021-12-30 09:05:46
1640855146782772000,39.8,1,39.75,29,39.8,34,1,2021-12-30 09:05:46
1640855147241374000,39.8,1,39.75,29,39.8,33,1,2021-12-30 09:05:47
1640855147640555000,39.8,1,39.75,29,39.8,34,1,2021-12-30 09:05:47
1640855147660684000,39.8,29,39.75,29,39.8,5,1,2021-12-30 09:05:47
1640855147681958000,39.8,5,39.75,34,39.85,1,1,2021-12-30 09:05:47
1640855147706714000,39.8,1,39.75,34,39.85,1,1,2021-12-30 09:05:47
1640855147817711000,39.8,1,39.8,1,39.85,1,2,2021-12-30 09:05:47
1640855148410036000,39.8,2,39.75,35,39.8,3,2,2021-12-30 09:05:48
1640855148437094000,39.8,3,39.75,35,39.85,1,1,2021-12-30 09:05:48
1640855148469342000,39.75,1,39.75,34,39.85,1,2,2021-12-30 09:05:48
1640855148529167000,39.85,1,39.75,34,39.9,18,1,2021-12-30 09:05:48
1640855149782867000,39.9,1,39.8,1,39.9,31,1,2021-12-30 09:05:49
1640855149864290000,39.9,1,39.8,1,39.9,30,1,2021-12-30 09:05:49
1640855150387366000,39.8,2,39.75,34,39.9,31,2,2021-12-30 09:05:50
1640855151579851000,39.8,4,39.75,37,39.9,32,2,2021-12-30 09:05:51
1640855151579851000,39.75,6,39.75,37,39.9,32,2,2021-12-30 09:05:51
1640855153263385000,39.85,1,39.8,6,39.9,33,1,2021-12-30 09:05:53
1640855154268590000,39.8,1,39.8,25,39.9,33,2,2021-12-30 09:05:54
1640855154308116000,39.8,1,39.8,24,39.9,33,2,2021-12-30 09:05:54
1640855154358766000,39.8,3,39.8,21,39.9,33,2,2021-12-30 09:05:54
1640855154445510000,39.8,20,39.8,3,39.9,33,2,2021-12-30 09:05:54
1640855155946692000,39.9,2,39.8,35,39.9,32,1,2021-12-30 09:05:55
1640855157072073000,39.9,1,39.8,40,39.9,31,1,2021-12-30 09:05:57
1640855157337071000,39.8,5,39.8,35,39.9,31,2,2021-12-30 09:05:57
1640855158402437000,39.85,1,39.8,35,39.9,18,2,2021-12-30 09:05:58
1640855160401308000,39.85,13,39.85,2,39.9,17,2,2021-12-30 09:06:00
1640855160726928000,39.9,1,39.85,2,39.9,17,1,2021-12-30 09:06:00
1640855161703309000,39.85,4,39.8,33,39.9,17,2,2021-12-30 09:06:01
1640855161703309000,39.8,6,39.8,33,39.9,17,2,2021-12-30 09:06:01
1640855162189105000,39.9,1,39.8,35,39.9,16,1,2021-12-30 09:06:02
1640855162353080000,39.8,4,39.8,40,39.9,16,2,2021-12-30 09:06:02
1640855162519795000,39.9,5,39.8,33,39.9,11,1,2021-12-30 09:06:02
1640855162958545000,39.85,2,39.85,3,39.9,11,2,2021-12-30 09:06:02
1640855163133428000,39.85,3,39.8,42,39.85,2,2,2021-12-30 09:06:03
1640855163160722000,39.85,2,39.8,42,39.9,11,1,2021-12-30 09:06:03
1640855163295640000,39.85,1,39.8,35,39.9,11,1,2021-12-30 09:06:03
1640855164835357000,39.85,1,39.8,37,39.9,14,2,2021-12-30 09:06:04
1640855164904878000,39.8,1,39.8,36,39.9,14,2,2021-12-30 09:06:04
1640855165460587000,39.85,1,39.8,32,39.9,14,2,2021-12-30 09:06:05
1640855165460587000,39.8,4,39.8,32,39.9,14,2,2021-12-30 09:06:05
1640855165596854000,39.85,2,39.85,3,39.9,13,1,2021-12-30 09:06:05
1640855165622851000,39.9,2,39.85,3,39.9,11,1,2021-12-30 09:06:05
1640855166057451000,39.85,1,39.85,5,39.9,11,2,2021-12-30 09:06:06
1640855166252044000,39.9,1,39.85,5,39.9,10,1,2021-12-30 09:06:06
1640855167397284000,39.9,5,39.85,15,39.9,7,1,2021-12-30 09:06:07
1640855168307089000,39.9,7,39.85,21,39.95,9,1,2021-12-30 09:06:08
1640855168768378000,39.95,11,39.85,29,39.95,1,1,2021-12-30 09:06:08
1640855169896010000,39.9,1,39.9,2,39.95,1,2,2021-12-30 09:06:09
1640855171087509000,39.9,1,39.9,2,39.95,1,2,2021-12-30 09:06:11
1640855171646625000,39.9,1,39.9,1,39.95,1,2,2021-12-30 09:06:11
1640855171690131000,39.9,1,39.85,37,39.95,1,2,2021-12-30 09:06:11
1640855171739267000,39.9,1,39.9,6,39.95,1,2,2021-12-30 09:06:11
1640855172359187000,39.9,6,39.85,42,39.95,2,2,2021-12-30 09:06:12
1640855172359187000,39.85,4,39.85,42,39.95,2,2,2021-12-30 09:06:12
1640855175400573000,39.95,1,39.9,21,39.95,10,1,2021-12-30 09:06:15
1640855175610569000,39.9,2,39.9,19,39.95,10,2,2021-12-30 09:06:15
1640855175852005000,39.9,1,39.9,18,39.95,10,2,2021-12-30 09:06:15
1640855176066507000,39.9,1,39.9,17,39.95,10,2,2021-12-30 09:06:16
1640855176227280000,39.95,1,39.9,17,39.95,9,1,2021-12-30 09:06:16
1640855176772515000,39.9,1,39.9,17,39.95,15,2,2021-12-30 09:06:16
1640855177492586000,39.9,1,39.9,17,39.95,18,2,2021-12-30 09:06:17
1640855178313570000,39.95,9,39.9,17,39.95,9,1,2021-12-30 09:06:18
1640855178865647000,39.9,2,39.9,15,39.95,9,2,2021-12-30 09:06:18
1640855179440511000,39.9,16,39.85,46,39.95,9,2,2021-12-30 09:06:19
1640855179440511000,39.85,2,39.85,46,39.95,9,2,2021-12-30 09:06:19
1640855180634858000,39.95,1,39.9,1,39.95,8,1,2021-12-30 09:06:20
1640855181358667000,39.9,1,39.85,48,39.9,1,2,2021-12-30 09:06:21
1640855181733690000,39.9,1,39.85,48,39.95,9,1,2021-12-30 09:06:21
1640855182623163000,39.9,3,39.85,49,39.9,7,2,2021-12-30 09:06:22
1640855182689679000,39.85,1,39.85,48,39.9,7,2,2021-12-30 09:06:22
1640855183110599000,39.9,1,39.85,48,39.9,7,1,2021-12-30 09:06:23
1640855183345352000,39.9,1,39.85,48,39.9,6,1,2021-12-30 09:06:23
1640855183869919000,39.9,1,39.85,47,39.9,5,1,2021-12-30 09:06:23
1640855184203593000,39.85,47,39.8,70,39.85,3,2,2021-12-30 09:06:24
1640855184234322000,39.8,1,39.8,69,39.85,4,2,2021-12-30 09:06:24
1640855184746722000,39.85,1,39.8,69,39.85,4,1,2021-12-30 09:06:24
1640855184944459000,39.8,2,39.8,67,39.85,9,2,2021-12-30 09:06:24
1640855185672515000,39.85,5,39.8,67,39.85,4,1,2021-12-30 09:06:25
1640855185767890000,39.85,1,39.8,67,39.85,3,1,2021-12-30 09:06:25
1640855186005720000,39.8,3,39.8,64,39.85,3,2,2021-12-30 09:06:26
1640855186742546000,39.85,1,39.8,74,39.85,2,1,2021-12-30 09:06:26
1640855187383594000,39.85,1,39.8,74,39.85,1,1,2021-12-30 09:06:27
1640855187676035000,39.85,1,39.8,74,39.85,3,1,2021-12-30 09:06:27
1640855189286145000,39.8,1,39.8,73,39.85,4,2,2021-12-30 09:06:29
1640855189495374000,39.8,2,39.8,71,39.85,4,2,2021-12-30 09:06:29
1640855190426567000,39.85,1,39.8,73,39.85,3,1,2021-12-30 09:06:30
1640855190679822000,39.85,1,39.8,73,39.85,2,1,2021-12-30 09:06:30
1640855190850152000,39.85,1,39.8,75,39.85,1,1,2021-12-30 09:06:30
1640855191893962000,39.85,1,39.8,75,39.85,51,1,2021-12-30 09:06:31
1640855192950197000,39.85,1,39.8,84,39.85,50,1,2021-12-30 09:06:32
1640855193538346000,39.8,1,39.8,84,39.85,51,2,2021-12-30 09:06:33
1640855193571471000,39.8,1,39.8,83,39.85,61,2,2021-12-30 09:06:33
1640855193643711000,39.85,1,39.8,83,39.85,60,1,2021-12-30 09:06:33
1640855194009414000,39.85,60,39.85,26,39.9,28,1,2021-12-30 09:06:34
1640855195132413000,39.85,20,39.85,6,39.9,28,2,2021-12-30 09:06:35
1640855197833673000,39.85,1,39.85,49,39.9,29,2,2021-12-30 09:06:37
1640855198570974000,39.9,1,39.85,49,39.9,28,1,2021-12-30 09:06:38
1640855198753516000,39.9,1,39.85,53,39.9,27,1,2021-12-30 09:06:38
1640855199081409000,39.85,1,39.85,53,39.9,27,2,2021-12-30 09:06:39
1640855199559977000,39.85,1,39.85,52,39.9,27,2,2021-12-30 09:06:39
1640855199911240000,39.9,5,39.85,52,39.9,22,1,2021-12-30 09:06:39
1640855202248707000,39.9,11,39.85,63,39.9,12,1,2021-12-30 09:06:42
1640855202524266000,39.85,20,39.85,43,39.9,13,2,2021-12-30 09:06:42
1640855202557681000,39.85,1,39.85,42,39.9,13,2,2021-12-30 09:06:42
1640855203104182000,39.85,2,39.85,40,39.9,13,2,2021-12-30 09:06:43
1640855203445621000,39.85,1,39.85,39,39.9,13,2,2021-12-30 09:06:43
1640855203638537000,39.9,5,39.85,69,39.9,58,1,2021-12-30 09:06:43
1640855203865935000,39.9,1,39.85,70,39.9,60,1,2021-12-30 09:06:43
1640855204189849000,39.85,1,39.85,69,39.9,60,2,2021-12-30 09:06:44
1640855205578621000,39.85,8,39.85,61,39.9,60,2,2021-12-30 09:06:45
1640855205612803000,39.85,1,39.85,60,39.9,60,2,2021-12-30 09:06:45
1640855207368367000,39.9,5,39.85,90,39.9,58,1,2021-12-30 09:06:47
1640855207602780000,39.9,3,39.85,91,39.9,55,1,2021-12-30 09:06:47
1640855208905766000,39.9,5,39.85,94,39.9,51,1,2021-12-30 09:06:48
1640855208955507000,39.9,4,39.85,94,39.9,47,1,2021-12-30 09:06:48
1640855209279654000,39.85,1,39.85,94,39.9,46,2,2021-12-30 09:06:49
1640855209323648000,39.9,1,39.85,94,39.9,45,1,2021-12-30 09:06:49
1640855209745322000,39.9,1,39.85,95,39.9,45,1,2021-12-30 09:06:49
1640855210293584000,39.9,10,39.85,95,39.9,35,1,2021-12-30 09:06:50
1640855210394395000,39.9,1,39.85,97,39.9,34,1,2021-12-30 09:06:50
1640855210578825000,39.9,5,39.85,97,39.9,29,1,2021-12-30 09:06:50
1640855211373094000,39.9,1,39.85,97,39.9,29,1,2021-12-30 09:06:51
1640855211731167000,39.9,1,39.85,97,39.9,28,1,2021-12-30 09:06:51
1640855212386832000,39.9,5,39.85,97,39.9,23,1,2021-12-30 09:06:52
1640855212612802000,39.85,1,39.85,96,39.9,23,2,2021-12-30 09:06:52
1640855212848499000,39.9,1,39.85,96,39.9,22,1,2021-12-30 09:06:52
1640855212907123000,39.9,7,39.85,96,39.9,15,1,2021-12-30 09:06:52
1640855213323863000,39.9,1,39.85,96,39.9,14,1,2021-12-30 09:06:53
1640855213364560000,39.9,2,39.85,96,39.9,12,1,2021-12-30 09:06:53
1640855213380725000,39.85,1,39.85,95,39.9,12,2,2021-12-30 09:06:53
1640855213396326000,39.85,1,39.85,94,39.9,12,2,2021-12-30 09:06:53
1640855213464670000,39.9,2,39.85,95,39.9,10,1,2021-12-30 09:06:53
1640855213862243000,39.9,1,39.85,95,39.9,9,1,2021-12-30 09:06:53
1640855214373610000,39.85,1,39.85,94,39.9,9,2,2021-12-30 09:06:54
1640855214925049000,39.9,1,39.85,94,39.9,8,1,2021-12-30 09:06:54
1640855215119522000,39.9,1,39.85,94,39.9,7,1,2021-12-30 09:06:55
1640855215813672000,39.9,5,39.85,104,39.9,3,1,2021-12-30 09:06:55
1640855215984893000,39.9,1,39.85,104,39.9,2,1,2021-12-30 09:06:55
1640855216294416000,39.9,2,39.9,8,39.95,16,1,2021-12-30 09:06:56
1640855216816216000,39.9,5,39.9,9,39.95,16,2,2021-12-30 09:06:56
1640855216852120000,39.9,9,39.85,103,39.95,16,2,2021-12-30 09:06:56
1640855217493702000,39.9,1,39.85,104,39.9,1,1,2021-12-30 09:06:57
1640855218044647000,39.9,1,39.85,104,39.9,3,1,2021-12-30 09:06:58
1640855218165063000,39.9,1,39.85,104,39.9,2,1,2021-12-30 09:06:58
1640855218338480000,39.9,2,39.85,104,39.95,16,1,2021-12-30 09:06:58
1640855219428238000,39.9,1,39.85,104,39.95,17,2,2021-12-30 09:06:59
1640855219487287000,39.85,1,39.85,108,39.95,17,2,2021-12-30 09:06:59
1640855221338479000,39.95,10,39.9,3,39.95,7,1,2021-12-30 09:07:01
1640855223511921000,39.95,1,39.9,19,39.95,37,1,2021-12-30 09:07:03
1640855224425523000,39.95,13,39.9,19,39.95,24,1,2021-12-30 09:07:04
1640855224568271000,39.9,1,39.9,18,39.95,24,2,2021-12-30 09:07:04
1640855225796268000,39.9,1,39.9,22,39.95,25,2,2021-12-30 09:07:05
1640855225995347000,39.95,1,39.9,22,39.95,25,1,2021-12-30 09:07:05
1640855226013320000,39.95,2,39.9,22,39.95,23,1,2021-12-30 09:07:06
1640855228374440000,39.95,3,39.9,25,39.95,24,1,2021-12-30 09:07:08
1640855229668469000,39.9,1,39.9,31,39.95,24,2,2021-12-30 09:07:09
1640855229727460000,39.9,1,39.9,32,39.95,24,2,2021-12-30 09:07:09
1640855230914345000,39.95,1,39.9,35,39.95,22,1,2021-12-30 09:07:10
1640855234763376000,39.9,1,39.9,47,39.95,26,2,2021-12-30 09:07:14
1640855239627619000,39.95,10,39.9,69,39.95,21,1,2021-12-30 09:07:19
1640855239861759000,39.9,1,39.9,68,39.95,21,2,2021-12-30 09:07:19
1640855240880580000,39.9,1,39.9,67,39.95,21,2,2021-12-30 09:07:20
1640855241568272000,39.95,16,39.9,68,39.95,5,1,2021-12-30 09:07:21
1640855241760938000,39.95,1,39.9,68,39.95,4,1,2021-12-30 09:07:21
1640855241910407000,39.95,1,39.9,68,39.95,3,1,2021-12-30 09:07:21
1640855242346630000,39.95,2,39.9,68,39.95,1,1,2021-12-30 09:07:22
1640855242375970000,39.95,1,39.9,68,40.0,56,1,2021-12-30 09:07:22
1640855242732011000,39.9,1,39.9,67,40.0,56,2,2021-12-30 09:07:22
1640855243306088000,39.95,2,39.9,68,40.0,64,2,2021-12-30 09:07:23
1640855244151063000,39.9,3,39.9,66,40.0,65,2,2021-12-30 09:07:24
1640855247015159000,40.0,3,39.95,36,40.0,53,1,2021-12-30 09:07:27
1640855248253575000,40.0,1,39.95,41,40.0,54,1,2021-12-30 09:07:28
1640855248364531000,39.95,1,39.95,40,40.0,54,2,2021-12-30 09:07:28
1640855248463118000,39.95,1,39.95,39,40.0,54,2,2021-12-30 09:07:28
1640855249696649000,40.0,1,39.95,40,40.0,53,1,2021-12-30 09:07:29
1640855250370754000,39.95,1,39.95,39,40.0,53,2,2021-12-30 09:07:30
1640855250386353000,39.95,1,39.95,38,40.0,53,2,2021-12-30 09:07:30
1640855250426675000,39.95,23,39.95,15,40.0,53,2,2021-12-30 09:07:30
1640855250482592000,39.95,9,39.95,6,40.0,53,2,2021-12-30 09:07:30
1640855250518789000,39.95,1,39.95,5,40.0,53,2,2021-12-30 09:07:30
1640855252071535000,39.95,1,39.95,11,40.0,53,2,2021-12-30 09:07:32
1640855252473042000,40.0,10,39.95,11,40.0,43,1,2021-12-30 09:07:32
1640855252529784000,39.95,2,39.95,9,40.0,43,2,2021-12-30 09:07:32
1640855252703775000,39.95,2,39.95,7,40.0,43,2,2021-12-30 09:07:32
1640855253392838000,39.95,2,39.95,5,40.0,43,2,2021-12-30 09:07:33
1640855253554629000,39.95,1,39.95,4,40.0,43,2,2021-12-30 09:07:33
1640855253614116000,39.95,2,39.95,2,40.0,43,2,2021-12-30 09:07:33
1640855254266354000,39.95,1,39.95,4,40.0,43,2,2021-12-30 09:07:34
1640855255628378000,39.95,1,39.95,11,40.0,43,2,2021-12-30 09:07:35
1640855256118825000,40.0,3,39.95,16,40.0,40,1,2021-12-30 09:07:36
1640855256252850000,40.0,1,39.95,16,40.0,39,1,2021-12-30 09:07:36
1640855258657027000,39.95,1,39.95,22,40.0,38,2,2021-12-30 09:07:38
1640855258684899000,40.0,4,39.95,22,40.0,34,1,2021-12-30 09:07:38
1640855259676989000,40.0,21,39.95,22,40.0,16,1,2021-12-30 09:07:39
1640855260232361000,39.95,1,39.95,21,40.0,16,2,2021-12-30 09:07:40
1640855260389630000,40.0,1,39.95,21,40.0,15,1,2021-12-30 09:07:40
1640855261798471000,40.0,14,40.0,136,40.05,36,1,2021-12-30 09:07:41
1640855261856553000,40.0,1,40.0,135,40.05,36,2,2021-12-30 09:07:41
1640855262011156000,40.0,2,40.0,133,40.05,38,2,2021-12-30 09:07:42
1640855262907857000,40.0,4,40.0,129,40.05,39,2,2021-12-30 09:07:42
1640855263738158000,40.0,2,40.0,127,40.05,39,2,2021-12-30 09:07:43
1640855263773222000,40.0,23,40.0,104,40.05,39,2,2021-12-30 09:07:43
1640855264920564000,40.05,1,40.0,104,40.05,38,1,2021-12-30 09:07:44
1640855265256323000,40.0,2,40.0,103,40.05,38,2,2021-12-30 09:07:45
1640855265402274000,40.05,3,40.0,103,40.05,35,1,2021-12-30 09:07:45
1640855266231661000,40.0,1,40.0,105,40.05,35,2,2021-12-30 09:07:46
1640855266946690000,40.0,1,40.0,110,40.05,35,2,2021-12-30 09:07:46
1640855267982136000,40.0,1,40.0,114,40.05,35,2,2021-12-30 09:07:47
1640855268182220000,40.05,5,40.0,114,40.05,30,1,2021-12-30 09:07:48
1640855268877264000,40.05,2,40.0,114,40.05,28,1,2021-12-30 09:07:48
1640855270176460000,40.05,5,40.0,114,40.05,23,1,2021-12-30 09:07:50
1640855270463476000,40.05,1,40.0,114,40.05,22,1,2021-12-30 09:07:50
1640855271434485000,40.05,2,40.0,115,40.05,20,1,2021-12-30 09:07:51
1640855271490328000,40.0,1,40.0,114,40.05,20,2,2021-12-30 09:07:51
1640855272046515000,40.0,1,40.0,120,40.05,20,2,2021-12-30 09:07:52
1640855272843374000,40.05,1,40.0,121,40.05,18,1,2021-12-30 09:07:52
1640855272869509000,40.05,1,40.0,121,40.05,17,1,2021-12-30 09:07:52
1640855273082311000,40.0,1,40.0,122,40.05,17,2,2021-12-30 09:07:53
1640855273100214000,40.0,5,40.0,117,40.05,17,2,2021-12-30 09:07:53
1640855275464177000,40.05,2,40.0,121,40.05,15,1,2021-12-30 09:07:55
1640855275867688000,40.05,1,40.0,132,40.05,14,1,2021-12-30 09:07:55
1640855276927833000,40.05,1,40.0,132,40.05,16,1,2021-12-30 09:07:56
1640855277153543000,40.0,1,40.0,131,40.05,16,2,2021-12-30 09:07:57
1640855277184634000,40.0,131,39.95,33,40.05,16,2,2021-12-30 09:07:57
1640855277214927000,39.95,33,39.9,72,40.05,16,2,2021-12-30 09:07:57
1640855277274331000,39.9,5,39.9,67,40.0,5,2,2021-12-30 09:07:57
1640855277640576000,40.0,1,39.9,67,40.0,6,1,2021-12-30 09:07:57
1640855277748678000,40.0,2,39.9,67,40.0,6,1,2021-12-30 09:07:57
1640855278131474000,40.0,6,39.9,67,40.05,12,1,2021-12-30 09:07:58
1640855278131474000,40.05,4,39.9,67,40.05,12,1,2021-12-30 09:07:58
1640855278201099000,39.9,1,39.9,66,40.05,17,2,2021-12-30 09:07:58
1640855278266734000,39.9,1,39.9,65,40.05,17,2,2021-12-30 09:07:58
1640855278443255000,40.05,2,39.9,65,40.05,15,1,2021-12-30 09:07:58
1640855278741080000,40.05,1,39.9,66,40.05,14,1,2021-12-30 09:07:58
1640855279084629000,40.0,1,40.0,19,40.05,14,1,2021-12-30 09:07:59
1640855279199202000,40.0,1,40.0,18,40.05,14,2,2021-12-30 09:07:59
1640855279344026000,40.05,2,40.0,18,40.05,7,1,2021-12-30 09:07:59
1640855279846462000,40.0,1,40.0,17,40.05,9,2,2021-12-30 09:07:59
1640855279928562000,40.05,1,40.0,18,40.05,8,1,2021-12-30 09:07:59
1640855281164237000,40.0,3,40.0,15,40.05,8,2,2021-12-30 09:08:01
1640855281696526000,40.05,1,40.0,15,40.05,7,1,2021-12-30 09:08:01
1640855281746435000,40.0,10,40.0,5,40.05,7,2,2021-12-30 09:08:01
1640855282224638000,40.0,1,40.0,4,40.05,7,2,2021-12-30 09:08:02
1640855284085353000,40.0,1,40.0,5,40.05,8,2,2021-12-30 09:08:04
1640855284238455000,40.0,1,40.0,4,40.05,8,2,2021-12-30 09:08:04
1640855284846142000,40.05,1,40.0,16,40.05,10,1,2021-12-30 09:08:04
1640855284853038000,40.0,1,40.0,15,40.05,10,2,2021-12-30 09:08:04
1640855285685893000,40.05,2,40.0,15,40.05,8,1,2021-12-30 09:08:05
1640855285920054000,40.05,8,40.0,15,40.1,49,1,2021-12-30 09:08:05
1640855287382657000,40.0,15,39.95,6,40.05,5,2,2021-12-30 09:08:07
1640855287914078000,40.0,4,39.95,6,40.0,6,1,2021-12-30 09:08:07
1640855287938661000,39.95,1,39.95,6,40.0,6,2,2021-12-30 09:08:07
1640855288005647000,40.0,2,39.95,6,40.0,5,1,2021-12-30 09:08:08
1640855288312402000,40.0,2,39.95,6,40.0,3,1,2021-12-30 09:08:08
1640855289046948000,40.0,1,39.95,6,40.0,2,1,2021-12-30 09:08:09
1640855289771579000,40.0,1,39.95,6,40.0,1,1,2021-12-30 09:08:09
1640855290476277000,40.05,1,39.95,6,40.05,8,1,2021-12-30 09:08:10
1640855292534998000,40.0,1,39.95,6,40.05,11,2,2021-12-30 09:08:12
1640855292878710000,40.05,6,40.0,2,40.05,5,1,2021-12-30 09:08:12
1640855292949051000,40.0,1,40.0,1,40.05,5,2,2021-12-30 09:08:12
1640855293845027000,40.0,1,40.0,2,40.05,5,2,2021-12-30 09:08:13
1640855295710887000,40.05,1,40.0,11,40.05,3,1,2021-12-30 09:08:15
1640855296718236000,40.0,11,39.95,8,40.05,3,2,2021-12-30 09:08:16
1640855297099644000,40.0,2,39.95,8,40.05,11,2,2021-12-30 09:08:17
1640855298121848000,40.05,3,39.95,13,40.05,9,1,2021-12-30 09:08:18
1640855299345629000,40.0,4,39.95,13,40.0,2,1,2021-12-30 09:08:19
1640855299860518000,40.0,2,40.0,3,40.1,53,1,2021-12-30 09:08:19
1640855299930814000,40.0,1,40.0,2,40.05,8,2,2021-12-30 09:08:19
1640855300247553000,40.0,2,39.95,13,40.0,28,2,2021-12-30 09:08:20
1640855300282911000,39.95,13,39.9,68,40.0,28,2,2021-12-30 09:08:20
1640855300344382000,39.95,2,39.9,68,39.95,1,1,2021-12-30 09:08:20
1640855300363726000,39.95,1,39.95,1,40.0,29,1,2021-12-30 09:08:20
1640855300657439000,39.95,1,39.9,70,40.0,31,2,2021-12-30 09:08:20
1640855300673242000,40.0,2,39.9,70,40.0,29,1,2021-12-30 09:08:20
1640855300720366000,39.9,2,39.9,68,40.0,29,2,2021-12-30 09:08:20
1640855301462872000,39.95,8,39.9,66,40.0,37,2,2021-12-30 09:08:21
1640855301626675000,39.9,1,39.9,65,40.0,37,2,2021-12-30 09:08:21
1640855302524914000,40.0,5,39.9,65,40.0,32,1,2021-12-30 09:08:22
1640855303005801000,39.95,1,39.9,65,40.0,31,2,2021-12-30 09:08:23
1640855303779672000,40.0,2,39.9,65,40.0,30,1,2021-12-30 09:08:23
1640855304835177000,39.9,1,39.9,65,40.0,33,2,2021-12-30 09:08:24
1640855306019689000,39.95,2,39.9,65,40.0,32,2,2021-12-30 09:08:26
1640855306085179000,39.9,1,39.9,64,40.0,32,2,2021-12-30 09:08:26
1640855307910780000,39.9,2,39.9,62,40.0,32,2,2021-12-30 09:08:27
1640855309011575000,39.9,1,39.9,61,39.95,1,2,2021-12-30 09:08:29
1640855309336314000,39.95,1,39.9,62,40.0,32,1,2021-12-30 09:08:29
1640855309925998000,39.9,1,39.9,64,40.0,34,2,2021-12-30 09:08:29
1640855310458255000,39.95,1,39.9,64,40.0,35,2,2021-12-30 09:08:30
1640855311740207000,39.95,2,39.9,64,40.0,37,2,2021-12-30 09:08:31
1640855311805302000,39.9,1,39.9,63,40.0,38,2,2021-12-30 09:08:31
1640855312040706000,39.9,63,39.85,86,39.9,37,2,2021-12-30 09:08:32
1640855312070855000,39.85,1,39.85,70,39.9,37,2,2021-12-30 09:08:32
1640855312070873000,39.85,15,39.85,70,39.9,37,2,2021-12-30 09:08:32
1640855312071726000,39.85,1,39.85,69,39.9,37,2,2021-12-30 09:08:32
1640855312103100000,39.85,45,39.85,24,39.9,45,2,2021-12-30 09:08:32
1640855312106199000,39.85,1,39.85,23,39.9,45,2,2021-12-30 09:08:32
1640855312107135000,39.85,1,39.85,22,39.9,45,2,2021-12-30 09:08:32
1640855312115767000,39.85,15,39.85,7,39.9,45,2,2021-12-30 09:08:32
1640855312124287000,39.85,2,39.85,5,39.9,45,2,2021-12-30 09:08:32
1640855312135581000,39.85,5,39.8,98,39.9,47,2,2021-12-30 09:08:32
1640855312748311000,39.85,1,39.8,98,39.9,44,1,2021-12-30 09:08:32
1640855312748311000,39.9,4,39.8,98,39.9,44,1,2021-12-30 09:08:32
1640855313074598000,39.8,5,39.8,93,39.9,52,2,2021-12-30 09:08:33
1640855314035476000,39.85,1,39.8,93,39.9,55,1,2021-12-30 09:08:34
1640855314035476000,39.9,1,39.8,93,39.9,55,1,2021-12-30 09:08:34
1640855314062868000,39.9,1,39.8,93,39.9,54,1,2021-12-30 09:08:34
1640855314100880000,39.9,1,39.8,93,39.9,53,1,2021-12-30 09:08:34
1640855314159995000,39.8,3,39.8,90,39.9,53,2,2021-12-30 09:08:34
1640855314169703000,39.8,5,39.8,85,39.9,53,2,2021-12-30 09:08:34
1640855316184505000,39.8,2,39.8,83,39.85,1,2,2021-12-30 09:08:36
1640855316212807000,39.8,5,39.8,78,39.85,1,2,2021-12-30 09:08:36
1640855317536622000,39.8,4,39.8,75,39.85,1,2,2021-12-30 09:08:37
1640855317864521000,39.8,4,39.8,71,39.85,1,2,2021-12-30 09:08:37
1640855317958925000,39.8,4,39.8,67,39.85,1,2,2021-12-30 09:08:37
1640855318369842000,39.8,2,39.8,65,39.85,1,2,2021-12-30 09:08:38
1640855319032348000,39.8,1,39.8,65,39.85,1,2,2021-12-30 09:08:39
1640855319121461000,39.8,1,39.8,64,39.85,1,2,2021-12-30 09:08:39
1640855320087936000,39.8,1,39.8,63,39.85,1,2,2021-12-30 09:08:40
1640855323606994000,39.8,2,39.8,68,39.85,1,2,2021-12-30 09:08:43
1640855324214277000,39.8,2,39.8,66,39.85,1,2,2021-12-30 09:08:44
1640855324218982000,39.8,1,39.8,65,39.85,1,2,2021-12-30 09:08:44
1640855324249913000,39.8,1,39.8,64,39.85,1,2,2021-12-30 09:08:44
1640855324764417000,39.8,1,39.8,64,39.85,3,2,2021-12-30 09:08:44
1640855325098553000,39.8,10,39.8,54,39.85,3,2,2021-12-30 09:08:45
1640855325140421000,39.8,5,39.8,52,39.85,3,2,2021-12-30 09:08:45
1640855325202241000,39.8,1,39.8,51,39.85,3,2,2021-12-30 09:08:45
1640855326106215000,39.8,5,39.8,46,39.85,3,2,2021-12-30 09:08:46
1640855326820449000,39.85,1,39.8,44,39.85,2,1,2021-12-30 09:08:46
1640855327025680000,39.8,44,39.75,48,39.8,56,2,2021-12-30 09:08:47
1640855327056577000,39.8,2,39.75,43,39.8,54,1,2021-12-30 09:08:47
