ts,close,volume,bid_price,bid_volume,ask_price,ask_volume,tick_type,datetime
1640854936609518000,73.8,466,73.8,36,73.9,4,1,2021-12-30 09:02:16
1640854936645654000,73.9,4,73.8,36,74.0,35,1,2021-12-30 09:02:16
1640854938573138000,73.8,1,73.8,35,73.9,1,2,2021-12-30 09:02:18
1640854938605876000,73.9,1,73.8,35,74.0,35,1,2021-12-30 09:02:18
1640854938615047000,74.0,1,73.8,35,74.0,34,1,2021-12-30 09:02:18
1640854940101876000,73.8,26,73.8,9,74.0,34,2,2021-12-30 09:02:20
1640854940126010000,73.8,9,73.7,26,74.0,34,2,2021-12-30 09:02:20
1640854940505070000,73.9,1,73.7,26,74.0,35,2,2021-12-30 09:02:20
1640854940536403000,73.7,3,73.7,21,74.0,35,2,2021-12-30 09:02:20
1640854940536757000,73.7,2,73.7,21,74.0,35,2,2021-12-30 09:02:20
1640854940579921000,73.7,21,73.6,22,74.0,35,2,2021-12-30 09:02:20
1640854940886189000,73.9,1,73.6,22,73.9,7,1,2021-12-30 09:02:20
1640854941018177000,73.6,9,73.6,13,73.9,7,2,2021-12-30 09:02:21
1640854941023968000,73.6,13,73.3,12,73.5,21,2,2021-12-30 09:02:21
1640854941023968000,73.5,6,73.3,12,73.5,21,2,2021-12-30 09:02:21
1640854941234077000,73.4,1,73.3,12,73.4,4,1,2021-12-30 09:02:21
1640854941543128000,73.4,1,73.3,12,73.4,3,1,2021-12-30 09:02:21
1640854943114609000,73.4,1,73.3,12,73.4,2,1,2021-12-30 09:02:23
1640854943853817000,73.4,1,73.3,12,73.4,1,1,2021-12-30 09:02:23
1640854945047193000,73.4,1,73.3,12,73.5,35,1,2021-12-30 09:02:25
1640854946673449000,73.5,5,73.3,12,73.5,30,1,2021-12-30 09:02:26
1640854946845792000,73.4,2,73.3,12,73.5,22,1,2021-12-30 09:02:26
1640854946845792000,73.5,8,73.3,12,73.5,22,1,2021-12-30 09:02:26
1640854947163429000,73.3,1,73.3,11,73.4,1,2,2021-12-30 09:02:27
1640854947306449000,73.4,1,73.3,11,73.5,22,1,2021-12-30 09:02:27
1640854948818380000,73.5,1,73.4,1,73.5,21,1,2021-12-30 09:02:28
1640854949041036000,73.5,21,73.4,6,73.7,20,1,2021-12-30 09:02:29
1640854949692089000,73.4,1,73.4,5,73.6,2,2,2021-12-30 09:02:29
1640854949700878000,73.4,3,73.4,2,73.6,2,2,2021-12-30 09:02:29
1640854950509671000,73.6,1,73.5,6,73.6,2,1,2021-12-30 09:02:30
1640854950958812000,73.6,1,73.5,6,73.6,1,1,2021-12-30 09:02:30
1640854951098221000,73.5,1,73.5,5,73.6,1,2,2021-12-30 09:02:31
1640854951140695000,73.6,1,73.5,5,73.7,16,1,2021-12-30 09:02:31
1640854951140695000,73.7,4,73.5,5,73.7,16,1,2021-12-30 09:02:31
1640854951751187000,73.5,1,73.5,4,73.7,16,2,2021-12-30 09:02:31
1640854952096757000,73.6,1,73.5,4,73.7,16,1,2021-12-30 09:02:32
1640854953951186000,73.7,1,73.5,8,73.7,15,1,2021-12-30 09:02:33
1640854954896737000,73.7,2,73.6,3,73.7,13,1,2021-12-30 09:02:34
1640854955424417000,73.6,2,73.6,1,73.7,13,2,2021-12-30 09:02:35
1640854955722019000,73.6,1,73.5,8,73.7,13,2,2021-12-30 09:02:35
1640854955722019000,73.5,1,73.5,8,73.7,13,2,2021-12-30 09:02:35
1640854956000619000,73.7,6,73.5,8,73.7,7,1,2021-12-30 09:02:36
1640854956322875000,73.7,3,73.5,8,73.7,4,1,2021-12-30 09:02:36
1640854956356309000,73.7,4,73.5,8,73.8,1,1,2021-12-30 09:02:36
1640854956679240000,73.8,1,73.7,12,73.9,7,1,2021-12-30 09:02:36
1640854957037776000,73.9,1,73.7,13,73.9,6,1,2021-12-30 09:02:37
1640854957109074000,73.7,1,73.7,12,73.9,6,2,2021-12-30 09:02:37
1640854957439564000,73.7,10,73.7,2,73.9,6,2,2021-12-30 09:02:37
1640854957687748000,73.9,1,73.7,3,73.9,5,1,2021-12-30 09:02:37
1640854958773373000,73.9,5,73.7,4,74.0,27,1,2021-12-30 09:02:38
1640854959777473000,74.0,5,73.7,4,74.0,22,1,2021-12-30 09:02:39
1640854960030156000,74.0,1,73.9,6,74.0,21,1,2021-12-30 09:02:40
1640854960063955000,74.0,7,73.9,6,74.0,14,1,2021-12-30 09:02:40
1640854961266350000,74.0,1,73.9,6,74.0,13,1,2021-12-30 09:02:41
1640854961501102000,74.0,2,73.9,6,74.0,11,1,2021-12-30 09:02:41
1640854961737997000,74.0,5,73.9,6,74.0,6,1,2021-12-30 09:02:41
1640854961773606000,74.0,6,73.9,6,74.1,11,1,2021-12-30 09:02:41
1640854962268795000,74.1,1,73.9,6,74.1,10,1,2021-12-30 09:02:42
1640854963667234000,74.1,10,74.0,4,74.2,1,1,2021-12-30 09:02:43
1640854964286864000,74.2,1,74.0,4,74.3,2,1,2021-12-30 09:02:44
1640854965181524000,74.3,1,74.2,1,74.3,1,1,2021-12-30 09:02:45
1640854965339085000,74.3,1,74.2,1,74.4,3,1,2021-12-30 09:02:45
1640854965397560000,74.4,1,74.2,1,74.4,2,1,2021-12-30 09:02:45
1640854965631658000,74.3,1,74.2,1,74.4,2,2,2021-12-30 09:02:45
1640854965957192000,74.4,1,74.2,1,74.4,1,1,2021-12-30 09:02:45
1640854965983632000,74.2,1,74.0,7,74.2,1,2,2021-12-30 09:02:45
1640854966680956000,74.1,1,74.1,4,74.2,1,2,2021-12-30 09:02:46
1640854966702543000,74.2,1,74.1,4,74.4,1,1,2021-12-30 09:02:46
1640854966982920000,74.1,1,74.1,4,74.4,1,2,2021-12-30 09:02:46
1640854967824556000,74.4,1,74.2,1,74.5,15,1,2021-12-30 09:02:47
1640854968195362000,74.5,2,74.2,3,74.5,13,1,2021-12-30 09:02:48
1640854969147127000,74.3,2,74.2,8,74.3,1,1,2021-12-30 09:02:49
1640854969153799000,74.3,1,74.2,8,74.5,13,1,2021-12-30 09:02:49
1640854969548658000,74.4,1,74.3,1,74.4,5,1,2021-12-30 09:02:49
1640854970214294000,74.3,3,74.2,8,74.4,5,2,2021-12-30 09:02:50
1640854971125392000,74.4,5,74.2,8,74.5,13,1,2021-12-30 09:02:51
1640854971919353000,74.5,1,74.2,8,74.5,12,1,2021-12-30 09:02:51
1640854972508570000,74.5,1,74.4,1,74.5,11,1,2021-12-30 09:02:52
1640854972723254000,74.4,1,74.3,1,74.5,11,2,2021-12-30 09:02:52
1640854973465912000,74.5,1,74.3,1,74.5,12,1,2021-12-30 09:02:53
1640854973780235000,74.3,1,74.2,5,74.5,12,2,2021-12-30 09:02:53
1640854973780235000,74.2,4,74.2,5,74.5,12,2,2021-12-30 09:02:53
1640854973920217000,74.4,2,74.2,5,74.5,12,2,2021-12-30 09:02:53
1640854974398447000,74.3,4,73.9,1,74.0,4,2,2021-12-30 09:02:54
1640854974398447000,74.2,5,73.9,1,74.0,4,2,2021-12-30 09:02:54
1640854974398447000,74.1,19,73.9,1,74.0,4,2,2021-12-30 09:02:54
1640854974398447000,74.0,18,73.9,1,74.0,4,2,2021-12-30 09:02:54
1640854974429987000,74.0,4,73.9,1,74.5,12,1,2021-12-30 09:02:54
1640854974473014000,74.0,1,73.9,1,74.5,12,1,2021-12-30 09:02:54
1640854974473053000,74.0,1,73.9,1,74.5,12,1,2021-12-30 09:02:54
1640854974878970000,74.4,1,73.9,1,74.4,1,1,2021-12-30 09:02:54
1640854974904321000,74.4,1,73.9,1,74.5,12,1,2021-12-30 09:02:54
1640854975029978000,74.5,1,73.9,1,74.5,11,1,2021-12-30 09:02:55
1640854975489912000,74.5,2,74.2,1,74.5,9,1,2021-12-30 09:02:55
1640854975592478000,74.5,1,74.2,1,74.5,8,1,2021-12-30 09:02:55
1640854975855195000,74.3,1,74.2,1,74.4,4,2,2021-12-30 09:02:55
1640854975867009000,74.2,1,73.9,6,74.4,4,2,2021-12-30 09:02:55
1640854976236277000,74.4,2,73.9,6,74.4,5,1,2021-12-30 09:02:56
1640854976605139000,74.4,6,73.9,6,74.4,1,1,2021-12-30 09:02:56
1640854977183625000,74.3,1,73.9,6,74.3,2,1,2021-12-30 09:02:57
1640854977262973000,74.2,1,73.9,6,74.3,2,2,2021-12-30 09:02:57
1640854977664188000,74.2,1,74.0,6,74.3,2,2,2021-12-30 09:02:57
1640854978887440000,74.0,2,74.0,6,74.3,2,2,2021-12-30 09:02:58
1640854979257313000,74.3,1,74.0,3,74.3,1,1,2021-12-30 09:02:59
1640854979454388000,74.0,3,73.9,2,74.3,1,2,2021-12-30 09:02:59
1640854979454388000,73.9,4,73.9,2,74.3,1,2,2021-12-30 09:02:59
1640854979684703000,74.2,1,73.9,2,74.2,2,1,2021-12-30 09:02:59
1640854979815623000,74.2,1,73.9,2,74.2,1,1,2021-12-30 09:02:59
1640854980805532000,74.2,1,73.9,2,74.3,7,1,2021-12-30 09:03:00
1640854980805532000,74.3,1,73.9,2,74.3,7,1,2021-12-30 09:03:00
1640854981572235000,74.0,1,74.0,10,74.1,1,2,2021-12-30 09:03:01
1640854981598639000,74.0,10,73.9,3,74.1,1,2,2021-12-30 09:03:01
1640854981986775000,74.0,1,73.9,8,74.1,1,1,2021-12-30 09:03:01
1640854982027784000,73.9,1,73.9,7,74.1,1,2,2021-12-30 09:03:02
1640854982123782000,74.0,1,73.9,7,74.1,1,1,2021-12-30 09:03:02
1640854982978014000,74.0,1,73.9,7,74.0,5,1,2021-12-30 09:03:02
1640854983044505000,74.0,2,73.9,7,74.0,3,1,2021-12-30 09:03:03
1640854983305861000,74.0,1,73.9,7,74.0,2,1,2021-12-30 09:03:03
1640854983337245000,73.9,1,73.9,6,74.0,2,2,2021-12-30 09:03:03
1640854984072294000,74.0,1,73.9,6,74.0,1,1,2021-12-30 09:03:04
1640854984308317000,74.0,1,73.9,6,74.1,1,1,2021-12-30 09:03:04
1640854984911815000,74.0,1,73.9,6,74.0,1,1,2021-12-30 09:03:04
1640854985711845000,74.0,1,73.9,7,74.1,2,1,2021-12-30 09:03:05
1640854985882757000,73.9,1,73.9,6,74.1,2,2,2021-12-30 09:03:05
1640854986687555000,73.9,1,73.9,5,74.1,2,2,2021-12-30 09:03:06
1640854987198874000,73.9,5,73.8,3,74.1,2,2,2021-12-30 09:03:07
1640854987835579000,73.9,1,73.9,1,74.0,2,2,2021-12-30 09:03:07
1640854988058688000,73.9,1,73.8,13,73.9,4,2,2021-12-30 09:03:08
1640854988214457000,73.9,1,73.8,13,73.9,3,1,2021-12-30 09:03:08
1640854988819749000,73.9,1,73.8,13,73.9,2,1,2021-12-30 09:03:08
1640854989026336000,73.9,1,73.8,13,73.9,1,1,2021-12-30 09:03:09
1640854989092644000,73.8,1,73.8,12,73.9,1,2,2021-12-30 09:03:09
1640854989765949000,73.9,1,73.8,12,73.9,3,1,2021-12-30 09:03:09
1640854990868437000,73.9,5,73.8,12,73.9,4,1,2021-12-30 09:03:10
1640854990939640000,73.8,1,73.8,11,73.9,4,2,2021-12-30 09:03:10
1640854991010322000,73.9,1,73.8,11,73.9,3,1,2021-12-30 09:03:11
1640854991154008000,73.9,1,73.8,11,73.9,2,1,2021-12-30 09:03:11
1640854991285279000,73.9,1,73.8,11,73.9,1,1,2021-12-30 09:03:11
1640854992797496000,73.8,7,73.8,4,73.9,1,2,2021-12-30 09:03:12
1640854992837507000,73.8,1,73.8,3,73.9,3,2,2021-12-30 09:03:12
1640854992931266000,73.8,3,73.7,5,73.9,3,2,2021-12-30 09:03:12
1640854992931266000,73.7,7,73.7,5,73.9,3,2,2021-12-30 09:03:12
1640854993009379000,73.8,1,73.7,5,73.8,1,1,2021-12-30 09:03:13
1640854993075568000,73.8,1,73.8,1,73.9,3,1,2021-12-30 09:03:13
1640854993114057000,73.8,1,73.7,5,73.9,3,2,2021-12-30 09:03:13
1640854994003512000,73.8,2,73.7,5,73.9,6,1,2021-12-30 09:03:14
1640854994087128000,73.9,2,73.7,5,73.9,4,1,2021-12-30 09:03:14
1640854994237186000,73.9,1,73.7,5,73.9,3,1,2021-12-30 09:03:14
1640854994406112000,73.9,1,73.7,5,73.9,2,1,2021-12-30 09:03:14
1640854996641637000,73.7,5,73.6,3,73.7,5,2,2021-12-30 09:03:16
1640854996676707000,73.6,1,73.6,2,73.7,5,2,2021-12-30 09:03:16
1640854996704002000,73.6,2,73.5,3,73.7,5,2,2021-12-30 09:03:16
1640854996704002000,73.5,3,73.5,3,73.7,5,2,2021-12-30 09:03:16
1640854997510962000,73.6,1,73.5,3,73.6,1,1,2021-12-30 09:03:17
1640854999446497000,73.5,4,73.4,8,73.6,1,2,2021-12-30 09:03:19
1640854999446497000,73.4,1,73.4,8,73.6,1,2,2021-12-30 09:03:19
1640854999989526000,73.5,1,73.4,8,73.6,1,1,2021-12-30 09:03:19
1640855000364652000,73.6,1,73.5,1,73.7,7,1,2021-12-30 09:03:20
1640855000557176000,73.6,1,73.5,1,73.7,7,2,2021-12-30 09:03:20
1640855001109830000,73.6,1,73.5,1,73.7,7,2,2021-12-30 09:03:21
1640855001835721000,73.5,1,73.4,8,73.7,7,2,2021-12-30 09:03:21
1640855002480827000,73.4,1,73.4,12,73.7,7,2,2021-12-30 09:03:22
1640855002638023000,73.7,1,73.4,12,73.7,6,1,2021-12-30 09:03:22
1640855002765413000,73.7,1,73.4,12,73.7,5,1,2021-12-30 09:03:22
1640855003015699000,73.5,1,73.4,12,73.7,5,2,2021-12-30 09:03:23
1640855003986324000,73.6,5,73.5,1,73.6,1,1,2021-12-30 09:03:23
1640855004026465000,73.5,1,73.4,12,73.6,1,2,2021-12-30 09:03:24
1640855005457620000,73.6,2,73.5,3,73.7,5,1,2021-12-30 09:03:25
1640855006042980000,73.5,1,73.5,2,73.7,5,2,2021-12-30 09:03:26
1640855007250807000,73.5,1,73.5,2,73.6,1,2,2021-12-30 09:03:27
1640855007273023000,73.5,1,73.5,1,73.6,1,2,2021-12-30 09:03:27
1640855007288981000,73.5,1,73.4,13,73.6,1,2,2021-12-30 09:03:27
1640855007659516000,73.5,1,73.4,13,73.5,1,1,2021-12-30 09:03:27
1640855007890054000,73.5,1,73.5,1,73.6,2,1,2021-12-30 09:03:27
1640855008876993000,73.6,1,73.5,1,73.6,1,1,2021-12-30 09:03:28
1640855008961155000,73.6,1,73.5,1,73.7,2,1,2021-12-30 09:03:28
1640855008961155000,73.7,4,73.5,1,73.7,2,1,2021-12-30 09:03:28
1640855010706688000,73.6,1,73.5,1,73.6,11,1,2021-12-30 09:03:30
1640855012531231000,73.6,1,73.5,1,73.6,13,1,2021-12-30 09:03:32
1640855014040931000,73.5,1,73.5,1,73.6,18,2,2021-12-30 09:03:34
1640855014072686000,73.5,1,73.4,9,73.6,18,2,2021-12-30 09:03:34
1640855014512716000,73.5,1,73.4,9,73.6,18,1,2021-12-30 09:03:34
1640855014753791000,73.6,1,73.4,9,73.6,17,1,2021-12-30 09:03:34
1640855016730063000,73.4,4,73.4,6,73.5,3,2,2021-12-30 09:03:36
1640855016766307000,73.4,1,73.4,5,73.5,3,2,2021-12-30 09:03:36
1640855016823528000,73.4,1,73.4,4,73.5,3,2,2021-12-30 09:03:36
1640855017123171000,73.5,1,73.4,5,73.5,2,1,2021-12-30 09:03:37
1640855017535511000,73.5,1,73.4,5,73.5,1,1,2021-12-30 09:03:37
1640855018299191000,73.5,1,73.4,6,73.6,23,1,2021-12-30 09:03:38
1640855018682633000,73.4,6,73.3,12,73.4,4,2,2021-12-30 09:03:38
1640855018847690000,73.4,1,73.3,12,73.4,4,1,2021-12-30 09:03:38
1640855019005381000,73.4,1,73.3,12,73.4,3,1,2021-12-30 09:03:39
1640855019012446000,73.3,1,73.3,11,73.4,3,2,2021-12-30 09:03:39
1640855019978345000,73.4,1,73.3,11,73.4,2,1,2021-12-30 09:03:39
1640855020786831000,73.4,1,73.3,11,73.4,1,1,2021-12-30 09:03:40
1640855021594169000,73.4,1,73.3,11,73.4,1,1,2021-12-30 09:03:41
1640855021610991000,73.3,1,73.3,10,73.4,1,2,2021-12-30 09:03:41
1640855021624620000,73.3,1,73.3,9,73.4,1,2,2021-12-30 09:03:41
1640855021680956000,73.3,1,73.3,8,73.4,1,2,2021-12-30 09:03:41
1640855023265789000,73.4,1,73.3,6,73.5,4,1,2021-12-30 09:03:43
1640855023532604000,73.3,6,73.2,3,73.3,16,2,2021-12-30 09:03:43
1640855023857874000,73.3,1,73.2,3,73.3,15,1,2021-12-30 09:03:43
1640855025096064000,73.2,1,73.2,2,73.3,15,2,2021-12-30 09:03:45
1640855025121087000,73.2,2,73.1,6,73.3,15,2,2021-12-30 09:03:45
1640855025538233000,73.2,1,73.1,6,73.3,15,1,2021-12-30 09:03:45
1640855025816652000,73.1,11,73.0,21,73.3,15,2,2021-12-30 09:03:45
1640855025816652000,73.0,19,73.0,21,73.3,15,2,2021-12-30 09:03:45
1640855025830576000,73.0,21,72.9,2,73.0,9,2,2021-12-30 09:03:45
1640855025859806000,72.9,1,72.9,1,73.0,11,2,2021-12-30 09:03:45
1640855025860764000,72.9,1,72.8,2,73.0,11,2,2021-12-30 09:03:45
1640855025884634000,72.9,1,72.8,2,72.9,1,1,2021-12-30 09:03:45
1640855025939775000,72.9,1,72.8,2,72.9,1,1,2021-12-30 09:03:45
1640855026052802000,72.8,2,72.7,5,72.9,3,2,2021-12-30 09:03:46
1640855026193281000,72.9,3,72.7,5,73.0,2,1,2021-12-30 09:03:46
1640855026193281000,73.0,9,72.7,5,73.0,2,1,2021-12-30 09:03:46
1640855026709925000,72.7,5,72.5,18,72.9,2,2,2021-12-30 09:03:46
1640855026709925000,72.6,4,72.5,18,72.9,2,2,2021-12-30 09:03:46
1640855026709925000,72.5,21,72.5,18,72.9,2,2,2021-12-30 09:03:46
1640855027043337000,72.8,1,72.5,18,72.8,3,1,2021-12-30 09:03:47
1640855027322796000,72.8,3,72.5,18,72.9,4,1,2021-12-30 09:03:47
1640855027540967000,72.9,1,72.5,18,72.9,3,1,2021-12-30 09:03:47
1640855030540975000,72.5,10,72.5,8,72.7,7,2,2021-12-30 09:03:50
1640855030570967000,72.5,6,72.5,2,72.7,7,2,2021-12-30 09:03:50
1640855030653160000,72.5,2,72.3,2,72.6,1,2,2021-12-30 09:03:50
1640855031662857000,72.5,3,72.4,20,72.6,1,1,2021-12-30 09:03:51
1640855032209256000,72.6,1,72.4,20,72.7,7,1,2021-12-30 09:03:52
1640855033289308000,72.5,1,72.4,20,72.7,8,2,2021-12-30 09:03:53
1640855034120329000,72.5,1,72.4,20,72.7,8,1,2021-12-30 09:03:54
1640855034361487000,72.7,2,72.4,20,72.7,6,1,2021-12-30 09:03:54
1640855036377623000,72.6,1,72.4,20,72.5,3,2,2021-12-30 09:03:56
1640855036377623000,72.5,1,72.4,20,72.5,3,2,2021-12-30 09:03:56
1640855036405776000,72.5,2,72.4,20,72.5,1,1,2021-12-30 09:03:56
1640855036425850000,72.5,1,72.4,20,72.7,6,1,2021-12-30 09:03:56
1640855038234724000,72.5,2,72.4,18,72.7,6,2,2021-12-30 09:03:58
1640855038234724000,72.4,2,72.4,18,72.7,6,2,2021-12-30 09:03:58
1640855038279638000,72.4,1,72.4,17,72.7,7,2,2021-12-30 09:03:58
1640855038866741000,72.7,2,72.5,3,72.7,5,1,2021-12-30 09:03:58
1640855039449332000,72.7,6,72.5,3,73.3,18,1,2021-12-30 09:03:59
1640855039449332000,72.8,1,72.5,3,73.3,18,1,2021-12-30 09:03:59
1640855039449332000,72.9,4,72.5,3,73.3,18,1,2021-12-30 09:03:59
1640855039449332000,73.0,2,72.5,3,73.3,18,1,2021-12-30 09:03:59
1640855039449332000,73.1,1,72.5,3,73.3,18,1,2021-12-30 09:03:59
1640855039449332000,73.2,3,72.5,3,73.3,18,1,2021-12-30 09:03:59
1640855039449332000,73.3,1,72.5,3,73.3,18,1,2021-12-30 09:03:59
1640855039812907000,72.6,3,72.5,4,73.3,14,1,2021-12-30 09:03:59
1640855040806974000,72.7,1,72.7,31,73.3,14,2,2021-12-30 09:04:00
1640855040816996000,72.7,1,72.7,30,73.3,14,2,2021-12-30 09:04:00
1640855041150425000,72.8,1,72.7,30,73.2,5,2,2021-12-30 09:04:01
1640855041246719000,72.8,1,72.7,27,73.2,5,2,2021-12-30 09:04:01
1640855041246719000,72.7,3,72.7,27,73.2,5,2,2021-12-30 09:04:01
1640855042715400000,72.8,1,72.8,4,73.1,4,2,2021-12-30 09:04:02
1640855048199381000,72.9,1,72.8,5,73.0,3,1,2021-12-30 09:04:08
1640855048199381000,73.0,1,72.8,5,73.0,3,1,2021-12-30 09:04:08
1640855048703007000,72.9,1,72.8,5,73.0,3,1,2021-12-30 09:04:08
1640855048769044000,73.0,2,72.8,5,73.0,1,1,2021-12-30 09:04:08
1640855051640751000,72.8,7,72.7,12,73.0,1,2,2021-12-30 09:04:11
1640855051640751000,72.7,15,72.7,12,73.0,1,2,2021-12-30 09:04:11
1640855052009717000,72.8,1,72.7,12,72.8,1,1,2021-12-30 09:04:12
1640855052034724000,72.7,1,72.7,11,72.8,1,2,2021-12-30 09:04:12
1640855052039995000,72.8,1,72.7,11,72.9,2,1,2021-12-30 09:04:12
1640855053607597000,72.9,1,72.8,2,72.9,1,1,2021-12-30 09:04:13
1640855057247398000,72.8,1,72.8,26,72.9,1,2,2021-12-30 09:04:17
1640855058097066000,72.9,1,72.8,28,73.0,26,1,2021-12-30 09:04:18
1640855058436169000,72.9,1,72.8,26,73.0,25,1,2021-12-30 09:04:18
1640855058436169000,73.0,1,72.8,26,73.0,25,1,2021-12-30 09:04:18
1640855060974883000,73.0,1,72.9,3,73.0,25,1,2021-12-30 09:04:20
1640855061369038000,72.9,1,72.9,3,73.0,25,2,2021-12-30 09:04:21
1640855061425722000,72.9,1,72.9,2,73.0,25,2,2021-12-30 09:04:21
1640855061447248000,72.9,2,72.8,28,73.0,25,2,2021-12-30 09:04:21
1640855061487769000,73.0,3,72.8,28,73.0,22,1,2021-12-30 09:04:21
1640855061791769000,73.0,3,72.8,29,73.0,20,1,2021-12-30 09:04:21
1640855061966364000,73.0,3,72.8,29,73.0,17,1,2021-12-30 09:04:21
1640855062201176000,73.0,3,72.8,29,73.0,15,1,2021-12-30 09:04:22
1640855064781272000,72.9,1,72.8,29,73.0,15,1,2021-12-30 09:04:24
1640855065284428000,73.0,9,72.8,29,73.0,6,1,2021-12-30 09:04:25
1640855071771361000,73.0,1,72.9,5,73.0,6,1,2021-12-30 09:04:31
1640855071786474000,73.0,1,72.9,5,73.0,5,1,2021-12-30 09:04:31
1640855073186623000,73.0,5,72.9,11,73.1,23,1,2021-12-30 09:04:33
1640855078297735000,73.1,3,73.0,8,73.1,20,1,2021-12-30 09:04:38
1640855079619234000,73.0,1,73.0,7,73.1,20,2,2021-12-30 09:04:39
1640855080893751000,73.1,1,73.0,14,73.1,19,1,2021-12-30 09:04:40
1640855083469479000,73.1,9,73.0,19,73.1,10,1,2021-12-30 09:04:43
1640855083679478000,73.0,2,73.0,17,73.1,10,2,2021-12-30 09:04:43
1640855083892732000,73.0,1,73.0,16,73.1,10,2,2021-12-30 09:04:43
1640855086255317000,73.1,1,73.0,30,73.1,9,1,2021-12-30 09:04:46
1640855086890203000,73.1,2,73.0,31,73.1,8,1,2021-12-30 09:04:46
1640855087758384000,73.1,1,73.0,31,73.1,7,1,2021-12-30 09:04:47
1640855087940155000,73.1,1,73.0,37,73.1,6,1,2021-12-30 09:04:47
1640855090009471000,73.1,1,73.0,38,73.1,5,1,2021-12-30 09:04:50
1640855090132383000,73.1,1,73.0,38,73.1,4,1,2021-12-30 09:04:50
1640855090683091000,73.1,1,73.0,38,73.1,3,1,2021-12-30 09:04:50
1640855090713785000,73.1,1,73.0,38,73.1,2,1,2021-12-30 09:04:50
1640855091211442000,73.1,2,73.1,3,73.2,28,1,2021-12-30 09:04:51
1640855093972795000,73.2,1,73.1,4,73.2,27,1,2021-12-30 09:04:53
1640855095682496000,73.1,1,73.1,3,73.2,27,2,2021-12-30 09:04:55
1640855096111777000,73.1,1,73.1,7,73.2,27,2,2021-12-30 09:04:56
1640855096310194000,73.1,1,73.1,36,73.2,27,2,2021-12-30 09:04:56
1640855100464767000,73.2,1,73.1,39,73.2,27,1,2021-12-30 09:05:00
1640855101164396000,73.1,1,73.1,38,73.2,27,2,2021-12-30 09:05:01
1640855101780428000,73.1,4,73.1,44,73.2,27,2,2021-12-30 09:05:01
1640855102511770000,73.2,27,73.1,44,73.3,11,1,2021-12-30 09:05:02
1640855102511770000,73.3,3,73.1,44,73.3,11,1,2021-12-30 09:05:02
1640855102661197000,73.1,1,73.1,46,73.3,11,2,2021-12-30 09:05:02
1640855102749665000,73.2,1,73.2,1,73.3,11,1,2021-12-30 09:05:02
1640855103313288000,73.3,1,73.2,1,73.3,10,1,2021-12-30 09:05:03
1640855104251033000,73.3,1,73.2,1,73.3,9,1,2021-12-30 09:05:04
1640855106163396000,73.2,1,73.1,50,73.3,10,2,2021-12-30 09:05:06
1640855107870373000,73.3,1,73.1,53,73.3,9,1,2021-12-30 09:05:07
1640855108368798000,73.3,7,73.2,5,73.3,2,1,2021-12-30 09:05:08
1640855108405259000,73.3,2,73.2,5,73.4,30,1,2021-12-30 09:05:08
1640855111069563000,73.4,5,73.3,3,73.4,26,1,2021-12-30 09:05:11
1640855114139616000,73.3,3,73.2,10,73.4,25,2,2021-12-30 09:05:14
1640855114163704000,73.4,1,73.2,10,73.4,24,1,2021-12-30 09:05:14
1640855114897311000,73.4,1,73.2,10,73.4,23,1,2021-12-30 09:05:14
1640855115296227000,73.3,1,73.2,10,73.4,23,2,2021-12-30 09:05:15
1640855115655958000,73.4,1,73.2,10,73.4,22,1,2021-12-30 09:05:15
1640855116407466000,73.4,1,73.2,10,73.4,21,1,2021-12-30 09:05:16
1640855118606509000,73.4,1,73.3,1,73.4,21,1,2021-12-30 09:05:18
1640855118620703000,73.3,1,73.2,18,73.4,21,2,2021-12-30 09:05:18
1640855119741952000,73.4,5,73.2,25,73.4,16,1,2021-12-30 09:05:19
1640855120715026000,73.3,1,73.2,25,73.3,5,1,2021-12-30 09:05:20
1640855121000936000,73.3,1,73.2,25,73.3,4,1,2021-12-30 09:05:21
1640855121790460000,73.3,1,73.2,26,73.3,3,1,2021-12-30 09:05:21
1640855121819806000,73.3,1,73.2,26,73.3,2,1,2021-12-30 09:05:21
1640855121896532000,73.3,1,73.2,26,73.3,1,1,2021-12-30 09:05:21
1640855122643981000,73.3,1,73.2,26,73.4,13,1,2021-12-30 09:05:22
1640855122643981000,73.4,8,73.2,26,73.4,13,1,2021-12-30 09:05:22
1640855123169257000,73.4,4,73.2,26,73.4,9,1,2021-12-30 09:05:23
1640855126137161000,73.3,1,73.3,10,73.4,9,2,2021-12-30 09:05:26
1640855127607771000,73.4,1,73.3,10,73.4,9,1,2021-12-30 09:05:27
1640855128653115000,73.3,10,73.2,27,73.4,11,2,2021-12-30 09:05:28
1640855129123702000,73.3,1,73.3,1,73.4,12,1,2021-12-30 09:05:29
1640855129380856000,73.4,4,73.3,3,73.4,8,1,2021-12-30 09:05:29
1640855129397989000,73.4,1,73.3,3,73.4,7,1,2021-12-30 09:05:29
1640855129561676000,73.4,1,73.3,3,73.4,6,1,2021-12-30 09:05:29
1640855131402537000,73.4,1,73.3,3,73.4,5,1,2021-12-30 09:05:31
1640855134818192000,73.4,3,73.3,5,73.4,3,1,2021-12-30 09:05:34
1640855135431318000,73.4,1,73.3,5,73.4,2,1,2021-12-30 09:05:35
1640855135481637000,73.4,1,73.3,5,73.4,1,1,2021-12-30 09:05:35
1640855135702366000,73.4,1,73.3,5,73.5,26,1,2021-12-30 09:05:35
1640855137024184000,73.5,4,73.4,1,73.5,22,1,2021-12-30 09:05:37
1640855137144185000,73.4,1,73.4,1,73.5,22,2,2021-12-30 09:05:37
1640855138746012000,73.4,6,73.3,12,73.5,22,2,2021-12-30 09:05:38
1640855139130676000,73.4,1,73.3,12,73.4,4,1,2021-12-30 09:05:39
1640855139827052000,73.4,1,73.3,12,73.4,6,1,2021-12-30 09:05:39
1640855140896354000,73.3,3,73.3,9,73.4,6,2,2021-12-30 09:05:40
1640855140950591000,73.4,6,73.3,9,73.5,18,1,2021-12-30 09:05:40
1640855140950591000,73.5,4,73.3,9,73.5,18,1,2021-12-30 09:05:40
1640855144177608000,73.5,1,73.4,4,73.5,17,1,2021-12-30 09:05:44
1640855144468465000,73.4,1,73.4,3,73.5,17,2,2021-12-30 09:05:44
1640855145409535000,73.4,3,73.2,17,73.5,17,2,2021-12-30 09:05:45
1640855145409535000,73.3,9,73.2,17,73.5,17,2,2021-12-30 09:05:45
1640855145409535000,73.2,8,73.2,17,73.5,17,2,2021-12-30 09:05:45
1640855146183456000,73.4,5,73.2,17,73.5,16,1,2021-12-30 09:05:46
1640855146183456000,73.5,1,73.2,17,73.5,16,1,2021-12-30 09:05:46
1640855148197701000,73.4,1,73.2,17,73.5,16,1,2021-12-30 09:05:48
1640855148497542000,73.4,1,73.2,17,73.5,20,1,2021-12-30 09:05:48
1640855148497542000,73.5,1,73.2,17,73.5,20,1,2021-12-30 09:05:48
1640855149108047000,73.5,1,73.2,17,73.5,20,1,2021-12-30 09:05:49
1640855149655311000,73.4,1,73.2,17,73.4,4,1,2021-12-30 09:05:49
1640855149951528000,73.2,16,73.2,1,73.4,4,2,2021-12-30 09:05:49
1640855149982535000,73.2,1,73.1,38,73.4,4,2,2021-12-30 09:05:49
1640855150475551000,73.3,1,73.2,1,73.3,1,1,2021-12-30 09:05:50
1640855156878626000,73.2,3,73.1,15,73.3,1,2,2021-12-30 09:05:56
1640855156878626000,73.1,23,73.1,15,73.3,1,2,2021-12-30 09:05:56
1640855157164555000,73.1,8,73.1,7,73.2,3,2,2021-12-30 09:05:57
1640855157192586000,73.1,2,73.1,5,73.2,4,2,2021-12-30 09:05:57
1640855157193042000,73.1,5,73.0,47,73.2,4,2,2021-12-30 09:05:57
1640855157678190000,73.1,1,73.0,47,73.1,1,1,2021-12-30 09:05:57
1640855158647014000,73.0,44,73.0,3,73.2,6,2,2021-12-30 09:05:58
1640855158672303000,73.2,6,73.0,3,73.4,11,1,2021-12-30 09:05:58
1640855158672303000,73.3,3,73.0,3,73.4,11,1,2021-12-30 09:05:58
1640855158672303000,73.4,1,73.0,3,73.4,11,1,2021-12-30 09:05:58
1640855158677876000,73.0,2,73.0,1,73.4,11,2,2021-12-30 09:05:58
1640855158678248000,73.0,1,72.9,13,73.4,11,2,2021-12-30 09:05:58
1640855158711011000,72.9,2,72.9,11,73.0,66,2,2021-12-30 09:05:58
1640855158741737000,72.9,10,72.8,15,73.0,66,2,2021-12-30 09:05:58
1640855158741786000,72.9,1,72.8,15,73.0,66,2,2021-12-30 09:05:58
1640855159793125000,72.9,1,72.8,15,73.0,66,1,2021-12-30 09:05:59
1640855160191706000,72.8,1,72.8,14,73.0,66,2,2021-12-30 09:06:00
1640855160641997000,72.8,1,72.8,13,73.0,66,2,2021-12-30 09:06:00
1640855161312355000,72.8,1,72.8,12,72.9,2,2,2021-12-30 09:06:01
1640855163385024000,72.8,12,72.7,2,72.9,2,2,2021-12-30 09:06:03
1640855163385024000,72.7,10,72.7,2,72.9,2,2,2021-12-30 09:06:03
1640855163420548000,72.7,2,72.6,12,72.9,2,2,2021-12-30 09:06:03
1640855163880776000,72.8,2,72.6,12,72.9,4,1,2021-12-30 09:06:03
1640855166373280000,72.6,1,72.6,11,72.7,1,2,2021-12-30 09:06:06
1640855166614041000,72.6,8,72.6,3,72.7,1,2,2021-12-30 09:06:06
1640855166647268000,72.6,1,72.5,26,72.7,1,2,2021-12-30 09:06:06
1640855166647675000,72.6,2,72.5,26,72.7,1,2,2021-12-30 09:06:06
1640855167950974000,72.6,1,72.6,3,72.7,2,2,2021-12-30 09:06:07
1640855168896687000,72.7,1,72.6,3,72.7,1,1,2021-12-30 09:06:08
1640855173138727000,72.6,1,72.6,3,72.7,2,2,2021-12-30 09:06:13
1640855173200038000,72.6,1,72.6,2,72.7,2,2,2021-12-30 09:06:13
1640855173308182000,72.6,2,72.5,26,72.6,3,2,2021-12-30 09:06:13
1640855173840504000,72.6,1,72.5,26,72.6,2,1,2021-12-30 09:06:13
1640855174705980000,72.5,1,72.5,25,72.6,2,2,2021-12-30 09:06:14
1640855174739590000,72.5,22,72.5,3,72.6,2,2,2021-12-30 09:06:14
1640855174767188000,72.5,3,72.4,8,72.6,2,2,2021-12-30 09:06:14
1640855174919392000,72.5,1,72.4,8,72.5,1,1,2021-12-30 09:06:14
1640855176897018000,72.4,1,72.4,7,72.5,1,2,2021-12-30 09:06:16
1640855177732356000,72.5,1,72.4,7,72.6,2,1,2021-12-30 09:06:17
1640855177732356000,72.6,1,72.4,7,72.6,2,1,2021-12-30 09:06:17
1640855178618772000,72.5,1,72.4,7,72.6,2,2,2021-12-30 09:06:18
1640855179631187000,72.4,1,72.4,6,72.5,1,2,2021-12-30 09:06:19
1640855180678505000,72.5,1,72.4,6,72.8,22,1,2021-12-30 09:06:20
1640855180678505000,72.6,2,72.4,6,72.8,22,1,2021-12-30 09:06:20
1640855180678505000,72.7,2,72.4,6,72.8,22,1,2021-12-30 09:06:20
1640855181959836000,72.5,1,72.5,3,72.8,22,2,2021-12-30 09:06:21
1640855183721280000,72.5,1,72.5,3,72.8,22,2,2021-12-30 09:06:23
1640855184039240000,72.5,1,72.5,2,72.8,22,2,2021-12-30 09:06:24
1640855186734465000,72.5,1,72.5,2,72.8,22,2,2021-12-30 09:06:26
1640855190468227000,72.7,1,72.5,10,72.8,24,2,2021-12-30 09:06:30
1640855192069601000,72.8,1,72.5,10,72.8,23,1,2021-12-30 09:06:32
1640855193758150000,72.8,5,72.5,11,72.8,18,1,2021-12-30 09:06:33
1640855198309511000,72.7,1,72.6,8,72.7,1,1,2021-12-30 09:06:38
1640855198550389000,72.7,1,72.6,8,72.8,18,1,2021-12-30 09:06:38
1640855199687187000,72.7,1,72.6,1,72.8,18,1,2021-12-30 09:06:39
1640855201800841000,72.7,2,72.6,4,72.8,18,2,2021-12-30 09:06:41
1640855202752275000,72.8,1,72.6,4,72.8,17,1,2021-12-30 09:06:42
1640855204441074000,72.7,1,72.7,2,72.8,18,2,2021-12-30 09:06:44
1640855205148688000,72.7,2,72.7,2,72.8,18,2,2021-12-30 09:06:45
1640855206097244000,72.8,2,72.6,4,72.8,17,1,2021-12-30 09:06:46
1640855209997117000,72.7,1,72.6,3,72.7,3,1,2021-12-30 09:06:49
1640855210485288000,72.7,6,72.7,4,72.8,18,1,2021-12-30 09:06:50
1640855211146635000,72.7,2,72.7,2,72.8,18,2,2021-12-30 09:06:51
1640855213045610000,72.7,1,72.7,4,72.8,18,2,2021-12-30 09:06:53
1640855215813718000,72.8,3,72.7,4,72.8,15,1,2021-12-30 09:06:55
1640855215885250000,72.7,1,72.7,3,72.8,15,2,2021-12-30 09:06:55
1640855218335205000,72.7,5,72.6,4,72.7,5,2,2021-12-30 09:06:58
1640855220183503000,72.7,1,72.6,4,72.7,8,1,2021-12-30 09:07:00
1640855222613606000,72.6,2,72.6,4,72.7,8,2,2021-12-30 09:07:02
1640855222641185000,72.6,4,72.5,16,72.7,8,2,2021-12-30 09:07:02
1640855222695479000,72.6,1,72.5,16,72.7,8,1,2021-12-30 09:07:02
1640855224177643000,72.6,1,72.5,19,72.6,9,2,2021-12-30 09:07:04
1640855224517341000,72.6,1,72.5,19,72.6,8,1,2021-12-30 09:07:04
1640855226975252000,72.5,1,72.5,18,72.6,10,2,2021-12-30 09:07:06
1640855229294229000,72.6,10,72.5,18,72.7,13,1,2021-12-30 09:07:09
1640855230997034000,72.6,1,72.6,1,72.7,13,2,2021-12-30 09:07:10
1640855232533252000,72.7,2,72.6,2,72.7,11,1,2021-12-30 09:07:12
1640855233409414000,72.6,1,72.6,1,72.7,11,2,2021-12-30 09:07:13
1640855236106282000,72.6,1,72.5,18,72.7,11,2,2021-12-30 09:07:16
1640855236370253000,72.6,1,72.5,18,72.7,11,1,2021-12-30 09:07:16
1640855238926600000,72.6,1,72.5,18,72.6,7,1,2021-12-30 09:07:18
1640855239096724000,72.6,1,72.5,18,72.6,6,1,2021-12-30 09:07:19
1640855240173245000,72.6,1,72.5,18,72.6,5,1,2021-12-30 09:07:20
1640855240694111000,72.5,6,72.5,13,72.6,5,2,2021-12-30 09:07:20
1640855240727354000,72.5,1,72.5,12,72.6,5,2,2021-12-30 09:07:20
1640855240898106000,72.6,2,72.5,12,72.6,3,1,2021-12-30 09:07:20
1640855241328387000,72.6,3,72.5,12,72.7,12,1,2021-12-30 09:07:21
1640855242925137000,72.5,2,72.5,10,72.6,3,2,2021-12-30 09:07:22
1640855243713101000,72.6,1,72.5,11,72.6,2,1,2021-12-30 09:07:23
1640855244653768000,72.6,1,72.5,11,72.6,1,1,2021-12-30 09:07:24
1640855247784460000,72.6,1,72.5,12,72.7,10,1,2021-12-30 09:07:27
1640855249520752000,72.5,1,72.5,13,72.6,2,2,2021-12-30 09:07:29
1640855250566475000,72.6,1,72.5,13,72.6,1,1,2021-12-30 09:07:30
1640855253272727000,72.6,1,72.5,13,72.6,3,1,2021-12-30 09:07:33
1640855253591944000,72.6,2,72.5,13,72.6,1,1,2021-12-30 09:07:33
1640855254773204000,72.6,1,72.5,14,72.7,10,1,2021-12-30 09:07:34
1640855259249456000,72.6,2,72.5,15,72.7,10,2,2021-12-30 09:07:39
1640855260325587000,72.6,1,72.5,15,72.6,1,1,2021-12-30 09:07:40
1640855260548913000,72.6,1,72.5,15,72.7,10,1,2021-12-30 09:07:40
1640855264397142000,72.5,16,72.5,2,72.6,5,2,2021-12-30 09:07:44
1640855265019463000,72.6,1,72.5,2,72.6,4,1,2021-12-30 09:07:45
1640855265471162000,72.5,1,72.5,1,72.6,4,2,2021-12-30 09:07:45
1640855268868639000,72.6,1,72.5,3,72.6,5,1,2021-12-30 09:07:48
1640855269583179000,72.6,4,72.5,3,72.6,1,1,2021-12-30 09:07:49
1640855269797172000,72.5,2,72.5,1,72.6,1,2,2021-12-30 09:07:49
1640855271487251000,72.6,1,72.5,1,72.7,11,1,2021-12-30 09:07:51
1640855271841534000,72.6,1,72.5,1,72.7,11,2,2021-12-30 09:07:51
1640855271945193000,72.5,1,72.4,16,72.7,11,2,2021-12-30 09:07:51
1640855272261967000,72.6,1,72.6,9,72.7,11,1,2021-12-30 09:07:52
1640855272610676000,72.6,1,72.6,8,72.7,11,2,2021-12-30 09:07:52
1640855274481502000,72.6,1,72.6,7,72.7,11,2,2021-12-30 09:07:54
1640855276050312000,72.7,7,72.6,7,72.7,4,1,2021-12-30 09:07:56
1640855278225184000,72.7,1,72.6,7,72.7,3,1,2021-12-30 09:07:58
1640855279479602000,72.7,1,72.6,7,72.7,2,1,2021-12-30 09:07:59
1640855279617407000,72.7,1,72.6,7,72.7,1,1,2021-12-30 09:07:59
1640855283293442000,72.7,1,72.6,7,72.8,16,1,2021-12-30 09:08:03
1640855290946044000,72.6,5,72.6,11,72.8,15,2,2021-12-30 09:08:10
1640855291633446000,72.8,2,72.6,11,72.8,13,1,2021-12-30 09:08:11
1640855292159542000,72.8,1,72.6,11,72.8,12,1,2021-12-30 09:08:12
1640855293791528000,72.7,1,72.6,11,72.7,4,1,2021-12-30 09:08:13
1640855297426416000,72.7,3,72.6,11,72.7,2,1,2021-12-30 09:08:17
1640855298075158000,72.7,1,72.6,11,72.7,1,1,2021-12-30 09:08:18
1640855300727175000,72.7,1,72.6,11,72.8,16,1,2021-12-30 09:08:20
1640855304495715000,72.7,1,72.6,11,72.7,1,1,2021-12-30 09:08:24
1640855305844166000,72.7,1,72.6,11,72.8,16,1,2021-12-30 09:08:25
1640855308043656000,72.7,1,72.7,3,72.8,16,2,2021-12-30 09:08:28
1640855310071879000,72.7,1,72.7,3,72.8,16,2,2021-12-30 09:08:30
1640855311283486000,72.8,1,72.7,3,72.8,15,1,2021-12-30 09:08:31
1640855313679608000,72.7,3,72.6,12,72.8,15,2,2021-12-30 09:08:33
1640855320328964000,72.7,1,72.6,12,72.7,3,1,2021-12-30 09:08:40
1640855320385524000,72.6,1,72.6,11,72.7,3,2,2021-12-30 09:08:40
1640855321708782000,72.7,3,72.6,11,72.7,5,1,2021-12-30 09:08:41
1640855326557603000,72.7,5,72.6,28,72.7,1,1,2021-12-30 09:08:46
1640855330599111000,72.7,1,72.6,28,72.7,1,1,2021-12-30 09:08:50
1640855335152539000,72.7,1,72.7,1,72.8,15,1,2021-12-30 09:08:55
1640855340246113000,72.7,1,72.6,29,72.8,15,2,2021-12-30 09:09:00
1640855343047033000,72.7,1,72.6,29,72.8,15,2,2021-12-30 09:09:03
1640855343883801000,72.6,2,72.6,27,72.8,15,2,2021-12-30 09:09:03
1640855345892199000,72.7,1,72.6,27,72.8,15,1,2021-12-30 09:09:05
1640855358685754000,72.7,1,72.7,4,72.8,15,2,2021-12-30 09:09:18
1640855367777446000,72.7,1,72.7,5,72.8,16,2,2021-12-30 09:09:27
1640855369623892000,72.7,1,72.7,5,72.8,16,2,2021-12-30 09:09:29
1640855372871190000,72.7,1,72.7,4,72.8,16,2,2021-12-30 09:09:32
1640855375341845000,72.8,2,72.7,4,72.8,14,1,2021-12-30 09:09:35
1640855377217575000,72.7,2,72.7,2,72.8,14,2,2021-12-30 09:09:37
1640855385432701000,72.8,1,72.7,12,72.8,13,1,2021-12-30 09:09:45
1640855388069144000,72.8,1,72.7,12,72.8,12,1,2021-12-30 09:09:48
1640855390335119000,72.7,5,72.7,7,72.8,12,2,2021-12-30 09:09:50
1640855390607374000,72.7,1,72.7,6,72.8,12,2,2021-12-30 09:09:50
1640855399925566000,72.7,2,72.7,5,72.8,12,2,2021-12-30 09:09:59
1640855401786208000,72.7,1,72.7,4,72.8,12,2,2021-12-30 09:10:01
1640855402771036000,72.7,1,72.7,3,72.8,12,2,2021-12-30 09:10:02
1640855405001371000,72.7,1,72.7,2,72.8,11,2,2021-12-30 09:10:05
1640855408933654000,72.8,1,72.7,4,72.8,10,1,2021-12-30 09:10:08
1640855415575899000,72.8,1,72.7,4,72.8,9,1,2021-12-30 09:10:15
1640855416513926000,72.8,5,72.7,4,72.8,5,1,2021-12-30 09:10:16
1640855417307389000,72.7,4,72.6,29,72.8,5,2,2021-12-30 09:10:17
1640855417307389000,72.6,1,72.6,29,72.8,5,2,2021-12-30 09:10:17
1640855424770508000,72.7,1,72.6,29,72.7,2,1,2021-12-30 09:10:24
1640855425160446000,72.6,1,72.6,28,72.7,3,2,2021-12-30 09:10:25
1640855426045852000,72.6,2,72.6,26,72.7,3,2,2021-12-30 09:10:26
1640855426269026000,72.6,8,72.6,18,72.7,3,2,2021-12-30 09:10:26
1640855426296214000,72.6,8,72.5,15,72.7,3,2,2021-12-30 09:10:26
1640855426296779000,72.6,10,72.5,15,72.7,3,2,2021-12-30 09:10:26
1640855428950953000,72.6,1,72.5,15,72.7,3,1,2021-12-30 09:10:28
1640855428950953000,72.7,1,72.5,15,72.7,3,1,2021-12-30 09:10:28
1640855429156174000,72.5,2,72.5,13,72.7,3,2,2021-12-30 09:10:29
1640855430944314000,72.5,3,72.5,10,72.7,3,2,2021-12-30 09:10:30
1640855431978602000,72.5,1,72.5,9,72.7,4,2,2021-12-30 09:10:31
1640855432806873000,72.7,4,72.5,9,72.8,4,1,2021-12-30 09:10:32
1640855432806873000,72.8,1,72.5,9,72.8,4,1,2021-12-30 09:10:32
1640855435387734000,72.5,1,72.5,8,72.7,1,2,2021-12-30 09:10:35
1640855436567504000,72.6,1,72.5,8,72.7,1,2,2021-12-30 09:10:36
1640855441088658000,72.6,1,72.5,13,72.6,1,1,2021-12-30 09:10:41
1640855444630400000,72.6,1,72.5,13,72.7,2,1,2021-12-30 09:10:44
1640855448372702000,72.6,1,72.5,27,72.7,2,1,2021-12-30 09:10:48
1640855448377414000,72.5,1,72.5,26,72.7,2,2,2021-12-30 09:10:48
1640855450603260000,72.7,1,72.5,26,72.7,1,1,2021-12-30 09:10:50
1640855457986504000,72.7,1,72.6,1,72.8,4,1,2021-12-30 09:10:57
1640855461753009000,72.8,4,72.7,3,72.9,3,1,2021-12-30 09:11:01
1640855461753009000,72.9,6,72.7,3,72.9,3,1,2021-12-30 09:11:01
1640855461905347000,72.9,3,72.7,3,73.0,303,1,2021-12-30 09:11:01
1640855461905347000,73.0,7,72.7,3,73.0,303,1,2021-12-30 09:11:01
1640855462068235000,73.0,10,72.7,3,73.0,293,1,2021-12-30 09:11:02
1640855462202995000,73.0,10,72.7,3,73.0,283,1,2021-12-30 09:11:02
1640855462378896000,73.0,10,72.7,3,73.0,273,1,2021-12-30 09:11:02
1640855463295017000,73.0,10,72.7,3,73.0,263,1,2021-12-30 09:11:03
1640855463463492000,73.0,10,72.7,3,73.0,253,1,2021-12-30 09:11:03
1640855463631175000,73.0,10,72.7,3,73.0,243,1,2021-12-30 09:11:03
1640855463807461000,73.0,10,72.7,3,73.0,233,1,2021-12-30 09:11:03
1640855465134805000,73.0,1,72.8,1,73.0,232,1,2021-12-30 09:11:05
1640855465744210000,72.8,1,72.7,2,73.0,232,2,2021-12-30 09:11:05
1640855465744210000,72.7,1,72.7,2,73.0,232,2,2021-12-30 09:11:05
1640855466460805000,73.0,4,72.7,2,73.0,228,1,2021-12-30 09:11:06
1640855467457381000,73.0,10,72.7,5,73.0,218,1,2021-12-30 09:11:07
1640855467622382000,73.0,10,72.7,5,73.0,208,1,2021-12-30 09:11:07
1640855467780546000,73.0,10,72.7,5,73.0,198,1,2021-12-30 09:11:07
1640855467948838000,73.0,10,72.7,5,73.0,188,1,2021-12-30 09:11:07
1640855468109968000,73.0,10,72.7,5,73.0,178,1,2021-12-30 09:11:08
1640855468603461000,73.0,1,72.7,5,73.0,177,1,2021-12-30 09:11:08
1640855470620312000,73.0,1,72.7,5,73.0,176,1,2021-12-30 09:11:10
1640855470909606000,72.7,3,72.7,3,73.0,177,2,2021-12-30 09:11:10
1640855472591789000,72.9,1,72.7,3,73.0,128,1,2021-12-30 09:11:12
1640855472591789000,73.0,49,72.7,3,73.0,128,1,2021-12-30 09:11:12
1640855474060454000,72.9,1,72.7,3,72.9,1,1,2021-12-30 09:11:14
1640855474450426000,72.9,1,72.7,3,72.9,9,1,2021-12-30 09:11:14
1640855477139237000,72.9,10,72.7,3,73.0,88,1,2021-12-30 09:11:17
1640855477139237000,73.0,40,72.7,3,73.0,88,1,2021-12-30 09:11:17
1640855479044642000,72.9,1,72.9,9,73.0,88,1,2021-12-30 09:11:19
1640855479104897000,73.0,1,72.9,9,73.0,87,1,2021-12-30 09:11:19
1640855480770276000,73.0,2,72.9,110,73.0,87,1,2021-12-30 09:11:20
1640855481364304000,73.0,1,72.9,310,73.0,86,1,2021-12-30 09:11:21
1640855481421369000,73.0,1,72.9,310,73.0,85,1,2021-12-30 09:11:21
1640855481447326000,73.0,2,72.9,360,73.0,83,1,2021-12-30 09:11:21
1640855481470383000,73.0,2,72.9,360,73.0,81,1,2021-12-30 09:11:21
1640855481529054000,73.0,1,72.9,360,73.0,80,1,2021-12-30 09:11:21
1640855481684967000,73.0,5,72.9,410,73.0,75,1,2021-12-30 09:11:21
1640855481706778000,73.0,6,72.9,410,73.0,69,1,2021-12-30 09:11:21
1640855481726286000,73.0,2,72.9,410,73.0,67,1,2021-12-30 09:11:21
1640855482033278000,73.0,1,72.9,560,73.0,66,1,2021-12-30 09:11:22
1640855482055304000,73.0,2,72.9,560,73.0,64,1,2021-12-30 09:11:22
1640855482815343000,73.0,2,72.9,10,73.0,62,1,2021-12-30 09:11:22
1640855482822987000,73.0,1,72.9,10,73.0,61,1,2021-12-30 09:11:22
1640855483042308000,73.0,1,72.9,10,73.0,60,1,2021-12-30 09:11:23
1640855483185767000,73.0,1,72.9,10,73.0,59,1,2021-12-30 09:11:23
1640855483611323000,73.0,10,72.9,10,73.0,49,1,2021-12-30 09:11:23
1640855483919430000,73.0,1,72.9,10,73.0,48,1,2021-12-30 09:11:23
1640855484563675000,73.0,1,72.9,10,73.0,47,1,2021-12-30 09:11:24
1640855484642822000,73.0,10,72.9,10,73.0,37,1,2021-12-30 09:11:24
1640855484947225000,73.0,5,72.9,10,73.0,32,1,2021-12-30 09:11:24
1640855485407219000,73.0,1,72.9,10,73.0,31,1,2021-12-30 09:11:25
1640855485455078000,73.0,1,72.9,9,73.0,30,1,2021-12-30 09:11:25
1640855485619495000,73.0,3,72.9,9,73.0,27,1,2021-12-30 09:11:25
1640855485750061000,73.0,1,72.9,9,73.0,26,1,2021-12-30 09:11:25
1640855486524423000,73.0,1,72.9,9,73.0,25,1,2021-12-30 09:11:26
1640855486537339000,73.0,9,72.8,1,73.0,16,1,2021-12-30 09:11:26
1640855486683886000,73.0,1,72.8,1,73.0,15,1,2021-12-30 09:11:26
1640855486718791000,73.0,15,72.8,1,73.3,1,1,2021-12-30 09:11:26
1640855488729773000,73.3,1,73.0,15,73.3,1,1,2021-12-30 09:11:28
1640855491802690000,73.0,1,73.0,16,73.3,2,2,2021-12-30 09:11:31
1640855495276407000,73.3,1,73.1,1,73.3,3,1,2021-12-30 09:11:35
1640855495386761000,73.3,2,73.1,1,73.3,1,1,2021-12-30 09:11:35
1640855499678892000,73.1,3,73.0,40,73.3,4,2,2021-12-30 09:11:39
1640855500701892000,73.2,1,73.0,40,73.3,4,2,2021-12-30 09:11:40
1640855501353059000,73.3,2,73.0,40,73.3,2,1,2021-12-30 09:11:41
1640855501761008000,73.0,5,73.0,35,73.3,2,2,2021-12-30 09:11:41
1640855501799178000,73.3,1,73.0,35,73.3,1,1,2021-12-30 09:11:41
1640855502754036000,73.2,1,73.3,8,73.4,64,1,2021-12-30 09:11:42
1640855502754036000,73.3,1,73.3,8,73.4,64,1,2021-12-30 09:11:42
1640855506731035000,73.3,2,73.3,6,73.4,65,2,2021-12-30 09:11:46
1640855507596042000,73.3,1,73.3,7,73.4,65,2,2021-12-30 09:11:47
1640855507684285000,73.3,1,73.3,6,73.4,65,2,2021-12-30 09:11:47
1640855508383345000,73.4,1,73.3,6,73.4,64,1,2021-12-30 09:11:48
1640855510319016000,73.4,1,73.3,6,73.4,63,1,2021-12-30 09:11:50
1640855510579899000,73.3,1,73.3,6,73.4,63,2,2021-12-30 09:11:50
1640855510739686000,73.3,2,73.3,4,73.4,63,2,2021-12-30 09:11:50
1640855511857963000,73.3,3,73.3,2,73.4,63,2,2021-12-30 09:11:51
1640855512577382000,73.4,1,73.3,2,73.4,62,1,2021-12-30 09:11:52
1640855513595750000,73.3,1,73.3,2,73.4,62,2,2021-12-30 09:11:53
1640855515258552000,73.4,5,73.3,6,73.4,57,1,2021-12-30 09:11:55
1640855517686029000,73.3,2,73.3,5,73.4,57,2,2021-12-30 09:11:57
1640855518703378000,73.4,1,73.3,6,73.4,56,1,2021-12-30 09:11:58
1640855523132557000,73.3,1,73.3,13,73.4,56,2,2021-12-30 09:12:03
1640855524984582000,73.4,1,73.3,13,73.4,65,1,2021-12-30 09:12:04
1640855526821504000,73.4,19,73.3,14,73.4,47,1,2021-12-30 09:12:06
1640855527839860000,73.4,1,73.3,17,73.4,46,1,2021-12-30 09:12:07
1640855528007066000,73.3,10,73.3,7,73.4,46,2,2021-12-30 09:12:08
1640855528209030000,73.4,1,73.3,7,73.4,45,1,2021-12-30 09:12:08
1640855528584322000,73.4,1,73.3,7,73.4,44,1,2021-12-30 09:12:08
1640855528607929000,73.4,7,73.3,7,73.4,37,1,2021-12-30 09:12:08
1640855529386455000,73.3,2,73.3,5,73.4,37,2,2021-12-30 09:12:09
1640855529557267000,73.4,5,73.3,5,73.4,32,1,2021-12-30 09:12:09
1640855529846350000,73.4,1,73.3,5,73.4,31,1,2021-12-30 09:12:09
1640855530183049000,73.3,5,73.1,2,73.4,31,2,2021-12-30 09:12:10
1640855530183049000,73.2,8,73.1,2,73.4,31,2,2021-12-30 09:12:10
1640855530183049000,73.1,2,73.1,2,73.4,31,2,2021-12-30 09:12:10
1640855530949348000,73.3,1,73.1,3,73.3,1,1,2021-12-30 09:12:10
1640855531149801000,73.3,1,73.1,3,73.4,31,1,2021-12-30 09:12:11
1640855531707665000,73.4,2,73.1,3,73.4,29,1,2021-12-30 09:12:11
1640855534845619000,73.3,1,73.1,3,73.3,1,1,2021-12-30 09:12:14
1640855536201091000,73.3,5,73.1,3,73.3,2,1,2021-12-30 09:12:16
1640855536559052000,73.3,2,73.1,3,73.4,29,1,2021-12-30 09:12:16
1640855537442322000,73.3,2,73.1,3,73.4,26,1,2021-12-30 09:12:17
1640855537442322000,73.4,3,73.1,3,73.4,26,1,2021-12-30 09:12:17
1640855540426350000,73.3,1,73.1,4,73.3,3,1,2021-12-30 09:12:20
1640855543774202000,73.2,1,73.1,5,73.3,3,1,2021-12-30 09:12:23
1640855545574702000,73.3,1,73.1,6,73.3,2,1,2021-12-30 09:12:25
1640855546431673000,73.1,2,73.1,4,73.3,3,2,2021-12-30 09:12:26
1640855546820090000,73.3,1,73.1,4,73.3,5,1,2021-12-30 09:12:26
1640855549181022000,73.3,1,73.1,6,73.3,2,1,2021-12-30 09:12:29
1640855553799417000,73.2,2,73.1,9,73.2,2,2,2021-12-30 09:12:33
1640855553884702000,73.1,5,73.1,4,73.2,2,2,2021-12-30 09:12:33
1640855554918223000,73.2,1,73.1,4,73.2,1,1,2021-12-30 09:12:34
1640855558968419000,73.2,1,73.1,4,73.2,1,1,2021-12-30 09:12:38
1640855559447898000,73.2,1,73.1,4,73.3,10,1,2021-12-30 09:12:39
1640855560734330000,73.2,1,73.1,7,73.2,1,1,2021-12-30 09:12:40
1640855561087949000,73.1,1,73.1,6,73.2,1,2,2021-12-30 09:12:41
1640855567000073000,73.3,1,73.2,1,73.3,11,1,2021-12-30 09:12:47
1640855569443644000,73.2,1,73.2,1,73.3,12,2,2021-12-30 09:12:49
1640855569464288000,73.2,1,73.1,7,73.3,12,2,2021-12-30 09:12:49
1640855569848417000,73.2,2,73.2,15,73.3,12,1,2021-12-30 09:12:49
1640855573890447000,73.2,1,73.2,23,73.3,12,2,2021-12-30 09:12:53
1640855574385574000,73.2,1,73.2,22,73.3,12,2,2021-12-30 09:12:54
1640855574649056000,73.2,1,73.2,21,73.3,12,2,2021-12-30 09:12:54
1640855574679139000,73.2,1,73.2,20,73.3,12,2,2021-12-30 09:12:54
1640855574858678000,73.2,1,73.2,19,73.3,12,2,2021-12-30 09:12:54
1640855575033134000,73.2,1,73.2,18,73.3,12,2,2021-12-30 09:12:55
1640855575084428000,73.2,1,73.2,17,73.3,12,2,2021-12-30 09:12:55
1640855575259488000,73.2,2,73.2,15,73.3,12,2,2021-12-30 09:12:55
1640855577493637000,73.2,1,73.2,14,73.3,12,2,2021-12-30 09:12:57
1640855580257996000,73.3,1,73.2,14,73.3,11,1,2021-12-30 09:13:00
1640855586903548000,73.3,1,73.2,14,73.3,10,1,2021-12-30 09:13:06
1640855587447027000,73.3,10,73.3,1,73.4,16,1,2021-12-30 09:13:07
1640855587843226000,73.3,1,73.2,14,73.4,16,2,2021-12-30 09:13:07
1640855588218885000,73.3,1,73.3,2,73.4,16,2,2021-12-30 09:13:08
1640855589266326000,73.3,1,73.3,2,73.4,16,2,2021-12-30 09:13:09
1640855590373726000,73.3,1,73.3,1,73.4,16,2,2021-12-30 09:13:10
1640855591577414000,73.3,1,73.3,1,73.4,16,2,2021-12-30 09:13:11
1640855592961608000,73.3,1,73.2,14,73.4,16,2,2021-12-30 09:13:12
1640855596779429000,73.2,2,73.2,13,73.3,12,2,2021-12-30 09:13:16
1640855597006287000,73.2,2,73.2,11,73.3,12,2,2021-12-30 09:13:17
1640855601162317000,73.2,1,73.2,12,73.3,13,2,2021-12-30 09:13:21
1640855603671391000,73.3,5,73.2,13,73.3,8,1,2021-12-30 09:13:23
1640855605776296000,73.3,1,73.2,13,73.3,7,1,2021-12-30 09:13:25
1640855607515938000,73.3,5,73.2,13,73.3,2,1,2021-12-30 09:13:27
1640855607892937000,73.3,1,73.2,13,73.3,1,1,2021-12-30 09:13:27
1640855607956149000,73.3,1,73.2,13,73.4,16,1,2021-12-30 09:13:27
1640855608822903000,73.3,1,73.2,11,73.4,16,2,2021-12-30 09:13:28
1640855608822903000,73.2,2,73.2,11,73.4,16,2,2021-12-30 09:13:28
1640855610928092000,73.3,1,73.2,9,73.4,17,2,2021-12-30 09:13:30
1640855610928092000,73.2,2,73.2,9,73.4,17,2,2021-12-30 09:13:30
1640855611355989000,73.3,1,73.3,1,73.4,17,2,2021-12-30 09:13:31
1640855611916488000,73.3,1,73.2,9,73.4,17,2,2021-12-30 09:13:31
1640855616157111000,73.3,1,73.2,9,73.4,18,2,2021-12-30 09:13:36
1640855620814165000,73.4,2,73.2,10,73.4,15,1,2021-12-30 09:13:40
1640855627083577000,73.3,1,73.2,11,73.4,15,1,2021-12-30 09:13:47
1640855629973992000,73.3,1,73.2,11,73.3,1,1,2021-12-30 09:13:49
1640855631302247000,73.2,5,73.2,6,73.3,1,2,2021-12-30 09:13:51
1640855635291082000,73.3,1,73.2,11,73.3,3,1,2021-12-30 09:13:55
1640855635768517000,73.3,3,73.4,1,73.5,57,1,2021-12-30 09:13:55
1640855635768517000,73.4,16,73.4,1,73.5,57,1,2021-12-30 09:13:55
1640855635794298000,73.4,1,73.2,11,73.5,57,2,2021-12-30 09:13:55
1640855637442500000,73.3,1,73.2,11,73.3,1,1,2021-12-30 09:13:57
1640855637667560000,73.3,1,73.2,11,73.3,2,1,2021-12-30 09:13:57
1640855642575255000,73.3,1,73.2,11,73.3,1,1,2021-12-30 09:14:02
1640855646500648000,73.3,1,73.2,12,73.4,3,1,2021-12-30 09:14:06
1640855649248342000,73.3,1,73.2,12,73.4,3,1,2021-12-30 09:14:09
1640855651293216000,73.2,10,73.2,3,73.4,3,2,2021-12-30 09:14:11
1640855651334309000,73.2,3,73.1,11,73.4,3,2,2021-12-30 09:14:11
1640855656290342000,73.3,1,73.1,11,73.3,3,1,2021-12-30 09:14:16
1640855660851126000,73.2,1,73.1,11,73.2,3,1,2021-12-30 09:14:20
1640855661963004000,73.2,1,73.1,11,73.2,2,1,2021-12-30 09:14:21
1640855663069677000,73.2,1,73.1,11,73.2,1,1,2021-12-30 09:14:23
1640855674107227000,73.3,5,73.2,2,73.3,1,1,2021-12-30 09:14:34
1640855674709112000,73.2,1,73.2,1,73.3,1,2,2021-12-30 09:14:34
1640855682902372000,73.2,5,73.2,9,73.3,1,2,2021-12-30 09:14:42
1640855683000461000,73.2,1,73.2,8,73.3,1,2,2021-12-30 09:14:43
1640855685111263000,73.2,8,73.1,11,73.2,2,2,2021-12-30 09:14:45
1640855691660222000,73.1,2,73.1,9,73.2,3,2,2021-12-30 09:14:51
1640855693248242000,73.2,3,73.2,2,73.3,6,1,2021-12-30 09:14:53
1640855694410324000,73.2,1,73.2,1,73.3,6,2,2021-12-30 09:14:54
1640855694645040000,73.2,1,73.1,9,73.3,6,2,2021-12-30 09:14:54
1640855699556412000,73.3,1,73.2,2,73.3,5,1,2021-12-30 09:14:59
1640855701368850000,73.2,1,73.2,1,73.3,5,2,2021-12-30 09:15:01
1640855705152143000,73.2,1,73.2,1,73.3,5,2,2021-12-30 09:15:05
1640855705406401000,73.2,1,73.1,9,73.3,5,2,2021-12-30 09:15:05
1640855708413918000,73.2,1,73.1,9,73.3,5,2,2021-12-30 09:15:08
1640855708847851000,73.1,5,73.1,4,73.3,5,2,2021-12-30 09:15:08
1640855715561557000,73.3,2,73.1,4,73.3,4,1,2021-12-30 09:15:15
1640855736317057000,73.3,1,73.2,1,73.3,17,1,2021-12-30 09:15:36
1640855736495756000,73.3,1,73.2,1,73.3,16,1,2021-12-30 09:15:36
1640855736695682000,73.3,1,73.2,1,73.3,15,1,2021-12-30 09:15:36
1640855736909295000,73.2,1,73.1,6,73.3,15,2,2021-12-30 09:15:36
1640855737254677000,73.3,1,73.1,6,73.3,14,1,2021-12-30 09:15:37
1640855737426101000,73.3,1,73.1,6,73.3,13,1,2021-12-30 09:15:37
1640855737574179000,73.3,1,73.1,6,73.3,12,1,2021-12-30 09:15:37
1640855738413679000,73.3,1,73.1,6,73.3,11,1,2021-12-30 09:15:38
1640855738574724000,73.3,1,73.1,6,73.3,10,1,2021-12-30 09:15:38
1640855739159770000,73.3,1,73.1,6,73.3,9,1,2021-12-30 09:15:39
1640855739322198000,73.3,1,73.1,6,73.3,8,1,2021-12-30 09:15:39
1640855739792850000,73.3,1,73.1,6,73.3,7,1,2021-12-30 09:15:39
1640855739952019000,73.3,1,73.1,6,73.3,6,1,2021-12-30 09:15:39
1640855740132098000,73.3,1,73.1,6,73.3,5,1,2021-12-30 09:15:40
1640855740401902000,73.3,1,73.1,6,73.3,4,1,2021-12-30 09:15:40
1640855740596622000,73.3,1,73.1,6,73.3,3,1,2021-12-30 09:15:40
1640855740759125000,73.3,1,73.1,6,73.3,2,1,2021-12-30 09:15:40
1640855740943839000,73.3,1,73.1,6,73.3,1,1,2021-12-30 09:15:40
1640855741107405000,73.3,1,73.1,6,73.4,20,1,2021-12-30 09:15:41
1640855741643015000,73.4,1,73.1,6,73.4,19,1,2021-12-30 09:15:41
1640855741821909000,73.4,1,73.1,6,73.4,18,1,2021-12-30 09:15:41
1640855742026071000,73.4,1,73.1,6,73.4,17,1,2021-12-30 09:15:42
1640855742224570000,73.4,1,73.1,6,73.4,16,1,2021-12-30 09:15:42
1640855743164548000,73.4,1,73.1,6,73.4,15,1,2021-12-30 09:15:43
1640855743301838000,73.4,1,73.1,6,73.4,14,1,2021-12-30 09:15:43
1640855743557028000,73.4,1,73.1,6,73.4,13,1,2021-12-30 09:15:43
1640855744001839000,73.4,1,73.1,6,73.4,12,1,2021-12-30 09:15:44
1640855744192008000,73.4,1,73.1,6,73.4,11,1,2021-12-30 09:15:44
1640855744341090000,73.4,1,73.1,6,73.4,10,1,2021-12-30 09:15:44
1640855744761973000,73.4,1,73.1,6,73.4,9,1,2021-12-30 09:15:44
1640855744933807000,73.4,1,73.1,6,73.4,8,1,2021-12-30 09:15:44
1640855744958779000,73.4,8,73.2,1,73.5,48,1,2021-12-30 09:15:44
1640855745526016000,73.3,1,73.2,1,73.5,48,1,2021-12-30 09:15:45
1640855745894565000,73.5,1,73.2,1,73.5,47,1,2021-12-30 09:15:45
1640855745980762000,73.5,1,73.2,1,73.5,46,1,2021-12-30 09:15:45
1640855746055661000,73.5,1,73.2,1,73.5,45,1,2021-12-30 09:15:46
1640855746089465000,73.5,45,73.2,1,73.6,42,1,2021-12-30 09:15:46
1640855746235295000,73.6,1,73.2,1,73.6,41,1,2021-12-30 09:15:46
1640855746314168000,73.6,1,73.2,3,73.6,40,1,2021-12-30 09:15:46
1640855746376824000,73.6,3,73.2,3,73.6,37,1,2021-12-30 09:15:46
1640855746425815000,73.6,1,73.2,3,73.6,36,1,2021-12-30 09:15:46
1640855746467905000,73.6,1,73.2,3,73.6,35,1,2021-12-30 09:15:46
1640855747284569000,73.6,1,73.2,3,73.6,34,1,2021-12-30 09:15:47
1640855747469208000,73.6,1,73.2,3,73.6,33,1,2021-12-30 09:15:47
1640855747508950000,73.6,2,73.2,3,73.6,31,1,2021-12-30 09:15:47
1640855747682728000,73.6,1,73.2,3,73.6,30,1,2021-12-30 09:15:47
1640855748017457000,73.6,1,73.2,3,73.6,29,1,2021-12-30 09:15:48
1640855751832678000,73.6,1,73.4,1,73.6,29,1,2021-12-30 09:15:51
1640855752719358000,73.6,2,73.4,1,73.6,27,1,2021-12-30 09:15:52
1640855753279249000,73.4,1,73.3,2,73.6,27,2,2021-12-30 09:15:53
1640855753932946000,73.6,1,73.5,1,73.6,26,1,2021-12-30 09:15:53
1640855754076510000,73.6,1,73.5,1,73.6,25,1,2021-12-30 09:15:54
1640855755745928000,73.6,1,73.5,1,73.6,24,1,2021-12-30 09:15:55
1640855755978694000,73.6,2,73.5,1,73.6,22,1,2021-12-30 09:15:55
1640855756141871000,73.6,3,73.5,1,73.6,19,1,2021-12-30 09:15:56
1640855757702026000,73.6,1,73.5,1,73.6,19,1,2021-12-30 09:15:57
1640855758062805000,73.6,1,73.5,1,73.6,18,1,2021-12-30 09:15:58
1640855758358183000,73.6,1,73.5,1,73.6,17,1,2021-12-30 09:15:58
1640855760982894000,73.5,1,73.5,2,73.6,17,2,2021-12-30 09:16:00
1640855761341943000,73.6,1,73.5,2,73.6,16,1,2021-12-30 09:16:01
1640855761373822000,73.6,5,73.5,2,73.6,11,1,2021-12-30 09:16:01
1640855761414266000,73.5,1,73.5,1,73.6,11,2,2021-12-30 09:16:01
1640855762123196000,73.6,10,73.5,1,73.6,1,1,2021-12-30 09:16:02
1640855762589477000,73.6,1,73.5,1,73.7,8,1,2021-12-30 09:16:02
1640855767675902000,73.7,1,73.5,4,73.7,7,1,2021-12-30 09:16:07
1640855767761520000,73.7,1,73.5,4,73.7,6,1,2021-12-30 09:16:07
1640855767822132000,73.7,3,73.5,4,73.7,3,1,2021-12-30 09:16:07
1640855767837079000,73.7,2,73.5,4,73.7,1,1,2021-12-30 09:16:07
1640855768127986000,73.7,1,73.5,4,73.8,16,1,2021-12-30 09:16:08
1640855771644003000,73.8,5,73.6,1,73.8,11,1,2021-12-30 09:16:11
1640855771745715000,73.8,1,73.6,1,73.8,10,1,2021-12-30 09:16:11
1640855771820884000,73.8,5,73.6,1,73.8,5,1,2021-12-30 09:16:11
1640855772607772000,73.7,1,73.6,1,73.8,5,1,2021-12-30 09:16:12
1640855773325526000,73.6,1,73.5,10,73.8,5,2,2021-12-30 09:16:13
1640855773462741000,73.8,5,73.5,10,73.9,7,1,2021-12-30 09:16:13
1640855773616018000,73.9,5,73.5,10,73.9,2,1,2021-12-30 09:16:13
1640855774517754000,73.9,2,73.7,1,74.0,60,1,2021-12-30 09:16:14
1640855774517754000,74.0,3,73.7,1,74.0,60,1,2021-12-30 09:16:14
1640855774689610000,74.0,5,73.7,1,74.0,55,1,2021-12-30 09:16:14
1640855774714170000,74.0,1,73.7,1,74.0,54,1,2021-12-30 09:16:14
1640855775484105000,74.0,5,73.7,1,74.0,49,1,2021-12-30 09:16:15
1640855775654150000,74.0,5,73.7,2,74.0,44,1,2021-12-30 09:16:15
1640855776901978000,73.8,1,73.7,2,74.0,44,1,2021-12-30 09:16:16
1640855777021969000,74.0,5,73.7,2,74.0,39,1,2021-12-30 09:16:17
1640855777205661000,74.0,5,73.7,2,74.0,34,1,2021-12-30 09:16:17
1640855777392749000,74.0,5,73.7,2,74.0,29,1,2021-12-30 09:16:17
1640855777565977000,74.0,5,73.7,2,74.0,24,1,2021-12-30 09:16:17
1640855778966185000,74.0,1,73.7,2,74.0,23,1,2021-12-30 09:16:18
1640855780491068000,74.0,1,73.9,2,74.0,22,1,2021-12-30 09:16:20
1640855780654153000,74.0,1,73.9,2,74.0,21,1,2021-12-30 09:16:20
1640855780696406000,74.0,1,73.9,2,74.0,20,1,2021-12-30 09:16:20
1640855780791840000,74.0,1,73.9,2,74.0,19,1,2021-12-30 09:16:20
1640855780937403000,74.0,1,73.9,2,74.0,18,1,2021-12-30 09:16:20
1640855781412121000,74.0,1,73.9,2,74.0,17,1,2021-12-30 09:16:21
1640855781609134000,74.0,1,73.9,2,74.0,16,1,2021-12-30 09:16:21
1640855781833248000,74.0,1,73.9,2,74.0,15,1,2021-12-30 09:16:21
1640855782511584000,74.0,2,73.9,2,74.0,13,1,2021-12-30 09:16:22
1640855782633450000,74.0,1,73.9,2,74.0,12,1,2021-12-30 09:16:22
1640855782714213000,74.0,1,73.9,2,74.0,11,1,2021-12-30 09:16:22
1640855782736136000,74.0,2,73.9,2,74.0,9,1,2021-12-30 09:16:22
1640855782749094000,74.0,1,73.9,2,74.0,8,1,2021-12-30 09:16:22
1640855782897961000,74.0,1,73.9,2,74.0,7,1,2021-12-30 09:16:22
1640855783098738000,74.0,1,73.9,2,74.0,6,1,2021-12-30 09:16:23
1640855783281352000,74.0,1,73.9,2,74.0,5,1,2021-12-30 09:16:23
1640855783456853000,74.0,1,73.9,2,74.0,4,1,2021-12-30 09:16:23
1640855783470933000,74.0,2,73.9,2,74.0,2,1,2021-12-30 09:16:23
1640855783527343000,74.0,2,73.9,2,74.1,137,1,2021-12-30 09:16:23
1640855783752099000,74.1,2,73.9,2,74.1,135,1,2021-12-30 09:16:23
1640855783862057000,73.9,1,73.9,1,74.1,135,2,2021-12-30 09:16:23
1640855783905061000,74.1,1,73.9,1,74.1,134,1,2021-12-30 09:16:23
1640855784087951000,74.1,1,73.9,1,74.1,133,1,2021-12-30 09:16:24
1640855784596875000,74.1,1,73.9,1,74.1,132,1,2021-12-30 09:16:24
1640855784760673000,74.1,1,74.0,1,74.1,131,1,2021-12-30 09:16:24
1640855784945892000,74.1,1,74.0,2,74.1,130,1,2021-12-30 09:16:24
1640855785005388000,74.1,3,74.0,2,74.1,127,1,2021-12-30 09:16:25
1640855785379281000,74.1,1,74.0,12,74.1,126,1,2021-12-30 09:16:25
1640855785559267000,74.1,1,74.0,12,74.1,125,1,2021-12-30 09:16:25
1640855785744070000,74.1,1,74.0,12,74.1,124,1,2021-12-30 09:16:25
1640855785911591000,74.1,1,74.0,12,74.1,123,1,2021-12-30 09:16:25
1640855786086434000,74.1,1,74.0,12,74.1,122,1,2021-12-30 09:16:26
1640855786338672000,74.1,1,74.0,12,74.1,121,1,2021-12-30 09:16:26
1640855786850638000,74.1,1,74.0,12,74.1,120,1,2021-12-30 09:16:26
1640855787025528000,74.1,1,74.0,12,74.1,119,1,2021-12-30 09:16:27
1640855787437583000,74.1,1,74.0,12,74.1,118,1,2021-12-30 09:16:27
1640855787606282000,74.1,1,74.0,12,74.1,117,1,2021-12-30 09:16:27
1640855787797015000,74.1,1,74.0,12,74.1,116,1,2021-12-30 09:16:27
1640855788760118000,74.1,1,74.0,12,74.1,115,1,2021-12-30 09:16:28
1640855788947370000,74.1,1,74.0,12,74.1,114,1,2021-12-30 09:16:28
1640855789034293000,74.1,1,74.0,12,74.1,113,1,2021-12-30 09:16:29
1640855789111705000,74.1,1,74.0,12,74.1,112,1,2021-12-30 09:16:29
1640855789280943000,74.1,1,74.0,12,74.1,111,1,2021-12-30 09:16:29
1640855789426324000,74.1,5,74.0,12,74.1,106,1,2021-12-30 09:16:29
1640855789448792000,74.1,1,74.0,12,74.1,105,1,2021-12-30 09:16:29
1640855789454287000,74.0,1,74.0,11,74.1,105,2,2021-12-30 09:16:29
1640855789663859000,74.1,1,74.0,11,74.1,104,1,2021-12-30 09:16:29
1640855789862789000,74.1,1,74.0,11,74.1,103,1,2021-12-30 09:16:29
1640855789905363000,74.1,3,74.0,11,74.1,100,1,2021-12-30 09:16:29
1640855790050613000,74.1,1,74.0,11,74.1,99,1,2021-12-30 09:16:30
1640855790177943000,74.1,1,74.0,11,74.1,98,1,2021-12-30 09:16:30
1640855790251044000,74.1,1,74.0,11,74.1,97,1,2021-12-30 09:16:30
1640855790814467000,74.1,1,74.0,11,74.1,96,1,2021-12-30 09:16:30
1640855790819074000,74.1,1,74.0,11,74.1,95,1,2021-12-30 09:16:30
1640855790866537000,74.1,3,74.0,11,74.1,92,1,2021-12-30 09:16:30
1640855791013576000,74.1,1,74.0,11,74.1,91,1,2021-12-30 09:16:31
1640855791022770000,74.1,4,74.0,11,74.1,87,1,2021-12-30 09:16:31
1640855791250964000,74.1,1,74.0,16,74.1,86,1,2021-12-30 09:16:31
1640855791322891000,74.1,1,74.0,16,74.1,85,1,2021-12-30 09:16:31
1640855791646642000,74.1,3,74.0,16,74.1,82,1,2021-12-30 09:16:31
1640855791951953000,74.1,1,74.0,16,74.1,81,1,2021-12-30 09:16:31
1640855792140283000,74.1,1,74.0,16,74.1,80,1,2021-12-30 09:16:32
1640855792330216000,74.1,1,74.0,16,74.1,79,1,2021-12-30 09:16:32
1640855792359465000,74.1,1,74.0,16,74.1,78,1,2021-12-30 09:16:32
1640855792507669000,74.1,1,74.0,17,74.1,77,1,2021-12-30 09:16:32
1640855792695025000,74.1,1,74.0,17,74.1,76,1,2021-12-30 09:16:32
1640855792780986000,74.1,1,74.0,17,74.1,75,1,2021-12-30 09:16:32
1640855792819054000,74.1,20,74.0,17,74.1,55,1,2021-12-30 09:16:32
1640855792856849000,74.1,2,74.0,17,74.1,53,1,2021-12-30 09:16:32
1640855792970591000,74.1,1,74.0,17,74.1,52,1,2021-12-30 09:16:32
1640855793080862000,74.1,2,74.0,17,74.1,50,1,2021-12-30 09:16:33
1640855793293847000,74.1,1,74.0,18,74.1,49,1,2021-12-30 09:16:33
1640855793505864000,74.1,1,74.0,20,74.1,48,1,2021-12-30 09:16:33
1640855793620763000,74.1,2,74.0,20,74.1,46,1,2021-12-30 09:16:33
1640855794006095000,74.1,2,74.0,20,74.1,44,1,2021-12-30 09:16:34
1640855794050797000,74.1,2,74.0,20,74.1,42,1,2021-12-30 09:16:34
1640855794214011000,74.1,2,74.0,20,74.1,40,1,2021-12-30 09:16:34
1640855794325999000,74.1,2,74.0,20,74.1,38,1,2021-12-30 09:16:34
1640855794434025000,74.1,5,74.0,20,74.1,33,1,2021-12-30 09:16:34
1640855794537987000,74.1,2,74.0,20,74.1,31,1,2021-12-30 09:16:34
1640855794569026000,74.1,3,74.0,20,74.1,28,1,2021-12-30 09:16:34
1640855794624260000,74.1,5,74.0,20,74.1,23,1,2021-12-30 09:16:34
1640855794651009000,74.1,2,74.0,20,74.1,21,1,2021-12-30 09:16:34
1640855795459256000,74.1,3,74.0,20,74.1,18,1,2021-12-30 09:16:35
1640855795460258000,74.1,1,74.0,20,74.1,17,1,2021-12-30 09:16:35
1640855795487983000,74.1,1,74.0,20,74.1,16,1,2021-12-30 09:16:35
1640855795495836000,74.1,1,74.0,20,74.1,15,1,2021-12-30 09:16:35
1640855795873443000,74.0,1,74.0,21,74.1,15,2,2021-12-30 09:16:35
1640855795907475000,74.0,1,74.0,20,74.1,15,2,2021-12-30 09:16:35
1640855796008375000,74.1,1,74.0,20,74.1,14,1,2021-12-30 09:16:36
1640855796024214000,74.1,1,74.0,20,74.1,13,1,2021-12-30 09:16:36
1640855796059823000,74.1,2,74.0,20,74.1,11,1,2021-12-30 09:16:36
1640855796094574000,74.1,4,74.0,20,74.1,7,1,2021-12-30 09:16:36
1640855796269122000,74.1,5,74.0,20,74.1,2,1,2021-12-30 09:16:36
1640855796411010000,74.1,1,74.0,20,74.1,1,1,2021-12-30 09:16:36
1640855796546518000,74.1,1,74.0,20,74.2,9,1,2021-12-30 09:16:36
1640855796876916000,74.1,1,74.1,2,74.2,9,2,2021-12-30 09:16:36
1640855797230353000,74.2,1,74.1,3,74.2,8,1,2021-12-30 09:16:37
1640855798935885000,74.1,1,74.1,8,74.2,8,2,2021-12-30 09:16:38
1640855800015654000,74.1,1,74.1,10,74.2,8,2,2021-12-30 09:16:40
1640855800310547000,74.2,1,74.1,10,74.2,7,1,2021-12-30 09:16:40
1640855802805562000,74.2,1,74.1,13,74.2,6,1,2021-12-30 09:16:42
1640855804032039000,74.2,1,74.1,12,74.2,6,1,2021-12-30 09:16:44
1640855805603600000,74.2,5,74.1,10,74.2,1,1,2021-12-30 09:16:45
1640855807065765000,74.2,1,74.1,11,74.2,1,1,2021-12-30 09:16:47
1640855807745275000,74.2,1,74.1,11,74.3,12,1,2021-12-30 09:16:47
1640855808218657000,74.3,1,74.1,10,74.3,11,1,2021-12-30 09:16:48
1640855808313446000,74.3,1,74.1,10,74.3,10,1,2021-12-30 09:16:48
1640855808496656000,74.1,10,73.9,2,74.0,23,2,2021-12-30 09:16:48
1640855808496656000,74.0,27,73.9,2,74.0,23,2,2021-12-30 09:16:48
1640855808526456000,73.9,1,73.9,1,74.0,73,2,2021-12-30 09:16:48
1640855808548070000,74.0,1,73.9,1,74.0,72,1,2021-12-30 09:16:48
1640855808553999000,73.9,1,73.8,2,74.0,72,2,2021-12-30 09:16:48
1640855808638392000,73.9,1,73.8,2,74.0,72,1,2021-12-30 09:16:48
1640855808646900000,73.8,2,73.7,2,74.0,72,2,2021-12-30 09:16:48
1640855808797075000,74.0,1,73.7,2,74.0,71,1,2021-12-30 09:16:48
1640855809697968000,73.9,2,73.7,2,74.0,70,1,2021-12-30 09:16:49
1640855809697968000,74.0,1,73.7,2,74.0,70,1,2021-12-30 09:16:49
1640855816577255000,73.7,2,73.6,1,73.8,4,2,2021-12-30 09:16:56
1640855817444575000,73.8,1,73.6,1,73.8,4,1,2021-12-30 09:16:57
1640855817862912000,73.7,2,73.6,1,73.8,3,1,2021-12-30 09:16:57
1640855817862912000,73.8,3,73.6,1,73.8,3,1,2021-12-30 09:16:57
1640855818264642000,73.8,3,73.6,1,73.8,1,1,2021-12-30 09:16:58
1640855822520697000,73.7,1,73.6,1,73.8,6,1,2021-12-30 09:17:02
1640855826677994000,73.7,1,73.6,1,73.7,1,1,2021-12-30 09:17:06
1640855826939456000,73.6,1,73.5,3,73.7,1,2,2021-12-30 09:17:06
1640855827306199000,73.7,1,73.7,1,73.8,8,1,2021-12-30 09:17:07
1640855827325493000,73.7,1,73.5,3,73.8,8,2,2021-12-30 09:17:07
1640855830028573000,73.8,1,73.7,9,73.8,7,1,2021-12-30 09:17:10
1640855830291758000,73.8,1,73.7,9,73.8,6,1,2021-12-30 09:17:10
1640855830936703000,73.7,1,73.7,9,73.8,7,2,2021-12-30 09:17:10
1640855833381635000,73.8,3,73.7,9,73.8,4,1,2021-12-30 09:17:13
1640855833442921000,73.7,3,73.7,6,73.8,5,2,2021-12-30 09:17:13
1640855837092363000,73.7,5,73.7,2,73.8,3,2,2021-12-30 09:17:17
1640855837237568000,73.7,2,73.6,2,73.7,8,2,2021-12-30 09:17:17
1640855839937049000,73.7,1,73.6,2,73.7,12,1,2021-12-30 09:17:19
1640855842938039000,73.7,1,73.6,2,73.7,11,1,2021-12-30 09:17:22
1640855844883851000,73.6,1,73.6,1,73.7,12,2,2021-12-30 09:17:24
1640855844912988000,73.6,1,73.5,2,73.7,12,2,2021-12-30 09:17:24
1640855853447457000,73.6,1,73.5,3,73.6,3,1,2021-12-30 09:17:33
1640855856651089000,73.6,2,73.5,3,73.6,2,1,2021-12-30 09:17:36
1640855859902934000,73.5,1,73.5,2,73.6,2,2,2021-12-30 09:17:39
1640855861636733000,73.5,1,73.5,2,73.6,3,2,2021-12-30 09:17:41
1640855862860218000,73.6,2,73.5,2,73.6,1,1,2021-12-30 09:17:42
1640855864454551000,73.5,1,73.5,1,73.6,1,2,2021-12-30 09:17:44
1640855864701057000,73.6,1,73.5,1,73.7,8,1,2021-12-30 09:17:44
1640855864701057000,73.7,1,73.5,1,73.7,8,1,2021-12-30 09:17:44
1640855866069699000,73.5,1,73.4,3,73.7,8,2,2021-12-30 09:17:46
1640855866167867000,73.7,1,73.4,3,73.7,7,1,2021-12-30 09:17:46
1640855867094670000,73.7,2,73.4,2,73.7,8,1,2021-12-30 09:17:47
1640855868589798000,73.7,1,73.5,10,73.7,4,1,2021-12-30 09:17:48
1640855868855547000,73.5,1,73.5,9,73.7,4,2,2021-12-30 09:17:48
1640855872450615000,73.7,1,73.6,2,73.7,3,1,2021-12-30 09:17:52
1640855874073184000,73.7,3,73.6,2,73.8,5,1,2021-12-30 09:17:54
1640855879734208000,73.6,2,73.5,14,73.8,2,2,2021-12-30 09:17:59
1640855881374858000,73.7,1,73.5,14,73.7,1,1,2021-12-30 09:18:01
1640855883340670000,73.6,1,73.5,14,73.7,1,1,2021-12-30 09:18:03
1640855894151965000,73.6,1,73.6,28,73.7,3,2,2021-12-30 09:18:14
1640855894494911000,73.7,1,73.6,28,73.7,2,1,2021-12-30 09:18:14
1640855898666515000,73.7,1,73.6,28,73.7,1,1,2021-12-30 09:18:18
1640855901583954000,73.6,5,73.6,23,73.7,1,2,2021-12-30 09:18:21
1640855902533048000,73.7,1,73.7,4,73.8,7,1,2021-12-30 09:18:22
1640855904533650000,73.8,7,73.8,5,73.9,13,1,2021-12-30 09:18:24
1640855904550193000,73.8,1,73.8,4,73.9,13,2,2021-12-30 09:18:24
1640855906179002000,73.8,1,73.8,3,73.9,13,2,2021-12-30 09:18:26
1640855907980800000,73.8,1,73.8,2,73.9,13,2,2021-12-30 09:18:27
1640855912479892000,73.8,1,73.8,1,73.9,14,2,2021-12-30 09:18:32
1640855913414504000,73.8,1,73.7,6,73.9,14,2,2021-12-30 09:18:33
1640855913456169000,73.9,1,73.7,6,73.9,13,1,2021-12-30 09:18:33
1640855919771838000,73.7,5,73.7,3,73.8,1,2,2021-12-30 09:18:39
1640855926396028000,73.7,3,73.6,11,73.8,3,2,2021-12-30 09:18:46
1640855930158016000,73.8,1,73.6,12,73.8,5,1,2021-12-30 09:18:50
1640855932012192000,73.8,1,73.6,12,73.8,4,1,2021-12-30 09:18:52
1640855932199167000,73.8,1,73.6,12,73.8,3,1,2021-12-30 09:18:52
1640855932840564000,73.8,1,73.6,12,73.8,2,1,2021-12-30 09:18:52
1640855932996329000,73.8,1,73.6,12,73.8,1,1,2021-12-30 09:18:52
1640855933141700000,73.8,1,73.6,13,73.9,14,1,2021-12-30 09:18:53
1640855933310207000,73.9,1,73.6,13,73.9,13,1,2021-12-30 09:18:53
1640855934056349000,73.8,1,73.6,13,73.9,13,1,2021-12-30 09:18:54
1640855934205060000,73.9,1,73.6,13,73.9,12,1,2021-12-30 09:18:54
1640855934389366000,73.9,1,73.6,13,73.9,11,1,2021-12-30 09:18:54
1640855935405525000,73.9,1,73.6,13,73.9,10,1,2021-12-30 09:18:55
1640855936388875000,73.9,1,73.6,13,73.9,9,1,2021-12-30 09:18:56
1640855936542306000,73.9,1,73.6,13,73.9,8,1,2021-12-30 09:18:56
1640855936768479000,73.9,1,73.6,13,73.9,7,1,2021-12-30 09:18:56
1640855937420886000,73.9,1,73.6,13,73.9,6,1,2021-12-30 09:18:57
1640855937639397000,73.9,1,73.7,1,73.9,5,1,2021-12-30 09:18:57
1640855937732040000,73.9,1,73.7,1,73.9,4,1,2021-12-30 09:18:57
1640855938167893000,73.9,1,73.7,1,73.9,3,1,2021-12-30 09:18:58
1640855938332033000,73.9,1,73.7,1,73.9,2,1,2021-12-30 09:18:58
1640855938531883000,73.9,1,73.7,1,73.9,1,1,2021-12-30 09:18:58
1640855938735261000,73.9,1,73.7,1,74.0,85,1,2021-12-30 09:18:58
1640855938906980000,74.0,1,73.7,1,74.0,84,1,2021-12-30 09:18:58
1640855939125971000,74.0,1,73.7,1,74.0,83,1,2021-12-30 09:18:59
1640855939614147000,73.9,1,73.7,2,74.0,83,1,2021-12-30 09:18:59
1640855940411227000,74.0,1,73.7,2,74.0,82,1,2021-12-30 09:19:00
1640855940560206000,74.0,1,73.7,2,74.0,81,1,2021-12-30 09:19:00
1640855940751584000,74.0,1,73.7,2,74.0,80,1,2021-12-30 09:19:00
1640855941377777000,74.0,1,73.9,2,74.0,79,1,2021-12-30 09:19:01
1640855941549144000,74.0,1,73.9,2,74.0,78,1,2021-12-30 09:19:01
1640855941767941000,74.0,1,73.9,2,74.0,77,1,2021-12-30 09:19:01
1640855941868771000,74.0,3,73.9,2,74.0,74,1,2021-12-30 09:19:01
1640855942255901000,74.0,1,73.9,2,74.0,73,1,2021-12-30 09:19:02
1640855942440801000,74.0,1,73.9,2,74.0,72,1,2021-12-30 09:19:02
1640855942599729000,74.0,1,73.9,2,74.0,71,1,2021-12-30 09:19:02
1640855942784239000,74.0,1,73.9,2,74.0,70,1,2021-12-30 09:19:02
1640855943269088000,74.0,1,73.9,2,74.0,69,1,2021-12-30 09:19:03
1640855943520154000,74.0,1,73.9,2,74.0,68,1,2021-12-30 09:19:03
1640855943686995000,74.0,1,73.9,2,74.0,67,1,2021-12-30 09:19:03
1640855943850789000,74.0,1,73.9,2,74.0,66,1,2021-12-30 09:19:03
1640855944050452000,74.0,1,73.9,2,74.0,65,1,2021-12-30 09:19:04
1640855944178731000,74.0,50,73.9,2,74.0,15,1,2021-12-30 09:19:04
1640855944269618000,74.0,1,73.9,2,74.0,14,1,2021-12-30 09:19:04
1640855944734160000,74.0,1,73.9,2,74.0,13,1,2021-12-30 09:19:04
1640855944798543000,74.0,5,73.9,2,74.0,8,1,2021-12-30 09:19:04
1640855944831446000,74.0,2,73.9,2,74.0,6,1,2021-12-30 09:19:04
1640855945679449000,74.0,1,73.9,2,74.0,5,1,2021-12-30 09:19:05
1640855945705476000,74.0,4,73.9,2,74.0,1,1,2021-12-30 09:19:05
1640855945867929000,74.0,1,73.9,2,74.1,1,1,2021-12-30 09:19:05
1640855946925801000,74.1,1,74.0,3,74.2,10,1,2021-12-30 09:19:06
1640855947094857000,74.2,1,74.0,3,74.2,9,1,2021-12-30 09:19:07
1640855947142705000,74.2,1,74.0,3,74.2,8,1,2021-12-30 09:19:07
1640855947168229000,74.2,1,74.0,3,74.2,7,1,2021-12-30 09:19:07
1640855947664839000,74.2,1,74.0,7,74.2,6,1,2021-12-30 09:19:07
1640855947837243000,74.2,1,74.0,7,74.2,5,1,2021-12-30 09:19:07
1640855948302769000,74.2,1,74.0,7,74.2,4,1,2021-12-30 09:19:08
1640855948475323000,74.2,1,74.0,7,74.2,3,1,2021-12-30 09:19:08
1640855949028562000,74.2,2,74.0,7,74.2,1,1,2021-12-30 09:19:09
1640855949163328000,74.2,1,74.0,7,74.2,3,1,2021-12-30 09:19:09
1640855949380571000,74.2,1,74.0,7,74.2,2,1,2021-12-30 09:19:09
1640855949580361000,74.2,1,74.0,7,74.2,1,1,2021-12-30 09:19:09
1640855949759756000,74.2,1,74.0,7,74.3,160,1,2021-12-30 09:19:09
1640855949971091000,74.3,1,74.0,7,74.3,160,1,2021-12-30 09:19:09
1640855950179373000,74.3,1,74.0,7,74.3,159,1,2021-12-30 09:19:10
1640855950690359000,74.3,1,74.0,7,74.3,158,1,2021-12-30 09:19:10
1640855950854485000,74.3,1,74.0,7,74.3,157,1,2021-12-30 09:19:10
1640855951054626000,74.3,1,74.0,5,74.3,156,1,2021-12-30 09:19:11
1640855951288905000,74.3,1,74.0,4,74.3,155,1,2021-12-30 09:19:11
1640855951741001000,74.3,1,74.0,4,74.3,154,1,2021-12-30 09:19:11
1640855951962293000,74.3,1,74.0,4,74.3,153,1,2021-12-30 09:19:11
1640855952477111000,74.3,1,74.0,4,74.3,152,1,2021-12-30 09:19:12
1640855952649649000,74.3,1,74.0,4,74.3,151,1,2021-12-30 09:19:12
1640855952821868000,74.3,1,74.0,4,74.3,150,1,2021-12-30 09:19:12
1640855952972950000,74.3,1,74.0,4,74.3,149,1,2021-12-30 09:19:12
1640855953136532000,74.3,1,74.0,4,74.3,148,1,2021-12-30 09:19:13
1640855953321212000,74.3,1,74.0,4,74.3,147,1,2021-12-30 09:19:13
1640855953538865000,74.3,1,74.0,4,74.3,146,1,2021-12-30 09:19:13
1640855954434131000,74.3,1,74.0,6,74.3,145,1,2021-12-30 09:19:14
1640855954604122000,74.3,1,74.0,6,74.3,144,1,2021-12-30 09:19:14
1640855954790455000,74.3,1,74.0,6,74.3,143,1,2021-12-30 09:19:14
1640855954979798000,74.3,1,74.0,7,74.3,142,1,2021-12-30 09:19:14
1640855955052193000,74.3,4,74.0,7,74.3,138,1,2021-12-30 09:19:15
1640855955120132000,74.3,2,74.0,7,74.3,136,1,2021-12-30 09:19:15
1640855955177221000,74.3,1,74.0,7,74.3,135,1,2021-12-30 09:19:15
1640855955380413000,74.3,1,74.1,10,74.3,134,1,2021-12-30 09:19:15
1640855955515016000,74.3,10,74.1,10,74.3,124,1,2021-12-30 09:19:15
1640855955636049000,74.3,1,74.1,10,74.3,123,1,2021-12-30 09:19:15
1640855955681316000,74.3,7,74.1,10,74.3,116,1,2021-12-30 09:19:15
1640855955805571000,74.3,1,74.1,10,74.3,115,1,2021-12-30 09:19:15
1640855955864273000,74.3,8,74.1,10,74.3,107,1,2021-12-30 09:19:15
1640855955918998000,74.2,1,74.1,10,74.3,107,1,2021-12-30 09:19:15
1640855955974323000,74.3,1,74.1,10,74.3,106,1,2021-12-30 09:19:15
1640855956180872000,74.3,1,74.1,10,74.3,105,1,2021-12-30 09:19:16
1640855956354359000,74.3,1,74.1,10,74.3,104,1,2021-12-30 09:19:16
1640855956670839000,74.3,2,74.1,10,74.3,102,1,2021-12-30 09:19:16
1640855957087464000,74.3,1,74.1,10,74.3,101,1,2021-12-30 09:19:17
1640855957240871000,74.3,1,74.1,10,74.3,100,1,2021-12-30 09:19:17
1640855957451965000,74.3,1,74.1,10,74.3,99,1,2021-12-30 09:19:17
1640855957618952000,74.3,1,74.1,10,74.3,98,1,2021-12-30 09:19:17
1640855957839323000,74.3,1,74.1,10,74.3,97,1,2021-12-30 09:19:17
1640855958009681000,74.3,1,74.1,10,74.3,96,1,2021-12-30 09:19:18
1640855958257884000,74.3,1,74.1,10,74.3,95,1,2021-12-30 09:19:18
1640855958439319000,74.3,1,74.1,10,74.3,94,1,2021-12-30 09:19:18
1640855958464419000,74.3,1,74.1,10,74.3,93,1,2021-12-30 09:19:18
1640855958639463000,74.3,1,74.1,10,74.3,92,1,2021-12-30 09:19:18
1640855958822433000,74.3,1,74.1,10,74.3,91,1,2021-12-30 09:19:18
1640855958978685000,74.1,1,74.1,9,74.3,91,2,2021-12-30 09:19:18
1640855959004617000,74.3,2,74.1,9,74.3,89,1,2021-12-30 09:19:19
1640855959291423000,74.3,1,74.1,9,74.3,88,1,2021-12-30 09:19:19
1640855959335761000,74.3,1,74.1,9,74.3,87,1,2021-12-30 09:19:19
1640855959418377000,74.3,1,74.1,9,74.3,91,1,2021-12-30 09:19:19
1640855959600781000,74.3,1,74.0,7,74.3,90,1,2021-12-30 09:19:19
1640855959602880000,74.3,2,74.0,7,74.3,88,1,2021-12-30 09:19:19
1640855959682482000,74.3,1,74.0,7,74.3,87,1,2021-12-30 09:19:19
1640855959874949000,74.3,1,74.0,7,74.3,86,1,2021-12-30 09:19:19
1640855960070434000,74.3,1,74.0,7,74.3,86,1,2021-12-30 09:19:20
1640855960762762000,74.2,1,74.1,1,74.2,4,1,2021-12-30 09:19:20
1640855960953288000,74.2,1,74.1,1,74.2,3,1,2021-12-30 09:19:20
1640855961120795000,74.2,1,74.1,1,74.2,2,1,2021-12-30 09:19:21
1640855961703984000,74.2,1,74.1,1,74.2,11,1,2021-12-30 09:19:21
1640855961902551000,74.2,1,74.1,1,74.2,10,1,2021-12-30 09:19:21
1640855961924873000,74.2,2,74.1,1,74.2,8,1,2021-12-30 09:19:21
1640855962071470000,74.2,1,74.1,2,74.2,7,1,2021-12-30 09:19:22
1640855962086372000,74.2,2,74.1,2,74.2,5,1,2021-12-30 09:19:22
1640855962121927000,74.1,1,74.1,1,74.2,5,2,2021-12-30 09:19:22
1640855962187036000,74.2,2,74.1,1,74.2,3,1,2021-12-30 09:19:22
1640855962219476000,74.2,1,74.1,1,74.2,2,1,2021-12-30 09:19:22
1640855962282974000,74.1,1,74.0,8,74.2,2,2,2021-12-30 09:19:22
1640855962627175000,74.1,2,74.0,9,74.2,2,1,2021-12-30 09:19:22
1640855963815411000,74.2,2,74.0,10,74.2,10,1,2021-12-30 09:19:23
1640855964548257000,74.2,1,74.0,10,74.2,9,1,2021-12-30 09:19:24
1640855965655815000,74.2,1,74.0,10,74.2,8,1,2021-12-30 09:19:25
1640855966126868000,74.2,2,74.0,9,74.2,6,1,2021-12-30 09:19:26
1640855966250106000,74.0,9,73.8,6,74.0,13,2,2021-12-30 09:19:26
1640855967371119000,73.9,1,73.8,6,74.0,5,1,2021-12-30 09:19:27
1640855967371119000,74.0,8,73.8,6,74.0,5,1,2021-12-30 09:19:27
1640855967411117000,73.8,1,73.8,5,74.0,6,2,2021-12-30 09:19:27
1640855967564638000,73.8,3,73.7,5,73.8,6,2,2021-12-30 09:19:27
1640855967953685000,73.8,2,73.7,5,73.8,4,1,2021-12-30 09:19:27
1640855969099746000,73.8,1,73.7,5,73.8,3,1,2021-12-30 09:19:29
1640855971167620000,73.8,2,73.7,5,73.8,1,1,2021-12-30 09:19:31
1640855971740343000,73.8,1,73.7,5,74.0,9,1,2021-12-30 09:19:31
1640855971740343000,74.0,1,73.7,5,74.0,9,1,2021-12-30 09:19:31
1640855974870884000,73.8,1,73.8,1,73.9,6,2,2021-12-30 09:19:34
1640855974898011000,73.9,1,73.8,1,73.9,5,1,2021-12-30 09:19:34
1640855976784745000,73.9,3,73.8,2,73.9,8,1,2021-12-30 09:19:36
1640855978838830000,73.9,1,73.8,3,73.9,8,1,2021-12-30 09:19:38
1640855981382152000,73.9,1,73.8,5,73.9,12,1,2021-12-30 09:19:41
1640855981416635000,73.8,1,73.8,4,73.9,12,2,2021-12-30 09:19:41
1640855982295236000,73.9,1,73.8,4,73.9,11,1,2021-12-30 09:19:42
1640855987841566000,73.8,2,73.8,5,73.9,11,2,2021-12-30 09:19:47
1640855987871536000,73.8,1,73.8,4,73.9,11,2,2021-12-30 09:19:47
1640855988100645000,73.8,4,73.7,7,73.9,11,2,2021-12-30 09:19:48
1640855988148117000,73.9,2,73.7,7,73.9,9,1,2021-12-30 09:19:48
1640855999109754000,73.8,1,73.7,8,73.9,9,1,2021-12-30 09:19:59
1640856000545638000,73.9,1,73.7,8,73.9,8,1,2021-12-30 09:20:00
1640856000724945000,73.9,1,73.7,8,73.9,7,1,2021-12-30 09:20:00
1640856000909116000,73.9,1,73.7,8,73.9,11,1,2021-12-30 09:20:00
1640856001396961000,73.9,1,73.7,8,73.9,10,1,2021-12-30 09:20:01
1640856001557512000,73.9,1,73.7,8,73.9,9,1,2021-12-30 09:20:01
1640856001717991000,73.9,1,73.7,8,73.9,8,1,2021-12-30 09:20:01
1640856001894138000,73.9,1,73.7,8,73.9,7,1,2021-12-30 09:20:01
1640856002096719000,73.9,1,73.7,8,73.9,6,1,2021-12-30 09:20:02
1640856002288255000,73.9,1,73.7,8,73.9,5,1,2021-12-30 09:20:02
1640856002471375000,73.9,1,73.7,8,73.9,4,1,2021-12-30 09:20:02
1640856002729784000,73.9,1,73.7,8,73.9,3,1,2021-12-30 09:20:02
1640856002925775000,73.9,1,73.7,8,73.9,2,1,2021-12-30 09:20:02
1640856003143401000,73.9,1,73.7,8,73.9,1,1,2021-12-30 09:20:03
1640856003312428000,73.9,1,73.7,8,74.0,16,1,2021-12-30 09:20:03
1640856007842001000,73.9,2,73.8,1,74.0,17,2,2021-12-30 09:20:07
1640856008707393000,74.0,10,73.8,1,74.0,7,1,2021-12-30 09:20:08
1640856010675600000,73.9,1,73.9,1,74.0,7,2,2021-12-30 09:20:10
1640856011409783000,73.9,1,73.8,1,74.0,7,2,2021-12-30 09:20:11
1640856013923650000,73.9,1,73.9,1,74.0,12,2,2021-12-30 09:20:13
1640856020777907000,73.9,2,73.9,3,74.0,12,2,2021-12-30 09:20:20
1640856020856852000,73.9,3,73.8,4,74.0,12,2,2021-12-30 09:20:20
1640856024929097000,74.0,5,73.8,4,74.0,8,1,2021-12-30 09:20:24
1640856025776887000,73.9,1,73.8,4,73.9,4,1,2021-12-30 09:20:25
1640856028060346000,73.9,4,73.8,5,74.0,3,1,2021-12-30 09:20:28
1640856028060346000,74.0,6,73.8,5,74.0,3,1,2021-12-30 09:20:28
1640856029514005000,73.8,1,73.8,4,74.0,4,2,2021-12-30 09:20:29
1640856035045019000,74.0,9,74.0,1,74.1,24,1,2021-12-30 09:20:35
1640856035943542000,74.0,1,73.9,2,74.0,4,2,2021-12-30 09:20:35
1640856037077637000,74.0,4,73.9,2,74.0,5,1,2021-12-30 09:20:37
1640856039036012000,73.9,1,73.9,1,74.0,5,2,2021-12-30 09:20:39
1640856039442494000,73.9,1,73.8,7,74.0,5,2,2021-12-30 09:20:39
1640856042694278000,73.8,3,73.8,6,73.9,16,2,2021-12-30 09:20:42
1640856042729911000,73.8,3,73.8,3,73.9,16,2,2021-12-30 09:20:42
1640856043097484000,73.8,3,73.7,8,73.9,16,2,2021-12-30 09:20:43
1640856043498415000,73.8,1,73.7,8,73.9,16,1,2021-12-30 09:20:43
1640856044088305000,73.9,1,73.7,8,73.9,15,1,2021-12-30 09:20:44
1640856044172481000,73.8,1,73.7,8,73.9,6,1,2021-12-30 09:20:44
1640856044172481000,73.9,9,73.7,8,73.9,6,1,2021-12-30 09:20:44
1640856046429362000,73.8,1,73.7,8,73.9,6,1,2021-12-30 09:20:46
1640856050028136000,73.7,1,73.7,7,73.9,7,2,2021-12-30 09:20:50
1640856051642885000,73.7,5,73.7,2,73.8,5,2,2021-12-30 09:20:51
1640856051677591000,73.7,2,73.6,9,73.8,5,2,2021-12-30 09:20:51
1640856054308444000,73.8,1,73.6,13,73.9,15,2,2021-12-30 09:20:54
1640856057863512000,73.8,1,73.6,13,73.9,6,1,2021-12-30 09:20:57
1640856057863512000,73.9,4,73.6,13,73.9,6,1,2021-12-30 09:20:57
1640856064898174000,73.7,3,73.6,13,73.7,7,1,2021-12-30 09:21:04
1640856065246745000,73.7,2,73.6,13,73.7,6,1,2021-12-30 09:21:05
1640856067489042000,73.7,6,73.6,13,73.7,1,1,2021-12-30 09:21:07
1640856070773548000,73.7,1,73.6,13,73.7,1,1,2021-12-30 09:21:10
1640856071198751000,73.7,1,73.6,14,73.9,5,1,2021-12-30 09:21:11
1640856071198751000,73.8,1,73.6,14,73.9,5,1,2021-12-30 09:21:11
1640856072413087000,73.9,2,73.7,6,73.9,3,1,2021-12-30 09:21:12
1640856072784943000,73.7,1,73.7,5,73.9,3,2,2021-12-30 09:21:12
1640856077290508000,73.9,1,73.7,6,73.9,2,1,2021-12-30 09:21:17
1640856094259530000,73.8,2,73.8,1,73.9,11,2,2021-12-30 09:21:34
1640856094288210000,73.8,1,73.7,7,73.9,11,2,2021-12-30 09:21:34
1640856097388074000,73.7,7,73.6,16,73.8,5,2,2021-12-30 09:21:37
1640856100119307000,73.7,1,73.6,16,73.8,5,2,2021-12-30 09:21:40
1640856103425735000,73.6,1,73.6,15,73.8,8,2,2021-12-30 09:21:43
1640856103448676000,73.6,15,73.5,15,73.8,8,2,2021-12-30 09:21:43
1640856103526135000,73.7,1,73.5,15,73.9,15,1,2021-12-30 09:21:43
1640856103526135000,73.8,9,73.5,15,73.9,15,1,2021-12-30 09:21:43
1640856104380249000,73.7,1,73.5,15,73.8,3,2,2021-12-30 09:21:44
1640856111599188000,73.6,1,73.5,15,73.9,13,1,2021-12-30 09:21:51
1640856116581323000,73.5,1,73.5,16,73.8,8,2,2021-12-30 09:21:56
1640856126460045000,73.6,2,73.5,14,73.7,4,2,2021-12-30 09:22:06
1640856126986582000,73.7,1,73.5,14,73.8,9,1,2021-12-30 09:22:06
1640856126986582000,73.8,1,73.5,14,73.8,9,1,2021-12-30 09:22:06
1640856132350813000,73.6,1,73.5,16,73.8,9,2,2021-12-30 09:22:12
1640856134460234000,73.5,15,73.5,2,73.8,9,2,2021-12-30 09:22:14
1640856135179360000,73.5,1,73.5,1,73.8,9,2,2021-12-30 09:22:15
1640856138054834000,73.5,1,73.4,3,73.6,4,2,2021-12-30 09:22:18
1640856144905157000,73.5,1,73.4,2,73.6,6,2,2021-12-30 09:22:24
1640856144905157000,73.4,1,73.4,2,73.6,6,2,2021-12-30 09:22:24
1640856144989455000,73.4,1,73.4,1,73.5,1,2,2021-12-30 09:22:24
1640856145084763000,73.4,1,73.3,7,73.5,1,2,2021-12-30 09:22:25
1640856148942005000,73.3,3,73.3,4,73.4,2,2,2021-12-30 09:22:28
1640856148970490000,73.3,4,73.2,7,73.4,2,2,2021-12-30 09:22:28
1640856149064552000,73.2,1,73.2,6,73.4,3,2,2021-12-30 09:22:29
1640856152070980000,73.4,2,73.2,8,73.4,1,1,2021-12-30 09:22:32
1640856154735803000,73.2,1,73.2,7,73.4,2,2,2021-12-30 09:22:34
1640856154846227000,73.2,7,73.1,3,73.2,3,2,2021-12-30 09:22:34
1640856156079073000,73.2,1,73.1,3,73.2,2,1,2021-12-30 09:22:36
1640856156299285000,73.2,2,73.1,3,73.4,2,1,2021-12-30 09:22:36
1640856157302844000,73.2,1,73.2,1,73.4,4,2,2021-12-30 09:22:37
1640856158226958000,73.2,1,73.2,1,73.4,4,2,2021-12-30 09:22:38
1640856159214156000,73.2,1,73.2,1,73.4,4,2,2021-12-30 09:22:39
1640856160859064000,73.2,3,72.9,8,73.4,4,2,2021-12-30 09:22:40
1640856160859064000,73.1,5,72.9,8,73.4,4,2,2021-12-30 09:22:40
1640856160859064000,73.0,14,72.9,8,73.4,4,2,2021-12-30 09:22:40
1640856161523614000,73.2,1,72.9,8,73.2,1,1,2021-12-30 09:22:41
1640856162839620000,73.1,2,72.9,8,73.1,20,2,2021-12-30 09:22:42
1640856173638465000,73.1,1,72.9,7,73.1,30,1,2021-12-30 09:22:53
1640856186204349000,73.0,1,72.9,10,73.1,30,2,2021-12-30 09:23:06
1640856188736503000,72.9,1,72.9,10,73.1,31,2,2021-12-30 09:23:08
1640856188891627000,72.9,2,72.9,8,73.1,31,2,2021-12-30 09:23:08
1640856188930318000,72.9,8,72.8,12,73.1,31,2,2021-12-30 09:23:08
1640856189074705000,73.1,1,72.8,12,73.1,30,1,2021-12-30 09:23:09
1640856189446961000,72.8,1,72.8,11,73.1,30,2,2021-12-30 09:23:09
1640856190225714000,72.9,1,73.0,1,73.1,30,1,2021-12-30 09:23:10
1640856190256651000,73.0,1,72.8,11,73.1,30,2,2021-12-30 09:23:10
1640856205181440000,73.0,1,72.9,3,73.0,5,1,2021-12-30 09:23:25
1640856205436244000,72.9,1,72.9,2,73.0,5,2,2021-12-30 09:23:25
1640856209278491000,72.9,1,72.9,2,73.0,9,2,2021-12-30 09:23:29
1640856209939510000,73.0,1,72.9,2,73.0,9,1,2021-12-30 09:23:29
1640856210253730000,73.0,1,72.9,2,73.0,8,1,2021-12-30 09:23:30
1640856221056549000,72.9,5,72.8,13,72.9,5,2,2021-12-30 09:23:41
1640856223384500000,72.8,1,72.8,12,72.9,5,2,2021-12-30 09:23:43
1640856224035142000,72.9,5,72.8,12,72.9,3,1,2021-12-30 09:23:44
1640856225967767000,72.8,1,72.8,11,72.9,3,2,2021-12-30 09:23:45
1640856226403383000,72.8,10,72.8,1,72.9,3,2,2021-12-30 09:23:46
1640856226630380000,72.8,1,72.7,13,72.9,3,2,2021-12-30 09:23:46
1640856227889200000,72.7,1,72.7,12,72.9,4,2,2021-12-30 09:23:47
1640856229497054000,72.7,1,72.7,11,72.8,1,2,2021-12-30 09:23:49
1640856230127056000,72.7,1,72.7,10,72.8,1,2,2021-12-30 09:23:50
1640856230519787000,72.7,1,72.7,9,72.8,3,2,2021-12-30 09:23:50
1640856230788704000,72.7,1,72.7,8,72.8,3,2,2021-12-30 09:23:50
1640856232134049000,72.7,1,72.7,7,72.8,4,2,2021-12-30 09:23:52
1640856234803834000,72.8,1,72.7,8,72.8,3,1,2021-12-30 09:23:54
1640856235346944000,72.7,1,72.7,7,72.8,3,2,2021-12-30 09:23:55
1640856235802699000,72.7,1,72.7,6,72.8,3,2,2021-12-30 09:23:55
1640856242043607000,72.7,6,72.7,7,72.8,5,2,2021-12-30 09:24:02
1640856244255222000,72.7,1,72.7,6,72.8,5,2,2021-12-30 09:24:04
1640856244578024000,72.7,6,72.6,19,72.7,4,2,2021-12-30 09:24:04
1640856248816064000,72.6,1,72.6,18,72.7,9,2,2021-12-30 09:24:08
1640856252948892000,72.6,1,72.6,17,72.7,13,2,2021-12-30 09:24:12
1640856253121283000,72.6,1,72.6,16,72.7,13,2,2021-12-30 09:24:13
1640856253322903000,72.7,1,72.6,16,72.7,12,1,2021-12-30 09:24:13
1640856264391596000,72.7,1,72.6,23,72.7,12,1,2021-12-30 09:24:24
1640856266853393000,72.7,1,72.6,23,72.7,11,1,2021-12-30 09:24:26
1640856269519909000,72.6,1,72.6,22,72.7,11,2,2021-12-30 09:24:29
1640856270025715000,72.7,2,72.6,22,72.7,10,1,2021-12-30 09:24:30
1640856272325238000,72.7,10,72.6,22,72.8,3,1,2021-12-30 09:24:32
1640856277043007000,72.8,1,72.7,4,72.8,2,1,2021-12-30 09:24:37
1640856279476545000,72.7,5,72.7,7,72.8,2,2,2021-12-30 09:24:39
1640856280580236000,72.7,2,72.7,5,72.8,2,2,2021-12-30 09:24:40
1640856285379520000,72.8,1,72.7,40,72.8,1,1,2021-12-30 09:24:45
1640856287871618000,72.7,2,72.7,44,72.8,1,2,2021-12-30 09:24:47
1640856289049212000,72.8,1,72.8,4,72.9,1,1,2021-12-30 09:24:49
1640856289125325000,72.8,4,72.7,44,72.9,1,2,2021-12-30 09:24:49
1640856289125325000,72.7,1,72.7,44,72.9,1,2,2021-12-30 09:24:49
1640856292243475000,72.8,3,72.7,44,72.8,2,1,2021-12-30 09:24:52
1640856293911130000,72.8,1,72.7,45,72.8,1,1,2021-12-30 09:24:53
1640856293916187000,72.8,1,72.8,1,72.9,1,1,2021-12-30 09:24:53
1640856294907031000,72.9,1,72.8,1,73.0,6,1,2021-12-30 09:24:54
1640856294907031000,73.0,1,72.8,1,73.0,6,1,2021-12-30 09:24:54
1640856298769468000,73.0,2,72.8,1,73.0,5,1,2021-12-30 09:24:58
1640856307514938000,73.0,1,72.9,1,73.0,4,1,2021-12-30 09:25:07
1640856308106353000,72.9,1,72.7,35,73.0,4,2,2021-12-30 09:25:08
1640856308106353000,72.8,8,72.7,35,73.0,4,2,2021-12-30 09:25:08
1640856308106353000,72.7,11,72.7,35,73.0,4,2,2021-12-30 09:25:08
1640856308144061000,73.0,1,72.7,35,73.0,3,1,2021-12-30 09:25:08
1640856316720785000,73.0,3,73.0,7,73.1,19,1,2021-12-30 09:25:16
1640856316858716000,73.0,1,73.0,6,73.1,19,2,2021-12-30 09:25:16
1640856322396208000,73.0,6,72.8,3,73.0,16,2,2021-12-30 09:25:22
1640856324889411000,72.9,1,72.8,5,72.9,4,1,2021-12-30 09:25:24
1640856326728504000,72.8,2,72.8,3,73.0,56,2,2021-12-30 09:25:26
1640856326757788000,72.8,3,72.7,35,73.0,56,2,2021-12-30 09:25:26
1640856330255538000,72.9,1,72.7,35,72.9,4,1,2021-12-30 09:25:30
1640856334612120000,72.7,1,72.7,34,72.9,4,2,2021-12-30 09:25:34
1640856334650018000,72.7,22,72.7,12,72.9,4,2,2021-12-30 09:25:34
1640856334651329000,72.7,12,72.6,25,72.7,10,2,2021-12-30 09:25:34
1640856334877758000,72.6,4,72.6,21,72.7,11,2,2021-12-30 09:25:34
1640856334907357000,72.6,21,72.5,32,72.6,2,2,2021-12-30 09:25:34
1640856334944250000,72.5,6,72.5,26,72.6,2,2,2021-12-30 09:25:34
1640856334949307000,72.5,1,72.5,25,72.6,3,2,2021-12-30 09:25:34
1640856334982435000,72.5,22,72.5,3,72.6,3,2,2021-12-30 09:25:34
1640856334983687000,72.5,3,72.4,12,72.5,19,2,2021-12-30 09:25:34
1640856335025907000,72.4,1,72.4,11,72.5,19,2,2021-12-30 09:25:35
1640856335026140000,72.4,1,72.4,10,72.5,19,2,2021-12-30 09:25:35
1640856335028320000,72.4,1,72.4,9,72.5,19,2,2021-12-30 09:25:35
1640856335165123000,72.4,2,72.4,7,72.5,19,2,2021-12-30 09:25:35
1640856335193076000,72.4,1,72.4,6,72.5,19,2,2021-12-30 09:25:35
1640856335280235000,72.4,6,72.3,6,72.5,24,2,2021-12-30 09:25:35
1640856339127648000,72.4,1,72.3,6,72.4,9,1,2021-12-30 09:25:39
1640856339556183000,72.3,6,72.2,19,72.3,32,2,2021-12-30 09:25:39
1640856339583312000,72.2,1,72.2,18,72.3,32,2,2021-12-30 09:25:39
1640856339594349000,72.2,1,72.2,17,72.3,32,2,2021-12-30 09:25:39
1640856339625836000,72.2,1,72.2,16,72.3,32,2,2021-12-30 09:25:39
1640856339648170000,72.2,1,72.2,15,72.3,32,2,2021-12-30 09:25:39
1640856339690239000,72.2,2,72.2,13,72.3,32,2,2021-12-30 09:25:39
1640856339841365000,72.2,1,72.2,12,72.3,32,2,2021-12-30 09:25:39
1640856340081660000,72.3,1,72.2,12,72.3,31,1,2021-12-30 09:25:40
1640856340560132000,72.3,1,72.2,12,72.3,30,1,2021-12-30 09:25:40
1640856341635694000,72.3,4,72.2,12,72.3,26,1,2021-12-30 09:25:41
1640856343356070000,72.2,1,72.2,11,72.3,26,2,2021-12-30 09:25:43
1640856345276399000,72.2,1,72.2,10,72.3,26,2,2021-12-30 09:25:45
1640856345312027000,72.2,1,72.2,9,72.3,26,2,2021-12-30 09:25:45
1640856346613024000,72.2,1,72.2,8,72.3,26,2,2021-12-30 09:25:46
1640856347641028000,72.3,1,72.2,8,72.3,25,1,2021-12-30 09:25:47
1640856348052918000,72.2,5,72.2,3,72.3,25,2,2021-12-30 09:25:48
1640856351117580000,72.2,2,72.2,4,72.3,25,2,2021-12-30 09:25:51
1640856351738511000,72.2,4,72.1,5,72.3,25,2,2021-12-30 09:25:51
1640856351738511000,72.1,1,72.1,5,72.3,25,2,2021-12-30 09:25:51
1640856352158318000,72.2,2,72.1,5,72.3,25,1,2021-12-30 09:25:52
1640856353478814000,72.1,1,72.1,4,72.3,25,2,2021-12-30 09:25:53
1640856354797833000,72.1,2,72.1,2,72.3,25,2,2021-12-30 09:25:54
1640856356253073000,72.2,1,72.2,5,72.3,25,2,2021-12-30 09:25:56
1640856356515405000,72.2,1,72.2,4,72.3,25,2,2021-12-30 09:25:56
1640856357162246000,72.3,1,72.2,4,72.3,24,1,2021-12-30 09:25:57
1640856358159618000,72.2,3,72.2,1,72.3,24,2,2021-12-30 09:25:58
1640856358283856000,72.3,1,72.2,1,72.3,23,1,2021-12-30 09:25:58
1640856358582272000,72.2,1,72.1,3,72.3,23,2,2021-12-30 09:25:58
1640856359298267000,72.1,1,72.1,2,72.3,23,2,2021-12-30 09:25:59
1640856360000670000,72.1,1,72.1,1,72.3,23,2,2021-12-30 09:26:00
1640856362529154000,72.2,1,72.1,2,72.3,28,2,2021-12-30 09:26:02
1640856371313707000,72.2,1,72.2,10,72.3,28,2,2021-12-30 09:26:11
1640856373754387000,72.3,5,72.2,10,72.3,23,1,2021-12-30 09:26:13
1640856373782770000,72.3,1,72.2,10,72.3,22,1,2021-12-30 09:26:13
1640856374646979000,72.2,1,72.2,9,72.3,22,2,2021-12-30 09:26:14
1640856375234030000,72.3,3,72.2,9,72.3,19,1,2021-12-30 09:26:15
1640856375267100000,72.3,1,72.2,9,72.3,18,1,2021-12-30 09:26:15
1640856375437493000,72.3,3,72.2,9,72.3,15,1,2021-12-30 09:26:15
1640856375462142000,72.3,3,72.2,9,72.3,12,1,2021-12-30 09:26:15
1640856375565843000,72.3,3,72.2,9,72.3,9,1,2021-12-30 09:26:15
1640856375595551000,72.3,4,72.2,9,72.3,5,1,2021-12-30 09:26:15
1640856375661324000,72.3,4,72.2,9,72.3,1,1,2021-12-30 09:26:15
1640856375687959000,72.3,1,72.2,9,72.4,9,1,2021-12-30 09:26:15
1640856376214377000,72.3,1,72.2,8,72.4,9,2,2021-12-30 09:26:16
1640856376214377000,72.2,1,72.2,8,72.4,9,2,2021-12-30 09:26:16
1640856376786232000,72.2,8,72.1,17,72.2,2,2,2021-12-30 09:26:16
1640856376879956000,72.2,2,72.3,3,72.4,9,1,2021-12-30 09:26:16
1640856379198350000,72.3,5,72.2,2,72.4,10,2,2021-12-30 09:26:19
1640856381323161000,72.3,1,72.2,2,72.4,10,2,2021-12-30 09:26:21
1640856381573488000,72.4,1,72.2,3,72.4,9,1,2021-12-30 09:26:21
1640856396694271000,72.4,1,72.3,3,72.4,8,1,2021-12-30 09:26:36
1640856405664856000,72.4,1,72.3,8,72.4,8,1,2021-12-30 09:26:45
1640856405687159000,72.4,1,72.3,8,72.4,7,1,2021-12-30 09:26:45
1640856406395474000,72.4,1,72.3,8,72.4,6,1,2021-12-30 09:26:46
1640856406583184000,72.4,2,72.3,8,72.4,4,1,2021-12-30 09:26:46
1640856410049910000,72.4,1,72.3,8,72.4,3,1,2021-12-30 09:26:50
1640856410896760000,72.4,1,72.3,8,72.4,2,1,2021-12-30 09:26:50
1640856411934257000,72.4,1,72.3,38,72.4,1,1,2021-12-30 09:26:51
1640856412295757000,72.4,1,72.4,2,72.6,2,1,2021-12-30 09:26:52
1640856419089090000,72.4,1,72.4,12,72.5,2,2,2021-12-30 09:26:59
1640856420987399000,72.4,10,72.4,3,72.5,2,2,2021-12-30 09:27:00
1640856421016736000,72.4,3,72.3,38,72.5,2,2,2021-12-30 09:27:01
1640856425581193000,72.4,1,72.3,34,72.5,4,2,2021-12-30 09:27:05
1640856425581193000,72.3,3,72.3,34,72.5,4,2,2021-12-30 09:27:05
1640856428035035000,72.4,1,72.3,33,72.5,4,2,2021-12-30 09:27:08
1640856428035035000,72.3,1,72.3,33,72.5,4,2,2021-12-30 09:27:08
1640856433242015000,72.3,4,72.3,29,72.4,2,2,2021-12-30 09:27:13
1640856433334124000,72.3,10,72.3,19,72.4,2,2,2021-12-30 09:27:13
1640856433559843000,72.3,4,72.3,15,72.4,7,2,2021-12-30 09:27:13
1640856434178761000,72.3,4,72.3,11,72.4,3,2,2021-12-30 09:27:14
1640856434575486000,72.3,5,72.3,6,72.4,3,2,2021-12-30 09:27:14
1640856434615609000,72.4,1,72.3,6,72.4,3,1,2021-12-30 09:27:14
1640856434631020000,72.3,1,72.3,5,72.4,3,2,2021-12-30 09:27:14
1640856434694386000,72.3,3,72.3,2,72.4,3,2,2021-12-30 09:27:14
1640856434847342000,72.3,2,72.2,13,72.4,3,2,2021-12-30 09:27:14
1640856434847342000,72.2,1,72.2,13,72.4,3,2,2021-12-30 09:27:14
1640856435038350000,72.2,3,72.2,10,72.4,4,2,2021-12-30 09:27:15
1640856435063485000,72.2,1,72.2,9,72.4,4,2,2021-12-30 09:27:15
1640856435363949000,72.2,3,72.2,6,72.3,1,2,2021-12-30 09:27:15
1640856435648037000,72.2,1,72.2,5,72.3,1,2,2021-12-30 09:27:15
1640856436115084000,72.2,5,72.1,29,72.3,1,2,2021-12-30 09:27:16
1640856440393092000,72.1,1,72.1,29,72.3,4,2,2021-12-30 09:27:20
1640856442088594000,72.2,1,72.1,29,72.3,4,2,2021-12-30 09:27:22
1640856447514504000,72.2,1,72.1,32,72.3,6,1,2021-12-30 09:27:27
1640856449886120000,72.2,1,72.1,30,72.3,6,1,2021-12-30 09:27:29
1640856450215401000,72.2,1,72.1,30,72.2,1,1,2021-12-30 09:27:30
1640856451349342000,72.2,1,72.1,30,72.2,1,1,2021-12-30 09:27:31
1640856452331961000,72.2,1,72.1,31,72.2,3,1,2021-12-30 09:27:32
1640856454668890000,72.2,1,72.1,35,72.2,8,1,2021-12-30 09:27:34
1640856459408930000,72.2,1,72.1,35,72.2,8,1,2021-12-30 09:27:39
1640856463206048000,72.2,1,72.1,35,72.2,7,1,2021-12-30 09:27:43
1640856463704840000,72.2,2,72.1,35,72.2,5,1,2021-12-30 09:27:43
1640856464299391000,72.1,5,72.1,30,72.2,5,2,2021-12-30 09:27:44
1640856468394937000,72.2,1,72.1,30,72.2,5,1,2021-12-30 09:27:48
1640856469440017000,72.2,2,72.1,30,72.2,3,1,2021-12-30 09:27:49
1640856469600811000,72.2,2,72.1,30,72.2,1,1,2021-12-30 09:27:49
1640856470571532000,72.2,1,72.2,1,72.3,1,1,2021-12-30 09:27:50
1640856479724419000,72.3,1,72.2,13,72.4,4,1,2021-12-30 09:27:59
1640856494633961000,72.3,1,72.3,10,72.4,4,2,2021-12-30 09:28:14
1640856496071727000,72.4,1,72.3,10,72.4,3,1,2021-12-30 09:28:16
1640856498037178000,72.4,1,72.3,10,72.4,2,1,2021-12-30 09:28:18
1640856503317755000,72.4,3,72.3,11,72.5,4,1,2021-12-30 09:28:23
1640856508792697000,72.4,1,72.3,14,72.4,3,1,2021-12-30 09:28:28
1640856510920090000,72.4,1,72.3,17,72.4,2,1,2021-12-30 09:28:30
1640856511586010000,72.4,2,72.3,17,72.5,2,1,2021-12-30 09:28:31
1640856515317867000,72.4,1,72.4,3,72.5,2,2,2021-12-30 09:28:35
1640856527683010000,72.5,2,72.4,10,72.7,4,1,2021-12-30 09:28:47
1640856538325175000,72.6,1,72.5,4,72.7,6,1,2021-12-30 09:28:58
1640856541784366000,72.5,1,72.5,3,72.7,6,2,2021-12-30 09:29:01
1640856545664049000,72.7,5,72.6,2,72.7,1,1,2021-12-30 09:29:05
1640856546805610000,72.6,1,72.6,3,72.8,7,2,2021-12-30 09:29:06
1640856546835760000,72.6,3,72.5,1,72.8,7,2,2021-12-30 09:29:06
1640856548381861000,72.7,1,72.5,7,72.8,4,1,2021-12-30 09:29:08
1640856551393598000,72.8,1,72.5,7,72.8,6,1,2021-12-30 09:29:11
1640856552705928000,72.6,1,72.5,6,72.7,1,2,2021-12-30 09:29:12
1640856552705928000,72.5,2,72.5,6,72.7,1,2,2021-12-30 09:29:12
1640856552726295000,72.7,1,72.5,6,72.8,6,1,2021-12-30 09:29:12
1640856556362152000,72.7,1,72.5,6,72.7,2,1,2021-12-30 09:29:16
1640856559219816000,72.7,2,72.5,7,72.7,4,1,2021-12-30 09:29:19
1640856559851016000,72.7,1,72.5,7,72.7,3,1,2021-12-30 09:29:19
1640856559935774000,72.7,3,72.5,7,72.8,3,1,2021-12-30 09:29:19
1640856569556921000,72.8,1,72.6,1,72.8,2,1,2021-12-30 09:29:29
1640856574334362000,72.8,3,72.6,1,72.8,3,1,2021-12-30 09:29:34
1640856574341795000,72.8,2,72.6,1,72.8,1,1,2021-12-30 09:29:34
1640856581457260000,72.6,1,72.6,11,72.8,2,2,2021-12-30 09:29:41
1640856582398651000,72.8,3,72.6,11,72.8,2,1,2021-12-30 09:29:42
1640856599169879000,72.8,1,72.7,2,72.9,11,2,2021-12-30 09:29:59
1640856604499572000,72.8,1,72.7,3,72.9,11,2,2021-12-30 09:30:04
1640856608681092000,72.8,1,72.8,1,72.9,7,1,2021-12-30 09:30:08
1640856610534521000,72.8,1,72.7,3,72.9,10,2,2021-12-30 09:30:10
1640856612937840000,72.8,1,72.8,2,72.9,8,2,2021-12-30 09:30:12
1640856613176501000,72.8,2,72.7,4,72.9,12,2,2021-12-30 09:30:13
1640856614441999000,72.8,1,72.7,4,72.9,9,2,2021-12-30 09:30:14
1640856638654970000,72.8,1,72.7,4,72.8,4,1,2021-12-30 09:30:38
1640856639881058000,72.8,1,72.7,4,72.8,3,1,2021-12-30 09:30:39
1640856640540756000,72.8,1,72.7,4,72.8,2,1,2021-12-30 09:30:40
1640856649189243000,72.7,3,72.7,2,72.8,2,2,2021-12-30 09:30:49
1640856660877781000,72.7,1,72.7,1,72.8,3,2,2021-12-30 09:31:00
1640856663206908000,72.7,1,72.6,11,72.8,3,2,2021-12-30 09:31:03
1640856668773893000,72.7,2,72.7,1,72.8,3,1,2021-12-30 09:31:08
1640856680044648000,72.7,1,72.6,11,72.8,3,2,2021-12-30 09:31:20
1640856684445976000,72.7,1,72.6,11,72.8,3,2,2021-12-30 09:31:24
1640856696326667000,72.8,1,72.7,1,72.8,2,1,2021-12-30 09:31:36
1640856717601532000,72.7,1,72.5,14,72.6,7,2,2021-12-30 09:31:57
1640856717601532000,72.6,14,72.5,14,72.6,7,2,2021-12-30 09:31:57
1640856718081515000,72.6,8,72.8,10,72.9,7,1,2021-12-30 09:31:58
1640856718081515000,72.8,2,72.8,10,72.9,7,1,2021-12-30 09:31:58
1640856718318657000,72.8,10,72.6,2,72.9,7,2,2021-12-30 09:31:58
1640856718609109000,72.8,1,72.5,12,72.9,10,2,2021-12-30 09:31:58
1640856729323416000,72.8,1,72.6,5,72.9,8,2,2021-12-30 09:32:09
1640856744984225000,72.7,6,72.6,1,72.8,8,2,2021-12-30 09:32:24
1640856744984225000,72.6,4,72.6,1,72.8,8,2,2021-12-30 09:32:24
1640856758631046000,72.6,1,72.5,11,72.7,5,2,2021-12-30 09:32:38
1640856765136412000,72.5,3,72.5,8,72.6,2,2,2021-12-30 09:32:45
1640856765228941000,72.6,2,72.6,3,72.7,7,1,2021-12-30 09:32:45
1640856766615188000,72.6,3,72.5,8,72.7,7,2,2021-12-30 09:32:46
1640856768445239000,72.5,3,72.5,5,72.7,7,2,2021-12-30 09:32:48
1640856769711908000,72.6,1,72.5,5,72.7,6,1,2021-12-30 09:32:49
1640856769711908000,72.7,1,72.5,5,72.7,6,1,2021-12-30 09:32:49
1640856770720415000,72.5,3,72.5,2,72.7,6,2,2021-12-30 09:32:50
1640856770829287000,72.5,1,72.5,1,72.7,7,2,2021-12-30 09:32:50
1640856776679450000,72.5,1,72.5,1,72.7,7,2,2021-12-30 09:32:56
1640856777989568000,72.5,1,72.4,12,72.6,1,2,2021-12-30 09:32:57
1640856777989568000,72.4,2,72.4,12,72.6,1,2,2021-12-30 09:32:57
1640856779961847000,72.4,1,72.4,11,72.5,1,2,2021-12-30 09:32:59
1640856781763042000,72.5,1,72.4,10,72.6,4,1,2021-12-30 09:33:01
1640856786066206000,72.5,1,72.5,1,72.6,4,2,2021-12-30 09:33:06
1640856786089788000,72.5,1,72.4,10,72.6,4,2,2021-12-30 09:33:06
1640856787913709000,72.4,1,72.4,9,72.5,1,2,2021-12-30 09:33:07
1640856790696800000,72.5,1,72.4,9,72.6,4,1,2021-12-30 09:33:10
1640856804038542000,72.4,1,72.4,8,72.5,4,2,2021-12-30 09:33:24
1640856809619898000,72.4,3,72.4,5,72.5,4,2,2021-12-30 09:33:29
1640856809882421000,72.4,5,72.3,28,72.4,3,2,2021-12-30 09:33:29
1640856814903766000,72.4,1,72.3,28,72.4,2,1,2021-12-30 09:33:34
1640856816668088000,72.3,1,72.3,27,72.4,2,2,2021-12-30 09:33:36
1640856835762967000,72.3,1,72.3,18,72.4,5,2,2021-12-30 09:33:55
1640856836144691000,72.3,1,72.3,17,72.4,5,2,2021-12-30 09:33:56
1640856836888515000,72.3,4,72.3,10,72.4,6,2,2021-12-30 09:33:56
1640856837121277000,72.3,4,72.3,6,72.4,6,2,2021-12-30 09:33:57
1640856837851886000,72.3,5,72.3,1,72.4,5,2,2021-12-30 09:33:57
1640856837877710000,72.3,1,72.2,29,72.4,5,2,2021-12-30 09:33:57
1640856842380682000,72.3,1,72.3,2,72.4,5,2,2021-12-30 09:34:02
1640856843796190000,72.3,1,72.3,1,72.4,5,2,2021-12-30 09:34:03
1640856843942666000,72.3,1,72.2,29,72.3,1,2,2021-12-30 09:34:03
1640856845977269000,72.2,1,72.2,17,72.3,4,2,2021-12-30 09:34:05
1640856850314104000,72.2,1,72.2,16,72.3,5,2,2021-12-30 09:34:10
1640856850345722000,72.2,1,72.2,15,72.3,5,2,2021-12-30 09:34:10
1640856854747714000,72.2,1,72.2,14,72.3,4,2,2021-12-30 09:34:14
1640856870796657000,72.2,1,72.2,22,72.3,5,2,2021-12-30 09:34:30
1640856872357195000,72.2,3,72.2,19,72.3,5,2,2021-12-30 09:34:32
1640856874348781000,72.3,1,72.2,17,72.3,4,1,2021-12-30 09:34:34
1640856885382352000,72.3,1,72.2,18,72.3,3,1,2021-12-30 09:34:45
1640856891613131000,72.3,1,72.2,18,72.3,2,1,2021-12-30 09:34:51
1640856895307244000,72.3,1,72.2,18,72.3,1,1,2021-12-30 09:34:55
1640856896889560000,72.3,1,72.2,18,72.4,5,1,2021-12-30 09:34:56
1640856925589526000,72.3,1,72.3,5,72.4,14,2,2021-12-30 09:35:25
1640856926391979000,72.3,1,72.3,4,72.4,13,2,2021-12-30 09:35:26
1640856927750585000,72.3,1,72.3,3,72.4,12,2,2021-12-30 09:35:27
1640856943347452000,72.3,1,72.3,7,72.4,14,2,2021-12-30 09:35:43
1640856946126898000,72.3,5,72.3,2,72.4,14,2,2021-12-30 09:35:46
1640856946544225000,72.3,1,72.3,1,72.4,14,2,2021-12-30 09:35:46
1640856951369719000,72.3,1,72.2,20,72.4,14,2,2021-12-30 09:35:51
1640856953348201000,72.3,1,72.2,20,72.4,14,2,2021-12-30 09:35:53
1640856961984258000,72.3,2,72.2,23,72.3,5,1,2021-12-30 09:36:01
1640856967366096000,72.3,3,72.2,21,72.3,2,1,2021-12-30 09:36:07
1640856969516211000,72.2,10,72.2,11,72.3,2,2,2021-12-30 09:36:09
1640856973307146000,72.2,1,72.2,10,72.3,2,2,2021-12-30 09:36:13
1640856978188079000,72.2,1,72.2,9,72.3,4,2,2021-12-30 09:36:18
1640856979115156000,72.2,3,72.2,6,72.3,4,2,2021-12-30 09:36:19
1640856979147505000,72.2,6,72.1,41,72.3,4,2,2021-12-30 09:36:19
1640856983001084000,72.1,4,72.1,36,72.2,4,2,2021-12-30 09:36:23
1640856983207677000,72.1,13,72.1,23,72.2,4,2,2021-12-30 09:36:23
1640856983354697000,72.1,9,72.1,12,72.2,4,2,2021-12-30 09:36:23
1640856983432367000,72.1,4,72.1,8,72.2,4,2,2021-12-30 09:36:23
1640856983457825000,72.1,8,72.0,40,72.2,4,2,2021-12-30 09:36:23
1640856983532484000,72.0,1,72.0,39,72.2,6,2,2021-12-30 09:36:23
1640856983575398000,72.0,2,72.0,31,72.2,6,2,2021-12-30 09:36:23
1640856983575806000,72.0,6,72.0,31,72.2,6,2,2021-12-30 09:36:23
1640856983704894000,72.0,2,72.0,29,72.2,6,2,2021-12-30 09:36:23
1640856983712862000,72.0,1,72.0,28,72.2,6,2,2021-12-30 09:36:23
1640856984574739000,72.0,3,72.0,25,72.1,7,2,2021-12-30 09:36:24
1640856984744951000,72.1,1,72.0,25,72.1,6,1,2021-12-30 09:36:24
1640856985119741000,72.0,4,72.0,21,72.1,6,2,2021-12-30 09:36:25
1640856988191404000,72.0,1,72.0,20,72.1,8,2,2021-12-30 09:36:28
1640856990442773000,72.0,2,72.0,19,72.1,8,2,2021-12-30 09:36:30
1640856990906740000,72.0,2,72.0,17,72.1,8,2,2021-12-30 09:36:30
1640856992419471000,72.0,1,72.0,16,72.1,8,2,2021-12-30 09:36:32
1640856994100141000,72.0,2,72.0,14,72.1,8,2,2021-12-30 09:36:34
1640856996311224000,72.0,1,72.0,13,72.1,8,2,2021-12-30 09:36:36
1640856996344071000,72.0,5,72.0,8,72.1,8,2,2021-12-30 09:36:36
1640856996579710000,72.0,3,72.0,5,72.1,8,2,2021-12-30 09:36:36
1640856997404477000,72.0,1,72.0,4,72.1,9,2,2021-12-30 09:36:37
1640856997905752000,72.0,3,72.0,1,72.1,9,2,2021-12-30 09:36:37
1640856997942497000,72.0,1,71.9,16,72.1,9,2,2021-12-30 09:36:37
1640856999744230000,72.0,1,71.9,16,72.1,9,1,2021-12-30 09:36:39
1640857002222770000,72.0,1,71.9,16,72.1,9,1,2021-12-30 09:36:42
1640857004262466000,72.0,1,72.0,3,72.1,10,2,2021-12-30 09:36:44
1640857005053575000,72.0,3,71.9,16,72.1,10,2,2021-12-30 09:36:45
1640857006844560000,72.0,1,72.0,1,72.1,9,2,2021-12-30 09:36:46
1640857006985463000,72.0,1,71.9,16,72.1,9,2,2021-12-30 09:36:46
1640857009040282000,71.9,16,71.7,11,72.1,9,2,2021-12-30 09:36:49
