ts,close,volume,bid_price,bid_volume,ask_price,ask_volume,tick_type,datetime
1640854926125369000,183.5,1685,183.5,67,184.0,119,1,2021-12-30 09:02:06
1640854926239674000,183.5,1,183.5,66,184.0,130,2,2021-12-30 09:02:06
1640854926264980000,183.5,40,183.5,26,184.0,130,2,2021-12-30 09:02:06
1640854926322615000,183.5,1,183.5,25,184.0,130,2,2021-12-30 09:02:06
1640854926514813000,183.5,1,183.5,27,184.0,130,2,2021-12-30 09:02:06
1640854926807874000,183.5,1,183.5,26,184.0,130,2,2021-12-30 09:02:06
1640854926813187000,184.0,2,183.5,26,184.0,128,1,2021-12-30 09:02:06
1640854926842579000,183.5,2,183.5,24,184.0,128,2,2021-12-30 09:02:06
1640854927006739000,184.0,1,183.5,24,184.0,127,1,2021-12-30 09:02:07
1640854927017901000,184.0,1,183.5,24,184.0,126,1,2021-12-30 09:02:07
1640854927072889000,184.0,1,183.5,24,184.0,125,1,2021-12-30 09:02:07
1640854927162136000,184.0,1,183.5,24,184.0,124,1,2021-12-30 09:02:07
1640854927394209000,183.5,24,183.0,62,184.0,124,2,2021-12-30 09:02:07
1640854927394209000,183.0,3,183.0,62,184.0,124,2,2021-12-30 09:02:07
1640854927399221000,183.0,3,183.0,59,184.0,124,2,2021-12-30 09:02:07
1640854927401823000,183.0,5,183.0,54,184.0,124,2,2021-12-30 09:02:07
1640854927800673000,183.5,3,183.0,54,184.0,124,1,2021-12-30 09:02:07
1640854927838308000,184.0,1,183.0,54,184.0,123,1,2021-12-30 09:02:07
1640854928030472000,183.5,1,183.0,54,184.0,123,2,2021-12-30 09:02:08
1640854928095640000,183.0,1,183.0,53,184.0,123,2,2021-12-30 09:02:08
1640854928161770000,183.0,2,183.0,51,184.0,123,2,2021-12-30 09:02:08
1640854928163754000,183.0,1,183.0,50,184.0,123,2,2021-12-30 09:02:08
1640854928165340000,183.0,1,183.0,49,184.0,123,2,2021-12-30 09:02:08
1640854928177005000,184.0,1,183.0,49,184.0,122,1,2021-12-30 09:02:08
1640854928430019000,183.0,16,183.0,33,184.0,125,2,2021-12-30 09:02:08
1640854928636792000,183.0,1,183.0,33,183.5,1,2,2021-12-30 09:02:08
1640854928665613000,183.5,1,183.0,33,184.0,125,1,2021-12-30 09:02:08
1640854928718882000,183.0,1,183.0,32,184.0,125,2,2021-12-30 09:02:08
1640854928723620000,184.0,1,183.0,32,184.0,124,1,2021-12-30 09:02:08
1640854928946245000,184.0,3,183.0,32,184.0,121,1,2021-12-30 09:02:08
1640854929376941000,183.0,1,183.0,31,183.5,4,2,2021-12-30 09:02:09
1640854929672279000,183.5,1,183.0,38,183.5,5,1,2021-12-30 09:02:09
1640854929698895000,183.5,1,183.0,38,183.5,4,1,2021-12-30 09:02:09
1640854929751268000,183.5,1,183.0,38,183.5,3,1,2021-12-30 09:02:09
1640854930269373000,183.0,38,182.5,17,183.5,4,2,2021-12-30 09:02:10
1640854930294562000,183.5,1,182.5,17,183.5,3,1,2021-12-30 09:02:10
1640854930301133000,183.0,1,182.5,17,183.0,1,1,2021-12-30 09:02:10
1640854930361612000,183.0,2,182.5,17,183.0,1,1,2021-12-30 09:02:10
1640854930699606000,183.0,1,182.5,17,183.5,5,1,2021-12-30 09:02:10
1640854930699606000,183.5,4,182.5,17,183.5,5,1,2021-12-30 09:02:10
1640854930809826000,183.5,1,182.5,17,183.5,4,1,2021-12-30 09:02:10
1640854930885625000,183.5,1,182.5,17,183.5,3,1,2021-12-30 09:02:10
1640854931135893000,183.5,1,182.5,17,183.5,2,1,2021-12-30 09:02:11
1640854931287969000,182.5,2,182.5,15,183.5,5,2,2021-12-30 09:02:11
1640854931325492000,182.5,15,182.0,28,183.5,5,2,2021-12-30 09:02:11
1640854931359677000,182.0,27,181.5,14,182.0,27,2,2021-12-30 09:02:11
1640854931359948000,182.0,1,181.5,14,182.0,27,2,2021-12-30 09:02:11
1640854931392387000,182.0,27,181.5,14,183.0,4,1,2021-12-30 09:02:11
1640854931392403000,182.0,1,181.5,14,183.0,4,1,2021-12-30 09:02:11
1640854931395080000,181.5,1,181.5,12,183.0,4,2,2021-12-30 09:02:11
1640854931395762000,181.5,1,181.5,12,183.0,4,2,2021-12-30 09:02:11
1640854931398003000,183.0,1,182.5,2,183.0,3,1,2021-12-30 09:02:11
1640854931403256000,182.5,1,182.5,1,183.0,3,2,2021-12-30 09:02:11
1640854931412092000,182.5,1,181.5,10,183.0,3,2,2021-12-30 09:02:11
1640854931412092000,181.5,2,181.5,10,183.0,3,2,2021-12-30 09:02:11
1640854931433326000,181.5,1,181.5,9,182.5,1,2,2021-12-30 09:02:11
1640854931469068000,182.0,8,181.5,9,182.5,3,1,2021-12-30 09:02:11
1640854931498944000,181.5,3,181.5,6,182.5,3,2,2021-12-30 09:02:11
1640854931530640000,182.5,1,181.5,6,182.5,2,1,2021-12-30 09:02:11
1640854931718409000,182.0,1,181.5,6,182.5,3,1,2021-12-30 09:02:11
1640854931884378000,182.5,1,181.5,6,182.5,2,1,2021-12-30 09:02:11
1640854931915705000,182.5,1,181.5,6,182.5,1,1,2021-12-30 09:02:11
1640854931949111000,182.5,1,181.5,6,183.0,4,1,2021-12-30 09:02:11
1640854931975098000,181.5,2,181.5,4,183.0,4,2,2021-12-30 09:02:11
1640854932143069000,183.0,4,183.0,1,183.5,8,1,2021-12-30 09:02:12
1640854932173349000,183.0,1,181.5,4,183.5,8,2,2021-12-30 09:02:12
1640854932196137000,183.0,1,181.5,4,183.5,8,2,2021-12-30 09:02:12
1640854932319943000,183.0,1,182.0,5,183.0,3,1,2021-12-30 09:02:12
1640854932354653000,182.0,2,182.0,3,183.0,3,2,2021-12-30 09:02:12
1640854932465946000,183.0,1,182.0,3,183.0,2,1,2021-12-30 09:02:12
1640854932563690000,182.0,3,181.0,92,183.0,2,2,2021-12-30 09:02:12
1640854932563690000,181.5,4,181.0,92,183.0,2,2,2021-12-30 09:02:12
1640854932569212000,183.0,2,181.0,92,183.5,8,1,2021-12-30 09:02:12
1640854932996270000,183.0,1,181.5,4,183.0,3,1,2021-12-30 09:02:12
1640854933023619000,183.0,1,181.5,4,183.0,2,1,2021-12-30 09:02:13
1640854933070030000,182.5,2,182.5,1,183.0,2,2,2021-12-30 09:02:13
1640854933099313000,182.5,1,181.5,4,183.0,2,2,2021-12-30 09:02:13
1640854933165033000,183.0,1,181.5,4,183.0,1,1,2021-12-30 09:02:13
1640854933691581000,182.0,1,182.0,5,183.0,1,2,2021-12-30 09:02:13
1640854933811300000,182.0,1,182.0,4,183.0,1,2,2021-12-30 09:02:13
1640854933813106000,183.0,1,182.0,4,183.5,9,1,2021-12-30 09:02:13
1640854934178690000,183.5,1,182.0,4,183.5,8,1,2021-12-30 09:02:14
1640854934329284000,182.0,2,182.0,2,183.5,11,2,2021-12-30 09:02:14
1640854934874896000,182.0,1,182.0,3,183.0,1,2,2021-12-30 09:02:14
1640854934904682000,182.0,2,182.0,1,183.0,1,2,2021-12-30 09:02:14
1640854934961523000,183.0,1,182.0,1,183.5,11,1,2021-12-30 09:02:14
1640854935177300000,183.5,5,183.0,1,183.5,6,1,2021-12-30 09:02:15
1640854935179429000,183.5,6,183.5,5,184.0,122,1,2021-12-30 09:02:15
1640854935189482000,183.5,1,183.5,3,184.0,122,2,2021-12-30 09:02:15
1640854935189497000,183.5,1,183.5,3,184.0,122,2,2021-12-30 09:02:15
1640854935206737000,183.5,1,183.5,2,184.0,122,2,2021-12-30 09:02:15
1640854935211126000,183.5,1,183.0,1,184.0,122,2,2021-12-30 09:02:15
1640854935211266000,183.5,1,183.0,1,184.0,122,2,2021-12-30 09:02:15
1640854935240930000,183.0,1,182.0,5,184.0,122,2,2021-12-30 09:02:15
1640854935290652000,184.0,1,183.0,6,184.0,122,1,2021-12-30 09:02:15
1640854935298225000,183.0,6,182.0,5,184.0,122,2,2021-12-30 09:02:15
1640854935722792000,183.0,1,182.5,1,184.0,122,1,2021-12-30 09:02:15
1640854935828705000,182.5,1,182.0,5,184.0,122,2,2021-12-30 09:02:15
1640854936057775000,182.0,1,182.0,4,183.5,1,2,2021-12-30 09:02:16
1640854936120053000,183.5,1,182.0,4,184.0,122,1,2021-12-30 09:02:16
1640854936450097000,183.0,1,182.0,4,183.5,2,2,2021-12-30 09:02:16
1640854937036175000,183.0,1,182.5,2,183.0,1,1,2021-12-30 09:02:17
1640854937230306000,183.0,1,182.5,2,183.5,8,1,2021-12-30 09:02:17
1640854937287087000,183.0,2,182.5,3,183.0,1,1,2021-12-30 09:02:17
1640854937642005000,183.0,1,182.5,3,183.5,9,1,2021-12-30 09:02:17
1640854937767629000,183.0,1,182.5,4,183.5,9,1,2021-12-30 09:02:17
1640854937920755000,183.5,6,182.5,9,183.5,3,1,2021-12-30 09:02:17
1640854938090295000,183.5,1,182.5,10,183.5,2,1,2021-12-30 09:02:18
1640854938272875000,183.5,1,182.5,10,183.5,1,1,2021-12-30 09:02:18
1640854938317615000,183.5,1,183.5,1,184.0,117,1,2021-12-30 09:02:18
1640854938457774000,184.0,1,183.5,1,184.0,116,1,2021-12-30 09:02:18
1640854938503201000,183.5,1,182.5,12,184.0,116,2,2021-12-30 09:02:18
1640854938743805000,182.5,1,182.5,12,184.0,116,2,2021-12-30 09:02:18
1640854939235639000,184.0,2,183.0,3,184.0,114,1,2021-12-30 09:02:19
1640854939272342000,184.0,1,183.0,3,184.0,113,1,2021-12-30 09:02:19
1640854939477750000,184.0,1,183.0,4,184.0,112,1,2021-12-30 09:02:19
1640854939695531000,184.0,2,183.0,6,184.0,110,1,2021-12-30 09:02:19
1640854940018156000,183.0,1,183.0,9,183.5,3,2,2021-12-30 09:02:20
1640854940019508000,183.5,3,183.0,9,184.0,109,1,2021-12-30 09:02:20
1640854940019508000,184.0,1,183.0,9,184.0,109,1,2021-12-30 09:02:20
1640854940044869000,184.0,1,183.0,9,184.0,108,1,2021-12-30 09:02:20
1640854940178186000,183.5,1,183.0,14,184.0,108,2,2021-12-30 09:02:20
1640854940237694000,184.0,1,183.0,15,184.0,107,1,2021-12-30 09:02:20
1640854940339709000,183.5,10,183.0,15,184.0,110,1,2021-12-30 09:02:20
1640854940649723000,184.0,3,183.0,20,184.0,107,1,2021-12-30 09:02:20
1640854940682495000,184.0,25,183.0,20,184.0,82,1,2021-12-30 09:02:20
1640854940712428000,184.0,1,183.0,20,184.0,81,1,2021-12-30 09:02:20
1640854940718052000,184.0,58,183.0,20,184.0,23,1,2021-12-30 09:02:20
1640854941096372000,183.5,1,183.0,21,183.5,49,2,2021-12-30 09:02:21
1640854941226819000,183.5,1,183.0,22,183.5,48,1,2021-12-30 09:02:21
1640854941323603000,183.5,3,183.0,22,183.5,45,1,2021-12-30 09:02:21
1640854941372254000,183.0,1,183.0,21,183.5,45,2,2021-12-30 09:02:21
1640854941564864000,183.5,3,183.0,22,183.5,52,1,2021-12-30 09:02:21
1640854941607083000,183.0,1,183.0,21,183.5,52,2,2021-12-30 09:02:21
1640854941652979000,183.5,1,183.0,21,183.5,51,1,2021-12-30 09:02:21
1640854941675805000,183.0,3,183.0,18,183.5,51,2,2021-12-30 09:02:21
1640854941871059000,183.5,2,183.0,19,183.5,49,1,2021-12-30 09:02:21
1640854942034317000,183.5,1,183.0,19,183.5,48,1,2021-12-30 09:02:22
1640854942158485000,183.5,2,183.0,19,183.5,46,1,2021-12-30 09:02:22
1640854942190483000,183.5,1,183.0,19,183.5,45,1,2021-12-30 09:02:22
1640854942246305000,183.0,2,183.0,17,183.5,45,2,2021-12-30 09:02:22
1640854942330702000,183.0,18,182.5,22,183.5,45,2,2021-12-30 09:02:22
1640854942406585000,183.0,1,182.5,22,183.0,2,1,2021-12-30 09:02:22
1640854942425612000,183.0,2,182.5,22,183.5,42,1,2021-12-30 09:02:22
1640854942425612000,183.5,3,182.5,22,183.5,42,1,2021-12-30 09:02:22
1640854942483418000,182.5,1,182.5,22,183.5,42,2,2021-12-30 09:02:22
1640854942548060000,183.5,1,182.5,22,183.5,41,1,2021-12-30 09:02:22
1640854942562361000,183.5,1,182.5,22,183.5,40,1,2021-12-30 09:02:22
1640854942601117000,183.5,1,182.5,23,183.5,39,1,2021-12-30 09:02:22
1640854942664206000,183.5,2,182.5,23,183.5,37,1,2021-12-30 09:02:22
1640854942751701000,183.5,1,182.5,24,183.5,36,1,2021-12-30 09:02:22
1640854942817744000,182.5,1,182.5,23,183.5,38,2,2021-12-30 09:02:22
1640854943016998000,183.5,1,182.5,25,183.5,37,1,2021-12-30 09:02:23
1640854943025142000,183.5,1,182.5,25,183.5,46,1,2021-12-30 09:02:23
1640854943212223000,182.5,2,182.5,24,183.5,44,2,2021-12-30 09:02:23
1640854943273839000,183.0,1,182.5,25,183.5,47,1,2021-12-30 09:02:23
1640854943274071000,183.5,1,182.5,25,183.5,46,1,2021-12-30 09:02:23
1640854943544078000,183.0,1,182.5,25,183.0,1,2,2021-12-30 09:02:23
1640854943750990000,183.0,1,182.5,28,183.0,2,1,2021-12-30 09:02:23
1640854943885037000,183.0,1,182.5,28,183.0,1,1,2021-12-30 09:02:23
1640854943921303000,183.0,1,182.5,28,183.5,46,1,2021-12-30 09:02:23
1640854943921303000,183.5,1,182.5,28,183.5,46,1,2021-12-30 09:02:23
1640854944238222000,183.5,1,183.0,3,183.5,45,1,2021-12-30 09:02:24
1640854944344171000,183.5,1,183.0,5,183.5,44,1,2021-12-30 09:02:24
1640854944548362000,183.0,1,183.0,6,183.5,45,2,2021-12-30 09:02:24
1640854944816096000,183.5,1,183.0,18,183.5,45,1,2021-12-30 09:02:24
1640854944872052000,183.5,1,183.0,18,183.5,44,1,2021-12-30 09:02:24
1640854945254639000,183.5,1,183.0,19,183.5,43,1,2021-12-30 09:02:25
1640854945322206000,183.5,1,183.0,19,183.5,42,1,2021-12-30 09:02:25
1640854945480684000,183.5,1,183.0,19,183.5,42,1,2021-12-30 09:02:25
1640854945585071000,183.5,1,183.0,20,183.5,41,1,2021-12-30 09:02:25
1640854945709743000,183.5,1,183.0,20,183.5,40,1,2021-12-30 09:02:25
1640854945746478000,183.0,1,183.0,20,183.5,40,2,2021-12-30 09:02:25
1640854945852371000,183.5,1,183.0,20,183.5,39,1,2021-12-30 09:02:25
1640854946097050000,183.5,1,183.0,22,183.5,38,1,2021-12-30 09:02:26
1640854946110590000,183.5,2,183.0,22,183.5,36,1,2021-12-30 09:02:26
1640854946116511000,183.5,1,183.0,22,183.5,35,1,2021-12-30 09:02:26
1640854946195041000,183.0,1,183.0,21,183.5,35,2,2021-12-30 09:02:26
1640854946258964000,183.5,1,183.0,22,183.5,34,1,2021-12-30 09:02:26
1640854946314135000,183.5,1,183.0,22,183.5,36,1,2021-12-30 09:02:26
1640854946392025000,183.0,5,183.0,18,183.5,37,2,2021-12-30 09:02:26
1640854946581772000,183.5,1,183.0,22,183.5,36,1,2021-12-30 09:02:26
1640854946584017000,183.0,5,183.0,17,183.5,36,2,2021-12-30 09:02:26
1640854946626378000,183.0,1,183.0,16,183.5,36,2,2021-12-30 09:02:26
1640854946701870000,183.5,1,183.0,18,183.5,35,1,2021-12-30 09:02:26
1640854946755830000,183.5,1,183.0,18,183.5,34,1,2021-12-30 09:02:26
1640854946884332000,183.5,1,183.0,18,183.5,33,1,2021-12-30 09:02:26
1640854946947296000,183.5,1,183.0,18,183.5,32,1,2021-12-30 09:02:26
1640854946948115000,183.0,1,183.0,17,183.5,32,2,2021-12-30 09:02:26
1640854946957949000,183.5,1,183.0,17,183.5,31,1,2021-12-30 09:02:26
1640854947134110000,183.5,1,183.0,23,183.5,30,1,2021-12-30 09:02:27
1640854947171473000,183.0,1,183.0,22,183.5,30,2,2021-12-30 09:02:27
1640854947221525000,183.5,5,183.0,22,183.5,25,1,2021-12-30 09:02:27
1640854947251787000,183.5,7,183.0,22,183.5,18,1,2021-12-30 09:02:27
1640854947256474000,183.0,1,183.0,21,183.5,18,2,2021-12-30 09:02:27
1640854947299012000,183.0,1,183.0,20,183.5,18,2,2021-12-30 09:02:27
1640854947328903000,183.5,1,183.0,20,183.5,17,1,2021-12-30 09:02:27
1640854947368345000,183.5,1,183.0,24,183.5,16,1,2021-12-30 09:02:27
1640854947427527000,183.0,1,183.0,23,183.5,15,2,2021-12-30 09:02:27
1640854947429024000,183.5,3,183.0,23,183.5,12,1,2021-12-30 09:02:27
1640854947441201000,183.5,1,183.0,23,183.5,11,1,2021-12-30 09:02:27
1640854947461483000,183.5,6,183.0,23,183.5,5,1,2021-12-30 09:02:27
1640854947492087000,183.5,5,183.0,23,184.0,35,1,2021-12-30 09:02:27
1640854947511559000,183.0,1,183.0,22,184.0,35,2,2021-12-30 09:02:27
1640854947610213000,183.0,1,183.0,22,184.0,35,2,2021-12-30 09:02:27
1640854947712175000,183.0,1,183.0,21,183.5,1,2,2021-12-30 09:02:27
1640854947859968000,183.0,5,183.0,17,183.5,2,2,2021-12-30 09:02:27
1640854947921433000,183.0,1,183.0,16,183.5,2,2,2021-12-30 09:02:27
1640854947928645000,183.5,1,183.0,16,183.5,1,1,2021-12-30 09:02:27
1640854948121308000,183.5,1,183.5,1,184.0,35,1,2021-12-30 09:02:28
1640854948129996000,183.5,1,183.0,18,183.5,9,2,2021-12-30 09:02:28
1640854948134586000,183.5,1,183.0,18,183.5,8,1,2021-12-30 09:02:28
1640854948142238000,183.5,2,183.0,18,183.5,6,1,2021-12-30 09:02:28
1640854948209064000,183.5,1,183.0,18,183.5,5,1,2021-12-30 09:02:28
1640854948353519000,183.5,1,183.0,20,183.5,4,1,2021-12-30 09:02:28
1640854948456482000,183.5,1,183.0,22,183.5,3,1,2021-12-30 09:02:28
1640854948517605000,183.5,1,183.0,22,183.5,2,1,2021-12-30 09:02:28
1640854948589642000,183.5,1,183.0,22,183.5,1,1,2021-12-30 09:02:28
1640854948651356000,183.5,1,183.0,25,184.0,35,1,2021-12-30 09:02:28
1640854948805553000,183.5,4,183.5,1,184.0,35,1,2021-12-30 09:02:28
1640854948826275000,183.5,1,183.0,18,184.0,35,2,2021-12-30 09:02:28
1640854948826275000,183.0,9,183.0,18,184.0,35,2,2021-12-30 09:02:28
1640854949035823000,184.0,1,183.0,27,184.0,33,1,2021-12-30 09:02:29
1640854949150040000,183.0,2,183.0,25,184.0,33,2,2021-12-30 09:02:29
1640854949174951000,184.0,3,183.0,28,184.0,30,1,2021-12-30 09:02:29
1640854949332534000,183.5,1,183.0,29,184.0,33,2,2021-12-30 09:02:29
1640854949728989000,184.0,13,183.5,16,184.0,21,1,2021-12-30 09:02:29
1640854949782530000,183.5,1,183.5,15,184.0,22,2,2021-12-30 09:02:29
1640854949939805000,183.5,10,183.5,6,184.0,22,2,2021-12-30 09:02:29
1640854950564715000,184.0,10,183.5,11,184.0,13,1,2021-12-30 09:02:30
1640854951225742000,184.0,2,183.5,16,184.0,11,1,2021-12-30 09:02:31
1640854951393295000,183.5,2,183.5,17,184.0,11,2,2021-12-30 09:02:31
1640854951483679000,183.5,1,183.5,21,184.0,11,2,2021-12-30 09:02:31
1640854951572506000,183.5,10,183.5,11,184.0,11,2,2021-12-30 09:02:31
1640854951614561000,183.5,1,183.5,14,184.0,11,2,2021-12-30 09:02:31
1640854951701330000,184.0,1,183.5,16,184.0,10,1,2021-12-30 09:02:31
1640854951822612000,184.0,1,183.5,17,184.0,9,1,2021-12-30 09:02:31
1640854951840473000,183.5,1,183.5,16,184.0,9,2,2021-12-30 09:02:31
1640854951891715000,184.0,4,183.5,16,184.0,5,1,2021-12-30 09:02:31
1640854952026459000,184.0,1,183.5,16,184.0,4,1,2021-12-30 09:02:32
1640854952201010000,183.5,3,183.5,13,184.0,4,2,2021-12-30 09:02:32
1640854952696754000,184.0,1,183.5,15,184.0,8,1,2021-12-30 09:02:32
1640854953126385000,184.0,1,183.5,20,184.0,8,1,2021-12-30 09:02:33
1640854953231634000,184.0,1,183.5,23,184.0,7,1,2021-12-30 09:02:33
1640854953425226000,184.0,1,183.5,24,184.0,6,1,2021-12-30 09:02:33
1640854953719962000,183.5,1,183.5,24,184.0,6,2,2021-12-30 09:02:33
1640854954087757000,184.0,2,183.5,27,184.0,4,1,2021-12-30 09:02:34
1640854954136784000,184.0,4,183.5,28,184.5,93,1,2021-12-30 09:02:34
1640854954136784000,184.5,8,183.5,28,184.5,93,1,2021-12-30 09:02:34
1640854954269514000,184.0,1,184.0,4,184.5,93,2,2021-12-30 09:02:34
1640854954293199000,184.0,4,183.5,29,184.5,93,2,2021-12-30 09:02:34
1640854954547705000,184.5,1,184.0,1,184.5,92,1,2021-12-30 09:02:34
1640854954626486000,184.0,11,184.0,2,184.5,92,2,2021-12-30 09:02:34
1640854954747983000,184.0,1,184.0,1,184.5,92,2,2021-12-30 09:02:34
1640854954830979000,184.5,1,184.0,2,184.5,91,1,2021-12-30 09:02:34
1640854954897634000,184.0,1,184.0,1,184.5,91,2,2021-12-30 09:02:34
1640854955047560000,184.0,1,183.5,32,184.5,92,2,2021-12-30 09:02:35
1640854955174705000,184.5,10,184.0,2,184.5,82,1,2021-12-30 09:02:35
1640854955349093000,184.5,3,184.0,3,184.5,82,1,2021-12-30 09:02:35
1640854955613981000,184.0,4,183.5,36,184.5,83,2,2021-12-30 09:02:35
1640854955702050000,184.0,2,183.5,36,184.0,8,2,2021-12-30 09:02:35
1640854955703391000,184.0,1,183.5,37,184.0,7,1,2021-12-30 09:02:35
1640854955707735000,184.0,7,183.5,37,184.5,70,1,2021-12-30 09:02:35
1640854955707735000,184.5,13,183.5,37,184.5,70,1,2021-12-30 09:02:35
1640854955742126000,184.5,1,183.5,37,184.5,69,1,2021-12-30 09:02:35
1640854956525100000,184.0,1,184.0,2,184.5,70,2,2021-12-30 09:02:36
1640854956822441000,184.0,3,183.5,47,184.0,7,2,2021-12-30 09:02:36
1640854956833077000,184.0,1,183.5,47,184.0,6,1,2021-12-30 09:02:36
1640854956927930000,184.0,1,183.5,48,184.0,5,1,2021-12-30 09:02:36
1640854957067816000,184.0,2,183.5,58,184.0,3,1,2021-12-30 09:02:37
1640854957072158000,184.0,1,183.5,58,184.0,2,1,2021-12-30 09:02:37
1640854957097458000,184.0,1,183.5,58,184.0,1,1,2021-12-30 09:02:37
1640854957103624000,184.0,1,183.5,58,184.5,70,1,2021-12-30 09:02:37
1640854957139107000,184.5,1,183.5,59,184.5,69,1,2021-12-30 09:02:37
1640854957376688000,184.0,1,183.5,63,184.5,69,1,2021-12-30 09:02:37
1640854957558358000,184.0,1,183.5,63,184.0,9,1,2021-12-30 09:02:37
1640854957733189000,184.0,1,183.5,63,184.0,12,1,2021-12-30 09:02:37
1640854957735359000,184.0,1,183.5,63,184.0,11,1,2021-12-30 09:02:37
1640854957784370000,184.0,1,183.5,63,184.0,10,1,2021-12-30 09:02:37
1640854957861011000,183.5,5,183.5,57,184.0,10,2,2021-12-30 09:02:37
1640854957886575000,184.0,1,183.5,57,184.0,9,1,2021-12-30 09:02:37
1640854957888954000,183.5,1,183.5,56,184.0,9,2,2021-12-30 09:02:37
1640854958148594000,184.0,1,183.5,56,184.0,13,1,2021-12-30 09:02:38
1640854958251448000,184.0,3,183.5,56,184.0,10,1,2021-12-30 09:02:38
1640854958332528000,184.0,1,183.5,56,184.0,10,1,2021-12-30 09:02:38
1640854958332556000,184.0,2,183.5,56,184.0,10,1,2021-12-30 09:02:38
1640854958373984000,184.0,1,183.5,56,184.0,9,1,2021-12-30 09:02:38
1640854958539169000,184.0,2,183.5,56,184.0,9,1,2021-12-30 09:02:38
1640854958668503000,184.0,1,183.5,57,184.0,8,1,2021-12-30 09:02:38
1640854958758959000,184.0,1,183.5,57,184.0,9,1,2021-12-30 09:02:38
1640854958946643000,184.0,1,183.5,63,184.0,15,1,2021-12-30 09:02:38
1640854958974862000,184.0,1,183.5,63,184.0,14,1,2021-12-30 09:02:38
1640854958985372000,184.0,4,183.5,63,184.0,10,1,2021-12-30 09:02:38
1640854959002198000,184.0,1,183.5,63,184.0,9,1,2021-12-30 09:02:39
1640854959048084000,184.0,9,184.0,3,184.5,80,1,2021-12-30 09:02:39
1640854959104737000,184.5,1,184.0,3,184.5,79,1,2021-12-30 09:02:39
1640854959143601000,184.0,3,183.5,63,184.0,7,2,2021-12-30 09:02:39
1640854959214600000,184.0,1,183.5,63,184.0,6,1,2021-12-30 09:02:39
1640854959459686000,184.0,1,183.5,65,184.0,5,1,2021-12-30 09:02:39
1640854959659861000,184.0,2,183.5,65,184.0,4,1,2021-12-30 09:02:39
1640854959670471000,184.0,1,183.5,65,184.0,3,1,2021-12-30 09:02:39
1640854959777547000,184.0,2,183.5,66,184.0,1,1,2021-12-30 09:02:39
1640854959895626000,184.0,1,183.5,69,184.5,80,1,2021-12-30 09:02:39
1640854959969948000,184.5,20,184.0,1,184.5,60,1,2021-12-30 09:02:39
1640854960129281000,184.5,1,184.0,5,184.5,59,1,2021-12-30 09:02:40
1640854960255944000,184.0,5,184.0,1,184.5,59,2,2021-12-30 09:02:40
1640854960256332000,184.5,1,184.0,1,184.5,58,1,2021-12-30 09:02:40
1640854960276362000,184.5,1,184.0,3,184.5,57,1,2021-12-30 09:02:40
1640854960566378000,184.5,1,184.0,4,184.5,56,1,2021-12-30 09:02:40
1640854960730498000,184.5,1,184.0,7,184.5,55,1,2021-12-30 09:02:40
1640854960749091000,184.0,1,184.0,6,184.5,53,2,2021-12-30 09:02:40
1640854960749315000,184.5,2,184.0,6,184.5,53,1,2021-12-30 09:02:40
1640854960933278000,184.5,1,184.0,6,184.5,52,1,2021-12-30 09:02:40
1640854960969833000,184.5,1,184.0,6,184.5,51,1,2021-12-30 09:02:40
1640854960977545000,184.0,1,184.0,5,184.5,51,2,2021-12-30 09:02:40
1640854961334445000,184.5,1,184.0,20,184.5,48,1,2021-12-30 09:02:41
1640854961337332000,184.5,1,184.0,20,184.5,47,1,2021-12-30 09:02:41
1640854961339487000,184.5,1,184.0,20,184.5,46,1,2021-12-30 09:02:41
1640854961458629000,184.5,1,184.0,21,184.5,47,1,2021-12-30 09:02:41
1640854961522896000,184.0,1,184.0,20,184.5,47,2,2021-12-30 09:02:41
1640854962048555000,184.5,20,184.0,32,184.5,27,1,2021-12-30 09:02:42
1640854962101311000,184.0,2,184.0,31,184.5,27,2,2021-12-30 09:02:42
1640854962719317000,184.5,2,184.0,39,184.5,25,1,2021-12-30 09:02:42
1640854962805353000,184.0,1,184.0,39,184.5,25,2,2021-12-30 09:02:42
1640854962878715000,184.5,1,184.0,39,184.5,24,1,2021-12-30 09:02:42
1640854963060349000,184.5,1,184.0,40,184.5,23,1,2021-12-30 09:02:43
1640854963146203000,184.5,1,184.0,43,184.5,23,1,2021-12-30 09:02:43
1640854963369152000,184.5,1,184.0,49,184.5,22,1,2021-12-30 09:02:43
1640854963668641000,184.5,1,184.0,53,184.5,21,1,2021-12-30 09:02:43
1640854963912900000,184.5,2,184.0,57,184.5,22,1,2021-12-30 09:02:43
1640854964097786000,184.5,3,184.0,57,184.5,19,1,2021-12-30 09:02:44
1640854964200714000,184.5,1,184.0,58,184.5,18,1,2021-12-30 09:02:44
1640854964305567000,184.5,1,184.0,59,184.5,20,1,2021-12-30 09:02:44
1640854964422553000,184.5,2,184.0,60,184.5,18,1,2021-12-30 09:02:44
1640854964544314000,184.5,1,184.0,63,184.5,17,1,2021-12-30 09:02:44
1640854964644436000,184.5,2,184.0,66,184.5,15,1,2021-12-30 09:02:44
1640854964655322000,184.5,1,184.0,66,184.5,14,1,2021-12-30 09:02:44
1640854964678565000,184.5,10,184.0,66,184.5,4,1,2021-12-30 09:02:44
1640854964683387000,184.5,2,184.0,66,184.5,2,1,2021-12-30 09:02:44
1640854964709502000,184.5,2,184.0,66,185.0,218,1,2021-12-30 09:02:44
1640854964778233000,184.0,1,184.0,67,185.0,218,2,2021-12-30 09:02:44
1640854964834848000,184.5,10,184.0,67,185.0,218,2,2021-12-30 09:02:44
1640854965097104000,185.0,1,184.5,2,185.0,117,1,2021-12-30 09:02:45
1640854965501356000,184.5,5,184.5,3,185.0,117,2,2021-12-30 09:02:45
1640854965603552000,185.0,1,184.5,3,185.0,116,1,2021-12-30 09:02:45
1640854965860230000,185.0,1,184.5,5,185.0,115,1,2021-12-30 09:02:45
1640854965914038000,185.0,1,184.5,7,185.0,114,1,2021-12-30 09:02:45
1640854966012103000,185.0,2,184.5,8,185.0,112,1,2021-12-30 09:02:46
1640854966178232000,184.5,1,184.5,9,185.0,112,2,2021-12-30 09:02:46
1640854966206373000,185.0,1,184.5,9,185.0,111,1,2021-12-30 09:02:46
1640854966230259000,185.0,2,184.5,11,185.0,109,1,2021-12-30 09:02:46
1640854966302824000,185.0,2,184.5,11,185.0,107,1,2021-12-30 09:02:46
1640854966327608000,184.5,1,184.5,10,185.0,107,2,2021-12-30 09:02:46
1640854966698360000,184.5,10,184.0,93,185.0,107,2,2021-12-30 09:02:46
1640854966742273000,184.5,1,184.5,1,185.0,107,2,2021-12-30 09:02:46
1640854966772349000,185.0,1,184.5,2,185.0,106,1,2021-12-30 09:02:46
1640854966889486000,185.0,1,184.5,2,185.0,105,1,2021-12-30 09:02:46
1640854966947109000,184.5,1,184.5,2,185.0,105,2,2021-12-30 09:02:46
1640854967060858000,185.0,5,184.5,2,185.0,100,1,2021-12-30 09:02:47
1640854967460624000,185.0,1,184.5,6,185.0,102,1,2021-12-30 09:02:47
1640854967782708000,184.5,1,184.5,10,185.0,102,2,2021-12-30 09:02:47
1640854967846904000,184.5,4,184.5,6,185.0,102,2,2021-12-30 09:02:47
1640854967949877000,185.0,1,184.5,6,185.0,101,1,2021-12-30 09:02:47
1640854967975213000,185.0,1,184.5,7,185.0,100,1,2021-12-30 09:02:47
1640854968053040000,185.0,2,184.5,7,185.0,99,1,2021-12-30 09:02:48
1640854968331153000,184.5,1,184.5,10,185.0,99,2,2021-12-30 09:02:48
1640854968439352000,185.0,1,184.5,10,185.0,98,1,2021-12-30 09:02:48
1640854968727920000,185.0,1,184.5,12,185.0,98,1,2021-12-30 09:02:48
1640854969112289000,184.5,1,184.5,27,185.0,99,2,2021-12-30 09:02:49
1640854969327043000,185.0,1,184.5,29,185.0,98,1,2021-12-30 09:02:49
1640854969437496000,185.0,1,184.5,29,185.0,97,1,2021-12-30 09:02:49
1640854969476673000,185.0,3,184.5,29,185.0,94,1,2021-12-30 09:02:49
1640854969573511000,185.0,1,184.5,29,185.0,93,1,2021-12-30 09:02:49
1640854969864701000,185.0,2,184.5,31,185.0,90,1,2021-12-30 09:02:49
1640854970084009000,185.0,1,184.5,33,185.0,89,1,2021-12-30 09:02:50
1640854970286143000,185.0,1,184.5,36,185.0,91,1,2021-12-30 09:02:50
1640854970293118000,185.0,1,184.5,36,185.0,90,1,2021-12-30 09:02:50
1640854970309923000,185.0,1,184.5,36,185.0,89,1,2021-12-30 09:02:50
1640854970338475000,185.0,1,184.5,37,185.0,88,1,2021-12-30 09:02:50
1640854970438878000,185.0,1,184.5,37,185.0,87,1,2021-12-30 09:02:50
1640854970467785000,185.0,1,184.5,37,185.0,86,1,2021-12-30 09:02:50
1640854970781041000,185.0,1,184.5,44,185.0,85,1,2021-12-30 09:02:50
1640854970811234000,185.0,1,184.5,44,185.0,84,1,2021-12-30 09:02:50
1640854970989876000,185.0,1,184.5,44,185.0,83,1,2021-12-30 09:02:50
1640854971009819000,185.0,1,184.5,44,185.0,82,1,2021-12-30 09:02:51
1640854971050041000,184.5,1,184.5,43,185.0,82,2,2021-12-30 09:02:51
1640854971108064000,185.0,1,184.5,43,185.0,81,1,2021-12-30 09:02:51
1640854971150134000,185.0,2,184.5,43,185.0,79,1,2021-12-30 09:02:51
1640854971271278000,185.0,1,184.5,45,185.0,78,1,2021-12-30 09:02:51
1640854971396616000,185.0,1,184.5,45,185.0,77,1,2021-12-30 09:02:51
1640854971549033000,185.0,1,184.5,49,185.0,75,1,2021-12-30 09:02:51
1640854971661409000,185.0,1,184.5,49,185.0,74,1,2021-12-30 09:02:51
1640854972053139000,184.5,1,184.5,51,185.0,74,2,2021-12-30 09:02:52
1640854972169585000,185.0,10,184.5,51,185.0,64,1,2021-12-30 09:02:52
1640854972220944000,185.0,1,184.5,52,185.0,63,1,2021-12-30 09:02:52
1640854972225455000,185.0,1,184.5,52,185.0,62,1,2021-12-30 09:02:52
1640854972288107000,185.0,1,184.5,52,185.0,61,1,2021-12-30 09:02:52
1640854972356510000,185.0,3,184.5,53,185.0,58,1,2021-12-30 09:02:52
1640854972544528000,185.0,1,184.5,54,185.0,57,1,2021-12-30 09:02:52
1640854972586639000,185.0,1,184.5,54,185.0,56,1,2021-12-30 09:02:52
1640854972702785000,185.0,1,184.5,54,185.0,56,1,2021-12-30 09:02:52
1640854972706215000,185.0,1,184.5,54,185.0,55,1,2021-12-30 09:02:52
1640854972800941000,185.0,2,184.5,56,185.0,53,1,2021-12-30 09:02:52
1640854972838348000,185.0,1,184.5,56,185.0,52,1,2021-12-30 09:02:52
1640854972857480000,185.0,1,184.5,56,185.0,51,1,2021-12-30 09:02:52
1640854972910056000,185.0,1,184.5,56,185.0,50,1,2021-12-30 09:02:52
1640854972951042000,185.0,5,184.5,58,185.0,45,1,2021-12-30 09:02:52
1640854972997807000,185.0,1,184.5,58,185.0,44,1,2021-12-30 09:02:52
1640854973027852000,185.0,1,184.5,59,185.0,43,1,2021-12-30 09:02:53
1640854973052615000,185.0,2,184.5,60,185.0,41,1,2021-12-30 09:02:53
1640854973189542000,185.0,1,184.5,62,185.0,40,1,2021-12-30 09:02:53
1640854973201717000,185.0,3,184.5,62,185.0,37,1,2021-12-30 09:02:53
1640854973229296000,185.0,17,184.5,62,185.0,20,1,2021-12-30 09:02:53
1640854973246225000,185.0,2,184.5,62,185.0,18,1,2021-12-30 09:02:53
1640854973260408000,185.0,18,184.5,63,185.5,37,1,2021-12-30 09:02:53
1640854973269368000,185.0,1,184.5,63,185.0,2,2,2021-12-30 09:02:53
1640854973373861000,185.0,1,184.5,63,185.0,2,1,2021-12-30 09:02:53
1640854973379194000,185.0,1,184.5,63,185.0,1,1,2021-12-30 09:02:53
1640854973621312000,185.0,1,184.5,69,185.0,3,1,2021-12-30 09:02:53
1640854973624686000,185.0,3,185.0,7,185.5,37,1,2021-12-30 09:02:53
1640854974006492000,185.0,1,185.0,30,185.5,37,2,2021-12-30 09:02:54
1640854974194495000,185.5,10,185.0,39,185.5,27,1,2021-12-30 09:02:54
1640854974198616000,185.0,2,185.0,37,185.5,27,2,2021-12-30 09:02:54
1640854974344306000,185.5,10,185.0,44,185.5,17,1,2021-12-30 09:02:54
1640854974351901000,185.5,7,185.0,44,185.5,10,1,2021-12-30 09:02:54
1640854974363078000,185.5,1,185.0,44,185.5,9,1,2021-12-30 09:02:54
1640854974393391000,185.5,6,185.0,44,185.5,3,1,2021-12-30 09:02:54
1640854974428761000,185.5,1,185.0,44,185.5,2,1,2021-12-30 09:02:54
1640854974461674000,185.5,2,185.0,44,186.0,52,1,2021-12-30 09:02:54
1640854974577432000,185.0,1,185.0,47,185.5,1,2,2021-12-30 09:02:54
1640854974710802000,185.5,1,185.0,53,185.5,2,1,2021-12-30 09:02:54
1640854974787754000,185.5,1,185.0,55,185.5,1,1,2021-12-30 09:02:54
1640854974789508000,185.0,1,185.0,54,185.5,1,2,2021-12-30 09:02:54
1640854975051396000,185.0,1,185.0,64,185.5,4,2,2021-12-30 09:02:55
1640854975092411000,185.5,1,185.0,66,185.5,3,1,2021-12-30 09:02:55
1640854975096926000,185.5,3,185.0,66,186.0,52,1,2021-12-30 09:02:55
1640854975104019000,186.0,1,185.0,66,186.0,51,1,2021-12-30 09:02:55
1640854975206174000,186.0,20,185.0,68,186.0,31,1,2021-12-30 09:02:55
1640854975524996000,186.0,4,185.5,5,186.0,27,1,2021-12-30 09:02:55
1640854975593465000,185.5,1,185.5,4,186.0,26,2,2021-12-30 09:02:55
1640854975617677000,185.5,1,185.5,3,186.0,26,2,2021-12-30 09:02:55
1640854975633163000,185.5,3,185.0,92,186.0,26,2,2021-12-30 09:02:55
1640854975977027000,186.0,4,185.0,92,186.0,22,1,2021-12-30 09:02:55
1640854976446701000,186.0,1,185.0,102,186.0,25,1,2021-12-30 09:02:56
1640854976597809000,186.0,1,185.0,104,186.0,24,1,2021-12-30 09:02:56
1640854976672739000,186.0,15,185.0,110,186.0,9,1,2021-12-30 09:02:56
1640854976829230000,186.0,1,185.0,120,186.0,8,1,2021-12-30 09:02:56
1640854977109756000,185.5,1,185.5,1,186.0,8,2,2021-12-30 09:02:57
1640854977209752000,186.0,8,186.0,12,186.5,49,1,2021-12-30 09:02:57
1640854977238989000,186.0,12,185.5,3,186.5,49,2,2021-12-30 09:02:57
1640854977259440000,185.5,1,185.5,2,186.5,49,2,2021-12-30 09:02:57
1640854977302897000,186.0,1,185.5,2,186.5,49,1,2021-12-30 09:02:57
1640854977314731000,186.5,1,185.5,2,186.5,48,1,2021-12-30 09:02:57
1640854977412032000,186.0,1,185.5,4,186.5,47,1,2021-12-30 09:02:57
1640854977412032000,186.5,1,185.5,4,186.5,47,1,2021-12-30 09:02:57
1640854977847881000,185.5,1,185.5,13,186.5,47,2,2021-12-30 09:02:57
1640854977927492000,186.5,2,185.5,13,186.5,45,1,2021-12-30 09:02:57
1640854977948878000,186.5,1,185.5,13,186.5,44,1,2021-12-30 09:02:57
1640854978210384000,186.0,1,185.5,13,186.5,51,2,2021-12-30 09:02:58
1640854978429871000,186.5,1,185.5,13,186.5,50,1,2021-12-30 09:02:58
1640854978518459000,186.0,1,185.5,13,186.5,50,2,2021-12-30 09:02:58
1640854978557169000,186.5,10,186.0,1,186.5,40,1,2021-12-30 09:02:58
1640854978572347000,186.0,1,185.5,14,186.5,40,2,2021-12-30 09:02:58
1640854978839243000,186.5,1,186.0,1,186.5,40,1,2021-12-30 09:02:58
1640854978943531000,186.0,1,185.5,15,186.5,40,2,2021-12-30 09:02:58
1640854978981636000,186.5,3,185.5,15,186.5,37,1,2021-12-30 09:02:58
1640854979051602000,186.5,1,185.5,15,186.5,36,1,2021-12-30 09:02:59
1640854979312707000,186.0,6,185.5,16,186.5,40,2,2021-12-30 09:02:59
1640854979843336000,186.0,2,185.5,23,186.0,4,1,2021-12-30 09:02:59
1640854980049025000,186.0,1,185.5,24,186.0,3,1,2021-12-30 09:03:00
1640854980068628000,186.0,1,185.5,24,186.0,2,1,2021-12-30 09:03:00
1640854980075649000,186.0,1,185.5,24,186.0,1,1,2021-12-30 09:03:00
1640854980209503000,186.0,1,185.5,29,186.5,45,1,2021-12-30 09:03:00
1640854980210834000,186.5,1,185.5,29,186.5,44,1,2021-12-30 09:03:00
1640854980405383000,185.5,1,185.5,28,186.0,1,2,2021-12-30 09:03:00
1640854980425473000,186.0,1,185.5,28,186.5,44,1,2021-12-30 09:03:00
1640854980457820000,186.0,1,185.5,28,186.5,44,2,2021-12-30 09:03:00
1640854980502899000,186.0,1,185.5,28,186.0,1,2,2021-12-30 09:03:00
1640854980515881000,186.0,1,186.0,4,186.5,44,1,2021-12-30 09:03:00
1640854980535869000,186.0,4,185.5,28,186.5,44,2,2021-12-30 09:03:00
1640854980571333000,185.5,28,185.0,160,186.5,53,2,2021-12-30 09:03:00
1640854980661193000,186.0,1,185.0,159,186.0,2,1,2021-12-30 09:03:00
1640854980765435000,186.0,1,185.5,1,186.0,1,1,2021-12-30 09:03:00
1640854980782956000,186.0,1,186.0,1,186.5,53,1,2021-12-30 09:03:00
1640854980806648000,186.0,1,185.5,1,186.5,53,2,2021-12-30 09:03:00
1640854980818219000,186.0,1,185.5,1,186.5,53,1,2021-12-30 09:03:00
1640854980904937000,186.0,1,185.5,1,186.5,53,2,2021-12-30 09:03:00
1640854980904953000,186.0,1,185.5,1,186.5,53,2,2021-12-30 09:03:00
1640854980972339000,186.5,1,185.5,2,186.5,52,1,2021-12-30 09:03:00
1640854981034795000,186.5,1,185.5,3,186.5,51,1,2021-12-30 09:03:01
1640854981083483000,186.0,1,185.5,3,186.5,51,2,2021-12-30 09:03:01
1640854981409279000,186.0,1,185.5,3,186.0,13,1,2021-12-30 09:03:01
1640854981413679000,186.0,1,185.5,3,186.0,12,1,2021-12-30 09:03:01
1640854981544789000,186.0,1,185.5,3,186.0,14,1,2021-12-30 09:03:01
1640854981614070000,186.0,1,185.5,4,186.0,26,1,2021-12-30 09:03:01
1640854981645414000,186.0,2,185.5,4,186.0,24,1,2021-12-30 09:03:01
1640854981707879000,186.0,1,185.5,4,186.0,23,1,2021-12-30 09:03:01
1640854981775292000,186.0,1,185.5,4,186.0,29,1,2021-12-30 09:03:01
1640854981845249000,185.5,1,185.5,3,186.0,29,2,2021-12-30 09:03:01
1640854981875356000,185.5,3,185.0,162,185.5,27,2,2021-12-30 09:03:01
1640854982032837000,185.5,1,185.0,162,185.5,26,1,2021-12-30 09:03:02
1640854982045625000,185.5,1,185.0,162,185.5,25,1,2021-12-30 09:03:02
1640854982073420000,185.5,1,185.0,163,185.5,24,1,2021-12-30 09:03:02
1640854982222405000,185.5,2,185.0,163,185.5,37,1,2021-12-30 09:03:02
1640854982245665000,185.5,1,185.0,163,185.5,36,1,2021-12-30 09:03:02
1640854982317232000,185.5,2,185.0,163,185.5,37,1,2021-12-30 09:03:02
1640854982428188000,185.5,4,185.0,163,185.5,33,1,2021-12-30 09:03:02
1640854982508180000,185.5,1,185.0,163,185.5,32,1,2021-12-30 09:03:02
1640854982569031000,185.5,1,185.0,163,185.5,31,1,2021-12-30 09:03:02
1640854982570758000,185.5,1,185.0,163,185.5,30,1,2021-12-30 09:03:02
1640854982612876000,185.0,110,185.0,53,185.5,30,2,2021-12-30 09:03:02
1640854982639072000,185.5,1,185.0,53,185.5,29,1,2021-12-30 09:03:02
1640854982651597000,185.0,19,185.0,34,185.5,29,2,2021-12-30 09:03:02
1640854982652891000,185.0,1,185.0,33,185.5,29,2,2021-12-30 09:03:02
1640854982655665000,185.0,1,185.0,32,185.5,29,2,2021-12-30 09:03:02
1640854982681819000,185.0,25,185.0,7,185.5,30,2,2021-12-30 09:03:02
1640854982698984000,185.5,1,185.0,7,185.5,29,1,2021-12-30 09:03:02
1640854982708098000,185.5,1,185.0,7,185.5,28,1,2021-12-30 09:03:02
1640854982710863000,185.5,1,185.0,7,185.5,27,1,2021-12-30 09:03:02
1640854982711067000,185.0,7,184.5,93,185.5,27,2,2021-12-30 09:03:02
1640854982777346000,185.5,1,184.5,94,185.5,26,1,2021-12-30 09:03:02
1640854982828209000,185.5,1,184.5,94,185.5,25,1,2021-12-30 09:03:02
1640854982871256000,185.5,6,185.0,1,185.5,20,1,2021-12-30 09:03:02
1640854982972072000,185.5,1,185.0,3,185.5,19,1,2021-12-30 09:03:02
1640854982979725000,185.5,1,185.0,3,185.5,18,1,2021-12-30 09:03:02
1640854983017466000,185.5,1,185.0,3,185.5,18,1,2021-12-30 09:03:03
1640854983089988000,185.5,1,185.0,3,185.5,17,1,2021-12-30 09:03:03
1640854983094866000,185.5,1,185.0,3,185.5,16,1,2021-12-30 09:03:03
1640854983106605000,185.5,1,185.0,3,185.5,15,1,2021-12-30 09:03:03
1640854983344093000,185.5,1,185.0,3,185.5,15,1,2021-12-30 09:03:03
1640854983412156000,185.5,1,185.0,3,185.5,14,1,2021-12-30 09:03:03
1640854983435190000,185.5,1,185.0,3,185.5,13,1,2021-12-30 09:03:03
1640854983490555000,185.5,2,185.0,3,185.5,11,1,2021-12-30 09:03:03
1640854983661293000,185.5,1,185.0,4,185.5,14,1,2021-12-30 09:03:03
1640854983672873000,185.0,1,185.0,3,185.5,16,2,2021-12-30 09:03:03
1640854983693227000,185.5,3,185.0,3,185.5,13,1,2021-12-30 09:03:03
1640854983714089000,185.5,1,185.0,3,185.5,12,1,2021-12-30 09:03:03
1640854983785140000,185.5,1,185.0,3,185.5,11,1,2021-12-30 09:03:03
1640854983810499000,185.0,1,185.0,2,185.5,13,2,2021-12-30 09:03:03
1640854983811683000,185.5,1,185.0,2,185.5,12,1,2021-12-30 09:03:03
1640854983818198000,185.5,1,185.0,2,185.5,11,1,2021-12-30 09:03:03
1640854983835386000,185.5,1,185.0,3,185.5,10,1,2021-12-30 09:03:03
1640854984081455000,185.5,1,185.0,3,185.5,11,1,2021-12-30 09:03:04
1640854984189156000,185.0,3,184.5,94,185.5,13,2,2021-12-30 09:03:04
1640854984206368000,185.5,10,184.5,94,185.5,3,1,2021-12-30 09:03:04
1640854984229450000,185.5,3,184.5,94,186.0,35,1,2021-12-30 09:03:04
1640854984381354000,185.5,2,184.5,94,185.5,1,2,2021-12-30 09:03:04
1640854984386064000,185.5,1,184.5,94,185.5,12,1,2021-12-30 09:03:04
1640854984411814000,184.5,1,184.5,93,185.5,12,2,2021-12-30 09:03:04
1640854984452878000,185.5,2,184.5,92,185.5,10,1,2021-12-30 09:03:04
1640854984556707000,185.5,1,184.5,92,185.5,9,1,2021-12-30 09:03:04
1640854984825456000,185.5,1,185.0,2,185.5,8,1,2021-12-30 09:03:04
1640854984826762000,185.5,1,185.0,2,185.5,7,1,2021-12-30 09:03:04
1640854984849714000,185.5,1,185.0,2,185.5,6,1,2021-12-30 09:03:04
1640854984975562000,185.5,1,185.0,2,185.5,5,1,2021-12-30 09:03:04
1640854984988652000,185.5,1,185.0,2,185.5,4,1,2021-12-30 09:03:04
1640854985086885000,185.5,4,185.5,1,186.0,36,1,2021-12-30 09:03:05
1640854985275701000,186.0,1,185.5,3,186.0,35,1,2021-12-30 09:03:05
1640854985342392000,186.0,1,185.5,3,186.0,37,1,2021-12-30 09:03:05
1640854985453479000,185.5,1,185.5,4,186.0,37,2,2021-12-30 09:03:05
1640854985509402000,185.5,1,185.5,3,186.0,37,2,2021-12-30 09:03:05
1640854985603305000,186.0,1,185.5,3,186.0,36,1,2021-12-30 09:03:05
1640854985684990000,186.0,1,185.5,14,186.0,35,1,2021-12-30 09:03:05
1640854985714187000,186.0,1,185.5,14,186.0,34,1,2021-12-30 09:03:05
1640854985715038000,185.5,4,185.5,10,186.0,34,2,2021-12-30 09:03:05
1640854985781083000,186.0,1,185.5,10,186.0,33,1,2021-12-30 09:03:05
1640854985791212000,185.5,10,185.0,20,186.0,33,2,2021-12-30 09:03:05
1640854985927607000,185.5,1,185.0,21,186.0,31,1,2021-12-30 09:03:05
1640854985927607000,186.0,2,185.0,21,186.0,31,1,2021-12-30 09:03:05
1640854986120170000,186.0,5,185.5,2,186.0,36,1,2021-12-30 09:03:06
1640854986337856000,185.5,2,185.5,1,186.0,40,2,2021-12-30 09:03:06
1640854986502375000,186.0,1,185.5,3,186.0,39,1,2021-12-30 09:03:06
1640854986671699000,186.0,10,185.5,4,186.0,29,1,2021-12-30 09:03:06
1640854986761982000,185.5,4,185.0,21,186.0,29,2,2021-12-30 09:03:06
1640854986761982000,185.0,21,185.0,21,186.0,29,2,2021-12-30 09:03:06
1640854986800144000,185.5,1,185.5,14,186.0,29,2,2021-12-30 09:03:06
1640854986800921000,185.5,1,185.5,14,186.0,29,2,2021-12-30 09:03:06
1640854986801821000,185.5,1,185.5,13,186.0,29,2,2021-12-30 09:03:06
1640854986888675000,185.5,1,185.5,12,186.0,30,2,2021-12-30 09:03:06
1640854987091410000,185.5,1,185.5,12,186.0,30,2,2021-12-30 09:03:07
1640854987392690000,186.0,1,185.5,14,186.0,31,1,2021-12-30 09:03:07
1640854987497986000,186.0,1,185.5,14,186.0,30,1,2021-12-30 09:03:07
1640854987613332000,186.0,2,185.5,14,186.0,28,1,2021-12-30 09:03:07
1640854987736476000,185.5,1,185.5,13,186.0,28,2,2021-12-30 09:03:07
1640854987805391000,186.0,1,185.5,16,186.0,28,1,2021-12-30 09:03:07
1640854987871545000,186.0,1,185.5,16,186.0,27,1,2021-12-30 09:03:07
1640854988012237000,186.0,5,185.5,18,186.0,27,1,2021-12-30 09:03:08
1640854988200562000,186.0,1,185.5,20,186.0,35,1,2021-12-30 09:03:08
1640854988314287000,186.0,1,185.5,20,186.0,37,1,2021-12-30 09:03:08
1640854988336670000,185.5,1,185.5,20,186.0,37,2,2021-12-30 09:03:08
1640854988471450000,186.0,2,185.5,20,186.0,35,1,2021-12-30 09:03:08
1640854988504076000,186.0,1,185.5,20,186.0,34,1,2021-12-30 09:03:08
1640854988537851000,186.0,1,185.5,20,186.0,33,1,2021-12-30 09:03:08
1640854988573652000,186.0,1,185.5,20,186.0,32,1,2021-12-30 09:03:08
1640854988655508000,186.0,1,185.5,22,186.0,31,1,2021-12-30 09:03:08
1640854988665239000,186.0,1,185.5,22,186.0,30,1,2021-12-30 09:03:08
1640854988676984000,186.0,1,185.5,22,186.0,29,1,2021-12-30 09:03:08
1640854988855946000,186.0,2,185.5,22,186.0,27,1,2021-12-30 09:03:08
1640854988887269000,186.0,1,185.5,22,186.0,26,1,2021-12-30 09:03:08
1640854989030791000,186.0,1,185.5,23,186.0,26,1,2021-12-30 09:03:09
1640854989056694000,186.0,2,185.5,23,186.0,24,1,2021-12-30 09:03:09
1640854989090846000,186.0,1,185.5,28,186.0,23,1,2021-12-30 09:03:09
1640854989260931000,186.0,2,185.5,35,186.0,21,1,2021-12-30 09:03:09
1640854989280255000,186.0,1,185.5,35,186.0,20,1,2021-12-30 09:03:09
1640854989485607000,185.5,4,185.5,33,186.0,21,2,2021-12-30 09:03:09
1640854989554407000,186.0,1,185.5,33,186.0,20,1,2021-12-30 09:03:09
1640854989763434000,186.0,1,185.5,35,186.0,20,1,2021-12-30 09:03:09
1640854990187229000,186.0,1,185.5,37,186.0,39,1,2021-12-30 09:03:10
1640854990264638000,186.0,10,185.5,37,186.0,44,1,2021-12-30 09:03:10
1640854990815399000,186.0,1,185.5,49,186.0,45,1,2021-12-30 09:03:10
1640854990851950000,186.0,1,185.5,49,186.0,45,1,2021-12-30 09:03:10
1640854990929800000,186.0,45,186.0,55,186.5,54,1,2021-12-30 09:03:10
1640854991071159000,186.0,2,186.0,54,186.5,54,2,2021-12-30 09:03:11
1640854991105024000,186.0,1,186.0,54,186.5,55,2,2021-12-30 09:03:11
1640854991393049000,186.0,56,185.5,51,186.5,57,2,2021-12-30 09:03:11
1640854991451737000,185.5,2,185.5,49,186.0,1,2,2021-12-30 09:03:11
1640854991494556000,186.0,1,185.5,49,186.5,57,1,2021-12-30 09:03:11
1640854991647228000,186.0,1,185.5,50,186.0,5,1,2021-12-30 09:03:11
1640854991860417000,186.0,1,185.5,54,186.0,5,1,2021-12-30 09:03:11
1640854991883778000,185.5,2,185.5,52,186.0,5,2,2021-12-30 09:03:11
1640854992096311000,185.5,1,185.5,52,186.0,6,2,2021-12-30 09:03:12
1640854992327711000,185.5,1,185.5,51,186.0,7,2,2021-12-30 09:03:12
1640854992424461000,185.5,1,185.5,50,186.0,10,2,2021-12-30 09:03:12
1640854992600661000,186.0,1,185.5,51,186.0,9,1,2021-12-30 09:03:12
1640854992672641000,186.0,1,185.5,54,186.0,8,1,2021-12-30 09:03:12
1640854992761303000,186.0,3,185.5,55,186.0,5,1,2021-12-30 09:03:12
1640854992787903000,186.0,1,185.5,55,186.0,4,1,2021-12-30 09:03:12
1640854993056745000,186.0,3,185.5,55,186.0,1,1,2021-12-30 09:03:13
1640854993095282000,186.0,1,185.5,55,186.5,60,1,2021-12-30 09:03:13
1640854993162527000,186.0,1,186.0,1,186.5,60,1,2021-12-30 09:03:13
1640854993237621000,186.0,1,185.5,55,186.5,60,2,2021-12-30 09:03:13
1640854993307902000,185.5,2,185.5,53,186.0,10,2,2021-12-30 09:03:13
1640854993362860000,186.0,1,185.5,53,186.0,10,1,2021-12-30 09:03:13
1640854993410658000,186.0,1,185.5,53,186.0,9,1,2021-12-30 09:03:13
1640854993652746000,186.0,3,185.5,54,186.0,6,1,2021-12-30 09:03:13
1640854993796490000,186.0,1,185.5,54,186.0,7,1,2021-12-30 09:03:13
1640854994037105000,185.5,10,185.5,45,186.0,15,2,2021-12-30 09:03:14
1640854994242701000,186.0,1,185.5,50,186.0,14,1,2021-12-30 09:03:14
1640854994243989000,186.0,1,185.5,50,186.0,13,1,2021-12-30 09:03:14
1640854994515020000,186.0,2,185.5,52,186.0,19,1,2021-12-30 09:03:14
1640854994558295000,185.5,1,185.5,51,186.0,21,2,2021-12-30 09:03:14
1640854994563476000,186.0,2,185.5,51,186.0,19,1,2021-12-30 09:03:14
1640854994613925000,186.0,1,185.5,52,186.0,18,1,2021-12-30 09:03:14
1640854994800149000,185.5,5,185.5,48,186.0,19,2,2021-12-30 09:03:14
1640854994884895000,186.0,1,185.5,50,186.0,19,1,2021-12-30 09:03:14
1640854994909736000,186.0,1,185.5,50,186.0,18,1,2021-12-30 09:03:14
1640854995037097000,186.0,1,185.5,51,186.0,22,1,2021-12-30 09:03:15
1640854995106387000,186.0,1,185.5,52,186.0,47,1,2021-12-30 09:03:15
1640854995126708000,185.5,1,185.5,51,186.0,47,2,2021-12-30 09:03:15
1640854995205603000,186.0,5,185.5,51,186.0,43,1,2021-12-30 09:03:15
1640854995374998000,186.0,1,185.5,52,186.0,43,1,2021-12-30 09:03:15
1640854995380941000,186.0,1,185.5,52,186.0,42,1,2021-12-30 09:03:15
1640854995487235000,186.0,5,185.5,53,186.0,43,1,2021-12-30 09:03:15
1640854995507944000,186.0,3,185.5,53,186.0,40,1,2021-12-30 09:03:15
1640854995568246000,186.0,1,185.5,54,186.0,40,1,2021-12-30 09:03:15
1640854995987489000,186.0,1,185.5,55,186.0,39,1,2021-12-30 09:03:15
1640854996010713000,186.0,1,185.5,55,186.0,39,1,2021-12-30 09:03:16
1640854996154737000,186.0,2,185.5,55,186.0,39,1,2021-12-30 09:03:16
1640854996181375000,186.0,2,185.5,55,186.0,38,1,2021-12-30 09:03:16
1640854996295925000,186.0,1,185.5,55,186.0,37,1,2021-12-30 09:03:16
1640854996307388000,186.0,5,185.5,55,186.0,32,1,2021-12-30 09:03:16
1640854996331191000,185.5,5,185.5,50,186.0,32,2,2021-12-30 09:03:16
1640854996898857000,186.0,1,185.5,51,186.0,50,1,2021-12-30 09:03:16
1640854996900136000,186.0,1,185.5,51,186.0,49,1,2021-12-30 09:03:16
1640854997253135000,186.0,1,185.5,53,186.0,61,1,2021-12-30 09:03:17
1640854997283159000,185.5,1,185.5,53,186.0,61,2,2021-12-30 09:03:17
1640854997458865000,186.0,1,185.5,53,186.0,63,1,2021-12-30 09:03:17
1640854997463173000,185.5,1,185.5,52,186.0,63,2,2021-12-30 09:03:17
1640854997490755000,185.5,1,185.5,51,186.0,63,2,2021-12-30 09:03:17
1640854997664930000,185.5,1,185.5,50,186.0,63,2,2021-12-30 09:03:17
1640854997675707000,186.0,1,185.5,50,186.0,62,1,2021-12-30 09:03:17
1640854997684999000,185.5,1,185.5,49,186.0,62,2,2021-12-30 09:03:17
1640854998097588000,185.5,1,185.5,51,186.0,64,2,2021-12-30 09:03:18
1640854998098223000,186.0,2,185.0,113,186.0,62,1,2021-12-30 09:03:18
1640854998098539000,185.5,51,185.0,113,186.0,62,2,2021-12-30 09:03:18
1640854998135587000,185.5,1,185.0,113,186.0,62,2,2021-12-30 09:03:18
1640854998173651000,185.5,1,185.0,113,186.0,66,1,2021-12-30 09:03:18
1640854998180535000,185.5,1,185.0,113,186.0,66,1,2021-12-30 09:03:18
1640854998223795000,186.0,2,185.0,113,186.0,64,1,2021-12-30 09:03:18
1640854998256494000,186.0,1,185.0,113,186.0,70,1,2021-12-30 09:03:18
1640854998293633000,185.0,2,185.0,111,186.0,70,2,2021-12-30 09:03:18
1640854998399041000,185.0,1,185.0,110,186.0,70,2,2021-12-30 09:03:18
1640854998706737000,185.5,1,185.0,108,186.0,73,2,2021-12-30 09:03:18
1640854998782307000,185.0,2,185.0,106,185.5,10,2,2021-12-30 09:03:18
1640854998947318000,185.5,1,185.0,107,185.5,14,1,2021-12-30 09:03:18
1640854999062522000,185.5,2,185.0,110,185.5,12,1,2021-12-30 09:03:19
1640854999064477000,185.0,2,185.0,108,185.5,12,2,2021-12-30 09:03:19
1640854999100935000,185.0,1,185.0,107,185.5,12,2,2021-12-30 09:03:19
1640854999322548000,185.5,1,185.0,107,185.5,13,1,2021-12-30 09:03:19
1640854999374071000,185.5,1,185.0,107,185.5,12,1,2021-12-30 09:03:19
1640854999548211000,185.5,1,185.0,108,185.5,11,1,2021-12-30 09:03:19
1640854999632068000,185.5,1,185.0,108,185.5,11,1,2021-12-30 09:03:19
1640854999803354000,185.5,1,185.0,108,185.5,10,1,2021-12-30 09:03:19
1640854999929686000,185.5,1,185.0,108,185.5,9,1,2021-12-30 09:03:19
1640855000150810000,185.5,3,185.0,109,185.5,7,1,2021-12-30 09:03:20
1640855000164762000,185.5,1,185.0,109,185.5,6,1,2021-12-30 09:03:20
1640855000299458000,185.5,4,185.0,109,185.5,5,1,2021-12-30 09:03:20
1640855000376539000,185.5,1,185.0,109,185.5,5,1,2021-12-30 09:03:20
1640855000402176000,185.5,1,185.0,109,185.5,4,1,2021-12-30 09:03:20
1640855000607223000,185.5,1,185.0,109,185.5,8,1,2021-12-30 09:03:20
1640855000650717000,185.5,1,185.0,109,185.5,7,1,2021-12-30 09:03:20
1640855000684352000,185.5,2,185.0,109,185.5,5,1,2021-12-30 09:03:20
1640855000754609000,185.5,1,185.0,108,185.5,4,1,2021-12-30 09:03:20
1640855000845525000,185.0,1,185.0,110,185.5,4,2,2021-12-30 09:03:20
1640855000861432000,185.5,1,185.0,110,185.5,3,1,2021-12-30 09:03:20
1640855000882221000,185.5,1,185.0,110,185.5,2,1,2021-12-30 09:03:20
1640855000938868000,185.5,1,185.0,110,185.5,1,1,2021-12-30 09:03:20
1640855001066262000,185.5,1,185.0,111,186.0,91,1,2021-12-30 09:03:21
1640855001247104000,185.5,1,185.0,111,186.0,92,1,2021-12-30 09:03:21
1640855001402727000,186.0,1,185.0,111,186.0,91,1,2021-12-30 09:03:21
1640855001769172000,185.5,1,185.0,111,185.5,5,1,2021-12-30 09:03:21
1640855001770378000,185.5,1,185.0,111,185.5,4,1,2021-12-30 09:03:21
1640855001990289000,185.5,6,185.5,4,186.0,91,1,2021-12-30 09:03:21
1640855002059508000,185.5,1,185.5,3,186.0,91,2,2021-12-30 09:03:22
1640855002239461000,186.0,1,185.5,3,186.0,91,1,2021-12-30 09:03:22
1640855002382029000,185.5,3,185.0,16,186.0,91,2,2021-12-30 09:03:22
1640855002382029000,185.0,97,185.0,16,186.0,91,2,2021-12-30 09:03:22
1640855002404980000,186.0,4,185.0,16,186.0,87,1,2021-12-30 09:03:22
1640855002527710000,185.0,1,185.0,16,185.5,2,2,2021-12-30 09:03:22
1640855002752643000,185.5,1,185.0,17,185.5,2,1,2021-12-30 09:03:22
1640855002787870000,185.5,1,185.0,17,185.5,1,1,2021-12-30 09:03:22
1640855002908031000,185.5,1,185.0,18,186.0,88,1,2021-12-30 09:03:22
1640855002961885000,186.0,10,185.0,18,186.0,78,1,2021-12-30 09:03:22
1640855002997135000,186.0,5,185.0,18,186.0,73,1,2021-12-30 09:03:22
1640855003164963000,185.5,1,185.0,20,186.0,73,1,2021-12-30 09:03:23
1640855003271119000,186.0,1,185.0,20,186.0,72,1,2021-12-30 09:03:23
1640855003528265000,186.0,1,185.5,2,186.0,75,1,2021-12-30 09:03:23
1640855003561159000,186.0,1,185.5,2,186.0,74,1,2021-12-30 09:03:23
1640855003766215000,185.5,2,185.0,22,185.5,1,2,2021-12-30 09:03:23
1640855003835446000,185.5,1,185.0,22,186.0,76,1,2021-12-30 09:03:23
1640855003933085000,185.5,1,185.0,23,186.0,76,1,2021-12-30 09:03:23
1640855004450165000,185.5,4,185.0,32,185.5,5,2,2021-12-30 09:03:24
1640855004512788000,185.0,32,184.5,86,185.5,5,2,2021-12-30 09:03:24
1640855004595451000,185.0,1,184.5,86,185.5,11,1,2021-12-30 09:03:24
1640855004596795000,185.5,1,184.5,86,185.5,10,1,2021-12-30 09:03:24
1640855004600583000,185.5,1,184.5,86,185.5,9,1,2021-12-30 09:03:24
1640855005019363000,185.5,1,185.0,1,185.5,8,1,2021-12-30 09:03:25
1640855005155126000,185.0,1,184.5,86,185.0,1,2,2021-12-30 09:03:25
1640855005191372000,185.0,1,185.0,2,185.5,8,1,2021-12-30 09:03:25
1640855005224403000,185.5,1,185.0,2,185.5,7,1,2021-12-30 09:03:25
1640855005428292000,185.5,1,185.0,4,185.5,8,1,2021-12-30 09:03:25
1640855005498403000,185.5,1,185.0,4,185.5,7,1,2021-12-30 09:03:25
1640855005526484000,185.5,1,185.0,4,185.5,6,1,2021-12-30 09:03:25
1640855005612111000,185.5,1,185.0,4,185.5,7,1,2021-12-30 09:03:25
1640855005640477000,185.0,2,185.0,2,185.5,7,2,2021-12-30 09:03:25
1640855005641871000,185.0,2,184.5,86,185.0,3,2,2021-12-30 09:03:25
1640855005705072000,185.0,1,184.5,86,185.0,2,1,2021-12-30 09:03:25
1640855005732978000,185.0,1,184.5,86,185.0,1,1,2021-12-30 09:03:25
1640855005743224000,185.0,1,184.5,86,185.5,8,1,2021-12-30 09:03:25
1640855005807020000,185.5,1,184.5,86,185.5,7,1,2021-12-30 09:03:25
1640855006218361000,185.5,1,185.0,1,185.5,8,1,2021-12-30 09:03:26
1640855006311390000,185.0,2,184.5,82,185.5,11,2,2021-12-30 09:03:26
1640855006311390000,184.5,2,184.5,82,185.5,11,2,2021-12-30 09:03:26
1640855006514276000,185.5,1,185.0,3,185.5,15,1,2021-12-30 09:03:26
1640855006619027000,185.0,1,185.0,3,185.5,15,2,2021-12-30 09:03:26
1640855006774556000,185.5,1,185.0,3,185.5,55,1,2021-12-30 09:03:26
1640855007093452000,185.5,2,185.0,8,185.5,55,1,2021-12-30 09:03:27
1640855007451720000,185.5,2,185.0,8,185.5,55,1,2021-12-30 09:03:27
1640855007607963000,185.0,1,185.0,7,185.5,56,2,2021-12-30 09:03:27
1640855007844503000,185.5,2,185.0,7,185.5,54,1,2021-12-30 09:03:27
1640855007923405000,185.5,1,185.0,8,185.5,53,1,2021-12-30 09:03:27
1640855008261009000,185.0,5,185.0,6,185.5,56,2,2021-12-30 09:03:28
1640855008269292000,185.5,5,185.0,6,185.5,51,1,2021-12-30 09:03:28
1640855008596866000,185.0,3,185.0,3,185.5,52,2,2021-12-30 09:03:28
1640855008693015000,185.5,1,185.0,4,185.5,51,1,2021-12-30 09:03:28
1640855008758463000,185.5,2,185.0,4,185.5,49,1,2021-12-30 09:03:28
1640855008784370000,185.5,1,185.0,4,185.5,48,1,2021-12-30 09:03:28
1640855009088071000,185.5,1,185.0,7,185.5,47,1,2021-12-30 09:03:29
1640855009593519000,185.5,1,185.0,13,185.5,54,1,2021-12-30 09:03:29
1640855009640626000,185.0,1,185.0,12,185.5,54,2,2021-12-30 09:03:29
1640855009777375000,185.0,12,184.5,71,185.0,27,2,2021-12-30 09:03:29
1640855009818557000,184.5,1,184.5,70,185.0,27,2,2021-12-30 09:03:29
1640855009852768000,185.0,1,184.5,70,185.0,26,1,2021-12-30 09:03:29
1640855009970190000,185.0,1,184.5,74,185.0,25,1,2021-12-30 09:03:29
1640855010220344000,185.0,1,184.5,74,185.0,26,1,2021-12-30 09:03:30
1640855010231976000,185.0,1,184.5,74,185.0,25,1,2021-12-30 09:03:30
1640855010503748000,185.0,1,184.5,74,185.0,24,1,2021-12-30 09:03:30
1640855010595716000,185.0,2,184.5,74,185.0,22,1,2021-12-30 09:03:30
1640855010716284000,185.0,1,184.5,74,185.0,22,1,2021-12-30 09:03:30
1640855010810905000,184.5,2,184.5,72,185.0,22,2,2021-12-30 09:03:30
1640855010854888000,185.0,1,184.5,72,185.0,21,1,2021-12-30 09:03:30
1640855010889350000,184.5,1,184.5,70,185.0,21,2,2021-12-30 09:03:30
1640855011164842000,185.0,1,184.5,70,185.0,20,1,2021-12-30 09:03:31
1640855011291077000,185.0,1,184.5,70,185.0,19,1,2021-12-30 09:03:31
1640855011365946000,185.0,1,184.5,70,185.0,18,1,2021-12-30 09:03:31
1640855011582560000,185.0,1,184.5,71,185.0,22,1,2021-12-30 09:03:31
1640855011611759000,185.0,1,184.5,71,185.0,21,1,2021-12-30 09:03:31
1640855011730507000,185.0,1,184.5,71,185.0,21,1,2021-12-30 09:03:31
1640855011748158000,185.0,1,184.5,71,185.0,20,1,2021-12-30 09:03:31
1640855011870045000,185.0,1,184.5,74,185.0,20,1,2021-12-30 09:03:31
1640855011938734000,185.0,2,184.5,74,185.0,18,1,2021-12-30 09:03:31
1640855011990164000,185.0,2,184.5,75,185.0,17,1,2021-12-30 09:03:31
1640855012123396000,185.0,1,184.5,75,185.0,16,1,2021-12-30 09:03:32
1640855012246223000,185.0,5,184.5,75,185.0,11,1,2021-12-30 09:03:32
1640855012380593000,185.0,1,184.5,75,185.0,13,1,2021-12-30 09:03:32
1640855012488003000,185.0,1,184.5,75,185.0,12,1,2021-12-30 09:03:32
1640855012498055000,185.0,1,184.5,75,185.0,11,1,2021-12-30 09:03:32
1640855012505577000,184.5,1,184.5,74,185.0,11,2,2021-12-30 09:03:32
1640855012578854000,185.0,1,184.5,74,185.0,10,1,2021-12-30 09:03:32
1640855012723948000,185.0,1,184.5,74,185.0,9,1,2021-12-30 09:03:32
1640855012779732000,185.0,1,184.5,74,185.0,8,1,2021-12-30 09:03:32
1640855013524962000,185.0,1,184.5,74,185.0,11,1,2021-12-30 09:03:33
1640855013601358000,185.0,1,184.5,74,185.0,10,1,2021-12-30 09:03:33
1640855013675760000,185.0,1,184.5,70,185.0,9,1,2021-12-30 09:03:33
1640855013713346000,185.0,1,184.5,73,185.0,8,1,2021-12-30 09:03:33
1640855013937163000,184.5,1,184.5,72,185.0,8,2,2021-12-30 09:03:33
1640855014032523000,185.0,2,184.5,72,185.0,6,1,2021-12-30 09:03:34
1640855014116978000,185.0,1,184.5,72,185.0,5,1,2021-12-30 09:03:34
1640855014283972000,184.5,1,184.5,71,185.0,5,2,2021-12-30 09:03:34
1640855014303948000,185.0,3,184.5,71,185.0,3,1,2021-12-30 09:03:34
1640855014405460000,185.0,1,184.5,71,185.0,2,1,2021-12-30 09:03:34
1640855014444026000,185.0,1,184.5,71,185.0,1,1,2021-12-30 09:03:34
1640855014483465000,185.0,1,184.5,71,185.5,68,1,2021-12-30 09:03:34
1640855014810735000,185.0,1,184.5,71,185.5,68,1,2021-12-30 09:03:34
1640855015012322000,185.0,2,184.5,74,185.5,68,1,2021-12-30 09:03:35
1640855015359906000,185.0,2,184.5,75,185.0,2,1,2021-12-30 09:03:35
1640855016034810000,185.0,2,184.5,78,185.0,3,1,2021-12-30 09:03:36
1640855016116549000,185.0,3,184.5,79,185.5,65,1,2021-12-30 09:03:36
1640855016116549000,185.5,2,184.5,79,185.5,65,1,2021-12-30 09:03:36
1640855016304634000,185.0,1,185.0,3,185.5,66,2,2021-12-30 09:03:36
1640855016337323000,185.0,1,185.0,4,185.5,66,2,2021-12-30 09:03:36
1640855016342910000,185.0,1,185.0,3,185.5,66,2,2021-12-30 09:03:36
1640855016586202000,185.0,1,185.0,3,185.5,65,2,2021-12-30 09:03:36
1640855016770333000,185.0,6,184.5,79,185.5,72,2,2021-12-30 09:03:36
1640855017086617000,185.0,1,185.0,2,185.5,72,2,2021-12-30 09:03:37
1640855017310399000,185.0,1,185.0,6,185.5,71,2,2021-12-30 09:03:37
1640855017363543000,185.5,1,185.0,6,185.5,70,1,2021-12-30 09:03:37
1640855017377071000,185.0,1,185.0,5,185.5,70,2,2021-12-30 09:03:37
1640855017609155000,185.0,1,185.0,11,185.5,70,2,2021-12-30 09:03:37
1640855017814802000,185.0,1,185.0,20,185.5,70,2,2021-12-30 09:03:37
1640855017830794000,185.0,1,185.0,19,185.5,70,2,2021-12-30 09:03:37
1640855017931133000,185.0,1,185.0,18,185.5,70,2,2021-12-30 09:03:37
1640855018309664000,185.5,6,185.0,27,185.5,72,1,2021-12-30 09:03:38
1640855018342002000,185.0,12,185.0,15,185.5,72,2,2021-12-30 09:03:38
1640855018373598000,185.0,2,185.0,23,185.5,72,2,2021-12-30 09:03:38
1640855018754330000,185.0,1,185.0,23,185.5,72,2,2021-12-30 09:03:38
1640855019061778000,185.5,2,185.0,23,185.5,70,1,2021-12-30 09:03:39
1640855019078874000,185.0,2,185.0,22,185.5,70,2,2021-12-30 09:03:39
1640855019189999000,185.0,1,185.0,21,185.5,71,2,2021-12-30 09:03:39
1640855019382602000,185.0,1,185.0,21,185.5,73,2,2021-12-30 09:03:39
1640855019700339000,185.0,10,185.0,13,185.5,71,2,2021-12-30 09:03:39
1640855019702918000,185.5,1,185.0,13,185.5,70,1,2021-12-30 09:03:39
1640855019828760000,185.5,1,185.0,13,185.5,69,1,2021-12-30 09:03:39
1640855020135645000,185.0,13,184.5,65,185.5,71,2,2021-12-30 09:03:40
1640855020135645000,184.5,17,184.5,65,185.5,71,2,2021-12-30 09:03:40
1640855020147909000,184.5,1,184.5,64,185.5,71,2,2021-12-30 09:03:40
1640855020193946000,185.0,1,185.0,1,185.5,75,2,2021-12-30 09:03:40
1640855020267228000,185.0,1,184.5,64,185.5,75,2,2021-12-30 09:03:40
1640855020427448000,185.5,10,185.0,1,185.5,65,1,2021-12-30 09:03:40
1640855020716051000,185.0,1,185.0,4,185.5,67,2,2021-12-30 09:03:40
1640855020764517000,185.5,1,185.0,4,185.5,66,1,2021-12-30 09:03:40
1640855020928484000,185.5,1,185.0,4,185.5,65,1,2021-12-30 09:03:40
1640855020965705000,185.0,1,185.0,3,185.5,65,2,2021-12-30 09:03:40
1640855021190035000,185.5,1,185.0,5,185.5,60,1,2021-12-30 09:03:41
1640855021590031000,185.5,7,185.0,5,185.5,58,1,2021-12-30 09:03:41
1640855021846209000,185.0,5,185.0,11,185.5,59,2,2021-12-30 09:03:41
1640855021869850000,185.5,1,185.0,11,185.5,58,1,2021-12-30 09:03:41
1640855021900982000,185.5,1,185.0,11,185.5,57,1,2021-12-30 09:03:41
1640855022079616000,185.5,2,185.0,12,185.5,66,1,2021-12-30 09:03:42
1640855022155193000,185.0,2,185.0,20,185.5,66,2,2021-12-30 09:03:42
1640855022282145000,185.0,2,185.0,18,185.5,66,2,2021-12-30 09:03:42
1640855022540011000,185.0,1,185.0,23,185.5,67,2,2021-12-30 09:03:42
1640855022603692000,185.0,1,185.0,22,185.5,67,2,2021-12-30 09:03:42
1640855022613680000,185.0,1,185.0,21,185.5,67,2,2021-12-30 09:03:42
1640855022622577000,185.0,1,185.0,21,185.5,67,2,2021-12-30 09:03:42
1640855022630684000,185.0,1,185.0,20,185.5,67,2,2021-12-30 09:03:42
1640855022634627000,185.0,1,185.0,19,185.5,67,2,2021-12-30 09:03:42
1640855022640628000,185.0,1,185.0,18,185.5,67,2,2021-12-30 09:03:42
1640855022700742000,185.5,1,185.0,18,185.5,66,1,2021-12-30 09:03:42
1640855022946472000,185.0,1,185.0,17,185.5,71,2,2021-12-30 09:03:42
1640855022976166000,185.0,1,185.0,16,185.5,71,2,2021-12-30 09:03:42
1640855023016425000,185.0,1,185.0,15,185.5,71,2,2021-12-30 09:03:43
1640855023328098000,185.0,1,185.0,6,185.5,70,2,2021-12-30 09:03:43
1640855024067917000,185.5,3,185.0,9,185.5,67,1,2021-12-30 09:03:44
1640855024386102000,185.0,10,184.5,65,185.5,70,2,2021-12-30 09:03:44
1640855024647991000,184.5,1,184.5,64,185.5,70,2,2021-12-30 09:03:44
1640855024677157000,185.5,3,184.5,64,185.5,67,1,2021-12-30 09:03:44
1640855024729778000,185.0,1,184.5,82,185.5,67,1,2021-12-30 09:03:44
1640855025147369000,185.5,1,185.0,5,185.5,66,1,2021-12-30 09:03:45
1640855025670151000,185.0,1,185.0,12,185.5,66,2,2021-12-30 09:03:45
1640855025709761000,185.5,1,185.0,12,185.5,65,1,2021-12-30 09:03:45
1640855025756555000,185.0,1,185.0,11,185.5,64,2,2021-12-30 09:03:45
1640855026159684000,185.0,2,185.0,23,185.5,65,2,2021-12-30 09:03:46
1640855026681628000,185.0,1,185.0,29,185.5,67,2,2021-12-30 09:03:46
1640855026874641000,185.0,1,185.0,28,185.5,67,2,2021-12-30 09:03:46
1640855026921760000,185.0,5,185.0,22,185.5,67,2,2021-12-30 09:03:46
1640855026921839000,185.0,1,185.0,22,185.5,67,2,2021-12-30 09:03:46
1640855026935130000,185.0,1,185.0,21,185.5,67,2,2021-12-30 09:03:46
1640855027308172000,185.0,1,185.0,27,185.5,70,2,2021-12-30 09:03:47
1640855027736745000,185.0,2,185.0,26,185.5,72,2,2021-12-30 09:03:47
1640855027946583000,185.5,1,185.0,26,185.5,72,1,2021-12-30 09:03:47
1640855028811342000,185.0,1,185.0,37,185.5,82,2,2021-12-30 09:03:48
1640855028850960000,185.0,37,184.5,73,185.5,82,2,2021-12-30 09:03:48
1640855028863115000,185.5,1,184.5,73,185.5,81,1,2021-12-30 09:03:48
1640855029201277000,185.0,1,184.5,72,185.5,83,1,2021-12-30 09:03:49
1640855029273222000,185.5,1,184.5,72,185.5,82,1,2021-12-30 09:03:49
1640855029445766000,185.0,1,185.0,2,185.5,83,2,2021-12-30 09:03:49
1640855029624275000,185.0,3,185.0,2,185.5,84,2,2021-12-30 09:03:49
1640855029707763000,185.5,2,185.0,2,185.5,82,1,2021-12-30 09:03:49
1640855029997942000,185.0,1,185.0,2,185.5,82,2,2021-12-30 09:03:49
1640855030044163000,185.0,1,185.0,1,185.5,82,2,2021-12-30 09:03:50
1640855030061439000,185.0,1,184.5,73,185.5,82,2,2021-12-30 09:03:50
1640855030293292000,185.0,1,184.5,73,185.5,86,2,2021-12-30 09:03:50
1640855030318988000,185.5,2,184.5,73,185.5,90,1,2021-12-30 09:03:50
1640855030503199000,185.0,1,185.0,6,185.5,90,2,2021-12-30 09:03:50
1640855030512802000,185.0,5,185.0,1,185.5,90,2,2021-12-30 09:03:50
1640855030951118000,185.0,1,185.0,2,185.5,94,2,2021-12-30 09:03:50
1640855030993890000,185.0,2,184.5,73,185.0,8,2,2021-12-30 09:03:50
1640855031235707000,184.5,1,184.5,72,185.0,9,2,2021-12-30 09:03:51
1640855031256973000,185.0,1,184.5,72,185.0,8,1,2021-12-30 09:03:51
1640855031621181000,185.0,2,184.5,71,185.0,7,1,2021-12-30 09:03:51
1640855031698472000,185.0,1,184.5,71,185.0,6,1,2021-12-30 09:03:51
1640855031700431000,185.0,2,184.5,71,185.0,4,1,2021-12-30 09:03:51
1640855031913643000,185.0,1,184.5,72,185.0,5,1,2021-12-30 09:03:51
1640855031955643000,185.0,5,184.5,72,185.5,97,1,2021-12-30 09:03:51
1640855032020526000,185.0,1,185.0,1,185.5,97,2,2021-12-30 09:03:52
1640855032056132000,185.0,1,184.5,72,185.5,97,2,2021-12-30 09:03:52
1640855032205305000,185.0,1,184.5,72,185.0,19,1,2021-12-30 09:03:52
1640855032391086000,185.0,1,184.5,70,185.0,19,1,2021-12-30 09:03:52
1640855032404574000,185.0,1,184.5,70,185.0,18,1,2021-12-30 09:03:52
1640855032409463000,185.0,1,184.5,70,185.0,17,1,2021-12-30 09:03:52
1640855032658373000,185.0,1,184.5,70,185.0,17,1,2021-12-30 09:03:52
1640855033495719000,185.0,1,184.5,72,185.0,20,1,2021-12-30 09:03:53
1640855033726923000,185.0,2,184.5,72,185.0,18,1,2021-12-30 09:03:53
1640855034088404000,185.0,1,184.5,73,185.0,18,1,2021-12-30 09:03:54
1640855034093639000,185.0,1,184.5,73,185.0,17,1,2021-12-30 09:03:54
1640855034511080000,185.0,1,184.5,75,185.0,19,1,2021-12-30 09:03:54
1640855034752773000,185.0,1,184.5,75,185.0,18,1,2021-12-30 09:03:54
1640855035003115000,185.0,1,184.5,75,185.0,20,1,2021-12-30 09:03:55
1640855035014113000,185.0,5,184.5,75,185.0,15,1,2021-12-30 09:03:55
1640855035112186000,185.0,1,184.5,75,185.0,14,1,2021-12-30 09:03:55
1640855035145665000,185.0,1,184.5,75,185.0,16,1,2021-12-30 09:03:55
1640855035224091000,184.5,1,184.5,74,185.0,16,2,2021-12-30 09:03:55
1640855035268853000,185.0,2,184.5,74,185.0,14,1,2021-12-30 09:03:55
1640855035853846000,185.0,2,184.5,74,185.0,32,1,2021-12-30 09:03:55
1640855035996665000,185.0,1,184.5,74,185.0,31,1,2021-12-30 09:03:55
1640855036076156000,185.0,1,184.5,73,185.0,35,1,2021-12-30 09:03:56
1640855036597377000,185.0,10,184.5,73,185.0,30,1,2021-12-30 09:03:56
1640855037035443000,185.0,2,184.5,74,185.0,61,1,2021-12-30 09:03:57
1640855037071812000,185.0,1,184.5,74,185.0,62,1,2021-12-30 09:03:57
1640855037246967000,185.0,1,184.5,73,185.0,61,1,2021-12-30 09:03:57
1640855037257386000,185.0,1,184.5,73,185.0,60,1,2021-12-30 09:03:57
1640855037369632000,185.0,1,184.5,73,185.0,59,1,2021-12-30 09:03:57
1640855038045130000,185.0,1,184.5,74,185.0,65,1,2021-12-30 09:03:58
1640855038099795000,185.0,1,184.5,74,185.0,64,1,2021-12-30 09:03:58
1640855038100851000,185.0,1,184.5,74,185.0,63,1,2021-12-30 09:03:58
1640855038385007000,185.0,1,184.5,74,185.0,62,1,2021-12-30 09:03:58
1640855039193906000,184.5,1,184.5,76,185.0,64,2,2021-12-30 09:03:59
1640855039224791000,184.5,1,184.5,75,185.0,65,2,2021-12-30 09:03:59
1640855039243358000,184.5,1,184.5,74,185.0,65,2,2021-12-30 09:03:59
1640855039306353000,185.0,5,184.5,74,185.0,60,1,2021-12-30 09:03:59
1640855039540236000,185.0,1,184.5,74,185.0,63,1,2021-12-30 09:03:59
1640855039577941000,185.0,1,184.5,74,185.0,62,1,2021-12-30 09:03:59
1640855039642478000,185.0,10,184.5,74,185.0,52,1,2021-12-30 09:03:59
1640855039648305000,185.0,1,184.5,74,185.0,51,1,2021-12-30 09:03:59
1640855040066817000,185.0,1,184.5,74,185.0,50,1,2021-12-30 09:04:00
1640855040106649000,185.0,1,184.5,74,185.0,50,1,2021-12-30 09:04:00
1640855040411198000,185.0,1,184.5,74,185.0,49,1,2021-12-30 09:04:00
1640855040490778000,185.0,7,184.5,74,185.0,44,1,2021-12-30 09:04:00
1640855040546543000,185.0,1,184.5,74,185.0,43,1,2021-12-30 09:04:00
1640855040848499000,184.5,5,184.5,69,185.0,43,2,2021-12-30 09:04:00
1640855040928901000,185.0,1,184.5,69,185.0,42,1,2021-12-30 09:04:00
1640855040933803000,184.5,69,184.0,119,185.0,42,2,2021-12-30 09:04:00
1640855041005005000,184.5,2,184.0,119,185.0,42,1,2021-12-30 09:04:01
1640855041049246000,184.5,1,184.0,119,185.0,42,1,2021-12-30 09:04:01
1640855041176393000,185.0,1,184.0,119,185.0,41,1,2021-12-30 09:04:01
1640855041308979000,185.0,1,184.0,119,185.0,40,1,2021-12-30 09:04:01
1640855041763578000,184.5,1,184.0,119,185.0,31,1,2021-12-30 09:04:01
1640855041763578000,185.0,9,184.0,119,185.0,31,1,2021-12-30 09:04:01
1640855041881458000,185.0,1,184.0,119,185.0,31,1,2021-12-30 09:04:01
1640855042126798000,185.0,1,184.0,129,185.0,34,1,2021-12-30 09:04:02
1640855043878746000,184.5,4,184.5,3,185.0,48,2,2021-12-30 09:04:03
1640855043986436000,184.5,3,184.0,128,185.0,48,2,2021-12-30 09:04:03
1640855044095983000,184.0,1,184.0,127,185.0,48,2,2021-12-30 09:04:04
1640855044118981000,185.0,1,184.0,127,185.0,47,1,2021-12-30 09:04:04
1640855044257226000,184.0,1,184.0,126,185.0,47,2,2021-12-30 09:04:04
1640855044391927000,184.5,1,184.0,126,185.0,47,2,2021-12-30 09:04:04
1640855044447701000,185.0,2,184.0,126,185.0,45,1,2021-12-30 09:04:04
1640855044486281000,184.0,1,184.0,125,185.0,45,2,2021-12-30 09:04:04
1640855044807945000,184.5,1,184.0,125,185.0,47,2,2021-12-30 09:04:04
1640855045001297000,184.5,2,184.0,126,184.5,8,1,2021-12-30 09:04:05
1640855045406641000,184.5,2,184.0,127,184.5,9,1,2021-12-30 09:04:05
1640855045719723000,184.5,11,184.0,127,185.0,42,1,2021-12-30 09:04:05
1640855045719723000,185.0,9,184.0,127,185.0,42,1,2021-12-30 09:04:05
1640855045984944000,184.5,1,184.5,25,185.0,41,2,2021-12-30 09:04:05
1640855046046537000,184.5,1,184.5,24,185.0,41,2,2021-12-30 09:04:06
1640855046469825000,185.0,1,184.5,24,185.0,40,1,2021-12-30 09:04:06
1640855046525342000,184.5,11,184.5,13,185.0,40,2,2021-12-30 09:04:06
1640855046575651000,184.5,5,184.5,8,185.0,40,2,2021-12-30 09:04:06
1640855046627632000,185.0,1,184.5,8,185.0,39,1,2021-12-30 09:04:06
1640855046834489000,184.5,1,184.5,12,185.0,39,2,2021-12-30 09:04:06
1640855046865198000,184.5,1,184.5,11,185.0,41,2,2021-12-30 09:04:06
1640855046882652000,184.5,1,184.5,10,185.0,41,2,2021-12-30 09:04:06
1640855047308289000,185.0,1,184.5,11,185.0,42,1,2021-12-30 09:04:07
1640855047726682000,184.5,1,184.5,11,185.0,44,2,2021-12-30 09:04:07
1640855048344190000,185.0,1,184.5,12,185.0,61,1,2021-12-30 09:04:08
1640855048603677000,184.5,1,184.5,11,185.0,61,2,2021-12-30 09:04:08
1640855048806473000,184.5,2,184.5,9,185.0,62,2,2021-12-30 09:04:08
1640855049010492000,184.5,1,184.5,9,185.0,75,2,2021-12-30 09:04:09
1640855049304389000,184.5,1,184.5,9,185.0,75,2,2021-12-30 09:04:09
1640855050212998000,184.5,1,184.5,10,185.0,98,2,2021-12-30 09:04:10
1640855050371103000,185.0,1,184.5,26,185.0,98,1,2021-12-30 09:04:10
1640855050408392000,184.5,5,184.5,21,185.0,98,2,2021-12-30 09:04:10
1640855050599816000,184.5,1,184.5,20,185.0,99,2,2021-12-30 09:04:10
1640855051415646000,184.5,1,184.5,30,185.0,116,2,2021-12-30 09:04:11
1640855051621663000,184.5,1,184.5,29,185.0,116,2,2021-12-30 09:04:11
1640855051648861000,184.5,1,184.5,28,185.0,116,2,2021-12-30 09:04:11
1640855051660724000,184.5,5,184.5,23,185.0,116,2,2021-12-30 09:04:11
1640855051740621000,185.0,1,184.5,23,185.0,115,1,2021-12-30 09:04:11
1640855051956515000,185.0,1,184.5,24,185.0,114,1,2021-12-30 09:04:11
1640855052055515000,184.5,1,184.5,23,185.0,119,2,2021-12-30 09:04:12
1640855052298965000,184.5,2,184.5,21,185.0,121,2,2021-12-30 09:04:12
1640855052326811000,184.5,15,184.5,6,185.0,121,2,2021-12-30 09:04:12
1640855052356076000,184.5,6,184.0,144,185.0,121,2,2021-12-30 09:04:12
1640855052509430000,184.5,1,184.0,144,185.0,123,1,2021-12-30 09:04:12
1640855052740372000,184.0,1,184.0,143,185.0,125,2,2021-12-30 09:04:12
1640855052974648000,184.5,1,184.0,146,185.0,125,2,2021-12-30 09:04:12
1640855053395370000,185.0,1,184.5,1,185.0,126,1,2021-12-30 09:04:13
1640855053569173000,184.5,1,184.0,145,185.0,126,2,2021-12-30 09:04:13
1640855053569173000,184.0,2,184.0,145,185.0,126,2,2021-12-30 09:04:13
1640855053636218000,184.0,5,184.0,140,185.0,126,2,2021-12-30 09:04:13
1640855054335036000,184.5,1,184.0,140,184.5,6,1,2021-12-30 09:04:14
1640855055126918000,184.5,1,184.0,140,184.5,7,1,2021-12-30 09:04:15
1640855055144356000,184.0,1,184.0,139,184.5,7,2,2021-12-30 09:04:15
1640855055225733000,184.0,139,183.5,81,184.5,19,2,2021-12-30 09:04:15
1640855055268423000,184.0,1,183.5,81,184.5,23,1,2021-12-30 09:04:15
1640855055461465000,183.5,5,183.5,76,184.5,33,2,2021-12-30 09:04:15
1640855055586082000,183.5,1,183.5,75,184.0,1,2,2021-12-30 09:04:15
1640855055917409000,184.0,1,183.5,75,184.5,33,1,2021-12-30 09:04:15
1640855056254735000,184.5,1,183.5,75,184.5,32,1,2021-12-30 09:04:16
1640855057036219000,184.5,1,183.5,80,184.5,43,1,2021-12-30 09:04:17
1640855057710887000,184.0,1,183.5,76,184.0,1,1,2021-12-30 09:04:17
1640855058031510000,184.0,1,183.5,76,184.5,54,1,2021-12-30 09:04:18
1640855058031510000,184.5,1,183.5,76,184.5,54,1,2021-12-30 09:04:18
1640855058410109000,184.0,1,183.5,77,184.5,54,1,2021-12-30 09:04:18
1640855058513671000,183.5,1,183.5,77,184.5,54,2,2021-12-30 09:04:18
1640855058651008000,184.0,4,184.0,16,184.5,59,2,2021-12-30 09:04:18
1640855058793702000,184.5,1,184.0,16,184.5,58,1,2021-12-30 09:04:18
1640855058836520000,184.0,2,184.0,14,184.5,58,2,2021-12-30 09:04:18
1640855059276945000,184.0,1,184.0,16,184.5,61,2,2021-12-30 09:04:19
1640855059363447000,184.0,5,184.0,11,184.5,62,2,2021-12-30 09:04:19
1640855060440630000,184.0,5,184.0,17,184.5,78,2,2021-12-30 09:04:20
1640855060483772000,184.5,1,184.0,17,184.5,77,1,2021-12-30 09:04:20
1640855060574935000,184.0,1,184.0,16,184.5,77,2,2021-12-30 09:04:20
1640855061852173000,184.0,1,184.0,35,184.5,79,2,2021-12-30 09:04:21
1640855062002800000,184.0,1,184.0,34,184.5,80,2,2021-12-30 09:04:22
1640855062119967000,184.0,2,184.0,31,184.5,80,2,2021-12-30 09:04:22
1640855062144655000,184.0,1,184.0,30,184.5,80,2,2021-12-30 09:04:22
1640855062149471000,184.0,1,184.0,29,184.5,80,2,2021-12-30 09:04:22
1640855062242955000,184.0,2,184.0,27,184.5,82,2,2021-12-30 09:04:22
1640855062503355000,184.0,2,184.0,25,184.5,83,2,2021-12-30 09:04:22
1640855062835230000,184.0,1,184.0,28,184.5,84,2,2021-12-30 09:04:22
1640855062978060000,184.0,1,184.0,27,184.5,84,2,2021-12-30 09:04:22
1640855063416598000,184.0,1,184.0,26,184.5,90,2,2021-12-30 09:04:23
1640855063663561000,184.0,1,184.0,25,184.5,90,2,2021-12-30 09:04:23
1640855063735338000,184.5,5,184.0,26,184.5,86,1,2021-12-30 09:04:23
1640855063758574000,184.5,2,184.0,26,184.5,84,1,2021-12-30 09:04:23
1640855064276223000,184.0,4,184.0,22,184.5,86,2,2021-12-30 09:04:24
1640855064527398000,184.0,1,184.0,23,184.5,88,2,2021-12-30 09:04:24
1640855064652989000,184.0,1,184.0,22,184.5,88,2,2021-12-30 09:04:24
1640855064686902000,184.0,22,184.0,15,184.5,88,2,2021-12-30 09:04:24
1640855064711502000,184.0,1,184.0,14,184.5,88,2,2021-12-30 09:04:24
1640855064731854000,184.0,1,184.0,13,184.5,88,2,2021-12-30 09:04:24
1640855064870135000,184.0,1,184.0,12,184.5,89,2,2021-12-30 09:04:24
1640855065155690000,184.0,1,184.0,11,184.5,90,2,2021-12-30 09:04:25
1640855065282653000,184.0,1,184.0,11,184.5,91,2,2021-12-30 09:04:25
1640855065426570000,184.5,1,184.0,12,184.5,90,1,2021-12-30 09:04:25
1640855065530225000,184.5,1,184.0,12,184.5,89,1,2021-12-30 09:04:25
1640855065731503000,184.0,5,184.0,7,184.5,90,2,2021-12-30 09:04:25
1640855065905725000,184.0,1,184.0,8,184.5,91,2,2021-12-30 09:04:25
1640855066292078000,184.0,6,184.0,2,184.5,90,2,2021-12-30 09:04:26
1640855066332821000,184.0,1,184.0,1,184.5,90,2,2021-12-30 09:04:26
1640855066366227000,184.0,1,183.5,84,184.5,90,2,2021-12-30 09:04:26
1640855066521727000,184.0,1,183.5,84,184.5,90,1,2021-12-30 09:04:26
1640855066635672000,184.0,1,183.5,84,184.5,90,1,2021-12-30 09:04:26
1640855066729559000,184.0,1,184.0,4,184.5,90,1,2021-12-30 09:04:26
1640855066765624000,184.5,1,184.0,4,184.5,89,1,2021-12-30 09:04:26
1640855066822778000,184.0,1,184.0,3,184.5,89,2,2021-12-30 09:04:26
1640855066841303000,184.0,3,183.5,85,184.5,89,2,2021-12-30 09:04:26
1640855067088857000,183.5,1,183.5,85,184.0,1,2,2021-12-30 09:04:27
1640855067106663000,184.0,1,183.5,85,184.5,89,1,2021-12-30 09:04:27
1640855067156421000,184.0,1,183.5,85,184.0,2,1,2021-12-30 09:04:27
1640855067302268000,184.0,2,183.5,85,184.0,1,1,2021-12-30 09:04:27
1640855067452897000,183.5,1,183.5,84,184.0,2,2,2021-12-30 09:04:27
1640855067473814000,183.5,1,183.5,83,184.0,2,2,2021-12-30 09:04:27
1640855067499498000,184.0,1,183.5,83,184.0,1,1,2021-12-30 09:04:27
1640855068023414000,184.0,1,183.5,85,184.0,4,1,2021-12-30 09:04:28
1640855068814269000,183.5,2,183.5,83,184.0,11,2,2021-12-30 09:04:28
1640855069726133000,184.0,1,183.5,85,184.0,17,1,2021-12-30 09:04:29
1640855069742594000,184.0,8,183.5,85,184.0,9,1,2021-12-30 09:04:29
1640855069755042000,183.5,1,183.5,84,184.0,9,2,2021-12-30 09:04:29
1640855069887607000,183.5,1,183.5,83,184.0,9,2,2021-12-30 09:04:29
1640855069916282000,183.5,1,183.5,82,184.0,9,2,2021-12-30 09:04:29
1640855070045238000,183.5,1,183.5,80,184.0,10,2,2021-12-30 09:04:30
1640855070192336000,183.5,1,183.5,79,184.0,16,2,2021-12-30 09:04:30
1640855070300780000,184.0,1,183.5,79,184.0,16,1,2021-12-30 09:04:30
1640855070334016000,183.5,1,183.5,77,184.0,26,2,2021-12-30 09:04:30
1640855070467188000,183.5,1,183.5,76,184.0,26,2,2021-12-30 09:04:30
1640855070598759000,184.0,1,183.5,76,184.0,26,1,2021-12-30 09:04:30
1640855070615057000,183.5,2,183.5,74,184.0,26,2,2021-12-30 09:04:30
1640855070631547000,184.0,5,183.5,74,184.0,21,1,2021-12-30 09:04:30
1640855070701459000,184.0,1,183.5,74,184.0,20,1,2021-12-30 09:04:30
1640855070778740000,183.5,5,183.5,70,184.0,20,2,2021-12-30 09:04:30
1640855070876297000,183.5,1,183.5,70,184.0,20,2,2021-12-30 09:04:30
1640855071148909000,184.0,1,183.5,70,184.0,21,1,2021-12-30 09:04:31
1640855071695334000,183.5,3,183.5,66,184.0,36,2,2021-12-30 09:04:31
1640855071719299000,183.5,1,183.5,65,184.0,36,2,2021-12-30 09:04:31
1640855072153546000,184.0,1,183.5,65,184.0,58,1,2021-12-30 09:04:32
1640855072297379000,184.0,2,183.5,65,184.0,59,1,2021-12-30 09:04:32
1640855072874151000,184.0,1,183.5,67,184.0,60,1,2021-12-30 09:04:32
1640855073103113000,184.0,1,183.5,67,184.0,62,1,2021-12-30 09:04:33
1640855074419282000,183.5,20,183.5,53,184.0,72,2,2021-12-30 09:04:34
1640855074457609000,183.5,1,183.5,52,184.0,71,2,2021-12-30 09:04:34
1640855074761561000,184.0,10,183.5,52,184.0,81,1,2021-12-30 09:04:34
1640855076310698000,183.5,2,183.5,51,184.0,98,2,2021-12-30 09:04:36
1640855076340491000,183.5,1,183.5,50,184.0,98,2,2021-12-30 09:04:36
1640855076763272000,183.5,1,183.5,50,184.0,98,2,2021-12-30 09:04:36
1640855076835676000,184.0,2,183.5,50,184.0,96,1,2021-12-30 09:04:36
1640855077024024000,183.5,20,183.5,30,184.0,98,2,2021-12-30 09:04:37
1640855077064603000,183.5,1,183.5,29,184.0,99,2,2021-12-30 09:04:37
1640855077892401000,184.0,2,183.5,31,184.0,117,1,2021-12-30 09:04:37
1640855078388009000,183.5,1,183.5,35,184.0,121,2,2021-12-30 09:04:38
1640855078396629000,183.5,2,183.5,34,184.0,121,2,2021-12-30 09:04:38
1640855078448304000,184.0,1,183.5,34,184.0,120,1,2021-12-30 09:04:38
1640855078457512000,183.5,1,183.5,33,184.0,120,2,2021-12-30 09:04:38
1640855078891478000,183.5,2,183.5,32,184.0,121,2,2021-12-30 09:04:38
1640855078893032000,183.5,2,183.5,30,184.0,121,2,2021-12-30 09:04:38
1640855078942890000,183.5,1,183.5,29,184.0,121,2,2021-12-30 09:04:38
1640855079066945000,183.5,5,183.5,24,184.0,122,2,2021-12-30 09:04:39
1640855079113894000,183.5,1,183.5,23,184.0,122,2,2021-12-30 09:04:39
1640855079452081000,183.5,4,183.5,20,184.0,122,2,2021-12-30 09:04:39
1640855079656503000,183.5,1,183.5,22,184.0,122,2,2021-12-30 09:04:39
1640855079704646000,183.5,1,183.5,21,184.0,122,2,2021-12-30 09:04:39
1640855080075386000,183.5,1,183.5,22,184.0,125,2,2021-12-30 09:04:40
1640855080078972000,184.0,2,183.5,22,184.0,123,1,2021-12-30 09:04:40
1640855080301029000,184.0,1,183.5,22,184.0,123,1,2021-12-30 09:04:40
1640855080444521000,184.0,1,183.5,22,184.0,122,1,2021-12-30 09:04:40
1640855080450210000,183.5,1,183.5,21,184.0,122,2,2021-12-30 09:04:40
1640855080536297000,183.5,1,183.5,20,184.0,122,2,2021-12-30 09:04:40
1640855080752948000,183.5,1,183.5,19,184.0,125,2,2021-12-30 09:04:40
1640855080905666000,183.5,1,183.5,19,184.0,125,2,2021-12-30 09:04:40
1640855081165440000,183.5,10,183.5,9,184.0,125,2,2021-12-30 09:04:41
1640855081203895000,183.5,1,183.5,8,184.0,125,2,2021-12-30 09:04:41
1640855081367053000,183.5,2,183.5,6,184.0,128,2,2021-12-30 09:04:41
1640855082108743000,183.5,1,183.5,5,184.0,132,2,2021-12-30 09:04:42
1640855082228219000,183.5,5,183.0,135,183.5,45,2,2021-12-30 09:04:42
1640855082252730000,183.5,45,183.0,135,184.0,135,1,2021-12-30 09:04:42
1640855082423098000,183.5,1,183.0,135,183.5,11,1,2021-12-30 09:04:42
1640855082497529000,183.5,1,183.0,135,183.5,12,1,2021-12-30 09:04:42
1640855082866587000,183.5,2,183.0,135,183.5,11,1,2021-12-30 09:04:42
1640855082880288000,183.5,3,183.0,135,183.5,8,1,2021-12-30 09:04:42
1640855083065542000,183.5,11,183.5,4,184.0,135,1,2021-12-30 09:04:43
1640855083267489000,183.5,1,183.5,91,184.0,135,2,2021-12-30 09:04:43
1640855083369419000,183.5,1,183.5,95,184.0,126,2,2021-12-30 09:04:43
1640855083404061000,184.0,2,183.5,95,184.0,124,1,2021-12-30 09:04:43
1640855083502013000,183.5,1,183.5,95,184.0,124,2,2021-12-30 09:04:43
1640855083523787000,183.5,1,183.5,94,184.0,124,2,2021-12-30 09:04:43
1640855083788660000,183.5,1,183.5,93,184.0,125,2,2021-12-30 09:04:43
1640855083801690000,183.5,1,183.5,92,184.0,124,2,2021-12-30 09:04:43
1640855084151814000,183.5,1,183.5,92,184.0,130,2,2021-12-30 09:04:44
1640855085111253000,184.0,1,183.5,98,184.0,133,1,2021-12-30 09:04:45
1640855085678782000,183.5,1,183.5,100,184.0,140,2,2021-12-30 09:04:45
1640855085709941000,183.5,1,183.5,99,184.0,140,2,2021-12-30 09:04:45
1640855085793577000,183.5,1,183.5,98,184.0,140,2,2021-12-30 09:04:45
1640855086189660000,184.0,1,183.5,96,184.0,140,1,2021-12-30 09:04:46
1640855086208664000,183.5,1,183.5,95,184.0,140,2,2021-12-30 09:04:46
1640855086745214000,183.5,10,183.5,100,184.0,140,2,2021-12-30 09:04:46
1640855086775213000,183.5,20,183.5,80,184.0,140,2,2021-12-30 09:04:46
1640855086811043000,183.5,30,183.5,50,184.0,140,2,2021-12-30 09:04:46
1640855086872796000,183.5,5,183.5,45,184.0,140,2,2021-12-30 09:04:46
1640855087048947000,184.0,1,183.5,45,184.0,139,1,2021-12-30 09:04:47
1640855088060067000,184.0,10,183.5,48,184.0,134,1,2021-12-30 09:04:48
1640855088279466000,183.5,1,183.5,47,184.0,135,2,2021-12-30 09:04:48
1640855088665509000,183.5,1,183.5,46,184.0,136,2,2021-12-30 09:04:48
1640855088897847000,184.0,2,183.5,47,184.0,141,1,2021-12-30 09:04:48
1640855089024442000,184.0,1,183.5,47,184.0,141,1,2021-12-30 09:04:49
1640855089688129000,183.5,30,183.5,18,184.0,142,2,2021-12-30 09:04:49
1640855089723845000,183.5,1,183.5,17,184.0,142,2,2021-12-30 09:04:49
1640855090029527000,183.5,3,183.5,19,184.0,143,2,2021-12-30 09:04:50
1640855090148979000,183.5,1,183.5,20,184.0,143,2,2021-12-30 09:04:50
1640855090180505000,183.5,1,183.5,19,184.0,142,2,2021-12-30 09:04:50
1640855090372936000,183.5,1,183.5,18,184.0,148,2,2021-12-30 09:04:50
1640855090549981000,183.5,1,183.5,17,184.0,150,2,2021-12-30 09:04:50
1640855091256608000,183.5,2,183.5,16,184.0,150,2,2021-12-30 09:04:51
1640855091441583000,183.5,1,183.5,15,184.0,150,2,2021-12-30 09:04:51
1640855091913766000,183.5,1,183.5,24,184.0,153,2,2021-12-30 09:04:51
1640855092114698000,183.5,1,183.5,24,184.0,153,2,2021-12-30 09:04:52
1640855092132778000,183.5,5,183.5,19,184.0,153,2,2021-12-30 09:04:52
1640855092406427000,183.5,2,183.5,19,184.0,153,2,2021-12-30 09:04:52
1640855092610345000,184.0,2,183.5,19,184.0,151,1,2021-12-30 09:04:52
1640855092880450000,183.5,1,183.5,18,184.0,153,2,2021-12-30 09:04:52
1640855092927030000,183.5,1,183.5,17,184.0,153,2,2021-12-30 09:04:52
1640855093295095000,183.5,3,183.5,14,184.0,158,2,2021-12-30 09:04:53
1640855093635588000,183.5,1,183.5,13,184.0,159,2,2021-12-30 09:04:53
1640855093681721000,183.5,1,183.5,12,184.0,159,2,2021-12-30 09:04:53
1640855093729253000,183.5,1,183.5,11,184.0,159,2,2021-12-30 09:04:53
1640855093930317000,183.5,1,183.5,10,184.0,159,2,2021-12-30 09:04:53
1640855094213112000,183.5,1,183.5,10,184.0,159,2,2021-12-30 09:04:54
1640855094365678000,183.5,1,183.5,9,184.0,159,2,2021-12-30 09:04:54
1640855094560798000,183.5,2,183.5,8,184.0,159,2,2021-12-30 09:04:54
1640855094930147000,183.5,1,183.5,8,184.0,159,2,2021-12-30 09:04:54
1640855095134575000,183.5,1,183.5,12,184.0,159,2,2021-12-30 09:04:55
1640855095135662000,183.5,1,183.5,11,184.0,159,2,2021-12-30 09:04:55
1640855095236844000,183.5,1,183.5,10,184.0,159,2,2021-12-30 09:04:55
1640855095331643000,183.5,1,183.5,9,184.0,159,2,2021-12-30 09:04:55
1640855095407861000,183.5,1,183.5,8,184.0,158,2,2021-12-30 09:04:55
1640855095478978000,183.5,2,183.5,6,184.0,158,2,2021-12-30 09:04:55
1640855095612383000,183.5,5,183.5,1,184.0,160,2,2021-12-30 09:04:55
1640855095672660000,183.5,1,183.5,3,184.0,160,2,2021-12-30 09:04:55
1640855095754836000,183.5,1,183.5,2,184.0,159,2,2021-12-30 09:04:55
1640855095940226000,183.5,2,183.0,142,183.5,48,2,2021-12-30 09:04:55
1640855095974461000,183.5,12,183.0,142,183.5,36,1,2021-12-30 09:04:55
1640855096470176000,183.5,1,183.0,132,183.5,38,1,2021-12-30 09:04:56
1640855096583522000,183.5,3,183.0,132,183.5,35,1,2021-12-30 09:04:56
1640855096767933000,183.5,5,183.0,134,183.5,40,1,2021-12-30 09:04:56
1640855096859168000,183.5,2,183.0,134,183.5,38,1,2021-12-30 09:04:56
1640855096910825000,183.5,10,183.0,134,183.5,28,1,2021-12-30 09:04:56
1640855097632533000,183.5,1,183.0,134,183.5,28,1,2021-12-30 09:04:57
1640855098013013000,183.5,1,183.0,134,183.5,27,1,2021-12-30 09:04:58
1640855098662210000,183.5,1,183.0,134,183.5,27,1,2021-12-30 09:04:58
1640855098817905000,183.0,5,183.0,129,183.5,27,2,2021-12-30 09:04:58
1640855098860619000,183.0,2,183.0,127,183.5,27,2,2021-12-30 09:04:58
1640855098883113000,183.0,1,183.0,126,183.5,27,2,2021-12-30 09:04:58
1640855099105049000,183.5,1,183.0,126,183.5,27,1,2021-12-30 09:04:59
1640855099608571000,183.5,1,183.0,127,183.5,30,1,2021-12-30 09:04:59
1640855099762611000,183.5,1,183.0,127,183.5,29,1,2021-12-30 09:04:59
1640855100255156000,183.5,1,183.0,128,183.5,29,1,2021-12-30 09:05:00
1640855100309979000,183.5,1,183.0,128,183.5,28,1,2021-12-30 09:05:00
1640855100683810000,183.5,5,183.0,128,183.5,26,1,2021-12-30 09:05:00
1640855100685810000,183.0,3,183.0,125,183.5,26,2,2021-12-30 09:05:00
1640855100691070000,183.0,1,183.0,124,183.5,26,2,2021-12-30 09:05:00
1640855100704391000,183.0,1,183.0,123,183.5,26,2,2021-12-30 09:05:00
1640855100765183000,183.0,1,183.0,122,183.5,30,2,2021-12-30 09:05:00
1640855100804907000,183.0,1,183.0,122,183.5,39,2,2021-12-30 09:05:00
1640855100810244000,183.0,1,183.0,121,183.5,39,2,2021-12-30 09:05:00
1640855100837909000,183.0,1,183.0,120,183.5,39,2,2021-12-30 09:05:00
1640855100887829000,183.0,1,183.0,119,183.5,39,2,2021-12-30 09:05:00
1640855101192307000,183.5,1,183.0,120,183.5,33,1,2021-12-30 09:05:01
1640855101286101000,183.5,1,183.0,120,183.5,32,1,2021-12-30 09:05:01
1640855101305398000,183.5,5,183.0,120,183.5,27,1,2021-12-30 09:05:01
1640855101355903000,183.0,2,183.0,118,183.5,27,2,2021-12-30 09:05:01
1640855101422639000,183.5,1,183.0,118,183.5,26,1,2021-12-30 09:05:01
1640855101503726000,183.5,2,183.0,118,183.5,24,1,2021-12-30 09:05:01
1640855101552374000,183.5,1,183.0,118,183.5,23,1,2021-12-30 09:05:01
1640855101771608000,183.5,3,183.0,118,183.5,21,1,2021-12-30 09:05:01
1640855101838500000,183.5,1,183.0,122,183.5,20,1,2021-12-30 09:05:01
1640855102015483000,183.5,5,183.0,122,183.5,17,1,2021-12-30 09:05:02
1640855102046761000,183.5,1,183.0,122,183.5,17,1,2021-12-30 09:05:02
1640855102366924000,183.0,1,183.0,121,183.5,25,2,2021-12-30 09:05:02
1640855103353329000,183.5,1,183.0,119,183.5,29,1,2021-12-30 09:05:03
1640855103488123000,183.5,1,183.0,119,183.5,29,1,2021-12-30 09:05:03
1640855103549692000,183.0,2,183.0,118,183.5,29,2,2021-12-30 09:05:03
1640855104059613000,183.5,1,183.0,118,183.5,30,1,2021-12-30 09:05:04
1640855104177466000,183.5,1,183.0,118,183.5,29,1,2021-12-30 09:05:04
1640855104442029000,183.5,1,183.0,119,183.5,30,1,2021-12-30 09:05:04
1640855104972243000,183.5,1,183.0,119,183.5,30,1,2021-12-30 09:05:04
1640855105105749000,183.5,1,183.0,119,183.5,29,1,2021-12-30 09:05:05
1640855105686897000,183.5,1,183.0,119,183.5,41,1,2021-12-30 09:05:05
1640855106104348000,183.0,1,183.0,119,183.5,45,2,2021-12-30 09:05:06
1640855106954843000,183.5,1,183.0,120,183.5,43,1,2021-12-30 09:05:06
1640855107561199000,183.5,1,183.0,120,183.5,42,1,2021-12-30 09:05:07
1640855108270961000,183.5,3,183.0,116,183.5,43,1,2021-12-30 09:05:08
1640855108830050000,183.5,1,183.0,116,183.5,42,1,2021-12-30 09:05:08
1640855109014343000,183.5,1,183.0,116,183.5,44,1,2021-12-30 09:05:09
1640855109796103000,183.5,2,183.0,115,183.5,42,1,2021-12-30 09:05:09
1640855109872108000,183.0,1,183.0,113,183.5,43,2,2021-12-30 09:05:09
1640855110517357000,183.0,5,183.0,108,183.5,43,2,2021-12-30 09:05:10
1640855110545335000,183.0,1,183.0,107,183.5,43,2,2021-12-30 09:05:10
1640855110636690000,183.5,1,183.0,108,183.5,53,1,2021-12-30 09:05:10
1640855110715938000,183.0,5,183.0,103,183.5,53,2,2021-12-30 09:05:10
1640855110749125000,183.0,1,183.0,102,183.5,53,2,2021-12-30 09:05:10
1640855111015758000,183.5,1,183.0,102,183.5,52,1,2021-12-30 09:05:11
1640855111146227000,183.5,1,183.0,103,183.5,65,1,2021-12-30 09:05:11
1640855111252717000,183.5,1,183.0,104,183.5,67,1,2021-12-30 09:05:11
1640855112083527000,183.5,1,183.0,105,183.5,68,1,2021-12-30 09:05:12
1640855112441689000,183.5,1,183.0,115,183.5,70,1,2021-12-30 09:05:12
1640855112565715000,183.0,1,183.0,114,183.5,70,2,2021-12-30 09:05:12
1640855112769874000,183.5,1,183.0,114,183.5,70,1,2021-12-30 09:05:12
1640855112971673000,183.5,1,183.0,114,183.5,69,1,2021-12-30 09:05:12
1640855114283039000,183.5,1,183.0,116,183.5,72,1,2021-12-30 09:05:14
1640855114430994000,183.0,1,183.0,115,183.5,72,2,2021-12-30 09:05:14
1640855115295780000,183.5,15,183.0,115,183.5,58,1,2021-12-30 09:05:15
1640855115376092000,183.5,21,183.0,125,183.5,37,1,2021-12-30 09:05:15
1640855115408766000,183.5,20,183.0,125,183.5,17,1,2021-12-30 09:05:15
1640855115475062000,183.5,4,183.0,125,183.5,12,1,2021-12-30 09:05:15
1640855115856599000,183.5,1,183.0,115,183.5,11,1,2021-12-30 09:05:15
1640855115864620000,183.0,1,183.0,114,183.5,11,2,2021-12-30 09:05:15
1640855116220901000,183.5,1,183.0,125,183.5,10,1,2021-12-30 09:05:16
1640855116552074000,183.5,2,183.0,126,183.5,8,1,2021-12-30 09:05:16
1640855116632350000,183.0,1,183.0,125,183.5,8,2,2021-12-30 09:05:16
1640855116639248000,183.0,1,183.0,124,183.5,8,2,2021-12-30 09:05:16
1640855116675060000,183.5,1,183.0,124,183.5,7,1,2021-12-30 09:05:16
1640855116984471000,183.0,1,183.0,124,183.5,7,2,2021-12-30 09:05:16
1640855117161018000,183.5,2,183.0,125,183.5,7,1,2021-12-30 09:05:17
1640855117482262000,183.5,1,183.0,125,183.5,9,1,2021-12-30 09:05:17
1640855117492079000,183.5,2,183.0,125,183.5,7,1,2021-12-30 09:05:17
1640855117654554000,183.5,7,183.0,125,184.0,150,1,2021-12-30 09:05:17
1640855117921265000,183.5,2,183.5,28,184.0,148,1,2021-12-30 09:05:17
1640855118414407000,183.5,2,183.5,39,184.0,128,2,2021-12-30 09:05:18
1640855118519022000,184.0,1,183.5,39,184.0,127,1,2021-12-30 09:05:18
1640855118552706000,183.5,1,183.5,38,184.0,127,2,2021-12-30 09:05:18
1640855118586380000,184.0,1,183.5,39,184.0,126,1,2021-12-30 09:05:18
1640855119130462000,183.5,1,183.5,41,184.0,127,2,2021-12-30 09:05:19
1640855119164856000,183.5,2,183.5,41,184.0,127,2,2021-12-30 09:05:19
1640855119283060000,183.5,6,183.5,51,184.0,121,2,2021-12-30 09:05:19
1640855119319931000,183.5,5,183.5,46,184.0,121,2,2021-12-30 09:05:19
1640855119470257000,183.5,1,183.5,46,184.0,121,2,2021-12-30 09:05:19
1640855119566810000,183.5,1,183.5,46,184.0,121,2,2021-12-30 09:05:19
1640855120093708000,183.5,1,183.5,48,184.0,121,2,2021-12-30 09:05:20
1640855120325900000,184.0,5,183.5,50,184.0,118,1,2021-12-30 09:05:20
1640855120534406000,183.5,3,183.5,47,184.0,118,2,2021-12-30 09:05:20
1640855120560482000,183.5,1,183.5,48,184.0,117,2,2021-12-30 09:05:20
1640855120721437000,184.0,3,183.5,49,184.0,114,1,2021-12-30 09:05:20
1640855120783869000,183.5,2,183.5,48,184.0,114,2,2021-12-30 09:05:20
1640855122202710000,183.5,2,183.5,75,184.0,112,2,2021-12-30 09:05:22
1640855122978025000,183.5,15,183.5,62,184.0,113,2,2021-12-30 09:05:22
1640855123000346000,183.5,1,183.5,61,184.0,113,2,2021-12-30 09:05:23
1640855123896280000,183.5,1,183.5,74,184.0,115,2,2021-12-30 09:05:23
1640855124649144000,184.0,1,183.5,75,184.0,113,1,2021-12-30 09:05:24
1640855124953488000,183.5,1,183.5,74,184.0,114,2,2021-12-30 09:05:24
1640855124983819000,183.5,1,183.5,76,184.0,114,2,2021-12-30 09:05:24
1640855125269577000,183.5,1,183.5,75,184.0,114,2,2021-12-30 09:05:25
1640855125371017000,183.5,2,183.5,73,184.0,115,2,2021-12-30 09:05:25
1640855125408516000,183.5,1,183.5,72,184.0,115,2,2021-12-30 09:05:25
1640855125975420000,183.5,2,183.5,60,184.0,115,2,2021-12-30 09:05:25
1640855127225716000,183.5,1,183.5,64,184.0,118,2,2021-12-30 09:05:27
1640855127318764000,183.5,5,183.5,107,184.0,118,2,2021-12-30 09:05:27
1640855127438316000,184.0,1,183.5,109,184.0,117,1,2021-12-30 09:05:27
1640855128811116000,183.5,1,183.5,111,184.0,116,2,2021-12-30 09:05:28
1640855129661116000,184.0,2,183.5,112,184.0,117,1,2021-12-30 09:05:29
1640855130982685000,183.5,10,183.5,118,184.0,118,2,2021-12-30 09:05:30
1640855131189236000,184.0,2,183.5,123,184.0,116,1,2021-12-30 09:05:31
1640855131443285000,184.0,1,183.5,123,184.0,115,1,2021-12-30 09:05:31
1640855131625599000,184.0,1,183.5,123,184.0,114,1,2021-12-30 09:05:31
1640855132307888000,184.0,1,183.5,136,184.0,116,1,2021-12-30 09:05:32
1640855132533178000,184.0,1,183.5,138,184.0,117,1,2021-12-30 09:05:32
1640855135447593000,183.5,1,183.5,152,184.0,125,2,2021-12-30 09:05:35
1640855136601590000,184.0,3,183.5,146,184.0,124,1,2021-12-30 09:05:36
1640855136609162000,184.0,1,183.5,146,184.0,123,1,2021-12-30 09:05:36
1640855136758407000,184.0,1,183.5,147,184.0,122,1,2021-12-30 09:05:36
1640855137413361000,184.0,3,183.5,149,184.0,120,1,2021-12-30 09:05:37
1640855137418642000,184.0,2,183.5,149,184.0,118,1,2021-12-30 09:05:37
1640855138058295000,183.5,1,183.5,152,184.0,118,2,2021-12-30 09:05:38
1640855138687208000,184.0,2,183.5,159,184.0,121,1,2021-12-30 09:05:38
1640855138891534000,184.0,1,183.5,159,184.0,120,1,2021-12-30 09:05:38
1640855138950699000,184.0,1,183.5,159,184.0,119,1,2021-12-30 09:05:38
1640855140202380000,184.0,1,183.5,166,184.0,118,1,2021-12-30 09:05:40
1640855140392665000,184.0,1,183.5,166,184.0,117,1,2021-12-30 09:05:40
1640855140505878000,184.0,1,183.5,166,184.0,117,1,2021-12-30 09:05:40
1640855140969832000,183.5,1,183.5,166,184.0,117,2,2021-12-30 09:05:40
1640855141080237000,184.0,1,183.5,166,184.0,116,1,2021-12-30 09:05:41
1640855141189911000,184.0,3,183.5,166,184.0,116,1,2021-12-30 09:05:41
1640855141246891000,184.0,1,183.5,166,184.0,115,1,2021-12-30 09:05:41
1640855141609843000,184.0,1,183.5,167,184.0,114,1,2021-12-30 09:05:41
1640855141632522000,184.0,1,183.5,167,184.0,113,1,2021-12-30 09:05:41
1640855141744938000,184.0,1,183.5,167,184.0,112,1,2021-12-30 09:05:41
1640855142424914000,183.5,2,183.5,166,184.0,112,2,2021-12-30 09:05:42
1640855142889521000,184.0,1,183.5,167,184.0,111,1,2021-12-30 09:05:42
1640855142896634000,183.5,1,183.5,166,184.0,111,2,2021-12-30 09:05:42
1640855143183335000,184.0,10,183.5,168,184.0,101,1,2021-12-30 09:05:43
1640855143941032000,184.0,1,183.5,175,184.0,99,1,2021-12-30 09:05:43
1640855144241980000,184.0,2,183.5,176,184.0,100,1,2021-12-30 09:05:44
1640855144491421000,184.0,1,183.5,178,184.0,101,1,2021-12-30 09:05:44
1640855144552989000,184.0,10,183.5,178,184.0,91,1,2021-12-30 09:05:44
1640855144596012000,184.0,60,183.5,178,184.0,31,1,2021-12-30 09:05:44
1640855144655504000,184.0,2,183.5,179,184.0,37,1,2021-12-30 09:05:44
1640855144662945000,184.0,2,183.5,189,184.0,35,1,2021-12-30 09:05:44
1640855144681335000,184.0,2,183.5,190,184.0,33,1,2021-12-30 09:05:44
1640855144786207000,184.0,1,183.5,181,184.0,32,1,2021-12-30 09:05:44
1640855144809350000,184.0,5,183.5,182,184.0,27,1,2021-12-30 09:05:44
1640855144858411000,184.0,2,183.5,182,184.0,25,1,2021-12-30 09:05:44
1640855145014755000,184.0,1,183.5,184,184.0,24,1,2021-12-30 09:05:45
1640855145052391000,184.0,1,183.5,183,184.0,23,1,2021-12-30 09:05:45
1640855145181829000,184.0,1,183.5,183,184.0,22,1,2021-12-30 09:05:45
1640855145228630000,184.0,1,183.5,183,184.0,21,1,2021-12-30 09:05:45
1640855145229858000,184.0,21,183.5,183,184.5,63,1,2021-12-30 09:05:45
1640855145238655000,183.5,1,183.5,182,184.5,63,2,2021-12-30 09:05:45
1640855145337926000,184.5,1,184.0,3,184.5,61,1,2021-12-30 09:05:45
1640855145946488000,184.5,1,184.0,32,184.5,60,1,2021-12-30 09:05:45
1640855146286583000,184.0,2,184.0,39,184.5,60,2,2021-12-30 09:05:46
1640855146348403000,184.5,1,184.0,40,184.5,60,1,2021-12-30 09:05:46
1640855146559346000,184.5,1,184.0,59,184.5,59,1,2021-12-30 09:05:46
1640855146738908000,184.0,1,184.0,70,184.5,59,2,2021-12-30 09:05:46
1640855146942867000,184.5,1,184.0,85,184.5,57,1,2021-12-30 09:05:46
1640855146960891000,184.0,1,184.0,84,184.5,55,2,2021-12-30 09:05:46
1640855147080105000,184.5,1,184.0,86,184.5,54,1,2021-12-30 09:05:47
1640855147168382000,184.5,5,184.0,89,184.5,52,1,2021-12-30 09:05:47
1640855147341774000,184.5,1,184.0,91,184.5,50,1,2021-12-30 09:05:47
1640855147586755000,184.5,1,184.0,92,184.5,49,1,2021-12-30 09:05:47
1640855148164367000,184.0,2,184.0,87,184.5,49,2,2021-12-30 09:05:48
1640855148221892000,184.5,20,184.0,87,184.5,29,1,2021-12-30 09:05:48
1640855148317265000,184.5,1,184.0,90,184.5,28,1,2021-12-30 09:05:48
1640855148347739000,184.5,1,184.0,90,184.5,27,1,2021-12-30 09:05:48
1640855148380097000,184.5,14,184.0,90,184.5,13,1,2021-12-30 09:05:48
1640855148824657000,184.5,1,184.0,102,184.5,12,1,2021-12-30 09:05:48
1640855148903897000,184.5,12,184.5,8,185.0,101,1,2021-12-30 09:05:48
1640855148912888000,185.0,1,184.5,8,185.0,100,1,2021-12-30 09:05:48
1640855149004763000,184.5,2,184.5,6,185.0,101,2,2021-12-30 09:05:49
1640855149056832000,184.5,1,184.5,5,185.0,101,2,2021-12-30 09:05:49
1640855149068002000,185.0,1,184.5,5,185.0,100,1,2021-12-30 09:05:49
1640855149115380000,185.0,1,184.5,5,185.0,99,1,2021-12-30 09:05:49
1640855149232072000,185.0,1,184.5,5,185.0,98,1,2021-12-30 09:05:49
1640855149775265000,185.0,1,184.5,8,185.0,97,1,2021-12-30 09:05:49
1640855150076945000,184.5,3,184.5,12,185.0,97,2,2021-12-30 09:05:50
1640855150428174000,185.0,10,184.5,16,185.0,91,1,2021-12-30 09:05:50
1640855151078065000,184.5,1,184.5,20,185.0,93,2,2021-12-30 09:05:51
1640855151287575000,185.0,1,184.5,20,185.0,92,1,2021-12-30 09:05:51
1640855151799129000,185.0,1,184.5,22,185.0,90,1,2021-12-30 09:05:51
1640855151894449000,185.0,1,184.5,22,185.0,89,1,2021-12-30 09:05:51
1640855152047140000,185.0,1,184.5,22,185.0,88,1,2021-12-30 09:05:52
1640855152051499000,185.0,5,184.5,22,185.0,83,1,2021-12-30 09:05:52
1640855153008763000,185.0,1,184.5,38,185.0,83,1,2021-12-30 09:05:53
1640855153275340000,185.0,1,184.5,41,185.0,85,1,2021-12-30 09:05:53
1640855153527137000,185.0,1,184.5,42,185.0,85,1,2021-12-30 09:05:53
1640855153530821000,185.0,2,184.5,42,185.0,83,1,2021-12-30 09:05:53
1640855153568522000,185.0,10,184.5,42,185.0,73,1,2021-12-30 09:05:53
1640855154092904000,185.0,1,184.5,44,185.0,72,1,2021-12-30 09:05:54
1640855154110023000,185.0,1,184.5,44,185.0,71,1,2021-12-30 09:05:54
1640855154332041000,185.0,1,184.5,117,185.0,70,1,2021-12-30 09:05:54
1640855154420150000,185.0,2,184.5,118,185.0,84,1,2021-12-30 09:05:54
1640855154532857000,185.0,1,184.5,118,185.0,84,1,2021-12-30 09:05:54
1640855154601418000,185.0,5,184.5,118,185.0,79,1,2021-12-30 09:05:54
1640855154644450000,185.0,3,184.5,118,185.0,76,1,2021-12-30 09:05:54
1640855154740665000,185.0,1,184.5,118,185.0,75,1,2021-12-30 09:05:54
1640855154754019000,185.0,5,184.5,118,185.0,70,1,2021-12-30 09:05:54
1640855154893431000,185.0,1,184.5,122,185.0,68,1,2021-12-30 09:05:54
1640855155180113000,185.0,1,184.5,122,185.0,67,1,2021-12-30 09:05:55
1640855155415772000,185.0,2,184.5,135,185.0,65,1,2021-12-30 09:05:55
1640855155476716000,185.0,1,184.5,135,185.0,64,1,2021-12-30 09:05:55
1640855155520091000,185.0,1,184.5,135,185.0,63,1,2021-12-30 09:05:55
1640855155521651000,185.0,1,184.5,135,185.0,62,1,2021-12-30 09:05:55
1640855155527893000,185.0,2,184.5,135,185.0,60,1,2021-12-30 09:05:55
1640855155778893000,185.0,1,184.5,137,185.0,59,1,2021-12-30 09:05:55
1640855155907897000,185.0,1,184.5,137,185.0,58,1,2021-12-30 09:05:55
1640855155911872000,185.0,1,184.5,137,185.0,57,1,2021-12-30 09:05:55
1640855156062890000,185.0,1,184.5,137,185.0,56,1,2021-12-30 09:05:56
1640855156066137000,185.0,1,184.5,137,185.0,55,1,2021-12-30 09:05:56
1640855156130859000,185.0,10,184.5,137,185.0,45,1,2021-12-30 09:05:56
1640855156220135000,185.0,1,184.5,137,185.0,51,1,2021-12-30 09:05:56
1640855156340898000,185.0,1,184.5,139,185.0,50,1,2021-12-30 09:05:56
1640855156374971000,185.0,1,184.5,139,185.0,49,1,2021-12-30 09:05:56
1640855156460500000,185.0,2,184.5,139,185.0,47,1,2021-12-30 09:05:56
1640855156518501000,185.0,20,184.5,139,185.0,27,1,2021-12-30 09:05:56
1640855156533498000,185.0,1,184.5,139,185.0,26,1,2021-12-30 09:05:56
1640855156578682000,185.0,1,184.5,139,185.0,25,1,2021-12-30 09:05:56
1640855156581041000,185.0,1,184.5,139,185.0,24,1,2021-12-30 09:05:56
1640855156636156000,185.0,1,184.5,139,185.0,23,1,2021-12-30 09:05:56
1640855156777730000,185.0,1,184.5,139,185.0,22,1,2021-12-30 09:05:56
1640855156822957000,185.0,1,184.5,139,185.0,21,1,2021-12-30 09:05:56
1640855156885808000,185.0,2,184.5,139,185.0,19,1,2021-12-30 09:05:56
1640855156930165000,185.0,1,184.5,140,185.0,18,1,2021-12-30 09:05:56
1640855157011651000,185.0,1,184.5,140,185.0,17,1,2021-12-30 09:05:57
1640855157029199000,185.0,1,184.5,140,185.0,15,1,2021-12-30 09:05:57
1640855157029573000,185.0,1,184.5,140,185.0,15,1,2021-12-30 09:05:57
1640855157034922000,185.0,2,184.5,140,185.0,13,1,2021-12-30 09:05:57
1640855157198205000,185.0,2,184.5,141,185.0,11,1,2021-12-30 09:05:57
1640855157236879000,185.0,3,184.5,141,185.0,8,1,2021-12-30 09:05:57
1640855157311613000,185.0,1,184.5,141,185.0,7,1,2021-12-30 09:05:57
1640855157324904000,185.0,1,184.5,141,185.0,6,1,2021-12-30 09:05:57
1640855157459082000,185.0,3,184.5,141,185.0,3,1,2021-12-30 09:05:57
1640855157473282000,185.0,1,184.5,141,185.0,2,1,2021-12-30 09:05:57
1640855157499783000,185.0,2,184.5,141,185.5,87,1,2021-12-30 09:05:57
1640855157532238000,185.0,1,184.5,141,185.5,87,2,2021-12-30 09:05:57
1640855157754713000,185.5,1,185.0,2,185.5,86,1,2021-12-30 09:05:57
1640855157902275000,185.5,1,185.0,5,185.5,85,1,2021-12-30 09:05:57
1640855157913556000,185.5,1,185.0,5,185.5,84,1,2021-12-30 09:05:57
1640855158028037000,185.0,5,184.5,153,185.0,55,2,2021-12-30 09:05:58
