ts,close,volume,bid_price,bid_volume,ask_price,ask_volume,tick_type,datetime
1640854808769890000,63.4,1158,63.3,16,63.4,263,0,2021-12-30 09:00:08
1640854808780150000,63.3,1,63.3,15,63.4,263,2,2021-12-30 09:00:08
1640854808808174000,63.3,9,63.3,6,63.4,263,2,2021-12-30 09:00:08
1640854808816954000,63.3,2,63.3,4,63.4,263,2,2021-12-30 09:00:08
1640854808819321000,63.4,3,63.3,4,63.4,260,1,2021-12-30 09:00:08
1640854808829798000,63.3,2,63.3,2,63.4,260,2,2021-12-30 09:00:08
1640854808880094000,63.3,1,63.3,2,63.4,261,2,2021-12-30 09:00:08
1640854809212103000,63.3,2,63.2,27,63.3,1,2,2021-12-30 09:00:09
1640854809238387000,63.2,11,63.2,16,63.3,1,2,2021-12-30 09:00:09
1640854809267163000,63.2,6,63.2,10,63.3,1,2,2021-12-30 09:00:09
1640854809273911000,63.3,1,63.2,10,63.4,261,1,2021-12-30 09:00:09
1640854809434509000,63.2,5,63.2,5,63.3,1,2,2021-12-30 09:00:09
1640854809466129000,63.3,1,63.2,5,63.4,259,1,2021-12-30 09:00:09
1640854809466129000,63.4,1,63.2,5,63.4,259,1,2021-12-30 09:00:09
1640854809774954000,63.4,1,63.2,5,63.4,258,1,2021-12-30 09:00:09
1640854809913581000,63.3,6,63.2,5,63.4,249,1,2021-12-30 09:00:09
1640854809913581000,63.4,9,63.2,5,63.4,249,1,2021-12-30 09:00:09
1640854810250116000,63.2,5,63.0,45,63.1,66,2,2021-12-30 09:00:10
1640854810250116000,63.1,8,63.0,45,63.1,66,2,2021-12-30 09:00:10
1640854810282350000,63.1,12,63.0,45,63.1,69,1,2021-12-30 09:00:10
1640854810358591000,63.1,69,63.0,45,63.3,5,1,2021-12-30 09:00:10
1640854810865651000,63.0,1,63.0,44,63.3,6,2,2021-12-30 09:00:10
1640854810892328000,63.3,2,63.0,44,63.3,4,1,2021-12-30 09:00:10
1640854811149046000,63.0,2,63.0,43,63.3,16,2,2021-12-30 09:00:11
1640854811230066000,63.3,10,63.0,43,63.3,6,1,2021-12-30 09:00:11
1640854811485737000,63.1,1,63.1,5,63.3,9,2,2021-12-30 09:00:11
1640854811717354000,63.3,1,63.1,5,63.3,8,1,2021-12-30 09:00:11
1640854811922208000,63.1,1,63.1,5,63.3,8,2,2021-12-30 09:00:11
1640854811966920000,63.1,2,63.1,3,63.3,8,2,2021-12-30 09:00:11
1640854812299761000,63.3,1,63.1,19,63.3,7,1,2021-12-30 09:00:12
1640854812985640000,63.2,5,63.2,12,63.3,4,2,2021-12-30 09:00:12
1640854813685210000,63.3,3,63.2,15,63.3,1,1,2021-12-30 09:00:13
1640854813774764000,63.2,2,63.2,13,63.3,1,2,2021-12-30 09:00:13
1640854813864911000,63.3,2,63.3,1,63.4,249,1,2021-12-30 09:00:13
1640854814229766000,63.3,1,63.3,3,63.4,250,2,2021-12-30 09:00:14
1640854814787364000,63.4,1,63.3,5,63.4,248,1,2021-12-30 09:00:14
1640854814800377000,63.4,10,63.3,5,63.4,238,1,2021-12-30 09:00:14
1640854814937193000,63.3,1,63.3,4,63.4,238,2,2021-12-30 09:00:14
1640854815040676000,63.4,1,63.3,5,63.4,237,1,2021-12-30 09:00:15
1640854815216383000,63.3,3,63.3,2,63.4,237,2,2021-12-30 09:00:15
1640854815421435000,63.3,1,63.3,4,63.4,237,2,2021-12-30 09:00:15
1640854815582368000,63.3,1,63.3,3,63.4,237,2,2021-12-30 09:00:15
1640854815587258000,63.4,2,63.3,3,63.4,235,1,2021-12-30 09:00:15
1640854815700407000,63.3,3,63.2,15,63.4,235,2,2021-12-30 09:00:15
1640854815762059000,63.3,3,63.2,15,63.4,234,1,2021-12-30 09:00:15
1640854815762059000,63.4,1,63.2,15,63.4,234,1,2021-12-30 09:00:15
1640854815799689000,63.2,15,63.1,21,63.4,234,2,2021-12-30 09:00:15
1640854815799689000,63.1,3,63.1,21,63.4,234,2,2021-12-30 09:00:15
1640854816907457000,63.3,1,63.3,5,63.4,234,2,2021-12-30 09:00:16
1640854817009840000,63.3,3,63.3,2,63.4,234,2,2021-12-30 09:00:17
1640854817238601000,63.3,1,63.3,1,63.4,234,2,2021-12-30 09:00:17
1640854817472315000,63.3,1,63.1,22,63.2,2,2,2021-12-30 09:00:17
1640854817496736000,63.2,2,63.1,16,63.4,234,1,2021-12-30 09:00:17
1640854817582778000,63.4,1,63.1,17,63.4,233,1,2021-12-30 09:00:17
1640854817725538000,63.2,1,63.2,1,63.3,1,1,2021-12-30 09:00:17
1640854818391776000,63.2,1,63.2,3,63.3,4,2,2021-12-30 09:00:18
1640854818553295000,63.2,2,63.2,1,63.3,4,2,2021-12-30 09:00:18
1640854818964050000,63.3,5,63.2,1,63.3,5,1,2021-12-30 09:00:18
1640854819121540000,63.3,1,63.2,1,63.3,4,1,2021-12-30 09:00:19
1640854819277502000,63.2,1,63.1,17,63.3,4,2,2021-12-30 09:00:19
1640854819288063000,63.3,1,63.1,17,63.3,4,1,2021-12-30 09:00:19
1640854819319999000,63.3,2,63.1,17,63.3,2,1,2021-12-30 09:00:19
1640854819381084000,63.3,1,63.1,17,63.3,1,1,2021-12-30 09:00:19
1640854819457931000,63.3,1,63.3,2,63.4,236,1,2021-12-30 09:00:19
1640854819535075000,63.3,2,63.1,17,63.4,236,2,2021-12-30 09:00:19
1640854820483693000,63.1,1,63.1,18,63.3,1,2,2021-12-30 09:00:20
1640854820609652000,63.1,1,63.1,17,63.3,1,2,2021-12-30 09:00:20
1640854820634012000,63.3,1,63.1,17,63.4,236,1,2021-12-30 09:00:20
1640854820634012000,63.4,1,63.1,17,63.4,236,1,2021-12-30 09:00:20
1640854820661377000,63.1,1,63.1,16,63.4,236,2,2021-12-30 09:00:20
1640854820709750000,63.3,2,63.3,1,63.4,236,2,2021-12-30 09:00:20
1640854820740557000,63.3,1,63.1,16,63.4,236,2,2021-12-30 09:00:20
1640854821190931000,63.3,1,63.1,13,63.4,236,1,2021-12-30 09:00:21
1640854821356279000,63.4,3,63.1,13,63.4,233,1,2021-12-30 09:00:21
1640854822223907000,63.1,10,63.1,4,63.3,10,2,2021-12-30 09:00:22
1640854822295468000,63.1,1,63.1,3,63.3,10,2,2021-12-30 09:00:22
1640854822533052000,63.1,1,63.1,2,63.3,11,2,2021-12-30 09:00:22
1640854822549135000,63.1,2,63.0,44,63.3,11,2,2021-12-30 09:00:22
1640854822947751000,63.2,1,63.1,20,63.3,14,1,2021-12-30 09:00:22
1640854822947751000,63.3,2,63.1,20,63.3,14,1,2021-12-30 09:00:22
1640854823282625000,63.3,1,63.2,11,63.3,19,1,2021-12-30 09:00:23
1640854823311019000,63.2,10,63.2,1,63.3,19,2,2021-12-30 09:00:23
1640854823578430000,63.2,1,63.1,20,63.2,2,2,2021-12-30 09:00:23
1640854823663096000,63.2,2,63.1,20,63.3,20,1,2021-12-30 09:00:23
1640854823743698000,63.3,1,63.1,20,63.3,19,1,2021-12-30 09:00:23
1640854823834333000,63.1,1,63.1,19,63.3,19,2,2021-12-30 09:00:23
1640854824511320000,63.2,1,63.2,1,63.3,20,2,2021-12-30 09:00:24
1640854824868203000,63.2,1,63.1,22,63.3,20,2,2021-12-30 09:00:24
1640854825624309000,63.1,2,63.1,41,63.2,5,2,2021-12-30 09:00:25
1640854825721791000,63.2,1,63.1,44,63.2,4,1,2021-12-30 09:00:25
1640854825797066000,63.1,1,63.1,44,63.2,6,2,2021-12-30 09:00:25
1640854825883955000,63.2,7,63.2,13,63.3,25,1,2021-12-30 09:00:25
1640854825892239000,63.2,5,63.2,8,63.3,25,2,2021-12-30 09:00:25
1640854826057139000,63.3,1,63.2,8,63.3,24,1,2021-12-30 09:00:26
1640854826723231000,63.2,1,63.2,8,63.3,30,2,2021-12-30 09:00:26
1640854826881586000,63.3,1,63.2,8,63.3,29,1,2021-12-30 09:00:26
1640854827071519000,63.2,1,63.2,7,63.3,29,2,2021-12-30 09:00:27
1640854827086933000,63.3,21,63.2,7,63.3,8,1,2021-12-30 09:00:27
1640854827393374000,63.2,1,63.2,6,63.3,8,2,2021-12-30 09:00:27
1640854827468608000,63.2,1,63.2,5,63.3,8,2,2021-12-30 09:00:27
1640854827758232000,63.2,4,63.2,1,63.3,8,2,2021-12-30 09:00:27
1640854828031285000,63.2,1,63.2,3,63.3,9,2,2021-12-30 09:00:28
1640854828044253000,63.2,1,63.2,2,63.3,9,2,2021-12-30 09:00:28
1640854828142048000,63.2,2,63.1,43,63.3,9,2,2021-12-30 09:00:28
1640854828142048000,63.1,8,63.1,43,63.3,9,2,2021-12-30 09:00:28
1640854828303248000,63.3,1,63.1,43,63.3,8,1,2021-12-30 09:00:28
1640854828304196000,63.3,1,63.1,43,63.3,7,1,2021-12-30 09:00:28
1640854828411885000,63.3,3,63.1,43,63.3,5,1,2021-12-30 09:00:28
1640854828468209000,63.2,1,63.1,43,63.2,19,1,2021-12-30 09:00:28
1640854828603855000,63.2,1,63.1,43,63.2,19,1,2021-12-30 09:00:28
1640854828715004000,63.2,2,63.1,43,63.2,17,1,2021-12-30 09:00:28
1640854829282060000,63.2,3,63.1,44,63.2,14,1,2021-12-30 09:00:29
1640854829459762000,63.2,1,63.1,44,63.2,23,1,2021-12-30 09:00:29
1640854829728518000,63.1,10,63.1,37,63.2,23,2,2021-12-30 09:00:29
1640854829897633000,63.1,1,63.1,38,63.2,24,2,2021-12-30 09:00:29
1640854830073121000,63.1,1,63.1,37,63.2,24,2,2021-12-30 09:00:30
1640854830237176000,63.2,2,63.1,37,63.2,22,1,2021-12-30 09:00:30
1640854830433386000,63.1,2,63.1,35,63.2,28,2,2021-12-30 09:00:30
1640854830461061000,63.2,1,63.1,35,63.2,27,1,2021-12-30 09:00:30
1640854830463660000,63.2,1,63.1,35,63.2,26,1,2021-12-30 09:00:30
1640854830742510000,63.1,2,63.1,43,63.2,29,2,2021-12-30 09:00:30
1640854830774745000,63.1,1,63.1,42,63.2,29,2,2021-12-30 09:00:30
1640854830975557000,63.1,1,63.1,41,63.2,29,2,2021-12-30 09:00:30
1640854831386989000,63.1,1,63.1,40,63.2,29,2,2021-12-30 09:00:31
1640854831571339000,63.2,5,63.1,40,63.2,24,1,2021-12-30 09:00:31
1640854831574549000,63.1,1,63.1,39,63.2,24,2,2021-12-30 09:00:31
1640854831791712000,63.1,1,63.1,38,63.2,29,2,2021-12-30 09:00:31
1640854831885454000,63.2,1,63.1,38,63.2,28,1,2021-12-30 09:00:31
1640854832093119000,63.1,3,63.1,36,63.2,28,2,2021-12-30 09:00:32
1640854832253998000,63.2,1,63.1,41,63.2,27,1,2021-12-30 09:00:32
1640854832263286000,63.2,1,63.1,41,63.2,26,1,2021-12-30 09:00:32
1640854832608344000,63.2,1,63.1,41,63.2,27,1,2021-12-30 09:00:32
1640854832654293000,63.2,1,63.1,41,63.2,26,1,2021-12-30 09:00:32
1640854832835566000,63.1,1,63.1,40,63.2,26,2,2021-12-30 09:00:32
1640854833124295000,63.1,20,63.1,20,63.2,31,2,2021-12-30 09:00:33
1640854833228908000,63.1,20,63.0,50,63.2,61,2,2021-12-30 09:00:33
1640854833302268000,63.1,1,63.0,50,63.2,57,1,2021-12-30 09:00:33
1640854833302268000,63.2,4,63.0,50,63.2,57,1,2021-12-30 09:00:33
1640854833562352000,63.0,1,63.0,49,63.1,3,2,2021-12-30 09:00:33
1640854833783963000,63.0,3,63.0,46,63.1,5,2,2021-12-30 09:00:33
1640854833895364000,63.0,1,63.0,35,63.1,33,2,2021-12-30 09:00:33
1640854833932823000,63.0,11,63.0,24,63.1,33,2,2021-12-30 09:00:33
1640854833964481000,63.0,16,63.0,8,63.1,34,2,2021-12-30 09:00:33
1640854833995102000,63.0,8,62.9,64,63.1,37,2,2021-12-30 09:00:33
1640854834019494000,63.0,1,62.9,64,63.1,37,2,2021-12-30 09:00:34
1640854834073783000,62.9,1,62.9,63,63.1,37,2,2021-12-30 09:00:34
1640854834180111000,62.9,1,62.9,62,63.1,37,2,2021-12-30 09:00:34
1640854834196817000,62.9,1,62.9,61,63.1,38,2,2021-12-30 09:00:34
1640854834446850000,62.9,1,62.9,60,63.0,19,2,2021-12-30 09:00:34
1640854834453421000,62.9,1,62.9,59,63.0,19,2,2021-12-30 09:00:34
1640854834981995000,63.0,1,62.9,59,63.0,40,1,2021-12-30 09:00:34
1640854834988721000,62.9,3,62.9,56,63.0,40,2,2021-12-30 09:00:34
1640854835015830000,62.9,3,62.9,53,63.0,40,2,2021-12-30 09:00:35
1640854835132653000,62.9,3,62.9,50,63.0,40,2,2021-12-30 09:00:35
1640854835161167000,62.9,8,62.9,42,63.0,40,2,2021-12-30 09:00:35
1640854835169833000,62.9,3,62.9,39,63.0,40,2,2021-12-30 09:00:35
1640854835205032000,62.9,2,62.9,44,63.0,40,2,2021-12-30 09:00:35
1640854835265096000,62.9,3,62.9,41,63.0,40,2,2021-12-30 09:00:35
1640854835296589000,62.9,4,62.9,37,63.0,40,2,2021-12-30 09:00:35
1640854835302765000,62.9,3,62.9,34,63.0,40,2,2021-12-30 09:00:35
1640854835490272000,62.9,3,62.9,31,63.0,34,2,2021-12-30 09:00:35
1640854835648864000,62.9,3,62.9,28,63.0,34,2,2021-12-30 09:00:35
1640854835842502000,62.9,5,62.9,23,63.0,34,2,2021-12-30 09:00:35
1640854835850519000,62.9,1,62.9,22,63.0,34,2,2021-12-30 09:00:35
1640854835867969000,62.9,6,62.9,10,63.0,34,2,2021-12-30 09:00:35
1640854835867997000,62.9,6,62.9,10,63.0,34,2,2021-12-30 09:00:35
1640854835868306000,62.9,2,62.9,8,63.0,34,2,2021-12-30 09:00:35
1640854835878299000,62.9,1,62.9,7,63.0,34,2,2021-12-30 09:00:35
1640854835898858000,62.9,1,62.9,6,63.0,34,2,2021-12-30 09:00:35
1640854835931850000,62.9,1,62.9,5,63.0,34,2,2021-12-30 09:00:35
1640854836021897000,62.9,2,62.9,3,63.0,34,2,2021-12-30 09:00:36
1640854836414304000,62.9,1,62.9,2,63.0,34,2,2021-12-30 09:00:36
1640854836486191000,63.0,1,62.9,2,63.0,33,1,2021-12-30 09:00:36
1640854836529075000,62.9,2,62.8,17,63.0,33,2,2021-12-30 09:00:36
1640854836614315000,62.8,5,62.8,12,63.0,33,2,2021-12-30 09:00:36
1640854836732567000,63.0,1,62.8,12,63.0,32,1,2021-12-30 09:00:36
1640854836766795000,62.8,1,62.8,11,63.0,32,2,2021-12-30 09:00:36
1640854838932997000,62.8,1,62.8,10,62.9,21,2,2021-12-30 09:00:38
1640854839052477000,62.9,1,62.8,10,62.9,21,1,2021-12-30 09:00:39
1640854839414509000,62.8,1,62.8,9,62.9,21,2,2021-12-30 09:00:39
1640854839587540000,62.8,9,62.7,13,62.9,26,2,2021-12-30 09:00:39
1640854839587540000,62.7,1,62.7,13,62.9,26,2,2021-12-30 09:00:39
1640854839596528000,62.9,1,62.7,13,62.9,25,1,2021-12-30 09:00:39
1640854839708903000,62.7,1,62.7,12,62.9,25,2,2021-12-30 09:00:39
1640854840362123000,62.7,2,62.7,13,62.8,6,2,2021-12-30 09:00:40
1640854840387241000,62.7,5,62.7,8,62.8,6,2,2021-12-30 09:00:40
1640854840826825000,62.7,8,62.6,6,62.8,14,2,2021-12-30 09:00:40
1640854841194987000,62.8,1,62.6,6,62.8,15,1,2021-12-30 09:00:41
1640854841255748000,62.8,15,62.8,3,62.9,23,1,2021-12-30 09:00:41
1640854841511302000,62.8,1,62.8,3,62.9,23,2,2021-12-30 09:00:41
1640854841557904000,62.8,1,62.8,2,62.9,23,2,2021-12-30 09:00:41
1640854841845622000,62.9,20,62.8,2,62.9,4,1,2021-12-30 09:00:41
1640854841853476000,62.8,2,62.6,6,62.9,4,2,2021-12-30 09:00:41
1640854842314654000,62.7,5,62.6,6,62.7,5,1,2021-12-30 09:00:42
1640854842337335000,62.7,5,62.6,6,62.8,10,1,2021-12-30 09:00:42
1640854842572038000,62.6,1,62.6,5,62.8,11,2,2021-12-30 09:00:42
1640854842826275000,62.6,1,62.6,4,62.8,11,2,2021-12-30 09:00:42
1640854842975205000,62.6,2,62.6,2,62.8,11,2,2021-12-30 09:00:42
1640854843051543000,62.6,1,62.6,1,62.8,11,2,2021-12-30 09:00:43
1640854843059981000,62.6,1,62.5,33,62.8,11,2,2021-12-30 09:00:43
1640854843731052000,62.6,1,62.5,31,62.8,23,2,2021-12-30 09:00:43
1640854843861829000,62.8,1,62.5,31,62.8,10,1,2021-12-30 09:00:43
1640854844218144000,62.5,1,62.5,30,62.8,10,2,2021-12-30 09:00:44
1640854844659073000,62.6,1,62.6,24,62.8,10,2,2021-12-30 09:00:44
1640854844850110000,62.6,1,62.6,23,62.8,10,2,2021-12-30 09:00:44
1640854845129656000,62.8,5,62.7,1,62.8,6,1,2021-12-30 09:00:45
1640854845165000000,62.8,6,62.7,1,62.9,5,1,2021-12-30 09:00:45
1640854845970203000,62.7,1,62.7,10,62.8,7,2,2021-12-30 09:00:45
1640854846057352000,62.8,2,62.7,10,62.8,5,1,2021-12-30 09:00:46
1640854846092615000,62.7,10,62.6,35,62.8,5,2,2021-12-30 09:00:46
1640854846524392000,62.8,2,62.7,1,62.8,4,1,2021-12-30 09:00:46
1640854846968226000,62.7,1,62.7,3,62.8,4,2,2021-12-30 09:00:46
1640854847195768000,62.7,1,62.7,2,62.8,8,2,2021-12-30 09:00:47
1640854847256958000,62.7,2,62.6,35,62.8,8,2,2021-12-30 09:00:47
1640854847299976000,62.6,15,62.6,26,62.8,8,2,2021-12-30 09:00:47
1640854847584857000,62.7,1,62.6,28,62.8,9,1,2021-12-30 09:00:47
1640854847593770000,62.8,3,62.6,28,62.8,6,1,2021-12-30 09:00:47
1640854848214834000,62.7,1,62.6,28,62.8,15,2,2021-12-30 09:00:48
1640854848453182000,62.6,1,62.6,25,62.8,17,2,2021-12-30 09:00:48
1640854848889726000,62.8,1,62.6,26,62.8,17,1,2021-12-30 09:00:48
1640854849305419000,62.8,2,62.7,5,62.8,16,1,2021-12-30 09:00:49
1640854849755827000,62.8,5,62.7,5,62.8,11,1,2021-12-30 09:00:49
1640854850009437000,62.7,2,62.7,3,62.8,11,2,2021-12-30 09:00:50
1640854850029744000,62.7,3,62.6,24,62.8,12,2,2021-12-30 09:00:50
1640854850029744000,62.6,7,62.6,24,62.8,12,2,2021-12-30 09:00:50
1640854850291843000,62.6,1,62.6,24,62.8,12,2,2021-12-30 09:00:50
1640854850445034000,62.8,5,62.6,24,62.8,7,1,2021-12-30 09:00:50
1640854850576883000,62.8,1,62.6,24,62.8,6,1,2021-12-30 09:00:50
1640854851117790000,62.8,8,62.6,24,63.0,38,1,2021-12-30 09:00:51
1640854851117790000,62.9,5,62.6,24,63.0,38,1,2021-12-30 09:00:51
1640854851117790000,63.0,7,62.6,24,63.0,38,1,2021-12-30 09:00:51
1640854851544450000,62.7,1,62.6,24,62.8,30,1,2021-12-30 09:00:51
1640854851620741000,62.6,3,62.6,21,62.8,30,2,2021-12-30 09:00:51
1640854851732248000,62.8,1,62.6,21,62.8,29,1,2021-12-30 09:00:51
1640854852589016000,62.7,1,62.7,2,62.8,30,2,2021-12-30 09:00:52
1640854852606280000,62.7,2,62.6,16,62.8,30,2,2021-12-30 09:00:52
1640854852619287000,62.8,1,62.6,16,62.8,29,1,2021-12-30 09:00:52
1640854853616875000,62.7,1,62.6,19,62.7,4,1,2021-12-30 09:00:53
1640854853645227000,62.7,4,62.6,19,62.8,29,1,2021-12-30 09:00:53
1640854853650636000,62.8,1,62.6,19,62.8,28,1,2021-12-30 09:00:53
1640854853669762000,62.6,3,62.6,16,62.8,28,2,2021-12-30 09:00:53
1640854853838071000,62.8,5,62.7,2,62.8,23,1,2021-12-30 09:00:53
1640854854040636000,62.8,1,62.7,2,62.8,22,1,2021-12-30 09:00:54
1640854854588840000,62.8,20,62.7,2,62.8,4,1,2021-12-30 09:00:54
1640854854620980000,62.8,4,62.7,2,63.0,38,1,2021-12-30 09:00:54
1640854854994629000,62.7,1,62.7,1,62.8,1,2,2021-12-30 09:00:54
1640854855246513000,62.8,2,62.7,1,62.9,1,1,2021-12-30 09:00:55
1640854855568618000,62.7,1,62.7,2,62.8,4,2,2021-12-30 09:00:55
1640854855570260000,62.8,1,62.7,2,62.8,3,1,2021-12-30 09:00:55
1640854855954781000,62.8,1,62.7,7,62.8,2,1,2021-12-30 09:00:55
1640854855987152000,62.8,2,62.7,7,62.9,1,1,2021-12-30 09:00:55
1640854856720550000,62.8,1,62.7,9,62.9,1,2,2021-12-30 09:00:56
1640854856879101000,62.8,2,62.7,13,62.8,1,2,2021-12-30 09:00:56
1640854856905851000,62.8,1,62.7,13,62.9,1,1,2021-12-30 09:00:56
1640854857664648000,62.9,1,62.8,5,63.0,38,1,2021-12-30 09:00:57
1640854857831329000,62.9,1,62.8,5,63.0,36,1,2021-12-30 09:00:57
1640854858131651000,62.8,5,62.7,18,63.0,36,2,2021-12-30 09:00:58
1640854859003614000,63.0,1,62.8,9,63.0,27,1,2021-12-30 09:00:59
1640854859457540000,62.8,1,62.8,8,63.0,27,2,2021-12-30 09:00:59
1640854860125617000,63.0,16,62.8,10,63.0,11,1,2021-12-30 09:01:00
1640854860790460000,62.8,1,62.8,6,62.9,5,2,2021-12-30 09:01:00
1640854861086617000,62.8,2,62.8,8,62.9,5,2,2021-12-30 09:01:01
1640854861226830000,62.8,3,62.8,5,62.9,5,2,2021-12-30 09:01:01
1640854861282886000,62.9,1,62.8,4,62.9,4,1,2021-12-30 09:01:01
1640854861378725000,62.8,4,62.7,18,62.9,4,2,2021-12-30 09:01:01
1640854861378725000,62.7,1,62.7,18,62.9,4,2,2021-12-30 09:01:01
1640854861679284000,62.9,5,62.8,6,63.0,12,1,2021-12-30 09:01:01
1640854861810610000,63.0,1,62.8,7,63.0,11,1,2021-12-30 09:01:01
1640854861953635000,62.8,1,62.8,7,63.0,11,2,2021-12-30 09:01:01
1640854863087549000,62.9,1,62.8,8,63.0,11,1,2021-12-30 09:01:03
1640854864641092000,62.9,1,62.8,10,63.0,13,2,2021-12-30 09:01:04
1640854864736141000,62.8,2,62.8,8,63.0,13,2,2021-12-30 09:01:04
1640854864757411000,62.8,3,62.8,5,63.0,13,2,2021-12-30 09:01:04
1640854865314563000,63.0,2,62.8,7,63.0,11,1,2021-12-30 09:01:05
1640854866151301000,62.9,5,62.6,9,63.0,11,2,2021-12-30 09:01:06
1640854866151301000,62.8,13,62.6,9,63.0,11,2,2021-12-30 09:01:06
1640854866151301000,62.7,19,62.6,9,63.0,11,2,2021-12-30 09:01:06
1640854866151301000,62.6,24,62.6,9,63.0,11,2,2021-12-30 09:01:06
1640854866299910000,62.8,1,62.6,9,63.0,13,2,2021-12-30 09:01:06
1640854866802613000,62.6,3,62.6,8,62.9,12,2,2021-12-30 09:01:06
1640854867256316000,62.8,1,62.8,11,62.9,1,2,2021-12-30 09:01:07
1640854867470512000,62.9,1,62.8,11,63.0,14,1,2021-12-30 09:01:07
1640854868163247000,62.9,1,62.8,11,63.0,62,2,2021-12-30 09:01:08
1640854868813107000,62.9,5,62.8,12,62.9,5,2,2021-12-30 09:01:08
1640854869549529000,62.8,1,62.8,12,62.9,10,2,2021-12-30 09:01:09
1640854869572250000,62.9,3,62.8,12,62.9,7,1,2021-12-30 09:01:09
1640854870149140000,62.8,12,62.6,8,62.9,8,2,2021-12-30 09:01:10
1640854870975777000,62.9,3,62.8,1,62.9,5,1,2021-12-30 09:01:10
1640854871634187000,62.9,1,62.8,3,62.9,7,1,2021-12-30 09:01:11
1640854872650336000,62.8,1,62.8,2,62.9,48,2,2021-12-30 09:01:12
1640854873203904000,62.8,1,62.8,5,62.9,48,2,2021-12-30 09:01:13
1640854873495763000,62.8,5,62.7,29,62.9,49,2,2021-12-30 09:01:13
1640854873635372000,62.7,1,62.7,28,62.8,1,2,2021-12-30 09:01:13
1640854873707734000,62.7,1,62.7,27,62.8,1,2,2021-12-30 09:01:13
1640854873948716000,62.8,1,62.7,31,62.8,10,1,2021-12-30 09:01:13
1640854874079667000,62.8,1,62.7,31,62.8,9,1,2021-12-30 09:01:14
1640854874588962000,62.8,1,62.7,32,62.8,9,1,2021-12-30 09:01:14
1640854875504093000,62.8,1,62.7,32,62.8,15,1,2021-12-30 09:01:15
1640854875787902000,62.8,1,62.7,32,62.8,15,1,2021-12-30 09:01:15
1640854876042302000,62.7,5,62.7,27,62.8,15,2,2021-12-30 09:01:16
1640854876073532000,62.7,27,62.6,18,62.8,15,2,2021-12-30 09:01:16
1640854876389164000,62.7,1,62.6,16,62.7,1,1,2021-12-30 09:01:16
1640854877006520000,62.7,1,62.6,17,62.7,1,1,2021-12-30 09:01:17
1640854878554845000,62.7,1,62.6,17,62.8,22,1,2021-12-30 09:01:18
1640854878554845000,62.8,1,62.6,17,62.8,22,1,2021-12-30 09:01:18
1640854878612933000,62.7,1,62.6,17,62.8,22,2,2021-12-30 09:01:18
1640854878682760000,62.8,1,62.6,17,62.8,21,1,2021-12-30 09:01:18
1640854878695428000,62.6,1,62.6,16,62.8,21,2,2021-12-30 09:01:18
1640854878748058000,62.7,1,62.6,16,62.7,1,1,2021-12-30 09:01:18
1640854879162558000,62.7,1,62.6,16,62.8,21,1,2021-12-30 09:01:19
1640854879276040000,62.6,10,62.6,6,62.8,21,2,2021-12-30 09:01:19
1640854879609793000,62.8,1,62.7,1,62.8,20,1,2021-12-30 09:01:19
1640854879679241000,62.8,5,62.7,1,62.8,15,1,2021-12-30 09:01:19
1640854879690364000,62.7,1,62.6,6,62.7,2,2,2021-12-30 09:01:19
1640854880144740000,62.7,1,62.6,6,62.7,4,1,2021-12-30 09:01:20
1640854880683915000,62.7,2,62.6,6,62.7,2,1,2021-12-30 09:01:20
1640854880722316000,62.6,1,62.6,5,62.7,2,2,2021-12-30 09:01:20
1640854880881011000,62.6,1,62.6,4,62.7,2,2,2021-12-30 09:01:20
1640854881177030000,62.7,1,62.6,4,62.7,1,1,2021-12-30 09:01:21
1640854881381443000,62.7,7,62.6,4,62.8,12,1,2021-12-30 09:01:21
1640854881381443000,62.8,5,62.6,4,62.8,12,1,2021-12-30 09:01:21
1640854881695353000,62.7,1,62.7,1,62.8,12,1,2021-12-30 09:01:21
1640854881727714000,62.7,1,62.6,6,62.8,12,2,2021-12-30 09:01:21
1640854882162628000,62.6,18,62.5,63,62.7,1,2,2021-12-30 09:01:22
1640854882524056000,62.6,1,62.5,63,62.7,2,1,2021-12-30 09:01:22
1640854883210919000,62.7,1,62.6,1,62.7,6,1,2021-12-30 09:01:23
1640854883569943000,62.7,1,62.6,1,62.7,6,1,2021-12-30 09:01:23
1640854885014507000,62.7,2,62.6,8,62.7,7,1,2021-12-30 09:01:25
1640854886124211000,62.6,1,62.6,8,62.7,22,2,2021-12-30 09:01:26
1640854886163572000,62.6,1,62.6,7,62.7,22,2,2021-12-30 09:01:26
1640854887385626000,62.7,1,62.6,27,62.7,27,1,2021-12-30 09:01:27
1640854887487883000,62.7,1,62.6,27,62.7,26,1,2021-12-30 09:01:27
1640854887622485000,62.7,1,62.6,27,62.7,25,1,2021-12-30 09:01:27
1640854887986486000,62.6,1,62.6,26,62.7,26,2,2021-12-30 09:01:27
1640854888194355000,62.7,1,62.6,26,62.7,23,1,2021-12-30 09:01:28
1640854888696934000,62.6,1,62.6,27,62.7,23,2,2021-12-30 09:01:28
1640854888730682000,62.6,1,62.6,26,62.7,23,2,2021-12-30 09:01:28
1640854888773170000,62.6,1,62.6,25,62.7,23,2,2021-12-30 09:01:28
1640854888786849000,62.7,5,62.6,25,62.7,18,1,2021-12-30 09:01:28
1640854888919130000,62.6,7,62.6,18,62.7,19,2,2021-12-30 09:01:28
1640854889085728000,62.7,1,62.6,18,62.7,18,1,2021-12-30 09:01:29
1640854889127972000,62.7,1,62.6,18,62.7,17,1,2021-12-30 09:01:29
1640854889148743000,62.6,1,62.6,17,62.7,17,2,2021-12-30 09:01:29
1640854889168681000,62.6,1,62.6,16,62.7,17,2,2021-12-30 09:01:29
1640854889223982000,62.7,1,62.6,16,62.7,16,1,2021-12-30 09:01:29
1640854889839750000,62.6,1,62.6,15,62.7,17,2,2021-12-30 09:01:29
1640854889946252000,62.6,1,62.6,14,62.7,17,2,2021-12-30 09:01:29
1640854890522076000,62.7,1,62.6,16,62.7,22,1,2021-12-30 09:01:30
1640854890733836000,62.7,1,62.6,26,62.7,21,1,2021-12-30 09:01:30
1640854890900182000,62.6,9,62.6,17,62.7,21,2,2021-12-30 09:01:30
1640854890931358000,62.6,1,62.6,16,62.7,21,2,2021-12-30 09:01:30
1640854891764391000,62.7,2,62.6,18,62.7,22,1,2021-12-30 09:01:31
1640854892033519000,62.7,5,62.6,18,62.7,17,1,2021-12-30 09:01:32
1640854892507594000,62.7,1,62.6,18,62.7,16,1,2021-12-30 09:01:32
1640854892556400000,62.7,1,62.6,18,62.7,15,1,2021-12-30 09:01:32
1640854892857933000,62.7,5,62.6,19,62.7,10,1,2021-12-30 09:01:32
1640854893120165000,62.7,1,62.6,19,62.7,9,1,2021-12-30 09:01:33
1640854893444452000,62.7,2,62.6,19,62.7,7,1,2021-12-30 09:01:33
1640854893726953000,62.7,1,62.6,19,62.7,7,1,2021-12-30 09:01:33
1640854893909192000,62.7,2,62.6,19,62.7,5,1,2021-12-30 09:01:33
1640854894759431000,62.7,1,62.6,20,62.7,4,1,2021-12-30 09:01:34
1640854895435932000,62.6,1,62.6,19,62.7,4,2,2021-12-30 09:01:35
1640854895470010000,62.6,1,62.6,18,62.7,4,2,2021-12-30 09:01:35
1640854895600811000,62.6,15,62.6,3,62.7,4,2,2021-12-30 09:01:35
1640854896068370000,62.7,1,62.6,3,62.7,3,1,2021-12-30 09:01:36
1640854896160790000,62.7,1,62.6,3,62.7,2,1,2021-12-30 09:01:36
1640854896331799000,62.7,1,62.6,3,62.7,1,1,2021-12-30 09:01:36
1640854896975805000,62.6,1,62.6,2,62.7,7,2,2021-12-30 09:01:36
1640854897034115000,62.6,1,62.6,1,62.7,7,2,2021-12-30 09:01:37
1640854897105514000,62.6,1,62.5,59,62.7,7,2,2021-12-30 09:01:37
1640854897105514000,62.5,14,62.5,59,62.7,7,2,2021-12-30 09:01:37
1640854897376449000,62.6,1,62.5,59,62.6,2,1,2021-12-30 09:01:37
1640854897633852000,62.6,1,62.5,60,62.6,1,1,2021-12-30 09:01:37
1640854898063434000,62.6,1,62.6,1,62.7,15,1,2021-12-30 09:01:38
1640854898097324000,62.6,1,62.5,60,62.7,15,2,2021-12-30 09:01:38
1640854898199843000,62.7,1,62.5,60,62.7,14,1,2021-12-30 09:01:38
1640854898604344000,62.6,1,62.5,60,62.6,4,1,2021-12-30 09:01:38
1640854898624998000,62.5,1,62.5,59,62.6,4,2,2021-12-30 09:01:38
1640854898676142000,62.6,1,62.5,59,62.6,3,1,2021-12-30 09:01:38
1640854898953128000,62.6,2,62.5,59,62.6,1,1,2021-12-30 09:01:38
1640854899350038000,62.6,1,62.6,1,62.7,15,1,2021-12-30 09:01:39
1640854899838001000,62.7,2,62.6,1,62.7,13,1,2021-12-30 09:01:39
1640854900074050000,62.7,1,62.6,1,62.7,12,1,2021-12-30 09:01:40
1640854900602227000,62.7,4,62.6,1,62.7,8,1,2021-12-30 09:01:40
1640854901769543000,62.6,2,62.6,13,62.7,9,2,2021-12-30 09:01:41
1640854901880635000,62.6,1,62.6,12,62.7,9,2,2021-12-30 09:01:41
1640854901964873000,62.6,1,62.6,11,62.7,9,2,2021-12-30 09:01:41
1640854902557173000,62.6,1,62.6,37,62.7,9,2,2021-12-30 09:01:42
1640854902872602000,62.6,2,62.6,35,62.7,11,2,2021-12-30 09:01:42
1640854902886597000,62.7,3,62.6,35,62.7,8,1,2021-12-30 09:01:42
1640854904370271000,62.6,3,62.6,35,62.7,10,2,2021-12-30 09:01:44
1640854904503399000,62.7,1,62.6,36,62.7,9,1,2021-12-30 09:01:44
1640854904657588000,62.7,2,62.6,36,62.7,8,1,2021-12-30 09:01:44
1640854904837983000,62.6,1,62.6,37,62.7,8,2,2021-12-30 09:01:44
1640854905618242000,62.7,2,62.6,37,62.7,6,1,2021-12-30 09:01:45
1640854906816881000,62.6,1,62.6,43,62.7,12,2,2021-12-30 09:01:46
1640854908691620000,62.7,1,62.6,48,62.7,13,1,2021-12-30 09:01:48
1640854909575482000,62.6,1,62.6,45,62.7,13,2,2021-12-30 09:01:49
1640854909668240000,62.6,30,62.6,15,62.7,13,2,2021-12-30 09:01:49
1640854909693502000,62.6,1,62.6,14,62.7,13,2,2021-12-30 09:01:49
1640854909703041000,62.6,1,62.6,13,62.7,13,2,2021-12-30 09:01:49
1640854909704028000,62.6,1,62.6,12,62.7,13,2,2021-12-30 09:01:49
1640854909737350000,62.6,1,62.6,11,62.7,13,2,2021-12-30 09:01:49
1640854909979458000,62.7,3,62.6,11,62.7,10,1,2021-12-30 09:01:49
1640854909989848000,62.7,1,62.6,11,62.7,9,1,2021-12-30 09:01:49
1640854911078657000,62.7,1,62.6,12,62.7,16,1,2021-12-30 09:01:51
1640854911261585000,62.7,3,62.6,12,62.7,13,1,2021-12-30 09:01:51
1640854911455925000,62.6,1,62.6,11,62.7,13,2,2021-12-30 09:01:51
1640854911544400000,62.7,2,62.6,11,62.7,11,1,2021-12-30 09:01:51
1640854912528114000,62.6,1,62.6,10,62.7,12,2,2021-12-30 09:01:52
1640854912834336000,62.6,10,62.5,85,62.7,12,2,2021-12-30 09:01:52
1640854912907049000,62.7,2,62.5,85,62.7,10,1,2021-12-30 09:01:52
1640854913452034000,62.7,4,62.6,1,62.7,7,1,2021-12-30 09:01:53
1640854913670511000,62.6,1,62.5,85,62.6,9,2,2021-12-30 09:01:53
1640854914180249000,62.6,1,62.5,85,62.6,8,1,2021-12-30 09:01:54
1640854914193332000,62.6,1,62.5,85,62.6,7,1,2021-12-30 09:01:54
1640854914858052000,62.6,1,62.5,87,62.6,11,1,2021-12-30 09:01:54
1640854916111316000,62.5,1,62.5,86,62.6,21,2,2021-12-30 09:01:56
1640854916307225000,62.6,2,62.5,86,62.6,20,1,2021-12-30 09:01:56
1640854916317754000,62.6,10,62.5,86,62.6,10,1,2021-12-30 09:01:56
1640854916344378000,62.5,1,62.5,85,62.6,10,2,2021-12-30 09:01:56
1640854916355372000,62.5,1,62.5,84,62.6,10,2,2021-12-30 09:01:56
1640854916589366000,62.6,1,62.5,84,62.6,9,1,2021-12-30 09:01:56
1640854916701389000,62.6,1,62.5,84,62.6,8,1,2021-12-30 09:01:56
1640854917998935000,62.6,8,62.6,2,62.7,14,1,2021-12-30 09:01:57
1640854918048891000,62.6,2,62.5,85,62.7,14,2,2021-12-30 09:01:58
1640854918077347000,62.5,20,62.5,65,62.7,14,2,2021-12-30 09:01:58
1640854918436528000,62.6,1,62.5,65,62.6,4,1,2021-12-30 09:01:58
1640854918741726000,62.6,1,62.5,65,62.6,3,1,2021-12-30 09:01:58
1640854918989201000,62.5,5,62.5,60,62.6,4,2,2021-12-30 09:01:58
1640854919034963000,62.5,1,62.5,59,62.6,4,2,2021-12-30 09:01:59
1640854919853595000,62.6,6,62.6,4,62.7,14,1,2021-12-30 09:01:59
1640854920145330000,62.6,1,62.6,3,62.7,14,2,2021-12-30 09:02:00
1640854920210265000,62.6,1,62.6,2,62.7,14,2,2021-12-30 09:02:00
1640854920301799000,62.6,2,62.5,58,62.7,14,2,2021-12-30 09:02:00
1640854920301799000,62.5,3,62.5,58,62.7,14,2,2021-12-30 09:02:00
1640854920688424000,62.5,10,62.5,48,62.6,2,2,2021-12-30 09:02:00
1640854920727862000,62.5,1,62.5,47,62.6,2,2,2021-12-30 09:02:00
1640854920735871000,62.5,1,62.5,46,62.6,2,2,2021-12-30 09:02:00
1640854920956718000,62.5,20,62.5,26,62.6,2,2,2021-12-30 09:02:00
1640854920987282000,62.5,5,62.5,21,62.6,2,2,2021-12-30 09:02:00
1640854920991128000,62.5,1,62.5,19,62.6,4,2,2021-12-30 09:02:00
1640854920991282000,62.5,1,62.5,19,62.6,4,2,2021-12-30 09:02:00
1640854921022357000,62.5,12,62.5,7,62.6,4,2,2021-12-30 09:02:01
1640854921714216000,62.5,3,62.5,4,62.6,4,2,2021-12-30 09:02:01
1640854921748872000,62.5,4,62.4,9,62.6,4,2,2021-12-30 09:02:01
1640854921766892000,62.4,1,62.4,8,62.6,4,2,2021-12-30 09:02:01
1640854921983989000,62.4,1,62.4,7,62.5,9,2,2021-12-30 09:02:01
1640854922200950000,62.5,2,62.4,7,62.5,8,1,2021-12-30 09:02:02
1640854922229393000,62.5,8,62.4,7,62.6,10,1,2021-12-30 09:02:02
1640854922280535000,62.6,2,62.4,7,62.6,8,1,2021-12-30 09:02:02
1640854923087220000,62.4,6,62.3,27,62.5,7,2,2021-12-30 09:02:03
1640854923146911000,62.4,1,62.3,29,62.5,7,1,2021-12-30 09:02:03
1640854923395090000,62.4,1,62.3,29,62.5,7,1,2021-12-30 09:02:03
1640854923718647000,62.5,1,62.3,29,62.5,7,1,2021-12-30 09:02:03
1640854924295828000,62.3,2,62.3,27,62.5,7,2,2021-12-30 09:02:04
1640854924561994000,62.3,1,62.3,24,62.4,2,2,2021-12-30 09:02:04
1640854925761508000,62.4,4,62.5,38,62.6,8,1,2021-12-30 09:02:05
1640854925761508000,62.5,8,62.5,38,62.6,8,1,2021-12-30 09:02:05
1640854925841343000,62.5,10,62.5,28,62.6,8,2,2021-12-30 09:02:05
1640854927040062000,62.5,1,62.5,29,62.6,11,2,2021-12-30 09:02:07
1640854927430151000,62.5,10,62.5,19,62.6,11,2,2021-12-30 09:02:07
1640854927582176000,62.5,1,62.5,18,62.6,11,2,2021-12-30 09:02:07
1640854929086007000,62.5,1,62.5,17,62.6,12,2,2021-12-30 09:02:09
1640854929516079000,62.5,1,62.5,16,62.6,12,2,2021-12-30 09:02:09
1640854929560896000,62.5,1,62.5,15,62.6,12,2,2021-12-30 09:02:09
1640854929569350000,62.5,1,62.5,14,62.6,12,2,2021-12-30 09:02:09
1640854929741510000,62.5,1,62.5,13,62.6,12,2,2021-12-30 09:02:09
1640854929928717000,62.6,1,62.5,13,62.6,12,1,2021-12-30 09:02:09
1640854930032754000,62.6,5,62.5,13,62.6,7,1,2021-12-30 09:02:10
1640854930098826000,62.5,13,62.3,25,62.6,7,2,2021-12-30 09:02:10
1640854931156779000,62.5,1,62.3,27,62.6,13,1,2021-12-30 09:02:11
1640854932065179000,62.5,1,62.4,23,62.5,5,1,2021-12-30 09:02:12
1640854932197991000,62.4,1,62.4,22,62.5,6,2,2021-12-30 09:02:12
1640854932451919000,62.5,5,62.4,23,62.5,2,1,2021-12-30 09:02:12
1640854932473232000,62.5,2,62.4,23,62.6,22,1,2021-12-30 09:02:12
1640854932844100000,62.5,1,62.5,1,62.6,22,2,2021-12-30 09:02:12
1640854932880128000,62.5,1,62.4,23,62.6,22,2,2021-12-30 09:02:12
1640854933247541000,62.5,1,62.5,4,62.6,22,2,2021-12-30 09:02:13
1640854934022019000,62.5,1,62.5,5,62.6,22,2,2021-12-30 09:02:14
1640854934869361000,62.5,1,62.5,4,62.6,22,2,2021-12-30 09:02:14
1640854935347826000,62.5,4,62.4,24,62.5,6,2,2021-12-30 09:02:15
1640854935385149000,62.5,6,62.4,24,62.6,22,1,2021-12-30 09:02:15
1640854935707427000,62.5,1,62.4,24,62.5,1,1,2021-12-30 09:02:15
1640854935946807000,62.5,1,62.5,9,62.6,21,1,2021-12-30 09:02:15
1640854936122700000,62.5,3,62.5,6,62.6,21,2,2021-12-30 09:02:16
1640854936261892000,62.5,6,62.4,20,62.6,21,2,2021-12-30 09:02:16
1640854936261892000,62.4,4,62.4,20,62.6,21,2,2021-12-30 09:02:16
1640854936724197000,62.5,10,62.4,20,62.5,5,1,2021-12-30 09:02:16
1640854936750384000,62.5,5,62.4,20,62.6,21,1,2021-12-30 09:02:16
1640854936932904000,62.5,1,62.4,20,62.5,4,2,2021-12-30 09:02:16
1640854937340572000,62.4,1,62.4,19,62.5,7,2,2021-12-30 09:02:17
1640854937842982000,62.5,2,62.4,20,62.5,6,1,2021-12-30 09:02:17
1640854937915925000,62.4,2,62.4,18,62.5,6,2,2021-12-30 09:02:17
1640854938157036000,62.5,1,62.4,18,62.5,7,1,2021-12-30 09:02:18
1640854939373197000,62.4,1,62.4,20,62.5,10,2,2021-12-30 09:02:19
1640854940104430000,62.4,1,62.4,41,62.5,14,2,2021-12-30 09:02:20
1640854940506328000,62.4,1,62.4,41,62.5,14,2,2021-12-30 09:02:20
1640854941507945000,62.5,1,62.4,44,62.5,20,1,2021-12-30 09:02:21
1640854942335426000,62.5,1,62.4,45,62.5,19,1,2021-12-30 09:02:22
1640854942783617000,62.5,5,62.4,45,62.5,14,1,2021-12-30 09:02:22
1640854942811088000,62.5,14,62.4,45,62.6,23,1,2021-12-30 09:02:22
1640854943360873000,62.4,20,62.4,28,62.6,23,2,2021-12-30 09:02:23
1640854943426092000,62.4,1,62.4,27,62.5,5,2,2021-12-30 09:02:23
1640854943611624000,62.5,8,62.4,27,62.6,23,1,2021-12-30 09:02:23
1640854943614312000,62.4,2,62.4,25,62.6,23,2,2021-12-30 09:02:23
1640854944200533000,62.4,2,62.4,25,62.6,17,2,2021-12-30 09:02:24
1640854944323020000,62.5,1,62.4,25,62.5,2,2,2021-12-30 09:02:24
1640854944899969000,62.5,5,62.4,25,62.6,17,1,2021-12-30 09:02:24
1640854945123243000,62.5,1,62.5,49,62.6,17,1,2021-12-30 09:02:25
1640854945659451000,62.5,1,62.5,48,62.6,17,2,2021-12-30 09:02:25
1640854945824249000,62.5,1,62.5,47,62.6,17,2,2021-12-30 09:02:25
1640854947263397000,62.5,1,62.5,46,62.6,27,2,2021-12-30 09:02:27
1640854947396477000,62.5,7,62.5,39,62.6,27,2,2021-12-30 09:02:27
1640854947508908000,62.6,3,62.5,39,62.6,24,1,2021-12-30 09:02:27
1640854948211646000,62.6,3,62.5,40,62.6,21,1,2021-12-30 09:02:28
1640854948773179000,62.5,1,62.5,43,62.6,21,2,2021-12-30 09:02:28
1640854949550499000,62.6,3,62.5,43,62.6,18,1,2021-12-30 09:02:29
1640854949735075000,62.6,3,62.5,43,62.6,15,1,2021-12-30 09:02:29
1640854949888378000,62.6,3,62.5,45,62.6,12,1,2021-12-30 09:02:29
1640854950819868000,62.6,8,62.5,46,62.6,4,1,2021-12-30 09:02:30
1640854950848673000,62.6,4,62.5,46,62.7,15,1,2021-12-30 09:02:30
1640854951198003000,62.5,6,62.5,40,62.7,15,2,2021-12-30 09:02:31
1640854951597897000,62.6,2,62.6,12,62.7,15,2,2021-12-30 09:02:31
1640854952445709000,62.7,6,62.6,13,62.7,9,1,2021-12-30 09:02:32
1640854952798775000,62.6,4,62.6,11,62.7,9,2,2021-12-30 09:02:32
1640854954954478000,62.6,2,62.6,11,62.7,12,2,2021-12-30 09:02:34
1640854955689570000,62.6,1,62.6,10,62.7,13,2,2021-12-30 09:02:35
1640854956057165000,62.6,5,62.6,5,62.7,13,2,2021-12-30 09:02:36
1640854957184271000,62.6,1,62.6,6,62.7,13,2,2021-12-30 09:02:37
1640854958908871000,62.7,1,62.6,9,62.7,15,1,2021-12-30 09:02:38
1640854959164087000,62.7,1,62.6,9,62.7,14,1,2021-12-30 09:02:39
1640854959590689000,62.7,1,62.6,12,62.7,13,1,2021-12-30 09:02:39
1640854960713198000,62.7,2,62.6,16,62.7,11,1,2021-12-30 09:02:40
1640854960879010000,62.7,5,62.6,26,62.7,6,1,2021-12-30 09:02:40
1640854960913529000,62.7,6,62.6,26,62.8,31,1,2021-12-30 09:02:40
1640854960921134000,62.6,5,62.6,21,62.8,31,2,2021-12-30 09:02:40
1640854966138027000,62.8,2,62.7,11,62.8,34,1,2021-12-30 09:02:46
1640854966367464000,62.7,1,62.7,12,62.8,34,2,2021-12-30 09:02:46
1640854966422343000,62.7,3,62.7,11,62.8,34,2,2021-12-30 09:02:46
1640854966443153000,62.8,1,62.7,11,62.8,33,1,2021-12-30 09:02:46
1640854967503126000,62.7,1,62.7,24,62.8,33,2,2021-12-30 09:02:47
1640854967827161000,62.7,2,62.7,22,62.8,33,2,2021-12-30 09:02:47
1640854969052722000,62.7,2,62.7,20,62.8,34,2,2021-12-30 09:02:49
1640854969087052000,62.8,18,62.7,20,62.8,16,1,2021-12-30 09:02:49
1640854969552018000,62.7,15,62.7,5,62.8,16,2,2021-12-30 09:02:49
1640854969859860000,62.8,1,62.7,5,62.8,15,1,2021-12-30 09:02:49
1640854971519854000,62.8,1,62.7,6,62.8,14,1,2021-12-30 09:02:51
1640854971602927000,62.8,3,62.7,7,62.8,11,1,2021-12-30 09:02:51
1640854971913103000,62.8,1,62.7,8,62.8,10,1,2021-12-30 09:02:51
1640854971913588000,62.7,2,62.7,8,62.8,10,2,2021-12-30 09:02:51
1640854972018181000,62.8,3,62.7,8,62.8,7,1,2021-12-30 09:02:52
1640854973367716000,62.8,5,62.7,8,62.8,3,1,2021-12-30 09:02:53
1640854973449703000,62.7,3,62.7,5,62.8,3,2,2021-12-30 09:02:53
1640854974344337000,62.8,1,62.7,5,62.8,8,1,2021-12-30 09:02:54
1640854974437039000,62.8,1,62.7,5,62.8,7,1,2021-12-30 09:02:54
1640854974940703000,62.8,1,62.7,6,62.8,6,1,2021-12-30 09:02:54
1640854975156566000,62.8,1,62.7,6,62.8,5,1,2021-12-30 09:02:55
1640854975487245000,62.8,2,62.7,6,62.8,3,1,2021-12-30 09:02:55
1640854975696504000,62.8,1,62.7,9,62.8,2,1,2021-12-30 09:02:55
1640854975998433000,62.7,9,62.6,21,62.8,2,2,2021-12-30 09:02:55
1640854975998433000,62.6,11,62.6,21,62.8,2,2,2021-12-30 09:02:55
1640854976098339000,62.7,1,62.7,7,62.8,5,1,2021-12-30 09:02:56
1640854976186502000,62.8,1,62.7,7,62.8,4,1,2021-12-30 09:02:56
1640854976321288000,62.8,2,62.7,7,62.8,2,1,2021-12-30 09:02:56
1640854978968268000,62.7,1,62.7,9,62.8,11,2,2021-12-30 09:02:58
1640854978993236000,62.7,9,62.6,21,62.8,11,2,2021-12-30 09:02:58
1640854981867562000,62.8,10,62.7,5,62.8,3,1,2021-12-30 09:03:01
1640854982470505000,62.8,1,62.7,6,62.8,3,1,2021-12-30 09:03:02
1640854983964887000,62.8,2,62.7,6,62.8,1,1,2021-12-30 09:03:03
1640854984212226000,62.8,1,62.7,6,62.9,18,1,2021-12-30 09:03:04
1640854984719877000,62.9,3,62.7,8,62.9,17,1,2021-12-30 09:03:04
1640854985232979000,62.9,1,62.7,18,62.9,16,1,2021-12-30 09:03:05
1640854985357238000,62.9,1,62.7,18,62.9,15,1,2021-12-30 09:03:05
1640854986168925000,62.9,2,62.7,19,62.9,11,1,2021-12-30 09:03:06
1640854987909974000,62.9,1,62.8,1,62.9,10,1,2021-12-30 09:03:07
1640854988570145000,62.9,2,62.8,1,62.9,8,1,2021-12-30 09:03:08
1640854988733793000,62.9,7,62.8,1,62.9,1,1,2021-12-30 09:03:08
1640854989359029000,62.9,1,62.8,1,63.0,78,1,2021-12-30 09:03:09
1640854992829106000,63.0,1,62.9,1,63.0,81,1,2021-12-30 09:03:12
1640854993051089000,62.9,1,62.8,3,63.0,82,2,2021-12-30 09:03:13
1640854993051350000,62.8,1,62.8,3,63.0,82,2,2021-12-30 09:03:13
1640854994717486000,62.9,1,62.8,12,63.0,82,2,2021-12-30 09:03:14
1640854996297452000,62.8,1,62.8,12,63.0,82,2,2021-12-30 09:03:16
1640854997057459000,62.9,1,62.8,13,63.0,82,2,2021-12-30 09:03:17
1640854997646431000,62.9,1,62.9,17,63.0,82,2,2021-12-30 09:03:17
1640854997708064000,63.0,1,62.9,17,63.0,81,1,2021-12-30 09:03:17
1640854997790117000,63.0,1,62.9,17,63.0,80,1,2021-12-30 09:03:17
1640854998410140000,63.0,10,62.9,18,63.0,70,1,2021-12-30 09:03:18
1640854998501863000,62.9,1,62.9,17,63.0,70,2,2021-12-30 09:03:18
1640854998937261000,63.0,1,62.9,17,63.0,69,1,2021-12-30 09:03:18
1640854999039944000,62.9,1,62.9,16,63.0,69,2,2021-12-30 09:03:19
1640854999773245000,63.0,1,62.9,21,63.0,68,1,2021-12-30 09:03:19
1640854999780769000,63.0,2,62.9,21,63.0,66,1,2021-12-30 09:03:19
1640855000624942000,63.0,1,62.9,22,63.0,66,1,2021-12-30 09:03:20
1640855001385259000,63.0,1,62.9,22,63.0,66,1,2021-12-30 09:03:21
1640855001451161000,62.9,10,62.9,12,63.0,66,2,2021-12-30 09:03:21
1640855002040405000,62.9,2,62.9,11,63.0,66,2,2021-12-30 09:03:22
1640855002906662000,62.9,1,62.9,11,63.0,65,2,2021-12-30 09:03:22
1640855003033751000,63.0,10,62.9,11,63.0,55,1,2021-12-30 09:03:23
1640855003358593000,63.0,3,62.9,11,63.0,52,1,2021-12-30 09:03:23
1640855003464022000,63.0,1,62.9,11,63.0,51,1,2021-12-30 09:03:23
1640855003789909000,62.9,1,62.9,10,63.0,51,2,2021-12-30 09:03:23
1640855004024848000,63.0,1,62.9,10,63.0,50,1,2021-12-30 09:03:24
1640855004171733000,62.9,5,62.9,5,63.0,50,2,2021-12-30 09:03:24
1640855004509827000,62.9,1,62.9,7,63.0,50,2,2021-12-30 09:03:24
1640855004990293000,62.9,5,62.9,7,63.0,50,2,2021-12-30 09:03:24
1640855005039906000,63.0,1,62.9,7,63.0,49,1,2021-12-30 09:03:25
1640855005133233000,63.0,1,62.9,7,63.0,48,1,2021-12-30 09:03:25
1640855005973621000,63.0,1,62.9,7,63.0,57,1,2021-12-30 09:03:25
1640855006844545000,63.0,1,62.9,8,63.0,56,1,2021-12-30 09:03:26
1640855006945275000,63.0,1,62.9,8,63.0,55,1,2021-12-30 09:03:26
1640855008704274000,63.0,10,62.9,17,63.0,45,1,2021-12-30 09:03:28
1640855008852592000,63.0,1,62.9,17,63.0,44,1,2021-12-30 09:03:28
1640855009335250000,62.9,5,62.9,12,63.0,44,2,2021-12-30 09:03:29
1640855009369374000,62.9,12,62.8,43,63.0,44,2,2021-12-30 09:03:29
1640855009482026000,62.9,1,62.8,43,63.0,44,1,2021-12-30 09:03:29
1640855010519741000,63.0,1,62.9,10,63.0,43,1,2021-12-30 09:03:30
1640855011042718000,62.9,1,62.9,11,63.0,43,2,2021-12-30 09:03:31
1640855011078921000,62.9,1,62.9,10,63.0,43,2,2021-12-30 09:03:31
1640855011634123000,63.0,1,62.9,10,63.0,43,1,2021-12-30 09:03:31
1640855012383053000,62.9,1,62.9,24,63.0,43,2,2021-12-30 09:03:32
1640855012413075000,63.0,1,62.9,24,63.0,42,1,2021-12-30 09:03:32
1640855013163267000,62.9,2,62.9,23,63.0,42,2,2021-12-30 09:03:33
1640855014717158000,62.9,1,62.9,27,63.0,43,2,2021-12-30 09:03:34
1640855014773908000,62.9,1,62.9,26,63.0,43,2,2021-12-30 09:03:34
1640855015029899000,63.0,1,62.9,26,63.0,42,1,2021-12-30 09:03:35
1640855015467054000,62.9,1,62.9,25,63.0,42,2,2021-12-30 09:03:35
1640855015561959000,62.9,1,62.9,24,63.0,42,2,2021-12-30 09:03:35
1640855016256297000,63.0,1,62.9,24,63.0,41,1,2021-12-30 09:03:36
1640855017939397000,62.9,26,62.8,39,62.9,19,2,2021-12-30 09:03:37
1640855017979002000,62.8,1,62.8,38,62.9,19,2,2021-12-30 09:03:37
1640855018010510000,62.8,1,62.8,37,62.9,19,2,2021-12-30 09:03:38
1640855018053342000,62.8,1,62.8,36,62.9,19,2,2021-12-30 09:03:38
1640855018324869000,62.9,1,62.8,36,62.9,18,1,2021-12-30 09:03:38
1640855018890298000,62.9,1,62.8,36,62.9,18,1,2021-12-30 09:03:38
1640855019128260000,62.9,5,62.8,31,62.9,14,1,2021-12-30 09:03:39
1640855019156981000,62.8,1,62.8,30,62.9,14,2,2021-12-30 09:03:39
1640855019158141000,62.9,1,62.8,30,62.9,13,1,2021-12-30 09:03:39
1640855019244007000,62.9,2,62.8,30,62.9,11,1,2021-12-30 09:03:39
1640855019365910000,62.8,1,62.8,29,62.9,17,2,2021-12-30 09:03:39
1640855019387922000,62.8,29,62.7,26,62.9,17,2,2021-12-30 09:03:39
1640855019974485000,62.7,1,62.7,25,62.8,5,2,2021-12-30 09:03:39
1640855020064582000,62.8,1,62.7,25,62.8,19,1,2021-12-30 09:03:40
1640855021716676000,62.8,1,62.7,26,62.8,19,1,2021-12-30 09:03:41
1640855021980643000,62.7,20,62.7,6,62.8,19,2,2021-12-30 09:03:41
1640855022020160000,62.7,1,62.7,4,62.8,19,2,2021-12-30 09:03:42
1640855022020989000,62.7,1,62.7,4,62.8,19,2,2021-12-30 09:03:42
1640855022021256000,62.7,1,62.7,3,62.8,19,2,2021-12-30 09:03:42
1640855022040035000,62.7,1,62.7,2,62.8,19,2,2021-12-30 09:03:42
1640855022269787000,62.8,1,62.7,2,62.8,18,1,2021-12-30 09:03:42
1640855022320029000,62.7,1,62.7,1,62.8,19,2,2021-12-30 09:03:42
1640855022827694000,62.7,1,62.6,49,62.7,5,2,2021-12-30 09:03:42
1640855023829220000,62.7,1,62.6,49,62.7,8,1,2021-12-30 09:03:43
1640855024124549000,62.7,1,62.6,49,62.7,7,1,2021-12-30 09:03:44
1640855024158052000,62.6,1,62.6,48,62.7,7,2,2021-12-30 09:03:44
1640855024674120000,62.7,1,62.6,48,62.7,6,1,2021-12-30 09:03:44
1640855024854200000,62.7,1,62.6,48,62.7,5,1,2021-12-30 09:03:44
1640855025239209000,62.7,3,62.6,48,62.7,9,1,2021-12-30 09:03:45
1640855025466460000,62.7,1,62.6,48,62.7,8,1,2021-12-30 09:03:45
1640855025571385000,62.6,1,62.6,47,62.7,8,2,2021-12-30 09:03:45
1640855026001935000,62.7,3,62.6,47,62.7,6,1,2021-12-30 09:03:46
1640855026242197000,62.7,1,62.6,47,62.7,10,1,2021-12-30 09:03:46
1640855027500936000,62.7,3,62.6,47,62.7,12,1,2021-12-30 09:03:47
1640855027814128000,62.7,10,62.6,47,62.7,2,1,2021-12-30 09:03:47
1640855027844367000,62.6,1,62.6,46,62.7,2,2,2021-12-30 09:03:47
1640855027865992000,62.6,1,62.6,45,62.7,2,2,2021-12-30 09:03:47
1640855027873720000,62.7,1,62.6,45,62.7,1,1,2021-12-30 09:03:47
1640855028531318000,62.7,1,62.8,18,62.9,23,1,2021-12-30 09:03:48
1640855028531318000,62.8,51,62.8,18,62.9,23,1,2021-12-30 09:03:48
1640855028573600000,62.8,1,62.8,17,62.9,23,2,2021-12-30 09:03:48
1640855028615325000,62.8,1,62.8,15,62.9,21,2,2021-12-30 09:03:48
1640855028615509000,62.8,1,62.8,15,62.9,21,2,2021-12-30 09:03:48
1640855028783202000,62.9,1,62.8,15,62.9,20,1,2021-12-30 09:03:48
1640855028851286000,62.8,15,62.6,45,62.7,5,2,2021-12-30 09:03:48
1640855028881842000,62.7,5,62.6,45,62.9,20,1,2021-12-30 09:03:48
1640855028916069000,62.8,1,62.8,4,62.9,20,2,2021-12-30 09:03:48
1640855029035539000,62.9,1,62.8,4,62.9,19,1,2021-12-30 09:03:49
1640855029208121000,62.9,1,62.8,4,62.9,18,1,2021-12-30 09:03:49
1640855029216090000,62.9,1,62.8,4,62.9,17,1,2021-12-30 09:03:49
1640855029768559000,62.8,1,62.8,3,62.9,17,2,2021-12-30 09:03:49
1640855030312425000,62.9,1,62.8,3,62.9,16,1,2021-12-30 09:03:50
1640855031719125000,62.9,5,62.8,3,62.9,11,1,2021-12-30 09:03:51
1640855031862086000,62.8,1,62.8,2,62.9,7,2,2021-12-30 09:03:51
1640855031921270000,62.9,2,62.8,2,62.9,5,1,2021-12-30 09:03:51
1640855034349623000,62.9,1,62.8,4,62.9,4,1,2021-12-30 09:03:54
1640855034396178000,62.8,1,62.8,3,62.9,4,2,2021-12-30 09:03:54
1640855034650914000,62.8,1,62.8,2,62.9,9,2,2021-12-30 09:03:54
1640855035116139000,62.9,1,62.8,2,62.9,8,1,2021-12-30 09:03:55
1640855035731940000,62.9,1,62.8,3,62.9,7,1,2021-12-30 09:03:55
1640855037084833000,62.9,2,62.8,6,62.9,10,1,2021-12-30 09:03:57
1640855037513607000,62.8,2,62.8,4,62.9,10,2,2021-12-30 09:03:57
1640855037703326000,62.8,1,62.8,3,62.9,10,2,2021-12-30 09:03:57
1640855039293676000,62.8,1,62.8,13,62.9,14,2,2021-12-30 09:03:59
1640855039335839000,62.8,3,62.8,10,62.9,14,2,2021-12-30 09:03:59
1640855039360116000,62.9,1,62.8,10,62.9,13,1,2021-12-30 09:03:59
1640855039470959000,62.8,10,62.7,21,62.8,8,2,2021-12-30 09:03:59
1640855040738044000,62.8,1,62.7,21,62.8,7,1,2021-12-30 09:04:00
1640855041914970000,62.8,1,62.7,21,62.8,7,1,2021-12-30 09:04:01
1640855041951236000,62.7,1,62.7,20,62.8,7,2,2021-12-30 09:04:01
1640855042870153000,62.7,1,62.7,19,62.8,7,2,2021-12-30 09:04:02
1640855042908968000,62.7,1,62.7,18,62.8,7,2,2021-12-30 09:04:02
1640855043261321000,62.7,1,62.7,17,62.8,8,2,2021-12-30 09:04:03
1640855043393651000,62.8,1,62.7,17,62.8,7,1,2021-12-30 09:04:03
1640855044898252000,62.8,1,62.7,17,62.8,16,1,2021-12-30 09:04:04
1640855045289388000,62.8,2,62.7,17,62.8,14,1,2021-12-30 09:04:05
1640855045374951000,62.7,1,62.7,16,62.8,14,2,2021-12-30 09:04:05
1640855049065422000,62.7,6,62.7,12,62.8,18,2,2021-12-30 09:04:09
1640855049088640000,62.7,1,62.7,11,62.8,18,2,2021-12-30 09:04:09
1640855049089723000,62.7,1,62.7,10,62.8,18,2,2021-12-30 09:04:09
1640855049945368000,62.7,9,62.7,1,62.8,18,2,2021-12-30 09:04:09
1640855050007961000,62.7,1,62.7,1,62.8,18,2,2021-12-30 09:04:10
1640855050183248000,62.7,1,62.6,59,62.8,18,2,2021-12-30 09:04:10
1640855050190095000,62.8,1,62.6,59,62.8,17,1,2021-12-30 09:04:10
1640855051670450000,62.7,5,62.7,15,62.8,17,1,2021-12-30 09:04:11
1640855051772156000,62.7,5,62.7,10,62.8,17,2,2021-12-30 09:04:11
1640855051816438000,62.8,1,62.7,10,62.8,16,1,2021-12-30 09:04:11
1640855051907432000,62.8,1,62.7,10,62.8,15,1,2021-12-30 09:04:11
1640855052263747000,62.7,1,62.7,9,62.8,15,2,2021-12-30 09:04:12
1640855052648382000,62.8,1,62.7,14,62.8,14,1,2021-12-30 09:04:12
1640855053426409000,62.7,1,62.7,22,62.8,17,2,2021-12-30 09:04:13
1640855053591480000,62.7,2,62.7,20,62.8,17,2,2021-12-30 09:04:13
1640855053750848000,62.7,2,62.7,18,62.8,17,2,2021-12-30 09:04:13
1640855055205170000,62.7,1,62.7,21,62.8,17,2,2021-12-30 09:04:15
1640855055499458000,62.8,1,62.7,21,62.8,16,1,2021-12-30 09:04:15
1640855055743887000,62.7,4,62.7,17,62.8,22,2,2021-12-30 09:04:15
1640855055783017000,62.7,1,62.7,16,62.8,22,2,2021-12-30 09:04:15
1640855056396143000,62.7,4,62.7,13,62.8,23,2,2021-12-30 09:04:16
1640855056492910000,62.8,20,62.7,13,62.8,3,1,2021-12-30 09:04:16
1640855057384465000,62.8,3,62.8,2,62.9,26,1,2021-12-30 09:04:17
1640855057402964000,62.8,2,62.6,32,62.9,26,2,2021-12-30 09:04:17
1640855057402964000,62.7,13,62.6,32,62.9,26,2,2021-12-30 09:04:17
1640855060614707000,62.7,2,62.6,32,62.7,8,2,2021-12-30 09:04:20
1640855061585522000,62.7,8,62.6,32,62.8,28,1,2021-12-30 09:04:21
1640855061585522000,62.8,14,62.6,32,62.8,28,1,2021-12-30 09:04:21
1640855062486089000,62.7,1,62.6,32,62.7,3,1,2021-12-30 09:04:22
1640855063166964000,62.6,5,62.6,27,62.7,8,2,2021-12-30 09:04:23
1640855064167798000,62.7,1,62.6,28,62.7,8,1,2021-12-30 09:04:24
1640855064735142000,62.7,1,62.6,28,62.7,7,1,2021-12-30 09:04:24
1640855065051650000,62.7,1,62.6,28,62.7,11,1,2021-12-30 09:04:25
1640855065327984000,62.7,1,62.6,28,62.7,10,1,2021-12-30 09:04:25
1640855065417229000,62.7,2,62.6,28,62.7,8,1,2021-12-30 09:04:25
1640855066668986000,62.7,1,62.6,28,62.7,18,1,2021-12-30 09:04:26
1640855068526139000,62.6,20,62.6,26,62.7,18,2,2021-12-30 09:04:28
1640855068561441000,62.6,1,62.6,25,62.7,18,2,2021-12-30 09:04:28
1640855068586835000,62.6,1,62.6,24,62.7,18,2,2021-12-30 09:04:28
1640855068587275000,62.6,1,62.6,23,62.7,18,2,2021-12-30 09:04:28
1640855069780783000,62.7,1,62.6,23,62.7,18,1,2021-12-30 09:04:29
1640855069969129000,62.6,7,62.6,16,62.7,18,2,2021-12-30 09:04:29
1640855069976693000,62.6,5,62.6,11,62.7,18,2,2021-12-30 09:04:29
1640855070002271000,62.6,1,62.6,10,62.7,18,2,2021-12-30 09:04:30
1640855070314511000,62.6,5,62.6,5,62.7,18,2,2021-12-30 09:04:30
1640855070346852000,62.6,5,62.5,123,62.7,18,2,2021-12-30 09:04:30
1640855071636171000,62.6,1,62.5,123,62.7,18,2,2021-12-30 09:04:31
1640855072024094000,62.6,1,62.5,123,62.7,18,2,2021-12-30 09:04:32
1640855072371109000,62.5,3,62.5,120,62.7,20,2,2021-12-30 09:04:32
1640855072713973000,62.7,1,62.5,120,62.7,19,1,2021-12-30 09:04:32
1640855072875318000,62.7,1,62.5,120,62.7,19,1,2021-12-30 09:04:32
1640855075482121000,62.6,1,62.5,120,62.6,3,1,2021-12-30 09:04:35
1640855075931262000,62.6,1,62.5,120,62.6,2,1,2021-12-30 09:04:35
1640855075993580000,62.6,2,62.6,3,62.7,26,1,2021-12-30 09:04:35
1640855076186641000,62.6,1,62.6,2,62.7,26,2,2021-12-30 09:04:36
1640855076210707000,62.6,2,62.5,119,62.7,26,2,2021-12-30 09:04:36
1640855076252600000,62.5,8,62.5,111,62.7,26,2,2021-12-30 09:04:36
1640855077336894000,62.5,1,62.5,110,62.6,1,2,2021-12-30 09:04:37
1640855077938068000,62.6,3,62.6,15,62.7,28,1,2021-12-30 09:04:37
1640855078834459000,62.7,2,62.6,15,62.7,26,1,2021-12-30 09:04:38
1640855079686295000,62.6,6,62.6,11,62.7,26,2,2021-12-30 09:04:39
1640855079727082000,62.6,1,62.6,10,62.7,26,2,2021-12-30 09:04:39
1640855079881502000,62.6,5,62.6,5,62.7,26,2,2021-12-30 09:04:39
1640855079901029000,62.6,1,62.6,4,62.7,26,2,2021-12-30 09:04:39
1640855079915883000,62.6,4,62.5,109,62.7,26,2,2021-12-30 09:04:39
1640855079915883000,62.5,1,62.5,109,62.7,26,2,2021-12-30 09:04:39
1640855080044418000,62.7,1,62.5,109,62.7,25,1,2021-12-30 09:04:40
1640855081641965000,62.6,1,62.5,108,62.6,4,2,2021-12-30 09:04:41
1640855082034706000,62.6,1,62.5,108,62.6,4,1,2021-12-30 09:04:42
1640855082206109000,62.6,1,62.5,108,62.6,3,1,2021-12-30 09:04:42
1640855082755389000,62.5,1,62.5,107,62.6,3,2,2021-12-30 09:04:42
1640855082856124000,62.6,1,62.5,107,62.6,4,1,2021-12-30 09:04:42
1640855082883566000,62.6,2,62.5,107,62.6,2,1,2021-12-30 09:04:42
1640855082924065000,62.5,1,62.5,106,62.6,2,2,2021-12-30 09:04:42
1640855084765406000,62.5,1,62.5,105,62.6,27,2,2021-12-30 09:04:44
1640855085493302000,62.5,10,62.5,105,62.6,27,2,2021-12-30 09:04:45
1640855085493668000,62.5,10,62.5,105,62.6,27,2,2021-12-30 09:04:45
1640855085514793000,62.5,1,62.5,104,62.6,27,2,2021-12-30 09:04:45
1640855085515680000,62.5,1,62.5,103,62.6,27,2,2021-12-30 09:04:45
1640855085530561000,62.6,1,62.5,103,62.6,26,1,2021-12-30 09:04:45
1640855085537960000,62.6,1,62.5,103,62.6,25,1,2021-12-30 09:04:45
1640855085578340000,62.5,1,62.5,102,62.6,25,2,2021-12-30 09:04:45
1640855085917522000,62.5,5,62.5,97,62.6,27,2,2021-12-30 09:04:45
1640855086320344000,62.6,2,62.5,97,62.6,25,1,2021-12-30 09:04:46
1640855087579513000,62.6,1,62.5,97,62.6,27,1,2021-12-30 09:04:47
1640855088026634000,62.5,5,62.5,91,62.6,27,2,2021-12-30 09:04:48
1640855088246152000,62.6,3,62.5,91,62.6,24,1,2021-12-30 09:04:48
1640855089404225000,62.5,1,62.5,92,62.6,24,2,2021-12-30 09:04:49
1640855091263594000,62.6,1,62.5,92,62.6,30,1,2021-12-30 09:04:51
1640855094221473000,62.6,4,62.5,92,62.6,28,1,2021-12-30 09:04:54
1640855094833295000,62.6,1,62.5,92,62.6,28,1,2021-12-30 09:04:54
1640855095790208000,62.6,3,62.5,92,62.6,26,1,2021-12-30 09:04:55
1640855097673119000,62.6,10,62.5,93,62.6,16,1,2021-12-30 09:04:57
1640855100052857000,62.5,1,62.5,93,62.6,16,2,2021-12-30 09:05:00
1640855100631933000,62.6,5,62.5,94,62.6,11,1,2021-12-30 09:05:00
1640855100787295000,62.5,6,62.5,88,62.6,11,2,2021-12-30 09:05:00
1640855102658447000,62.5,5,62.5,84,62.6,11,2,2021-12-30 09:05:02
1640855102686069000,62.5,1,62.5,83,62.6,11,2,2021-12-30 09:05:02
1640855104833882000,62.5,1,62.5,85,62.6,15,2,2021-12-30 09:05:04
1640855105444439000,62.6,3,62.5,85,62.6,13,1,2021-12-30 09:05:05
1640855109990992000,62.5,1,62.5,88,62.6,18,2,2021-12-30 09:05:09
1640855111033762000,62.6,3,62.5,68,62.6,22,1,2021-12-30 09:05:11
1640855112298389000,62.6,1,62.5,70,62.6,21,1,2021-12-30 09:05:12
1640855112976118000,62.6,1,62.5,70,62.6,20,1,2021-12-30 09:05:12
1640855113873312000,62.6,1,62.5,70,62.6,19,1,2021-12-30 09:05:13
1640855115982520000,62.6,1,62.5,72,62.6,18,1,2021-12-30 09:05:15
1640855117627733000,62.6,1,62.5,73,62.6,18,1,2021-12-30 09:05:17
1640855117637761000,62.6,1,62.5,73,62.6,17,1,2021-12-30 09:05:17
1640855117772165000,62.6,1,62.5,73,62.6,16,1,2021-12-30 09:05:17
1640855120524267000,62.6,3,62.5,77,62.6,17,1,2021-12-30 09:05:20
1640855121974779000,62.6,1,62.5,76,62.6,16,1,2021-12-30 09:05:21
1640855122741280000,62.6,1,62.5,76,62.6,17,1,2021-12-30 09:05:22
1640855123670654000,62.6,1,62.5,76,62.6,16,1,2021-12-30 09:05:23
1640855123989683000,62.6,2,62.5,76,62.6,14,1,2021-12-30 09:05:23
1640855124469135000,62.6,5,62.5,77,62.6,9,1,2021-12-30 09:05:24
1640855124704005000,62.6,9,62.5,78,62.7,36,1,2021-12-30 09:05:24
1640855125422880000,62.7,2,62.6,1,62.7,33,1,2021-12-30 09:05:25
1640855125899518000,62.6,1,62.5,78,62.6,4,2,2021-12-30 09:05:25
1640855126295216000,62.6,1,62.5,78,62.6,3,1,2021-12-30 09:05:26
1640855126852009000,62.6,3,62.5,78,62.7,53,1,2021-12-30 09:05:26
1640855128118370000,62.6,4,62.5,78,62.6,6,2,2021-12-30 09:05:28
1640855128302266000,62.6,1,62.5,78,62.6,5,1,2021-12-30 09:05:28
1640855128344600000,62.6,1,62.5,78,62.6,4,1,2021-12-30 09:05:28
1640855128552393000,62.6,3,62.5,78,62.6,1,1,2021-12-30 09:05:28
1640855129913035000,62.6,1,62.6,2,62.7,58,1,2021-12-30 09:05:29
1640855130380624000,62.7,1,62.6,2,62.7,57,1,2021-12-30 09:05:30
1640855132244280000,62.7,3,62.6,2,62.7,48,1,2021-12-30 09:05:32
1640855133882753000,62.7,1,62.6,5,62.7,47,1,2021-12-30 09:05:33
1640855135135425000,62.7,1,62.6,5,62.7,46,1,2021-12-30 09:05:35
1640855137253254000,62.7,2,62.6,7,62.7,44,1,2021-12-30 09:05:37
1640855137478392000,62.7,2,62.6,7,62.7,42,1,2021-12-30 09:05:37
1640855139020086000,62.7,3,62.6,9,62.7,39,1,2021-12-30 09:05:39
1640855139252031000,62.7,2,62.6,10,62.7,37,1,2021-12-30 09:05:39
1640855139892323000,62.7,3,62.6,10,62.7,34,1,2021-12-30 09:05:39
1640855140145619000,62.7,2,62.6,10,62.7,32,1,2021-12-30 09:05:40
1640855140929940000,62.6,1,62.6,9,62.7,32,2,2021-12-30 09:05:40
1640855141731293000,62.7,1,62.6,9,62.7,31,1,2021-12-30 09:05:41
1640855141963888000,62.7,2,62.6,10,62.7,29,1,2021-12-30 09:05:41
1640855143651409000,62.7,1,62.6,12,62.7,28,1,2021-12-30 09:05:43
1640855145145768000,62.6,1,62.6,11,62.7,34,2,2021-12-30 09:05:45
1640855145330793000,62.6,1,62.6,10,62.7,34,2,2021-12-30 09:05:45
1640855147100331000,62.6,1,62.6,38,62.7,35,2,2021-12-30 09:05:47
1640855148643887000,62.7,1,62.6,39,62.7,34,1,2021-12-30 09:05:48
1640855148824587000,62.7,10,62.6,39,62.7,24,1,2021-12-30 09:05:48
1640855149049750000,62.7,2,62.6,39,62.7,22,1,2021-12-30 09:05:49
1640855149687803000,62.7,3,62.6,39,62.7,19,1,2021-12-30 09:05:49
1640855149923622000,62.7,2,62.6,39,62.7,17,1,2021-12-30 09:05:49
1640855150362846000,62.7,1,62.6,39,62.7,16,1,2021-12-30 09:05:50
1640855150427824000,62.7,1,62.6,38,62.7,15,1,2021-12-30 09:05:50
1640855150599384000,62.7,2,62.6,38,62.7,13,1,2021-12-30 09:05:50
1640855150988944000,62.7,3,62.6,38,62.7,10,1,2021-12-30 09:05:50
1640855151017478000,62.7,1,62.6,38,62.7,9,1,2021-12-30 09:05:51
1640855151081404000,62.7,1,62.6,39,62.7,8,1,2021-12-30 09:05:51
1640855151119238000,62.7,3,62.6,39,62.7,4,1,2021-12-30 09:05:51
1640855151119565000,62.7,1,62.6,39,62.7,4,1,2021-12-30 09:05:51
1640855151159480000,62.7,2,62.6,39,62.7,2,1,2021-12-30 09:05:51
1640855151193213000,62.7,2,62.6,39,62.8,40,1,2021-12-30 09:05:51
1640855153208918000,62.8,1,62.6,44,62.8,39,1,2021-12-30 09:05:53
1640855153746133000,62.7,2,62.6,43,62.8,39,2,2021-12-30 09:05:53
1640855153746133000,62.6,1,62.6,43,62.8,39,2,2021-12-30 09:05:53
1640855155102638000,62.7,1,62.7,2,62.8,39,2,2021-12-30 09:05:55
1640855155291638000,62.7,2,62.6,42,62.7,8,2,2021-12-30 09:05:55
1640855156600707000,62.7,2,62.6,44,62.7,6,1,2021-12-30 09:05:56
1640855156664189000,62.6,3,62.6,41,62.7,6,2,2021-12-30 09:05:56
1640855156697137000,62.6,1,62.6,40,62.7,6,2,2021-12-30 09:05:56
1640855159060884000,62.7,1,62.6,39,62.7,10,1,2021-12-30 09:05:59
1640855159173875000,62.6,10,62.6,29,62.7,10,2,2021-12-30 09:05:59
1640855159216908000,62.6,1,62.6,28,62.7,10,2,2021-12-30 09:05:59
1640855161223705000,62.7,10,62.6,29,62.7,2,1,2021-12-30 09:06:01
1640855161718585000,62.6,7,62.6,22,62.7,3,2,2021-12-30 09:06:01
1640855162038834000,62.7,1,62.6,22,62.7,9,1,2021-12-30 09:06:02
1640855162624546000,62.6,2,62.6,20,62.7,9,2,2021-12-30 09:06:02
1640855162849285000,62.7,1,62.6,20,62.7,8,1,2021-12-30 09:06:02
1640855164910205000,62.6,5,62.6,17,62.7,9,2,2021-12-30 09:06:04
1640855164940847000,62.6,17,62.5,108,62.7,9,2,2021-12-30 09:06:04
1640855165882974000,62.6,1,62.5,108,62.7,10,2,2021-12-30 09:06:05
1640855166973252000,62.7,10,62.5,115,62.8,40,1,2021-12-30 09:06:06
1640855172234295000,62.6,1,62.5,113,62.7,11,1,2021-12-30 09:06:12
1640855181295643000,62.6,2,62.6,15,62.7,20,2,2021-12-30 09:06:21
1640855181893874000,62.6,12,62.6,3,62.7,20,2,2021-12-30 09:06:21
1640855181960052000,62.6,1,62.6,1,62.7,20,2,2021-12-30 09:06:21
1640855181960077000,62.6,1,62.6,1,62.7,20,2,2021-12-30 09:06:21
1640855181985899000,62.6,1,62.5,108,62.7,20,2,2021-12-30 09:06:21
1640855182473623000,62.6,1,62.5,111,62.7,20,2,2021-12-30 09:06:22
1640855184032611000,62.5,2,62.5,109,62.6,1,2,2021-12-30 09:06:24
1640855184220885000,62.6,1,62.5,109,62.7,20,1,2021-12-30 09:06:24
1640855186719427000,62.6,1,62.5,109,62.6,13,1,2021-12-30 09:06:26
1640855187499501000,62.6,1,62.5,108,62.6,12,1,2021-12-30 09:06:27
1640855187527991000,62.5,1,62.5,107,62.6,12,2,2021-12-30 09:06:27
1640855187592374000,62.5,1,62.5,106,62.6,12,2,2021-12-30 09:06:27
1640855189768307000,62.6,1,62.5,108,62.6,20,1,2021-12-30 09:06:29
1640855191286333000,62.6,1,62.5,109,62.6,19,1,2021-12-30 09:06:31
1640855194020784000,62.6,1,62.5,105,62.6,18,1,2021-12-30 09:06:34
1640855194640407000,62.5,6,62.5,99,62.6,18,2,2021-12-30 09:06:34
1640855195532732000,62.6,1,62.5,98,62.6,18,1,2021-12-30 09:06:35
1640855195930153000,62.5,5,62.5,93,62.6,18,2,2021-12-30 09:06:35
1640855196759021000,62.6,1,62.5,93,62.6,17,1,2021-12-30 09:06:36
1640855196821769000,62.5,1,62.5,92,62.6,17,2,2021-12-30 09:06:36
1640855197478186000,62.5,20,62.5,74,62.6,17,2,2021-12-30 09:06:37
1640855197508663000,62.5,14,62.5,60,62.6,17,2,2021-12-30 09:06:37
1640855197513760000,62.5,1,62.5,59,62.6,17,2,2021-12-30 09:06:37
1640855197549404000,62.5,1,62.5,58,62.6,17,2,2021-12-30 09:06:37
1640855197710499000,62.5,2,62.5,56,62.6,17,2,2021-12-30 09:06:37
1640855198340450000,62.5,8,62.5,48,62.6,17,2,2021-12-30 09:06:38
1640855198499599000,62.5,2,62.5,46,62.6,17,2,2021-12-30 09:06:38
1640855198559036000,62.5,2,62.5,44,62.6,17,2,2021-12-30 09:06:38
1640855198573021000,62.5,2,62.5,42,62.6,17,2,2021-12-30 09:06:38
1640855198580136000,62.5,2,62.5,40,62.6,17,2,2021-12-30 09:06:38
1640855198973471000,62.5,2,62.5,38,62.6,17,2,2021-12-30 09:06:38
1640855199001687000,62.5,1,62.5,37,62.6,17,2,2021-12-30 09:06:39
1640855199003591000,62.5,1,62.5,36,62.6,17,2,2021-12-30 09:06:39
1640855199074336000,62.5,5,62.5,31,62.6,17,2,2021-12-30 09:06:39
1640855199103369000,62.5,1,62.5,30,62.6,17,2,2021-12-30 09:06:39
1640855199261532000,62.5,5,62.5,25,62.6,17,2,2021-12-30 09:06:39
1640855199296613000,62.5,1,62.5,24,62.6,17,2,2021-12-30 09:06:39
1640855199304781000,62.5,1,62.5,23,62.6,17,2,2021-12-30 09:06:39
1640855199334624000,62.5,14,62.5,9,62.6,17,2,2021-12-30 09:06:39
1640855199366523000,62.5,1,62.5,8,62.6,17,2,2021-12-30 09:06:39
1640855199367347000,62.5,1,62.5,7,62.6,17,2,2021-12-30 09:06:39
1640855199404748000,62.5,6,62.5,1,62.6,17,2,2021-12-30 09:06:39
1640855199414087000,62.5,1,62.4,65,62.6,17,2,2021-12-30 09:06:39
1640855199494393000,62.5,2,62.4,65,62.6,17,2,2021-12-30 09:06:39
1640855199930761000,62.4,1,62.4,64,62.5,1,2,2021-12-30 09:06:39
1640855200175984000,62.4,1,62.4,63,62.5,3,2,2021-12-30 09:06:40
1640855200335510000,62.4,10,62.4,53,62.5,6,2,2021-12-30 09:06:40
1640855200428861000,62.5,6,62.4,53,62.6,13,1,2021-12-30 09:06:40
1640855200428861000,62.6,4,62.4,53,62.6,13,1,2021-12-30 09:06:40
1640855200981861000,62.4,20,62.4,33,62.5,6,2,2021-12-30 09:06:40
1640855201002891000,62.4,1,62.4,32,62.5,6,2,2021-12-30 09:06:41
1640855201010355000,62.4,1,62.4,31,62.5,6,2,2021-12-30 09:06:41
1640855201177778000,62.4,20,62.4,11,62.5,6,2,2021-12-30 09:06:41
1640855201234729000,62.4,1,62.4,10,62.5,7,2,2021-12-30 09:06:41
1640855201486815000,62.5,1,62.4,10,62.5,6,1,2021-12-30 09:06:41
1640855204162845000,62.4,1,62.4,9,62.5,18,2,2021-12-30 09:06:44
1640855205381018000,62.5,3,62.4,9,62.5,15,1,2021-12-30 09:06:45
1640855205880810000,62.4,1,62.4,8,62.5,15,2,2021-12-30 09:06:45
1640855206291483000,62.4,2,62.4,6,62.5,15,2,2021-12-30 09:06:46
1640855207675259000,62.4,1,62.4,5,62.5,15,2,2021-12-30 09:06:47
1640855208749550000,62.4,1,62.4,4,62.5,15,2,2021-12-30 09:06:48
1640855208808379000,62.4,1,62.4,3,62.5,15,2,2021-12-30 09:06:48
1640855208971219000,62.4,1,62.4,17,62.5,15,2,2021-12-30 09:06:48
1640855209759909000,62.4,1,62.4,16,62.5,19,2,2021-12-30 09:06:49
1640855211005868000,62.4,1,62.4,20,62.5,19,2,2021-12-30 09:06:51
1640855211267980000,62.4,2,62.4,18,62.5,19,2,2021-12-30 09:06:51
1640855212030473000,62.4,1,62.4,17,62.5,19,2,2021-12-30 09:06:52
1640855212079595000,62.4,2,62.4,16,62.5,19,2,2021-12-30 09:06:52
1640855212252399000,62.5,1,62.4,16,62.5,18,1,2021-12-30 09:06:52
1640855212519660000,62.4,4,62.4,12,62.5,18,2,2021-12-30 09:06:52
1640855213416276000,62.4,5,62.4,8,62.5,10,2,2021-12-30 09:06:53
1640855213448419000,62.4,1,62.4,7,62.5,10,2,2021-12-30 09:06:53
1640855215365975000,62.4,1,62.4,8,62.5,10,2,2021-12-30 09:06:55
1640855215627015000,62.4,1,62.4,7,62.5,10,2,2021-12-30 09:06:55
1640855216299527000,62.5,1,62.4,7,62.5,14,1,2021-12-30 09:06:56
1640855217016491000,62.4,1,62.4,11,62.5,14,2,2021-12-30 09:06:57
1640855219259579000,62.4,1,62.4,11,62.5,16,2,2021-12-30 09:06:59
1640855219732155000,62.4,1,62.4,12,62.5,18,2,2021-12-30 09:06:59
1640855222302507000,62.5,13,62.4,14,62.5,6,1,2021-12-30 09:07:02
1640855225054089000,62.5,5,62.4,21,62.5,5,1,2021-12-30 09:07:05
1640855225286253000,62.5,5,62.4,21,62.6,7,1,2021-12-30 09:07:05
1640855226321749000,62.5,1,62.5,1,62.6,5,2,2021-12-30 09:07:06
1640855226905127000,62.5,1,62.5,13,62.6,5,2,2021-12-30 09:07:06
1640855227284218000,62.5,1,62.5,13,62.6,5,2,2021-12-30 09:07:07
1640855229073800000,62.5,1,62.5,12,62.6,5,2,2021-12-30 09:07:09
1640855230211413000,62.6,1,62.5,12,62.6,5,1,2021-12-30 09:07:10
1640855230405946000,62.5,5,62.5,7,62.6,5,2,2021-12-30 09:07:10
1640855230687887000,62.5,1,62.5,7,62.6,5,2,2021-12-30 09:07:10
1640855230728064000,62.6,2,62.5,8,62.6,3,1,2021-12-30 09:07:10
1640855231485138000,62.5,1,62.5,8,62.6,3,2,2021-12-30 09:07:11
1640855237079338000,62.6,8,62.5,17,62.7,14,1,2021-12-30 09:07:17
1640855241680810000,62.7,1,62.5,20,62.7,13,1,2021-12-30 09:07:21
1640855241702648000,62.7,13,62.5,20,62.8,41,1,2021-12-30 09:07:21
1640855242133220000,62.6,1,62.6,2,62.8,41,2,2021-12-30 09:07:22
1640855243323209000,62.8,5,62.7,5,62.8,36,1,2021-12-30 09:07:23
1640855243563119000,62.8,13,62.7,5,62.8,23,1,2021-12-30 09:07:23
1640855243586546000,62.8,23,62.7,5,62.9,73,1,2021-12-30 09:07:23
1640855244195926000,62.6,1,62.6,2,62.9,71,2,2021-12-30 09:07:24
1640855245858097000,62.9,1,62.6,2,62.9,70,1,2021-12-30 09:07:25
1640855246341503000,62.7,1,62.5,34,62.9,70,1,2021-12-30 09:07:26
1640855248269446000,62.6,5,62.6,2,62.8,3,2,2021-12-30 09:07:28
1640855250101042000,62.8,2,62.6,6,62.8,1,1,2021-12-30 09:07:30
1640855250802598000,62.8,1,62.6,7,62.9,71,1,2021-12-30 09:07:30
1640855253428317000,62.9,1,62.7,2,62.9,70,1,2021-12-30 09:07:33
1640855254925965000,62.9,1,62.7,6,62.9,69,1,2021-12-30 09:07:34
1640855255165209000,62.9,2,62.8,1,62.9,67,1,2021-12-30 09:07:35
1640855256886349000,62.8,1,62.8,3,62.9,67,2,2021-12-30 09:07:36
1640855256976258000,62.8,3,62.6,12,62.9,67,2,2021-12-30 09:07:36
1640855256976258000,62.7,4,62.6,12,62.9,67,2,2021-12-30 09:07:36
1640855258702742000,62.8,5,62.6,12,62.9,69,1,2021-12-30 09:07:38
1640855258798599000,62.9,40,62.6,12,62.9,29,1,2021-12-30 09:07:38
1640855258827713000,62.9,11,62.6,12,62.9,18,1,2021-12-30 09:07:38
1640855258858608000,62.9,2,62.6,12,62.9,16,1,2021-12-30 09:07:38
1640855258889144000,62.9,6,62.6,12,62.9,10,1,2021-12-30 09:07:38
1640855258920002000,62.9,6,62.6,12,62.9,4,1,2021-12-30 09:07:38
1640855258950623000,62.9,4,62.6,12,63.0,67,1,2021-12-30 09:07:38
1640855259059228000,62.9,2,62.7,7,62.9,1,1,2021-12-30 09:07:39
1640855259085991000,62.9,1,62.7,7,63.0,67,1,2021-12-30 09:07:39
1640855259844643000,63.0,7,62.8,1,63.0,60,1,2021-12-30 09:07:39
1640855260078506000,63.0,2,62.8,1,63.0,58,1,2021-12-30 09:07:40
1640855260193067000,62.8,1,62.8,2,63.0,58,2,2021-12-30 09:07:40
1640855261213009000,63.0,48,62.9,8,63.0,10,1,2021-12-30 09:07:41
1640855261243690000,63.0,10,62.9,8,63.1,15,1,2021-12-30 09:07:41
1640855262497667000,63.1,1,62.9,10,63.1,14,1,2021-12-30 09:07:42
1640855262532188000,63.1,8,62.9,10,63.1,6,1,2021-12-30 09:07:42
1640855262797294000,63.1,6,62.9,10,63.2,26,1,2021-12-30 09:07:42
1640855263140150000,63.2,3,63.0,3,63.2,23,1,2021-12-30 09:07:43
1640855265502445000,63.2,1,63.1,1,63.2,22,1,2021-12-30 09:07:45
1640855265632517000,63.2,1,63.1,3,63.2,21,1,2021-12-30 09:07:45
1640855265736258000,63.2,2,63.1,3,63.2,19,1,2021-12-30 09:07:45
1640855265871895000,63.2,1,63.1,3,63.2,18,1,2021-12-30 09:07:45
1640855266110669000,63.2,2,63.1,3,63.2,16,1,2021-12-30 09:07:46
1640855266416298000,63.2,1,63.1,1,63.2,15,1,2021-12-30 09:07:46
1640855266493719000,63.2,1,63.1,1,63.2,14,1,2021-12-30 09:07:46
1640855266494731000,63.2,2,63.1,1,63.2,12,1,2021-12-30 09:07:46
1640855266717671000,63.2,2,63.1,1,63.2,10,1,2021-12-30 09:07:46
1640855266735058000,63.1,1,63.0,2,63.2,10,2,2021-12-30 09:07:46
1640855266735058000,63.0,6,63.0,2,63.2,10,2,2021-12-30 09:07:46
1640855267073179000,63.1,1,63.0,4,63.2,10,1,2021-12-30 09:07:47
1640855267750591000,63.2,1,63.0,4,63.2,9,1,2021-12-30 09:07:47
1640855267938815000,63.0,1,63.0,3,63.2,9,2,2021-12-30 09:07:47
1640855268442223000,63.2,1,63.0,3,63.2,9,1,2021-12-30 09:07:48
1640855268640969000,63.2,1,63.0,3,63.2,8,1,2021-12-30 09:07:48
1640855269112807000,63.0,1,62.9,6,63.1,1,2,2021-12-30 09:07:49
1640855269948008000,63.1,1,62.9,6,63.1,1,1,2021-12-30 09:07:49
1640855270230066000,63.1,1,63.0,4,63.2,8,1,2021-12-30 09:07:50
1640855270898363000,63.2,1,63.0,4,63.2,7,1,2021-12-30 09:07:50
1640855272581515000,63.2,1,63.0,10,63.2,7,1,2021-12-30 09:07:52
1640855273059162000,63.1,1,63.0,10,63.1,1,1,2021-12-30 09:07:53
1640855273545091000,63.1,1,63.0,13,63.2,7,1,2021-12-30 09:07:53
1640855273820008000,63.0,1,63.0,12,63.2,7,2,2021-12-30 09:07:53
1640855273888191000,63.2,2,63.0,12,63.2,5,1,2021-12-30 09:07:53
1640855274427936000,63.2,1,63.0,12,63.2,9,1,2021-12-30 09:07:54
1640855275738952000,63.2,1,63.1,1,63.2,9,1,2021-12-30 09:07:55
1640855277159423000,63.2,2,63.1,2,63.2,12,1,2021-12-30 09:07:57
1640855277285782000,63.2,1,63.1,2,63.2,11,1,2021-12-30 09:07:57
1640855277853061000,63.2,1,63.1,2,63.2,10,1,2021-12-30 09:07:57
1640855277936197000,63.2,1,63.1,2,63.2,9,1,2021-12-30 09:07:57
1640855278393675000,63.2,1,63.1,2,63.2,8,1,2021-12-30 09:07:58
1640855278454058000,63.2,1,63.1,2,63.2,7,1,2021-12-30 09:07:58
1640855278961140000,63.2,1,63.1,7,63.2,8,1,2021-12-30 09:07:58
1640855279092178000,63.2,1,63.1,7,63.2,7,1,2021-12-30 09:07:59
1640855280221082000,63.2,8,63.2,2,63.3,33,1,2021-12-30 09:08:00
1640855280869968000,63.2,4,63.1,7,63.2,3,2,2021-12-30 09:08:00
1640855281205962000,63.2,1,63.1,7,63.2,2,1,2021-12-30 09:08:01
1640855282079088000,63.2,2,63.1,8,63.3,33,1,2021-12-30 09:08:02
1640855284226114000,63.2,4,63.1,9,63.2,2,2,2021-12-30 09:08:04
1640855284378543000,63.2,1,63.1,9,63.2,1,1,2021-12-30 09:08:04
1640855284525120000,63.2,1,63.1,9,63.2,6,1,2021-12-30 09:08:04
1640855284885046000,63.2,1,63.1,11,63.2,11,1,2021-12-30 09:08:04
1640855284988297000,63.2,1,63.1,11,63.2,10,1,2021-12-30 09:08:04
1640855285323637000,63.2,1,63.1,11,63.2,15,1,2021-12-30 09:08:05
1640855285508415000,63.2,6,63.1,11,63.2,16,1,2021-12-30 09:08:05
1640855286164183000,63.2,1,63.1,11,63.2,21,1,2021-12-30 09:08:06
1640855286382693000,63.2,1,63.1,11,63.2,20,1,2021-12-30 09:08:06
1640855286825093000,63.2,1,63.1,11,63.2,19,1,2021-12-30 09:08:06
1640855286994846000,63.2,2,63.1,11,63.2,17,1,2021-12-30 09:08:06
1640855287858446000,63.2,1,63.1,12,63.2,16,1,2021-12-30 09:08:07
1640855288394617000,63.2,2,63.1,13,63.2,15,1,2021-12-30 09:08:08
1640855289804297000,63.2,10,63.1,13,63.2,17,1,2021-12-30 09:08:09
1640855289873102000,63.2,1,63.1,13,63.2,16,1,2021-12-30 09:08:09
1640855290059159000,63.2,1,63.1,14,63.2,15,1,2021-12-30 09:08:10
1640855290061277000,63.2,1,63.1,14,63.2,14,1,2021-12-30 09:08:10
1640855290203728000,63.2,2,63.1,14,63.2,12,1,2021-12-30 09:08:10
1640855291006492000,63.2,1,63.1,14,63.2,11,1,2021-12-30 09:08:11
1640855291550219000,63.2,2,63.1,14,63.2,9,1,2021-12-30 09:08:11
1640855292586748000,63.2,3,63.1,14,63.2,6,1,2021-12-30 09:08:12
1640855292931317000,63.2,1,63.1,14,63.2,5,1,2021-12-30 09:08:12
1640855293685243000,63.2,1,63.1,14,63.2,10,1,2021-12-30 09:08:13
1640855294192183000,63.2,5,63.1,14,63.2,7,1,2021-12-30 09:08:14
1640855294309578000,63.1,2,63.1,12,63.2,7,2,2021-12-30 09:08:14
1640855294688451000,63.1,3,63.1,9,63.2,7,2,2021-12-30 09:08:14
1640855294967957000,63.2,3,63.1,9,63.2,5,1,2021-12-30 09:08:14
1640855295164399000,63.2,1,63.1,9,63.2,4,1,2021-12-30 09:08:15
1640855295387623000,63.2,1,63.1,9,63.2,3,1,2021-12-30 09:08:15
1640855296700503000,63.2,1,63.1,9,63.2,3,1,2021-12-30 09:08:16
1640855297436229000,63.2,3,63.2,7,63.3,69,1,2021-12-30 09:08:17
1640855297463371000,63.2,7,63.1,9,63.3,69,2,2021-12-30 09:08:17
1640855299188831000,63.2,1,63.2,8,63.3,70,2,2021-12-30 09:08:19
1640855299361057000,63.2,1,63.2,7,63.3,70,2,2021-12-30 09:08:19
1640855299408175000,63.2,1,63.2,6,63.3,70,2,2021-12-30 09:08:19
1640855300326189000,63.3,2,63.2,6,63.3,69,1,2021-12-30 09:08:20
1640855300378281000,63.3,1,63.2,6,63.3,68,1,2021-12-30 09:08:20
1640855300782588000,63.2,2,63.2,4,63.3,68,2,2021-12-30 09:08:20
1640855302255483000,63.2,3,63.2,6,63.3,68,2,2021-12-30 09:08:22
1640855302413709000,63.3,7,63.2,6,63.3,61,1,2021-12-30 09:08:22
1640855302484168000,63.2,2,63.2,4,63.3,61,2,2021-12-30 09:08:22
1640855302684119000,63.3,1,63.2,4,63.3,60,1,2021-12-30 09:08:22
1640855304436320000,63.2,1,63.2,3,63.3,60,2,2021-12-30 09:08:24
1640855305347294000,63.3,10,63.2,5,63.3,50,1,2021-12-30 09:08:25
1640855305496798000,63.2,1,63.2,4,63.3,50,2,2021-12-30 09:08:25
1640855305691312000,63.2,1,63.2,3,63.3,50,2,2021-12-30 09:08:25
1640855305997421000,63.2,3,63.0,6,63.3,50,2,2021-12-30 09:08:25
1640855305997421000,63.1,15,63.0,6,63.3,50,2,2021-12-30 09:08:25
1640855305997421000,63.0,32,63.0,6,63.3,50,2,2021-12-30 09:08:25
1640855306030517000,63.2,5,63.0,8,63.3,52,1,2021-12-30 09:08:26
1640855306216279000,63.2,3,63.0,9,63.2,1,1,2021-12-30 09:08:26
1640855306466596000,63.2,2,63.0,9,63.2,1,1,2021-12-30 09:08:26
1640855306824616000,63.2,1,63.0,9,63.2,1,1,2021-12-30 09:08:26
1640855307112244000,63.0,6,63.0,3,63.2,1,2,2021-12-30 09:08:27
1640855307142597000,63.0,1,62.9,10,63.2,1,2,2021-12-30 09:08:27
1640855307647893000,63.2,1,62.9,10,63.2,12,1,2021-12-30 09:08:27
1640855308191504000,63.2,1,62.9,10,63.2,11,1,2021-12-30 09:08:28
1640855309606495000,63.1,1,62.9,10,63.1,4,1,2021-12-30 09:08:29
1640855310221089000,63.1,1,62.9,10,63.1,3,1,2021-12-30 09:08:30
1640855311297708000,62.9,5,62.9,5,63.1,4,2,2021-12-30 09:08:31
1640855311324852000,62.9,5,62.8,3,63.1,4,2,2021-12-30 09:08:31
1640855311479369000,63.1,5,62.8,3,63.1,1,1,2021-12-30 09:08:31
1640855311656678000,63.1,1,62.8,3,63.1,3,1,2021-12-30 09:08:31
1640855311869919000,63.1,1,62.8,3,63.1,2,1,2021-12-30 09:08:31
1640855313639487000,63.0,1,62.9,10,63.0,4,2,2021-12-30 09:08:33
1640855314572857000,63.0,1,62.9,10,63.0,3,1,2021-12-30 09:08:34
1640855315088579000,63.0,1,62.9,10,63.0,5,1,2021-12-30 09:08:35
1640855315257730000,63.0,1,62.9,10,63.0,4,1,2021-12-30 09:08:35
1640855315534882000,63.0,4,62.9,10,63.1,3,1,2021-12-30 09:08:35
1640855315534882000,63.1,6,62.9,10,63.1,3,1,2021-12-30 09:08:35
1640855315976067000,63.1,1,62.9,10,63.1,2,1,2021-12-30 09:08:35
1640855316560602000,63.1,2,62.9,10,63.2,21,1,2021-12-30 09:08:36
1640855317077481000,63.2,1,62.9,10,63.2,20,1,2021-12-30 09:08:37
1640855317580930000,63.2,1,62.9,11,63.2,21,1,2021-12-30 09:08:37
1640855318307906000,63.0,1,62.9,2,63.2,21,2,2021-12-30 09:08:38
1640855318307906000,62.9,9,62.9,2,63.2,21,2,2021-12-30 09:08:38
1640855319263063000,63.1,1,63.0,11,63.1,2,1,2021-12-30 09:08:39
1640855319306709000,63.0,1,63.0,10,63.1,2,2,2021-12-30 09:08:39
1640855321923608000,63.0,10,62.9,2,63.1,7,2,2021-12-30 09:08:41
1640855324110292000,63.0,2,63.0,18,63.1,10,1,2021-12-30 09:08:44
1640855324114364000,63.0,1,63.0,17,63.1,10,2,2021-12-30 09:08:44
1640855324134345000,63.0,5,63.0,12,63.1,10,2,2021-12-30 09:08:44
1640855324316923000,63.0,1,63.0,11,63.1,10,2,2021-12-30 09:08:44
1640855324328792000,63.0,1,63.0,10,63.1,10,2,2021-12-30 09:08:44
1640855324351401000,63.0,10,62.9,2,63.1,8,2,2021-12-30 09:08:44
1640855325882383000,63.0,2,62.9,5,63.1,20,2,2021-12-30 09:08:45
1640855327655690000,63.0,10,62.9,5,63.1,36,1,2021-12-30 09:08:47
1640855328595733000,63.0,1,63.0,1,63.1,37,2,2021-12-30 09:08:48
1640855328833860000,63.0,2,62.9,9,63.1,37,2,2021-12-30 09:08:48
1640855330836298000,63.0,1,62.9,12,63.0,4,1,2021-12-30 09:08:50
1640855332595871000,63.0,2,62.9,24,63.0,4,1,2021-12-30 09:08:52
1640855332633655000,62.9,1,62.9,23,63.0,4,2,2021-12-30 09:08:52
1640855332809648000,63.0,2,62.9,23,63.0,2,1,2021-12-30 09:08:52
1640855332874680000,63.0,1,62.9,23,63.0,3,1,2021-12-30 09:08:52
1640855332977839000,63.0,2,62.9,23,63.0,1,1,2021-12-30 09:08:52
1640855334332480000,63.0,1,62.9,27,63.0,1,1,2021-12-30 09:08:54
1640855334361158000,63.0,1,63.0,1,63.1,42,1,2021-12-30 09:08:54
1640855334380900000,63.0,1,62.9,27,63.1,42,2,2021-12-30 09:08:54
1640855334722784000,63.0,2,62.9,27,63.1,42,1,2021-12-30 09:08:54
1640855334907496000,63.0,1,63.0,1,63.1,42,2,2021-12-30 09:08:54
1640855335278055000,63.0,8,62.9,27,63.0,2,2,2021-12-30 09:08:55
1640855335291262000,63.0,2,62.9,27,63.1,42,1,2021-12-30 09:08:55
1640855335435315000,63.0,1,62.9,27,63.1,42,1,2021-12-30 09:08:55
1640855336709405000,63.0,3,63.0,4,63.1,42,1,2021-12-30 09:08:56
1640855336732219000,63.0,4,62.9,27,63.0,1,2,2021-12-30 09:08:56
1640855337032806000,63.0,1,62.9,27,63.1,43,1,2021-12-30 09:08:57
1640855337228633000,63.0,1,62.9,27,63.1,43,1,2021-12-30 09:08:57
1640855337830865000,62.9,2,62.9,25,63.0,5,2,2021-12-30 09:08:57
1640855338431442000,63.0,3,62.9,27,63.0,2,1,2021-12-30 09:08:58
1640855339443768000,63.0,1,62.9,27,63.0,12,1,2021-12-30 09:08:59
1640855339476016000,63.0,1,62.9,27,63.0,11,1,2021-12-30 09:08:59
1640855341750709000,63.0,2,62.9,29,63.0,20,1,2021-12-30 09:09:01
1640855342120489000,63.0,2,62.9,29,63.0,23,1,2021-12-30 09:09:02
1640855344987743000,63.0,1,62.9,40,63.0,30,1,2021-12-30 09:09:04
1640855346829897000,62.9,1,62.9,43,63.0,33,2,2021-12-30 09:09:06
1640855349966434000,63.0,5,62.9,43,63.0,30,1,2021-12-30 09:09:09
1640855352776245000,62.9,1,62.9,43,63.0,31,2,2021-12-30 09:09:12
1640855352881409000,62.9,25,62.9,18,63.0,31,2,2021-12-30 09:09:12
1640855352910968000,62.9,1,62.9,17,63.0,31,2,2021-12-30 09:09:12
1640855352941967000,62.9,1,62.9,16,63.0,31,2,2021-12-30 09:09:12
1640855352943887000,62.9,1,62.9,15,63.0,31,2,2021-12-30 09:09:12
1640855352945199000,62.9,1,62.9,14,63.0,31,2,2021-12-30 09:09:12
1640855353510667000,63.0,1,62.9,14,63.0,30,1,2021-12-30 09:09:13
1640855353853513000,62.9,3,62.9,11,63.0,30,2,2021-12-30 09:09:13
1640855353868787000,62.9,6,62.9,5,63.0,30,2,2021-12-30 09:09:13
1640855354419120000,62.9,1,62.9,4,63.0,35,2,2021-12-30 09:09:14
1640855354653276000,62.9,2,62.9,2,63.0,36,2,2021-12-30 09:09:14
1640855354713815000,62.9,1,62.9,1,63.0,36,2,2021-12-30 09:09:14
1640855354817548000,62.9,1,62.8,13,63.0,36,2,2021-12-30 09:09:14
1640855354817548000,62.8,1,62.8,13,63.0,36,2,2021-12-30 09:09:14
1640855354912679000,62.8,2,62.8,11,62.9,1,2,2021-12-30 09:09:14
1640855354943699000,62.8,1,62.8,10,62.9,1,2,2021-12-30 09:09:14
1640855355005248000,62.9,1,62.9,9,63.0,46,1,2021-12-30 09:09:15
1640855355578307000,62.9,1,62.9,8,63.0,46,2,2021-12-30 09:09:15
1640855355759335000,62.9,8,62.8,10,62.9,2,2,2021-12-30 09:09:15
1640855355795307000,62.8,10,62.7,13,62.9,2,2,2021-12-30 09:09:15
1640855356381996000,62.9,1,62.7,11,62.9,2,1,2021-12-30 09:09:16
1640855357946155000,62.9,2,62.7,11,62.9,10,1,2021-12-30 09:09:17
1640855358278309000,62.9,1,62.7,11,62.9,9,1,2021-12-30 09:09:18
1640855359110207000,62.9,5,62.7,11,62.9,13,1,2021-12-30 09:09:19
1640855360667404000,62.8,2,62.8,1,62.9,15,2,2021-12-30 09:09:20
1640855361631857000,62.8,3,62.7,11,62.8,2,2,2021-12-30 09:09:21
1640855361745439000,62.8,1,62.7,11,62.8,1,1,2021-12-30 09:09:21
1640855361750206000,62.8,1,62.7,11,62.9,8,1,2021-12-30 09:09:21
1640855361750206000,62.9,9,62.7,11,62.9,8,1,2021-12-30 09:09:21
1640855362399362000,62.9,2,62.8,1,62.9,6,1,2021-12-30 09:09:22
1640855364251067000,62.8,1,62.8,3,62.9,8,2,2021-12-30 09:09:24
1640855364304071000,62.8,1,62.8,2,62.9,8,2,2021-12-30 09:09:24
1640855365012387000,62.9,2,62.8,2,62.9,6,1,2021-12-30 09:09:25
1640855367118382000,62.8,1,62.8,2,62.9,5,2,2021-12-30 09:09:27
1640855368889349000,62.8,1,62.8,3,62.9,6,2,2021-12-30 09:09:28
1640855370666134000,62.9,5,62.8,5,62.9,9,1,2021-12-30 09:09:30
1640855370771767000,62.8,1,62.8,4,62.9,9,2,2021-12-30 09:09:30
1640855373681287000,62.8,1,62.8,10,62.9,23,2,2021-12-30 09:09:33
1640855374435202000,62.8,1,62.8,10,62.9,24,2,2021-12-30 09:09:34
1640855374569296000,62.8,3,62.8,7,62.9,24,2,2021-12-30 09:09:34
1640855375954541000,62.8,9,62.7,16,62.8,1,2,2021-12-30 09:09:35
1640855376796055000,62.8,2,62.7,16,63.0,69,1,2021-12-30 09:09:36
1640855376796055000,62.9,25,62.7,16,63.0,69,1,2021-12-30 09:09:36
1640855376796055000,63.0,3,62.7,16,63.0,69,1,2021-12-30 09:09:36
1640855377096594000,62.8,1,62.7,18,63.0,69,1,2021-12-30 09:09:37
1640855377943119000,62.9,1,62.9,2,63.0,70,2,2021-12-30 09:09:37
1640855378349953000,62.9,1,62.9,1,63.0,70,2,2021-12-30 09:09:38
1640855378453068000,62.9,1,62.8,2,62.9,4,2,2021-12-30 09:09:38
1640855384499675000,62.9,1,62.8,4,62.9,9,1,2021-12-30 09:09:44
1640855384639796000,62.9,1,62.8,4,62.9,9,1,2021-12-30 09:09:44
1640855387736667000,62.8,3,62.8,2,62.9,10,2,2021-12-30 09:09:47
1640855387833848000,62.8,2,62.7,13,62.9,10,2,2021-12-30 09:09:47
1640855387833848000,62.7,4,62.7,13,62.9,10,2,2021-12-30 09:09:47
1640855388658623000,62.7,3,62.7,8,62.8,1,2,2021-12-30 09:09:48
1640855389465754000,62.8,1,62.8,1,62.9,15,1,2021-12-30 09:09:49
1640855389989543000,62.8,1,62.7,8,62.8,9,2,2021-12-30 09:09:49
1640855397724977000,62.7,1,62.7,7,62.8,10,2,2021-12-30 09:09:57
1640855399580813000,62.7,1,62.7,6,62.8,9,2,2021-12-30 09:09:59
1640855400842621000,62.7,5,62.7,3,62.8,9,2,2021-12-30 09:10:00
1640855401641171000,62.7,1,62.7,2,62.8,10,2,2021-12-30 09:10:01
1640855402975875000,62.7,1,62.7,1,62.8,11,2,2021-12-30 09:10:02
1640855403038918000,62.7,1,62.6,37,62.8,11,2,2021-12-30 09:10:03
1640855403503085000,62.8,2,62.6,37,62.8,9,1,2021-12-30 09:10:03
1640855403886651000,62.8,2,62.6,37,62.8,7,1,2021-12-30 09:10:03
1640855406324811000,62.6,2,62.6,33,62.7,4,2,2021-12-30 09:10:06
1640855408395868000,62.6,1,62.6,32,62.7,5,2,2021-12-30 09:10:08
1640855412027300000,62.6,1,62.6,32,62.7,7,2,2021-12-30 09:10:12
1640855413973612000,62.6,3,62.6,30,62.7,7,2,2021-12-30 09:10:13
1640855421053023000,62.6,5,62.6,28,62.7,12,2,2021-12-30 09:10:21
1640855421099238000,62.6,1,62.6,27,62.7,12,2,2021-12-30 09:10:21
1640855425329433000,62.7,1,62.6,27,62.7,14,1,2021-12-30 09:10:25
1640855428309002000,62.7,1,62.6,28,62.7,11,1,2021-12-30 09:10:28
1640855429223715000,62.7,11,62.6,29,62.8,12,1,2021-12-30 09:10:29
1640855429449556000,62.7,3,62.7,1,62.8,12,2,2021-12-30 09:10:29
1640855429486341000,62.7,1,62.6,29,62.8,12,2,2021-12-30 09:10:29
1640855432681123000,62.7,1,62.7,2,62.8,17,2,2021-12-30 09:10:32
1640855440523347000,62.7,5,62.7,3,62.8,17,2,2021-12-30 09:10:40
1640855444079109000,62.7,1,62.7,4,62.8,17,2,2021-12-30 09:10:44
1640855444312392000,62.7,3,62.7,1,62.8,17,2,2021-12-30 09:10:44
1640855445544297000,62.7,1,62.7,1,62.8,17,2,2021-12-30 09:10:45
1640855447261529000,62.7,1,62.6,27,62.8,17,2,2021-12-30 09:10:47
1640855448624684000,62.7,1,62.7,2,62.8,17,1,2021-12-30 09:10:48
1640855448970814000,62.7,1,62.7,1,62.8,17,2,2021-12-30 09:10:48
1640855458204531000,62.7,1,62.7,8,62.8,16,2,2021-12-30 09:10:58
1640855458319202000,62.7,1,62.7,7,62.8,16,2,2021-12-30 09:10:58
1640855462686055000,62.7,1,62.7,7,62.8,16,2,2021-12-30 09:11:02
1640855463064097000,62.7,2,62.7,5,62.8,16,2,2021-12-30 09:11:03
1640855463926934000,62.7,5,62.6,28,62.7,5,2,2021-12-30 09:11:03
1640855466164500000,62.6,7,62.6,23,62.7,5,2,2021-12-30 09:11:06
1640855467537627000,62.7,1,62.6,23,62.7,5,1,2021-12-30 09:11:07
1640855469876093000,62.6,1,62.6,22,62.7,5,2,2021-12-30 09:11:09
1640855471320089000,62.6,1,62.6,22,62.7,5,2,2021-12-30 09:11:11
1640855472252377000,62.6,24,62.5,96,62.6,1,2,2021-12-30 09:11:12
1640855472314377000,62.5,1,62.5,93,62.6,2,2,2021-12-30 09:11:12
1640855472899403000,62.6,2,62.5,93,62.7,5,1,2021-12-30 09:11:12
1640855473435278000,62.5,1,62.5,92,62.7,6,2,2021-12-30 09:11:13
1640855475754913000,62.5,1,62.5,90,62.7,9,2,2021-12-30 09:11:15
1640855476750578000,62.5,5,62.5,83,62.6,2,2,2021-12-30 09:11:16
1640855477196598000,62.6,2,62.5,83,62.7,10,1,2021-12-30 09:11:17
1640855480347184000,62.7,1,62.5,86,62.7,10,1,2021-12-30 09:11:20
1640855480517790000,62.5,10,62.5,76,62.7,10,2,2021-12-30 09:11:20
1640855482591494000,62.5,1,62.5,76,62.6,2,2,2021-12-30 09:11:22
1640855483149204000,62.6,1,62.5,76,62.6,1,1,2021-12-30 09:11:23
1640855485008629000,62.5,1,62.5,75,62.6,3,2,2021-12-30 09:11:25
1640855485303043000,62.6,1,62.5,75,62.6,2,1,2021-12-30 09:11:25
1640855485602875000,62.5,1,62.5,74,62.6,2,2,2021-12-30 09:11:25
1640855487378839000,62.5,2,62.5,71,62.6,3,2,2021-12-30 09:11:27
1640855493403924000,62.5,1,62.5,70,62.6,5,2,2021-12-30 09:11:33
1640855493950388000,62.5,1,62.5,68,62.6,5,2,2021-12-30 09:11:33
1640855494343372000,62.6,1,62.5,69,62.6,4,1,2021-12-30 09:11:34
1640855494497416000,62.5,1,62.5,68,62.6,4,2,2021-12-30 09:11:34
1640855495547743000,62.5,4,62.5,64,62.6,4,2,2021-12-30 09:11:35
1640855496075688000,62.6,1,62.5,64,62.6,3,1,2021-12-30 09:11:36
1640855499833432000,62.5,10,62.5,54,62.6,7,2,2021-12-30 09:11:39
1640855503742274000,62.6,5,62.5,53,62.6,5,1,2021-12-30 09:11:43
1640855504479571000,62.5,2,62.5,51,62.6,5,2,2021-12-30 09:11:44
1640855506060269000,62.6,5,62.5,51,62.6,1,1,2021-12-30 09:11:46
1640855506221815000,62.5,13,62.5,38,62.6,1,2,2021-12-30 09:11:46
1640855506681754000,62.6,1,62.6,1,62.7,14,1,2021-12-30 09:11:46
1640855507821256000,62.7,1,62.6,1,62.7,13,1,2021-12-30 09:11:47
1640855508711518000,62.6,2,62.6,3,62.7,13,2,2021-12-30 09:11:48
1640855509853947000,62.6,1,62.6,5,62.7,13,2,2021-12-30 09:11:49
1640855510817560000,62.6,1,62.6,4,62.7,13,2,2021-12-30 09:11:50
1640855511241564000,62.6,5,62.5,33,62.7,13,2,2021-12-30 09:11:51
1640855511241564000,62.5,2,62.5,33,62.7,13,2,2021-12-30 09:11:51
1640855512361781000,62.6,1,62.6,1,62.7,13,2,2021-12-30 09:11:52
1640855514531310000,62.6,1,62.6,3,62.7,13,2,2021-12-30 09:11:54
1640855515741147000,62.7,1,62.6,3,62.7,12,1,2021-12-30 09:11:55
1640855515917597000,62.6,1,62.6,2,62.7,12,2,2021-12-30 09:11:55
1640855516266585000,62.6,2,62.5,33,62.6,8,2,2021-12-30 09:11:56
1640855519947304000,62.6,1,62.5,36,62.6,7,1,2021-12-30 09:11:59
1640855521952944000,62.6,2,62.5,41,62.6,5,1,2021-12-30 09:12:01
1640855521982242000,62.6,5,62.5,41,62.7,12,1,2021-12-30 09:12:01
1640855525110318000,62.6,1,62.6,1,62.7,12,1,2021-12-30 09:12:05
1640855526360465000,62.6,1,62.6,5,62.7,12,2,2021-12-30 09:12:06
1640855529008546000,62.6,2,62.6,4,62.7,12,2,2021-12-30 09:12:09
1640855529288975000,62.6,4,62.5,45,62.6,1,2,2021-12-30 09:12:09
1640855532701202000,62.6,1,62.5,45,62.6,2,1,2021-12-30 09:12:12
1640855532731899000,62.6,2,62.5,45,62.7,12,1,2021-12-30 09:12:12
1640855538592330000,62.6,2,62.5,47,62.6,39,1,2021-12-30 09:12:18
1640855544316737000,62.5,1,62.5,47,62.6,39,2,2021-12-30 09:12:24
1640855544630150000,62.5,1,62.5,46,62.6,39,2,2021-12-30 09:12:24
1640855545410563000,62.6,1,62.5,47,62.6,38,1,2021-12-30 09:12:25
1640855549448918000,62.5,1,62.5,46,62.6,39,2,2021-12-30 09:12:29
1640855550586358000,62.5,2,62.5,44,62.6,39,2,2021-12-30 09:12:30
1640855550740585000,62.6,1,62.5,44,62.6,38,1,2021-12-30 09:12:30
1640855557013165000,62.5,1,62.5,46,62.6,41,2,2021-12-30 09:12:37
1640855560463462000,62.6,1,62.5,47,62.6,40,1,2021-12-30 09:12:40
1640855565884402000,62.5,50,62.4,101,62.5,18,2,2021-12-30 09:12:45
1640855565902850000,62.4,1,62.4,100,62.5,18,2,2021-12-30 09:12:45
1640855565903767000,62.4,1,62.4,98,62.5,18,2,2021-12-30 09:12:45
1640855565903998000,62.4,1,62.4,98,62.5,18,2,2021-12-30 09:12:45
1640855565956084000,62.4,1,62.4,97,62.5,18,2,2021-12-30 09:12:45
1640855566384856000,62.4,2,62.4,95,62.5,18,2,2021-12-30 09:12:46
1640855566390975000,62.5,1,62.4,95,62.5,17,1,2021-12-30 09:12:46
1640855568515621000,62.4,2,62.4,93,62.5,18,2,2021-12-30 09:12:48
1640855568692162000,62.4,1,62.4,92,62.5,18,2,2021-12-30 09:12:48
1640855572973977000,62.4,2,62.4,92,62.5,18,2,2021-12-30 09:12:52
1640855576235048000,62.4,1,62.4,88,62.5,18,2,2021-12-30 09:12:56
1640855578603100000,62.4,4,62.4,85,62.5,19,2,2021-12-30 09:12:58
1640855581004019000,62.4,3,62.4,42,62.5,19,2,2021-12-30 09:13:01
1640855581131269000,62.5,1,62.4,42,62.5,18,1,2021-12-30 09:13:01
1640855581455384000,62.4,1,62.4,41,62.5,18,2,2021-12-30 09:13:01
1640855581625593000,62.4,5,62.4,36,62.5,18,2,2021-12-30 09:13:01
1640855582433145000,62.4,36,62.3,53,62.5,18,2,2021-12-30 09:13:02
1640855585673304000,62.4,1,62.3,53,62.4,16,1,2021-12-30 09:13:05
1640855586548869000,62.3,2,62.3,51,62.4,17,2,2021-12-30 09:13:06
1640855586869551000,62.3,1,62.3,50,62.4,18,2,2021-12-30 09:13:06
1640855587186422000,62.3,5,62.3,45,62.4,18,2,2021-12-30 09:13:07
1640855588162909000,62.3,3,62.3,42,62.4,18,2,2021-12-30 09:13:08
1640855589028509000,62.3,1,62.3,41,62.4,19,2,2021-12-30 09:13:09
1640855590091832000,62.3,2,62.3,39,62.4,22,2,2021-12-30 09:13:10
1640855590705107000,62.3,1,62.3,38,62.4,22,2,2021-12-30 09:13:10
1640855590812205000,62.3,1,62.3,36,62.4,22,2,2021-12-30 09:13:10
1640855591001378000,62.3,5,62.3,31,62.4,22,2,2021-12-30 09:13:11
1640855591042715000,62.3,10,62.3,21,62.4,22,2,2021-12-30 09:13:11
1640855591066592000,62.3,2,62.3,19,62.4,22,2,2021-12-30 09:13:11
1640855591069503000,62.3,1,62.3,18,62.4,22,2,2021-12-30 09:13:11
1640855591070397000,62.3,1,62.3,17,62.4,22,2,2021-12-30 09:13:11
1640855591089319000,62.3,1,62.3,16,62.4,22,2,2021-12-30 09:13:11
1640855591094227000,62.3,1,62.3,14,62.4,22,2,2021-12-30 09:13:11
1640855591094455000,62.3,1,62.3,14,62.4,22,2,2021-12-30 09:13:11
1640855591111656000,62.3,1,62.3,13,62.4,22,2,2021-12-30 09:13:11
1640855591140156000,62.3,4,62.3,9,62.4,22,2,2021-12-30 09:13:11
1640855591322814000,62.3,1,62.3,9,62.4,21,2,2021-12-30 09:13:11
1640855591372588000,62.3,2,62.3,7,62.4,21,2,2021-12-30 09:13:11
1640855591487706000,62.3,4,62.3,3,62.4,21,2,2021-12-30 09:13:11
1640855592301479000,62.3,3,62.2,83,62.4,21,2,2021-12-30 09:13:12
1640855592310683000,62.2,1,62.2,82,62.4,21,2,2021-12-30 09:13:12
1640855592344983000,62.3,2,62.2,82,62.4,23,1,2021-12-30 09:13:12
1640855592350937000,62.2,15,62.2,67,62.4,23,2,2021-12-30 09:13:12
1640855593275650000,62.2,1,62.2,66,62.3,4,2,2021-12-30 09:13:13
1640855593351476000,62.3,3,62.2,66,62.3,2,1,2021-12-30 09:13:13
1640855593572795000,62.2,1,62.2,65,62.3,3,2,2021-12-30 09:13:13
1640855593613306000,62.2,1,62.2,64,62.3,3,2,2021-12-30 09:13:13
1640855594249600000,62.2,1,62.2,60,62.3,7,2,2021-12-30 09:13:14
1640855594709271000,62.2,2,62.2,58,62.3,7,2,2021-12-30 09:13:14
1640855595886862000,62.2,2,62.2,56,62.3,12,2,2021-12-30 09:13:15
1640855595942535000,62.3,5,62.2,56,62.3,7,1,2021-12-30 09:13:15
1640855596125880000,62.2,1,62.2,54,62.3,7,2,2021-12-30 09:13:16
1640855597809011000,62.3,1,62.2,55,62.3,11,1,2021-12-30 09:13:17
1640855598104162000,62.3,1,62.2,55,62.3,10,1,2021-12-30 09:13:18
1640855598129062000,62.2,1,62.2,54,62.3,10,2,2021-12-30 09:13:18
1640855598167549000,62.2,2,62.2,52,62.3,10,2,2021-12-30 09:13:18
1640855598856455000,62.2,1,62.2,51,62.3,10,2,2021-12-30 09:13:18
1640855598948003000,62.2,1,62.2,50,62.3,10,2,2021-12-30 09:13:18
1640855599838232000,62.2,1,62.2,52,62.3,11,2,2021-12-30 09:13:19
1640855599918404000,62.2,6,62.2,46,62.3,12,2,2021-12-30 09:13:19
1640855600424462000,62.2,1,62.2,45,62.3,12,2,2021-12-30 09:13:20
1640855600831601000,62.2,1,62.2,44,62.3,12,2,2021-12-30 09:13:20
1640855600917011000,62.2,1,62.2,43,62.3,12,2,2021-12-30 09:13:20
1640855601105459000,62.2,16,62.2,27,62.3,12,2,2021-12-30 09:13:21
1640855601140116000,62.2,1,62.2,26,62.3,12,2,2021-12-30 09:13:21
1640855601164965000,62.2,1,62.2,25,62.3,12,2,2021-12-30 09:13:21
1640855601678890000,62.2,1,62.2,25,62.3,12,2,2021-12-30 09:13:21
1640855601704699000,62.2,1,62.2,24,62.3,12,2,2021-12-30 09:13:21
1640855601836499000,62.2,1,62.2,23,62.3,12,2,2021-12-30 09:13:21
1640855602463700000,62.2,5,62.2,21,62.3,22,2,2021-12-30 09:13:22
1640855603532626000,62.2,2,62.2,19,62.3,23,2,2021-12-30 09:13:23
1640855604237542000,62.2,1,62.2,18,62.3,23,2,2021-12-30 09:13:24
1640855604357294000,62.2,7,62.2,11,62.3,23,2,2021-12-30 09:13:24
1640855605569731000,62.2,9,62.2,3,62.3,23,2,2021-12-30 09:13:25
1640855605691808000,62.2,2,62.2,1,62.3,23,2,2021-12-30 09:13:25
1640855606072947000,62.2,1,62.1,95,62.2,9,2,2021-12-30 09:13:26
1640855607103056000,62.2,19,62.2,37,62.3,23,1,2021-12-30 09:13:27
1640855607992014000,62.2,5,62.2,32,62.3,23,2,2021-12-30 09:13:27
1640855608003390000,62.2,2,62.2,30,62.3,23,2,2021-12-30 09:13:28
1640855608021945000,62.2,1,62.2,29,62.3,23,2,2021-12-30 09:13:28
1640855608794855000,62.2,1,62.2,30,62.3,25,2,2021-12-30 09:13:28
1640855609535801000,62.3,2,62.2,30,62.3,23,1,2021-12-30 09:13:29
1640855610337878000,62.2,3,62.2,27,62.3,23,2,2021-12-30 09:13:30
1640855610677865000,62.2,1,62.2,27,62.3,23,2,2021-12-30 09:13:30
1640855610968130000,62.3,2,62.2,27,62.3,21,1,2021-12-30 09:13:30
1640855611000331000,62.3,21,62.2,27,62.4,45,1,2021-12-30 09:13:31
1640855612368338000,62.2,3,62.2,30,62.4,43,2,2021-12-30 09:13:32
1640855615065244000,62.3,9,62.2,31,62.3,1,2,2021-12-30 09:13:35
1640855615093599000,62.3,1,62.2,31,62.4,43,1,2021-12-30 09:13:35
1640855615245781000,62.4,2,62.2,31,62.4,41,1,2021-12-30 09:13:35
1640855615451208000,62.3,1,62.3,1,62.4,41,1,2021-12-30 09:13:35
1640855618298628000,62.3,1,62.3,2,62.4,51,2,2021-12-30 09:13:38
1640855619046625000,62.4,1,62.3,2,62.4,50,1,2021-12-30 09:13:39
1640855619319351000,62.3,1,62.3,2,62.4,50,2,2021-12-30 09:13:39
1640855619413728000,62.4,1,62.3,2,62.4,49,1,2021-12-30 09:13:39
1640855620813683000,62.4,2,62.3,6,62.4,47,1,2021-12-30 09:13:40
1640855620840284000,62.4,19,62.3,6,62.4,28,1,2021-12-30 09:13:40
1640855620870402000,62.4,15,62.3,6,62.4,13,1,2021-12-30 09:13:40
1640855620900712000,62.4,6,62.3,6,62.4,1,1,2021-12-30 09:13:40
1640855620900750000,62.4,6,62.3,6,62.4,1,1,2021-12-30 09:13:40
1640855620901545000,62.4,1,62.3,6,62.5,6,1,2021-12-30 09:13:40
1640855621449257000,62.3,5,62.3,15,62.5,6,2,2021-12-30 09:13:41
1640855621917302000,62.3,2,62.3,13,62.5,7,2,2021-12-30 09:13:41
1640855622128198000,62.4,2,62.3,15,62.5,7,2,2021-12-30 09:13:42
1640855622206820000,62.4,1,62.4,1,62.5,7,2,2021-12-30 09:13:42
1640855622576006000,62.3,1,62.3,12,62.5,7,2,2021-12-30 09:13:42
1640855622666922000,62.5,1,62.3,12,62.5,6,1,2021-12-30 09:13:42
1640855622893169000,62.5,1,62.3,12,62.5,25,1,2021-12-30 09:13:42
1640855624413228000,62.4,1,62.3,17,62.4,9,1,2021-12-30 09:13:44
1640855626522162000,62.3,20,62.3,3,62.4,9,2,2021-12-30 09:13:46
1640855629593485000,62.3,6,62.2,54,62.3,14,2,2021-12-30 09:13:49
1640855629795132000,62.3,1,62.2,54,62.3,13,1,2021-12-30 09:13:49
1640855633481980000,62.3,1,62.2,57,62.3,13,1,2021-12-30 09:13:53
1640855633511191000,62.2,1,62.2,56,62.3,13,2,2021-12-30 09:13:53
1640855633924420000,62.2,1,62.2,55,62.3,13,2,2021-12-30 09:13:53
1640855640643422000,62.3,1,62.2,58,62.3,16,1,2021-12-30 09:14:00
1640855640845897000,62.2,5,62.2,53,62.3,16,2,2021-12-30 09:14:00
1640855640880910000,62.2,1,62.2,52,62.3,16,2,2021-12-30 09:14:00
1640855641672683000,62.2,1,62.2,56,62.3,21,2,2021-12-30 09:14:01
1640855642448232000,62.2,4,62.2,59,62.3,21,2,2021-12-30 09:14:02
1640855642588769000,62.2,1,62.2,58,62.3,21,2,2021-12-30 09:14:02
1640855642919880000,62.2,1,62.2,57,62.3,21,2,2021-12-30 09:14:02
1640855643104729000,62.2,1,62.2,56,62.3,21,2,2021-12-30 09:14:03
1640855644236551000,62.2,1,62.2,55,62.3,21,2,2021-12-30 09:14:04
1640855644247356000,62.2,3,62.2,52,62.3,33,2,2021-12-30 09:14:04
1640855644288261000,62.2,1,62.2,51,62.3,33,2,2021-12-30 09:14:04
1640855644425885000,62.2,20,62.2,31,62.3,33,2,2021-12-30 09:14:04
1640855644434610000,62.2,3,62.2,28,62.3,33,2,2021-12-30 09:14:04
1640855644458369000,62.2,7,62.2,21,62.3,33,2,2021-12-30 09:14:04
1640855644496620000,62.2,1,62.2,20,62.3,33,2,2021-12-30 09:14:04
1640855644529987000,62.2,3,62.2,17,62.3,33,2,2021-12-30 09:14:04
1640855644661153000,62.2,2,62.2,15,62.3,33,2,2021-12-30 09:14:04
1640855644693953000,62.2,2,62.2,13,62.3,33,2,2021-12-30 09:14:04
1640855645448812000,62.2,5,62.2,8,62.3,33,2,2021-12-30 09:14:05
1640855645481903000,62.2,2,62.2,6,62.3,33,2,2021-12-30 09:14:05
1640855645506684000,62.2,1,62.2,5,62.3,33,2,2021-12-30 09:14:05
1640855645543405000,62.2,1,62.2,4,62.3,33,2,2021-12-30 09:14:05
1640855645682842000,62.2,2,62.2,2,62.3,33,2,2021-12-30 09:14:05
1640855645719311000,62.2,1,62.2,1,62.3,33,2,2021-12-30 09:14:05
1640855645909901000,62.2,1,62.1,97,62.2,49,2,2021-12-30 09:14:05
1640855645993851000,62.2,1,62.1,97,62.2,48,1,2021-12-30 09:14:05
1640855646185939000,62.2,1,62.1,97,62.2,47,1,2021-12-30 09:14:06
1640855646350625000,62.2,1,62.1,97,62.2,46,1,2021-12-30 09:14:06
1640855647063043000,62.2,1,62.1,97,62.2,50,1,2021-12-30 09:14:07
1640855647803438000,62.1,1,62.1,96,62.2,51,2,2021-12-30 09:14:07
1640855647844490000,62.1,1,62.1,95,62.2,51,2,2021-12-30 09:14:07
1640855647862447000,62.2,1,62.1,95,62.2,50,1,2021-12-30 09:14:07
1640855650734016000,62.1,1,62.1,95,62.2,51,2,2021-12-30 09:14:10
1640855651487036000,62.2,5,62.1,95,62.2,47,1,2021-12-30 09:14:11
1640855653298702000,62.1,1,62.1,95,62.2,47,2,2021-12-30 09:14:13
1640855653853136000,62.1,2,62.1,993,62.2,47,2,2021-12-30 09:14:13
1640855653904381000,62.2,9,62.1,1293,62.2,38,1,2021-12-30 09:14:13
1640855654070139000,62.2,3,62.1,1593,62.2,35,1,2021-12-30 09:14:14
1640855654798832000,62.2,1,62.1,1593,62.2,34,1,2021-12-30 09:14:14
1640855654832085000,62.2,5,62.1,1593,62.2,29,1,2021-12-30 09:14:14
1640855655032962000,62.2,5,62.1,1593,62.2,24,1,2021-12-30 09:14:15
1640855655251994000,62.2,1,62.1,1593,62.2,23,1,2021-12-30 09:14:15
1640855655576133000,62.2,2,62.1,1594,62.2,21,1,2021-12-30 09:14:15
1640855655608410000,62.2,2,62.1,1594,62.2,19,1,2021-12-30 09:14:15
1640855655836066000,62.2,5,62.1,1594,62.2,14,1,2021-12-30 09:14:15
1640855655841568000,62.2,1,62.1,1594,62.2,13,1,2021-12-30 09:14:15
1640855655864409000,62.2,1,62.1,1594,62.2,12,1,2021-12-30 09:14:15
1640855656532399000,62.1,1,62.1,1598,62.2,12,2,2021-12-30 09:14:16
1640855656563959000,62.1,1,62.1,1597,62.2,12,2,2021-12-30 09:14:16
1640855656902527000,62.1,1,62.1,1596,62.2,12,2,2021-12-30 09:14:16
1640855657068368000,62.2,12,62.2,8,62.3,32,1,2021-12-30 09:14:17
1640855657387851000,62.2,1,62.2,8,62.3,32,2,2021-12-30 09:14:17
1640855657391324000,62.2,1,62.2,7,62.3,32,2,2021-12-30 09:14:17
1640855657418467000,62.2,2,62.2,5,62.3,32,2,2021-12-30 09:14:17
1640855657543741000,62.2,1,62.2,4,62.3,32,2,2021-12-30 09:14:17
1640855658614430000,62.3,2,62.2,4,62.3,30,1,2021-12-30 09:14:18
1640855659650725000,62.2,1,62.2,6,62.3,30,2,2021-12-30 09:14:19
1640855660013324000,62.2,2,62.2,6,62.3,30,2,2021-12-30 09:14:20
1640855661032518000,62.2,2,62.2,6,62.3,30,2,2021-12-30 09:14:21
1640855661400268000,62.3,10,62.2,6,62.3,20,1,2021-12-30 09:14:21
1640855661446397000,62.2,6,62.1,96,62.2,6,2,2021-12-30 09:14:21
1640855662049008000,62.1,2,62.1,94,62.2,56,2,2021-12-30 09:14:22
1640855662091342000,62.2,1,62.1,94,62.2,55,1,2021-12-30 09:14:22
1640855662120492000,62.2,7,62.1,94,62.2,48,1,2021-12-30 09:14:22
1640855662626038000,62.2,1,62.1,96,62.2,50,1,2021-12-30 09:14:22
1640855663412551000,62.2,5,62.1,96,62.2,45,1,2021-12-30 09:14:23
1640855663488465000,62.1,3,62.1,93,62.2,45,2,2021-12-30 09:14:23
1640855663525603000,62.1,1,62.1,92,62.2,45,2,2021-12-30 09:14:23
1640855663775303000,62.1,3,62.1,89,62.2,46,2,2021-12-30 09:14:23
1640855663934259000,62.1,3,62.1,86,62.2,46,2,2021-12-30 09:14:23
1640855664004959000,62.2,4,62.1,86,62.2,42,1,2021-12-30 09:14:24
1640855664409187000,62.1,10,62.1,76,62.2,42,2,2021-12-30 09:14:24
1640855664829506000,62.2,1,62.1,76,62.2,42,1,2021-12-30 09:14:24
1640855665315840000,62.1,5,62.1,71,62.2,42,2,2021-12-30 09:14:25
1640855665982617000,62.2,1,62.1,71,62.2,42,1,2021-12-30 09:14:25
1640855666191734000,62.2,1,62.1,71,62.2,41,1,2021-12-30 09:14:26
1640855668680293000,62.2,1,62.1,71,62.2,45,1,2021-12-30 09:14:28
1640855668814508000,62.1,2,62.1,69,62.2,45,2,2021-12-30 09:14:28
1640855669363560000,62.1,1,62.1,68,62.2,45,2,2021-12-30 09:14:29
1640855669629292000,62.1,2,62.1,66,62.2,45,2,2021-12-30 09:14:29
1640855670437161000,62.2,1,62.1,66,62.2,49,1,2021-12-30 09:14:30
1640855670698180000,62.2,2,62.1,66,62.2,47,1,2021-12-30 09:14:30
1640855673167406000,62.2,1,62.1,69,62.2,52,1,2021-12-30 09:14:33
1640855673684899000,62.2,1,62.1,69,62.2,52,1,2021-12-30 09:14:33
1640855675197114000,62.1,70,61.9,16,62.0,47,2,2021-12-30 09:14:35
1640855675197114000,62.0,183,61.9,16,62.0,47,2,2021-12-30 09:14:35
1640855675228802000,61.9,1,61.9,17,62.0,47,2,2021-12-30 09:14:35
1640855675229448000,61.9,1,61.9,16,62.0,47,2,2021-12-30 09:14:35
1640855675230919000,61.9,1,61.9,15,62.0,47,2,2021-12-30 09:14:35
1640855675236177000,61.9,1,61.9,14,62.0,47,2,2021-12-30 09:14:35
1640855675251490000,61.9,1,61.9,13,62.0,47,2,2021-12-30 09:14:35
1640855675278161000,61.9,13,61.8,15,62.0,47,2,2021-12-30 09:14:35
1640855675318414000,61.8,2,61.8,13,61.9,5,2,2021-12-30 09:14:35
1640855675355751000,61.9,1,61.8,13,61.9,4,1,2021-12-30 09:14:35
1640855675416979000,61.8,5,61.8,8,61.9,4,2,2021-12-30 09:14:35
1640855675427845000,61.8,1,61.8,7,61.9,4,2,2021-12-30 09:14:35
1640855675432459000,61.8,2,61.8,5,61.9,4,2,2021-12-30 09:14:35
1640855675452419000,61.8,5,61.7,23,61.9,4,2,2021-12-30 09:14:35
1640855675698675000,61.9,1,61.7,23,61.9,4,1,2021-12-30 09:14:35
1640855679925372000,61.7,10,61.7,14,61.8,5,2,2021-12-30 09:14:39
1640855680337017000,61.7,1,61.7,13,61.8,5,2,2021-12-30 09:14:40
1640855681925237000,61.7,16,61.6,21,61.8,14,2,2021-12-30 09:14:41
1640855681925237000,61.6,34,61.6,21,61.8,14,2,2021-12-30 09:14:41
1640855682286110000,61.7,3,61.6,21,61.8,14,1,2021-12-30 09:14:42
1640855682333251000,61.6,1,61.6,20,61.8,14,2,2021-12-30 09:14:42
1640855683032535000,61.6,1,61.6,18,61.7,2,2,2021-12-30 09:14:43
1640855684578166000,61.7,2,61.6,18,61.7,2,1,2021-12-30 09:14:44
1640855684634838000,61.6,2,61.6,16,61.7,2,2,2021-12-30 09:14:44
1640855684797715000,61.6,3,61.6,13,61.7,2,2,2021-12-30 09:14:44
1640855684861378000,61.6,1,61.6,12,61.7,2,2,2021-12-30 09:14:44
1640855684901793000,61.6,1,61.6,11,61.7,2,2,2021-12-30 09:14:44
1640855686034586000,61.6,8,61.6,3,61.7,8,2,2021-12-30 09:14:46
1640855686064449000,61.6,3,61.5,47,61.7,8,2,2021-12-30 09:14:46
1640855686111472000,61.7,1,61.5,47,61.7,7,1,2021-12-30 09:14:46
1640855686287011000,61.5,1,61.5,46,61.7,7,2,2021-12-30 09:14:46
1640855686924134000,61.6,1,61.5,46,61.6,5,1,2021-12-30 09:14:46
1640855687442423000,61.5,2,61.5,44,61.6,5,2,2021-12-30 09:14:47
1640855687872324000,61.6,1,61.5,46,61.6,10,1,2021-12-30 09:14:47
