ts,close,volume,bid_price,bid_volume,ask_price,ask_volume,tick_type,datetime
1640854808970702000,85.2,281,85.0,11,85.2,9,0,2021-12-30 09:00:08
1640854809075398000,85.0,11,84.7,2,85.2,13,2,2021-12-30 09:00:09
1640854810315309000,84.7,2,84.6,1,84.9,71,2,2021-12-30 09:00:10
1640854810914560000,84.9,1,84.6,1,84.9,70,1,2021-12-30 09:00:10
1640854811684603000,84.9,1,84.6,1,84.9,69,1,2021-12-30 09:00:11
1640854813164768000,84.9,1,84.6,1,84.9,68,1,2021-12-30 09:00:13
1640854813706107000,84.9,1,84.6,1,84.9,67,1,2021-12-30 09:00:13
1640854815615960000,84.8,1,84.6,1,84.9,67,1,2021-12-30 09:00:15
1640854819963995000,84.8,1,84.6,2,84.9,67,2,2021-12-30 09:00:19
1640854820905739000,84.9,1,84.6,2,84.9,66,1,2021-12-30 09:00:20
1640854825356614000,84.8,1,84.7,1,84.8,2,1,2021-12-30 09:00:25
1640854825393144000,84.7,1,84.6,2,84.8,2,2,2021-12-30 09:00:25
1640854825965290000,84.8,1,84.6,2,84.8,1,1,2021-12-30 09:00:25
1640854826112439000,84.8,1,84.6,2,84.9,67,1,2021-12-30 09:00:26
1640854827575489000,84.8,1,84.8,9,84.9,67,2,2021-12-30 09:00:27
1640854828035953000,84.9,1,84.8,9,84.9,66,1,2021-12-30 09:00:28
1640854828441493000,84.9,1,84.8,9,84.9,65,1,2021-12-30 09:00:28
1640854831108050000,84.8,6,84.8,3,84.9,65,2,2021-12-30 09:00:31
1640854831577018000,84.8,3,84.7,1,84.9,65,2,2021-12-30 09:00:31
1640854832225646000,84.9,1,84.7,1,84.9,64,1,2021-12-30 09:00:32
1640854833331249000,84.9,3,84.7,6,84.9,65,1,2021-12-30 09:00:33
1640854834552549000,84.8,3,84.7,6,84.9,72,2,2021-12-30 09:00:34
1640854835786259000,84.7,1,84.7,6,84.9,73,2,2021-12-30 09:00:35
1640854839472435000,84.8,1,84.7,7,84.9,73,2,2021-12-30 09:00:39
1640854839613408000,84.9,1,84.7,7,84.9,72,1,2021-12-30 09:00:39
1640854840847682000,84.9,3,84.8,1,84.9,69,1,2021-12-30 09:00:40
1640854844403496000,84.9,2,84.8,2,84.9,67,1,2021-12-30 09:00:44
1640854845585863000,84.9,1,84.8,2,84.9,66,1,2021-12-30 09:00:45
1640854846004272000,84.8,3,84.7,7,84.9,66,2,2021-12-30 09:00:46
1640854848605473000,84.8,1,84.7,7,84.9,67,2,2021-12-30 09:00:48
1640854849976770000,84.9,1,84.7,7,84.9,66,1,2021-12-30 09:00:49
1640854850209192000,84.7,7,84.6,3,84.8,1,2,2021-12-30 09:00:50
1640854850326469000,84.8,1,84.6,3,84.9,65,1,2021-12-30 09:00:50
1640854854090889000,84.7,1,84.7,2,84.9,65,2,2021-12-30 09:00:54
1640854855851216000,84.8,1,84.7,2,84.9,65,2,2021-12-30 09:00:55
1640854859259869000,84.8,1,84.7,2,84.9,64,2,2021-12-30 09:00:59
1640854860005090000,84.7,1,84.7,1,84.9,64,2,2021-12-30 09:01:00
1640854861680953000,84.9,5,84.7,1,84.9,59,1,2021-12-30 09:01:01
1640854861721038000,84.7,1,84.6,3,84.9,59,2,2021-12-30 09:01:01
1640854864978586000,84.7,1,84.6,3,84.8,2,2,2021-12-30 09:01:04
1640854865010573000,84.6,3,84.5,8,84.8,2,2,2021-12-30 09:01:05
1640854867263358000,84.7,1,84.5,8,84.8,4,1,2021-12-30 09:01:07
1640854869154869000,84.7,1,84.5,8,84.8,6,2,2021-12-30 09:01:09
1640854873117100000,84.6,1,84.5,8,84.7,4,2,2021-12-30 09:01:13
1640854876568183000,84.6,2,84.5,7,84.7,5,2,2021-12-30 09:01:16
1640854876604015000,84.5,7,84.4,1,84.7,5,2,2021-12-30 09:01:16
1640854877084211000,84.6,1,84.4,3,84.7,5,2,2021-12-30 09:01:17
1640854877496017000,84.4,3,84.3,1,84.7,5,2,2021-12-30 09:01:17
1640854877496017000,84.3,2,84.3,1,84.7,5,2,2021-12-30 09:01:17
1640854878937972000,84.3,1,84.2,2,84.6,3,2,2021-12-30 09:01:18
1640854878937972000,84.2,1,84.2,2,84.6,3,2,2021-12-30 09:01:18
1640854880909324000,84.2,1,84.2,1,84.6,3,2,2021-12-30 09:01:20
1640854881458458000,84.2,1,84.1,4,84.5,20,2,2021-12-30 09:01:21
1640854881948094000,84.1,1,84.1,3,84.4,2,2,2021-12-30 09:01:21
1640854882358121000,84.4,2,84.3,1,84.5,17,1,2021-12-30 09:01:22
1640854882358121000,84.5,3,84.3,1,84.5,17,1,2021-12-30 09:01:22
1640854886492002000,84.3,1,84.1,3,84.3,2,2,2021-12-30 09:01:26
1640854889720810000,84.3,1,84.2,1,84.4,2,1,2021-12-30 09:01:29
1640854889720899000,84.3,1,84.2,1,84.4,2,1,2021-12-30 09:01:29
1640854889720899000,84.4,1,84.2,1,84.4,2,1,2021-12-30 09:01:29
1640854894523046000,84.2,2,84.1,3,84.3,3,2,2021-12-30 09:01:34
1640854895297979000,84.2,1,84.1,3,84.3,3,1,2021-12-30 09:01:35
1640854895787392000,84.2,1,84.1,3,84.3,2,1,2021-12-30 09:01:35
1640854895787392000,84.3,1,84.1,3,84.3,2,1,2021-12-30 09:01:35
1640854897407134000,84.1,3,83.9,5,84.0,30,2,2021-12-30 09:01:37
1640854897407134000,84.0,7,83.9,5,84.0,30,2,2021-12-30 09:01:37
1640854897450334000,83.9,1,83.9,4,84.0,30,2,2021-12-30 09:01:37
1640854897451527000,83.9,1,83.9,3,84.0,30,2,2021-12-30 09:01:37
1640854897458037000,83.9,1,83.9,2,84.0,30,2,2021-12-30 09:01:37
1640854897474734000,83.9,1,83.9,1,84.0,30,2,2021-12-30 09:01:37
1640854897480703000,83.9,1,83.8,3,84.0,30,2,2021-12-30 09:01:37
1640854897523677000,83.8,1,83.8,4,84.0,30,2,2021-12-30 09:01:37
1640854897561705000,84.0,1,83.8,4,84.0,29,1,2021-12-30 09:01:37
1640854897970903000,83.9,1,83.8,4,83.9,2,1,2021-12-30 09:01:37
1640854902439094000,84.0,3,83.8,7,84.0,26,1,2021-12-30 09:01:42
1640854905212802000,83.8,1,83.8,10,84.0,27,2,2021-12-30 09:01:45
1640854905752919000,83.8,2,83.8,8,84.0,27,2,2021-12-30 09:01:45
1640854905811012000,83.9,1,83.8,7,84.0,27,1,2021-12-30 09:01:45
1640854908496475000,83.9,1,83.8,7,84.0,27,2,2021-12-30 09:01:48
1640854910713290000,84.0,2,83.9,1,84.0,25,1,2021-12-30 09:01:50
1640854910962771000,83.9,1,83.8,7,84.0,25,2,2021-12-30 09:01:50
1640854912330847000,84.0,5,83.8,9,84.0,20,1,2021-12-30 09:01:52
1640854915096864000,84.0,20,83.9,1,84.2,2,1,2021-12-30 09:01:55
1640854915103750000,83.9,1,83.8,9,84.2,2,2,2021-12-30 09:01:55
1640854915722154000,84.0,2,83.8,10,84.1,1,2,2021-12-30 09:01:55
1640854918155482000,84.1,1,84.0,10,84.2,4,1,2021-12-30 09:01:58
1640854919192162000,84.0,1,84.0,10,84.2,2,2,2021-12-30 09:01:59
1640854920294122000,84.2,2,84.0,16,84.3,3,1,2021-12-30 09:02:00
1640854921452390000,84.1,1,84.0,12,84.3,3,2,2021-12-30 09:02:01
1640854921452390000,84.0,8,84.0,12,84.3,3,2,2021-12-30 09:02:01
1640854922620771000,84.3,3,84.3,2,84.4,4,1,2021-12-30 09:02:02
1640854922844924000,84.3,2,84.0,12,84.4,4,2,2021-12-30 09:02:02
1640854923863686000,84.4,1,84.0,12,84.4,3,1,2021-12-30 09:02:03
1640854924422112000,84.0,1,84.0,11,84.4,3,2,2021-12-30 09:02:04
1640854924785672000,84.3,1,84.0,11,84.4,3,1,2021-12-30 09:02:04
1640854928174956000,84.4,3,84.2,1,84.5,11,1,2021-12-30 09:02:08
1640854928174956000,84.5,7,84.2,1,84.5,11,1,2021-12-30 09:02:08
1640854929168961000,84.2,1,84.1,1,84.5,13,2,2021-12-30 09:02:09
1640854929405118000,84.3,1,84.1,3,84.5,15,2,2021-12-30 09:02:09
1640854930488774000,84.3,2,84.1,3,84.5,15,2,2021-12-30 09:02:10
1640854931668666000,84.3,2,84.1,4,84.5,15,2,2021-12-30 09:02:11
1640854939986269000,84.3,2,84.3,12,84.4,2,2,2021-12-30 09:02:19
1640854940000893000,84.3,1,84.3,11,84.4,2,2,2021-12-30 09:02:20
1640854940051148000,84.3,11,84.2,1,84.4,2,2,2021-12-30 09:02:20
1640854946604482000,84.3,1,84.2,2,84.4,7,1,2021-12-30 09:02:26
1640854951094157000,84.4,5,84.3,5,84.4,1,1,2021-12-30 09:02:31
1640854951121843000,84.4,1,84.3,5,84.5,12,1,2021-12-30 09:02:31
1640854951330602000,84.3,5,84.1,10,84.4,1,2,2021-12-30 09:02:31
1640854951330602000,84.2,5,84.1,10,84.4,1,2,2021-12-30 09:02:31
1640854959112016000,84.2,1,84.1,9,84.4,4,1,2021-12-30 09:02:39
1640854959112016000,84.3,4,84.1,9,84.4,4,1,2021-12-30 09:02:39
1640854964772146000,84.2,2,84.1,10,84.3,4,2,2021-12-30 09:02:44
1640854968141572000,84.3,1,84.1,10,84.3,5,1,2021-12-30 09:02:48
1640854973937195000,84.2,1,84.2,1,84.3,7,2,2021-12-30 09:02:53
1640854974070624000,84.3,2,84.2,1,84.3,5,1,2021-12-30 09:02:54
1640854976792273000,84.2,1,84.2,1,84.3,5,2,2021-12-30 09:02:56
1640854977945651000,84.3,1,84.2,3,84.3,4,1,2021-12-30 09:02:57
1640854978199736000,84.3,2,84.2,3,84.3,2,1,2021-12-30 09:02:58
1640854982583474000,84.3,1,84.2,6,84.3,2,1,2021-12-30 09:03:02
1640854987228718000,84.3,2,84.2,6,84.3,1,1,2021-12-30 09:03:07
1640854988212407000,84.3,1,84.2,6,84.3,1,1,2021-12-30 09:03:08
1640854988884095000,84.3,1,84.2,6,84.4,10,1,2021-12-30 09:03:08
1640854991599607000,84.3,1,84.2,8,84.3,1,2,2021-12-30 09:03:11
1640854994048931000,84.2,1,84.2,7,84.3,1,2,2021-12-30 09:03:14
1640854995332754000,84.3,1,84.2,7,84.4,15,1,2021-12-30 09:03:15
1640854998235448000,84.3,2,84.2,7,84.4,15,1,2021-12-30 09:03:18
1640855000200353000,84.3,1,84.2,8,84.4,17,2,2021-12-30 09:03:20
1640855000200353000,84.2,1,84.2,8,84.4,17,2,2021-12-30 09:03:20
1640855001871605000,84.3,1,84.2,9,84.4,17,2,2021-12-30 09:03:21
1640855005860941000,84.3,1,84.2,10,84.4,16,1,2021-12-30 09:03:25
1640855016532497000,84.3,8,84.2,8,84.3,2,2,2021-12-30 09:03:36
1640855016571523000,84.2,1,84.2,7,84.3,2,2,2021-12-30 09:03:36
1640855016825297000,84.3,1,84.2,7,84.3,1,1,2021-12-30 09:03:36
1640855018554168000,84.3,1,84.2,9,84.4,16,1,2021-12-30 09:03:38
1640855031048958000,84.3,1,84.2,12,84.4,16,2,2021-12-30 09:03:51
1640855031692713000,84.3,5,84.2,12,84.4,16,2,2021-12-30 09:03:51
1640855034459895000,84.3,1,84.2,13,84.4,16,2,2021-12-30 09:03:54
1640855038877179000,84.3,1,84.2,13,84.4,16,1,2021-12-30 09:03:58
1640855041060851000,84.2,5,84.2,9,84.3,2,2,2021-12-30 09:04:01
1640855041932153000,84.2,1,84.2,9,84.3,2,2,2021-12-30 09:04:01
1640855044458004000,84.3,1,84.2,9,84.3,1,1,2021-12-30 09:04:04
1640855047830823000,84.3,1,84.2,9,84.4,14,1,2021-12-30 09:04:07
1640855051245376000,84.3,1,84.2,9,84.4,15,1,2021-12-30 09:04:11
1640855056595643000,84.3,1,84.2,21,84.3,1,1,2021-12-30 09:04:16
1640855060743203000,84.3,1,84.2,21,84.4,15,1,2021-12-30 09:04:20
1640855065490653000,84.2,1,84.2,20,84.4,17,2,2021-12-30 09:04:25
1640855070903227000,84.3,2,84.3,7,84.4,18,2,2021-12-30 09:04:30
1640855078088068000,84.3,1,84.3,6,84.4,18,2,2021-12-30 09:04:38
1640855082581886000,84.3,3,84.3,3,84.4,18,2,2021-12-30 09:04:42
1640855087991298000,84.4,2,84.3,4,84.4,14,1,2021-12-30 09:04:47
1640855089064730000,84.3,1,84.3,3,84.4,14,2,2021-12-30 09:04:49
1640855097490191000,84.4,1,84.3,13,84.4,13,1,2021-12-30 09:04:57
1640855104706089000,84.4,1,84.3,14,84.4,12,1,2021-12-30 09:05:04
1640855105241999000,84.3,4,84.3,10,84.4,12,2,2021-12-30 09:05:05
1640855109696261000,84.4,1,84.3,10,84.4,12,1,2021-12-30 09:05:09
1640855120150409000,84.3,1,84.3,14,84.4,16,2,2021-12-30 09:05:20
1640855120150429000,84.3,1,84.3,14,84.4,16,2,2021-12-30 09:05:20
1640855124146023000,84.3,2,84.3,12,84.4,18,2,2021-12-30 09:05:24
1640855126451598000,84.3,2,84.3,10,84.4,23,2,2021-12-30 09:05:26
1640855129584608000,84.4,1,84.3,15,84.4,24,1,2021-12-30 09:05:29
1640855132366108000,84.3,3,84.3,12,84.4,20,2,2021-12-30 09:05:32
1640855132701155000,84.3,1,84.3,11,84.4,20,2,2021-12-30 09:05:32
1640855136400848000,84.4,1,84.3,16,84.4,22,1,2021-12-30 09:05:36
1640855136881840000,84.3,3,84.3,13,84.4,22,2,2021-12-30 09:05:36
1640855139855315000,84.4,1,84.3,16,84.4,21,1,2021-12-30 09:05:39
1640855146978993000,84.4,1,84.3,19,84.4,20,1,2021-12-30 09:05:46
1640855148927686000,84.4,1,84.3,20,84.4,19,1,2021-12-30 09:05:48
1640855153188830000,84.4,1,84.3,21,84.4,20,1,2021-12-30 09:05:53
1640855156541538000,84.4,1,84.3,21,84.4,19,1,2021-12-30 09:05:56
1640855156663130000,84.4,19,84.4,1,84.5,15,1,2021-12-30 09:05:56
1640855158215022000,84.5,1,84.4,1,84.5,15,1,2021-12-30 09:05:58
1640855158313861000,84.5,1,84.4,1,84.5,14,1,2021-12-30 09:05:58
1640855160792883000,84.5,2,84.4,1,84.5,12,1,2021-12-30 09:06:00
1640855160832302000,84.5,12,84.4,1,84.6,4,1,2021-12-30 09:06:00
1640855163244471000,84.6,4,84.6,1,84.7,2,1,2021-12-30 09:06:03
1640855164100260000,84.7,1,84.6,1,84.7,1,1,2021-12-30 09:06:04
1640855164132957000,84.7,1,84.6,1,84.8,4,1,2021-12-30 09:06:04
1640855167007026000,84.8,1,84.6,1,84.8,4,1,2021-12-30 09:06:07
1640855173832173000,84.7,1,84.6,2,84.8,6,2,2021-12-30 09:06:13
1640855174169050000,84.8,1,84.6,2,84.8,5,1,2021-12-30 09:06:14
1640855174232025000,84.8,1,84.6,2,84.8,4,1,2021-12-30 09:06:14
1640855176104279000,84.8,1,84.6,2,84.8,2,1,2021-12-30 09:06:16
1640855179339574000,84.8,1,84.6,3,84.8,2,1,2021-12-30 09:06:19
1640855184439961000,84.7,1,84.6,3,84.7,8,1,2021-12-30 09:06:24
1640855184942692000,84.6,1,84.6,2,84.7,8,2,2021-12-30 09:06:24
1640855184983853000,84.6,2,84.5,4,84.7,8,2,2021-12-30 09:06:24
1640855186073939000,84.7,1,84.5,4,84.7,7,1,2021-12-30 09:06:26
1640855186286663000,84.6,1,84.5,4,84.7,7,1,2021-12-30 09:06:26
1640855187043935000,84.7,1,84.5,5,84.7,6,1,2021-12-30 09:06:27
1640855189488999000,84.7,6,84.5,5,84.8,1,1,2021-12-30 09:06:29
1640855189488999000,84.8,4,84.5,5,84.8,1,1,2021-12-30 09:06:29
1640855193334280000,84.8,1,84.5,5,84.8,1,1,2021-12-30 09:06:33
1640855194434266000,84.8,1,84.5,5,84.9,53,1,2021-12-30 09:06:34
1640855200561339000,84.8,1,84.5,7,84.8,1,1,2021-12-30 09:06:40
1640855206330356000,84.8,1,84.6,2,84.8,1,1,2021-12-30 09:06:46
1640855209320312000,84.8,2,84.6,8,84.9,53,1,2021-12-30 09:06:49
1640855216425672000,84.8,3,84.7,5,84.9,53,2,2021-12-30 09:06:56
1640855219289124000,84.8,1,84.7,5,84.9,53,1,2021-12-30 09:06:59
1640855223137134000,84.8,1,84.8,1,84.9,53,2,2021-12-30 09:07:03
1640855223153837000,84.8,1,84.7,5,84.9,53,2,2021-12-30 09:07:03
1640855226489679000,84.8,1,84.7,15,84.9,53,1,2021-12-30 09:07:06
1640855229541724000,84.8,1,84.8,12,84.9,53,2,2021-12-30 09:07:09
1640855243741134000,84.9,5,84.8,19,84.9,48,1,2021-12-30 09:07:23
1640855248305128000,84.9,2,84.8,19,84.9,46,1,2021-12-30 09:07:28
1640855253362988000,84.9,45,84.8,20,84.9,1,1,2021-12-30 09:07:33
1640855253390974000,84.9,1,84.8,20,85.0,15,1,2021-12-30 09:07:33
1640855253391090000,85.0,15,84.8,20,85.1,3,1,2021-12-30 09:07:33
1640855254531817000,85.1,3,84.8,22,85.2,9,1,2021-12-30 09:07:34
1640855254531817000,85.2,7,84.8,22,85.2,9,1,2021-12-30 09:07:34
1640855255203349000,85.2,1,84.8,22,85.2,8,1,2021-12-30 09:07:35
1640855257394336000,85.2,1,84.8,22,85.2,7,1,2021-12-30 09:07:37
1640855258358785000,85.0,1,84.9,2,85.1,1,1,2021-12-30 09:07:38
1640855258425483000,85.1,1,84.9,2,85.2,8,1,2021-12-30 09:07:38
1640855259893939000,85.2,1,84.9,2,85.2,7,1,2021-12-30 09:07:39
1640855260118886000,85.2,1,84.9,2,85.2,6,1,2021-12-30 09:07:40
1640855267414142000,85.2,2,85.1,1,85.2,1,1,2021-12-30 09:07:47
1640855267715261000,85.2,1,85.1,1,85.3,6,1,2021-12-30 09:07:47
1640855273189274000,85.2,1,85.2,1,85.3,6,2,2021-12-30 09:07:53
1640855273705832000,85.3,3,85.2,2,85.3,3,1,2021-12-30 09:07:53
1640855274554111000,85.3,1,85.2,2,85.3,2,1,2021-12-30 09:07:54
1640855274640789000,85.2,2,85.1,2,85.3,2,2,2021-12-30 09:07:54
1640855274901003000,85.3,1,85.1,2,85.3,1,1,2021-12-30 09:07:54
1640855276794747000,85.3,1,85.2,3,85.4,4,1,2021-12-30 09:07:56
1640855276794747000,85.4,9,85.2,3,85.4,4,1,2021-12-30 09:07:56
1640855280047141000,85.4,1,85.3,33,85.4,3,1,2021-12-30 09:08:00
1640855280580189000,85.4,1,85.3,33,85.4,2,1,2021-12-30 09:08:00
1640855280832343000,85.4,2,85.4,28,85.5,23,1,2021-12-30 09:08:00
1640855283371101000,85.5,1,85.4,33,85.5,22,1,2021-12-30 09:08:03
1640855284680604000,85.5,1,85.4,33,85.5,21,1,2021-12-30 09:08:04
1640855284726384000,85.5,1,85.4,33,85.5,20,1,2021-12-30 09:08:04
1640855284730193000,85.5,1,85.4,33,85.5,19,1,2021-12-30 09:08:04
1640855284758429000,85.5,5,85.4,33,85.5,14,1,2021-12-30 09:08:04
1640855285288612000,85.5,1,85.4,34,85.5,13,1,2021-12-30 09:08:05
1640855285685309000,85.5,1,85.4,35,85.5,12,1,2021-12-30 09:08:05
1640855286090859000,85.5,3,85.4,36,85.5,9,1,2021-12-30 09:08:06
1640855286394438000,85.5,1,85.4,36,85.5,8,1,2021-12-30 09:08:06
1640855286545494000,85.5,1,85.4,36,85.5,7,1,2021-12-30 09:08:06
1640855286819774000,85.4,2,85.4,34,85.5,7,2,2021-12-30 09:08:06
1640855287421954000,85.5,1,85.4,40,85.5,6,1,2021-12-30 09:08:07
1640855287562394000,85.5,1,85.4,40,85.5,5,1,2021-12-30 09:08:07
1640855287844866000,85.5,5,85.4,41,85.6,23,1,2021-12-30 09:08:07
1640855288916793000,85.6,1,85.5,1,85.6,22,1,2021-12-30 09:08:08
1640855289818956000,85.6,1,85.5,7,85.6,21,1,2021-12-30 09:08:09
1640855290034300000,85.6,6,85.5,38,85.6,15,1,2021-12-30 09:08:10
1640855290225099000,85.6,1,85.5,41,85.6,14,1,2021-12-30 09:08:10
1640855291483388000,85.5,1,85.5,40,85.6,14,2,2021-12-30 09:08:11
1640855291837247000,85.6,14,85.5,40,85.7,18,1,2021-12-30 09:08:11
1640855291837247000,85.7,6,85.5,40,85.7,18,1,2021-12-30 09:08:11
1640855292134241000,85.7,5,85.6,1,85.7,13,1,2021-12-30 09:08:12
1640855292826543000,85.7,5,85.6,1,85.7,8,1,2021-12-30 09:08:12
1640855292869410000,85.7,1,85.6,1,85.7,7,1,2021-12-30 09:08:12
1640855293166024000,85.7,1,85.6,2,85.7,6,1,2021-12-30 09:08:13
1640855293852411000,85.7,1,85.6,33,85.7,5,1,2021-12-30 09:08:13
1640855294227368000,85.7,1,85.6,36,85.7,4,1,2021-12-30 09:08:14
1640855295330238000,85.6,1,85.6,36,85.7,4,2,2021-12-30 09:08:15
1640855296085897000,85.7,4,85.6,36,85.8,25,1,2021-12-30 09:08:16
1640855296085897000,85.8,1,85.6,36,85.8,25,1,2021-12-30 09:08:16
1640855297906710000,85.8,1,85.7,23,85.8,24,1,2021-12-30 09:08:17
1640855298506042000,85.8,1,85.7,25,85.8,23,1,2021-12-30 09:08:18
1640855299887998000,85.8,1,85.7,26,85.8,22,1,2021-12-30 09:08:19
1640855300354993000,85.8,10,85.7,26,85.8,12,1,2021-12-30 09:08:20
1640855301119768000,85.7,2,85.7,45,85.8,12,2,2021-12-30 09:08:21
1640855301537962000,85.8,1,85.7,45,85.8,11,1,2021-12-30 09:08:21
1640855301547917000,85.8,1,85.7,45,85.8,10,1,2021-12-30 09:08:21
1640855301851253000,85.7,45,85.6,36,85.8,10,2,2021-12-30 09:08:21
1640855301851253000,85.6,5,85.6,36,85.8,10,2,2021-12-30 09:08:21
1640855301952687000,85.7,1,85.6,36,85.8,10,1,2021-12-30 09:08:21
1640855302093599000,85.8,5,85.6,36,85.8,5,1,2021-12-30 09:08:22
1640855302191790000,85.8,1,85.6,35,85.8,4,1,2021-12-30 09:08:22
1640855302539178000,85.8,2,85.6,35,85.8,2,1,2021-12-30 09:08:22
1640855302970048000,85.6,35,85.5,42,85.6,15,2,2021-12-30 09:08:22
1640855302995760000,85.5,1,85.5,40,85.6,15,2,2021-12-30 09:08:22
1640855302995780000,85.5,1,85.5,40,85.6,15,2,2021-12-30 09:08:22
1640855302996356000,85.5,1,85.5,39,85.6,15,2,2021-12-30 09:08:22
1640855302998006000,85.5,1,85.5,38,85.6,15,2,2021-12-30 09:08:22
1640855303009216000,85.5,1,85.5,37,85.6,15,2,2021-12-30 09:08:23
1640855303019700000,85.5,1,85.5,36,85.6,15,2,2021-12-30 09:08:23
1640855303022607000,85.5,3,85.5,33,85.6,15,2,2021-12-30 09:08:23
1640855303060121000,85.5,1,85.5,32,85.6,15,2,2021-12-30 09:08:23
1640855303065470000,85.5,1,85.5,31,85.6,15,2,2021-12-30 09:08:23
1640855303257649000,85.6,10,85.5,31,85.6,5,1,2021-12-30 09:08:23
1640855303756007000,85.6,1,85.5,31,85.6,5,1,2021-12-30 09:08:23
1640855303918156000,85.6,3,85.5,31,85.6,2,1,2021-12-30 09:08:23
1640855304329859000,85.6,2,85.5,31,85.8,2,1,2021-12-30 09:08:24
1640855304990265000,85.8,2,85.5,31,85.8,2,1,2021-12-30 09:08:24
1640855306191663000,85.8,1,85.5,31,85.8,4,1,2021-12-30 09:08:26
1640855307518085000,85.8,1,85.6,1,85.8,3,1,2021-12-30 09:08:27
1640855307820417000,85.7,2,85.6,1,85.8,3,2,2021-12-30 09:08:27
1640855309743501000,85.7,1,85.6,2,85.7,1,1,2021-12-30 09:08:29
1640855310593824000,85.7,1,85.6,2,85.8,4,1,2021-12-30 09:08:30
1640855310716356000,85.6,2,85.5,48,85.8,4,2,2021-12-30 09:08:30
1640855311088566000,85.7,1,85.5,48,85.8,4,2,2021-12-30 09:08:31
1640855311263310000,85.6,1,85.5,48,85.8,5,2,2021-12-30 09:08:31
1640855312470023000,85.8,2,85.5,48,85.8,2,1,2021-12-30 09:08:32
1640855314144024000,85.6,1,85.5,51,85.7,5,1,2021-12-30 09:08:34
1640855314517907000,85.5,9,85.5,41,85.7,5,2,2021-12-30 09:08:34
1640855316984239000,85.5,1,85.5,25,85.6,1,2,2021-12-30 09:08:36
1640855317753380000,85.5,20,85.5,6,85.6,1,2,2021-12-30 09:08:37
1640855317774495000,85.5,6,85.4,32,85.6,1,2,2021-12-30 09:08:37
1640855317953470000,85.4,20,85.4,12,85.5,3,2,2021-12-30 09:08:37
1640855317975269000,85.4,12,85.3,113,85.5,3,2,2021-12-30 09:08:37
1640855318008159000,85.3,14,85.3,99,85.4,3,2,2021-12-30 09:08:38
1640855318045659000,85.3,1,85.3,98,85.4,6,2,2021-12-30 09:08:38
1640855318099485000,85.3,20,85.3,78,85.4,6,2,2021-12-30 09:08:38
1640855318122809000,85.3,26,85.3,29,85.4,6,2,2021-12-30 09:08:38
1640855318122844000,85.3,15,85.3,29,85.4,6,2,2021-12-30 09:08:38
1640855318122861000,85.3,8,85.3,29,85.4,6,2,2021-12-30 09:08:38
1640855318127319000,85.3,1,85.3,28,85.4,6,2,2021-12-30 09:08:38
1640855318153616000,85.3,8,85.3,16,85.4,6,2,2021-12-30 09:08:38
1640855318153637000,85.3,4,85.3,16,85.4,6,2,2021-12-30 09:08:38
1640855318154068000,85.3,16,85.2,25,85.4,6,2,2021-12-30 09:08:38
1640855318247665000,85.3,2,85.2,25,85.3,6,1,2021-12-30 09:08:38
1640855318502387000,85.2,1,85.2,24,85.3,48,2,2021-12-30 09:08:38
1640855318518876000,85.3,10,85.2,24,85.3,38,1,2021-12-30 09:08:38
1640855318798021000,85.2,2,85.2,22,85.3,76,2,2021-12-30 09:08:38
1640855318802750000,85.2,22,85.0,3,85.3,76,2,2021-12-30 09:08:38
1640855318863211000,85.2,1,85.0,3,85.2,5,1,2021-12-30 09:08:38
1640855318987038000,85.2,1,85.0,3,85.2,4,1,2021-12-30 09:08:38
1640855319267624000,85.2,2,85.0,3,85.2,2,1,2021-12-30 09:08:39
1640855321795602000,85.0,1,85.0,2,85.1,2,2,2021-12-30 09:08:41
1640855321822908000,85.0,2,84.9,18,85.1,2,2,2021-12-30 09:08:41
1640855326041028000,85.1,2,85.1,8,85.2,8,1,2021-12-30 09:08:46
1640855326076590000,85.1,4,85.1,4,85.2,8,2,2021-12-30 09:08:46
1640855326106589000,85.1,4,85.0,1,85.2,8,2,2021-12-30 09:08:46
1640855327501993000,85.1,2,85.0,1,85.2,9,1,2021-12-30 09:08:47
1640855332395749000,85.1,1,85.1,4,85.2,7,2,2021-12-30 09:08:52
1640855332625835000,85.1,2,85.1,2,85.2,7,2,2021-12-30 09:08:52
1640855332659611000,85.1,1,85.1,1,85.2,7,2,2021-12-30 09:08:52
1640855332693690000,85.1,1,85.0,11,85.2,7,2,2021-12-30 09:08:52
1640855335402860000,85.1,3,85.0,11,85.2,15,1,2021-12-30 09:08:55
1640855335402860000,85.2,3,85.0,11,85.2,15,1,2021-12-30 09:08:55
1640855337133603000,85.1,1,85.0,11,85.1,10,1,2021-12-30 09:08:57
1640855339112433000,85.1,1,85.0,12,85.1,9,1,2021-12-30 09:08:59
1640855340999856000,85.1,1,85.0,16,85.1,8,1,2021-12-30 09:09:00
1640855341596589000,85.1,1,85.0,24,85.1,7,1,2021-12-30 09:09:01
1640855342524129000,85.1,1,85.0,32,85.1,8,1,2021-12-30 09:09:02
1640855343980380000,85.1,1,85.0,40,85.1,8,1,2021-12-30 09:09:03
1640855346933942000,85.1,8,85.0,43,85.2,12,1,2021-12-30 09:09:06
1640855347016263000,85.1,1,85.0,43,85.1,1,1,2021-12-30 09:09:07
1640855347046852000,85.1,1,85.0,43,85.2,12,1,2021-12-30 09:09:07
1640855352536820000,85.2,6,85.1,2,85.2,6,1,2021-12-30 09:09:12
1640855352574592000,85.1,1,85.1,1,85.2,6,2,2021-12-30 09:09:12
1640855352575521000,85.1,1,85.0,30,85.2,6,2,2021-12-30 09:09:12
1640855358048562000,85.1,1,85.0,34,85.2,4,1,2021-12-30 09:09:18
1640855358048562000,85.2,2,85.0,34,85.2,4,1,2021-12-30 09:09:18
1640855363998677000,85.2,1,85.1,10,85.2,8,1,2021-12-30 09:09:23
1640855364028997000,85.1,1,85.1,9,85.2,8,2,2021-12-30 09:09:24
1640855365782249000,85.1,5,85.1,4,85.2,8,2,2021-12-30 09:09:25
1640855365825096000,85.1,1,85.1,2,85.2,8,2,2021-12-30 09:09:25
1640855365825662000,85.1,1,85.1,2,85.2,8,2,2021-12-30 09:09:25
1640855368319500000,85.1,2,85.0,37,85.2,10,2,2021-12-30 09:09:28
1640855370729040000,85.1,1,85.0,36,85.2,10,1,2021-12-30 09:09:30
1640855373678617000,85.1,1,85.0,34,85.2,10,2,2021-12-30 09:09:33
1640855373678617000,85.0,4,85.0,34,85.2,10,2,2021-12-30 09:09:33
1640855374425653000,85.1,1,85.0,34,85.2,10,1,2021-12-30 09:09:34
1640855375674308000,85.1,1,85.0,34,85.2,10,2,2021-12-30 09:09:35
1640855376561448000,85.2,10,85.0,34,85.3,96,1,2021-12-30 09:09:36
1640855380717859000,85.1,2,85.0,33,85.3,96,1,2021-12-30 09:09:40
1640855381647594000,85.3,2,85.0,34,85.3,94,1,2021-12-30 09:09:41
1640855383338530000,85.1,1,85.1,4,85.2,10,2,2021-12-30 09:09:43
1640855386563017000,85.1,2,85.1,1,85.2,10,2,2021-12-30 09:09:46
1640855387786258000,85.1,1,85.1,1,85.2,11,2,2021-12-30 09:09:47
1640855394323994000,85.1,2,85.1,10,85.2,11,2,2021-12-30 09:09:54
1640855394651784000,85.1,2,85.1,8,85.2,11,2,2021-12-30 09:09:54
1640855394838228000,85.1,2,85.1,6,85.2,11,2,2021-12-30 09:09:54
1640855395134493000,85.1,2,85.1,4,85.2,11,2,2021-12-30 09:09:55
1640855401244867000,85.1,3,85.1,9,85.2,11,2,2021-12-30 09:10:01
1640855402374829000,85.2,1,85.1,9,85.2,10,1,2021-12-30 09:10:02
1640855405010466000,85.1,2,85.1,7,85.2,10,2,2021-12-30 09:10:05
1640855406929372000,85.1,1,85.1,8,85.2,10,2,2021-12-30 09:10:06
1640855407295923000,85.1,1,85.1,7,85.2,10,2,2021-12-30 09:10:07
1640855407295965000,85.1,1,85.1,7,85.2,10,2,2021-12-30 09:10:07
1640855407930785000,85.1,1,85.1,5,85.2,11,2,2021-12-30 09:10:07
1640855407930815000,85.1,1,85.1,5,85.2,11,2,2021-12-30 09:10:07
1640855408196797000,85.1,1,85.1,4,85.2,11,2,2021-12-30 09:10:08
1640855408454699000,85.1,4,85.0,28,85.2,11,2,2021-12-30 09:10:08
1640855408454699000,85.0,6,85.0,28,85.2,11,2,2021-12-30 09:10:08
1640855413140924000,85.1,1,85.0,31,85.2,11,1,2021-12-30 09:10:13
1640855421809146000,85.1,1,85.0,32,85.1,1,2,2021-12-30 09:10:21
1640855421994801000,85.1,1,85.0,32,85.2,11,1,2021-12-30 09:10:21
1640855430694042000,85.1,1,85.0,33,85.1,4,1,2021-12-30 09:10:30
1640855431513675000,85.1,1,85.0,33,85.1,3,1,2021-12-30 09:10:31
1640855432855960000,85.1,1,85.0,33,85.1,2,1,2021-12-30 09:10:32
1640855433648361000,85.0,8,85.0,25,85.1,2,2,2021-12-30 09:10:33
1640855435366405000,85.1,1,85.0,25,85.1,1,1,2021-12-30 09:10:35
1640855439534676000,85.1,1,85.0,24,85.2,12,1,2021-12-30 09:10:39
1640855443852234000,85.0,1,85.0,23,85.1,5,2,2021-12-30 09:10:43
1640855445107893000,85.1,1,85.0,23,85.1,5,1,2021-12-30 09:10:45
1640855448125820000,85.1,1,85.0,25,85.1,4,1,2021-12-30 09:10:48
1640855451355499000,85.0,10,85.0,15,85.1,5,2,2021-12-30 09:10:51
1640855452655897000,85.0,2,85.0,14,85.1,5,2,2021-12-30 09:10:52
1640855453092832000,85.1,5,85.1,10,85.2,12,1,2021-12-30 09:10:53
1640855453137183000,85.1,1,85.1,9,85.2,12,2,2021-12-30 09:10:53
1640855454304191000,85.2,4,85.1,9,85.2,8,1,2021-12-30 09:10:54
1640855456749303000,85.1,2,85.1,7,85.2,8,2,2021-12-30 09:10:56
1640855461754904000,85.2,1,85.1,7,85.2,7,1,2021-12-30 09:11:01
1640855465955113000,85.1,1,85.1,10,85.2,7,2,2021-12-30 09:11:05
1640855475960214000,85.2,2,85.1,12,85.2,15,1,2021-12-30 09:11:15
1640855477166865000,85.2,10,85.1,12,85.2,5,1,2021-12-30 09:11:17
1640855477200112000,85.2,5,85.1,12,85.3,3,1,2021-12-30 09:11:17
1640855483621982000,85.1,3,85.1,15,85.3,3,2,2021-12-30 09:11:23
1640855485051343000,85.3,3,85.1,16,85.4,7,1,2021-12-30 09:11:25
1640855485051343000,85.4,2,85.1,16,85.4,7,1,2021-12-30 09:11:25
1640855485262313000,85.4,1,85.1,16,85.4,6,1,2021-12-30 09:11:25
1640855488544298000,85.2,1,85.1,15,85.3,1,2,2021-12-30 09:11:28
1640855488544298000,85.1,1,85.1,15,85.3,1,2,2021-12-30 09:11:28
1640855499276611000,85.2,1,85.2,4,85.3,2,2,2021-12-30 09:11:39
1640855511816457000,85.3,1,85.2,5,85.3,5,1,2021-12-30 09:11:51
1640855511983327000,85.2,2,85.2,3,85.3,5,2,2021-12-30 09:11:51
1640855513332170000,85.2,3,85.1,9,85.3,5,2,2021-12-30 09:11:53
1640855513332170000,85.1,7,85.1,9,85.3,5,2,2021-12-30 09:11:53
1640855518343243000,85.2,5,85.2,1,85.3,5,2,2021-12-30 09:11:58
1640855520928290000,85.2,1,85.2,1,85.3,5,2,2021-12-30 09:12:00
1640855523764339000,85.2,1,85.2,1,85.3,5,2,2021-12-30 09:12:03
1640855526761126000,85.2,1,85.2,1,85.3,6,2,2021-12-30 09:12:06
1640855532676342000,85.2,1,85.1,20,85.3,6,2,2021-12-30 09:12:12
1640855539029119000,85.2,1,85.1,20,85.2,1,2,2021-12-30 09:12:19
1640855541097664000,85.2,1,85.1,20,85.3,6,1,2021-12-30 09:12:21
1640855545915355000,85.2,1,85.1,20,85.2,4,2,2021-12-30 09:12:25
1640855553209579000,85.2,1,85.1,21,85.2,3,1,2021-12-30 09:12:33
1640855554472197000,85.2,1,85.1,21,85.2,2,1,2021-12-30 09:12:34
1640855557023942000,85.2,1,85.1,21,85.2,1,1,2021-12-30 09:12:37
1640855558053920000,85.2,1,85.1,21,85.3,6,1,2021-12-30 09:12:38
1640855559050967000,85.2,1,85.1,21,85.2,1,1,2021-12-30 09:12:39
1640855560374322000,85.2,2,85.2,8,85.3,6,1,2021-12-30 09:12:40
1640855569366512000,85.3,1,85.2,8,85.3,10,1,2021-12-30 09:12:49
1640855570571568000,85.2,1,85.2,8,85.3,10,2,2021-12-30 09:12:50
1640855574647161000,85.3,2,85.2,8,85.3,8,1,2021-12-30 09:12:54
1640855575689267000,85.3,2,85.2,9,85.3,6,1,2021-12-30 09:12:55
1640855576174357000,85.2,5,85.2,4,85.3,6,2,2021-12-30 09:12:56
1640855578778642000,85.3,1,85.2,4,85.3,5,1,2021-12-30 09:12:58
1640855589664607000,85.3,3,85.2,30,85.3,3,1,2021-12-30 09:13:09
1640855589695595000,85.3,3,85.2,30,85.4,14,1,2021-12-30 09:13:09
1640855590086999000,85.2,3,85.2,27,85.4,14,2,2021-12-30 09:13:10
1640855590111502000,85.2,3,85.2,24,85.4,14,2,2021-12-30 09:13:10
1640855590129712000,85.2,3,85.2,21,85.4,14,2,2021-12-30 09:13:10
1640855590162855000,85.2,3,85.2,18,85.4,14,2,2021-12-30 09:13:10
1640855598321983000,85.3,1,85.2,28,85.4,9,1,2021-12-30 09:13:18
1640855601580588000,85.2,2,85.2,26,85.4,9,2,2021-12-30 09:13:21
1640855610773590000,85.2,2,85.2,25,85.4,9,2,2021-12-30 09:13:30
1640855612034541000,85.3,3,85.2,25,85.3,7,2,2021-12-30 09:13:32
1640855614568150000,85.2,25,85.1,34,85.2,5,2,2021-12-30 09:13:34
1640855614645228000,85.1,1,85.1,33,85.2,5,2,2021-12-30 09:13:34
1640855614664035000,85.1,2,85.1,31,85.2,5,2,2021-12-30 09:13:34
1640855615762411000,85.1,30,85.1,1,85.2,7,2,2021-12-30 09:13:35
1640855615797375000,85.1,1,85.0,17,85.2,7,2,2021-12-30 09:13:35
1640855617689766000,85.1,1,85.0,17,85.2,9,1,2021-12-30 09:13:37
1640855619950164000,85.0,1,85.0,16,85.1,1,2,2021-12-30 09:13:39
1640855633626074000,85.1,1,85.0,16,85.1,1,1,2021-12-30 09:13:53
1640855634627086000,85.1,1,85.0,16,85.2,9,1,2021-12-30 09:13:54
1640855636732110000,85.0,10,85.0,6,85.2,9,2,2021-12-30 09:13:56
1640855640871484000,85.1,2,85.0,6,85.2,10,2,2021-12-30 09:14:00
1640855643789681000,85.2,1,85.0,11,85.2,9,1,2021-12-30 09:14:03
1640855643821570000,85.0,1,85.0,10,85.2,9,2,2021-12-30 09:14:03
1640855645785113000,85.0,7,84.9,24,85.1,2,2,2021-12-30 09:14:05
1640855645785131000,85.0,3,84.9,24,85.1,2,2,2021-12-30 09:14:05
1640855649012709000,85.0,4,85.0,1,85.1,1,1,2021-12-30 09:14:09
1640855649767699000,85.0,1,84.9,24,85.1,1,2,2021-12-30 09:14:09
1640855650221456000,84.9,2,84.9,22,85.1,1,2,2021-12-30 09:14:10
1640855663091276000,85.0,1,84.9,23,85.1,4,2,2021-12-30 09:14:23
1640855672072725000,85.0,1,84.9,25,85.0,2,1,2021-12-30 09:14:32
1640855673831046000,85.0,2,84.9,25,85.0,5,1,2021-12-30 09:14:33
1640855673855948000,84.9,1,84.9,24,85.0,5,2,2021-12-30 09:14:33
1640855674102410000,85.0,1,84.9,24,85.0,4,1,2021-12-30 09:14:34
1640855674223570000,84.9,20,84.9,4,85.0,4,2,2021-12-30 09:14:34
1640855679008332000,84.9,4,84.8,10,84.9,6,2,2021-12-30 09:14:39
1640855681256442000,84.8,1,84.8,9,84.9,6,2,2021-12-30 09:14:41
1640855681305411000,84.8,1,84.8,8,84.9,6,2,2021-12-30 09:14:41
1640855682257442000,84.9,2,84.8,8,84.9,4,1,2021-12-30 09:14:42
1640855687386589000,84.8,1,84.8,7,84.9,5,2,2021-12-30 09:14:47
1640855698507353000,84.8,7,84.7,15,84.8,3,2,2021-12-30 09:14:58
1640855699765862000,84.8,6,84.8,4,84.9,5,1,2021-12-30 09:14:59
1640855703877049000,84.8,1,84.8,4,84.9,5,2,2021-12-30 09:15:03
1640855710726020000,84.8,1,84.8,3,84.9,7,2,2021-12-30 09:15:10
1640855713254595000,84.8,1,84.8,2,84.9,6,2,2021-12-30 09:15:13
1640855713293874000,84.8,1,84.8,1,84.9,6,2,2021-12-30 09:15:13
1640855715328736000,84.8,1,84.7,15,84.9,6,2,2021-12-30 09:15:15
1640855716508333000,84.8,1,84.7,15,84.8,2,1,2021-12-30 09:15:16
1640855732256570000,84.8,8,84.8,2,84.9,6,1,2021-12-30 09:15:32
1640855739956289000,84.8,1,84.8,1,84.9,6,2,2021-12-30 09:15:39
1640855744944108000,84.9,1,84.8,3,84.9,5,1,2021-12-30 09:15:44
1640855760636982000,84.8,4,84.6,18,84.9,5,2,2021-12-30 09:16:00
1640855760636982000,84.7,14,84.6,18,84.9,5,2,2021-12-30 09:16:00
1640855760636982000,84.6,12,84.6,18,84.9,5,2,2021-12-30 09:16:00
1640855769019872000,84.6,2,84.6,16,84.8,2,2,2021-12-30 09:16:09
1640855772711292000,84.6,1,84.6,65,84.8,2,2,2021-12-30 09:16:12
1640855773222328000,84.7,3,84.7,47,84.8,3,2,2021-12-30 09:16:13
1640855773907205000,84.7,1,84.7,46,84.8,3,2,2021-12-30 09:16:13
1640855774187121000,84.7,1,84.7,45,84.8,3,2,2021-12-30 09:16:14
1640855774230005000,84.7,1,84.7,44,84.8,3,2,2021-12-30 09:16:14
1640855780333082000,84.6,15,84.5,24,84.6,15,2,2021-12-30 09:16:20
1640855780651617000,84.5,3,84.5,21,84.6,15,2,2021-12-30 09:16:20
1640855780831134000,84.5,21,84.4,5,84.6,15,2,2021-12-30 09:16:20
1640855780831134000,84.4,9,84.4,5,84.6,15,2,2021-12-30 09:16:20
1640855790212183000,84.4,1,84.4,6,84.5,4,2,2021-12-30 09:16:30
1640855791495197000,84.4,1,84.4,5,84.5,7,2,2021-12-30 09:16:31
1640855799213236000,84.4,1,84.4,14,84.5,10,2,2021-12-30 09:16:39
1640855802355932000,84.5,1,84.4,14,84.5,9,1,2021-12-30 09:16:42
1640855805437273000,84.4,1,84.4,13,84.5,9,2,2021-12-30 09:16:45
1640855807638473000,84.4,1,84.4,12,84.5,9,2,2021-12-30 09:16:47
1640855812139673000,84.4,2,84.4,10,84.5,10,2,2021-12-30 09:16:52
1640855813467281000,84.5,10,84.4,11,84.6,15,1,2021-12-30 09:16:53
1640855816532849000,84.5,1,84.4,11,84.6,15,1,2021-12-30 09:16:56
1640855817937015000,84.4,1,84.4,10,84.6,15,2,2021-12-30 09:16:57
1640855818459449000,84.6,1,84.4,10,84.6,14,1,2021-12-30 09:16:58
1640855818784187000,84.5,1,84.4,11,84.6,14,1,2021-12-30 09:16:58
1640855821515612000,84.5,1,84.4,11,84.6,14,1,2021-12-30 09:17:01
1640855821542918000,84.6,14,84.4,11,84.8,4,1,2021-12-30 09:17:01
1640855821716464000,84.5,1,84.4,12,84.8,3,1,2021-12-30 09:17:01
1640855825554678000,84.6,1,84.5,11,84.8,3,1,2021-12-30 09:17:05
1640855834909326000,84.8,1,84.5,14,84.8,4,1,2021-12-30 09:17:14
1640855844976987000,84.7,1,84.6,1,84.8,4,1,2021-12-30 09:17:24
1640855863688154000,84.7,1,84.6,6,84.8,15,1,2021-12-30 09:17:43
1640855863774080000,84.6,6,84.5,15,84.8,15,2,2021-12-30 09:17:43
1640855863774080000,84.5,3,84.5,15,84.8,15,2,2021-12-30 09:17:43
1640855876063210000,84.5,1,84.5,12,84.7,2,2,2021-12-30 09:17:56
1640855879146412000,84.5,2,84.5,10,84.7,2,2,2021-12-30 09:17:59
1640855886224330000,84.6,1,84.5,10,84.7,2,2,2021-12-30 09:18:06
1640855886224330000,84.5,1,84.5,10,84.7,2,2,2021-12-30 09:18:06
1640855896239700000,84.7,2,84.6,1,84.8,16,1,2021-12-30 09:18:16
1640855898510039000,84.6,1,84.5,10,84.8,16,2,2021-12-30 09:18:18
1640855907269883000,84.7,1,84.6,1,84.8,16,1,2021-12-30 09:18:27
1640855923106461000,84.7,1,84.6,3,84.8,16,2,2021-12-30 09:18:43
1640855938773097000,84.7,1,84.7,1,84.8,16,1,2021-12-30 09:18:58
1640855939871253000,84.7,1,84.6,3,84.8,15,2,2021-12-30 09:18:59
1640855949954927000,84.6,1,84.6,12,84.7,2,2,2021-12-30 09:19:09
1640855963346985000,84.7,3,84.6,12,84.8,15,1,2021-12-30 09:19:23
1640855968001411000,84.8,4,84.6,12,84.8,11,1,2021-12-30 09:19:28
1640855989190216000,84.7,1,84.7,8,84.8,18,1,2021-12-30 09:19:49
1640855993966654000,84.7,2,84.7,6,84.8,18,2,2021-12-30 09:19:53
1640855994556089000,84.8,1,84.7,6,84.8,17,1,2021-12-30 09:19:54
1640855995857409000,84.7,1,84.7,5,84.8,17,2,2021-12-30 09:19:55
1640856019794400000,84.7,2,84.7,5,84.8,21,2,2021-12-30 09:20:19
1640856019811318000,84.7,1,84.7,4,84.8,21,2,2021-12-30 09:20:19
1640856029500805000,84.7,4,84.6,15,84.8,17,2,2021-12-30 09:20:29
1640856038268143000,84.7,1,84.7,4,84.8,17,1,2021-12-30 09:20:38
1640856048853085000,84.8,1,84.7,5,84.8,16,1,2021-12-30 09:20:48
1640856051705013000,84.8,1,84.7,5,84.8,15,1,2021-12-30 09:20:51
1640856052638166000,84.8,15,84.8,5,84.9,4,1,2021-12-30 09:20:52
1640856060179608000,84.9,1,84.8,6,84.9,2,1,2021-12-30 09:21:00
1640856062525461000,84.9,2,84.8,6,85.0,17,1,2021-12-30 09:21:02
1640856065993457000,84.9,3,84.8,6,84.9,5,1,2021-12-30 09:21:05
1640856070589308000,84.9,5,84.8,7,85.0,17,1,2021-12-30 09:21:10
1640856072274844000,84.9,1,84.8,7,85.0,22,2,2021-12-30 09:21:12
1640856089938620000,85.0,1,84.9,12,85.0,14,1,2021-12-30 09:21:29
1640856090661938000,85.0,1,84.9,12,85.0,13,1,2021-12-30 09:21:30
1640856091285098000,84.9,2,84.9,14,85.0,13,2,2021-12-30 09:21:31
1640856092055585000,84.9,1,84.9,13,85.0,13,2,2021-12-30 09:21:32
1640856098721647000,85.0,10,84.9,13,85.0,3,1,2021-12-30 09:21:38
1640856098759614000,85.0,3,84.9,13,85.1,3,1,2021-12-30 09:21:38
1640856105364020000,85.1,2,85.0,1,85.1,1,1,2021-12-30 09:21:45
1640856108205580000,85.1,1,85.0,5,85.2,19,1,2021-12-30 09:21:48
1640856115990076000,85.0,1,85.0,4,85.1,1,2,2021-12-30 09:21:55
1640856123519932000,85.1,1,85.0,4,85.1,2,1,2021-12-30 09:22:03
1640856129107890000,85.1,1,85.0,7,85.2,18,1,2021-12-30 09:22:09
1640856133254509000,85.1,1,85.0,7,85.2,18,1,2021-12-30 09:22:13
1640856139186254000,85.1,1,85.0,7,85.2,18,2,2021-12-30 09:22:19
1640856144317498000,85.0,1,85.0,23,85.2,18,2,2021-12-30 09:22:24
1640856144355977000,85.0,1,85.0,22,85.2,18,2,2021-12-30 09:22:24
1640856158960768000,85.2,18,85.2,12,85.3,12,1,2021-12-30 09:22:38
1640856160319689000,85.3,1,85.2,12,85.3,11,1,2021-12-30 09:22:40
1640856160346623000,85.3,11,85.2,12,85.4,5,1,2021-12-30 09:22:40
1640856172763365000,85.4,1,85.3,1,85.4,4,1,2021-12-30 09:22:52
1640856172788406000,85.4,4,85.3,1,85.5,22,1,2021-12-30 09:22:52
1640856176888654000,85.3,1,85.2,12,85.4,2,2,2021-12-30 09:22:56
1640856179091396000,85.3,1,85.2,12,85.4,2,1,2021-12-30 09:22:59
1640856190687073000,85.4,2,85.4,1,85.5,23,1,2021-12-30 09:23:10
1640856201516543000,85.5,1,85.4,5,85.5,22,1,2021-12-30 09:23:21
1640856203408003000,85.5,20,85.4,5,85.5,2,1,2021-12-30 09:23:23
1640856203437674000,85.5,1,85.4,5,85.5,1,1,2021-12-30 09:23:23
1640856203439315000,85.5,1,85.4,5,85.6,22,1,2021-12-30 09:23:23
1640856204184504000,85.6,1,85.4,6,85.6,21,1,2021-12-30 09:23:24
1640856204417839000,85.6,1,85.4,6,85.6,20,1,2021-12-30 09:23:24
1640856204488248000,85.6,1,85.4,6,85.6,19,1,2021-12-30 09:23:24
1640856207302651000,85.6,2,85.4,7,85.6,17,1,2021-12-30 09:23:27
1640856207418332000,85.4,2,85.4,5,85.6,17,2,2021-12-30 09:23:27
1640856211661577000,85.4,2,85.4,3,85.6,17,2,2021-12-30 09:23:31
1640856212150787000,85.5,1,85.4,3,85.6,17,2,2021-12-30 09:23:32
1640856220319439000,85.5,2,85.4,4,85.6,19,1,2021-12-30 09:23:40
1640856225071775000,85.5,1,85.5,4,85.6,19,2,2021-12-30 09:23:45
1640856232166053000,85.6,5,85.5,8,85.6,14,1,2021-12-30 09:23:52
1640856234199533000,85.6,1,85.5,9,85.6,13,1,2021-12-30 09:23:54
1640856235873586000,85.6,1,85.5,9,85.6,12,1,2021-12-30 09:23:55
1640856236149574000,85.6,1,85.5,8,85.6,11,1,2021-12-30 09:23:56
1640856238227437000,85.6,2,85.5,8,85.6,9,1,2021-12-30 09:23:58
1640856239312224000,85.6,1,85.5,28,85.6,9,1,2021-12-30 09:23:59
1640856241183689000,85.6,1,85.5,28,85.6,8,1,2021-12-30 09:24:01
1640856241265662000,85.6,8,85.6,5,85.7,26,1,2021-12-30 09:24:01
1640856241918771000,85.6,1,85.6,4,85.7,26,2,2021-12-30 09:24:01
1640856242168117000,85.7,3,85.6,4,85.7,23,1,2021-12-30 09:24:02
1640856245829753000,85.7,2,85.6,9,85.7,21,1,2021-12-30 09:24:05
1640856248226403000,85.7,1,85.6,9,85.7,20,1,2021-12-30 09:24:08
1640856248632362000,85.7,2,85.6,9,85.7,18,1,2021-12-30 09:24:08
1640856248667842000,85.7,5,85.6,9,85.7,13,1,2021-12-30 09:24:08
1640856249536308000,85.7,1,85.6,9,85.7,12,1,2021-12-30 09:24:09
1640856249560259000,85.7,5,85.6,9,85.7,7,1,2021-12-30 09:24:09
1640856249996440000,85.7,3,85.6,9,85.7,4,1,2021-12-30 09:24:09
1640856251482012000,85.7,1,85.6,9,85.7,3,1,2021-12-30 09:24:11
1640856253196977000,85.7,1,85.6,10,85.7,2,1,2021-12-30 09:24:13
1640856253274471000,85.7,1,85.6,10,85.7,1,1,2021-12-30 09:24:13
1640856253278349000,85.6,1,85.6,9,85.7,1,2,2021-12-30 09:24:13
1640856253297880000,85.7,1,85.6,9,85.8,42,1,2021-12-30 09:24:13
1640856253597482000,85.7,2,85.7,2,85.8,42,1,2021-12-30 09:24:13
1640856253905966000,85.7,1,85.7,4,85.8,42,2,2021-12-30 09:24:13
1640856254472739000,85.8,1,85.7,4,85.8,41,1,2021-12-30 09:24:14
1640856258322634000,85.8,1,85.7,6,85.8,40,1,2021-12-30 09:24:18
1640856262778819000,85.8,1,85.7,6,85.8,39,1,2021-12-30 09:24:22
1640856262910395000,85.8,2,85.7,6,85.8,37,1,2021-12-30 09:24:22
1640856264251112000,85.8,1,85.7,7,85.8,36,1,2021-12-30 09:24:24
1640856265705112000,85.8,1,85.7,12,85.8,35,1,2021-12-30 09:24:25
1640856267797716000,85.8,10,85.7,13,85.8,25,1,2021-12-30 09:24:27
1640856267829642000,85.8,1,85.7,13,85.8,24,1,2021-12-30 09:24:27
1640856268061512000,85.8,1,85.7,13,85.8,23,1,2021-12-30 09:24:28
1640856269196533000,85.8,1,85.7,13,85.8,22,1,2021-12-30 09:24:29
1640856270800091000,85.8,1,85.7,13,85.8,21,1,2021-12-30 09:24:30
1640856270935758000,85.8,3,85.7,13,85.8,18,1,2021-12-30 09:24:30
1640856271446136000,85.8,1,85.7,12,85.8,17,1,2021-12-30 09:24:31
1640856271655662000,85.8,1,85.7,12,85.8,16,1,2021-12-30 09:24:31
1640856272466436000,85.8,1,85.7,12,85.8,15,1,2021-12-30 09:24:32
1640856273315172000,85.8,1,85.7,12,85.8,14,1,2021-12-30 09:24:33
1640856273964438000,85.8,1,85.7,12,85.8,13,1,2021-12-30 09:24:33
1640856277711194000,85.7,12,85.6,9,85.7,8,2,2021-12-30 09:24:37
1640856277780571000,85.6,2,85.6,7,85.7,9,2,2021-12-30 09:24:37
1640856277783292000,85.6,2,85.6,5,85.7,10,2,2021-12-30 09:24:37
1640856277787387000,85.6,2,85.6,3,85.7,11,2,2021-12-30 09:24:37
1640856277789121000,85.6,1,85.6,2,85.7,11,2,2021-12-30 09:24:37
1640856277943087000,85.7,1,85.6,2,85.7,10,1,2021-12-30 09:24:37
1640856280455020000,85.6,2,85.5,12,85.6,18,2,2021-12-30 09:24:40
1640856281420638000,85.6,1,85.5,12,85.6,17,1,2021-12-30 09:24:41
1640856284299141000,85.5,1,85.5,11,85.6,17,2,2021-12-30 09:24:44
1640856285318349000,85.5,1,85.5,10,85.6,19,2,2021-12-30 09:24:45
1640856285504822000,85.5,1,85.5,9,85.6,19,2,2021-12-30 09:24:45
1640856286274816000,85.5,1,85.5,8,85.6,19,2,2021-12-30 09:24:46
1640856286581717000,85.5,1,85.5,7,85.6,19,2,2021-12-30 09:24:46
1640856286620574000,85.5,1,85.5,6,85.6,19,2,2021-12-30 09:24:46
1640856286819986000,85.5,3,85.5,3,85.6,19,2,2021-12-30 09:24:46
1640856287838325000,85.6,1,85.5,3,85.6,19,1,2021-12-30 09:24:47
1640856288075347000,85.5,3,85.4,4,85.5,2,2,2021-12-30 09:24:48
1640856290731639000,85.4,2,85.4,2,85.5,8,2,2021-12-30 09:24:50
1640856290761146000,85.4,2,85.3,7,85.5,8,2,2021-12-30 09:24:50
1640856294599978000,85.4,1,85.3,12,85.4,2,1,2021-12-30 09:24:54
1640856296472664000,85.4,1,85.3,12,85.4,1,1,2021-12-30 09:24:56
1640856297803058000,85.4,1,85.3,12,85.5,10,1,2021-12-30 09:24:57
1640856297847083000,85.3,12,85.2,14,85.3,8,2,2021-12-30 09:24:57
1640856297887859000,85.2,1,85.2,13,85.3,8,2,2021-12-30 09:24:57
1640856299346597000,85.3,1,85.2,13,85.3,8,1,2021-12-30 09:24:59
1640856299534057000,85.3,5,85.2,13,85.3,3,1,2021-12-30 09:24:59
1640856300699062000,85.3,1,85.2,13,85.3,2,1,2021-12-30 09:25:00
1640856309064443000,85.3,3,85.3,7,85.4,20,1,2021-12-30 09:25:09
1640856312102778000,85.3,3,85.3,4,85.4,21,2,2021-12-30 09:25:12
1640856323750068000,85.3,1,85.3,5,85.4,21,2,2021-12-30 09:25:23
1640856330156513000,85.3,1,85.3,4,85.4,21,2,2021-12-30 09:25:30
1640856332925698000,85.3,1,85.3,3,85.4,21,2,2021-12-30 09:25:32
1640856350076104000,85.3,1,85.3,3,85.4,1,2,2021-12-30 09:25:50
1640856356622560000,85.3,3,85.2,13,85.3,7,2,2021-12-30 09:25:56
1640856358752044000,85.2,1,85.2,12,85.3,7,2,2021-12-30 09:25:58
1640856359300756000,85.2,1,85.2,11,85.3,7,2,2021-12-30 09:25:59
1640856363962027000,85.2,10,85.1,6,85.2,10,2,2021-12-30 09:26:03
1640856363985808000,85.1,1,85.1,5,85.2,10,2,2021-12-30 09:26:03
1640856366844196000,85.1,1,85.1,4,85.2,10,2,2021-12-30 09:26:06
1640856367697856000,85.1,1,85.1,3,85.2,10,2,2021-12-30 09:26:07
1640856379901904000,85.1,1,85.1,4,85.3,2,2,2021-12-30 09:26:19
1640856380223844000,85.1,4,85.0,14,85.1,3,2,2021-12-30 09:26:20
1640856380251333000,85.0,1,85.0,13,85.1,3,2,2021-12-30 09:26:20
1640856384596926000,85.1,3,85.2,7,85.3,3,1,2021-12-30 09:26:24
1640856391100626000,85.2,7,85.0,13,85.3,4,2,2021-12-30 09:26:31
1640856404253777000,85.2,1,85.1,12,85.3,2,1,2021-12-30 09:26:44
1640856404253777000,85.3,2,85.1,12,85.3,2,1,2021-12-30 09:26:44
1640856404445999000,85.3,1,85.1,12,85.3,1,1,2021-12-30 09:26:44
1640856411876545000,85.2,6,85.1,17,85.3,3,1,2021-12-30 09:26:51
1640856419962603000,85.2,2,85.1,17,85.3,1,1,2021-12-30 09:26:59
1640856432453844000,85.3,1,85.2,1,85.4,2,1,2021-12-30 09:27:12
1640856445896737000,85.3,1,85.2,2,85.3,4,1,2021-12-30 09:27:25
1640856457504698000,85.3,1,85.2,3,85.3,6,1,2021-12-30 09:27:37
1640856465052930000,85.2,2,85.2,1,85.3,6,2,2021-12-30 09:27:45
1640856467981390000,85.2,1,85.1,19,85.3,6,2,2021-12-30 09:27:47
1640856472495527000,85.1,10,85.1,8,85.2,10,2,2021-12-30 09:27:52
1640856472711780000,85.1,8,85.0,13,85.1,2,2,2021-12-30 09:27:52
1640856498068587000,85.1,10,85.0,13,85.1,4,1,2021-12-30 09:28:18
1640856498093267000,85.1,4,85.0,13,85.2,11,1,2021-12-30 09:28:18
1640856499395174000,85.1,1,85.0,14,85.2,11,1,2021-12-30 09:28:19
1640856526980707000,85.1,2,85.1,11,85.2,11,2,2021-12-30 09:28:46
1640856529525606000,85.2,2,85.1,11,85.2,9,1,2021-12-30 09:28:49
1640856542357770000,85.2,1,85.1,10,85.2,8,1,2021-12-30 09:29:02
1640856549529908000,85.2,1,85.1,10,85.2,7,1,2021-12-30 09:29:09
1640856555411155000,85.1,10,85.0,14,85.2,12,2,2021-12-30 09:29:15
1640856581432314000,85.0,10,85.0,2,85.2,13,2,2021-12-30 09:29:41
1640856581464838000,85.0,2,84.9,11,85.2,13,2,2021-12-30 09:29:41
1640856583930947000,85.1,2,84.9,11,85.2,13,2,2021-12-30 09:29:43
1640856614978044000,85.0,1,84.9,11,85.0,2,1,2021-12-30 09:30:14
1640856615005499000,85.0,2,84.9,11,85.1,1,1,2021-12-30 09:30:15
1640856630262223000,85.1,2,85.1,8,85.2,12,1,2021-12-30 09:30:30
1640856638041065000,85.2,10,85.1,8,85.2,2,1,2021-12-30 09:30:38
1640856638056747000,85.2,2,85.1,8,85.3,16,1,2021-12-30 09:30:38
1640856651025884000,85.2,1,85.1,9,85.3,16,2,2021-12-30 09:30:51
1640856654103177000,85.2,1,85.1,9,85.3,16,2,2021-12-30 09:30:54
1640856680611711000,85.3,2,85.2,20,85.3,14,1,2021-12-30 09:31:20
1640856681569449000,85.2,5,85.2,15,85.3,14,2,2021-12-30 09:31:21
1640856702360699000,85.2,3,85.2,12,85.3,14,2,2021-12-30 09:31:42
1640856702395035000,85.2,1,85.2,11,85.3,14,2,2021-12-30 09:31:42
1640856777663740000,85.2,2,85.2,10,85.3,14,2,2021-12-30 09:32:57
1640856780501649000,85.2,1,85.2,9,85.3,14,2,2021-12-30 09:33:00
1640856781545232000,85.3,14,85.3,6,85.4,10,1,2021-12-30 09:33:01
1640856785102418000,85.4,5,85.3,6,85.4,5,1,2021-12-30 09:33:05
1640856786864879000,85.4,1,85.3,6,85.4,4,1,2021-12-30 09:33:06
1640856789441265000,85.4,1,85.3,6,85.4,3,1,2021-12-30 09:33:09
1640856790614789000,85.4,1,85.3,6,85.4,2,1,2021-12-30 09:33:10
1640856791835797000,85.4,2,85.3,7,85.5,19,1,2021-12-30 09:33:11
1640856797373668000,85.3,1,85.3,9,85.5,25,2,2021-12-30 09:33:17
1640856809830444000,85.4,1,85.3,9,85.4,2,1,2021-12-30 09:33:29
1640856811034111000,85.4,1,85.3,9,85.4,1,1,2021-12-30 09:33:31
1640856811093304000,85.4,1,85.3,9,85.5,25,1,2021-12-30 09:33:31
1640856811093304000,85.5,2,85.3,9,85.5,25,1,2021-12-30 09:33:31
1640856811272022000,85.5,1,85.3,9,85.5,24,1,2021-12-30 09:33:31
1640856813789917000,85.3,1,85.3,8,85.5,24,2,2021-12-30 09:33:33
1640856862066539000,85.5,5,85.4,5,85.5,19,1,2021-12-30 09:34:22
1640856862582103000,85.5,10,85.4,5,85.5,9,1,2021-12-30 09:34:22
1640856865389132000,85.5,9,85.5,19,85.6,18,1,2021-12-30 09:34:25
1640856868101032000,85.6,18,85.5,35,85.7,15,1,2021-12-30 09:34:28
1640856870168605000,85.7,1,85.6,1,85.7,14,1,2021-12-30 09:34:30
1640856870192769000,85.7,14,85.6,1,85.8,12,1,2021-12-30 09:34:30
1640856871819250000,85.8,12,85.7,10,85.9,26,1,2021-12-30 09:34:31
1640856871865167000,85.9,1,85.7,10,85.9,25,1,2021-12-30 09:34:31
1640856874053046000,85.9,1,85.7,12,85.9,24,1,2021-12-30 09:34:34
1640856875003859000,85.9,2,85.7,12,85.9,22,1,2021-12-30 09:34:35
1640856877703194000,85.9,1,85.7,12,85.9,21,1,2021-12-30 09:34:37
1640856877834641000,85.9,1,85.7,12,85.9,20,1,2021-12-30 09:34:37
1640856877931836000,85.9,2,85.7,12,85.9,18,1,2021-12-30 09:34:37
1640856878255068000,85.9,1,85.8,1,85.9,17,1,2021-12-30 09:34:38
1640856881610291000,85.9,4,85.8,1,85.9,13,1,2021-12-30 09:34:41
1640856881636713000,85.9,13,85.8,1,86.0,119,1,2021-12-30 09:34:41
1640856883783130000,86.0,5,85.8,3,86.0,114,1,2021-12-30 09:34:43
1640856883886322000,86.0,1,85.8,3,86.0,113,1,2021-12-30 09:34:43
1640856884660340000,85.9,1,85.8,3,86.0,113,1,2021-12-30 09:34:44
1640856886120418000,85.9,1,85.8,3,86.0,113,1,2021-12-30 09:34:46
1640856887951759000,85.9,1,85.8,3,86.0,113,1,2021-12-30 09:34:47
1640856889107255000,85.9,1,85.8,3,86.0,112,1,2021-12-30 09:34:49
1640856889655311000,86.0,1,85.9,1,86.0,111,1,2021-12-30 09:34:49
1640856892585506000,86.0,4,85.9,3,86.0,105,1,2021-12-30 09:34:52
1640856893111680000,86.0,3,85.9,3,86.0,102,1,2021-12-30 09:34:53
1640856893194170000,86.0,20,85.9,3,86.0,82,1,2021-12-30 09:34:53
1640856894295983000,86.0,1,85.9,4,86.0,81,1,2021-12-30 09:34:54
1640856894891931000,86.0,5,85.9,4,86.0,76,1,2021-12-30 09:34:54
1640856895279835000,86.0,1,85.9,4,86.0,75,1,2021-12-30 09:34:55
1640856896212629000,86.0,50,85.9,5,86.0,25,1,2021-12-30 09:34:56
1640856896241311000,86.0,14,85.9,5,86.1,31,1,2021-12-30 09:34:56
1640856896241396000,86.0,4,85.9,5,86.1,31,1,2021-12-30 09:34:56
1640856896241399000,86.0,7,85.9,5,86.1,31,1,2021-12-30 09:34:56
1640856896776685000,86.0,2,86.0,8,86.1,31,2,2021-12-30 09:34:56
1640856898706168000,86.1,2,86.0,21,86.1,29,1,2021-12-30 09:34:58
1640856898867538000,86.0,3,86.0,18,86.1,29,2,2021-12-30 09:34:58
1640856900768829000,86.1,2,86.0,31,86.1,27,1,2021-12-30 09:35:00
1640856902541125000,86.0,2,86.0,31,86.1,27,2,2021-12-30 09:35:02
1640856902802903000,86.0,1,86.0,27,86.1,27,2,2021-12-30 09:35:02
1640856903736140000,86.1,2,86.0,47,86.1,25,1,2021-12-30 09:35:03
1640856904588588000,86.0,2,86.0,46,86.1,25,2,2021-12-30 09:35:04
1640856905086027000,86.0,2,86.0,44,86.1,25,2,2021-12-30 09:35:05
1640856905138270000,86.1,1,86.0,44,86.1,24,1,2021-12-30 09:35:05
1640856906062395000,86.1,1,86.0,44,86.1,23,1,2021-12-30 09:35:06
1640856907277775000,86.1,10,86.0,28,86.1,13,1,2021-12-30 09:35:07
1640856907309985000,86.1,2,86.0,28,86.1,11,1,2021-12-30 09:35:07
1640856907736278000,86.1,2,86.0,29,86.1,9,1,2021-12-30 09:35:07
1640856907770582000,86.1,2,86.0,29,86.1,7,1,2021-12-30 09:35:07
1640856908336722000,86.1,1,86.0,30,86.1,6,1,2021-12-30 09:35:08
1640856908364388000,86.1,1,86.0,30,86.1,5,1,2021-12-30 09:35:08
1640856908759295000,86.1,1,86.0,31,86.1,4,1,2021-12-30 09:35:08
1640856908796131000,86.1,1,86.0,31,86.1,3,1,2021-12-30 09:35:08
1640856909050764000,86.1,1,86.0,31,86.1,2,1,2021-12-30 09:35:09
1640856909088867000,86.1,1,86.0,31,86.1,1,1,2021-12-30 09:35:09
1640856909415078000,86.1,1,86.0,31,86.2,12,1,2021-12-30 09:35:09
1640856912313979000,86.2,1,86.1,27,86.2,11,1,2021-12-30 09:35:12
1640856912410752000,86.1,1,86.1,27,86.2,11,2,2021-12-30 09:35:12
1640856912605004000,86.2,1,86.1,28,86.2,10,1,2021-12-30 09:35:12
1640856912684382000,86.2,1,86.1,28,86.2,9,1,2021-12-30 09:35:12
1640856913391413000,86.2,1,86.1,29,86.2,8,1,2021-12-30 09:35:13
1640856913766647000,86.2,1,86.1,29,86.2,7,1,2021-12-30 09:35:13
1640856913871230000,86.2,1,86.1,29,86.2,6,1,2021-12-30 09:35:13
1640856914022493000,86.2,1,86.1,29,86.2,6,1,2021-12-30 09:35:14
1640856914561213000,86.2,1,86.1,29,86.2,5,1,2021-12-30 09:35:14
1640856915846802000,86.2,1,86.1,31,86.2,4,1,2021-12-30 09:35:15
1640856917197014000,86.2,2,86.1,33,86.2,2,1,2021-12-30 09:35:17
1640856917343022000,86.2,2,86.1,33,86.3,12,1,2021-12-30 09:35:17
1640856918783732000,86.3,1,86.2,1,86.3,11,1,2021-12-30 09:35:18
1640856919723660000,86.3,1,86.2,2,86.3,11,1,2021-12-30 09:35:19
1640856922160427000,86.3,10,86.2,8,86.3,1,1,2021-12-30 09:35:22
1640856922193257000,86.3,1,86.2,8,86.4,14,1,2021-12-30 09:35:22
1640856923792730000,86.4,1,86.3,2,86.4,13,1,2021-12-30 09:35:23
1640856926848657000,86.3,1,86.3,9,86.4,13,2,2021-12-30 09:35:26
1640856926958677000,86.4,2,86.3,9,86.4,11,1,2021-12-30 09:35:26
1640856927086930000,86.4,2,86.3,9,86.4,9,1,2021-12-30 09:35:27
1640856927176223000,86.4,3,86.3,9,86.4,6,1,2021-12-30 09:35:27
1640856927483390000,86.4,1,86.3,9,86.4,5,1,2021-12-30 09:35:27
1640856928176585000,86.4,1,86.3,10,86.4,4,1,2021-12-30 09:35:28
1640856928789597000,86.4,1,86.3,11,86.4,3,1,2021-12-30 09:35:28
1640856929331641000,86.4,1,86.3,13,86.4,2,1,2021-12-30 09:35:29
1640856929504524000,86.4,1,86.3,14,86.4,1,1,2021-12-30 09:35:29
1640856930248894000,86.4,1,86.3,14,86.5,35,1,2021-12-30 09:35:30
1640856930248894000,86.5,9,86.3,14,86.5,35,1,2021-12-30 09:35:30
1640856932040174000,86.4,1,86.4,12,86.5,35,2,2021-12-30 09:35:32
1640856933080511000,86.5,1,86.4,13,86.5,34,1,2021-12-30 09:35:33
1640856934769422000,86.4,1,86.4,30,86.5,34,2,2021-12-30 09:35:34
1640856935111875000,86.5,1,86.4,30,86.5,33,1,2021-12-30 09:35:35
1640856935468929000,86.5,3,86.4,31,86.5,30,1,2021-12-30 09:35:35
1640856935916627000,86.5,5,86.4,32,86.5,25,1,2021-12-30 09:35:35
1640856936250064000,86.4,3,86.4,29,86.5,25,2,2021-12-30 09:35:36
1640856937356553000,86.5,5,86.4,33,86.5,20,1,2021-12-30 09:35:37
1640856937498349000,86.5,1,86.4,33,86.5,19,1,2021-12-30 09:35:37
1640856938271313000,86.5,5,86.4,35,86.5,14,1,2021-12-30 09:35:38
1640856939178878000,86.5,5,86.4,35,86.5,9,1,2021-12-30 09:35:39
1640856939441028000,86.5,6,86.4,35,86.5,3,1,2021-12-30 09:35:39
1640856939992796000,86.5,1,86.4,34,86.5,2,1,2021-12-30 09:35:39
1640856940229747000,86.5,2,86.4,34,86.6,13,1,2021-12-30 09:35:40
1640856940742389000,86.5,1,86.5,1,86.6,13,2,2021-12-30 09:35:40
1640856941394284000,86.6,1,86.5,3,86.6,12,1,2021-12-30 09:35:41
1640856941568794000,86.5,3,86.4,33,86.6,12,2,2021-12-30 09:35:41
1640856943110618000,86.5,1,86.4,33,86.6,12,2,2021-12-30 09:35:43
1640856944223024000,86.5,1,86.4,32,86.6,12,1,2021-12-30 09:35:44
1640856945078393000,86.5,1,86.5,1,86.6,12,2,2021-12-30 09:35:45
1640856945919912000,86.5,4,86.4,29,86.6,12,2,2021-12-30 09:35:45
1640856945919912000,86.4,3,86.4,29,86.6,12,2,2021-12-30 09:35:45
1640856946501834000,86.5,1,86.4,29,86.5,11,1,2021-12-30 09:35:46
1640856946689343000,86.5,1,86.4,29,86.5,10,1,2021-12-30 09:35:46
1640856947192380000,86.4,29,86.3,3,86.5,10,2,2021-12-30 09:35:47
1640856947192380000,86.3,21,86.3,3,86.5,10,2,2021-12-30 09:35:47
1640856947218014000,86.3,3,86.2,2,86.5,10,2,2021-12-30 09:35:47
1640856947912937000,86.3,1,86.2,2,86.3,1,1,2021-12-30 09:35:47
1640856948713161000,86.3,1,86.2,2,86.4,4,1,2021-12-30 09:35:48
1640856948713161000,86.4,1,86.2,2,86.4,4,1,2021-12-30 09:35:48
1640856949128455000,86.4,4,86.2,2,86.5,11,1,2021-12-30 09:35:49
1640856949128455000,86.5,1,86.2,2,86.5,11,1,2021-12-30 09:35:49
1640856949131785000,86.2,2,86.1,21,86.5,11,2,2021-12-30 09:35:49
1640856949131785000,86.1,3,86.1,21,86.5,11,2,2021-12-30 09:35:49
1640856949944653000,86.1,1,86.1,20,86.4,2,2,2021-12-30 09:35:49
1640856949985684000,86.4,1,86.1,20,86.4,1,1,2021-12-30 09:35:49
1640856951032147000,86.4,1,86.4,1,86.5,13,1,2021-12-30 09:35:51
1640856951069013000,86.4,1,86.1,30,86.5,12,2,2021-12-30 09:35:51
1640856952268142000,86.1,20,86.1,10,86.2,20,2,2021-12-30 09:35:52
1640856952294981000,86.1,10,86.0,14,86.2,20,2,2021-12-30 09:35:52
1640856952357646000,86.0,1,86.0,13,86.1,1,2,2021-12-30 09:35:52
1640856952792461000,86.0,7,86.0,6,86.1,21,2,2021-12-30 09:35:52
1640856952821648000,86.0,6,85.9,24,86.1,21,2,2021-12-30 09:35:52
1640856952833405000,85.9,1,85.9,23,86.1,21,2,2021-12-30 09:35:52
1640856952953110000,86.0,1,85.9,22,86.0,2,1,2021-12-30 09:35:52
1640856953841517000,85.9,1,85.9,21,86.0,2,2,2021-12-30 09:35:53
1640856955354697000,86.0,1,85.9,21,86.0,1,1,2021-12-30 09:35:55
1640856957063315000,86.0,2,85.9,21,86.0,1,1,2021-12-30 09:35:57
1640856957110437000,86.0,1,86.0,4,86.1,21,1,2021-12-30 09:35:57
1640856958895958000,86.0,1,86.0,3,86.1,1,2,2021-12-30 09:35:58
1640856960269197000,86.1,1,86.0,3,86.4,5,1,2021-12-30 09:36:00
1640856963589041000,86.0,1,86.0,3,86.3,5,2,2021-12-30 09:36:03
1640856966538092000,86.2,1,86.0,5,86.2,6,1,2021-12-30 09:36:06
1640856975464254000,86.1,1,86.0,20,86.1,1,1,2021-12-30 09:36:15
1640856977231217000,86.1,1,86.0,21,86.2,15,1,2021-12-30 09:36:17
1640856982425779000,86.1,1,86.1,6,86.2,14,2,2021-12-30 09:36:22
1640856984812966000,86.2,1,86.1,6,86.2,13,1,2021-12-30 09:36:24
1640856988480289000,86.1,8,86.0,21,86.2,14,2,2021-12-30 09:36:28
1640856988480289000,86.0,7,86.0,21,86.2,14,2,2021-12-30 09:36:28
1640856990344784000,86.2,14,86.2,6,86.3,5,1,2021-12-30 09:36:30
1640856991839485000,86.2,1,86.2,5,86.3,5,2,2021-12-30 09:36:31
1640856993306581000,86.2,5,86.0,21,86.3,6,2,2021-12-30 09:36:33
1640856996617692000,86.3,1,86.2,1,86.3,5,1,2021-12-30 09:36:36
1640856997727065000,86.2,1,86.1,1,86.3,5,2,2021-12-30 09:36:37
1640856999090649000,86.1,1,86.0,21,86.3,10,2,2021-12-30 09:36:39
1640857003249249000,86.2,1,86.0,27,86.3,10,2,2021-12-30 09:36:43
1640857003397482000,86.0,20,86.0,7,86.3,10,2,2021-12-30 09:36:43
1640857003760078000,86.1,1,86.0,7,86.3,10,2,2021-12-30 09:36:43
1640857007909775000,86.2,1,86.0,10,86.2,1,1,2021-12-30 09:36:47
1640857013946261000,86.2,2,86.1,4,86.2,5,1,2021-12-30 09:36:53
1640857015446308000,86.1,2,86.1,2,86.2,5,2,2021-12-30 09:36:55
1640857019024471000,86.1,3,86.0,41,86.2,11,2,2021-12-30 09:36:59
1640857020011412000,86.2,1,86.1,10,86.2,10,1,2021-12-30 09:37:00
1640857027160969000,86.1,2,86.1,10,86.2,10,2,2021-12-30 09:37:07
1640857038325779000,86.1,1,86.1,10,86.2,12,2,2021-12-30 09:37:18
1640857044210897000,86.2,5,86.1,10,86.2,7,1,2021-12-30 09:37:24
1640857053196376000,86.2,1,86.1,9,86.2,6,1,2021-12-30 09:37:33
1640857056951155000,86.2,2,86.1,9,86.2,5,1,2021-12-30 09:37:36
1640857057302368000,86.1,5,86.1,4,86.2,5,2,2021-12-30 09:37:37
1640857064615787000,86.2,1,86.1,3,86.2,4,1,2021-12-30 09:37:44
1640857073788519000,86.2,4,86.1,4,86.2,1,1,2021-12-30 09:37:53
1640857088662653000,86.2,1,86.1,4,86.2,2,1,2021-12-30 09:38:08
1640857094730164000,86.1,1,86.1,3,86.2,3,2,2021-12-30 09:38:14
1640857104336716000,86.1,1,86.1,3,86.2,7,2,2021-12-30 09:38:24
1640857114301163000,86.2,5,86.1,4,86.2,2,1,2021-12-30 09:38:34
1640857114524014000,86.1,1,86.1,3,86.2,2,2,2021-12-30 09:38:34
1640857117882185000,86.2,1,86.1,3,86.2,1,1,2021-12-30 09:38:37
1640857134361095000,86.1,1,86.1,3,86.2,12,2,2021-12-30 09:38:54
1640857135827692000,86.2,5,86.1,3,86.2,7,1,2021-12-30 09:38:55
1640857136603841000,86.1,1,86.1,2,86.2,7,2,2021-12-30 09:38:56
1640857138445402000,86.2,1,86.1,2,86.2,6,1,2021-12-30 09:38:58
1640857142294558000,86.1,1,86.1,1,86.2,6,2,2021-12-30 09:39:02
1640857145947067000,86.2,5,86.1,14,86.2,1,1,2021-12-30 09:39:05
1640857145975879000,86.1,1,86.1,13,86.2,1,2,2021-12-30 09:39:05
1640857147210183000,86.2,1,86.1,14,86.3,11,1,2021-12-30 09:39:07
1640857160908868000,86.2,1,86.2,1,86.3,11,2,2021-12-30 09:39:20
1640857161224195000,86.3,1,86.2,1,86.3,10,1,2021-12-30 09:39:21
1640857180346404000,86.3,1,86.2,6,86.3,10,1,2021-12-30 09:39:40
1640857183375890000,86.3,1,86.2,7,86.3,9,1,2021-12-30 09:39:43
1640857187290066000,86.2,2,86.2,7,86.3,9,2,2021-12-30 09:39:47
1640857188001945000,86.3,1,86.2,7,86.3,9,1,2021-12-30 09:39:48
1640857191725849000,86.3,5,86.2,7,86.3,4,1,2021-12-30 09:39:51
1640857194340880000,86.3,1,86.2,7,86.3,3,1,2021-12-30 09:39:54
1640857194667306000,86.3,1,86.2,6,86.3,2,1,2021-12-30 09:39:54
1640857198752372000,86.3,2,86.3,1,86.4,9,1,2021-12-30 09:39:58
1640857199727030000,86.3,1,86.3,1,86.4,8,2,2021-12-30 09:39:59
1640857202138374000,86.3,1,86.2,6,86.4,8,2,2021-12-30 09:40:02
1640857202252477000,86.3,1,86.2,6,86.4,8,2,2021-12-30 09:40:02
1640857207992903000,86.3,1,86.3,1,86.4,8,2,2021-12-30 09:40:07
1640857245781237000,86.4,3,86.3,8,86.4,10,1,2021-12-30 09:40:45
1640857257987288000,86.4,1,86.3,10,86.4,9,1,2021-12-30 09:40:57
1640857260134270000,86.3,5,86.3,5,86.4,9,2,2021-12-30 09:41:00
1640857263227287000,86.3,5,86.3,1,86.4,9,2,2021-12-30 09:41:03
1640857264641904000,86.3,1,86.3,1,86.4,9,2,2021-12-30 09:41:04
1640857268912227000,86.4,1,86.3,3,86.4,7,1,2021-12-30 09:41:08
1640857270359149000,86.3,3,86.2,8,86.4,7,2,2021-12-30 09:41:10
1640857270667719000,86.4,1,86.2,8,86.4,6,1,2021-12-30 09:41:10
1640857273481897000,86.3,1,86.3,1,86.4,6,2,2021-12-30 09:41:13
1640857286700189000,86.3,1,86.3,1,86.4,6,2,2021-12-30 09:41:26
1640857292314208000,86.3,1,86.2,7,86.4,6,2,2021-12-30 09:41:32
1640857302552395000,86.2,7,86.1,20,86.4,13,2,2021-12-30 09:41:42
1640857313525766000,86.3,1,86.1,21,86.3,2,1,2021-12-30 09:41:53
1640857324264520000,86.2,1,86.1,21,86.2,1,1,2021-12-30 09:42:04
1640857328016719000,86.2,1,86.1,21,86.3,15,1,2021-12-30 09:42:08
1640857336880917000,86.3,1,86.1,21,86.3,16,1,2021-12-30 09:42:16
1640857337450656000,86.2,2,86.2,1,86.3,16,2,2021-12-30 09:42:17
1640857340543309000,86.2,2,86.1,20,86.3,16,2,2021-12-30 09:42:20
1640857343849302000,86.1,1,86.1,19,86.3,16,2,2021-12-30 09:42:23
1640857360636219000,86.2,1,86.1,19,86.2,2,1,2021-12-30 09:42:40
1640857379187447000,86.2,3,86.1,21,86.2,7,1,2021-12-30 09:42:59
1640857381697676000,86.2,1,86.1,21,86.2,12,1,2021-12-30 09:43:01
1640857397487624000,86.1,10,86.1,11,86.2,14,2,2021-12-30 09:43:17
1640857397517589000,86.1,11,86.0,57,86.2,14,2,2021-12-30 09:43:17
1640857405446696000,86.0,57,85.9,15,86.0,3,2,2021-12-30 09:43:25
1640857405530364000,85.9,2,85.9,13,86.0,5,2,2021-12-30 09:43:25
1640857405534507000,85.9,1,85.9,12,86.0,6,2,2021-12-30 09:43:25
1640857405538871000,85.9,1,85.9,11,86.0,7,2,2021-12-30 09:43:25
1640857405541013000,85.9,1,85.9,10,86.0,7,2,2021-12-30 09:43:25
1640857405566661000,85.9,10,85.8,38,86.0,7,2,2021-12-30 09:43:25
1640857405581661000,85.8,1,85.8,37,86.0,7,2,2021-12-30 09:43:25
1640857407086206000,85.8,37,85.7,18,85.8,23,2,2021-12-30 09:43:27
1640857407109935000,85.7,1,85.7,16,85.8,23,2,2021-12-30 09:43:27
1640857407143264000,85.7,1,85.7,15,85.8,23,2,2021-12-30 09:43:27
1640857409807107000,85.7,1,85.7,14,85.8,23,2,2021-12-30 09:43:29
1640857410037083000,85.7,4,85.7,10,85.8,23,2,2021-12-30 09:43:30
1640857410341186000,85.7,10,85.6,5,85.8,23,2,2021-12-30 09:43:30
1640857410414269000,85.6,1,85.6,4,85.7,1,2,2021-12-30 09:43:30
1640857414447191000,85.6,4,85.2,35,85.7,1,2,2021-12-30 09:43:34
1640857414447191000,85.5,10,85.2,35,85.7,1,2,2021-12-30 09:43:34
1640857414447191000,85.4,3,85.2,35,85.7,1,2,2021-12-30 09:43:34
1640857414447191000,85.3,9,85.2,35,85.7,1,2,2021-12-30 09:43:34
1640857414447191000,85.2,4,85.2,35,85.7,1,2,2021-12-30 09:43:34
1640857414477750000,85.2,1,85.2,34,85.6,1,2,2021-12-30 09:43:34
1640857423758629000,85.6,1,85.2,27,85.6,6,1,2021-12-30 09:43:43
1640857434866883000,85.3,1,85.3,1,85.5,1,2,2021-12-30 09:43:54
1640857435092902000,85.3,1,85.2,34,85.5,1,2,2021-12-30 09:43:55
1640857439878633000,85.3,1,85.3,1,85.5,3,2,2021-12-30 09:43:59
1640857444891046000,85.3,1,85.3,1,85.5,3,2,2021-12-30 09:44:04
1640857445608067000,85.3,1,85.2,34,85.5,3,2,2021-12-30 09:44:05
1640857446703901000,85.3,1,85.2,34,85.5,3,1,2021-12-30 09:44:06
1640857447890962000,85.3,4,85.2,34,85.5,3,1,2021-12-30 09:44:07
1640857448300192000,85.3,1,85.2,34,85.5,3,1,2021-12-30 09:44:08
1640857465434176000,85.4,1,85.3,5,85.5,12,2,2021-12-30 09:44:25
1640857469171177000,85.4,1,85.4,1,85.5,12,1,2021-12-30 09:44:29
1640857470596713000,85.4,1,85.3,4,85.5,12,2,2021-12-30 09:44:30
1640857479180583000,85.4,1,85.3,5,85.5,10,1,2021-12-30 09:44:39
1640857487039180000,85.4,1,85.4,1,85.5,11,2,2021-12-30 09:44:47
1640857487789492000,85.4,1,85.4,2,85.5,11,2,2021-12-30 09:44:47
1640857492698025000,85.4,1,85.4,1,85.5,11,2,2021-12-30 09:44:52
1640857494753449000,85.4,1,85.4,2,85.5,11,2,2021-12-30 09:44:54
1640857495043619000,85.4,1,85.4,1,85.5,11,2,2021-12-30 09:44:55
1640857495403772000,85.4,1,85.3,7,85.5,11,2,2021-12-30 09:44:55
1640857501006915000,85.4,1,85.3,8,85.4,1,1,2021-12-30 09:45:01
1640857514557503000,85.4,1,85.3,8,85.4,3,1,2021-12-30 09:45:14
1640857521146146000,85.4,1,85.3,11,85.4,2,1,2021-12-30 09:45:21
1640857527425394000,85.4,1,85.3,12,85.4,1,1,2021-12-30 09:45:27
1640857535419289000,85.4,1,85.3,13,85.5,9,1,2021-12-30 09:45:35
1640857538531268000,85.4,2,85.3,13,85.5,10,2,2021-12-30 09:45:38
1640857541589949000,85.5,10,85.8,11,86.0,17,1,2021-12-30 09:45:41
1640857541589949000,85.6,3,85.8,11,86.0,17,1,2021-12-30 09:45:41
1640857541589949000,85.7,2,85.8,11,86.0,17,1,2021-12-30 09:45:41
1640857541589949000,85.8,24,85.8,11,86.0,17,1,2021-12-30 09:45:41
1640857545805456000,85.8,11,85.4,4,86.0,17,2,2021-12-30 09:45:45
1640857554674147000,85.8,1,85.5,1,85.8,2,1,2021-12-30 09:45:54
1640857563112285000,85.8,1,85.6,1,85.9,1,1,2021-12-30 09:46:03
1640857583029140000,85.9,4,85.9,46,86.0,16,1,2021-12-30 09:46:23
1640857583974289000,86.0,1,85.9,46,86.0,14,1,2021-12-30 09:46:23
1640857588826429000,86.0,10,85.9,46,86.0,4,1,2021-12-30 09:46:28
1640857588860942000,86.0,4,85.9,46,86.1,12,1,2021-12-30 09:46:28
1640857615086253000,86.1,1,86.0,13,86.1,11,1,2021-12-30 09:46:55
1640857615586876000,86.0,1,86.0,12,86.1,11,2,2021-12-30 09:46:55
1640857619260980000,86.1,1,86.0,12,86.1,10,1,2021-12-30 09:46:59
1640857624998761000,86.0,1,86.0,13,86.1,10,2,2021-12-30 09:47:04
1640857625220943000,86.1,1,86.0,13,86.1,9,1,2021-12-30 09:47:05
1640857626908799000,86.1,9,86.1,1,86.2,9,1,2021-12-30 09:47:06
1640857628249693000,86.1,1,86.0,13,86.2,9,2,2021-12-30 09:47:08
1640857632267956000,86.0,2,86.0,11,86.1,1,2,2021-12-30 09:47:12
1640857634873743000,86.0,11,85.9,46,86.1,9,2,2021-12-30 09:47:14
1640857636077751000,85.9,4,85.9,42,86.0,12,2,2021-12-30 09:47:16
1640857636105032000,85.9,1,85.9,41,86.0,12,2,2021-12-30 09:47:16
1640857636579883000,86.0,1,85.9,41,86.0,11,1,2021-12-30 09:47:16
1640857637821789000,86.0,1,85.9,41,86.0,11,1,2021-12-30 09:47:17
1640857639948424000,85.9,1,85.9,40,86.0,12,2,2021-12-30 09:47:19
1640857641222676000,85.9,16,85.9,26,86.0,12,2,2021-12-30 09:47:21
1640857641252609000,85.9,15,85.9,11,86.0,12,2,2021-12-30 09:47:21
1640857641253031000,85.9,6,85.8,1,86.0,12,2,2021-12-30 09:47:21
1640857641253594000,85.9,5,85.8,1,86.0,12,2,2021-12-30 09:47:21
1640857642047780000,85.8,1,85.7,1,85.9,1,2,2021-12-30 09:47:22
1640857642047780000,85.7,1,85.7,1,85.9,1,2,2021-12-30 09:47:22
1640857642098856000,85.7,1,85.6,8,85.9,1,2,2021-12-30 09:47:22
1640857656683027000,85.6,2,85.6,6,85.7,1,2,2021-12-30 09:47:36
1640857666131690000,85.8,1,85.6,6,85.9,5,1,2021-12-30 09:47:46
1640857666131690000,85.9,1,85.6,6,85.9,5,1,2021-12-30 09:47:46
1640857670105789000,85.6,2,85.6,4,85.9,4,2,2021-12-30 09:47:50
1640857686265821000,85.7,1,85.6,4,85.8,1,1,2021-12-30 09:48:06
1640857688710549000,85.6,1,85.6,3,85.8,1,2,2021-12-30 09:48:08
1640857694308977000,85.6,1,85.6,2,85.8,7,2,2021-12-30 09:48:14
1640857697465163000,85.6,1,85.6,1,85.8,8,2,2021-12-30 09:48:17
1640857731542474000,85.7,1,85.6,8,85.8,7,2,2021-12-30 09:48:51
1640857751586479000,85.8,1,85.7,3,85.8,2,1,2021-12-30 09:49:11
1640857757155717000,85.7,2,85.7,1,85.8,2,2,2021-12-30 09:49:17
1640857758536188000,85.7,1,85.6,8,85.8,2,2,2021-12-30 09:49:18
1640857769624363000,85.7,1,85.6,8,85.8,2,2,2021-12-30 09:49:29
1640857799817138000,85.6,5,85.6,3,85.7,5,2,2021-12-30 09:49:59
1640857799839089000,85.6,3,85.5,9,85.7,5,2,2021-12-30 09:49:59
1640857804522605000,85.7,1,85.5,8,85.7,4,1,2021-12-30 09:50:04
1640857809493747000,85.5,3,85.5,5,85.7,4,2,2021-12-30 09:50:09
1640857812472913000,85.5,1,85.5,5,85.7,4,2,2021-12-30 09:50:12
1640857872038434000,85.6,5,85.6,5,85.7,5,2,2021-12-30 09:51:12
1640857874838901000,85.6,1,85.6,4,85.7,5,2,2021-12-30 09:51:14
1640857881059077000,85.6,1,85.6,3,85.7,5,2,2021-12-30 09:51:21
1640857881645371000,85.6,1,85.6,2,85.7,5,2,2021-12-30 09:51:21
1640857891632268000,85.6,1,85.6,3,85.7,5,2,2021-12-30 09:51:31
1640857899494012000,85.6,1,85.6,2,85.7,5,2,2021-12-30 09:51:39
1640857903509155000,85.6,1,85.6,1,85.7,5,2,2021-12-30 09:51:43
1640857908034102000,85.7,1,85.6,1,85.7,4,1,2021-12-30 09:51:48
1640857912373836000,85.7,2,85.6,1,85.7,2,1,2021-12-30 09:51:52
1640857919180891000,85.7,1,85.5,12,85.7,1,1,2021-12-30 09:51:59
1640857932007484000,85.6,1,85.6,1,85.7,1,2,2021-12-30 09:52:12
1640857938861265000,85.6,1,85.5,13,85.6,1,2,2021-12-30 09:52:18
1640857940610546000,85.6,1,85.5,13,85.6,1,1,2021-12-30 09:52:20
1640857944491942000,85.5,13,85.4,16,85.5,7,2,2021-12-30 09:52:24
1640857951195858000,85.4,5,85.4,11,85.5,7,2,2021-12-30 09:52:31
1640857958069392000,85.5,7,85.4,11,85.6,1,1,2021-12-30 09:52:38
1640857974752584000,85.4,1,85.4,10,85.5,2,2,2021-12-30 09:52:54
1640857978841440000,85.5,3,85.4,10,86.1,4,1,2021-12-30 09:52:58
1640857978841440000,85.6,3,85.4,10,86.1,4,1,2021-12-30 09:52:58
1640857978841440000,85.7,2,85.4,10,86.1,4,1,2021-12-30 09:52:58
1640857978841440000,85.8,4,85.4,10,86.1,4,1,2021-12-30 09:52:58
1640857978841440000,85.9,14,85.4,10,86.1,4,1,2021-12-30 09:52:58
1640857978841440000,86.0,5,85.4,10,86.1,4,1,2021-12-30 09:52:58
1640857980268689000,85.4,2,85.4,9,86.0,5,2,2021-12-30 09:53:00
1640857989512001000,85.6,1,85.5,1,85.7,5,2,2021-12-30 09:53:09
1640857998351796000,85.6,1,85.5,3,85.6,1,1,2021-12-30 09:53:18
1640858010224407000,85.6,1,85.5,4,85.6,3,1,2021-12-30 09:53:30
1640858012795093000,85.6,1,85.5,4,85.6,2,1,2021-12-30 09:53:32
1640858013557168000,85.6,1,85.5,4,85.6,1,1,2021-12-30 09:53:33
1640858023649401000,85.6,1,85.5,5,85.9,5,1,2021-12-30 09:53:43
1640858023649401000,85.8,11,85.5,5,85.9,5,1,2021-12-30 09:53:43
1640858025431288000,85.5,3,85.5,2,85.9,12,2,2021-12-30 09:53:45
1640858036679557000,85.5,2,85.4,13,85.5,32,2,2021-12-30 09:53:56
1640858041493272000,85.4,1,85.4,11,85.5,32,2,2021-12-30 09:54:01
1640858044290725000,85.4,9,85.4,2,85.5,34,2,2021-12-30 09:54:04
1640858044330277000,85.4,2,85.3,34,85.5,34,2,2021-12-30 09:54:04
1640858051298208000,85.3,1,85.3,33,85.4,2,2,2021-12-30 09:54:11
1640858055967830000,85.3,1,85.3,32,85.4,2,2,2021-12-30 09:54:15
1640858056545193000,85.4,2,85.3,32,85.5,34,1,2021-12-30 09:54:16
1640858057759670000,85.3,2,85.3,30,85.5,34,2,2021-12-30 09:54:17
1640858058128406000,85.3,1,85.3,29,85.5,34,2,2021-12-30 09:54:18
1640858058239319000,85.3,1,85.3,28,85.5,34,2,2021-12-30 09:54:18
1640858059744321000,85.4,1,85.3,28,85.5,34,2,2021-12-30 09:54:19
1640858067787135000,85.3,1,85.3,29,85.4,1,2,2021-12-30 09:54:27
1640858078447941000,85.3,1,85.3,28,85.4,1,2,2021-12-30 09:54:38
1640858081375544000,85.3,28,85.2,54,85.3,4,2,2021-12-30 09:54:41
1640858085961914000,85.2,50,85.2,4,85.3,19,2,2021-12-30 09:54:45
1640858085985003000,85.2,4,85.1,12,85.3,19,2,2021-12-30 09:54:45
1640858086067199000,85.1,5,85.1,7,85.2,2,2,2021-12-30 09:54:46
1640858086101521000,85.1,1,85.1,6,85.2,2,2,2021-12-30 09:54:46
1640858086187349000,85.1,5,85.1,1,85.2,2,2,2021-12-30 09:54:46
1640858086210640000,85.1,1,85.0,39,85.2,2,2,2021-12-30 09:54:46
1640858087553689000,85.0,1,85.0,38,85.2,2,2,2021-12-30 09:54:47
1640858087658230000,85.0,5,85.0,33,85.2,2,2,2021-12-30 09:54:47
1640858087672459000,85.0,1,85.0,32,85.2,2,2,2021-12-30 09:54:47
1640858088455574000,85.0,32,84.9,8,85.0,18,2,2021-12-30 09:54:48
1640858089809062000,84.9,1,84.9,7,85.0,18,2,2021-12-30 09:54:49
1640858089911301000,84.9,5,84.9,2,85.0,18,2,2021-12-30 09:54:49
1640858093150870000,84.9,2,84.8,17,85.2,12,2,2021-12-30 09:54:53
1640858093217448000,84.8,1,84.8,16,85.2,12,2,2021-12-30 09:54:53
1640858097939680000,84.8,1,84.8,15,85.1,11,2,2021-12-30 09:54:57
1640858109577550000,84.9,1,84.9,3,85.0,16,2,2021-12-30 09:55:09
1640858110578430000,84.9,3,84.8,15,84.9,1,2,2021-12-30 09:55:10
1640858112176590000,84.9,1,85.3,2,85.5,2,1,2021-12-30 09:55:12
1640858112176590000,85.0,16,85.3,2,85.5,2,1,2021-12-30 09:55:12
1640858112176590000,85.1,11,85.3,2,85.5,2,1,2021-12-30 09:55:12
1640858112176590000,85.2,12,85.3,2,85.5,2,1,2021-12-30 09:55:12
1640858112176590000,85.3,3,85.3,2,85.5,2,1,2021-12-30 09:55:12
1640858117632914000,85.3,2,85.0,1,85.5,9,2,2021-12-30 09:55:17
1640858119437884000,85.5,2,85.0,2,85.5,8,1,2021-12-30 09:55:19
1640858165624073000,85.1,1,85.1,4,85.4,10,2,2021-12-30 09:56:05
1640858166423714000,85.4,1,85.2,1,85.4,9,1,2021-12-30 09:56:06
1640858174496295000,85.4,1,85.3,3,85.4,8,1,2021-12-30 09:56:14
1640858176504693000,85.4,1,85.3,3,85.4,7,1,2021-12-30 09:56:16
1640858176926878000,85.4,1,85.3,3,85.4,6,1,2021-12-30 09:56:16
1640858198813346000,85.4,1,85.3,3,85.4,6,1,2021-12-30 09:56:38
1640858213574515000,85.3,2,85.3,1,85.4,6,2,2021-12-30 09:56:53
1640858214269531000,85.3,1,85.2,2,85.4,6,2,2021-12-30 09:56:54
1640858228117236000,85.4,1,85.2,2,85.4,5,1,2021-12-30 09:57:08
1640858252868851000,85.4,4,85.4,1,85.5,6,1,2021-12-30 09:57:32
1640858254304263000,85.4,1,85.2,3,85.5,5,2,2021-12-30 09:57:34
1640858273294293000,85.4,1,85.2,4,85.5,8,2,2021-12-30 09:57:53
1640858305761946000,85.4,1,85.3,2,85.5,6,1,2021-12-30 09:58:25
1640858311129285000,85.3,1,85.3,1,85.4,1,2,2021-12-30 09:58:31
1640858326732547000,85.4,1,85.3,1,85.4,1,1,2021-12-30 09:58:46
1640858333493778000,85.4,1,85.3,1,85.5,6,1,2021-12-30 09:58:53
1640858361510191000,85.4,1,85.3,2,85.5,5,1,2021-12-30 09:59:21
1640858373371387000,85.4,1,85.3,1,85.5,11,2,2021-12-30 09:59:33
1640858448122504000,85.3,1,85.2,3,85.4,3,2,2021-12-30 10:00:48
1640858475767258000,85.3,1,85.2,3,85.4,2,2,2021-12-30 10:01:15
1640858590608799000,85.3,2,85.2,3,85.4,2,2,2021-12-30 10:03:10
1640858614896759000,85.3,1,85.2,3,85.4,3,2,2021-12-30 10:03:34
1640858631695438000,85.3,1,85.2,13,85.3,1,1,2021-12-30 10:03:51
1640858633937375000,85.3,1,85.2,13,85.4,3,1,2021-12-30 10:03:53
1640858662452200000,85.2,1,85.2,13,85.4,2,2,2021-12-30 10:04:22
1640858680529948000,85.2,1,85.2,11,85.3,1,2,2021-12-30 10:04:40
1640858696628766000,85.2,1,85.2,11,85.3,4,2,2021-12-30 10:04:56
1640858719153727000,85.2,1,85.2,10,85.3,4,2,2021-12-30 10:05:19
1640858752612925000,85.2,1,85.2,10,85.3,4,2,2021-12-30 10:05:52
1640858765993747000,85.2,1,85.2,9,85.3,3,2,2021-12-30 10:06:05
1640858774815037000,85.2,2,85.2,7,85.3,3,2,2021-12-30 10:06:14
1640858779872384000,85.2,1,85.2,6,85.3,3,2,2021-12-30 10:06:19
1640858801482730000,85.3,1,85.2,6,85.3,2,1,2021-12-30 10:06:41
1640858809332675000,85.2,1,85.2,5,85.3,2,2,2021-12-30 10:06:49
1640858813217808000,85.3,1,85.2,5,85.3,1,1,2021-12-30 10:06:53
1640858822151510000,85.3,1,85.2,5,85.4,2,1,2021-12-30 10:07:02
1640858859331042000,85.3,1,85.2,5,85.4,4,1,2021-12-30 10:07:39
1640858895245185000,85.3,1,85.2,5,85.3,1,1,2021-12-30 10:08:15
1640859016662622000,85.2,1,85.2,5,85.3,3,2,2021-12-30 10:10:16
1640859016694520000,85.2,5,85.1,9,85.3,3,2,2021-12-30 10:10:16
1640859024032378000,85.2,1,85.2,3,85.3,3,2,2021-12-30 10:10:24
1640859024052120000,85.2,3,85.1,8,85.3,3,2,2021-12-30 10:10:24
1640859054613262000,85.1,1,85.1,7,85.3,6,2,2021-12-30 10:10:54
1640859056656367000,85.1,1,85.1,6,85.3,6,2,2021-12-30 10:10:56
1640859068140796000,85.1,10,85.0,9,85.2,10,2,2021-12-30 10:11:08
1640859075271190000,85.1,1,85.0,8,85.2,10,2,2021-12-30 10:11:15
1640859080263562000,85.0,1,85.0,7,85.2,10,2,2021-12-30 10:11:20
1640859085925505000,85.0,1,85.0,6,85.2,10,2,2021-12-30 10:11:25
1640859088576366000,85.0,1,85.0,5,85.2,10,2,2021-12-30 10:11:28
1640859101019170000,85.0,4,84.9,19,85.0,1,2,2021-12-30 10:11:41
1640859106043343000,85.0,1,84.9,15,85.2,17,1,2021-12-30 10:11:46
1640859106043343000,85.2,1,84.9,15,85.2,17,1,2021-12-30 10:11:46
1640859215237243000,85.0,1,84.9,16,85.0,2,2,2021-12-30 10:13:35
1640859231205883000,84.9,10,84.9,6,85.0,3,2,2021-12-30 10:13:51
1640859238878299000,84.9,1,84.9,5,85.0,3,2,2021-12-30 10:13:58
1640859243970740000,84.9,6,84.8,52,84.9,3,2,2021-12-30 10:14:03
1640859245309583000,84.8,1,84.8,51,84.9,3,2,2021-12-30 10:14:05
1640859247242555000,84.8,1,84.8,50,84.9,3,2,2021-12-30 10:14:07
1640859251768880000,84.8,1,84.8,49,84.9,4,2,2021-12-30 10:14:11
1640859258588672000,84.8,5,84.8,44,84.9,4,2,2021-12-30 10:14:18
1640859260288473000,84.8,4,84.8,40,84.9,4,2,2021-12-30 10:14:20
1640859261043431000,84.8,5,84.8,35,84.9,4,2,2021-12-30 10:14:21
1640859264054760000,84.8,1,84.8,33,84.9,5,2,2021-12-30 10:14:24
1640859266461428000,84.8,1,84.8,32,84.9,6,2,2021-12-30 10:14:26
1640859271655271000,84.8,1,84.8,31,84.9,10,2,2021-12-30 10:14:31
1640859279510275000,84.9,1,84.8,30,84.9,9,1,2021-12-30 10:14:39
1640859284269635000,84.9,9,84.9,31,85.0,4,1,2021-12-30 10:14:44
1640859294127219000,85.0,3,84.9,45,85.0,1,1,2021-12-30 10:14:54
1640859294157104000,85.0,1,84.9,45,85.1,2,1,2021-12-30 10:14:54
1640859302136787000,85.0,2,85.0,13,85.1,2,2,2021-12-30 10:15:02
1640859326057105000,85.0,1,85.0,12,85.1,2,2,2021-12-30 10:15:26
1640859341965926000,85.0,1,85.0,18,85.1,2,2,2021-12-30 10:15:41
1640859354687739000,85.0,5,85.0,14,85.1,3,2,2021-12-30 10:15:54
1640859362837488000,85.0,6,85.0,9,85.1,3,2,2021-12-30 10:16:02
1640859367968951000,85.0,2,85.0,7,85.1,3,2,2021-12-30 10:16:07
1640859385384498000,85.0,1,85.0,7,85.1,3,2,2021-12-30 10:16:25
1640859410899769000,85.0,1,85.0,8,85.1,3,2,2021-12-30 10:16:50
1640859439093944000,85.0,1,85.0,16,85.1,3,2,2021-12-30 10:17:19
1640859444918294000,85.0,1,85.0,15,85.1,3,2,2021-12-30 10:17:24
1640859458664285000,85.0,5,85.0,10,85.1,5,2,2021-12-30 10:17:38
1640859528018414000,85.0,1,85.0,9,85.1,5,2,2021-12-30 10:18:48
1640859588848925000,85.1,1,85.0,10,85.1,4,1,2021-12-30 10:19:48
1640859594452480000,85.1,1,85.0,10,85.1,2,1,2021-12-30 10:19:54
1640859599199411000,85.1,1,85.0,10,85.2,19,1,2021-12-30 10:19:59
1640859615013318000,85.1,1,85.0,11,85.1,1,1,2021-12-30 10:20:15
1640859624421479000,85.1,1,85.0,11,85.2,18,1,2021-12-30 10:20:24
1640859626503982000,85.1,3,85.1,17,85.2,18,1,2021-12-30 10:20:26
1640859649563137000,85.1,20,85.0,9,85.2,19,2,2021-12-30 10:20:49
1640859649563137000,85.0,2,85.0,9,85.2,19,2,2021-12-30 10:20:49
1640859662658095000,85.0,12,84.8,12,84.9,7,2,2021-12-30 10:21:02
1640859662658095000,84.9,31,84.8,12,84.9,7,2,2021-12-30 10:21:02
1640859676533207000,84.8,2,84.8,8,84.9,7,2,2021-12-30 10:21:16
1640859677043196000,84.8,1,84.8,7,84.9,7,2,2021-12-30 10:21:17
1640859680108882000,84.8,1,84.8,6,84.9,7,2,2021-12-30 10:21:20
1640859680726039000,84.8,1,84.8,5,84.9,10,2,2021-12-30 10:21:20
1640859680755944000,84.8,5,84.7,15,84.9,10,2,2021-12-30 10:21:20
1640859692274339000,84.7,1,84.7,14,84.9,8,2,2021-12-30 10:21:32
1640859692324152000,84.7,1,84.7,13,84.9,8,2,2021-12-30 10:21:32
1640859696000904000,84.7,1,84.7,12,84.9,8,2,2021-12-30 10:21:36
1640859698278324000,84.9,7,84.9,3,85.1,5,1,2021-12-30 10:21:38
1640859702471562000,84.9,1,84.9,2,85.1,13,2,2021-12-30 10:21:42
1640859728392312000,84.9,1,84.9,13,85.0,6,2,2021-12-30 10:22:08
1640859732880982000,84.9,1,84.9,12,85.0,6,2,2021-12-30 10:22:12
1640859765290583000,85.0,1,84.9,20,85.0,6,1,2021-12-30 10:22:45
1640859785745950000,85.0,1,84.9,21,85.0,5,1,2021-12-30 10:23:05
1640859792240564000,85.0,1,84.9,21,85.0,4,1,2021-12-30 10:23:12
1640859792880278000,85.0,4,85.0,4,85.1,6,1,2021-12-30 10:23:12
1640859803364904000,85.0,1,85.0,5,85.1,6,2,2021-12-30 10:23:23
1640859851258123000,85.0,1,85.0,4,85.1,8,2,2021-12-30 10:24:11
1640859853135253000,85.0,4,84.9,14,85.1,8,2,2021-12-30 10:24:13
1640859888408977000,85.0,1,84.9,14,85.1,7,1,2021-12-30 10:24:48
1640860004440096000,85.0,8,84.9,14,85.1,16,2,2021-12-30 10:26:44
1640860033942199000,84.9,14,84.8,3,84.9,6,2,2021-12-30 10:27:13
1640860068886597000,84.9,1,84.8,3,84.9,6,1,2021-12-30 10:27:48
1640860079617249000,84.8,4,84.7,13,84.9,6,2,2021-12-30 10:27:59
1640860079617249000,84.7,1,84.7,13,84.9,6,2,2021-12-30 10:27:59
1640860112454882000,84.8,1,84.7,14,84.9,6,1,2021-12-30 10:28:32
1640860124866886000,84.8,1,84.7,14,84.9,6,2,2021-12-30 10:28:44
1640860127811227000,84.8,1,84.8,9,84.9,6,2,2021-12-30 10:28:47
1640860159743316000,84.8,1,84.8,14,84.9,6,2,2021-12-30 10:29:19
1640860160511987000,84.8,1,84.8,13,84.9,6,2,2021-12-30 10:29:20
1640860170904502000,84.8,2,84.8,11,84.9,6,2,2021-12-30 10:29:30
1640860202041511000,84.8,1,84.8,10,84.9,6,2,2021-12-30 10:30:02
1640860212178454000,84.9,6,84.8,9,85.1,2,1,2021-12-30 10:30:12
1640860212178454000,85.0,5,84.8,9,85.1,2,1,2021-12-30 10:30:12
1640860212178454000,85.1,9,84.8,9,85.1,2,1,2021-12-30 10:30:12
1640860275164432000,85.1,2,85.1,1,85.2,12,1,2021-12-30 10:31:15
1640860392302958000,85.1,1,85.1,3,85.2,12,2,2021-12-30 10:33:12
1640860395720881000,85.1,3,85.0,4,85.2,12,2,2021-12-30 10:33:15
1640860466919565000,85.1,2,85.0,6,85.2,12,1,2021-12-30 10:34:26
1640860565164619000,85.1,1,85.0,9,85.2,13,2,2021-12-30 10:36:05
1640860618771408000,85.1,1,85.0,8,85.2,14,2,2021-12-30 10:36:58
1640860638084329000,85.0,2,85.0,6,85.2,14,2,2021-12-30 10:37:18
1640860664285544000,85.0,1,85.0,5,85.1,1,2,2021-12-30 10:37:44
1640860681777598000,85.0,5,84.9,6,85.0,6,2,2021-12-30 10:38:01
1640860699375310000,84.9,6,84.8,11,85.0,6,2,2021-12-30 10:38:19
1640860699375310000,84.8,1,84.8,11,85.0,6,2,2021-12-30 10:38:19
1640860702794847000,84.8,10,84.8,1,85.0,6,2,2021-12-30 10:38:22
1640860702873210000,84.8,1,84.7,11,85.0,7,2,2021-12-30 10:38:22
1640860725727170000,84.7,6,84.7,5,85.0,7,2,2021-12-30 10:38:45
1640860731456811000,84.7,1,84.7,4,85.0,7,2,2021-12-30 10:38:51
1640860732502507000,84.7,3,84.7,6,85.0,7,2,2021-12-30 10:38:52
1640860734070577000,84.7,1,84.7,5,84.9,1,2,2021-12-30 10:38:54
1640860739684730000,84.7,2,84.7,3,84.9,1,2,2021-12-30 10:38:59
1640860747055401000,84.7,4,84.6,24,84.7,2,2,2021-12-30 10:39:07
1640860756082094000,84.6,3,84.6,21,84.7,2,2,2021-12-30 10:39:16
1640860758826767000,84.6,21,84.4,11,84.5,3,2,2021-12-30 10:39:18
1640860758826767000,84.5,46,84.4,11,84.5,3,2,2021-12-30 10:39:18
1640860758854464000,84.5,3,84.4,11,84.7,2,1,2021-12-30 10:39:18
1640860759650119000,84.4,9,84.4,2,84.7,3,2,2021-12-30 10:39:19
1640860768034665000,84.6,1,84.4,3,84.7,2,1,2021-12-30 10:39:28
1640860768034665000,84.7,1,84.4,3,84.7,2,1,2021-12-30 10:39:28
1640860771544285000,84.5,1,84.4,3,84.7,2,1,2021-12-30 10:39:31
1640860777456085000,84.4,1,84.4,12,84.7,1,2,2021-12-30 10:39:37
1640860782118601000,84.4,2,84.4,10,84.7,1,2,2021-12-30 10:39:42
1640860807225628000,84.6,1,84.4,15,84.6,1,1,2021-12-30 10:40:07
1640860811963040000,84.6,1,84.4,23,84.7,3,1,2021-12-30 10:40:11
1640860834417427000,84.6,1,84.6,2,84.7,3,2,2021-12-30 10:40:34
1640860837468538000,84.7,1,84.6,2,84.7,4,1,2021-12-30 10:40:37
1640860845206624000,84.6,1,84.6,3,84.7,2,2,2021-12-30 10:40:45
1640860845969451000,84.6,3,84.5,2,84.7,2,2,2021-12-30 10:40:45
1640860848378626000,84.5,1,84.5,1,84.7,2,2,2021-12-30 10:40:48
1640860858345423000,84.5,1,84.4,20,84.6,1,2,2021-12-30 10:40:58
1640860873505277000,84.4,1,84.4,19,84.5,1,2,2021-12-30 10:41:13
1640860874458573000,84.5,1,84.4,19,84.6,1,1,2021-12-30 10:41:14
1640860881446403000,84.5,1,84.4,19,84.6,1,2,2021-12-30 10:41:21
1640860881754815000,84.5,3,84.5,2,84.6,1,1,2021-12-30 10:41:21
1640860886275223000,84.5,2,84.4,19,84.6,1,2,2021-12-30 10:41:26
1640860910786295000,84.5,1,84.5,3,84.6,1,2,2021-12-30 10:41:50
1640860911043359000,84.5,1,84.5,2,84.6,1,2,2021-12-30 10:41:51
1640860912307772000,84.5,2,84.4,20,84.5,3,2,2021-12-30 10:41:52
1640860919291979000,84.5,1,84.4,20,84.5,2,1,2021-12-30 10:41:59
1640860931351632000,84.5,2,84.4,20,84.6,1,1,2021-12-30 10:42:11
1640860931953390000,84.4,5,84.4,15,84.6,1,2,2021-12-30 10:42:11
1640860957337534000,84.5,1,84.5,2,84.6,1,2,2021-12-30 10:42:37
1640860966218308000,84.5,1,84.5,4,84.6,1,2,2021-12-30 10:42:46
1640860968076099000,84.5,1,84.5,6,84.6,1,2,2021-12-30 10:42:48
1640860969021937000,84.5,1,84.5,5,84.6,1,2,2021-12-30 10:42:49
1640861005445935000,84.6,1,84.5,8,84.7,3,1,2021-12-30 10:43:25
1640861010012692000,84.5,6,84.5,2,84.7,3,2,2021-12-30 10:43:30
1640861010329747000,84.5,1,84.5,1,84.7,4,2,2021-12-30 10:43:30
1640861010344963000,84.5,1,84.4,36,84.7,4,2,2021-12-30 10:43:30
1640861021263914000,84.5,1,84.4,36,84.7,5,2,2021-12-30 10:43:41
1640861038561454000,84.5,1,84.5,1,84.6,5,1,2021-12-30 10:43:58
1640861049544447000,84.5,1,84.5,2,84.6,5,2,2021-12-30 10:44:09
1640861054839323000,84.5,3,84.4,36,84.6,5,2,2021-12-30 10:44:14
1640861066573239000,84.5,1,84.4,37,84.6,5,2,2021-12-30 10:44:26
1640861073189577000,84.5,1,84.5,1,84.6,5,2,2021-12-30 10:44:33
1640861085554201000,84.5,1,84.5,4,84.6,8,2,2021-12-30 10:44:45
1640861088066372000,84.5,1,84.5,3,84.6,8,2,2021-12-30 10:44:48
1640861106669042000,84.6,1,84.5,3,84.6,7,1,2021-12-30 10:45:06
1640861113343274000,84.5,3,84.4,37,84.6,7,2,2021-12-30 10:45:13
1640861129335378000,84.5,1,84.5,1,84.6,7,2,2021-12-30 10:45:29
1640861225196151000,84.5,6,84.5,1,84.6,7,2,2021-12-30 10:47:05
1640861225496649000,84.6,3,84.5,1,84.6,4,1,2021-12-30 10:47:05
1640861235435044000,84.5,1,84.4,33,84.5,1,2,2021-12-30 10:47:15
1640861251535963000,84.5,1,84.4,33,84.6,4,1,2021-12-30 10:47:31
1640861318497122000,84.5,10,84.5,1,84.6,4,2,2021-12-30 10:48:38
1640861361800280000,84.5,1,84.5,3,84.6,4,2,2021-12-30 10:49:21
1640861407966450000,84.6,4,84.6,1,84.7,2,1,2021-12-30 10:50:07
1640861408329943000,84.6,1,84.5,4,84.7,1,2,2021-12-30 10:50:08
1640861414731955000,84.5,5,84.4,17,84.6,3,2,2021-12-30 10:50:14
1640861414731955000,84.4,15,84.4,17,84.6,3,2,2021-12-30 10:50:14
1640861453677901000,84.4,5,84.4,12,84.6,3,2,2021-12-30 10:50:53
1640861455552232000,84.4,3,84.4,9,84.7,1,2,2021-12-30 10:50:55
1640861482424789000,84.4,1,84.4,8,84.7,3,2,2021-12-30 10:51:22
1640861490542396000,84.4,1,84.4,7,84.7,3,2,2021-12-30 10:51:30
1640861495226340000,84.4,1,84.4,6,84.7,3,2,2021-12-30 10:51:35
1640861506092524000,84.4,4,84.4,3,84.7,3,2,2021-12-30 10:51:46
1640861524548514000,84.4,1,84.4,2,84.7,4,2,2021-12-30 10:52:04
1640861533510951000,84.4,1,84.4,3,84.7,4,2,2021-12-30 10:52:13
1640861579530581000,84.7,3,84.7,2,84.9,3,1,2021-12-30 10:52:59
1640861589809680000,84.7,2,84.4,10,84.9,3,2,2021-12-30 10:53:09
1640861589809680000,84.4,3,84.4,10,84.9,3,2,2021-12-30 10:53:09
1640861704600858000,84.4,1,84.4,8,84.7,4,2,2021-12-30 10:55:04
1640861748115521000,84.5,1,84.4,9,84.7,4,2,2021-12-30 10:55:48
1640861775554264000,84.4,8,84.2,26,84.3,7,2,2021-12-30 10:56:15
1640861775554264000,84.3,35,84.2,26,84.3,7,2,2021-12-30 10:56:15
1640861775588375000,84.3,7,84.2,26,84.7,4,1,2021-12-30 10:56:15
1640861810835840000,84.3,1,84.3,6,84.6,2,2,2021-12-30 10:56:50
1640861869697969000,84.3,1,84.3,4,84.5,3,2,2021-12-30 10:57:49
1640861869890732000,84.5,2,84.3,4,84.5,1,1,2021-12-30 10:57:49
1640861922850547000,84.5,1,84.4,1,84.6,1,1,2021-12-30 10:58:42
1640861972600756000,84.6,1,84.5,5,84.7,1,1,2021-12-30 10:59:32
1640862024900756000,84.7,1,84.7,19,84.8,1,1,2021-12-30 11:00:24
1640862032990918000,84.8,1,84.7,24,84.9,4,1,2021-12-30 11:00:32
1640862069428960000,84.9,2,84.8,7,84.9,1,1,2021-12-30 11:01:09
1640862083444874000,84.9,1,84.9,1,85.0,7,1,2021-12-30 11:01:23
1640862087233597000,84.9,1,84.8,7,85.0,6,2,2021-12-30 11:01:27
1640862116214745000,84.9,3,84.8,7,85.0,8,2,2021-12-30 11:01:56
1640862138266960000,84.8,6,84.8,1,85.0,7,2,2021-12-30 11:02:18
1640862138295340000,84.8,1,84.7,24,85.0,8,2,2021-12-30 11:02:18
1640862195284174000,84.9,1,84.9,1,85.0,8,2,2021-12-30 11:03:15
1640862195323964000,84.9,1,84.8,2,85.0,8,2,2021-12-30 11:03:15
1640862236206796000,84.8,3,84.7,24,84.9,2,2,2021-12-30 11:03:56
1640862309251803000,84.8,1,84.7,24,84.8,6,1,2021-12-30 11:05:09
1640862348963709000,84.7,1,84.7,23,84.8,6,2,2021-12-30 11:05:48
1640862365121645000,84.7,1,84.7,22,84.8,6,2,2021-12-30 11:06:05
1640862367964278000,84.8,1,84.7,22,84.8,5,1,2021-12-30 11:06:07
1640862371210764000,84.7,1,84.7,21,84.8,5,2,2021-12-30 11:06:11
1640862393141635000,84.8,5,84.7,21,84.9,1,1,2021-12-30 11:06:33
1640862415878967000,84.9,1,84.7,21,84.9,3,1,2021-12-30 11:06:55
1640862700544921000,85.0,2,84.8,8,85.0,7,1,2021-12-30 11:11:40
1640862731849654000,85.0,1,84.9,1,85.0,6,1,2021-12-30 11:12:11
1640862802205755000,85.0,5,84.9,3,85.0,1,1,2021-12-30 11:13:22
1640862809499051000,85.0,5,85.0,15,85.1,9,1,2021-12-30 11:13:29
1640862813488675000,85.1,4,85.0,15,85.1,5,1,2021-12-30 11:13:33
1640862816253556000,85.1,1,85.0,15,85.1,4,1,2021-12-30 11:13:36
1640862821805939000,85.1,2,85.0,16,85.1,2,1,2021-12-30 11:13:41
1640862826580817000,85.1,1,85.0,16,85.1,1,1,2021-12-30 11:13:46
1640862832332402000,85.1,1,85.0,16,85.2,14,1,2021-12-30 11:13:52
1640862834971777000,85.2,1,85.1,1,85.2,13,1,2021-12-30 11:13:54
1640862855555700000,85.2,1,85.1,7,85.2,11,1,2021-12-30 11:14:15
1640862878457646000,85.2,14,85.1,10,85.3,9,1,2021-12-30 11:14:38
1640862878457646000,85.3,6,85.1,10,85.3,9,1,2021-12-30 11:14:38
1640862889829408000,85.3,10,85.2,10,85.3,2,1,2021-12-30 11:14:49
1640862893397769000,85.3,2,85.3,3,85.4,17,1,2021-12-30 11:14:53
1640862897317148000,85.4,17,85.4,3,85.5,72,1,2021-12-30 11:14:57
1640862906881405000,85.5,5,85.4,8,85.5,69,1,2021-12-30 11:15:06
1640862911187605000,85.5,1,85.4,9,85.5,64,1,2021-12-30 11:15:11
1640862912590228000,85.5,1,85.4,9,85.5,63,1,2021-12-30 11:15:12
1640862917109778000,85.5,1,85.4,9,85.5,62,1,2021-12-30 11:15:17
1640862918053832000,85.5,1,85.4,9,85.5,61,1,2021-12-30 11:15:18
1640862918695109000,85.5,1,85.4,9,85.5,60,1,2021-12-30 11:15:18
1640862921331471000,85.5,16,85.4,9,85.5,44,1,2021-12-30 11:15:21
1640862921369583000,85.5,15,85.4,9,85.5,14,1,2021-12-30 11:15:21
1640862921369612000,85.5,15,85.4,9,85.5,14,1,2021-12-30 11:15:21
1640862921400256000,85.5,14,85.4,9,85.6,1,1,2021-12-30 11:15:21
1640862927359497000,85.5,3,85.4,10,85.6,11,2,2021-12-30 11:15:27
1640862932769923000,85.5,3,85.4,8,85.5,7,2,2021-12-30 11:15:32
1640862935292653000,85.4,2,85.4,6,85.5,7,2,2021-12-30 11:15:35
1640862935319241000,85.4,6,85.3,13,85.5,7,2,2021-12-30 11:15:35
1640862938100062000,85.4,1,85.2,12,85.5,8,2,2021-12-30 11:15:38
1640862941210757000,85.2,2,85.1,2,85.2,8,2,2021-12-30 11:15:41
1640862941242087000,85.2,1,85.1,2,85.2,7,1,2021-12-30 11:15:41
1640862942460260000,85.2,7,85.1,2,85.4,7,1,2021-12-30 11:15:42
1640862942460260000,85.3,10,85.1,2,85.4,7,1,2021-12-30 11:15:42
1640862942460260000,85.4,3,85.1,2,85.4,7,1,2021-12-30 11:15:42
1640862948040508000,85.2,1,85.1,3,85.4,7,2,2021-12-30 11:15:48
1640862952596449000,85.4,7,85.4,3,85.5,8,1,2021-12-30 11:15:52
1640862959658013000,85.4,2,85.4,1,85.5,8,2,2021-12-30 11:15:59
1640862962315763000,85.4,1,85.4,2,85.5,8,2,2021-12-30 11:16:02
1640862970515048000,85.5,1,85.4,2,85.5,7,1,2021-12-30 11:16:10
1640862975975958000,85.5,1,85.4,3,85.5,6,1,2021-12-30 11:16:15
1640862982567284000,85.5,1,85.4,3,85.5,7,1,2021-12-30 11:16:22
1640863003523895000,85.4,7,85.4,1,85.5,12,2,2021-12-30 11:16:43
1640863006834344000,85.4,1,85.2,9,85.5,12,2,2021-12-30 11:16:46
1640863071249939000,85.4,1,85.3,3,85.4,5,1,2021-12-30 11:17:51
1640863075076395000,85.4,2,85.3,2,85.4,3,1,2021-12-30 11:17:55
1640863103318274000,85.4,1,85.3,2,85.4,3,1,2021-12-30 11:18:23
1640863125891979000,85.4,1,85.3,3,85.4,3,1,2021-12-30 11:18:45
1640863144165271000,85.4,1,85.3,3,85.4,2,1,2021-12-30 11:19:04
1640863146985470000,85.3,1,85.3,2,85.4,2,2,2021-12-30 11:19:06
1640863174552112000,85.3,1,85.3,1,85.4,2,2,2021-12-30 11:19:34
1640863230482578000,85.3,3,85.3,1,85.4,2,2,2021-12-30 11:20:30
1640863277168829000,85.3,1,85.3,2,85.4,11,2,2021-12-30 11:21:17
1640863278135864000,85.3,1,85.3,1,85.4,11,2,2021-12-30 11:21:18
1640863294154232000,85.3,1,85.3,1,85.4,11,2,2021-12-30 11:21:34
1640863328648436000,85.4,10,85.3,2,85.4,2,1,2021-12-30 11:22:08
1640863339310048000,85.4,1,85.3,1,85.4,1,1,2021-12-30 11:22:19
1640863342725759000,85.4,1,85.3,1,85.5,23,1,2021-12-30 11:22:22
1640863365767032000,85.4,2,85.3,3,85.4,2,2,2021-12-30 11:22:45
1640863384557000000,85.4,1,85.3,3,85.4,1,1,2021-12-30 11:23:04
1640863493511606000,85.4,1,85.3,2,85.4,1,1,2021-12-30 11:24:53
1640863548388768000,85.4,1,85.3,6,85.4,15,1,2021-12-30 11:25:48
1640863555782905000,85.4,1,85.3,6,85.4,14,1,2021-12-30 11:25:55
1640863557522259000,85.4,1,85.3,6,85.4,13,1,2021-12-30 11:25:57
1640863566912708000,85.4,1,85.3,6,85.4,12,1,2021-12-30 11:26:06
1640863568544982000,85.4,1,85.3,6,85.4,11,1,2021-12-30 11:26:08
1640863584722642000,85.4,1,85.3,8,85.4,10,1,2021-12-30 11:26:24
1640863606489973000,85.4,1,85.3,8,85.4,9,1,2021-12-30 11:26:46
1640863612558472000,85.4,1,85.3,8,85.4,8,1,2021-12-30 11:26:52
1640863647803870000,85.4,1,85.3,9,85.4,7,1,2021-12-30 11:27:27
1640863670078786000,85.3,9,85.2,9,85.3,1,2,2021-12-30 11:27:50
1640863688483456000,85.3,1,85.2,10,85.4,7,1,2021-12-30 11:28:08
1640863834373579000,85.3,1,85.2,13,85.3,6,1,2021-12-30 11:30:34
1640863849801004000,85.3,1,85.2,13,85.3,5,1,2021-12-30 11:30:49
1640863853821980000,85.3,1,85.2,13,85.3,4,1,2021-12-30 11:30:53
1640863860339034000,85.3,1,85.2,13,85.3,3,1,2021-12-30 11:31:00
1640863901099741000,85.2,13,85.1,4,85.3,4,2,2021-12-30 11:31:41
1640863919955367000,85.1,1,85.1,2,85.2,13,2,2021-12-30 11:31:59
1640863923962931000,85.1,1,85.1,1,85.2,13,2,2021-12-30 11:32:03
1640863923987340000,85.1,1,85.0,13,85.2,13,2,2021-12-30 11:32:03
1640863935350507000,85.0,1,85.0,12,85.2,13,2,2021-12-30 11:32:15
1640863945284800000,85.0,1,85.0,11,85.1,1,2,2021-12-30 11:32:25
1640863947213019000,85.0,10,85.0,1,85.1,1,2,2021-12-30 11:32:27
1640863947235518000,85.0,1,84.9,5,85.1,1,2,2021-12-30 11:32:27
1640864009988128000,84.9,15,84.7,1,84.8,2,2,2021-12-30 11:33:29
1640864009988128000,84.8,13,84.7,1,84.8,2,2,2021-12-30 11:33:29
1640864010263859000,84.8,2,84.7,3,85.0,1,1,2021-12-30 11:33:30
1640864039881926000,84.8,2,84.8,3,84.9,3,1,2021-12-30 11:33:59
1640864041516560000,84.8,1,84.8,2,84.9,3,2,2021-12-30 11:34:01
1640864059552411000,84.8,2,84.7,2,84.9,1,2,2021-12-30 11:34:19
1640864063110914000,84.8,1,84.7,4,84.9,1,1,2021-12-30 11:34:23
1640864065917795000,84.7,1,84.7,4,84.9,1,2,2021-12-30 11:34:25
1640864151379719000,84.8,1,84.7,5,85.0,8,2,2021-12-30 11:35:51
1640864419470225000,85.0,1,84.9,2,85.0,7,1,2021-12-30 11:40:19
1640864423818023000,84.9,1,84.9,1,85.0,7,2,2021-12-30 11:40:23
1640864460962841000,85.0,6,84.9,2,85.1,5,1,2021-12-30 11:41:00
1640864557557926000,85.0,1,85.0,1,85.1,6,2,2021-12-30 11:42:37
1640864560623700000,85.1,1,85.0,1,85.1,5,1,2021-12-30 11:42:40
1640864638841014000,85.1,1,85.0,1,85.1,7,1,2021-12-30 11:43:58
1640864744904474000,85.1,1,85.0,6,85.1,6,1,2021-12-30 11:45:44
1640864795073999000,85.0,6,84.9,3,85.1,3,2,2021-12-30 11:46:35
1640864870084364000,85.0,1,85.0,2,85.1,5,2,2021-12-30 11:47:50
1640864873407557000,85.0,2,84.9,3,85.1,4,2,2021-12-30 11:47:53
1640864903984166000,85.0,1,84.9,3,85.1,4,2,2021-12-30 11:48:23
1640864909086552000,84.9,1,84.9,2,85.1,4,2,2021-12-30 11:48:29
1640864914188563000,84.9,1,84.9,1,85.1,4,2,2021-12-30 11:48:34
1640864919290762000,84.9,1,84.8,4,85.1,4,2,2021-12-30 11:48:39
1640864923451364000,84.9,1,84.8,4,85.1,4,1,2021-12-30 11:48:43
1640864973717692000,84.8,5,84.6,19,84.9,1,2,2021-12-30 11:49:33
1640864973717692000,84.7,15,84.6,19,84.9,1,2,2021-12-30 11:49:33
1640865003544527000,84.7,3,84.7,2,84.9,1,1,2021-12-30 11:50:03
1640865079505113000,84.7,1,84.7,7,84.8,5,2,2021-12-30 11:51:19
1640865086594210000,84.7,1,84.7,6,84.8,5,2,2021-12-30 11:51:26
1640865096241052000,84.7,1,84.7,5,84.8,5,2,2021-12-30 11:51:36
1640865100091593000,84.7,1,84.7,4,84.8,5,2,2021-12-30 11:51:40
1640865100175101000,84.7,4,84.6,19,84.7,6,2,2021-12-30 11:51:40
1640865162282481000,84.6,1,84.6,18,84.7,6,2,2021-12-30 11:52:42
1640865169445712000,84.6,1,84.6,17,84.7,6,2,2021-12-30 11:52:49
1640865186289045000,84.6,1,84.6,17,84.7,6,2,2021-12-30 11:53:06
1640865271040067000,84.7,1,84.6,18,84.7,5,1,2021-12-30 11:54:31
1640865281920493000,84.7,1,84.6,18,84.7,4,1,2021-12-30 11:54:41
1640865319379658000,84.6,1,84.6,18,84.7,4,2,2021-12-30 11:55:19
1640865358602288000,84.7,4,84.7,1,84.8,5,1,2021-12-30 11:55:58
1640865503219755000,84.8,5,84.7,8,84.9,2,1,2021-12-30 11:58:23
1640865515285314000,84.9,1,84.7,7,84.9,1,1,2021-12-30 11:58:35
1640865644692582000,84.9,1,84.7,6,85.0,2,1,2021-12-30 12:00:44
1640865710181916000,84.9,1,84.7,6,85.0,3,1,2021-12-30 12:01:50
1640865888994015000,84.7,1,84.7,27,85.0,3,2,2021-12-30 12:04:48
1640865916607364000,84.7,10,84.7,17,85.0,4,2,2021-12-30 12:05:16
1640866039726625000,84.7,1,84.7,16,85.0,6,2,2021-12-30 12:07:19
1640866180445680000,84.8,1,84.7,16,85.0,3,2,2021-12-30 12:09:40
1640866359639413000,84.8,3,84.8,7,85.0,3,2,2021-12-30 12:12:39
1640866505395784000,84.9,1,84.9,4,85.0,4,2,2021-12-30 12:15:05
1640866532842959000,84.9,1,84.9,3,85.0,7,2,2021-12-30 12:15:32
1640866533071235000,84.9,3,84.8,8,85.0,7,2,2021-12-30 12:15:33
1640866666158586000,84.9,1,84.8,9,84.9,3,1,2021-12-30 12:17:46
1640866672714581000,84.9,1,84.8,9,84.9,2,1,2021-12-30 12:17:52
1640866813334351000,84.8,1,84.8,11,84.9,4,2,2021-12-30 12:20:13
1640866859422097000,84.9,3,84.8,11,84.9,1,1,2021-12-30 12:20:59
1640866874222508000,84.9,1,84.8,11,85.0,5,1,2021-12-30 12:21:14
1640867043797207000,84.8,4,84.8,8,85.0,5,2,2021-12-30 12:24:03
1640867083450417000,85.0,5,85.0,5,85.1,9,1,2021-12-30 12:24:43
1640867112441736000,85.0,5,85.0,1,85.1,9,2,2021-12-30 12:25:12
1640867202902207000,85.0,1,85.0,5,85.1,10,2,2021-12-30 12:26:42
1640867255507695000,85.0,1,85.0,4,85.1,10,2,2021-12-30 12:27:35
1640867282504408000,85.0,1,85.0,4,85.1,11,2,2021-12-30 12:28:02
1640867292788891000,85.0,1,85.0,3,85.1,11,2,2021-12-30 12:28:12
1640867296571603000,85.0,2,85.0,1,85.1,11,2,2021-12-30 12:28:16
1640867300109753000,85.0,1,84.9,3,85.0,4,2,2021-12-30 12:28:20
1640867367163017000,85.0,1,84.9,5,85.0,7,1,2021-12-30 12:29:27
1640867444352439000,85.0,1,84.9,7,85.0,10,1,2021-12-30 12:30:44
1640867605453326000,84.9,1,84.9,6,85.0,17,2,2021-12-30 12:33:25
1640867610191610000,84.9,1,84.9,5,85.0,17,2,2021-12-30 12:33:30
1640867665313793000,84.9,3,84.9,3,85.0,24,2,2021-12-30 12:34:25
1640867665935247000,84.9,3,84.8,20,84.9,7,2,2021-12-30 12:34:25
1640867689872965000,84.8,7,84.8,12,84.9,1,2,2021-12-30 12:34:49
1640867717904819000,84.8,2,84.8,10,84.9,4,2,2021-12-30 12:35:17
1640867769570920000,84.9,2,84.8,10,84.9,3,1,2021-12-30 12:36:09
1640867826826237000,84.8,2,84.8,11,84.9,3,2,2021-12-30 12:37:06
1640867861185176000,84.9,1,84.8,11,84.9,2,1,2021-12-30 12:37:41
1640867895134842000,84.9,1,84.8,11,84.9,7,1,2021-12-30 12:38:15
1640867908965315000,84.8,2,84.8,9,84.9,7,2,2021-12-30 12:38:28
1640867945061995000,84.9,7,84.8,9,84.9,1,1,2021-12-30 12:39:05
1640867999973254000,84.9,2,84.8,10,84.9,3,2,2021-12-30 12:39:59
1640868006924815000,84.9,1,84.8,10,84.9,2,1,2021-12-30 12:40:06
1640868053079487000,84.9,1,84.8,10,84.9,6,1,2021-12-30 12:40:53
1640868076082997000,84.9,3,84.8,7,84.9,3,1,2021-12-30 12:41:16
1640868078481201000,84.9,3,84.9,7,85.0,12,1,2021-12-30 12:41:18
1640868131820977000,84.9,1,84.9,6,85.0,11,2,2021-12-30 12:42:11
1640868147106671000,84.9,1,84.9,6,85.0,11,2,2021-12-30 12:42:27
1640868154053928000,84.9,5,84.9,1,85.0,11,2,2021-12-30 12:42:34
1640868264826503000,84.9,5,84.9,7,85.0,11,2,2021-12-30 12:44:24
1640868280061394000,84.9,7,84.8,8,85.0,11,2,2021-12-30 12:44:40
1640868334402938000,84.8,1,84.8,9,84.9,2,2,2021-12-30 12:45:34
1640868334407135000,84.8,1,84.8,7,84.9,2,2,2021-12-30 12:45:34
1640868334407779000,84.8,1,84.8,7,84.9,2,2,2021-12-30 12:45:34
1640868336479425000,84.9,2,84.8,7,85.0,11,1,2021-12-30 12:45:36
1640868376958013000,85.0,2,84.9,1,85.0,9,1,2021-12-30 12:46:16
1640868437873780000,85.0,1,84.9,13,85.0,14,1,2021-12-30 12:47:17
1640868443489830000,85.0,1,84.9,13,85.0,13,1,2021-12-30 12:47:23
1640868452548271000,85.0,2,84.9,13,85.0,11,1,2021-12-30 12:47:32
1640868462707258000,85.0,1,84.9,13,85.0,10,1,2021-12-30 12:47:42
1640868474792762000,85.0,1,84.9,13,85.0,9,1,2021-12-30 12:47:54
1640868501820624000,85.0,1,84.9,13,85.0,8,1,2021-12-30 12:48:21
1640868506554369000,85.0,1,84.9,13,85.0,7,1,2021-12-30 12:48:26
1640868530620846000,85.0,2,84.9,13,85.0,5,1,2021-12-30 12:48:50
1640868551392774000,85.0,1,84.9,13,85.0,4,1,2021-12-30 12:49:11
1640868563953242000,85.0,1,84.9,12,85.0,3,1,2021-12-30 12:49:23
1640868590382357000,85.0,1,84.9,12,85.0,2,1,2021-12-30 12:49:50
1640868656391429000,84.9,1,84.9,11,85.0,5,2,2021-12-30 12:50:56
1640868672997703000,85.0,1,84.9,11,85.0,5,1,2021-12-30 12:51:12
1640868731108401000,85.0,1,84.9,12,85.0,8,1,2021-12-30 12:52:11
1640868738613113000,85.0,1,84.9,11,85.0,7,1,2021-12-30 12:52:18
1640868744326709000,85.0,1,84.9,11,85.0,6,1,2021-12-30 12:52:24
1640868744798099000,84.9,11,84.5,21,85.0,6,2,2021-12-30 12:52:24
1640868744798099000,84.8,11,84.5,21,85.0,6,2,2021-12-30 12:52:24
1640868744798099000,84.7,10,84.5,21,85.0,6,2,2021-12-30 12:52:24
1640868744798099000,84.6,25,84.5,21,85.0,6,2,2021-12-30 12:52:24
1640868744798099000,84.5,12,84.5,21,85.0,6,2,2021-12-30 12:52:24
1640868776477592000,84.7,1,84.6,2,84.7,2,2,2021-12-30 12:52:56
1640868819035752000,84.6,1,84.5,22,84.7,3,1,2021-12-30 12:53:39
1640868857955357000,84.5,1,84.5,21,84.6,1,2,2021-12-30 12:54:17
1640868881740302000,84.5,1,84.5,20,84.7,4,2,2021-12-30 12:54:41
1640868887343268000,84.5,1,84.5,19,84.7,4,2,2021-12-30 12:54:47
1640868892159268000,84.5,5,84.5,14,84.7,4,2,2021-12-30 12:54:52
1640868922992451000,84.5,17,84.4,10,84.7,4,2,2021-12-30 12:55:22
1640868922992451000,84.4,3,84.4,10,84.7,4,2,2021-12-30 12:55:22
1640868940403579000,84.4,5,84.4,6,84.7,5,2,2021-12-30 12:55:40
1640868942949788000,84.4,5,84.4,1,84.7,5,2,2021-12-30 12:55:42
1640868963311347000,84.4,1,84.3,19,84.7,5,2,2021-12-30 12:56:03
1640868963311347000,84.3,4,84.3,19,84.7,5,2,2021-12-30 12:56:03
1640868971490920000,84.3,1,84.3,18,84.7,5,2,2021-12-30 12:56:11
1640868977654231000,84.3,1,84.3,17,84.6,2,2,2021-12-30 12:56:17
1640868981126410000,84.3,1,84.3,16,84.6,2,2,2021-12-30 12:56:21
1640868983266667000,84.3,10,84.3,6,84.6,2,2,2021-12-30 12:56:23
1640869045489637000,84.4,1,84.3,8,84.6,3,2,2021-12-30 12:57:25
1640869045489637000,84.3,1,84.3,8,84.6,3,2,2021-12-30 12:57:25
1640869046272527000,84.3,1,84.3,7,84.6,3,2,2021-12-30 12:57:26
1640869058045835000,84.5,1,84.3,7,84.6,2,2,2021-12-30 12:57:38
1640869134456937000,84.5,1,84.4,10,84.5,3,1,2021-12-30 12:58:54
1640869144676197000,84.5,3,84.5,1,84.6,2,1,2021-12-30 12:59:04
1640869153864523000,84.6,1,84.5,5,84.7,4,1,2021-12-30 12:59:13
1640869192395686000,84.7,1,84.6,4,84.7,2,1,2021-12-30 12:59:52
