ts,close,volume,bid_price,bid_volume,ask_price,ask_volume,tick_type,datetime
1658394014870771000,15.45,279,15.4,4,15.45,54,1,2022-07-21 09:00:14
1658394014901081000,15.4,4,15.35,1,15.45,54,2,2022-07-21 09:00:14
1658394014964674000,15.45,2,15.35,1,15.45,52,1,2022-07-21 09:00:14
1658394014972204000,15.45,2,15.35,1,15.45,50,1,2022-07-21 09:00:14
1658394015255709000,15.45,2,15.35,1,15.45,48,1,2022-07-21 09:00:15
1658394015574379000,15.35,1,15.3,1,15.45,48,2,2022-07-21 09:00:15
1658394015574379000,15.3,7,15.3,1,15.45,48,2,2022-07-21 09:00:15
1658394015606973000,15.3,1,15.2,3,15.45,48,2,2022-07-21 09:00:15
1658394017611500000,15.2,2,15.2,1,15.4,10,2,2022-07-21 09:00:17
1658394017637411000,15.2,1,15.15,10,15.4,10,2,2022-07-21 09:00:17
1658394018250090000,15.2,1,15.15,10,15.2,5,1,2022-07-21 09:00:18
1658394018532526000,15.15,10,15.0,7,15.2,4,2,2022-07-21 09:00:18
1658394018532526000,15.1,1,15.0,7,15.2,4,2,2022-07-21 09:00:18
1658394018532526000,15.0,29,15.0,7,15.2,4,2,2022-07-21 09:00:18
1658394019839666000,15.0,1,15.0,6,15.2,4,2,2022-07-21 09:00:19
1658394020558895000,15.2,4,15.0,10,15.35,14,1,2022-07-21 09:00:20
1658394020558895000,15.35,6,15.0,10,15.35,14,1,2022-07-21 09:00:20
1658394022867213000,15.3,1,15.0,12,15.3,10,1,2022-07-21 09:00:22
1658394023392790000,15.0,1,15.0,11,15.3,9,2,2022-07-21 09:00:23
1658394024481012000,15.25,1,15.0,11,15.25,4,1,2022-07-21 09:00:24
1658394024837169000,15.0,1,15.0,10,15.25,4,2,2022-07-21 09:00:24
1658394027175100000,15.0,1,15.0,9,15.25,4,2,2022-07-21 09:00:27
1658394029504050000,15.0,5,15.0,5,15.25,4,2,2022-07-21 09:00:29
1658394029834754000,15.0,1,15.0,4,15.25,4,2,2022-07-21 09:00:29
1658394030346318000,15.0,2,15.0,2,15.25,4,2,2022-07-21 09:00:30
1658394034832465000,15.1,1,15.1,9,15.2,5,2,2022-07-21 09:00:34
1658394039824246000,15.2,1,15.1,10,15.2,5,1,2022-07-21 09:00:39
1658394039830148000,15.1,1,15.1,9,15.2,5,2,2022-07-21 09:00:39
1658394044114321000,15.1,1,15.1,9,15.2,5,2,2022-07-21 09:00:44
1658394044827908000,15.1,1,15.1,8,15.2,5,2,2022-07-21 09:00:44
1658394045859057000,15.15,1,15.15,1,15.2,5,2,2022-07-21 09:00:45
1658394047067491000,15.2,2,15.15,1,15.2,3,1,2022-07-21 09:00:47
1658394047634116000,15.2,1,15.15,1,15.2,2,1,2022-07-21 09:00:47
1658394049825604000,15.15,1,15.15,10,15.2,7,2,2022-07-21 09:00:49
1658394050350462000,15.15,1,15.15,9,15.2,7,2,2022-07-21 09:00:50
1658394050460175000,15.2,1,15.15,9,15.2,6,1,2022-07-21 09:00:50
1658394052138473000,15.2,5,15.15,9,15.2,21,1,2022-07-21 09:00:52
1658394053679925000,15.2,3,15.15,13,15.2,18,1,2022-07-21 09:00:53
1658394054749685000,15.2,2,15.15,14,15.2,16,1,2022-07-21 09:00:54
1658394054823384000,15.15,1,15.15,13,15.2,16,2,2022-07-21 09:00:54
1658394055516328000,15.2,1,15.15,13,15.2,15,1,2022-07-21 09:00:55
1658394055779638000,15.2,5,15.15,13,15.2,10,1,2022-07-21 09:00:55
1658394056102635000,15.2,3,15.15,13,15.2,7,1,2022-07-21 09:00:56
1658394057724137000,15.2,7,15.15,13,15.25,1,1,2022-07-21 09:00:57
1658394057724137000,15.25,3,15.15,13,15.25,1,1,2022-07-21 09:00:57
1658394059821156000,15.2,1,15.15,13,15.25,20,2,2022-07-21 09:00:59
1658394062632772000,15.25,1,15.15,15,15.25,21,1,2022-07-21 09:01:02
1658394064818959000,15.15,1,15.15,14,15.25,21,2,2022-07-21 09:01:04
1658394067036140000,15.2,1,15.15,14,15.25,19,1,2022-07-21 09:01:07
1658394067036140000,15.25,2,15.15,14,15.25,19,1,2022-07-21 09:01:07
1658394068316375000,15.25,5,15.15,14,15.25,14,1,2022-07-21 09:01:08
1658394069585172000,15.25,1,15.15,14,15.25,13,1,2022-07-21 09:01:09
1658394069816790000,15.15,1,15.15,13,15.25,13,2,2022-07-21 09:01:09
1658394074779131000,15.2,1,15.15,14,15.2,4,1,2022-07-21 09:01:14
1658394074814587000,15.15,1,15.15,13,15.2,4,2,2022-07-21 09:01:14
1658394076078797000,15.2,1,15.15,13,15.2,3,1,2022-07-21 09:01:16
1658394076412590000,15.15,1,15.15,13,15.2,3,2,2022-07-21 09:01:16
1658394076882190000,15.15,3,15.15,10,15.2,3,2,2022-07-21 09:01:16
1658394079812374000,15.15,1,15.15,10,15.2,4,2,2022-07-21 09:01:19
1658394080938483000,15.15,5,15.15,4,15.2,4,2,2022-07-21 09:01:20
1658394084810220000,15.15,1,15.15,9,15.2,8,2,2022-07-21 09:01:24
1658394086929955000,15.2,1,15.15,8,15.2,7,1,2022-07-21 09:01:26
1658394089808005000,15.15,1,15.15,8,15.2,7,2,2022-07-21 09:01:29
1658394090398497000,15.15,8,15.1,36,15.15,1,2,2022-07-21 09:01:30
1658394091580048000,15.15,1,15.1,36,15.2,7,1,2022-07-21 09:01:31
1658394092158265000,15.2,7,15.2,13,15.25,2,1,2022-07-21 09:01:32
1658394094341351000,15.25,2,15.2,13,15.35,17,1,2022-07-21 09:01:34
1658394094341351000,15.3,5,15.2,13,15.35,17,1,2022-07-21 09:01:34
1658394094341351000,15.35,3,15.2,13,15.35,17,1,2022-07-21 09:01:34
1658394094805811000,15.2,1,15.2,12,15.35,17,2,2022-07-21 09:01:34
1658394095115774000,15.2,4,15.2,8,15.35,17,2,2022-07-21 09:01:35
1658394097398044000,15.2,2,15.2,6,15.35,17,2,2022-07-21 09:01:37
1658394099803631000,15.2,1,15.2,7,15.35,17,2,2022-07-21 09:01:39
1658394104801416000,15.2,1,15.2,8,15.3,1,2,2022-07-21 09:01:44
1658394109799242000,15.2,1,15.2,9,15.3,1,2,2022-07-21 09:01:49
1658394114797023000,15.2,1,15.2,13,15.3,1,2,2022-07-21 09:01:54
1658394119794832000,15.2,1,15.2,23,15.3,1,2,2022-07-21 09:01:59
1658394124792616000,15.2,1,15.2,23,15.3,11,2,2022-07-21 09:02:04
1658394126381432000,15.2,1,15.2,22,15.3,13,2,2022-07-21 09:02:06
1658394129790473000,15.2,1,15.2,21,15.3,13,2,2022-07-21 09:02:09
1658394132678784000,15.3,1,15.2,21,15.3,12,1,2022-07-21 09:02:12
1658394134788297000,15.2,1,15.2,23,15.25,5,2,2022-07-21 09:02:14
1658394139786110000,15.2,1,15.2,35,15.25,5,2,2022-07-21 09:02:19
1658394139973524000,15.25,5,15.25,2,15.3,12,1,2022-07-21 09:02:19
1658394143316720000,15.25,2,15.2,38,15.3,12,2,2022-07-21 09:02:23
1658394144783874000,15.2,1,15.2,37,15.3,12,2,2022-07-21 09:02:24
1658394149781696000,15.2,1,15.2,37,15.3,12,2,2022-07-21 09:02:29
1658394154779502000,15.2,1,15.2,38,15.3,12,2,2022-07-21 09:02:34
1658394158920479000,15.2,5,15.2,33,15.25,10,2,2022-07-21 09:02:38
1658394159276402000,15.2,1,15.2,32,15.25,10,2,2022-07-21 09:02:39
1658394159777324000,15.2,1,15.2,31,15.25,10,2,2022-07-21 09:02:39
1658394160410812000,15.2,31,15.15,16,15.2,19,2,2022-07-21 09:02:40
1658394161097800000,15.2,2,15.15,16,15.2,17,1,2022-07-21 09:02:41
1658394161167921000,15.2,1,15.15,16,15.2,16,1,2022-07-21 09:02:41
1658394161287397000,15.2,1,15.15,16,15.2,15,1,2022-07-21 09:02:41
1658394164078673000,15.15,1,15.15,15,15.2,15,2,2022-07-21 09:02:44
1658394164215560000,15.15,15,15.1,21,15.2,15,2,2022-07-21 09:02:44
1658394164215560000,15.1,15,15.1,21,15.2,15,2,2022-07-21 09:02:44
1658394164775134000,15.15,1,15.1,21,15.2,15,2,2022-07-21 09:02:44
1658394169772952000,15.1,1,15.1,20,15.2,15,2,2022-07-21 09:02:49
1658394172886081000,15.1,1,15.1,19,15.2,15,2,2022-07-21 09:02:52
1658394174770755000,15.1,1,15.1,18,15.2,15,2,2022-07-21 09:02:54
1658394175612940000,15.1,5,15.1,13,15.2,15,2,2022-07-21 09:02:55
1658394175642283000,15.1,13,15.05,22,15.2,15,2,2022-07-21 09:02:55
1658394177342945000,15.05,5,15.05,17,15.2,15,2,2022-07-21 09:02:57
1658394179768591000,15.15,1,15.05,17,15.2,15,2,2022-07-21 09:02:59
1658394179827271000,15.05,2,15.05,15,15.2,15,2,2022-07-21 09:02:59
1658394181276063000,15.05,4,15.05,10,15.15,1,2,2022-07-21 09:03:01
1658394181303962000,15.05,10,15.0,38,15.15,1,2,2022-07-21 09:03:01
1658394182266975000,15.0,38,14.95,5,15.0,12,2,2022-07-21 09:03:02
1658394183719181000,14.95,2,14.95,3,15.0,12,2,2022-07-21 09:03:03
1658394184766379000,14.95,1,14.95,2,15.0,12,2,2022-07-21 09:03:04
1658394184786359000,14.95,2,14.9,3,15.0,12,2,2022-07-21 09:03:04
1658394185623280000,15.0,5,14.9,3,15.0,7,1,2022-07-21 09:03:05
1658394310484840000,14.9,35,14.9,2,14.95,10,2,2022-07-21 09:05:10
1658394313117285000,14.9,1,14.9,1,14.95,10,2,2022-07-21 09:05:13
1658394314702650000,14.9,1,14.85,19,14.95,10,2,2022-07-21 09:05:14
1658394314927875000,14.85,1,14.85,18,14.95,10,2,2022-07-21 09:05:14
1658394317577480000,14.9,1,14.9,1,14.95,10,2,2022-07-21 09:05:17
1658394319043824000,14.9,1,14.85,18,14.95,10,2,2022-07-21 09:05:19
1658394319370267000,14.85,3,14.85,15,14.95,10,2,2022-07-21 09:05:19
1658394319931058000,14.85,1,14.85,14,14.9,1,2,2022-07-21 09:05:19
1658394320562522000,14.9,1,14.85,14,14.95,7,1,2022-07-21 09:05:20
1658394320562522000,14.95,2,14.85,14,14.95,7,1,2022-07-21 09:05:20
1658394324934204000,14.85,1,14.85,14,14.9,10,2,2022-07-21 09:05:24
1658394326103831000,14.85,5,14.85,9,14.9,10,2,2022-07-21 09:05:26
1658394326128521000,14.85,9,14.8,21,14.9,10,2,2022-07-21 09:05:26
1658394329282835000,14.8,1,14.8,20,14.9,13,2,2022-07-21 09:05:29
1658394329937189000,14.8,1,14.8,19,14.9,13,2,2022-07-21 09:05:29
1658394330729801000,14.8,19,14.65,1,14.7,4,2,2022-07-21 09:05:30
1658394330729801000,14.75,12,14.65,1,14.7,4,2,2022-07-21 09:05:30
1658394330729801000,14.7,15,14.65,1,14.7,4,2,2022-07-21 09:05:30
1658394334847257000,14.65,1,14.65,1,14.7,4,2,2022-07-21 09:05:34
1658394334940247000,14.6,1,14.6,5,14.65,9,2,2022-07-21 09:05:34
1658394335790912000,14.6,2,14.6,3,14.65,9,2,2022-07-21 09:05:35
1658394335826849000,14.6,3,14.55,5,14.65,9,2,2022-07-21 09:05:35
1658394339673945000,14.6,1,14.6,4,14.65,9,1,2022-07-21 09:05:39
1658394339943064000,14.6,1,14.6,3,14.65,9,2,2022-07-21 09:05:39
1658394340391505000,14.6,1,14.6,2,14.65,9,2,2022-07-21 09:05:40
1658394341217617000,14.6,1,14.6,1,14.65,9,2,2022-07-21 09:05:41
1658394341385872000,14.6,1,14.55,5,14.65,9,2,2022-07-21 09:05:41
1658394342884056000,14.65,2,14.55,5,14.65,7,1,2022-07-21 09:05:42
1658394343770552000,14.55,5,14.5,9,14.6,1,2,2022-07-21 09:05:43
1658394343770552000,14.5,5,14.5,9,14.6,1,2,2022-07-21 09:05:43
1658394344945947000,14.5,1,14.5,8,14.6,1,2,2022-07-21 09:05:44
1658394345918105000,14.6,1,14.5,8,14.65,7,1,2022-07-21 09:05:45
1658394348867212000,14.5,1,14.5,7,14.6,1,2,2022-07-21 09:05:48
1658394348940032000,14.6,1,14.5,7,14.8,10,1,2022-07-21 09:05:48
1658394348940032000,14.65,7,14.5,7,14.8,10,1,2022-07-21 09:05:48
1658394348940032000,14.7,4,14.5,7,14.8,10,1,2022-07-21 09:05:48
1658394348940032000,14.8,8,14.5,7,14.8,10,1,2022-07-21 09:05:48
1658394349703372000,14.5,4,14.5,3,14.8,9,2,2022-07-21 09:05:49
1658394349948841000,14.5,1,14.5,2,14.8,9,2,2022-07-21 09:05:49
1658394352418743000,14.55,2,14.55,4,14.7,1,2,2022-07-21 09:05:52
1658394352977099000,14.55,4,14.4,6,14.5,3,2,2022-07-21 09:05:52
1658394352977099000,14.5,2,14.4,6,14.5,3,2,2022-07-21 09:05:52
1658394354204021000,14.5,2,14.4,6,14.5,1,1,2022-07-21 09:05:54
1658394354237835000,14.5,1,14.4,6,14.7,1,1,2022-07-21 09:05:54
1658394354951718000,14.4,1,14.4,5,14.7,1,2,2022-07-21 09:05:54
1658394355824526000,14.4,1,14.4,4,14.7,1,2,2022-07-21 09:05:55
1658394359037835000,14.5,1,14.4,4,14.6,2,1,2022-07-21 09:05:59
1658394359037835000,14.6,2,14.4,4,14.6,2,1,2022-07-21 09:05:59
1658394359954563000,14.55,1,14.5,11,14.6,2,2,2022-07-21 09:05:59
1658394364368687000,14.5,1,14.5,10,14.6,4,2,2022-07-21 09:06:04
1658394364957375000,14.5,1,14.5,10,14.6,4,2,2022-07-21 09:06:04
1658394367495294000,14.55,1,14.5,13,14.6,4,1,2022-07-21 09:06:07
1658394369460882000,14.5,5,14.5,8,14.6,4,2,2022-07-21 09:06:09
1658394369960201000,14.5,1,14.5,7,14.6,5,2,2022-07-21 09:06:09
1658394372722216000,14.5,1,14.5,6,14.6,5,2,2022-07-21 09:06:12
1658394373858959000,14.5,1,14.5,5,14.6,5,2,2022-07-21 09:06:13
1658394374832475000,14.5,5,14.4,8,14.5,1,2,2022-07-21 09:06:14
1658394374963007000,14.4,1,14.4,7,14.5,1,2,2022-07-21 09:06:14
1658394375399538000,14.5,1,14.55,2,14.6,5,1,2022-07-21 09:06:15
1658394375399538000,14.55,2,14.55,2,14.6,5,1,2022-07-21 09:06:15
1658394376890397000,14.55,1,14.55,1,14.6,5,2,2022-07-21 09:06:16
1658394376923747000,14.55,1,14.5,1,14.6,5,2,2022-07-21 09:06:16
1658394379965820000,14.5,1,14.5,3,14.6,5,2,2022-07-21 09:06:19
1658394383200703000,14.5,2,14.5,4,14.6,5,2,2022-07-21 09:06:23
1658394383634095000,14.5,1,14.5,3,14.6,5,2,2022-07-21 09:06:23
1658394384968643000,14.5,1,14.5,2,14.6,5,2,2022-07-21 09:06:24
1658394385487690000,14.5,1,14.5,1,14.6,5,2,2022-07-21 09:06:25
1658394385510940000,14.5,1,14.4,7,14.5,4,2,2022-07-21 09:06:25
1658394385780911000,14.5,4,14.55,6,14.6,5,1,2022-07-21 09:06:25
1658394387429539000,14.55,3,14.55,3,14.6,5,2,2022-07-21 09:06:27
1658394389971507000,14.55,1,14.55,5,14.6,5,2,2022-07-21 09:06:29
1658394394974280000,14.55,1,14.55,9,14.6,5,2,2022-07-21 09:06:34
1658394399977101000,14.55,1,14.55,8,14.6,5,2,2022-07-21 09:06:39
1658394404979936000,14.55,1,14.55,7,14.6,5,2,2022-07-21 09:06:44
1658394409982757000,14.55,1,14.55,6,14.6,5,2,2022-07-21 09:06:49
1658394411160714000,14.6,1,14.55,7,14.6,4,1,2022-07-21 09:06:51
1658394411194990000,14.6,4,14.55,7,14.8,1,1,2022-07-21 09:06:51
1658394414985516000,14.55,1,14.55,6,14.8,1,2,2022-07-21 09:06:54
1658394418898887000,14.7,1,14.55,6,14.8,2,1,2022-07-21 09:06:58
1658394419988404000,14.55,1,14.55,5,14.8,2,2,2022-07-21 09:06:59
1658394424991195000,14.6,1,14.6,1,14.8,2,2,2022-07-21 09:07:04
1658394429993988000,14.6,1,14.55,6,14.8,2,2,2022-07-21 09:07:09
1658394431898851000,14.55,3,14.55,3,14.8,2,2,2022-07-21 09:07:11
1658394433861158000,14.8,2,14.8,13,14.85,10,1,2022-07-21 09:07:13
1658394434996771000,14.8,1,14.8,12,14.85,10,2,2022-07-21 09:07:14
1658394435017641000,14.8,12,14.55,4,14.85,10,2,2022-07-21 09:07:15
1658394439999632000,14.8,1,14.6,3,14.85,10,2,2022-07-21 09:07:19
1658394445002438000,14.7,1,14.7,6,14.8,1,2,2022-07-21 09:07:25
1658394445035040000,14.7,6,14.6,3,14.8,1,2,2022-07-21 09:07:25
1658394450005295000,14.6,1,14.6,2,14.8,2,2,2022-07-21 09:07:30
1658394453518527000,14.7,1,14.7,1,14.8,3,2,2022-07-21 09:07:33
1658394453546903000,14.7,1,14.6,2,14.8,3,2,2022-07-21 09:07:33
1658394455008043000,14.6,1,14.6,1,14.7,1,2,2022-07-21 09:07:35
1658394458274981000,14.7,1,14.6,1,14.8,3,1,2022-07-21 09:07:38
1658394460010842000,14.6,1,14.55,13,14.8,3,2,2022-07-21 09:07:40
1658394465013838000,14.6,1,14.6,1,14.7,1,2,2022-07-21 09:07:45
1658394470016535000,14.6,1,14.6,3,14.7,1,2,2022-07-21 09:07:50
1658394472208244000,14.6,3,14.55,6,14.7,1,2,2022-07-21 09:07:52
1658394472208244000,14.55,7,14.55,6,14.7,1,2,2022-07-21 09:07:52
1658394473709123000,14.6,1,14.55,6,14.65,1,2,2022-07-21 09:07:53
1658394475019283000,14.6,1,14.6,1,14.65,1,2,2022-07-21 09:07:55
1658394480022095000,14.6,1,14.55,6,14.65,1,2,2022-07-21 09:08:00
1658394480949413000,14.6,1,14.55,6,14.6,1,1,2022-07-21 09:08:00
1658394482410229000,14.6,3,14.55,6,14.6,4,1,2022-07-21 09:08:02
1658394482522942000,14.6,4,14.55,6,14.65,1,1,2022-07-21 09:08:02
1658394482720959000,14.65,1,14.55,6,14.7,1,1,2022-07-21 09:08:02
1658394485024895000,14.55,1,14.55,5,14.6,1,2,2022-07-21 09:08:05
1658394486179728000,14.6,1,14.65,4,14.7,1,1,2022-07-21 09:08:06
1658394486216192000,14.65,4,14.55,5,14.7,1,2,2022-07-21 09:08:06
1658394490027796000,14.55,1,14.55,4,14.7,1,2,2022-07-21 09:08:10
1658394490966912000,14.7,1,14.65,10,14.8,4,1,2022-07-21 09:08:10
1658394495030648000,14.65,1,14.65,9,14.8,4,2,2022-07-21 09:08:15
1658394495398721000,14.65,1,14.65,8,14.8,4,2,2022-07-21 09:08:15
1658394499030777000,14.65,1,14.65,7,14.75,1,2,2022-07-21 09:08:19
1658394499509811000,14.75,1,14.65,7,14.8,1,1,2022-07-21 09:08:19
1658394499509811000,14.8,3,14.65,7,14.8,1,1,2022-07-21 09:08:19
1658394500033371000,14.65,1,14.65,6,14.8,1,2,2022-07-21 09:08:20
1658394501718249000,14.65,5,14.65,1,14.8,1,2,2022-07-21 09:08:21
1658394501748559000,14.65,1,14.6,2,14.8,1,2,2022-07-21 09:08:21
1658394505036168000,14.65,1,14.6,2,14.8,1,2,2022-07-21 09:08:25
1658394509592019000,14.8,1,14.6,2,14.85,3,1,2022-07-21 09:08:29
1658394509592019000,14.85,9,14.6,2,14.85,3,1,2022-07-21 09:08:29
1658394510039021000,14.65,1,14.6,3,14.85,3,2,2022-07-21 09:08:30
1658394515041861000,14.6,1,14.6,2,14.7,2,2,2022-07-21 09:08:35
1658394519700690000,14.7,2,14.65,1,14.85,3,1,2022-07-21 09:08:39
1658394520044572000,14.65,1,14.6,2,14.85,3,2,2022-07-21 09:08:40
1658394520961360000,14.6,2,14.55,6,14.6,3,2,2022-07-21 09:08:40
1658394521003422000,14.6,3,14.55,6,14.85,3,1,2022-07-21 09:08:41
1658394525047417000,14.6,1,14.6,1,14.7,1,2,2022-07-21 09:08:45
1658394529303672000,14.7,3,14.6,4,14.7,3,1,2022-07-21 09:08:49
1658394529339443000,14.7,3,14.6,4,14.85,3,1,2022-07-21 09:08:49
1658394530050269000,14.6,1,14.6,3,14.85,3,2,2022-07-21 09:08:50
1658394532262421000,14.85,1,14.6,3,14.85,2,1,2022-07-21 09:08:52
1658394535053054000,14.6,1,14.6,2,14.85,2,2,2022-07-21 09:08:55
1658394536915655000,14.85,2,14.85,1,14.9,45,1,2022-07-21 09:08:56
1658394536945665000,14.85,1,14.6,3,14.9,45,2,2022-07-21 09:08:56
1658394540055920000,14.65,1,14.6,3,14.8,1,2,2022-07-21 09:09:00
1658394543901252000,14.8,1,14.6,4,14.85,2,1,2022-07-21 09:09:03
1658394545037694000,14.6,1,14.6,3,14.65,3,2,2022-07-21 09:09:05
1658394549764873000,14.65,1,14.6,3,14.65,2,1,2022-07-21 09:09:09
1658394549783781000,14.65,2,14.6,3,14.85,2,1,2022-07-21 09:09:09
1658394549998772000,14.65,1,14.65,8,14.85,2,2,2022-07-21 09:09:09
1658394554969951000,14.65,1,14.65,10,14.85,2,2,2022-07-21 09:09:14
1658394559948427000,14.8,1,14.8,6,14.85,2,2,2022-07-21 09:09:19
1658394564932208000,14.8,1,14.8,5,14.85,2,2,2022-07-21 09:09:24
1658394564957972000,14.8,3,14.8,2,14.85,2,2,2022-07-21 09:09:24
1658394565619586000,14.8,2,14.65,10,14.8,8,2,2022-07-21 09:09:25
1658394569919859000,14.65,1,14.65,9,14.8,8,2,2022-07-21 09:09:29
1658394574910337000,14.65,1,14.65,8,14.8,3,2,2022-07-21 09:09:34
1658394578350235000,14.8,1,14.65,8,14.8,4,1,2022-07-21 09:09:38
1658394579902846000,14.65,1,14.65,7,14.8,4,2,2022-07-21 09:09:39
1658394584896837000,14.65,1,14.65,6,14.75,1,2,2022-07-21 09:09:44
1658394585751896000,14.75,1,14.65,6,14.8,1,1,2022-07-21 09:09:45
1658394585751896000,14.8,3,14.65,6,14.8,1,1,2022-07-21 09:09:45
1658394589891741000,14.65,1,14.65,3,14.8,1,2,2022-07-21 09:09:49
1658394591111381000,14.65,3,14.65,2,14.8,1,2,2022-07-21 09:09:51
1658394594887516000,14.65,1,14.65,1,14.8,1,2,2022-07-21 09:09:54
1658394595601554000,14.8,1,14.65,1,14.85,2,1,2022-07-21 09:09:55
1658394599883948000,14.65,1,14.65,2,14.8,1,2,2022-07-21 09:09:59
1658394604880674000,14.65,1,14.65,1,14.8,1,2,2022-07-21 09:10:04
1658394608982795000,14.8,1,14.65,1,14.8,1,1,2022-07-21 09:10:08
1658394609877820000,14.65,1,14.6,18,14.8,1,2,2022-07-21 09:10:09
1658394614875011000,14.65,1,14.6,18,14.8,1,2,2022-07-21 09:10:14
1658394616639676000,14.8,1,14.6,19,14.85,1,1,2022-07-21 09:10:16
1658394616639676000,14.85,1,14.6,19,14.85,1,1,2022-07-21 09:10:16
1658394619872366000,14.8,1,14.65,2,14.85,1,2,2022-07-21 09:10:19
1658394624869887000,14.65,1,14.65,2,14.85,4,2,2022-07-21 09:10:24
1658394629867522000,14.65,1,14.65,2,14.85,4,2,2022-07-21 09:10:29
1658394630719499000,14.85,4,14.65,2,14.9,45,1,2022-07-21 09:10:30
1658394634865110000,14.65,1,14.65,1,14.9,45,2,2022-07-21 09:10:34
1658394639862858000,14.75,1,14.75,2,14.85,2,2,2022-07-21 09:10:39
1658394641190429000,14.85,2,14.75,2,14.85,2,1,2022-07-21 09:10:41
1658394644519246000,14.85,2,14.75,2,14.9,43,1,2022-07-21 09:10:44
1658394644860504000,14.75,1,14.75,1,14.9,43,2,2022-07-21 09:10:44
1658394649858383000,14.85,1,14.85,1,14.9,43,2,2022-07-21 09:10:49
1658394649918743000,14.85,1,14.8,1,14.85,2,2,2022-07-21 09:10:49
1658394651742246000,14.8,1,14.65,2,14.85,2,2,2022-07-21 09:10:51
1658394654856090000,14.65,1,14.65,1,14.85,2,2,2022-07-21 09:10:54
1658394659367514000,14.85,2,14.65,1,14.9,43,1,2022-07-21 09:10:59
1658394659853884000,14.65,1,14.6,29,14.9,43,2,2022-07-21 09:10:59
1658394661283218000,14.65,1,14.6,29,14.85,5,2,2022-07-21 09:11:01
1658394664851674000,14.6,1,14.6,28,14.7,1,2,2022-07-21 09:11:04
1658394665623652000,14.7,1,14.6,28,14.85,1,1,2022-07-21 09:11:05
1658394665623652000,14.85,4,14.6,28,14.85,1,1,2022-07-21 09:11:05
1658394669849467000,14.6,1,14.6,27,14.85,3,2,2022-07-21 09:11:09
1658394670751743000,14.85,1,14.6,27,14.85,2,1,2022-07-21 09:11:10
1658394672269362000,14.85,2,14.6,27,14.9,41,1,2022-07-21 09:11:12
1658394672269362000,14.9,2,14.6,27,14.9,41,1,2022-07-21 09:11:12
1658394674847278000,14.6,1,14.6,26,14.9,41,2,2022-07-21 09:11:14
1658394679845052000,14.6,1,14.6,26,14.9,41,2,2022-07-21 09:11:19
1658394684842893000,14.6,1,14.6,26,14.85,2,2,2022-07-21 09:11:24
1658394689840676000,14.6,1,14.6,25,14.85,2,2,2022-07-21 09:11:29
1658394694838474000,14.6,1,14.6,28,14.7,2,2,2022-07-21 09:11:34
1658394699836321000,14.65,1,14.6,29,14.7,2,2,2022-07-21 09:11:39
1658394700800888000,14.7,2,14.7,6,14.85,3,1,2022-07-21 09:11:40
1658394704834124000,14.7,1,14.7,7,14.85,3,2,2022-07-21 09:11:44
1658394709831899000,14.7,1,14.7,6,14.85,3,2,2022-07-21 09:11:49
1658394712448715000,14.7,4,14.7,2,14.85,3,2,2022-07-21 09:11:52
1658394714829716000,14.7,1,14.7,1,14.85,3,2,2022-07-21 09:11:54
1658394719827548000,14.7,1,14.65,2,14.85,4,2,2022-07-21 09:11:59
1658394724825345000,14.65,1,14.65,1,14.85,7,2,2022-07-21 09:12:04
1658394729009063000,14.85,1,14.65,1,14.85,6,1,2022-07-21 09:12:09
1658394729597428000,14.85,6,14.65,1,14.9,40,1,2022-07-21 09:12:09
1658394729597428000,14.9,1,14.65,1,14.9,40,1,2022-07-21 09:12:09
1658394729823159000,14.65,1,14.6,32,14.9,40,2,2022-07-21 09:12:09
1658394733790991000,14.6,1,14.6,31,14.9,40,2,2022-07-21 09:12:13
1658394734820966000,14.6,1,14.6,30,14.9,40,2,2022-07-21 09:12:14
1658394739818806000,14.6,1,14.6,29,14.9,40,2,2022-07-21 09:12:19
1658394744816635000,14.6,1,14.6,28,14.9,40,2,2022-07-21 09:12:24
1658394749814414000,14.6,1,14.6,33,14.9,40,2,2022-07-21 09:12:29
1658394754812268000,14.6,1,14.6,34,14.9,40,2,2022-07-21 09:12:34
1658394759810060000,14.65,1,14.65,5,14.85,1,2,2022-07-21 09:12:39
1658394764807885000,14.65,1,14.65,4,14.85,1,2,2022-07-21 09:12:44
1658394769805676000,14.65,1,14.65,3,14.8,3,2,2022-07-21 09:12:49
1658394774803452000,14.65,1,14.65,3,14.8,3,2,2022-07-21 09:12:54
1658394779801280000,14.65,1,14.65,2,14.8,3,2,2022-07-21 09:12:59
1658394784799078000,14.65,1,14.65,1,14.8,3,2,2022-07-21 09:13:04
1658394789796931000,14.65,1,14.6,38,14.8,3,2,2022-07-21 09:13:09
1658394794794692000,14.6,1,14.6,37,14.8,3,2,2022-07-21 09:13:14
1658394799792541000,14.6,1,14.6,36,14.8,3,2,2022-07-21 09:13:19
1658394804790375000,14.65,1,14.6,36,14.8,3,2,2022-07-21 09:13:24
1658394809021295000,14.6,1,14.6,35,14.8,3,2,2022-07-21 09:13:29
1658394809788174000,14.6,1,14.6,34,14.8,3,2,2022-07-21 09:13:29
1658394814785931000,14.65,1,14.6,34,14.8,3,2,2022-07-21 09:13:34
1658394818278592000,14.6,2,14.6,32,14.8,5,2,2022-07-21 09:13:38
1658394819783772000,14.6,1,14.6,31,14.8,5,2,2022-07-21 09:13:39
1658394824781614000,14.6,1,14.6,30,14.8,5,2,2022-07-21 09:13:44
1658394829779449000,14.65,1,14.6,30,14.8,5,2,2022-07-21 09:13:49
1658394834777260000,14.6,1,14.6,29,14.8,8,2,2022-07-21 09:13:54
1658394838723667000,14.8,1,14.6,29,14.8,7,1,2022-07-21 09:13:58
1658394839775060000,14.65,1,14.6,29,14.8,7,2,2022-07-21 09:13:59
1658394840994864000,14.6,8,14.6,21,14.8,7,2,2022-07-21 09:14:00
1658394843238971000,14.6,1,14.6,20,14.8,7,2,2022-07-21 09:14:03
1658394844790973000,14.6,1,14.6,19,14.8,7,2,2022-07-21 09:14:04
1658394849830256000,14.6,1,14.6,20,14.8,7,2,2022-07-21 09:14:09
1658394853632622000,14.6,20,14.55,11,14.8,7,2,2022-07-21 09:14:13
1658394853632622000,14.55,10,14.55,11,14.8,7,2,2022-07-21 09:14:13
1658394854859379000,14.65,1,14.65,1,14.8,7,2,2022-07-21 09:14:14
1658394859782366000,14.65,1,14.65,1,14.8,7,2,2022-07-21 09:14:19
1658394859881269000,14.65,1,14.55,11,14.8,7,2,2022-07-21 09:14:19
1658394864147241000,14.55,11,14.5,23,14.8,7,2,2022-07-21 09:14:24
1658394864147241000,14.5,19,14.5,23,14.8,7,2,2022-07-21 09:14:24
1658394864897810000,14.5,1,14.5,22,14.8,7,2,2022-07-21 09:14:24
1658394866589616000,14.5,22,14.5,22,14.7,1,2,2022-07-21 09:14:26
1658394866589616000,14.45,28,14.5,22,14.7,1,2,2022-07-21 09:14:26
1658394866589616000,14.4,10,14.5,22,14.7,1,2,2022-07-21 09:14:26
1658394869910582000,14.4,1,14.4,17,14.7,1,2,2022-07-21 09:14:29
1658394874920589000,14.4,1,14.4,16,14.7,2,2,2022-07-21 09:14:34
1658394876780039000,14.4,1,14.4,15,14.7,2,2,2022-07-21 09:14:36
1658394879928648000,14.4,1,14.4,14,14.7,2,2,2022-07-21 09:14:39
1658394884935248000,14.4,1,14.4,14,14.65,4,2,2022-07-21 09:14:44
1658394888925625000,14.4,1,14.4,13,14.65,4,2,2022-07-21 09:14:48
1658394889940724000,14.4,1,14.4,12,14.6,3,2,2022-07-21 09:14:49
1658394893453797000,14.4,3,14.4,9,14.6,3,2,2022-07-21 09:14:53
1658394894945542000,14.4,1,14.4,8,14.6,3,2,2022-07-21 09:14:54
1658394899111935000,14.45,1,14.35,8,14.4,6,2,2022-07-21 09:14:59
1658394899111935000,14.4,8,14.35,8,14.4,6,2,2022-07-21 09:14:59
1658394899142643000,14.4,1,14.35,8,14.4,5,1,2022-07-21 09:14:59
1658394899949788000,14.35,1,14.35,7,14.4,5,2,2022-07-21 09:14:59
1658394903946367000,14.35,4,14.35,4,14.4,5,2,2022-07-21 09:15:03
1658394904953653000,14.35,1,14.35,3,14.4,6,2,2022-07-21 09:15:04
1658394904973525000,14.35,3,14.3,12,14.4,6,2,2022-07-21 09:15:04
1658394905243050000,14.4,1,14.3,12,14.4,5,1,2022-07-21 09:15:05
1658394905267946000,14.4,2,14.3,12,14.4,3,1,2022-07-21 09:15:05
1658394909957203000,14.3,1,14.3,11,14.35,7,2,2022-07-21 09:15:09
1658394914245718000,14.3,6,14.3,5,14.35,7,2,2022-07-21 09:15:14
1658394914490659000,14.35,1,14.3,5,14.35,6,1,2022-07-21 09:15:14
1658394914960552000,14.3,1,14.3,4,14.35,6,2,2022-07-21 09:15:14
1658394915761670000,14.3,4,14.25,10,14.3,2,2,2022-07-21 09:15:15
1658394919963781000,14.25,1,14.25,9,14.3,3,2,2022-07-21 09:15:19
1658394923087681000,14.3,2,14.25,9,14.3,1,1,2022-07-21 09:15:23
1658394923120462000,14.3,1,14.25,9,14.35,1,1,2022-07-21 09:15:23
1658394923188805000,14.25,1,14.25,8,14.35,1,2,2022-07-21 09:15:23
1658394924966899000,14.25,1,14.25,7,14.35,1,2,2022-07-21 09:15:24
1658394925043066000,14.25,7,14.2,10,14.35,1,2,2022-07-21 09:15:25
1658394925043066000,14.2,3,14.2,10,14.35,1,2,2022-07-21 09:15:25
1658394925144518000,14.2,10,14.15,2,14.35,1,2,2022-07-21 09:15:25
1658394929969945000,14.15,1,14.15,5,14.35,2,2,2022-07-21 09:15:29
1658394934972862000,14.2,1,14.2,1,14.35,2,2,2022-07-21 09:15:34
1658394936058284000,14.2,1,14.15,5,14.2,2,2,2022-07-21 09:15:36
1658394936100829000,14.2,2,14.15,5,14.35,2,1,2022-07-21 09:15:36
1658394939975779000,14.25,1,14.25,4,14.35,2,2,2022-07-21 09:15:39
1658394941518953000,14.35,2,14.25,4,14.4,8,1,2022-07-21 09:15:41
1658394944978677000,14.25,1,14.25,3,14.4,8,2,2022-07-21 09:15:44
1658394949647755000,14.35,1,14.25,7,14.4,5,1,2022-07-21 09:15:49
1658394949647755000,14.4,2,14.25,7,14.4,5,1,2022-07-21 09:15:49
1658394949981569000,14.25,1,14.25,6,14.4,5,2,2022-07-21 09:15:49
1658394954984339000,14.25,1,14.25,9,14.4,5,2,2022-07-21 09:15:54
1658394958427588000,14.25,3,14.25,5,14.35,2,2,2022-07-21 09:15:58
1658394958897816000,14.35,2,14.25,5,14.4,2,1,2022-07-21 09:15:58
1658394958897816000,14.4,3,14.25,5,14.4,2,1,2022-07-21 09:15:58
1658394959987245000,14.25,1,14.25,4,14.4,2,2,2022-07-21 09:15:59
1658394960399009000,14.25,1,14.25,3,14.4,2,2,2022-07-21 09:16:00
1658394962951521000,14.25,1,14.25,7,14.4,2,2,2022-07-21 09:16:02
1658394964990089000,14.25,1,14.25,6,14.4,2,2,2022-07-21 09:16:04
1658394967273212000,14.4,2,14.25,16,14.6,2,1,2022-07-21 09:16:07
1658394969992907000,14.25,1,14.25,15,14.6,2,2,2022-07-21 09:16:09
1658394971292283000,14.25,3,14.25,12,14.6,2,2,2022-07-21 09:16:11
1658394974409517000,14.6,1,14.25,17,14.6,1,1,2022-07-21 09:16:14
1658394974644363000,14.6,1,14.25,12,14.7,1,1,2022-07-21 09:16:14
1658394974995709000,14.25,1,14.25,11,14.7,1,2,2022-07-21 09:16:14
1658394979998569000,14.3,1,14.3,6,14.7,5,2,2022-07-21 09:16:19
1658394985001405000,14.3,1,14.3,6,14.6,1,2,2022-07-21 09:16:25
1658394990004134000,14.35,1,14.35,5,14.6,1,2,2022-07-21 09:16:30
1658394993928041000,14.35,5,14.25,9,14.6,1,2,2022-07-21 09:16:33
1658394993928041000,14.3,10,14.25,9,14.6,1,2,2022-07-21 09:16:33
1658394993928041000,14.25,5,14.25,9,14.6,1,2,2022-07-21 09:16:33
1658394995006991000,14.25,1,14.25,12,14.6,1,2,2022-07-21 09:16:35
1658394996981302000,14.25,3,14.25,5,14.6,2,2,2022-07-21 09:16:36
1658395000009814000,14.25,1,14.25,5,14.6,3,2,2022-07-21 09:16:40
1658395005012537000,14.3,1,14.3,2,14.6,3,2,2022-07-21 09:16:45
1658395008844482000,14.3,1,14.3,1,14.6,3,2,2022-07-21 09:16:48
1658395021237869000,14.3,1,14.3,1,14.6,3,2,2022-07-21 09:17:01
1658395029492659000,14.6,1,14.35,2,14.6,2,1,2022-07-21 09:17:09
1658395030871228000,14.35,1,14.35,1,14.6,2,2,2022-07-21 09:17:10
1658395035430365000,14.35,1,14.3,3,14.6,2,2,2022-07-21 09:17:15
1658395035430365000,14.3,2,14.3,3,14.6,2,2,2022-07-21 09:17:15
1658395062375068000,14.3,1,14.3,27,14.6,6,2,2022-07-21 09:17:42
1658395082588404000,14.35,2,14.3,27,14.6,6,2,2022-07-21 09:18:02
1658395082588404000,14.3,8,14.3,27,14.6,6,2,2022-07-21 09:18:02
1658395098919829000,14.35,1,14.3,27,14.35,1,2,2022-07-21 09:18:18
1658395098949235000,14.35,1,14.3,27,14.6,10,1,2022-07-21 09:18:18
1658395135536754000,14.35,4,14.3,23,14.6,8,2,2022-07-21 09:18:55
1658395141735536000,14.35,1,14.35,1,14.6,8,1,2022-07-21 09:19:01
1658395148356914000,14.35,1,14.3,20,14.35,3,2,2022-07-21 09:19:08
1658395164055538000,14.35,2,14.3,21,14.35,1,1,2022-07-21 09:19:24
1658395164090692000,14.35,1,14.3,21,14.6,8,1,2022-07-21 09:19:24
1658395181324880000,14.35,2,14.35,2,14.5,5,2,2022-07-21 09:19:41
1658395206816430000,14.45,1,14.4,6,14.5,9,1,2022-07-21 09:20:06
1658395207238541000,14.4,1,14.4,5,14.5,9,2,2022-07-21 09:20:07
1658395217290197000,14.4,5,14.25,8,14.5,13,2,2022-07-21 09:20:17
1658395217290197000,14.35,4,14.25,8,14.5,13,2,2022-07-21 09:20:17
1658395217290197000,14.3,12,14.25,8,14.5,13,2,2022-07-21 09:20:17
1658395217290197000,14.25,9,14.25,8,14.5,13,2,2022-07-21 09:20:17
1658395238814526000,14.5,1,14.3,2,14.5,12,1,2022-07-21 09:20:38
1658395263003419000,14.3,2,14.25,8,14.5,13,2,2022-07-21 09:21:03
1658395263003419000,14.25,3,14.25,8,14.5,13,2,2022-07-21 09:21:03
1658395294626133000,14.3,2,14.25,7,14.45,3,2,2022-07-21 09:21:34
1658395294626133000,14.25,1,14.25,7,14.45,3,2,2022-07-21 09:21:34
1658395295448097000,14.45,1,14.25,8,14.45,2,1,2022-07-21 09:21:35
1658395325496229000,14.25,8,14.2,7,14.45,2,2,2022-07-21 09:22:05
1658395325496229000,14.2,22,14.2,7,14.45,2,2,2022-07-21 09:22:05
1658395334168259000,14.2,2,14.2,5,14.45,5,2,2022-07-21 09:22:14
1658395335557895000,14.2,3,14.2,2,14.45,5,2,2022-07-21 09:22:15
1658395349928189000,14.45,1,14.2,7,14.45,5,1,2022-07-21 09:22:29
1658395367761518000,14.3,1,14.2,11,14.45,5,1,2022-07-21 09:22:47
1658395384012265000,14.25,2,14.2,3,14.45,5,2,2022-07-21 09:23:04
1658395384012265000,14.2,8,14.2,3,14.45,5,2,2022-07-21 09:23:04
1658395396334875000,14.2,1,14.2,2,14.4,4,2,2022-07-21 09:23:16
1658395408311171000,14.35,2,14.25,1,14.4,3,1,2022-07-21 09:23:28
1658395465954111000,14.35,1,14.25,2,14.35,3,1,2022-07-21 09:24:25
1658395519493353000,14.25,1,14.25,1,14.35,3,2,2022-07-21 09:25:19
1658395524628911000,14.35,1,14.25,1,14.35,2,1,2022-07-21 09:25:24
1658395556534896000,14.35,1,14.25,3,14.35,1,1,2022-07-21 09:25:56
1658395567008313000,14.3,1,14.25,3,14.35,4,1,2022-07-21 09:26:07
1658395592004731000,14.3,4,14.25,3,14.3,1,2,2022-07-21 09:26:32
1658395608619282000,14.3,1,14.25,3,14.3,3,1,2022-07-21 09:26:48
1658395617655479000,14.25,1,14.25,2,14.3,3,2,2022-07-21 09:26:57
1658395647432429000,14.25,3,14.25,1,14.3,4,2,2022-07-21 09:27:27
1658395647466384000,14.25,1,14.2,14,14.3,4,2,2022-07-21 09:27:27
1658395648672139000,14.25,1,14.25,5,14.3,4,1,2022-07-21 09:27:28
1658395653137179000,14.25,1,14.25,4,14.3,4,2,2022-07-21 09:27:33
1658395657720135000,14.25,3,14.25,1,14.3,4,2,2022-07-21 09:27:37
1658395657923089000,14.25,1,14.2,14,14.25,2,2,2022-07-21 09:27:37
1658395659882382000,14.25,1,14.2,14,14.25,1,1,2022-07-21 09:27:39
1658395662847951000,14.25,1,14.2,14,14.3,4,1,2022-07-21 09:27:42
1658395669420925000,14.2,3,14.2,11,14.3,1,2,2022-07-21 09:27:49
1658395681630010000,14.3,1,14.2,11,14.35,1,1,2022-07-21 09:28:01
1658395684194874000,14.2,2,14.2,9,14.35,1,2,2022-07-21 09:28:04
1658395704984062000,14.25,1,14.25,1,14.3,5,2,2022-07-21 09:28:24
1658395705016312000,14.25,1,14.2,10,14.3,5,2,2022-07-21 09:28:25
1658395715386375000,14.25,1,14.25,1,14.3,5,2,2022-07-21 09:28:35
1658395722166201000,14.25,1,14.2,12,14.3,6,2,2022-07-21 09:28:42
1658395751665043000,14.2,2,14.2,13,14.3,6,2,2022-07-21 09:29:11
1658395758375984000,14.25,2,14.2,5,14.3,6,2,2022-07-21 09:29:18
1658395758375984000,14.2,8,14.2,5,14.3,6,2,2022-07-21 09:29:18
1658395777879012000,14.2,2,14.2,5,14.25,50,2,2022-07-21 09:29:37
1658395784978315000,14.2,4,14.2,1,14.25,50,2,2022-07-21 09:29:44
1658395785012378000,14.2,1,14.15,14,14.25,50,2,2022-07-21 09:29:45
1658395788038232000,14.2,1,14.15,14,14.2,4,1,2022-07-21 09:29:48
1658395795200242000,14.15,1,14.15,13,14.2,6,2,2022-07-21 09:29:55
1658395795861294000,14.2,1,14.15,13,14.2,5,1,2022-07-21 09:29:55
1658395807216886000,14.15,10,14.15,3,14.2,59,2,2022-07-21 09:30:07
1658395807895621000,14.15,3,14.1,18,14.2,59,2,2022-07-21 09:30:07
1658395824585827000,14.1,15,14.1,3,14.2,59,2,2022-07-21 09:30:24
1658395829610805000,14.1,1,14.1,2,14.15,1,2,2022-07-21 09:30:29
1658395837607498000,14.15,1,14.15,5,14.2,9,1,2022-07-21 09:30:37
1658395849114215000,14.2,9,14.15,6,14.3,6,1,2022-07-21 09:30:49
1658395856153359000,14.3,5,14.15,13,14.3,1,1,2022-07-21 09:30:56
1658395873238698000,14.3,2,14.15,8,14.3,2,1,2022-07-21 09:31:13
1658395889736790000,14.3,2,14.3,5,14.35,3,1,2022-07-21 09:31:29
1658395939702687000,14.3,1,14.2,2,14.35,1,2,2022-07-21 09:32:19
1658395961179202000,14.35,1,14.25,4,14.4,6,1,2022-07-21 09:32:41
1658396013629298000,14.35,1,14.3,3,14.4,6,1,2022-07-21 09:33:33
1658396061349678000,14.35,1,14.3,5,14.4,6,2,2022-07-21 09:34:21
1658396107199147000,14.35,1,14.35,1,14.4,6,2,2022-07-21 09:35:07
1658396135712159000,14.4,1,14.35,1,14.4,5,1,2022-07-21 09:35:35
1658396143424684000,14.4,2,14.35,1,14.4,5,1,2022-07-21 09:35:43
1658396178292034000,14.35,2,14.3,5,14.4,7,2,2022-07-21 09:36:18
1658396246009641000,14.4,1,14.3,4,14.4,6,1,2022-07-21 09:37:26
1658396300996397000,14.4,1,14.3,5,14.4,5,1,2022-07-21 09:38:20
1658396301082152000,14.4,5,14.3,5,14.45,5,1,2022-07-21 09:38:21
1658396301082152000,14.45,1,14.3,5,14.45,5,1,2022-07-21 09:38:21
1658396322069088000,14.45,1,14.3,5,14.45,4,1,2022-07-21 09:38:42
1658396351012335000,14.45,1,14.3,10,14.45,3,1,2022-07-21 09:39:11
1658396362471895000,14.45,3,14.45,1,14.5,23,1,2022-07-21 09:39:22
1658396374267767000,14.45,2,14.3,9,14.5,24,2,2022-07-21 09:39:34
1658396382362706000,14.5,1,14.3,9,14.5,23,1,2022-07-21 09:39:42
1658396395549450000,14.5,1,14.35,1,14.5,22,1,2022-07-21 09:39:55
1658396420699803000,14.5,1,14.35,2,14.5,21,1,2022-07-21 09:40:20
1658396466913038000,14.5,1,14.4,5,14.5,12,1,2022-07-21 09:41:06
1658396596175649000,14.5,1,14.4,7,14.5,14,1,2022-07-21 09:43:16
1658396607604307000,14.5,1,14.4,7,14.5,13,1,2022-07-21 09:43:27
1658396665173213000,14.4,3,14.4,4,14.5,10,2,2022-07-21 09:44:25
1658396676553469000,14.4,4,14.3,12,14.5,10,2,2022-07-21 09:44:36
1658396676553469000,14.35,6,14.3,12,14.5,10,2,2022-07-21 09:44:36
1658396683136550000,14.3,12,14.25,12,14.3,5,2,2022-07-21 09:44:43
1658396688427381000,14.3,3,14.25,12,14.3,2,1,2022-07-21 09:44:48
1658396688461144000,14.3,2,14.25,12,14.5,10,1,2022-07-21 09:44:48
1658396694185503000,14.5,3,14.25,12,14.5,13,1,2022-07-21 09:44:54
1658396696034182000,14.25,2,14.25,10,14.5,13,2,2022-07-21 09:44:56
1658396720375723000,14.3,1,14.25,9,14.4,1,2,2022-07-21 09:45:20
1658396720375723000,14.25,4,14.25,9,14.4,1,2,2022-07-21 09:45:20
1658396729833537000,14.4,1,14.25,9,14.5,7,1,2022-07-21 09:45:29
1658396735345890000,14.3,1,14.25,12,14.5,7,2,2022-07-21 09:45:35
1658396770190526000,14.3,2,14.3,5,14.5,13,2,2022-07-21 09:46:10
1658396861826184000,14.3,2,14.3,4,14.5,13,2,2022-07-21 09:47:41
1658396925277460000,14.3,1,14.25,13,14.5,11,2,2022-07-21 09:48:45
1658396970258841000,14.4,3,14.4,2,14.5,5,1,2022-07-21 09:49:30
1658396991452647000,14.4,1,14.4,1,14.5,8,2,2022-07-21 09:49:51
1658396992701053000,14.4,1,14.3,22,14.5,8,2,2022-07-21 09:49:52
1658397012778047000,14.5,1,14.3,22,14.5,7,1,2022-07-21 09:50:12
1658397060707184000,14.3,15,14.3,7,14.5,7,2,2022-07-21 09:51:00
1658397061668529000,14.5,1,14.3,7,14.5,9,1,2022-07-21 09:51:01
1658397084540492000,14.5,5,14.3,7,14.5,1,1,2022-07-21 09:51:24
1658397093213412000,14.5,1,14.3,10,14.55,6,1,2022-07-21 09:51:33
1658397120906233000,14.5,1,14.3,10,14.55,8,2,2022-07-21 09:52:00
1658397126536583000,14.3,1,14.3,6,14.55,8,2,2022-07-21 09:52:06
1658397149890090000,14.35,1,14.3,6,14.55,8,2,2022-07-21 09:52:29
1658397164098593000,14.3,1,14.3,5,14.55,11,2,2022-07-21 09:52:44
1658397232740722000,14.5,2,14.3,23,14.5,1,1,2022-07-21 09:53:52
1658397255367837000,14.5,1,14.3,22,14.5,2,1,2022-07-21 09:54:15
1658397286082549000,14.5,2,14.3,23,14.55,6,1,2022-07-21 09:54:46
1658397331161350000,14.35,2,14.3,20,14.55,7,2,2022-07-21 09:55:31
1658397331161350000,14.3,3,14.3,20,14.55,7,2,2022-07-21 09:55:31
1658397370719123000,14.4,2,14.3,17,14.5,10,2,2022-07-21 09:56:10
1658397370719123000,14.3,3,14.3,17,14.5,10,2,2022-07-21 09:56:10
1658397371161870000,14.3,5,14.3,12,14.5,10,2,2022-07-21 09:56:11
1658397372319922000,14.3,5,14.3,7,14.5,10,2,2022-07-21 09:56:12
1658397373482359000,14.3,5,14.3,2,14.5,10,2,2022-07-21 09:56:13
1658397461761665000,14.5,5,14.35,1,14.5,9,1,2022-07-21 09:57:41
1658397463695862000,14.5,9,14.5,2,14.55,7,1,2022-07-21 09:57:43
1658397485435763000,14.5,2,14.35,5,14.5,1,2,2022-07-21 09:58:05
1658397513603830000,14.5,4,14.35,5,14.55,7,1,2022-07-21 09:58:33
1658397524468336000,14.5,2,14.35,5,14.55,7,1,2022-07-21 09:58:44
1658397551469839000,14.5,10,14.35,5,14.55,8,1,2022-07-21 09:59:11
1658397585737562000,14.5,2,14.4,4,14.55,8,1,2022-07-21 09:59:45
1658397619815997000,14.5,2,14.4,4,14.5,3,1,2022-07-21 10:00:19
1658397658901532000,14.5,1,14.4,4,14.5,2,1,2022-07-21 10:00:58
1658397763223346000,14.5,2,14.4,5,14.5,5,1,2022-07-21 10:02:43
1658397779573140000,14.5,1,14.4,6,14.5,6,1,2022-07-21 10:02:59
1658397790929495000,14.4,5,14.4,1,14.5,6,2,2022-07-21 10:03:10
1658397791194476000,14.4,1,14.35,1,14.5,6,2,2022-07-21 10:03:11
1658397791194476000,14.35,4,14.35,1,14.5,6,2,2022-07-21 10:03:11
1658397838298241000,14.35,1,14.25,19,14.5,9,2,2022-07-21 10:03:58
1658397838298241000,14.3,6,14.25,19,14.5,9,2,2022-07-21 10:03:58
1658397838298241000,14.25,3,14.25,19,14.5,9,2,2022-07-21 10:03:58
1658397851250908000,14.25,5,14.25,14,14.45,1,2,2022-07-21 10:04:11
1658397851481834000,14.25,5,14.25,9,14.45,1,2,2022-07-21 10:04:11
1658397851797379000,14.25,5,14.25,4,14.45,4,2,2022-07-21 10:04:11
1658397884351941000,14.3,5,14.25,5,14.45,4,2,2022-07-21 10:04:44
1658397886713926000,14.25,5,14.2,40,14.45,4,2,2022-07-21 10:04:46
1658397890322554000,14.25,1,14.25,2,14.45,4,1,2022-07-21 10:04:50
1658397982978180000,14.3,5,14.2,41,14.45,4,1,2022-07-21 10:06:22
1658398111265639000,14.25,6,14.2,29,14.45,5,2,2022-07-21 10:08:31
1658398111265639000,14.2,9,14.2,29,14.45,5,2,2022-07-21 10:08:31
1658398163897779000,14.2,1,14.2,30,14.3,5,2,2022-07-21 10:09:23
1658398181711330000,14.2,2,14.2,22,14.3,5,2,2022-07-21 10:09:41
1658398183641925000,14.2,2,14.2,20,14.3,5,2,2022-07-21 10:09:43
1658398200393418000,14.25,1,14.2,15,14.3,5,2,2022-07-21 10:10:00
1658398200393418000,14.2,4,14.2,15,14.3,5,2,2022-07-21 10:10:00
1658398200576365000,14.2,5,14.2,10,14.3,5,2,2022-07-21 10:10:00
1658398256813661000,14.25,2,14.2,14,14.3,5,1,2022-07-21 10:10:56
1658398277434810000,14.25,1,14.2,14,14.3,5,1,2022-07-21 10:11:17
1658398355329466000,14.25,2,14.2,15,14.25,3,2,2022-07-21 10:12:35
1658398401745016000,14.3,1,14.2,25,14.3,4,1,2022-07-21 10:13:21
1658398442105238000,14.3,1,14.2,24,14.3,3,1,2022-07-21 10:14:02
1658398475878602000,14.3,3,14.25,2,14.35,15,1,2022-07-21 10:14:35
1658398516807948000,14.25,1,14.25,1,14.3,3,2,2022-07-21 10:15:16
1658398530690255000,14.25,1,14.2,24,14.25,3,2,2022-07-21 10:15:30
1658398549085207000,14.25,1,14.2,24,14.25,2,1,2022-07-21 10:15:49
1658398561350502000,14.25,1,14.2,24,14.25,1,1,2022-07-21 10:16:01
1658398629978039000,14.25,2,14.2,26,14.3,3,1,2022-07-21 10:17:09
1658398743291717000,14.3,3,14.25,21,14.35,15,1,2022-07-21 10:19:03
1658398909831955000,14.35,9,14.35,2,14.4,4,1,2022-07-21 10:21:49
1658398927354367000,14.4,1,14.35,5,14.4,3,1,2022-07-21 10:22:07
1658398966631950000,14.4,4,14.35,3,14.45,5,1,2022-07-21 10:22:46
1658399053225737000,14.4,1,14.35,7,14.45,11,2,2022-07-21 10:24:13
1658399089010992000,14.35,4,14.35,3,14.45,11,2,2022-07-21 10:24:49
1658399136071817000,14.35,3,14.3,20,14.45,12,2,2022-07-21 10:25:36
1658399222356856000,14.35,1,14.3,20,14.4,6,2,2022-07-21 10:27:02
1658399272940806000,14.35,3,14.3,20,14.35,2,1,2022-07-21 10:27:52
1658399277755738000,14.35,1,14.3,20,14.35,1,1,2022-07-21 10:27:57
1658399292433392000,14.35,1,14.3,20,14.35,1,1,2022-07-21 10:28:12
1658399337685762000,14.3,1,14.3,19,14.35,1,2,2022-07-21 10:28:57
1658399394045478000,14.3,19,14.25,19,14.35,2,2,2022-07-21 10:29:54
1658399394045478000,14.25,1,14.25,19,14.35,2,2,2022-07-21 10:29:54
1658399434664768000,14.3,3,14.25,20,14.35,1,1,2022-07-21 10:30:34
1658399463720832000,14.25,1,14.25,21,14.35,1,2,2022-07-21 10:31:03
1658399526720781000,14.35,1,14.25,21,14.35,1,1,2022-07-21 10:32:06
1658399533527721000,14.25,1,14.25,20,14.3,1,2,2022-07-21 10:32:13
1658399541092754000,14.3,1,14.35,9,14.4,2,1,2022-07-21 10:32:21
1658399541127710000,14.35,2,14.35,7,14.4,2,2,2022-07-21 10:32:21
1658399595408244000,14.35,9,14.25,4,14.4,4,2,2022-07-21 10:33:15
1658399595408244000,14.25,16,14.25,4,14.4,4,2,2022-07-21 10:33:15
1658399598256312000,14.4,4,14.4,6,14.5,12,1,2022-07-21 10:33:18
1658399606142532000,14.4,2,14.4,4,14.45,3,2,2022-07-21 10:33:26
1658399606367484000,14.4,2,14.4,2,14.45,3,2,2022-07-21 10:33:26
1658399625847145000,14.45,1,14.4,7,14.45,2,1,2022-07-21 10:33:45
1658399629467261000,14.45,2,14.45,1,14.5,12,1,2022-07-21 10:33:49
1658399629539816000,14.45,1,14.4,7,14.5,12,2,2022-07-21 10:33:49
1658399670753208000,14.5,1,14.45,6,14.5,11,1,2022-07-21 10:34:30
1658399672912354000,14.5,10,14.45,6,14.5,1,1,2022-07-21 10:34:32
1658399677829775000,14.5,1,14.45,6,14.55,8,1,2022-07-21 10:34:37
1658399686034775000,14.55,8,14.55,1,14.6,2,1,2022-07-21 10:34:46
1658399686690324000,14.6,2,14.55,31,14.7,6,1,2022-07-21 10:34:46
1658399701632362000,14.7,1,14.55,30,14.7,11,1,2022-07-21 10:35:01
1658399712378962000,14.7,1,14.6,10,14.7,10,1,2022-07-21 10:35:12
1658399712462388000,14.7,3,14.6,10,14.7,7,1,2022-07-21 10:35:12
1658399716209626000,14.7,1,14.6,10,14.7,6,1,2022-07-21 10:35:16
1658399721353991000,14.7,1,14.6,10,14.7,5,1,2022-07-21 10:35:21
1658399723195600000,14.7,5,14.7,5,14.75,11,1,2022-07-21 10:35:23
1658399723231155000,14.7,3,14.7,2,14.75,11,2,2022-07-21 10:35:23
1658399745629601000,14.7,3,14.7,19,14.75,11,2,2022-07-21 10:35:45
1658399772918955000,14.75,1,14.7,30,14.75,9,1,2022-07-21 10:36:12
1658399778778724000,14.75,5,14.7,30,14.75,4,1,2022-07-21 10:36:18
1658399781616028000,14.75,1,14.7,35,14.75,3,1,2022-07-21 10:36:21
1658399786293296000,14.75,1,14.7,35,14.75,2,1,2022-07-21 10:36:26
1658399788159130000,14.75,1,14.7,35,14.75,1,1,2022-07-21 10:36:28
1658399792337622000,14.75,1,14.7,35,14.8,3,1,2022-07-21 10:36:32
1658399793789496000,14.8,1,14.7,35,14.8,2,1,2022-07-21 10:36:33
1658399798470054000,14.8,1,14.7,35,14.8,1,1,2022-07-21 10:36:38
1658399799066123000,14.8,1,14.8,29,14.85,3,1,2022-07-21 10:36:39
1658399803416562000,14.85,1,14.8,29,14.85,2,1,2022-07-21 10:36:43
1658399807696154000,14.85,1,14.8,29,14.85,1,1,2022-07-21 10:36:47
1658399809625092000,14.85,1,14.85,1,14.9,30,1,2022-07-21 10:36:49
1658399809984121000,14.85,1,14.8,29,14.9,30,2,2022-07-21 10:36:49
1658399816390913000,14.85,1,14.85,2,14.9,30,2,2022-07-21 10:36:56
1658399823163300000,14.85,1,14.85,1,14.9,30,2,2022-07-21 10:37:03
1658399837318455000,14.9,1,14.85,6,14.9,29,1,2022-07-21 10:37:17
1658399841002757000,14.9,1,14.85,6,14.9,28,1,2022-07-21 10:37:21
1658399842380340000,14.9,1,14.85,6,14.9,27,1,2022-07-21 10:37:22
1658399843124596000,14.85,1,14.85,5,14.9,27,2,2022-07-21 10:37:23
1658399846822459000,14.85,2,14.85,3,14.9,30,2,2022-07-21 10:37:26
1658399848014337000,14.9,2,14.85,3,14.9,28,1,2022-07-21 10:37:28
1658399863175297000,14.9,1,14.85,3,14.9,27,1,2022-07-21 10:37:43
1658399866452052000,14.9,10,14.85,3,14.9,17,1,2022-07-21 10:37:46
1658399866523110000,14.9,17,14.9,2,15.0,40,1,2022-07-21 10:37:46
1658399894077202000,15.0,1,14.9,9,15.0,39,1,2022-07-21 10:38:14
1658399905677765000,15.0,1,14.9,10,15.0,38,1,2022-07-21 10:38:25
1658399906305351000,15.0,1,14.9,10,15.0,37,1,2022-07-21 10:38:26
1658399906855453000,14.9,1,14.9,9,15.0,36,2,2022-07-21 10:38:26
1658399911185426000,15.0,20,14.9,10,15.0,16,1,2022-07-21 10:38:31
1658399911217751000,15.0,16,14.9,10,15.1,8,1,2022-07-21 10:38:31
1658399912186909000,15.1,1,14.9,13,15.1,7,1,2022-07-21 10:38:32
1658399928434409000,15.1,1,15.0,2,15.1,6,1,2022-07-21 10:38:48
1658399929789733000,15.1,1,15.0,2,15.1,5,1,2022-07-21 10:38:49
1658399930777526000,15.1,1,15.0,2,15.1,4,1,2022-07-21 10:38:50
1658399930797710000,15.1,2,15.0,2,15.1,2,1,2022-07-21 10:38:50
1658399931139575000,15.1,1,15.0,2,15.1,1,1,2022-07-21 10:38:51
1658399931158389000,15.1,1,15.0,2,15.2,16,1,2022-07-21 10:38:51
1658399971513219000,15.2,2,15.1,5,15.2,14,1,2022-07-21 10:39:31
1658399980359028000,15.2,1,15.1,5,15.2,13,1,2022-07-21 10:39:40
1658399987128045000,15.1,1,15.1,4,15.2,13,2,2022-07-21 10:39:47
1658399988147108000,15.2,13,15.2,17,15.25,5,1,2022-07-21 10:39:48
1658399992590381000,15.2,15,15.2,3,15.25,5,2,2022-07-21 10:39:52
1658399992617168000,15.2,3,15.1,4,15.25,5,2,2022-07-21 10:39:52
1658400011846571000,15.1,1,15.1,3,15.2,4,2,2022-07-21 10:40:11
1658400014003010000,15.2,2,15.2,2,15.25,5,1,2022-07-21 10:40:14
1658400014252280000,15.2,2,15.1,3,15.25,5,2,2022-07-21 10:40:14
1658400023144605000,15.2,1,15.1,3,15.25,5,1,2022-07-21 10:40:23
1658400026064281000,15.25,5,15.2,2,15.4,8,1,2022-07-21 10:40:26
1658400026064281000,15.3,3,15.2,2,15.4,8,1,2022-07-21 10:40:26
1658400026064281000,15.35,1,15.2,2,15.4,8,1,2022-07-21 10:40:26
1658400026064281000,15.4,1,15.2,2,15.4,8,1,2022-07-21 10:40:26
1658400031820753000,15.4,2,15.2,2,15.4,6,1,2022-07-21 10:40:31
1658400033795316000,15.4,1,15.2,2,15.4,5,1,2022-07-21 10:40:33
1658400044891674000,15.4,1,15.2,3,15.4,5,1,2022-07-21 10:40:44
1658400067020561000,15.4,1,15.25,1,15.4,5,1,2022-07-21 10:41:07
1658400068194690000,15.4,2,15.25,1,15.4,3,1,2022-07-21 10:41:08
1658400078201958000,15.4,1,15.25,1,15.4,4,1,2022-07-21 10:41:18
1658400085341188000,15.4,1,15.2,3,15.4,3,1,2022-07-21 10:41:25
1658400091510298000,15.4,1,15.25,1,15.4,3,1,2022-07-21 10:41:31
1658400094219299000,15.4,1,15.25,1,15.4,2,1,2022-07-21 10:41:34
1658400099643361000,15.4,2,15.25,1,15.45,7,1,2022-07-21 10:41:39
1658400106599649000,15.4,1,15.25,1,15.45,7,1,2022-07-21 10:41:46
1658400111395524000,15.4,5,15.4,1,15.45,7,2,2022-07-21 10:41:51
1658400111592259000,15.4,1,15.25,1,15.35,1,2,2022-07-21 10:41:51
1658400111660904000,15.25,1,15.2,4,15.35,1,2,2022-07-21 10:41:51
1658400120431376000,15.35,1,15.2,4,15.45,7,1,2022-07-21 10:42:00
1658400126647471000,15.45,1,15.2,4,15.45,6,1,2022-07-21 10:42:06
1658400146045044000,15.3,1,15.25,2,15.35,1,1,2022-07-21 10:42:26
1658400159457413000,15.25,2,15.2,1,15.35,4,2,2022-07-21 10:42:39
1658400159457413000,15.2,3,15.2,1,15.35,4,2,2022-07-21 10:42:39
1658400161941246000,15.2,1,15.1,7,15.35,4,2,2022-07-21 10:42:41
1658400161941246000,15.1,4,15.1,7,15.35,4,2,2022-07-21 10:42:41
1658400162958512000,15.1,5,15.1,2,15.35,4,2,2022-07-21 10:42:42
1658400165048472000,15.1,2,15.0,6,15.35,4,2,2022-07-21 10:42:45
1658400165048472000,15.0,3,15.0,6,15.35,4,2,2022-07-21 10:42:45
1658400166912550000,15.0,5,15.0,1,15.35,4,2,2022-07-21 10:42:46
1658400174549976000,15.3,1,15.0,3,15.3,1,1,2022-07-21 10:42:54
1658400174549976000,15.35,4,15.0,3,15.3,1,1,2022-07-21 10:42:54
1658400174549976000,15.4,3,15.0,3,15.3,1,1,2022-07-21 10:42:54
1658400174549976000,15.45,22,15.0,3,15.3,1,1,2022-07-21 10:42:54
1658400179612525000,15.45,1,15.0,3,15.45,1,1,2022-07-21 10:42:59
1658400188390173000,15.45,2,15.0,8,15.5,11,1,2022-07-21 10:43:08
1658400195823164000,15.45,1,15.1,5,15.5,11,1,2022-07-21 10:43:15
1658400235119673000,15.4,1,15.1,8,15.4,4,1,2022-07-21 10:43:55
1658400243027568000,15.4,1,15.1,8,15.4,3,1,2022-07-21 10:44:03
1658400273837320000,15.35,1,15.2,1,15.35,1,1,2022-07-21 10:44:33
1658400292214096000,15.2,1,15.1,8,15.35,1,2,2022-07-21 10:44:52
1658400309565370000,15.15,1,15.15,6,15.35,3,2,2022-07-21 10:45:09
1658400340231015000,15.15,1,15.15,5,15.3,1,2,2022-07-21 10:45:40
1658400342914259000,15.15,5,15.1,8,15.3,1,2,2022-07-21 10:45:42
1658400417760318000,15.15,1,15.1,17,15.2,1,2,2022-07-21 10:46:57
1658400425343504000,15.15,4,15.15,1,15.2,1,2,2022-07-21 10:47:05
1658400425381424000,15.15,1,15.1,12,15.2,1,2,2022-07-21 10:47:05
1658400436764327000,15.15,1,15.15,2,15.2,1,1,2022-07-21 10:47:16
1658400439093947000,15.2,1,15.15,2,15.3,3,1,2022-07-21 10:47:19
1658400467138509000,15.15,2,15.1,4,15.25,1,2,2022-07-21 10:47:47
1658400467138509000,15.1,8,15.1,4,15.25,1,2,2022-07-21 10:47:47
1658400510680909000,15.25,1,15.2,1,15.3,4,1,2022-07-21 10:48:30
1658400514171386000,15.2,1,15.15,2,15.3,4,2,2022-07-21 10:48:34
1658400573399238000,15.15,1,15.15,1,15.2,10,2,2022-07-21 10:49:33
1658400579277946000,15.15,1,15.05,5,15.2,10,2,2022-07-21 10:49:39
1658400590826594000,15.15,3,15.15,1,15.2,10,1,2022-07-21 10:49:50
1658400604720686000,15.15,1,15.05,4,15.2,10,2,2022-07-21 10:50:04
1658400604720686000,15.05,1,15.05,4,15.2,10,2,2022-07-21 10:50:04
1658400618816228000,15.05,1,15.05,3,15.15,1,2,2022-07-21 10:50:18
1658400623548729000,15.05,3,15.05,5,15.15,1,2,2022-07-21 10:50:23
1658400629880041000,15.1,9,15.05,5,15.1,1,1,2022-07-21 10:50:29
1658400629909522000,15.1,1,15.05,5,15.15,1,1,2022-07-21 10:50:29
1658400655405360000,15.05,5,15.0,24,15.15,4,2,2022-07-21 10:50:55
1658400655405360000,15.0,10,15.0,24,15.15,4,2,2022-07-21 10:50:55
1658400721628748000,15.1,1,15.1,2,15.15,1,1,2022-07-21 10:52:01
1658400727717171000,15.1,1,15.1,1,15.15,1,2,2022-07-21 10:52:07
1658400734049165000,15.1,1,15.05,5,15.1,4,2,2022-07-21 10:52:14
1658400749720113000,15.1,4,15.05,5,15.15,1,1,2022-07-21 10:52:29
1658400761339721000,15.1,1,15.05,8,15.1,2,2,2022-07-21 10:52:41
1658400781761610000,15.1,2,15.05,8,15.15,1,1,2022-07-21 10:53:01
1658400847293213000,15.1,5,15.1,3,15.15,1,2,2022-07-21 10:54:07
1658400847317158000,15.1,2,15.1,1,15.15,1,2,2022-07-21 10:54:07
1658400854130692000,15.1,1,15.05,8,15.1,9,2,2022-07-21 10:54:14
1658400861095097000,15.1,1,15.05,8,15.1,8,1,2022-07-21 10:54:21
1658400897806418000,15.1,8,15.1,1,15.15,1,1,2022-07-21 10:54:57
1658400923359434000,15.1,1,15.05,9,15.15,1,2,2022-07-21 10:55:23
1658401013725491000,15.1,7,15.05,9,15.1,3,2,2022-07-21 10:56:53
1658401040974365000,15.1,1,15.05,4,15.1,2,1,2022-07-21 10:57:20
1658401041451587000,15.1,2,15.1,3,15.15,1,1,2022-07-21 10:57:21
1658401061775456000,15.15,1,15.1,3,15.15,1,1,2022-07-21 10:57:41
1658401117419481000,15.15,1,15.1,5,15.2,12,2,2022-07-21 10:58:37
1658401127540457000,15.15,1,15.1,5,15.2,12,1,2022-07-21 10:58:47
1658401225854042000,15.15,2,15.1,14,15.2,10,2,2022-07-21 11:00:25
1658401233391705000,15.2,10,15.1,14,15.2,1,1,2022-07-21 11:00:33
1658401233416173000,15.2,1,15.1,14,15.25,1,1,2022-07-21 11:00:33
1658401234483084000,15.25,3,15.1,14,15.25,1,1,2022-07-21 11:00:34
1658401251602036000,15.25,1,15.15,19,15.3,7,1,2022-07-21 11:00:51
1658401262826235000,15.2,2,15.15,24,15.2,1,2,2022-07-21 11:01:02
1658401269804221000,15.2,1,15.15,24,15.3,7,1,2022-07-21 11:01:09
1658401294331381000,15.2,1,15.2,3,15.25,1,2,2022-07-21 11:01:34
1658401330423310000,15.3,2,15.2,5,15.3,5,1,2022-07-21 11:02:10
1658401337534665000,15.3,5,15.2,5,15.35,2,1,2022-07-21 11:02:17
1658401348904526000,15.3,1,15.2,6,15.35,2,2,2022-07-21 11:02:28
1658401375446523000,15.35,2,15.3,20,15.4,8,1,2022-07-21 11:02:55
1658401375446523000,15.4,48,15.3,20,15.4,8,1,2022-07-21 11:02:55
1658401378627985000,15.4,2,15.35,1,15.4,6,1,2022-07-21 11:02:58
1658401378686630000,15.4,5,15.35,1,15.4,1,1,2022-07-21 11:02:58
1658401378913224000,15.4,1,15.35,1,15.45,16,1,2022-07-21 11:02:58
1658401403143680000,15.45,5,15.4,4,15.45,11,1,2022-07-21 11:03:23
1658401403343859000,15.45,5,15.4,4,15.45,6,1,2022-07-21 11:03:23
1658401403514331000,15.45,5,15.4,4,15.45,1,1,2022-07-21 11:03:23
1658401403741217000,15.45,1,15.4,4,15.5,8,1,2022-07-21 11:03:23
1658401403741217000,15.5,4,15.4,4,15.5,8,1,2022-07-21 11:03:23
1658401403811252000,15.5,8,15.4,4,15.6,66,1,2022-07-21 11:03:23
1658401403811252000,15.55,5,15.4,4,15.6,66,1,2022-07-21 11:03:23
1658401403811252000,15.6,7,15.4,4,15.6,66,1,2022-07-21 11:03:23
1658401403821427000,15.6,20,15.4,4,15.6,46,1,2022-07-21 11:03:23
1658401404031598000,15.6,5,15.4,4,15.6,41,1,2022-07-21 11:03:24
1658401425222583000,15.55,1,15.5,3,15.55,5,1,2022-07-21 11:03:45
1658401428152634000,15.55,1,15.5,3,15.55,4,1,2022-07-21 11:03:48
1658401430614945000,15.55,1,15.5,3,15.55,3,1,2022-07-21 11:03:50
1658401431495178000,15.55,1,15.5,3,15.55,2,1,2022-07-21 11:03:51
1658401434024203000,15.55,1,15.5,3,15.55,1,1,2022-07-21 11:03:54
1658401439141544000,15.55,1,15.55,2,15.6,41,1,2022-07-21 11:03:59
1658401440387120000,15.6,6,15.55,2,15.6,35,1,2022-07-21 11:04:00
1658401443415696000,15.6,10,15.55,2,15.6,26,1,2022-07-21 11:04:03
1658401444649478000,15.6,1,15.55,2,15.6,25,1,2022-07-21 11:04:04
1658401452387420000,15.6,4,15.55,2,15.6,21,1,2022-07-21 11:04:12
1658401456856520000,15.6,3,15.55,2,15.6,18,1,2022-07-21 11:04:16
1658401460114356000,15.6,1,15.55,2,15.6,17,1,2022-07-21 11:04:20
1658401460679759000,15.6,1,15.55,2,15.6,16,1,2022-07-21 11:04:20
1658401473241049000,15.55,1,15.55,1,15.6,26,2,2022-07-21 11:04:33
1658401473269820000,15.55,1,15.5,3,15.6,26,2,2022-07-21 11:04:33
1658401485608390000,15.55,1,15.5,3,15.55,6,1,2022-07-21 11:04:45
1658401487294455000,15.5,1,15.5,2,15.55,6,2,2022-07-21 11:04:47
1658401487328138000,15.5,2,15.4,16,15.55,6,2,2022-07-21 11:04:47
1658401500746217000,15.55,1,15.5,1,15.55,5,1,2022-07-21 11:05:00
1658401509589077000,15.55,1,15.5,1,15.55,4,1,2022-07-21 11:05:09
1658401512838905000,15.55,2,15.5,3,15.55,2,1,2022-07-21 11:05:12
1658401525710746000,15.6,1,15.5,3,15.6,25,1,2022-07-21 11:05:25
1658401528742992000,15.6,1,15.5,3,15.6,24,1,2022-07-21 11:05:28
1658401536207576000,15.6,1,15.5,3,15.6,23,1,2022-07-21 11:05:36
1658401548320769000,15.6,23,15.6,7,15.65,1,1,2022-07-21 11:05:48
1658401550106511000,15.65,1,15.6,7,15.7,1,1,2022-07-21 11:05:50
1658401550106511000,15.7,2,15.6,7,15.7,1,1,2022-07-21 11:05:50
1658401557824756000,15.7,1,15.6,10,15.7,1,1,2022-07-21 11:05:57
1658401559758224000,15.6,10,15.5,3,15.7,1,2,2022-07-21 11:05:59
1658401567759151000,15.7,1,15.55,1,15.8,6,1,2022-07-21 11:06:07
1658401581343937000,15.65,1,15.55,1,15.7,1,2,2022-07-21 11:06:21
1658401584636397000,15.7,1,15.6,2,15.8,6,1,2022-07-21 11:06:24
1658401589444111000,15.65,8,15.7,2,15.8,6,1,2022-07-21 11:06:29
1658401593010326000,15.7,2,15.6,2,15.7,1,2,2022-07-21 11:06:33
1658401597298575000,15.7,1,15.6,2,15.7,10,1,2022-07-21 11:06:37
1658401601881492000,15.7,3,15.65,1,15.7,7,1,2022-07-21 11:06:41
1658401602472851000,15.7,1,15.65,1,15.7,6,1,2022-07-21 11:06:42
1658401630317877000,15.7,2,15.65,1,15.7,4,1,2022-07-21 11:07:10
1658401631475217000,15.7,4,15.7,15,15.8,6,1,2022-07-21 11:07:11
1658401633831449000,15.7,8,15.7,7,15.8,6,2,2022-07-21 11:07:13
1658401637390116000,15.8,6,15.8,9,15.9,11,1,2022-07-21 11:07:17
1658401646200941000,15.9,9,15.7,8,15.9,2,1,2022-07-21 11:07:26
1658401650190881000,15.9,1,15.7,8,15.9,1,1,2022-07-21 11:07:30
1658401666284918000,15.9,2,15.85,1,15.9,9,1,2022-07-21 11:07:46
1658401667945091000,15.85,1,15.8,7,15.9,9,2,2022-07-21 11:07:47
1658401673491415000,15.9,1,15.8,7,15.9,8,1,2022-07-21 11:07:53
1658401674289690000,15.9,1,15.8,7,15.9,7,1,2022-07-21 11:07:54
1658401677516505000,15.8,7,15.6,2,15.9,7,2,2022-07-21 11:07:57
1658401677516505000,15.7,8,15.6,2,15.9,7,2,2022-07-21 11:07:57
1658401711761525000,15.85,1,15.7,5,15.9,12,1,2022-07-21 11:08:31
1658401711761525000,15.9,1,15.7,5,15.9,12,1,2022-07-21 11:08:31
1658401728431717000,15.9,1,15.7,5,15.9,13,1,2022-07-21 11:08:48
1658401746287464000,15.9,1,15.8,1,15.9,13,1,2022-07-21 11:09:06
1658401754692208000,15.9,1,15.8,1,15.9,13,1,2022-07-21 11:09:14
1658401761547921000,15.9,1,15.8,1,15.9,13,1,2022-07-21 11:09:21
1658401765299516000,15.9,5,15.8,1,15.9,8,1,2022-07-21 11:09:25
1658401768025235000,15.9,2,15.8,1,15.9,6,1,2022-07-21 11:09:28
1658401773854878000,15.9,3,15.8,1,15.9,3,1,2022-07-21 11:09:33
1658401775805148000,15.8,1,15.7,6,15.8,2,2,2022-07-21 11:09:35
1658401780225668000,15.8,1,15.7,6,15.8,1,1,2022-07-21 11:09:40
1658401789258784000,15.8,1,15.7,6,15.9,3,1,2022-07-21 11:09:49
1658401792231097000,15.9,2,15.7,6,15.9,1,1,2022-07-21 11:09:52
1658401804057153000,15.9,1,15.7,6,16.0,33,1,2022-07-21 11:10:04
1658401823039798000,16.0,5,15.9,3,16.0,28,1,2022-07-21 11:10:23
1658401840927469000,16.0,5,15.9,4,16.0,23,1,2022-07-21 11:10:40
1658401849007371000,15.9,1,15.9,3,16.0,23,2,2022-07-21 11:10:49
1658401903400006000,15.95,1,15.9,3,16.0,24,2,2022-07-21 11:11:43
1658401942702168000,15.95,1,15.95,1,16.0,54,2,2022-07-21 11:12:22
1658401952887102000,15.9,5,15.9,2,16.0,54,2,2022-07-21 11:12:32
1658401952921979000,15.9,2,15.85,1,16.0,54,2,2022-07-21 11:12:32
1658401954083558000,15.85,1,15.6,1,16.0,54,2,2022-07-21 11:12:34
1658401954083558000,15.8,1,15.6,1,16.0,54,2,2022-07-21 11:12:34
1658401954083558000,15.7,1,15.6,1,16.0,54,2,2022-07-21 11:12:34
1658401954083558000,15.6,2,15.6,1,16.0,54,2,2022-07-21 11:12:34
1658401960606554000,15.6,1,15.45,4,15.95,2,2,2022-07-21 11:12:40
1658401960606554000,15.5,8,15.45,4,15.95,2,2,2022-07-21 11:12:40
1658401960606554000,15.45,6,15.45,4,15.95,2,2,2022-07-21 11:12:40
1658402035725058000,15.6,1,15.6,2,15.95,22,2,2022-07-21 11:13:55
1658402048530120000,15.5,5,15.5,2,15.95,22,2,2022-07-21 11:14:08
1658402056160017000,15.5,1,15.5,3,15.95,22,2,2022-07-21 11:14:16
1658402066642682000,15.5,3,15.4,8,15.95,22,2,2022-07-21 11:14:26
1658402066642682000,15.45,9,15.4,8,15.95,22,2,2022-07-21 11:14:26
1658402066642682000,15.4,3,15.4,8,15.95,22,2,2022-07-21 11:14:26
1658402136097142000,15.4,1,15.4,28,15.9,1,2,2022-07-21 11:15:36
1658402189499045000,15.75,1,15.55,1,15.75,1,1,2022-07-21 11:16:29
1658402208308353000,15.75,1,15.55,1,15.8,10,1,2022-07-21 11:16:48
1658402292100179000,15.75,1,15.6,20,15.8,11,2,2022-07-21 11:18:12
1658402295015234000,15.8,11,15.55,2,16.0,41,1,2022-07-21 11:18:15
1658402295015234000,15.9,2,15.55,2,16.0,41,1,2022-07-21 11:18:15
1658402295015234000,15.95,2,15.55,2,16.0,41,1,2022-07-21 11:18:15
1658402295015234000,16.0,5,15.55,2,16.0,41,1,2022-07-21 11:18:15
1658402316239946000,15.65,1,15.55,2,16.0,42,1,2022-07-21 11:18:36
1658402428447319000,15.65,2,15.65,2,15.85,13,2,2022-07-21 11:20:28
1658402430379866000,15.85,3,15.65,2,15.85,10,1,2022-07-21 11:20:30
1658402445717482000,15.85,2,15.65,2,15.85,8,1,2022-07-21 11:20:45
1658402506569914000,15.85,3,15.75,1,15.85,5,1,2022-07-21 11:21:46
1658402520284464000,15.75,1,15.5,16,15.85,5,2,2022-07-21 11:22:00
1658402520284464000,15.7,7,15.5,16,15.85,5,2,2022-07-21 11:22:00
1658402520284464000,15.65,3,15.5,16,15.85,5,2,2022-07-21 11:22:00
1658402520284464000,15.55,3,15.5,16,15.85,5,2,2022-07-21 11:22:00
1658402520284464000,15.5,1,15.5,16,15.85,5,2,2022-07-21 11:22:00
1658402564343838000,15.85,1,15.6,5,15.85,4,1,2022-07-21 11:22:44
1658402643313274000,15.85,1,15.65,1,15.85,3,1,2022-07-21 11:24:03
1658402744368820000,15.7,3,15.65,1,15.8,3,1,2022-07-21 11:25:44
1658402744368820000,15.8,7,15.65,1,15.8,3,1,2022-07-21 11:25:44
1658402748511254000,15.8,3,15.65,4,15.8,3,1,2022-07-21 11:25:48
1658402918793844000,15.8,1,15.65,5,15.8,10,1,2022-07-21 11:28:38
1658403023484347000,15.8,10,15.7,1,15.85,6,1,2022-07-21 11:30:23
1658403116842204000,15.8,1,15.8,1,15.85,7,2,2022-07-21 11:31:56
1658403162291049000,15.8,1,15.7,4,15.85,7,2,2022-07-21 11:32:42
1658403183153893000,15.85,5,15.7,3,15.85,2,1,2022-07-21 11:33:03
1658403196202046000,15.85,1,15.7,3,15.85,2,1,2022-07-21 11:33:16
1658403291309684000,15.75,5,15.7,3,15.8,5,2,2022-07-21 11:34:51
1658403347115087000,15.8,9,15.7,3,15.85,16,1,2022-07-21 11:35:47
1658403369540402000,15.7,3,15.65,1,15.8,1,2,2022-07-21 11:36:09
1658403419100133000,15.7,1,15.7,2,15.75,3,2,2022-07-21 11:36:59
1658403432143893000,15.7,2,15.65,5,15.7,8,2,2022-07-21 11:37:12
1658403445122172000,15.65,1,15.65,4,15.7,8,2,2022-07-21 11:37:25
1658403448620840000,15.65,4,15.5,5,15.7,8,2,2022-07-21 11:37:28
1658403448620840000,15.6,5,15.5,5,15.7,8,2,2022-07-21 11:37:28
1658403448620840000,15.5,6,15.5,5,15.7,8,2,2022-07-21 11:37:28
1658403468528594000,15.5,5,15.4,19,15.7,9,2,2022-07-21 11:37:48
1658403468528594000,15.45,5,15.4,19,15.7,9,2,2022-07-21 11:37:48
1658403468528594000,15.4,5,15.4,19,15.7,9,2,2022-07-21 11:37:48
1658403490255946000,15.5,1,15.4,19,15.7,9,2,2022-07-21 11:38:10
1658403559005581000,15.5,4,15.4,24,15.7,10,2,2022-07-21 11:39:19
1658403559005581000,15.45,1,15.4,24,15.7,10,2,2022-07-21 11:39:19
1658403560537876000,15.4,5,15.4,19,15.7,10,2,2022-07-21 11:39:20
1658403560715683000,15.4,5,15.4,14,15.7,10,2,2022-07-21 11:39:20
1658403561742559000,15.4,5,15.4,9,15.7,10,2,2022-07-21 11:39:21
1658403594247552000,15.4,1,15.4,8,15.7,10,2,2022-07-21 11:39:54
1658403675146290000,15.5,1,15.45,1,15.65,10,2,2022-07-21 11:41:15
1658403677361677000,15.45,1,15.4,14,15.65,10,2,2022-07-21 11:41:17
1658403701635309000,15.5,2,15.5,2,15.65,10,1,2022-07-21 11:41:41
1658403763755889000,15.5,1,15.45,8,15.5,2,2,2022-07-21 11:42:43
1658403765629790000,15.5,2,15.5,2,15.55,1,1,2022-07-21 11:42:45
1658403769508387000,15.5,1,15.5,3,15.55,1,2,2022-07-21 11:42:49
1658403798992053000,15.5,1,15.45,8,15.55,1,2,2022-07-21 11:43:18
1658403833683013000,15.5,1,15.45,8,15.5,4,1,2022-07-21 11:43:53
1658403839196409000,15.5,4,15.45,8,15.55,4,1,2022-07-21 11:43:59
1658403963998759000,15.5,1,15.45,8,15.55,4,1,2022-07-21 11:46:03
1658404194681662000,15.45,1,15.45,7,15.5,3,2,2022-07-21 11:49:54
1658404227172636000,15.45,5,15.45,2,15.5,11,2,2022-07-21 11:50:27
1658404227196536000,15.45,2,15.4,10,15.5,11,2,2022-07-21 11:50:27
1658404227363836000,15.4,5,15.4,5,15.5,11,2,2022-07-21 11:50:27
1658404232150194000,15.4,5,15.2,10,15.5,11,2,2022-07-21 11:50:32
1658404232150194000,15.35,5,15.2,10,15.5,11,2,2022-07-21 11:50:32
1658404232150194000,15.25,5,15.2,10,15.5,11,2,2022-07-21 11:50:32
1658404237167459000,15.2,1,15.2,9,15.4,2,2,2022-07-21 11:50:37
1658404247976124000,15.2,2,15.2,7,15.4,2,2,2022-07-21 11:50:47
1658404309869878000,15.3,3,15.3,1,15.5,9,1,2022-07-21 11:51:49
1658404324931101000,15.3,1,15.3,1,15.45,2,2,2022-07-21 11:52:04
1658404386717112000,15.3,1,15.25,1,15.45,2,2,2022-07-21 11:53:06
1658404486655556000,15.3,1,15.3,2,15.45,1,1,2022-07-21 11:54:46
1658404681460831000,15.25,1,15.2,3,15.35,1,2,2022-07-21 11:58:01
1658404681460831000,15.2,3,15.2,3,15.35,1,2,2022-07-21 11:58:01
1658404725714796000,15.2,3,15.1,1,15.35,1,2,2022-07-21 11:58:45
1658404725714796000,15.1,7,15.1,1,15.35,1,2,2022-07-21 11:58:45
1658404745457282000,15.1,1,15.05,3,15.25,12,2,2022-07-21 11:59:05
1658404747198531000,15.25,10,15.05,5,15.25,2,1,2022-07-21 11:59:07
1658404747224121000,15.25,2,15.05,5,15.35,1,1,2022-07-21 11:59:07
1658404829743320000,15.3,1,15.25,2,15.3,2,1,2022-07-21 12:00:29
1658404829771724000,15.3,2,15.25,2,15.35,1,1,2022-07-21 12:00:29
1658404856148942000,15.35,1,15.25,3,15.45,1,1,2022-07-21 12:00:56
1658404975985976000,15.3,2,15.15,1,15.35,2,2,2022-07-21 12:02:55
1658404975985976000,15.25,3,15.15,1,15.35,2,2,2022-07-21 12:02:55
1658404976144800000,15.15,1,15.05,1,15.35,2,2,2022-07-21 12:02:56
1658404976144800000,15.1,2,15.05,1,15.35,2,2,2022-07-21 12:02:56
1658404976144800000,15.05,2,15.05,1,15.35,2,2,2022-07-21 12:02:56
1658404998685625000,15.35,1,15.05,3,15.35,2,1,2022-07-21 12:03:18
1658405054214184000,15.3,2,15.05,3,15.3,10,1,2022-07-21 12:04:14
1658405060336034000,15.3,2,15.1,1,15.3,8,1,2022-07-21 12:04:20
1658405168150469000,15.15,3,15.0,27,15.3,10,2,2022-07-21 12:06:08
1658405168150469000,15.1,1,15.0,27,15.3,10,2,2022-07-21 12:06:08
1658405168150469000,15.05,4,15.0,27,15.3,10,2,2022-07-21 12:06:08
1658405168150469000,15.0,7,15.0,27,15.3,10,2,2022-07-21 12:06:08
1658405207971804000,15.0,3,15.0,24,15.3,10,2,2022-07-21 12:06:47
1658405257184409000,15.05,2,15.0,23,15.3,8,2,2022-07-21 12:07:37
1658405257184409000,15.0,1,15.0,23,15.3,8,2,2022-07-21 12:07:37
1658405263007549000,15.25,1,15.0,25,15.3,8,1,2022-07-21 12:07:43
1658405388773382000,15.25,2,15.0,25,15.25,1,1,2022-07-21 12:09:48
1658405546699416000,15.1,2,15.1,3,15.15,1,2,2022-07-21 12:12:26
1658405567793490000,15.1,2,15.1,1,15.15,1,2,2022-07-21 12:12:47
1658405600051734000,15.15,1,15.15,2,15.25,4,1,2022-07-21 12:13:20
1658405625648024000,15.15,2,15.0,27,15.2,1,2,2022-07-21 12:13:45
1658405625648024000,15.1,2,15.0,27,15.2,1,2,2022-07-21 12:13:45
1658405625648024000,15.0,1,15.0,27,15.2,1,2,2022-07-21 12:13:45
1658405625777835000,15.0,5,15.0,22,15.2,1,2,2022-07-21 12:13:45
1658405642391328000,15.0,1,15.0,23,15.2,1,2,2022-07-21 12:14:02
1658405646781893000,15.0,5,15.0,18,15.2,1,2,2022-07-21 12:14:06
1658405684327403000,15.0,6,15.0,13,15.2,1,2,2022-07-21 12:14:44
1658405712280475000,15.0,13,15.0,3,15.15,10,2,2022-07-21 12:15:12
1658405742999538000,15.0,1,15.0,3,15.15,10,2,2022-07-21 12:15:42
1658405758526345000,15.0,1,15.0,2,15.15,10,2,2022-07-21 12:15:58
1658405772849295000,15.05,6,15.0,4,15.05,1,1,2022-07-21 12:16:12
1658405772883935000,15.05,1,15.0,4,15.15,10,1,2022-07-21 12:16:12
1658405860445331000,15.05,1,15.0,6,15.05,4,2,2022-07-21 12:17:40
1658405863886665000,15.05,1,15.0,6,15.05,3,1,2022-07-21 12:17:43
1658405882776714000,15.0,5,14.95,1,15.0,1,2,2022-07-21 12:18:02
1658405916544367000,15.0,1,15.0,2,15.15,15,1,2022-07-21 12:18:36
1658405957267249000,15.0,2,15.0,1,15.15,15,1,2022-07-21 12:19:17
1658405983184585000,15.0,1,14.95,1,15.15,15,2,2022-07-21 12:19:43
1658406009318707000,15.0,1,14.95,1,15.0,2,1,2022-07-21 12:20:09
1658406009348857000,15.0,2,14.95,1,15.05,1,1,2022-07-21 12:20:09
1658406011990979000,15.05,1,15.15,4,15.2,9,1,2022-07-21 12:20:11
1658406011990979000,15.15,15,15.15,4,15.2,9,1,2022-07-21 12:20:11
1658406066572966000,15.15,1,15.15,4,15.2,11,2,2022-07-21 12:21:06
1658406070612384000,15.15,2,15.15,1,15.2,11,2,2022-07-21 12:21:10
1658406097133907000,15.15,2,14.95,1,15.2,11,2,2022-07-21 12:21:37
1658406156523488000,15.0,1,15.0,1,15.2,11,2,2022-07-21 12:22:36
1658406257816854000,15.0,2,14.95,3,15.2,14,2,2022-07-21 12:24:17
1658406349758365000,15.0,1,15.0,4,15.2,14,2,2022-07-21 12:25:49
1658406453502678000,15.0,5,14.95,1,15.0,10,2,2022-07-21 12:27:33
1658406501444550000,15.0,1,14.95,1,15.0,40,1,2022-07-21 12:28:21
1658406505909553000,15.0,9,14.95,6,15.0,31,1,2022-07-21 12:28:25
1658406508355076000,15.0,3,14.95,6,15.0,28,1,2022-07-21 12:28:28
1658406508378898000,15.0,4,14.95,6,15.0,24,1,2022-07-21 12:28:28
1658406508574599000,15.0,12,14.95,6,15.0,12,1,2022-07-21 12:28:28
1658406508583790000,15.0,12,14.95,6,15.15,1,1,2022-07-21 12:28:28
1658406707113200000,15.0,1,15.0,9,15.15,1,2,2022-07-21 12:31:47
1658406850042891000,15.2,1,15.05,1,15.2,13,1,2022-07-21 12:34:10
1658406891022080000,15.2,2,15.05,1,15.2,11,1,2022-07-21 12:34:51
1658406899632792000,15.2,1,15.05,1,15.2,10,1,2022-07-21 12:34:59
1658406912440722000,15.2,1,15.05,4,15.2,9,1,2022-07-21 12:35:12
1658406916784751000,15.2,2,15.05,4,15.2,7,1,2022-07-21 12:35:16
1658406918071415000,15.2,2,15.05,4,15.2,5,1,2022-07-21 12:35:18
1658406949738622000,15.2,2,15.05,4,15.2,3,1,2022-07-21 12:35:49
1658406949769881000,15.2,3,15.05,4,15.25,7,1,2022-07-21 12:35:49
1658406973397899000,15.25,5,15.1,4,15.25,3,1,2022-07-21 12:36:13
1658407001308183000,15.25,3,15.25,7,15.3,3,1,2022-07-21 12:36:41
1658407005948426000,15.25,7,15.1,1,15.25,13,2,2022-07-21 12:36:45
1658407047275192000,15.2,3,15.1,4,15.2,7,1,2022-07-21 12:37:27
1658407062406001000,15.2,1,15.1,4,15.2,6,1,2022-07-21 12:37:42
1658407098572562000,15.2,1,15.1,3,15.2,5,1,2022-07-21 12:38:18
1658407098575057000,15.2,2,15.1,3,15.2,3,1,2022-07-21 12:38:18
1658407120773736000,15.2,4,15.2,41,15.25,13,1,2022-07-21 12:38:40
1658407153143560000,15.25,1,15.2,41,15.25,12,1,2022-07-21 12:39:13
1658407161611265000,15.25,1,15.2,41,15.25,11,1,2022-07-21 12:39:21
1658407272217464000,15.25,2,15.2,47,15.25,9,1,2022-07-21 12:41:12
1658407272255221000,15.25,9,15.2,47,15.3,5,1,2022-07-21 12:41:12
1658407342567342000,15.25,1,15.2,46,15.25,1,2,2022-07-21 12:42:22
1658407357050369000,15.25,1,15.2,46,15.3,6,1,2022-07-21 12:42:37
1658407419118718000,15.3,3,15.25,1,15.3,3,1,2022-07-21 12:43:39
1658407419144375000,15.3,3,15.25,1,15.35,8,1,2022-07-21 12:43:39
1658407464087616000,15.3,1,15.25,2,15.35,8,1,2022-07-21 12:44:24
1658407465634182000,15.35,5,15.25,2,15.35,3,1,2022-07-21 12:44:25
1658407465663456000,15.35,3,15.25,2,15.4,1,1,2022-07-21 12:44:25
1658407476258368000,15.25,3,15.2,44,15.4,1,2,2022-07-21 12:44:36
1658407476258368000,15.2,2,15.2,44,15.4,1,2,2022-07-21 12:44:36
1658407785028712000,15.2,10,15.2,37,15.35,1,2,2022-07-21 12:49:45
1658407891791025000,15.2,1,15.2,39,15.3,1,2,2022-07-21 12:51:31
1658407910863865000,15.3,1,15.2,38,15.4,1,1,2022-07-21 12:51:50
1658408186236745000,15.25,1,15.2,40,15.4,1,2,2022-07-21 12:56:26
1658408279822557000,15.35,1,15.35,9,15.4,2,1,2022-07-21 12:57:59
1658408290283276000,15.4,1,15.35,9,15.4,1,1,2022-07-21 12:58:10
1658408296460896000,15.4,1,15.4,8,15.5,12,1,2022-07-21 12:58:16
1658408296488960000,15.4,2,15.4,6,15.5,12,2,2022-07-21 12:58:16
1658408387685530000,15.5,6,15.45,1,15.5,1,1,2022-07-21 12:59:47
1658408392742621000,15.45,1,15.4,1,15.5,1,2,2022-07-21 12:59:52
1658408410592998000,15.45,4,15.4,1,15.45,1,1,2022-07-21 13:00:10
1658408410620913000,15.45,1,15.4,1,15.5,1,1,2022-07-21 13:00:10
1658408441272077000,15.45,1,15.3,18,15.45,4,2,2022-07-21 13:00:41
1658408444402950000,15.45,3,15.3,18,15.45,1,1,2022-07-21 13:00:44
1658408481970672000,15.45,1,15.3,18,15.5,1,1,2022-07-21 13:01:21
1658408642743196000,15.45,1,15.4,1,15.55,1,1,2022-07-21 13:04:02
1658408642743196000,15.5,2,15.4,1,15.55,1,1,2022-07-21 13:04:02
1658408642743196000,15.55,2,15.4,1,15.55,1,1,2022-07-21 13:04:02
1658408658835095000,15.55,1,15.55,1,15.6,25,1,2022-07-21 13:04:18
1658408663441329000,15.55,1,15.4,1,15.6,25,2,2022-07-21 13:04:23
1658408690185847000,15.55,1,15.4,1,15.55,3,1,2022-07-21 13:04:50
1658408694117962000,15.55,3,15.4,1,15.6,13,1,2022-07-21 13:04:54
1658408694117962000,15.6,12,15.4,1,15.6,13,1,2022-07-21 13:04:54
1658408730852003000,15.6,1,15.4,2,15.6,12,1,2022-07-21 13:05:30
1658408732083531000,15.6,5,15.4,2,15.6,7,1,2022-07-21 13:05:32
1658408738033972000,15.6,5,15.4,2,15.6,2,1,2022-07-21 13:05:38
1658408738075715000,15.6,2,15.4,2,15.65,10,1,2022-07-21 13:05:38
1658408741702241000,15.6,1,15.4,4,15.65,10,2,2022-07-21 13:05:41
1658408820301536000,15.65,5,15.6,22,15.65,5,1,2022-07-21 13:07:00
1658408821108864000,15.65,2,15.6,22,15.65,3,1,2022-07-21 13:07:01
1658408829924643000,15.65,1,15.6,22,15.65,2,1,2022-07-21 13:07:09
1658408845679198000,15.6,5,15.6,17,15.65,2,2,2022-07-21 13:07:25
1658408879001221000,15.6,10,15.6,9,15.65,2,2,2022-07-21 13:07:59
1658408950205840000,15.6,2,15.6,7,15.65,3,2,2022-07-21 13:09:10
1658408981364203000,15.6,5,15.6,2,15.65,5,2,2022-07-21 13:09:41
1658408999632191000,15.6,2,15.5,3,15.65,6,2,2022-07-21 13:09:59
1658409003079214000,15.6,1,15.6,1,15.65,6,1,2022-07-21 13:10:03
1658409009540186000,15.6,1,15.5,3,15.65,6,2,2022-07-21 13:10:09
1658409044736901000,15.6,2,15.6,27,15.65,6,2,2022-07-21 13:10:44
1658409052561148000,15.65,2,15.6,27,15.65,4,1,2022-07-21 13:10:52
1658409062302297000,15.65,1,15.6,27,15.65,3,1,2022-07-21 13:11:02
1658409071027565000,15.6,5,15.6,22,15.65,3,2,2022-07-21 13:11:11
1658409071809116000,15.65,1,15.6,22,15.65,2,1,2022-07-21 13:11:11
1658409089000579000,15.65,1,15.6,22,15.65,2,1,2022-07-21 13:11:29
1658409234028893000,15.65,2,15.6,23,15.7,33,1,2022-07-21 13:13:54
1658409249357335000,15.7,1,15.6,23,15.7,32,1,2022-07-21 13:14:09
1658409253900105000,15.6,20,15.6,3,15.7,32,2,2022-07-21 13:14:13
1658409311211959000,15.6,4,15.5,5,15.6,4,2,2022-07-21 13:15:11
1658409318051295000,15.6,4,15.6,2,15.7,32,1,2022-07-21 13:15:18
1658409330158956000,15.6,2,15.5,5,15.6,3,2,2022-07-21 13:15:30
1658409359132854000,15.6,3,15.5,5,15.6,2,1,2022-07-21 13:15:59
1658409359171026000,15.6,2,15.5,5,15.7,32,1,2022-07-21 13:15:59
1658409364060395000,15.6,1,15.5,5,15.7,32,2,2022-07-21 13:16:04
1658409397778593000,15.6,1,15.5,5,15.6,30,1,2022-07-21 13:16:37
1658409430206531000,15.55,1,15.35,2,15.6,32,2,2022-07-21 13:17:10
1658409430206531000,15.5,5,15.35,2,15.6,32,2,2022-07-21 13:17:10
1658409430206531000,15.45,3,15.35,2,15.6,32,2,2022-07-21 13:17:10
1658409430206531000,15.4,1,15.35,2,15.6,32,2,2022-07-21 13:17:10
1658409433043153000,15.35,1,15.35,1,15.6,32,2,2022-07-21 13:17:13
1658409446722281000,15.35,1,15.35,2,15.55,1,2,2022-07-21 13:17:26
1658409547416475000,15.35,5,15.3,4,15.45,2,2,2022-07-21 13:19:07
1658409561421383000,15.35,1,15.3,6,15.45,2,2,2022-07-21 13:19:21
1658409579364752000,15.3,6,15.1,1,15.45,2,2,2022-07-21 13:19:39
1658409579364752000,15.25,5,15.1,1,15.45,2,2,2022-07-21 13:19:39
1658409579364752000,15.2,47,15.1,1,15.45,2,2,2022-07-21 13:19:39
1658409579364752000,15.1,12,15.1,1,15.45,2,2,2022-07-21 13:19:39
1658409584345101000,15.1,1,15.1,2,15.45,2,2,2022-07-21 13:19:44
1658409600450541000,15.45,1,15.05,5,15.45,1,1,2022-07-21 13:20:00
1658409645725360000,15.4,5,15.2,4,15.45,1,1,2022-07-21 13:20:45
1658409688850901000,15.4,1,15.2,8,15.4,4,2,2022-07-21 13:21:28
1658409762900130000,15.2,1,15.2,5,15.3,5,2,2022-07-21 13:22:42
1658409764222896000,15.3,5,15.2,5,15.6,33,1,2022-07-21 13:22:44
1658409764222896000,15.4,4,15.2,5,15.6,33,1,2022-07-21 13:22:44
1658409764222896000,15.5,1,15.2,5,15.6,33,1,2022-07-21 13:22:44
1658409764222896000,15.55,2,15.2,5,15.6,33,1,2022-07-21 13:22:44
1658409764222896000,15.6,8,15.2,5,15.6,33,1,2022-07-21 13:22:44
1658409767966238000,15.25,3,15.05,5,15.2,2,2,2022-07-21 13:22:47
1658409767966238000,15.2,5,15.05,5,15.2,2,2,2022-07-21 13:22:47
1658409768186579000,15.2,2,15.05,5,15.6,33,1,2022-07-21 13:22:48
1658409797139787000,15.55,1,15.05,3,15.55,4,1,2022-07-21 13:23:17
1658409811957763000,15.55,1,15.2,1,15.55,3,1,2022-07-21 13:23:31
1658409834405592000,15.55,1,15.2,1,15.55,12,1,2022-07-21 13:23:54
1658410200000000000,15.0,67,15.0,29,15.3,7,2,2022-07-21 13:30:00
1658410200000000000,15.0,67,15.0,29,15.3,7,2,2022-07-21 13:30:00
1658410200000000000,15.0,67,15.0,29,15.3,7,2,2022-07-21 13:30:00
