ts,close,volume,bid_price,bid_volume,ask_price,ask_volume,tick_type,datetime
1638176417069575000,63.0,470,63.0,15,63.1,1,2,2021-11-29 09:00:17
1638176417100567000,63.1,1,63.0,15,63.3,7,1,2021-11-29 09:00:17
1638176417117876000,63.0,4,63.0,11,63.3,7,2,2021-11-29 09:00:17
1638176417123650000,63.0,1,63.0,10,63.3,7,2,2021-11-29 09:00:17
1638176417124674000,63.0,1,63.0,9,63.3,7,2,2021-11-29 09:00:17
1638176417195302000,63.0,9,62.9,21,63.3,7,2,2021-11-29 09:00:17
1638176417195302000,62.9,1,62.9,21,63.3,7,2,2021-11-29 09:00:17
1638176417232171000,62.9,1,62.9,20,63.3,7,2,2021-11-29 09:00:17
1638176417251866000,62.9,2,62.9,18,63.3,7,2,2021-11-29 09:00:17
1638176417280267000,62.9,1,62.9,17,63.3,7,2,2021-11-29 09:00:17
1638176417292488000,62.9,1,62.9,16,63.3,7,2,2021-11-29 09:00:17
1638176417295074000,62.9,1,62.9,15,63.3,7,2,2021-11-29 09:00:17
1638176417296319000,62.9,3,62.9,12,63.3,7,2,2021-11-29 09:00:17
1638176417366166000,62.9,1,62.9,11,63.3,7,2,2021-11-29 09:00:17
1638176417662963000,62.9,5,62.9,6,63.3,7,2,2021-11-29 09:00:17
1638176417989638000,62.9,2,62.9,4,63.3,7,2,2021-11-29 09:00:17
1638176418521502000,62.9,1,62.9,3,63.3,7,2,2021-11-29 09:00:18
1638176418894536000,62.9,1,62.9,3,63.3,7,2,2021-11-29 09:00:18
1638176419009854000,62.9,1,62.9,2,63.3,7,2,2021-11-29 09:00:19
1638176423642949000,63.0,1,62.9,7,63.3,9,1,2021-11-29 09:00:23
1638176423642949000,62.9,2,62.9,7,63.3,9,2,2021-11-29 09:00:23
1638176423707537000,63.3,8,62.9,7,63.3,1,1,2021-11-29 09:00:23
1638176423786794000,63.3,1,62.9,7,63.4,2,1,2021-11-29 09:00:23
1638176423880776000,63.2,2,63.0,2,63.4,2,2,2021-11-29 09:00:23
1638176423933770000,63.0,1,63.0,1,63.4,2,2,2021-11-29 09:00:23
1638176423972975000,63.4,2,63.0,1,63.5,8,1,2021-11-29 09:00:23
1638176424013583000,63.0,1,62.9,7,63.5,8,2,2021-11-29 09:00:24
1638176425478070000,63.1,1,62.8,14,63.4,1,1,2021-11-29 09:00:25
1638176425478070000,62.9,8,62.8,14,63.4,1,2,2021-11-29 09:00:25
1638176425478070000,62.8,11,62.8,14,63.4,1,2,2021-11-29 09:00:25
1638176425523229000,62.8,1,62.8,13,63.3,1,2,2021-11-29 09:00:25
1638176426090139000,63.0,1,63.0,1,63.3,6,1,2021-11-29 09:00:26
1638176427266549000,63.0,1,63.0,4,63.3,5,2,2021-11-29 09:00:27
1638176427803882000,63.0,4,62.9,1,63.0,1,2,2021-11-29 09:00:27
1638176427829619000,63.0,1,62.9,1,63.3,5,1,2021-11-29 09:00:27
1638176428337015000,63.0,1,62.9,2,63.3,5,2,2021-11-29 09:00:28
1638176429232135000,62.9,1,62.9,1,63.3,5,2,2021-11-29 09:00:29
1638176429333896000,62.9,1,62.8,13,63.0,1,2,2021-11-29 09:00:29
1638176429344942000,63.0,1,62.8,13,63.3,5,1,2021-11-29 09:00:29
1638176430141102000,63.3,3,63.0,3,63.3,2,1,2021-11-29 09:00:30
1638176430861349000,63.3,1,63.1,1,63.3,3,1,2021-11-29 09:00:30
1638176432234095000,63.1,1,62.9,3,63.0,7,2,2021-11-29 09:00:32
1638176432234095000,63.0,6,62.9,3,63.0,7,2,2021-11-29 09:00:32
1638176432290930000,63.0,4,62.9,3,63.0,3,1,2021-11-29 09:00:32
1638176432291113000,63.0,3,62.9,3,63.3,3,1,2021-11-29 09:00:32
1638176432418004000,63.0,1,62.9,3,63.3,3,1,2021-11-29 09:00:32
1638176432777735000,63.0,3,62.9,3,63.3,3,1,2021-11-29 09:00:32
1638176434327893000,62.9,1,62.9,3,63.3,4,2,2021-11-29 09:00:34
1638176434442135000,63.3,4,62.9,3,63.8,17,1,2021-11-29 09:00:34
1638176434442135000,63.4,4,62.9,3,63.8,17,1,2021-11-29 09:00:34
1638176434442135000,63.5,6,62.9,3,63.8,17,1,2021-11-29 09:00:34
1638176434442135000,63.7,6,62.9,3,63.8,17,1,2021-11-29 09:00:34
1638176435379081000,63.7,1,63.0,4,63.7,4,1,2021-11-29 09:00:35
1638176436127830000,63.1,1,63.0,4,63.7,4,2,2021-11-29 09:00:36
1638176438489585000,63.3,1,63.2,2,63.6,1,1,2021-11-29 09:00:38
1638176439461982000,63.6,1,63.2,5,63.7,1,1,2021-11-29 09:00:39
1638176441758966000,63.3,1,63.3,3,63.7,1,2,2021-11-29 09:00:41
1638176442095695000,63.3,1,63.3,2,63.7,1,2,2021-11-29 09:00:42
1638176442220931000,63.7,1,63.3,2,63.8,17,1,2021-11-29 09:00:42
1638176443477169000,63.3,3,63.3,3,63.8,17,2,2021-11-29 09:00:43
1638176444131274000,63.4,1,63.3,3,63.8,17,1,2021-11-29 09:00:44
1638176446267580000,63.7,1,63.3,9,63.7,2,1,2021-11-29 09:00:46
1638176446911594000,63.7,2,63.3,9,63.8,17,1,2021-11-29 09:00:46
1638176446918762000,63.8,10,63.3,9,63.8,7,1,2021-11-29 09:00:46
1638176448363658000,63.5,1,63.4,8,63.8,8,2,2021-11-29 09:00:48
1638176449368321000,63.8,1,63.6,1,63.8,7,1,2021-11-29 09:00:49
1638176450493311000,63.7,1,63.6,3,63.8,10,2,2021-11-29 09:00:50
1638176450526556000,63.6,3,63.5,2,63.8,10,2,2021-11-29 09:00:50
1638176450683737000,63.7,1,63.6,1,63.8,10,1,2021-11-29 09:00:50
1638176453049667000,63.6,1,63.4,5,63.5,6,2,2021-11-29 09:00:53
1638176453049667000,63.5,2,63.4,5,63.5,6,2,2021-11-29 09:00:53
1638176453370617000,63.5,6,63.5,4,63.7,3,1,2021-11-29 09:00:53
1638176453404879000,63.5,4,63.4,5,63.7,3,2,2021-11-29 09:00:53
1638176453516927000,63.4,1,63.4,3,63.7,3,2,2021-11-29 09:00:53
1638176454281262000,63.5,1,63.4,3,63.5,1,1,2021-11-29 09:00:54
1638176454607046000,63.5,1,63.4,3,63.7,4,1,2021-11-29 09:00:54
1638176455042914000,63.4,1,63.4,2,63.7,8,2,2021-11-29 09:00:55
1638176455077259000,63.4,2,63.3,9,63.7,8,2,2021-11-29 09:00:55
1638176455189648000,63.6,1,63.3,8,63.7,8,1,2021-11-29 09:00:55
1638176456165214000,63.5,1,63.3,4,63.7,8,2,2021-11-29 09:00:56
1638176456446786000,63.7,2,63.3,4,63.7,6,1,2021-11-29 09:00:56
1638176456631638000,63.4,1,63.3,3,63.7,6,2,2021-11-29 09:00:56
1638176458949864000,63.4,2,63.3,3,63.4,4,2,2021-11-29 09:00:58
1638176458976341000,63.3,1,63.3,2,63.4,4,2,2021-11-29 09:00:58
1638176459109283000,63.4,1,63.3,2,63.4,3,1,2021-11-29 09:00:59
1638176459131897000,63.3,2,63.2,9,63.4,3,2,2021-11-29 09:00:59
1638176459360692000,63.4,1,63.2,9,63.4,5,1,2021-11-29 09:00:59
1638176459464757000,63.4,1,63.2,9,63.4,4,1,2021-11-29 09:00:59
1638176460971992000,63.3,2,63.4,1,63.7,7,2,2021-11-29 09:01:00
1638176460971992000,63.4,2,63.4,1,63.7,7,1,2021-11-29 09:01:00
1638176460996592000,63.4,1,63.2,9,63.7,7,2,2021-11-29 09:01:00
1638176461086204000,63.2,9,63.1,3,63.7,7,2,2021-11-29 09:01:01
1638176461086204000,63.1,6,63.1,3,63.7,7,2,2021-11-29 09:01:01
1638176461737364000,63.4,1,63.1,3,63.5,4,1,2021-11-29 09:01:01
1638176462175932000,63.4,2,63.1,3,63.4,4,1,2021-11-29 09:01:02
1638176463299507000,63.1,3,63.1,1,63.2,1,2,2021-11-29 09:01:03
1638176463505078000,63.2,1,63.1,1,63.5,12,1,2021-11-29 09:01:03
1638176463517754000,63.2,1,63.1,1,63.2,3,1,2021-11-29 09:01:03
1638176463689489000,63.2,1,63.0,24,63.2,2,1,2021-11-29 09:01:03
1638176463782159000,63.0,1,63.0,23,63.4,4,2,2021-11-29 09:01:03
1638176464372839000,63.1,1,63.0,23,63.4,7,1,2021-11-29 09:01:04
1638176464482229000,63.0,3,63.0,20,63.4,8,2,2021-11-29 09:01:04
1638176464549064000,63.1,1,63.0,1,63.3,1,1,2021-11-29 09:01:04
1638176464549064000,63.0,19,63.0,1,63.3,1,2,2021-11-29 09:01:04
1638176464610572000,63.1,1,63.0,1,63.3,1,1,2021-11-29 09:01:04
1638176465406667000,63.0,1,62.9,3,63.3,6,2,2021-11-29 09:01:05
1638176466155771000,62.9,1,62.9,2,63.3,6,2,2021-11-29 09:01:06
1638176466316891000,63.2,1,62.9,2,63.3,6,1,2021-11-29 09:01:06
1638176466491835000,63.2,1,62.9,2,63.2,3,1,2021-11-29 09:01:06
1638176466547507000,63.2,1,62.9,2,63.2,2,1,2021-11-29 09:01:06
1638176466780613000,63.0,1,63.0,9,63.2,7,2,2021-11-29 09:01:06
1638176467194190000,63.0,9,62.9,2,63.2,7,2,2021-11-29 09:01:07
1638176468069406000,63.0,1,62.9,3,63.2,7,1,2021-11-29 09:01:08
1638176468197369000,63.2,2,62.9,3,63.2,5,1,2021-11-29 09:01:08
1638176468273765000,62.9,2,62.9,1,63.0,4,2,2021-11-29 09:01:08
1638176468873800000,62.9,1,62.8,26,63.2,5,2,2021-11-29 09:01:08
1638176469338389000,63.1,1,62.8,26,63.1,3,1,2021-11-29 09:01:09
1638176469954576000,63.0,1,62.8,26,63.2,5,2,2021-11-29 09:01:09
1638176470606512000,62.9,1,62.8,26,63.2,5,2,2021-11-29 09:01:10
1638176471061091000,63.0,1,62.8,26,63.1,3,1,2021-11-29 09:01:11
1638176471700534000,62.8,12,62.8,14,63.1,3,2,2021-11-29 09:01:11
1638176471735777000,62.8,14,62.7,3,63.1,3,2,2021-11-29 09:01:11
1638176471808085000,63.0,2,62.7,4,63.1,3,1,2021-11-29 09:01:11
1638176471976458000,63.1,3,62.7,4,63.2,1,1,2021-11-29 09:01:11
1638176471976458000,63.2,4,62.7,4,63.2,1,1,2021-11-29 09:01:11
1638176472178812000,62.8,1,62.7,2,63.2,1,2,2021-11-29 09:01:12
1638176472178812000,62.7,2,62.7,2,63.2,1,2,2021-11-29 09:01:12
1638176472373547000,62.7,2,62.6,6,63.1,1,2,2021-11-29 09:01:12
1638176472373547000,62.6,2,62.6,6,63.1,1,2,2021-11-29 09:01:12
1638176472415324000,62.6,6,62.5,15,63.1,1,2,2021-11-29 09:01:12
1638176472415324000,62.5,6,62.5,15,63.1,1,2,2021-11-29 09:01:12
1638176472482141000,62.5,2,62.5,13,63.0,2,2,2021-11-29 09:01:12
1638176472603404000,63.0,2,62.5,13,63.3,2,1,2021-11-29 09:01:12
1638176472603404000,63.1,1,62.5,13,63.3,2,1,2021-11-29 09:01:12
1638176472603404000,63.2,1,62.5,13,63.3,2,1,2021-11-29 09:01:12
1638176473031021000,62.5,1,62.5,12,63.3,2,2,2021-11-29 09:01:13
1638176473468228000,63.0,12,62.6,1,63.3,3,1,2021-11-29 09:01:13
1638176473885148000,62.8,1,62.6,1,63.3,3,2,2021-11-29 09:01:13
1638176475099429000,62.6,1,62.5,10,63.1,1,2,2021-11-29 09:01:15
1638176475099429000,62.5,3,62.5,10,63.1,1,2,2021-11-29 09:01:15
1638176475171824000,63.0,1,62.5,9,63.0,1,1,2021-11-29 09:01:15
1638176475952207000,62.8,3,62.5,9,63.0,2,2,2021-11-29 09:01:15
1638176477876647000,62.8,1,62.6,1,62.8,1,2,2021-11-29 09:01:17
1638176478393197000,62.8,1,62.6,2,63.0,3,1,2021-11-29 09:01:18
1638176480352483000,62.9,1,62.8,1,63.0,3,1,2021-11-29 09:01:20
1638176481180900000,62.8,2,62.6,5,63.0,3,2,2021-11-29 09:01:21
1638176481797785000,62.8,1,62.6,5,62.9,1,2,2021-11-29 09:01:21
1638176482071541000,62.7,3,62.7,2,62.9,1,2,2021-11-29 09:01:22
1638176482436090000,62.8,1,62.7,2,62.9,1,1,2021-11-29 09:01:22
1638176482480230000,62.7,1,62.7,1,62.9,1,2,2021-11-29 09:01:22
1638176483735815000,62.9,1,62.7,1,62.9,1,1,2021-11-29 09:01:23
1638176486811464000,62.8,1,62.7,4,62.9,1,2,2021-11-29 09:01:26
1638176486852492000,62.9,1,62.7,4,63.0,5,1,2021-11-29 09:01:26
1638176487394556000,62.7,5,62.6,9,63.0,5,2,2021-11-29 09:01:27
1638176487490135000,62.6,3,62.6,6,63.0,7,2,2021-11-29 09:01:27
1638176487549400000,62.8,1,62.6,6,63.0,6,1,2021-11-29 09:01:27
1638176487895398000,62.9,1,62.7,4,63.0,6,1,2021-11-29 09:01:27
1638176488207309000,62.6,2,62.6,8,63.0,6,2,2021-11-29 09:01:28
1638176488816493000,63.0,6,62.8,2,63.2,8,1,2021-11-29 09:01:28
1638176489285504000,63.0,1,62.8,3,63.2,8,1,2021-11-29 09:01:29
1638176490166819000,62.8,3,62.5,8,63.2,8,2,2021-11-29 09:01:30
1638176490166819000,62.7,4,62.5,8,63.2,8,2,2021-11-29 09:01:30
1638176490166819000,62.6,4,62.5,8,63.2,8,2,2021-11-29 09:01:30
1638176490166819000,62.5,5,62.5,8,63.2,8,2,2021-11-29 09:01:30
1638176490326406000,62.5,8,62.3,9,62.5,5,2,2021-11-29 09:01:30
1638176490353748000,62.5,1,62.3,8,63.0,1,1,2021-11-29 09:01:30
1638176490353956000,62.5,4,62.3,8,63.0,1,1,2021-11-29 09:01:30
1638176490386607000,62.4,1,62.5,3,63.0,1,2,2021-11-29 09:01:30
1638176490471283000,62.6,4,62.5,3,63.0,1,1,2021-11-29 09:01:30
1638176492335298000,62.7,1,62.3,3,63.0,2,1,2021-11-29 09:01:32
1638176492335298000,62.6,1,62.3,3,63.0,2,2,2021-11-29 09:01:32
1638176492335298000,62.5,1,62.3,3,63.0,2,2,2021-11-29 09:01:32
1638176492335298000,62.3,9,62.3,3,63.0,2,2,2021-11-29 09:01:32
1638176492382726000,62.3,1,62.3,2,62.9,1,2,2021-11-29 09:01:32
1638176492591415000,62.6,1,62.3,2,62.9,1,1,2021-11-29 09:01:32
1638176493407042000,62.8,1,62.7,1,63.0,7,1,2021-11-29 09:01:33
1638176493975481000,62.7,1,62.2,8,63.0,11,2,2021-11-29 09:01:33
1638176493975481000,62.4,1,62.2,8,63.0,11,2,2021-11-29 09:01:33
1638176493975481000,62.3,1,62.2,8,63.0,11,2,2021-11-29 09:01:33
1638176493975481000,62.2,7,62.2,8,63.0,11,2,2021-11-29 09:01:33
1638176494286342000,62.8,1,62.6,2,62.9,6,1,2021-11-29 09:01:34
1638176495405240000,62.9,1,62.6,2,62.9,6,1,2021-11-29 09:01:35
1638176495974724000,62.6,2,62.5,1,62.8,1,2,2021-11-29 09:01:35
1638176496890331000,62.6,1,62.5,2,62.8,1,2,2021-11-29 09:01:36
1638176499039416000,62.8,2,62.5,4,62.9,2,1,2021-11-29 09:01:39
1638176500236253000,62.6,1,62.5,4,62.8,2,2,2021-11-29 09:01:40
1638176500236253000,62.5,1,62.5,4,62.8,2,2,2021-11-29 09:01:40
1638176501678958000,62.5,1,62.5,3,62.8,2,2,2021-11-29 09:01:41
1638176503390790000,62.6,4,62.5,2,62.8,10,1,2021-11-29 09:01:43
1638176503390790000,62.5,1,62.5,2,62.8,10,2,2021-11-29 09:01:43
1638176503909090000,62.5,2,62.2,9,62.8,6,2,2021-11-29 09:01:43
1638176503909090000,62.4,6,62.2,9,62.8,6,2,2021-11-29 09:01:43
1638176503909090000,62.3,1,62.2,9,62.8,6,2,2021-11-29 09:01:43
1638176503909090000,62.2,1,62.2,9,62.8,6,2,2021-11-29 09:01:43
1638176505771104000,62.6,1,62.3,1,62.8,9,1,2021-11-29 09:01:45
1638176505904991000,62.3,1,62.2,6,62.8,9,2,2021-11-29 09:01:45
1638176505904991000,62.2,4,62.2,6,62.8,9,2,2021-11-29 09:01:45
1638176506017520000,62.5,2,62.2,6,62.7,5,1,2021-11-29 09:01:46
1638176507447635000,62.5,1,62.3,1,62.7,10,2,2021-11-29 09:01:47
1638176507694609000,62.3,1,62.3,1,62.7,10,2,2021-11-29 09:01:47
1638176508099935000,62.3,1,62.2,8,62.7,10,2,2021-11-29 09:01:48
1638176508254391000,62.2,1,62.2,7,62.7,10,2,2021-11-29 09:01:48
1638176509845626000,62.3,1,62.2,3,62.7,10,1,2021-11-29 09:01:49
1638176509845626000,62.2,4,62.2,3,62.7,10,2,2021-11-29 09:01:49
1638176510156708000,62.2,2,62.2,1,62.6,6,2,2021-11-29 09:01:50
1638176511222603000,62.5,2,62.2,1,62.6,6,1,2021-11-29 09:01:51
1638176512407520000,62.4,1,62.3,1,62.6,7,2,2021-11-29 09:01:52
1638176512541945000,62.3,1,62.2,2,62.6,7,2,2021-11-29 09:01:52
1638176514167691000,62.3,1,62.2,3,62.6,9,2,2021-11-29 09:01:54
1638176516109689000,62.5,3,62.2,5,62.6,3,1,2021-11-29 09:01:56
1638176516109689000,62.6,2,62.2,5,62.6,3,1,2021-11-29 09:01:56
1638176516310662000,62.2,1,62.2,4,62.6,3,2,2021-11-29 09:01:56
1638176516677905000,62.2,1,62.2,4,62.5,1,2,2021-11-29 09:01:56
1638176516894282000,62.2,1,62.2,2,62.5,1,2,2021-11-29 09:01:56
1638176518441213000,62.2,2,62.2,1,62.3,6,2,2021-11-29 09:01:58
1638176518443111000,62.3,6,62.2,1,62.5,10,1,2021-11-29 09:01:58
1638176518873673000,62.2,1,62.1,21,62.4,1,2,2021-11-29 09:01:58
1638176518873673000,62.1,1,62.1,21,62.4,1,2,2021-11-29 09:01:58
1638176518998427000,62.1,15,62.1,6,62.3,1,2,2021-11-29 09:01:58
1638176519370823000,62.1,1,62.1,5,62.3,6,2,2021-11-29 09:01:59
1638176519405279000,62.1,5,62.0,79,62.3,6,2,2021-11-29 09:01:59
1638176519474119000,62.0,1,62.0,78,62.3,6,2,2021-11-29 09:01:59
1638176519530023000,62.0,1,62.0,77,62.3,6,2,2021-11-29 09:01:59
1638176521963249000,62.0,16,62.0,61,62.3,6,2,2021-11-29 09:02:01
1638176522217213000,62.0,12,62.0,49,62.2,1,2,2021-11-29 09:02:02
1638176522469389000,62.0,2,62.0,47,62.1,1,2,2021-11-29 09:02:02
1638176522696925000,62.0,12,62.0,35,62.1,6,2,2021-11-29 09:02:02
1638176522705123000,62.0,5,62.0,30,62.1,6,2,2021-11-29 09:02:02
1638176522723649000,62.0,30,61.9,6,62.1,6,2,2021-11-29 09:02:02
1638176522823518000,61.9,6,61.8,20,62.0,2,2,2021-11-29 09:02:02
1638176522861600000,62.0,1,61.8,20,62.0,1,1,2021-11-29 09:02:02
1638176522868012000,61.8,2,61.8,18,62.0,1,2,2021-11-29 09:02:02
1638176522895800000,61.8,18,61.7,1,62.0,1,2,2021-11-29 09:02:02
1638176523000651000,62.0,1,61.7,2,62.0,2,1,2021-11-29 09:02:03
1638176523394612000,61.7,2,61.6,7,62.0,8,2,2021-11-29 09:02:03
1638176523405275000,62.0,1,61.6,7,62.0,7,1,2021-11-29 09:02:03
1638176523473497000,61.6,7,61.5,6,62.0,7,2,2021-11-29 09:02:03
1638176523473497000,61.5,3,61.5,6,62.0,7,2,2021-11-29 09:02:03
1638176523634638000,61.5,5,61.5,1,61.9,1,2,2021-11-29 09:02:03
1638176523665282000,61.5,1,61.3,2,61.9,1,2,2021-11-29 09:02:03
1638176523853278000,61.4,1,61.3,2,61.8,1,2,2021-11-29 09:02:03
1638176523853310000,61.5,1,61.3,2,61.8,1,1,2021-11-29 09:02:03
1638176523898542000,61.3,1,61.3,1,61.8,1,2,2021-11-29 09:02:03
1638176523993154000,61.3,1,61.2,9,61.8,1,2,2021-11-29 09:02:03
1638176524061026000,61.8,1,61.2,9,61.9,2,1,2021-11-29 09:02:04
1638176524532769000,61.9,1,61.2,13,61.9,10,1,2021-11-29 09:02:04
1638176524612682000,61.9,1,61.3,1,61.9,9,1,2021-11-29 09:02:04
1638176525429582000,61.5,1,61.3,5,61.8,4,2,2021-11-29 09:02:05
1638176525539776000,61.3,1,61.2,9,61.8,4,2,2021-11-29 09:02:05
1638176525550122000,61.8,4,61.2,9,61.9,3,1,2021-11-29 09:02:05
1638176525550122000,61.9,6,61.2,9,61.9,3,1,2021-11-29 09:02:05
1638176525615836000,61.8,1,61.3,2,61.9,3,2,2021-11-29 09:02:05
1638176526520497000,61.3,1,61.3,8,61.9,4,2,2021-11-29 09:02:06
1638176527535937000,61.3,1,61.3,6,61.8,1,2,2021-11-29 09:02:07
1638176528842337000,61.4,1,61.3,9,61.8,5,1,2021-11-29 09:02:08
1638176528893948000,61.3,1,61.3,9,61.8,5,2,2021-11-29 09:02:08
1638176529230902000,61.7,1,61.4,1,61.8,5,1,2021-11-29 09:02:09
1638176529650955000,61.4,2,61.4,2,61.8,1,2,2021-11-29 09:02:09
1638176529738532000,61.7,1,61.5,1,61.8,5,1,2021-11-29 09:02:09
1638176530008890000,61.7,1,61.5,1,61.9,3,1,2021-11-29 09:02:10
1638176530736513000,61.8,4,61.5,2,61.9,3,1,2021-11-29 09:02:10
1638176530808022000,61.5,1,61.5,1,61.9,3,2,2021-11-29 09:02:10
1638176531042482000,61.8,1,61.6,1,61.9,7,1,2021-11-29 09:02:11
1638176531863949000,61.6,1,61.5,1,61.8,3,2,2021-11-29 09:02:11
1638176532124590000,61.5,1,61.4,3,61.8,7,2,2021-11-29 09:02:12
1638176532185116000,61.7,1,61.5,1,61.8,7,1,2021-11-29 09:02:12
1638176532728171000,61.8,1,61.5,1,61.8,2,1,2021-11-29 09:02:12
1638176532800281000,61.5,1,61.3,5,61.8,2,2,2021-11-29 09:02:12
1638176532800281000,61.4,1,61.3,5,61.8,2,2,2021-11-29 09:02:12
1638176532800281000,61.3,3,61.3,5,61.8,2,2,2021-11-29 09:02:12
1638176532893000000,61.7,3,61.4,1,61.8,6,1,2021-11-29 09:02:12
1638176532957768000,61.5,2,61.3,4,61.8,6,2,2021-11-29 09:02:12
1638176532957768000,61.4,1,61.3,4,61.8,6,2,2021-11-29 09:02:12
1638176532957768000,61.3,1,61.3,4,61.8,6,2,2021-11-29 09:02:12
1638176533048538000,61.7,1,61.4,1,61.8,6,1,2021-11-29 09:02:13
1638176534137762000,61.4,1,61.3,6,61.7,2,2,2021-11-29 09:02:14
1638176534209329000,61.6,1,61.4,1,61.7,2,1,2021-11-29 09:02:14
1638176534239918000,61.7,1,61.4,2,61.7,1,1,2021-11-29 09:02:14
1638176534270615000,61.7,1,61.4,2,61.8,2,1,2021-11-29 09:02:14
1638176534311647000,61.5,1,61.4,2,61.8,2,2,2021-11-29 09:02:14
1638176534629552000,61.4,2,61.1,34,61.8,2,2,2021-11-29 09:02:14
1638176534629552000,61.3,6,61.1,34,61.8,2,2,2021-11-29 09:02:14
1638176534629552000,61.2,9,61.1,34,61.8,2,2,2021-11-29 09:02:14
1638176534629552000,61.1,3,61.1,34,61.8,2,2,2021-11-29 09:02:14
1638176534893952000,61.4,2,61.2,2,61.7,6,1,2021-11-29 09:02:14
1638176534893952000,61.2,2,61.2,2,61.7,6,2,2021-11-29 09:02:14
1638176535564787000,61.3,1,61.1,12,61.6,2,1,2021-11-29 09:02:15
1638176535564787000,61.1,2,61.1,12,61.6,2,2,2021-11-29 09:02:15
1638176535887729000,61.6,1,61.1,12,61.6,2,1,2021-11-29 09:02:15
1638176535917823000,61.6,4,61.1,12,61.8,7,1,2021-11-29 09:02:15
1638176535917823000,61.7,2,61.1,12,61.8,7,1,2021-11-29 09:02:15
1638176535917823000,61.8,2,61.1,12,61.8,7,1,2021-11-29 09:02:15
1638176536471394000,61.7,1,61.2,3,61.8,9,2,2021-11-29 09:02:16
1638176536778211000,61.8,9,61.4,1,61.9,8,1,2021-11-29 09:02:16
1638176537073669000,61.4,1,61.2,5,61.9,8,2,2021-11-29 09:02:17
1638176537468892000,61.4,1,61.3,4,61.9,8,2,2021-11-29 09:02:17
1638176537926628000,61.7,1,61.4,1,61.8,1,1,2021-11-29 09:02:17
1638176538068286000,61.4,2,61.3,1,61.8,1,2,2021-11-29 09:02:18
1638176538068286000,61.3,3,61.3,1,61.8,1,2,2021-11-29 09:02:18
1638176538073139000,61.8,1,61.3,1,61.9,7,1,2021-11-29 09:02:18
1638176538101547000,61.3,1,61.2,3,61.3,1,2,2021-11-29 09:02:18
1638176538130353000,61.3,1,61.2,3,61.7,1,1,2021-11-29 09:02:18
1638176538452209000,61.5,1,61.4,3,61.7,6,1,2021-11-29 09:02:18
1638176538502965000,61.7,6,61.4,5,61.8,3,1,2021-11-29 09:02:18
1638176539444363000,61.7,2,61.5,2,61.8,1,1,2021-11-29 09:02:19
1638176539444363000,61.8,3,61.5,2,61.8,1,1,2021-11-29 09:02:19
1638176539465046000,61.8,1,61.5,2,61.9,3,1,2021-11-29 09:02:19
1638176539845466000,61.5,1,61.5,1,61.9,3,2,2021-11-29 09:02:19
1638176539863433000,61.5,1,61.4,1,61.9,3,2,2021-11-29 09:02:19
1638176539863433000,61.4,4,61.4,1,61.9,3,2,2021-11-29 09:02:19
1638176539987153000,61.7,1,61.4,1,61.8,4,1,2021-11-29 09:02:19
1638176540048748000,61.4,1,61.3,4,61.6,5,2,2021-11-29 09:02:20
1638176540071878000,61.6,5,61.3,4,61.8,4,1,2021-11-29 09:02:20
1638176540396291000,61.3,2,61.3,3,61.8,8,2,2021-11-29 09:02:20
1638176540585888000,61.7,1,61.3,4,61.8,8,1,2021-11-29 09:02:20
1638176541353774000,61.4,1,61.4,2,61.8,2,2,2021-11-29 09:02:21
1638176541388834000,61.4,1,61.4,1,61.8,2,2,2021-11-29 09:02:21
1638176541550863000,61.7,2,61.4,1,61.8,3,1,2021-11-29 09:02:21
1638176541624240000,61.4,1,61.3,6,61.7,1,2,2021-11-29 09:02:21
1638176543137054000,61.6,1,61.4,2,61.7,1,1,2021-11-29 09:02:23
1638176543158100000,61.7,1,61.4,2,61.8,3,1,2021-11-29 09:02:23
1638176543380667000,61.4,1,61.4,2,61.7,1,2,2021-11-29 09:02:23
1638176543427947000,61.7,1,61.4,2,61.8,3,1,2021-11-29 09:02:23
1638176543499863000,61.5,1,61.4,2,61.8,3,2,2021-11-29 09:02:23
1638176543593907000,61.6,3,61.4,2,61.8,3,1,2021-11-29 09:02:23
1638176544008377000,61.4,1,61.4,1,61.8,3,2,2021-11-29 09:02:24
1638176544392507000,61.4,1,61.4,2,61.8,3,2,2021-11-29 09:02:24
1638176545256172000,61.4,1,61.4,2,61.8,3,2,2021-11-29 09:02:25
1638176545645240000,61.7,2,61.4,2,61.8,3,1,2021-11-29 09:02:25
1638176545713877000,61.4,2,61.3,7,61.8,3,2,2021-11-29 09:02:25
1638176545917223000,61.5,2,61.3,7,61.8,3,1,2021-11-29 09:02:25
1638176546459759000,61.5,1,61.5,1,61.8,5,2,2021-11-29 09:02:26
1638176546796915000,61.5,1,61.3,5,61.7,1,2,2021-11-29 09:02:26
1638176546863907000,61.3,1,61.3,4,61.7,2,2,2021-11-29 09:02:26
1638176547406655000,61.4,1,61.3,4,61.7,6,1,2021-11-29 09:02:27
1638176547452546000,61.7,1,61.3,4,61.7,1,1,2021-11-29 09:02:27
1638176547513770000,61.3,1,61.3,3,61.7,2,2,2021-11-29 09:02:27
1638176547722330000,61.3,1,61.3,52,61.7,2,2,2021-11-29 09:02:27
1638176548024657000,61.6,1,61.4,1,61.7,3,1,2021-11-29 09:02:28
1638176548142288000,61.4,1,61.4,1,61.7,3,2,2021-11-29 09:02:28
1638176548334936000,61.5,9,61.4,1,61.7,3,1,2021-11-29 09:02:28
1638176549080123000,61.4,1,61.3,52,61.6,1,2,2021-11-29 09:02:29
1638176549439167000,61.6,1,61.3,52,61.7,3,1,2021-11-29 09:02:29
1638176550432517000,61.4,1,61.3,52,61.4,1,2,2021-11-29 09:02:30
1638176550459368000,61.4,1,61.3,52,61.7,3,1,2021-11-29 09:02:30
1638176553835566000,61.4,1,61.4,8,61.7,3,2,2021-11-29 09:02:33
1638176554175999000,61.4,1,61.4,7,61.7,3,2,2021-11-29 09:02:34
1638176554675632000,61.5,1,61.4,12,61.7,3,1,2021-11-29 09:02:34
1638176554740974000,61.4,1,61.4,11,61.7,3,2,2021-11-29 09:02:34
1638176554901108000,61.5,1,61.4,11,61.7,3,1,2021-11-29 09:02:34
1638176555028658000,61.6,1,61.4,12,61.7,3,1,2021-11-29 09:02:35
1638176555100868000,61.4,3,61.4,9,61.7,3,2,2021-11-29 09:02:35
1638176555312869000,61.4,2,61.4,7,61.7,3,2,2021-11-29 09:02:35
1638176555729989000,61.6,1,61.4,7,61.7,3,1,2021-11-29 09:02:35
1638176555819075000,61.4,4,61.4,3,61.7,3,2,2021-11-29 09:02:35
1638176557171944000,61.5,1,61.4,4,61.7,3,1,2021-11-29 09:02:37
1638176557210784000,61.7,3,61.4,4,61.8,2,1,2021-11-29 09:02:37
1638176557916707000,61.4,1,61.4,8,61.8,2,2,2021-11-29 09:02:37
1638176558731715000,61.5,1,61.4,6,61.5,1,1,2021-11-29 09:02:38
1638176558761129000,61.5,1,61.4,6,61.7,1,1,2021-11-29 09:02:38
1638176560182977000,61.5,1,61.4,10,61.7,1,2,2021-11-29 09:02:40
1638176560255749000,61.4,1,61.4,9,61.7,1,2,2021-11-29 09:02:40
1638176562419639000,61.4,1,61.4,14,61.7,4,2,2021-11-29 09:02:42
1638176562976053000,61.5,1,61.4,18,61.5,2,1,2021-11-29 09:02:42
1638176563006825000,61.5,2,61.4,18,61.7,5,1,2021-11-29 09:02:43
1638176563244199000,61.5,1,61.5,2,61.7,6,2,2021-11-29 09:02:43
1638176563306623000,61.7,5,61.5,2,61.7,1,1,2021-11-29 09:02:43
1638176563334295000,61.7,1,61.5,2,61.8,6,1,2021-11-29 09:02:43
1638176564081382000,61.5,1,61.5,5,61.7,4,2,2021-11-29 09:02:44
1638176564324879000,61.5,2,61.5,3,61.7,4,2,2021-11-29 09:02:44
1638176564630152000,61.6,1,61.5,3,61.7,4,1,2021-11-29 09:02:44
1638176564938435000,61.7,1,61.5,3,61.7,3,1,2021-11-29 09:02:44
1638176564988748000,61.5,1,61.5,2,61.7,3,2,2021-11-29 09:02:44
1638176565543383000,61.7,1,61.5,2,61.7,2,1,2021-11-29 09:02:45
1638176565573839000,61.7,2,61.5,2,61.8,6,1,2021-11-29 09:02:45
1638176565648361000,61.5,1,61.5,1,61.8,6,2,2021-11-29 09:02:45
1638176567851163000,61.5,2,61.4,22,61.8,8,2,2021-11-29 09:02:47
1638176568999574000,61.5,2,61.4,22,61.5,3,2,2021-11-29 09:02:48
1638176569023058000,61.5,3,61.4,22,61.7,1,1,2021-11-29 09:02:49
1638176569900691000,61.5,5,61.5,1,61.7,1,2,2021-11-29 09:02:49
1638176569933353000,61.5,1,61.4,22,61.7,1,2,2021-11-29 09:02:49
1638176570354223000,61.4,1,61.4,22,61.7,1,2,2021-11-29 09:02:50
1638176570373662000,61.7,1,61.4,22,61.8,11,1,2021-11-29 09:02:50
1638176570907347000,61.7,1,61.5,2,61.8,11,1,2021-11-29 09:02:50
1638176571648194000,61.5,1,61.5,2,61.8,11,2,2021-11-29 09:02:51
1638176571692657000,61.5,1,61.5,1,61.8,11,2,2021-11-29 09:02:51
1638176572262567000,61.5,1,61.4,22,61.8,11,2,2021-11-29 09:02:52
1638176573772188000,61.5,2,61.4,20,61.7,6,2,2021-11-29 09:02:53
1638176573772188000,61.4,3,61.4,20,61.7,6,2,2021-11-29 09:02:53
1638176577828330000,61.5,4,61.4,23,61.7,8,1,2021-11-29 09:02:57
1638176577991045000,61.5,2,61.5,2,61.7,8,1,2021-11-29 09:02:57
1638176578154421000,61.5,1,61.5,1,61.7,8,2,2021-11-29 09:02:58
1638176578772366000,61.5,4,61.4,23,61.7,9,2,2021-11-29 09:02:58
1638176579284981000,61.4,1,61.4,23,61.6,1,2,2021-11-29 09:02:59
1638176579388272000,61.4,3,61.4,20,61.6,1,2,2021-11-29 09:02:59
1638176581656050000,61.5,1,61.5,6,61.6,11,1,2021-11-29 09:03:01
1638176582236970000,61.5,1,61.5,6,61.6,12,2,2021-11-29 09:03:02
1638176582262962000,61.6,1,61.5,6,61.6,11,1,2021-11-29 09:03:02
1638176582360952000,61.6,1,61.5,6,61.6,10,1,2021-11-29 09:03:02
1638176582380896000,61.6,10,61.5,6,61.7,9,1,2021-11-29 09:03:02
1638176582922082000,61.5,1,61.5,6,61.7,10,2,2021-11-29 09:03:02
1638176583231247000,61.5,1,61.5,6,61.7,10,2,2021-11-29 09:03:03
1638176583266881000,61.5,5,61.5,2,61.7,10,2,2021-11-29 09:03:03
1638176584539000000,61.7,5,61.5,2,61.7,7,1,2021-11-29 09:03:04
1638176585208284000,61.5,2,61.4,18,61.5,1,2,2021-11-29 09:03:05
1638176585244778000,61.5,1,61.4,18,61.8,8,1,2021-11-29 09:03:05
1638176585244929000,61.7,7,61.4,18,61.8,8,1,2021-11-29 09:03:05
1638176585322621000,61.7,1,61.5,1,61.8,8,1,2021-11-29 09:03:05
1638176585616557000,61.7,1,61.5,1,61.8,8,1,2021-11-29 09:03:05
1638176587033873000,61.5,1,61.4,18,61.8,8,2,2021-11-29 09:03:07
1638176587130425000,61.7,1,61.5,1,61.9,9,1,2021-11-29 09:03:07
1638176587130425000,61.8,8,61.5,1,61.9,9,1,2021-11-29 09:03:07
1638176587670459000,61.8,4,61.5,3,61.9,9,1,2021-11-29 09:03:07
1638176587791376000,61.9,5,61.5,3,61.9,4,1,2021-11-29 09:03:07
1638176587826967000,61.9,4,61.5,3,62.0,25,1,2021-11-29 09:03:07
1638176588977846000,61.6,1,61.5,13,62.0,25,2,2021-11-29 09:03:08
1638176589317377000,61.8,1,61.6,3,62.1,5,1,2021-11-29 09:03:09
1638176589317527000,62.0,23,61.6,3,62.1,5,1,2021-11-29 09:03:09
1638176589646947000,61.9,2,61.6,2,62.1,5,2,2021-11-29 09:03:09
1638176590016093000,61.6,1,61.6,4,62.1,5,2,2021-11-29 09:03:10
1638176590084927000,62.1,1,61.6,4,62.1,4,1,2021-11-29 09:03:10
1638176590528551000,62.0,2,61.6,4,62.1,7,2,2021-11-29 09:03:10
1638176594105516000,61.9,1,61.6,2,62.0,5,2,2021-11-29 09:03:14
1638176594105516000,61.7,1,61.6,2,62.0,5,2,2021-11-29 09:03:14
1638176594105516000,61.6,2,61.6,2,62.0,5,2,2021-11-29 09:03:14
1638176594328778000,62.0,1,61.6,2,62.0,4,1,2021-11-29 09:03:14
1638176594636146000,61.9,1,61.5,20,62.0,4,2,2021-11-29 09:03:14
1638176594761599000,61.5,1,61.5,19,62.0,4,2,2021-11-29 09:03:14
1638176594791748000,61.7,1,61.5,19,62.0,4,1,2021-11-29 09:03:14
1638176595762580000,61.9,1,61.8,1,62.0,4,1,2021-11-29 09:03:15
1638176595983900000,61.9,1,61.8,1,62.0,4,1,2021-11-29 09:03:15
1638176596507781000,62.0,4,61.9,2,62.1,4,1,2021-11-29 09:03:16
1638176596971806000,61.9,1,61.9,1,62.1,4,2,2021-11-29 09:03:16
1638176600124789000,62.1,4,62.0,2,62.2,6,1,2021-11-29 09:03:20
1638176600798974000,62.0,2,61.9,2,62.2,6,2,2021-11-29 09:03:20
1638176600885862000,61.9,1,61.9,1,62.2,8,2,2021-11-29 09:03:20
1638176602177912000,62.0,3,61.9,2,62.1,1,1,2021-11-29 09:03:22
1638176603476751000,62.1,1,61.9,2,62.2,8,1,2021-11-29 09:03:23
1638176603637369000,61.9,1,61.9,1,62.2,8,2,2021-11-29 09:03:23
1638176604424017000,62.1,1,62.0,1,62.1,1,1,2021-11-29 09:03:24
1638176605408185000,62.0,1,61.9,2,62.1,1,2,2021-11-29 09:03:25
1638176605593266000,62.1,1,61.9,2,62.2,8,1,2021-11-29 09:03:25
1638176607160354000,62.0,1,61.9,3,62.0,1,2,2021-11-29 09:03:27
1638176607658376000,62.0,1,61.9,2,62.0,2,1,2021-11-29 09:03:27
1638176608753160000,62.0,1,61.9,2,62.0,2,1,2021-11-29 09:03:28
1638176608843501000,62.0,1,61.9,2,62.0,1,1,2021-11-29 09:03:28
1638176609867686000,62.0,2,62.1,1,62.2,9,1,2021-11-29 09:03:29
1638176609867686000,62.1,1,62.1,1,62.2,9,1,2021-11-29 09:03:29
1638176609891878000,62.1,1,61.9,2,62.2,9,2,2021-11-29 09:03:29
1638176609908460000,62.2,1,61.9,2,62.2,8,1,2021-11-29 09:03:29
1638176610142937000,62.0,1,61.9,2,62.2,11,2,2021-11-29 09:03:30
1638176612910163000,62.0,2,62.0,6,62.1,9,2,2021-11-29 09:03:32
1638176612945036000,62.0,6,61.9,2,62.1,9,2,2021-11-29 09:03:32
1638176617089017000,62.1,1,62.0,19,62.1,8,1,2021-11-29 09:03:37
1638176620567254000,62.0,10,62.0,22,62.1,8,2,2021-11-29 09:03:40
1638176620734280000,62.0,22,61.9,5,62.1,13,2,2021-11-29 09:03:40
1638176620981869000,61.9,5,61.8,12,62.1,16,2,2021-11-29 09:03:40
1638176621144035000,62.1,1,61.8,12,62.1,15,1,2021-11-29 09:03:41
1638176621434425000,62.1,1,62.0,2,62.1,14,1,2021-11-29 09:03:41
1638176621454949000,62.0,2,61.8,12,62.1,14,2,2021-11-29 09:03:41
1638176621557177000,62.0,1,61.8,12,62.1,14,2,2021-11-29 09:03:41
1638176621810122000,62.1,1,61.8,12,62.1,13,1,2021-11-29 09:03:41
1638176621868307000,62.0,8,62.0,1,62.1,13,2,2021-11-29 09:03:41
1638176621899141000,62.0,1,61.8,13,62.1,13,2,2021-11-29 09:03:41
1638176622261824000,62.1,1,61.8,13,62.1,12,1,2021-11-29 09:03:42
1638176622962677000,62.0,1,61.8,14,62.1,11,2,2021-11-29 09:03:42
1638176622962677000,62.1,1,61.8,14,62.1,11,1,2021-11-29 09:03:42
1638176624269134000,62.0,5,61.8,14,62.1,11,2,2021-11-29 09:03:44
1638176626289130000,62.0,1,61.9,2,62.0,1,1,2021-11-29 09:03:46
1638176626309290000,62.0,1,61.9,2,62.1,11,1,2021-11-29 09:03:46
1638176629329479000,62.0,1,61.9,2,62.0,4,1,2021-11-29 09:03:49
1638176630847381000,61.9,1,61.9,2,62.0,5,2,2021-11-29 09:03:50
1638176631457473000,61.9,2,61.8,20,62.0,6,2,2021-11-29 09:03:51
1638176631500385000,62.0,1,61.8,19,62.0,5,1,2021-11-29 09:03:51
1638176631865981000,62.0,5,61.8,19,62.0,7,1,2021-11-29 09:03:51
1638176631891455000,61.8,19,61.7,13,62.0,7,2,2021-11-29 09:03:51
1638176632265541000,61.9,1,61.7,13,61.9,3,1,2021-11-29 09:03:52
1638176632554159000,61.9,1,61.7,13,61.9,2,1,2021-11-29 09:03:52
1638176632763482000,61.8,3,61.7,13,61.9,2,2,2021-11-29 09:03:52
1638176633104680000,61.8,1,61.7,13,61.9,3,2,2021-11-29 09:03:53
1638176633353265000,61.8,1,61.7,13,61.9,3,2,2021-11-29 09:03:53
1638176634316243000,61.9,3,61.9,2,62.0,12,1,2021-11-29 09:03:54
1638176634355019000,61.9,2,61.7,13,62.0,12,2,2021-11-29 09:03:54
1638176634752217000,61.9,1,61.8,5,61.9,2,1,2021-11-29 09:03:54
1638176636056538000,61.9,1,61.8,5,62.0,14,2,2021-11-29 09:03:56
1638176637121847000,61.9,1,61.8,5,62.0,14,2,2021-11-29 09:03:57
1638176637353937000,61.8,3,61.8,2,62.0,14,2,2021-11-29 09:03:57
1638176637579182000,61.8,1,61.8,1,62.0,14,2,2021-11-29 09:03:57
1638176637612893000,61.8,1,61.7,13,62.0,14,2,2021-11-29 09:03:57
1638176637878294000,61.9,1,61.7,13,61.9,2,1,2021-11-29 09:03:57
1638176638103611000,61.7,1,61.7,12,61.9,2,2,2021-11-29 09:03:58
1638176638344047000,61.7,12,61.6,12,61.9,2,2,2021-11-29 09:03:58
1638176638817406000,61.6,2,61.6,12,61.8,4,2,2021-11-29 09:03:58
1638176638995754000,61.8,1,61.6,12,61.8,3,1,2021-11-29 09:03:58
1638176639030106000,61.8,1,61.6,12,61.8,2,1,2021-11-29 09:03:59
1638176639266915000,61.7,1,61.6,13,61.9,1,2,2021-11-29 09:03:59
1638176640050963000,61.7,1,61.6,13,61.9,4,1,2021-11-29 09:04:00
1638176640300102000,61.8,2,61.6,13,61.9,4,1,2021-11-29 09:04:00
1638176641247454000,61.6,12,61.5,32,61.7,4,2,2021-11-29 09:04:01
1638176642066817000,61.7,6,61.5,32,61.8,4,1,2021-11-29 09:04:02
1638176642345767000,61.7,3,61.5,32,61.8,4,1,2021-11-29 09:04:02
1638176642409247000,61.5,1,61.5,31,61.8,4,2,2021-11-29 09:04:02
1638176642581567000,61.7,1,61.6,1,61.8,4,1,2021-11-29 09:04:02
1638176644253103000,61.6,1,61.5,31,61.8,4,2,2021-11-29 09:04:04
1638176645242560000,61.7,1,61.7,19,61.8,4,1,2021-11-29 09:04:05
1638176645484510000,61.7,12,61.7,7,61.8,4,2,2021-11-29 09:04:05
1638176645516083000,61.7,7,61.5,31,61.8,4,2,2021-11-29 09:04:05
1638176647700704000,61.6,2,61.6,1,61.8,4,2,2021-11-29 09:04:07
1638176648027252000,61.6,1,61.5,31,61.8,4,2,2021-11-29 09:04:08
1638176650596548000,61.8,1,61.6,2,61.8,4,1,2021-11-29 09:04:10
1638176652637544000,61.6,2,61.5,31,61.8,4,2,2021-11-29 09:04:12
1638176653986311000,61.7,1,61.6,1,61.8,6,1,2021-11-29 09:04:13
1638176655642065000,61.6,2,61.5,30,61.8,7,2,2021-11-29 09:04:15
1638176655642065000,61.5,2,61.5,30,61.8,7,2,2021-11-29 09:04:15
1638176658060330000,61.6,1,61.5,30,61.6,15,1,2021-11-29 09:04:18
1638176658073652000,61.6,1,61.5,30,61.6,14,1,2021-11-29 09:04:18
1638176658320754000,61.5,1,61.5,29,61.6,14,2,2021-11-29 09:04:18
1638176658322556000,61.5,1,61.5,28,61.6,14,2,2021-11-29 09:04:18
1638176658594983000,61.6,1,61.5,28,61.6,13,1,2021-11-29 09:04:18
1638176660440142000,61.6,1,61.5,30,61.6,12,1,2021-11-29 09:04:20
1638176661427451000,61.5,10,61.5,20,61.6,12,2,2021-11-29 09:04:21
1638176661467507000,61.5,1,61.5,18,61.6,12,2,2021-11-29 09:04:21
1638176661467510000,61.5,1,61.5,18,61.6,12,2,2021-11-29 09:04:21
1638176661585523000,61.5,1,61.5,17,61.6,12,2,2021-11-29 09:04:21
1638176661670225000,61.5,12,61.5,5,61.6,12,2,2021-11-29 09:04:21
1638176661696135000,61.5,4,61.5,1,61.6,12,2,2021-11-29 09:04:21
1638176661697854000,61.5,1,61.4,22,61.6,12,2,2021-11-29 09:04:21
1638176661732766000,61.5,1,61.4,22,61.6,12,1,2021-11-29 09:04:21
1638176661875820000,61.4,1,61.4,21,61.5,4,2,2021-11-29 09:04:21
1638176663932881000,61.5,4,61.4,21,61.6,14,1,2021-11-29 09:04:23
1638176665685217000,61.4,1,61.4,20,61.6,14,2,2021-11-29 09:04:25
1638176665939734000,61.5,1,61.4,20,61.6,14,1,2021-11-29 09:04:25
1638176667586473000,61.5,1,61.4,20,61.6,14,2,2021-11-29 09:04:27
1638176667878510000,61.4,3,61.4,17,61.6,14,2,2021-11-29 09:04:27
1638176668114210000,61.4,5,61.4,12,61.6,14,2,2021-11-29 09:04:28
1638176668882785000,61.4,12,61.3,61,61.6,14,2,2021-11-29 09:04:28
1638176668882785000,61.3,3,61.3,61,61.6,14,2,2021-11-29 09:04:28
1638176669894064000,61.4,1,61.3,61,61.4,1,1,2021-11-29 09:04:29
1638176671974269000,61.3,1,61.3,60,61.4,1,2,2021-11-29 09:04:31
1638176671991934000,61.4,1,61.3,60,61.5,8,1,2021-11-29 09:04:31
1638176672752564000,61.3,1,61.3,59,61.5,8,2,2021-11-29 09:04:32
1638176673281665000,61.3,1,61.3,59,61.5,8,2,2021-11-29 09:04:33
1638176673700088000,61.3,6,61.3,53,61.5,8,2,2021-11-29 09:04:33
1638176674402355000,61.3,3,61.3,50,61.5,8,2,2021-11-29 09:04:34
1638176674478896000,61.4,1,61.3,50,61.5,8,1,2021-11-29 09:04:34
1638176674751310000,61.3,2,61.3,48,61.5,8,2,2021-11-29 09:04:34
1638176675194989000,61.5,1,61.4,1,61.5,7,1,2021-11-29 09:04:35
1638176675268087000,61.4,1,61.3,48,61.5,7,2,2021-11-29 09:04:35
1638176675268087000,61.3,1,61.3,48,61.5,7,2,2021-11-29 09:04:35
1638176675445237000,61.4,4,61.3,48,61.5,7,1,2021-11-29 09:04:35
1638176676554472000,61.4,1,61.3,48,61.5,6,1,2021-11-29 09:04:36
1638176676554472000,61.5,1,61.3,48,61.5,6,1,2021-11-29 09:04:36
1638176676974129000,61.4,1,61.3,48,61.5,5,2,2021-11-29 09:04:36
1638176676974129000,61.5,1,61.3,48,61.5,5,1,2021-11-29 09:04:36
1638176677030786000,61.5,2,61.3,48,61.5,3,1,2021-11-29 09:04:37
1638176677066566000,61.5,3,61.3,48,61.6,15,1,2021-11-29 09:04:37
1638176678159142000,61.3,10,61.3,38,61.6,15,2,2021-11-29 09:04:38
1638176678416178000,61.3,1,61.3,38,61.6,15,2,2021-11-29 09:04:38
1638176680529360000,61.4,1,61.3,42,61.6,15,1,2021-11-29 09:04:40
1638176681198486000,61.5,1,61.3,42,61.6,15,1,2021-11-29 09:04:41
1638176681444101000,61.4,1,61.3,39,61.6,15,2,2021-11-29 09:04:41
1638176681444101000,61.3,3,61.3,39,61.6,15,2,2021-11-29 09:04:41
1638176681546418000,61.3,2,61.3,37,61.6,15,2,2021-11-29 09:04:41
1638176682997589000,61.5,4,61.3,41,61.6,15,1,2021-11-29 09:04:42
1638176684541750000,61.3,1,61.3,70,61.5,3,2,2021-11-29 09:04:44
1638176684876775000,61.5,1,61.3,70,61.5,2,1,2021-11-29 09:04:44
1638176684993098000,61.3,3,61.3,67,61.5,2,2,2021-11-29 09:04:44
1638176685028298000,61.5,2,61.3,67,61.6,13,1,2021-11-29 09:04:45
1638176685414597000,61.3,1,61.3,66,61.5,1,2,2021-11-29 09:04:45
1638176686266550000,61.5,1,61.3,71,61.6,13,1,2021-11-29 09:04:46
1638176686297512000,61.6,9,61.3,71,61.6,4,1,2021-11-29 09:04:46
1638176687240935000,61.3,4,61.3,68,61.6,4,2,2021-11-29 09:04:47
1638176688793360000,61.4,1,61.3,68,61.6,4,1,2021-11-29 09:04:48
1638176689368922000,61.3,1,61.3,67,61.6,4,2,2021-11-29 09:04:49
1638176690799504000,61.6,4,61.3,67,61.7,1,1,2021-11-29 09:04:50
1638176690861026000,61.6,1,61.4,2,61.7,1,1,2021-11-29 09:04:50
1638176692056177000,61.4,2,61.3,67,61.4,1,2,2021-11-29 09:04:52
1638176692077847000,61.4,1,61.3,67,61.7,1,1,2021-11-29 09:04:52
1638176692918814000,61.5,1,61.3,67,61.7,1,1,2021-11-29 09:04:52
1638176692918814000,61.3,1,61.3,67,61.7,1,2,2021-11-29 09:04:52
1638176692977843000,61.6,1,61.4,1,61.7,1,1,2021-11-29 09:04:52
1638176694510926000,61.7,1,61.4,8,61.8,4,1,2021-11-29 09:04:54
1638176694553556000,61.4,1,61.4,7,61.5,1,2,2021-11-29 09:04:54
1638176694562045000,61.5,1,61.4,7,61.8,4,1,2021-11-29 09:04:54
1638176694577750000,61.4,2,61.4,5,61.8,4,2,2021-11-29 09:04:54
1638176694833324000,61.5,1,61.4,7,61.7,1,1,2021-11-29 09:04:54
1638176694835289000,61.7,1,61.4,7,61.8,4,1,2021-11-29 09:04:54
1638176696185722000,61.5,1,61.4,8,61.5,2,2,2021-11-29 09:04:56
1638176696217604000,61.5,2,61.4,8,61.7,1,1,2021-11-29 09:04:56
1638176696895519000,61.7,1,61.5,1,61.8,4,1,2021-11-29 09:04:56
1638176697216375000,61.5,1,61.4,11,61.5,4,2,2021-11-29 09:04:57
1638176697249529000,61.5,4,61.4,11,61.8,4,1,2021-11-29 09:04:57
1638176697323793000,61.7,1,61.5,2,61.8,3,1,2021-11-29 09:04:57
1638176700049148000,61.8,3,61.5,7,61.9,4,1,2021-11-29 09:05:00
1638176700745739000,61.8,1,61.5,7,61.9,6,1,2021-11-29 09:05:00
1638176700909648000,61.6,3,61.5,7,61.8,5,2,2021-11-29 09:05:00
1638176701070473000,61.8,5,61.5,7,61.9,6,1,2021-11-29 09:05:01
1638176702053890000,61.9,6,61.7,1,62.0,91,1,2021-11-29 09:05:02
1638176702085102000,62.0,38,61.7,1,62.0,53,1,2021-11-29 09:05:02
1638176702163353000,61.7,1,61.5,1,62.0,53,2,2021-11-29 09:05:02
1638176702163353000,61.5,9,61.5,1,62.0,53,2,2021-11-29 09:05:02
1638176703879082000,61.6,1,61.5,1,61.9,2,1,2021-11-29 09:05:03
1638176704405765000,61.9,1,61.5,2,61.9,1,1,2021-11-29 09:05:04
1638176704425059000,61.9,1,61.5,2,62.0,56,1,2021-11-29 09:05:04
1638176704462322000,61.7,1,61.5,2,62.0,56,2,2021-11-29 09:05:04
1638176706990590000,61.7,1,61.6,2,62.0,56,2,2021-11-29 09:05:06
1638176709475204000,61.8,5,61.7,6,61.9,1,1,2021-11-29 09:05:09
1638176710850088000,61.8,2,61.7,6,61.9,2,2,2021-11-29 09:05:10
1638176711314368000,61.7,1,61.7,5,61.9,2,2,2021-11-29 09:05:11
1638176712437217000,61.7,2,61.7,5,61.9,2,2,2021-11-29 09:05:12
1638176713483014000,61.9,2,61.7,6,62.0,56,1,2021-11-29 09:05:13
1638176714212261000,61.9,1,61.7,7,62.0,56,1,2021-11-29 09:05:14
1638176715320740000,61.7,1,61.7,6,62.0,56,2,2021-11-29 09:05:15
1638176715879319000,61.8,1,61.7,3,62.0,56,1,2021-11-29 09:05:15
1638176715879319000,61.7,3,61.7,3,62.0,56,2,2021-11-29 09:05:15
1638176718127454000,61.8,1,61.6,2,62.0,56,1,2021-11-29 09:05:18
1638176718127454000,61.7,4,61.6,2,62.0,56,2,2021-11-29 09:05:18
1638176718127454000,61.6,3,61.6,2,62.0,56,2,2021-11-29 09:05:18
1638176718239753000,61.9,1,61.8,1,62.0,56,1,2021-11-29 09:05:18
1638176719272277000,61.9,1,61.8,1,62.0,57,2,2021-11-29 09:05:19
1638176719543344000,61.9,1,61.8,1,62.0,57,1,2021-11-29 09:05:19
1638176723787589000,62.0,1,61.9,1,62.0,56,1,2021-11-29 09:05:23
1638176723819201000,62.0,24,61.9,1,62.0,32,1,2021-11-29 09:05:23
1638176723851664000,62.0,27,61.9,1,62.0,5,1,2021-11-29 09:05:23
1638176724159642000,61.9,1,61.9,2,62.0,5,2,2021-11-29 09:05:24
1638176724856146000,62.0,1,61.9,2,62.0,5,1,2021-11-29 09:05:24
1638176725226547000,62.0,1,61.9,2,62.0,4,1,2021-11-29 09:05:25
1638176725375637000,61.9,1,61.9,1,62.0,4,2,2021-11-29 09:05:25
1638176725427365000,62.0,1,61.9,1,62.0,3,1,2021-11-29 09:05:25
1638176726387613000,62.0,1,61.9,1,62.0,2,1,2021-11-29 09:05:26
1638176728424685000,62.0,3,62.0,1,62.1,9,1,2021-11-29 09:05:28
1638176729785153000,62.1,1,62.0,4,62.1,8,1,2021-11-29 09:05:29
1638176730375302000,62.1,1,62.0,5,62.1,7,1,2021-11-29 09:05:30
1638176730376870000,62.1,2,62.0,5,62.1,5,1,2021-11-29 09:05:30
1638176733925637000,62.1,2,62.0,7,62.1,3,1,2021-11-29 09:05:33
1638176733959214000,62.1,3,62.0,7,62.2,5,1,2021-11-29 09:05:33
1638176736326615000,62.1,1,62.0,7,62.2,5,1,2021-11-29 09:05:36
1638176737093856000,62.1,1,62.0,7,62.2,5,2,2021-11-29 09:05:37
1638176737465215000,62.2,3,62.0,8,62.2,2,1,2021-11-29 09:05:37
1638176738642033000,62.2,1,62.1,1,62.2,1,1,2021-11-29 09:05:38
1638176739012105000,62.2,1,62.1,3,62.4,8,1,2021-11-29 09:05:39
1638176739736111000,62.2,3,62.1,4,62.4,8,2,2021-11-29 09:05:39
1638176741380066000,62.1,1,62.1,3,62.4,8,2,2021-11-29 09:05:41
1638176741573035000,62.1,1,62.1,1,62.4,8,2,2021-11-29 09:05:41
1638176741858569000,62.4,1,62.1,1,62.4,7,1,2021-11-29 09:05:41
1638176742362663000,62.2,1,62.1,1,62.4,7,2,2021-11-29 09:05:42
1638176743817434000,62.4,1,62.1,1,62.4,6,1,2021-11-29 09:05:43
1638176744705358000,62.2,1,62.1,1,62.4,6,2,2021-11-29 09:05:44
1638176746494997000,62.3,1,62.2,2,62.4,7,1,2021-11-29 09:05:46
1638176746967020000,62.3,1,62.2,2,62.4,7,2,2021-11-29 09:05:46
1638176749836244000,62.2,3,62.1,3,62.3,2,2,2021-11-29 09:05:49
1638176750424367000,62.2,1,62.1,4,62.3,2,2,2021-11-29 09:05:50
1638176752134229000,62.2,1,62.2,9,62.3,5,2,2021-11-29 09:05:52
1638176752164414000,62.2,9,62.1,4,62.3,5,2,2021-11-29 09:05:52
1638176752435520000,62.3,1,62.1,4,62.3,4,1,2021-11-29 09:05:52
1638176752586516000,62.3,1,62.1,4,62.3,3,1,2021-11-29 09:05:52
1638176754734654000,62.3,1,62.1,4,62.4,8,2,2021-11-29 09:05:54
1638176755922866000,62.3,1,62.2,1,62.4,8,2,2021-11-29 09:05:55
1638176759620662000,62.3,2,62.2,1,62.4,8,2,2021-11-29 09:05:59
1638176760523877000,62.4,2,62.3,1,62.4,6,1,2021-11-29 09:06:00
1638176762153445000,62.3,1,62.2,1,62.4,6,2,2021-11-29 09:06:02
1638176763674720000,62.4,1,62.2,7,62.4,6,1,2021-11-29 09:06:03
1638176764195365000,62.4,1,62.2,7,62.4,5,1,2021-11-29 09:06:04
1638176765623929000,62.3,1,62.2,7,62.4,7,2,2021-11-29 09:06:05
1638176767767862000,62.4,1,62.3,1,62.4,6,1,2021-11-29 09:06:07
1638176767823438000,62.3,2,62.2,8,62.4,6,2,2021-11-29 09:06:07
1638176768755053000,62.3,1,62.2,8,62.3,2,2,2021-11-29 09:06:08
1638176769134753000,62.3,2,62.4,2,62.5,8,1,2021-11-29 09:06:09
1638176769134753000,62.4,6,62.4,2,62.5,8,1,2021-11-29 09:06:09
1638176769165977000,62.4,2,62.3,1,62.5,8,2,2021-11-29 09:06:09
1638176771360571000,62.4,1,62.3,3,62.5,8,2,2021-11-29 09:06:11
1638176771708665000,62.4,1,62.3,2,62.5,8,2,2021-11-29 09:06:11
1638176771708665000,62.3,1,62.3,2,62.5,8,2,2021-11-29 09:06:11
1638176773586349000,62.3,1,62.3,1,62.5,8,2,2021-11-29 09:06:13
1638176777651486000,62.4,4,62.4,6,62.5,9,1,2021-11-29 09:06:17
1638176778125032000,62.5,1,62.4,6,62.5,8,1,2021-11-29 09:06:18
1638176780029070000,62.4,1,62.4,7,62.5,8,2,2021-11-29 09:06:20
1638176781334347000,62.5,1,62.4,10,62.5,7,1,2021-11-29 09:06:21
1638176782269650000,62.5,1,62.4,11,62.5,6,1,2021-11-29 09:06:22
1638176782542138000,62.4,2,62.4,9,62.5,6,2,2021-11-29 09:06:22
1638176782995294000,62.5,2,62.4,9,62.5,4,1,2021-11-29 09:06:22
1638176784352541000,62.4,2,62.4,7,62.5,4,2,2021-11-29 09:06:24
1638176784914259000,62.5,1,62.4,7,62.5,3,1,2021-11-29 09:06:24
1638176785493242000,62.5,3,62.5,7,62.6,5,1,2021-11-29 09:06:25
1638176785524375000,62.5,7,62.4,7,62.6,5,2,2021-11-29 09:06:25
1638176786186109000,62.5,1,62.4,9,62.6,5,2,2021-11-29 09:06:26
1638176787591616000,62.6,1,62.5,6,62.6,5,1,2021-11-29 09:06:27
1638176787616456000,62.5,6,62.4,10,62.6,5,2,2021-11-29 09:06:27
1638176789010462000,62.5,2,62.4,10,62.5,1,2,2021-11-29 09:06:29
1638176789409545000,62.4,8,62.4,2,62.5,1,2,2021-11-29 09:06:29
1638176789435034000,62.4,2,62.3,8,62.5,1,2,2021-11-29 09:06:29
1638176789795559000,62.4,10,62.3,8,62.5,1,2,2021-11-29 09:06:29
1638176789826418000,62.3,8,62.2,23,62.5,1,2,2021-11-29 09:06:29
1638176792084338000,62.4,2,62.2,23,62.5,4,1,2021-11-29 09:06:32
1638176792731610000,62.2,2,62.2,21,62.4,1,2,2021-11-29 09:06:32
1638176795045443000,62.2,2,62.2,17,62.4,5,2,2021-11-29 09:06:35
1638176795075624000,62.2,11,62.2,6,62.4,5,2,2021-11-29 09:06:35
1638176795111180000,62.2,6,62.1,7,62.4,5,2,2021-11-29 09:06:35
1638176795144366000,62.4,2,62.1,7,62.4,3,1,2021-11-29 09:06:35
1638176795149740000,62.1,7,62.0,16,62.3,1,2,2021-11-29 09:06:35
1638176795149740000,62.0,1,62.0,16,62.3,1,2,2021-11-29 09:06:35
1638176796128969000,62.3,2,62.0,16,62.3,2,1,2021-11-29 09:06:36
1638176796203603000,62.0,16,61.8,6,61.9,78,2,2021-11-29 09:06:36
1638176796203603000,61.9,9,61.8,6,61.9,78,2,2021-11-29 09:06:36
1638176796235181000,61.8,1,61.8,4,61.9,78,2,2021-11-29 09:06:36
1638176796235201000,61.8,1,61.8,4,61.9,78,2,2021-11-29 09:06:36
1638176796236499000,61.8,1,61.8,3,61.9,78,2,2021-11-29 09:06:36
1638176796272783000,61.8,3,61.7,8,61.9,78,2,2021-11-29 09:06:36
1638176796683550000,61.9,2,61.7,8,61.9,76,1,2021-11-29 09:06:36
1638176798772580000,61.9,2,61.7,8,61.9,74,1,2021-11-29 09:06:38
1638176802410933000,61.9,3,61.7,9,61.9,71,1,2021-11-29 09:06:42
1638176803358160000,61.9,10,61.7,9,61.9,61,1,2021-11-29 09:06:43
1638176803394472000,61.9,36,61.7,9,61.9,25,1,2021-11-29 09:06:43
1638176803425940000,61.8,1,61.7,9,61.9,23,2,2021-11-29 09:06:43
1638176803425940000,61.9,2,61.7,9,61.9,23,1,2021-11-29 09:06:43
1638176803427398000,61.9,23,61.7,8,62.3,2,1,2021-11-29 09:06:43
1638176803436684000,62.2,1,61.7,8,62.3,2,1,2021-11-29 09:06:43
1638176803749573000,61.8,1,61.7,8,62.2,1,2,2021-11-29 09:06:43
1638176804254618000,61.8,1,61.7,8,62.2,1,1,2021-11-29 09:06:44
1638176806151071000,62.0,3,61.7,10,62.0,2,1,2021-11-29 09:06:46
1638176809398038000,62.0,1,61.7,10,62.0,1,1,2021-11-29 09:06:49
1638176809405047000,62.0,1,61.7,10,62.2,1,1,2021-11-29 09:06:49
1638176811354479000,62.2,2,61.8,8,62.5,11,1,2021-11-29 09:06:51
1638176811354479000,62.3,2,61.8,8,62.5,11,1,2021-11-29 09:06:51
1638176811354479000,62.5,1,61.8,8,62.5,11,1,2021-11-29 09:06:51
1638176811656735000,62.3,1,61.9,1,62.4,1,2,2021-11-29 09:06:51
1638176821590354000,62.2,1,62.0,7,62.4,2,2,2021-11-29 09:07:01
1638176822868235000,62.0,1,62.0,6,62.4,2,2,2021-11-29 09:07:02
1638176827275487000,62.1,2,62.0,11,62.2,1,1,2021-11-29 09:07:07
1638176828492795000,62.1,1,62.0,11,62.2,1,2,2021-11-29 09:07:08
1638176828492795000,62.0,1,62.0,11,62.2,1,2,2021-11-29 09:07:08
1638176832145560000,62.2,1,62.2,1,62.3,5,1,2021-11-29 09:07:12
1638176832173636000,62.2,1,62.1,1,62.3,5,2,2021-11-29 09:07:12
1638176832374643000,62.1,1,62.0,12,62.3,6,2,2021-11-29 09:07:12
1638176843201166000,62.1,1,62.1,18,62.2,5,2,2021-11-29 09:07:23
1638176848353934000,62.1,1,62.1,17,62.2,5,2,2021-11-29 09:07:28
1638176850882501000,62.2,5,62.1,17,62.3,1,1,2021-11-29 09:07:30
1638176850882501000,62.3,5,62.1,17,62.3,1,1,2021-11-29 09:07:30
1638176854917636000,62.3,1,62.2,5,62.4,2,1,2021-11-29 09:07:34
1638176857834224000,62.4,1,62.3,2,62.4,1,1,2021-11-29 09:07:37
1638176858217982000,62.4,1,62.4,1,62.5,13,1,2021-11-29 09:07:38
1638176858360046000,62.4,1,62.3,3,62.5,13,2,2021-11-29 09:07:38
1638176862397358000,62.5,3,62.3,6,62.5,10,1,2021-11-29 09:07:42
1638176863439701000,62.4,3,62.3,6,62.5,10,2,2021-11-29 09:07:43
1638176864536225000,62.4,1,62.3,7,62.5,10,2,2021-11-29 09:07:44
1638176866743840000,62.5,5,62.4,11,62.5,5,1,2021-11-29 09:07:46
1638176867309407000,62.4,11,62.3,6,62.5,7,2,2021-11-29 09:07:47
1638176868032276000,62.3,2,62.3,4,62.5,7,2,2021-11-29 09:07:48
1638176868230133000,62.5,2,62.3,4,62.5,5,1,2021-11-29 09:07:48
1638176869584062000,62.4,1,62.3,4,62.5,5,2,2021-11-29 09:07:49
1638176869638299000,62.3,1,62.3,3,62.5,5,2,2021-11-29 09:07:49
1638176870766215000,62.5,3,62.3,4,62.5,2,1,2021-11-29 09:07:50
1638176871324740000,62.4,2,62.3,4,62.5,4,2,2021-11-29 09:07:51
1638176871781482000,62.3,4,62.2,3,62.5,4,2,2021-11-29 09:07:51
1638176873742331000,62.5,1,62.2,3,62.5,4,1,2021-11-29 09:07:53
1638176876918592000,62.2,1,62.2,19,62.4,3,2,2021-11-29 09:07:56
1638176877210635000,62.3,2,62.2,19,62.4,3,1,2021-11-29 09:07:57
1638176877445612000,62.4,3,62.2,19,62.5,3,1,2021-11-29 09:07:57
1638176877445612000,62.5,1,62.2,19,62.5,3,1,2021-11-29 09:07:57
1638176880392375000,62.3,1,62.2,20,62.5,3,2,2021-11-29 09:08:00
1638176880865945000,62.2,5,62.2,15,62.5,3,2,2021-11-29 09:08:00
1638176881208294000,62.3,1,62.2,15,62.5,4,1,2021-11-29 09:08:01
1638176881875183000,62.5,3,62.3,1,62.5,1,1,2021-11-29 09:08:01
1638176882309793000,62.3,1,62.2,2,62.5,1,2,2021-11-29 09:08:02
1638176882624129000,62.3,2,62.2,2,62.5,1,2,2021-11-29 09:08:02
1638176887050978000,62.3,1,62.2,2,62.4,3,2,2021-11-29 09:08:07
1638176888880070000,62.4,1,62.2,5,62.4,2,1,2021-11-29 09:08:08
1638176889017351000,62.4,1,62.2,5,62.4,1,1,2021-11-29 09:08:09
1638176891353936000,62.2,5,62.1,13,62.4,1,2,2021-11-29 09:08:11
1638176895262346000,62.1,2,62.1,12,62.3,1,2,2021-11-29 09:08:15
1638176895418013000,62.2,1,62.2,9,62.3,1,1,2021-11-29 09:08:15
1638176898997391000,62.2,1,62.2,23,62.3,1,2,2021-11-29 09:08:18
1638176900161715000,62.3,1,62.2,23,62.4,4,1,2021-11-29 09:08:20
1638176902012856000,62.3,1,62.2,23,62.4,3,2,2021-11-29 09:08:22
1638176903219643000,62.2,1,62.2,22,62.4,4,2,2021-11-29 09:08:23
1638176909339974000,62.3,1,62.2,22,62.4,5,1,2021-11-29 09:08:29
1638176909339974000,62.2,1,62.2,22,62.4,5,2,2021-11-29 09:08:29
1638176910409488000,62.3,2,62.2,22,62.3,2,1,2021-11-29 09:08:30
1638176910436359000,62.3,2,62.2,22,62.4,5,1,2021-11-29 09:08:30
1638176910590062000,62.4,5,62.3,5,62.5,7,1,2021-11-29 09:08:30
1638176910817486000,62.3,2,62.3,3,62.5,7,2,2021-11-29 09:08:30
1638176918427854000,62.4,1,62.3,15,62.5,6,1,2021-11-29 09:08:38
1638176921983935000,62.4,1,62.3,15,62.5,7,1,2021-11-29 09:08:41
1638176923457697000,62.4,1,62.3,16,62.5,7,1,2021-11-29 09:08:43
1638176923488933000,62.5,7,62.3,16,62.6,8,1,2021-11-29 09:08:43
1638176924217929000,62.5,1,62.3,18,62.6,8,1,2021-11-29 09:08:44
1638176924299991000,62.4,1,62.3,18,62.6,8,2,2021-11-29 09:08:44
1638176925562656000,62.5,1,62.3,18,62.6,8,1,2021-11-29 09:08:45
1638176929277419000,62.6,1,62.4,3,62.6,7,1,2021-11-29 09:08:49
1638176933637149000,62.4,1,62.4,3,62.6,5,2,2021-11-29 09:08:53
1638176935421653000,62.6,1,62.4,3,62.6,4,1,2021-11-29 09:08:55
1638176937024107000,62.5,1,62.4,5,62.6,4,2,2021-11-29 09:08:57
1638176937946156000,62.6,1,62.4,6,62.6,3,1,2021-11-29 09:08:57
1638176939831291000,62.6,3,62.5,12,62.7,6,1,2021-11-29 09:08:59
1638176941206512000,62.6,1,62.5,12,62.7,6,2,2021-11-29 09:09:01
1638176942897465000,62.5,1,62.5,12,62.7,6,2,2021-11-29 09:09:02
1638176943532053000,62.6,1,62.5,14,62.7,6,1,2021-11-29 09:09:03
1638176944655154000,62.6,1,62.5,14,62.6,57,2,2021-11-29 09:09:04
1638176946010372000,62.6,1,62.5,14,62.6,56,1,2021-11-29 09:09:06
1638176949757213000,62.5,1,62.5,18,62.6,60,2,2021-11-29 09:09:09
1638176950434433000,62.5,1,62.5,18,62.6,60,2,2021-11-29 09:09:10
1638176952131426000,62.5,1,62.5,17,62.6,60,2,2021-11-29 09:09:12
1638176952840521000,62.5,1,62.5,18,62.6,60,2,2021-11-29 09:09:12
1638176952857266000,62.6,2,62.5,18,62.6,58,1,2021-11-29 09:09:12
1638176955751413000,62.6,2,62.5,23,62.6,56,1,2021-11-29 09:09:15
1638176956995166000,62.5,1,62.5,22,62.6,56,2,2021-11-29 09:09:16
1638176958607554000,62.5,3,62.5,19,62.6,56,2,2021-11-29 09:09:18
1638176958635780000,62.5,19,62.4,8,62.6,56,2,2021-11-29 09:09:18
1638176959547378000,62.4,2,62.4,6,62.5,1,2,2021-11-29 09:09:19
1638176960276320000,62.4,6,62.3,20,62.5,2,2,2021-11-29 09:09:20
1638176961173959000,62.3,20,62.2,18,62.4,5,2,2021-11-29 09:09:21
1638176961339620000,62.3,1,62.2,18,62.4,6,1,2021-11-29 09:09:21
1638176962041861000,62.3,1,62.2,18,62.3,4,1,2021-11-29 09:09:22
1638176963063624000,62.2,5,62.2,13,62.3,4,2,2021-11-29 09:09:23
1638176963773255000,62.3,1,62.2,13,62.3,3,1,2021-11-29 09:09:23
1638176965717467000,62.2,15,62.1,24,62.3,6,2,2021-11-29 09:09:25
1638176966370822000,62.1,22,62.1,2,62.2,7,2,2021-11-29 09:09:26
1638176966391719000,62.1,2,62.0,42,62.2,7,2,2021-11-29 09:09:26
1638176967619154000,62.0,5,62.0,37,62.1,8,2,2021-11-29 09:09:27
1638176967645237000,62.0,5,62.0,32,62.1,8,2,2021-11-29 09:09:27
1638176967649072000,62.0,1,62.0,31,62.1,10,2,2021-11-29 09:09:27
1638176967665747000,62.0,5,62.0,26,62.1,10,2,2021-11-29 09:09:27
1638176967686257000,62.0,26,61.9,59,62.1,10,2,2021-11-29 09:09:27
1638176967925403000,62.0,1,61.9,59,62.0,4,1,2021-11-29 09:09:27
1638176969478187000,62.0,1,61.9,59,62.0,3,1,2021-11-29 09:09:29
1638176971291447000,62.0,1,61.9,59,62.0,2,1,2021-11-29 09:09:31
1638176971591668000,62.0,2,61.9,59,62.1,9,1,2021-11-29 09:09:31
1638176971591668000,62.1,1,61.9,59,62.1,9,1,2021-11-29 09:09:31
1638176977393083000,62.1,1,61.9,59,62.1,8,1,2021-11-29 09:09:37
1638176982418532000,62.0,1,61.9,61,62.1,9,2,2021-11-29 09:09:42
1638176984309906000,62.1,5,62.0,6,62.1,4,1,2021-11-29 09:09:44
1638176984333214000,62.1,4,62.0,6,62.2,12,1,2021-11-29 09:09:44
1638176985928435000,62.2,1,62.0,6,62.2,11,1,2021-11-29 09:09:45
1638176986346583000,62.2,1,62.0,7,62.2,10,1,2021-11-29 09:09:46
1638176990035530000,62.0,1,62.0,5,62.1,2,2,2021-11-29 09:09:50
1638176996956239000,62.1,2,62.0,13,62.1,1,1,2021-11-29 09:09:56
1638176996982783000,62.1,1,62.0,13,62.2,6,1,2021-11-29 09:09:56
1638176996985712000,62.0,1,62.0,12,62.2,6,2,2021-11-29 09:09:56
1638176997013621000,62.0,1,62.0,11,62.2,6,2,2021-11-29 09:09:57
1638176997958178000,62.0,1,62.0,10,62.2,6,2,2021-11-29 09:09:57
1638176998458706000,62.0,1,62.0,9,62.2,6,2,2021-11-29 09:09:58
1638176998657046000,62.0,1,62.0,8,62.2,6,2,2021-11-29 09:09:58
1638177004982601000,62.1,1,62.1,1,62.2,7,1,2021-11-29 09:10:04
1638177006607879000,62.1,1,62.0,25,62.2,7,2,2021-11-29 09:10:06
1638177008023356000,62.0,1,62.0,24,62.1,2,2,2021-11-29 09:10:08
1638177010327026000,62.0,25,61.9,65,62.0,38,2,2021-11-29 09:10:10
1638177010362750000,61.9,1,61.9,64,62.0,38,2,2021-11-29 09:10:10
1638177010389829000,61.9,1,61.9,63,62.0,38,2,2021-11-29 09:10:10
1638177011895564000,61.9,1,61.9,62,62.0,38,2,2021-11-29 09:10:11
1638177014252642000,61.9,2,61.9,60,62.0,38,2,2021-11-29 09:10:14
1638177015236368000,61.9,3,61.9,57,62.0,38,2,2021-11-29 09:10:15
1638177017298335000,62.0,1,61.9,57,62.0,37,1,2021-11-29 09:10:17
1638177017325076000,61.9,1,61.9,56,62.0,37,2,2021-11-29 09:10:17
1638177018968209000,61.9,2,61.9,54,62.0,37,2,2021-11-29 09:10:18
1638177021110912000,62.0,2,61.9,74,62.0,35,1,2021-11-29 09:10:21
1638177021135785000,62.0,27,61.9,74,62.0,8,1,2021-11-29 09:10:21
1638177021166097000,62.0,2,61.9,74,62.0,6,1,2021-11-29 09:10:21
1638177021170596000,61.9,1,61.9,73,62.0,6,2,2021-11-29 09:10:21
1638177028316995000,61.9,1,61.9,74,62.0,7,2,2021-11-29 09:10:28
1638177028339273000,61.9,22,61.9,52,62.0,7,2,2021-11-29 09:10:28
1638177028405009000,61.9,52,61.8,45,62.0,9,2,2021-11-29 09:10:28
1638177028904420000,61.9,1,61.8,45,62.0,9,1,2021-11-29 09:10:28
1638177029306427000,61.8,1,61.8,44,62.0,9,2,2021-11-29 09:10:29
1638177032169198000,61.9,2,61.9,31,62.0,11,1,2021-11-29 09:10:32
1638177038699523000,61.9,1,61.9,31,62.0,14,2,2021-11-29 09:10:38
1638177040094422000,61.9,5,61.9,27,62.0,22,2,2021-11-29 09:10:40
1638177041115063000,61.9,1,61.9,26,62.0,22,2,2021-11-29 09:10:41
1638177041546063000,61.9,1,61.9,25,62.0,22,2,2021-11-29 09:10:41
1638177041740151000,61.9,1,61.9,24,62.0,22,2,2021-11-29 09:10:41
1638177041776229000,61.9,16,61.9,8,62.0,22,2,2021-11-29 09:10:41
1638177041972681000,61.9,8,61.8,41,62.0,22,2,2021-11-29 09:10:41
1638177042971171000,61.8,2,61.8,39,61.9,5,2,2021-11-29 09:10:42
1638177048095487000,61.8,2,61.8,39,61.9,10,2,2021-11-29 09:10:48
1638177048899269000,61.8,1,61.8,38,61.9,10,2,2021-11-29 09:10:48
1638177049753509000,61.9,1,61.8,38,61.9,11,1,2021-11-29 09:10:49
1638177050958465000,61.8,1,61.8,36,61.9,11,2,2021-11-29 09:10:50
1638177052901499000,61.8,4,61.8,33,61.9,11,2,2021-11-29 09:10:52
1638177052936956000,61.8,1,61.8,32,61.9,11,2,2021-11-29 09:10:52
1638177054953885000,61.8,1,61.8,31,61.9,11,2,2021-11-29 09:10:54
1638177055020785000,61.8,1,61.8,30,61.9,11,2,2021-11-29 09:10:55
1638177059154567000,61.9,1,61.8,30,61.9,41,1,2021-11-29 09:10:59
1638177060458507000,61.8,3,61.8,28,61.9,42,2,2021-11-29 09:11:00
1638177060701663000,61.9,3,61.8,28,61.9,39,1,2021-11-29 09:11:00
1638177061424652000,61.8,5,61.8,24,61.9,39,2,2021-11-29 09:11:01
1638177061875298000,61.8,1,61.8,24,61.9,39,2,2021-11-29 09:11:01
1638177063002654000,61.8,1,61.8,23,61.9,39,2,2021-11-29 09:11:03
1638177065315633000,61.8,23,61.7,17,61.8,7,2,2021-11-29 09:11:05
1638177065332778000,61.8,7,61.7,17,61.9,12,1,2021-11-29 09:11:05
1638177065339023000,61.7,1,61.7,16,61.9,12,2,2021-11-29 09:11:05
1638177067025546000,61.9,1,61.8,2,61.9,11,1,2021-11-29 09:11:07
1638177067498740000,61.8,2,61.7,17,61.9,11,2,2021-11-29 09:11:07
1638177067537266000,61.9,4,61.7,17,61.9,7,1,2021-11-29 09:11:07
1638177067778820000,61.7,2,61.7,15,61.9,7,2,2021-11-29 09:11:07
1638177068291788000,61.8,1,61.7,15,61.9,6,1,2021-11-29 09:11:08
1638177068405180000,61.8,1,61.7,15,61.8,2,2,2021-11-29 09:11:08
1638177068446150000,61.8,2,61.7,15,61.9,6,1,2021-11-29 09:11:08
1638177069790212000,61.9,6,61.7,15,62.0,18,1,2021-11-29 09:11:09
1638177071451918000,61.8,1,61.7,15,62.0,18,2,2021-11-29 09:11:11
1638177071755094000,61.7,3,61.7,12,61.9,3,2,2021-11-29 09:11:11
1638177071788312000,61.7,5,61.7,7,61.9,4,2,2021-11-29 09:11:11
1638177071824509000,61.8,1,61.7,7,61.9,4,1,2021-11-29 09:11:11
1638177074157823000,61.9,4,61.8,3,62.0,18,1,2021-11-29 09:11:14
1638177075675929000,61.9,1,61.8,4,62.0,19,1,2021-11-29 09:11:15
1638177075862147000,61.8,3,61.8,1,62.0,19,2,2021-11-29 09:11:15
1638177080414579000,61.8,1,61.7,18,62.0,20,2,2021-11-29 09:11:20
1638177083783912000,62.0,20,61.8,10,62.1,3,1,2021-11-29 09:11:23
1638177083845614000,62.0,1,61.8,11,62.1,1,1,2021-11-29 09:11:23
1638177083845614000,62.1,2,61.8,11,62.1,1,1,2021-11-29 09:11:23
1638177092911199000,61.9,1,61.9,2,62.1,2,2,2021-11-29 09:11:32
1638177096672011000,62.1,1,62.0,1,62.1,1,1,2021-11-29 09:11:36
1638177096695459000,62.1,1,62.0,1,62.2,5,1,2021-11-29 09:11:36
1638177097046256000,62.0,1,61.9,1,62.2,5,2,2021-11-29 09:11:37
1638177097046256000,61.9,3,61.9,1,62.2,5,2,2021-11-29 09:11:37
1638177101707556000,62.1,1,61.9,7,62.2,7,1,2021-11-29 09:11:41
1638177104597122000,62.2,2,61.9,9,62.2,4,1,2021-11-29 09:11:44
1638177109581486000,62.2,1,61.9,12,62.2,3,1,2021-11-29 09:11:49
1638177109623365000,62.2,3,61.9,12,62.3,12,1,2021-11-29 09:11:49
1638177109936492000,62.2,1,62.0,4,62.3,12,1,2021-11-29 09:11:49
1638177110059720000,62.3,12,62.1,1,62.4,13,1,2021-11-29 09:11:50
1638177111587203000,62.1,1,62.0,2,62.4,13,2,2021-11-29 09:11:51
1638177116071759000,62.1,1,62.1,5,62.4,13,2,2021-11-29 09:11:56
1638177121023596000,62.3,1,62.2,2,62.4,11,1,2021-11-29 09:12:01
1638177121024106000,62.2,2,62.1,6,62.4,11,2,2021-11-29 09:12:01
1638177121533143000,62.4,11,62.1,7,62.5,28,1,2021-11-29 09:12:01
1638177122001895000,62.4,2,62.1,8,62.5,28,1,2021-11-29 09:12:02
1638177123106741000,62.2,1,62.1,6,62.5,28,2,2021-11-29 09:12:03
1638177132353802000,62.4,1,62.2,2,62.5,27,1,2021-11-29 09:12:12
1638177132353802000,62.5,1,62.2,2,62.5,27,1,2021-11-29 09:12:12
1638177132385466000,62.5,21,62.2,3,62.6,15,1,2021-11-29 09:12:12
1638177132385893000,62.5,6,62.2,3,62.6,15,1,2021-11-29 09:12:12
1638177138120313000,62.6,1,62.5,2,62.6,11,1,2021-11-29 09:12:18
1638177138120869000,62.6,4,62.5,2,62.6,11,1,2021-11-29 09:12:18
1638177138581529000,62.6,1,62.5,2,62.6,10,1,2021-11-29 09:12:18
1638177139448581000,62.5,1,62.5,1,62.6,10,2,2021-11-29 09:12:19
1638177142649494000,62.5,1,62.2,5,62.5,1,2,2021-11-29 09:12:22
1638177147124127000,62.5,1,62.4,1,62.6,10,1,2021-11-29 09:12:27
1638177151008399000,62.5,1,62.5,3,62.6,10,2,2021-11-29 09:12:31
1638177151040046000,62.5,1,62.5,2,62.6,10,2,2021-11-29 09:12:31
1638177151066189000,62.5,1,62.5,2,62.6,10,2,2021-11-29 09:12:31
1638177152580521000,62.5,1,62.5,4,62.6,10,2,2021-11-29 09:12:32
1638177153059805000,62.5,1,62.5,3,62.6,10,2,2021-11-29 09:12:33
1638177155669327000,62.5,2,62.5,1,62.6,10,2,2021-11-29 09:12:35
1638177156880228000,62.5,1,62.4,3,62.6,10,2,2021-11-29 09:12:36
1638177170569277000,62.5,1,62.4,3,62.5,1,1,2021-11-29 09:12:50
1638177173501104000,62.5,1,62.4,3,62.5,7,1,2021-11-29 09:12:53
1638177174356711000,62.4,1,62.4,2,62.5,9,2,2021-11-29 09:12:54
1638177175847091000,62.5,9,62.4,2,62.6,9,1,2021-11-29 09:12:55
1638177175847091000,62.6,1,62.4,2,62.6,9,1,2021-11-29 09:12:55
1638177176316687000,62.4,3,62.2,3,62.3,5,2,2021-11-29 09:12:56
1638177176316687000,62.3,2,62.2,3,62.3,5,2,2021-11-29 09:12:56
1638177176358436000,62.3,5,62.2,2,62.6,9,1,2021-11-29 09:12:56
1638177176362317000,62.2,1,62.2,1,62.3,1,2,2021-11-29 09:12:56
1638177176391453000,62.3,1,62.2,1,62.5,1,1,2021-11-29 09:12:56
1638177176913151000,62.2,1,62.1,12,62.6,10,2,2021-11-29 09:12:56
1638177176913381000,62.3,6,62.1,12,62.6,10,1,2021-11-29 09:12:56
1638177180735291000,62.2,1,62.1,12,62.4,1,2,2021-11-29 09:13:00
1638177185448558000,62.1,5,62.1,8,62.4,4,2,2021-11-29 09:13:05
1638177188117500000,62.2,2,62.1,8,62.4,7,1,2021-11-29 09:13:08
1638177191253420000,62.1,1,62.1,7,62.4,7,2,2021-11-29 09:13:11
1638177199068664000,62.1,5,62.1,2,62.3,2,2,2021-11-29 09:13:19
1638177200317547000,62.1,1,62.0,16,62.1,1,2,2021-11-29 09:13:20
1638177200674658000,62.1,1,62.0,15,62.2,2,1,2021-11-29 09:13:20
1638177200674658000,62.2,1,62.0,15,62.2,2,1,2021-11-29 09:13:20
1638177200723459000,62.1,1,62.0,15,62.2,3,2,2021-11-29 09:13:20
1638177200781764000,62.1,1,62.0,15,62.2,3,1,2021-11-29 09:13:20
1638177203150210000,62.1,2,62.0,15,62.2,3,1,2021-11-29 09:13:23
1638177205264857000,62.0,3,62.0,13,62.2,3,2,2021-11-29 09:13:25
1638177205474635000,62.1,1,62.0,13,62.2,3,1,2021-11-29 09:13:25
1638177207450402000,62.0,3,62.0,10,62.2,3,2,2021-11-29 09:13:27
1638177212596753000,62.0,3,62.0,7,62.2,4,2,2021-11-29 09:13:32
1638177214969210000,62.0,1,62.0,6,62.1,1,2,2021-11-29 09:13:34
1638177214998745000,62.0,1,62.0,5,62.1,1,2,2021-11-29 09:13:34
1638177217120605000,62.0,5,61.9,24,62.1,2,2,2021-11-29 09:13:37
1638177221323849000,62.0,1,62.0,11,62.1,2,2,2021-11-29 09:13:41
1638177222687346000,62.0,2,62.0,9,62.1,2,2,2021-11-29 09:13:42
1638177226394892000,62.1,2,62.0,10,62.2,5,1,2021-11-29 09:13:46
1638177229843675000,62.0,5,62.0,8,62.2,5,2,2021-11-29 09:13:49
1638177230147176000,62.1,1,62.0,7,62.2,5,1,2021-11-29 09:13:50
1638177243543020000,62.0,9,61.9,25,62.0,1,2,2021-11-29 09:14:03
1638177243573897000,62.0,1,61.9,24,62.2,5,1,2021-11-29 09:14:03
1638177243576929000,61.9,1,61.9,23,62.2,5,2,2021-11-29 09:14:03
1638177248586683000,62.2,5,62.1,1,62.3,2,1,2021-11-29 09:14:08
1638177252502215000,62.1,1,62.1,1,62.3,2,2,2021-11-29 09:14:12
1638177262283214000,62.0,1,62.0,10,62.2,1,2,2021-11-29 09:14:22
1638177277500649000,62.1,3,62.0,22,62.2,2,1,2021-11-29 09:14:37
1638177281008154000,62.0,1,62.0,21,62.2,2,2,2021-11-29 09:14:41
1638177285194569000,62.0,1,62.0,20,62.1,1,2,2021-11-29 09:14:45
1638177287539756000,62.1,1,62.0,21,62.2,2,1,2021-11-29 09:14:47
1638177288926752000,62.1,1,62.1,4,62.2,2,2,2021-11-29 09:14:48
1638177294985220000,62.1,3,62.1,2,62.2,2,2,2021-11-29 09:14:54
1638177296267033000,62.1,1,62.1,1,62.2,2,2,2021-11-29 09:14:56
1638177297332540000,62.1,1,62.0,22,62.2,2,2,2021-11-29 09:14:57
1638177302002060000,62.1,1,62.0,23,62.2,2,1,2021-11-29 09:15:02
1638177303564689000,62.1,1,62.0,22,62.1,23,1,2021-11-29 09:15:03
1638177304860907000,62.1,4,62.0,22,62.1,19,1,2021-11-29 09:15:04
1638177306855437000,62.1,16,62.0,23,62.1,5,1,2021-11-29 09:15:06
1638177306872626000,62.1,5,62.0,23,62.2,2,1,2021-11-29 09:15:06
1638177308830319000,62.1,1,62.0,26,62.2,2,1,2021-11-29 09:15:08
1638177314697014000,62.2,2,62.1,1,62.3,7,1,2021-11-29 09:15:14
1638177319490050000,62.2,1,62.1,7,62.3,7,1,2021-11-29 09:15:19
1638177326859938000,62.2,1,62.1,9,62.2,4,2,2021-11-29 09:15:26
1638177328517393000,62.2,1,62.1,9,62.2,3,1,2021-11-29 09:15:28
1638177329523452000,62.2,1,62.1,9,62.2,2,1,2021-11-29 09:15:29
1638177329758238000,62.2,2,62.1,9,62.3,7,1,2021-11-29 09:15:29
1638177329758238000,62.3,1,62.1,9,62.3,7,1,2021-11-29 09:15:29
1638177333267453000,62.1,1,62.1,13,62.3,7,2,2021-11-29 09:15:33
1638177341576560000,62.2,1,62.1,15,62.3,16,1,2021-11-29 09:15:41
1638177345995139000,62.2,1,62.1,14,62.3,16,2,2021-11-29 09:15:45
1638177346016957000,62.1,14,62.0,31,62.3,16,2,2021-11-29 09:15:46
1638177349849290000,62.1,1,62.0,29,62.3,17,2,2021-11-29 09:15:49
1638177358112993000,62.1,1,62.1,2,62.2,3,2,2021-11-29 09:15:58
1638177358136232000,62.1,2,62.0,26,62.2,3,2,2021-11-29 09:15:58
1638177359795488000,62.0,1,62.0,25,62.2,14,2,2021-11-29 09:15:59
1638177359891641000,62.0,2,62.0,23,62.2,14,2,2021-11-29 09:15:59
1638177359917975000,62.0,6,62.0,17,62.2,14,2,2021-11-29 09:15:59
1638177359945545000,62.0,17,61.9,26,62.2,14,2,2021-11-29 09:15:59
1638177363840240000,61.9,6,61.9,19,62.0,5,2,2021-11-29 09:16:03
1638177363872635000,61.9,19,61.8,44,62.0,5,2,2021-11-29 09:16:03
1638177365315260000,61.8,1,61.8,42,61.9,1,2,2021-11-29 09:16:05
1638177366347017000,61.9,1,61.8,42,62.0,9,1,2021-11-29 09:16:06
1638177369295401000,62.0,3,61.8,42,62.0,6,1,2021-11-29 09:16:09
1638177372633420000,61.9,1,61.8,42,61.9,1,2,2021-11-29 09:16:12
1638177372715019000,61.9,1,61.8,42,62.0,3,1,2021-11-29 09:16:12
1638177373012154000,61.8,1,61.8,41,62.0,3,2,2021-11-29 09:16:13
1638177374617276000,61.8,5,61.8,36,62.0,3,2,2021-11-29 09:16:14
1638177380745821000,61.8,8,61.8,29,61.9,6,2,2021-11-29 09:16:20
1638177381034553000,61.8,1,61.8,28,61.9,7,2,2021-11-29 09:16:21
1638177381060686000,61.8,1,61.8,27,61.9,7,2,2021-11-29 09:16:21
1638177383444447000,61.9,1,61.8,27,61.9,6,1,2021-11-29 09:16:23
1638177384905899000,61.8,1,61.8,26,61.9,6,2,2021-11-29 09:16:24
1638177387240864000,61.8,2,61.8,24,61.9,6,2,2021-11-29 09:16:27
1638177387580452000,61.9,4,61.8,24,61.9,2,1,2021-11-29 09:16:27
1638177389237357000,61.8,1,61.8,23,61.9,2,2,2021-11-29 09:16:29
1638177389484431000,61.8,1,61.8,22,61.9,2,2,2021-11-29 09:16:29
1638177390423307000,61.9,1,61.8,22,61.9,1,1,2021-11-29 09:16:30
1638177391891755000,61.8,1,61.8,21,61.9,3,2,2021-11-29 09:16:31
1638177392034582000,61.8,2,61.8,19,61.9,3,2,2021-11-29 09:16:32
1638177392869778000,61.9,2,61.8,19,61.9,1,1,2021-11-29 09:16:32
1638177395598590000,61.8,1,61.8,18,61.9,1,2,2021-11-29 09:16:35
1638177395641953000,61.8,1,61.8,17,61.9,1,2,2021-11-29 09:16:35
1638177399494523000,61.9,3,61.8,17,61.9,6,1,2021-11-29 09:16:39
1638177401819333000,61.8,2,61.8,15,61.9,7,2,2021-11-29 09:16:41
1638177406956452000,61.9,4,61.8,20,61.9,5,1,2021-11-29 09:16:46
1638177411652043000,61.8,2,61.8,20,61.9,6,2,2021-11-29 09:16:51
1638177411948266000,61.8,2,61.8,18,61.9,6,2,2021-11-29 09:16:51
1638177412184504000,61.9,1,61.8,18,61.9,5,1,2021-11-29 09:16:52
1638177414288868000,61.9,5,61.8,20,61.9,1,1,2021-11-29 09:16:54
1638177419388126000,61.9,1,61.8,20,62.0,8,1,2021-11-29 09:16:59
1638177424351314000,61.9,1,61.8,20,62.0,7,2,2021-11-29 09:17:04
1638177425675253000,61.8,1,61.8,19,62.0,8,2,2021-11-29 09:17:05
1638177425714664000,61.9,1,61.8,19,62.0,8,1,2021-11-29 09:17:05
1638177426013090000,61.8,2,61.8,17,62.0,8,2,2021-11-29 09:17:06
1638177434320294000,61.8,3,61.8,15,61.9,1,2,2021-11-29 09:17:14
1638177439270869000,61.8,10,61.8,5,61.9,6,2,2021-11-29 09:17:19
1638177439296100000,61.8,5,61.7,34,61.9,6,2,2021-11-29 09:17:19
1638177439531435000,61.7,1,61.7,33,61.9,8,2,2021-11-29 09:17:19
1638177440460864000,61.8,1,61.8,3,61.9,8,1,2021-11-29 09:17:20
1638177442720021000,61.8,1,61.8,2,61.9,7,2,2021-11-29 09:17:22
1638177442748102000,61.8,2,61.7,32,61.9,7,2,2021-11-29 09:17:22
1638177448422998000,61.7,6,61.7,27,61.8,6,2,2021-11-29 09:17:28
1638177449575786000,61.7,4,61.7,23,61.8,7,2,2021-11-29 09:17:29
1638177449662842000,61.7,1,61.7,22,61.8,8,2,2021-11-29 09:17:29
1638177454207795000,61.7,3,61.7,20,61.8,8,2,2021-11-29 09:17:34
1638177454907114000,61.7,1,61.7,19,61.8,9,2,2021-11-29 09:17:34
1638177456433847000,61.8,1,61.7,19,61.8,8,1,2021-11-29 09:17:36
1638177457369164000,61.7,1,61.7,18,61.8,9,2,2021-11-29 09:17:37
1638177457387436000,61.7,18,61.6,23,61.8,9,2,2021-11-29 09:17:37
1638177457553130000,61.6,2,61.6,21,61.8,10,2,2021-11-29 09:17:37
1638177460736049000,61.6,10,61.6,11,61.7,7,2,2021-11-29 09:17:40
1638177460768237000,61.6,1,61.6,10,61.7,7,2,2021-11-29 09:17:40
1638177460858981000,61.7,1,61.6,10,61.7,8,1,2021-11-29 09:17:40
1638177460901252000,61.6,1,61.6,9,61.7,8,2,2021-11-29 09:17:40
1638177465651970000,61.6,1,61.6,11,61.7,13,2,2021-11-29 09:17:45
1638177466204850000,61.7,13,61.6,17,61.8,6,1,2021-11-29 09:17:46
1638177468407205000,61.7,1,61.6,17,61.8,5,2,2021-11-29 09:17:48
1638177468635608000,61.6,3,61.6,14,61.8,5,2,2021-11-29 09:17:48
1638177469443382000,61.7,2,61.6,14,61.8,5,1,2021-11-29 09:17:49
1638177469561297000,61.6,2,61.6,12,61.8,5,2,2021-11-29 09:17:49
1638177469685200000,61.7,1,61.6,12,61.8,5,1,2021-11-29 09:17:49
1638177474718711000,61.7,1,61.6,12,61.8,14,1,2021-11-29 09:17:54
1638177476782215000,61.7,1,61.6,13,61.7,6,1,2021-11-29 09:17:56
1638177476811813000,61.7,6,61.6,13,61.8,13,1,2021-11-29 09:17:56
1638177478063284000,61.6,1,61.6,12,61.8,13,2,2021-11-29 09:17:58
1638177479322613000,61.7,1,61.7,2,61.8,13,1,2021-11-29 09:17:59
1638177480105130000,61.7,1,61.7,1,61.8,13,2,2021-11-29 09:18:00
1638177480444575000,61.7,1,61.7,2,61.8,13,2,2021-11-29 09:18:00
1638177481519651000,61.7,1,61.7,1,61.8,13,2,2021-11-29 09:18:01
1638177482505651000,61.7,1,61.6,17,61.8,13,2,2021-11-29 09:18:02
1638177483885379000,61.7,1,61.6,18,61.8,13,1,2021-11-29 09:18:03
1638177485136513000,61.8,1,61.6,18,61.8,12,1,2021-11-29 09:18:05
1638177485429129000,61.6,1,61.6,17,61.8,12,2,2021-11-29 09:18:05
1638177488021024000,61.6,1,61.6,16,61.8,12,2,2021-11-29 09:18:08
1638177488963916000,61.7,1,61.6,16,61.8,12,1,2021-11-29 09:18:08
1638177493029300000,61.7,1,61.6,23,61.8,12,2,2021-11-29 09:18:13
1638177495763147000,61.6,2,61.6,21,61.8,12,2,2021-11-29 09:18:15
1638177498812733000,61.7,2,61.6,21,61.8,12,1,2021-11-29 09:18:18
1638177506893311000,61.7,13,61.6,22,61.8,12,1,2021-11-29 09:18:26
1638177508413914000,61.6,6,61.6,16,61.8,12,2,2021-11-29 09:18:28
1638177510931778000,61.7,2,61.6,16,61.8,12,1,2021-11-29 09:18:30
1638177512942848000,61.6,4,61.6,13,61.8,12,2,2021-11-29 09:18:32
1638177513654985000,61.6,2,61.6,15,61.8,12,2,2021-11-29 09:18:33
1638177516499548000,61.7,1,61.6,15,61.8,12,1,2021-11-29 09:18:36
1638177517319864000,61.6,1,61.6,14,61.7,2,2,2021-11-29 09:18:37
1638177519056810000,61.6,1,61.6,21,61.7,2,2,2021-11-29 09:18:39
1638177520009329000,61.7,2,61.6,21,61.8,12,1,2021-11-29 09:18:40
1638177520693399000,61.6,1,61.6,20,61.8,12,2,2021-11-29 09:18:40
1638177522284168000,61.6,1,61.6,19,61.8,12,2,2021-11-29 09:18:42
1638177522594697000,61.6,1,61.6,18,61.8,12,2,2021-11-29 09:18:42
1638177523605796000,61.7,1,61.6,18,61.8,13,1,2021-11-29 09:18:43
1638177523836795000,61.6,1,61.6,17,61.7,1,2,2021-11-29 09:18:43
1638177524412885000,61.7,1,61.6,17,61.8,13,1,2021-11-29 09:18:44
1638177526366855000,61.6,1,61.6,16,61.8,13,2,2021-11-29 09:18:46
1638177528143764000,61.6,2,61.6,14,61.7,2,2,2021-11-29 09:18:48
1638177528178233000,61.6,14,61.5,57,61.7,2,2,2021-11-29 09:18:48
1638177529571662000,61.6,1,61.5,57,61.7,9,1,2021-11-29 09:18:49
1638177533236099000,61.6,1,61.5,59,61.6,2,2,2021-11-29 09:18:53
1638177533259444000,61.5,8,61.5,51,61.6,2,2,2021-11-29 09:18:53
1638177535000405000,61.5,1,61.5,50,61.6,3,2,2021-11-29 09:18:55
1638177537822548000,61.6,3,61.5,50,61.6,3,1,2021-11-29 09:18:57
1638177538702103000,61.5,4,61.5,46,61.6,3,2,2021-11-29 09:18:58
1638177541343710000,61.5,1,61.5,45,61.6,5,2,2021-11-29 09:19:01
1638177543109493000,61.6,1,61.5,45,61.6,5,1,2021-11-29 09:19:03
1638177544094323000,61.5,1,61.5,44,61.6,6,2,2021-11-29 09:19:04
1638177545865923000,61.5,1,61.5,43,61.6,8,2,2021-11-29 09:19:05
1638177547368570000,61.5,1,61.5,42,61.6,9,2,2021-11-29 09:19:07
1638177548409663000,61.6,1,61.5,42,61.6,8,1,2021-11-29 09:19:08
1638177560467520000,61.5,2,61.5,43,61.6,13,2,2021-11-29 09:19:20
1638177561641628000,61.5,2,61.5,39,61.6,13,2,2021-11-29 09:19:21
1638177562307945000,61.5,1,61.5,38,61.6,13,2,2021-11-29 09:19:22
1638177564163815000,61.5,1,61.5,37,61.6,13,2,2021-11-29 09:19:24
1638177565959053000,61.5,2,61.5,35,61.6,13,2,2021-11-29 09:19:25
1638177567865032000,61.5,20,61.5,15,61.6,13,2,2021-11-29 09:19:27
1638177567898602000,61.5,15,61.4,17,61.6,13,2,2021-11-29 09:19:27
1638177568656655000,61.4,2,61.4,15,61.5,3,2,2021-11-29 09:19:28
1638177569254727000,61.5,1,61.4,15,61.5,6,1,2021-11-29 09:19:29
1638177569541931000,61.5,6,61.4,21,61.6,12,1,2021-11-29 09:19:29
1638177571163331000,61.6,1,61.5,3,61.6,11,1,2021-11-29 09:19:31
1638177571640711000,61.5,2,61.5,1,61.6,11,2,2021-11-29 09:19:31
1638177572177125000,61.6,1,61.5,2,61.6,8,1,2021-11-29 09:19:32
1638177573290493000,61.5,1,61.5,1,61.6,24,2,2021-11-29 09:19:33
1638177574851935000,61.5,2,61.4,21,61.5,2,2,2021-11-29 09:19:34
1638177574930152000,61.4,1,61.4,20,61.5,2,2,2021-11-29 09:19:34
1638177575020526000,61.4,2,61.4,18,61.5,2,2,2021-11-29 09:19:35
1638177576126217000,61.4,1,61.4,17,61.5,2,2,2021-11-29 09:19:36
1638177576857451000,61.4,1,61.4,16,61.5,2,2,2021-11-29 09:19:36
1638177578024355000,61.5,1,61.4,16,61.5,1,1,2021-11-29 09:19:38
1638177578610405000,61.4,3,61.4,18,61.5,1,2,2021-11-29 09:19:38
1638177579330478000,61.4,1,61.4,17,61.5,2,2,2021-11-29 09:19:39
1638177579373952000,61.4,1,61.4,16,61.5,2,2,2021-11-29 09:19:39
1638177579869212000,61.5,2,61.4,16,61.6,25,1,2021-11-29 09:19:39
1638177580133623000,61.4,5,61.4,11,61.6,25,2,2021-11-29 09:19:40
1638177584325828000,61.4,2,61.4,14,61.5,5,2,2021-11-29 09:19:44
1638177584976129000,61.4,1,61.4,13,61.5,6,2,2021-11-29 09:19:44
1638177587663735000,61.4,5,61.4,9,61.5,9,2,2021-11-29 09:19:47
1638177589770545000,61.5,1,61.4,11,61.5,8,1,2021-11-29 09:19:49
1638177589804187000,61.5,2,61.4,11,61.6,26,1,2021-11-29 09:19:49
1638177589804206000,61.5,6,61.4,11,61.6,26,1,2021-11-29 09:19:49
1638177590626153000,61.4,1,61.4,10,61.6,26,2,2021-11-29 09:19:50
1638177595714894000,61.5,1,61.4,13,61.6,26,1,2021-11-29 09:19:55
1638177596079189000,61.4,1,61.4,12,61.6,26,2,2021-11-29 09:19:56
1638177596114505000,61.4,1,61.4,11,61.6,26,2,2021-11-29 09:19:56
1638177597122728000,61.4,1,61.4,10,61.6,26,2,2021-11-29 09:19:57
1638177597412717000,61.4,1,61.4,9,61.6,26,2,2021-11-29 09:19:57
1638177598354168000,61.5,1,61.4,13,61.6,26,1,2021-11-29 09:19:58
1638177598748889000,61.4,1,61.4,13,61.5,1,2,2021-11-29 09:19:58
1638177598781763000,61.5,1,61.4,13,61.6,26,1,2021-11-29 09:19:58
1638177598787317000,61.4,2,61.4,11,61.6,26,2,2021-11-29 09:19:58
1638177599162665000,61.4,1,61.4,10,61.6,26,2,2021-11-29 09:19:59
1638177600244255000,61.4,3,61.4,7,61.6,26,2,2021-11-29 09:20:00
1638177600450442000,61.4,1,61.4,6,61.6,26,2,2021-11-29 09:20:00
1638177600667036000,61.4,2,61.4,4,61.6,26,2,2021-11-29 09:20:00
1638177601320607000,61.4,1,61.4,4,61.6,26,2,2021-11-29 09:20:01
1638177601424145000,61.6,2,61.4,4,61.6,24,1,2021-11-29 09:20:01
1638177602482117000,61.4,1,61.4,5,61.6,24,2,2021-11-29 09:20:02
1638177603897942000,61.4,5,61.3,39,61.6,24,2,2021-11-29 09:20:03
1638177603897942000,61.3,6,61.3,39,61.6,24,2,2021-11-29 09:20:03
1638177603956632000,61.5,1,61.3,39,61.6,24,1,2021-11-29 09:20:03
1638177605600863000,61.4,1,61.3,39,61.6,24,2,2021-11-29 09:20:05
1638177605739850000,61.4,1,61.3,39,61.6,24,1,2021-11-29 09:20:05
1638177610225460000,61.4,8,61.3,39,61.5,2,1,2021-11-29 09:20:10
1638177611811693000,61.5,1,61.3,39,61.5,4,1,2021-11-29 09:20:11
1638177613980209000,61.4,1,61.3,39,61.4,1,2,2021-11-29 09:20:13
1638177615661371000,61.4,1,61.3,40,61.5,5,1,2021-11-29 09:20:15
1638177618747800000,61.3,1,61.3,39,61.4,1,2,2021-11-29 09:20:18
1638177619698401000,61.4,1,61.3,39,61.5,6,1,2021-11-29 09:20:19
1638177621319692000,61.4,1,61.3,38,61.5,6,2,2021-11-29 09:20:21
1638177621319692000,61.3,1,61.3,38,61.5,6,2,2021-11-29 09:20:21
1638177623712525000,61.4,1,61.4,1,61.5,6,1,2021-11-29 09:20:23
1638177627785286000,61.4,1,61.3,39,61.5,7,2,2021-11-29 09:20:27
1638177633074043000,61.3,20,61.3,19,61.4,4,2,2021-11-29 09:20:33
1638177633109483000,61.3,1,61.3,18,61.4,5,2,2021-11-29 09:20:33
1638177636102383000,61.3,19,61.2,55,61.3,1,2,2021-11-29 09:20:36
1638177636911874000,61.3,1,61.2,55,61.4,12,1,2021-11-29 09:20:36
1638177637905898000,61.3,1,61.2,55,61.4,12,2,2021-11-29 09:20:37
1638177638004004000,61.4,1,61.2,55,61.4,11,1,2021-11-29 09:20:38
1638177639992697000,61.3,1,61.2,55,61.4,11,2,2021-11-29 09:20:39
1638177640690078000,61.4,5,61.2,55,61.4,7,1,2021-11-29 09:20:40
1638177644340879000,61.4,1,61.2,55,61.4,8,1,2021-11-29 09:20:44
1638177645099161000,61.2,1,61.2,54,61.4,8,2,2021-11-29 09:20:45
1638177645563002000,61.3,1,61.2,54,61.4,8,1,2021-11-29 09:20:45
1638177647210518000,61.3,1,61.2,54,61.4,8,1,2021-11-29 09:20:47
1638177650068778000,61.3,8,61.2,54,61.4,11,1,2021-11-29 09:20:50
1638177650130677000,61.2,1,61.2,53,61.4,11,2,2021-11-29 09:20:50
1638177652304633000,61.3,1,61.2,52,61.4,11,1,2021-11-29 09:20:52
1638177652304633000,61.2,1,61.2,52,61.4,11,2,2021-11-29 09:20:52
1638177653477485000,61.3,1,61.2,52,61.4,11,1,2021-11-29 09:20:53
1638177653600105000,61.2,1,61.2,51,61.4,11,2,2021-11-29 09:20:53
1638177654748915000,61.3,1,61.2,51,61.3,1,1,2021-11-29 09:20:54
1638177654784324000,61.3,1,61.2,51,61.4,11,1,2021-11-29 09:20:54
1638177655555196000,61.2,10,61.2,41,61.4,12,2,2021-11-29 09:20:55
1638177658069553000,61.2,24,61.2,17,61.3,3,2,2021-11-29 09:20:58
1638177658098701000,61.2,14,61.2,3,61.3,3,2,2021-11-29 09:20:58
1638177659888476000,61.2,1,61.2,2,61.3,8,2,2021-11-29 09:20:59
1638177660889457000,61.3,1,61.2,2,61.3,7,1,2021-11-29 09:21:00
1638177663457484000,61.2,1,61.2,2,61.3,12,2,2021-11-29 09:21:03
1638177664984844000,61.2,1,61.2,2,61.3,13,2,2021-11-29 09:21:04
1638177665933859000,61.2,1,61.2,1,61.3,16,2,2021-11-29 09:21:05
1638177666919030000,61.2,1,61.1,38,61.3,17,2,2021-11-29 09:21:06
1638177666919030000,61.1,9,61.1,38,61.3,17,2,2021-11-29 09:21:06
1638177667132903000,61.1,1,61.1,37,61.2,2,2,2021-11-29 09:21:07
1638177668138241000,61.2,1,61.1,37,61.2,1,1,2021-11-29 09:21:08
1638177670244420000,61.1,2,61.1,35,61.2,2,2,2021-11-29 09:21:10
1638177670944010000,61.1,10,61.1,25,61.2,2,2,2021-11-29 09:21:10
1638177671981410000,61.1,1,61.1,24,61.2,3,2,2021-11-29 09:21:11
1638177672956078000,61.1,1,61.1,24,61.2,8,2,2021-11-29 09:21:12
1638177674037156000,61.1,1,61.1,23,61.2,10,2,2021-11-29 09:21:14
1638177674854337000,61.1,5,61.1,19,61.2,11,2,2021-11-29 09:21:14
1638177675110922000,61.1,1,61.1,18,61.2,11,2,2021-11-29 09:21:15
1638177675337465000,61.1,1,61.1,17,61.2,11,2,2021-11-29 09:21:15
1638177675349778000,61.1,1,61.1,16,61.2,11,2,2021-11-29 09:21:15
1638177675906039000,61.1,6,61.1,10,61.2,11,2,2021-11-29 09:21:15
1638177676573194000,61.1,1,61.1,9,61.2,13,2,2021-11-29 09:21:16
1638177677079657000,61.1,1,61.1,8,61.2,14,2,2021-11-29 09:21:17
1638177677229948000,61.1,1,61.1,7,61.2,14,2,2021-11-29 09:21:17
1638177677618075000,61.1,1,61.1,6,61.2,19,2,2021-11-29 09:21:17
1638177679398045000,61.1,1,61.1,7,61.2,23,2,2021-11-29 09:21:19
1638177679567831000,61.1,1,61.1,6,61.2,23,2,2021-11-29 09:21:19
1638177680238110000,61.1,1,61.1,5,61.2,23,2,2021-11-29 09:21:20
1638177681279704000,61.1,1,61.1,6,61.2,24,2,2021-11-29 09:21:21
1638177681432746000,61.1,2,61.1,4,61.2,24,2,2021-11-29 09:21:21
1638177681649116000,61.1,2,61.1,2,61.2,24,2,2021-11-29 09:21:21
1638177681745861000,61.1,2,61.0,111,61.2,25,2,2021-11-29 09:21:21
1638177681816066000,61.0,2,61.0,109,61.2,26,2,2021-11-29 09:21:21
1638177681867771000,61.0,30,61.0,79,61.2,26,2,2021-11-29 09:21:21
1638177681869053000,61.0,1,61.0,78,61.2,26,2,2021-11-29 09:21:21
1638177682332297000,61.0,1,61.0,78,61.2,26,2,2021-11-29 09:21:22
1638177682632715000,61.0,1,61.0,77,61.1,1,2,2021-11-29 09:21:22
1638177682880444000,61.0,1,61.0,76,61.1,1,2,2021-11-29 09:21:22
1638177683444393000,61.0,3,61.0,73,61.1,6,2,2021-11-29 09:21:23
1638177684566347000,61.0,1,61.0,61,61.1,13,2,2021-11-29 09:21:24
1638177684671366000,61.0,1,61.0,60,61.1,15,2,2021-11-29 09:21:24
1638177685352266000,61.0,1,61.0,59,61.1,16,2,2021-11-29 09:21:25
1638177686356211000,61.0,20,61.0,39,61.1,16,2,2021-11-29 09:21:26
1638177686663124000,61.0,1,61.0,38,61.1,16,2,2021-11-29 09:21:26
1638177686882674000,61.0,1,61.0,37,61.1,15,2,2021-11-29 09:21:26
1638177687040094000,61.0,13,61.0,24,61.1,15,2,2021-11-29 09:21:27
1638177687111314000,61.0,4,61.0,20,61.1,15,2,2021-11-29 09:21:27
1638177688437808000,61.0,21,60.9,29,61.0,29,2,2021-11-29 09:21:28
1638177689521917000,60.9,4,60.9,25,61.0,41,2,2021-11-29 09:21:29
1638177689700735000,60.9,3,60.9,22,61.0,41,2,2021-11-29 09:21:29
1638177690058036000,60.9,3,60.9,19,61.0,42,2,2021-11-29 09:21:30
1638177690832471000,60.9,1,60.9,17,61.0,43,2,2021-11-29 09:21:30
1638177691142263000,60.9,1,60.9,16,61.0,43,2,2021-11-29 09:21:31
1638177691795469000,60.9,5,60.9,11,61.0,50,2,2021-11-29 09:21:31
1638177692523175000,60.9,1,60.9,10,61.0,57,2,2021-11-29 09:21:32
1638177693411461000,60.9,1,60.9,9,61.0,57,2,2021-11-29 09:21:33
1638177693464019000,60.9,1,60.9,8,61.0,57,2,2021-11-29 09:21:33
1638177693571392000,60.9,1,60.9,7,61.0,57,2,2021-11-29 09:21:33
1638177693584478000,60.9,1,60.9,6,61.0,57,2,2021-11-29 09:21:33
1638177693600115000,60.9,1,60.9,5,61.0,57,2,2021-11-29 09:21:33
1638177693970301000,60.9,1,60.9,4,61.0,58,2,2021-11-29 09:21:33
1638177694661035000,60.9,2,60.9,3,61.0,59,2,2021-11-29 09:21:34
1638177694664756000,60.9,2,60.9,1,61.0,59,2,2021-11-29 09:21:34
1638177695176109000,60.9,1,60.8,36,61.0,48,2,2021-11-29 09:21:35
1638177695176109000,60.8,2,60.8,36,61.0,48,2,2021-11-29 09:21:35
1638177695207953000,60.8,1,60.8,35,61.0,48,2,2021-11-29 09:21:35
1638177695215759000,60.8,2,60.8,33,61.0,48,2,2021-11-29 09:21:35
1638177695219479000,60.8,1,60.8,32,61.0,48,2,2021-11-29 09:21:35
1638177695261735000,60.8,1,60.8,31,61.0,48,2,2021-11-29 09:21:35
1638177695263670000,60.8,5,60.8,26,61.0,48,2,2021-11-29 09:21:35
1638177695271739000,60.8,5,60.8,21,61.0,48,2,2021-11-29 09:21:35
1638177695297255000,60.8,1,60.8,20,61.0,48,2,2021-11-29 09:21:35
1638177695421823000,60.8,1,60.8,19,61.0,48,2,2021-11-29 09:21:35
1638177695576002000,60.8,2,60.8,17,61.0,48,2,2021-11-29 09:21:35
1638177696581235000,60.8,2,60.8,14,60.9,1,2,2021-11-29 09:21:36
1638177696646720000,60.9,1,60.9,3,61.0,48,1,2021-11-29 09:21:36
1638177697399844000,60.9,1,60.9,2,61.0,48,2,2021-11-29 09:21:37
1638177697508423000,60.9,2,60.8,15,61.0,48,2,2021-11-29 09:21:37
1638177697642559000,60.8,3,60.8,12,60.9,5,2,2021-11-29 09:21:37
1638177698900050000,60.9,1,60.8,12,60.9,8,1,2021-11-29 09:21:38
1638177699609859000,60.8,1,60.8,11,60.9,8,2,2021-11-29 09:21:39
1638177700390816000,60.8,1,60.8,10,60.9,11,2,2021-11-29 09:21:40
1638177700509830000,60.8,1,60.8,9,60.9,11,2,2021-11-29 09:21:40
1638177701429976000,60.8,1,60.8,8,60.9,18,2,2021-11-29 09:21:41
1638177701791346000,60.8,1,60.8,8,60.9,18,2,2021-11-29 09:21:41
1638177702004072000,60.8,2,60.8,6,60.9,18,2,2021-11-29 09:21:42
1638177702387490000,60.8,1,60.8,5,60.9,18,2,2021-11-29 09:21:42
1638177702666166000,60.8,1,60.8,4,60.9,18,2,2021-11-29 09:21:42
1638177702939111000,60.8,3,60.8,1,60.9,18,2,2021-11-29 09:21:42
1638177703435670000,60.9,1,60.8,1,60.9,19,1,2021-11-29 09:21:43
1638177703695829000,60.8,1,60.7,8,60.8,1,2,2021-11-29 09:21:43
1638177704165317000,60.8,1,60.7,6,60.8,1,1,2021-11-29 09:21:44
1638177705375820000,60.8,1,60.7,6,60.8,6,1,2021-11-29 09:21:45
1638177705662103000,60.8,3,60.7,6,60.8,3,1,2021-11-29 09:21:45
1638177705763014000,60.7,2,60.7,4,60.8,3,2,2021-11-29 09:21:45
1638177705831609000,60.7,3,60.7,1,60.8,3,2,2021-11-29 09:21:45
1638177706390028000,60.7,1,60.6,5,60.8,3,2,2021-11-29 09:21:46
1638177707001901000,60.6,5,60.5,17,60.8,3,2,2021-11-29 09:21:47
1638177707001901000,60.5,11,60.5,17,60.8,3,2,2021-11-29 09:21:47
1638177707325331000,60.5,4,60.5,13,60.7,1,2,2021-11-29 09:21:47
1638177707377257000,60.5,2,60.5,11,60.7,1,2,2021-11-29 09:21:47
1638177707389793000,60.5,4,60.5,7,60.7,1,2,2021-11-29 09:21:47
1638177707764505000,60.7,1,60.5,7,60.8,5,1,2021-11-29 09:21:47
1638177707764505000,60.8,1,60.5,7,60.8,5,1,2021-11-29 09:21:47
1638177707815510000,60.5,5,60.5,2,60.8,5,2,2021-11-29 09:21:47
1638177708323892000,60.8,1,60.5,2,60.8,5,1,2021-11-29 09:21:48
1638177708892902000,60.7,1,60.6,1,60.8,34,2,2021-11-29 09:21:48
1638177709115547000,60.6,1,60.5,4,60.8,34,2,2021-11-29 09:21:49
1638177710817020000,60.6,1,60.5,6,60.8,35,2,2021-11-29 09:21:50
1638177711406113000,60.6,1,60.5,4,60.8,35,2,2021-11-29 09:21:51
1638177711406113000,60.5,2,60.5,4,60.8,35,2,2021-11-29 09:21:51
1638177711633471000,60.5,1,60.5,3,60.8,35,2,2021-11-29 09:21:51
1638177711921798000,60.5,2,60.5,1,60.8,35,2,2021-11-29 09:21:51
1638177712271914000,60.6,1,60.4,22,60.8,5,1,2021-11-29 09:21:52
1638177712271914000,60.5,1,60.4,22,60.8,5,2,2021-11-29 09:21:52
1638177713014609000,60.5,1,60.4,22,60.7,1,2,2021-11-29 09:21:53
1638177713067111000,60.4,1,60.4,21,60.7,1,2,2021-11-29 09:21:53
1638177713672278000,60.6,1,60.4,21,60.7,1,1,2021-11-29 09:21:53
1638177713997704000,60.6,1,60.4,21,60.7,1,1,2021-11-29 09:21:53
1638177714029377000,60.7,1,60.4,21,60.8,5,1,2021-11-29 09:21:54
1638177714420640000,60.5,2,60.4,21,60.7,1,2,2021-11-29 09:21:54
1638177714442966000,60.7,1,60.4,21,60.8,5,1,2021-11-29 09:21:54
1638177716444738000,60.4,2,60.4,21,60.6,3,2,2021-11-29 09:21:56
1638177716479663000,60.6,3,60.4,20,60.7,5,1,2021-11-29 09:21:56
1638177716939875000,60.5,1,60.4,13,60.7,6,2,2021-11-29 09:21:56
1638177716939875000,60.4,7,60.4,13,60.7,6,2,2021-11-29 09:21:56
1638177716989435000,60.5,1,60.4,14,60.7,6,1,2021-11-29 09:21:56
1638177718367973000,60.5,2,60.4,12,60.7,7,2,2021-11-29 09:21:58
1638177718367973000,60.4,1,60.4,12,60.7,7,2,2021-11-29 09:21:58
1638177719214548000,60.5,1,60.5,1,60.7,7,1,2021-11-29 09:21:59
1638177721110460000,60.5,1,60.4,12,60.7,10,2,2021-11-29 09:22:01
1638177721503927000,60.5,1,60.3,22,60.4,16,2,2021-11-29 09:22:01
1638177721503927000,60.4,12,60.3,22,60.4,16,2,2021-11-29 09:22:01
1638177721528712000,60.4,16,60.3,22,60.7,10,1,2021-11-29 09:22:01
1638177721888575000,60.5,1,60.3,23,60.7,10,1,2021-11-29 09:22:01
1638177721923774000,60.6,1,60.4,2,60.7,10,1,2021-11-29 09:22:01
1638177723234830000,60.5,1,60.4,2,60.7,11,2,2021-11-29 09:22:03
1638177723418233000,60.4,3,60.3,16,60.7,11,2,2021-11-29 09:22:03
1638177723418233000,60.3,7,60.3,16,60.7,11,2,2021-11-29 09:22:03
1638177723485065000,60.4,1,60.4,1,60.7,11,1,2021-11-29 09:22:03
1638177723589627000,60.4,1,60.3,16,60.4,2,2,2021-11-29 09:22:03
1638177723621794000,60.4,2,60.3,15,60.7,11,1,2021-11-29 09:22:03
1638177724738919000,60.5,1,60.5,2,60.6,5,1,2021-11-29 09:22:04
1638177725341724000,60.5,1,60.4,3,60.6,5,2,2021-11-29 09:22:05
1638177725398340000,60.4,1,60.4,2,60.6,5,2,2021-11-29 09:22:05
1638177725635029000,60.4,1,60.4,1,60.6,5,2,2021-11-29 09:22:05
1638177726084406000,60.5,1,60.4,3,60.6,5,1,2021-11-29 09:22:06
1638177727059373000,60.6,10,60.4,5,60.6,4,1,2021-11-29 09:22:07
1638177727099832000,60.6,4,60.4,5,60.7,11,1,2021-11-29 09:22:07
1638177727613570000,60.5,5,60.4,5,60.7,6,2,2021-11-29 09:22:07
1638177728082252000,60.7,6,60.4,13,60.8,11,1,2021-11-29 09:22:08
1638177728435680000,60.5,1,60.5,2,60.7,1,2,2021-11-29 09:22:08
1638177729546927000,60.6,2,60.5,4,60.7,1,1,2021-11-29 09:22:09
1638177729549013000,60.5,1,60.5,3,60.7,1,2,2021-11-29 09:22:09
1638177729609101000,60.5,1,60.5,2,60.7,1,2,2021-11-29 09:22:09
1638177729775668000,60.4,1,60.4,13,60.7,1,2,2021-11-29 09:22:09
1638177730762562000,60.5,5,60.4,13,60.5,3,1,2021-11-29 09:22:10
1638177730802804000,60.5,3,60.4,13,60.7,5,1,2021-11-29 09:22:10
1638177730998483000,60.4,4,60.4,10,60.7,5,2,2021-11-29 09:22:10
1638177731384748000,60.4,1,60.4,9,60.7,5,2,2021-11-29 09:22:11
1638177731832410000,60.5,10,60.4,7,60.7,5,1,2021-11-29 09:22:11
1638177731948919000,60.6,1,60.4,7,60.6,1,1,2021-11-29 09:22:11
1638177731979224000,60.5,1,60.4,7,60.6,1,2,2021-11-29 09:22:11
1638177732811594000,60.4,1,60.4,7,60.5,1,2,2021-11-29 09:22:12
1638177733097735000,60.4,7,60.3,19,60.4,9,2,2021-11-29 09:22:13
1638177733128295000,60.4,8,60.3,19,60.5,1,1,2021-11-29 09:22:13
1638177733128489000,60.4,1,60.3,19,60.5,1,1,2021-11-29 09:22:13
1638177733440633000,60.3,5,60.3,14,60.5,1,2,2021-11-29 09:22:13
1638177735141287000,60.5,1,60.4,2,60.5,1,1,2021-11-29 09:22:15
1638177735237904000,60.5,1,60.4,2,60.6,9,1,2021-11-29 09:22:15
1638177735299791000,60.4,1,60.4,1,60.6,9,2,2021-11-29 09:22:15
1638177736276397000,60.4,1,60.4,5,60.5,2,2,2021-11-29 09:22:16
1638177736606480000,60.5,1,60.4,5,60.5,2,1,2021-11-29 09:22:16
1638177737321859000,60.4,3,60.4,2,60.5,2,2,2021-11-29 09:22:17
1638177737452462000,60.4,1,60.4,1,60.5,2,2,2021-11-29 09:22:17
1638177737566844000,60.4,1,60.4,1,60.5,2,2,2021-11-29 09:22:17
1638177738074330000,60.4,3,60.3,14,60.4,4,2,2021-11-29 09:22:18
1638177738106812000,60.4,4,60.3,15,60.5,2,1,2021-11-29 09:22:18
1638177738558279000,60.3,1,60.3,15,60.4,1,2,2021-11-29 09:22:18
1638177739048384000,60.4,2,60.3,15,60.5,2,1,2021-11-29 09:22:19
1638177739171218000,60.5,2,60.3,16,60.6,10,1,2021-11-29 09:22:19
1638177739283427000,60.4,2,60.3,16,60.6,10,2,2021-11-29 09:22:19
1638177739909139000,60.4,1,60.3,16,60.6,10,2,2021-11-29 09:22:19
1638177744122458000,60.4,8,60.4,4,60.6,12,2,2021-11-29 09:22:24
1638177744152536000,60.4,1,60.4,3,60.6,12,2,2021-11-29 09:22:24
1638177744264634000,60.4,1,60.4,2,60.6,12,2,2021-11-29 09:22:24
1638177744394154000,60.4,1,60.4,1,60.6,12,2,2021-11-29 09:22:24
1638177744948736000,60.4,3,60.3,23,60.6,12,1,2021-11-29 09:22:24
1638177745012924000,60.3,1,60.3,22,60.6,12,2,2021-11-29 09:22:25
1638177745879444000,60.4,1,60.3,22,60.5,6,1,2021-11-29 09:22:25
1638177746745607000,60.5,5,60.3,23,60.5,1,1,2021-11-29 09:22:26
1638177746776988000,60.5,1,60.3,23,60.6,12,1,2021-11-29 09:22:26
1638177747476853000,60.4,1,60.3,23,60.5,2,2,2021-11-29 09:22:27
1638177749932400000,60.4,2,60.4,3,60.5,16,2,2021-11-29 09:22:29
1638177751509098000,60.5,1,60.4,4,60.5,19,1,2021-11-29 09:22:31
1638177752229887000,60.4,3,60.4,3,60.5,19,2,2021-11-29 09:22:32
1638177752289297000,60.4,1,60.4,2,60.5,19,2,2021-11-29 09:22:32
1638177752412073000,60.4,2,60.4,3,60.5,19,2,2021-11-29 09:22:32
1638177752467779000,60.4,1,60.4,2,60.5,19,2,2021-11-29 09:22:32
1638177753488075000,60.4,1,60.4,4,60.5,19,2,2021-11-29 09:22:33
1638177753706847000,60.4,3,60.4,2,60.5,19,2,2021-11-29 09:22:33
1638177757131628000,60.4,1,60.4,2,60.5,20,2,2021-11-29 09:22:37
1638177757540800000,60.4,1,60.4,1,60.5,20,2,2021-11-29 09:22:37
1638177757841853000,60.4,1,60.4,1,60.5,20,2,2021-11-29 09:22:37
1638177759340346000,60.4,1,60.3,24,60.5,20,2,2021-11-29 09:22:39
1638177759504847000,60.3,1,60.3,23,60.5,20,2,2021-11-29 09:22:39
1638177761934997000,60.4,1,60.3,23,60.4,6,1,2021-11-29 09:22:41
1638177762772982000,60.3,1,60.3,22,60.4,6,2,2021-11-29 09:22:42
1638177762838184000,60.3,1,60.3,21,60.4,6,2,2021-11-29 09:22:42
1638177763583670000,60.3,2,60.3,19,60.4,6,2,2021-11-29 09:22:43
1638177763785840000,60.4,1,60.3,18,60.4,5,1,2021-11-29 09:22:43
1638177764440302000,60.3,1,60.3,17,60.4,5,2,2021-11-29 09:22:44
1638177766514944000,60.3,2,60.3,16,60.4,6,2,2021-11-29 09:22:46
1638177766962968000,60.3,1,60.3,15,60.4,6,2,2021-11-29 09:22:46
1638177768025918000,60.3,2,60.3,13,60.4,6,2,2021-11-29 09:22:48
1638177768105135000,60.3,1,60.3,11,60.4,6,2,2021-11-29 09:22:48
1638177768459054000,60.4,2,60.3,13,60.4,4,1,2021-11-29 09:22:48
1638177769542448000,60.3,1,60.3,12,60.4,4,2,2021-11-29 09:22:49
1638177770715424000,60.3,2,60.3,15,60.4,4,2,2021-11-29 09:22:50
1638177774200481000,60.3,1,60.3,14,60.4,5,2,2021-11-29 09:22:54
1638177774279900000,60.3,1,60.3,13,60.4,5,2,2021-11-29 09:22:54
1638177774631425000,60.3,1,60.3,12,60.4,5,2,2021-11-29 09:22:54
1638177775122500000,60.3,10,60.3,2,60.4,5,2,2021-11-29 09:22:55
1638177775234265000,60.3,1,60.3,1,60.4,5,2,2021-11-29 09:22:55
1638177775527423000,60.3,1,60.2,21,60.3,9,2,2021-11-29 09:22:55
1638177776238015000,60.3,1,60.2,21,60.3,11,1,2021-11-29 09:22:56
1638177776339110000,60.3,1,60.2,21,60.3,10,1,2021-11-29 09:22:56
1638177776592051000,60.2,10,60.2,11,60.3,11,2,2021-11-29 09:22:56
1638177776777730000,60.3,5,60.2,11,60.3,6,1,2021-11-29 09:22:56
1638177777100728000,60.2,10,60.2,2,60.3,7,2,2021-11-29 09:22:57
1638177778144569000,60.2,2,60.1,27,60.3,8,2,2021-11-29 09:22:58
1638177778144569000,60.1,3,60.1,27,60.3,8,2,2021-11-29 09:22:58
1638177778613914000,60.1,2,60.1,25,60.3,8,2,2021-11-29 09:22:58
1638177778846006000,60.1,4,60.1,21,60.3,8,2,2021-11-29 09:22:58
1638177779492877000,60.3,1,60.1,21,60.3,8,1,2021-11-29 09:22:59
1638177780869876000,60.1,2,60.1,19,60.3,9,2,2021-11-29 09:23:00
1638177781806792000,60.1,1,60.1,18,60.3,11,2,2021-11-29 09:23:01
1638177782205458000,60.1,1,60.1,18,60.2,2,2,2021-11-29 09:23:02
1638177782513728000,60.1,1,60.1,17,60.2,2,2,2021-11-29 09:23:02
1638177782556088000,60.1,3,60.1,14,60.2,2,2,2021-11-29 09:23:02
1638177782848202000,60.2,1,60.1,14,60.2,1,1,2021-11-29 09:23:02
1638177783227951000,60.1,1,60.1,13,60.2,1,2,2021-11-29 09:23:03
1638177783231893000,60.1,1,60.1,12,60.2,1,2,2021-11-29 09:23:03
1638177783451563000,60.1,1,60.1,11,60.2,1,2,2021-11-29 09:23:03
1638177783460950000,60.1,1,60.1,10,60.2,1,2,2021-11-29 09:23:03
1638177783516094000,60.1,10,60.0,97,60.2,1,2,2021-11-29 09:23:03
1638177783540526000,60.2,1,60.0,97,60.3,11,1,2021-11-29 09:23:03
1638177783997125000,60.2,1,60.0,97,60.3,11,2,2021-11-29 09:23:03
1638177785095175000,60.2,3,60.0,97,60.3,13,2,2021-11-29 09:23:05
1638177786279914000,60.0,3,60.0,94,60.1,15,2,2021-11-29 09:23:06
1638177786538834000,60.0,16,60.0,79,60.1,15,2,2021-11-29 09:23:06
1638177786682602000,60.0,1,60.0,78,60.1,15,2,2021-11-29 09:23:06
1638177787284318000,60.0,5,60.0,73,60.1,15,2,2021-11-29 09:23:07
1638177787458629000,60.1,1,60.0,73,60.1,14,1,2021-11-29 09:23:07
1638177788643661000,60.0,4,60.0,66,60.1,14,2,2021-11-29 09:23:08
1638177788670637000,60.1,2,60.0,66,60.1,12,1,2021-11-29 09:23:08
1638177788715382000,60.0,14,60.0,52,60.1,12,2,2021-11-29 09:23:08
1638177788739058000,60.0,1,60.0,51,60.1,12,2,2021-11-29 09:23:08
1638177789760063000,60.0,1,60.0,48,60.1,16,2,2021-11-29 09:23:09
1638177790092604000,60.0,2,60.0,46,60.1,16,2,2021-11-29 09:23:10
1638177790223678000,60.0,1,60.0,45,60.1,16,2,2021-11-29 09:23:10
1638177790451353000,60.1,2,60.0,46,60.1,14,1,2021-11-29 09:23:10
1638177790961445000,60.0,10,60.0,36,60.1,14,2,2021-11-29 09:23:10
1638177791396435000,60.0,7,60.0,29,60.1,14,2,2021-11-29 09:23:11
1638177791419410000,60.0,5,60.0,24,60.1,14,2,2021-11-29 09:23:11
1638177791858602000,60.0,3,60.0,22,60.1,14,2,2021-11-29 09:23:11
1638177791898050000,60.0,1,60.0,21,60.1,14,2,2021-11-29 09:23:11
1638177793202058000,60.0,2,60.0,17,60.1,15,2,2021-11-29 09:23:13
1638177793382342000,60.0,1,60.0,16,60.1,15,2,2021-11-29 09:23:13
1638177793410766000,60.0,2,60.0,14,60.1,15,2,2021-11-29 09:23:13
1638177793448439000,60.0,13,60.0,1,60.1,15,2,2021-11-29 09:23:13
1638177793506614000,60.0,1,59.9,15,60.1,15,2,2021-11-29 09:23:13
1638177793569264000,59.9,1,59.9,16,60.1,15,2,2021-11-29 09:23:13
1638177793607575000,59.9,3,59.9,13,60.1,15,2,2021-11-29 09:23:13
1638177794153673000,60.0,1,59.9,13,60.1,15,1,2021-11-29 09:23:14
1638177794754303000,60.0,4,59.9,12,60.0,2,1,2021-11-29 09:23:14
1638177797015010000,59.9,10,59.9,6,60.0,12,2,2021-11-29 09:23:17
1638177797325117000,59.9,1,59.9,4,60.0,12,2,2021-11-29 09:23:17
1638177797389268000,59.9,1,59.9,3,60.0,12,2,2021-11-29 09:23:17
1638177798744462000,59.9,1,59.9,6,60.0,16,2,2021-11-29 09:23:18
1638177798995165000,59.9,3,59.9,3,60.0,16,2,2021-11-29 09:23:18
1638177799218395000,59.9,1,59.9,2,60.0,16,2,2021-11-29 09:23:19
1638177799466447000,59.9,1,59.9,1,60.0,16,2,2021-11-29 09:23:19
1638177800122505000,59.9,1,59.8,20,60.0,17,2,2021-11-29 09:23:20
1638177800623944000,59.9,3,59.8,22,59.9,7,1,2021-11-29 09:23:20
1638177801526929000,59.9,1,59.8,22,59.9,22,1,2021-11-29 09:23:21
1638177803818504000,59.9,1,59.8,22,59.9,21,1,2021-11-29 09:23:23
1638177803896359000,59.9,1,59.8,23,59.9,20,1,2021-11-29 09:23:23
1638177804645220000,59.8,1,59.8,22,59.9,21,2,2021-11-29 09:23:24
1638177804680745000,59.8,3,59.8,19,59.9,21,2,2021-11-29 09:23:24
1638177804787108000,59.9,2,59.8,18,59.9,19,1,2021-11-29 09:23:24
1638177805223455000,59.8,1,59.8,17,59.9,19,2,2021-11-29 09:23:25
1638177806478674000,59.8,4,59.8,13,59.9,26,2,2021-11-29 09:23:26
1638177807626143000,59.8,3,59.8,9,59.9,26,2,2021-11-29 09:23:27
1638177808454802000,59.8,3,59.8,6,59.9,30,2,2021-11-29 09:23:28
1638177808730341000,59.8,1,59.8,5,59.9,30,2,2021-11-29 09:23:28
1638177809847776000,59.8,1,59.8,4,59.9,32,2,2021-11-29 09:23:29
1638177810030523000,59.8,2,59.8,2,59.9,33,2,2021-11-29 09:23:30
1638177810174713000,59.8,2,59.7,18,59.8,8,2,2021-11-29 09:23:30
1638177810244735000,59.7,1,59.7,17,59.8,8,2,2021-11-29 09:23:30
1638177810298189000,59.8,1,59.7,17,59.8,7,1,2021-11-29 09:23:30
1638177810389526000,59.8,1,59.7,17,59.8,6,1,2021-11-29 09:23:30
1638177810577318000,59.7,1,59.7,16,59.8,7,2,2021-11-29 09:23:30
1638177810951614000,59.8,5,59.7,16,59.8,5,1,2021-11-29 09:23:30
1638177811015633000,59.8,5,59.7,17,59.8,1,1,2021-11-29 09:23:31
1638177811302121000,59.8,1,59.7,17,59.9,33,1,2021-11-29 09:23:31
1638177811791686000,59.8,1,59.8,3,59.9,32,2,2021-11-29 09:23:31
1638177812080820000,59.8,3,59.7,17,59.9,32,2,2021-11-29 09:23:32
1638177813710976000,59.8,1,59.8,5,59.9,32,2,2021-11-29 09:23:33
1638177813860704000,59.9,1,59.8,6,59.9,31,1,2021-11-29 09:23:33
1638177814573974000,59.8,1,59.8,5,59.9,31,2,2021-11-29 09:23:34
1638177814802449000,59.8,1,59.8,4,59.9,31,2,2021-11-29 09:23:34
1638177815782804000,59.9,1,59.8,4,59.9,34,1,2021-11-29 09:23:35
1638177816033074000,59.8,1,59.8,3,59.9,34,2,2021-11-29 09:23:36
1638177816231962000,59.9,2,59.8,4,59.9,32,1,2021-11-29 09:23:36
1638177816635796000,59.8,2,59.8,3,59.9,32,2,2021-11-29 09:23:36
1638177816780897000,59.8,1,59.8,2,59.9,32,2,2021-11-29 09:23:36
1638177817157405000,59.8,1,59.8,2,59.9,22,2,2021-11-29 09:23:37
1638177817210441000,59.8,1,59.8,1,59.9,22,2,2021-11-29 09:23:37
1638177817250473000,59.8,1,59.7,15,59.9,19,2,2021-11-29 09:23:37
1638177817250473000,59.7,2,59.7,15,59.9,19,2,2021-11-29 09:23:37
1638177817360664000,59.8,3,59.7,15,59.8,7,1,2021-11-29 09:23:37
1638177817390212000,59.8,7,59.7,15,59.9,19,1,2021-11-29 09:23:37
1638177817871911000,59.8,1,59.8,8,59.9,20,2,2021-11-29 09:23:37
1638177818400273000,59.9,2,59.8,6,59.9,21,1,2021-11-29 09:23:38
1638177818519107000,59.8,3,59.8,3,59.9,21,2,2021-11-29 09:23:38
1638177818814923000,59.8,1,59.8,3,59.9,21,2,2021-11-29 09:23:38
1638177819459649000,59.9,22,59.8,13,60.0,20,1,2021-11-29 09:23:39
1638177820579047000,59.9,5,59.9,2,60.0,21,2,2021-11-29 09:23:40
1638177820748859000,59.9,1,59.9,1,60.0,21,2,2021-11-29 09:23:40
1638177820790529000,59.9,1,59.8,13,60.0,21,2,2021-11-29 09:23:40
1638177820790529000,59.8,1,59.8,13,60.0,21,2,2021-11-29 09:23:40
1638177821050328000,59.9,1,59.9,3,60.0,20,1,2021-11-29 09:23:41
1638177821120123000,60.0,4,59.9,3,60.0,16,1,2021-11-29 09:23:41
1638177821150070000,60.0,16,59.9,3,60.1,2,1,2021-11-29 09:23:41
1638177821629172000,59.9,1,59.9,3,60.1,2,2,2021-11-29 09:23:41
1638177822198807000,60.1,2,60.0,6,60.2,4,1,2021-11-29 09:23:42
1638177822506857000,60.0,4,60.0,8,60.2,3,2,2021-11-29 09:23:42
1638177822839316000,60.0,1,60.0,11,60.2,3,2,2021-11-29 09:23:42
1638177823586376000,60.2,3,60.1,7,60.3,8,1,2021-11-29 09:23:43
1638177823783263000,60.3,1,60.1,7,60.3,7,1,2021-11-29 09:23:43
1638177823848834000,60.1,1,60.1,9,60.3,7,2,2021-11-29 09:23:43
1638177824380911000,60.2,1,60.1,6,60.3,7,1,2021-11-29 09:23:44
1638177825414528000,60.1,2,60.1,4,60.3,10,2,2021-11-29 09:23:45
1638177826427214000,60.2,1,60.1,4,60.2,2,1,2021-11-29 09:23:46
1638177826930892000,60.2,1,60.1,4,60.2,1,1,2021-11-29 09:23:46
1638177827090283000,60.2,1,60.1,4,60.3,10,1,2021-11-29 09:23:47
1638177828342769000,60.1,1,60.1,3,60.3,10,2,2021-11-29 09:23:48
1638177828386379000,60.1,1,60.1,2,60.3,10,2,2021-11-29 09:23:48
1638177832064495000,60.1,1,60.1,7,60.3,10,2,2021-11-29 09:23:52
1638177832477608000,60.3,2,60.1,7,60.3,8,1,2021-11-29 09:23:52
1638177834703207000,60.3,4,60.1,12,60.4,2,1,2021-11-29 09:23:54
1638177835013409000,60.1,2,60.1,10,60.4,2,2,2021-11-29 09:23:55
1638177836539791000,60.1,1,60.1,9,60.4,5,2,2021-11-29 09:23:56
