ts,close,volume,bid_price,bid_volume,ask_price,ask_volume,tick_type,datetime
1656579612048489000,29.95,398,29.85,1,29.95,7,0,2022-06-30 09:00:12
1656579612058906000,29.95,1,29.85,1,29.95,6,1,2022-06-30 09:00:12
1656579612089789000,29.85,1,29.8,2,29.95,6,2,2022-06-30 09:00:12
1656579612128095000,29.8,2,29.55,1,29.95,6,2,2022-06-30 09:00:12
1656579612128095000,29.65,2,29.55,1,29.95,6,2,2022-06-30 09:00:12
1656579612224092000,29.55,1,29.55,1,29.95,6,2,2022-06-30 09:00:12
1656579612224092000,29.5,9,29.55,1,29.95,6,2,2022-06-30 09:00:12
1656579612224092000,29.45,1,29.55,1,29.95,6,2,2022-06-30 09:00:12
1656579612224092000,29.4,1,29.55,1,29.95,6,2,2022-06-30 09:00:12
1656579612990642000,29.65,1,29.4,28,29.8,66,2,2022-06-30 09:00:12
1656579614108347000,29.8,1,29.4,7,29.8,65,1,2022-06-30 09:00:14
1656579614588489000,29.8,1,29.4,7,29.8,64,1,2022-06-30 09:00:14
1656579615184689000,29.8,5,29.4,7,29.8,59,1,2022-06-30 09:00:15
1656579615996361000,29.8,10,29.4,12,29.8,49,1,2022-06-30 09:00:15
1656579616878470000,29.8,5,29.45,3,29.8,44,1,2022-06-30 09:00:16
1656579617253333000,29.8,1,29.4,12,29.8,43,1,2022-06-30 09:00:17
1656579617522965000,29.4,1,29.4,12,29.8,44,2,2022-06-30 09:00:17
1656579619576803000,29.8,1,29.4,11,29.8,42,1,2022-06-30 09:00:19
1656579620911544000,29.7,1,29.4,25,29.8,44,1,2022-06-30 09:00:20
1656579621833343000,29.8,1,29.45,2,29.8,41,1,2022-06-30 09:00:21
1656579622334591000,29.8,1,29.45,7,29.8,41,1,2022-06-30 09:00:22
1656579623551276000,29.8,5,29.5,1,29.8,35,1,2022-06-30 09:00:23
1656579623557272000,29.8,1,29.5,1,29.8,34,1,2022-06-30 09:00:23
1656579624300923000,29.8,1,29.5,12,29.8,34,1,2022-06-30 09:00:24
1656579625995694000,29.8,1,29.7,1,29.8,34,1,2022-06-30 09:00:25
1656579627627552000,29.75,1,29.7,1,29.75,1,1,2022-06-30 09:00:27
1656579627744854000,29.75,1,29.7,1,29.8,35,1,2022-06-30 09:00:27
1656579629159564000,29.7,1,29.55,5,29.8,35,2,2022-06-30 09:00:29
1656579629391780000,29.8,1,29.7,1,29.8,34,1,2022-06-30 09:00:29
1656579630957520000,29.75,1,29.75,4,29.8,34,1,2022-06-30 09:00:30
1656579630991995000,29.75,4,29.7,1,29.8,34,2,2022-06-30 09:00:30
1656579632320295000,29.75,1,29.7,2,29.75,3,1,2022-06-30 09:00:32
1656579632478171000,29.75,1,29.7,2,29.75,2,1,2022-06-30 09:00:32
1656579633057346000,29.8,20,29.75,1,29.8,15,1,2022-06-30 09:00:33
1656579633093027000,29.8,13,29.75,1,29.8,2,1,2022-06-30 09:00:33
1656579633119832000,29.8,2,29.75,1,29.85,43,1,2022-06-30 09:00:33
1656579633838139000,29.85,9,29.8,10,29.85,34,1,2022-06-30 09:00:33
1656579633868667000,29.85,34,29.8,10,29.95,6,1,2022-06-30 09:00:33
1656579635872949000,29.85,1,29.85,1,29.95,6,2,2022-06-30 09:00:35
1656579635998549000,29.85,1,29.8,10,29.95,6,2,2022-06-30 09:00:35
1656579637808605000,29.95,6,29.8,16,30.0,9,1,2022-06-30 09:00:37
1656579637808605000,30.0,14,29.8,16,30.0,9,1,2022-06-30 09:00:37
1656579637845528000,30.0,3,29.8,16,30.0,6,1,2022-06-30 09:00:37
1656579637878378000,30.0,2,29.8,16,30.0,4,1,2022-06-30 09:00:37
1656579638515703000,30.0,4,29.95,2,30.05,9,1,2022-06-30 09:00:38
1656579638515703000,30.05,1,29.95,2,30.05,9,1,2022-06-30 09:00:38
1656579638702090000,30.05,1,29.95,2,30.05,9,1,2022-06-30 09:00:38
1656579640760767000,30.05,1,29.95,3,30.05,7,1,2022-06-30 09:00:40
1656579640796449000,30.05,4,29.95,3,30.05,3,1,2022-06-30 09:00:40
1656579640826370000,30.05,3,29.95,3,30.1,38,1,2022-06-30 09:00:40
1656579640906014000,30.1,6,29.95,3,30.1,32,1,2022-06-30 09:00:40
1656579641250175000,30.1,2,29.95,3,30.1,30,1,2022-06-30 09:00:41
1656579641397936000,30.1,5,29.95,4,30.1,25,1,2022-06-30 09:00:41
1656579641736630000,30.1,1,30.05,1,30.1,24,1,2022-06-30 09:00:41
1656579641746082000,30.1,10,30.05,1,30.1,14,1,2022-06-30 09:00:41
1656579642176123000,30.05,1,30.05,2,30.1,14,2,2022-06-30 09:00:42
1656579643366698000,30.1,1,30.05,17,30.1,13,1,2022-06-30 09:00:43
1656579643407593000,30.1,4,30.05,17,30.1,9,1,2022-06-30 09:00:43
1656579644126968000,30.1,1,30.05,17,30.1,8,1,2022-06-30 09:00:44
1656579644164732000,30.1,8,30.05,17,30.15,3,1,2022-06-30 09:00:44
1656579644909341000,30.1,1,30.05,19,30.15,3,1,2022-06-30 09:00:44
1656579645122975000,30.15,3,30.05,19,30.2,23,1,2022-06-30 09:00:45
1656579645122975000,30.2,7,30.05,19,30.2,23,1,2022-06-30 09:00:45
1656579647048651000,30.1,4,30.05,17,30.1,11,2,2022-06-30 09:00:47
1656579647368481000,30.1,3,30.05,17,30.1,8,1,2022-06-30 09:00:47
1656579647654934000,30.1,8,30.15,12,30.2,23,1,2022-06-30 09:00:47
1656579648206886000,30.2,1,30.15,12,30.2,23,1,2022-06-30 09:00:48
1656579648345301000,30.2,1,30.15,12,30.2,21,1,2022-06-30 09:00:48
1656579648431995000,30.15,3,30.15,9,30.2,21,2,2022-06-30 09:00:48
1656579648447351000,30.2,1,30.15,9,30.2,20,1,2022-06-30 09:00:48
1656579648776992000,30.2,5,30.15,9,30.2,15,1,2022-06-30 09:00:48
1656579649003580000,30.2,1,30.15,9,30.2,14,1,2022-06-30 09:00:49
1656579649013095000,30.2,1,30.15,9,30.2,13,1,2022-06-30 09:00:49
1656579649180545000,30.2,1,30.15,9,30.2,12,1,2022-06-30 09:00:49
1656579649336442000,30.2,1,30.15,17,30.2,11,1,2022-06-30 09:00:49
1656579649366674000,30.2,3,30.15,17,30.2,8,1,2022-06-30 09:00:49
1656579649402238000,30.2,7,30.15,17,30.2,1,1,2022-06-30 09:00:49
1656579649433741000,30.2,1,30.15,17,30.25,5,1,2022-06-30 09:00:49
1656579649453117000,30.25,3,30.15,17,30.25,2,1,2022-06-30 09:00:49
1656579649460784000,30.15,1,30.15,16,30.25,2,2,2022-06-30 09:00:49
1656579649640837000,30.15,3,30.15,13,30.25,2,2,2022-06-30 09:00:49
1656579650076267000,30.25,1,30.2,10,30.25,1,1,2022-06-30 09:00:50
1656579650160260000,30.2,1,30.2,10,30.25,2,2,2022-06-30 09:00:50
1656579651074593000,30.25,1,30.25,2,30.3,13,1,2022-06-30 09:00:51
1656579651547236000,30.25,1,30.25,1,30.3,13,2,2022-06-30 09:00:51
1656579651550672000,30.25,1,30.2,15,30.3,13,2,2022-06-30 09:00:51
1656579652203880000,30.2,1,30.2,17,30.3,13,2,2022-06-30 09:00:52
1656579652320969000,30.25,5,30.2,16,30.3,13,2,2022-06-30 09:00:52
1656579652324389000,30.3,1,30.2,16,30.3,12,1,2022-06-30 09:00:52
1656579653264505000,30.3,2,30.2,22,30.3,10,1,2022-06-30 09:00:53
1656579653337992000,30.2,2,30.2,21,30.3,10,2,2022-06-30 09:00:53
1656579653772327000,30.25,2,30.25,3,30.3,10,2,2022-06-30 09:00:53
1656579653825739000,30.25,2,30.25,1,30.3,10,2,2022-06-30 09:00:53
1656579653838110000,30.25,1,30.2,6,30.3,10,2,2022-06-30 09:00:53
1656579653838110000,30.2,17,30.2,6,30.3,10,2,2022-06-30 09:00:53
1656579653873354000,30.2,6,30.2,30,30.3,10,2,2022-06-30 09:00:53
1656579654676461000,30.3,5,30.2,34,30.3,10,1,2022-06-30 09:00:54
1656579655053147000,30.3,3,30.2,35,30.3,2,1,2022-06-30 09:00:55
1656579655311969000,30.25,3,30.2,35,30.4,18,1,2022-06-30 09:00:55
1656579655311969000,30.3,2,30.2,35,30.4,18,1,2022-06-30 09:00:55
1656579655311969000,30.35,3,30.2,35,30.4,18,1,2022-06-30 09:00:55
1656579655311969000,30.4,2,30.2,35,30.4,18,1,2022-06-30 09:00:55
1656579655365332000,30.4,2,30.2,45,30.4,16,1,2022-06-30 09:00:55
1656579656054046000,30.3,1,30.25,5,30.4,16,1,2022-06-30 09:00:56
1656579656059058000,30.4,10,30.25,5,30.4,6,1,2022-06-30 09:00:56
1656579656792644000,30.4,5,30.3,6,30.4,1,1,2022-06-30 09:00:56
1656579656829220000,30.4,1,30.3,6,30.45,4,1,2022-06-30 09:00:56
1656579658457235000,30.45,4,30.45,26,30.5,41,1,2022-06-30 09:00:58
1656579658480845000,30.45,1,30.45,25,30.5,41,2,2022-06-30 09:00:58
1656579658515136000,30.45,4,30.45,21,30.5,41,2,2022-06-30 09:00:58
1656579658515329000,30.45,6,30.45,15,30.5,41,2,2022-06-30 09:00:58
1656579658550131000,30.45,9,30.45,6,30.5,41,2,2022-06-30 09:00:58
1656579658710342000,30.45,3,30.45,25,30.5,41,2,2022-06-30 09:00:58
1656579658738741000,30.45,3,30.3,7,30.5,41,2,2022-06-30 09:00:58
1656579659536065000,30.5,7,30.35,15,30.5,34,1,2022-06-30 09:00:59
1656579660058365000,30.5,2,30.35,15,30.5,32,1,2022-06-30 09:01:00
1656579660191389000,30.4,2,30.35,15,30.4,10,1,2022-06-30 09:01:00
1656579660318721000,30.4,2,30.3,27,30.4,6,1,2022-06-30 09:01:00
1656579660357154000,30.4,1,30.3,27,30.4,5,1,2022-06-30 09:01:00
1656579660549003000,30.3,1,30.3,26,30.4,5,2,2022-06-30 09:01:00
1656579660550783000,30.4,1,30.3,26,30.4,4,1,2022-06-30 09:01:00
1656579660665772000,30.4,1,30.3,27,30.4,6,1,2022-06-30 09:01:00
1656579661129584000,30.4,2,30.3,27,30.4,3,1,2022-06-30 09:01:01
1656579661406223000,30.4,1,30.3,27,30.5,33,1,2022-06-30 09:01:01
1656579661549821000,30.45,1,30.3,28,30.45,2,1,2022-06-30 09:01:01
1656579662002211000,30.35,1,30.3,28,30.35,1,2,2022-06-30 09:01:02
1656579662343152000,30.35,1,30.4,1,30.45,2,1,2022-06-30 09:01:02
1656579662343152000,30.4,1,30.4,1,30.45,2,1,2022-06-30 09:01:02
1656579662797484000,30.45,1,30.4,2,30.45,2,1,2022-06-30 09:01:02
1656579662835332000,30.4,2,30.3,28,30.4,48,2,2022-06-30 09:01:02
1656579663354687000,30.35,1,30.35,1,30.4,48,2,2022-06-30 09:01:03
1656579663876568000,30.4,1,30.3,27,30.4,50,1,2022-06-30 09:01:03
1656579663911869000,30.3,27,30.25,5,30.4,50,2,2022-06-30 09:01:03
1656579663941786000,30.25,3,30.25,2,30.35,10,2,2022-06-30 09:01:03
1656579663964548000,30.25,2,30.2,18,30.35,10,2,2022-06-30 09:01:03
1656579664076422000,30.2,18,30.15,10,30.35,12,2,2022-06-30 09:01:04
1656579664177779000,30.35,6,30.15,10,30.35,6,1,2022-06-30 09:01:04
1656579664188503000,30.35,6,30.15,10,30.4,50,1,2022-06-30 09:01:04
1656579664474837000,30.4,5,30.2,3,30.4,45,1,2022-06-30 09:01:04
1656579664643731000,30.3,1,30.2,3,30.4,45,2,2022-06-30 09:01:04
1656579665255361000,30.3,1,30.2,3,30.3,1,1,2022-06-30 09:01:05
1656579665374586000,30.25,1,30.25,1,30.3,1,2,2022-06-30 09:01:05
1656579665408863000,30.25,1,30.15,5,30.3,1,2,2022-06-30 09:01:05
1656579665935665000,30.3,1,30.15,5,30.35,15,1,2022-06-30 09:01:05
1656579666031100000,30.3,1,30.15,5,30.35,15,2,2022-06-30 09:01:06
1656579666147777000,30.35,1,30.15,5,30.35,14,1,2022-06-30 09:01:06
1656579666199553000,30.35,2,30.15,5,30.35,14,1,2022-06-30 09:01:06
1656579667054961000,30.35,5,30.15,3,30.35,7,1,2022-06-30 09:01:07
1656579667513440000,30.35,1,30.2,5,30.35,6,1,2022-06-30 09:01:07
1656579667688635000,30.2,5,30.1,7,30.35,6,2,2022-06-30 09:01:07
1656579667688635000,30.15,3,30.1,7,30.35,6,2,2022-06-30 09:01:07
1656579667688635000,30.1,9,30.1,7,30.35,6,2,2022-06-30 09:01:07
1656579668245198000,30.3,1,30.1,7,30.35,6,1,2022-06-30 09:01:08
1656579668574599000,30.35,1,30.15,1,30.35,6,1,2022-06-30 09:01:08
1656579668954331000,30.3,2,30.15,4,30.35,4,1,2022-06-30 09:01:08
1656579668954331000,30.35,1,30.15,4,30.35,4,1,2022-06-30 09:01:08
1656579669464092000,30.2,1,30.2,1,30.35,4,2,2022-06-30 09:01:09
1656579669475445000,30.35,4,30.2,1,30.4,47,1,2022-06-30 09:01:09
1656579669498549000,30.4,10,30.2,1,30.4,37,1,2022-06-30 09:01:09
1656579669501733000,30.2,1,30.15,4,30.4,37,2,2022-06-30 09:01:09
1656579669526619000,30.15,2,30.15,2,30.4,37,2,2022-06-30 09:01:09
1656579669807600000,30.4,1,30.15,2,30.4,36,1,2022-06-30 09:01:09
1656579669986587000,30.4,1,30.2,3,30.4,35,1,2022-06-30 09:01:09
1656579670379801000,30.2,1,30.2,2,30.35,2,2,2022-06-30 09:01:10
1656579671092334000,30.3,1,30.2,3,30.35,2,2,2022-06-30 09:01:11
1656579671540440000,30.25,1,30.25,1,30.3,1,2,2022-06-30 09:01:11
1656579672006456000,30.3,1,30.2,1,30.35,1,1,2022-06-30 09:01:12
1656579672006456000,30.35,1,30.2,1,30.35,1,1,2022-06-30 09:01:12
1656579672871445000,30.2,1,30.15,3,30.2,1,2,2022-06-30 09:01:12
1656579673568563000,30.2,1,30.15,4,30.3,8,1,2022-06-30 09:01:13
1656579673623707000,30.15,1,30.15,3,30.3,8,2,2022-06-30 09:01:13
1656579673652497000,30.15,3,30.1,11,30.3,8,2,2022-06-30 09:01:13
1656579673659518000,30.1,1,30.1,10,30.3,8,2,2022-06-30 09:01:13
1656579674287228000,30.1,2,30.1,8,30.3,8,2,2022-06-30 09:01:14
1656579675588484000,30.25,1,30.15,11,30.25,2,1,2022-06-30 09:01:15
1656579675724890000,30.2,1,30.2,1,30.25,2,2,2022-06-30 09:01:15
1656579676240013000,30.2,2,30.2,5,30.25,2,2,2022-06-30 09:01:16
1656579676271327000,30.2,3,30.15,11,30.25,2,2,2022-06-30 09:01:16
1656579676398215000,30.2,2,30.15,11,30.25,5,1,2022-06-30 09:01:16
1656579677199179000,30.2,1,30.15,5,30.2,1,1,2022-06-30 09:01:17
1656579677199179000,30.25,5,30.15,5,30.2,1,1,2022-06-30 09:01:17
1656579677199179000,30.3,4,30.15,5,30.2,1,1,2022-06-30 09:01:17
1656579677655325000,30.15,1,30.15,4,30.3,29,2,2022-06-30 09:01:17
1656579677691386000,30.15,2,30.15,2,30.3,29,2,2022-06-30 09:01:17
1656579678128506000,30.2,1,30.2,1,30.25,5,2,2022-06-30 09:01:18
1656579678162949000,30.2,1,30.2,2,30.25,5,2,2022-06-30 09:01:18
1656579678378300000,30.25,1,30.15,2,30.25,4,1,2022-06-30 09:01:18
1656579678506809000,30.15,2,30.1,12,30.15,9,2,2022-06-30 09:01:18
1656579678543856000,30.1,7,30.1,5,30.15,9,2,2022-06-30 09:01:18
1656579678995507000,30.1,6,30.05,6,30.15,9,2,2022-06-30 09:01:18
1656579678995507000,30.05,12,30.05,6,30.15,9,2,2022-06-30 09:01:18
1656579678996877000,30.15,2,30.05,6,30.15,7,1,2022-06-30 09:01:18
1656579679525236000,30.15,3,30.1,6,30.15,4,1,2022-06-30 09:01:19
1656579680620291000,30.05,6,30.0,44,30.15,4,2,2022-06-30 09:01:20
1656579680620291000,30.0,1,30.0,44,30.15,4,2,2022-06-30 09:01:20
1656579682179149000,30.05,2,30.0,26,30.15,56,2,2022-06-30 09:01:22
1656579682179149000,30.0,18,30.0,26,30.15,56,2,2022-06-30 09:01:22
1656579682362864000,30.1,4,30.1,6,30.15,56,1,2022-06-30 09:01:22
1656579682399941000,30.1,6,30.0,26,30.15,56,2,2022-06-30 09:01:22
1656579682504521000,30.1,1,30.0,26,30.1,1,1,2022-06-30 09:01:22
1656579683242342000,30.15,1,30.0,27,30.15,55,1,2022-06-30 09:01:23
1656579683707538000,30.15,1,30.0,27,30.15,54,1,2022-06-30 09:01:23
1656579683931909000,30.0,10,30.0,17,30.1,1,2,2022-06-30 09:01:23
1656579683957264000,30.0,17,29.95,9,30.1,1,2,2022-06-30 09:01:23
1656579684371654000,29.95,1,29.95,8,30.05,2,2,2022-06-30 09:01:24
1656579684493959000,29.95,8,29.75,4,30.05,2,2,2022-06-30 09:01:24
1656579684493959000,29.85,2,29.75,4,30.05,2,2,2022-06-30 09:01:24
1656579684493959000,29.8,20,29.75,4,30.05,2,2,2022-06-30 09:01:24
1656579685029564000,30.0,1,29.95,1,30.05,2,1,2022-06-30 09:01:25
1656579685158608000,30.05,1,29.95,2,30.05,1,1,2022-06-30 09:01:25
1656579685516808000,29.95,2,29.85,1,29.95,3,2,2022-06-30 09:01:25
1656579685633596000,29.85,1,29.75,4,29.95,3,2,2022-06-30 09:01:25
1656579686035965000,29.95,3,29.75,4,30.15,2,1,2022-06-30 09:01:26
1656579686035965000,30.05,1,29.75,4,30.15,2,1,2022-06-30 09:01:26
1656579686035965000,30.1,3,29.75,4,30.15,2,1,2022-06-30 09:01:26
1656579686035965000,30.15,3,29.75,4,30.15,2,1,2022-06-30 09:01:26
1656579686133783000,29.8,1,29.75,4,30.15,2,2,2022-06-30 09:01:26
1656579686227969000,29.75,1,29.75,4,30.1,1,2,2022-06-30 09:01:26
1656579686541861000,29.8,2,29.75,3,30.05,5,2,2022-06-30 09:01:26
1656579686964341000,29.8,2,29.75,2,30.05,5,2,2022-06-30 09:01:26
1656579686964341000,29.75,1,29.75,2,30.05,5,2,2022-06-30 09:01:26
1656579687284067000,30.05,5,29.75,2,30.25,7,1,2022-06-30 09:01:27
1656579687284067000,30.1,3,29.75,2,30.25,7,1,2022-06-30 09:01:27
1656579687284067000,30.15,2,29.75,2,30.25,7,1,2022-06-30 09:01:27
1656579687284067000,30.2,6,29.75,2,30.25,7,1,2022-06-30 09:01:27
1656579687284067000,30.25,4,29.75,2,30.25,7,1,2022-06-30 09:01:27
1656579687528290000,30.0,1,29.8,2,30.25,6,1,2022-06-30 09:01:27
1656579687528290000,30.25,1,29.8,2,30.25,6,1,2022-06-30 09:01:27
1656579687667982000,30.25,2,29.85,1,30.25,6,1,2022-06-30 09:01:27
1656579691364969000,29.9,1,29.85,3,30.0,15,2,2022-06-30 09:01:31
1656579693669827000,29.85,1,29.85,4,30.0,25,2,2022-06-30 09:01:33
1656579694081676000,29.85,3,29.8,2,30.0,25,2,2022-06-30 09:01:34
1656579694115002000,29.8,2,29.75,3,30.0,25,2,2022-06-30 09:01:34
1656579695085650000,29.95,5,29.85,12,30.0,25,1,2022-06-30 09:01:35
1656579696365548000,29.95,2,29.85,12,30.0,25,1,2022-06-30 09:01:36
1656579696365548000,30.0,1,29.85,12,30.0,25,1,2022-06-30 09:01:36
1656579696607262000,29.85,3,29.85,12,30.0,25,2,2022-06-30 09:01:36
1656579699372697000,30.0,4,29.9,1,30.0,23,1,2022-06-30 09:01:39
1656579699794897000,29.9,1,29.85,2,29.95,11,2,2022-06-30 09:01:39
1656579701705650000,29.9,1,29.9,1,29.95,11,2,2022-06-30 09:01:41
1656579702906155000,29.9,1,29.9,5,29.95,11,2,2022-06-30 09:01:42
1656579702978331000,29.95,1,29.9,5,29.95,10,1,2022-06-30 09:01:42
1656579703316036000,29.9,5,29.8,1,29.95,10,2,2022-06-30 09:01:43
1656579703316036000,29.85,5,29.8,1,29.95,10,2,2022-06-30 09:01:43
1656579703916573000,29.9,2,29.8,6,29.95,10,2,2022-06-30 09:01:43
1656579705495385000,29.9,1,29.9,1,29.95,10,2,2022-06-30 09:01:45
1656579706179389000,29.9,1,29.85,2,29.95,10,2,2022-06-30 09:01:46
1656579706696380000,29.95,1,29.9,4,29.95,10,1,2022-06-30 09:01:46
1656579706879268000,29.95,3,29.9,4,29.95,6,1,2022-06-30 09:01:46
1656579706913586000,29.95,1,29.9,4,29.95,5,1,2022-06-30 09:01:46
1656579706985552000,29.9,1,29.9,3,29.95,5,2,2022-06-30 09:01:46
1656579707790149000,29.9,1,29.9,2,29.95,10,2,2022-06-30 09:01:47
1656579709199139000,29.9,2,29.85,2,29.95,11,2,2022-06-30 09:01:49
1656579710124260000,29.9,3,29.85,2,29.9,2,2,2022-06-30 09:01:50
1656579710220082000,29.9,7,29.85,2,29.9,7,1,2022-06-30 09:01:50
1656579710220082000,29.95,11,29.85,2,29.9,7,1,2022-06-30 09:01:50
1656579710808968000,30.0,1,29.95,22,30.0,25,1,2022-06-30 09:01:50
1656579711378968000,30.0,2,29.95,22,30.0,22,1,2022-06-30 09:01:51
1656579711821439000,30.0,4,29.95,22,30.0,18,1,2022-06-30 09:01:51
1656579712336037000,30.0,7,29.95,22,30.0,7,1,2022-06-30 09:01:52
1656579712367801000,30.0,7,29.95,22,30.1,4,1,2022-06-30 09:01:52
1656579712985340000,29.95,15,29.95,7,30.1,4,2,2022-06-30 09:01:52
1656579713025759000,29.95,2,29.95,5,30.1,4,2,2022-06-30 09:01:53
1656579714575350000,29.95,5,29.9,2,30.1,5,2,2022-06-30 09:01:54
1656579714995362000,30.0,1,30.0,1,30.1,5,2,2022-06-30 09:01:54
1656579714995362000,29.95,4,30.0,1,30.1,5,2,2022-06-30 09:01:54
1656579716852102000,30.1,5,30.0,1,30.2,2,1,2022-06-30 09:01:56
1656579716852102000,30.2,5,30.0,1,30.2,2,1,2022-06-30 09:01:56
1656579717297959000,30.0,1,29.95,5,30.2,2,2,2022-06-30 09:01:57
1656579717297959000,29.95,1,29.95,5,30.2,2,2,2022-06-30 09:01:57
1656579718246105000,29.95,2,29.95,21,30.2,2,2,2022-06-30 09:01:58
1656579723547897000,30.0,1,30.0,11,30.2,3,2,2022-06-30 09:02:03
1656579725078802000,30.0,1,30.0,9,30.2,3,2,2022-06-30 09:02:05
1656579725640378000,30.2,3,30.25,1,30.3,15,1,2022-06-30 09:02:05
1656579725640378000,30.25,6,30.25,1,30.3,15,1,2022-06-30 09:02:05
1656579725674293000,30.25,1,30.0,9,30.3,15,2,2022-06-30 09:02:05
1656579726187725000,30.2,2,30.0,9,30.35,1,1,2022-06-30 09:02:06
1656579726187725000,30.3,15,30.0,9,30.35,1,1,2022-06-30 09:02:06
1656579726187725000,30.35,3,30.0,9,30.35,1,1,2022-06-30 09:02:06
1656579728015719000,30.35,1,30.05,3,30.4,46,1,2022-06-30 09:02:08
1656579729237924000,30.3,1,30.05,21,30.3,1,1,2022-06-30 09:02:09
1656579729607005000,30.2,1,30.05,21,30.4,46,1,2022-06-30 09:02:09
1656579730981811000,30.25,1,30.05,21,30.35,13,2,2022-06-30 09:02:10
1656579731529867000,30.35,13,30.1,1,30.35,13,1,2022-06-30 09:02:11
1656579731529867000,30.4,7,30.1,1,30.35,13,1,2022-06-30 09:02:11
1656579732186375000,30.4,1,30.1,1,30.4,38,1,2022-06-30 09:02:12
1656579732447890000,30.4,10,30.1,1,30.4,28,1,2022-06-30 09:02:12
1656579732830125000,30.1,1,30.05,19,30.4,28,2,2022-06-30 09:02:12
1656579732830125000,30.05,2,30.05,19,30.4,28,2,2022-06-30 09:02:12
1656579733739907000,30.35,1,30.05,19,30.4,28,1,2022-06-30 09:02:13
1656579733968210000,30.4,10,30.05,20,30.4,18,1,2022-06-30 09:02:13
1656579734022113000,30.25,2,30.1,3,30.4,18,1,2022-06-30 09:02:14
1656579734074386000,30.4,4,30.1,3,30.4,18,1,2022-06-30 09:02:14
1656579735411499000,30.35,1,30.25,1,30.35,1,1,2022-06-30 09:02:15
1656579735538207000,30.35,1,30.25,1,30.4,14,1,2022-06-30 09:02:15
1656579735774472000,30.35,1,30.25,1,30.4,14,2,2022-06-30 09:02:15
1656579735898571000,30.35,3,30.35,7,30.4,13,1,2022-06-30 09:02:15
1656579735931478000,30.35,7,30.25,1,30.4,13,2,2022-06-30 09:02:15
1656579736045249000,30.35,2,30.25,1,30.35,6,1,2022-06-30 09:02:16
1656579736360628000,30.35,1,30.25,1,30.35,3,1,2022-06-30 09:02:16
1656579738705980000,30.35,4,30.25,1,30.4,11,1,2022-06-30 09:02:18
1656579738705980000,30.4,6,30.25,1,30.4,11,1,2022-06-30 09:02:18
1656579740192195000,30.4,2,30.35,20,30.4,21,1,2022-06-30 09:02:20
1656579740327236000,30.4,1,30.35,20,30.4,18,1,2022-06-30 09:02:20
1656579740359698000,30.4,2,30.35,20,30.4,16,1,2022-06-30 09:02:20
1656579740900928000,30.4,1,30.35,21,30.4,15,1,2022-06-30 09:02:20
1656579740915235000,30.4,5,30.35,21,30.4,10,1,2022-06-30 09:02:20
1656579741090901000,30.4,1,30.35,21,30.4,16,1,2022-06-30 09:02:21
1656579741332686000,30.4,1,30.35,21,30.4,8,1,2022-06-30 09:02:21
1656579741384179000,30.35,1,30.35,20,30.4,8,2,2022-06-30 09:02:21
1656579741455882000,30.4,1,30.35,20,30.4,7,1,2022-06-30 09:02:21
1656579741861325000,30.4,2,30.35,21,30.4,5,1,2022-06-30 09:02:21
1656579742358723000,30.4,1,30.35,21,30.4,4,1,2022-06-30 09:02:22
1656579742645447000,30.4,4,30.4,1,30.45,16,1,2022-06-30 09:02:22
1656579742943032000,30.4,1,30.35,21,30.4,1,2,2022-06-30 09:02:22
1656579743548902000,30.4,2,30.35,21,30.45,16,1,2022-06-30 09:02:23
1656579744989096000,30.4,1,30.4,6,30.45,18,2,2022-06-30 09:02:24
1656579746932791000,30.4,1,30.4,13,30.45,18,2,2022-06-30 09:02:26
1656579748952187000,30.4,1,30.4,12,30.45,18,2,2022-06-30 09:02:28
1656579749102095000,30.4,1,30.4,11,30.45,18,2,2022-06-30 09:02:29
1656579749357186000,30.45,4,30.4,17,30.45,14,1,2022-06-30 09:02:29
1656579749358745000,30.4,2,30.4,15,30.45,14,2,2022-06-30 09:02:29
1656579749411830000,30.45,5,30.4,15,30.45,9,1,2022-06-30 09:02:29
1656579749897192000,30.4,2,30.4,13,30.45,9,2,2022-06-30 09:02:29
1656579750284372000,30.4,1,30.4,12,30.45,10,2,2022-06-30 09:02:30
1656579750588218000,30.4,1,30.4,14,30.45,10,2,2022-06-30 09:02:30
1656579751171267000,30.45,5,30.4,15,30.45,5,1,2022-06-30 09:02:31
1656579751713257000,30.45,12,30.45,7,30.5,68,1,2022-06-30 09:02:31
1656579751940724000,30.5,2,30.45,7,30.5,66,1,2022-06-30 09:02:31
1656579752149346000,30.5,30,30.45,7,30.5,36,1,2022-06-30 09:02:32
1656579752226453000,30.5,1,30.45,7,30.5,35,1,2022-06-30 09:02:32
1656579752910135000,30.45,1,30.45,6,30.5,35,2,2022-06-30 09:02:32
1656579753253702000,30.45,2,30.45,4,30.5,35,2,2022-06-30 09:02:33
1656579753646579000,30.45,4,30.4,19,30.5,35,2,2022-06-30 09:02:33
1656579753646579000,30.4,26,30.4,19,30.5,35,2,2022-06-30 09:02:33
1656579754330219000,30.5,3,30.4,20,30.5,32,1,2022-06-30 09:02:34
1656579755473158000,30.45,1,30.4,20,30.5,33,2,2022-06-30 09:02:35
1656579756269784000,30.45,1,30.4,20,30.5,33,1,2022-06-30 09:02:36
1656579757337793000,30.45,1,30.4,20,30.5,33,1,2022-06-30 09:02:37
1656579757358916000,30.4,10,30.4,10,30.5,33,2,2022-06-30 09:02:37
1656579757383952000,30.4,10,30.35,18,30.5,33,2,2022-06-30 09:02:37
1656579757921696000,30.5,10,30.45,3,30.5,24,1,2022-06-30 09:02:37
1656579758408273000,30.5,2,30.45,3,30.5,22,1,2022-06-30 09:02:38
1656579758512269000,30.45,3,30.35,18,30.45,2,2,2022-06-30 09:02:38
1656579758742994000,30.45,2,30.35,18,30.45,2,1,2022-06-30 09:02:38
1656579758742994000,30.5,3,30.35,18,30.45,2,1,2022-06-30 09:02:38
1656579760858619000,30.45,1,30.4,1,30.5,31,1,2022-06-30 09:02:40
1656579760910175000,30.4,1,30.35,18,30.45,10,2,2022-06-30 09:02:40
1656579761685063000,30.35,18,30.25,1,30.45,11,2,2022-06-30 09:02:41
1656579761797682000,30.4,1,30.25,1,30.4,3,1,2022-06-30 09:02:41
1656579762059879000,30.4,2,30.25,1,30.45,9,1,2022-06-30 09:02:42
1656579762059879000,30.45,3,30.25,1,30.45,9,1,2022-06-30 09:02:42
1656579762223959000,30.4,1,30.25,1,30.4,1,1,2022-06-30 09:02:42
1656579762699255000,30.4,1,30.25,1,30.4,1,1,2022-06-30 09:02:42
1656579762820740000,30.25,1,30.15,1,30.45,9,2,2022-06-30 09:02:42
1656579763178896000,30.45,1,30.15,1,30.45,8,1,2022-06-30 09:02:43
1656579763640519000,30.35,1,30.2,1,30.4,1,2,2022-06-30 09:02:43
1656579763898826000,30.4,1,30.2,1,30.45,10,1,2022-06-30 09:02:43
1656579764905234000,30.4,1,30.4,1,30.45,9,1,2022-06-30 09:02:44
1656579764933252000,30.4,1,30.15,1,30.45,9,2,2022-06-30 09:02:44
1656579766903374000,30.3,1,30.15,3,30.4,2,2,2022-06-30 09:02:46
1656579766962042000,30.4,1,30.15,3,30.4,1,1,2022-06-30 09:02:46
1656579767231621000,30.4,2,30.4,3,30.45,10,1,2022-06-30 09:02:47
1656579767254957000,30.4,3,30.2,1,30.45,10,2,2022-06-30 09:02:47
1656579767856969000,30.4,1,30.2,1,30.4,8,1,2022-06-30 09:02:47
1656579768069846000,30.4,2,30.2,1,30.4,25,1,2022-06-30 09:02:48
1656579769006137000,30.4,1,30.15,3,30.4,35,1,2022-06-30 09:02:49
1656579769978504000,30.2,1,30.2,3,30.4,39,2,2022-06-30 09:02:49
1656579770806192000,30.35,1,30.15,3,30.4,39,1,2022-06-30 09:02:50
1656579770902720000,30.4,1,30.15,3,30.4,38,1,2022-06-30 09:02:50
1656579771342732000,30.4,5,30.2,3,30.4,33,1,2022-06-30 09:02:51
1656579771371223000,30.4,3,30.2,3,30.4,30,1,2022-06-30 09:02:51
1656579771443977000,30.4,1,30.2,3,30.4,29,1,2022-06-30 09:02:51
1656579771642074000,30.4,2,30.2,3,30.4,27,1,2022-06-30 09:02:51
1656579774063381000,30.25,1,30.2,5,30.35,10,2,2022-06-30 09:02:54
1656579774063381000,30.2,2,30.2,5,30.35,10,2,2022-06-30 09:02:54
1656579775351254000,30.35,2,30.3,12,30.35,10,1,2022-06-30 09:02:55
1656579778857741000,30.35,5,30.3,12,30.35,3,1,2022-06-30 09:02:58
1656579779308657000,30.35,1,30.3,12,30.35,2,1,2022-06-30 09:02:59
1656579780946457000,30.35,1,30.3,13,30.35,4,1,2022-06-30 09:03:00
1656579781568488000,30.35,1,30.3,13,30.35,3,1,2022-06-30 09:03:01
1656579781753420000,30.35,1,30.3,13,30.35,2,1,2022-06-30 09:03:01
1656579782019583000,30.35,1,30.3,13,30.35,1,1,2022-06-30 09:03:02
1656579782794077000,30.3,1,30.3,13,30.35,1,2,2022-06-30 09:03:02
1656579783279440000,30.3,6,30.3,6,30.35,3,2,2022-06-30 09:03:03
1656579783309975000,30.3,1,30.3,12,30.35,3,2,2022-06-30 09:03:03
1656579784183493000,30.3,1,30.3,5,30.35,4,2,2022-06-30 09:03:04
1656579784259120000,30.35,4,30.3,6,30.35,4,1,2022-06-30 09:03:04
1656579784259120000,30.4,6,30.3,6,30.35,4,1,2022-06-30 09:03:04
1656579787726491000,30.35,1,30.3,5,30.4,13,2,2022-06-30 09:03:07
1656579787993046000,30.3,5,30.2,13,30.4,13,2,2022-06-30 09:03:07
1656579788373804000,30.2,1,30.2,12,30.4,13,2,2022-06-30 09:03:08
1656579788625519000,30.35,1,30.2,12,30.4,12,1,2022-06-30 09:03:08
1656579788822071000,30.35,2,30.2,12,30.4,12,2,2022-06-30 09:03:08
1656579789286207000,30.35,2,30.2,12,30.35,2,1,2022-06-30 09:03:09
1656579789286207000,30.4,12,30.2,12,30.35,2,1,2022-06-30 09:03:09
1656579789286207000,30.45,16,30.2,12,30.35,2,1,2022-06-30 09:03:09
1656579791426479000,30.45,1,30.35,1,30.45,2,1,2022-06-30 09:03:11
1656579794502616000,30.45,1,30.35,1,30.45,2,1,2022-06-30 09:03:14
1656579796515056000,30.45,1,30.35,1,30.45,1,1,2022-06-30 09:03:16
1656579797266515000,30.45,1,30.35,1,30.45,2,1,2022-06-30 09:03:17
1656579801693908000,30.45,1,30.35,3,30.45,1,1,2022-06-30 09:03:21
1656579802827320000,30.45,4,30.45,4,30.5,47,2,2022-06-30 09:03:22
1656579805724051000,30.45,1,30.35,6,30.5,46,2,2022-06-30 09:03:25
1656579806949648000,30.4,1,30.35,6,30.45,4,2,2022-06-30 09:03:26
1656579807203154000,30.35,1,30.35,6,30.45,5,2,2022-06-30 09:03:27
1656579810344389000,30.45,5,30.35,5,30.5,46,1,2022-06-30 09:03:30
1656579811306693000,30.45,1,30.45,5,30.5,46,2,2022-06-30 09:03:31
1656579812668239000,30.45,1,30.45,4,30.5,46,2,2022-06-30 09:03:32
1656579813999940000,30.45,4,30.35,8,30.5,46,2,2022-06-30 09:03:33
1656579815296653000,30.45,1,30.35,8,30.45,1,2,2022-06-30 09:03:35
1656579815601880000,30.45,1,30.35,8,30.5,46,1,2022-06-30 09:03:35
1656579816161355000,30.5,30,30.35,8,30.5,16,1,2022-06-30 09:03:36
1656579816753508000,30.5,2,30.35,8,30.5,14,1,2022-06-30 09:03:36
1656579817710235000,30.5,5,30.35,9,30.5,9,1,2022-06-30 09:03:37
1656579817731772000,30.5,2,30.35,9,30.5,7,1,2022-06-30 09:03:37
1656579818074774000,30.5,8,30.35,9,30.6,33,1,2022-06-30 09:03:38
1656579818074774000,30.6,2,30.35,9,30.6,33,1,2022-06-30 09:03:38
1656579818269002000,30.5,1,30.35,9,30.5,9,1,2022-06-30 09:03:38
1656579818438285000,30.5,1,30.35,9,30.5,8,1,2022-06-30 09:03:38
1656579819696398000,30.5,2,30.4,5,30.5,6,1,2022-06-30 09:03:39
1656579819949810000,30.4,5,30.35,9,30.5,6,2,2022-06-30 09:03:39
1656579820128847000,30.45,1,30.35,9,30.5,6,1,2022-06-30 09:03:40
1656579820674277000,30.5,1,30.35,11,30.5,5,1,2022-06-30 09:03:40
1656579821759430000,30.45,1,30.4,2,30.45,2,1,2022-06-30 09:03:41
1656579821799972000,30.4,1,30.4,1,30.45,2,2,2022-06-30 09:03:41
1656579823018050000,30.45,1,30.4,1,30.45,1,1,2022-06-30 09:03:43
1656579823186482000,30.45,1,30.4,1,30.5,5,1,2022-06-30 09:03:43
1656579825803432000,30.45,1,30.4,8,30.45,1,1,2022-06-30 09:03:45
1656579825987879000,30.5,5,30.4,8,30.5,11,1,2022-06-30 09:03:45
1656579828958434000,30.45,2,30.4,10,30.5,13,2,2022-06-30 09:03:48
1656579829547697000,30.45,1,30.4,10,30.45,5,1,2022-06-30 09:03:49
1656579829556093000,30.45,1,30.4,10,30.45,6,1,2022-06-30 09:03:49
1656579830388268000,30.45,4,30.4,10,30.5,7,1,2022-06-30 09:03:50
1656579830388268000,30.5,6,30.4,10,30.5,7,1,2022-06-30 09:03:50
1656579831231674000,30.5,1,30.45,1,30.5,9,1,2022-06-30 09:03:51
1656579832638935000,30.5,1,30.45,1,30.5,8,1,2022-06-30 09:03:52
1656579833152119000,30.45,2,30.45,1,30.5,8,2,2022-06-30 09:03:53
1656579833253227000,30.45,1,30.4,10,30.45,5,2,2022-06-30 09:03:53
1656579834074081000,30.45,1,30.4,10,30.45,4,1,2022-06-30 09:03:54
1656579834597420000,30.45,2,30.4,15,30.45,4,1,2022-06-30 09:03:54
1656579835263705000,30.45,2,30.4,15,30.55,3,1,2022-06-30 09:03:55
1656579835263705000,30.5,8,30.4,15,30.55,3,1,2022-06-30 09:03:55
1656579837484675000,30.45,1,30.4,16,30.5,4,1,2022-06-30 09:03:57
1656579838005072000,30.45,1,30.4,16,30.5,5,2,2022-06-30 09:03:58
1656579838396314000,30.5,1,30.45,1,30.5,4,1,2022-06-30 09:03:58
1656579840540906000,30.5,1,30.45,2,30.5,4,1,2022-06-30 09:04:00
1656579840645270000,30.45,1,30.45,3,30.5,4,2,2022-06-30 09:04:00
1656579842454286000,30.5,1,30.45,2,30.5,4,1,2022-06-30 09:04:02
1656579842877849000,30.45,2,30.4,17,30.5,4,2,2022-06-30 09:04:02
1656579842882042000,30.5,4,30.4,17,30.55,1,1,2022-06-30 09:04:02
1656579842882042000,30.55,1,30.4,17,30.55,1,1,2022-06-30 09:04:02
1656579843591899000,30.5,1,30.5,1,30.55,9,2,2022-06-30 09:04:03
1656579844685327000,30.4,2,30.4,14,30.45,5,2,2022-06-30 09:04:04
1656579844715535000,30.4,14,30.35,22,30.45,5,2,2022-06-30 09:04:04
1656579845072938000,30.4,1,30.35,22,30.45,1,1,2022-06-30 09:04:05
1656579845072938000,30.45,4,30.35,22,30.45,1,1,2022-06-30 09:04:05
1656579846039777000,30.45,1,30.35,22,30.5,2,1,2022-06-30 09:04:06
1656579848003477000,30.45,1,30.45,9,30.5,3,1,2022-06-30 09:04:08
1656579849781238000,30.5,8,30.5,2,30.55,12,1,2022-06-30 09:04:09
1656579849823605000,30.5,1,30.5,1,30.55,12,2,2022-06-30 09:04:09
1656579850662142000,30.5,1,30.45,9,30.5,4,2,2022-06-30 09:04:10
1656579850857819000,30.45,1,30.45,8,30.5,4,2,2022-06-30 09:04:10
1656579851516358000,30.45,1,30.45,7,30.5,9,2,2022-06-30 09:04:11
1656579851533534000,30.45,7,30.4,2,30.45,1,2,2022-06-30 09:04:11
1656579851893916000,30.4,1,30.4,1,30.45,1,2,2022-06-30 09:04:11
1656579851972758000,30.45,1,30.45,2,30.5,9,1,2022-06-30 09:04:11
1656579852008058000,30.45,2,30.4,1,30.5,9,2,2022-06-30 09:04:12
1656579855529664000,30.45,1,30.4,5,30.5,12,2,2022-06-30 09:04:15
1656579855547384000,30.4,1,30.4,4,30.5,12,2,2022-06-30 09:04:15
1656579855787594000,30.5,2,30.45,1,30.5,12,1,2022-06-30 09:04:15
1656579856557858000,30.45,1,30.45,5,30.5,12,2,2022-06-30 09:04:16
1656579858556643000,30.45,8,30.45,1,30.5,12,2,2022-06-30 09:04:18
1656579858592190000,30.45,1,30.4,6,30.5,12,2,2022-06-30 09:04:18
1656579858695036000,30.4,1,30.4,5,30.5,12,2,2022-06-30 09:04:18
1656579859550252000,30.5,1,30.45,1,30.5,11,1,2022-06-30 09:04:19
1656579860081857000,30.45,1,30.45,1,30.5,11,2,2022-06-30 09:04:20
1656579860081857000,30.4,1,30.45,1,30.5,11,2,2022-06-30 09:04:20
1656579861111313000,30.45,10,30.4,4,30.5,11,1,2022-06-30 09:04:21
1656579861426871000,30.4,4,30.35,21,30.4,6,2,2022-06-30 09:04:21
1656579861464792000,30.4,1,30.35,21,30.4,5,1,2022-06-30 09:04:21
1656579862906286000,30.35,5,30.35,16,30.45,2,2,2022-06-30 09:04:22
1656579864201414000,30.4,2,30.35,17,30.5,6,1,2022-06-30 09:04:24
1656579864201414000,30.45,2,30.35,17,30.5,6,1,2022-06-30 09:04:24
1656579864201414000,30.5,6,30.35,17,30.5,6,1,2022-06-30 09:04:24
1656579866725319000,30.35,1,30.35,16,30.4,1,2,2022-06-30 09:04:26
1656579867013789000,30.4,1,30.35,16,30.45,1,1,2022-06-30 09:04:27
1656579868053474000,30.35,2,30.35,15,30.45,1,2,2022-06-30 09:04:28
1656579868587085000,30.4,1,30.35,15,30.45,1,1,2022-06-30 09:04:28
1656579869218070000,30.45,5,30.4,1,30.45,5,1,2022-06-30 09:04:29
1656579869218070000,30.5,5,30.4,1,30.45,5,1,2022-06-30 09:04:29
1656579869425059000,30.5,12,30.4,1,30.6,26,1,2022-06-30 09:04:29
1656579869425059000,30.55,5,30.4,1,30.6,26,1,2022-06-30 09:04:29
1656579869425059000,30.6,8,30.4,1,30.6,26,1,2022-06-30 09:04:29
1656579870217812000,30.6,1,30.4,1,30.6,25,1,2022-06-30 09:04:30
1656579875397424000,30.6,2,30.45,5,30.6,23,1,2022-06-30 09:04:35
1656579875536966000,30.6,1,30.45,5,30.6,22,1,2022-06-30 09:04:35
1656579877006522000,30.6,10,30.45,6,30.6,12,1,2022-06-30 09:04:37
1656579877309562000,30.6,1,30.45,6,30.6,11,1,2022-06-30 09:04:37
1656579878657008000,30.6,2,30.5,2,30.6,9,1,2022-06-30 09:04:38
1656579878662571000,30.6,1,30.5,2,30.6,8,1,2022-06-30 09:04:38
1656579879297748000,30.6,8,30.5,2,30.65,5,1,2022-06-30 09:04:39
1656579879297748000,30.65,2,30.5,2,30.65,5,1,2022-06-30 09:04:39
1656579879564168000,30.65,2,30.5,2,30.65,3,1,2022-06-30 09:04:39
1656579879759640000,30.6,2,30.6,3,30.65,3,2,2022-06-30 09:04:39
1656579880272166000,30.65,1,30.6,3,30.65,2,1,2022-06-30 09:04:40
1656579880314771000,30.65,1,30.6,3,30.65,3,1,2022-06-30 09:04:40
1656579880622618000,30.6,2,30.6,1,30.65,1,2,2022-06-30 09:04:40
1656579881961416000,30.65,4,30.65,1,30.7,25,1,2022-06-30 09:04:41
1656579883155436000,30.65,1,30.6,5,30.7,24,2,2022-06-30 09:04:43
1656579886493754000,30.65,7,30.6,6,30.7,24,2,2022-06-30 09:04:46
1656579886602751000,30.7,1,30.6,6,30.7,23,1,2022-06-30 09:04:46
1656579886685482000,30.7,20,30.6,6,30.7,3,1,2022-06-30 09:04:46
1656579886724467000,30.7,3,30.6,6,30.75,6,1,2022-06-30 09:04:46
1656579886747655000,30.75,1,30.6,6,30.75,5,1,2022-06-30 09:04:46
1656579886768572000,30.75,1,30.6,6,30.75,4,1,2022-06-30 09:04:46
1656579886946163000,30.6,1,30.6,5,30.75,4,2,2022-06-30 09:04:46
1656579888663007000,30.7,3,30.65,2,30.75,4,2,2022-06-30 09:04:48
1656579888922285000,30.75,4,30.65,2,30.8,42,1,2022-06-30 09:04:48
1656579888922285000,30.8,2,30.65,2,30.8,42,1,2022-06-30 09:04:48
1656579889311567000,30.65,2,30.6,8,30.8,42,2,2022-06-30 09:04:49
1656579890171820000,30.8,9,30.6,8,30.8,33,1,2022-06-30 09:04:50
1656579891425904000,30.7,1,30.65,1,30.75,1,1,2022-06-30 09:04:51
1656579892921759000,30.75,1,30.65,1,30.75,6,1,2022-06-30 09:04:52
1656579893848294000,30.65,1,30.6,2,30.7,2,2,2022-06-30 09:04:53
1656579893848294000,30.6,9,30.6,2,30.7,2,2,2022-06-30 09:04:53
1656579895089336000,30.65,6,30.6,2,30.7,2,2,2022-06-30 09:04:55
1656579896245608000,30.65,1,30.65,1,30.7,2,2,2022-06-30 09:04:56
1656579896751157000,30.65,1,30.6,2,30.7,6,2,2022-06-30 09:04:56
1656579897116797000,30.7,3,30.6,2,30.7,3,1,2022-06-30 09:04:57
1656579897802166000,30.7,1,30.6,2,30.7,3,1,2022-06-30 09:04:57
1656579898241610000,30.65,1,30.6,4,30.65,1,1,2022-06-30 09:04:58
1656579899863575000,30.65,2,30.6,4,30.7,2,2,2022-06-30 09:04:59
1656579899891393000,30.7,1,30.6,4,30.7,1,1,2022-06-30 09:04:59
1656579900303129000,30.7,1,30.6,4,30.75,9,1,2022-06-30 09:05:00
1656579900394907000,30.7,1,30.7,1,30.75,9,1,2022-06-30 09:05:00
1656579900433571000,30.7,1,30.6,4,30.75,9,2,2022-06-30 09:05:00
1656579901310006000,30.65,1,30.6,6,30.65,5,2,2022-06-30 09:05:01
1656579902830447000,30.65,1,30.6,6,30.65,4,1,2022-06-30 09:05:02
1656579902852571000,30.65,1,30.6,6,30.65,3,1,2022-06-30 09:05:02
1656579903173168000,30.65,1,30.6,6,30.65,2,1,2022-06-30 09:05:03
1656579903481286000,30.65,1,30.6,6,30.65,1,1,2022-06-30 09:05:03
1656579904610495000,30.6,1,30.6,14,30.65,1,2,2022-06-30 09:05:04
1656579904637392000,30.6,2,30.6,12,30.65,1,2,2022-06-30 09:05:04
1656579905880587000,30.65,1,30.6,12,30.65,1,1,2022-06-30 09:05:05
1656579906783392000,30.7,1,30.65,1,30.7,4,1,2022-06-30 09:05:06
1656579906869800000,30.65,1,30.6,14,30.65,9,2,2022-06-30 09:05:06
1656579907155699000,30.65,2,30.6,14,30.65,7,1,2022-06-30 09:05:07
1656579907208241000,30.6,10,30.6,4,30.65,7,2,2022-06-30 09:05:07
1656579907231554000,30.65,1,30.6,4,30.65,6,1,2022-06-30 09:05:07
1656579907334292000,30.65,1,30.6,4,30.65,5,1,2022-06-30 09:05:07
1656579907394351000,30.6,2,30.6,2,30.65,5,2,2022-06-30 09:05:07
1656579907433333000,30.6,1,30.6,1,30.65,5,2,2022-06-30 09:05:07
1656579907477065000,30.6,1,30.55,3,30.6,9,2,2022-06-30 09:05:07
1656579909043126000,30.6,1,30.55,3,30.6,9,1,2022-06-30 09:05:09
1656579910870273000,30.6,1,30.55,3,30.6,9,1,2022-06-30 09:05:10
1656579910878076000,30.6,1,30.55,3,30.6,8,1,2022-06-30 09:05:10
1656579911416316000,30.6,1,30.55,4,30.6,7,1,2022-06-30 09:05:11
1656579912082294000,30.6,7,30.55,5,30.65,4,1,2022-06-30 09:05:12
1656579912082294000,30.65,3,30.55,5,30.65,4,1,2022-06-30 09:05:12
1656579912220058000,30.55,1,30.55,4,30.65,4,2,2022-06-30 09:05:12
1656579912548221000,30.6,1,30.6,1,30.65,6,2,2022-06-30 09:05:12
1656579914425869000,30.65,1,30.6,1,30.65,5,1,2022-06-30 09:05:14
1656579914948030000,30.6,1,30.6,2,30.65,5,2,2022-06-30 09:05:14
1656579917641216000,30.6,2,30.55,9,30.65,11,2,2022-06-30 09:05:17
1656579919314029000,30.6,5,30.55,9,30.65,11,2,2022-06-30 09:05:19
1656579922492339000,30.65,8,30.6,1,30.65,3,1,2022-06-30 09:05:22
1656579923025578000,30.6,1,30.55,9,30.65,3,2,2022-06-30 09:05:23
1656579923459195000,30.6,1,30.6,2,30.65,3,2,2022-06-30 09:05:23
1656579923905625000,30.65,3,30.6,2,30.75,4,1,2022-06-30 09:05:23
1656579923905625000,30.7,7,30.6,2,30.75,4,1,2022-06-30 09:05:23
1656579928339340000,30.7,1,30.65,11,30.7,9,1,2022-06-30 09:05:28
1656579929281052000,30.65,9,30.65,2,30.7,9,2,2022-06-30 09:05:29
1656579930590689000,30.7,5,30.65,2,30.7,5,1,2022-06-30 09:05:30
1656579931232087000,30.65,2,30.6,16,30.7,6,2,2022-06-30 09:05:31
1656579932122136000,30.65,1,30.6,3,30.7,6,2,2022-06-30 09:05:32
1656579932122136000,30.6,15,30.6,3,30.7,6,2,2022-06-30 09:05:32
1656579932364894000,30.65,1,30.6,3,30.7,6,1,2022-06-30 09:05:32
1656579933006691000,30.65,1,30.6,3,30.7,6,1,2022-06-30 09:05:33
1656579933006691000,30.7,1,30.6,3,30.7,6,1,2022-06-30 09:05:33
1656579933928490000,30.65,1,30.6,5,30.65,4,1,2022-06-30 09:05:33
1656579934077123000,30.65,4,30.6,5,30.7,3,1,2022-06-30 09:05:34
1656579934077123000,30.7,4,30.6,5,30.7,3,1,2022-06-30 09:05:34
1656579937394382000,30.6,5,30.55,8,30.65,25,2,2022-06-30 09:05:37
1656579937846968000,30.65,2,30.55,8,30.65,23,1,2022-06-30 09:05:37
1656579938579859000,30.65,1,30.55,8,30.65,22,1,2022-06-30 09:05:38
1656579939168938000,30.65,1,30.55,8,30.65,21,1,2022-06-30 09:05:39
1656579940712788000,30.6,1,30.55,8,30.65,24,1,2022-06-30 09:05:40
1656579940712788000,30.65,2,30.55,8,30.65,24,1,2022-06-30 09:05:40
1656579941834892000,30.65,1,30.55,8,30.65,23,1,2022-06-30 09:05:41
1656579943474735000,30.6,1,30.55,8,30.65,15,1,2022-06-30 09:05:43
1656579943474735000,30.65,8,30.55,8,30.65,15,1,2022-06-30 09:05:43
1656579944765053000,30.65,1,30.6,1,30.65,14,1,2022-06-30 09:05:44
1656579947208394000,30.6,3,30.6,3,30.65,16,2,2022-06-30 09:05:47
1656579947757551000,30.65,10,30.55,8,30.65,16,1,2022-06-30 09:05:47
1656579947919627000,30.55,8,30.5,27,30.65,16,2,2022-06-30 09:05:47
1656579947919627000,30.5,2,30.5,27,30.65,16,2,2022-06-30 09:05:47
1656579948897027000,30.6,1,30.5,27,30.65,1,1,2022-06-30 09:05:48
1656579948897027000,30.65,15,30.5,27,30.65,1,1,2022-06-30 09:05:48
1656579951662641000,30.6,1,30.5,27,30.6,2,1,2022-06-30 09:05:51
1656579953157142000,30.6,1,30.5,27,30.65,7,1,2022-06-30 09:05:53
1656579953979356000,30.5,10,30.5,18,30.6,1,2,2022-06-30 09:05:53
1656579955257578000,30.55,1,30.5,18,30.6,1,2,2022-06-30 09:05:55
1656579955524670000,30.6,1,30.5,18,30.65,7,1,2022-06-30 09:05:55
1656579955567456000,30.5,18,30.45,4,30.5,3,2,2022-06-30 09:05:55
1656579955628170000,30.45,1,30.45,3,30.5,3,2,2022-06-30 09:05:55
1656579955741656000,30.5,2,30.45,3,30.5,1,1,2022-06-30 09:05:55
1656579955957711000,30.5,1,30.45,3,30.5,1,1,2022-06-30 09:05:55
1656579956949850000,30.65,1,30.6,2,30.65,7,1,2022-06-30 09:05:56
1656579958700652000,30.6,2,30.55,1,30.6,48,2,2022-06-30 09:05:58
1656579960463607000,30.55,1,30.5,15,30.6,49,2,2022-06-30 09:06:00
1656579960463607000,30.5,1,30.5,15,30.6,49,2,2022-06-30 09:06:00
1656579960536417000,30.6,1,30.5,15,30.6,48,1,2022-06-30 09:06:00
1656579961833238000,30.5,3,30.5,12,30.6,49,2,2022-06-30 09:06:01
1656579961872710000,30.5,12,30.45,4,30.6,49,2,2022-06-30 09:06:01
1656579962729657000,30.55,1,30.45,4,30.6,49,1,2022-06-30 09:06:02
1656579963486132000,30.45,2,30.45,2,30.5,10,2,2022-06-30 09:06:03
1656579963527214000,30.45,2,30.45,4,30.5,10,2,2022-06-30 09:06:03
1656579964383832000,30.5,1,30.4,11,30.5,9,1,2022-06-30 09:06:04
1656579965198804000,30.5,3,30.4,13,30.5,10,1,2022-06-30 09:06:05
1656579965714267000,30.4,10,30.4,13,30.45,1,2,2022-06-30 09:06:05
1656579965756643000,30.4,3,30.35,20,30.45,1,2,2022-06-30 09:06:05
1656579967026932000,30.35,1,30.35,19,30.45,1,2,2022-06-30 09:06:07
1656579968010330000,30.45,1,30.35,19,30.5,10,1,2022-06-30 09:06:08
1656579968010330000,30.5,2,30.35,19,30.5,10,1,2022-06-30 09:06:08
1656579970802923000,30.45,1,30.35,19,30.45,1,1,2022-06-30 09:06:10
1656579971844291000,30.4,1,30.35,19,30.45,1,2,2022-06-30 09:06:11
1656579974375053000,30.35,19,30.3,26,30.4,4,2,2022-06-30 09:06:14
1656579974380519000,30.3,1,30.3,25,30.4,4,2,2022-06-30 09:06:14
1656579974553413000,30.35,1,30.3,25,30.35,1,1,2022-06-30 09:06:14
1656579974725555000,30.4,1,30.3,25,30.4,3,1,2022-06-30 09:06:14
1656579974826894000,30.4,3,30.3,25,30.45,1,1,2022-06-30 09:06:14
1656579975098491000,30.4,1,30.3,25,30.4,1,1,2022-06-30 09:06:15
1656579978919389000,30.45,1,30.4,11,30.45,1,1,2022-06-30 09:06:18
1656579980294482000,30.45,3,30.4,14,30.45,4,1,2022-06-30 09:06:20
1656579982241808000,30.45,1,30.4,14,30.45,4,1,2022-06-30 09:06:22
1656579982631547000,30.45,2,30.4,14,30.45,2,1,2022-06-30 09:06:22
1656579983194981000,30.45,2,30.4,14,30.5,17,1,2022-06-30 09:06:23
1656579983194981000,30.5,8,30.4,14,30.5,17,1,2022-06-30 09:06:23
1656579984051091000,30.45,1,30.45,2,30.5,17,1,2022-06-30 09:06:24
1656579986317252000,30.5,5,30.45,5,30.5,12,1,2022-06-30 09:06:26
1656579988843834000,30.45,1,30.45,16,30.5,12,2,2022-06-30 09:06:28
1656579990936898000,30.5,1,30.45,18,30.5,11,1,2022-06-30 09:06:30
1656579992351308000,30.45,18,30.35,8,30.4,18,2,2022-06-30 09:06:32
1656579992351308000,30.4,14,30.35,8,30.4,18,2,2022-06-30 09:06:32
1656579992873802000,30.4,1,30.35,8,30.4,17,1,2022-06-30 09:06:32
1656579993057829000,30.4,1,30.35,8,30.4,16,1,2022-06-30 09:06:33
1656579994895172000,30.4,1,30.35,8,30.4,15,1,2022-06-30 09:06:34
1656579994954550000,30.35,1,30.35,7,30.4,15,2,2022-06-30 09:06:34
1656579995689379000,30.4,5,30.35,7,30.4,10,1,2022-06-30 09:06:35
1656579995711538000,30.35,1,30.35,6,30.4,10,2,2022-06-30 09:06:35
1656579996763694000,30.4,10,30.4,10,30.5,10,1,2022-06-30 09:06:36
1656579997679154000,30.4,10,30.35,1,30.5,10,2,2022-06-30 09:06:37
1656579997679154000,30.35,5,30.35,1,30.5,10,2,2022-06-30 09:06:37
1656580000371234000,30.45,3,30.35,1,30.5,8,1,2022-06-30 09:06:40
1656580000371234000,30.5,2,30.35,1,30.5,8,1,2022-06-30 09:06:40
1656580002255179000,30.4,2,30.35,1,30.5,3,1,2022-06-30 09:06:42
1656580002255179000,30.45,3,30.35,1,30.5,3,1,2022-06-30 09:06:42
1656580002255179000,30.5,5,30.35,1,30.5,3,1,2022-06-30 09:06:42
1656580002375421000,30.35,1,30.3,27,30.5,3,2,2022-06-30 09:06:42
1656580006517498000,30.4,1,30.35,13,30.4,2,1,2022-06-30 09:06:46
1656580007889273000,30.4,1,30.35,13,30.4,1,1,2022-06-30 09:06:47
1656580010310691000,30.4,1,30.4,2,30.45,10,1,2022-06-30 09:06:50
1656580011022324000,30.4,2,30.35,15,30.4,3,2,2022-06-30 09:06:51
1656580012055033000,30.4,1,30.35,15,30.4,2,1,2022-06-30 09:06:52
1656580015282890000,30.4,4,30.4,6,30.45,10,1,2022-06-30 09:06:55
1656580016927200000,30.45,1,30.4,7,30.45,9,1,2022-06-30 09:06:56
1656580018619845000,30.4,3,30.4,4,30.45,10,2,2022-06-30 09:06:58
1656580019291825000,30.4,1,30.4,3,30.45,10,2,2022-06-30 09:06:59
1656580020885954000,30.45,1,30.4,3,30.45,9,1,2022-06-30 09:07:00
1656580023183722000,30.4,5,30.4,8,30.45,9,2,2022-06-30 09:07:03
1656580024391040000,30.4,3,30.35,33,30.4,7,2,2022-06-30 09:07:04
1656580024534594000,30.35,1,30.35,32,30.4,7,2,2022-06-30 09:07:04
1656580025006717000,30.4,1,30.35,32,30.4,6,1,2022-06-30 09:07:05
1656580028185033000,30.4,1,30.35,33,30.4,5,1,2022-06-30 09:07:08
1656580028309422000,30.35,1,30.35,32,30.4,5,2,2022-06-30 09:07:08
1656580029281399000,30.35,1,30.35,31,30.4,5,2,2022-06-30 09:07:09
1656580032798373000,30.35,1,30.35,30,30.4,8,2,2022-06-30 09:07:12
1656580032824677000,30.35,30,30.3,28,30.4,8,2,2022-06-30 09:07:12
1656580034670511000,30.3,10,30.3,28,30.35,3,2,2022-06-30 09:07:14
1656580034706860000,30.3,18,30.25,7,30.35,3,2,2022-06-30 09:07:14
1656580034925092000,30.3,1,30.25,7,30.3,2,1,2022-06-30 09:07:14
1656580035473072000,30.3,1,30.3,2,30.35,3,1,2022-06-30 09:07:15
1656580037440940000,30.3,2,30.2,6,30.35,3,2,2022-06-30 09:07:17
1656580037440940000,30.25,4,30.2,6,30.35,3,2,2022-06-30 09:07:17
1656580037440940000,30.2,4,30.2,6,30.35,3,2,2022-06-30 09:07:17
1656580037706755000,30.2,1,30.2,5,30.3,1,2,2022-06-30 09:07:17
1656580038108018000,30.2,5,30.1,11,30.3,1,2,2022-06-30 09:07:18
1656580038108018000,30.15,2,30.1,11,30.3,1,2,2022-06-30 09:07:18
1656580038351598000,30.1,11,30.0,16,30.25,1,2,2022-06-30 09:07:18
1656580038351598000,30.05,4,30.0,16,30.25,1,2,2022-06-30 09:07:18
1656580038351598000,30.0,15,30.0,16,30.25,1,2,2022-06-30 09:07:18
1656580038398329000,30.0,1,30.0,15,30.2,2,2,2022-06-30 09:07:18
1656580039237966000,30.2,2,30.0,15,30.35,3,1,2022-06-30 09:07:19
1656580039237966000,30.25,1,30.0,15,30.35,3,1,2022-06-30 09:07:19
1656580039237966000,30.3,2,30.0,15,30.35,3,1,2022-06-30 09:07:19
1656580040249184000,30.05,1,30.0,14,30.35,3,2,2022-06-30 09:07:20
1656580040249184000,30.0,1,30.0,14,30.35,3,2,2022-06-30 09:07:20
1656580040445253000,30.3,1,30.0,14,30.3,1,1,2022-06-30 09:07:20
1656580040993313000,30.3,2,30.0,14,30.3,8,1,2022-06-30 09:07:20
1656580042158905000,30.25,1,30.05,4,30.3,7,1,2022-06-30 09:07:22
1656580042158905000,30.3,1,30.05,4,30.3,7,1,2022-06-30 09:07:22
1656580042637562000,30.1,1,30.05,4,30.3,7,2,2022-06-30 09:07:22
1656580043380770000,30.05,1,30.05,8,30.25,1,2,2022-06-30 09:07:23
1656580046832096000,30.2,1,30.05,12,30.3,17,2,2022-06-30 09:07:26
1656580047342855000,30.1,1,30.05,9,30.3,17,2,2022-06-30 09:07:27
1656580047342855000,30.05,1,30.05,9,30.3,17,2,2022-06-30 09:07:27
1656580048647370000,30.25,1,30.05,9,30.3,17,2,2022-06-30 09:07:28
1656580048868345000,30.05,1,30.05,8,30.3,17,2,2022-06-30 09:07:28
1656580048980843000,30.05,1,30.05,8,30.25,5,2,2022-06-30 09:07:28
1656580051550388000,30.05,5,30.05,4,30.2,2,2,2022-06-30 09:07:31
1656580051687559000,30.05,4,30.05,9,30.2,2,2,2022-06-30 09:07:31
1656580051687559000,30.0,15,30.05,9,30.2,2,2,2022-06-30 09:07:31
1656580051687559000,29.95,1,30.05,9,30.2,2,2,2022-06-30 09:07:31
1656580052658174000,30.15,1,30.05,1,30.15,2,1,2022-06-30 09:07:32
1656580053189167000,30.05,2,29.95,61,30.05,5,2,2022-06-30 09:07:33
1656580053441748000,30.05,1,29.95,61,30.05,4,1,2022-06-30 09:07:33
1656580053564760000,30.05,1,29.95,61,30.05,5,1,2022-06-30 09:07:33
1656580054354594000,30.05,3,30.1,4,30.15,2,1,2022-06-30 09:07:34
1656580054354594000,30.1,3,30.1,4,30.15,2,1,2022-06-30 09:07:34
1656580057794516000,30.1,4,30.0,10,30.1,6,2,2022-06-30 09:07:37
1656580061906341000,30.1,2,30.0,13,30.1,13,1,2022-06-30 09:07:41
1656580063396937000,30.0,2,30.0,11,30.1,11,2,2022-06-30 09:07:43
1656580066736082000,30.0,2,30.0,259,30.1,14,2,2022-06-30 09:07:46
1656580066784586000,30.1,14,30.05,6,30.15,3,1,2022-06-30 09:07:46
1656580068311111000,30.05,1,30.05,7,30.1,1,2,2022-06-30 09:07:48
1656580072369672000,30.05,2,30.05,16,30.1,1,2,2022-06-30 09:07:52
1656580074120699000,30.1,1,30.05,16,30.15,4,1,2022-06-30 09:07:54
1656580074541295000,30.05,1,30.05,15,30.15,4,2,2022-06-30 09:07:54
1656580078793195000,30.1,1,30.05,15,30.15,4,1,2022-06-30 09:07:58
1656580081151936000,30.15,4,30.1,5,30.15,4,1,2022-06-30 09:08:01
1656580083861168000,30.1,7,30.05,11,30.1,3,2,2022-06-30 09:08:03
1656580086067136000,30.05,1,30.05,10,30.1,4,2,2022-06-30 09:08:06
1656580087882533000,30.1,1,30.05,10,30.1,3,1,2022-06-30 09:08:07
1656580088479703000,30.1,2,30.05,11,30.1,1,1,2022-06-30 09:08:08
1656580088505411000,30.05,1,30.05,10,30.1,1,2,2022-06-30 09:08:08
1656580088530357000,30.1,1,30.05,11,30.1,3,1,2022-06-30 09:08:08
1656580091840817000,30.1,2,30.05,11,30.1,8,2,2022-06-30 09:08:11
1656580094897494000,30.1,1,30.05,14,30.1,7,1,2022-06-30 09:08:14
1656580095089358000,30.1,3,30.05,14,30.1,8,1,2022-06-30 09:08:15
1656580096370012000,30.1,5,30.05,14,30.15,12,1,2022-06-30 09:08:16
1656580097946834000,30.1,2,30.1,6,30.15,12,1,2022-06-30 09:08:17
1656580100198609000,30.1,1,30.1,10,30.15,12,2,2022-06-30 09:08:20
1656580103814685000,30.15,5,30.1,13,30.15,7,1,2022-06-30 09:08:23
1656580108695245000,30.15,1,30.1,14,30.15,1,1,2022-06-30 09:08:28
1656580108933057000,30.15,1,30.1,14,30.2,13,1,2022-06-30 09:08:28
1656580113194738000,30.2,5,30.15,11,30.2,8,1,2022-06-30 09:08:33
1656580114738511000,30.15,2,30.15,11,30.2,8,2,2022-06-30 09:08:34
1656580117523641000,30.2,1,30.15,10,30.2,7,1,2022-06-30 09:08:37
1656580119795406000,30.2,1,30.15,11,30.2,12,1,2022-06-30 09:08:39
1656580120477128000,30.15,11,30.1,9,30.2,12,2,2022-06-30 09:08:40
1656580120513282000,30.15,1,30.1,9,30.2,12,1,2022-06-30 09:08:40
1656580122391074000,30.2,2,30.15,1,30.2,10,1,2022-06-30 09:08:42
1656580123063597000,30.15,1,30.1,9,30.2,10,2,2022-06-30 09:08:43
1656580131124542000,30.15,7,30.1,10,30.15,3,2,2022-06-30 09:08:51
1656580131475141000,30.15,1,30.1,10,30.15,2,1,2022-06-30 09:08:51
1656580131484683000,30.15,1,30.1,10,30.15,1,1,2022-06-30 09:08:51
1656580132468390000,30.15,1,30.1,10,30.2,20,1,2022-06-30 09:08:52
1656580133681905000,30.15,1,30.1,10,30.2,21,1,2022-06-30 09:08:53
1656580137921451000,30.15,3,30.1,10,30.15,16,1,2022-06-30 09:08:57
1656580141650593000,30.15,1,30.1,10,30.15,15,1,2022-06-30 09:09:01
1656580143445066000,30.15,1,30.1,10,30.15,15,1,2022-06-30 09:09:03
1656580143539940000,30.1,1,30.1,9,30.15,15,2,2022-06-30 09:09:03
1656580144871561000,30.1,5,30.1,9,30.15,15,2,2022-06-30 09:09:04
1656580145004698000,30.15,1,30.1,9,30.15,14,1,2022-06-30 09:09:05
1656580148273942000,30.1,9,30.05,9,30.1,3,2,2022-06-30 09:09:08
1656580149446249000,30.1,1,30.05,9,30.1,2,1,2022-06-30 09:09:09
1656580152519227000,30.1,1,30.05,9,30.1,1,1,2022-06-30 09:09:12
1656580153806877000,30.05,1,30.05,8,30.1,1,2,2022-06-30 09:09:13
1656580160749522000,30.1,1,30.05,10,30.1,12,1,2022-06-30 09:09:20
1656580161341861000,30.05,1,30.05,9,30.1,12,2,2022-06-30 09:09:21
1656580168258643000,30.1,5,30.05,14,30.1,8,1,2022-06-30 09:09:28
1656580172980545000,30.1,1,30.05,14,30.1,7,1,2022-06-30 09:09:32
1656580175497182000,30.1,1,30.05,17,30.1,8,1,2022-06-30 09:09:35
1656580179831323000,30.1,7,30.1,1,30.15,27,1,2022-06-30 09:09:39
1656580180555733000,30.1,2,30.05,13,30.15,27,2,2022-06-30 09:09:40
1656580180555733000,30.05,3,30.05,13,30.15,27,2,2022-06-30 09:09:40
1656580185657698000,30.1,5,30.05,14,30.1,45,2,2022-06-30 09:09:45
1656580192877758000,30.1,4,30.05,16,30.1,50,1,2022-06-30 09:09:52
1656580193077638000,30.1,1,30.05,17,30.1,49,1,2022-06-30 09:09:53
1656580194014052000,30.05,10,30.05,7,30.1,50,2,2022-06-30 09:09:54
1656580195695518000,30.05,1,30.05,7,30.1,50,2,2022-06-30 09:09:55
1656580196527783000,30.05,2,30.05,5,30.1,50,2,2022-06-30 09:09:56
1656580198204728000,30.05,3,30.05,2,30.1,50,2,2022-06-30 09:09:58
1656580199201722000,30.05,1,30.05,2,30.1,50,2,2022-06-30 09:09:59
1656580199238024000,30.05,1,30.05,1,30.1,50,2,2022-06-30 09:09:59
1656580199411391000,30.05,1,30.0,62,30.05,8,2,2022-06-30 09:09:59
1656580202274622000,30.0,1,30.0,62,30.05,8,2,2022-06-30 09:10:02
1656580205009500000,30.0,1,30.0,61,30.05,9,2,2022-06-30 09:10:05
1656580205677764000,30.0,1,30.0,60,30.05,9,2,2022-06-30 09:10:05
1656580206859331000,30.05,1,30.0,60,30.05,8,1,2022-06-30 09:10:06
1656580210829907000,30.05,9,30.0,61,30.1,48,1,2022-06-30 09:10:10
1656580211430723000,30.0,1,30.0,60,30.05,1,2,2022-06-30 09:10:11
1656580211470282000,30.0,1,30.0,61,30.05,1,2,2022-06-30 09:10:11
1656580214861247000,30.05,1,30.05,1,30.1,46,1,2022-06-30 09:10:14
1656580214917247000,30.05,1,30.0,61,30.1,46,2,2022-06-30 09:10:14
1656580219386647000,30.05,1,30.0,33,30.1,46,2,2022-06-30 09:10:19
1656580219386647000,30.0,29,30.0,33,30.1,46,2,2022-06-30 09:10:19
1656580221608416000,30.0,7,30.0,26,30.05,5,2,2022-06-30 09:10:21
1656580221645492000,30.0,2,30.0,24,30.05,5,2,2022-06-30 09:10:21
1656580221681169000,30.0,1,30.0,23,30.05,5,2,2022-06-30 09:10:21
1656580222570901000,30.05,5,30.0,23,30.05,1,1,2022-06-30 09:10:22
1656580222636560000,30.0,1,30.0,22,30.05,1,2,2022-06-30 09:10:22
1656580230263640000,30.0,2,30.0,41,30.05,2,2,2022-06-30 09:10:30
1656580230303159000,30.0,1,30.0,40,30.05,2,2,2022-06-30 09:10:30
1656580230338861000,30.0,1,30.0,39,30.05,2,2,2022-06-30 09:10:30
1656580230875758000,30.0,2,30.0,37,30.05,2,2,2022-06-30 09:10:30
1656580233146432000,30.05,2,30.0,38,30.1,48,1,2022-06-30 09:10:33
1656580233156608000,30.1,1,30.0,38,30.1,47,1,2022-06-30 09:10:33
1656580233179781000,30.1,5,30.0,38,30.1,42,1,2022-06-30 09:10:33
1656580233698659000,30.0,3,30.0,35,30.1,42,2,2022-06-30 09:10:33
1656580242392548000,30.0,5,30.0,37,30.1,42,2,2022-06-30 09:10:42
1656580256083750000,30.05,3,30.0,40,30.05,12,1,2022-06-30 09:10:56
1656580258652483000,30.05,13,30.05,17,30.1,42,1,2022-06-30 09:10:58
1656580260533675000,30.05,1,30.05,26,30.1,42,2,2022-06-30 09:11:00
1656580270121890000,30.05,2,30.05,26,30.1,43,2,2022-06-30 09:11:10
1656580271572152000,30.05,2,30.05,24,30.1,43,2,2022-06-30 09:11:11
1656580271611467000,30.05,1,30.05,23,30.1,43,2,2022-06-30 09:11:11
1656580282078863000,30.1,1,30.05,24,30.1,42,1,2022-06-30 09:11:22
1656580297808220000,30.1,2,30.05,30,30.1,47,1,2022-06-30 09:11:37
1656580301940260000,30.1,1,30.05,30,30.1,46,1,2022-06-30 09:11:41
1656580302103339000,30.1,1,30.05,30,30.1,45,1,2022-06-30 09:11:42
1656580307188494000,30.05,1,30.05,29,30.1,45,2,2022-06-30 09:11:47
1656580308308317000,30.1,1,30.05,29,30.1,44,1,2022-06-30 09:11:48
1656580311992620000,30.1,10,30.05,19,30.1,34,1,2022-06-30 09:11:51
1656580318425121000,30.1,2,30.05,19,30.1,32,1,2022-06-30 09:11:58
1656580318930505000,30.1,1,30.05,19,30.1,31,1,2022-06-30 09:11:58
1656580319381393000,30.1,5,30.05,19,30.1,27,1,2022-06-30 09:11:59
1656580321967708000,30.1,1,30.05,20,30.1,26,1,2022-06-30 09:12:01
1656580322874564000,30.1,1,30.05,20,30.1,25,1,2022-06-30 09:12:02
1656580322882471000,30.1,10,30.05,20,30.1,15,1,2022-06-30 09:12:02
1656580324261525000,30.1,2,30.05,20,30.1,13,1,2022-06-30 09:12:04
1656580324710483000,30.1,10,30.05,20,30.1,3,1,2022-06-30 09:12:04
1656580324749047000,30.1,3,30.05,20,30.15,16,1,2022-06-30 09:12:04
1656580333096803000,30.15,2,30.1,16,30.15,14,1,2022-06-30 09:12:13
1656580334874759000,30.15,1,30.1,16,30.15,13,1,2022-06-30 09:12:14
1656580339426419000,30.15,10,30.1,19,30.15,9,1,2022-06-30 09:12:19
1656580340341721000,30.15,1,30.1,19,30.15,8,1,2022-06-30 09:12:20
1656580341733088000,30.15,3,30.1,19,30.15,5,1,2022-06-30 09:12:21
1656580341762423000,30.15,1,30.1,19,30.15,4,1,2022-06-30 09:12:21
1656580342110482000,30.15,1,30.1,19,30.15,3,1,2022-06-30 09:12:22
1656580342156697000,30.15,3,30.1,19,30.2,17,1,2022-06-30 09:12:22
1656580343742608000,30.15,2,30.1,19,30.15,8,1,2022-06-30 09:12:23
1656580345953065000,30.15,4,30.1,19,30.15,4,1,2022-06-30 09:12:25
1656580346094586000,30.15,1,30.1,19,30.15,3,1,2022-06-30 09:12:26
1656580348814783000,30.15,1,30.1,22,30.15,3,1,2022-06-30 09:12:28
1656580350293689000,30.15,1,30.1,22,30.15,2,1,2022-06-30 09:12:30
1656580351091520000,30.15,2,30.15,3,30.2,27,1,2022-06-30 09:12:31
1656580353803613000,30.15,1,30.15,8,30.2,27,2,2022-06-30 09:12:33
1656580354565789000,30.15,2,30.15,6,30.2,27,2,2022-06-30 09:12:34
1656580358912348000,30.15,1,30.15,11,30.2,27,2,2022-06-30 09:12:38
1656580365145268000,30.15,10,30.15,3,30.2,27,2,2022-06-30 09:12:45
1656580365171031000,30.15,3,30.1,24,30.2,27,2,2022-06-30 09:12:45
1656580370195633000,30.2,1,30.1,24,30.2,31,1,2022-06-30 09:12:50
1656580372601530000,30.15,1,30.1,24,30.2,31,2,2022-06-30 09:12:52
1656580382913042000,30.2,20,30.15,2,30.2,11,1,2022-06-30 09:13:02
1656580382949409000,30.2,3,30.15,2,30.2,8,1,2022-06-30 09:13:02
1656580382954814000,30.15,2,30.1,23,30.15,8,2,2022-06-30 09:13:02
1656580384593335000,30.15,1,30.1,24,30.15,7,1,2022-06-30 09:13:04
1656580385746291000,30.15,2,30.1,24,30.15,5,1,2022-06-30 09:13:05
1656580387451610000,30.15,5,30.15,5,30.2,9,1,2022-06-30 09:13:07
1656580390290757000,30.2,3,30.15,5,30.2,6,1,2022-06-30 09:13:10
1656580397386169000,30.2,3,30.15,8,30.2,4,1,2022-06-30 09:13:17
1656580398916833000,30.2,5,30.15,8,30.25,9,1,2022-06-30 09:13:18
1656580402803427000,30.2,2,30.2,8,30.25,11,2,2022-06-30 09:13:22
1656580408809311000,30.25,5,30.2,16,30.25,6,1,2022-06-30 09:13:28
1656580409371875000,30.25,1,30.2,16,30.25,5,1,2022-06-30 09:13:29
1656580409383074000,30.25,1,30.2,16,30.25,4,1,2022-06-30 09:13:29
1656580409680841000,30.25,4,30.25,6,30.3,29,1,2022-06-30 09:13:29
1656580410296523000,30.3,1,30.25,6,30.3,28,1,2022-06-30 09:13:30
1656580412235752000,30.25,6,30.2,17,30.25,7,2,2022-06-30 09:13:32
1656580416816025000,30.25,6,30.2,18,30.25,1,1,2022-06-30 09:13:36
1656580419392490000,30.25,1,30.25,2,30.3,28,1,2022-06-30 09:13:39
1656580421420353000,30.3,28,30.25,21,30.35,12,1,2022-06-30 09:13:41
1656580422005336000,30.25,1,30.25,20,30.35,12,2,2022-06-30 09:13:42
1656580426520009000,30.3,1,30.3,9,30.35,12,2,2022-06-30 09:13:46
1656580429640449000,30.3,1,30.3,10,30.35,12,2,2022-06-30 09:13:49
1656580429674525000,30.3,2,30.3,8,30.35,12,2,2022-06-30 09:13:49
1656580441226932000,30.3,1,30.3,8,30.35,11,2,2022-06-30 09:14:01
1656580441394241000,30.3,1,30.3,7,30.35,11,2,2022-06-30 09:14:01
1656580443282673000,30.3,2,30.3,5,30.35,11,2,2022-06-30 09:14:03
1656580451509054000,30.3,14,30.25,19,30.35,11,2,2022-06-30 09:14:11
1656580451578846000,30.25,1,30.25,18,30.35,13,2,2022-06-30 09:14:11
1656580456556420000,30.25,8,30.25,17,30.3,9,2,2022-06-30 09:14:16
1656580459653449000,30.25,2,30.25,6,30.3,12,2,2022-06-30 09:14:19
1656580459929660000,30.25,6,30.2,18,30.3,13,2,2022-06-30 09:14:19
1656580465792912000,30.25,2,30.2,18,30.25,1,1,2022-06-30 09:14:25
1656580468507709000,30.2,1,30.2,17,30.25,11,2,2022-06-30 09:14:28
1656580468573049000,30.2,8,30.2,9,30.25,11,2,2022-06-30 09:14:28
1656580468612836000,30.2,1,30.2,8,30.25,16,2,2022-06-30 09:14:28
1656580468613008000,30.2,1,30.2,7,30.25,16,2,2022-06-30 09:14:28
1656580468710768000,30.2,7,30.15,4,30.25,16,2,2022-06-30 09:14:28
1656580470728871000,30.15,1,30.15,3,30.25,16,2,2022-06-30 09:14:30
1656580470774832000,30.15,1,30.15,2,30.25,16,2,2022-06-30 09:14:30
1656580472390183000,30.15,1,30.15,1,30.2,1,2,2022-06-30 09:14:32
1656580477575971000,30.2,1,30.15,1,30.2,1,1,2022-06-30 09:14:37
1656580478914295000,30.2,1,30.2,3,30.25,15,1,2022-06-30 09:14:38
1656580480526993000,30.2,1,30.2,2,30.25,15,2,2022-06-30 09:14:40
1656580480883886000,30.2,2,30.15,1,30.25,10,2,2022-06-30 09:14:40
1656580489611343000,30.2,9,30.2,1,30.25,11,1,2022-06-30 09:14:49
1656580492041075000,30.2,1,30.15,3,30.25,11,2,2022-06-30 09:14:52
1656580495131939000,30.2,1,30.2,4,30.25,11,2,2022-06-30 09:14:55
1656580497760973000,30.2,4,30.15,3,30.2,1,2,2022-06-30 09:14:57
1656580497799310000,30.15,1,30.15,2,30.2,1,2,2022-06-30 09:14:57
1656580505467098000,30.15,2,30.1,30,30.2,55,2,2022-06-30 09:15:05
1656580505794385000,30.1,9,30.1,21,30.2,55,2,2022-06-30 09:15:05
1656580507026552000,30.2,3,30.1,21,30.2,53,1,2022-06-30 09:15:07
1656580511769294000,30.15,1,30.1,21,30.2,53,1,2022-06-30 09:15:11
1656580512680226000,30.15,1,30.1,21,30.2,53,1,2022-06-30 09:15:12
1656580513159489000,30.15,5,30.1,18,30.2,53,2,2022-06-30 09:15:13
1656580517520338000,30.15,1,30.1,18,30.2,53,1,2022-06-30 09:15:17
1656580525749927000,30.15,2,30.1,19,30.2,64,1,2022-06-30 09:15:25
1656580526896841000,30.15,2,30.1,19,30.2,64,2,2022-06-30 09:15:26
1656580531779694000,30.15,1,30.1,19,30.15,6,1,2022-06-30 09:15:31
1656580533002779000,30.15,2,30.1,20,30.15,5,1,2022-06-30 09:15:33
1656580536053228000,30.15,1,30.1,20,30.15,7,1,2022-06-30 09:15:36
1656580546094257000,30.15,1,30.1,25,30.15,11,1,2022-06-30 09:15:46
1656580560989140000,30.15,2,30.1,25,30.15,7,1,2022-06-30 09:16:00
1656580562877356000,30.15,2,30.1,25,30.15,5,1,2022-06-30 09:16:02
1656580562918834000,30.1,1,30.1,24,30.15,5,2,2022-06-30 09:16:02
1656580563449775000,30.1,1,30.1,23,30.15,5,2,2022-06-30 09:16:03
1656580569138344000,30.1,2,30.1,21,30.15,11,2,2022-06-30 09:16:09
1656580569171813000,30.1,5,30.1,16,30.15,11,2,2022-06-30 09:16:09
1656580569196537000,30.1,16,30.05,20,30.15,11,2,2022-06-30 09:16:09
1656580569491415000,30.1,3,30.05,20,30.1,1,1,2022-06-30 09:16:09
1656580569706435000,30.1,3,30.05,20,30.15,13,1,2022-06-30 09:16:09
1656580574543692000,30.1,1,30.05,20,30.1,2,1,2022-06-30 09:16:14
1656580576472413000,30.1,1,30.05,20,30.1,1,1,2022-06-30 09:16:16
1656580580848605000,30.1,1,30.1,4,30.15,10,1,2022-06-30 09:16:20
1656580586815688000,30.15,2,30.1,12,30.15,8,1,2022-06-30 09:16:26
1656580593889586000,30.15,1,30.1,12,30.15,8,1,2022-06-30 09:16:33
1656580594228042000,30.15,5,30.1,12,30.15,3,1,2022-06-30 09:16:34
1656580594395094000,30.1,3,30.1,9,30.15,3,2,2022-06-30 09:16:34
1656580611733857000,30.1,1,30.1,6,30.15,4,2,2022-06-30 09:16:51
1656580618841807000,30.15,10,30.1,6,30.15,1,1,2022-06-30 09:16:58
1656580623958084000,30.15,1,30.1,7,30.2,14,1,2022-06-30 09:17:03
1656580631175498000,30.15,3,30.1,9,30.15,2,2,2022-06-30 09:17:11
1656580648598637000,30.1,1,30.1,10,30.15,3,2,2022-06-30 09:17:28
1656580651444188000,30.15,1,30.1,10,30.15,2,1,2022-06-30 09:17:31
1656580651646247000,30.1,1,30.1,9,30.15,2,2,2022-06-30 09:17:31
1656580669437496000,30.1,1,30.1,10,30.15,9,2,2022-06-30 09:17:49
1656580671239860000,30.1,2,30.1,8,30.15,10,2,2022-06-30 09:17:51
1656580671432006000,30.1,1,30.1,7,30.15,10,2,2022-06-30 09:17:51
1656580671488557000,30.1,2,30.1,5,30.15,10,2,2022-06-30 09:17:51
1656580671534156000,30.1,1,30.1,4,30.15,10,2,2022-06-30 09:17:51
1656580673722782000,30.1,4,30.05,25,30.15,15,2,2022-06-30 09:17:53
1656580673744378000,30.05,1,30.05,24,30.15,15,2,2022-06-30 09:17:53
1656580679908666000,30.1,1,30.05,24,30.1,4,1,2022-06-30 09:17:59
1656580682209853000,30.1,1,30.05,24,30.1,6,1,2022-06-30 09:18:02
1656580685045645000,30.1,1,30.05,24,30.1,5,1,2022-06-30 09:18:05
1656580717215023000,30.05,26,30.0,29,30.1,3,2,2022-06-30 09:18:37
1656580717215023000,30.0,21,30.0,29,30.1,3,2,2022-06-30 09:18:37
1656580717248321000,30.0,1,30.0,28,30.05,4,2,2022-06-30 09:18:37
1656580717281870000,30.0,28,30.0,28,30.05,4,2,2022-06-30 09:18:37
1656580723026043000,29.95,12,29.95,50,30.0,4,2,2022-06-30 09:18:43
1656580723057355000,29.95,1,29.95,49,30.0,4,2,2022-06-30 09:18:43
1656580723083655000,29.95,1,29.95,48,30.0,4,2,2022-06-30 09:18:43
1656580723129820000,29.95,2,29.95,46,30.0,4,2,2022-06-30 09:18:43
1656580726402376000,29.95,3,29.95,43,30.0,4,2,2022-06-30 09:18:46
1656580726462281000,29.95,2,29.95,41,30.0,4,2,2022-06-30 09:18:46
1656580727754597000,30.0,1,29.95,41,30.0,3,1,2022-06-30 09:18:47
1656580728004209000,29.95,41,29.9,25,30.0,3,2,2022-06-30 09:18:48
1656580729763860000,29.9,6,29.9,19,29.95,7,2,2022-06-30 09:18:49
1656580729814621000,29.9,10,29.9,9,29.95,7,2,2022-06-30 09:18:49
1656580729850724000,29.9,9,29.85,8,29.95,5,2,2022-06-30 09:18:49
1656580729869847000,29.85,5,29.85,3,29.95,5,2,2022-06-30 09:18:49
1656580730089720000,29.85,1,29.85,2,29.9,4,2,2022-06-30 09:18:50
1656580730136512000,29.85,2,29.8,40,29.9,4,2,2022-06-30 09:18:50
1656580731826730000,29.9,2,29.8,44,29.95,5,1,2022-06-30 09:18:51
1656580731826730000,29.95,2,29.8,44,29.95,5,1,2022-06-30 09:18:51
1656580731919166000,29.9,1,29.8,44,30.0,1,1,2022-06-30 09:18:51
1656580731919166000,29.95,3,29.8,44,30.0,1,1,2022-06-30 09:18:51
1656580732352999000,29.8,7,29.8,34,30.0,3,2,2022-06-30 09:18:52
1656580732519718000,29.8,1,29.8,33,30.0,3,2,2022-06-30 09:18:52
1656580733420787000,29.85,1,29.8,33,30.05,2,1,2022-06-30 09:18:53
1656580734112178000,30.0,1,29.9,1,30.0,11,1,2022-06-30 09:18:54
1656580735022911000,29.9,1,29.85,1,30.0,11,2,2022-06-30 09:18:55
1656580749666172000,29.95,2,29.9,13,30.0,19,2,2022-06-30 09:19:09
1656580749758624000,29.9,6,29.9,7,30.0,19,2,2022-06-30 09:19:09
1656580749791808000,29.9,7,29.85,6,30.0,19,2,2022-06-30 09:19:09
1656580750048316000,29.95,1,29.85,6,29.95,1,1,2022-06-30 09:19:10
1656580756431520000,29.95,1,29.9,5,29.95,1,1,2022-06-30 09:19:16
1656580756464951000,29.95,1,29.9,5,30.0,19,1,2022-06-30 09:19:16
1656580770088631000,29.95,4,29.95,1,30.0,30,2,2022-06-30 09:19:30
1656580770111938000,29.95,1,29.9,5,30.0,30,2,2022-06-30 09:19:30
1656580778119755000,29.95,5,29.9,5,30.0,29,2,2022-06-30 09:19:38
1656580778119755000,29.9,1,29.9,5,30.0,29,2,2022-06-30 09:19:38
1656580778400009000,29.9,5,29.85,2,30.0,29,2,2022-06-30 09:19:38
1656580785322395000,29.85,2,29.8,28,29.95,18,2,2022-06-30 09:19:45
1656580785322395000,29.8,6,29.8,28,29.95,18,2,2022-06-30 09:19:45
1656580789075121000,29.8,6,29.8,22,29.95,68,2,2022-06-30 09:19:49
1656580793107328000,29.8,2,29.8,22,29.95,73,2,2022-06-30 09:19:53
1656580795129193000,29.8,3,29.8,20,29.95,73,2,2022-06-30 09:19:55
1656580799362060000,29.8,3,29.8,17,29.9,1,2,2022-06-30 09:19:59
1656580800302832000,29.85,1,29.8,18,29.9,1,2,2022-06-30 09:20:00
1656580800880909000,29.8,2,29.8,16,29.9,1,2,2022-06-30 09:20:00
1656580800999656000,29.8,1,29.8,15,29.9,1,2,2022-06-30 09:20:00
1656580806523642000,29.9,2,29.8,17,29.9,10,1,2022-06-30 09:20:06
1656580806832545000,29.8,1,29.8,16,29.9,10,2,2022-06-30 09:20:06
1656580809512644000,29.85,1,29.8,27,29.9,10,2,2022-06-30 09:20:09
1656580812308640000,29.9,6,29.8,27,29.9,4,1,2022-06-30 09:20:12
1656580812312141000,29.8,10,29.8,17,29.9,4,2,2022-06-30 09:20:12
1656580813482403000,29.85,1,29.8,17,29.9,4,2,2022-06-30 09:20:13
1656580814776606000,29.8,1,29.8,16,29.9,5,2,2022-06-30 09:20:14
1656580821317537000,29.85,1,29.8,18,29.85,1,1,2022-06-30 09:20:21
1656580821780512000,29.8,10,29.8,8,29.85,1,2,2022-06-30 09:20:21
1656580822213949000,29.85,1,29.85,1,29.9,2,1,2022-06-30 09:20:22
1656580822283280000,29.85,1,29.8,4,29.9,2,2,2022-06-30 09:20:22
1656580822283280000,29.8,4,29.8,4,29.9,2,2,2022-06-30 09:20:22
1656580826829112000,29.8,1,29.8,4,29.85,3,2,2022-06-30 09:20:26
1656580830969822000,29.8,5,29.75,8,29.85,4,2,2022-06-30 09:20:30
1656580834335741000,29.8,1,29.7,17,29.85,4,2,2022-06-30 09:20:34
1656580834335741000,29.75,8,29.7,17,29.85,4,2,2022-06-30 09:20:34
1656580834335741000,29.7,1,29.7,17,29.85,4,2,2022-06-30 09:20:34
1656580834538799000,29.85,1,29.7,17,29.85,3,1,2022-06-30 09:20:34
1656580835797121000,29.8,1,29.7,17,29.85,3,1,2022-06-30 09:20:35
1656580838654837000,29.8,3,29.7,17,29.85,3,1,2022-06-30 09:20:38
1656580840043467000,29.75,5,29.75,2,29.8,2,2,2022-06-30 09:20:40
1656580840072270000,29.75,2,29.7,17,29.8,2,2,2022-06-30 09:20:40
1656580840261888000,29.7,5,29.7,13,29.75,1,2,2022-06-30 09:20:40
1656580840288003000,29.7,1,29.7,18,29.75,1,2,2022-06-30 09:20:40
1656580840609301000,29.75,1,29.7,12,29.8,1,1,2022-06-30 09:20:40
1656580840609301000,29.8,1,29.7,12,29.8,1,1,2022-06-30 09:20:40
1656580841198587000,29.7,5,29.7,7,29.8,1,2,2022-06-30 09:20:41
1656580841228938000,29.7,7,29.65,9,29.8,1,2,2022-06-30 09:20:41
1656580841420857000,29.65,5,29.65,4,29.8,1,2,2022-06-30 09:20:41
1656580846813076000,29.8,4,29.65,1,29.8,3,1,2022-06-30 09:20:46
1656580846891754000,29.65,1,29.6,11,29.75,1,2,2022-06-30 09:20:46
1656580846891754000,29.6,1,29.6,11,29.75,1,2,2022-06-30 09:20:46
1656580847450292000,29.6,4,29.6,7,29.75,1,2,2022-06-30 09:20:47
1656580848894015000,29.7,1,29.65,8,29.7,1,1,2022-06-30 09:20:48
1656580850324594000,29.75,1,29.65,8,29.8,4,1,2022-06-30 09:20:50
1656580855829595000,29.7,1,29.65,16,29.8,20,2,2022-06-30 09:20:55
1656580855829595000,29.65,4,29.65,16,29.8,20,2,2022-06-30 09:20:55
1656580857001712000,29.75,1,29.7,10,29.8,21,1,2022-06-30 09:20:57
1656580857036424000,29.7,1,29.7,9,29.8,21,2,2022-06-30 09:20:57
1656580859169001000,29.75,1,29.7,15,29.75,1,1,2022-06-30 09:20:59
1656580859495784000,29.7,3,29.7,12,29.8,21,2,2022-06-30 09:20:59
1656580860962114000,29.7,5,29.7,7,29.8,21,2,2022-06-30 09:21:00
1656580860993294000,29.7,2,29.7,5,29.8,21,2,2022-06-30 09:21:00
1656580861558737000,29.7,2,29.7,2,29.75,1,2,2022-06-30 09:21:01
1656580862494394000,29.7,1,29.7,2,29.75,1,2,2022-06-30 09:21:02
1656580864041042000,29.7,1,29.7,1,29.75,1,2,2022-06-30 09:21:04
1656580864073211000,29.7,1,29.65,14,29.75,1,2,2022-06-30 09:21:04
1656580865815898000,29.75,1,29.7,1,29.8,20,1,2022-06-30 09:21:05
1656580866140869000,29.8,15,29.75,17,29.8,5,1,2022-06-30 09:21:06
1656580866172431000,29.8,5,29.75,17,29.85,3,1,2022-06-30 09:21:06
1656580866486581000,29.75,1,29.75,18,29.85,3,2,2022-06-30 09:21:06
1656580866687087000,29.75,1,29.75,17,29.85,2,2,2022-06-30 09:21:06
1656580869781866000,29.75,17,29.65,16,29.85,2,2,2022-06-30 09:21:09
1656580869781866000,29.7,8,29.65,16,29.85,2,2,2022-06-30 09:21:09
1656580869781866000,29.65,5,29.65,16,29.85,2,2,2022-06-30 09:21:09
1656580870905480000,29.8,1,29.7,9,29.85,2,1,2022-06-30 09:21:10
1656580873900462000,29.8,2,29.7,11,29.85,2,1,2022-06-30 09:21:13
1656580873909456000,29.7,5,29.7,6,29.85,2,2,2022-06-30 09:21:13
1656580873931978000,29.7,1,29.7,5,29.85,2,2,2022-06-30 09:21:13
1656580874246100000,29.75,1,29.75,1,29.8,4,2,2022-06-30 09:21:14
1656580874246100000,29.7,4,29.75,1,29.8,4,2,2022-06-30 09:21:14
1656580876476097000,29.75,1,29.65,17,29.8,4,2,2022-06-30 09:21:16
1656580876476097000,29.7,3,29.65,17,29.8,4,2,2022-06-30 09:21:16
1656580876476097000,29.65,1,29.65,17,29.8,4,2,2022-06-30 09:21:16
1656580880235744000,29.75,1,29.7,1,29.8,5,2,2022-06-30 09:21:20
1656580880275522000,29.7,1,29.65,17,29.8,5,2,2022-06-30 09:21:20
1656580883284341000,29.8,5,29.7,6,29.85,1,1,2022-06-30 09:21:23
1656580885152331000,29.7,2,29.7,15,29.85,1,2,2022-06-30 09:21:25
1656580887384303000,29.85,1,29.8,1,29.9,2,1,2022-06-30 09:21:27
1656580895265726000,29.9,1,29.85,3,29.9,2,1,2022-06-30 09:21:35
1656580895297470000,29.9,2,29.85,3,29.95,61,1,2022-06-30 09:21:35
1656580901904010000,29.9,1,29.85,5,29.95,61,1,2022-06-30 09:21:41
1656580901961895000,29.95,59,29.85,6,29.95,2,1,2022-06-30 09:21:41
1656580901992954000,29.95,2,29.85,6,30.0,14,1,2022-06-30 09:21:41
1656580902155650000,29.85,1,29.85,5,30.0,14,2,2022-06-30 09:21:42
1656580908899190000,29.9,3,29.85,11,29.9,1,2,2022-06-30 09:21:48
1656580908924793000,29.9,1,29.85,11,29.9,1,1,2022-06-30 09:21:48
1656580912481069000,29.9,4,29.85,12,30.0,14,1,2022-06-30 09:21:52
1656580916656823000,29.95,4,29.9,13,30.0,14,1,2022-06-30 09:21:56
1656580919268867000,30.0,14,30.0,7,30.1,4,1,2022-06-30 09:21:59
1656580925258458000,30.0,1,30.0,12,30.1,4,2,2022-06-30 09:22:05
1656580925717547000,30.0,15,30.0,2,30.1,4,2,2022-06-30 09:22:05
1656580925750648000,30.0,2,29.95,10,30.1,4,2,2022-06-30 09:22:05
1656580927822478000,30.0,2,30.0,5,30.05,10,2,2022-06-30 09:22:07
1656580929737518000,30.05,1,30.0,6,30.05,9,1,2022-06-30 09:22:09
1656580933301832000,30.05,1,30.0,6,30.05,8,1,2022-06-30 09:22:13
1656580934758592000,30.05,1,30.0,6,30.05,7,1,2022-06-30 09:22:14
1656580936477881000,30.0,2,30.0,4,30.05,7,2,2022-06-30 09:22:16
1656580937285773000,30.05,1,30.0,4,30.05,6,1,2022-06-30 09:22:17
1656580951937326000,30.05,1,30.0,9,30.05,5,1,2022-06-30 09:22:31
1656580960812196000,30.05,1,30.0,11,30.05,5,1,2022-06-30 09:22:40
1656580962281604000,30.05,5,30.05,1,30.1,3,1,2022-06-30 09:22:42
1656580966169411000,30.05,1,30.0,14,30.1,2,2,2022-06-30 09:22:46
1656580976196239000,30.05,1,30.0,14,30.05,2,1,2022-06-30 09:22:56
1656580977796823000,30.05,1,30.0,14,30.05,1,1,2022-06-30 09:22:57
1656580989998590000,30.0,9,30.0,6,30.05,2,2,2022-06-30 09:23:09
1656580990029989000,30.0,3,30.0,3,30.05,2,2,2022-06-30 09:23:10
1656580990030398000,30.0,3,29.95,10,30.05,2,2,2022-06-30 09:23:10
1656580994106958000,30.05,2,29.95,10,30.05,2,1,2022-06-30 09:23:14
1656581002297001000,30.0,2,29.95,10,30.05,15,2,2022-06-30 09:23:22
1656581002327163000,29.95,5,29.95,5,30.05,15,2,2022-06-30 09:23:22
1656581002348189000,29.95,2,29.95,3,30.05,15,2,2022-06-30 09:23:22
1656581002404985000,29.95,3,29.9,10,30.0,3,2,2022-06-30 09:23:22
1656581018609861000,29.9,1,29.9,10,29.95,5,2,2022-06-30 09:23:38
1656581023867209000,29.9,1,29.9,9,29.95,5,2,2022-06-30 09:23:43
1656581026540146000,29.9,2,29.9,7,29.95,5,2,2022-06-30 09:23:46
1656581034186373000,29.9,1,29.9,6,29.95,5,2,2022-06-30 09:23:54
1656581036403827000,29.9,1,29.9,5,29.95,5,2,2022-06-30 09:23:56
1656581040531463000,29.9,1,29.9,4,29.95,5,2,2022-06-30 09:24:00
1656581051905590000,29.95,1,29.9,4,29.95,4,1,2022-06-30 09:24:11
1656581059414323000,29.9,1,29.9,3,29.95,4,2,2022-06-30 09:24:19
1656581060884237000,29.9,1,29.9,4,29.95,5,2,2022-06-30 09:24:20
1656581061541678000,29.95,1,29.9,3,29.95,4,1,2022-06-30 09:24:21
1656581071109973000,29.95,1,29.9,3,29.95,3,1,2022-06-30 09:24:31
1656581071511262000,29.95,2,29.9,3,29.95,1,1,2022-06-30 09:24:31
1656581075008446000,29.95,1,29.9,3,30.0,16,1,2022-06-30 09:24:35
1656581086891296000,29.95,1,29.9,7,30.0,17,1,2022-06-30 09:24:46
1656581090980651000,29.95,3,29.9,7,29.95,9,1,2022-06-30 09:24:50
1656581095298417000,29.95,1,29.9,7,29.95,8,1,2022-06-30 09:24:55
1656581096338076000,29.95,1,29.9,7,29.95,7,1,2022-06-30 09:24:56
1656581096948251000,29.95,1,29.9,7,29.95,6,1,2022-06-30 09:24:56
1656581100053967000,29.95,6,29.95,4,30.0,15,1,2022-06-30 09:25:00
1656581102574669000,30.0,2,29.95,9,30.0,13,1,2022-06-30 09:25:02
1656581102631170000,30.0,4,29.95,9,30.0,9,1,2022-06-30 09:25:02
1656581102664020000,30.0,9,29.95,9,30.05,11,1,2022-06-30 09:25:02
1656581102978368000,30.05,1,30.0,2,30.05,10,1,2022-06-30 09:25:02
1656581103033759000,30.05,10,30.0,2,30.1,5,1,2022-06-30 09:25:03
1656581103662934000,30.1,1,30.0,2,30.1,4,1,2022-06-30 09:25:03
1656581108839203000,30.1,1,30.0,4,30.1,3,1,2022-06-30 09:25:08
1656581109757926000,30.1,1,30.0,4,30.1,2,1,2022-06-30 09:25:09
1656581109783183000,30.1,2,30.0,4,30.15,6,1,2022-06-30 09:25:09
1656581116577492000,30.1,3,30.1,1,30.15,6,2,2022-06-30 09:25:16
1656581121896828000,30.15,5,30.1,3,30.15,1,1,2022-06-30 09:25:21
1656581122065161000,30.15,1,30.1,3,30.2,12,1,2022-06-30 09:25:22
1656581122065161000,30.2,4,30.1,3,30.2,12,1,2022-06-30 09:25:22
1656581129530479000,30.2,12,30.15,11,30.25,5,1,2022-06-30 09:25:29
1656581129710381000,30.25,3,30.2,2,30.25,2,1,2022-06-30 09:25:29
1656581129861242000,30.2,1,30.2,1,30.25,2,2,2022-06-30 09:25:29
1656581129974288000,30.25,1,30.2,3,30.25,2,1,2022-06-30 09:25:29
1656581131036212000,30.25,1,30.2,3,30.3,4,1,2022-06-30 09:25:31
1656581131036212000,30.3,9,30.2,3,30.3,4,1,2022-06-30 09:25:31
1656581131088327000,30.3,3,30.2,3,30.3,1,1,2022-06-30 09:25:31
1656581131170225000,30.3,1,30.25,1,30.35,2,1,2022-06-30 09:25:31
1656581132372626000,30.25,3,30.25,5,30.35,2,2,2022-06-30 09:25:32
1656581132547292000,30.35,1,30.25,5,30.35,1,1,2022-06-30 09:25:32
1656581132622521000,30.35,1,30.3,1,30.4,13,1,2022-06-30 09:25:32
1656581132622521000,30.4,1,30.3,1,30.4,13,1,2022-06-30 09:25:32
1656581132637604000,30.4,4,30.3,1,30.4,9,1,2022-06-30 09:25:32
1656581132848541000,30.4,1,30.3,3,30.4,8,1,2022-06-30 09:25:32
1656581133088278000,30.4,3,30.3,9,30.4,5,1,2022-06-30 09:25:33
1656581137010035000,30.35,1,30.35,14,30.4,15,2,2022-06-30 09:25:37
1656581138472572000,30.4,2,30.35,15,30.4,13,1,2022-06-30 09:25:38
1656581138541619000,30.4,10,30.35,15,30.4,3,1,2022-06-30 09:25:38
1656581138791295000,30.4,2,30.35,15,30.4,1,1,2022-06-30 09:25:38
1656581140209995000,30.4,1,30.35,15,30.45,13,1,2022-06-30 09:25:40
1656581140661807000,30.4,2,30.4,2,30.45,13,2,2022-06-30 09:25:40
1656581143017533000,30.4,1,30.4,5,30.45,13,2,2022-06-30 09:25:43
1656581143692263000,30.45,5,30.4,8,30.45,8,1,2022-06-30 09:25:43
1656581143788570000,30.45,2,30.4,8,30.45,6,1,2022-06-30 09:25:43
1656581143838974000,30.45,5,30.4,8,30.45,1,1,2022-06-30 09:25:43
1656581143852022000,30.45,1,30.4,8,30.5,35,1,2022-06-30 09:25:43
1656581143852022000,30.5,7,30.4,8,30.5,35,1,2022-06-30 09:25:43
1656581143863391000,30.5,7,30.4,8,30.5,28,1,2022-06-30 09:25:43
1656581144776434000,30.45,2,30.4,9,30.5,28,2,2022-06-30 09:25:44
1656581144776434000,30.4,2,30.4,9,30.5,28,2,2022-06-30 09:25:44
1656581145680487000,30.5,1,30.45,5,30.5,28,1,2022-06-30 09:25:45
1656581146546388000,30.45,1,30.45,4,30.5,28,2,2022-06-30 09:25:46
1656581148163519000,30.5,2,30.45,5,30.5,26,1,2022-06-30 09:25:48
1656581149356800000,30.45,5,30.45,2,30.5,26,2,2022-06-30 09:25:49
1656581149599650000,30.5,9,30.45,2,30.5,17,1,2022-06-30 09:25:49
1656581150045650000,30.5,1,30.45,2,30.5,16,1,2022-06-30 09:25:50
1656581150378021000,30.45,2,30.4,13,30.5,14,2,2022-06-30 09:25:50
1656581151487975000,30.5,5,30.45,1,30.5,9,1,2022-06-30 09:25:51
1656581152231897000,30.5,1,30.45,3,30.5,8,1,2022-06-30 09:25:52
1656581152373023000,30.45,1,30.45,2,30.5,8,2,2022-06-30 09:25:52
1656581152532298000,30.4,1,30.4,13,30.5,8,2,2022-06-30 09:25:52
1656581153602308000,30.5,1,30.45,2,30.5,8,1,2022-06-30 09:25:53
1656581154356255000,30.45,3,30.4,10,30.5,57,2,2022-06-30 09:25:54
1656581154797115000,30.45,2,30.45,2,30.5,57,2,2022-06-30 09:25:54
1656581156661386000,30.5,2,30.45,14,30.5,66,1,2022-06-30 09:25:56
1656581156688905000,30.45,2,30.45,12,30.5,66,2,2022-06-30 09:25:56
1656581157265581000,30.45,3,30.45,9,30.5,66,2,2022-06-30 09:25:57
1656581157297508000,30.45,1,30.45,8,30.5,66,2,2022-06-30 09:25:57
1656581157329411000,30.45,1,30.45,8,30.5,66,2,2022-06-30 09:25:57
1656581157584175000,30.5,1,30.45,7,30.5,15,1,2022-06-30 09:25:57
1656581157767614000,30.5,10,30.45,7,30.5,5,1,2022-06-30 09:25:57
1656581158985910000,30.45,2,30.45,5,30.5,16,2,2022-06-30 09:25:58
1656581159758868000,30.5,1,30.45,15,30.5,16,1,2022-06-30 09:25:59
1656581161071045000,30.5,10,30.45,15,30.5,16,1,2022-06-30 09:26:01
1656581161436082000,30.5,5,30.45,15,30.5,11,1,2022-06-30 09:26:01
1656581161438479000,30.45,1,30.45,14,30.5,11,2,2022-06-30 09:26:01
1656581162011530000,30.45,15,30.4,10,30.5,12,2,2022-06-30 09:26:02
1656581162029766000,30.5,10,30.4,10,30.5,2,1,2022-06-30 09:26:02
1656581162335083000,30.45,1,30.4,10,30.5,2,1,2022-06-30 09:26:02
1656581163395262000,30.5,1,30.45,10,30.5,12,1,2022-06-30 09:26:03
1656581163613654000,30.45,1,30.45,9,30.5,11,2,2022-06-30 09:26:03
1656581163797432000,30.5,1,30.45,9,30.5,10,1,2022-06-30 09:26:03
1656581164096157000,30.5,1,30.45,9,30.5,10,1,2022-06-30 09:26:04
1656581166345570000,30.5,2,30.45,9,30.5,8,1,2022-06-30 09:26:06
1656581167271252000,30.5,2,30.45,9,30.5,6,1,2022-06-30 09:26:07
1656581168155490000,30.5,5,30.45,9,30.5,1,1,2022-06-30 09:26:08
1656581168385026000,30.45,1,30.45,8,30.5,1,2,2022-06-30 09:26:08
1656581168535131000,30.5,1,30.45,8,30.55,9,1,2022-06-30 09:26:08
1656581171818071000,30.5,2,30.5,3,30.55,9,2,2022-06-30 09:26:11
1656581172234502000,30.5,3,30.45,6,30.55,9,2,2022-06-30 09:26:12
1656581172234502000,30.45,2,30.45,6,30.55,9,2,2022-06-30 09:26:12
1656581173962703000,30.55,2,30.5,4,30.55,7,1,2022-06-30 09:26:13
1656581174444591000,30.55,7,30.5,4,30.6,12,1,2022-06-30 09:26:14
1656581174444591000,30.6,23,30.5,4,30.6,12,1,2022-06-30 09:26:14
1656581174532794000,30.5,1,30.5,5,30.6,12,2,2022-06-30 09:26:14
1656581175810746000,30.5,2,30.5,2,30.55,3,2,2022-06-30 09:26:15
1656581176195277000,30.5,1,30.5,1,30.55,4,2,2022-06-30 09:26:16
1656581176196739000,30.55,2,30.5,1,30.55,2,1,2022-06-30 09:26:16
1656581176389464000,30.5,1,30.5,2,30.55,4,2,2022-06-30 09:26:16
1656581177382384000,30.5,1,30.45,6,30.5,4,1,2022-06-30 09:26:17
1656581179297175000,30.45,2,30.45,4,30.5,12,2,2022-06-30 09:26:19
1656581179352147000,30.45,4,30.4,11,30.5,12,2,2022-06-30 09:26:19
1656581181760383000,30.45,3,30.4,11,30.45,4,1,2022-06-30 09:26:21
1656581184314976000,30.4,10,30.4,1,30.45,19,2,2022-06-30 09:26:24
1656581184344645000,30.4,1,30.35,6,30.45,19,2,2022-06-30 09:26:24
1656581187859557000,30.4,3,30.35,5,30.4,1,1,2022-06-30 09:26:27
1656581191015499000,30.35,5,30.3,2,30.4,8,2,2022-06-30 09:26:31
1656581197830843000,30.35,2,30.3,3,30.35,4,1,2022-06-30 09:26:37
1656581199567030000,30.35,1,30.3,3,30.35,2,1,2022-06-30 09:26:39
1656581203425848000,30.3,4,30.25,1,30.3,6,2,2022-06-30 09:26:43
1656581203475068000,30.25,1,30.15,10,30.3,6,2,2022-06-30 09:26:43
1656581229363419000,30.2,3,30.15,11,30.25,8,2,2022-06-30 09:27:09
1656581238907036000,30.2,1,30.15,11,30.25,6,1,2022-06-30 09:27:18
1656581243104861000,30.25,3,30.15,11,30.25,3,1,2022-06-30 09:27:23
1656581252457148000,30.25,1,30.2,2,30.25,2,1,2022-06-30 09:27:32
1656581253676103000,30.25,2,30.2,2,30.3,1,1,2022-06-30 09:27:33
1656581253983041000,30.3,3,30.3,2,30.35,7,1,2022-06-30 09:27:33
1656581254051750000,30.3,1,30.3,1,30.35,7,2,2022-06-30 09:27:34
1656581254087361000,30.3,1,30.2,2,30.35,7,2,2022-06-30 09:27:34
1656581256146755000,30.25,2,30.2,2,30.25,8,1,2022-06-30 09:27:36
1656581258834755000,30.25,1,30.2,2,30.25,7,1,2022-06-30 09:27:38
1656581259232067000,30.25,4,30.2,2,30.25,3,1,2022-06-30 09:27:39
1656581263752819000,30.25,1,30.2,3,30.25,2,1,2022-06-30 09:27:43
1656581264266213000,30.25,1,30.2,3,30.25,1,1,2022-06-30 09:27:44
1656581264860130000,30.25,1,30.2,3,30.3,6,1,2022-06-30 09:27:44
1656581266905021000,30.25,1,30.2,3,30.25,5,1,2022-06-30 09:27:46
1656581267079378000,30.2,3,30.15,11,30.2,2,2,2022-06-30 09:27:47
1656581267136238000,30.15,1,30.15,10,30.2,2,2,2022-06-30 09:27:47
1656581268358015000,30.2,1,30.15,10,30.2,1,1,2022-06-30 09:27:48
1656581280530454000,30.15,6,30.15,8,30.2,1,2,2022-06-30 09:28:00
1656581282829497000,30.15,2,30.15,6,30.2,1,2,2022-06-30 09:28:02
1656581283224595000,30.2,1,30.15,6,30.25,14,1,2022-06-30 09:28:03
1656581285709762000,30.15,2,30.15,4,30.25,14,2,2022-06-30 09:28:05
1656581287000302000,30.2,1,30.15,4,30.25,14,2,2022-06-30 09:28:07
1656581288086152000,30.15,2,30.15,2,30.2,1,2,2022-06-30 09:28:08
1656581291219181000,30.15,1,30.15,2,30.2,1,2,2022-06-30 09:28:11
1656581292789257000,30.2,1,30.15,2,30.25,13,1,2022-06-30 09:28:12
1656581292789257000,30.25,1,30.15,2,30.25,13,1,2022-06-30 09:28:12
1656581296198666000,30.25,1,30.2,1,30.25,12,1,2022-06-30 09:28:16
1656581303014380000,30.25,1,30.2,2,30.25,11,1,2022-06-30 09:28:23
1656581303573544000,30.2,2,30.15,2,30.25,11,2,2022-06-30 09:28:23
1656581308621040000,30.25,1,30.2,2,30.25,10,1,2022-06-30 09:28:28
1656581317924137000,30.25,5,30.2,7,30.25,5,1,2022-06-30 09:28:37
1656581320177390000,30.25,3,30.2,7,30.25,2,1,2022-06-30 09:28:40
1656581320205797000,30.25,2,30.2,7,30.3,16,1,2022-06-30 09:28:40
1656581320299546000,30.3,1,30.2,7,30.3,15,1,2022-06-30 09:28:40
1656581323924011000,30.3,1,30.25,1,30.3,14,1,2022-06-30 09:28:43
1656581333451533000,30.3,5,30.25,7,30.3,14,1,2022-06-30 09:28:53
1656581335566765000,30.3,4,30.25,7,30.3,11,1,2022-06-30 09:28:55
1656581335601395000,30.3,11,30.25,7,30.35,2,1,2022-06-30 09:28:55
1656581337201470000,30.35,1,30.25,10,30.35,1,1,2022-06-30 09:28:57
1656581340900229000,30.35,1,30.3,7,30.4,7,1,2022-06-30 09:29:00
1656581346735899000,30.4,2,30.35,8,30.4,5,1,2022-06-30 09:29:06
1656581348503634000,30.4,5,30.35,8,30.45,11,1,2022-06-30 09:29:08
1656581348503634000,30.45,5,30.35,8,30.45,11,1,2022-06-30 09:29:08
1656581352065816000,30.45,1,30.4,10,30.45,10,1,2022-06-30 09:29:12
1656581352116463000,30.45,10,30.4,10,30.5,25,1,2022-06-30 09:29:12
1656581352473261000,30.45,1,30.45,1,30.5,25,2,2022-06-30 09:29:12
1656581352561293000,30.45,1,30.4,10,30.5,25,2,2022-06-30 09:29:12
1656581358497022000,30.45,2,30.4,11,30.5,25,2,2022-06-30 09:29:18
1656581360700031000,30.45,1,30.45,3,30.5,22,2,2022-06-30 09:29:20
1656581364890389000,30.45,3,30.45,3,30.5,22,2,2022-06-30 09:29:24
1656581365057939000,30.45,1,30.45,2,30.5,22,2,2022-06-30 09:29:25
1656581365365380000,30.45,1,30.45,2,30.5,24,2,2022-06-30 09:29:25
1656581366757006000,30.5,1,30.45,1,30.5,23,1,2022-06-30 09:29:26
1656581369984951000,30.5,5,30.45,1,30.5,18,1,2022-06-30 09:29:29
1656581371053709000,30.45,1,30.4,10,30.45,2,2,2022-06-30 09:29:31
1656581373010578000,30.45,1,30.4,10,30.45,1,1,2022-06-30 09:29:33
1656581374335908000,30.45,1,30.4,10,30.5,28,1,2022-06-30 09:29:34
1656581375188097000,30.4,3,30.4,10,30.45,4,2,2022-06-30 09:29:35
1656581376395397000,30.45,1,30.4,7,30.45,3,1,2022-06-30 09:29:36
1656581376531568000,30.4,2,30.4,5,30.45,13,2,2022-06-30 09:29:36
1656581376683010000,30.45,1,30.4,5,30.45,12,1,2022-06-30 09:29:36
1656581377083103000,30.4,2,30.4,3,30.45,18,2,2022-06-30 09:29:37
1656581377113486000,30.4,3,30.35,7,30.45,18,2,2022-06-30 09:29:37
1656581377559613000,30.45,4,30.35,7,30.45,16,1,2022-06-30 09:29:37
1656581380692450000,30.45,1,30.35,6,30.45,20,1,2022-06-30 09:29:40
1656581382514731000,30.4,1,30.35,6,30.45,18,2,2022-06-30 09:29:42
1656581383969888000,30.45,2,30.35,6,30.45,20,1,2022-06-30 09:29:43
1656581385963464000,30.45,5,30.35,6,30.45,13,1,2022-06-30 09:29:45
1656581386020301000,30.45,1,30.35,6,30.45,14,1,2022-06-30 09:29:46
1656581388848359000,30.35,6,30.3,1,30.4,1,2,2022-06-30 09:29:48
1656581388848359000,30.3,6,30.3,1,30.4,1,2,2022-06-30 09:29:48
1656581389325050000,30.4,2,30.3,1,30.4,1,1,2022-06-30 09:29:49
1656581395547281000,30.4,1,30.3,1,30.4,7,1,2022-06-30 09:29:55
1656581395604429000,30.4,2,30.3,1,30.4,5,1,2022-06-30 09:29:55
1656581402874189000,30.4,3,30.3,4,30.4,1,1,2022-06-30 09:30:02
1656581402910280000,30.4,1,30.3,4,30.45,10,1,2022-06-30 09:30:02
1656581403360809000,30.4,6,30.4,6,30.45,9,2,2022-06-30 09:30:03
1656581404693109000,30.35,1,30.3,5,30.4,11,1,2022-06-30 09:30:04
1656581404875171000,30.35,1,30.35,4,30.4,11,2,2022-06-30 09:30:04
1656581407384922000,30.35,2,30.35,2,30.4,16,2,2022-06-30 09:30:07
1656581408452584000,30.35,1,30.35,1,30.4,16,2,2022-06-30 09:30:08
1656581408509605000,30.35,1,30.3,6,30.4,16,2,2022-06-30 09:30:08
1656581412129351000,30.3,7,30.25,31,30.35,1,2,2022-06-30 09:30:12
1656581420654112000,30.25,5,30.25,28,30.3,16,2,2022-06-30 09:30:20
1656581423436300000,30.25,1,30.25,27,30.3,16,2,2022-06-30 09:30:23
1656581430199620000,30.25,1,30.25,26,30.3,16,2,2022-06-30 09:30:30
1656581431224206000,30.25,1,30.25,25,30.3,16,2,2022-06-30 09:30:31
1656581431278483000,30.25,2,30.25,23,30.3,16,2,2022-06-30 09:30:31
1656581432425858000,30.25,1,30.25,22,30.3,16,2,2022-06-30 09:30:32
1656581434074836000,30.25,3,30.25,20,30.3,16,2,2022-06-30 09:30:34
1656581436829037000,30.25,1,30.25,19,30.3,16,2,2022-06-30 09:30:36
1656581436922219000,30.25,1,30.25,18,30.3,16,2,2022-06-30 09:30:36
1656581439568999000,30.25,10,30.25,8,30.3,16,2,2022-06-30 09:30:39
1656581439600641000,30.25,3,30.25,5,30.3,16,2,2022-06-30 09:30:39
1656581439605630000,30.25,1,30.25,4,30.3,16,2,2022-06-30 09:30:39
1656581440162975000,30.25,4,30.2,8,30.3,16,2,2022-06-30 09:30:40
1656581441405400000,30.2,8,30.15,7,30.25,6,2,2022-06-30 09:30:41
1656581447655653000,30.15,1,30.15,6,30.2,5,2,2022-06-30 09:30:47
1656581460373641000,30.15,1,30.15,5,30.2,5,2,2022-06-30 09:31:00
1656581464474864000,30.2,5,30.15,5,30.25,1,1,2022-06-30 09:31:04
1656581470125293000,30.2,3,30.15,5,30.25,1,1,2022-06-30 09:31:10
1656581476596803000,30.2,2,30.2,3,30.25,1,1,2022-06-30 09:31:16
1656581490348199000,30.25,1,30.2,4,30.25,1,1,2022-06-30 09:31:30
1656581490379182000,30.2,1,30.2,3,30.25,1,2,2022-06-30 09:31:30
1656581502976194000,30.25,1,30.2,5,30.25,1,1,2022-06-30 09:31:42
1656581509646808000,30.25,1,30.2,5,30.3,7,1,2022-06-30 09:31:49
1656581515135805000,30.25,1,30.2,5,30.3,9,1,2022-06-30 09:31:55
1656581516412901000,30.25,1,30.2,4,30.3,9,2,2022-06-30 09:31:56
1656581516790861000,30.2,2,30.2,2,30.25,2,2,2022-06-30 09:31:56
1656581516832437000,30.2,1,30.2,1,30.25,2,2,2022-06-30 09:31:56
1656581522594974000,30.25,4,30.2,1,30.25,5,1,2022-06-30 09:32:02
1656581524380481000,30.2,2,30.15,7,30.25,7,2,2022-06-30 09:32:04
1656581524415659000,30.15,1,30.15,6,30.25,7,2,2022-06-30 09:32:04
1656581539884063000,30.2,2,30.15,6,30.25,7,2,2022-06-30 09:32:19
1656581546227957000,30.15,1,30.15,8,30.25,8,2,2022-06-30 09:32:26
1656581546873838000,30.15,2,30.15,6,30.25,8,2,2022-06-30 09:32:26
1656581546907639000,30.15,6,30.1,3,30.25,8,2,2022-06-30 09:32:26
1656581547834682000,30.1,1,30.1,2,30.25,8,2,2022-06-30 09:32:27
1656581556564683000,30.1,1,30.1,3,30.15,1,2,2022-06-30 09:32:36
1656581556781947000,30.1,1,30.1,1,30.15,1,2,2022-06-30 09:32:36
1656581560491897000,30.1,3,30.1,4,30.15,1,2,2022-06-30 09:32:40
1656581565084943000,30.1,1,30.05,7,30.15,1,2,2022-06-30 09:32:45
1656581566131913000,30.15,1,30.2,1,30.25,8,1,2022-06-30 09:32:46
1656581566163725000,30.2,1,30.05,7,30.25,8,2,2022-06-30 09:32:46
1656581579252166000,30.2,1,30.15,2,30.2,9,1,2022-06-30 09:32:59
1656581583833254000,30.15,1,30.15,6,30.2,9,2,2022-06-30 09:33:03
1656581584959787000,30.15,1,30.15,5,30.2,9,2,2022-06-30 09:33:04
1656581594739276000,30.2,1,30.15,6,30.2,8,1,2022-06-30 09:33:14
1656581596412313000,30.15,1,30.15,7,30.2,8,2,2022-06-30 09:33:16
1656581597436965000,30.15,2,30.15,5,30.2,8,2,2022-06-30 09:33:17
1656581598079809000,30.2,5,30.15,5,30.2,3,1,2022-06-30 09:33:18
1656581603476467000,30.2,1,30.15,5,30.2,2,1,2022-06-30 09:33:23
1656581606968766000,30.2,2,30.15,5,30.25,8,1,2022-06-30 09:33:26
1656581642674472000,30.2,1,30.2,1,30.25,6,2,2022-06-30 09:34:02
1656581648494407000,30.2,1,30.15,14,30.25,6,2,2022-06-30 09:34:08
1656581658862023000,30.15,1,30.15,13,30.25,6,2,2022-06-30 09:34:18
1656581666317309000,30.15,2,30.15,11,30.25,6,2,2022-06-30 09:34:26
1656581669086453000,30.15,11,29.95,59,30.2,6,2,2022-06-30 09:34:29
1656581669086453000,30.1,49,29.95,59,30.2,6,2,2022-06-30 09:34:29
1656581669086453000,30.05,4,29.95,59,30.2,6,2,2022-06-30 09:34:29
1656581669086453000,30.0,22,29.95,59,30.2,6,2,2022-06-30 09:34:29
1656581671647212000,30.1,2,29.95,10,30.1,8,1,2022-06-30 09:34:31
1656581676063099000,29.95,2,29.95,8,30.1,8,2,2022-06-30 09:34:36
1656581678925663000,29.95,3,29.95,5,30.05,4,2,2022-06-30 09:34:38
1656581679805813000,29.95,5,29.9,18,30.0,9,2,2022-06-30 09:34:39
1656581683922962000,29.95,1,29.9,18,29.95,1,1,2022-06-30 09:34:43
1656581684721535000,29.95,1,29.9,18,30.0,9,1,2022-06-30 09:34:44
1656581685263239000,29.9,3,29.9,15,30.0,7,2,2022-06-30 09:34:45
1656581689960114000,29.9,1,29.9,14,29.95,1,2,2022-06-30 09:34:49
1656581693440307000,29.9,1,29.9,13,29.95,1,2,2022-06-30 09:34:53
1656581693505911000,29.95,1,29.95,1,30.0,7,1,2022-06-30 09:34:53
1656581695940922000,29.95,1,29.9,13,29.95,2,2,2022-06-30 09:34:55
1656581696945823000,29.95,1,29.9,13,29.95,2,1,2022-06-30 09:34:56
1656581700685124000,29.95,1,29.9,11,29.95,3,1,2022-06-30 09:35:00
1656581704027095000,29.95,2,29.95,3,30.0,7,1,2022-06-30 09:35:04
1656581708606710000,29.95,6,29.9,6,30.0,7,2,2022-06-30 09:35:08
1656581708606710000,29.9,6,29.9,6,30.0,7,2,2022-06-30 09:35:08
1656581710057320000,29.95,1,29.9,6,30.0,9,1,2022-06-30 09:35:10
1656581720591511000,29.95,5,29.9,9,29.95,3,1,2022-06-30 09:35:20
1656581725860932000,29.95,3,29.9,12,30.0,8,1,2022-06-30 09:35:25
1656581725860932000,30.0,2,29.9,12,30.0,8,1,2022-06-30 09:35:25
1656581728152012000,29.95,1,29.9,12,30.0,7,1,2022-06-30 09:35:28
1656581732935042000,29.95,1,29.9,12,30.0,9,2,2022-06-30 09:35:32
1656581737461991000,30.0,1,29.9,12,30.0,8,1,2022-06-30 09:35:37
1656581737499250000,29.9,4,29.9,8,30.0,8,2,2022-06-30 09:35:37
1656581742396051000,29.95,1,29.9,9,30.0,8,2,2022-06-30 09:35:42
1656581743587354000,29.9,9,29.85,3,30.0,8,2,2022-06-30 09:35:43
1656581747861874000,29.85,3,29.8,11,29.95,2,2,2022-06-30 09:35:47
1656581747861874000,29.8,9,29.8,11,29.95,2,2,2022-06-30 09:35:47
1656581747925985000,29.8,1,29.8,10,29.95,4,2,2022-06-30 09:35:47
1656581748721440000,29.8,1,29.8,9,29.9,12,2,2022-06-30 09:35:48
1656581748788199000,29.8,1,29.8,8,29.9,12,2,2022-06-30 09:35:48
1656581758592649000,29.8,1,29.8,8,29.9,13,2,2022-06-30 09:35:58
1656581759687163000,29.85,1,29.8,4,29.9,13,1,2022-06-30 09:35:59
1656581760513886000,29.9,3,29.8,4,29.9,10,1,2022-06-30 09:36:00
1656581764366050000,29.85,4,29.8,7,29.85,11,1,2022-06-30 09:36:04
1656581768392226000,29.85,1,29.8,7,29.85,10,1,2022-06-30 09:36:08
1656581770769592000,29.85,2,29.8,7,29.85,11,1,2022-06-30 09:36:10
1656581772104590000,29.85,2,29.8,7,29.85,7,1,2022-06-30 09:36:12
1656581775064554000,29.85,2,29.8,7,29.85,5,1,2022-06-30 09:36:15
1656581782496397000,29.85,4,29.8,7,29.85,1,1,2022-06-30 09:36:22
1656581783809348000,29.85,1,29.8,6,29.9,11,1,2022-06-30 09:36:23
1656581798533107000,29.85,2,29.8,7,29.85,4,1,2022-06-30 09:36:38
1656581800268526000,29.85,1,29.8,7,29.85,3,1,2022-06-30 09:36:40
1656581811123771000,29.85,3,29.8,14,29.9,10,1,2022-06-30 09:36:51
1656581815743055000,29.85,2,29.8,8,29.9,10,2,2022-06-30 09:36:55
1656581815743055000,29.8,6,29.8,8,29.9,10,2,2022-06-30 09:36:55
1656581816750535000,29.85,1,29.85,1,29.9,10,2,2022-06-30 09:36:56
1656581820074528000,29.8,5,29.8,3,29.85,1,2,2022-06-30 09:37:00
1656581824041032000,29.85,1,29.8,4,29.9,10,1,2022-06-30 09:37:04
1656581828042397000,29.8,5,29.75,13,29.9,10,2,2022-06-30 09:37:08
1656581836782829000,29.8,2,29.8,4,29.9,10,2,2022-06-30 09:37:16
1656581842943367000,29.8,4,29.75,18,29.8,1,2,2022-06-30 09:37:22
1656581845020882000,29.8,1,29.8,2,29.85,1,1,2022-06-30 09:37:25
1656581846097030000,29.8,1,29.8,1,29.85,1,2,2022-06-30 09:37:26
1656581851750134000,29.8,2,29.8,1,29.85,1,2,2022-06-30 09:37:31
1656581851884386000,29.8,1,29.75,18,29.85,1,2,2022-06-30 09:37:31
1656581852222336000,29.85,1,29.75,18,29.9,10,1,2022-06-30 09:37:32
1656581852317647000,29.75,2,29.75,16,29.9,10,2,2022-06-30 09:37:32
1656581864228704000,29.8,5,29.8,13,29.85,5,1,2022-06-30 09:37:44
1656581868223722000,29.8,5,29.8,12,29.85,5,2,2022-06-30 09:37:48
1656581872482198000,29.8,1,29.8,11,29.85,6,2,2022-06-30 09:37:52
1656581874538973000,29.8,1,29.8,10,29.85,6,2,2022-06-30 09:37:54
1656581881742433000,29.85,5,29.8,12,29.85,1,1,2022-06-30 09:38:01
1656581885214360000,29.85,1,29.8,12,29.85,1,1,2022-06-30 09:38:05
1656581885798155000,29.85,1,29.8,12,29.9,10,1,2022-06-30 09:38:05
1656581890181881000,29.85,1,29.85,2,29.9,10,2,2022-06-30 09:38:10
1656581890987847000,29.85,2,29.8,12,29.85,3,2,2022-06-30 09:38:10
1656581897539233000,29.8,10,29.8,3,29.85,3,2,2022-06-30 09:38:17
1656581897710940000,29.85,2,29.8,3,29.85,1,1,2022-06-30 09:38:17
1656581903510477000,29.85,1,29.8,4,29.9,10,1,2022-06-30 09:38:23
1656581905915105000,29.9,10,29.85,3,29.95,5,1,2022-06-30 09:38:25
1656581914804701000,30.0,1,29.9,1,30.0,2,1,2022-06-30 09:38:34
1656581914857984000,30.0,2,29.9,1,30.05,2,1,2022-06-30 09:38:34
1656581923919899000,30.05,1,29.95,1,30.05,3,1,2022-06-30 09:38:43
1656581928006671000,30.05,1,30.0,10,30.1,11,1,2022-06-30 09:38:48
1656581931357589000,30.1,10,30.05,1,30.1,1,1,2022-06-30 09:38:51
1656581936203677000,30.1,1,30.05,1,30.2,5,1,2022-06-30 09:38:56
1656581937790067000,30.2,2,30.05,1,30.2,5,1,2022-06-30 09:38:57
1656581942821906000,30.15,3,30.1,4,30.2,2,1,2022-06-30 09:39:02
1656581943192094000,30.1,4,30.0,10,30.2,14,2,2022-06-30 09:39:03
1656581959740299000,30.05,1,30.0,13,30.15,8,2,2022-06-30 09:39:19
1656581973492183000,30.05,1,30.0,15,30.1,4,2,2022-06-30 09:39:33
1656581982858677000,30.0,1,30.0,14,30.1,4,2,2022-06-30 09:39:42
1656581983662272000,30.0,10,30.0,4,30.1,4,2,2022-06-30 09:39:43
1656581983699691000,30.0,4,29.95,1,30.1,4,2,2022-06-30 09:39:43
1656581983924874000,29.95,1,29.9,1,30.1,4,2,2022-06-30 09:39:43
1656581984601219000,30.05,4,30.05,1,30.1,4,1,2022-06-30 09:39:44
1656581984632908000,30.05,1,29.9,1,30.1,4,2,2022-06-30 09:39:44
1656581996395143000,30.05,3,29.9,1,30.1,4,1,2022-06-30 09:39:56
1656582006247715000,30.05,1,29.9,1,30.05,3,1,2022-06-30 09:40:06
1656582047422804000,29.9,3,29.85,19,30.0,15,2,2022-06-30 09:40:47
1656582047422804000,29.85,7,29.85,19,30.0,15,2,2022-06-30 09:40:47
1656582060704040000,29.95,3,29.85,19,30.0,15,1,2022-06-30 09:41:00
1656582075312345000,29.95,1,29.85,20,29.95,12,1,2022-06-30 09:41:15
1656582079502696000,29.85,20,29.8,38,29.95,12,2,2022-06-30 09:41:19
1656582091782092000,29.8,1,29.8,29,29.85,2,2,2022-06-30 09:41:31
1656582091797343000,29.8,10,29.8,19,29.85,2,2,2022-06-30 09:41:31
1656582096886987000,29.8,1,29.8,16,29.85,4,2,2022-06-30 09:41:36
1656582103849168000,29.8,10,29.8,8,29.85,2,2,2022-06-30 09:41:43
1656582103868338000,29.8,6,29.8,2,29.85,2,2,2022-06-30 09:41:43
1656582103888511000,29.8,2,29.75,22,29.85,2,2,2022-06-30 09:41:43
1656582107193880000,29.8,1,29.75,22,29.8,1,2,2022-06-30 09:41:47
1656582111390425000,29.75,5,29.75,17,29.8,4,2,2022-06-30 09:41:51
1656582111878002000,29.75,1,29.75,16,29.8,6,2,2022-06-30 09:41:51
1656582122504372000,29.75,2,29.75,14,29.8,5,2,2022-06-30 09:42:02
1656582124422492000,29.75,2,29.75,12,29.8,7,2,2022-06-30 09:42:04
1656582124445793000,29.75,3,29.75,9,29.8,7,2,2022-06-30 09:42:04
1656582127803233000,29.75,1,29.75,8,29.8,6,2,2022-06-30 09:42:07
1656582129154202000,29.75,1,29.75,7,29.8,6,2,2022-06-30 09:42:09
1656582132347417000,29.75,1,29.75,7,29.8,3,2,2022-06-30 09:42:12
1656582132977748000,29.75,7,29.7,19,29.8,3,2,2022-06-30 09:42:12
1656582132977748000,29.7,2,29.7,19,29.8,3,2,2022-06-30 09:42:12
1656582135802455000,29.7,15,29.7,4,29.8,5,2,2022-06-30 09:42:15
1656582136249981000,29.75,1,29.65,9,29.8,5,2,2022-06-30 09:42:16
1656582136249981000,29.7,4,29.65,9,29.8,5,2,2022-06-30 09:42:16
1656582136249981000,29.65,10,29.65,9,29.8,5,2,2022-06-30 09:42:16
1656582136688438000,29.65,9,29.65,9,29.75,4,2,2022-06-30 09:42:16
1656582136688438000,29.6,6,29.65,9,29.75,4,2,2022-06-30 09:42:16
1656582137198591000,29.6,15,29.6,18,29.75,6,2,2022-06-30 09:42:17
1656582137645541000,29.6,15,29.6,3,29.75,8,2,2022-06-30 09:42:17
1656582138046467000,29.7,4,29.7,6,29.75,4,1,2022-06-30 09:42:18
1656582140229400000,29.7,1,29.7,5,29.75,2,2,2022-06-30 09:42:20
1656582140265544000,29.7,1,29.7,4,29.75,2,2,2022-06-30 09:42:20
1656582142149944000,29.7,1,29.7,3,29.75,4,2,2022-06-30 09:42:22
1656582142348980000,29.75,2,29.7,3,29.75,2,1,2022-06-30 09:42:22
1656582144979784000,29.75,1,29.7,3,29.8,7,2,2022-06-30 09:42:24
1656582149456326000,29.7,3,29.6,7,29.8,9,2,2022-06-30 09:42:29
1656582149456326000,29.6,3,29.6,7,29.8,9,2,2022-06-30 09:42:29
1656582156293168000,29.75,1,29.6,11,29.8,9,1,2022-06-30 09:42:36
1656582162971733000,29.6,11,29.5,40,29.55,1,2,2022-06-30 09:42:42
1656582162971733000,29.55,13,29.5,40,29.55,1,2,2022-06-30 09:42:42
1656582162994082000,29.55,1,29.5,40,29.75,3,1,2022-06-30 09:42:42
1656582163019835000,29.5,1,29.5,39,29.75,3,2,2022-06-30 09:42:43
1656582163253428000,29.55,2,29.5,41,29.75,5,2,2022-06-30 09:42:43
1656582168069144000,29.7,1,29.6,3,29.7,6,1,2022-06-30 09:42:48
1656582175216922000,29.7,1,29.6,14,29.7,6,1,2022-06-30 09:42:55
1656582178633538000,29.6,1,29.6,15,29.7,6,2,2022-06-30 09:42:58
1656582182563304000,29.7,6,29.6,16,29.75,1,1,2022-06-30 09:43:02
1656582208168009000,29.65,1,29.65,1,29.7,2,2,2022-06-30 09:43:28
1656582214018603000,29.7,1,29.65,1,29.7,1,1,2022-06-30 09:43:34
1656582217540745000,29.7,1,29.7,1,29.75,1,1,2022-06-30 09:43:37
1656582219612968000,29.7,1,29.65,1,29.75,1,2,2022-06-30 09:43:39
1656582236800660000,29.7,1,29.65,14,29.75,3,1,2022-06-30 09:43:56
1656582244494432000,29.7,1,29.7,26,29.75,3,1,2022-06-30 09:44:04
1656582246919830000,29.7,12,29.7,14,29.75,1,2,2022-06-30 09:44:06
1656582263338848000,29.7,1,29.7,16,29.75,2,2,2022-06-30 09:44:23
1656582279926429000,29.75,1,29.7,27,29.75,1,1,2022-06-30 09:44:39
1656582280937052000,29.7,5,29.7,22,29.75,1,2,2022-06-30 09:44:40
1656582281119387000,29.7,5,29.7,17,29.75,1,2,2022-06-30 09:44:41
1656582281353758000,29.7,5,29.7,12,29.75,1,2,2022-06-30 09:44:41
1656582281655868000,29.7,5,29.7,7,29.75,1,2,2022-06-30 09:44:41
1656582292090931000,29.7,5,29.7,3,29.75,1,2,2022-06-30 09:44:52
1656582292491436000,29.7,1,29.7,2,29.75,1,2,2022-06-30 09:44:52
1656582294356305000,29.7,1,29.7,1,29.75,1,2,2022-06-30 09:44:54
1656582297009554000,29.7,1,29.65,24,29.7,1,2,2022-06-30 09:44:57
1656582303772341000,29.7,1,29.65,24,29.75,1,1,2022-06-30 09:45:03
1656582315143833000,29.7,1,29.65,24,29.75,1,2,2022-06-30 09:45:15
1656582324921856000,29.7,1,29.7,3,29.75,1,2,2022-06-30 09:45:24
1656582329791290000,29.7,4,29.65,21,29.7,1,2,2022-06-30 09:45:29
1656582341534410000,29.7,1,29.65,17,29.75,1,1,2022-06-30 09:45:41
1656582343813302000,29.7,1,29.65,17,29.7,4,2,2022-06-30 09:45:43
1656582344343550000,29.7,4,29.7,1,29.75,1,1,2022-06-30 09:45:44
1656582351717759000,29.75,1,29.7,3,29.8,12,1,2022-06-30 09:45:51
1656582392038936000,29.75,1,29.7,10,29.75,6,1,2022-06-30 09:46:32
1656582392534967000,29.7,5,29.7,5,29.75,6,2,2022-06-30 09:46:32
