ts,close,volume,bid_price,bid_volume,ask_price,ask_volume,tick_type,datetime
1656579600330467000,48.5,424,48.45,4,48.5,7,1,2022-06-30 09:00:00
1656579600353472000,48.5,7,48.45,4,48.6,7,1,2022-06-30 09:00:00
1656579600375028000,48.6,2,48.45,4,48.6,5,1,2022-06-30 09:00:00
1656579600415449000,48.6,1,48.45,4,48.65,3,1,2022-06-30 09:00:00
1656579600946102000,48.55,1,48.45,4,48.55,19,1,2022-06-30 09:00:00
1656579601035906000,48.55,10,48.45,4,48.55,10,1,2022-06-30 09:00:01
1656579601054448000,48.55,1,48.45,4,48.55,9,1,2022-06-30 09:00:01
1656579601056339000,48.55,2,48.45,4,48.55,20,1,2022-06-30 09:00:01
1656579601199806000,48.55,7,48.45,4,48.65,3,1,2022-06-30 09:00:01
1656579601199806000,48.6,3,48.45,4,48.65,3,1,2022-06-30 09:00:01
1656579601359087000,48.65,3,48.45,4,48.7,1,1,2022-06-30 09:00:01
1656579601359087000,48.7,7,48.45,4,48.7,1,1,2022-06-30 09:00:01
1656579601720364000,48.7,1,48.45,4,48.75,3,1,2022-06-30 09:00:01
1656579601832420000,48.75,1,48.5,1,48.75,2,1,2022-06-30 09:00:01
1656579602272042000,48.75,1,48.5,1,48.75,1,1,2022-06-30 09:00:02
1656579602311289000,48.75,1,48.5,1,48.8,6,1,2022-06-30 09:00:02
1656579602311289000,48.8,2,48.5,1,48.8,6,1,2022-06-30 09:00:02
1656579602487384000,48.5,1,48.4,22,48.8,6,2,2022-06-30 09:00:02
1656579602487384000,48.45,4,48.4,22,48.8,6,2,2022-06-30 09:00:02
1656579603265238000,48.75,1,48.55,1,48.8,5,1,2022-06-30 09:00:03
1656579603265238000,48.8,1,48.55,1,48.8,5,1,2022-06-30 09:00:03
1656579603622998000,48.8,1,48.75,1,48.8,4,1,2022-06-30 09:00:03
1656579603651675000,48.75,1,48.6,1,48.8,4,2,2022-06-30 09:00:03
1656579603770445000,48.75,2,48.6,1,48.8,4,1,2022-06-30 09:00:03
1656579604170366000,48.8,1,48.6,1,48.8,3,1,2022-06-30 09:00:04
1656579604261753000,48.75,1,48.6,1,48.8,3,2,2022-06-30 09:00:04
1656579604852824000,48.75,1,48.6,1,48.75,4,1,2022-06-30 09:00:04
1656579605331123000,48.75,1,48.6,1,48.75,2,1,2022-06-30 09:00:05
1656579605855043000,48.75,1,48.6,1,48.75,2,1,2022-06-30 09:00:05
1656579606746400000,48.7,5,48.6,1,48.7,5,2,2022-06-30 09:00:06
1656579606763767000,48.6,1,48.55,1,48.7,5,2,2022-06-30 09:00:06
1656579607315432000,48.7,2,48.55,1,48.7,3,1,2022-06-30 09:00:07
1656579607390606000,48.7,1,48.55,1,48.7,2,1,2022-06-30 09:00:07
1656579607768291000,48.7,2,48.55,1,48.8,10,1,2022-06-30 09:00:07
1656579607768291000,48.75,2,48.55,1,48.8,10,1,2022-06-30 09:00:07
1656579607768291000,48.8,1,48.55,1,48.8,10,1,2022-06-30 09:00:07
1656579608004785000,48.8,1,48.55,1,48.8,9,1,2022-06-30 09:00:08
1656579608223396000,48.75,1,48.55,1,48.8,10,2,2022-06-30 09:00:08
1656579608471679000,48.8,1,48.75,1,48.8,10,1,2022-06-30 09:00:08
1656579608630114000,48.75,1,48.55,1,48.8,9,2,2022-06-30 09:00:08
1656579609049789000,48.7,2,48.65,4,48.75,4,2,2022-06-30 09:00:09
1656579609121787000,48.75,1,48.65,4,48.75,3,1,2022-06-30 09:00:09
1656579609404672000,48.75,1,48.65,4,48.75,12,1,2022-06-30 09:00:09
1656579609604428000,48.65,4,48.6,1,48.75,12,2,2022-06-30 09:00:09
1656579609639238000,48.6,1,48.55,1,48.75,12,2,2022-06-30 09:00:09
1656579609812582000,48.75,4,48.55,1,48.75,8,1,2022-06-30 09:00:09
1656579610421249000,48.75,5,48.55,1,48.75,3,1,2022-06-30 09:00:10
1656579610671399000,48.75,1,48.55,1,48.75,2,1,2022-06-30 09:00:10
1656579611299460000,48.75,2,48.55,1,48.8,9,1,2022-06-30 09:00:11
1656579611417726000,48.75,1,48.7,1,48.8,9,2,2022-06-30 09:00:11
1656579611447169000,48.7,1,48.55,1,48.8,9,2,2022-06-30 09:00:11
1656579611490664000,48.8,1,48.55,1,48.8,8,1,2022-06-30 09:00:11
1656579611503068000,48.8,5,48.75,1,48.8,9,1,2022-06-30 09:00:11
1656579611673884000,48.8,1,48.6,1,48.8,2,1,2022-06-30 09:00:11
1656579611856889000,48.75,1,48.6,1,48.8,2,2,2022-06-30 09:00:11
1656579611973030000,48.8,1,48.6,1,48.8,1,1,2022-06-30 09:00:11
1656579612194981000,48.8,1,48.75,1,48.85,3,1,2022-06-30 09:00:12
1656579612268811000,48.75,1,48.6,1,48.85,3,2,2022-06-30 09:00:12
1656579612394749000,48.85,3,48.6,1,48.9,6,1,2022-06-30 09:00:12
1656579612599983000,48.8,1,48.8,1,48.9,6,2,2022-06-30 09:00:12
1656579612889007000,48.8,1,48.65,2,48.9,6,1,2022-06-30 09:00:12
1656579613347662000,48.85,1,48.65,2,48.9,6,2,2022-06-30 09:00:13
1656579613553065000,48.85,1,48.75,1,48.85,4,1,2022-06-30 09:00:13
1656579613677862000,48.75,1,48.65,1,48.85,3,2,2022-06-30 09:00:13
1656579613822870000,48.85,3,48.65,1,48.9,4,1,2022-06-30 09:00:13
1656579613822870000,48.9,2,48.65,1,48.9,4,1,2022-06-30 09:00:13
1656579614184090000,48.75,1,48.65,1,48.85,5,2,2022-06-30 09:00:14
1656579614281373000,48.9,2,48.8,1,48.9,7,1,2022-06-30 09:00:14
1656579614281811000,48.8,1,48.75,1,48.9,7,2,2022-06-30 09:00:14
1656579614443207000,48.9,4,48.75,1,48.9,3,1,2022-06-30 09:00:14
1656579614448882000,48.9,1,48.75,1,48.9,2,1,2022-06-30 09:00:14
1656579614604643000,48.85,6,48.85,6,48.9,2,2,2022-06-30 09:00:14
1656579614794074000,48.9,1,48.8,6,48.9,1,1,2022-06-30 09:00:14
1656579614820201000,48.9,1,48.8,6,48.95,36,1,2022-06-30 09:00:14
1656579614861141000,48.8,6,48.75,4,48.95,36,2,2022-06-30 09:00:14
1656579615346880000,48.9,1,48.9,1,48.95,41,2,2022-06-30 09:00:15
1656579615414008000,48.9,1,48.8,2,48.95,41,2,2022-06-30 09:00:15
1656579615507596000,48.95,5,48.8,2,48.95,36,1,2022-06-30 09:00:15
1656579615512056000,48.8,2,48.75,5,48.95,36,2,2022-06-30 09:00:15
1656579615737864000,48.85,1,48.9,2,48.95,36,1,2022-06-30 09:00:15
1656579615769711000,48.9,2,48.75,5,48.95,36,2,2022-06-30 09:00:15
1656579615939106000,48.75,1,48.75,4,48.9,4,2,2022-06-30 09:00:15
1656579616123868000,48.9,1,48.75,4,48.9,3,1,2022-06-30 09:00:16
1656579616698323000,48.9,1,48.75,4,48.9,2,1,2022-06-30 09:00:16
1656579617014938000,48.9,1,48.75,4,48.9,1,1,2022-06-30 09:00:17
1656579617368419000,48.9,2,48.75,4,48.95,33,1,2022-06-30 09:00:17
1656579617368419000,48.95,3,48.75,4,48.95,33,1,2022-06-30 09:00:17
1656579617601518000,48.9,7,48.75,5,48.9,6,1,2022-06-30 09:00:17
1656579617840114000,48.75,5,48.7,1,48.9,11,2,2022-06-30 09:00:17
1656579618086116000,48.9,3,48.7,1,48.9,11,1,2022-06-30 09:00:18
1656579618330609000,48.9,1,48.8,1,48.9,7,1,2022-06-30 09:00:18
1656579618420098000,48.9,1,48.8,1,48.9,11,1,2022-06-30 09:00:18
1656579618903968000,48.9,1,48.85,1,48.9,14,1,2022-06-30 09:00:18
1656579618913622000,48.85,1,48.8,1,48.9,14,2,2022-06-30 09:00:18
1656579618987089000,48.9,5,48.8,1,48.9,9,1,2022-06-30 09:00:18
1656579619709265000,48.8,1,48.8,2,48.85,6,2,2022-06-30 09:00:19
1656579619863026000,48.85,1,48.8,2,48.85,5,1,2022-06-30 09:00:19
1656579619905478000,48.8,2,48.75,3,48.85,7,2,2022-06-30 09:00:19
1656579619940410000,48.85,7,48.75,3,48.9,3,1,2022-06-30 09:00:19
1656579619940410000,48.9,6,48.75,3,48.9,3,1,2022-06-30 09:00:19
1656579619947305000,48.9,1,48.75,3,48.9,2,1,2022-06-30 09:00:19
1656579620183219000,48.9,1,48.75,5,48.9,1,1,2022-06-30 09:00:20
1656579620294095000,48.9,1,48.75,6,48.95,24,1,2022-06-30 09:00:20
1656579620552139000,48.8,1,48.75,6,48.95,24,1,2022-06-30 09:00:20
1656579620735942000,48.9,2,48.8,1,48.95,24,2,2022-06-30 09:00:20
1656579621123220000,48.95,3,48.85,2,48.95,24,1,2022-06-30 09:00:21
1656579621377674000,48.95,1,48.85,2,48.95,20,1,2022-06-30 09:00:21
1656579621957311000,48.95,1,48.85,2,48.95,24,1,2022-06-30 09:00:21
1656579622117380000,48.9,1,48.9,1,48.95,24,2,2022-06-30 09:00:22
1656579622422611000,48.85,2,48.8,1,48.9,1,2,2022-06-30 09:00:22
1656579622524025000,48.9,1,48.8,1,48.95,24,1,2022-06-30 09:00:22
1656579622604966000,48.95,1,48.8,2,48.95,23,1,2022-06-30 09:00:22
1656579623022464000,48.9,2,48.9,2,48.95,23,2,2022-06-30 09:00:23
1656579623240121000,48.95,1,48.8,2,48.95,22,1,2022-06-30 09:00:23
1656579623309657000,48.95,1,48.8,2,48.95,21,1,2022-06-30 09:00:23
1656579623391155000,48.95,1,48.8,2,48.95,20,1,2022-06-30 09:00:23
1656579623924605000,48.95,1,48.85,1,48.95,19,1,2022-06-30 09:00:23
1656579624613660000,48.95,3,48.9,40,48.95,19,1,2022-06-30 09:00:24
1656579624877419000,48.95,1,48.9,42,48.95,15,1,2022-06-30 09:00:24
1656579624896889000,48.95,15,48.9,42,49.0,29,1,2022-06-30 09:00:24
1656579626202764000,48.95,8,48.95,5,49.0,29,2,2022-06-30 09:00:26
1656579626215441000,49.0,1,48.95,6,49.0,28,1,2022-06-30 09:00:26
1656579626644958000,49.0,1,48.95,7,49.0,28,1,2022-06-30 09:00:26
1656579626907919000,49.0,1,48.95,7,49.0,26,1,2022-06-30 09:00:26
1656579626922008000,49.0,1,48.95,7,49.0,25,1,2022-06-30 09:00:26
1656579626980169000,49.0,1,48.95,7,49.0,24,1,2022-06-30 09:00:26
1656579627029165000,49.0,1,48.95,7,49.0,23,1,2022-06-30 09:00:27
1656579627192645000,48.95,1,48.95,8,49.0,23,2,2022-06-30 09:00:27
1656579627195277000,49.0,3,48.95,8,49.0,20,1,2022-06-30 09:00:27
1656579627320545000,49.0,1,48.95,9,49.0,19,1,2022-06-30 09:00:27
1656579627389801000,49.0,2,48.95,9,49.0,17,1,2022-06-30 09:00:27
1656579627571677000,49.0,1,48.95,11,49.0,17,1,2022-06-30 09:00:27
1656579628118908000,49.0,1,48.95,12,49.0,16,1,2022-06-30 09:00:28
1656579628308422000,49.0,1,48.95,12,49.0,14,1,2022-06-30 09:00:28
1656579628481782000,49.0,1,48.95,12,49.0,13,1,2022-06-30 09:00:28
1656579628550147000,49.0,2,48.95,12,49.0,13,1,2022-06-30 09:00:28
1656579628697429000,49.0,1,48.95,12,49.0,10,1,2022-06-30 09:00:28
1656579628759021000,49.0,1,48.95,12,49.0,9,1,2022-06-30 09:00:28
1656579628952461000,49.0,1,48.95,10,49.0,8,1,2022-06-30 09:00:28
1656579629079679000,48.95,2,48.95,8,49.0,8,2,2022-06-30 09:00:29
1656579629097974000,49.0,1,48.95,10,49.0,9,1,2022-06-30 09:00:29
1656579629179647000,48.95,2,48.95,6,49.0,7,2,2022-06-30 09:00:29
1656579629314502000,49.0,1,48.95,6,49.0,6,1,2022-06-30 09:00:29
1656579629320708000,49.0,4,48.95,6,49.0,2,1,2022-06-30 09:00:29
1656579629359630000,49.0,1,48.95,6,49.0,1,1,2022-06-30 09:00:29
1656579629388552000,49.0,1,48.95,6,49.05,8,1,2022-06-30 09:00:29
1656579629511810000,49.05,1,48.95,6,49.05,7,1,2022-06-30 09:00:29
1656579629558684000,49.05,2,49.0,1,49.05,5,1,2022-06-30 09:00:29
1656579629629856000,49.05,5,49.0,1,49.05,5,1,2022-06-30 09:00:29
1656579630320634000,49.1,1,49.0,2,49.1,16,1,2022-06-30 09:00:30
1656579631606386000,49.0,3,49.0,13,49.1,16,2,2022-06-30 09:00:31
1656579631869546000,49.1,5,49.0,14,49.1,11,1,2022-06-30 09:00:31
1656579633197220000,49.1,1,49.05,1,49.1,13,1,2022-06-30 09:00:33
1656579633526834000,49.05,1,49.05,2,49.1,12,2,2022-06-30 09:00:33
1656579634725400000,49.1,2,49.05,6,49.1,10,1,2022-06-30 09:00:34
1656579634903620000,49.1,5,49.05,7,49.1,5,1,2022-06-30 09:00:34
1656579634944308000,49.1,5,49.05,7,49.15,15,1,2022-06-30 09:00:34
1656579635056436000,49.15,8,49.05,7,49.15,7,1,2022-06-30 09:00:35
1656579635091636000,49.15,7,49.1,4,49.2,4,1,2022-06-30 09:00:35
1656579635337852000,49.2,1,49.1,7,49.2,3,1,2022-06-30 09:00:35
1656579635679767000,49.15,1,49.15,1,49.2,3,2,2022-06-30 09:00:35
1656579637833161000,49.2,1,49.15,2,49.2,3,1,2022-06-30 09:00:37
1656579637952866000,49.15,2,49.1,11,49.2,3,2,2022-06-30 09:00:37
1656579638987811000,49.2,1,49.15,1,49.2,3,1,2022-06-30 09:00:38
1656579639178713000,49.2,1,49.15,3,49.2,3,1,2022-06-30 09:00:39
1656579639399320000,49.2,2,49.15,3,49.25,6,1,2022-06-30 09:00:39
1656579639399320000,49.25,4,49.15,3,49.25,6,1,2022-06-30 09:00:39
1656579639628391000,49.25,5,49.15,3,49.25,2,1,2022-06-30 09:00:39
1656579639689957000,49.25,1,49.2,1,49.25,2,1,2022-06-30 09:00:39
1656579639704603000,49.25,1,49.2,1,49.3,9,1,2022-06-30 09:00:39
1656579640348425000,49.3,1,49.2,1,49.3,8,1,2022-06-30 09:00:40
1656579641388511000,49.25,1,49.25,1,49.3,9,2,2022-06-30 09:00:41
1656579642261439000,49.25,1,49.25,9,49.3,10,2,2022-06-30 09:00:42
1656579642284158000,49.25,6,49.25,3,49.3,10,2,2022-06-30 09:00:42
1656579642314213000,49.25,3,49.2,4,49.3,10,2,2022-06-30 09:00:42
1656579643288197000,49.3,1,49.2,9,49.3,9,1,2022-06-30 09:00:43
1656579644068455000,49.25,1,49.2,9,49.25,1,1,2022-06-30 09:00:44
1656579644197954000,49.2,5,49.2,9,49.25,2,2,2022-06-30 09:00:44
1656579644478121000,49.25,1,49.2,4,49.25,2,1,2022-06-30 09:00:44
1656579644513556000,49.2,4,49.2,4,49.25,2,2,2022-06-30 09:00:44
1656579644513556000,49.15,4,49.2,4,49.25,2,2,2022-06-30 09:00:44
1656579644970255000,49.25,1,49.2,2,49.25,6,1,2022-06-30 09:00:44
1656579645036975000,49.25,1,49.2,2,49.25,5,1,2022-06-30 09:00:45
1656579645063940000,49.25,1,49.2,2,49.25,7,1,2022-06-30 09:00:45
1656579645227985000,49.2,2,49.15,18,49.2,8,2,2022-06-30 09:00:45
1656579645772914000,49.2,1,49.15,16,49.2,7,1,2022-06-30 09:00:45
1656579645889302000,49.2,5,49.15,16,49.2,2,1,2022-06-30 09:00:45
1656579646022049000,49.2,1,49.15,16,49.2,1,1,2022-06-30 09:00:46
1656579646085145000,49.2,1,49.15,16,49.25,7,1,2022-06-30 09:00:46
1656579646162975000,49.25,1,49.15,16,49.2,8,1,2022-06-30 09:00:46
1656579646377912000,49.2,1,49.15,16,49.25,6,2,2022-06-30 09:00:46
1656579646380372000,49.25,2,49.15,16,49.25,4,1,2022-06-30 09:00:46
1656579646785038000,49.15,8,49.15,8,49.2,4,2,2022-06-30 09:00:46
1656579646801335000,49.2,1,49.15,8,49.2,3,1,2022-06-30 09:00:46
1656579646837393000,49.15,5,49.15,3,49.2,3,2,2022-06-30 09:00:46
1656579646872846000,49.15,3,49.1,19,49.2,3,2,2022-06-30 09:00:46
1656579647023434000,49.2,1,49.1,19,49.2,2,1,2022-06-30 09:00:47
1656579647206348000,49.2,1,49.1,19,49.2,1,1,2022-06-30 09:00:47
1656579647220067000,49.2,1,49.1,19,49.2,2,1,2022-06-30 09:00:47
1656579647520758000,49.15,1,49.1,24,49.15,15,1,2022-06-30 09:00:47
1656579647651360000,49.15,1,49.1,24,49.15,14,1,2022-06-30 09:00:47
1656579648018810000,49.15,3,49.1,24,49.15,12,1,2022-06-30 09:00:48
1656579648019465000,49.15,1,49.1,24,49.15,11,1,2022-06-30 09:00:48
1656579648162318000,49.15,1,49.1,24,49.15,12,1,2022-06-30 09:00:48
1656579648275040000,49.1,10,49.1,14,49.15,11,2,2022-06-30 09:00:48
1656579648294857000,49.1,8,49.1,6,49.15,11,2,2022-06-30 09:00:48
1656579648316478000,49.1,6,49.05,23,49.15,11,2,2022-06-30 09:00:48
1656579648325107000,49.05,4,49.05,19,49.15,11,2,2022-06-30 09:00:48
1656579648326720000,49.15,1,49.05,19,49.15,10,1,2022-06-30 09:00:48
1656579648330522000,49.05,1,49.05,18,49.15,10,2,2022-06-30 09:00:48
1656579648389138000,49.15,1,49.05,18,49.15,9,1,2022-06-30 09:00:48
1656579648499537000,49.15,2,49.1,1,49.15,7,1,2022-06-30 09:00:48
1656579648551912000,49.15,3,49.1,1,49.15,9,1,2022-06-30 09:00:48
1656579648733164000,49.1,1,49.05,9,49.15,4,2,2022-06-30 09:00:48
1656579648733164000,49.05,9,49.05,9,49.15,4,2,2022-06-30 09:00:48
1656579648784191000,49.05,4,49.05,5,49.15,4,2,2022-06-30 09:00:48
1656579648847599000,49.15,5,49.05,5,49.2,10,1,2022-06-30 09:00:48
1656579649069449000,49.1,3,49.05,5,49.1,1,1,2022-06-30 09:00:49
1656579649084541000,49.1,1,49.05,5,49.2,10,1,2022-06-30 09:00:49
1656579649225466000,49.05,5,49.0,23,49.15,1,2,2022-06-30 09:00:49
1656579649225466000,49.0,5,49.0,23,49.15,1,2,2022-06-30 09:00:49
1656579649611261000,49.15,1,49.0,23,49.2,13,1,2022-06-30 09:00:49
1656579649611261000,49.2,2,49.0,23,49.2,13,1,2022-06-30 09:00:49
1656579650025328000,49.15,1,49.05,1,49.15,17,1,2022-06-30 09:00:50
1656579650184005000,49.05,1,49.0,21,49.05,1,2,2022-06-30 09:00:50
1656579650209035000,49.05,1,49.05,1,49.15,18,1,2022-06-30 09:00:50
1656579650209035000,49.15,10,49.05,1,49.15,18,1,2022-06-30 09:00:50
1656579650279499000,49.15,1,49.0,21,49.15,7,1,2022-06-30 09:00:50
1656579650555245000,49.15,1,49.0,21,49.15,6,1,2022-06-30 09:00:50
1656579650796664000,49.15,3,49.0,21,49.15,3,1,2022-06-30 09:00:50
1656579650883023000,49.15,3,49.0,21,49.2,11,1,2022-06-30 09:00:50
1656579650883023000,49.2,2,49.0,21,49.2,11,1,2022-06-30 09:00:50
1656579651772133000,49.1,1,49.05,1,49.1,4,2,2022-06-30 09:00:51
1656579651821857000,49.1,1,49.05,1,49.1,3,1,2022-06-30 09:00:51
1656579651973724000,49.1,1,49.05,1,49.1,2,1,2022-06-30 09:00:51
1656579652287542000,49.1,1,49.05,1,49.1,1,1,2022-06-30 09:00:52
1656579652335877000,49.1,1,49.05,1,49.15,1,1,2022-06-30 09:00:52
1656579652456636000,49.15,1,49.05,1,49.2,11,1,2022-06-30 09:00:52
1656579652505410000,49.2,11,49.05,1,49.25,3,1,2022-06-30 09:00:52
1656579652505410000,49.25,3,49.05,1,49.25,3,1,2022-06-30 09:00:52
1656579652744100000,49.25,3,49.15,5,49.3,14,1,2022-06-30 09:00:52
1656579652774344000,49.3,1,49.15,5,49.3,13,1,2022-06-30 09:00:52
1656579653631017000,49.15,1,49.15,5,49.3,13,2,2022-06-30 09:00:53
1656579653750242000,49.25,1,49.2,1,49.3,13,2,2022-06-30 09:00:53
1656579653853129000,49.3,2,49.2,1,49.3,13,1,2022-06-30 09:00:53
1656579655537228000,49.3,1,49.25,2,49.3,10,1,2022-06-30 09:00:55
1656579655558815000,49.3,2,49.25,2,49.3,8,1,2022-06-30 09:00:55
1656579655982368000,49.3,1,49.25,2,49.3,7,1,2022-06-30 09:00:55
1656579656107542000,49.3,1,49.25,2,49.3,6,1,2022-06-30 09:00:56
1656579657305098000,49.25,1,49.25,4,49.3,6,2,2022-06-30 09:00:57
1656579657536533000,49.3,1,49.25,4,49.3,5,1,2022-06-30 09:00:57
1656579658215309000,49.3,2,49.25,5,49.3,5,1,2022-06-30 09:00:58
1656579658346856000,49.3,1,49.25,5,49.3,2,1,2022-06-30 09:00:58
1656579658380272000,49.3,2,49.25,5,49.35,6,1,2022-06-30 09:00:58
1656579658610902000,49.35,1,49.3,20,49.35,5,1,2022-06-30 09:00:58
1656579658639433000,49.35,5,49.3,20,49.35,6,1,2022-06-30 09:00:58
1656579658854962000,49.4,1,49.3,20,49.4,4,1,2022-06-30 09:00:58
1656579658931156000,49.3,2,49.3,19,49.4,4,2,2022-06-30 09:00:58
1656579659415352000,49.3,5,49.3,15,49.4,5,2,2022-06-30 09:00:59
1656579659521383000,49.35,9,49.35,1,49.4,5,2,2022-06-30 09:00:59
1656579659556766000,49.35,1,49.3,15,49.4,5,2,2022-06-30 09:00:59
1656579659763524000,49.4,2,49.35,1,49.4,3,1,2022-06-30 09:00:59
1656579660006368000,49.4,1,49.35,1,49.4,3,1,2022-06-30 09:01:00
1656579660312383000,49.4,2,49.35,1,49.45,20,1,2022-06-30 09:01:00
1656579660352079000,49.35,1,49.3,18,49.35,5,2,2022-06-30 09:01:00
1656579660554379000,49.35,1,49.3,19,49.35,10,1,2022-06-30 09:01:00
1656579660976473000,49.35,2,49.3,19,49.35,9,1,2022-06-30 09:01:00
1656579661258663000,49.3,2,49.3,17,49.35,9,2,2022-06-30 09:01:01
1656579661465125000,49.35,1,49.3,17,49.35,8,1,2022-06-30 09:01:01
1656579661656290000,49.35,1,49.3,17,49.35,7,1,2022-06-30 09:01:01
1656579661727959000,49.3,1,49.3,19,49.35,9,2,2022-06-30 09:01:01
1656579662416613000,49.35,2,49.3,16,49.35,5,1,2022-06-30 09:01:02
1656579662549768000,49.3,1,49.3,15,49.35,5,2,2022-06-30 09:01:02
1656579662633370000,49.35,5,49.3,16,49.35,5,1,2022-06-30 09:01:02
1656579662754266000,49.4,2,49.3,16,49.45,2,1,2022-06-30 09:01:02
1656579662754266000,49.45,18,49.3,16,49.45,2,1,2022-06-30 09:01:02
1656579662821002000,49.3,10,49.3,6,49.4,2,2,2022-06-30 09:01:02
1656579663029313000,49.35,1,49.3,6,49.35,1,1,2022-06-30 09:01:03
1656579663395855000,49.35,2,49.35,7,49.4,2,2,2022-06-30 09:01:03
1656579663846182000,49.4,1,49.35,7,49.4,1,1,2022-06-30 09:01:03
1656579663876003000,49.4,1,49.35,7,49.5,19,1,2022-06-30 09:01:03
1656579663876003000,49.45,2,49.35,7,49.5,19,1,2022-06-30 09:01:03
1656579663876003000,49.5,7,49.35,7,49.5,19,1,2022-06-30 09:01:03
1656579663954683000,49.35,7,49.3,9,49.35,13,2,2022-06-30 09:01:03
1656579664213124000,49.35,2,49.3,9,49.35,13,1,2022-06-30 09:01:04
1656579664407108000,49.35,5,49.3,9,49.35,6,1,2022-06-30 09:01:04
1656579664459363000,49.35,1,49.3,9,49.35,5,1,2022-06-30 09:01:04
1656579664627268000,49.35,5,49.3,11,49.35,5,1,2022-06-30 09:01:04
1656579664770289000,49.5,1,49.3,11,49.5,18,1,2022-06-30 09:01:04
1656579664993731000,49.35,1,49.3,13,49.45,1,1,2022-06-30 09:01:04
1656579665012407000,49.45,1,49.3,13,49.5,18,1,2022-06-30 09:01:05
1656579665278590000,49.35,1,49.35,1,49.45,1,2,2022-06-30 09:01:05
1656579665392009000,49.35,2,49.3,6,49.45,1,2,2022-06-30 09:01:05
1656579665392009000,49.3,8,49.3,6,49.45,1,2,2022-06-30 09:01:05
1656579665778336000,49.4,1,49.35,2,49.45,1,2,2022-06-30 09:01:05
1656579665939091000,49.35,2,49.35,2,49.4,1,2,2022-06-30 09:01:05
1656579666004255000,49.35,1,49.35,1,49.4,1,2,2022-06-30 09:01:06
1656579666167252000,49.4,1,49.35,1,49.4,21,1,2022-06-30 09:01:06
1656579666404008000,49.35,2,49.3,6,49.4,20,2,2022-06-30 09:01:06
1656579666404008000,49.3,3,49.3,6,49.4,20,2,2022-06-30 09:01:06
1656579666446327000,49.3,6,49.25,5,49.4,20,2,2022-06-30 09:01:06
1656579666449214000,49.4,1,49.25,5,49.4,19,1,2022-06-30 09:01:06
1656579666627792000,49.35,1,49.25,5,49.4,18,1,2022-06-30 09:01:06
1656579666627792000,49.4,1,49.25,5,49.4,18,1,2022-06-30 09:01:06
1656579666766722000,49.4,18,49.4,2,49.45,1,1,2022-06-30 09:01:06
1656579667016152000,49.45,1,49.4,2,49.5,18,1,2022-06-30 09:01:07
1656579667371509000,49.4,1,49.4,1,49.5,18,2,2022-06-30 09:01:07
1656579667406017000,49.4,1,49.35,1,49.5,18,2,2022-06-30 09:01:07
1656579667429352000,49.5,5,49.35,1,49.5,13,1,2022-06-30 09:01:07
1656579667615686000,49.4,1,49.35,1,49.5,13,1,2022-06-30 09:01:07
1656579667652058000,49.5,1,49.35,1,49.4,1,1,2022-06-30 09:01:07
1656579668301632000,49.5,5,49.45,4,49.5,7,1,2022-06-30 09:01:08
1656579668560065000,49.5,1,49.45,4,49.5,6,1,2022-06-30 09:01:08
1656579668630310000,49.5,4,49.45,4,49.5,7,1,2022-06-30 09:01:08
1656579668928943000,49.5,2,49.45,4,49.6,2,1,2022-06-30 09:01:08
1656579668928943000,49.55,5,49.45,4,49.6,2,1,2022-06-30 09:01:08
1656579668928943000,49.6,3,49.45,4,49.6,2,1,2022-06-30 09:01:08
1656579669083351000,49.6,3,49.45,4,49.6,3,1,2022-06-30 09:01:09
1656579669626209000,49.65,1,49.45,4,49.65,8,1,2022-06-30 09:01:09
1656579670207603000,49.65,1,49.45,4,49.65,7,1,2022-06-30 09:01:10
1656579670453185000,49.65,2,49.5,2,49.65,4,1,2022-06-30 09:01:10
1656579670631580000,49.5,2,49.45,4,49.65,4,2,2022-06-30 09:01:10
1656579671605281000,49.5,1,49.5,1,49.65,4,2,2022-06-30 09:01:11
1656579671646144000,49.65,2,49.5,1,49.65,2,1,2022-06-30 09:01:11
1656579671868674000,49.5,2,49.45,5,49.65,2,2,2022-06-30 09:01:11
1656579672528165000,49.5,1,49.5,1,49.6,1,2,2022-06-30 09:01:12
1656579672747249000,49.5,1,49.5,1,49.6,1,2,2022-06-30 09:01:12
1656579672758022000,49.6,1,49.5,1,49.65,2,1,2022-06-30 09:01:12
1656579672778902000,49.65,1,49.5,1,49.65,1,1,2022-06-30 09:01:12
1656579673143820000,49.5,1,49.5,8,49.65,1,2,2022-06-30 09:01:13
1656579673296396000,49.65,1,49.65,1,49.7,14,1,2022-06-30 09:01:13
1656579673669525000,49.65,1,49.5,7,49.7,14,2,2022-06-30 09:01:13
1656579673669525000,49.5,1,49.5,7,49.7,14,2,2022-06-30 09:01:13
1656579673796435000,49.6,1,49.5,7,49.7,10,1,2022-06-30 09:01:13
1656579673796435000,49.7,4,49.5,7,49.7,10,1,2022-06-30 09:01:13
1656579673936579000,49.7,1,49.65,1,49.7,9,1,2022-06-30 09:01:13
1656579674155408000,49.65,1,49.5,8,49.7,9,2,2022-06-30 09:01:14
1656579674596338000,49.55,5,49.5,8,49.55,5,1,2022-06-30 09:01:14
1656579674730177000,49.55,1,49.5,8,49.55,8,1,2022-06-30 09:01:14
1656579674936272000,49.55,1,49.5,8,49.55,6,1,2022-06-30 09:01:14
1656579674972432000,49.55,6,49.5,8,49.7,9,1,2022-06-30 09:01:14
1656579675277659000,49.7,1,49.65,1,49.7,8,1,2022-06-30 09:01:15
1656579675356360000,49.65,1,49.5,10,49.7,8,2,2022-06-30 09:01:15
1656579675595370000,49.7,2,49.65,1,49.7,8,1,2022-06-30 09:01:15
1656579676018343000,49.65,1,49.55,2,49.7,6,2,2022-06-30 09:01:16
1656579676190217000,49.7,1,49.55,2,49.7,5,1,2022-06-30 09:01:16
1656579676307235000,49.7,1,49.55,2,49.7,5,1,2022-06-30 09:01:16
1656579676641696000,49.65,1,49.6,1,49.7,1,1,2022-06-30 09:01:16
1656579676641696000,49.7,4,49.6,1,49.7,1,1,2022-06-30 09:01:16
1656579676799709000,49.7,1,49.6,1,49.75,7,1,2022-06-30 09:01:16
1656579677146734000,49.7,1,49.7,4,49.75,10,2,2022-06-30 09:01:17
1656579677149119000,49.75,1,49.7,4,49.75,9,1,2022-06-30 09:01:17
1656579677184792000,49.75,1,49.7,4,49.75,8,1,2022-06-30 09:01:17
1656579677185644000,49.7,4,49.65,2,49.75,8,2,2022-06-30 09:01:17
1656579677267017000,49.7,1,49.65,2,49.75,8,2,2022-06-30 09:01:17
1656579677376222000,49.65,1,49.65,1,49.7,1,2,2022-06-30 09:01:17
1656579677494723000,49.65,1,49.65,1,49.7,1,2,2022-06-30 09:01:17
1656579677555367000,49.7,1,49.65,1,49.75,8,1,2022-06-30 09:01:17
1656579677862639000,49.75,1,49.65,6,49.75,7,1,2022-06-30 09:01:17
1656579678148361000,49.65,1,49.65,6,49.75,8,2,2022-06-30 09:01:18
1656579678326372000,49.65,5,49.6,3,49.75,7,2,2022-06-30 09:01:18
1656579678470198000,49.75,1,49.6,3,49.75,6,1,2022-06-30 09:01:18
1656579678628437000,49.7,2,49.6,3,49.75,6,2,2022-06-30 09:01:18
1656579678930591000,49.75,4,49.6,3,49.75,2,1,2022-06-30 09:01:18
1656579678941440000,49.75,1,49.6,3,49.75,1,1,2022-06-30 09:01:18
1656579678962751000,49.75,1,49.6,3,49.8,5,1,2022-06-30 09:01:18
1656579679005225000,49.8,1,49.6,3,49.8,4,1,2022-06-30 09:01:19
1656579679533739000,49.7,1,49.7,1,49.8,7,2,2022-06-30 09:01:19
1656579679551089000,49.8,2,49.7,1,49.8,5,1,2022-06-30 09:01:19
1656579679575670000,49.7,2,49.65,1,49.8,5,2,2022-06-30 09:01:19
1656579679678096000,49.7,1,49.65,1,49.8,5,1,2022-06-30 09:01:19
1656579679710452000,49.75,3,49.75,10,49.8,5,2,2022-06-30 09:01:19
1656579679774645000,49.75,1,49.75,6,49.8,5,2,2022-06-30 09:01:19
1656579679793798000,49.75,6,49.65,1,49.8,5,2,2022-06-30 09:01:19
1656579680123401000,49.75,3,49.65,7,49.8,5,2,2022-06-30 09:01:20
1656579680582928000,49.8,1,49.65,7,49.8,5,1,2022-06-30 09:01:20
1656579681276889000,49.8,4,49.65,7,49.85,6,1,2022-06-30 09:01:21
1656579681598762000,49.85,1,49.65,7,49.85,8,1,2022-06-30 09:01:21
1656579681918897000,49.65,9,49.6,12,49.7,2,2,2022-06-30 09:01:21
1656579681976240000,49.7,2,49.6,12,49.75,3,1,2022-06-30 09:01:21
1656579682219143000,49.7,1,49.6,13,49.7,2,1,2022-06-30 09:01:22
1656579682365936000,49.7,1,49.6,13,49.85,4,1,2022-06-30 09:01:22
1656579682365936000,49.75,3,49.6,13,49.85,4,1,2022-06-30 09:01:22
1656579682365936000,49.85,1,49.6,13,49.85,4,1,2022-06-30 09:01:22
1656579682426708000,49.85,4,49.6,13,49.9,2,1,2022-06-30 09:01:22
1656579682426708000,49.9,6,49.6,13,49.9,2,1,2022-06-30 09:01:22
1656579682782441000,49.9,1,49.65,2,49.9,1,1,2022-06-30 09:01:22
1656579683220736000,49.9,1,49.8,1,49.9,3,1,2022-06-30 09:01:23
1656579683821803000,49.85,1,49.8,1,49.9,2,2,2022-06-30 09:01:23
1656579683909693000,49.8,1,49.8,1,49.9,2,2,2022-06-30 09:01:23
1656579683944635000,49.8,1,49.75,1,49.9,2,2,2022-06-30 09:01:23
1656579684050987000,49.9,3,49.75,1,50.0,6,1,2022-06-30 09:01:24
1656579684050987000,49.95,16,49.75,1,50.0,6,1,2022-06-30 09:01:24
1656579684050987000,50.0,11,49.75,1,50.0,6,1,2022-06-30 09:01:24
1656579684054820000,49.85,1,49.7,5,50.0,6,2,2022-06-30 09:01:24
1656579684054820000,49.75,1,49.7,5,50.0,6,2,2022-06-30 09:01:24
1656579684054820000,49.7,2,49.7,5,50.0,6,2,2022-06-30 09:01:24
1656579684172896000,49.9,1,49.7,5,50.0,6,1,2022-06-30 09:01:24
1656579684172896000,49.95,1,49.7,5,50.0,6,1,2022-06-30 09:01:24
1656579684378727000,49.85,1,49.75,1,49.85,9,1,2022-06-30 09:01:24
1656579684681704000,49.8,1,49.75,1,49.85,9,2,2022-06-30 09:01:24
1656579684794554000,49.8,1,49.75,1,49.85,7,1,2022-06-30 09:01:24
1656579684794554000,49.85,2,49.75,1,49.85,7,1,2022-06-30 09:01:24
1656579684820584000,49.85,1,49.75,1,49.85,6,1,2022-06-30 09:01:24
1656579684961969000,49.85,2,49.8,1,49.85,4,1,2022-06-30 09:01:24
1656579685015433000,49.85,1,49.8,1,49.85,3,1,2022-06-30 09:01:25
1656579685218858000,49.85,2,49.8,3,49.85,1,1,2022-06-30 09:01:25
1656579685232877000,49.8,2,49.8,3,49.85,3,2,2022-06-30 09:01:25
1656579685275154000,49.85,1,49.8,1,49.9,6,1,2022-06-30 09:01:25
1656579685310519000,49.9,1,49.8,1,49.9,5,1,2022-06-30 09:01:25
1656579686106140000,49.85,1,49.8,3,49.9,6,2,2022-06-30 09:01:26
1656579686121369000,49.9,2,49.8,3,49.9,4,1,2022-06-30 09:01:26
1656579686215360000,49.9,1,49.8,3,49.9,4,1,2022-06-30 09:01:26
1656579686491899000,49.8,2,49.8,1,49.9,3,2,2022-06-30 09:01:26
1656579686684544000,49.9,1,49.8,1,49.9,2,1,2022-06-30 09:01:26
1656579687214975000,49.9,1,49.85,8,49.9,2,1,2022-06-30 09:01:27
1656579687245294000,49.9,2,49.85,8,49.9,3,1,2022-06-30 09:01:27
1656579687542915000,49.85,1,49.85,7,49.95,15,2,2022-06-30 09:01:27
1656579687575267000,49.85,7,49.8,2,49.95,15,2,2022-06-30 09:01:27
1656579687708920000,49.9,1,49.8,2,49.95,15,2,2022-06-30 09:01:27
1656579687732481000,49.8,2,49.75,4,49.95,15,2,2022-06-30 09:01:27
1656579687845010000,49.9,1,49.75,4,49.95,16,1,2022-06-30 09:01:27
1656579688101340000,49.95,16,49.9,10,50.0,5,1,2022-06-30 09:01:28
1656579688101340000,50.0,4,49.9,10,50.0,5,1,2022-06-30 09:01:28
1656579688422071000,50.0,1,49.9,10,50.0,6,1,2022-06-30 09:01:28
1656579688511270000,49.9,1,49.9,9,50.0,6,2,2022-06-30 09:01:28
1656579688684524000,49.95,1,49.9,9,49.95,10,1,2022-06-30 09:01:28
1656579689019810000,49.95,1,49.9,12,49.95,8,1,2022-06-30 09:01:29
1656579689224080000,49.95,1,49.9,12,49.95,8,1,2022-06-30 09:01:29
1656579689331452000,49.95,5,49.9,12,49.95,2,1,2022-06-30 09:01:29
1656579689843176000,49.95,1,49.9,12,49.95,1,1,2022-06-30 09:01:29
1656579690072081000,49.95,1,49.9,12,50.0,6,1,2022-06-30 09:01:30
1656579690119917000,49.95,1,49.9,12,50.0,6,1,2022-06-30 09:01:30
1656579690243887000,50.0,1,49.9,12,50.0,5,1,2022-06-30 09:01:30
1656579690267084000,50.0,3,49.9,12,50.0,2,1,2022-06-30 09:01:30
1656579690282554000,50.0,1,49.9,12,50.0,1,1,2022-06-30 09:01:30
1656579690468444000,50.0,1,49.9,12,50.1,27,1,2022-06-30 09:01:30
1656579690787710000,49.95,1,49.9,12,50.1,29,1,2022-06-30 09:01:30
1656579690813508000,50.1,5,49.9,12,50.1,24,1,2022-06-30 09:01:30
1656579691589963000,50.0,1,49.95,1,50.0,9,1,2022-06-30 09:01:31
1656579692083935000,50.0,1,49.95,2,50.0,12,1,2022-06-30 09:01:32
1656579692367445000,49.95,2,49.95,3,50.0,13,2,2022-06-30 09:01:32
1656579692772459000,49.95,4,49.9,11,50.0,13,2,2022-06-30 09:01:32
1656579692772459000,49.9,6,49.9,11,50.0,13,2,2022-06-30 09:01:32
1656579693587493000,49.95,1,49.9,13,49.95,1,2,2022-06-30 09:01:33
1656579693694910000,49.95,1,49.9,13,49.95,1,1,2022-06-30 09:01:33
1656579693966590000,50.0,1,49.9,13,50.0,17,1,2022-06-30 09:01:33
1656579694190667000,50.0,1,49.95,2,50.0,16,1,2022-06-30 09:01:34
1656579694238232000,49.95,2,49.95,2,50.0,17,2,2022-06-30 09:01:34
1656579694405748000,50.0,1,49.9,13,50.0,15,1,2022-06-30 09:01:34
1656579694858834000,50.0,10,49.9,16,50.0,6,1,2022-06-30 09:01:34
1656579694897487000,50.0,4,49.9,16,50.0,2,1,2022-06-30 09:01:34
1656579695026961000,49.9,1,49.9,15,50.0,3,2,2022-06-30 09:01:35
1656579695037238000,49.9,8,49.9,7,50.0,3,2,2022-06-30 09:01:35
1656579695510250000,50.0,3,49.9,8,50.1,23,1,2022-06-30 09:01:35
1656579695510250000,50.1,2,49.9,8,50.1,23,1,2022-06-30 09:01:35
1656579695785040000,50.0,1,49.9,8,50.0,14,1,2022-06-30 09:01:35
1656579695790900000,50.0,3,49.9,8,50.0,11,1,2022-06-30 09:01:35
1656579695959820000,49.9,5,49.9,3,50.0,11,2,2022-06-30 09:01:35
1656579696036432000,49.95,1,49.9,3,50.0,11,1,2022-06-30 09:01:36
1656579696306485000,50.0,1,49.9,3,50.0,10,1,2022-06-30 09:01:36
1656579696376490000,49.9,2,49.9,1,50.0,10,2,2022-06-30 09:01:36
1656579696554501000,50.0,1,49.9,3,50.0,9,1,2022-06-30 09:01:36
1656579696668965000,50.0,9,49.9,4,50.1,29,1,2022-06-30 09:01:36
1656579696668965000,50.1,1,49.9,4,50.1,29,1,2022-06-30 09:01:36
1656579696745451000,50.0,1,50.0,1,50.1,29,2,2022-06-30 09:01:36
1656579696745451000,49.9,1,50.0,1,50.1,29,2,2022-06-30 09:01:36
1656579696907699000,49.9,2,49.9,1,49.95,1,2,2022-06-30 09:01:36
1656579696924257000,49.95,1,49.9,1,50.0,1,1,2022-06-30 09:01:36
1656579697105723000,49.95,1,49.9,1,49.95,8,1,2022-06-30 09:01:37
1656579697114890000,49.95,1,49.9,1,49.95,7,1,2022-06-30 09:01:37
1656579697203775000,49.95,1,49.9,1,49.95,9,1,2022-06-30 09:01:37
1656579697562367000,49.95,1,49.9,1,49.95,6,1,2022-06-30 09:01:37
1656579697618056000,49.95,1,49.9,1,49.95,6,1,2022-06-30 09:01:37
1656579697657242000,49.95,2,49.9,1,49.95,4,1,2022-06-30 09:01:37
1656579697824807000,49.95,1,49.9,1,49.95,3,1,2022-06-30 09:01:37
1656579697892151000,49.95,1,49.9,1,49.95,2,1,2022-06-30 09:01:37
1656579698007406000,49.95,2,49.9,1,50.0,2,1,2022-06-30 09:01:38
1656579698007406000,50.0,3,49.9,1,50.0,2,1,2022-06-30 09:01:38
1656579698423808000,49.95,1,49.95,1,50.0,3,2,2022-06-30 09:01:38
1656579698469340000,50.0,1,49.95,1,50.0,2,1,2022-06-30 09:01:38
1656579698727386000,49.95,1,49.95,1,50.0,3,2,2022-06-30 09:01:38
1656579698866873000,50.0,2,49.9,49,50.1,28,1,2022-06-30 09:01:38
1656579698956591000,50.1,2,49.9,49,50.1,29,1,2022-06-30 09:01:38
1656579699152336000,50.0,1,49.9,49,50.0,2,1,2022-06-30 09:01:39
1656579699205475000,50.0,1,49.9,50,50.0,1,1,2022-06-30 09:01:39
1656579699542565000,49.9,1,49.9,49,50.0,1,2,2022-06-30 09:01:39
1656579699683123000,50.0,1,50.0,3,50.1,29,1,2022-06-30 09:01:39
1656579699785771000,50.1,1,50.0,3,50.1,28,1,2022-06-30 09:01:39
1656579699876473000,50.0,2,50.0,2,50.1,28,2,2022-06-30 09:01:39
1656579699940090000,50.0,1,50.0,1,50.1,28,2,2022-06-30 09:01:39
1656579700295729000,50.0,1,49.95,4,50.1,28,2,2022-06-30 09:01:40
1656579700447748000,50.0,2,49.95,3,50.1,28,2,2022-06-30 09:01:40
1656579700447748000,49.95,1,49.95,3,50.1,28,2,2022-06-30 09:01:40
1656579701188160000,50.0,2,49.95,3,50.1,28,2,2022-06-30 09:01:41
1656579701479976000,49.95,2,49.95,1,50.1,28,2,2022-06-30 09:01:41
1656579701608542000,50.1,1,49.95,1,50.1,27,1,2022-06-30 09:01:41
1656579701712819000,50.1,1,49.95,1,50.1,28,1,2022-06-30 09:01:41
1656579701964354000,49.95,2,49.9,82,50.1,26,2,2022-06-30 09:01:41
1656579702177473000,50.0,1,49.95,1,50.1,26,2,2022-06-30 09:01:42
1656579702204076000,50.0,1,49.95,1,50.1,26,2,2022-06-30 09:01:42
1656579702798164000,49.95,1,49.95,1,50.1,26,2,2022-06-30 09:01:42
1656579703282569000,50.0,1,49.95,1,50.0,2,1,2022-06-30 09:01:43
1656579703347798000,50.0,2,49.95,1,50.1,27,1,2022-06-30 09:01:43
1656579703638072000,50.0,1,49.95,2,50.1,27,1,2022-06-30 09:01:43
1656579704139639000,49.95,1,49.95,1,50.0,2,2,2022-06-30 09:01:44
1656579704175695000,49.95,1,49.95,2,50.0,2,2,2022-06-30 09:01:44
1656579704515842000,49.9,1,49.9,83,50.0,2,2,2022-06-30 09:01:44
1656579704655672000,50.0,1,49.9,83,50.0,2,1,2022-06-30 09:01:44
1656579704952843000,50.0,2,49.95,2,50.0,3,1,2022-06-30 09:01:44
1656579705029764000,50.0,2,49.95,2,50.0,1,1,2022-06-30 09:01:45
1656579705062030000,50.0,1,49.95,2,50.1,25,1,2022-06-30 09:01:45
1656579705333492000,50.1,8,49.95,2,50.1,17,1,2022-06-30 09:01:45
1656579705639033000,50.0,1,49.95,8,50.0,36,1,2022-06-30 09:01:45
1656579706454323000,49.95,2,49.95,6,50.0,42,2,2022-06-30 09:01:46
1656579706494757000,49.95,6,49.9,89,50.0,42,2,2022-06-30 09:01:46
1656579706649099000,49.95,1,49.9,89,50.0,42,1,2022-06-30 09:01:46
1656579706649099000,50.0,1,49.9,89,50.0,42,1,2022-06-30 09:01:46
1656579706719003000,49.95,1,49.95,1,50.0,42,2,2022-06-30 09:01:46
1656579706762349000,50.0,1,49.9,89,50.0,41,1,2022-06-30 09:01:46
1656579707053785000,49.95,2,49.9,89,49.95,3,1,2022-06-30 09:01:47
1656579707056386000,49.95,1,49.9,89,49.95,2,1,2022-06-30 09:01:47
1656579707277710000,49.95,2,49.9,88,50.0,39,1,2022-06-30 09:01:47
1656579707277710000,50.0,3,49.9,88,50.0,39,1,2022-06-30 09:01:47
1656579707763658000,49.95,1,49.9,67,50.0,29,1,2022-06-30 09:01:47
1656579707763658000,50.0,20,49.9,67,50.0,29,1,2022-06-30 09:01:47
1656579708036267000,50.0,1,49.95,1,50.0,29,1,2022-06-30 09:01:48
1656579708106855000,49.95,1,49.95,1,50.0,31,2,2022-06-30 09:01:48
1656579708174101000,50.0,1,49.95,2,50.0,31,1,2022-06-30 09:01:48
1656579708274942000,50.0,5,49.95,1,50.0,25,1,2022-06-30 09:01:48
1656579708301107000,50.0,5,49.95,1,50.0,20,1,2022-06-30 09:01:48
1656579708347417000,49.95,1,49.9,67,50.0,20,2,2022-06-30 09:01:48
1656579708654372000,50.0,1,49.95,1,50.0,20,1,2022-06-30 09:01:48
1656579708920550000,50.0,1,49.9,67,50.0,18,1,2022-06-30 09:01:48
1656579709293164000,50.0,1,49.9,67,50.0,20,1,2022-06-30 09:01:49
1656579709506904000,50.0,1,49.9,68,50.0,20,1,2022-06-30 09:01:49
1656579709554828000,50.0,1,49.9,68,50.0,19,1,2022-06-30 09:01:49
1656579709605970000,50.0,2,49.9,68,50.0,18,1,2022-06-30 09:01:49
1656579709880004000,49.9,1,49.9,67,49.95,1,2,2022-06-30 09:01:49
1656579710096774000,49.95,1,49.9,67,50.0,16,1,2022-06-30 09:01:50
1656579710096774000,50.0,2,49.9,67,50.0,16,1,2022-06-30 09:01:50
1656579710693502000,49.95,2,49.9,68,49.95,3,2,2022-06-30 09:01:50
1656579710735493000,49.9,1,49.9,67,49.95,3,2,2022-06-30 09:01:50
1656579710759778000,49.95,3,49.95,2,50.0,16,1,2022-06-30 09:01:50
1656579710759778000,50.0,2,49.95,2,50.0,16,1,2022-06-30 09:01:50
1656579710778689000,50.0,1,49.9,67,50.0,13,1,2022-06-30 09:01:50
1656579710858726000,50.0,1,49.9,67,50.0,12,1,2022-06-30 09:01:50
1656579710996745000,50.0,1,49.9,67,50.0,11,1,2022-06-30 09:01:50
1656579711231995000,50.0,1,49.9,67,50.0,13,1,2022-06-30 09:01:51
1656579711444827000,49.9,15,49.9,53,49.95,10,2,2022-06-30 09:01:51
1656579711487498000,49.9,11,49.9,42,49.95,10,2,2022-06-30 09:01:51
1656579711527425000,49.9,8,49.9,34,49.95,10,2,2022-06-30 09:01:51
1656579711530646000,49.9,1,49.9,33,49.95,10,2,2022-06-30 09:01:51
1656579711556662000,49.9,7,49.9,26,49.95,10,2,2022-06-30 09:01:51
1656579711587464000,49.9,1,49.9,25,49.95,10,2,2022-06-30 09:01:51
1656579711788127000,49.95,1,49.9,25,49.95,9,1,2022-06-30 09:01:51
1656579711935328000,49.95,1,49.9,26,49.95,8,1,2022-06-30 09:01:51
1656579711970802000,49.95,3,49.9,26,49.95,5,1,2022-06-30 09:01:51
1656579712085323000,49.9,2,49.9,24,49.95,5,2,2022-06-30 09:01:52
1656579712118265000,49.95,1,49.9,24,49.95,4,1,2022-06-30 09:01:52
1656579712127656000,49.9,1,49.9,23,49.95,4,2,2022-06-30 09:01:52
1656579712187847000,49.9,11,49.9,12,49.95,4,2,2022-06-30 09:01:52
1656579712240255000,49.9,1,49.9,11,49.95,4,2,2022-06-30 09:01:52
1656579712250243000,49.9,1,49.9,24,49.95,5,2,2022-06-30 09:01:52
1656579712315079000,49.95,1,49.9,11,49.95,10,1,2022-06-30 09:01:52
1656579712332077000,49.9,10,49.9,1,49.95,10,2,2022-06-30 09:01:52
1656579712367889000,49.9,1,49.85,9,49.95,10,2,2022-06-30 09:01:52
1656579712369805000,49.95,2,49.85,9,49.95,8,1,2022-06-30 09:01:52
1656579712453058000,49.9,1,49.85,9,49.95,8,1,2022-06-30 09:01:52
1656579712494769000,49.85,2,49.85,7,49.95,8,2,2022-06-30 09:01:52
1656579712525681000,49.85,6,49.85,1,49.95,8,2,2022-06-30 09:01:52
1656579712799220000,49.85,1,49.8,14,49.85,9,2,2022-06-30 09:01:52
1656579712924927000,49.85,1,49.8,14,49.85,8,1,2022-06-30 09:01:52
1656579713102402000,49.85,2,49.8,12,49.85,9,1,2022-06-30 09:01:53
1656579713283618000,49.85,9,49.8,12,49.9,13,1,2022-06-30 09:01:53
1656579713283618000,49.9,11,49.8,12,49.9,13,1,2022-06-30 09:01:53
1656579713575236000,49.85,1,49.8,12,49.85,6,1,2022-06-30 09:01:53
1656579714061271000,49.85,1,49.8,12,49.85,15,1,2022-06-30 09:01:54
1656579714462594000,49.85,2,49.8,12,49.85,13,1,2022-06-30 09:01:54
1656579714462780000,49.85,2,49.8,12,49.85,11,1,2022-06-30 09:01:54
1656579714500959000,49.8,10,49.8,2,49.85,11,2,2022-06-30 09:01:54
1656579714529774000,49.8,2,49.75,4,49.85,11,2,2022-06-30 09:01:54
1656579714894542000,49.8,1,49.75,4,49.8,4,1,2022-06-30 09:01:54
1656579715045979000,49.8,5,49.75,4,49.8,1,1,2022-06-30 09:01:55
1656579715117438000,49.8,1,49.75,4,49.85,20,1,2022-06-30 09:01:55
1656579715209414000,49.85,1,49.75,4,49.85,19,1,2022-06-30 09:01:55
1656579715651492000,49.75,2,49.75,2,49.85,19,2,2022-06-30 09:01:55
1656579715797839000,49.85,2,49.75,2,49.85,17,1,2022-06-30 09:01:55
1656579715797976000,49.85,2,49.75,2,49.85,15,1,2022-06-30 09:01:55
1656579715836535000,49.75,1,49.75,1,49.85,15,2,2022-06-30 09:01:55
1656579715863475000,49.75,1,49.7,21,49.85,15,2,2022-06-30 09:01:55
1656579716165895000,49.85,2,49.7,21,49.85,9,1,2022-06-30 09:01:56
1656579716166030000,49.85,2,49.7,21,49.85,11,1,2022-06-30 09:01:56
1656579716392771000,49.85,1,49.7,21,49.85,6,1,2022-06-30 09:01:56
1656579717303119000,49.8,2,49.7,21,49.8,1,1,2022-06-30 09:01:57
1656579717303158000,49.8,1,49.7,21,49.85,6,1,2022-06-30 09:01:57
1656579717303158000,49.85,1,49.7,21,49.85,6,1,2022-06-30 09:01:57
1656579717401664000,49.75,5,49.7,16,49.8,1,2,2022-06-30 09:01:57
1656579717401664000,49.7,5,49.7,16,49.8,1,2,2022-06-30 09:01:57
1656579717654538000,49.8,1,49.7,16,49.8,1,1,2022-06-30 09:01:57
1656579717776012000,49.85,2,49.7,16,49.85,4,1,2022-06-30 09:01:57
1656579717776086000,49.85,2,49.7,16,49.85,2,1,2022-06-30 09:01:57
1656579717914855000,49.8,1,49.7,16,49.85,2,1,2022-06-30 09:01:57
1656579718220491000,49.85,2,49.7,16,49.85,2,1,2022-06-30 09:01:58
1656579718427783000,49.7,1,49.7,15,49.8,2,2,2022-06-30 09:01:58
1656579718852212000,49.7,2,49.7,13,49.8,2,2,2022-06-30 09:01:58
1656579719015853000,49.8,2,49.7,13,49.85,15,1,2022-06-30 09:01:59
1656579719015940000,49.85,2,49.7,13,49.85,13,1,2022-06-30 09:01:59
1656579719032931000,49.85,1,49.7,13,49.85,12,1,2022-06-30 09:01:59
1656579719280736000,49.8,2,49.7,13,49.8,3,1,2022-06-30 09:01:59
1656579720191478000,49.7,1,49.7,12,49.8,2,2,2022-06-30 09:02:00
1656579720597812000,49.8,1,49.7,12,49.8,1,1,2022-06-30 09:02:00
1656579720783127000,49.75,5,49.7,12,49.75,1,1,2022-06-30 09:02:00
1656579720791518000,49.7,2,49.7,10,49.75,1,2,2022-06-30 09:02:00
1656579721552062000,49.75,1,49.7,10,49.75,3,1,2022-06-30 09:02:01
1656579721582515000,49.75,1,49.7,10,49.75,2,1,2022-06-30 09:02:01
1656579721640809000,49.75,1,49.7,10,49.75,1,1,2022-06-30 09:02:01
1656579721671777000,49.7,1,49.7,9,49.75,1,2,2022-06-30 09:02:01
1656579721707903000,49.7,1,49.7,8,49.75,1,2,2022-06-30 09:02:01
1656579721896735000,49.75,1,49.7,8,49.8,1,1,2022-06-30 09:02:01
1656579722848788000,49.8,1,49.7,8,49.85,23,1,2022-06-30 09:02:02
1656579724141591000,49.75,1,49.7,29,49.75,1,1,2022-06-30 09:02:04
1656579724181743000,49.75,1,49.7,29,49.8,1,1,2022-06-30 09:02:04
1656579724939580000,49.75,3,49.75,7,49.8,1,2,2022-06-30 09:02:04
1656579725285479000,49.8,2,49.75,8,49.85,16,1,2022-06-30 09:02:05
1656579725285479000,49.85,8,49.75,8,49.85,16,1,2022-06-30 09:02:05
1656579725711471000,49.8,1,49.8,4,49.85,16,1,2022-06-30 09:02:05
1656579726409757000,49.85,5,49.8,4,49.85,12,1,2022-06-30 09:02:06
1656579726618936000,49.8,3,49.8,1,49.85,12,2,2022-06-30 09:02:06
1656579727044739000,49.85,10,49.8,1,49.85,2,1,2022-06-30 09:02:07
1656579728641294000,49.85,1,49.8,2,49.85,1,1,2022-06-30 09:02:08
1656579728714991000,49.8,2,49.75,19,49.8,1,2,2022-06-30 09:02:08
1656579728754505000,49.8,1,49.75,20,49.8,1,1,2022-06-30 09:02:08
1656579729333544000,49.8,1,49.75,20,49.8,2,1,2022-06-30 09:02:09
1656579729614797000,49.8,1,49.75,21,49.8,1,1,2022-06-30 09:02:09
1656579729645534000,49.8,1,49.75,21,49.85,1,1,2022-06-30 09:02:09
1656579730201573000,49.8,1,49.8,1,49.85,1,2,2022-06-30 09:02:10
1656579730844081000,49.85,1,49.8,5,49.9,12,1,2022-06-30 09:02:10
1656579731715482000,49.85,6,49.8,14,49.85,1,1,2022-06-30 09:02:11
1656579731747944000,49.85,1,49.8,14,49.9,15,1,2022-06-30 09:02:11
1656579732717179000,49.85,1,49.85,1,49.9,15,2,2022-06-30 09:02:12
1656579732861485000,49.8,1,49.8,15,49.9,15,2,2022-06-30 09:02:12
1656579733388948000,49.8,10,49.8,5,49.9,15,2,2022-06-30 09:02:13
1656579733391461000,49.8,1,49.8,4,49.9,15,2,2022-06-30 09:02:13
1656579733444368000,49.9,2,49.8,4,49.9,13,1,2022-06-30 09:02:13
1656579733543557000,49.9,1,49.85,1,49.9,12,1,2022-06-30 09:02:13
1656579733921542000,49.9,1,49.85,1,49.9,15,1,2022-06-30 09:02:13
1656579734016221000,49.85,1,49.8,7,49.9,15,2,2022-06-30 09:02:14
1656579734185348000,49.8,1,49.8,8,49.9,15,2,2022-06-30 09:02:14
1656579734555312000,49.9,5,49.8,8,49.9,10,1,2022-06-30 09:02:14
1656579734775475000,49.85,1,49.85,2,49.9,10,2,2022-06-30 09:02:14
1656579734843821000,49.9,1,49.85,1,49.9,9,1,2022-06-30 09:02:14
1656579735393772000,49.9,10,49.85,1,49.95,7,1,2022-06-30 09:02:15
1656579735609011000,49.9,1,49.9,5,49.95,7,2,2022-06-30 09:02:15
1656579736259517000,49.9,1,49.9,3,49.95,7,2,2022-06-30 09:02:16
1656579736827437000,49.95,1,49.9,8,49.95,10,1,2022-06-30 09:02:16
1656579736833020000,49.9,1,49.9,7,49.95,10,2,2022-06-30 09:02:16
1656579737387777000,49.9,1,49.9,6,49.95,11,2,2022-06-30 09:02:17
1656579737391515000,49.9,1,49.9,5,49.95,11,2,2022-06-30 09:02:17
1656579738509809000,49.9,4,49.9,1,49.95,14,2,2022-06-30 09:02:18
1656579738537574000,49.9,1,49.85,9,49.95,14,2,2022-06-30 09:02:18
1656579739025677000,49.95,1,49.85,8,49.95,13,1,2022-06-30 09:02:19
1656579739267477000,49.95,1,49.9,1,49.95,13,1,2022-06-30 09:02:19
1656579739703690000,49.95,3,49.9,1,49.95,9,1,2022-06-30 09:02:19
1656579740163987000,49.9,1,49.85,8,49.9,20,2,2022-06-30 09:02:20
1656579740176580000,49.85,2,49.85,6,49.9,20,2,2022-06-30 09:02:20
1656579740650756000,49.85,9,49.85,9,49.9,20,2,2022-06-30 09:02:20
1656579740650756000,49.8,1,49.85,9,49.9,20,2,2022-06-30 09:02:20
1656579741147169000,49.9,2,49.85,1,49.9,18,1,2022-06-30 09:02:21
1656579741256447000,49.9,3,49.85,1,49.9,15,1,2022-06-30 09:02:21
1656579741282885000,49.85,4,49.85,6,49.9,15,2,2022-06-30 09:02:21
1656579741470972000,49.9,3,49.85,2,49.9,12,1,2022-06-30 09:02:21
1656579742552629000,49.9,1,49.85,12,49.9,11,1,2022-06-30 09:02:22
1656579742584508000,49.85,5,49.85,7,49.9,11,2,2022-06-30 09:02:22
1656579742585880000,49.85,7,49.8,15,49.9,11,2,2022-06-30 09:02:22
1656579742606765000,49.9,1,49.8,15,49.9,10,1,2022-06-30 09:02:22
1656579743185968000,49.85,3,49.8,15,49.85,5,1,2022-06-30 09:02:23
1656579743325460000,49.85,2,49.8,15,49.9,17,1,2022-06-30 09:02:23
1656579743772681000,49.85,1,49.8,16,49.85,8,1,2022-06-30 09:02:23
1656579744371726000,49.85,1,49.8,16,49.85,6,1,2022-06-30 09:02:24
1656579744890147000,49.85,2,49.8,19,49.85,4,1,2022-06-30 09:02:24
1656579744891127000,49.8,19,49.75,23,49.85,4,2,2022-06-30 09:02:24
1656579745121300000,49.85,4,49.75,23,49.9,31,1,2022-06-30 09:02:25
1656579745121300000,49.9,1,49.75,23,49.9,31,1,2022-06-30 09:02:25
1656579745231618000,49.75,3,49.75,23,49.85,2,2,2022-06-30 09:02:25
1656579745447885000,49.8,1,49.75,20,49.85,6,2,2022-06-30 09:02:25
1656579745608581000,49.75,16,49.75,4,49.8,1,2,2022-06-30 09:02:25
1656579745677866000,49.8,1,49.75,4,49.85,6,1,2022-06-30 09:02:25
1656579745739642000,49.75,1,49.75,20,49.8,1,2,2022-06-30 09:02:25
1656579745899570000,49.75,1,49.75,2,49.8,10,2,2022-06-30 09:02:25
1656579745932925000,49.75,2,49.7,37,49.8,10,2,2022-06-30 09:02:25
1656579746008288000,49.8,2,49.7,37,49.8,8,1,2022-06-30 09:02:26
1656579746487645000,49.75,1,49.7,37,49.8,20,2,2022-06-30 09:02:26
1656579746616247000,49.8,1,49.7,37,49.8,19,1,2022-06-30 09:02:26
1656579747115811000,49.8,1,49.7,37,49.8,18,1,2022-06-30 09:02:27
1656579747121553000,49.7,2,49.7,35,49.8,18,2,2022-06-30 09:02:27
1656579747248120000,49.75,1,49.7,35,49.8,18,1,2022-06-30 09:02:27
1656579747359750000,49.8,1,49.7,35,49.8,19,1,2022-06-30 09:02:27
1656579748117714000,49.8,1,49.7,34,49.8,18,1,2022-06-30 09:02:28
1656579748928900000,49.75,1,49.7,32,49.75,3,1,2022-06-30 09:02:28
1656579749382121000,49.7,20,49.7,13,49.75,3,2,2022-06-30 09:02:29
1656579749419103000,49.7,1,49.7,12,49.75,3,2,2022-06-30 09:02:29
1656579749428476000,49.7,1,49.7,11,49.75,3,2,2022-06-30 09:02:29
1656579749687555000,49.75,1,49.7,11,49.75,2,1,2022-06-30 09:02:29
1656579749722849000,49.75,2,49.7,11,49.8,15,1,2022-06-30 09:02:29
1656579749722849000,49.8,3,49.7,11,49.8,15,1,2022-06-30 09:02:29
1656579749986830000,49.7,4,49.7,7,49.8,5,2,2022-06-30 09:02:29
1656579750071567000,49.8,3,49.7,11,49.8,5,1,2022-06-30 09:02:30
1656579750442878000,49.7,7,49.65,4,49.7,3,2,2022-06-30 09:02:30
1656579750476644000,49.65,1,49.65,3,49.7,3,2,2022-06-30 09:02:30
1656579750485711000,49.65,1,49.65,4,49.7,3,2,2022-06-30 09:02:30
1656579750802488000,49.7,2,49.65,2,49.7,1,1,2022-06-30 09:02:30
1656579751513779000,49.65,2,49.6,24,49.7,10,2,2022-06-30 09:02:31
1656579751915157000,49.7,1,49.6,24,49.7,9,1,2022-06-30 09:02:31
1656579752271225000,49.7,1,49.6,24,49.7,8,1,2022-06-30 09:02:32
1656579752760102000,49.65,3,49.65,1,49.7,11,2,2022-06-30 09:02:32
1656579752786825000,49.65,1,49.65,1,49.7,11,2,2022-06-30 09:02:32
1656579753102015000,49.6,2,49.6,24,49.7,12,2,2022-06-30 09:02:33
1656579753926322000,49.65,2,49.6,22,49.65,6,1,2022-06-30 09:02:33
1656579754595918000,49.65,1,49.6,22,49.65,4,1,2022-06-30 09:02:34
1656579755324055000,49.65,2,49.6,22,49.65,2,1,2022-06-30 09:02:35
1656579755328872000,49.65,2,49.6,22,49.7,4,1,2022-06-30 09:02:35
1656579755328872000,49.7,8,49.6,22,49.7,4,1,2022-06-30 09:02:35
1656579755540672000,49.65,1,49.6,22,49.65,1,1,2022-06-30 09:02:35
1656579755573615000,49.6,4,49.6,18,49.65,1,2,2022-06-30 09:02:35
1656579755596599000,49.65,1,49.6,18,49.7,3,1,2022-06-30 09:02:35
1656579755596599000,49.7,1,49.6,18,49.7,3,1,2022-06-30 09:02:35
1656579755783032000,49.7,3,49.6,22,49.65,2,1,2022-06-30 09:02:35
1656579756115678000,49.8,14,49.6,18,49.8,14,1,2022-06-30 09:02:36
1656579756378071000,49.85,2,49.8,11,49.85,2,1,2022-06-30 09:02:36
1656579757724126000,49.8,4,49.8,7,49.85,2,2,2022-06-30 09:02:37
1656579759062644000,49.85,1,49.8,7,49.85,1,1,2022-06-30 09:02:39
1656579759315308000,49.85,1,49.8,7,49.9,33,1,2022-06-30 09:02:39
1656579759344242000,49.8,1,49.8,6,49.9,33,2,2022-06-30 09:02:39
1656579759372787000,49.8,2,49.8,4,49.9,33,2,2022-06-30 09:02:39
1656579759379540000,49.8,1,49.8,3,49.9,33,2,2022-06-30 09:02:39
1656579760633741000,49.8,1,49.8,2,49.9,33,2,2022-06-30 09:02:40
1656579760662816000,49.8,1,49.8,1,49.9,33,2,2022-06-30 09:02:40
1656579760670326000,49.8,1,49.7,1,49.9,33,2,2022-06-30 09:02:40
1656579760914879000,49.9,1,49.7,1,49.9,32,1,2022-06-30 09:02:40
1656579761658371000,49.8,1,49.7,1,49.8,1,1,2022-06-30 09:02:41
1656579762928628000,49.8,1,49.75,1,49.85,1,1,2022-06-30 09:02:42
1656579763523312000,49.85,1,49.75,2,49.9,29,1,2022-06-30 09:02:43
1656579763523312000,49.9,3,49.75,2,49.9,29,1,2022-06-30 09:02:43
1656579763648602000,49.75,1,49.75,1,49.9,31,2,2022-06-30 09:02:43
1656579763868843000,49.85,3,49.7,6,49.9,29,1,2022-06-30 09:02:43
1656579763868843000,49.9,2,49.7,6,49.9,29,1,2022-06-30 09:02:43
1656579764222692000,49.7,6,49.65,20,49.9,29,2,2022-06-30 09:02:44
1656579764222692000,49.65,4,49.65,20,49.9,29,2,2022-06-30 09:02:44
1656579764709970000,49.9,1,49.65,20,49.9,28,1,2022-06-30 09:02:44
1656579765143847000,49.9,1,49.65,20,49.9,27,1,2022-06-30 09:02:45
1656579766100560000,49.75,5,49.65,20,49.7,9,2,2022-06-30 09:02:46
1656579766100560000,49.7,6,49.65,20,49.7,9,2,2022-06-30 09:02:46
1656579766135676000,49.7,3,49.65,20,49.7,6,1,2022-06-30 09:02:46
1656579766135794000,49.7,6,49.65,20,49.9,28,1,2022-06-30 09:02:46
1656579766571796000,49.85,1,49.65,20,49.9,26,1,2022-06-30 09:02:46
1656579768390555000,49.85,1,49.7,1,49.9,25,1,2022-06-30 09:02:48
1656579768390555000,49.9,4,49.7,1,49.9,25,1,2022-06-30 09:02:48
1656579768477966000,49.9,1,49.7,2,49.9,24,1,2022-06-30 09:02:48
1656579769040751000,49.85,1,49.7,7,49.9,25,1,2022-06-30 09:02:49
1656579769543062000,49.8,5,49.7,7,49.8,2,1,2022-06-30 09:02:49
1656579769582575000,49.8,2,49.7,7,49.9,25,1,2022-06-30 09:02:49
1656579769696826000,49.9,1,49.85,1,49.9,25,1,2022-06-30 09:02:49
1656579770082472000,49.85,1,49.7,7,49.9,24,2,2022-06-30 09:02:50
1656579771113413000,49.9,1,49.7,7,49.9,23,1,2022-06-30 09:02:51
1656579771241994000,49.9,1,49.7,7,49.9,22,1,2022-06-30 09:02:51
1656579771319289000,49.9,10,49.7,7,49.9,12,1,2022-06-30 09:02:51
1656579771353229000,49.9,7,49.7,7,49.9,5,1,2022-06-30 09:02:51
1656579771534400000,49.9,1,49.7,7,49.9,4,1,2022-06-30 09:02:51
1656579771614513000,49.9,1,49.7,7,49.9,3,1,2022-06-30 09:02:51
1656579771643520000,49.9,3,49.7,7,49.95,17,1,2022-06-30 09:02:51
1656579772227161000,49.8,1,49.7,7,49.8,9,1,2022-06-30 09:02:52
1656579772241021000,49.8,9,49.7,7,49.95,19,1,2022-06-30 09:02:52
1656579772254155000,49.95,1,49.7,7,49.95,16,1,2022-06-30 09:02:52
1656579772458614000,49.95,1,49.85,10,49.95,15,1,2022-06-30 09:02:52
1656579773080313000,49.95,5,49.85,10,49.95,15,1,2022-06-30 09:02:53
1656579774056887000,49.9,1,49.9,1,49.95,10,2,2022-06-30 09:02:54
1656579774939335000,49.95,4,49.85,11,49.95,6,1,2022-06-30 09:02:54
1656579775035735000,49.95,2,49.85,11,49.95,4,1,2022-06-30 09:02:55
1656579775067262000,49.95,4,49.85,11,50.0,38,1,2022-06-30 09:02:55
1656579775077860000,49.85,3,49.85,8,50.0,38,2,2022-06-30 09:02:55
1656579776558947000,49.95,1,49.95,1,50.0,40,2,2022-06-30 09:02:56
1656579776973817000,50.0,1,49.9,1,50.0,39,1,2022-06-30 09:02:56
1656579777403332000,50.0,6,49.9,1,50.0,33,1,2022-06-30 09:02:57
1656579777689822000,49.9,1,49.85,8,50.0,33,2,2022-06-30 09:02:57
1656579777886757000,50.0,1,49.85,9,50.0,32,1,2022-06-30 09:02:57
1656579777912991000,50.0,20,49.85,9,50.0,12,1,2022-06-30 09:02:57
1656579777956475000,50.0,2,49.85,9,50.0,10,1,2022-06-30 09:02:57
1656579778289256000,50.0,10,49.9,1,50.0,10,1,2022-06-30 09:02:58
1656579778535700000,50.0,2,50.0,38,50.1,15,2,2022-06-30 09:02:58
1656579778569615000,50.0,8,50.0,30,50.1,15,2,2022-06-30 09:02:58
1656579778798324000,50.0,2,50.0,30,50.1,15,2,2022-06-30 09:02:58
1656579779035727000,50.1,1,50.0,30,50.1,14,1,2022-06-30 09:02:59
1656579779184114000,50.1,10,50.0,31,50.1,4,1,2022-06-30 09:02:59
1656579779309897000,50.1,1,50.0,31,50.1,14,1,2022-06-30 09:02:59
1656579779321163000,50.1,3,50.1,7,50.2,27,1,2022-06-30 09:02:59
1656579899804488000,50.3,187,50.3,5,50.4,22,1,2022-06-30 09:04:59
1656579899840187000,50.3,5,50.2,56,50.4,22,2,2022-06-30 09:04:59
1656579899840875000,50.2,2,50.2,54,50.4,22,2,2022-06-30 09:04:59
1656579900014929000,50.4,1,50.2,54,50.4,23,1,2022-06-30 09:05:00
1656579900126723000,50.3,1,50.2,52,50.4,23,2,2022-06-30 09:05:00
1656579900126723000,50.2,2,50.2,52,50.4,23,2,2022-06-30 09:05:00
1656579900294154000,50.2,14,50.2,38,50.4,23,2,2022-06-30 09:05:00
1656579900673246000,50.2,3,50.2,40,50.4,23,2,2022-06-30 09:05:00
1656579900826676000,50.3,1,50.2,40,50.4,23,2,2022-06-30 09:05:00
1656579900975690000,50.4,5,50.2,40,50.4,18,1,2022-06-30 09:05:00
1656579901010827000,50.4,4,50.2,40,50.4,14,1,2022-06-30 09:05:01
1656579901089653000,50.2,2,50.2,38,50.4,14,2,2022-06-30 09:05:01
1656579901842660000,50.3,1,50.3,1,50.4,14,2,2022-06-30 09:05:01
1656579901842660000,50.2,1,50.3,1,50.4,14,2,2022-06-30 09:05:01
1656579902400821000,50.4,2,50.2,38,50.4,12,1,2022-06-30 09:05:02
1656579902895962000,50.2,1,50.2,37,50.4,12,2,2022-06-30 09:05:02
1656579903235295000,50.4,1,50.3,1,50.4,11,1,2022-06-30 09:05:03
1656579903317840000,50.3,1,50.3,1,50.4,11,2,2022-06-30 09:05:03
1656579903851069000,50.2,1,50.2,37,50.4,11,2,2022-06-30 09:05:03
1656579904681365000,50.3,3,50.2,39,50.4,11,1,2022-06-30 09:05:04
1656579904719366000,50.4,5,50.2,39,50.4,6,1,2022-06-30 09:05:04
1656579904969369000,50.2,1,50.2,37,50.4,6,2,2022-06-30 09:05:04
1656579905852249000,50.4,6,50.3,1,50.5,83,1,2022-06-30 09:05:05
1656579905852249000,50.5,4,50.3,1,50.5,83,1,2022-06-30 09:05:05
1656579905896498000,50.5,1,50.3,1,50.5,84,1,2022-06-30 09:05:05
1656579906076855000,50.3,1,50.2,36,50.5,84,2,2022-06-30 09:05:06
1656579906076855000,50.2,1,50.2,36,50.5,84,2,2022-06-30 09:05:06
1656579906419477000,50.5,1,50.2,43,50.5,83,1,2022-06-30 09:05:06
1656579906442803000,50.2,1,50.2,42,50.5,83,2,2022-06-30 09:05:06
1656579906603125000,50.5,2,50.2,42,50.5,81,1,2022-06-30 09:05:06
1656579906630185000,50.5,2,50.2,42,50.5,79,1,2022-06-30 09:05:06
1656579907649982000,50.5,11,50.3,3,50.5,71,1,2022-06-30 09:05:07
1656579908143345000,50.5,2,50.3,9,50.5,69,1,2022-06-30 09:05:08
1656579908547671000,50.4,1,50.3,12,50.5,69,2,2022-06-30 09:05:08
1656579908547671000,50.3,5,50.3,12,50.5,69,2,2022-06-30 09:05:08
1656579908572815000,50.5,1,50.3,12,50.5,68,1,2022-06-30 09:05:08
1656579908665413000,50.5,10,50.3,12,50.5,58,1,2022-06-30 09:05:08
1656579908971677000,50.5,5,50.3,12,50.5,53,1,2022-06-30 09:05:08
1656579908974809000,50.5,2,50.3,12,50.5,51,1,2022-06-30 09:05:08
1656579909008678000,50.5,2,50.3,12,50.5,49,1,2022-06-30 09:05:09
1656579909377479000,50.4,1,50.3,14,50.4,4,2,2022-06-30 09:05:09
1656579909468751000,50.4,1,50.3,14,50.4,3,1,2022-06-30 09:05:09
1656579909627169000,50.4,3,50.3,14,50.5,48,1,2022-06-30 09:05:09
1656579909627169000,50.5,1,50.3,14,50.5,48,1,2022-06-30 09:05:09
1656579909812020000,50.5,1,50.3,16,50.5,48,1,2022-06-30 09:05:09
1656579910059764000,50.5,1,50.3,16,50.5,46,1,2022-06-30 09:05:10
1656579910245162000,50.5,2,50.3,16,50.5,45,1,2022-06-30 09:05:10
1656579910332534000,50.4,1,50.3,16,50.4,5,1,2022-06-30 09:05:10
1656579910650935000,50.4,1,50.3,16,50.4,4,1,2022-06-30 09:05:10
1656579910863915000,50.4,1,50.3,16,50.4,2,1,2022-06-30 09:05:10
1656579910970567000,50.4,2,50.3,16,50.5,44,1,2022-06-30 09:05:10
1656579910970567000,50.5,1,50.3,16,50.5,44,1,2022-06-30 09:05:10
1656579911148454000,50.5,1,50.3,16,50.5,43,1,2022-06-30 09:05:11
1656579911244128000,50.5,3,50.3,14,50.5,40,1,2022-06-30 09:05:11
1656579911350662000,50.5,2,50.3,14,50.5,38,1,2022-06-30 09:05:11
1656579911357218000,50.3,2,50.3,14,50.5,43,2,2022-06-30 09:05:11
1656579911370250000,50.3,1,50.3,11,50.5,38,2,2022-06-30 09:05:11
1656579911751830000,50.5,1,50.3,11,50.5,37,1,2022-06-30 09:05:11
1656579911872106000,50.3,1,50.3,10,50.4,2,2,2022-06-30 09:05:11
1656579912056526000,50.4,1,50.3,10,50.4,2,1,2022-06-30 09:05:12
1656579912130955000,50.4,2,50.3,11,50.5,37,1,2022-06-30 09:05:12
1656579912370503000,50.5,1,50.3,11,50.5,36,1,2022-06-30 09:05:12
1656579912400849000,50.5,1,50.4,3,50.5,35,1,2022-06-30 09:05:12
1656579912787266000,50.5,1,50.4,3,50.5,35,1,2022-06-30 09:05:12
1656579913023013000,50.4,2,50.4,1,50.5,34,2,2022-06-30 09:05:13
1656579913041441000,50.4,1,50.4,1,50.5,34,2,2022-06-30 09:05:13
1656579913401556000,50.5,20,50.3,12,50.5,14,1,2022-06-30 09:05:13
1656579913420637000,50.5,1,50.3,12,50.5,13,1,2022-06-30 09:05:13
1656579913487718000,50.5,1,50.3,12,50.5,12,1,2022-06-30 09:05:13
1656579913506043000,50.5,2,50.3,12,50.5,10,1,2022-06-30 09:05:13
1656579913639345000,50.5,1,50.3,12,50.5,9,1,2022-06-30 09:05:13
1656579913659075000,50.5,2,50.3,12,50.5,7,1,2022-06-30 09:05:13
1656579913946493000,50.5,5,50.4,2,50.5,7,1,2022-06-30 09:05:13
1656579914096525000,50.5,2,50.4,2,50.5,5,1,2022-06-30 09:05:14
1656579914258625000,50.5,1,50.4,2,50.5,12,1,2022-06-30 09:05:14
1656579914422910000,50.5,1,50.4,2,50.5,3,1,2022-06-30 09:05:14
1656579914443234000,50.5,3,50.4,2,50.6,21,1,2022-06-30 09:05:14
1656579914443234000,50.6,7,50.4,2,50.6,21,1,2022-06-30 09:05:14
1656579914662921000,50.6,1,50.4,3,50.6,20,1,2022-06-30 09:05:14
1656579914727436000,50.4,3,50.3,12,50.4,27,2,2022-06-30 09:05:14
1656579914757147000,50.4,1,50.3,12,50.4,26,1,2022-06-30 09:05:14
1656579914875865000,50.4,1,50.3,12,50.4,25,1,2022-06-30 09:05:14
1656579914878547000,50.4,1,50.3,12,50.4,24,1,2022-06-30 09:05:14
1656579914971521000,50.4,1,50.3,14,50.4,23,1,2022-06-30 09:05:14
1656579914978512000,50.4,2,50.3,14,50.4,21,1,2022-06-30 09:05:14
1656579915016127000,50.4,1,50.3,14,50.4,20,1,2022-06-30 09:05:15
1656579915034008000,50.4,1,50.3,14,50.4,19,1,2022-06-30 09:05:15
1656579915169152000,50.4,1,50.3,14,50.4,18,1,2022-06-30 09:05:15
1656579915233387000,50.4,2,50.3,14,50.4,16,1,2022-06-30 09:05:15
1656579915286128000,50.4,1,50.3,14,50.4,18,1,2022-06-30 09:05:15
1656579915668150000,50.4,1,50.3,8,50.4,16,1,2022-06-30 09:05:15
1656579915680692000,50.4,1,50.3,8,50.4,15,1,2022-06-30 09:05:15
1656579915722928000,50.4,1,50.3,8,50.4,14,1,2022-06-30 09:05:15
1656579915768861000,50.4,1,50.3,8,50.4,13,1,2022-06-30 09:05:15
1656579915810095000,50.4,2,50.3,8,50.4,17,1,2022-06-30 09:05:15
1656579915837544000,50.4,1,50.3,8,50.4,10,1,2022-06-30 09:05:15
1656579916011855000,50.4,10,50.3,6,50.5,5,1,2022-06-30 09:05:16
1656579916047441000,50.5,1,50.3,6,50.5,10,1,2022-06-30 09:05:16
1656579916310899000,50.4,1,50.4,1,50.5,10,2,2022-06-30 09:05:16
1656579916310899000,50.3,7,50.4,1,50.5,10,2,2022-06-30 09:05:16
1656579916341733000,50.3,1,50.2,43,50.3,21,1,2022-06-30 09:05:16
1656579916351448000,50.2,1,50.2,42,50.3,21,2,2022-06-30 09:05:16
1656579916552644000,50.3,2,50.2,42,50.3,19,1,2022-06-30 09:05:16
1656579916677079000,50.2,10,50.2,34,50.3,19,2,2022-06-30 09:05:16
1656579916887917000,50.3,1,50.2,34,50.3,18,1,2022-06-30 09:05:16
1656579917022778000,50.3,10,50.2,34,50.3,8,1,2022-06-30 09:05:17
1656579917164800000,50.3,1,50.2,34,50.3,9,1,2022-06-30 09:05:17
1656579917232492000,50.2,8,50.2,26,50.3,10,2,2022-06-30 09:05:17
1656579917272058000,50.2,1,50.2,25,50.3,11,2,2022-06-30 09:05:17
1656579917279740000,50.2,1,50.2,26,50.3,11,2,2022-06-30 09:05:17
1656579917367057000,50.3,1,50.2,24,50.3,10,1,2022-06-30 09:05:17
1656579917374246000,50.2,1,50.2,23,50.3,10,2,2022-06-30 09:05:17
1656579917445717000,50.2,10,50.2,13,50.3,12,2,2022-06-30 09:05:17
1656579917476450000,50.2,13,50.1,95,50.3,13,2,2022-06-30 09:05:17
1656579917598581000,50.2,1,50.1,95,50.3,18,1,2022-06-30 09:05:17
1656579917818508000,50.2,1,50.1,95,50.2,5,1,2022-06-30 09:05:17
1656579917928834000,50.1,1,50.1,94,50.2,11,2,2022-06-30 09:05:17
1656579917965158000,50.1,8,50.1,86,50.2,11,2,2022-06-30 09:05:17
1656579917994244000,50.1,7,50.1,79,50.2,15,2,2022-06-30 09:05:17
1656579917994534000,50.1,9,50.1,70,50.2,15,2,2022-06-30 09:05:17
1656579918034899000,50.1,1,50.1,69,50.2,16,2,2022-06-30 09:05:18
1656579918065009000,50.1,2,50.1,67,50.2,16,2,2022-06-30 09:05:18
1656579918073671000,50.1,1,50.1,66,50.2,16,2,2022-06-30 09:05:18
1656579918175158000,50.1,5,50.1,61,50.2,16,2,2022-06-30 09:05:18
1656579918207793000,50.1,4,50.1,57,50.2,16,2,2022-06-30 09:05:18
1656579918235260000,50.1,1,50.1,56,50.2,16,2,2022-06-30 09:05:18
1656579918237175000,50.1,3,50.1,53,50.2,16,2,2022-06-30 09:05:18
1656579918263589000,50.1,53,50.0,63,50.2,22,2,2022-06-30 09:05:18
1656579918450367000,50.1,1,50.0,63,50.1,13,1,2022-06-30 09:05:18
1656579918547645000,50.0,1,50.0,62,50.1,16,2,2022-06-30 09:05:18
1656579918655061000,50.1,1,50.0,62,50.1,24,1,2022-06-30 09:05:18
1656579918949829000,50.1,2,50.0,62,50.1,48,1,2022-06-30 09:05:18
1656579919092054000,50.0,1,50.0,61,50.1,52,2,2022-06-30 09:05:19
1656579919168291000,50.1,1,50.0,61,50.1,51,1,2022-06-30 09:05:19
1656579919226896000,50.0,6,50.0,61,50.1,52,2,2022-06-30 09:05:19
1656579919356007000,50.1,1,50.0,55,50.1,50,1,2022-06-30 09:05:19
1656579919409168000,50.0,1,50.0,54,50.1,50,2,2022-06-30 09:05:19
1656579919489774000,50.1,1,50.0,54,50.1,49,1,2022-06-30 09:05:19
1656579919571569000,50.0,6,50.0,48,50.1,49,2,2022-06-30 09:05:19
1656579919625661000,50.0,5,50.0,43,50.1,49,2,2022-06-30 09:05:19
1656579919655841000,50.1,1,50.0,43,50.1,48,1,2022-06-30 09:05:19
1656579919659909000,50.0,2,50.0,41,50.1,48,2,2022-06-30 09:05:19
1656579919772432000,50.0,3,50.0,41,50.1,48,2,2022-06-30 09:05:19
1656579919813634000,50.0,10,50.0,28,50.1,48,2,2022-06-30 09:05:19
1656579919845003000,50.0,3,50.0,25,50.1,48,2,2022-06-30 09:05:19
1656579919845334000,50.0,3,50.0,22,50.1,48,2,2022-06-30 09:05:19
1656579919852024000,50.0,1,50.0,21,50.1,48,2,2022-06-30 09:05:19
1656579919877966000,50.0,1,50.0,20,50.1,48,2,2022-06-30 09:05:19
1656579919879039000,50.0,1,50.0,19,50.1,48,2,2022-06-30 09:05:19
1656579920043836000,50.0,2,50.0,18,50.1,47,2,2022-06-30 09:05:20
1656579920125700000,50.1,1,50.0,18,50.1,50,1,2022-06-30 09:05:20
1656579920128734000,50.1,1,50.0,18,50.1,49,1,2022-06-30 09:05:20
1656579920243456000,50.1,1,50.0,18,50.1,51,1,2022-06-30 09:05:20
1656579920531058000,50.1,2,50.0,18,50.1,46,1,2022-06-30 09:05:20
1656579920555799000,50.0,1,50.0,17,50.1,46,2,2022-06-30 09:05:20
1656579920584007000,50.0,1,50.0,16,50.1,40,2,2022-06-30 09:05:20
1656579920585229000,50.0,5,50.0,11,50.1,40,2,2022-06-30 09:05:20
1656579920744933000,50.0,3,50.0,8,50.1,27,2,2022-06-30 09:05:20
1656579921244911000,50.0,3,50.0,5,50.1,26,2,2022-06-30 09:05:21
1656579921270312000,50.0,1,50.0,4,50.1,26,2,2022-06-30 09:05:21
1656579921331051000,50.0,1,50.0,3,50.1,15,2,2022-06-30 09:05:21
1656579921391861000,50.0,3,49.95,6,50.0,5,2,2022-06-30 09:05:21
1656579921474121000,50.0,5,49.95,6,50.1,15,1,2022-06-30 09:05:21
1656579921718485000,49.95,1,49.95,6,50.0,4,2,2022-06-30 09:05:21
1656579921968026000,50.0,1,49.95,5,50.0,5,1,2022-06-30 09:05:21
1656579922374713000,49.95,4,49.95,1,50.0,4,2,2022-06-30 09:05:22
1656579922500203000,49.95,1,49.9,4,50.0,4,2,2022-06-30 09:05:22
1656579922516758000,49.9,1,49.9,3,50.0,4,2,2022-06-30 09:05:22
1656579923078659000,49.95,2,49.85,1,50.0,10,2,2022-06-30 09:05:23
1656579923078659000,49.9,3,49.85,1,50.0,10,2,2022-06-30 09:05:23
1656579923631762000,50.0,2,49.85,2,50.0,8,1,2022-06-30 09:05:23
1656579924062135000,49.95,1,49.85,2,50.0,11,1,2022-06-30 09:05:24
1656579924158487000,50.0,1,49.85,2,50.0,11,1,2022-06-30 09:05:24
1656579924512412000,50.0,1,49.85,2,50.0,9,1,2022-06-30 09:05:24
1656579926323314000,49.95,10,49.85,2,49.95,4,1,2022-06-30 09:05:26
1656579926350795000,49.95,4,49.85,2,50.0,10,1,2022-06-30 09:05:26
1656579926382939000,49.9,1,49.9,1,50.0,10,1,2022-06-30 09:05:26
1656579926684780000,49.9,1,49.9,1,50.0,10,2,2022-06-30 09:05:26
1656579927019259000,50.0,3,49.85,2,50.0,7,1,2022-06-30 09:05:27
1656579927583842000,49.95,5,49.9,11,50.0,7,1,2022-06-30 09:05:27
1656579927600196000,49.9,1,49.9,10,50.0,7,2,2022-06-30 09:05:27
1656579927619609000,50.0,1,49.9,10,50.0,6,1,2022-06-30 09:05:27
1656579927643931000,50.0,3,49.9,10,50.0,3,1,2022-06-30 09:05:27
1656579927671045000,49.95,1,49.9,10,49.95,1,1,2022-06-30 09:05:27
1656579928088634000,49.9,5,49.9,9,49.95,1,2,2022-06-30 09:05:28
1656579928117677000,49.95,1,49.9,14,49.95,1,1,2022-06-30 09:05:28
1656579928757547000,49.95,1,49.95,4,50.0,3,2,2022-06-30 09:05:28
1656579929876044000,49.95,1,49.95,3,50.0,4,2,2022-06-30 09:05:29
1656579930621827000,49.95,1,49.95,4,50.0,4,2,2022-06-30 09:05:30
1656579930959162000,49.95,1,49.95,3,50.0,4,2,2022-06-30 09:05:30
1656579930992234000,49.95,1,49.95,2,50.0,4,2,2022-06-30 09:05:30
1656579931173604000,50.0,4,50.0,6,50.1,4,1,2022-06-30 09:05:31
1656579931805730000,50.1,4,50.0,6,50.3,15,1,2022-06-30 09:05:31
1656579931805730000,50.2,2,50.0,6,50.3,15,1,2022-06-30 09:05:31
1656579932245130000,50.0,5,50.0,1,50.2,1,2,2022-06-30 09:05:32
1656579932360365000,50.0,5,49.95,6,50.2,2,2,2022-06-30 09:05:32
1656579932654992000,50.0,1,49.95,6,50.2,2,1,2022-06-30 09:05:32
1656579933203145000,50.1,1,50.1,1,50.2,2,2,2022-06-30 09:05:33
1656579933322603000,50.0,2,50.0,2,50.2,2,2,2022-06-30 09:05:33
1656579933484203000,50.0,1,50.0,1,50.2,2,2,2022-06-30 09:05:33
1656579933905334000,50.0,2,50.0,1,50.2,2,2,2022-06-30 09:05:33
1656579934247190000,50.0,1,50.0,3,50.2,2,2,2022-06-30 09:05:34
1656579934861079000,50.0,1,50.0,2,50.2,2,2,2022-06-30 09:05:34
1656579934896176000,50.2,2,50.0,2,50.3,14,1,2022-06-30 09:05:34
1656579934896176000,50.3,1,50.0,2,50.3,14,1,2022-06-30 09:05:34
1656579935018442000,50.0,1,50.0,1,50.3,17,2,2022-06-30 09:05:35
1656579935370409000,50.2,1,50.0,2,50.3,17,1,2022-06-30 09:05:35
1656579936213357000,50.1,6,50.1,10,50.3,18,2,2022-06-30 09:05:36
1656579936678360000,50.1,1,50.1,4,50.3,18,2,2022-06-30 09:05:36
1656579936814018000,50.1,1,50.1,2,50.3,18,2,2022-06-30 09:05:36
1656579937056177000,50.1,1,50.1,1,50.3,18,2,2022-06-30 09:05:37
1656579937672494000,50.1,1,50.1,2,50.2,1,2,2022-06-30 09:05:37
1656579937745844000,50.2,1,50.1,1,50.3,19,1,2022-06-30 09:05:37
1656579937945019000,50.1,1,50.0,15,50.1,4,2,2022-06-30 09:05:37
1656579937979423000,50.1,4,50.0,15,50.3,19,1,2022-06-30 09:05:37
1656579939051091000,50.2,1,50.2,1,50.3,24,1,2022-06-30 09:05:39
1656579939455089000,50.2,1,50.1,4,50.3,24,2,2022-06-30 09:05:39
1656579939455089000,50.1,1,50.1,4,50.3,24,2,2022-06-30 09:05:39
1656579939903814000,50.3,1,50.1,5,50.3,23,1,2022-06-30 09:05:39
1656579940817706000,50.1,1,50.1,5,50.3,23,2,2022-06-30 09:05:40
1656579941246312000,50.3,5,50.2,1,50.3,18,1,2022-06-30 09:05:41
1656579941994748000,50.3,2,50.2,2,50.3,16,1,2022-06-30 09:05:41
1656579942388655000,50.2,2,50.1,11,50.3,16,2,2022-06-30 09:05:42
1656579942586589000,50.1,12,50.0,28,50.3,16,2,2022-06-30 09:05:42
1656579943495239000,50.2,1,50.1,3,50.3,15,1,2022-06-30 09:05:43
1656579943495239000,50.3,1,50.1,3,50.3,15,1,2022-06-30 09:05:43
1656579943764339000,50.2,5,50.2,4,50.3,15,2,2022-06-30 09:05:43
1656579943945237000,50.2,2,50.2,2,50.3,15,2,2022-06-30 09:05:43
1656579943948236000,50.2,2,50.1,5,50.3,15,2,2022-06-30 09:05:43
1656579944074727000,50.1,2,50.2,4,50.3,15,2,2022-06-30 09:05:44
1656579945026429000,50.1,3,50.0,40,50.1,2,2,2022-06-30 09:05:45
1656579945052995000,50.1,2,50.0,35,50.3,15,1,2022-06-30 09:05:45
1656579946308141000,50.1,1,50.1,2,50.2,6,2,2022-06-30 09:05:46
1656579946315396000,50.2,2,50.1,2,50.2,4,1,2022-06-30 09:05:46
1656579946726178000,50.1,3,50.1,3,50.2,5,2,2022-06-30 09:05:46
1656579946726178000,50.0,7,50.1,3,50.2,5,2,2022-06-30 09:05:46
1656579947175811000,50.1,1,50.1,1,50.2,6,2,2022-06-30 09:05:47
1656579947200975000,50.2,1,50.1,2,50.2,6,1,2022-06-30 09:05:47
1656579947478277000,50.2,2,50.1,1,50.2,3,1,2022-06-30 09:05:47
1656579948148869000,50.2,2,50.1,17,50.2,6,1,2022-06-30 09:05:48
1656579948778502000,50.1,10,50.1,8,50.2,9,2,2022-06-30 09:05:48
1656579949479321000,50.2,1,50.1,13,50.2,9,1,2022-06-30 09:05:49
1656579949653274000,50.1,5,50.1,13,50.2,9,2,2022-06-30 09:05:49
1656579949795594000,50.1,1,50.1,7,50.2,9,2,2022-06-30 09:05:49
1656579949817168000,50.2,6,50.1,7,50.2,3,1,2022-06-30 09:05:49
1656579950125537000,50.2,1,50.1,8,50.2,3,1,2022-06-30 09:05:50
1656579950369658000,50.2,2,50.2,1,50.3,18,1,2022-06-30 09:05:50
1656579950623354000,50.3,1,50.2,2,50.3,17,1,2022-06-30 09:05:50
1656579951167302000,50.2,1,50.2,1,50.3,17,2,2022-06-30 09:05:51
1656579951368467000,50.2,1,50.1,18,50.3,17,2,2022-06-30 09:05:51
1656579951368467000,50.1,1,50.1,18,50.3,17,2,2022-06-30 09:05:51
1656579951464150000,50.2,6,50.1,18,50.3,13,1,2022-06-30 09:05:51
1656579951464150000,50.3,4,50.1,18,50.3,13,1,2022-06-30 09:05:51
1656579951491142000,50.1,5,50.1,13,50.3,13,2,2022-06-30 09:05:51
1656579951844047000,50.1,1,50.1,14,50.3,13,2,2022-06-30 09:05:51
1656579951972689000,50.3,10,50.2,3,50.3,3,1,2022-06-30 09:05:51
1656579952002060000,50.3,3,50.2,3,50.4,11,1,2022-06-30 09:05:52
1656579953159907000,50.2,1,50.2,3,50.4,11,2,2022-06-30 09:05:53
1656579953202608000,50.2,1,50.2,4,50.4,11,2,2022-06-30 09:05:53
1656579953370058000,50.2,2,50.1,12,50.4,11,2,2022-06-30 09:05:53
1656579953370058000,50.1,3,50.1,12,50.4,11,2,2022-06-30 09:05:53
1656579953450841000,50.3,1,50.1,13,50.4,9,1,2022-06-30 09:05:53
1656579953450841000,50.4,2,50.1,13,50.4,9,1,2022-06-30 09:05:53
1656579953695058000,50.3,1,50.1,14,50.5,23,1,2022-06-30 09:05:53
1656579953695058000,50.4,9,50.1,14,50.5,23,1,2022-06-30 09:05:53
1656579954555805000,50.2,2,50.1,17,50.2,3,2,2022-06-30 09:05:54
1656579954594193000,50.2,1,50.1,17,50.2,2,1,2022-06-30 09:05:54
1656579954906752000,50.2,1,50.1,18,50.2,1,1,2022-06-30 09:05:54
1656579954941887000,50.2,1,50.1,18,50.4,5,1,2022-06-30 09:05:54
1656579954995785000,50.4,2,50.2,1,50.4,3,1,2022-06-30 09:05:54
1656579956120154000,50.2,7,50.1,23,50.4,5,2,2022-06-30 09:05:56
1656579956120154000,50.1,8,50.1,23,50.4,5,2,2022-06-30 09:05:56
1656579956212052000,50.4,5,50.1,23,50.5,18,1,2022-06-30 09:05:56
1656579956212052000,50.5,5,50.1,23,50.5,18,1,2022-06-30 09:05:56
1656579957372299000,50.3,1,50.2,2,50.4,4,1,2022-06-30 09:05:57
1656579957497565000,50.2,2,50.1,23,50.2,3,2,2022-06-30 09:05:57
1656579957641027000,50.2,1,50.1,23,50.2,2,1,2022-06-30 09:05:57
1656579957671218000,50.2,2,50.1,23,50.3,1,1,2022-06-30 09:05:57
1656579957811785000,50.3,1,50.1,24,50.4,5,1,2022-06-30 09:05:57
1656579958586081000,50.2,2,50.2,5,50.4,10,2,2022-06-30 09:05:58
1656579958954417000,50.4,1,50.2,3,50.4,9,1,2022-06-30 09:05:58
1656579960016334000,50.3,3,50.2,6,50.4,10,1,2022-06-30 09:06:00
1656579960816636000,50.4,2,50.3,7,50.4,10,1,2022-06-30 09:06:00
1656579961707511000,50.3,1,50.3,8,50.4,12,2,2022-06-30 09:06:01
1656579961873346000,50.3,1,50.3,7,50.4,10,2,2022-06-30 09:06:01
1656579962092335000,50.4,8,50.3,7,50.4,10,1,2022-06-30 09:06:02
1656579962565146000,50.4,2,50.3,7,50.4,1,1,2022-06-30 09:06:02
1656579962600639000,50.4,1,50.3,7,50.5,18,1,2022-06-30 09:06:02
1656579962848330000,50.5,10,50.3,7,50.5,8,1,2022-06-30 09:06:02
1656579962945837000,50.4,1,50.3,7,50.5,8,1,2022-06-30 09:06:02
1656579963698927000,50.4,2,50.3,8,50.4,2,1,2022-06-30 09:06:03
1656579964727775000,50.5,1,50.4,17,50.5,1,1,2022-06-30 09:06:04
1656579964820309000,50.5,1,50.5,2,50.6,22,1,2022-06-30 09:06:04
1656579965289480000,50.5,1,50.5,1,50.6,22,2,2022-06-30 09:06:05
1656579965886898000,50.6,2,50.5,17,50.6,20,1,2022-06-30 09:06:05
1656579965913075000,50.6,20,50.5,17,50.7,15,1,2022-06-30 09:06:05
1656579965975066000,50.7,3,50.5,17,50.7,12,1,2022-06-30 09:06:05
1656579966082202000,50.7,3,50.5,17,50.7,9,1,2022-06-30 09:06:06
1656579966161002000,50.7,9,50.5,17,50.9,32,1,2022-06-30 09:06:06
1656579966161002000,50.8,19,50.5,17,50.9,32,1,2022-06-30 09:06:06
1656579966295670000,50.8,2,50.6,22,50.9,31,1,2022-06-30 09:06:06
1656579966295670000,50.9,1,50.6,22,50.9,31,1,2022-06-30 09:06:06
1656579966328319000,50.9,3,50.6,27,50.9,28,1,2022-06-30 09:06:06
1656579966361011000,50.9,3,50.6,31,50.9,25,1,2022-06-30 09:06:06
1656579966397768000,50.6,1,50.6,30,50.9,25,2,2022-06-30 09:06:06
1656579967174546000,50.7,1,50.7,8,50.9,23,2,2022-06-30 09:06:07
1656579967581178000,50.9,2,50.7,8,50.9,21,1,2022-06-30 09:06:07
1656579967902543000,50.9,3,50.7,8,50.9,18,1,2022-06-30 09:06:07
1656579968090219000,50.9,5,50.7,9,50.9,13,1,2022-06-30 09:06:08
1656579968118213000,50.7,3,50.7,9,50.9,13,2,2022-06-30 09:06:08
1656579968758779000,50.9,1,50.7,6,50.9,14,1,2022-06-30 09:06:08
1656579970600085000,50.9,2,50.8,1,50.9,16,1,2022-06-30 09:06:10
1656579970608690000,50.8,1,50.7,8,50.8,1,2,2022-06-30 09:06:10
1656579970723048000,50.8,1,50.7,8,50.9,16,1,2022-06-30 09:06:10
1656579970750533000,50.7,8,50.6,14,50.9,17,2,2022-06-30 09:06:10
1656579970991782000,50.9,1,50.6,14,50.9,16,1,2022-06-30 09:06:10
1656579971192094000,50.6,1,50.6,14,50.9,17,2,2022-06-30 09:06:11
1656579971428039000,50.9,1,50.6,13,50.9,17,1,2022-06-30 09:06:11
1656579971496313000,50.9,1,50.6,13,50.9,17,1,2022-06-30 09:06:11
1656579971541413000,50.9,5,50.6,13,50.9,12,1,2022-06-30 09:06:11
1656579971552115000,50.9,5,50.6,13,50.9,7,1,2022-06-30 09:06:11
1656579971783290000,50.8,1,50.6,8,50.8,3,1,2022-06-30 09:06:11
1656579971836933000,50.8,1,50.6,8,50.8,2,1,2022-06-30 09:06:11
1656579971927694000,50.8,1,50.6,8,50.8,1,1,2022-06-30 09:06:11
1656579972388202000,50.7,1,50.6,6,50.8,1,2,2022-06-30 09:06:12
1656579972388202000,50.6,4,50.6,6,50.8,1,2,2022-06-30 09:06:12
1656579972574162000,50.8,1,50.6,6,50.8,1,1,2022-06-30 09:06:12
1656579972636926000,50.8,1,50.6,6,50.9,10,1,2022-06-30 09:06:12
1656579972908552000,50.8,1,50.6,6,50.9,10,2,2022-06-30 09:06:12
1656579973050531000,50.6,8,50.5,3,50.9,11,2,2022-06-30 09:06:13
1656579973050531000,50.5,17,50.5,3,50.9,11,2,2022-06-30 09:06:13
1656579973168431000,50.6,2,50.5,3,50.8,2,2,2022-06-30 09:06:13
1656579973515304000,50.7,1,50.5,3,50.8,2,2,2022-06-30 09:06:13
1656579973884047000,50.7,1,50.5,3,50.7,2,1,2022-06-30 09:06:13
1656579973910602000,50.7,1,50.5,3,50.7,1,1,2022-06-30 09:06:13
1656579973947105000,50.7,1,50.5,3,50.8,13,1,2022-06-30 09:06:13
1656579973965340000,50.5,1,50.5,2,50.8,13,2,2022-06-30 09:06:13
1656579974384735000,50.7,1,50.5,2,50.7,1,1,2022-06-30 09:06:14
1656579974415591000,50.7,1,50.5,2,50.8,25,1,2022-06-30 09:06:14
1656579974436031000,50.8,1,50.5,2,50.8,24,1,2022-06-30 09:06:14
1656579974560139000,50.8,1,50.5,2,50.8,18,1,2022-06-30 09:06:14
1656579975492914000,50.6,1,50.5,2,50.6,5,1,2022-06-30 09:06:15
1656579975555044000,50.6,1,50.5,2,50.6,4,1,2022-06-30 09:06:15
1656579975894311000,50.5,2,50.4,29,50.6,15,2,2022-06-30 09:06:15
1656579975894311000,50.4,4,50.4,29,50.6,15,2,2022-06-30 09:06:15
1656579975998684000,50.6,1,50.4,29,50.6,16,1,2022-06-30 09:06:15
1656579976176044000,50.4,2,50.4,26,50.6,16,2,2022-06-30 09:06:16
1656579976640665000,50.5,3,50.4,24,50.5,2,1,2022-06-30 09:06:16
1656579976895980000,50.5,1,50.4,24,50.5,6,1,2022-06-30 09:06:16
1656579977017047000,50.4,4,50.4,20,50.5,28,2,2022-06-30 09:06:17
1656579977038372000,50.5,1,50.4,20,50.5,27,1,2022-06-30 09:06:17
1656579977051282000,50.4,20,50.3,13,50.5,27,2,2022-06-30 09:06:17
1656579977138217000,50.5,2,50.3,13,50.5,25,1,2022-06-30 09:06:17
1656579977193543000,50.5,1,50.3,13,50.5,24,1,2022-06-30 09:06:17
1656579977432914000,50.4,1,50.3,13,50.4,2,1,2022-06-30 09:06:17
1656579977618402000,50.4,1,50.3,13,50.4,2,1,2022-06-30 09:06:17
1656579977775316000,50.4,1,50.3,13,50.4,6,1,2022-06-30 09:06:17
1656579978240013000,50.4,1,50.3,13,50.4,5,1,2022-06-30 09:06:18
1656579978244408000,50.4,1,50.3,13,50.4,4,1,2022-06-30 09:06:18
1656579978350236000,50.4,1,50.3,12,50.4,6,1,2022-06-30 09:06:18
1656579978510471000,50.4,2,50.3,12,50.4,4,1,2022-06-30 09:06:18
1656579978540411000,50.4,4,50.3,12,50.5,26,1,2022-06-30 09:06:18
1656579978577153000,50.3,1,50.3,11,50.5,26,2,2022-06-30 09:06:18
1656579978683824000,50.5,5,50.3,11,50.5,21,1,2022-06-30 09:06:18
1656579978724061000,50.5,2,50.3,11,50.5,19,1,2022-06-30 09:06:18
1656579978786179000,50.3,10,50.3,1,50.5,19,2,2022-06-30 09:06:18
1656579978938149000,50.3,1,50.2,75,50.3,4,2,2022-06-30 09:06:18
1656579978980221000,50.3,4,50.2,75,50.5,19,1,2022-06-30 09:06:18
1656579979638560000,50.4,1,50.2,67,50.5,20,2,2022-06-30 09:06:19
1656579979638560000,50.2,9,50.2,67,50.5,20,2,2022-06-30 09:06:19
1656579980361245000,50.5,1,50.3,6,50.5,19,1,2022-06-30 09:06:20
1656579980669151000,50.5,2,50.3,6,50.5,17,1,2022-06-30 09:06:20
1656579981196185000,50.3,2,50.3,6,50.5,18,2,2022-06-30 09:06:21
1656579982537427000,50.5,1,50.3,4,50.5,18,1,2022-06-30 09:06:22
1656579982546516000,50.5,1,50.3,4,50.5,17,1,2022-06-30 09:06:22
1656579983069026000,50.5,1,50.4,1,50.5,16,1,2022-06-30 09:06:23
1656579983298830000,50.5,5,50.4,1,50.5,11,1,2022-06-30 09:06:23
1656579983807996000,50.4,3,50.3,6,50.5,11,2,2022-06-30 09:06:23
1656579983807996000,50.3,2,50.3,6,50.5,11,2,2022-06-30 09:06:23
1656579984309644000,50.5,1,50.4,5,50.5,10,1,2022-06-30 09:06:24
1656579984348567000,50.5,1,50.4,5,50.5,9,1,2022-06-30 09:06:24
1656579984543068000,50.5,1,50.4,5,50.5,9,1,2022-06-30 09:06:24
1656579984683496000,50.5,5,50.4,5,50.5,4,1,2022-06-30 09:06:24
1656579984713664000,50.5,4,50.4,5,50.5,10,1,2022-06-30 09:06:24
1656579985154640000,50.5,1,50.5,1,50.6,2,2,2022-06-30 09:06:25
1656579985622393000,50.5,1,50.4,10,50.5,1,1,2022-06-30 09:06:25
1656579985750027000,50.4,1,50.4,9,50.6,2,2,2022-06-30 09:06:25
1656579985790391000,50.6,2,50.4,9,50.8,1,1,2022-06-30 09:06:25
1656579985790391000,50.7,11,50.4,9,50.8,1,1,2022-06-30 09:06:25
1656579985790391000,50.8,7,50.4,9,50.8,1,1,2022-06-30 09:06:25
1656579986871894000,50.5,5,50.4,10,50.5,3,2,2022-06-30 09:06:26
1656579987067955000,50.5,3,50.5,3,50.7,2,1,2022-06-30 09:06:27
1656579989194608000,50.7,1,50.6,2,50.7,2,1,2022-06-30 09:06:29
1656579990487977000,50.6,1,50.6,1,50.7,2,2,2022-06-30 09:06:30
1656579992393377000,50.7,2,50.6,2,50.7,1,1,2022-06-30 09:06:32
1656579992422518000,50.7,1,50.6,2,50.8,11,1,2022-06-30 09:06:32
1656579992613344000,50.8,1,50.6,2,50.8,10,1,2022-06-30 09:06:32
1656579992709407000,50.6,1,50.6,2,50.7,1,2,2022-06-30 09:06:32
1656579994361371000,50.7,2,50.6,2,50.7,2,1,2022-06-30 09:06:34
1656579995351117000,50.7,2,50.6,2,50.7,1,1,2022-06-30 09:06:35
1656579995518037000,50.7,1,50.6,3,50.8,14,1,2022-06-30 09:06:35
1656579995518037000,50.8,1,50.6,3,50.8,14,1,2022-06-30 09:06:35
1656579995558229000,50.8,5,50.6,3,50.8,10,1,2022-06-30 09:06:35
1656579996321060000,50.7,2,50.6,4,50.7,3,2,2022-06-30 09:06:36
1656579996637177000,50.7,2,50.6,4,50.7,1,1,2022-06-30 09:06:36
1656579997863176000,50.7,1,50.6,11,50.8,9,1,2022-06-30 09:06:37
1656579997863176000,50.8,1,50.6,11,50.8,9,1,2022-06-30 09:06:37
1656579998182118000,50.7,2,50.6,15,50.8,9,1,2022-06-30 09:06:38
1656579998776420000,50.7,3,50.6,24,50.8,9,1,2022-06-30 09:06:38
1656580000260985000,50.8,1,50.7,3,50.8,9,1,2022-06-30 09:06:40
1656580001599452000,50.7,3,50.6,29,50.8,10,2,2022-06-30 09:06:41
1656580001599452000,50.6,2,50.6,29,50.8,10,2,2022-06-30 09:06:41
1656580001757448000,50.8,1,50.6,29,50.8,9,1,2022-06-30 09:06:41
1656580002182050000,50.8,2,50.7,4,50.8,7,1,2022-06-30 09:06:42
1656580002527962000,50.8,2,50.7,11,50.8,5,1,2022-06-30 09:06:42
1656580002697723000,50.7,1,50.7,11,50.8,5,2,2022-06-30 09:06:42
1656580003341847000,50.7,1,50.7,10,50.8,6,2,2022-06-30 09:06:43
1656580003351458000,50.7,1,50.7,9,50.8,6,2,2022-06-30 09:06:43
1656580003716251000,50.8,2,50.7,9,50.8,4,1,2022-06-30 09:06:43
1656580004991103000,50.7,5,50.7,11,50.8,4,2,2022-06-30 09:06:44
1656580005217653000,50.8,5,50.7,9,50.9,1,1,2022-06-30 09:06:45
1656580005217653000,50.9,15,50.7,9,50.9,1,1,2022-06-30 09:06:45
1656580005615254000,50.7,1,50.7,9,50.9,1,2,2022-06-30 09:06:45
1656580006381097000,50.9,1,50.8,10,51.0,38,1,2022-06-30 09:06:46
1656580007861165000,51.0,1,50.8,11,51.0,37,1,2022-06-30 09:06:47
1656580008053299000,51.0,5,50.8,11,51.0,32,1,2022-06-30 09:06:48
1656580009328358000,50.9,2,50.8,11,51.0,37,2,2022-06-30 09:06:49
1656580009403204000,50.8,3,50.8,8,51.0,37,2,2022-06-30 09:06:49
1656580009557306000,51.0,3,50.9,1,51.0,34,1,2022-06-30 09:06:49
1656580011628486000,50.9,5,50.9,5,51.0,38,2,2022-06-30 09:06:51
1656580011628486000,50.8,3,50.9,5,51.0,38,2,2022-06-30 09:06:51
1656580011898068000,50.9,1,50.8,6,51.0,38,2,2022-06-30 09:06:51
1656580011939752000,50.9,1,50.8,6,51.0,38,2,2022-06-30 09:06:51
1656580012183100000,51.0,30,50.8,9,51.0,9,1,2022-06-30 09:06:52
1656580012206305000,51.0,7,50.8,9,51.0,39,1,2022-06-30 09:06:52
1656580012245791000,51.0,1,50.8,9,51.0,1,1,2022-06-30 09:06:52
1656580012267649000,51.0,1,50.8,9,51.1,18,1,2022-06-30 09:06:52
1656580012575856000,51.0,2,50.8,9,50.9,3,2,2022-06-30 09:06:52
1656580012596882000,50.9,3,50.8,9,51.1,18,1,2022-06-30 09:06:52
1656580012914272000,51.0,1,50.9,1,51.0,19,1,2022-06-30 09:06:52
1656580013271745000,50.9,1,50.8,10,51.0,19,2,2022-06-30 09:06:53
1656580013485544000,51.0,1,50.8,10,51.0,18,1,2022-06-30 09:06:53
1656580013781326000,51.0,10,50.9,1,51.0,18,1,2022-06-30 09:06:53
1656580013838541000,51.0,5,50.9,1,51.0,14,1,2022-06-30 09:06:53
1656580013935034000,51.0,1,50.9,1,51.0,13,1,2022-06-30 09:06:53
1656580013949309000,50.9,1,50.8,10,50.9,1,2,2022-06-30 09:06:53
1656580014657031000,50.9,1,50.8,11,50.9,1,1,2022-06-30 09:06:54
1656580015081282000,51.0,1,50.8,11,51.0,17,1,2022-06-30 09:06:55
1656580015284580000,51.0,2,50.9,1,51.0,14,1,2022-06-30 09:06:55
1656580015393291000,50.9,1,50.8,11,50.9,1,2,2022-06-30 09:06:55
1656580015608336000,50.9,1,50.8,11,51.0,15,1,2022-06-30 09:06:55
1656580015655038000,51.0,3,50.8,11,50.9,1,1,2022-06-30 09:06:55
1656580015930564000,51.0,1,50.9,2,51.0,11,1,2022-06-30 09:06:55
1656580016148592000,50.9,1,50.9,3,51.0,12,2,2022-06-30 09:06:56
1656580016407798000,50.9,2,50.8,11,50.9,4,2,2022-06-30 09:06:56
1656580016582845000,50.8,3,50.8,9,50.9,4,2,2022-06-30 09:06:56
1656580016630740000,50.9,1,50.8,12,50.9,4,1,2022-06-30 09:06:56
1656580017432523000,50.9,1,50.8,9,50.9,7,1,2022-06-30 09:06:57
1656580017760656000,50.8,3,50.8,7,50.9,27,2,2022-06-30 09:06:57
1656580017760781000,50.8,7,50.7,19,50.9,27,2,2022-06-30 09:06:57
1656580017953356000,50.9,1,50.7,19,50.9,27,1,2022-06-30 09:06:57
1656580017993931000,50.7,5,50.7,14,50.9,27,2,2022-06-30 09:06:57
1656580018078873000,50.9,5,50.7,14,50.9,23,1,2022-06-30 09:06:58
1656580018633174000,50.8,1,50.7,15,50.8,2,1,2022-06-30 09:06:58
1656580018695121000,50.8,1,50.7,15,50.8,1,1,2022-06-30 09:06:58
1656580018698514000,50.8,1,50.7,15,50.8,3,1,2022-06-30 09:06:58
1656580018783663000,50.8,1,50.7,14,50.8,11,1,2022-06-30 09:06:58
1656580018930540000,50.7,1,50.7,13,50.8,15,2,2022-06-30 09:06:58
1656580019007803000,50.8,5,50.7,13,50.8,10,1,2022-06-30 09:06:59
1656580019679028000,50.8,2,50.7,14,50.8,12,1,2022-06-30 09:06:59
1656580019768922000,50.8,1,50.7,14,50.8,9,1,2022-06-30 09:06:59
1656580019929804000,50.7,3,50.7,11,50.8,10,2,2022-06-30 09:06:59
1656580020057742000,50.7,1,50.7,10,50.8,10,2,2022-06-30 09:07:00
1656580020122046000,50.8,1,50.7,14,50.8,10,1,2022-06-30 09:07:00
1656580020461678000,50.7,10,50.6,25,50.8,10,2,2022-06-30 09:07:00
1656580020461678000,50.6,18,50.6,25,50.8,10,2,2022-06-30 09:07:00
1656580020720438000,50.8,10,50.7,2,50.9,29,1,2022-06-30 09:07:00
1656580021632684000,50.7,2,50.7,2,50.8,9,2,2022-06-30 09:07:01
1656580021818386000,50.7,1,50.6,26,50.7,4,1,2022-06-30 09:07:01
1656580022105939000,50.7,1,50.6,27,50.7,3,1,2022-06-30 09:07:02
1656580022159112000,50.7,2,50.6,27,50.7,1,1,2022-06-30 09:07:02
1656580022166345000,50.6,3,50.6,27,50.7,4,2,2022-06-30 09:07:02
1656580023183629000,50.7,1,50.6,25,50.7,1,1,2022-06-30 09:07:03
1656580023384828000,50.8,3,50.7,3,50.8,11,1,2022-06-30 09:07:03
1656580023402619000,50.7,3,50.6,25,50.8,11,2,2022-06-30 09:07:03
1656580023757479000,50.6,6,50.6,19,50.8,10,2,2022-06-30 09:07:03
1656580023850367000,50.6,1,50.6,18,50.8,10,2,2022-06-30 09:07:03
1656580024102529000,50.6,1,50.6,18,50.8,11,2,2022-06-30 09:07:04
1656580024752623000,50.7,1,50.6,18,50.8,11,2,2022-06-30 09:07:04
1656580024865451000,50.7,1,50.7,2,50.8,11,2,2022-06-30 09:07:04
1656580024881472000,50.7,1,50.7,1,50.8,11,2,2022-06-30 09:07:04
1656580024904440000,50.7,1,50.6,19,50.8,11,2,2022-06-30 09:07:04
1656580025772122000,50.7,1,50.6,19,50.8,12,2,2022-06-30 09:07:05
1656580025772122000,50.6,2,50.6,19,50.8,12,2,2022-06-30 09:07:05
1656580026200470000,50.6,2,50.7,1,50.8,12,2,2022-06-30 09:07:06
1656580026451232000,50.7,1,50.6,17,50.8,12,2,2022-06-30 09:07:06
1656580026648318000,50.7,1,50.7,5,50.8,12,2,2022-06-30 09:07:06
1656580026769549000,50.8,1,50.7,4,50.8,11,1,2022-06-30 09:07:06
1656580026963649000,50.7,4,50.6,17,50.7,1,2,2022-06-30 09:07:06
1656580027504826000,50.6,1,50.6,16,50.7,1,2,2022-06-30 09:07:07
1656580027750565000,50.7,1,50.6,16,50.8,16,1,2022-06-30 09:07:07
1656580027951761000,50.8,1,50.6,16,50.8,15,1,2022-06-30 09:07:07
1656580028377485000,50.7,1,50.6,21,50.7,20,1,2022-06-30 09:07:08
1656580028430581000,50.7,1,50.6,26,50.7,19,1,2022-06-30 09:07:08
1656580029312102000,50.6,1,50.6,26,50.7,23,2,2022-06-30 09:07:09
1656580029600628000,50.7,3,50.6,26,50.7,27,1,2022-06-30 09:07:09
1656580030107560000,50.7,1,50.6,26,50.7,24,1,2022-06-30 09:07:10
1656580031149452000,50.6,2,50.6,24,50.7,19,2,2022-06-30 09:07:11
1656580031702114000,50.7,1,50.6,35,50.7,19,1,2022-06-30 09:07:11
1656580032200353000,50.7,1,50.6,36,50.7,17,1,2022-06-30 09:07:12
1656580032555036000,50.7,5,50.6,36,50.7,12,1,2022-06-30 09:07:12
1656580032645458000,50.6,1,50.6,35,50.7,13,2,2022-06-30 09:07:12
1656580032658203000,50.7,1,50.6,36,50.7,13,1,2022-06-30 09:07:12
1656580032717439000,50.7,1,50.6,35,50.7,9,1,2022-06-30 09:07:12
1656580033079240000,50.7,5,50.6,35,50.7,9,1,2022-06-30 09:07:13
1656580034011118000,50.7,9,50.7,41,50.8,29,1,2022-06-30 09:07:14
1656580034116893000,50.7,1,50.7,40,50.8,29,2,2022-06-30 09:07:14
1656580034497749000,50.8,12,50.7,43,50.8,17,1,2022-06-30 09:07:14
1656580034646952000,50.7,1,50.7,44,50.8,17,2,2022-06-30 09:07:14
1656580035112092000,50.8,10,50.7,46,50.8,7,1,2022-06-30 09:07:15
1656580035125039000,50.8,7,50.7,46,50.9,15,1,2022-06-30 09:07:15
1656580035132819000,50.7,1,50.7,46,50.8,17,2,2022-06-30 09:07:15
1656580035463932000,50.8,1,50.8,1,50.9,15,2,2022-06-30 09:07:15
1656580035581074000,50.9,3,50.8,2,50.9,12,1,2022-06-30 09:07:15
1656580035888764000,50.8,4,50.7,19,50.9,12,2,2022-06-30 09:07:15
1656580035888764000,50.7,26,50.7,19,50.9,12,2,2022-06-30 09:07:15
1656580035924832000,50.9,3,50.8,1,50.9,9,1,2022-06-30 09:07:15
1656580035954474000,50.8,1,50.7,19,50.9,9,2,2022-06-30 09:07:15
1656580036481928000,50.9,5,50.8,1,50.9,4,1,2022-06-30 09:07:16
1656580037390329000,50.8,1,50.7,24,50.9,5,2,2022-06-30 09:07:17
1656580037616479000,50.9,1,50.8,2,50.9,5,1,2022-06-30 09:07:17
1656580037752649000,50.9,1,50.8,2,50.9,4,1,2022-06-30 09:07:17
1656580037792275000,50.9,1,50.8,2,50.9,3,1,2022-06-30 09:07:17
1656580038163286000,50.8,1,50.8,1,50.9,3,2,2022-06-30 09:07:18
1656580038452538000,50.8,1,50.7,23,50.9,3,2,2022-06-30 09:07:18
1656580038452538000,50.7,1,50.7,23,50.9,3,2,2022-06-30 09:07:18
1656580038745423000,50.7,1,50.7,22,50.9,3,2,2022-06-30 09:07:18
1656580038942997000,50.7,1,50.7,19,50.9,3,2,2022-06-30 09:07:18
1656580039103746000,50.7,1,50.7,19,50.9,3,2,2022-06-30 09:07:19
1656580039326482000,50.7,5,50.7,13,50.9,3,2,2022-06-30 09:07:19
1656580039585108000,50.7,5,50.7,8,50.9,3,2,2022-06-30 09:07:19
1656580040083991000,50.8,1,50.8,5,50.9,3,2,2022-06-30 09:07:20
1656580040165292000,50.9,1,50.8,6,50.9,3,1,2022-06-30 09:07:20
1656580041490455000,50.8,2,50.8,3,50.9,2,2,2022-06-30 09:07:21
1656580042191434000,50.8,1,50.8,3,50.9,13,2,2022-06-30 09:07:22
1656580042330169000,50.8,1,50.8,1,50.9,13,2,2022-06-30 09:07:22
1656580042455392000,50.8,1,50.7,25,50.9,13,2,2022-06-30 09:07:22
1656580042693043000,50.7,1,50.7,23,50.9,13,2,2022-06-30 09:07:22
1656580042932645000,50.9,2,50.7,22,50.9,13,1,2022-06-30 09:07:22
1656580043291756000,50.9,3,50.8,1,50.9,8,1,2022-06-30 09:07:23
1656580043398515000,50.8,1,50.8,1,50.9,8,2,2022-06-30 09:07:23
1656580043671710000,50.8,1,50.8,1,50.9,9,2,2022-06-30 09:07:23
1656580043713575000,50.7,1,50.7,22,50.9,9,2,2022-06-30 09:07:23
1656580043875638000,50.9,1,50.7,22,50.9,9,1,2022-06-30 09:07:23
1656580045555883000,50.8,1,50.8,3,50.9,14,2,2022-06-30 09:07:25
1656580046012409000,50.8,2,50.7,32,50.9,15,2,2022-06-30 09:07:26
1656580047015286000,50.8,1,50.7,33,50.8,2,1,2022-06-30 09:07:27
1656580047131220000,50.8,7,50.7,33,50.8,7,1,2022-06-30 09:07:27
1656580047131220000,50.9,3,50.7,33,50.8,7,1,2022-06-30 09:07:27
1656580049035414000,50.8,2,50.8,4,50.9,23,2,2022-06-30 09:07:29
1656580049308504000,50.9,5,50.8,5,50.9,18,1,2022-06-30 09:07:29
1656580049714118000,50.8,2,50.8,3,50.9,18,2,2022-06-30 09:07:29
1656580049870971000,50.8,1,50.8,3,50.9,18,2,2022-06-30 09:07:29
1656580049872306000,50.9,1,50.8,3,50.9,17,1,2022-06-30 09:07:29
1656580049928116000,50.9,1,50.8,3,50.9,16,1,2022-06-30 09:07:29
1656580050761580000,50.8,1,50.8,4,50.9,16,2,2022-06-30 09:07:30
1656580051112552000,50.8,5,50.8,1,50.9,18,2,2022-06-30 09:07:31
1656580051404364000,50.9,18,50.8,1,51.0,39,1,2022-06-30 09:07:31
1656580051404364000,51.0,1,50.8,1,51.0,39,1,2022-06-30 09:07:31
1656580052035693000,50.8,1,50.7,44,50.9,1,2,2022-06-30 09:07:32
1656580052182130000,50.9,1,50.7,44,50.9,2,1,2022-06-30 09:07:32
1656580053020730000,50.9,1,50.8,2,51.0,37,1,2022-06-30 09:07:33
1656580053020730000,51.0,2,50.8,2,51.0,37,1,2022-06-30 09:07:33
1656580053819273000,51.0,10,50.9,10,51.0,26,1,2022-06-30 09:07:33
1656580053910323000,51.0,5,50.9,10,51.0,21,1,2022-06-30 09:07:33
1656580054151958000,50.9,5,50.9,10,51.0,22,2,2022-06-30 09:07:34
1656580054200153000,51.0,20,50.9,5,51.0,2,1,2022-06-30 09:07:34
1656580054430903000,50.9,1,50.9,4,51.0,2,2,2022-06-30 09:07:34
1656580054440298000,50.9,1,50.9,3,51.0,2,2,2022-06-30 09:07:34
1656580054452154000,51.0,2,50.9,3,51.1,36,1,2022-06-30 09:07:34
1656580054452154000,51.1,3,50.9,3,51.1,36,1,2022-06-30 09:07:34
1656580054519900000,51.1,3,50.9,3,51.1,33,1,2022-06-30 09:07:34
1656580054541763000,51.1,1,50.9,3,51.1,36,1,2022-06-30 09:07:34
1656580054932558000,51.1,2,50.9,3,51.1,30,1,2022-06-30 09:07:34
1656580055073648000,50.9,3,50.8,6,51.1,30,2,2022-06-30 09:07:35
1656580055163506000,50.8,2,50.9,3,51.1,30,2,2022-06-30 09:07:35
1656580055544401000,51.1,1,50.8,5,51.1,30,1,2022-06-30 09:07:35
1656580056059376000,51.0,2,50.9,3,51.1,29,2,2022-06-30 09:07:36
1656580056173612000,51.1,1,50.9,3,51.1,28,1,2022-06-30 09:07:36
1656580057085833000,50.9,2,50.9,12,51.0,4,2,2022-06-30 09:07:37
1656580057573160000,51.0,1,50.9,10,51.0,3,1,2022-06-30 09:07:37
1656580057696560000,51.0,1,50.9,10,51.0,3,1,2022-06-30 09:07:37
1656580057910290000,51.0,2,50.9,10,51.1,28,1,2022-06-30 09:07:37
1656580057910290000,51.1,1,50.9,10,51.1,28,1,2022-06-30 09:07:37
1656580058756225000,50.9,1,50.9,10,51.1,28,2,2022-06-30 09:07:38
1656580059236074000,51.0,1,51.0,2,51.1,28,1,2022-06-30 09:07:39
1656580059812627000,51.0,1,51.0,3,51.1,28,2,2022-06-30 09:07:39
1656580059823696000,51.0,1,51.0,2,51.1,28,2,2022-06-30 09:07:39
1656580059945317000,51.0,1,51.0,1,51.1,28,2,2022-06-30 09:07:39
1656580059974127000,51.0,1,50.9,10,51.1,28,2,2022-06-30 09:07:39
1656580060247187000,50.9,2,50.9,9,51.1,28,2,2022-06-30 09:07:40
1656580060284107000,50.9,5,50.9,6,51.1,28,2,2022-06-30 09:07:40
1656580060362848000,51.1,2,50.9,7,51.1,26,1,2022-06-30 09:07:40
1656580061390326000,51.0,1,50.9,6,51.0,1,1,2022-06-30 09:07:41
1656580061526085000,51.0,1,50.9,6,51.1,26,1,2022-06-30 09:07:41
1656580062021671000,50.9,1,50.9,5,51.1,26,2,2022-06-30 09:07:42
1656580062310729000,50.9,1,50.9,4,51.1,26,2,2022-06-30 09:07:42
1656580062388322000,51.1,5,50.9,4,51.1,21,1,2022-06-30 09:07:42
1656580063049898000,51.1,6,51.0,1,51.1,16,1,2022-06-30 09:07:43
1656580063149158000,51.0,1,51.0,1,51.1,22,2,2022-06-30 09:07:43
1656580063149158000,50.9,4,51.0,1,51.1,22,2,2022-06-30 09:07:43
1656580063847583000,51.0,1,50.9,8,51.0,2,1,2022-06-30 09:07:43
1656580065072934000,51.0,2,51.0,3,51.1,16,1,2022-06-30 09:07:45
1656580065886774000,51.1,2,51.0,4,51.1,16,1,2022-06-30 09:07:45
1656580066337656000,51.0,4,50.9,16,51.1,16,2,2022-06-30 09:07:46
1656580066337656000,50.9,1,50.9,16,51.1,16,2,2022-06-30 09:07:46
1656580066431859000,51.1,1,50.9,16,51.1,15,1,2022-06-30 09:07:46
1656580067246075000,51.1,1,51.0,5,51.1,14,1,2022-06-30 09:07:47
1656580067514352000,51.1,9,51.0,6,51.1,14,1,2022-06-30 09:07:47
1656580067765851000,51.0,1,51.0,6,51.1,5,2,2022-06-30 09:07:47
1656580067843886000,51.0,1,51.0,5,51.1,4,2,2022-06-30 09:07:47
1656580067913036000,51.1,1,51.0,5,51.1,3,1,2022-06-30 09:07:47
1656580067944964000,51.1,1,51.0,5,51.1,2,1,2022-06-30 09:07:47
1656580068308658000,51.1,2,51.0,5,51.2,18,1,2022-06-30 09:07:48
1656580068308658000,51.2,8,51.0,5,51.2,18,1,2022-06-30 09:07:48
1656580068435067000,51.2,4,51.0,6,51.2,14,1,2022-06-30 09:07:48
1656580069297824000,51.1,1,51.0,21,51.2,14,1,2022-06-30 09:07:49
1656580069340610000,51.2,3,51.0,21,51.2,11,1,2022-06-30 09:07:49
1656580069530155000,51.0,1,51.0,23,51.2,11,2,2022-06-30 09:07:49
1656580069770962000,51.0,1,51.0,17,51.2,11,2,2022-06-30 09:07:49
1656580070340731000,51.2,2,51.1,4,51.2,9,1,2022-06-30 09:07:50
1656580071692657000,51.1,1,51.1,8,51.2,10,2,2022-06-30 09:07:51
1656580072086132000,51.2,1,51.1,8,51.2,9,1,2022-06-30 09:07:52
1656580072270371000,51.2,2,51.1,8,51.2,7,1,2022-06-30 09:07:52
1656580072446912000,51.2,3,51.1,8,51.2,4,1,2022-06-30 09:07:52
1656580072728881000,51.1,1,51.1,7,51.2,4,2,2022-06-30 09:07:52
1656580072732927000,51.1,2,51.1,5,51.2,4,2,2022-06-30 09:07:52
1656580073042190000,51.2,1,51.1,5,51.2,3,1,2022-06-30 09:07:53
1656580073454095000,51.2,2,51.1,5,51.2,3,1,2022-06-30 09:07:53
1656580073471465000,51.2,3,51.1,5,51.3,12,1,2022-06-30 09:07:53
1656580073683412000,51.3,1,51.1,5,51.3,12,1,2022-06-30 09:07:53
1656580073847109000,51.2,1,51.1,11,51.3,11,2,2022-06-30 09:07:53
1656580074134794000,51.3,1,51.1,11,51.3,11,1,2022-06-30 09:07:54
1656580074273570000,51.2,1,51.1,11,51.3,11,2,2022-06-30 09:07:54
1656580074550346000,51.2,1,51.2,1,51.3,11,1,2022-06-30 09:07:54
1656580075161842000,51.3,1,51.2,3,51.3,11,1,2022-06-30 09:07:55
1656580076012984000,51.2,3,51.1,22,51.3,10,2,2022-06-30 09:07:56
1656580076165385000,51.1,1,51.1,22,51.3,10,2,2022-06-30 09:07:56
1656580077474678000,51.2,2,51.1,28,51.2,2,1,2022-06-30 09:07:57
1656580077744933000,51.2,2,51.1,28,51.3,9,1,2022-06-30 09:07:57
1656580077744933000,51.3,1,51.1,28,51.3,9,1,2022-06-30 09:07:57
1656580077749060000,51.3,1,51.1,28,51.3,8,1,2022-06-30 09:07:57
1656580077845466000,51.3,1,51.1,28,51.3,7,1,2022-06-30 09:07:57
1656580077939363000,51.1,1,51.1,27,51.3,7,2,2022-06-30 09:07:57
1656580078046643000,51.3,1,51.1,28,51.3,6,1,2022-06-30 09:07:58
1656580078235641000,51.2,1,51.1,28,51.2,2,1,2022-06-30 09:07:58
1656580078376828000,51.2,2,51.1,29,51.3,7,1,2022-06-30 09:07:58
1656580079183439000,51.2,5,51.1,30,51.2,7,1,2022-06-30 09:07:59
1656580079513458000,51.2,2,51.1,30,51.3,11,1,2022-06-30 09:07:59
1656580079646656000,51.1,2,51.1,28,51.3,11,2,2022-06-30 09:07:59
1656580079748658000,51.1,1,51.1,27,51.3,16,2,2022-06-30 09:07:59
1656580080070607000,51.2,1,51.1,27,51.2,1,1,2022-06-30 09:08:00
1656580080808786000,51.2,1,51.1,28,51.3,16,1,2022-06-30 09:08:00
1656580080972285000,51.2,1,51.1,28,51.3,18,1,2022-06-30 09:08:00
1656580081212197000,51.3,1,51.2,1,51.3,17,1,2022-06-30 09:08:01
1656580081217264000,51.2,1,51.1,28,51.3,17,2,2022-06-30 09:08:01
1656580081239635000,51.3,4,51.1,28,51.3,13,1,2022-06-30 09:08:01
1656580081765122000,51.3,1,51.2,3,51.3,15,1,2022-06-30 09:08:01
1656580081964428000,51.3,1,51.2,3,51.3,14,1,2022-06-30 09:08:01
1656580082811296000,51.2,1,51.2,3,51.3,15,2,2022-06-30 09:08:02
1656580084293588000,51.2,1,51.2,10,51.3,15,2,2022-06-30 09:08:04
1656580084337209000,51.2,10,51.1,38,51.3,15,2,2022-06-30 09:08:04
1656580084670568000,51.3,2,51.1,38,51.3,13,1,2022-06-30 09:08:04
1656580085025425000,51.2,1,51.1,43,51.2,9,1,2022-06-30 09:08:05
1656580085060326000,51.2,1,51.1,43,51.2,8,1,2022-06-30 09:08:05
1656580085247155000,51.1,10,51.1,33,51.2,8,2,2022-06-30 09:08:05
1656580085280874000,51.1,23,51.1,10,51.2,8,2,2022-06-30 09:08:05
1656580085361846000,51.2,1,51.1,10,51.2,7,1,2022-06-30 09:08:05
1656580085974919000,51.2,3,51.1,11,51.2,15,1,2022-06-30 09:08:05
1656580086016753000,51.2,1,51.1,11,51.2,14,1,2022-06-30 09:08:06
1656580086026102000,51.2,1,51.1,11,51.2,13,1,2022-06-30 09:08:06
1656580086082211000,51.2,2,51.1,11,51.2,15,1,2022-06-30 09:08:06
1656580086125479000,51.2,5,51.1,11,51.2,12,1,2022-06-30 09:08:06
1656580086256436000,51.1,11,51.0,48,51.1,1,2,2022-06-30 09:08:06
1656580086359162000,51.0,20,51.0,28,51.1,1,2,2022-06-30 09:08:06
1656580086676507000,51.1,1,51.0,34,51.1,3,1,2022-06-30 09:08:06
1656580086723263000,51.1,1,51.0,34,51.1,2,1,2022-06-30 09:08:06
1656580086967432000,51.1,1,51.0,36,51.1,15,1,2022-06-30 09:08:06
1656580087125059000,51.1,1,51.0,36,51.1,24,1,2022-06-30 09:08:07
1656580087154767000,51.1,1,51.0,37,51.1,23,1,2022-06-30 09:08:07
1656580087169196000,51.1,1,51.0,37,51.1,24,1,2022-06-30 09:08:07
1656580087310490000,51.1,2,51.0,37,51.1,20,1,2022-06-30 09:08:07
1656580087310781000,51.0,5,51.0,32,51.1,20,2,2022-06-30 09:08:07
1656580087737305000,51.0,4,51.0,29,51.1,27,2,2022-06-30 09:08:07
1656580087828680000,51.1,2,51.0,29,51.1,26,1,2022-06-30 09:08:07
1656580087873401000,51.1,1,51.0,29,51.1,25,1,2022-06-30 09:08:07
1656580088023090000,51.0,1,51.0,28,51.1,25,2,2022-06-30 09:08:08
1656580088096493000,51.0,1,51.0,27,51.1,25,2,2022-06-30 09:08:08
1656580088136096000,51.1,1,51.0,29,51.1,28,1,2022-06-30 09:08:08
1656580088493037000,51.0,1,51.0,26,51.1,24,2,2022-06-30 09:08:08
1656580088503245000,51.1,1,51.0,26,51.1,23,1,2022-06-30 09:08:08
1656580088700686000,51.1,3,51.0,26,51.1,20,1,2022-06-30 09:08:08
1656580089192752000,51.1,1,51.0,26,51.1,19,1,2022-06-30 09:08:09
1656580089334400000,51.0,1,51.0,25,51.1,19,2,2022-06-30 09:08:09
1656580089518008000,51.0,2,51.0,24,51.1,19,2,2022-06-30 09:08:09
1656580089924732000,51.0,3,51.0,21,51.1,17,2,2022-06-30 09:08:09
1656580090078547000,51.1,1,51.0,21,51.1,17,1,2022-06-30 09:08:10
1656580090683430000,51.0,3,51.0,24,51.1,16,2,2022-06-30 09:08:10
1656580090709200000,51.1,1,51.0,24,51.1,15,1,2022-06-30 09:08:10
1656580090797928000,51.0,1,51.0,23,51.1,15,2,2022-06-30 09:08:10
1656580091810502000,51.1,1,51.0,29,51.1,14,1,2022-06-30 09:08:11
1656580091905338000,51.0,10,51.0,19,51.1,14,2,2022-06-30 09:08:11
1656580091974085000,51.0,1,51.0,18,51.1,14,2,2022-06-30 09:08:11
1656580092260315000,51.0,1,51.0,17,51.1,14,2,2022-06-30 09:08:12
1656580093269303000,51.1,3,51.0,17,51.1,15,1,2022-06-30 09:08:13
1656580093451487000,51.1,1,51.0,18,51.1,16,1,2022-06-30 09:08:13
1656580093709779000,51.0,1,51.0,17,51.1,15,2,2022-06-30 09:08:13
1656580094068432000,51.0,1,51.0,18,51.1,14,2,2022-06-30 09:08:14
1656580094121158000,51.0,1,51.0,19,51.1,14,2,2022-06-30 09:08:14
1656580094399888000,51.0,1,51.0,16,51.1,14,2,2022-06-30 09:08:14
1656580094736992000,51.1,10,51.0,17,51.1,4,1,2022-06-30 09:08:14
1656580095110889000,51.0,1,51.0,17,51.1,4,2,2022-06-30 09:08:15
1656580095215092000,51.0,1,51.0,15,51.1,4,2,2022-06-30 09:08:15
1656580095382879000,51.0,1,51.0,14,51.1,4,2,2022-06-30 09:08:15
1656580095530895000,51.0,1,51.0,16,51.1,4,2,2022-06-30 09:08:15
1656580095773760000,51.0,2,51.0,13,51.1,4,2,2022-06-30 09:08:15
1656580095908668000,51.1,1,51.0,17,51.1,3,1,2022-06-30 09:08:15
1656580096081541000,51.1,1,51.0,17,51.1,2,1,2022-06-30 09:08:16
1656580096240761000,51.0,3,51.0,14,51.1,2,2,2022-06-30 09:08:16
1656580096536792000,51.0,1,51.0,13,51.1,2,2,2022-06-30 09:08:16
1656580096618915000,51.1,1,51.0,13,51.1,2,1,2022-06-30 09:08:16
1656580096967488000,51.1,1,51.1,2,51.2,11,1,2022-06-30 09:08:16
1656580097002315000,51.1,2,51.0,14,51.2,11,2,2022-06-30 09:08:17
1656580097300731000,51.0,1,51.0,14,51.1,1,2,2022-06-30 09:08:17
1656580097377112000,51.0,1,51.0,15,51.1,1,2,2022-06-30 09:08:17
1656580097635997000,51.0,1,51.0,16,51.1,1,2,2022-06-30 09:08:17
1656580097893841000,51.0,1,51.0,14,51.1,1,2,2022-06-30 09:08:17
1656580098523738000,51.0,1,51.0,15,51.1,1,2,2022-06-30 09:08:18
1656580098544395000,51.1,1,51.0,16,51.1,1,1,2022-06-30 09:08:18
1656580098973927000,51.1,1,51.0,16,51.1,4,1,2022-06-30 09:08:18
1656580099114840000,51.0,2,51.0,18,51.1,4,2,2022-06-30 09:08:19
1656580099466708000,51.1,1,51.0,16,51.1,3,1,2022-06-30 09:08:19
1656580099565681000,51.1,1,51.0,16,51.1,2,1,2022-06-30 09:08:19
1656580100088292000,51.0,3,51.0,11,51.1,5,2,2022-06-30 09:08:20
1656580100216068000,51.1,1,51.0,12,51.1,4,1,2022-06-30 09:08:20
1656580100966723000,51.1,1,51.0,15,51.1,4,1,2022-06-30 09:08:20
1656580101516263000,51.0,1,51.0,14,51.1,3,2,2022-06-30 09:08:21
1656580101519826000,51.0,6,51.0,8,51.1,3,2,2022-06-30 09:08:21
