symbol,datetime,NaOb_r,NbOa_r,NaOb_s,NbOa_s,bid1,ask1,odd_bid1,odd_ask1,bidQty1,askQty1,odd_bidQty1,odd_askQty1,simulate,triggerbyOdd
2317,2022-11-08 09:50:23.870515,0.0,-0.00990099009900991,0.0,-1.0,100.0,100.5,100.5,101.0,6840.0,7573.0,2752.0,78318.0,True,True
2317,2022-11-08 09:50:24.026230,0.0,-0.00990099009900991,0.0,-1.0,100.0,100.5,100.5,101.0,6839.0,7573.0,2752.0,78318.0,False,False
2317,2022-11-08 09:50:24.245812,0.0,-0.00990099009900991,0.0,-1.0,100.0,100.5,100.5,101.0,6839.0,7573.0,2752.0,78318.0,False,False
2317,2022-11-08 09:50:25.127040,0.0,-0.00990099009900991,0.0,-1.0,100.0,100.5,100.5,101.0,6839.0,7572.0,2752.0,78318.0,False,False
2317,2022-11-08 09:50:26.489743,0.0,-0.00990099009900991,0.0,-1.0,100.0,100.5,100.5,101.0,6836.0,7572.0,2752.0,78318.0,False,False
2317,2022-11-08 09:50:27.118493,0.0,-0.00990099009900991,0.0,-1.0,100.0,100.5,100.5,101.0,6836.0,7574.0,2752.0,78318.0,False,False
2317,2022-11-08 09:50:27.281209,0.0,-0.00990099009900991,0.0,-1.0,100.0,100.5,100.5,101.0,6837.0,7574.0,2752.0,78318.0,False,False
2317,2022-11-08 09:50:27.324740,0.0,-0.00990099009900991,0.0,-1.0,100.0,100.5,100.5,101.0,6839.0,7574.0,2752.0,78318.0,False,False
2317,2022-11-08 09:50:28.100107,0.0,-0.00990099009900991,0.0,-1.0,100.0,100.5,100.5,101.0,6844.0,7574.0,2752.0,78318.0,False,False
2317,2022-11-08 09:50:28.792504,0.0,-0.00990099009900991,0.0,-1.0,100.0,100.5,100.5,101.0,6844.0,7575.0,2752.0,78318.0,False,False
2317,2022-11-08 09:50:28.822572,0.0,-0.00990099009900991,0.0,-1.0,100.0,100.5,100.5,101.0,6845.0,7575.0,2752.0,78318.0,False,False
2317,2022-11-08 09:50:30.000121,0.0,-0.00990099009900991,0.0,-1.0,100.0,100.5,100.5,101.0,6853.0,7575.0,2752.0,78318.0,False,False
2317,2022-11-08 09:50:30.794189,0.0,-0.00990099009900991,0.0,-1.0,100.0,100.5,100.5,101.0,6853.0,7575.0,2752.0,78318.0,False,False
2317,2022-11-08 09:50:30.975492,0.0,-0.00990099009900991,0.0,-1.0,100.0,100.5,100.5,101.0,6854.0,7575.0,2752.0,78318.0,False,False
2317,2022-11-08 09:50:32.033740,0.0,-0.00990099009900991,0.0,-1.0,100.0,100.5,100.5,101.0,6855.0,7575.0,2752.0,78318.0,False,False
2317,2022-11-08 09:50:32.758313,0.0,-0.00990099009900991,0.0,-1.0,100.0,100.5,100.5,101.0,6854.0,7575.0,2752.0,78318.0,False,False
2317,2022-11-08 09:50:32.951929,0.0,-0.00990099009900991,0.0,-1.0,100.0,100.5,100.5,101.0,6854.0,7575.0,2752.0,78318.0,False,False
2317,2022-11-08 09:50:32.990906,0.0,-0.00990099009900991,0.0,-1.0,100.0,100.5,100.5,101.0,6850.0,7575.0,2752.0,78318.0,False,False
2317,2022-11-08 09:50:33.323537,0.0,-0.00990099009900991,0.0,-1.0,100.0,100.5,100.5,101.0,6851.0,7575.0,2752.0,78318.0,False,False
2317,2022-11-08 09:50:33.574375,0.0,-0.00990099009900991,0.0,-1.0,100.0,100.5,100.5,101.0,6846.0,7575.0,2752.0,78318.0,False,False
2317,2022-11-08 09:50:33.911324,0.0,-0.00990099009900991,0.0,-1.0,100.0,100.5,100.5,101.0,6847.0,7575.0,2752.0,78318.0,False,False
2317,2022-11-08 09:50:34.066650,0.0,-0.00990099009900991,0.0,-1.0,100.0,100.5,100.5,101.0,6847.0,7575.0,2942.0,78318.0,True,True
2317,2022-11-08 09:50:34.189778,0.0,-0.00990099009900991,0.0,-1.0,100.0,100.5,100.5,101.0,6847.0,7574.0,2942.0,78318.0,False,False
2317,2022-11-08 09:50:34.393690,0.0,-0.00990099009900991,0.0,-1.0,100.0,100.5,100.5,101.0,6848.0,7574.0,2942.0,78318.0,False,False
2317,2022-11-08 09:50:34.744993,0.0,-0.00990099009900991,0.0,-1.0,100.0,100.5,100.5,101.0,6847.0,7574.0,2942.0,78318.0,False,False
2317,2022-11-08 09:50:35.034865,0.0,-0.00990099009900991,0.0,-1.0,100.0,100.5,100.5,101.0,6848.0,7574.0,2942.0,78318.0,False,False
2317,2022-11-08 09:50:36.152221,0.0,-0.00990099009900991,0.0,-1.0,100.0,100.5,100.5,101.0,6848.0,7574.0,2942.0,78318.0,False,False
2317,2022-11-08 09:50:37.333663,0.0,-0.00990099009900991,0.0,-1.0,100.0,100.5,100.5,101.0,6845.0,7574.0,2942.0,78318.0,False,False
2317,2022-11-08 09:50:37.371975,0.0,-0.00990099009900991,0.0,-1.0,100.0,100.5,100.5,101.0,6846.0,7574.0,2942.0,78318.0,False,False
2317,2022-11-08 09:50:41.191567,0.0,-0.00990099009900991,0.0,-1.0,100.0,100.5,100.5,101.0,6851.0,7574.0,2942.0,78318.0,False,False
2317,2022-11-08 09:50:41.209299,0.0,-0.00990099009900991,0.0,-1.0,100.0,100.5,100.5,101.0,6851.0,7574.0,2942.0,78318.0,False,False
2317,2022-11-08 09:50:42.650056,0.0,-0.00990099009900991,0.0,-1.0,100.0,100.5,100.5,101.0,6851.0,7574.0,2942.0,78318.0,False,False
2317,2022-11-08 09:50:43.434416,0.0,-0.00990099009900991,0.0,-1.0,100.0,100.5,100.5,101.0,6850.0,7574.0,2942.0,78318.0,False,False
2317,2022-11-08 09:50:44.081185,0.0,-0.00990099009900991,0.0,-1.0,100.0,100.5,100.5,101.0,6850.0,7574.0,3315.0,78318.0,True,True
2317,2022-11-08 09:50:46.022734,0.0,-0.00990099009900991,0.0,-1.0,100.0,100.5,100.5,101.0,6850.0,7574.0,3315.0,78318.0,False,False
2317,2022-11-08 09:50:47.226011,0.0,-0.00990099009900991,0.0,-1.0,100.0,100.5,100.5,101.0,6851.0,7574.0,3315.0,78318.0,False,False
2317,2022-11-08 09:50:47.426265,0.0,-0.00990099009900991,0.0,-1.0,100.0,100.5,100.5,101.0,6851.0,7576.0,3315.0,78318.0,False,False
2317,2022-11-08 09:50:48.196547,0.0,-0.00990099009900991,0.0,-1.0,100.0,100.5,100.5,101.0,6851.0,7577.0,3315.0,78318.0,False,False
2317,2022-11-08 09:50:49.077142,0.0,-0.00990099009900991,0.0,-1.0,100.0,100.5,100.5,101.0,6851.0,7577.0,3315.0,78318.0,False,False
2317,2022-11-08 09:50:49.189730,0.0,-0.00990099009900991,0.0,-1.0,100.0,100.5,100.5,101.0,6850.0,7577.0,3315.0,78318.0,False,False
2317,2022-11-08 09:50:49.574941,0.0,-0.00990099009900991,0.0,-1.0,100.0,100.5,100.5,101.0,6850.0,7577.0,3315.0,78318.0,False,False
2317,2022-11-08 09:50:49.725197,0.0,-0.00990099009900991,0.0,-1.0,100.0,100.5,100.5,101.0,6850.0,7575.0,3315.0,78318.0,False,False
2317,2022-11-08 09:50:49.752560,0.0,-0.00990099009900991,0.0,-1.0,100.0,100.5,100.5,101.0,6849.0,7575.0,3315.0,78318.0,False,False
2317,2022-11-08 09:50:49.752962,0.0,-0.00990099009900991,0.0,-1.0,100.0,100.5,100.5,101.0,6848.0,7575.0,3315.0,78318.0,False,False
2317,2022-11-08 09:50:50.250240,0.0,-0.00990099009900991,0.0,-1.0,100.0,100.5,100.5,101.0,6849.0,7575.0,3315.0,78318.0,False,False
2317,2022-11-08 09:50:50.366817,0.0,-0.00990099009900991,0.0,-1.0,100.0,100.5,100.5,101.0,6848.0,7575.0,3315.0,78318.0,False,False
2317,2022-11-08 09:50:50.511180,0.0,-0.00990099009900991,0.0,-1.0,100.0,100.5,100.5,101.0,6846.0,7575.0,3315.0,78318.0,False,False
2317,2022-11-08 09:50:50.993608,0.0,-0.00990099009900991,0.0,-1.0,100.0,100.5,100.5,101.0,6847.0,7575.0,3315.0,78318.0,False,False
2317,2022-11-08 09:50:51.356480,0.0,-0.00990099009900991,0.0,-1.0,100.0,100.5,100.5,101.0,6846.0,7575.0,3315.0,78318.0,False,False
2317,2022-11-08 09:50:53.411917,0.0,-0.00990099009900991,0.0,-1.0,100.0,100.5,100.5,101.0,6843.0,7575.0,3315.0,78318.0,False,False
2317,2022-11-08 09:50:53.460843,0.0,-0.00990099009900991,0.0,-1.0,100.0,100.5,100.5,101.0,6847.0,7575.0,3315.0,78318.0,False,False
2317,2022-11-08 09:50:54.102616,-0.00497512437810943,-0.00497512437810943,-0.5,-0.5,100.0,100.5,100.0,100.5,6847.0,7575.0,263834.0,378.0,True,True
2317,2022-11-08 09:50:57.011610,-0.00497512437810943,-0.00497512437810943,-0.5,-0.5,100.0,100.5,100.0,100.5,6846.0,7575.0,263834.0,378.0,False,False
2317,2022-11-08 09:50:57.638676,-0.00497512437810943,-0.00497512437810943,-0.5,-0.5,100.0,100.5,100.0,100.5,6846.0,7575.0,263834.0,378.0,False,False
2317,2022-11-08 09:50:57.767972,-0.00497512437810943,-0.00497512437810943,-0.5,-0.5,100.0,100.5,100.0,100.5,6845.0,7575.0,263834.0,378.0,False,False
2317,2022-11-08 09:50:59.340358,-0.00497512437810943,-0.00497512437810943,-0.5,-0.5,100.0,100.5,100.0,100.5,6845.0,7576.0,263834.0,378.0,False,False
2317,2022-11-08 09:50:59.489123,-0.00497512437810943,-0.00497512437810943,-0.5,-0.5,100.0,100.5,100.0,100.5,6843.0,7576.0,263834.0,378.0,False,False
2317,2022-11-08 09:50:59.917643,-0.00497512437810943,-0.00497512437810943,-0.5,-0.5,100.0,100.5,100.0,100.5,6843.0,7577.0,263834.0,378.0,False,False
2317,2022-11-08 09:51:02.121201,-0.00497512437810943,-0.00497512437810943,-0.5,-0.5,100.0,100.5,100.0,100.5,6843.0,7580.0,263834.0,378.0,False,False
2317,2022-11-08 09:51:02.207456,-0.00497512437810943,-0.00497512437810943,-0.5,-0.5,100.0,100.5,100.0,100.5,6843.0,7580.0,263834.0,378.0,False,False
2317,2022-11-08 09:51:02.576849,-0.00497512437810943,-0.00497512437810943,-0.5,-0.5,100.0,100.5,100.0,100.5,6842.0,7579.0,263834.0,378.0,False,False
2317,2022-11-08 09:51:03.068501,-0.00497512437810943,-0.00497512437810943,-0.5,-0.5,100.0,100.5,100.0,100.5,6843.0,7579.0,263834.0,378.0,False,False
2317,2022-11-08 09:51:03.213445,-0.00497512437810943,-0.00497512437810943,-0.5,-0.5,100.0,100.5,100.0,100.5,6840.0,7579.0,263834.0,378.0,False,False
2317,2022-11-08 09:51:03.992850,-0.00497512437810943,-0.00497512437810943,-0.5,-0.5,100.0,100.5,100.0,100.5,6841.0,7579.0,263834.0,378.0,False,False
2317,2022-11-08 09:51:04.029623,-0.00497512437810943,-0.00497512437810943,-0.5,-0.5,100.0,100.5,100.0,100.5,6842.0,7579.0,263834.0,378.0,False,False
2317,2022-11-08 09:51:04.127178,-0.00497512437810943,-0.00497512437810943,-0.5,-0.5,100.0,100.5,100.0,100.5,6842.0,7579.0,263993.0,180.0,True,True
2317,2022-11-08 09:51:04.461655,-0.00497512437810943,-0.00497512437810943,-0.5,-0.5,100.0,100.5,100.0,100.5,6843.0,7579.0,263993.0,180.0,False,False
2317,2022-11-08 09:51:04.738711,-0.00497512437810943,-0.00497512437810943,-0.5,-0.5,100.0,100.5,100.0,100.5,6843.0,7579.0,263993.0,180.0,False,False
2317,2022-11-08 09:51:04.938342,-0.00497512437810943,-0.00497512437810943,-0.5,-0.5,100.0,100.5,100.0,100.5,6845.0,7579.0,263993.0,180.0,False,False
2317,2022-11-08 09:51:05.862597,-0.00497512437810943,-0.00497512437810943,-0.5,-0.5,100.0,100.5,100.0,100.5,6845.0,7579.0,263993.0,180.0,False,False
2317,2022-11-08 09:51:07.476622,-0.00497512437810943,-0.00497512437810943,-0.5,-0.5,100.0,100.5,100.0,100.5,6845.0,7579.0,263993.0,180.0,False,False
2317,2022-11-08 09:51:10.446024,-0.00497512437810943,-0.00497512437810943,-0.5,-0.5,100.0,100.5,100.0,100.5,6850.0,7579.0,263993.0,180.0,False,False
2317,2022-11-08 09:51:10.853602,-0.00497512437810943,-0.00497512437810943,-0.5,-0.5,100.0,100.5,100.0,100.5,6851.0,7579.0,263993.0,180.0,False,False
2317,2022-11-08 09:51:11.382675,-0.00497512437810943,-0.00497512437810943,-0.5,-0.5,100.0,100.5,100.0,100.5,6850.0,7579.0,263993.0,180.0,False,False
2317,2022-11-08 09:51:11.412372,-0.00497512437810943,-0.00497512437810943,-0.5,-0.5,100.0,100.5,100.0,100.5,6851.0,7579.0,263993.0,180.0,False,False
2317,2022-11-08 09:51:11.644882,-0.00497512437810943,-0.00497512437810943,-0.5,-0.5,100.0,100.5,100.0,100.5,6831.0,7579.0,263993.0,180.0,False,False
2317,2022-11-08 09:51:11.761671,-0.00497512437810943,-0.00497512437810943,-0.5,-0.5,100.0,100.5,100.0,100.5,6841.0,7579.0,263993.0,180.0,False,False
2317,2022-11-08 09:51:12.742638,-0.00497512437810943,-0.00497512437810943,-0.5,-0.5,100.0,100.5,100.0,100.5,6841.0,7579.0,263993.0,180.0,False,False
2317,2022-11-08 09:51:13.688831,-0.00497512437810943,-0.00497512437810943,-0.5,-0.5,100.0,100.5,100.0,100.5,6841.0,7579.0,263993.0,180.0,False,False
2317,2022-11-08 09:51:14.169283,-0.00497512437810943,-0.00497512437810943,-0.5,-0.5,100.0,100.5,100.0,100.5,6841.0,7579.0,264073.0,330.0,True,True
2317,2022-11-08 09:51:14.384272,-0.00497512437810943,-0.00497512437810943,-0.5,-0.5,100.0,100.5,100.0,100.5,6838.0,7579.0,264073.0,330.0,False,False
2317,2022-11-08 09:51:14.623538,-0.00497512437810943,-0.00497512437810943,-0.5,-0.5,100.0,100.5,100.0,100.5,6837.0,7578.0,264073.0,330.0,False,False
2317,2022-11-08 09:51:15.051966,-0.00497512437810943,-0.00497512437810943,-0.5,-0.5,100.0,100.5,100.0,100.5,6837.0,7578.0,264073.0,330.0,False,False
2317,2022-11-08 09:51:15.147539,-0.00497512437810943,-0.00497512437810943,-0.5,-0.5,100.0,100.5,100.0,100.5,6836.0,7578.0,264073.0,330.0,False,False
2317,2022-11-08 09:51:16.513903,-0.00497512437810943,-0.00497512437810943,-0.5,-0.5,100.0,100.5,100.0,100.5,6916.0,7578.0,264073.0,330.0,False,False
2317,2022-11-08 09:51:16.664956,-0.00497512437810943,-0.00497512437810943,-0.5,-0.5,100.0,100.5,100.0,100.5,6916.0,7548.0,264073.0,330.0,False,False
2317,2022-11-08 09:51:17.175547,-0.00497512437810943,-0.00497512437810943,-0.5,-0.5,100.0,100.5,100.0,100.5,6916.0,7550.0,264073.0,330.0,False,False
2317,2022-11-08 09:51:17.421523,-0.00497512437810943,-0.00497512437810943,-0.5,-0.5,100.0,100.5,100.0,100.5,6917.0,7550.0,264073.0,330.0,False,False
2317,2022-11-08 09:51:18.007951,-0.00497512437810943,-0.00497512437810943,-0.5,-0.5,100.0,100.5,100.0,100.5,6916.0,7550.0,264073.0,330.0,False,False
2317,2022-11-08 09:51:18.806094,-0.00497512437810943,-0.00497512437810943,-0.5,-0.5,100.0,100.5,100.0,100.5,6917.0,7550.0,264073.0,330.0,False,False
2317,2022-11-08 09:51:18.868259,-0.00497512437810943,-0.00497512437810943,-0.5,-0.5,100.0,100.5,100.0,100.5,6918.0,7550.0,264073.0,330.0,False,False
2317,2022-11-08 09:51:19.618119,-0.00497512437810943,-0.00497512437810943,-0.5,-0.5,100.0,100.5,100.0,100.5,6920.0,7550.0,264073.0,330.0,False,False
2317,2022-11-08 09:51:20.615639,-0.00497512437810943,-0.00497512437810943,-0.5,-0.5,100.0,100.5,100.0,100.5,6925.0,7550.0,264073.0,330.0,False,False
2317,2022-11-08 09:51:20.657337,-0.00497512437810943,-0.00497512437810943,-0.5,-0.5,100.0,100.5,100.0,100.5,6925.0,7545.0,264073.0,330.0,False,False
2317,2022-11-08 09:51:21.289897,-0.00497512437810943,-0.00497512437810943,-0.5,-0.5,100.0,100.5,100.0,100.5,6925.0,7545.0,264073.0,330.0,False,False
2317,2022-11-08 09:51:21.357215,-0.00497512437810943,-0.00497512437810943,-0.5,-0.5,100.0,100.5,100.0,100.5,6925.0,7545.0,264073.0,330.0,False,False
2317,2022-11-08 09:51:21.639440,-0.00497512437810943,-0.00497512437810943,-0.5,-0.5,100.0,100.5,100.0,100.5,6925.0,7545.0,264073.0,330.0,False,False
2317,2022-11-08 09:51:21.997897,-0.00497512437810943,-0.00497512437810943,-0.5,-0.5,100.0,100.5,100.0,100.5,6926.0,7545.0,264073.0,330.0,False,False
2317,2022-11-08 09:51:22.372335,-0.00497512437810943,-0.00497512437810943,-0.5,-0.5,100.0,100.5,100.0,100.5,6926.0,7545.0,264073.0,330.0,False,False
2317,2022-11-08 09:51:22.545979,-0.00497512437810943,-0.00497512437810943,-0.5,-0.5,100.0,100.5,100.0,100.5,6926.0,7546.0,264073.0,330.0,False,False
2317,2022-11-08 09:51:22.601551,-0.00497512437810943,-0.00497512437810943,-0.5,-0.5,100.0,100.5,100.0,100.5,6927.0,7546.0,264073.0,330.0,False,False
2317,2022-11-08 09:51:23.084403,-0.00497512437810943,-0.00497512437810943,-0.5,-0.5,100.0,100.5,100.0,100.5,6927.0,7546.0,264073.0,330.0,False,False
2317,2022-11-08 09:51:24.066080,-0.00497512437810943,-0.00497512437810943,-0.5,-0.5,100.0,100.5,100.0,100.5,6928.0,7546.0,264073.0,330.0,False,False
2317,2022-11-08 09:51:24.200188,-0.00497512437810943,-0.00497512437810943,-0.5,-0.5,100.0,100.5,100.0,100.5,6928.0,7546.0,264283.0,286.0,True,True
2317,2022-11-08 09:51:24.560075,-0.00497512437810943,-0.00497512437810943,-0.5,-0.5,100.0,100.5,100.0,100.5,6928.0,7546.0,264283.0,286.0,False,False
2317,2022-11-08 09:51:25.229142,-0.00497512437810943,-0.00497512437810943,-0.5,-0.5,100.0,100.5,100.0,100.5,6929.0,7546.0,264283.0,286.0,False,False
2317,2022-11-08 09:51:25.363482,-0.00497512437810943,-0.00497512437810943,-0.5,-0.5,100.0,100.5,100.0,100.5,6930.0,7546.0,264283.0,286.0,False,False
2317,2022-11-08 09:51:28.015013,-0.00497512437810943,-0.00497512437810943,-0.5,-0.5,100.0,100.5,100.0,100.5,6931.0,7546.0,264283.0,286.0,False,False
2317,2022-11-08 09:51:28.927232,-0.00497512437810943,-0.00497512437810943,-0.5,-0.5,100.0,100.5,100.0,100.5,6961.0,7546.0,264283.0,286.0,False,False
2317,2022-11-08 09:51:29.837492,-0.00497512437810943,-0.00497512437810943,-0.5,-0.5,100.0,100.5,100.0,100.5,6931.0,7546.0,264283.0,286.0,False,False
2317,2022-11-08 09:51:31.153039,-0.00497512437810943,-0.00497512437810943,-0.5,-0.5,100.0,100.5,100.0,100.5,6931.0,7547.0,264283.0,286.0,False,False
2317,2022-11-08 09:51:31.761667,-0.00497512437810943,-0.00497512437810943,-0.5,-0.5,100.0,100.5,100.0,100.5,6928.0,7547.0,264283.0,286.0,False,False
2317,2022-11-08 09:51:32.590154,-0.00497512437810943,-0.00497512437810943,-0.5,-0.5,100.0,100.5,100.0,100.5,6933.0,7547.0,264283.0,286.0,False,False
2317,2022-11-08 09:51:32.747410,-0.00497512437810943,-0.00497512437810943,-0.5,-0.5,100.0,100.5,100.0,100.5,6931.0,7547.0,264283.0,286.0,False,False
2317,2022-11-08 09:51:32.963124,-0.00497512437810943,-0.00497512437810943,-0.5,-0.5,100.0,100.5,100.0,100.5,6932.0,7547.0,264283.0,286.0,False,False
2317,2022-11-08 09:51:33.207154,-0.00497512437810943,-0.00497512437810943,-0.5,-0.5,100.0,100.5,100.0,100.5,6933.0,7547.0,264283.0,286.0,False,False
2317,2022-11-08 09:51:34.074937,-0.00497512437810943,-0.00497512437810943,-0.5,-0.5,100.0,100.5,100.0,100.5,6934.0,7547.0,264283.0,286.0,False,False
2317,2022-11-08 09:51:34.230663,-0.00497512437810943,-0.00497512437810943,-0.5,-0.5,100.0,100.5,100.0,100.5,6934.0,7547.0,264263.0,1102.0,True,True
2317,2022-11-08 09:51:34.757874,-0.00497512437810943,-0.00497512437810943,-0.5,-0.5,100.0,100.5,100.0,100.5,6934.0,7547.0,264263.0,1102.0,False,False
2317,2022-11-08 09:51:35.106056,-0.00497512437810943,-0.00497512437810943,-0.5,-0.5,100.0,100.5,100.0,100.5,6935.0,7547.0,264263.0,1102.0,False,False
2317,2022-11-08 09:51:35.416303,-0.00497512437810943,-0.00497512437810943,-0.5,-0.5,100.0,100.5,100.0,100.5,6935.0,7546.0,264263.0,1102.0,False,False
2317,2022-11-08 09:51:35.635383,-0.00497512437810943,-0.00497512437810943,-0.5,-0.5,100.0,100.5,100.0,100.5,6935.0,7546.0,264263.0,1102.0,False,False
2317,2022-11-08 09:51:36.063035,-0.00497512437810943,-0.00497512437810943,-0.5,-0.5,100.0,100.5,100.0,100.5,6934.0,7546.0,264263.0,1102.0,False,False
2317,2022-11-08 09:51:38.247976,-0.00497512437810943,-0.00497512437810943,-0.5,-0.5,100.0,100.5,100.0,100.5,6935.0,7546.0,264263.0,1102.0,False,False
2317,2022-11-08 09:51:39.118168,-0.00497512437810943,-0.00497512437810943,-0.5,-0.5,100.0,100.5,100.0,100.5,6936.0,7546.0,264263.0,1102.0,False,False
2317,2022-11-08 09:51:39.242630,-0.00497512437810943,-0.00497512437810943,-0.5,-0.5,100.0,100.5,100.0,100.5,6935.0,7546.0,264263.0,1102.0,False,False
2317,2022-11-08 09:51:39.335535,-0.00497512437810943,-0.00497512437810943,-0.5,-0.5,100.0,100.5,100.0,100.5,6937.0,7546.0,264263.0,1102.0,False,False
2317,2022-11-08 09:51:39.941002,-0.00497512437810943,-0.00497512437810943,-0.5,-0.5,100.0,100.5,100.0,100.5,6938.0,7546.0,264263.0,1102.0,False,False
2317,2022-11-08 09:51:40.072558,-0.00497512437810943,-0.00497512437810943,-0.5,-0.5,100.0,100.5,100.0,100.5,6939.0,7546.0,264263.0,1102.0,False,False
2317,2022-11-08 09:51:40.269610,-0.00497512437810943,-0.00497512437810943,-0.5,-0.5,100.0,100.5,100.0,100.5,6949.0,7546.0,264263.0,1102.0,False,False
2317,2022-11-08 09:51:40.393834,-0.00497512437810943,-0.00497512437810943,-0.5,-0.5,100.0,100.5,100.0,100.5,6949.0,7545.0,264263.0,1102.0,False,False
2317,2022-11-08 09:51:40.424279,-0.00497512437810943,-0.00497512437810943,-0.5,-0.5,100.0,100.5,100.0,100.5,6979.0,7545.0,264263.0,1102.0,False,False
2317,2022-11-08 09:51:41.046940,-0.00497512437810943,-0.00497512437810943,-0.5,-0.5,100.0,100.5,100.0,100.5,6979.0,7555.0,264263.0,1102.0,False,False
2317,2022-11-08 09:51:41.095731,-0.00497512437810943,-0.00497512437810943,-0.5,-0.5,100.0,100.5,100.0,100.5,6975.0,7555.0,264263.0,1102.0,False,False
2317,2022-11-08 09:51:41.141709,-0.00497512437810943,-0.00497512437810943,-0.5,-0.5,100.0,100.5,100.0,100.5,6980.0,7555.0,264263.0,1102.0,False,False
2317,2022-11-08 09:51:41.783452,-0.00497512437810943,-0.00497512437810943,-0.5,-0.5,100.0,100.5,100.0,100.5,6980.0,7555.0,264263.0,1102.0,False,False
2317,2022-11-08 09:51:42.064196,-0.00497512437810943,-0.00497512437810943,-0.5,-0.5,100.0,100.5,100.0,100.5,6981.0,7555.0,264263.0,1102.0,False,False
2317,2022-11-08 09:51:42.383956,-0.00497512437810943,-0.00497512437810943,-0.5,-0.5,100.0,100.5,100.0,100.5,6981.0,7556.0,264263.0,1102.0,False,False
2317,2022-11-08 09:51:42.641327,-0.00497512437810943,-0.00497512437810943,-0.5,-0.5,100.0,100.5,100.0,100.5,6983.0,7556.0,264263.0,1102.0,False,False
2317,2022-11-08 09:51:44.001919,-0.00497512437810943,-0.00497512437810943,-0.5,-0.5,100.0,100.5,100.0,100.5,6984.0,7556.0,264263.0,1102.0,False,False
2317,2022-11-08 09:51:44.260476,-0.00497512437810943,-0.00497512437810943,-0.5,-0.5,100.0,100.5,100.0,100.5,6984.0,7556.0,264963.0,872.0,True,True
2317,2022-11-08 09:51:45.492504,-0.00497512437810943,-0.00497512437810943,-0.5,-0.5,100.0,100.5,100.0,100.5,6985.0,7556.0,264963.0,872.0,False,False
2317,2022-11-08 09:51:45.520696,-0.00497512437810943,-0.00497512437810943,-0.5,-0.5,100.0,100.5,100.0,100.5,6985.0,7551.0,264963.0,872.0,False,False
2317,2022-11-08 09:51:45.697163,-0.00497512437810943,-0.00497512437810943,-0.5,-0.5,100.0,100.5,100.0,100.5,6985.0,7551.0,264963.0,872.0,False,False
2317,2022-11-08 09:51:46.601339,-0.00497512437810943,-0.00497512437810943,-0.5,-0.5,100.0,100.5,100.0,100.5,6986.0,7551.0,264963.0,872.0,False,False
2317,2022-11-08 09:51:47.554266,-0.00497512437810943,-0.00497512437810943,-0.5,-0.5,100.0,100.5,100.0,100.5,6981.0,7551.0,264963.0,872.0,False,False
2317,2022-11-08 09:51:47.636952,-0.00497512437810943,-0.00497512437810943,-0.5,-0.5,100.0,100.5,100.0,100.5,6982.0,7551.0,264963.0,872.0,False,False
2317,2022-11-08 09:51:48.550598,-0.00497512437810943,-0.00497512437810943,-0.5,-0.5,100.0,100.5,100.0,100.5,6983.0,7551.0,264963.0,872.0,False,False
2317,2022-11-08 09:51:48.820879,-0.00497512437810943,-0.00497512437810943,-0.5,-0.5,100.0,100.5,100.0,100.5,6983.0,7551.0,264963.0,872.0,False,False
2317,2022-11-08 09:51:50.216249,-0.00497512437810943,-0.00497512437810943,-0.5,-0.5,100.0,100.5,100.0,100.5,6984.0,7551.0,264963.0,872.0,False,False
2317,2022-11-08 09:51:50.262422,-0.00497512437810943,-0.00497512437810943,-0.5,-0.5,100.0,100.5,100.0,100.5,6984.0,7550.0,264963.0,872.0,False,False
2317,2022-11-08 09:51:51.144904,-0.00497512437810943,-0.00497512437810943,-0.5,-0.5,100.0,100.5,100.0,100.5,6985.0,7550.0,264963.0,872.0,False,False
2317,2022-11-08 09:51:52.004436,-0.00497512437810943,-0.00497512437810943,-0.5,-0.5,100.0,100.5,100.0,100.5,6985.0,7550.0,264963.0,872.0,False,False
2317,2022-11-08 09:51:52.962607,-0.00497512437810943,-0.00497512437810943,-0.5,-0.5,100.0,100.5,100.0,100.5,6983.0,7550.0,264963.0,872.0,False,False
2317,2022-11-08 09:51:52.989140,-0.00497512437810943,-0.00497512437810943,-0.5,-0.5,100.0,100.5,100.0,100.5,6953.0,7550.0,264963.0,872.0,False,False
2317,2022-11-08 09:51:52.996738,-0.00497512437810943,-0.00497512437810943,-0.5,-0.5,100.0,100.5,100.0,100.5,6954.0,7550.0,264963.0,872.0,False,False
2317,2022-11-08 09:51:53.718305,-0.00497512437810943,-0.00497512437810943,-0.5,-0.5,100.0,100.5,100.0,100.5,6954.0,7561.0,264963.0,872.0,False,False
2317,2022-11-08 09:51:53.819955,-0.00497512437810943,-0.00497512437810943,-0.5,-0.5,100.0,100.5,100.0,100.5,6955.0,7561.0,264963.0,872.0,False,False
2317,2022-11-08 09:51:54.290451,-0.00497512437810943,-0.00497512437810943,-0.5,-0.5,100.0,100.5,100.0,100.5,6955.0,7561.0,265363.0,666.0,True,True
2317,2022-11-08 09:51:55.539734,-0.00497512437810943,-0.00497512437810943,-0.5,-0.5,100.0,100.5,100.0,100.5,6956.0,7561.0,265363.0,666.0,False,False
2317,2022-11-08 09:51:55.706038,-0.00497512437810943,-0.00497512437810943,-0.5,-0.5,100.0,100.5,100.0,100.5,6957.0,7561.0,265363.0,666.0,False,False
2317,2022-11-08 09:51:56.865703,-0.00497512437810943,-0.00497512437810943,-0.5,-0.5,100.0,100.5,100.0,100.5,6957.0,7561.0,265363.0,666.0,False,False
2317,2022-11-08 09:51:57.293738,-0.00497512437810943,-0.00497512437810943,-0.5,-0.5,100.0,100.5,100.0,100.5,6957.0,7561.0,265363.0,666.0,False,False
2317,2022-11-08 09:51:57.740033,-0.00497512437810943,-0.00497512437810943,-0.5,-0.5,100.0,100.5,100.0,100.5,6958.0,7561.0,265363.0,666.0,False,False
2317,2022-11-08 09:51:58.497582,-0.00497512437810943,-0.00497512437810943,-0.5,-0.5,100.0,100.5,100.0,100.5,6958.0,7562.0,265363.0,666.0,False,False
2317,2022-11-08 09:51:58.824548,-0.00497512437810943,-0.00497512437810943,-0.5,-0.5,100.0,100.5,100.0,100.5,6958.0,7562.0,265363.0,666.0,False,False
2317,2022-11-08 09:51:59.023539,-0.00497512437810943,-0.00497512437810943,-0.5,-0.5,100.0,100.5,100.0,100.5,6959.0,7562.0,265363.0,666.0,False,False
2317,2022-11-08 09:51:59.215993,-0.00497512437810943,-0.00497512437810943,-0.5,-0.5,100.0,100.5,100.0,100.5,6960.0,7562.0,265363.0,666.0,False,False
2317,2022-11-08 09:51:59.275067,-0.00497512437810943,-0.00497512437810943,-0.5,-0.5,100.0,100.5,100.0,100.5,6962.0,7562.0,265363.0,666.0,False,False
2317,2022-11-08 09:51:59.276878,-0.00497512437810943,-0.00497512437810943,-0.5,-0.5,100.0,100.5,100.0,100.5,6961.0,7562.0,265363.0,666.0,False,False
2317,2022-11-08 09:52:00.016309,-0.00497512437810943,-0.00497512437810943,-0.5,-0.5,100.0,100.5,100.0,100.5,6963.0,7562.0,265363.0,666.0,False,False
2317,2022-11-08 09:52:02.958709,-0.00497512437810943,-0.00497512437810943,-0.5,-0.5,100.0,100.5,100.0,100.5,6963.0,7552.0,265363.0,666.0,False,False
2317,2022-11-08 09:52:03.274175,-0.00497512437810943,-0.00497512437810943,-0.5,-0.5,100.0,100.5,100.0,100.5,6963.0,7552.0,265363.0,666.0,False,False
2317,2022-11-08 09:52:03.444540,-0.00497512437810943,-0.00497512437810943,-0.5,-0.5,100.0,100.5,100.0,100.5,6963.0,7552.0,265363.0,666.0,False,False
2317,2022-11-08 09:52:03.522118,-0.00497512437810943,-0.00497512437810943,-0.5,-0.5,100.0,100.5,100.0,100.5,6963.0,7552.0,265993.0,255.0,False,True
2317,2022-11-08 09:52:03.996326,-0.00497512437810943,-0.00497512437810943,-0.5,-0.5,100.0,100.5,100.0,100.5,6963.0,7553.0,265993.0,255.0,False,False
2317,2022-11-08 09:52:04.355468,-0.00497512437810943,-0.00497512437810943,-0.5,-0.5,100.0,100.5,100.0,100.5,6973.0,7553.0,265993.0,255.0,False,False
2317,2022-11-08 09:52:04.707149,-0.00497512437810943,-0.00497512437810943,-0.5,-0.5,100.0,100.5,100.0,100.5,6972.0,7553.0,265993.0,255.0,False,False
2317,2022-11-08 09:52:05.627819,-0.00497512437810943,-0.00497512437810943,-0.5,-0.5,100.0,100.5,100.0,100.5,7002.0,7553.0,265993.0,255.0,False,False
2317,2022-11-08 09:52:05.695342,-0.00497512437810943,-0.00497512437810943,-0.5,-0.5,100.0,100.5,100.0,100.5,7001.0,7553.0,265993.0,255.0,False,False
2317,2022-11-08 09:52:05.869140,-0.00497512437810943,-0.00497512437810943,-0.5,-0.5,100.0,100.5,100.0,100.5,7006.0,7553.0,265993.0,255.0,False,False
2317,2022-11-08 09:52:05.949379,-0.00497512437810943,-0.00497512437810943,-0.5,-0.5,100.0,100.5,100.0,100.5,7006.0,7553.0,265993.0,255.0,False,False
2317,2022-11-08 09:52:05.991599,-0.00497512437810943,-0.00497512437810943,-0.5,-0.5,100.0,100.5,100.0,100.5,7006.0,7553.0,265993.0,255.0,False,False
2317,2022-11-08 09:52:06.047322,-0.00497512437810943,-0.00497512437810943,-0.5,-0.5,100.0,100.5,100.0,100.5,7007.0,7553.0,265993.0,255.0,False,False
2317,2022-11-08 09:52:06.474274,-0.00497512437810943,-0.00497512437810943,-0.5,-0.5,100.0,100.5,100.0,100.5,7010.0,7553.0,265993.0,255.0,False,False
2317,2022-11-08 09:52:07.189618,-0.00497512437810943,-0.00497512437810943,-0.5,-0.5,100.0,100.5,100.0,100.5,7011.0,7553.0,265993.0,255.0,False,False
2317,2022-11-08 09:52:07.737452,-0.00497512437810943,-0.00497512437810943,-0.5,-0.5,100.0,100.5,100.0,100.5,7014.0,7553.0,265993.0,255.0,False,False
2317,2022-11-08 09:52:07.848955,-0.00497512437810943,-0.00497512437810943,-0.5,-0.5,100.0,100.5,100.0,100.5,7014.0,7555.0,265993.0,255.0,False,False
2317,2022-11-08 09:52:08.755055,-0.00497512437810943,-0.00497512437810943,-0.5,-0.5,100.0,100.5,100.0,100.5,7015.0,7555.0,265993.0,255.0,False,False
2317,2022-11-08 09:52:09.058595,-0.00497512437810943,-0.00497512437810943,-0.5,-0.5,100.0,100.5,100.0,100.5,7016.0,7555.0,265993.0,255.0,False,False
2317,2022-11-08 09:52:09.492213,-0.00497512437810943,-0.00497512437810943,-0.5,-0.5,100.0,100.5,100.0,100.5,7017.0,7555.0,265993.0,255.0,False,False
2317,2022-11-08 09:52:09.507384,-0.00497512437810943,-0.00497512437810943,-0.5,-0.5,100.0,100.5,100.0,100.5,7018.0,7555.0,265993.0,255.0,False,False
2317,2022-11-08 09:52:09.775090,-0.00497512437810943,-0.00497512437810943,-0.5,-0.5,100.0,100.5,100.0,100.5,7040.0,7555.0,265993.0,255.0,False,False
2317,2022-11-08 09:52:10.792957,-0.00497512437810943,-0.00497512437810943,-0.5,-0.5,100.0,100.5,100.0,100.5,7040.0,7555.0,265993.0,255.0,False,False
2317,2022-11-08 09:52:11.168244,-0.00497512437810943,-0.00497512437810943,-0.5,-0.5,100.0,100.5,100.0,100.5,7041.0,7555.0,265993.0,255.0,False,False
2317,2022-11-08 09:52:11.174183,-0.00497512437810943,-0.00497512437810943,-0.5,-0.5,100.0,100.5,100.0,100.5,7041.0,7555.0,265993.0,255.0,False,False
2317,2022-11-08 09:52:11.518764,-0.00497512437810943,-0.00497512437810943,-0.5,-0.5,100.0,100.5,100.0,100.5,7041.0,7554.0,265993.0,255.0,False,False
2317,2022-11-08 09:52:11.834988,-0.00497512437810943,-0.00497512437810943,-0.5,-0.5,100.0,100.5,100.0,100.5,7041.0,7555.0,265993.0,255.0,False,False
2317,2022-11-08 09:52:12.261736,-0.00497512437810943,-0.00497512437810943,-0.5,-0.5,100.0,100.5,100.0,100.5,7041.0,7555.0,265993.0,255.0,False,False
2317,2022-11-08 09:52:12.492516,-0.00497512437810943,-0.00497512437810943,-0.5,-0.5,100.0,100.5,100.0,100.5,7039.0,7555.0,265993.0,255.0,False,False
2317,2022-11-08 09:52:13.563455,-0.00497512437810943,-0.00497512437810943,-0.5,-0.5,100.0,100.5,100.0,100.5,7039.0,7555.0,265603.0,118.0,True,True
2317,2022-11-08 09:52:15.096980,-0.00497512437810943,-0.00497512437810943,-0.5,-0.5,100.0,100.5,100.0,100.5,7040.0,7555.0,265603.0,118.0,False,False
2317,2022-11-08 09:52:15.655475,-0.00497512437810943,-0.00497512437810943,-0.5,-0.5,100.0,100.5,100.0,100.5,7040.0,7555.0,265603.0,118.0,False,False
2317,2022-11-08 09:52:15.659418,-0.00497512437810943,-0.00497512437810943,-0.5,-0.5,100.0,100.5,100.0,100.5,7041.0,7555.0,265603.0,118.0,False,False
2317,2022-11-08 09:52:16.131176,-0.00497512437810943,-0.00497512437810943,-0.5,-0.5,100.0,100.5,100.0,100.5,7041.0,7555.0,265603.0,118.0,False,False
2317,2022-11-08 09:52:16.558707,-0.00497512437810943,-0.00497512437810943,-0.5,-0.5,100.0,100.5,100.0,100.5,7041.0,7555.0,265603.0,118.0,False,False
2317,2022-11-08 09:52:16.944075,-0.00497512437810943,-0.00497512437810943,-0.5,-0.5,100.0,100.5,100.0,100.5,7040.0,7554.0,265603.0,118.0,False,False
2317,2022-11-08 09:52:17.153258,-0.00497512437810943,-0.00497512437810943,-0.5,-0.5,100.0,100.5,100.0,100.5,7040.0,7555.0,265603.0,118.0,False,False
2317,2022-11-08 09:52:17.192644,-0.00497512437810943,-0.00497512437810943,-0.5,-0.5,100.0,100.5,100.0,100.5,7039.0,7555.0,265603.0,118.0,False,False
2317,2022-11-08 09:52:17.275908,-0.00497512437810943,-0.00497512437810943,-0.5,-0.5,100.0,100.5,100.0,100.5,7041.0,7555.0,265603.0,118.0,False,False
2317,2022-11-08 09:52:18.393539,-0.00497512437810943,-0.00497512437810943,-0.5,-0.5,100.0,100.5,100.0,100.5,7043.0,7555.0,265603.0,118.0,False,False
2317,2022-11-08 09:52:18.477403,-0.00497512437810943,-0.00497512437810943,-0.5,-0.5,100.0,100.5,100.0,100.5,7047.0,7555.0,265603.0,118.0,False,False
2317,2022-11-08 09:52:18.875831,-0.00497512437810943,-0.00497512437810943,-0.5,-0.5,100.0,100.5,100.0,100.5,7048.0,7555.0,265603.0,118.0,False,False
2317,2022-11-08 09:52:19.988811,-0.00497512437810943,-0.00497512437810943,-0.5,-0.5,100.0,100.5,100.0,100.5,7048.0,7555.0,265603.0,118.0,False,False
2317,2022-11-08 09:52:20.809926,-0.00497512437810943,-0.00497512437810943,-0.5,-0.5,100.0,100.5,100.0,100.5,7049.0,7555.0,265603.0,118.0,False,False
2317,2022-11-08 09:52:20.954481,-0.00497512437810943,-0.00497512437810943,-0.5,-0.5,100.0,100.5,100.0,100.5,7029.0,7555.0,265603.0,118.0,False,False
2317,2022-11-08 09:52:21.689113,-0.00497512437810943,-0.00497512437810943,-0.5,-0.5,100.0,100.5,100.0,100.5,7030.0,7555.0,265603.0,118.0,False,False
2317,2022-11-08 09:52:22.032581,-0.00497512437810943,-0.00497512437810943,-0.5,-0.5,100.0,100.5,100.0,100.5,7031.0,7555.0,265603.0,118.0,False,False
2317,2022-11-08 09:52:22.139222,-0.00497512437810943,-0.00497512437810943,-0.5,-0.5,100.0,100.5,100.0,100.5,7032.0,7555.0,265603.0,118.0,False,False
2317,2022-11-08 09:52:22.365528,-0.00497512437810943,-0.00497512437810943,-0.5,-0.5,100.0,100.5,100.0,100.5,7032.0,7555.0,265603.0,118.0,False,False
2317,2022-11-08 09:52:22.544076,-0.00497512437810943,-0.00497512437810943,-0.5,-0.5,100.0,100.5,100.0,100.5,7033.0,7555.0,265603.0,118.0,False,False
2317,2022-11-08 09:52:23.591050,0.0,-0.00990099009900991,0.0,-1.0,100.0,100.5,100.5,101.0,7033.0,7555.0,344.0,78318.0,True,True
2317,2022-11-08 09:52:24.762429,0.0,-0.00990099009900991,0.0,-1.0,100.0,100.5,100.5,101.0,7034.0,7555.0,344.0,78318.0,False,False
2317,2022-11-08 09:52:24.797150,0.0,-0.00990099009900991,0.0,-1.0,100.0,100.5,100.5,101.0,7035.0,7555.0,344.0,78318.0,False,False
2317,2022-11-08 09:52:25.804252,0.0,-0.00990099009900991,0.0,-1.0,100.0,100.5,100.5,101.0,7032.0,7555.0,344.0,78318.0,False,False
2317,2022-11-08 09:52:26.188616,0.0,-0.00990099009900991,0.0,-1.0,100.0,100.5,100.5,101.0,7033.0,7555.0,344.0,78318.0,False,False
2317,2022-11-08 09:52:26.412622,0.0,-0.00990099009900991,0.0,-1.0,100.0,100.5,100.5,101.0,7033.0,7555.0,344.0,78318.0,False,False
2317,2022-11-08 09:52:26.771622,0.0,-0.00990099009900991,0.0,-1.0,100.0,100.5,100.5,101.0,7083.0,7555.0,344.0,78318.0,False,False
2317,2022-11-08 09:52:27.036012,0.0,-0.00990099009900991,0.0,-1.0,100.0,100.5,100.5,101.0,7083.0,7555.0,344.0,78318.0,False,False
2317,2022-11-08 09:52:28.097184,0.0,-0.00990099009900991,0.0,-1.0,100.0,100.5,100.5,101.0,7084.0,7555.0,344.0,78318.0,False,False
2317,2022-11-08 09:52:28.098118,0.0,-0.00990099009900991,0.0,-1.0,100.0,100.5,100.5,101.0,7086.0,7555.0,344.0,78318.0,False,False
2317,2022-11-08 09:52:28.305624,0.0,-0.00990099009900991,0.0,-1.0,100.0,100.5,100.5,101.0,7086.0,7555.0,344.0,78318.0,False,False
2317,2022-11-08 09:52:28.702709,0.0,-0.00990099009900991,0.0,-1.0,100.0,100.5,100.5,101.0,7086.0,7561.0,344.0,78318.0,False,False
2317,2022-11-08 09:52:29.311799,0.0,-0.00990099009900991,0.0,-1.0,100.0,100.5,100.5,101.0,7087.0,7561.0,344.0,78318.0,False,False
2317,2022-11-08 09:52:29.508422,0.0,-0.00990099009900991,0.0,-1.0,100.0,100.5,100.5,101.0,7092.0,7561.0,344.0,78318.0,False,False
2317,2022-11-08 09:52:31.296069,0.0,-0.00990099009900991,0.0,-1.0,100.0,100.5,100.5,101.0,7092.0,7563.0,344.0,78318.0,False,False
2317,2022-11-08 09:52:31.930865,0.0,-0.00990099009900991,0.0,-1.0,100.0,100.5,100.5,101.0,7092.0,7563.0,344.0,78318.0,False,False
2317,2022-11-08 09:52:33.261130,0.0,-0.00990099009900991,0.0,-1.0,100.0,100.5,100.5,101.0,7062.0,7563.0,344.0,78318.0,False,False
2317,2022-11-08 09:52:33.294154,0.0,-0.00990099009900991,0.0,-1.0,100.0,100.5,100.5,101.0,7032.0,7563.0,344.0,78318.0,False,False
2317,2022-11-08 09:52:33.388393,0.0,-0.00990099009900991,0.0,-1.0,100.0,100.5,100.5,101.0,7033.0,7563.0,344.0,78318.0,False,False
2317,2022-11-08 09:52:33.620125,0.0,-0.00990099009900991,0.0,-1.0,100.0,100.5,100.5,101.0,7033.0,7563.0,543.0,78318.0,True,True
2317,2022-11-08 09:52:33.824744,0.0,-0.00990099009900991,0.0,-1.0,100.0,100.5,100.5,101.0,7033.0,7564.0,543.0,78318.0,False,False
2317,2022-11-08 09:52:33.925656,0.0,-0.00990099009900991,0.0,-1.0,100.0,100.5,100.5,101.0,7035.0,7564.0,543.0,78318.0,False,False
2317,2022-11-08 09:52:33.957767,0.0,-0.00990099009900991,0.0,-1.0,100.0,100.5,100.5,101.0,7040.0,7564.0,543.0,78318.0,False,False
2317,2022-11-08 09:52:34.085141,0.0,-0.00990099009900991,0.0,-1.0,100.0,100.5,100.5,101.0,7041.0,7564.0,543.0,78318.0,False,False
2317,2022-11-08 09:52:34.214485,0.0,-0.00990099009900991,0.0,-1.0,100.0,100.5,100.5,101.0,7042.0,7564.0,543.0,78318.0,False,False
2317,2022-11-08 09:52:35.152347,0.0,-0.00990099009900991,0.0,-1.0,100.0,100.5,100.5,101.0,7043.0,7564.0,543.0,78318.0,False,False
2317,2022-11-08 09:52:35.273521,0.0,-0.00990099009900991,0.0,-1.0,100.0,100.5,100.5,101.0,7044.0,7564.0,543.0,78318.0,False,False
2317,2022-11-08 09:52:35.429794,0.0,-0.00990099009900991,0.0,-1.0,100.0,100.5,100.5,101.0,7044.0,7594.0,543.0,78318.0,False,False
2317,2022-11-08 09:52:35.884613,0.0,-0.00990099009900991,0.0,-1.0,100.0,100.5,100.5,101.0,7044.0,7595.0,543.0,78318.0,False,False
2317,2022-11-08 09:52:36.622478,0.0,-0.00990099009900991,0.0,-1.0,100.0,100.5,100.5,101.0,7044.0,7595.0,543.0,78318.0,False,False
2317,2022-11-08 09:52:37.197428,0.0,-0.00990099009900991,0.0,-1.0,100.0,100.5,100.5,101.0,7047.0,7595.0,543.0,78318.0,False,False
2317,2022-11-08 09:52:37.658184,0.0,-0.00990099009900991,0.0,-1.0,100.0,100.5,100.5,101.0,7047.0,7595.0,543.0,78318.0,False,False
2317,2022-11-08 09:52:37.955612,0.0,-0.00990099009900991,0.0,-1.0,100.0,100.5,100.5,101.0,7048.0,7595.0,543.0,78318.0,False,False
2317,2022-11-08 09:52:38.748600,0.0,-0.00990099009900991,0.0,-1.0,100.0,100.5,100.5,101.0,7058.0,7595.0,543.0,78318.0,False,False
2317,2022-11-08 09:52:39.380562,0.0,-0.00990099009900991,0.0,-1.0,100.0,100.5,100.5,101.0,7058.0,7595.0,543.0,78318.0,False,False
2317,2022-11-08 09:52:39.826610,0.0,-0.00990099009900991,0.0,-1.0,100.0,100.5,100.5,101.0,7059.0,7595.0,543.0,78318.0,False,False
2317,2022-11-08 09:52:40.261305,0.0,-0.00990099009900991,0.0,-1.0,100.0,100.5,100.5,101.0,7060.0,7595.0,543.0,78318.0,False,False
2317,2022-11-08 09:52:40.944218,0.0,-0.00990099009900991,0.0,-1.0,100.0,100.5,100.5,101.0,7061.0,7595.0,543.0,78318.0,False,False
2317,2022-11-08 09:52:41.563740,0.0,-0.00990099009900991,0.0,-1.0,100.0,100.5,100.5,101.0,7061.0,7595.0,543.0,78318.0,False,False
2317,2022-11-08 09:52:42.400423,0.0,-0.00990099009900991,0.0,-1.0,100.0,100.5,100.5,101.0,7056.0,7590.0,543.0,78318.0,False,False
2317,2022-11-08 09:52:42.421051,0.0,-0.00990099009900991,0.0,-1.0,100.0,100.5,100.5,101.0,7058.0,7590.0,543.0,78318.0,False,False
2317,2022-11-08 09:52:42.580930,0.0,-0.00990099009900991,0.0,-1.0,100.0,100.5,100.5,101.0,7058.0,7590.0,543.0,78318.0,False,False
2317,2022-11-08 09:52:43.650763,0.0,-0.00990099009900991,0.0,-1.0,100.0,100.5,100.5,101.0,7058.0,7590.0,603.0,78318.0,True,True
2317,2022-11-08 09:52:45.365903,0.0,-0.00990099009900991,0.0,-1.0,100.0,100.5,100.5,101.0,7058.0,7590.0,603.0,78318.0,False,False
2317,2022-11-08 09:52:45.685665,0.0,-0.00990099009900991,0.0,-1.0,100.0,100.5,100.5,101.0,7059.0,7590.0,603.0,78318.0,False,False
2317,2022-11-08 09:52:46.697825,0.0,-0.00990099009900991,0.0,-1.0,100.0,100.5,100.5,101.0,7059.0,7590.0,603.0,78318.0,False,False
2317,2022-11-08 09:52:47.344543,0.0,-0.00990099009900991,0.0,-1.0,100.0,100.5,100.5,101.0,7060.0,7590.0,603.0,78318.0,False,False
2317,2022-11-08 09:52:47.659437,0.0,-0.00990099009900991,0.0,-1.0,100.0,100.5,100.5,101.0,7061.0,7590.0,603.0,78318.0,False,False
2317,2022-11-08 09:52:47.694211,0.0,-0.00990099009900991,0.0,-1.0,100.0,100.5,100.5,101.0,7061.0,7590.0,603.0,78318.0,False,False
2317,2022-11-08 09:52:48.766017,0.0,-0.00990099009900991,0.0,-1.0,100.0,100.5,100.5,101.0,7062.0,7590.0,603.0,78318.0,False,False
2317,2022-11-08 09:52:49.823049,0.0,-0.00990099009900991,0.0,-1.0,100.0,100.5,100.5,101.0,7064.0,7590.0,603.0,78318.0,False,False
2317,2022-11-08 09:52:51.316804,0.0,-0.00990099009900991,0.0,-1.0,100.0,100.5,100.5,101.0,7063.0,7589.0,603.0,78318.0,False,False
2317,2022-11-08 09:52:51.662113,0.0,-0.00990099009900991,0.0,-1.0,100.0,100.5,100.5,101.0,7063.0,7589.0,603.0,78318.0,False,False
2317,2022-11-08 09:52:52.022729,0.0,-0.00990099009900991,0.0,-1.0,100.0,100.5,100.5,101.0,7063.0,7589.0,603.0,78318.0,False,False
2317,2022-11-08 09:52:52.789829,0.0,-0.00990099009900991,0.0,-1.0,100.0,100.5,100.5,101.0,7063.0,7589.0,603.0,78318.0,False,False
2317,2022-11-08 09:52:52.845319,0.0,-0.00990099009900991,0.0,-1.0,100.0,100.5,100.5,101.0,7063.0,7589.0,603.0,78318.0,False,False
2317,2022-11-08 09:52:53.682360,0.0,-0.00990099009900991,0.0,-1.0,100.0,100.5,100.5,101.0,7064.0,7589.0,603.0,78318.0,False,False
2317,2022-11-08 09:52:53.813495,0.0,-0.00990099009900991,0.0,-1.0,100.0,100.5,100.5,101.0,7065.0,7589.0,603.0,78318.0,False,False
2317,2022-11-08 09:52:53.682889,0.0,-0.00990099009900991,0.0,-1.0,100.0,100.5,100.5,101.0,7065.0,7589.0,823.0,78318.0,True,True
2317,2022-11-08 09:52:54.052238,0.0,-0.00990099009900991,0.0,-1.0,100.0,100.5,100.5,101.0,7070.0,7589.0,823.0,78318.0,False,False
2317,2022-11-08 09:52:55.133648,0.0,-0.00990099009900991,0.0,-1.0,100.0,100.5,100.5,101.0,7071.0,7589.0,823.0,78318.0,False,False
2317,2022-11-08 09:52:55.738907,0.0,-0.00990099009900991,0.0,-1.0,100.0,100.5,100.5,101.0,7072.0,7589.0,823.0,78318.0,False,False
2317,2022-11-08 09:52:56.029190,0.0,-0.00990099009900991,0.0,-1.0,100.0,100.5,100.5,101.0,7073.0,7589.0,823.0,78318.0,False,False
2317,2022-11-08 09:52:56.466772,0.0,-0.00990099009900991,0.0,-1.0,100.0,100.5,100.5,101.0,7071.0,7589.0,823.0,78318.0,False,False
2317,2022-11-08 09:52:56.706338,0.0,-0.00990099009900991,0.0,-1.0,100.0,100.5,100.5,101.0,7070.0,7589.0,823.0,78318.0,False,False
2317,2022-11-08 09:52:57.208245,0.0,-0.00990099009900991,0.0,-1.0,100.0,100.5,100.5,101.0,7071.0,7589.0,823.0,78318.0,False,False
2317,2022-11-08 09:52:57.761786,0.0,-0.00990099009900991,0.0,-1.0,100.0,100.5,100.5,101.0,7070.0,7589.0,823.0,78318.0,False,False
2317,2022-11-08 09:52:57.833211,0.0,-0.00990099009900991,0.0,-1.0,100.0,100.5,100.5,101.0,7070.0,7589.0,823.0,78318.0,False,False
2317,2022-11-08 09:52:57.844729,0.0,-0.00990099009900991,0.0,-1.0,100.0,100.5,100.5,101.0,7069.0,7589.0,823.0,78318.0,False,False
2317,2022-11-08 09:52:58.255969,0.0,-0.00990099009900991,0.0,-1.0,100.0,100.5,100.5,101.0,7069.0,7589.0,823.0,78318.0,False,False
2317,2022-11-08 09:52:58.702208,0.0,-0.00990099009900991,0.0,-1.0,100.0,100.5,100.5,101.0,7069.0,7590.0,823.0,78318.0,False,False
2317,2022-11-08 09:52:59.056596,0.0,-0.00990099009900991,0.0,-1.0,100.0,100.5,100.5,101.0,7069.0,7590.0,823.0,78318.0,False,False
2317,2022-11-08 09:52:59.567979,0.0,-0.00990099009900991,0.0,-1.0,100.0,100.5,100.5,101.0,7067.0,7590.0,823.0,78318.0,False,False
2317,2022-11-08 09:52:59.708951,0.0,-0.00990099009900991,0.0,-1.0,100.0,100.5,100.5,101.0,7067.0,7590.0,823.0,78318.0,False,False
2317,2022-11-08 09:53:01.408337,0.0,-0.00990099009900991,0.0,-1.0,100.0,100.5,100.5,101.0,7068.0,7590.0,823.0,78318.0,False,False
2317,2022-11-08 09:53:01.560715,0.0,-0.00990099009900991,0.0,-1.0,100.0,100.5,100.5,101.0,7067.0,7590.0,823.0,78318.0,False,False
2317,2022-11-08 09:53:02.909033,0.0,-0.00990099009900991,0.0,-1.0,100.0,100.5,100.5,101.0,7067.0,7592.0,823.0,78318.0,False,False
2317,2022-11-08 09:53:03.064974,0.0,-0.00990099009900991,0.0,-1.0,100.0,100.5,100.5,101.0,7067.0,7592.0,823.0,78318.0,False,False
2317,2022-11-08 09:53:03.226070,0.0,-0.00990099009900991,0.0,-1.0,100.0,100.5,100.5,101.0,7067.0,7591.0,823.0,78318.0,False,False
2317,2022-11-08 09:53:03.712046,0.0,-0.00990099009900991,0.0,-1.0,100.0,100.5,100.5,101.0,7067.0,7591.0,1398.0,78318.0,True,True
2317,2022-11-08 09:53:04.031767,0.0,-0.00990099009900991,0.0,-1.0,100.0,100.5,100.5,101.0,7067.0,7591.0,1398.0,78318.0,False,False
2317,2022-11-08 09:53:04.868658,0.0,-0.00990099009900991,0.0,-1.0,100.0,100.5,100.5,101.0,7067.0,7591.0,1398.0,78318.0,False,False
2317,2022-11-08 09:53:05.184599,0.0,-0.00990099009900991,0.0,-1.0,100.0,100.5,100.5,101.0,7068.0,7591.0,1398.0,78318.0,False,False
2317,2022-11-08 09:53:05.547119,0.0,-0.00990099009900991,0.0,-1.0,100.0,100.5,100.5,101.0,7063.0,7586.0,1398.0,78318.0,False,False
2317,2022-11-08 09:53:07.133339,0.0,-0.00990099009900991,0.0,-1.0,100.0,100.5,100.5,101.0,7063.0,7586.0,1398.0,78318.0,False,False
2317,2022-11-08 09:53:08.018732,0.0,-0.00990099009900991,0.0,-1.0,100.0,100.5,100.5,101.0,7061.0,7586.0,1398.0,78318.0,False,False
2317,2022-11-08 09:53:10.011366,0.0,-0.00990099009900991,0.0,-1.0,100.0,100.5,100.5,101.0,7056.0,7586.0,1398.0,78318.0,False,False
2317,2022-11-08 09:53:10.280588,0.0,-0.00990099009900991,0.0,-1.0,100.0,100.5,100.5,101.0,7055.0,7586.0,1398.0,78318.0,False,False
2317,2022-11-08 09:53:12.110118,0.0,-0.00990099009900991,0.0,-1.0,100.0,100.5,100.5,101.0,7056.0,7586.0,1398.0,78318.0,False,False
2317,2022-11-08 09:53:12.672167,0.0,-0.00990099009900991,0.0,-1.0,100.0,100.5,100.5,101.0,7057.0,7586.0,1398.0,78318.0,False,False
2317,2022-11-08 09:53:13.800626,0.0,-0.00990099009900991,0.0,-1.0,100.0,100.5,100.5,101.0,7059.0,7586.0,1398.0,78318.0,False,False
2317,2022-11-08 09:53:13.739053,0.0,-0.00990099009900991,0.0,-1.0,100.0,100.5,100.5,101.0,7059.0,7586.0,1551.0,78318.0,True,True
2317,2022-11-08 09:53:14.074041,0.0,-0.00990099009900991,0.0,-1.0,100.0,100.5,100.5,101.0,7060.0,7586.0,1551.0,78318.0,False,False
2317,2022-11-08 09:53:15.243750,0.0,-0.00990099009900991,0.0,-1.0,100.0,100.5,100.5,101.0,7063.0,7586.0,1551.0,78318.0,False,False
2317,2022-11-08 09:53:15.877388,0.0,-0.00990099009900991,0.0,-1.0,100.0,100.5,100.5,101.0,7063.0,7586.0,1551.0,78318.0,False,False
2317,2022-11-08 09:53:16.823198,0.0,-0.00990099009900991,0.0,-1.0,100.0,100.5,100.5,101.0,7064.0,7586.0,1551.0,78318.0,False,False
2317,2022-11-08 09:53:17.526441,0.0,-0.00990099009900991,0.0,-1.0,100.0,100.5,100.5,101.0,7063.0,7586.0,1551.0,78318.0,False,False
2317,2022-11-08 09:53:17.758860,0.0,-0.00990099009900991,0.0,-1.0,100.0,100.5,100.5,101.0,7061.0,7586.0,1551.0,78318.0,False,False
2317,2022-11-08 09:53:17.937886,0.0,-0.00990099009900991,0.0,-1.0,100.0,100.5,100.5,101.0,7061.0,7584.0,1551.0,78318.0,False,False
2317,2022-11-08 09:53:19.335961,0.0,-0.00990099009900991,0.0,-1.0,100.0,100.5,100.5,101.0,7062.0,7584.0,1551.0,78318.0,False,False
2317,2022-11-08 09:53:19.987517,0.0,-0.00990099009900991,0.0,-1.0,100.0,100.5,100.5,101.0,7062.0,7583.0,1551.0,78318.0,False,False
2317,2022-11-08 09:53:21.732643,0.0,-0.00990099009900991,0.0,-1.0,100.0,100.5,100.5,101.0,7059.0,7583.0,1551.0,78318.0,False,False
2317,2022-11-08 09:53:22.507338,0.0,-0.00990099009900991,0.0,-1.0,100.0,100.5,100.5,101.0,7059.0,7585.0,1551.0,78318.0,False,False
2317,2022-11-08 09:53:22.577545,0.0,-0.00990099009900991,0.0,-1.0,100.0,100.5,100.5,101.0,7059.0,7584.0,1551.0,78318.0,False,False
2317,2022-11-08 09:53:22.577600,0.0,-0.00990099009900991,0.0,-1.0,100.0,100.5,100.5,101.0,7059.0,7583.0,1551.0,78318.0,False,False
2317,2022-11-08 09:53:23.770252,0.0,-0.00990099009900991,0.0,-1.0,100.0,100.5,100.5,101.0,7059.0,7583.0,1731.0,78318.0,True,True
2317,2022-11-08 09:53:24.563419,0.0,-0.00990099009900991,0.0,-1.0,100.0,100.5,100.5,101.0,7056.0,7583.0,1731.0,78318.0,False,False
2317,2022-11-08 09:53:24.675540,0.0,-0.00990099009900991,0.0,-1.0,100.0,100.5,100.5,101.0,7056.0,7583.0,1731.0,78318.0,False,False
2317,2022-11-08 09:53:24.782869,0.0,-0.00990099009900991,0.0,-1.0,100.0,100.5,100.5,101.0,7057.0,7583.0,1731.0,78318.0,False,False
2317,2022-11-08 09:53:24.821823,0.0,-0.00990099009900991,0.0,-1.0,100.0,100.5,100.5,101.0,7060.0,7583.0,1731.0,78318.0,False,False
2317,2022-11-08 09:53:27.389235,0.0,-0.00990099009900991,0.0,-1.0,100.0,100.5,100.5,101.0,7059.0,7583.0,1731.0,78318.0,False,False
2317,2022-11-08 09:53:27.519416,0.0,-0.00990099009900991,0.0,-1.0,100.0,100.5,100.5,101.0,7059.0,7583.0,1731.0,78318.0,False,False
2317,2022-11-08 09:53:27.746315,0.0,-0.00990099009900991,0.0,-1.0,100.0,100.5,100.5,101.0,7058.0,7583.0,1731.0,78318.0,False,False
2317,2022-11-08 09:53:27.809072,0.0,-0.00990099009900991,0.0,-1.0,100.0,100.5,100.5,101.0,7058.0,7613.0,1731.0,78318.0,False,False
2317,2022-11-08 09:53:28.393164,0.0,-0.00990099009900991,0.0,-1.0,100.0,100.5,100.5,101.0,7059.0,7613.0,1731.0,78318.0,False,False
2317,2022-11-08 09:53:29.146838,0.0,-0.00990099009900991,0.0,-1.0,100.0,100.5,100.5,101.0,7059.0,7612.0,1731.0,78318.0,False,False
2317,2022-11-08 09:53:29.224551,0.0,-0.00990099009900991,0.0,-1.0,100.0,100.5,100.5,101.0,7059.0,7612.0,1731.0,78318.0,False,False
2317,2022-11-08 09:53:29.299720,0.0,-0.00990099009900991,0.0,-1.0,100.0,100.5,100.5,101.0,7059.0,7612.0,1731.0,78318.0,False,False
2317,2022-11-08 09:53:30.432713,0.0,-0.00990099009900991,0.0,-1.0,100.0,100.5,100.5,101.0,7059.0,7612.0,1731.0,78318.0,False,False
2317,2022-11-08 09:53:30.690887,0.0,-0.00990099009900991,0.0,-1.0,100.0,100.5,100.5,101.0,7060.0,7612.0,1731.0,78318.0,False,False
2317,2022-11-08 09:53:30.823525,0.0,-0.00990099009900991,0.0,-1.0,100.0,100.5,100.5,101.0,6998.0,7612.0,1731.0,78318.0,False,False
2317,2022-11-08 09:53:30.877744,0.0,-0.00990099009900991,0.0,-1.0,100.0,100.5,100.5,101.0,6998.0,7651.0,1731.0,78318.0,False,False
2317,2022-11-08 09:53:30.897736,0.0,-0.00990099009900991,0.0,-1.0,100.0,100.5,100.5,101.0,6998.0,7599.0,1731.0,78318.0,False,False
2317,2022-11-08 09:53:31.726134,0.0,-0.00990099009900991,0.0,-1.0,100.0,100.5,100.5,101.0,7000.0,7599.0,1731.0,78318.0,False,False
2317,2022-11-08 09:53:33.173278,0.0,-0.00990099009900991,0.0,-1.0,100.0,100.5,100.5,101.0,7001.0,7599.0,1731.0,78318.0,False,False
2317,2022-11-08 09:53:33.799305,0.0,-0.00990099009900991,0.0,-1.0,100.0,100.5,100.5,101.0,7001.0,7599.0,1831.0,78318.0,True,True
2317,2022-11-08 09:53:34.917147,0.0,-0.00990099009900991,0.0,-1.0,100.0,100.5,100.5,101.0,6999.0,7599.0,1831.0,78318.0,False,False
2317,2022-11-08 09:53:34.962844,0.0,-0.00990099009900991,0.0,-1.0,100.0,100.5,100.5,101.0,6999.0,7599.0,1831.0,78318.0,False,False
2317,2022-11-08 09:53:36.064737,0.0,-0.00990099009900991,0.0,-1.0,100.0,100.5,100.5,101.0,7008.0,7599.0,1831.0,78318.0,False,False
2317,2022-11-08 09:53:36.143733,0.0,-0.00990099009900991,0.0,-1.0,100.0,100.5,100.5,101.0,7010.0,7599.0,1831.0,78318.0,False,False
2317,2022-11-08 09:53:37.225344,0.0,-0.00990099009900991,0.0,-1.0,100.0,100.5,100.5,101.0,7009.0,7599.0,1831.0,78318.0,False,False
2317,2022-11-08 09:53:37.913014,0.0,-0.00990099009900991,0.0,-1.0,100.0,100.5,100.5,101.0,7009.0,7599.0,1831.0,78318.0,False,False
2317,2022-11-08 09:53:38.326674,0.0,-0.00990099009900991,0.0,-1.0,100.0,100.5,100.5,101.0,7010.0,7599.0,1831.0,78318.0,False,False
2317,2022-11-08 09:53:38.834513,0.0,-0.00990099009900991,0.0,-1.0,100.0,100.5,100.5,101.0,7008.0,7599.0,1831.0,78318.0,False,False
2317,2022-11-08 09:53:39.119281,0.0,-0.00990099009900991,0.0,-1.0,100.0,100.5,100.5,101.0,6998.0,7589.0,1831.0,78318.0,False,False
2317,2022-11-08 09:53:41.070568,0.0,-0.00990099009900991,0.0,-1.0,100.0,100.5,100.5,101.0,6998.0,7598.0,1831.0,78318.0,False,False
2317,2022-11-08 09:53:41.417358,0.0,-0.00990099009900991,0.0,-1.0,100.0,100.5,100.5,101.0,6998.0,8097.0,1831.0,78318.0,False,False
2317,2022-11-08 09:53:41.537239,0.0,-0.00990099009900991,0.0,-1.0,100.0,100.5,100.5,101.0,6998.0,8596.0,1831.0,78318.0,False,False
2317,2022-11-08 09:53:42.016893,0.0,-0.00990099009900991,0.0,-1.0,100.0,100.5,100.5,101.0,6998.0,9095.0,1831.0,78318.0,False,False
2317,2022-11-08 09:53:42.488878,0.0,-0.00990099009900991,0.0,-1.0,100.0,100.5,100.5,101.0,6998.0,9095.0,1831.0,78318.0,False,False
2317,2022-11-08 09:53:42.520558,0.0,-0.00990099009900991,0.0,-1.0,100.0,100.5,100.5,101.0,6989.0,9095.0,1831.0,78318.0,False,False
2317,2022-11-08 09:53:42.817834,0.0,-0.00990099009900991,0.0,-1.0,100.0,100.5,100.5,101.0,6990.0,9095.0,1831.0,78318.0,False,False
2317,2022-11-08 09:53:42.833080,0.0,-0.00990099009900991,0.0,-1.0,100.0,100.5,100.5,101.0,6990.0,9095.0,1831.0,78318.0,False,False
2317,2022-11-08 09:53:42.993951,0.0,-0.00990099009900991,0.0,-1.0,100.0,100.5,100.5,101.0,6990.0,9095.0,1831.0,78318.0,False,False
2317,2022-11-08 09:53:43.257353,0.0,-0.00990099009900991,0.0,-1.0,100.0,100.5,100.5,101.0,6990.0,9095.0,1831.0,78318.0,False,False
2317,2022-11-08 09:53:43.463632,0.0,-0.00990099009900991,0.0,-1.0,100.0,100.5,100.5,101.0,6999.0,9095.0,1831.0,78318.0,False,False
2317,2022-11-08 09:53:43.601395,0.0,-0.00990099009900991,0.0,-1.0,100.0,100.5,100.5,101.0,6999.0,9095.0,1831.0,78318.0,False,False
2317,2022-11-08 09:53:43.786189,0.0,-0.00990099009900991,0.0,-1.0,100.0,100.5,100.5,101.0,6999.0,9095.0,1831.0,78318.0,False,False
2317,2022-11-08 09:53:43.864634,0.0,-0.00990099009900991,0.0,-1.0,100.0,100.5,100.5,101.0,6999.0,9095.0,1831.0,78318.0,False,False
2317,2022-11-08 09:53:43.937945,0.0,-0.00990099009900991,0.0,-1.0,100.0,100.5,100.5,101.0,6999.0,9095.0,1831.0,78318.0,False,False
2317,2022-11-08 09:53:43.827385,0.0,-0.00990099009900991,0.0,-1.0,100.0,100.5,100.5,101.0,6999.0,9095.0,1931.0,78318.0,True,True
2317,2022-11-08 09:53:44.024109,0.0,-0.00990099009900991,0.0,-1.0,100.0,100.5,100.5,101.0,6999.0,9094.0,1931.0,78318.0,False,False
2317,2022-11-08 09:53:44.217654,0.0,-0.00990099009900991,0.0,-1.0,100.0,100.5,100.5,101.0,6999.0,9094.0,1931.0,78318.0,False,False
2317,2022-11-08 09:53:44.243579,0.0,-0.00990099009900991,0.0,-1.0,100.0,100.5,100.5,101.0,6999.0,9094.0,1931.0,78318.0,False,False
2317,2022-11-08 09:53:44.358040,0.0,-0.00990099009900991,0.0,-1.0,100.0,100.5,100.5,101.0,6999.0,9094.0,1931.0,78318.0,False,False
2317,2022-11-08 09:53:44.497860,0.0,-0.00990099009900991,0.0,-1.0,100.0,100.5,100.5,101.0,6999.0,9094.0,1931.0,78318.0,False,False
2317,2022-11-08 09:53:44.617962,0.0,-0.00990099009900991,0.0,-1.0,100.0,100.5,100.5,101.0,6999.0,9094.0,1931.0,78318.0,False,False
2317,2022-11-08 09:53:44.779071,0.0,-0.00990099009900991,0.0,-1.0,100.0,100.5,100.5,101.0,7000.0,9094.0,1931.0,78318.0,False,False
2317,2022-11-08 09:53:45.018074,0.0,-0.00990099009900991,0.0,-1.0,100.0,100.5,100.5,101.0,7000.0,9094.0,1931.0,78318.0,False,False
2317,2022-11-08 09:53:45.172147,0.0,-0.00990099009900991,0.0,-1.0,100.0,100.5,100.5,101.0,7000.0,9094.0,1931.0,78318.0,False,False
2317,2022-11-08 09:53:45.314305,0.0,-0.00990099009900991,0.0,-1.0,100.0,100.5,100.5,101.0,7000.0,9094.0,1931.0,78318.0,False,False
2317,2022-11-08 09:53:45.390861,0.0,-0.00990099009900991,0.0,-1.0,100.0,100.5,100.5,101.0,7000.0,9094.0,1931.0,78318.0,False,False
2317,2022-11-08 09:53:45.442553,0.0,-0.00990099009900991,0.0,-1.0,100.0,100.5,100.5,101.0,7000.0,9094.0,1931.0,78318.0,False,False
2317,2022-11-08 09:53:45.602898,0.0,-0.00990099009900991,0.0,-1.0,100.0,100.5,100.5,101.0,7000.0,9094.0,1931.0,78318.0,False,False
2317,2022-11-08 09:53:45.754408,0.0,-0.00990099009900991,0.0,-1.0,100.0,100.5,100.5,101.0,7000.0,9094.0,1931.0,78318.0,False,False
2317,2022-11-08 09:53:46.015125,0.0,-0.00990099009900991,0.0,-1.0,100.0,100.5,100.5,101.0,7002.0,9094.0,1931.0,78318.0,False,False
2317,2022-11-08 09:53:46.218745,0.0,-0.00990099009900991,0.0,-1.0,100.0,100.5,100.5,101.0,7002.0,9593.0,1931.0,78318.0,False,False
2317,2022-11-08 09:53:46.231716,0.0,-0.00990099009900991,0.0,-1.0,100.0,100.5,100.5,101.0,7000.0,9593.0,1931.0,78318.0,False,False
2317,2022-11-08 09:53:46.363111,0.0,-0.00990099009900991,0.0,-1.0,100.0,100.5,100.5,101.0,7000.0,10092.0,1931.0,78318.0,False,False
2317,2022-11-08 09:53:46.428696,0.0,-0.00990099009900991,0.0,-1.0,100.0,100.5,100.5,101.0,6763.0,10092.0,1931.0,78318.0,False,False
2317,2022-11-08 09:53:46.463748,0.0,-0.00990099009900991,0.0,-1.0,100.0,100.5,100.5,101.0,6764.0,10092.0,1931.0,78318.0,False,False
2317,2022-11-08 09:53:47.059359,0.0,-0.00990099009900991,0.0,-1.0,100.0,100.5,100.5,101.0,6764.0,10092.0,1931.0,78318.0,False,False
2317,2022-11-08 09:53:47.324046,0.0,-0.00990099009900991,0.0,-1.0,100.0,100.5,100.5,101.0,6764.0,10092.0,1931.0,78318.0,False,False
2317,2022-11-08 09:53:47.491217,0.0,-0.00990099009900991,0.0,-1.0,100.0,100.5,100.5,101.0,6764.0,10092.0,1931.0,78318.0,False,False
2317,2022-11-08 09:53:47.626638,0.0,-0.00990099009900991,0.0,-1.0,100.0,100.5,100.5,101.0,6764.0,10092.0,1931.0,78318.0,False,False
2317,2022-11-08 09:53:47.771874,0.0,-0.00990099009900991,0.0,-1.0,100.0,100.5,100.5,101.0,6764.0,10092.0,1931.0,78318.0,False,False
2317,2022-11-08 09:53:47.840526,0.0,-0.00990099009900991,0.0,-1.0,100.0,100.5,100.5,101.0,6765.0,10092.0,1931.0,78318.0,False,False
2317,2022-11-08 09:53:47.928108,0.0,-0.00990099009900991,0.0,-1.0,100.0,100.5,100.5,101.0,6765.0,10092.0,1931.0,78318.0,False,False
2317,2022-11-08 09:53:48.549216,0.0,-0.00990099009900991,0.0,-1.0,100.0,100.5,100.5,101.0,6765.0,10092.0,1931.0,78318.0,False,False
2317,2022-11-08 09:53:48.801941,0.0,-0.00990099009900991,0.0,-1.0,100.0,100.5,100.5,101.0,6765.0,10091.0,1931.0,78318.0,False,False
2317,2022-11-08 09:53:48.979119,0.0,-0.00990099009900991,0.0,-1.0,100.0,100.5,100.5,101.0,6764.0,10091.0,1931.0,78318.0,False,False
2317,2022-11-08 09:53:49.272623,0.0,-0.00990099009900991,0.0,-1.0,100.0,100.5,100.5,101.0,6773.0,10091.0,1931.0,78318.0,False,False
2317,2022-11-08 09:53:49.332542,0.0,-0.00990099009900991,0.0,-1.0,100.0,100.5,100.5,101.0,6773.0,10091.0,1931.0,78318.0,False,False
2317,2022-11-08 09:53:49.595142,0.0,-0.00990099009900991,0.0,-1.0,100.0,100.5,100.5,101.0,6761.0,10091.0,1931.0,78318.0,False,False
2317,2022-11-08 09:53:50.830600,0.0,-0.00990099009900991,0.0,-1.0,100.0,100.5,100.5,101.0,6761.0,10091.0,1931.0,78318.0,False,False
2317,2022-11-08 09:53:53.537482,0.0,-0.00990099009900991,0.0,-1.0,100.0,100.5,100.5,101.0,6751.0,10091.0,1931.0,78318.0,False,False
2317,2022-11-08 09:53:53.721041,0.0,-0.00990099009900991,0.0,-1.0,100.0,100.5,100.5,101.0,6752.0,10091.0,1931.0,78318.0,False,False
2317,2022-11-08 09:53:54.039167,0.0,-0.00990099009900991,0.0,-1.0,100.0,100.5,100.5,101.0,6757.0,10091.0,1931.0,78318.0,False,False
2317,2022-11-08 09:53:53.855966,0.0,-0.00990099009900991,0.0,-1.0,100.0,100.5,100.5,101.0,6757.0,10091.0,1041.0,78318.0,True,True
2317,2022-11-08 09:53:54.645987,0.0,-0.00990099009900991,0.0,-1.0,100.0,100.5,100.5,101.0,6758.0,10091.0,1041.0,78318.0,False,False
2317,2022-11-08 09:53:54.706338,0.0,-0.00990099009900991,0.0,-1.0,100.0,100.5,100.5,101.0,6758.0,10093.0,1041.0,78318.0,False,False
2317,2022-11-08 09:53:54.772469,0.0,-0.00990099009900991,0.0,-1.0,100.0,100.5,100.5,101.0,6759.0,10093.0,1041.0,78318.0,False,False
2317,2022-11-08 09:53:55.029712,0.0,-0.00990099009900991,0.0,-1.0,100.0,100.5,100.5,101.0,6759.0,10083.0,1041.0,78318.0,False,False
2317,2022-11-08 09:53:55.052255,0.0,-0.00990099009900991,0.0,-1.0,100.0,100.5,100.5,101.0,6759.0,10083.0,1041.0,78318.0,False,False
2317,2022-11-08 09:53:55.242515,0.0,-0.00990099009900991,0.0,-1.0,100.0,100.5,100.5,101.0,6758.0,10083.0,1041.0,78318.0,False,False
2317,2022-11-08 09:53:55.722555,0.0,-0.00990099009900991,0.0,-1.0,100.0,100.5,100.5,101.0,6759.0,10083.0,1041.0,78318.0,False,False
2317,2022-11-08 09:53:56.454732,0.0,-0.00990099009900991,0.0,-1.0,100.0,100.5,100.5,101.0,6761.0,10083.0,1041.0,78318.0,False,False
2317,2022-11-08 09:53:56.493399,0.0,-0.00990099009900991,0.0,-1.0,100.0,100.5,100.5,101.0,6769.0,10083.0,1041.0,78318.0,False,False
2317,2022-11-08 09:53:57.556155,0.0,-0.00990099009900991,0.0,-1.0,100.0,100.5,100.5,101.0,6770.0,10083.0,1041.0,78318.0,False,False
2317,2022-11-08 09:53:58.030763,0.0,-0.00990099009900991,0.0,-1.0,100.0,100.5,100.5,101.0,6771.0,10083.0,1041.0,78318.0,False,False
2317,2022-11-08 09:53:58.189032,0.0,-0.00990099009900991,0.0,-1.0,100.0,100.5,100.5,101.0,6771.0,10083.0,1041.0,78318.0,False,False
2317,2022-11-08 09:53:58.374711,0.0,-0.00990099009900991,0.0,-1.0,100.0,100.5,100.5,101.0,6771.0,10083.0,1041.0,78318.0,False,False
2317,2022-11-08 09:53:59.251027,0.0,-0.00990099009900991,0.0,-1.0,100.0,100.5,100.5,101.0,6771.0,10082.0,1041.0,78318.0,False,False
2317,2022-11-08 09:54:00.186639,0.0,-0.00990099009900991,0.0,-1.0,100.0,100.5,100.5,101.0,6771.0,10109.0,1041.0,78318.0,False,False
2317,2022-11-08 09:54:01.968438,0.0,-0.00990099009900991,0.0,-1.0,100.0,100.5,100.5,101.0,6772.0,10109.0,1041.0,78318.0,False,False
2317,2022-11-08 09:54:02.119369,0.0,-0.00990099009900991,0.0,-1.0,100.0,100.5,100.5,101.0,6772.0,10084.0,1041.0,78318.0,False,False
2317,2022-11-08 09:54:02.154744,0.0,-0.00990099009900991,0.0,-1.0,100.0,100.5,100.5,101.0,6770.0,10084.0,1041.0,78318.0,False,False
2317,2022-11-08 09:54:02.154908,0.0,-0.00990099009900991,0.0,-1.0,100.0,100.5,100.5,101.0,6770.0,10106.0,1041.0,78318.0,False,False
2317,2022-11-08 09:54:02.334525,0.0,-0.00990099009900991,0.0,-1.0,100.0,100.5,100.5,101.0,6770.0,10107.0,1041.0,78318.0,False,False
2317,2022-11-08 09:54:02.451087,0.0,-0.00990099009900991,0.0,-1.0,100.0,100.5,100.5,101.0,6771.0,10107.0,1041.0,78318.0,False,False
2317,2022-11-08 09:54:03.216244,0.0,-0.00990099009900991,0.0,-1.0,100.0,100.5,100.5,101.0,6770.0,10107.0,1041.0,78318.0,False,False
2317,2022-11-08 09:54:03.888126,0.0,-0.00990099009900991,0.0,-1.0,100.0,100.5,100.5,101.0,6770.0,10107.0,144.0,78318.0,True,True
2317,2022-11-08 09:54:04.767771,0.0,-0.00990099009900991,0.0,-1.0,100.0,100.5,100.5,101.0,6770.0,10107.0,144.0,78318.0,False,False
2317,2022-11-08 09:54:04.801527,0.0,-0.00990099009900991,0.0,-1.0,100.0,100.5,100.5,101.0,6769.0,10107.0,144.0,78318.0,False,False
2317,2022-11-08 09:54:07.841799,0.0,-0.00990099009900991,0.0,-1.0,100.0,100.5,100.5,101.0,6770.0,10107.0,144.0,78318.0,False,False
2317,2022-11-08 09:54:08.984130,0.0,-0.00990099009900991,0.0,-1.0,100.0,100.5,100.5,101.0,6771.0,10107.0,144.0,78318.0,False,False
2317,2022-11-08 09:54:09.465497,0.0,-0.00990099009900991,0.0,-1.0,100.0,100.5,100.5,101.0,6772.0,10107.0,144.0,78318.0,False,False
2317,2022-11-08 09:54:09.550479,0.0,-0.00990099009900991,0.0,-1.0,100.0,100.5,100.5,101.0,6771.0,10098.0,144.0,78318.0,False,False
2317,2022-11-08 09:54:09.854033,0.0,-0.00990099009900991,0.0,-1.0,100.0,100.5,100.5,101.0,6773.0,10098.0,144.0,78318.0,False,False
2317,2022-11-08 09:54:10.052115,0.0,-0.00990099009900991,0.0,-1.0,100.0,100.5,100.5,101.0,6773.0,10099.0,144.0,78318.0,False,False
2317,2022-11-08 09:54:10.392946,0.0,-0.00990099009900991,0.0,-1.0,100.0,100.5,100.5,101.0,6773.0,10099.0,144.0,78318.0,False,False
2317,2022-11-08 09:54:11.093747,0.0,-0.00990099009900991,0.0,-1.0,100.0,100.5,100.5,101.0,6774.0,10099.0,144.0,78318.0,False,False
2317,2022-11-08 09:54:11.424534,0.0,-0.00990099009900991,0.0,-1.0,100.0,100.5,100.5,101.0,6780.0,10099.0,144.0,78318.0,False,False
2317,2022-11-08 09:54:12.224584,0.0,-0.00990099009900991,0.0,-1.0,100.0,100.5,100.5,101.0,6781.0,10099.0,144.0,78318.0,False,False
2317,2022-11-08 09:54:12.943744,0.0,-0.00990099009900991,0.0,-1.0,100.0,100.5,100.5,101.0,6781.0,10097.0,144.0,78318.0,False,False
2317,2022-11-08 09:54:13.921512,0.0,-0.00990099009900991,0.0,-1.0,100.0,100.5,100.5,101.0,6781.0,10097.0,228.0,78318.0,True,True
2317,2022-11-08 09:54:15.132438,0.0,-0.00990099009900991,0.0,-1.0,100.0,100.5,100.5,101.0,6781.0,10097.0,228.0,78318.0,False,False
2317,2022-11-08 09:54:15.227044,0.0,-0.00990099009900991,0.0,-1.0,100.0,100.5,100.5,101.0,6782.0,10097.0,228.0,78318.0,False,False
2317,2022-11-08 09:54:15.868763,0.0,-0.00990099009900991,0.0,-1.0,100.0,100.5,100.5,101.0,6782.0,10097.0,228.0,78318.0,False,False
2317,2022-11-08 09:54:16.420141,0.0,-0.00990099009900991,0.0,-1.0,100.0,100.5,100.5,101.0,6782.0,10096.0,228.0,78318.0,False,False
2317,2022-11-08 09:54:16.582170,0.0,-0.00990099009900991,0.0,-1.0,100.0,100.5,100.5,101.0,6782.0,10105.0,228.0,78318.0,False,False
2317,2022-11-08 09:54:16.717251,0.0,-0.00990099009900991,0.0,-1.0,100.0,100.5,100.5,101.0,6782.0,10096.0,228.0,78318.0,False,False
2317,2022-11-08 09:54:16.835985,0.0,-0.00990099009900991,0.0,-1.0,100.0,100.5,100.5,101.0,6782.0,10096.0,228.0,78318.0,False,False
2317,2022-11-08 09:54:18.337331,0.0,-0.00990099009900991,0.0,-1.0,100.0,100.5,100.5,101.0,6780.0,10096.0,228.0,78318.0,False,False
2317,2022-11-08 09:54:18.384734,0.0,-0.00990099009900991,0.0,-1.0,100.0,100.5,100.5,101.0,6779.0,10096.0,228.0,78318.0,False,False
2317,2022-11-08 09:54:18.445426,0.0,-0.00990099009900991,0.0,-1.0,100.0,100.5,100.5,101.0,6779.0,10105.0,228.0,78318.0,False,False
2317,2022-11-08 09:54:18.610361,0.0,-0.00990099009900991,0.0,-1.0,100.0,100.5,100.5,101.0,6777.0,10105.0,228.0,78318.0,False,False
2317,2022-11-08 09:54:18.718285,0.0,-0.00990099009900991,0.0,-1.0,100.0,100.5,100.5,101.0,6776.0,10105.0,228.0,78318.0,False,False
2317,2022-11-08 09:54:18.726936,0.0,-0.00990099009900991,0.0,-1.0,100.0,100.5,100.5,101.0,6774.0,10105.0,228.0,78318.0,False,False
2317,2022-11-08 09:54:19.073355,0.0,-0.00990099009900991,0.0,-1.0,100.0,100.5,100.5,101.0,6776.0,10105.0,228.0,78318.0,False,False
2317,2022-11-08 09:54:19.276812,0.0,-0.00990099009900991,0.0,-1.0,100.0,100.5,100.5,101.0,6778.0,10105.0,228.0,78318.0,False,False
2317,2022-11-08 09:54:19.718827,0.0,-0.00990099009900991,0.0,-1.0,100.0,100.5,100.5,101.0,6778.0,10105.0,228.0,78318.0,False,False
2317,2022-11-08 09:54:20.130258,0.0,-0.00990099009900991,0.0,-1.0,100.0,100.5,100.5,101.0,6778.0,10105.0,228.0,78318.0,False,False
2317,2022-11-08 09:54:21.051958,0.0,-0.00990099009900991,0.0,-1.0,100.0,100.5,100.5,101.0,6778.0,10105.0,228.0,78318.0,False,False
2317,2022-11-08 09:54:21.235332,0.0,-0.00990099009900991,0.0,-1.0,100.0,100.5,100.5,101.0,6778.0,10104.0,228.0,78318.0,False,False
2317,2022-11-08 09:54:21.307398,0.0,-0.00990099009900991,0.0,-1.0,100.0,100.5,100.5,101.0,6780.0,10104.0,228.0,78318.0,False,False
2317,2022-11-08 09:54:21.527553,0.0,-0.00990099009900991,0.0,-1.0,100.0,100.5,100.5,101.0,6780.0,10108.0,228.0,78318.0,False,False
2317,2022-11-08 09:54:21.655286,0.0,-0.00990099009900991,0.0,-1.0,100.0,100.5,100.5,101.0,6777.0,10108.0,228.0,78318.0,False,False
2317,2022-11-08 09:54:22.017889,0.0,-0.00990099009900991,0.0,-1.0,100.0,100.5,100.5,101.0,6777.0,10107.0,228.0,78318.0,False,False
2317,2022-11-08 09:54:22.831382,0.0,-0.00990099009900991,0.0,-1.0,100.0,100.5,100.5,101.0,6778.0,10107.0,228.0,78318.0,False,False
2317,2022-11-08 09:54:23.318013,0.0,-0.00990099009900991,0.0,-1.0,100.0,100.5,100.5,101.0,6778.0,10107.0,228.0,78318.0,False,False
2317,2022-11-08 09:54:23.361935,0.0,-0.00990099009900991,0.0,-1.0,100.0,100.5,100.5,101.0,6778.0,10107.0,228.0,78318.0,False,False
2317,2022-11-08 09:54:23.624047,0.0,-0.00990099009900991,0.0,-1.0,100.0,100.5,100.5,101.0,6778.0,10108.0,228.0,78318.0,False,False
2317,2022-11-08 09:54:23.949954,-0.00497512437810943,-0.00497512437810943,-0.5,-0.5,100.0,100.5,100.0,100.5,6778.0,10108.0,271774.0,538.0,True,True
2317,2022-11-08 09:54:24.211218,-0.00497512437810943,-0.00497512437810943,-0.5,-0.5,100.0,100.5,100.0,100.5,6778.0,10109.0,271774.0,538.0,False,False
2317,2022-11-08 09:54:24.387549,-0.00497512437810943,-0.00497512437810943,-0.5,-0.5,100.0,100.5,100.0,100.5,6777.0,10109.0,271774.0,538.0,False,False
2317,2022-11-08 09:54:24.474449,-0.00497512437810943,-0.00497512437810943,-0.5,-0.5,100.0,100.5,100.0,100.5,6777.0,10109.0,271774.0,538.0,False,False
2317,2022-11-08 09:54:25.732780,-0.00497512437810943,-0.00497512437810943,-0.5,-0.5,100.0,100.5,100.0,100.5,6777.0,10110.0,271774.0,538.0,False,False
2317,2022-11-08 09:54:25.818917,-0.00497512437810943,-0.00497512437810943,-0.5,-0.5,100.0,100.5,100.0,100.5,6776.0,10110.0,271774.0,538.0,False,False
2317,2022-11-08 09:54:26.084296,-0.00497512437810943,-0.00497512437810943,-0.5,-0.5,100.0,100.5,100.0,100.5,6776.0,10110.0,271774.0,538.0,False,False
2317,2022-11-08 09:54:27.032569,-0.00497512437810943,-0.00497512437810943,-0.5,-0.5,100.0,100.5,100.0,100.5,6776.0,10109.0,271774.0,538.0,False,False
2317,2022-11-08 09:54:27.844519,-0.00497512437810943,-0.00497512437810943,-0.5,-0.5,100.0,100.5,100.0,100.5,6776.0,10108.0,271774.0,538.0,False,False
2317,2022-11-08 09:54:27.954162,-0.00497512437810943,-0.00497512437810943,-0.5,-0.5,100.0,100.5,100.0,100.5,6777.0,10108.0,271774.0,538.0,False,False
2317,2022-11-08 09:54:28.754390,-0.00497512437810943,-0.00497512437810943,-0.5,-0.5,100.0,100.5,100.0,100.5,6778.0,10108.0,271774.0,538.0,False,False
2317,2022-11-08 09:54:30.247655,-0.00497512437810943,-0.00497512437810943,-0.5,-0.5,100.0,100.5,100.0,100.5,6765.0,10095.0,271774.0,538.0,False,False
2317,2022-11-08 09:54:30.998341,-0.00497512437810943,-0.00497512437810943,-0.5,-0.5,100.0,100.5,100.0,100.5,6765.0,10086.0,271774.0,538.0,False,False
2317,2022-11-08 09:54:32.579469,-0.00497512437810943,-0.00497512437810943,-0.5,-0.5,100.0,100.5,100.0,100.5,6766.0,10086.0,271774.0,538.0,False,False
2317,2022-11-08 09:54:32.662509,-0.00497512437810943,-0.00497512437810943,-0.5,-0.5,100.0,100.5,100.0,100.5,6766.0,10085.0,271774.0,538.0,False,False
2317,2022-11-08 09:54:33.638988,-0.00497512437810943,-0.00497512437810943,-0.5,-0.5,100.0,100.5,100.0,100.5,6766.0,10084.0,271774.0,538.0,False,False
2317,2022-11-08 09:54:33.978041,-0.00497512437810943,-0.00497512437810943,-0.5,-0.5,100.0,100.5,100.0,100.5,6766.0,10084.0,271414.0,85.0,True,True
2317,2022-11-08 09:54:34.756514,-0.00497512437810943,-0.00497512437810943,-0.5,-0.5,100.0,100.5,100.0,100.5,6761.0,10084.0,271414.0,85.0,False,False
2317,2022-11-08 09:54:35.830577,-0.00497512437810943,-0.00497512437810943,-0.5,-0.5,100.0,100.5,100.0,100.5,6760.0,10084.0,271414.0,85.0,False,False
2317,2022-11-08 09:54:36.032088,-0.00497512437810943,-0.00497512437810943,-0.5,-0.5,100.0,100.5,100.0,100.5,6760.0,10085.0,271414.0,85.0,False,False
2317,2022-11-08 09:54:37.499492,-0.00497512437810943,-0.00497512437810943,-0.5,-0.5,100.0,100.5,100.0,100.5,6759.0,10085.0,271414.0,85.0,False,False
2317,2022-11-08 09:54:39.206760,-0.00497512437810943,-0.00497512437810943,-0.5,-0.5,100.0,100.5,100.0,100.5,6761.0,10085.0,271414.0,85.0,False,False
2317,2022-11-08 09:54:39.255277,-0.00497512437810943,-0.00497512437810943,-0.5,-0.5,100.0,100.5,100.0,100.5,6761.0,10085.0,271414.0,85.0,False,False
2317,2022-11-08 09:54:39.895453,-0.00497512437810943,-0.00497512437810943,-0.5,-0.5,100.0,100.5,100.0,100.5,6760.0,10085.0,271414.0,85.0,False,False
2317,2022-11-08 09:54:41.448701,-0.00497512437810943,-0.00497512437810943,-0.5,-0.5,100.0,100.5,100.0,100.5,6758.0,10085.0,271414.0,85.0,False,False
2317,2022-11-08 09:54:41.486670,-0.00497512437810943,-0.00497512437810943,-0.5,-0.5,100.0,100.5,100.0,100.5,6761.0,10085.0,271414.0,85.0,False,False
2317,2022-11-08 09:54:41.761351,-0.00497512437810943,-0.00497512437810943,-0.5,-0.5,100.0,100.5,100.0,100.5,6761.0,10086.0,271414.0,85.0,False,False
2317,2022-11-08 09:54:41.766858,-0.00497512437810943,-0.00497512437810943,-0.5,-0.5,100.0,100.5,100.0,100.5,6762.0,10086.0,271414.0,85.0,False,False
2317,2022-11-08 09:54:43.276952,-0.00497512437810943,-0.00497512437810943,-0.5,-0.5,100.0,100.5,100.0,100.5,6762.0,10089.0,271414.0,85.0,False,False
2317,2022-11-08 09:54:43.707993,-0.00497512437810943,-0.00497512437810943,-0.5,-0.5,100.0,100.5,100.0,100.5,6762.0,10089.0,271414.0,85.0,False,False
2317,2022-11-08 09:54:44.009185,0.0,-0.00990099009900991,0.0,-1.0,100.0,100.5,100.5,101.0,6762.0,10089.0,115.0,78318.0,True,True
2317,2022-11-08 09:54:45.457142,0.0,-0.00990099009900991,0.0,-1.0,100.0,100.5,100.5,101.0,6762.0,10089.0,115.0,78318.0,False,False
2317,2022-11-08 09:54:45.863808,0.0,-0.00990099009900991,0.0,-1.0,100.0,100.5,100.5,101.0,6759.0,10089.0,115.0,78318.0,False,False
2317,2022-11-08 09:54:45.962344,0.0,-0.00990099009900991,0.0,-1.0,100.0,100.5,100.5,101.0,6753.0,10088.0,115.0,78318.0,False,False
2317,2022-11-08 09:54:45.934210,0.0,-0.00990099009900991,0.0,-1.0,100.0,100.5,100.5,101.0,6754.0,10089.0,115.0,78318.0,False,False
2317,2022-11-08 09:54:46.071832,0.0,-0.00990099009900991,0.0,-1.0,100.0,100.5,100.5,101.0,6753.0,10089.0,115.0,78318.0,False,False
2317,2022-11-08 09:54:46.113412,0.0,-0.00990099009900991,0.0,-1.0,100.0,100.5,100.5,101.0,6756.0,10089.0,115.0,78318.0,False,False
2317,2022-11-08 09:54:46.613121,0.0,-0.00990099009900991,0.0,-1.0,100.0,100.5,100.5,101.0,6756.0,10089.0,115.0,78318.0,False,False
2317,2022-11-08 09:54:47.272006,0.0,-0.00990099009900991,0.0,-1.0,100.0,100.5,100.5,101.0,6756.0,10089.0,115.0,78318.0,False,False
2317,2022-11-08 09:54:47.631730,0.0,-0.00990099009900991,0.0,-1.0,100.0,100.5,100.5,101.0,6756.0,10088.0,115.0,78318.0,False,False
2317,2022-11-08 09:54:48.893035,0.0,-0.00990099009900991,0.0,-1.0,100.0,100.5,100.5,101.0,6757.0,10088.0,115.0,78318.0,False,False
2317,2022-11-08 09:54:49.649163,0.0,-0.00990099009900991,0.0,-1.0,100.0,100.5,100.5,101.0,6757.0,10085.0,115.0,78318.0,False,False
2317,2022-11-08 09:54:50.426093,0.0,-0.00990099009900991,0.0,-1.0,100.0,100.5,100.5,101.0,6759.0,10085.0,115.0,78318.0,False,False
2317,2022-11-08 09:54:51.143950,0.0,-0.00990099009900991,0.0,-1.0,100.0,100.5,100.5,101.0,6760.0,10085.0,115.0,78318.0,False,False
2317,2022-11-08 09:54:51.449015,0.0,-0.00990099009900991,0.0,-1.0,100.0,100.5,100.5,101.0,6760.0,10086.0,115.0,78318.0,False,False
2317,2022-11-08 09:54:51.449402,0.0,-0.00990099009900991,0.0,-1.0,100.0,100.5,100.5,101.0,6759.0,10086.0,115.0,78318.0,False,False
2317,2022-11-08 09:54:51.755599,0.0,-0.00990099009900991,0.0,-1.0,100.0,100.5,100.5,101.0,6761.0,10086.0,115.0,78318.0,False,False
2317,2022-11-08 09:54:52.201312,0.0,-0.00990099009900991,0.0,-1.0,100.0,100.5,100.5,101.0,6761.0,10084.0,115.0,78318.0,False,False
2317,2022-11-08 09:54:52.739400,0.0,-0.00990099009900991,0.0,-1.0,100.0,100.5,100.5,101.0,6762.0,10084.0,115.0,78318.0,False,False
2317,2022-11-08 09:54:53.166940,0.0,-0.00990099009900991,0.0,-1.0,100.0,100.5,100.5,101.0,6762.0,10084.0,115.0,78318.0,False,False
2317,2022-11-08 09:54:53.279083,0.0,-0.00990099009900991,0.0,-1.0,100.0,100.5,100.5,101.0,6765.0,10084.0,115.0,78318.0,False,False
2317,2022-11-08 09:54:53.620007,0.0,-0.00990099009900991,0.0,-1.0,100.0,100.5,100.5,101.0,6766.0,10084.0,115.0,78318.0,False,False
2317,2022-11-08 09:54:54.045450,0.0,-0.00990099009900991,0.0,-1.0,100.0,100.5,100.5,101.0,6766.0,10084.0,215.0,78318.0,True,True
2317,2022-11-08 09:54:56.852026,0.0,-0.00990099009900991,0.0,-1.0,100.0,100.5,100.5,101.0,6764.0,10084.0,215.0,78318.0,False,False
2317,2022-11-08 09:54:57.129174,0.0,-0.00990099009900991,0.0,-1.0,100.0,100.5,100.5,101.0,6764.0,10086.0,215.0,78318.0,False,False
2317,2022-11-08 09:54:57.165527,0.0,-0.00990099009900991,0.0,-1.0,100.0,100.5,100.5,101.0,6763.0,10086.0,215.0,78318.0,False,False
2317,2022-11-08 09:54:57.263399,0.0,-0.00990099009900991,0.0,-1.0,100.0,100.5,100.5,101.0,6763.0,10086.0,215.0,78318.0,False,False
2317,2022-11-08 09:54:57.884313,0.0,-0.00990099009900991,0.0,-1.0,100.0,100.5,100.5,101.0,6763.0,10086.0,215.0,78318.0,False,False
2317,2022-11-08 09:54:58.294805,0.0,-0.00990099009900991,0.0,-1.0,100.0,100.5,100.5,101.0,6765.0,10086.0,215.0,78318.0,False,False
2317,2022-11-08 09:54:58.976295,0.0,-0.00990099009900991,0.0,-1.0,100.0,100.5,100.5,101.0,6765.0,10086.0,215.0,78318.0,False,False
2317,2022-11-08 09:55:00.976626,0.0,-0.00990099009900991,0.0,-1.0,100.0,100.5,100.5,101.0,6764.0,10086.0,215.0,78318.0,False,False
2317,2022-11-08 09:55:01.545657,0.0,-0.00990099009900991,0.0,-1.0,100.0,100.5,100.5,101.0,6763.0,10086.0,215.0,78318.0,False,False
2317,2022-11-08 09:55:02.062079,0.0,-0.00990099009900991,0.0,-1.0,100.0,100.5,100.5,101.0,6763.0,10086.0,215.0,78318.0,False,False
2317,2022-11-08 09:55:02.933436,0.0,-0.00990099009900991,0.0,-1.0,100.0,100.5,100.5,101.0,6763.0,10086.0,215.0,78318.0,False,False
2317,2022-11-08 09:55:03.312260,0.0,-0.00990099009900991,0.0,-1.0,100.0,100.5,100.5,101.0,6760.0,10086.0,215.0,78318.0,False,False
2317,2022-11-08 09:55:03.838459,0.0,-0.00990099009900991,0.0,-1.0,100.0,100.5,100.5,101.0,6761.0,10086.0,215.0,78318.0,False,False
2317,2022-11-08 09:55:03.673370,0.0,-0.00990099009900991,0.0,-1.0,100.0,100.5,100.5,101.0,6761.0,10086.0,1115.0,59437.0,False,True
2317,2022-11-08 09:55:05.068281,0.0,-0.00990099009900991,0.0,-1.0,100.0,100.5,100.5,101.0,6762.0,10086.0,1115.0,59437.0,False,False
2317,2022-11-08 09:55:05.593246,0.0,-0.00990099009900991,0.0,-1.0,100.0,100.5,100.5,101.0,6762.0,10086.0,1115.0,59437.0,False,False
2317,2022-11-08 09:55:05.634750,0.0,-0.00990099009900991,0.0,-1.0,100.0,100.5,100.5,101.0,6763.0,10086.0,1115.0,59437.0,False,False
2317,2022-11-08 09:55:07.168920,0.0,-0.00990099009900991,0.0,-1.0,100.0,100.5,100.5,101.0,6764.0,10086.0,1115.0,59437.0,False,False
2317,2022-11-08 09:55:07.402415,0.0,-0.00990099009900991,0.0,-1.0,100.0,100.5,100.5,101.0,6765.0,10086.0,1115.0,59437.0,False,False
2317,2022-11-08 09:55:08.182843,0.0,-0.00990099009900991,0.0,-1.0,100.0,100.5,100.5,101.0,6764.0,10086.0,1115.0,59437.0,False,False
2317,2022-11-08 09:55:08.873459,0.0,-0.00990099009900991,0.0,-1.0,100.0,100.5,100.5,101.0,6764.0,10087.0,1115.0,59437.0,False,False
2317,2022-11-08 09:55:09.289865,0.0,-0.00990099009900991,0.0,-1.0,100.0,100.5,100.5,101.0,6765.0,10087.0,1115.0,59437.0,False,False
2317,2022-11-08 09:55:10.360117,0.0,-0.00990099009900991,0.0,-1.0,100.0,100.5,100.5,101.0,6765.0,10063.0,1115.0,59437.0,False,False
2317,2022-11-08 09:55:10.395421,0.0,-0.00990099009900991,0.0,-1.0,100.0,100.5,100.5,101.0,6763.0,10083.0,1115.0,59437.0,False,False
2317,2022-11-08 09:55:10.395332,0.0,-0.00990099009900991,0.0,-1.0,100.0,100.5,100.5,101.0,6765.0,10083.0,1115.0,59437.0,False,False
2317,2022-11-08 09:55:10.669730,0.0,-0.00990099009900991,0.0,-1.0,100.0,100.5,100.5,101.0,6762.0,10083.0,1115.0,59437.0,False,False
2317,2022-11-08 09:55:11.548624,0.0,-0.00990099009900991,0.0,-1.0,100.0,100.5,100.5,101.0,6763.0,10083.0,1115.0,59437.0,False,False
2317,2022-11-08 09:55:11.976561,0.0,-0.00990099009900991,0.0,-1.0,100.0,100.5,100.5,101.0,6759.0,10083.0,1115.0,59437.0,False,False
2317,2022-11-08 09:55:13.192739,0.0,-0.00990099009900991,0.0,-1.0,100.0,100.5,100.5,101.0,6758.0,10083.0,1115.0,59437.0,False,False
2317,2022-11-08 09:55:13.196470,0.0,-0.00990099009900991,0.0,-1.0,100.0,100.5,100.5,101.0,6757.0,10083.0,1115.0,59437.0,False,False
2317,2022-11-08 09:55:13.943384,0.0,-0.00990099009900991,0.0,-1.0,100.0,100.5,100.5,101.0,6755.0,10083.0,1115.0,59437.0,False,False
2317,2022-11-08 09:55:13.725348,0.0,-0.00990099009900991,0.0,-1.0,100.0,100.5,100.5,101.0,6755.0,10083.0,1183.0,78318.0,True,True
2317,2022-11-08 09:55:13.995658,0.0,-0.00990099009900991,0.0,-1.0,100.0,100.5,100.5,101.0,6754.0,10083.0,1183.0,78318.0,False,False
2317,2022-11-08 09:55:14.206582,0.0,-0.00990099009900991,0.0,-1.0,100.0,100.5,100.5,101.0,6753.0,10083.0,1183.0,78318.0,False,False
2317,2022-11-08 09:55:14.468137,0.0,-0.00990099009900991,0.0,-1.0,100.0,100.5,100.5,101.0,6754.0,10083.0,1183.0,78318.0,False,False
2317,2022-11-08 09:55:14.529761,0.0,-0.00990099009900991,0.0,-1.0,100.0,100.5,100.5,101.0,6755.0,10083.0,1183.0,78318.0,False,False
2317,2022-11-08 09:55:15.733189,0.0,-0.00990099009900991,0.0,-1.0,100.0,100.5,100.5,101.0,6756.0,10083.0,1183.0,78318.0,False,False
2317,2022-11-08 09:55:16.092499,0.0,-0.00990099009900991,0.0,-1.0,100.0,100.5,100.5,101.0,6756.0,10082.0,1183.0,78318.0,False,False
2317,2022-11-08 09:55:16.603535,0.0,-0.00990099009900991,0.0,-1.0,100.0,100.5,100.5,101.0,6756.0,10082.0,1183.0,78318.0,False,False
2317,2022-11-08 09:55:17.164099,0.0,-0.00990099009900991,0.0,-1.0,100.0,100.5,100.5,101.0,6757.0,10082.0,1183.0,78318.0,False,False
2317,2022-11-08 09:55:18.467931,0.0,-0.00990099009900991,0.0,-1.0,100.0,100.5,100.5,101.0,6757.0,10085.0,1183.0,78318.0,False,False
2317,2022-11-08 09:55:19.828142,0.0,-0.00990099009900991,0.0,-1.0,100.0,100.5,100.5,101.0,6759.0,10085.0,1183.0,78318.0,False,False
2317,2022-11-08 09:55:20.068824,0.0,-0.00990099009900991,0.0,-1.0,100.0,100.5,100.5,101.0,6759.0,10086.0,1183.0,78318.0,False,False
2317,2022-11-08 09:55:20.407607,0.0,-0.00990099009900991,0.0,-1.0,100.0,100.5,100.5,101.0,6759.0,10085.0,1183.0,78318.0,False,False
2317,2022-11-08 09:55:20.569611,0.0,-0.00990099009900991,0.0,-1.0,100.0,100.5,100.5,101.0,6759.0,10094.0,1183.0,78318.0,False,False
2317,2022-11-08 09:55:20.763066,0.0,-0.00990099009900991,0.0,-1.0,100.0,100.5,100.5,101.0,6759.0,10094.0,1183.0,78318.0,False,False
2317,2022-11-08 09:55:20.974962,0.0,-0.00990099009900991,0.0,-1.0,100.0,100.5,100.5,101.0,6759.0,10096.0,1183.0,78318.0,False,False
2317,2022-11-08 09:55:21.052113,0.0,-0.00990099009900991,0.0,-1.0,100.0,100.5,100.5,101.0,6757.0,10096.0,1183.0,78318.0,False,False
2317,2022-11-08 09:55:22.001610,0.0,-0.00990099009900991,0.0,-1.0,100.0,100.5,100.5,101.0,6757.0,10096.0,1183.0,78318.0,False,False
2317,2022-11-08 09:55:22.871902,0.0,-0.00990099009900991,0.0,-1.0,100.0,100.5,100.5,101.0,6757.0,10101.0,1183.0,78318.0,False,False
2317,2022-11-08 09:55:22.899423,0.0,-0.00990099009900991,0.0,-1.0,100.0,100.5,100.5,101.0,6760.0,10101.0,1183.0,78318.0,False,False
2317,2022-11-08 09:55:23.832657,-0.00497512437810943,-0.00497512437810943,-0.5,-0.5,100.0,100.5,100.0,100.5,6760.0,10101.0,273252.0,745.0,True,True
2317,2022-11-08 09:55:25.016239,-0.00497512437810943,-0.00497512437810943,-0.5,-0.5,100.0,100.5,100.0,100.5,6759.0,10101.0,273252.0,745.0,False,False
2317,2022-11-08 09:55:25.664917,-0.00497512437810943,-0.00497512437810943,-0.5,-0.5,100.0,100.5,100.0,100.5,6749.0,10101.0,273252.0,745.0,False,False
2317,2022-11-08 09:55:27.173353,-0.00497512437810943,-0.00497512437810943,-0.5,-0.5,100.0,100.5,100.0,100.5,6749.0,10101.0,273252.0,745.0,False,False
2317,2022-11-08 09:55:27.592967,-0.00497512437810943,-0.00497512437810943,-0.5,-0.5,100.0,100.5,100.0,100.5,6749.0,10092.0,273252.0,745.0,False,False
2317,2022-11-08 09:55:27.720882,-0.00497512437810943,-0.00497512437810943,-0.5,-0.5,100.0,100.5,100.0,100.5,6748.0,10092.0,273252.0,745.0,False,False
2317,2022-11-08 09:55:28.069971,-0.00497512437810943,-0.00497512437810943,-0.5,-0.5,100.0,100.5,100.0,100.5,6748.0,10093.0,273252.0,745.0,False,False
2317,2022-11-08 09:55:29.634141,-0.00497512437810943,-0.00497512437810943,-0.5,-0.5,100.0,100.5,100.0,100.5,6747.0,10093.0,273252.0,745.0,False,False
2317,2022-11-08 09:55:30.260304,-0.00497512437810943,-0.00497512437810943,-0.5,-0.5,100.0,100.5,100.0,100.5,6747.0,10093.0,273252.0,745.0,False,False
2317,2022-11-08 09:55:32.318479,-0.00497512437810943,-0.00497512437810943,-0.5,-0.5,100.0,100.5,100.0,100.5,6747.0,10094.0,273252.0,745.0,False,False
2317,2022-11-08 09:55:32.359516,-0.00497512437810943,-0.00497512437810943,-0.5,-0.5,100.0,100.5,100.0,100.5,6744.0,10094.0,273252.0,745.0,False,False
2317,2022-11-08 09:55:32.400001,-0.00497512437810943,-0.00497512437810943,-0.5,-0.5,100.0,100.5,100.0,100.5,6748.0,10094.0,273252.0,745.0,False,False
2317,2022-11-08 09:55:32.777996,-0.00497512437810943,-0.00497512437810943,-0.5,-0.5,100.0,100.5,100.0,100.5,6749.0,10094.0,273252.0,745.0,False,False
2317,2022-11-08 09:55:33.907291,0.0,-0.00990099009900991,0.0,-1.0,100.0,100.5,100.5,101.0,6749.0,10094.0,105.0,78418.0,True,True
2317,2022-11-08 09:55:33.960185,0.0,-0.00990099009900991,0.0,-1.0,100.0,100.5,100.5,101.0,6749.0,10095.0,105.0,78418.0,False,False
2317,2022-11-08 09:55:34.075188,0.0,-0.00990099009900991,0.0,-1.0,100.0,100.5,100.5,101.0,6749.0,10095.0,105.0,78418.0,False,False
2317,2022-11-08 09:55:34.701368,0.0,-0.00990099009900991,0.0,-1.0,100.0,100.5,100.5,101.0,6752.0,10095.0,105.0,78418.0,False,False
2317,2022-11-08 09:55:35.471516,0.0,-0.00990099009900991,0.0,-1.0,100.0,100.5,100.5,101.0,6752.0,10095.0,105.0,78418.0,False,False
2317,2022-11-08 09:55:37.064379,0.0,-0.00990099009900991,0.0,-1.0,100.0,100.5,100.5,101.0,6754.0,10095.0,105.0,78418.0,False,False
2317,2022-11-08 09:55:37.900490,0.0,-0.00990099009900991,0.0,-1.0,100.0,100.5,100.5,101.0,6753.0,10095.0,105.0,78418.0,False,False
2317,2022-11-08 09:55:38.389600,0.0,-0.00990099009900991,0.0,-1.0,100.0,100.5,100.5,101.0,6754.0,10095.0,105.0,78418.0,False,False
2317,2022-11-08 09:55:39.361721,0.0,-0.00990099009900991,0.0,-1.0,100.0,100.5,100.5,101.0,6756.0,10095.0,105.0,78418.0,False,False
2317,2022-11-08 09:55:39.482613,0.0,-0.00990099009900991,0.0,-1.0,100.0,100.5,100.5,101.0,6756.0,10093.0,105.0,78418.0,False,False
2317,2022-11-08 09:55:39.649763,0.0,-0.00990099009900991,0.0,-1.0,100.0,100.5,100.5,101.0,6756.0,10093.0,105.0,78418.0,False,False
2317,2022-11-08 09:55:39.968077,0.0,-0.00990099009900991,0.0,-1.0,100.0,100.5,100.5,101.0,6758.0,10093.0,105.0,78418.0,False,False
2317,2022-11-08 09:55:41.849023,0.0,-0.00990099009900991,0.0,-1.0,100.0,100.5,100.5,101.0,6758.0,10102.0,105.0,78418.0,False,False
2317,2022-11-08 09:55:42.560931,0.0,-0.00990099009900991,0.0,-1.0,100.0,100.5,100.5,101.0,6758.0,10102.0,105.0,78418.0,False,False
2317,2022-11-08 09:55:43.692627,0.0,-0.00990099009900991,0.0,-1.0,100.0,100.5,100.5,101.0,6758.0,10102.0,105.0,78418.0,False,False
2317,2022-11-08 09:55:43.967335,0.0,-0.00990099009900991,0.0,-1.0,100.0,100.5,100.5,101.0,6758.0,10102.0,415.0,78418.0,True,True
2317,2022-11-08 09:55:44.273943,0.0,-0.00990099009900991,0.0,-1.0,100.0,100.5,100.5,101.0,6758.0,10102.0,415.0,78418.0,False,False
2317,2022-11-08 09:55:45.214674,0.0,-0.00990099009900991,0.0,-1.0,100.0,100.5,100.5,101.0,6758.0,10102.0,415.0,78418.0,False,False
2317,2022-11-08 09:55:45.618500,0.0,-0.00990099009900991,0.0,-1.0,100.0,100.5,100.5,101.0,6759.0,10102.0,415.0,78418.0,False,False
2317,2022-11-08 09:55:46.326593,0.0,-0.00990099009900991,0.0,-1.0,100.0,100.5,100.5,101.0,6760.0,10102.0,415.0,78418.0,False,False
2317,2022-11-08 09:55:46.405714,0.0,-0.00990099009900991,0.0,-1.0,100.0,100.5,100.5,101.0,6760.0,10100.0,415.0,78418.0,False,False
2317,2022-11-08 09:55:46.450792,0.0,-0.00990099009900991,0.0,-1.0,100.0,100.5,100.5,101.0,6761.0,10100.0,415.0,78418.0,False,False
2317,2022-11-08 09:55:46.822541,0.0,-0.00990099009900991,0.0,-1.0,100.0,100.5,100.5,101.0,6761.0,10091.0,415.0,78418.0,False,False
2317,2022-11-08 09:55:47.290009,0.0,-0.00990099009900991,0.0,-1.0,100.0,100.5,100.5,101.0,6762.0,10091.0,415.0,78418.0,False,False
2317,2022-11-08 09:55:47.509195,0.0,-0.00990099009900991,0.0,-1.0,100.0,100.5,100.5,101.0,6761.0,10091.0,415.0,78418.0,False,False
2317,2022-11-08 09:55:48.672374,0.0,-0.00990099009900991,0.0,-1.0,100.0,100.5,100.5,101.0,6761.0,10092.0,415.0,78418.0,False,False
2317,2022-11-08 09:55:49.504915,0.0,-0.00990099009900991,0.0,-1.0,100.0,100.5,100.5,101.0,6763.0,10092.0,415.0,78418.0,False,False
2317,2022-11-08 09:55:49.957057,0.0,-0.00990099009900991,0.0,-1.0,100.0,100.5,100.5,101.0,6762.0,10091.0,415.0,78418.0,False,False
2317,2022-11-08 09:55:50.158638,0.0,-0.00990099009900991,0.0,-1.0,100.0,100.5,100.5,101.0,6762.0,10100.0,415.0,78418.0,False,False
2317,2022-11-08 09:55:50.272488,0.0,-0.00990099009900991,0.0,-1.0,100.0,100.5,100.5,101.0,6762.0,10100.0,415.0,78418.0,False,False
2317,2022-11-08 09:55:51.551527,0.0,-0.00990099009900991,0.0,-1.0,100.0,100.5,100.5,101.0,6762.0,10100.0,415.0,78418.0,False,False
2317,2022-11-08 09:55:53.020520,0.0,-0.00990099009900991,0.0,-1.0,100.0,100.5,100.5,101.0,6763.0,10100.0,415.0,78418.0,False,False
2317,2022-11-08 09:55:53.166978,0.0,-0.00990099009900991,0.0,-1.0,100.0,100.5,100.5,101.0,6764.0,10100.0,415.0,78418.0,False,False
2317,2022-11-08 09:55:53.397051,0.0,-0.00990099009900991,0.0,-1.0,100.0,100.5,100.5,101.0,6764.0,10101.0,415.0,78418.0,False,False
2317,2022-11-08 09:55:53.883289,0.0,-0.00990099009900991,0.0,-1.0,100.0,100.5,100.5,101.0,6766.0,10101.0,415.0,78418.0,False,False
2317,2022-11-08 09:55:54.018089,0.0,-0.00990099009900991,0.0,-1.0,100.0,100.5,100.5,101.0,6766.0,10101.0,415.0,78418.0,True,True
2317,2022-11-08 09:55:54.136361,0.0,-0.00990099009900991,0.0,-1.0,100.0,100.5,100.5,101.0,6767.0,10101.0,415.0,78418.0,False,False
2317,2022-11-08 09:55:54.157234,0.0,-0.00990099009900991,0.0,-1.0,100.0,100.5,100.5,101.0,6768.0,10101.0,415.0,78418.0,False,False
2317,2022-11-08 09:55:55.098902,0.0,-0.00990099009900991,0.0,-1.0,100.0,100.5,100.5,101.0,6768.0,9602.0,415.0,78418.0,False,False
2317,2022-11-08 09:55:55.144616,0.0,-0.00990099009900991,0.0,-1.0,100.0,100.5,100.5,101.0,6798.0,7576.0,415.0,78418.0,False,False
2317,2022-11-08 09:55:55.191278,0.0,-0.00990099009900991,0.0,-1.0,100.0,100.5,100.5,101.0,6798.0,7567.0,415.0,78418.0,False,False
2317,2022-11-08 09:55:55.449822,0.0,-0.00990099009900991,0.0,-1.0,100.0,100.5,100.5,101.0,6798.0,7566.0,415.0,78418.0,False,False
2317,2022-11-08 09:55:55.884391,0.0,-0.00990099009900991,0.0,-1.0,100.0,100.5,100.5,101.0,6803.0,7566.0,415.0,78418.0,False,False
2317,2022-11-08 09:55:56.186352,0.0,-0.00990099009900991,0.0,-1.0,100.0,100.5,100.5,101.0,6803.0,7566.0,415.0,78418.0,False,False
2317,2022-11-08 09:55:56.198898,0.0,-0.00990099009900991,0.0,-1.0,100.0,100.5,100.5,101.0,6803.0,7566.0,415.0,78418.0,False,False
2317,2022-11-08 09:55:56.557556,0.0,-0.00990099009900991,0.0,-1.0,100.0,100.5,100.5,101.0,6804.0,7566.0,415.0,78418.0,False,False
2317,2022-11-08 09:55:57.360661,0.0,-0.00990099009900991,0.0,-1.0,100.0,100.5,100.5,101.0,6802.0,7566.0,415.0,78418.0,False,False
2317,2022-11-08 09:55:58.528052,0.0,-0.00990099009900991,0.0,-1.0,100.0,100.5,100.5,101.0,6801.0,7566.0,415.0,78418.0,False,False
2317,2022-11-08 09:55:59.539234,0.0,-0.00990099009900991,0.0,-1.0,100.0,100.5,100.5,101.0,6796.0,7566.0,415.0,78418.0,False,False
2317,2022-11-08 09:55:59.552245,0.0,-0.00990099009900991,0.0,-1.0,100.0,100.5,100.5,101.0,6796.0,7526.0,415.0,78418.0,False,False
2317,2022-11-08 09:55:59.559411,0.0,-0.00990099009900991,0.0,-1.0,100.0,100.5,100.5,101.0,6756.0,7499.0,415.0,78418.0,False,False
2317,2022-11-08 09:55:59.555211,0.0,-0.00990099009900991,0.0,-1.0,100.0,100.5,100.5,101.0,6796.0,7499.0,415.0,78418.0,False,False
2317,2022-11-08 09:55:59.920514,0.0,-0.00990099009900991,0.0,-1.0,100.0,100.5,100.5,101.0,6757.0,7499.0,415.0,78418.0,False,False
2317,2022-11-08 09:56:00.151641,0.0,-0.00990099009900991,0.0,-1.0,100.0,100.5,100.5,101.0,6759.0,7499.0,415.0,78418.0,False,False
2317,2022-11-08 09:56:00.437899,0.0,-0.00990099009900991,0.0,-1.0,100.0,100.5,100.5,101.0,6759.0,7499.0,415.0,78418.0,False,False
2317,2022-11-08 09:56:00.652453,0.0,-0.00990099009900991,0.0,-1.0,100.0,100.5,100.5,101.0,6760.0,7499.0,415.0,78418.0,False,False
2317,2022-11-08 09:56:01.332549,0.0,-0.00990099009900991,0.0,-1.0,100.0,100.5,100.5,101.0,6760.0,7499.0,415.0,78418.0,False,False
2317,2022-11-08 09:56:01.497141,0.0,-0.00990099009900991,0.0,-1.0,100.0,100.5,100.5,101.0,6759.0,7499.0,415.0,78418.0,False,False
2317,2022-11-08 09:56:01.946537,0.0,-0.00990099009900991,0.0,-1.0,100.0,100.5,100.5,101.0,6760.0,7499.0,415.0,78418.0,False,False
2317,2022-11-08 09:56:02.525651,0.0,-0.00990099009900991,0.0,-1.0,100.0,100.5,100.5,101.0,6762.0,7499.0,415.0,78418.0,False,False
2317,2022-11-08 09:56:03.212124,0.0,-0.00990099009900991,0.0,-1.0,100.0,100.5,100.5,101.0,6762.0,7499.0,415.0,78418.0,False,False
2317,2022-11-08 09:56:03.431445,0.0,-0.00990099009900991,0.0,-1.0,100.0,100.5,100.5,101.0,6762.0,7496.0,415.0,78418.0,False,False
2317,2022-11-08 09:56:03.753302,0.0,-0.00990099009900991,0.0,-1.0,100.0,100.5,100.5,101.0,6763.0,7496.0,415.0,78418.0,False,False
2317,2022-11-08 09:56:03.989203,0.0,-0.00990099009900991,0.0,-1.0,100.0,100.5,100.5,101.0,6762.0,7496.0,415.0,78418.0,False,False
2317,2022-11-08 09:56:04.066127,0.0,-0.00990099009900991,0.0,-1.0,100.0,100.5,100.5,101.0,6762.0,7496.0,469.0,78419.0,True,True
2317,2022-11-08 09:56:05.668361,0.0,-0.00990099009900991,0.0,-1.0,100.0,100.5,100.5,101.0,6763.0,7496.0,469.0,78419.0,False,False
2317,2022-11-08 09:56:05.760569,0.0,-0.00990099009900991,0.0,-1.0,100.0,100.5,100.5,101.0,6760.0,7496.0,469.0,78419.0,False,False
2317,2022-11-08 09:56:05.960010,0.0,-0.00990099009900991,0.0,-1.0,100.0,100.5,100.5,101.0,6761.0,7496.0,469.0,78419.0,False,False
2317,2022-11-08 09:56:06.512786,0.0,-0.00990099009900991,0.0,-1.0,100.0,100.5,100.5,101.0,6761.0,7496.0,469.0,78419.0,False,False
2317,2022-11-08 09:56:06.690216,0.0,-0.00990099009900991,0.0,-1.0,100.0,100.5,100.5,101.0,6761.0,7496.0,469.0,78419.0,False,False
2317,2022-11-08 09:56:08.106162,0.0,-0.00990099009900991,0.0,-1.0,100.0,100.5,100.5,101.0,6766.0,7496.0,469.0,78419.0,False,False
2317,2022-11-08 09:56:08.762554,0.0,-0.00990099009900991,0.0,-1.0,100.0,100.5,100.5,101.0,6765.0,7496.0,469.0,78419.0,False,False
2317,2022-11-08 09:56:08.793065,0.0,-0.00990099009900991,0.0,-1.0,100.0,100.5,100.5,101.0,6763.0,7496.0,469.0,78419.0,False,False
2317,2022-11-08 09:56:09.055748,0.0,-0.00990099009900991,0.0,-1.0,100.0,100.5,100.5,101.0,6764.0,7496.0,469.0,78419.0,False,False
2317,2022-11-08 09:56:09.814726,0.0,-0.00990099009900991,0.0,-1.0,100.0,100.5,100.5,101.0,6954.0,7496.0,469.0,78419.0,False,False
2317,2022-11-08 09:56:10.154359,0.0,-0.00990099009900991,0.0,-1.0,100.0,100.5,100.5,101.0,6955.0,7496.0,469.0,78419.0,False,False
2317,2022-11-08 09:56:10.908546,0.0,-0.00990099009900991,0.0,-1.0,100.0,100.5,100.5,101.0,6956.0,7496.0,469.0,78419.0,False,False
2317,2022-11-08 09:56:11.051907,0.0,-0.00990099009900991,0.0,-1.0,100.0,100.5,100.5,101.0,6958.0,7496.0,469.0,78419.0,False,False
2317,2022-11-08 09:56:11.640175,0.0,-0.00990099009900991,0.0,-1.0,100.0,100.5,100.5,101.0,6963.0,7496.0,469.0,78419.0,False,False
2317,2022-11-08 09:56:11.920558,0.0,-0.00990099009900991,0.0,-1.0,100.0,100.5,100.5,101.0,6963.0,7491.0,469.0,78419.0,False,False
2317,2022-11-08 09:56:11.920839,0.0,-0.00990099009900991,0.0,-1.0,100.0,100.5,100.5,101.0,6963.0,7482.0,469.0,78419.0,False,False
2317,2022-11-08 09:56:13.272936,0.0,-0.00990099009900991,0.0,-1.0,100.0,100.5,100.5,101.0,6964.0,7482.0,469.0,78419.0,False,False
2317,2022-11-08 09:56:14.110000,0.0,-0.00990099009900991,0.0,-1.0,100.0,100.5,100.5,101.0,6964.0,7482.0,989.0,78619.0,True,True
2317,2022-11-08 09:56:14.272835,0.0,-0.00990099009900991,0.0,-1.0,100.0,100.5,100.5,101.0,6974.0,7482.0,989.0,78619.0,False,False
2317,2022-11-08 09:56:15.696732,0.0,-0.00990099009900991,0.0,-1.0,100.0,100.5,100.5,101.0,6976.0,7482.0,989.0,78619.0,False,False
2317,2022-11-08 09:56:15.958855,0.0,-0.00990099009900991,0.0,-1.0,100.0,100.5,100.5,101.0,6976.0,7482.0,989.0,78619.0,False,False
2317,2022-11-08 09:56:16.185379,0.0,-0.00990099009900991,0.0,-1.0,100.0,100.5,100.5,101.0,6975.0,7481.0,989.0,78619.0,False,False
2317,2022-11-08 09:56:16.907807,0.0,-0.00990099009900991,0.0,-1.0,100.0,100.5,100.5,101.0,6975.0,7481.0,989.0,78619.0,False,False
2317,2022-11-08 09:56:16.966377,0.0,-0.00990099009900991,0.0,-1.0,100.0,100.5,100.5,101.0,6975.0,7481.0,989.0,78619.0,False,False
2317,2022-11-08 09:56:17.791711,0.0,-0.00990099009900991,0.0,-1.0,100.0,100.5,100.5,101.0,6785.0,7481.0,989.0,78619.0,False,False
2317,2022-11-08 09:56:17.930799,0.0,-0.00990099009900991,0.0,-1.0,100.0,100.5,100.5,101.0,6786.0,7481.0,989.0,78619.0,False,False
2317,2022-11-08 09:56:18.040120,0.0,-0.00990099009900991,0.0,-1.0,100.0,100.5,100.5,101.0,6781.0,7481.0,989.0,78619.0,False,False
2317,2022-11-08 09:56:18.191250,0.0,-0.00990099009900991,0.0,-1.0,100.0,100.5,100.5,101.0,6781.0,7484.0,989.0,78619.0,False,False
2317,2022-11-08 09:56:18.465776,0.0,-0.00990099009900991,0.0,-1.0,100.0,100.5,100.5,101.0,6751.0,7484.0,989.0,78619.0,False,False
2317,2022-11-08 09:56:18.596039,0.0,-0.00990099009900991,0.0,-1.0,100.0,100.5,100.5,101.0,6749.0,7484.0,989.0,78619.0,False,False
2317,2022-11-08 09:56:18.983480,0.0,-0.00990099009900991,0.0,-1.0,100.0,100.5,100.5,101.0,6749.0,7483.0,989.0,78619.0,False,False
2317,2022-11-08 09:56:20.731842,0.0,-0.00990099009900991,0.0,-1.0,100.0,100.5,100.5,101.0,6749.0,7484.0,989.0,78619.0,False,False
2317,2022-11-08 09:56:20.790776,0.0,-0.00990099009900991,0.0,-1.0,100.0,100.5,100.5,101.0,6750.0,7484.0,989.0,78619.0,False,False
2317,2022-11-08 09:56:21.836014,0.0,-0.00990099009900991,0.0,-1.0,100.0,100.5,100.5,101.0,6751.0,7484.0,989.0,78619.0,False,False
2317,2022-11-08 09:56:21.851636,0.0,-0.00990099009900991,0.0,-1.0,100.0,100.5,100.5,101.0,6749.0,7484.0,989.0,78619.0,False,False
2317,2022-11-08 09:56:24.151516,0.0,-0.00990099009900991,0.0,-1.0,100.0,100.5,100.5,101.0,6749.0,7484.0,1229.0,78619.0,True,True
2317,2022-11-08 09:56:27.094601,0.0,-0.00990099009900991,0.0,-1.0,100.0,100.5,100.5,101.0,6748.0,7484.0,1229.0,78619.0,False,False
2317,2022-11-08 09:56:27.133610,0.0,-0.00990099009900991,0.0,-1.0,100.0,100.5,100.5,101.0,6748.0,7484.0,1229.0,78619.0,False,False
2317,2022-11-08 09:56:28.036597,0.0,-0.00990099009900991,0.0,-1.0,100.0,100.5,100.5,101.0,6749.0,7484.0,1229.0,78619.0,False,False
2317,2022-11-08 09:56:29.247012,0.0,-0.00990099009900991,0.0,-1.0,100.0,100.5,100.5,101.0,6749.0,7484.0,1229.0,78619.0,False,False
2317,2022-11-08 09:56:29.362973,0.0,-0.00990099009900991,0.0,-1.0,100.0,100.5,100.5,101.0,6749.0,7514.0,1229.0,78619.0,False,False
2317,2022-11-08 09:56:31.369830,0.0,-0.00990099009900991,0.0,-1.0,100.0,100.5,100.5,101.0,6750.0,7514.0,1229.0,78619.0,False,False
2317,2022-11-08 09:56:31.407728,0.0,-0.00990099009900991,0.0,-1.0,100.0,100.5,100.5,101.0,6751.0,7514.0,1229.0,78619.0,False,False
2317,2022-11-08 09:56:31.708220,0.0,-0.00990099009900991,0.0,-1.0,100.0,100.5,100.5,101.0,6752.0,7514.0,1229.0,78619.0,False,False
2317,2022-11-08 09:56:32.376456,0.0,-0.00990099009900991,0.0,-1.0,100.0,100.5,100.5,101.0,6753.0,7514.0,1229.0,78619.0,False,False
2317,2022-11-08 09:56:32.780783,0.0,-0.00990099009900991,0.0,-1.0,100.0,100.5,100.5,101.0,6754.0,7514.0,1229.0,78619.0,False,False
2317,2022-11-08 09:56:33.021732,0.0,-0.00990099009900991,0.0,-1.0,100.0,100.5,100.5,101.0,6754.0,7514.0,1229.0,78619.0,False,False
2317,2022-11-08 09:56:33.053506,0.0,-0.00990099009900991,0.0,-1.0,100.0,100.5,100.5,101.0,6754.0,7484.0,1229.0,78619.0,False,False
2317,2022-11-08 09:56:33.305608,0.0,-0.00990099009900991,0.0,-1.0,100.0,100.5,100.5,101.0,6755.0,7484.0,1229.0,78619.0,False,False
2317,2022-11-08 09:56:33.457354,0.0,-0.00990099009900991,0.0,-1.0,100.0,100.5,100.5,101.0,6756.0,7484.0,1229.0,78619.0,False,False
2317,2022-11-08 09:56:34.190333,0.0,-0.00990099009900991,0.0,-1.0,100.0,100.5,100.5,101.0,6756.0,7484.0,1366.0,78619.0,True,True
2317,2022-11-08 09:56:35.115900,0.0,-0.00990099009900991,0.0,-1.0,100.0,100.5,100.5,101.0,6754.0,7484.0,1366.0,78619.0,False,False
2317,2022-11-08 09:56:35.144733,0.0,-0.00990099009900991,0.0,-1.0,100.0,100.5,100.5,101.0,6755.0,7484.0,1366.0,78619.0,False,False
2317,2022-11-08 09:56:36.337462,0.0,-0.00990099009900991,0.0,-1.0,100.0,100.5,100.5,101.0,6753.0,7484.0,1366.0,78619.0,False,False
2317,2022-11-08 09:56:36.423954,0.0,-0.00990099009900991,0.0,-1.0,100.0,100.5,100.5,101.0,6765.0,7484.0,1366.0,78619.0,False,False
2317,2022-11-08 09:56:37.095901,0.0,-0.00990099009900991,0.0,-1.0,100.0,100.5,100.5,101.0,6765.0,7488.0,1366.0,78619.0,False,False
2317,2022-11-08 09:56:37.276867,0.0,-0.00990099009900991,0.0,-1.0,100.0,100.5,100.5,101.0,6765.0,7518.0,1366.0,78619.0,False,False
2317,2022-11-08 09:56:37.277829,0.0,-0.00990099009900991,0.0,-1.0,100.0,100.5,100.5,101.0,6765.0,7488.0,1366.0,78619.0,False,False
2317,2022-11-08 09:56:37.816177,0.0,-0.00990099009900991,0.0,-1.0,100.0,100.5,100.5,101.0,6763.0,7488.0,1366.0,78619.0,False,False
2317,2022-11-08 09:56:37.993889,0.0,-0.00990099009900991,0.0,-1.0,100.0,100.5,100.5,101.0,6763.0,7518.0,1366.0,78619.0,False,False
2317,2022-11-08 09:56:38.646504,0.0,-0.00990099009900991,0.0,-1.0,100.0,100.5,100.5,101.0,6762.0,7518.0,1366.0,78619.0,False,False
2317,2022-11-08 09:56:39.521360,0.0,-0.00990099009900991,0.0,-1.0,100.0,100.5,100.5,101.0,6763.0,7518.0,1366.0,78619.0,False,False
2317,2022-11-08 09:56:39.551271,0.0,-0.00990099009900991,0.0,-1.0,100.0,100.5,100.5,101.0,6759.0,7518.0,1366.0,78619.0,False,False
2317,2022-11-08 09:56:39.583411,0.0,-0.00990099009900991,0.0,-1.0,100.0,100.5,100.5,101.0,6764.0,7518.0,1366.0,78619.0,False,False
2317,2022-11-08 09:56:40.156710,0.0,-0.00990099009900991,0.0,-1.0,100.0,100.5,100.5,101.0,6765.0,7518.0,1366.0,78619.0,False,False
2317,2022-11-08 09:56:40.681520,0.0,-0.00990099009900991,0.0,-1.0,100.0,100.5,100.5,101.0,6766.0,7518.0,1366.0,78619.0,False,False
2317,2022-11-08 09:56:41.021677,0.0,-0.00990099009900991,0.0,-1.0,100.0,100.5,100.5,101.0,6765.0,7518.0,1366.0,78619.0,False,False
2317,2022-11-08 09:56:41.118852,0.0,-0.00990099009900991,0.0,-1.0,100.0,100.5,100.5,101.0,6770.0,7518.0,1366.0,78619.0,False,False
2317,2022-11-08 09:56:42.675038,0.0,-0.00990099009900991,0.0,-1.0,100.0,100.5,100.5,101.0,6770.0,7517.0,1366.0,78619.0,False,False
2317,2022-11-08 09:56:42.700313,0.0,-0.00990099009900991,0.0,-1.0,100.0,100.5,100.5,101.0,6770.0,7487.0,1366.0,78619.0,False,False
2317,2022-11-08 09:56:42.819267,0.0,-0.00990099009900991,0.0,-1.0,100.0,100.5,100.5,101.0,6770.0,7487.0,1366.0,78619.0,False,False
2317,2022-11-08 09:56:43.670724,0.0,-0.00990099009900991,0.0,-1.0,100.0,100.5,100.5,101.0,6770.0,7487.0,1366.0,78619.0,False,False
2317,2022-11-08 09:56:44.233944,0.0,-0.00990099009900991,0.0,-1.0,100.0,100.5,100.5,101.0,6770.0,7487.0,2086.0,78619.0,True,True
2317,2022-11-08 09:56:44.739102,0.0,-0.00990099009900991,0.0,-1.0,100.0,100.5,100.5,101.0,6770.0,7486.0,2086.0,78619.0,False,False
2317,2022-11-08 09:56:45.436254,0.0,-0.00990099009900991,0.0,-1.0,100.0,100.5,100.5,101.0,6771.0,7486.0,2086.0,78619.0,False,False
2317,2022-11-08 09:56:45.630419,0.0,-0.00990099009900991,0.0,-1.0,100.0,100.5,100.5,101.0,6770.0,7486.0,2086.0,78619.0,False,False
2317,2022-11-08 09:56:46.556488,0.0,-0.00990099009900991,0.0,-1.0,100.0,100.5,100.5,101.0,6770.0,7486.0,2086.0,78619.0,False,False
