symbol,datetime,NaOb_r,NbOa_r,NaOb_s,NbOa_s,bid1,ask1,odd_bid1,odd_ask1,bidQty1,askQty1,odd_bidQty1,odd_askQty1,simulate,triggerbyOdd
2330,2022-11-08 09:50:23.271441,-0.0012594458438287548,-0.0012594458438287548,-0.5,-0.5,396.5,397.0,396.5,397.0,201.0,3.0,25583.0,6557.0,True,True
2330,2022-11-08 09:50:23.942735,-0.0012594458438287548,-0.0012594458438287548,-0.5,-0.5,396.5,397.0,396.5,397.0,205.0,3.0,25583.0,6557.0,False,False
2330,2022-11-08 09:50:24.982495,-0.0012594458438287548,-0.0012594458438287548,-0.5,-0.5,396.5,397.0,396.5,397.0,205.0,2.0,25583.0,6557.0,False,False
2330,2022-11-08 09:50:25.042226,-0.0012594458438287548,-0.0012594458438287548,-0.5,-0.5,396.5,397.0,396.5,397.0,206.0,2.0,25583.0,6557.0,False,False
2330,2022-11-08 09:50:25.043393,-0.0012594458438287548,-0.0012594458438287548,-0.5,-0.5,396.5,397.0,396.5,397.0,206.0,3.0,25583.0,6557.0,False,False
2330,2022-11-08 09:50:26.420009,-0.0012594458438287548,-0.0012594458438287548,-0.5,-0.5,396.5,397.0,396.5,397.0,206.0,3.0,25583.0,6557.0,False,False
2330,2022-11-08 09:50:26.873727,-0.0012594458438287548,-0.0012594458438287548,-0.5,-0.5,396.5,397.0,396.5,397.0,208.0,3.0,25583.0,6557.0,False,False
2330,2022-11-08 09:50:26.946590,-0.002515723270440251,-0.0012594458438287548,-1.0,-0.5,396.5,397.5,396.5,397.0,208.0,1253.0,25583.0,6557.0,False,False
2330,2022-11-08 09:50:27.990591,-0.002515723270440251,-0.0012594458438287548,-1.0,-0.5,396.5,397.5,396.5,397.0,209.0,1253.0,25583.0,6557.0,False,False
2330,2022-11-08 09:50:28.018270,-0.002515723270440251,-0.0012594458438287548,-1.0,-0.5,396.5,397.5,396.5,397.0,209.0,1253.0,25583.0,6557.0,False,False
2330,2022-11-08 09:50:28.160412,-0.002515723270440251,-0.0012594458438287548,-1.0,-0.5,396.5,397.5,396.5,397.0,209.0,1253.0,25583.0,6557.0,False,False
2330,2022-11-08 09:50:28.282404,-0.002515723270440251,-0.0012594458438287548,-1.0,-0.5,396.5,397.5,396.5,397.0,209.0,1254.0,25583.0,6557.0,False,False
2330,2022-11-08 09:50:28.316591,-0.002515723270440251,-0.0012594458438287548,-1.0,-0.5,396.5,397.5,396.5,397.0,209.0,1255.0,25583.0,6557.0,False,False
2330,2022-11-08 09:50:28.871671,-0.002515723270440251,-0.0012594458438287548,-1.0,-0.5,396.5,397.5,396.5,397.0,209.0,1246.0,25583.0,6557.0,False,False
2330,2022-11-08 09:50:31.124324,-0.002515723270440251,-0.0012594458438287548,-1.0,-0.5,396.5,397.5,396.5,397.0,209.0,1245.0,25583.0,6557.0,False,False
2330,2022-11-08 09:50:31.175126,-0.002515723270440251,-0.0012594458438287548,-1.0,-0.5,396.5,397.5,396.5,397.0,209.0,1236.0,25583.0,6557.0,False,False
2330,2022-11-08 09:50:31.297834,-0.002515723270440251,0.0,-1.0,0.0,397.0,397.5,396.5,397.0,1.0,1236.0,25583.0,6557.0,False,False
2330,2022-11-08 09:50:31.348787,-0.002515723270440251,0.0,-1.0,0.0,397.0,397.5,396.5,397.0,2.0,1236.0,25583.0,6557.0,False,False
2330,2022-11-08 09:50:31.491454,-0.002515723270440251,0.0,-1.0,0.0,397.0,397.5,396.5,397.0,4.0,1236.0,25583.0,6557.0,False,False
2330,2022-11-08 09:50:31.637568,-0.002515723270440251,0.0,-1.0,0.0,397.0,397.5,396.5,397.0,7.0,1236.0,25583.0,6557.0,False,False
2330,2022-11-08 09:50:31.838222,-0.002515723270440251,0.0,-1.0,0.0,397.0,397.5,396.5,397.0,7.0,1236.0,25583.0,6557.0,False,False
2330,2022-11-08 09:50:31.855165,-0.002515723270440251,0.0,-1.0,0.0,397.0,397.5,396.5,397.0,7.0,1236.0,25583.0,6557.0,False,False
2330,2022-11-08 09:50:32.372916,-0.002515723270440251,0.0,-1.0,0.0,397.0,397.5,396.5,397.0,7.0,1236.0,25583.0,6557.0,False,False
2330,2022-11-08 09:50:32.642527,-0.002515723270440251,0.0,-1.0,0.0,397.0,397.5,396.5,397.0,7.0,1236.0,25583.0,6557.0,False,False
2330,2022-11-08 09:50:33.304725,-0.002515723270440251,0.0,-1.0,0.0,397.0,397.5,396.5,397.0,7.0,1236.0,25583.0,6557.0,False,False
2330,2022-11-08 09:50:33.466232,-0.002515723270440251,0.0,-1.0,0.0,397.0,397.5,396.5,397.0,7.0,1236.0,25633.0,7380.0,True,True
2330,2022-11-08 09:50:33.773875,-0.002515723270440251,0.0,-1.0,0.0,397.0,397.5,396.5,397.0,7.0,1236.0,25633.0,7380.0,False,False
2330,2022-11-08 09:50:33.809007,-0.002515723270440251,0.0,-1.0,0.0,397.0,397.5,396.5,397.0,7.0,1236.0,25633.0,7380.0,False,False
2330,2022-11-08 09:50:33.912635,-0.002515723270440251,0.0,-1.0,0.0,397.0,397.5,396.5,397.0,15.0,1236.0,25633.0,7380.0,False,False
2330,2022-11-08 09:50:33.812702,-0.002515723270440251,0.0,-1.0,0.0,397.0,397.5,396.5,397.0,16.0,1236.0,25633.0,7380.0,False,False
2330,2022-11-08 09:50:33.959847,-0.002515723270440251,0.0,-1.0,0.0,397.0,397.5,396.5,397.0,15.0,1236.0,25633.0,7380.0,False,False
2330,2022-11-08 09:50:34.784561,-0.002515723270440251,0.0,-1.0,0.0,397.0,397.5,396.5,397.0,11.0,1236.0,25633.0,7380.0,False,False
2330,2022-11-08 09:50:35.042081,-0.002515723270440251,0.0,-1.0,0.0,397.0,397.5,396.5,397.0,11.0,1236.0,25633.0,7380.0,False,False
2330,2022-11-08 09:50:35.043297,-0.002515723270440251,0.0,-1.0,0.0,397.0,397.5,396.5,397.0,11.0,1236.0,25633.0,7380.0,False,False
2330,2022-11-08 09:50:35.138000,-0.002515723270440251,0.0,-1.0,0.0,397.0,397.5,396.5,397.0,13.0,1236.0,25633.0,7380.0,False,False
2330,2022-11-08 09:50:35.669108,-0.002515723270440251,0.0,-1.0,0.0,397.0,397.5,396.5,397.0,13.0,1236.0,25633.0,7380.0,False,False
2330,2022-11-08 09:50:36.967391,-0.002515723270440251,0.0,-1.0,0.0,397.0,397.5,396.5,397.0,13.0,1236.0,25633.0,7380.0,False,False
2330,2022-11-08 09:50:37.917470,-0.002515723270440251,0.0,-1.0,0.0,397.0,397.5,396.5,397.0,13.0,1236.0,25633.0,7380.0,False,False
2330,2022-11-08 09:50:38.675014,-0.002515723270440251,0.0,-1.0,0.0,397.0,397.5,396.5,397.0,13.0,1235.0,25633.0,7380.0,False,False
2330,2022-11-08 09:50:38.780711,-0.002515723270440251,0.0,-1.0,0.0,397.0,397.5,396.5,397.0,13.0,1236.0,25633.0,7380.0,False,False
2330,2022-11-08 09:50:39.140670,-0.002515723270440251,0.0,-1.0,0.0,397.0,397.5,396.5,397.0,13.0,1234.0,25633.0,7380.0,False,False
2330,2022-11-08 09:50:39.214869,-0.002515723270440251,0.0,-1.0,0.0,397.0,397.5,396.5,397.0,13.0,1234.0,25633.0,7380.0,False,False
2330,2022-11-08 09:50:39.398477,-0.002515723270440251,0.0,-1.0,0.0,397.0,397.5,396.5,397.0,13.0,1234.0,25633.0,7380.0,False,False
2330,2022-11-08 09:50:39.621589,-0.002515723270440251,0.0,-1.0,0.0,397.0,397.5,396.5,397.0,13.0,1234.0,25633.0,7380.0,False,False
2330,2022-11-08 09:50:39.667507,-0.002515723270440251,0.0,-1.0,0.0,397.0,397.5,396.5,397.0,26.0,1234.0,25633.0,7380.0,False,False
2330,2022-11-08 09:50:39.735803,-0.002515723270440251,0.0,-1.0,0.0,397.0,397.5,396.5,397.0,25.0,1234.0,25633.0,7380.0,False,False
2330,2022-11-08 09:50:39.837658,-0.002515723270440251,0.0,-1.0,0.0,397.0,397.5,396.5,397.0,28.0,1234.0,25633.0,7380.0,False,False
2330,2022-11-08 09:50:39.878275,-0.002515723270440251,0.0,-1.0,0.0,397.0,397.5,396.5,397.0,28.0,1234.0,25633.0,7380.0,False,False
2330,2022-11-08 09:50:39.975941,-0.002515723270440251,0.0,-1.0,0.0,397.0,397.5,396.5,397.0,29.0,1234.0,25633.0,7380.0,False,False
2330,2022-11-08 09:50:40.332874,-0.002515723270440251,0.0,-1.0,0.0,397.0,397.5,396.5,397.0,29.0,1233.0,25633.0,7380.0,False,False
2330,2022-11-08 09:50:41.358515,-0.002515723270440251,0.0,-1.0,0.0,397.0,397.5,396.5,397.0,29.0,1233.0,25633.0,7380.0,False,False
2330,2022-11-08 09:50:41.885672,-0.002515723270440251,0.0,-1.0,0.0,397.0,397.5,396.5,397.0,29.0,1234.0,25633.0,7380.0,False,False
2330,2022-11-08 09:50:42.663204,-0.002515723270440251,0.0,-1.0,0.0,397.0,397.5,396.5,397.0,29.0,1034.0,25633.0,7380.0,False,False
2330,2022-11-08 09:50:42.663493,-0.002515723270440251,0.0,-1.0,0.0,397.0,397.5,396.5,397.0,29.0,684.0,25633.0,7380.0,False,False
2330,2022-11-08 09:50:43.481126,-0.002515723270440251,0.0,-1.0,0.0,397.0,397.5,396.5,397.0,29.0,684.0,33946.0,7040.0,True,True
2330,2022-11-08 09:50:43.806221,-0.002515723270440251,0.0,-1.0,0.0,397.0,397.5,396.5,397.0,28.0,683.0,33946.0,7040.0,False,False
2330,2022-11-08 09:50:44.151421,-0.002515723270440251,0.0,-1.0,0.0,397.0,397.5,396.5,397.0,27.0,683.0,33946.0,7040.0,False,False
2330,2022-11-08 09:50:44.231897,-0.002515723270440251,0.0,-1.0,0.0,397.0,397.5,396.5,397.0,27.0,683.0,33946.0,7040.0,False,False
2330,2022-11-08 09:50:44.320002,-0.002515723270440251,0.0,-1.0,0.0,397.0,397.5,396.5,397.0,40.0,683.0,33946.0,7040.0,False,False
2330,2022-11-08 09:50:50.026015,-0.002515723270440251,0.0,-1.0,0.0,397.0,397.5,396.5,397.0,40.0,683.0,33946.0,7040.0,False,False
2330,2022-11-08 09:50:50.026363,-0.002515723270440251,0.0,-1.0,0.0,397.0,397.5,396.5,397.0,40.0,683.0,33946.0,7040.0,False,False
2330,2022-11-08 09:50:50.671887,-0.002515723270440251,0.0,-1.0,0.0,397.0,397.5,396.5,397.0,40.0,684.0,33946.0,7040.0,False,False
2330,2022-11-08 09:50:51.042496,-0.002515723270440251,0.0,-1.0,0.0,397.0,397.5,396.5,397.0,41.0,684.0,33946.0,7040.0,False,False
2330,2022-11-08 09:50:51.210066,-0.002515723270440251,0.0,-1.0,0.0,397.0,397.5,396.5,397.0,41.0,684.0,33946.0,7040.0,False,False
2330,2022-11-08 09:50:52.633652,-0.002515723270440251,0.0,-1.0,0.0,397.0,397.5,396.5,397.0,41.0,672.0,33946.0,7040.0,False,False
2330,2022-11-08 09:50:53.471980,-0.002515723270440251,0.0,-1.0,0.0,397.0,397.5,396.5,397.0,41.0,672.0,33946.0,7040.0,False,False
2330,2022-11-08 09:50:53.501195,-0.002515723270440251,0.0,-1.0,0.0,397.0,397.5,396.5,397.0,41.0,672.0,33940.0,6965.0,True,True
2330,2022-11-08 09:50:53.541775,-0.002515723270440251,0.0,-1.0,0.0,397.0,397.5,396.5,397.0,41.0,672.0,33940.0,6965.0,False,False
2330,2022-11-08 09:50:54.189409,-0.002515723270440251,0.0,-1.0,0.0,397.0,397.5,396.5,397.0,46.0,672.0,33940.0,6965.0,False,False
2330,2022-11-08 09:50:55.141245,-0.002515723270440251,0.0,-1.0,0.0,397.0,397.5,396.5,397.0,45.0,672.0,33940.0,6965.0,False,False
2330,2022-11-08 09:50:55.612278,-0.002515723270440251,0.0,-1.0,0.0,397.0,397.5,396.5,397.0,45.0,672.0,33940.0,6965.0,False,False
2330,2022-11-08 09:50:56.447212,-0.002515723270440251,0.0,-1.0,0.0,397.0,397.5,396.5,397.0,45.0,672.0,33940.0,6965.0,False,False
2330,2022-11-08 09:50:56.527233,-0.002515723270440251,0.0,-1.0,0.0,397.0,397.5,396.5,397.0,45.0,672.0,33940.0,6965.0,False,False
2330,2022-11-08 09:50:56.557623,-0.002515723270440251,0.0,-1.0,0.0,397.0,397.5,396.5,397.0,46.0,672.0,33940.0,6965.0,False,False
2330,2022-11-08 09:50:56.909257,-0.002515723270440251,0.0,-1.0,0.0,397.0,397.5,396.5,397.0,46.0,672.0,33940.0,6965.0,False,False
2330,2022-11-08 09:50:57.129347,-0.002515723270440251,0.0,-1.0,0.0,397.0,397.5,396.5,397.0,46.0,672.0,33940.0,6965.0,False,False
2330,2022-11-08 09:50:57.860318,-0.002515723270440251,0.0,-1.0,0.0,397.0,397.5,396.5,397.0,46.0,672.0,33940.0,6965.0,False,False
2330,2022-11-08 09:50:58.238101,-0.002515723270440251,0.0,-1.0,0.0,397.0,397.5,396.5,397.0,46.0,671.0,33940.0,6965.0,False,False
2330,2022-11-08 09:50:58.559763,-0.002515723270440251,0.0,-1.0,0.0,397.0,397.5,396.5,397.0,45.0,671.0,33940.0,6965.0,False,False
2330,2022-11-08 09:50:59.674881,-0.002515723270440251,0.0,-1.0,0.0,397.0,397.5,396.5,397.0,50.0,671.0,33940.0,6965.0,False,False
2330,2022-11-08 09:50:59.887981,-0.002515723270440251,0.0,-1.0,0.0,397.0,397.5,396.5,397.0,50.0,671.0,33940.0,6965.0,False,False
2330,2022-11-08 09:51:00.043980,-0.002515723270440251,0.0,-1.0,0.0,397.0,397.5,396.5,397.0,54.0,671.0,33940.0,6965.0,False,False
2330,2022-11-08 09:51:00.392784,-0.002515723270440251,0.0,-1.0,0.0,397.0,397.5,396.5,397.0,54.0,672.0,33940.0,6965.0,False,False
2330,2022-11-08 09:51:00.502910,-0.002515723270440251,0.0,-1.0,0.0,397.0,397.5,396.5,397.0,53.0,672.0,33940.0,6965.0,False,False
2330,2022-11-08 09:51:00.618002,-0.002515723270440251,0.0,-1.0,0.0,397.0,397.5,396.5,397.0,53.0,672.0,33940.0,6965.0,False,False
2330,2022-11-08 09:51:00.817631,-0.002515723270440251,0.0,-1.0,0.0,397.0,397.5,396.5,397.0,56.0,672.0,33940.0,6965.0,False,False
2330,2022-11-08 09:51:00.995481,-0.002515723270440251,0.0,-1.0,0.0,397.0,397.5,396.5,397.0,56.0,672.0,33940.0,6965.0,False,False
2330,2022-11-08 09:51:03.535602,-0.002515723270440251,0.0,-1.0,0.0,397.0,397.5,396.5,397.0,56.0,675.0,33940.0,6965.0,False,False
2330,2022-11-08 09:51:03.525581,-0.002515723270440251,0.0,-1.0,0.0,397.0,397.5,396.5,397.0,56.0,675.0,33940.0,6912.0,True,True
2330,2022-11-08 09:51:03.569102,-0.002515723270440251,0.0,-1.0,0.0,397.0,397.5,396.5,397.0,56.0,674.0,33940.0,6912.0,False,False
2330,2022-11-08 09:51:03.968603,-0.002515723270440251,0.0,-1.0,0.0,397.0,397.5,396.5,397.0,55.0,674.0,33940.0,6912.0,False,False
2330,2022-11-08 09:51:04.036231,-0.002515723270440251,0.0,-1.0,0.0,397.0,397.5,396.5,397.0,55.0,674.0,33940.0,6912.0,False,False
2330,2022-11-08 09:51:04.280195,-0.002515723270440251,0.0,-1.0,0.0,397.0,397.5,396.5,397.0,55.0,675.0,33940.0,6912.0,False,False
2330,2022-11-08 09:51:05.364748,-0.002515723270440251,0.0,-1.0,0.0,397.0,397.5,396.5,397.0,55.0,677.0,33940.0,6912.0,False,False
2330,2022-11-08 09:51:05.810037,-0.002515723270440251,0.0,-1.0,0.0,397.0,397.5,396.5,397.0,56.0,677.0,33940.0,6912.0,False,False
2330,2022-11-08 09:51:05.982045,-0.002515723270440251,0.0,-1.0,0.0,397.0,397.5,396.5,397.0,55.0,677.0,33940.0,6912.0,False,False
2330,2022-11-08 09:51:07.052711,-0.002515723270440251,0.0,-1.0,0.0,397.0,397.5,396.5,397.0,55.0,677.0,33940.0,6912.0,False,False
2330,2022-11-08 09:51:09.415445,-0.002515723270440251,0.0,-1.0,0.0,397.0,397.5,396.5,397.0,55.0,677.0,33940.0,6912.0,False,False
2330,2022-11-08 09:51:09.566309,-0.002515723270440251,0.0,-1.0,0.0,397.0,397.5,396.5,397.0,55.0,676.0,33940.0,6912.0,False,False
2330,2022-11-08 09:51:09.760654,-0.002515723270440251,0.0,-1.0,0.0,397.0,397.5,396.5,397.0,54.0,676.0,33940.0,6912.0,False,False
2330,2022-11-08 09:51:11.277220,-0.002515723270440251,0.0,-1.0,0.0,397.0,397.5,396.5,397.0,56.0,676.0,33940.0,6912.0,False,False
2330,2022-11-08 09:51:12.648183,-0.002515723270440251,0.0,-1.0,0.0,397.0,397.5,396.5,397.0,56.0,676.0,33940.0,6912.0,False,False
2330,2022-11-08 09:51:13.566493,-0.002515723270440251,0.0,-1.0,0.0,397.0,397.5,396.5,397.0,56.0,676.0,34034.0,5815.0,True,True
2330,2022-11-08 09:51:13.800824,-0.002515723270440251,0.0,-1.0,0.0,397.0,397.5,396.5,397.0,56.0,686.0,34034.0,5815.0,False,False
2330,2022-11-08 09:51:14.290879,-0.002515723270440251,0.0,-1.0,0.0,397.0,397.5,396.5,397.0,55.0,686.0,34034.0,5815.0,False,False
2330,2022-11-08 09:51:14.955417,-0.002515723270440251,0.0,-1.0,0.0,397.0,397.5,396.5,397.0,55.0,686.0,34034.0,5815.0,False,False
2330,2022-11-08 09:51:16.834577,-0.002515723270440251,0.0,-1.0,0.0,397.0,397.5,396.5,397.0,55.0,687.0,34034.0,5815.0,False,False
2330,2022-11-08 09:51:18.169280,-0.002515723270440251,0.0,-1.0,0.0,397.0,397.5,396.5,397.0,61.0,687.0,34034.0,5815.0,False,False
2330,2022-11-08 09:51:18.248433,-0.002515723270440251,0.0,-1.0,0.0,397.0,397.5,396.5,397.0,61.0,688.0,34034.0,5815.0,False,False
2330,2022-11-08 09:51:19.656630,-0.002515723270440251,0.0,-1.0,0.0,397.0,397.5,396.5,397.0,61.0,689.0,34034.0,5815.0,False,False
2330,2022-11-08 09:51:20.224903,-0.002515723270440251,0.0,-1.0,0.0,397.0,397.5,396.5,397.0,58.0,689.0,34034.0,5815.0,False,False
2330,2022-11-08 09:51:20.745595,-0.002515723270440251,0.0,-1.0,0.0,397.0,397.5,396.5,397.0,60.0,689.0,34034.0,5815.0,False,False
2330,2022-11-08 09:51:21.778754,-0.002515723270440251,0.0,-1.0,0.0,397.0,397.5,396.5,397.0,60.0,690.0,34034.0,5815.0,False,False
2330,2022-11-08 09:51:21.963842,-0.002515723270440251,0.0,-1.0,0.0,397.0,397.5,396.5,397.0,60.0,690.0,34034.0,5815.0,False,False
2330,2022-11-08 09:51:23.597516,-0.002515723270440251,0.0,-1.0,0.0,397.0,397.5,396.5,397.0,60.0,690.0,34344.0,6321.0,True,True
2330,2022-11-08 09:51:24.105028,-0.002515723270440251,0.0,-1.0,0.0,397.0,397.5,396.5,397.0,62.0,690.0,34344.0,6321.0,False,False
2330,2022-11-08 09:51:24.491250,-0.002515723270440251,0.0,-1.0,0.0,397.0,397.5,396.5,397.0,62.0,690.0,34344.0,6321.0,False,False
2330,2022-11-08 09:51:24.565624,-0.002515723270440251,0.0,-1.0,0.0,397.0,397.5,396.5,397.0,63.0,690.0,34344.0,6321.0,False,False
2330,2022-11-08 09:51:25.154830,-0.002515723270440251,0.0,-1.0,0.0,397.0,397.5,396.5,397.0,63.0,690.0,34344.0,6321.0,False,False
2330,2022-11-08 09:51:26.890143,-0.002515723270440251,0.0,-1.0,0.0,397.0,397.5,396.5,397.0,63.0,690.0,34344.0,6321.0,False,False
2330,2022-11-08 09:51:26.948641,-0.002515723270440251,0.0,-1.0,0.0,397.0,397.5,396.5,397.0,60.0,691.0,34344.0,6321.0,False,False
2330,2022-11-08 09:51:26.956730,-0.002515723270440251,0.0,-1.0,0.0,397.0,397.5,396.5,397.0,62.0,691.0,34344.0,6321.0,False,False
2330,2022-11-08 09:51:27.671042,-0.002515723270440251,0.0,-1.0,0.0,397.0,397.5,396.5,397.0,59.0,691.0,34344.0,6321.0,False,False
2330,2022-11-08 09:51:27.830400,-0.002515723270440251,0.0,-1.0,0.0,397.0,397.5,396.5,397.0,61.0,691.0,34344.0,6321.0,False,False
2330,2022-11-08 09:51:27.901483,-0.002515723270440251,0.0,-1.0,0.0,397.0,397.5,396.5,397.0,60.0,691.0,34344.0,6321.0,False,False
2330,2022-11-08 09:51:27.966904,-0.002515723270440251,0.0,-1.0,0.0,397.0,397.5,396.5,397.0,60.0,691.0,34344.0,6321.0,False,False
2330,2022-11-08 09:51:28.815784,-0.002515723270440251,0.0,-1.0,0.0,397.0,397.5,396.5,397.0,60.0,691.0,34344.0,6321.0,False,False
2330,2022-11-08 09:51:29.074140,-0.002515723270440251,0.0,-1.0,0.0,397.0,397.5,396.5,397.0,61.0,691.0,34344.0,6321.0,False,False
2330,2022-11-08 09:51:29.540964,-0.002515723270440251,0.0,-1.0,0.0,397.0,397.5,396.5,397.0,61.0,691.0,34344.0,6321.0,False,False
2330,2022-11-08 09:51:29.662642,-0.002515723270440251,0.0,-1.0,0.0,397.0,397.5,396.5,397.0,59.0,691.0,34344.0,6321.0,False,False
2330,2022-11-08 09:51:30.525460,-0.002515723270440251,0.0,-1.0,0.0,397.0,397.5,396.5,397.0,59.0,691.0,34344.0,6321.0,False,False
2330,2022-11-08 09:51:31.715830,-0.002515723270440251,0.0,-1.0,0.0,397.0,397.5,396.5,397.0,59.0,541.0,34344.0,6321.0,False,False
2330,2022-11-08 09:51:31.729418,-0.002515723270440251,0.0,-1.0,0.0,397.0,397.5,396.5,397.0,59.0,238.0,34344.0,6321.0,False,False
2330,2022-11-08 09:51:31.786241,-0.002515723270440251,0.0,-1.0,0.0,397.0,397.5,396.5,397.0,60.0,237.0,34344.0,6321.0,False,False
2330,2022-11-08 09:51:31.884202,-0.002515723270440251,0.0,-1.0,0.0,397.0,397.5,396.5,397.0,65.0,237.0,34344.0,6321.0,False,False
2330,2022-11-08 09:51:32.045143,-0.002515723270440251,0.0,-1.0,0.0,397.0,397.5,396.5,397.0,65.0,237.0,34344.0,6321.0,False,False
2330,2022-11-08 09:51:32.733867,-0.002515723270440251,0.0,-1.0,0.0,397.0,397.5,396.5,397.0,65.0,238.0,34344.0,6321.0,False,False
2330,2022-11-08 09:51:32.913776,-0.002515723270440251,0.0,-1.0,0.0,397.0,397.5,396.5,397.0,64.0,238.0,34344.0,6321.0,False,False
2330,2022-11-08 09:51:33.628913,-0.002515723270440251,0.0,-1.0,0.0,397.0,397.5,396.5,397.0,64.0,238.0,34348.0,6165.0,True,True
2330,2022-11-08 09:51:34.319593,-0.002515723270440251,0.0,-1.0,0.0,397.0,397.5,396.5,397.0,64.0,238.0,34348.0,6165.0,False,False
2330,2022-11-08 09:51:36.517990,-0.002515723270440251,0.0,-1.0,0.0,397.0,397.5,396.5,397.0,63.0,237.0,34348.0,6165.0,False,False
2330,2022-11-08 09:51:36.833109,-0.002515723270440251,0.0,-1.0,0.0,397.0,397.5,396.5,397.0,63.0,237.0,34348.0,6165.0,False,False
2330,2022-11-08 09:51:37.425683,-0.002515723270440251,0.0,-1.0,0.0,397.0,397.5,396.5,397.0,64.0,237.0,34348.0,6165.0,False,False
2330,2022-11-08 09:51:37.765619,-0.002515723270440251,0.0,-1.0,0.0,397.0,397.5,396.5,397.0,64.0,237.0,34348.0,6165.0,False,False
2330,2022-11-08 09:51:37.846814,-0.002515723270440251,0.0,-1.0,0.0,397.0,397.5,396.5,397.0,63.0,237.0,34348.0,6165.0,False,False
2330,2022-11-08 09:51:37.910677,-0.002515723270440251,0.0,-1.0,0.0,397.0,397.5,396.5,397.0,64.0,237.0,34348.0,6165.0,False,False
2330,2022-11-08 09:51:38.540891,-0.002515723270440251,0.0,-1.0,0.0,397.0,397.5,396.5,397.0,63.0,237.0,34348.0,6165.0,False,False
2330,2022-11-08 09:51:38.836422,-0.002515723270440251,0.0,-1.0,0.0,397.0,397.5,396.5,397.0,64.0,237.0,34348.0,6165.0,False,False
2330,2022-11-08 09:51:38.877208,-0.002515723270440251,0.0,-1.0,0.0,397.0,397.5,396.5,397.0,64.0,237.0,34348.0,6165.0,False,False
2330,2022-11-08 09:51:39.930767,-0.002515723270440251,0.0,-1.0,0.0,397.0,397.5,396.5,397.0,64.0,238.0,34348.0,6165.0,False,False
2330,2022-11-08 09:51:40.101320,-0.002515723270440251,0.0,-1.0,0.0,397.0,397.5,396.5,397.0,76.0,238.0,34348.0,6165.0,False,False
2330,2022-11-08 09:51:40.206913,-0.002515723270440251,0.0,-1.0,0.0,397.0,397.5,396.5,397.0,76.0,238.0,34348.0,6165.0,False,False
2330,2022-11-08 09:51:40.208188,-0.002515723270440251,0.0,-1.0,0.0,397.0,397.5,396.5,397.0,75.0,238.0,34348.0,6165.0,False,False
2330,2022-11-08 09:51:40.247767,-0.002515723270440251,0.0,-1.0,0.0,397.0,397.5,396.5,397.0,75.0,238.0,34348.0,6165.0,False,False
2330,2022-11-08 09:51:40.370518,-0.002515723270440251,0.0,-1.0,0.0,397.0,397.5,396.5,397.0,88.0,238.0,34348.0,6165.0,False,False
2330,2022-11-08 09:51:40.488166,-0.002515723270440251,0.0,-1.0,0.0,397.0,397.5,396.5,397.0,90.0,238.0,34348.0,6165.0,False,False
2330,2022-11-08 09:51:40.616716,-0.0037688442211055717,0.0,-1.5,0.0,397.0,398.0,396.5,397.0,96.0,1370.0,34348.0,6165.0,False,False
2330,2022-11-08 09:51:40.581327,-0.002515723270440251,0.0,-1.0,0.0,397.0,397.5,396.5,397.0,96.0,238.0,34348.0,6165.0,False,False
2330,2022-11-08 09:51:40.717019,-0.0037688442211055717,0.0,-1.5,0.0,397.0,398.0,396.5,397.0,98.0,1367.0,34348.0,6165.0,False,False
2330,2022-11-08 09:51:40.742211,-0.0037688442211055717,0.0,-1.5,0.0,397.0,398.0,396.5,397.0,99.0,1367.0,34348.0,6165.0,False,False
2330,2022-11-08 09:51:40.869888,-0.0037688442211055717,0.0012594458438286438,-1.5,0.5,397.5,398.0,396.5,397.0,2.0,1370.0,34348.0,6165.0,False,False
2330,2022-11-08 09:51:40.970292,-0.0037688442211055717,0.0012594458438286438,-1.5,0.5,397.5,398.0,396.5,397.0,2.0,1370.0,34348.0,6165.0,False,False
2330,2022-11-08 09:51:41.022156,-0.0037688442211055717,0.0012594458438286438,-1.5,0.5,397.5,398.0,396.5,397.0,2.0,1370.0,34348.0,6165.0,False,False
2330,2022-11-08 09:51:41.093810,-0.0037688442211055717,0.0012594458438286438,-1.5,0.5,397.5,398.0,396.5,397.0,3.0,1370.0,34348.0,6165.0,False,False
2330,2022-11-08 09:51:41.163850,-0.0037688442211055717,0.0012594458438286438,-1.5,0.5,397.5,398.0,396.5,397.0,3.0,1380.0,34348.0,6165.0,False,False
2330,2022-11-08 09:51:41.303206,-0.0037688442211055717,0.0012594458438286438,-1.5,0.5,397.5,398.0,396.5,397.0,4.0,1380.0,34348.0,6165.0,False,False
2330,2022-11-08 09:51:41.485837,-0.0037688442211055717,0.0012594458438286438,-1.5,0.5,397.5,398.0,396.5,397.0,4.0,1381.0,34348.0,6165.0,False,False
2330,2022-11-08 09:51:41.563088,-0.0037688442211055717,0.0012594458438286438,-1.5,0.5,397.5,398.0,396.5,397.0,4.0,1381.0,34348.0,6165.0,False,False
2330,2022-11-08 09:51:41.678869,-0.0037688442211055717,0.0012594458438286438,-1.5,0.5,397.5,398.0,396.5,397.0,6.0,1381.0,34348.0,6165.0,False,False
2330,2022-11-08 09:51:41.788396,-0.0037688442211055717,0.0012594458438286438,-1.5,0.5,397.5,398.0,396.5,397.0,5.0,1381.0,34348.0,6165.0,False,False
2330,2022-11-08 09:51:41.817411,-0.0037688442211055717,0.0012594458438286438,-1.5,0.5,397.5,398.0,396.5,397.0,5.0,1381.0,34348.0,6165.0,False,False
2330,2022-11-08 09:51:41.983524,-0.0037688442211055717,0.0012594458438286438,-1.5,0.5,397.5,398.0,396.5,397.0,5.0,1381.0,34348.0,6165.0,False,False
2330,2022-11-08 09:51:43.380450,-0.0037688442211055717,0.0012594458438286438,-1.5,0.5,397.5,398.0,396.5,397.0,4.0,1381.0,34348.0,6165.0,False,False
2330,2022-11-08 09:51:43.691646,-0.0037688442211055717,0.0012594458438286438,-1.5,0.5,397.5,398.0,396.5,397.0,5.0,1381.0,34348.0,6165.0,False,False
2330,2022-11-08 09:51:43.658671,-0.0037688442211055717,0.0012594458438286438,-1.5,0.5,397.5,398.0,396.5,397.0,5.0,1381.0,33838.0,148.0,True,True
2330,2022-11-08 09:51:44.806655,-0.0037688442211055717,0.0012594458438286438,-1.5,0.5,397.5,398.0,396.5,397.0,5.0,1181.0,33838.0,148.0,False,False
2330,2022-11-08 09:51:44.872121,-0.0037688442211055717,0.0012594458438286438,-1.5,0.5,397.5,398.0,396.5,397.0,7.0,831.0,33838.0,148.0,False,False
2330,2022-11-08 09:51:45.008040,-0.0037688442211055717,0.0012594458438286438,-1.5,0.5,397.5,398.0,396.5,397.0,7.0,831.0,33838.0,148.0,False,False
2330,2022-11-08 09:51:45.008734,-0.0037688442211055717,0.0012594458438286438,-1.5,0.5,397.5,398.0,396.5,397.0,7.0,831.0,33838.0,148.0,False,False
2330,2022-11-08 09:51:45.595721,-0.0037688442211055717,0.0012594458438286438,-1.5,0.5,397.5,398.0,396.5,397.0,8.0,831.0,33838.0,148.0,False,False
2330,2022-11-08 09:51:45.800452,-0.0037688442211055717,0.0012594458438286438,-1.5,0.5,397.5,398.0,396.5,397.0,8.0,832.0,33838.0,148.0,False,False
2330,2022-11-08 09:51:47.407005,-0.0037688442211055717,0.0012594458438286438,-1.5,0.5,397.5,398.0,396.5,397.0,8.0,827.0,33838.0,148.0,False,False
2330,2022-11-08 09:51:47.680572,-0.0037688442211055717,0.0012594458438286438,-1.5,0.5,397.5,398.0,396.5,397.0,8.0,828.0,33838.0,148.0,False,False
2330,2022-11-08 09:51:47.754899,-0.0037688442211055717,0.0012594458438286438,-1.5,0.5,397.5,398.0,396.5,397.0,8.0,829.0,33838.0,148.0,False,False
2330,2022-11-08 09:51:47.866231,-0.0037688442211055717,0.0012594458438286438,-1.5,0.5,397.5,398.0,396.5,397.0,10.0,829.0,33838.0,148.0,False,False
2330,2022-11-08 09:51:48.120872,-0.0037688442211055717,0.0012594458438286438,-1.5,0.5,397.5,398.0,396.5,397.0,10.0,822.0,33838.0,148.0,False,False
2330,2022-11-08 09:51:48.124285,-0.0037688442211055717,0.0012594458438286438,-1.5,0.5,397.5,398.0,396.5,397.0,10.0,822.0,33838.0,148.0,False,False
2330,2022-11-08 09:51:48.128331,-0.0037688442211055717,0.0012594458438286438,-1.5,0.5,397.5,398.0,396.5,397.0,10.0,817.0,33838.0,148.0,False,False
2330,2022-11-08 09:51:48.131515,-0.0037688442211055717,0.0012594458438286438,-1.5,0.5,397.5,398.0,396.5,397.0,10.0,812.0,33838.0,148.0,False,False
2330,2022-11-08 09:51:48.164659,-0.0037688442211055717,0.0012594458438286438,-1.5,0.5,397.5,398.0,396.5,397.0,10.0,809.0,33838.0,148.0,False,False
2330,2022-11-08 09:51:48.413663,-0.0037688442211055717,0.0012594458438286438,-1.5,0.5,397.5,398.0,396.5,397.0,10.0,809.0,33838.0,148.0,False,False
2330,2022-11-08 09:51:48.520051,-0.0037688442211055717,0.0012594458438286438,-1.5,0.5,397.5,398.0,396.5,397.0,10.0,812.0,33838.0,148.0,False,False
2330,2022-11-08 09:51:48.686655,-0.0037688442211055717,0.0012594458438286438,-1.5,0.5,397.5,398.0,396.5,397.0,10.0,812.0,33838.0,148.0,False,False
2330,2022-11-08 09:51:49.403842,-0.0037688442211055717,0.0012594458438286438,-1.5,0.5,397.5,398.0,396.5,397.0,10.0,812.0,33838.0,148.0,False,False
2330,2022-11-08 09:51:49.432471,-0.0037688442211055717,0.0012594458438286438,-1.5,0.5,397.5,398.0,396.5,397.0,10.0,812.0,33838.0,148.0,False,False
2330,2022-11-08 09:51:51.284392,-0.0037688442211055717,0.0012594458438286438,-1.5,0.5,397.5,398.0,396.5,397.0,10.0,812.0,33838.0,148.0,False,False
2330,2022-11-08 09:51:51.515403,-0.0037688442211055717,0.0012594458438286438,-1.5,0.5,397.5,398.0,396.5,397.0,9.0,812.0,33838.0,148.0,False,False
2330,2022-11-08 09:51:52.223248,-0.0037688442211055717,0.0012594458438286438,-1.5,0.5,397.5,398.0,396.5,397.0,9.0,812.0,33838.0,148.0,False,False
2330,2022-11-08 09:51:52.341131,-0.0037688442211055717,0.0012594458438286438,-1.5,0.5,397.5,398.0,396.5,397.0,11.0,812.0,33838.0,148.0,False,False
2330,2022-11-08 09:51:52.868934,-0.0037688442211055717,0.0012594458438286438,-1.5,0.5,397.5,398.0,396.5,397.0,13.0,812.0,33838.0,148.0,False,False
2330,2022-11-08 09:51:53.023829,-0.0037688442211055717,0.0012594458438286438,-1.5,0.5,397.5,398.0,396.5,397.0,13.0,812.0,33838.0,148.0,False,False
2330,2022-11-08 09:51:53.569636,-0.0037688442211055717,0.0012594458438286438,-1.5,0.5,397.5,398.0,396.5,397.0,12.0,812.0,33838.0,148.0,False,False
2330,2022-11-08 09:51:53.688666,-0.002512562814070307,0.0,-1.0,0.0,397.5,398.0,397.0,397.5,12.0,812.0,11385.0,33704.0,True,True
2330,2022-11-08 09:51:54.009863,-0.002512562814070307,0.0,-1.0,0.0,397.5,398.0,397.0,397.5,12.0,814.0,11385.0,33704.0,False,False
2330,2022-11-08 09:51:54.251088,-0.002512562814070307,0.0,-1.0,0.0,397.5,398.0,397.0,397.5,12.0,811.0,11385.0,33704.0,False,False
2330,2022-11-08 09:51:54.318208,-0.002512562814070307,0.0,-1.0,0.0,397.5,398.0,397.0,397.5,12.0,811.0,11385.0,33704.0,False,False
2330,2022-11-08 09:51:55.118396,-0.002512562814070307,0.0,-1.0,0.0,397.5,398.0,397.0,397.5,12.0,811.0,11385.0,33704.0,False,False
2330,2022-11-08 09:51:55.245254,-0.002512562814070307,0.0,-1.0,0.0,397.5,398.0,397.0,397.5,12.0,811.0,11385.0,33704.0,False,False
2330,2022-11-08 09:51:55.423177,-0.002512562814070307,0.0,-1.0,0.0,397.5,398.0,397.0,397.5,12.0,810.0,11385.0,33704.0,False,False
2330,2022-11-08 09:51:55.541553,-0.002512562814070307,0.0,-1.0,0.0,397.5,398.0,397.0,397.5,11.0,810.0,11385.0,33704.0,False,False
2330,2022-11-08 09:51:56.390514,-0.002512562814070307,0.0,-1.0,0.0,397.5,398.0,397.0,397.5,11.0,810.0,11385.0,33704.0,False,False
2330,2022-11-08 09:51:57.372132,-0.002512562814070307,0.0,-1.0,0.0,397.5,398.0,397.0,397.5,9.0,810.0,11385.0,33704.0,False,False
2330,2022-11-08 09:51:58.217767,-0.002512562814070307,0.0,-1.0,0.0,397.5,398.0,397.0,397.5,9.0,810.0,11385.0,33704.0,False,False
2330,2022-11-08 09:51:58.723405,-0.002512562814070307,0.0,-1.0,0.0,397.5,398.0,397.0,397.5,9.0,810.0,11385.0,33704.0,False,False
2330,2022-11-08 09:51:59.108338,-0.002512562814070307,0.0,-1.0,0.0,397.5,398.0,397.0,397.5,9.0,809.0,11385.0,33704.0,False,False
2330,2022-11-08 09:52:00.142856,-0.002512562814070307,0.0,-1.0,0.0,397.5,398.0,397.0,397.5,8.0,809.0,11385.0,33704.0,False,False
2330,2022-11-08 09:52:00.674651,-0.002512562814070307,0.0,-1.0,0.0,397.5,398.0,397.0,397.5,8.0,809.0,11385.0,33704.0,False,False
2330,2022-11-08 09:52:00.755541,-0.002512562814070307,0.0,-1.0,0.0,397.5,398.0,397.0,397.5,16.0,809.0,11385.0,33704.0,False,False
2330,2022-11-08 09:52:00.782053,-0.002512562814070307,0.0,-1.0,0.0,397.5,398.0,397.0,397.5,16.0,809.0,11385.0,33704.0,False,False
2330,2022-11-08 09:52:00.925368,-0.002512562814070307,0.0,-1.0,0.0,397.5,398.0,397.0,397.5,16.0,809.0,11385.0,33704.0,False,False
2330,2022-11-08 09:52:02.580052,-0.002512562814070307,0.0,-1.0,0.0,397.5,398.0,397.0,397.5,16.0,808.0,11385.0,33704.0,False,False
2330,2022-11-08 09:52:02.642005,-0.002512562814070307,0.0,-1.0,0.0,397.5,398.0,397.0,397.5,16.0,807.0,11385.0,33704.0,False,False
2330,2022-11-08 09:52:02.827602,-0.002512562814070307,0.0,-1.0,0.0,397.5,398.0,397.0,397.5,15.0,807.0,11385.0,33704.0,False,False
2330,2022-11-08 09:52:02.920185,-0.0037688442211055717,0.0012594458438286438,-1.5,0.5,397.5,398.0,396.5,397.0,15.0,807.0,13960.0,796.0,False,True
2330,2022-11-08 09:52:03.244937,-0.0037688442211055717,0.0012594458438286438,-1.5,0.5,397.5,398.0,396.5,397.0,16.0,807.0,13960.0,796.0,False,False
2330,2022-11-08 09:52:03.629916,-0.0037688442211055717,0.0012594458438286438,-1.5,0.5,397.5,398.0,396.5,397.0,16.0,807.0,13960.0,796.0,False,False
2330,2022-11-08 09:52:03.981748,-0.0037688442211055717,0.0012594458438286438,-1.5,0.5,397.5,398.0,396.5,397.0,16.0,807.0,13960.0,796.0,False,False
2330,2022-11-08 09:52:04.019789,-0.0037688442211055717,0.0012594458438286438,-1.5,0.5,397.5,398.0,396.5,397.0,16.0,807.0,13960.0,796.0,False,False
2330,2022-11-08 09:52:04.033344,-0.0037688442211055717,0.0012594458438286438,-1.5,0.5,397.5,398.0,396.5,397.0,36.0,807.0,13960.0,796.0,False,False
2330,2022-11-08 09:52:04.285265,-0.0037688442211055717,0.0012594458438286438,-1.5,0.5,397.5,398.0,396.5,397.0,36.0,808.0,13960.0,796.0,False,False
2330,2022-11-08 09:52:04.432245,-0.0037688442211055717,0.0012594458438286438,-1.5,0.5,397.5,398.0,396.5,397.0,36.0,808.0,13960.0,796.0,False,False
2330,2022-11-08 09:52:04.436032,-0.0037688442211055717,0.0012594458438286438,-1.5,0.5,397.5,398.0,396.5,397.0,36.0,808.0,13960.0,796.0,False,False
2330,2022-11-08 09:52:04.921432,-0.0037688442211055717,0.0012594458438286438,-1.5,0.5,397.5,398.0,396.5,397.0,38.0,808.0,13960.0,796.0,False,False
2330,2022-11-08 09:52:05.594077,-0.0037688442211055717,0.0012594458438286438,-1.5,0.5,397.5,398.0,396.5,397.0,38.0,808.0,13960.0,796.0,False,False
2330,2022-11-08 09:52:06.057734,-0.0037688442211055717,0.0012594458438286438,-1.5,0.5,397.5,398.0,396.5,397.0,38.0,808.0,13960.0,796.0,False,False
2330,2022-11-08 09:52:06.110663,-0.0037688442211055717,0.0012594458438286438,-1.5,0.5,397.5,398.0,396.5,397.0,51.0,808.0,13960.0,796.0,False,False
2330,2022-11-08 09:52:07.251339,-0.0037688442211055717,0.0012594458438286438,-1.5,0.5,397.5,398.0,396.5,397.0,51.0,809.0,13960.0,796.0,False,False
2330,2022-11-08 09:52:08.150768,-0.0037688442211055717,0.0012594458438286438,-1.5,0.5,397.5,398.0,396.5,397.0,51.0,809.0,13960.0,796.0,False,False
2330,2022-11-08 09:52:08.868493,-0.0037688442211055717,0.0012594458438286438,-1.5,0.5,397.5,398.0,396.5,397.0,51.0,809.0,13960.0,796.0,False,False
2330,2022-11-08 09:52:08.871935,-0.0037688442211055717,0.0012594458438286438,-1.5,0.5,397.5,398.0,396.5,397.0,63.0,809.0,13960.0,796.0,False,False
2330,2022-11-08 09:52:09.108392,-0.0037688442211055717,0.0012594458438286438,-1.5,0.5,397.5,398.0,396.5,397.0,63.0,809.0,13960.0,796.0,False,False
2330,2022-11-08 09:52:09.132963,-0.0037688442211055717,0.0012594458438286438,-1.5,0.5,397.5,398.0,396.5,397.0,63.0,809.0,13960.0,796.0,False,False
2330,2022-11-08 09:52:09.279146,-0.0037688442211055717,0.0012594458438286438,-1.5,0.5,397.5,398.0,396.5,397.0,63.0,809.0,13960.0,796.0,False,False
2330,2022-11-08 09:52:09.749628,-0.0037688442211055717,0.0012594458438286438,-1.5,0.5,397.5,398.0,396.5,397.0,63.0,809.0,13960.0,796.0,False,False
2330,2022-11-08 09:52:10.280932,-0.0037688442211055717,0.0012594458438286438,-1.5,0.5,397.5,398.0,396.5,397.0,63.0,809.0,13960.0,796.0,False,False
2330,2022-11-08 09:52:10.716043,-0.0037688442211055717,0.0012594458438286438,-1.5,0.5,397.5,398.0,396.5,397.0,63.0,809.0,13960.0,796.0,False,False
2330,2022-11-08 09:52:10.733442,-0.0037688442211055717,0.0012594458438286438,-1.5,0.5,397.5,398.0,396.5,397.0,63.0,810.0,13960.0,796.0,False,False
2330,2022-11-08 09:52:11.523278,-0.0037688442211055717,0.0012594458438286438,-1.5,0.5,397.5,398.0,396.5,397.0,62.0,810.0,13960.0,796.0,False,False
2330,2022-11-08 09:52:12.132303,-0.0037688442211055717,0.0012594458438286438,-1.5,0.5,397.5,398.0,396.5,397.0,62.0,810.0,13960.0,796.0,False,False
2330,2022-11-08 09:52:12.324603,-0.0037688442211055717,0.0012594458438286438,-1.5,0.5,397.5,398.0,396.5,397.0,62.0,810.0,13960.0,796.0,False,False
2330,2022-11-08 09:52:12.956650,-0.002512562814070307,0.0,-1.0,0.0,397.5,398.0,397.0,397.5,62.0,810.0,19364.0,23974.0,True,True
2330,2022-11-08 09:52:13.092422,-0.002512562814070307,0.0,-1.0,0.0,397.5,398.0,397.0,397.5,62.0,811.0,19364.0,23974.0,False,False
2330,2022-11-08 09:52:13.279587,-0.002512562814070307,0.0,-1.0,0.0,397.5,398.0,397.0,397.5,62.0,811.0,19364.0,23974.0,False,False
2330,2022-11-08 09:52:14.052045,-0.002512562814070307,0.0,-1.0,0.0,397.5,398.0,397.0,397.5,62.0,811.0,19364.0,23974.0,False,False
2330,2022-11-08 09:52:14.194075,-0.002512562814070307,0.0,-1.0,0.0,397.5,398.0,397.0,397.5,68.0,811.0,19364.0,23974.0,False,False
2330,2022-11-08 09:52:14.268517,-0.002512562814070307,0.0,-1.0,0.0,397.5,398.0,397.0,397.5,68.0,811.0,19364.0,23974.0,False,False
2330,2022-11-08 09:52:14.865029,-0.002512562814070307,0.0,-1.0,0.0,397.5,398.0,397.0,397.5,68.0,811.0,19364.0,23974.0,False,False
2330,2022-11-08 09:52:15.066146,-0.002512562814070307,0.0,-1.0,0.0,397.5,398.0,397.0,397.5,68.0,811.0,19364.0,23974.0,False,False
2330,2022-11-08 09:52:15.122703,-0.002512562814070307,0.0,-1.0,0.0,397.5,398.0,397.0,397.5,68.0,811.0,19364.0,23974.0,False,False
2330,2022-11-08 09:52:15.258814,-0.002512562814070307,0.0,-1.0,0.0,397.5,398.0,397.0,397.5,68.0,811.0,19364.0,23974.0,False,False
2330,2022-11-08 09:52:15.329111,-0.002512562814070307,0.0,-1.0,0.0,397.5,398.0,397.0,397.5,68.0,811.0,19364.0,23974.0,False,False
2330,2022-11-08 09:52:15.824067,-0.002512562814070307,0.0,-1.0,0.0,397.5,398.0,397.0,397.5,68.0,811.0,19364.0,23974.0,False,False
2330,2022-11-08 09:52:15.878586,-0.002512562814070307,0.0,-1.0,0.0,397.5,398.0,397.0,397.5,68.0,811.0,19364.0,23974.0,False,False
2330,2022-11-08 09:52:15.991139,-0.002512562814070307,0.0,-1.0,0.0,397.5,398.0,397.0,397.5,68.0,811.0,19364.0,23974.0,False,False
2330,2022-11-08 09:52:16.675828,-0.002512562814070307,0.0,-1.0,0.0,397.5,398.0,397.0,397.5,68.0,810.0,19364.0,23974.0,False,False
2330,2022-11-08 09:52:16.693601,-0.002512562814070307,0.0,-1.0,0.0,397.5,398.0,397.0,397.5,69.0,810.0,19364.0,23974.0,False,False
2330,2022-11-08 09:52:16.956024,-0.002512562814070307,0.0,-1.0,0.0,397.5,398.0,397.0,397.5,69.0,810.0,19364.0,23974.0,False,False
2330,2022-11-08 09:52:16.992170,-0.002512562814070307,0.0,-1.0,0.0,397.5,398.0,397.0,397.5,69.0,811.0,19364.0,23974.0,False,False
2330,2022-11-08 09:52:17.312910,-0.002512562814070307,0.0,-1.0,0.0,397.5,398.0,397.0,397.5,69.0,813.0,19364.0,23974.0,False,False
2330,2022-11-08 09:52:17.734042,-0.002512562814070307,0.0,-1.0,0.0,397.5,398.0,397.0,397.5,70.0,813.0,19364.0,23974.0,False,False
2330,2022-11-08 09:52:18.029546,-0.002512562814070307,0.0,-1.0,0.0,397.5,398.0,397.0,397.5,70.0,813.0,19364.0,23974.0,False,False
2330,2022-11-08 09:52:18.368391,-0.002512562814070307,0.0,-1.0,0.0,397.5,398.0,397.0,397.5,70.0,812.0,19364.0,23974.0,False,False
2330,2022-11-08 09:52:18.488368,-0.002512562814070307,0.0,-1.0,0.0,397.5,398.0,397.0,397.5,67.0,812.0,19364.0,23974.0,False,False
2330,2022-11-08 09:52:18.946684,-0.002512562814070307,0.0,-1.0,0.0,397.5,398.0,397.0,397.5,67.0,812.0,19364.0,23974.0,False,False
2330,2022-11-08 09:52:19.314228,-0.002512562814070307,0.0,-1.0,0.0,397.5,398.0,397.0,397.5,78.0,812.0,19364.0,23974.0,False,False
2330,2022-11-08 09:52:19.425993,-0.002512562814070307,0.0,-1.0,0.0,397.5,398.0,397.0,397.5,78.0,811.0,19364.0,23974.0,False,False
2330,2022-11-08 09:52:19.472835,-0.002512562814070307,0.0,-1.0,0.0,397.5,398.0,397.0,397.5,77.0,811.0,19364.0,23974.0,False,False
2330,2022-11-08 09:52:19.833735,-0.002512562814070307,0.0,-1.0,0.0,397.5,398.0,397.0,397.5,77.0,811.0,19364.0,23974.0,False,False
2330,2022-11-08 09:52:20.193759,-0.002512562814070307,0.0,-1.0,0.0,397.5,398.0,397.0,397.5,77.0,811.0,19364.0,23974.0,False,False
2330,2022-11-08 09:52:20.352884,-0.002512562814070307,0.0,-1.0,0.0,397.5,398.0,397.0,397.5,77.0,811.0,19364.0,23974.0,False,False
2330,2022-11-08 09:52:20.370281,-0.002512562814070307,0.0,-1.0,0.0,397.5,398.0,397.0,397.5,77.0,811.0,19364.0,23974.0,False,False
2330,2022-11-08 09:52:20.634047,-0.002512562814070307,0.0,-1.0,0.0,397.5,398.0,397.0,397.5,78.0,811.0,19364.0,23974.0,False,False
2330,2022-11-08 09:52:20.663841,-0.002512562814070307,0.0,-1.0,0.0,397.5,398.0,397.0,397.5,78.0,808.0,19364.0,23974.0,False,False
2330,2022-11-08 09:52:20.708257,-0.002512562814070307,0.0,-1.0,0.0,397.5,398.0,397.0,397.5,78.0,808.0,19364.0,23974.0,False,False
2330,2022-11-08 09:52:20.797892,-0.002512562814070307,0.0,-1.0,0.0,397.5,398.0,397.0,397.5,78.0,808.0,19364.0,23974.0,False,False
2330,2022-11-08 09:52:21.030563,-0.002512562814070307,0.0,-1.0,0.0,397.5,398.0,397.0,397.5,78.0,808.0,19364.0,23974.0,False,False
2330,2022-11-08 09:52:22.989071,-0.002512562814070307,0.0,-1.0,0.0,397.5,398.0,397.0,397.5,78.0,808.0,19754.0,24484.0,True,True
2330,2022-11-08 09:52:23.823161,-0.002512562814070307,0.0,-1.0,0.0,397.5,398.0,397.0,397.5,78.0,809.0,19754.0,24484.0,False,False
2330,2022-11-08 09:52:25.065787,-0.002512562814070307,0.0,-1.0,0.0,397.5,398.0,397.0,397.5,77.0,809.0,19754.0,24484.0,False,False
2330,2022-11-08 09:52:25.105990,-0.002512562814070307,0.0,-1.0,0.0,397.5,398.0,397.0,397.5,77.0,812.0,19754.0,24484.0,False,False
2330,2022-11-08 09:52:26.137803,-0.002512562814070307,0.0,-1.0,0.0,397.5,398.0,397.0,397.5,77.0,812.0,19754.0,24484.0,False,False
2330,2022-11-08 09:52:26.453190,-0.002512562814070307,0.0,-1.0,0.0,397.5,398.0,397.0,397.5,77.0,812.0,19754.0,24484.0,False,False
2330,2022-11-08 09:52:27.001780,-0.002512562814070307,0.0,-1.0,0.0,397.5,398.0,397.0,397.5,77.0,812.0,19754.0,24484.0,False,False
2330,2022-11-08 09:52:27.520179,-0.002512562814070307,0.0,-1.0,0.0,397.5,398.0,397.0,397.5,66.0,812.0,19754.0,24484.0,False,False
2330,2022-11-08 09:52:28.802179,-0.002512562814070307,0.0,-1.0,0.0,397.5,398.0,397.0,397.5,66.0,812.0,19754.0,24484.0,False,False
2330,2022-11-08 09:52:29.038662,-0.002512562814070307,0.0,-1.0,0.0,397.5,398.0,397.0,397.5,66.0,812.0,19754.0,24484.0,False,False
2330,2022-11-08 09:52:29.077744,-0.002512562814070307,0.0,-1.0,0.0,397.5,398.0,397.0,397.5,66.0,811.0,19754.0,24484.0,False,False
2330,2022-11-08 09:52:29.299330,-0.002512562814070307,0.0,-1.0,0.0,397.5,398.0,397.0,397.5,61.0,811.0,19754.0,24484.0,False,False
2330,2022-11-08 09:52:30.940242,-0.002512562814070307,0.0,-1.0,0.0,397.5,398.0,397.0,397.5,60.0,811.0,19754.0,24484.0,False,False
2330,2022-11-08 09:52:31.138931,-0.002512562814070307,0.0,-1.0,0.0,397.5,398.0,397.0,397.5,60.0,811.0,19754.0,24484.0,False,False
2330,2022-11-08 09:52:31.218973,-0.002512562814070307,0.0,-1.0,0.0,397.5,398.0,397.0,397.5,59.0,811.0,19754.0,24484.0,False,False
2330,2022-11-08 09:52:31.246853,-0.002512562814070307,0.0,-1.0,0.0,397.5,398.0,397.0,397.5,59.0,811.0,19754.0,24484.0,False,False
2330,2022-11-08 09:52:31.929396,-0.002512562814070307,0.0,-1.0,0.0,397.5,398.0,397.0,397.5,59.0,810.0,19754.0,24484.0,False,False
2330,2022-11-08 09:52:32.326914,-0.002512562814070307,0.0,-1.0,0.0,397.5,398.0,397.0,397.5,56.0,810.0,19754.0,24484.0,False,False
2330,2022-11-08 09:52:32.531220,-0.002512562814070307,0.0,-1.0,0.0,397.5,398.0,397.0,397.5,56.0,811.0,19754.0,24484.0,False,False
2330,2022-11-08 09:52:32.568409,-0.002512562814070307,0.0,-1.0,0.0,397.5,398.0,397.0,397.5,56.0,811.0,19754.0,24484.0,False,False
2330,2022-11-08 09:52:33.118302,-0.002512562814070307,0.0,-1.0,0.0,397.5,398.0,397.0,397.5,63.0,811.0,19754.0,24484.0,False,False
2330,2022-11-08 09:52:33.018793,-0.002512562814070307,0.0,-1.0,0.0,397.5,398.0,397.0,397.5,63.0,811.0,19856.0,24384.0,True,True
2330,2022-11-08 09:52:33.411911,-0.002512562814070307,0.0,-1.0,0.0,397.5,398.0,397.0,397.5,63.0,811.0,19856.0,24384.0,False,False
2330,2022-11-08 09:52:33.494175,-0.002512562814070307,0.0,-1.0,0.0,397.5,398.0,397.0,397.5,62.0,811.0,19856.0,24384.0,False,False
2330,2022-11-08 09:52:34.616203,-0.002512562814070307,0.0,-1.0,0.0,397.5,398.0,397.0,397.5,62.0,813.0,19856.0,24384.0,False,False
2330,2022-11-08 09:52:35.639707,-0.002512562814070307,0.0,-1.0,0.0,397.5,398.0,397.0,397.5,62.0,813.0,19856.0,24384.0,False,False
2330,2022-11-08 09:52:35.719793,-0.002512562814070307,0.0,-1.0,0.0,397.5,398.0,397.0,397.5,62.0,812.0,19856.0,24384.0,False,False
2330,2022-11-08 09:52:36.226164,-0.002512562814070307,0.0,-1.0,0.0,397.5,398.0,397.0,397.5,62.0,817.0,19856.0,24384.0,False,False
2330,2022-11-08 09:52:36.396610,-0.002512562814070307,0.0,-1.0,0.0,397.5,398.0,397.0,397.5,62.0,817.0,19856.0,24384.0,False,False
2330,2022-11-08 09:52:36.406954,-0.002512562814070307,0.0,-1.0,0.0,397.5,398.0,397.0,397.5,62.0,816.0,19856.0,24384.0,False,False
2330,2022-11-08 09:52:36.623933,-0.002512562814070307,0.0,-1.0,0.0,397.5,398.0,397.0,397.5,62.0,816.0,19856.0,24384.0,False,False
2330,2022-11-08 09:52:36.713948,-0.002512562814070307,0.0,-1.0,0.0,397.5,398.0,397.0,397.5,62.0,816.0,19856.0,24384.0,False,False
2330,2022-11-08 09:52:36.931312,-0.002512562814070307,0.0,-1.0,0.0,397.5,398.0,397.0,397.5,60.0,816.0,19856.0,24384.0,False,False
2330,2022-11-08 09:52:37.033993,-0.002512562814070307,0.0,-1.0,0.0,397.5,398.0,397.0,397.5,60.0,816.0,19856.0,24384.0,False,False
2330,2022-11-08 09:52:37.119977,-0.002512562814070307,0.0,-1.0,0.0,397.5,398.0,397.0,397.5,61.0,816.0,19856.0,24384.0,False,False
2330,2022-11-08 09:52:37.175106,-0.002512562814070307,0.0,-1.0,0.0,397.5,398.0,397.0,397.5,61.0,816.0,19856.0,24384.0,False,False
2330,2022-11-08 09:52:38.607688,-0.002512562814070307,0.0,-1.0,0.0,397.5,398.0,397.0,397.5,61.0,816.0,19856.0,24384.0,False,False
2330,2022-11-08 09:52:39.042607,-0.002512562814070307,0.0,-1.0,0.0,397.5,398.0,397.0,397.5,61.0,818.0,19856.0,24384.0,False,False
2330,2022-11-08 09:52:39.193794,-0.002512562814070307,0.0,-1.0,0.0,397.5,398.0,397.0,397.5,59.0,818.0,19856.0,24384.0,False,False
2330,2022-11-08 09:52:39.234336,-0.002512562814070307,0.0,-1.0,0.0,397.5,398.0,397.0,397.5,62.0,818.0,19856.0,24384.0,False,False
2330,2022-11-08 09:52:39.963141,-0.002512562814070307,0.0,-1.0,0.0,397.5,398.0,397.0,397.5,61.0,818.0,19856.0,24384.0,False,False
2330,2022-11-08 09:52:40.077559,-0.002512562814070307,0.0,-1.0,0.0,397.5,398.0,397.0,397.5,60.0,818.0,19856.0,24384.0,False,False
2330,2022-11-08 09:52:40.470409,-0.002512562814070307,0.0,-1.0,0.0,397.5,398.0,397.0,397.5,60.0,818.0,19856.0,24384.0,False,False
2330,2022-11-08 09:52:40.718724,-0.002512562814070307,0.0,-1.0,0.0,397.5,398.0,397.0,397.5,60.0,818.0,19856.0,24384.0,False,False
2330,2022-11-08 09:52:41.360198,-0.002512562814070307,0.0,-1.0,0.0,397.5,398.0,397.0,397.5,60.0,818.0,19856.0,24384.0,False,False
2330,2022-11-08 09:52:41.437153,-0.002512562814070307,0.0,-1.0,0.0,397.5,398.0,397.0,397.5,59.0,818.0,19856.0,24384.0,False,False
2330,2022-11-08 09:52:42.322420,-0.002512562814070307,0.0,-1.0,0.0,397.5,398.0,397.0,397.5,59.0,818.0,19856.0,24384.0,False,False
2330,2022-11-08 09:52:42.739919,-0.002512562814070307,0.0,-1.0,0.0,397.5,398.0,397.0,397.5,61.0,818.0,19856.0,24384.0,False,False
2330,2022-11-08 09:52:43.048922,-0.002512562814070307,0.0,-1.0,0.0,397.5,398.0,397.0,397.5,61.0,818.0,20101.0,24384.0,True,True
2330,2022-11-08 09:52:43.975364,-0.002512562814070307,0.0,-1.0,0.0,397.5,398.0,397.0,397.5,62.0,818.0,20101.0,24384.0,False,False
2330,2022-11-08 09:52:45.184258,-0.002512562814070307,0.0,-1.0,0.0,397.5,398.0,397.0,397.5,62.0,818.0,20101.0,24384.0,False,False
2330,2022-11-08 09:52:47.273543,-0.002512562814070307,0.0,-1.0,0.0,397.5,398.0,397.0,397.5,62.0,818.0,20101.0,24384.0,False,False
2330,2022-11-08 09:52:47.697017,-0.002512562814070307,0.0,-1.0,0.0,397.5,398.0,397.0,397.5,61.0,818.0,20101.0,24384.0,False,False
2330,2022-11-08 09:52:47.741804,-0.002512562814070307,0.0,-1.0,0.0,397.5,398.0,397.0,397.5,62.0,818.0,20101.0,24384.0,False,False
2330,2022-11-08 09:52:47.960922,-0.002512562814070307,0.0,-1.0,0.0,397.5,398.0,397.0,397.5,62.0,818.0,20101.0,24384.0,False,False
2330,2022-11-08 09:52:47.999796,-0.002512562814070307,0.0,-1.0,0.0,397.5,398.0,397.0,397.5,62.0,819.0,20101.0,24384.0,False,False
2330,2022-11-08 09:52:49.278678,-0.002512562814070307,0.0,-1.0,0.0,397.5,398.0,397.0,397.5,61.0,819.0,20101.0,24384.0,False,False
2330,2022-11-08 09:52:49.309185,-0.002512562814070307,0.0,-1.0,0.0,397.5,398.0,397.0,397.5,61.0,819.0,20101.0,24384.0,False,False
2330,2022-11-08 09:52:49.721409,-0.002512562814070307,0.0,-1.0,0.0,397.5,398.0,397.0,397.5,61.0,819.0,20101.0,24384.0,False,False
2330,2022-11-08 09:52:49.867363,-0.002512562814070307,0.0,-1.0,0.0,397.5,398.0,397.0,397.5,60.0,818.0,20101.0,24384.0,False,False
2330,2022-11-08 09:52:50.022609,-0.002512562814070307,0.0,-1.0,0.0,397.5,398.0,397.0,397.5,60.0,818.0,20101.0,24384.0,False,False
2330,2022-11-08 09:52:51.496668,-0.002512562814070307,0.0,-1.0,0.0,397.5,398.0,397.0,397.5,60.0,818.0,20101.0,24384.0,False,False
2330,2022-11-08 09:52:52.644797,-0.002512562814070307,0.0,-1.0,0.0,397.5,398.0,397.0,397.5,60.0,819.0,20101.0,24384.0,False,False
2330,2022-11-08 09:52:52.760151,-0.002512562814070307,0.0,-1.0,0.0,397.5,398.0,397.0,397.5,60.0,819.0,20101.0,24384.0,False,False
2330,2022-11-08 09:52:53.081086,-0.002512562814070307,0.0,-1.0,0.0,397.5,398.0,397.0,397.5,60.0,819.0,20736.0,25124.0,True,True
2330,2022-11-08 09:52:56.055355,-0.002512562814070307,0.0,-1.0,0.0,397.5,398.0,397.0,397.5,60.0,819.0,20736.0,25124.0,False,False
2330,2022-11-08 09:52:56.255801,-0.002512562814070307,0.0,-1.0,0.0,397.5,398.0,397.0,397.5,60.0,819.0,20736.0,25124.0,False,False
2330,2022-11-08 09:52:57.182601,-0.002512562814070307,0.0,-1.0,0.0,397.5,398.0,397.0,397.5,60.0,817.0,20736.0,25124.0,False,False
2330,2022-11-08 09:52:57.184402,-0.002512562814070307,0.0,-1.0,0.0,397.5,398.0,397.0,397.5,53.0,817.0,20736.0,25124.0,False,False
2330,2022-11-08 09:52:59.071467,-0.002512562814070307,0.0,-1.0,0.0,397.5,398.0,397.0,397.5,53.0,817.0,20736.0,25124.0,False,False
2330,2022-11-08 09:52:59.124547,-0.002512562814070307,0.0,-1.0,0.0,397.5,398.0,397.0,397.5,53.0,817.0,20736.0,25124.0,False,False
2330,2022-11-08 09:52:59.751348,-0.002512562814070307,0.0,-1.0,0.0,397.5,398.0,397.0,397.5,52.0,817.0,20736.0,25124.0,False,False
2330,2022-11-08 09:53:00.321762,-0.002512562814070307,0.0,-1.0,0.0,397.5,398.0,397.0,397.5,52.0,820.0,20736.0,25124.0,False,False
2330,2022-11-08 09:53:00.440360,-0.002512562814070307,0.0,-1.0,0.0,397.5,398.0,397.0,397.5,52.0,821.0,20736.0,25124.0,False,False
2330,2022-11-08 09:53:00.445612,-0.002512562814070307,0.0,-1.0,0.0,397.5,398.0,397.0,397.5,52.0,821.0,20736.0,25124.0,False,False
2330,2022-11-08 09:53:00.674239,-0.002512562814070307,0.0,-1.0,0.0,397.5,398.0,397.0,397.5,52.0,821.0,20736.0,25124.0,False,False
2330,2022-11-08 09:53:01.055835,-0.002512562814070307,0.0,-1.0,0.0,397.5,398.0,397.0,397.5,51.0,821.0,20736.0,25124.0,False,False
2330,2022-11-08 09:53:01.446500,-0.002512562814070307,0.0,-1.0,0.0,397.5,398.0,397.0,397.5,51.0,821.0,20736.0,25124.0,False,False
2330,2022-11-08 09:53:01.450204,-0.002512562814070307,0.0,-1.0,0.0,397.5,398.0,397.0,397.5,52.0,821.0,20736.0,25124.0,False,False
2330,2022-11-08 09:53:02.289473,-0.002512562814070307,0.0,-1.0,0.0,397.5,398.0,397.0,397.5,52.0,821.0,20736.0,25124.0,False,False
2330,2022-11-08 09:53:02.404490,-0.002512562814070307,0.0,-1.0,0.0,397.5,398.0,397.0,397.5,52.0,820.0,20736.0,25124.0,False,False
2330,2022-11-08 09:53:02.448604,-0.002512562814070307,0.0,-1.0,0.0,397.5,398.0,397.0,397.5,52.0,820.0,20736.0,25124.0,False,False
2330,2022-11-08 09:53:02.502791,-0.002512562814070307,0.0,-1.0,0.0,397.5,398.0,397.0,397.5,52.0,820.0,20736.0,25124.0,False,False
2330,2022-11-08 09:53:03.164544,-0.002512562814070307,0.0,-1.0,0.0,397.5,398.0,397.0,397.5,51.0,820.0,20736.0,25124.0,False,False
2330,2022-11-08 09:53:03.110194,-0.002512562814070307,0.0,-1.0,0.0,397.5,398.0,397.0,397.5,51.0,820.0,20654.0,25250.0,True,True
2330,2022-11-08 09:53:04.980070,-0.002512562814070307,0.0,-1.0,0.0,397.5,398.0,397.0,397.5,50.0,820.0,20654.0,25250.0,False,False
2330,2022-11-08 09:53:05.140107,-0.002512562814070307,0.0,-1.0,0.0,397.5,398.0,397.0,397.5,50.0,820.0,20654.0,25250.0,False,False
2330,2022-11-08 09:53:05.445972,-0.002512562814070307,0.0,-1.0,0.0,397.5,398.0,397.0,397.5,50.0,820.0,20654.0,25250.0,False,False
2330,2022-11-08 09:53:06.102049,-0.002512562814070307,0.0,-1.0,0.0,397.5,398.0,397.0,397.5,50.0,820.0,20654.0,25250.0,False,False
2330,2022-11-08 09:53:06.443904,-0.002512562814070307,0.0,-1.0,0.0,397.5,398.0,397.0,397.5,50.0,820.0,20654.0,25250.0,False,False
2330,2022-11-08 09:53:07.239788,-0.002512562814070307,0.0,-1.0,0.0,397.5,398.0,397.0,397.5,50.0,820.0,20654.0,25250.0,False,False
2330,2022-11-08 09:53:07.302671,-0.002512562814070307,0.0,-1.0,0.0,397.5,398.0,397.0,397.5,50.0,820.0,20654.0,25250.0,False,False
2330,2022-11-08 09:53:07.523327,-0.002512562814070307,0.0,-1.0,0.0,397.5,398.0,397.0,397.5,53.0,820.0,20654.0,25250.0,False,False
2330,2022-11-08 09:53:08.248617,-0.002512562814070307,0.0,-1.0,0.0,397.5,398.0,397.0,397.5,53.0,820.0,20654.0,25250.0,False,False
2330,2022-11-08 09:53:08.249341,-0.002512562814070307,0.0,-1.0,0.0,397.5,398.0,397.0,397.5,53.0,820.0,20654.0,25250.0,False,False
2330,2022-11-08 09:53:08.317259,-0.002512562814070307,0.0,-1.0,0.0,397.5,398.0,397.0,397.5,53.0,820.0,20654.0,25250.0,False,False
2330,2022-11-08 09:53:08.805100,-0.002512562814070307,0.0,-1.0,0.0,397.5,398.0,397.0,397.5,52.0,820.0,20654.0,25250.0,False,False
2330,2022-11-08 09:53:11.231057,-0.002512562814070307,0.0,-1.0,0.0,397.5,398.0,397.0,397.5,51.0,820.0,20654.0,25250.0,False,False
2330,2022-11-08 09:53:13.137256,-0.002512562814070307,0.0,-1.0,0.0,397.5,398.0,397.0,397.5,51.0,820.0,21511.0,25350.0,True,True
2330,2022-11-08 09:53:13.851472,-0.002512562814070307,0.0,-1.0,0.0,397.5,398.0,397.0,397.5,52.0,820.0,21511.0,25350.0,False,False
2330,2022-11-08 09:53:13.967512,-0.002512562814070307,0.0,-1.0,0.0,397.5,398.0,397.0,397.5,60.0,820.0,21511.0,25350.0,False,False
2330,2022-11-08 09:53:14.056641,-0.002512562814070307,0.0,-1.0,0.0,397.5,398.0,397.0,397.5,60.0,822.0,21511.0,25350.0,False,False
2330,2022-11-08 09:53:15.464053,-0.002512562814070307,0.0,-1.0,0.0,397.5,398.0,397.0,397.5,60.0,822.0,21511.0,25350.0,False,False
2330,2022-11-08 09:53:15.543440,-0.002512562814070307,0.0,-1.0,0.0,397.5,398.0,397.0,397.5,60.0,822.0,21511.0,25350.0,False,False
2330,2022-11-08 09:53:15.568963,-0.002512562814070307,0.0,-1.0,0.0,397.5,398.0,397.0,397.5,60.0,822.0,21511.0,25350.0,False,False
2330,2022-11-08 09:53:15.774555,-0.002512562814070307,0.0,-1.0,0.0,397.5,398.0,397.0,397.5,60.0,822.0,21511.0,25350.0,False,False
2330,2022-11-08 09:53:15.914117,-0.002512562814070307,0.0,-1.0,0.0,397.5,398.0,397.0,397.5,60.0,822.0,21511.0,25350.0,False,False
2330,2022-11-08 09:53:16.037475,-0.002512562814070307,0.0,-1.0,0.0,397.5,398.0,397.0,397.5,61.0,822.0,21511.0,25350.0,False,False
2330,2022-11-08 09:53:16.134433,-0.002512562814070307,0.0,-1.0,0.0,397.5,398.0,397.0,397.5,60.0,822.0,21511.0,25350.0,False,False
2330,2022-11-08 09:53:17.646483,-0.002512562814070307,0.0,-1.0,0.0,397.5,398.0,397.0,397.5,60.0,822.0,21511.0,25350.0,False,False
2330,2022-11-08 09:53:17.767897,-0.002512562814070307,0.0,-1.0,0.0,397.5,398.0,397.0,397.5,60.0,822.0,21511.0,25350.0,False,False
2330,2022-11-08 09:53:17.781231,-0.002512562814070307,0.0,-1.0,0.0,397.5,398.0,397.0,397.5,60.0,822.0,21511.0,25350.0,False,False
2330,2022-11-08 09:53:18.240890,-0.002512562814070307,0.0,-1.0,0.0,397.5,398.0,397.0,397.5,61.0,822.0,21511.0,25350.0,False,False
2330,2022-11-08 09:53:18.438525,-0.002512562814070307,0.0,-1.0,0.0,397.5,398.0,397.0,397.5,60.0,822.0,21511.0,25350.0,False,False
2330,2022-11-08 09:53:19.211242,-0.002512562814070307,0.0,-1.0,0.0,397.5,398.0,397.0,397.5,60.0,822.0,21511.0,25350.0,False,False
2330,2022-11-08 09:53:20.205227,-0.002512562814070307,0.0,-1.0,0.0,397.5,398.0,397.0,397.5,60.0,822.0,21511.0,25350.0,False,False
2330,2022-11-08 09:53:20.749214,-0.002512562814070307,0.0,-1.0,0.0,397.5,398.0,397.0,397.5,60.0,821.0,21511.0,25350.0,False,False
2330,2022-11-08 09:53:21.826959,-0.002512562814070307,0.0,-1.0,0.0,397.5,398.0,397.0,397.5,59.0,821.0,21511.0,25350.0,False,False
2330,2022-11-08 09:53:22.341591,-0.002512562814070307,0.0,-1.0,0.0,397.5,398.0,397.0,397.5,59.0,816.0,21511.0,25350.0,False,False
2330,2022-11-08 09:53:23.217610,-0.002512562814070307,0.0,-1.0,0.0,397.5,398.0,397.0,397.5,59.0,817.0,21511.0,25350.0,False,False
2330,2022-11-08 09:53:23.168403,-0.002512562814070307,0.0,-1.0,0.0,397.5,398.0,397.0,397.5,59.0,817.0,21532.0,25550.0,True,True
2330,2022-11-08 09:53:23.479777,-0.002512562814070307,0.0,-1.0,0.0,397.5,398.0,397.0,397.5,58.0,817.0,21532.0,25550.0,False,False
2330,2022-11-08 09:53:23.692435,-0.002512562814070307,0.0,-1.0,0.0,397.5,398.0,397.0,397.5,58.0,817.0,21532.0,25550.0,False,False
2330,2022-11-08 09:53:23.806173,-0.002512562814070307,0.0,-1.0,0.0,397.5,398.0,397.0,397.5,58.0,817.0,21532.0,25550.0,False,False
2330,2022-11-08 09:53:24.552486,-0.002512562814070307,0.0,-1.0,0.0,397.5,398.0,397.0,397.5,58.0,817.0,21532.0,25550.0,False,False
2330,2022-11-08 09:53:25.100174,-0.002512562814070307,0.0,-1.0,0.0,397.5,398.0,397.0,397.5,58.0,816.0,21532.0,25550.0,False,False
2330,2022-11-08 09:53:25.557456,-0.002512562814070307,0.0,-1.0,0.0,397.5,398.0,397.0,397.5,58.0,816.0,21532.0,25550.0,False,False
2330,2022-11-08 09:53:25.559102,-0.002512562814070307,0.0,-1.0,0.0,397.5,398.0,397.0,397.5,64.0,816.0,21532.0,25550.0,False,False
2330,2022-11-08 09:53:26.015753,-0.002512562814070307,0.0,-1.0,0.0,397.5,398.0,397.0,397.5,64.0,816.0,21532.0,25550.0,False,False
2330,2022-11-08 09:53:26.045471,-0.002512562814070307,0.0,-1.0,0.0,397.5,398.0,397.0,397.5,64.0,816.0,21532.0,25550.0,False,False
2330,2022-11-08 09:53:26.109039,-0.002512562814070307,0.0,-1.0,0.0,397.5,398.0,397.0,397.5,64.0,816.0,21532.0,25550.0,False,False
2330,2022-11-08 09:53:27.323282,-0.002512562814070307,0.0,-1.0,0.0,397.5,398.0,397.0,397.5,64.0,817.0,21532.0,25550.0,False,False
2330,2022-11-08 09:53:27.568835,-0.002512562814070307,0.0,-1.0,0.0,397.5,398.0,397.0,397.5,63.0,817.0,21532.0,25550.0,False,False
2330,2022-11-08 09:53:28.091023,-0.002512562814070307,0.0,-1.0,0.0,397.5,398.0,397.0,397.5,63.0,817.0,21532.0,25550.0,False,False
2330,2022-11-08 09:53:28.146156,-0.002512562814070307,0.0,-1.0,0.0,397.5,398.0,397.0,397.5,65.0,817.0,21532.0,25550.0,False,False
2330,2022-11-08 09:53:30.250125,-0.002512562814070307,0.0,-1.0,0.0,397.5,398.0,397.0,397.5,65.0,817.0,21532.0,25550.0,False,False
2330,2022-11-08 09:53:30.828996,-0.002512562814070307,0.0,-1.0,0.0,397.5,398.0,397.0,397.5,63.0,817.0,21532.0,25550.0,False,False
2330,2022-11-08 09:53:30.954130,-0.002512562814070307,0.0,-1.0,0.0,397.5,398.0,397.0,397.5,63.0,817.0,21532.0,25550.0,False,False
2330,2022-11-08 09:53:32.772530,-0.002512562814070307,0.0,-1.0,0.0,397.5,398.0,397.0,397.5,63.0,817.0,21532.0,25550.0,False,False
2330,2022-11-08 09:53:32.958160,-0.002512562814070307,0.0,-1.0,0.0,397.5,398.0,397.0,397.5,62.0,817.0,21532.0,25550.0,False,False
2330,2022-11-08 09:53:33.043353,-0.002512562814070307,0.0,-1.0,0.0,397.5,398.0,397.0,397.5,62.0,817.0,21532.0,25550.0,False,False
2330,2022-11-08 09:53:33.197506,-0.002512562814070307,0.0,-1.0,0.0,397.5,398.0,397.0,397.5,62.0,817.0,21585.0,25950.0,True,True
2330,2022-11-08 09:53:33.570656,-0.002512562814070307,0.0,-1.0,0.0,397.5,398.0,397.0,397.5,63.0,817.0,21585.0,25950.0,False,False
2330,2022-11-08 09:53:34.858517,-0.002512562814070307,0.0,-1.0,0.0,397.5,398.0,397.0,397.5,63.0,816.0,21585.0,25950.0,False,False
2330,2022-11-08 09:53:35.153745,-0.002512562814070307,0.0,-1.0,0.0,397.5,398.0,397.0,397.5,63.0,816.0,21585.0,25950.0,False,False
2330,2022-11-08 09:53:35.411114,-0.002512562814070307,0.0,-1.0,0.0,397.5,398.0,397.0,397.5,64.0,816.0,21585.0,25950.0,False,False
2330,2022-11-08 09:53:36.092515,-0.002512562814070307,0.0,-1.0,0.0,397.5,398.0,397.0,397.5,64.0,816.0,21585.0,25950.0,False,False
2330,2022-11-08 09:53:36.137998,-0.002512562814070307,0.0,-1.0,0.0,397.5,398.0,397.0,397.5,63.0,816.0,21585.0,25950.0,False,False
2330,2022-11-08 09:53:36.213518,-0.002512562814070307,0.0,-1.0,0.0,397.5,398.0,397.0,397.5,63.0,815.0,21585.0,25950.0,False,False
2330,2022-11-08 09:53:36.771586,-0.002512562814070307,0.0,-1.0,0.0,397.5,398.0,397.0,397.5,64.0,815.0,21585.0,25950.0,False,False
2330,2022-11-08 09:53:36.810974,-0.002512562814070307,0.0,-1.0,0.0,397.5,398.0,397.0,397.5,64.0,815.0,21585.0,25950.0,False,False
2330,2022-11-08 09:53:37.599429,-0.002512562814070307,0.0,-1.0,0.0,397.5,398.0,397.0,397.5,74.0,815.0,21585.0,25950.0,False,False
2330,2022-11-08 09:53:38.002370,-0.002512562814070307,0.0,-1.0,0.0,397.5,398.0,397.0,397.5,74.0,825.0,21585.0,25950.0,False,False
2330,2022-11-08 09:53:38.026709,-0.002512562814070307,0.0,-1.0,0.0,397.5,398.0,397.0,397.5,74.0,825.0,21585.0,25950.0,False,False
2330,2022-11-08 09:53:38.229797,-0.002512562814070307,0.0,-1.0,0.0,397.5,398.0,397.0,397.5,74.0,825.0,21585.0,25950.0,False,False
2330,2022-11-08 09:53:38.553906,-0.002512562814070307,0.0,-1.0,0.0,397.5,398.0,397.0,397.5,74.0,824.0,21585.0,25950.0,False,False
2330,2022-11-08 09:53:39.090961,-0.002512562814070307,0.0,-1.0,0.0,397.5,398.0,397.0,397.5,78.0,824.0,21585.0,25950.0,False,False
2330,2022-11-08 09:53:39.827936,-0.002512562814070307,0.0,-1.0,0.0,397.5,398.0,397.0,397.5,77.0,824.0,21585.0,25950.0,False,False
2330,2022-11-08 09:53:39.921725,-0.002512562814070307,0.0,-1.0,0.0,397.5,398.0,397.0,397.5,85.0,824.0,21585.0,25950.0,False,False
2330,2022-11-08 09:53:39.993304,-0.002512562814070307,0.0,-1.0,0.0,397.5,398.0,397.0,397.5,85.0,823.0,21585.0,25950.0,False,False
2330,2022-11-08 09:53:40.068730,-0.002512562814070307,0.0,-1.0,0.0,397.5,398.0,397.0,397.5,84.0,823.0,21585.0,25950.0,False,False
2330,2022-11-08 09:53:40.135537,-0.002512562814070307,0.0,-1.0,0.0,397.5,398.0,397.0,397.5,84.0,823.0,21585.0,25950.0,False,False
2330,2022-11-08 09:53:40.742735,-0.002512562814070307,0.0,-1.0,0.0,397.5,398.0,397.0,397.5,84.0,823.0,21585.0,25950.0,False,False
2330,2022-11-08 09:53:41.673631,-0.002512562814070307,0.0,-1.0,0.0,397.5,398.0,397.0,397.5,84.0,824.0,21585.0,25950.0,False,False
2330,2022-11-08 09:53:42.304517,-0.002512562814070307,0.0,-1.0,0.0,397.5,398.0,397.0,397.5,84.0,824.0,21585.0,25950.0,False,False
2330,2022-11-08 09:53:42.520628,-0.002512562814070307,0.0,-1.0,0.0,397.5,398.0,397.0,397.5,83.0,824.0,21585.0,25950.0,False,False
2330,2022-11-08 09:53:42.582286,-0.002512562814070307,0.0,-1.0,0.0,397.5,398.0,397.0,397.5,83.0,824.0,21585.0,25950.0,False,False
2330,2022-11-08 09:53:42.817853,-0.002512562814070307,0.0,-1.0,0.0,397.5,398.0,397.0,397.5,83.0,824.0,21585.0,25950.0,False,False
2330,2022-11-08 09:53:43.225588,-0.002512562814070307,0.0,-1.0,0.0,397.5,398.0,397.0,397.5,83.0,824.0,22080.0,25955.0,True,True
2330,2022-11-08 09:53:44.541403,-0.002512562814070307,0.0,-1.0,0.0,397.5,398.0,397.0,397.5,84.0,824.0,22080.0,25955.0,False,False
2330,2022-11-08 09:53:44.763749,-0.002512562814070307,0.0,-1.0,0.0,397.5,398.0,397.0,397.5,84.0,824.0,22080.0,25955.0,False,False
2330,2022-11-08 09:53:47.498860,-0.002512562814070307,0.0,-1.0,0.0,397.5,398.0,397.0,397.5,84.0,824.0,22080.0,25955.0,False,False
2330,2022-11-08 09:53:47.828064,-0.002512562814070307,0.0,-1.0,0.0,397.5,398.0,397.0,397.5,84.0,824.0,22080.0,25955.0,False,False
2330,2022-11-08 09:53:47.910563,-0.002512562814070307,0.0,-1.0,0.0,397.5,398.0,397.0,397.5,84.0,825.0,22080.0,25955.0,False,False
2330,2022-11-08 09:53:48.479709,-0.002512562814070307,0.0,-1.0,0.0,397.5,398.0,397.0,397.5,84.0,825.0,22080.0,25955.0,False,False
2330,2022-11-08 09:53:49.350705,-0.002512562814070307,0.0,-1.0,0.0,397.5,398.0,397.0,397.5,84.0,825.0,22080.0,25955.0,False,False
2330,2022-11-08 09:53:49.385005,-0.002512562814070307,0.0,-1.0,0.0,397.5,398.0,397.0,397.5,86.0,825.0,22080.0,25955.0,False,False
2330,2022-11-08 09:53:50.011115,-0.002512562814070307,0.0,-1.0,0.0,397.5,398.0,397.0,397.5,86.0,825.0,22080.0,25955.0,False,False
2330,2022-11-08 09:53:50.038483,-0.002512562814070307,0.0,-1.0,0.0,397.5,398.0,397.0,397.5,86.0,825.0,22080.0,25955.0,False,False
2330,2022-11-08 09:53:50.083867,-0.002512562814070307,0.0,-1.0,0.0,397.5,398.0,397.0,397.5,86.0,824.0,22080.0,25955.0,False,False
2330,2022-11-08 09:53:50.261527,-0.002512562814070307,0.0,-1.0,0.0,397.5,398.0,397.0,397.5,87.0,824.0,22080.0,25955.0,False,False
2330,2022-11-08 09:53:50.377631,-0.002512562814070307,0.0,-1.0,0.0,397.5,398.0,397.0,397.5,87.0,826.0,22080.0,25955.0,False,False
2330,2022-11-08 09:53:50.735912,-0.002512562814070307,0.0,-1.0,0.0,397.5,398.0,397.0,397.5,86.0,826.0,22080.0,25955.0,False,False
2330,2022-11-08 09:53:51.136672,-0.002512562814070307,0.0,-1.0,0.0,397.5,398.0,397.0,397.5,86.0,825.0,22080.0,25955.0,False,False
2330,2022-11-08 09:53:51.404797,-0.002512562814070307,0.0,-1.0,0.0,397.5,398.0,397.0,397.5,85.0,825.0,22080.0,25955.0,False,False
2330,2022-11-08 09:53:51.483180,-0.002512562814070307,0.0,-1.0,0.0,397.5,398.0,397.0,397.5,89.0,825.0,22080.0,25955.0,False,False
2330,2022-11-08 09:53:51.867698,-0.002512562814070307,0.0,-1.0,0.0,397.5,398.0,397.0,397.5,88.0,825.0,22080.0,25955.0,False,False
2330,2022-11-08 09:53:51.931317,-0.002512562814070307,0.0,-1.0,0.0,397.5,398.0,397.0,397.5,88.0,824.0,22080.0,25955.0,False,False
2330,2022-11-08 09:53:52.479821,-0.002512562814070307,0.0,-1.0,0.0,397.5,398.0,397.0,397.5,86.0,824.0,22080.0,25955.0,False,False
2330,2022-11-08 09:53:52.611086,-0.002512562814070307,0.0,-1.0,0.0,397.5,398.0,397.0,397.5,86.0,826.0,22080.0,25955.0,False,False
2330,2022-11-08 09:53:53.254717,-0.002512562814070307,0.0,-1.0,0.0,397.5,398.0,397.0,397.5,86.0,826.0,22560.0,26055.0,True,True
2330,2022-11-08 09:53:53.677973,-0.002512562814070307,0.0,-1.0,0.0,397.5,398.0,397.0,397.5,86.0,828.0,22560.0,26055.0,False,False
2330,2022-11-08 09:53:54.016413,-0.002512562814070307,0.0,-1.0,0.0,397.5,398.0,397.0,397.5,85.0,828.0,22560.0,26055.0,False,False
2330,2022-11-08 09:53:54.227079,-0.002512562814070307,0.0,-1.0,0.0,397.5,398.0,397.0,397.5,85.0,829.0,22560.0,26055.0,False,False
2330,2022-11-08 09:53:54.972556,-0.002512562814070307,0.0,-1.0,0.0,397.5,398.0,397.0,397.5,85.0,830.0,22560.0,26055.0,False,False
2330,2022-11-08 09:53:57.334784,-0.002512562814070307,0.0,-1.0,0.0,397.5,398.0,397.0,397.5,85.0,835.0,22560.0,26055.0,False,False
2330,2022-11-08 09:53:58.325801,-0.002512562814070307,0.0,-1.0,0.0,397.5,398.0,397.0,397.5,86.0,835.0,22560.0,26055.0,False,False
2330,2022-11-08 09:53:58.386962,-0.002512562814070307,0.0,-1.0,0.0,397.5,398.0,397.0,397.5,86.0,835.0,22560.0,26055.0,False,False
2330,2022-11-08 09:53:59.963421,-0.002512562814070307,0.0,-1.0,0.0,397.5,398.0,397.0,397.5,86.0,835.0,22560.0,26055.0,False,False
2330,2022-11-08 09:54:00.935402,-0.002512562814070307,0.0,-1.0,0.0,397.5,398.0,397.0,397.5,86.0,835.0,22560.0,26055.0,False,False
2330,2022-11-08 09:54:00.940668,-0.002512562814070307,0.0,-1.0,0.0,397.5,398.0,397.0,397.5,86.0,835.0,22560.0,26055.0,False,False
2330,2022-11-08 09:54:01.061327,-0.002512562814070307,0.0,-1.0,0.0,397.5,398.0,397.0,397.5,86.0,835.0,22560.0,26055.0,False,False
2330,2022-11-08 09:54:01.138401,-0.002512562814070307,0.0,-1.0,0.0,397.5,398.0,397.0,397.5,86.0,835.0,22560.0,26055.0,False,False
2330,2022-11-08 09:54:01.271248,-0.002512562814070307,0.0,-1.0,0.0,397.5,398.0,397.0,397.5,86.0,835.0,22560.0,26055.0,False,False
2330,2022-11-08 09:54:02.526573,-0.002512562814070307,0.0,-1.0,0.0,397.5,398.0,397.0,397.5,87.0,835.0,22560.0,26055.0,False,False
2330,2022-11-08 09:54:03.070257,-0.002512562814070307,0.0,-1.0,0.0,397.5,398.0,397.0,397.5,87.0,835.0,22560.0,26055.0,False,False
2330,2022-11-08 09:54:03.078137,-0.002512562814070307,0.0,-1.0,0.0,397.5,398.0,397.0,397.5,87.0,835.0,22560.0,26055.0,False,False
2330,2022-11-08 09:54:03.405587,-0.002512562814070307,0.0,-1.0,0.0,397.5,398.0,397.0,397.5,87.0,835.0,22560.0,26055.0,False,False
2330,2022-11-08 09:54:03.484868,-0.002512562814070307,0.0,-1.0,0.0,397.5,398.0,397.0,397.5,87.0,835.0,22560.0,26055.0,False,False
2330,2022-11-08 09:54:03.286871,-0.002512562814070307,0.0,-1.0,0.0,397.5,398.0,397.0,397.5,87.0,835.0,22499.0,26075.0,True,True
2330,2022-11-08 09:54:03.556626,-0.002512562814070307,0.0,-1.0,0.0,397.5,398.0,397.0,397.5,87.0,835.0,22499.0,26075.0,False,False
2330,2022-11-08 09:54:04.099456,-0.002512562814070307,0.0,-1.0,0.0,397.5,398.0,397.0,397.5,86.0,835.0,22499.0,26075.0,False,False
2330,2022-11-08 09:54:04.385983,-0.002512562814070307,0.0,-1.0,0.0,397.5,398.0,397.0,397.5,85.0,835.0,22499.0,26075.0,False,False
2330,2022-11-08 09:54:04.511205,-0.002512562814070307,0.0,-1.0,0.0,397.5,398.0,397.0,397.5,85.0,834.0,22499.0,26075.0,False,False
2330,2022-11-08 09:54:04.546478,-0.002512562814070307,0.0,-1.0,0.0,397.5,398.0,397.0,397.5,88.0,834.0,22499.0,26075.0,False,False
2330,2022-11-08 09:54:04.637747,-0.002512562814070307,0.0,-1.0,0.0,397.5,398.0,397.0,397.5,88.0,833.0,22499.0,26075.0,False,False
2330,2022-11-08 09:54:04.776502,-0.002512562814070307,0.0,-1.0,0.0,397.5,398.0,397.0,397.5,88.0,834.0,22499.0,26075.0,False,False
2330,2022-11-08 09:54:05.266755,-0.002512562814070307,0.0,-1.0,0.0,397.5,398.0,397.0,397.5,88.0,835.0,22499.0,26075.0,False,False
2330,2022-11-08 09:54:06.186628,-0.002512562814070307,0.0,-1.0,0.0,397.5,398.0,397.0,397.5,87.0,835.0,22499.0,26075.0,False,False
2330,2022-11-08 09:54:06.753947,-0.002512562814070307,0.0,-1.0,0.0,397.5,398.0,397.0,397.5,87.0,835.0,22499.0,26075.0,False,False
2330,2022-11-08 09:54:06.851811,-0.002512562814070307,0.0,-1.0,0.0,397.5,398.0,397.0,397.5,87.0,835.0,22499.0,26075.0,False,False
2330,2022-11-08 09:54:07.250385,-0.002512562814070307,0.0,-1.0,0.0,397.5,398.0,397.0,397.5,87.0,835.0,22499.0,26075.0,False,False
2330,2022-11-08 09:54:07.399630,-0.002512562814070307,0.0,-1.0,0.0,397.5,398.0,397.0,397.5,87.0,835.0,22499.0,26075.0,False,False
2330,2022-11-08 09:54:08.154651,-0.002512562814070307,0.0,-1.0,0.0,397.5,398.0,397.0,397.5,88.0,835.0,22499.0,26075.0,False,False
2330,2022-11-08 09:54:10.187132,-0.002512562814070307,0.0,-1.0,0.0,397.5,398.0,397.0,397.5,88.0,835.0,22499.0,26075.0,False,False
2330,2022-11-08 09:54:10.546566,-0.002512562814070307,0.0,-1.0,0.0,397.5,398.0,397.0,397.5,89.0,835.0,22499.0,26075.0,False,False
2330,2022-11-08 09:54:10.930242,-0.002512562814070307,0.0,-1.0,0.0,397.5,398.0,397.0,397.5,90.0,835.0,22499.0,26075.0,False,False
2330,2022-11-08 09:54:11.647358,-0.002512562814070307,0.0,-1.0,0.0,397.5,398.0,397.0,397.5,90.0,835.0,22499.0,26075.0,False,False
2330,2022-11-08 09:54:12.166859,-0.002512562814070307,0.0,-1.0,0.0,397.5,398.0,397.0,397.5,91.0,835.0,22499.0,26075.0,False,False
2330,2022-11-08 09:54:12.335402,-0.002512562814070307,0.0,-1.0,0.0,397.5,398.0,397.0,397.5,91.0,835.0,22499.0,26075.0,False,False
2330,2022-11-08 09:54:12.372087,-0.002512562814070307,0.0,-1.0,0.0,397.5,398.0,397.0,397.5,92.0,835.0,22499.0,26075.0,False,False
2330,2022-11-08 09:54:13.320174,-0.002512562814070307,0.0,-1.0,0.0,397.5,398.0,397.0,397.5,92.0,835.0,22287.0,26103.0,True,True
2330,2022-11-08 09:54:13.627902,-0.002512562814070307,0.0,-1.0,0.0,397.5,398.0,397.0,397.5,92.0,835.0,22287.0,26103.0,False,False
2330,2022-11-08 09:54:13.781681,-0.002512562814070307,0.0,-1.0,0.0,397.5,398.0,397.0,397.5,92.0,835.0,22287.0,26103.0,False,False
2330,2022-11-08 09:54:14.467168,-0.002512562814070307,0.0,-1.0,0.0,397.5,398.0,397.0,397.5,92.0,834.0,22287.0,26103.0,False,False
2330,2022-11-08 09:54:14.855530,-0.002512562814070307,0.0,-1.0,0.0,397.5,398.0,397.0,397.5,91.0,833.0,22287.0,26103.0,False,False
2330,2022-11-08 09:54:16.020349,-0.002512562814070307,0.0,-1.0,0.0,397.5,398.0,397.0,397.5,91.0,832.0,22287.0,26103.0,False,False
2330,2022-11-08 09:54:16.085196,-0.002512562814070307,0.0,-1.0,0.0,397.5,398.0,397.0,397.5,92.0,832.0,22287.0,26103.0,False,False
2330,2022-11-08 09:54:16.407567,-0.002512562814070307,0.0,-1.0,0.0,397.5,398.0,397.0,397.5,92.0,832.0,22287.0,26103.0,False,False
2330,2022-11-08 09:54:17.177456,-0.002512562814070307,0.0,-1.0,0.0,397.5,398.0,397.0,397.5,92.0,832.0,22287.0,26103.0,False,False
2330,2022-11-08 09:54:17.389263,-0.002512562814070307,0.0,-1.0,0.0,397.5,398.0,397.0,397.5,94.0,832.0,22287.0,26103.0,False,False
2330,2022-11-08 09:54:18.609748,-0.002512562814070307,0.0,-1.0,0.0,397.5,398.0,397.0,397.5,94.0,832.0,22287.0,26103.0,False,False
2330,2022-11-08 09:54:20.511135,-0.002512562814070307,0.0,-1.0,0.0,397.5,398.0,397.0,397.5,94.0,832.0,22287.0,26103.0,False,False
2330,2022-11-08 09:54:21.084196,-0.002512562814070307,0.0,-1.0,0.0,397.5,398.0,397.0,397.5,94.0,831.0,22287.0,26103.0,False,False
2330,2022-11-08 09:54:21.091480,-0.002512562814070307,0.0,-1.0,0.0,397.5,398.0,397.0,397.5,94.0,831.0,22287.0,26103.0,False,False
2330,2022-11-08 09:54:21.258028,-0.002512562814070307,0.0,-1.0,0.0,397.5,398.0,397.0,397.5,94.0,831.0,22287.0,26103.0,False,False
2330,2022-11-08 09:54:21.971414,-0.002512562814070307,0.0,-1.0,0.0,397.5,398.0,397.0,397.5,93.0,831.0,22287.0,26103.0,False,False
2330,2022-11-08 09:54:22.034198,-0.002512562814070307,0.0,-1.0,0.0,397.5,398.0,397.0,397.5,93.0,831.0,22287.0,26103.0,False,False
2330,2022-11-08 09:54:22.401662,-0.002512562814070307,0.0,-1.0,0.0,397.5,398.0,397.0,397.5,93.0,830.0,22287.0,26103.0,False,False
2330,2022-11-08 09:54:22.619446,-0.002512562814070307,0.0,-1.0,0.0,397.5,398.0,397.0,397.5,93.0,831.0,22287.0,26103.0,False,False
2330,2022-11-08 09:54:22.690400,-0.002512562814070307,0.0,-1.0,0.0,397.5,398.0,397.0,397.5,93.0,830.0,22287.0,26103.0,False,False
2330,2022-11-08 09:54:22.725101,-0.002512562814070307,0.0,-1.0,0.0,397.5,398.0,397.0,397.5,93.0,830.0,22287.0,26103.0,False,False
2330,2022-11-08 09:54:23.079091,-0.002512562814070307,0.0,-1.0,0.0,397.5,398.0,397.0,397.5,93.0,830.0,22287.0,26103.0,False,False
2330,2022-11-08 09:54:23.322055,-0.002512562814070307,0.0,-1.0,0.0,397.5,398.0,397.0,397.5,93.0,831.0,22287.0,26103.0,False,False
2330,2022-11-08 09:54:23.384287,-0.002512562814070307,0.0,-1.0,0.0,397.5,398.0,397.0,397.5,93.0,831.0,22287.0,26103.0,False,False
2330,2022-11-08 09:54:23.570246,-0.002512562814070307,0.0,-1.0,0.0,397.5,398.0,397.0,397.5,93.0,831.0,22287.0,26103.0,False,False
2330,2022-11-08 09:54:23.348167,-0.002512562814070307,0.0,-1.0,0.0,397.5,398.0,397.0,397.5,93.0,831.0,23577.0,26108.0,True,True
2330,2022-11-08 09:54:25.183193,-0.002512562814070307,0.0,-1.0,0.0,397.5,398.0,397.0,397.5,93.0,832.0,23577.0,26108.0,False,False
2330,2022-11-08 09:54:26.081159,-0.002512562814070307,0.0,-1.0,0.0,397.5,398.0,397.0,397.5,93.0,831.0,23577.0,26108.0,False,False
2330,2022-11-08 09:54:28.314322,-0.002512562814070307,0.0,-1.0,0.0,397.5,398.0,397.0,397.5,93.0,832.0,23577.0,26108.0,False,False
2330,2022-11-08 09:54:28.449262,-0.002512562814070307,0.0,-1.0,0.0,397.5,398.0,397.0,397.5,95.0,832.0,23577.0,26108.0,False,False
2330,2022-11-08 09:54:28.908992,-0.002512562814070307,0.0,-1.0,0.0,397.5,398.0,397.0,397.5,95.0,832.0,23577.0,26108.0,False,False
2330,2022-11-08 09:54:29.153070,-0.002512562814070307,0.0,-1.0,0.0,397.5,398.0,397.0,397.5,95.0,832.0,23577.0,26108.0,False,False
2330,2022-11-08 09:54:30.118402,-0.002512562814070307,0.0,-1.0,0.0,397.5,398.0,397.0,397.5,95.0,833.0,23577.0,26108.0,False,False
2330,2022-11-08 09:54:30.968863,-0.002512562814070307,0.0,-1.0,0.0,397.5,398.0,397.0,397.5,95.0,836.0,23577.0,26108.0,False,False
2330,2022-11-08 09:54:32.468544,-0.002512562814070307,0.0,-1.0,0.0,397.5,398.0,397.0,397.5,100.0,836.0,23577.0,26108.0,False,False
2330,2022-11-08 09:54:33.076690,-0.002512562814070307,0.0,-1.0,0.0,397.5,398.0,397.0,397.5,100.0,836.0,23577.0,26108.0,False,False
2330,2022-11-08 09:54:33.312034,-0.002512562814070307,0.0,-1.0,0.0,397.5,398.0,397.0,397.5,100.0,836.0,23577.0,26108.0,False,False
2330,2022-11-08 09:54:33.411453,-0.002512562814070307,0.0,-1.0,0.0,397.5,398.0,397.0,397.5,100.0,837.0,23577.0,26108.0,False,False
2330,2022-11-08 09:54:33.461745,-0.002512562814070307,0.0,-1.0,0.0,397.5,398.0,397.0,397.5,100.0,838.0,23577.0,26108.0,False,False
2330,2022-11-08 09:54:33.376227,-0.002512562814070307,0.0,-1.0,0.0,397.5,398.0,397.0,397.5,100.0,838.0,23637.0,26403.0,True,True
2330,2022-11-08 09:54:34.517171,-0.002512562814070307,0.0,-1.0,0.0,397.5,398.0,397.0,397.5,100.0,838.0,23637.0,26403.0,False,False
2330,2022-11-08 09:54:34.591160,-0.002512562814070307,0.0,-1.0,0.0,397.5,398.0,397.0,397.5,100.0,848.0,23637.0,26403.0,False,False
2330,2022-11-08 09:54:34.662000,-0.002512562814070307,0.0,-1.0,0.0,397.5,398.0,397.0,397.5,100.0,848.0,23637.0,26403.0,False,False
2330,2022-11-08 09:54:34.713265,-0.002512562814070307,0.0,-1.0,0.0,397.5,398.0,397.0,397.5,101.0,848.0,23637.0,26403.0,False,False
2330,2022-11-08 09:54:34.998471,-0.002512562814070307,0.0,-1.0,0.0,397.5,398.0,397.0,397.5,101.0,848.0,23637.0,26403.0,False,False
2330,2022-11-08 09:54:35.448252,-0.002512562814070307,0.0,-1.0,0.0,397.5,398.0,397.0,397.5,101.0,847.0,23637.0,26403.0,False,False
2330,2022-11-08 09:54:35.562553,-0.002512562814070307,0.0,-1.0,0.0,397.5,398.0,397.0,397.5,101.0,847.0,23637.0,26403.0,False,False
2330,2022-11-08 09:54:35.791939,-0.002512562814070307,0.0,-1.0,0.0,397.5,398.0,397.0,397.5,101.0,847.0,23637.0,26403.0,False,False
2330,2022-11-08 09:54:35.916834,-0.002512562814070307,0.0,-1.0,0.0,397.5,398.0,397.0,397.5,101.0,847.0,23637.0,26403.0,False,False
2330,2022-11-08 09:54:35.923515,-0.002512562814070307,0.0,-1.0,0.0,397.5,398.0,397.0,397.5,101.0,848.0,23637.0,26403.0,False,False
2330,2022-11-08 09:54:36.889966,-0.002512562814070307,0.0,-1.0,0.0,397.5,398.0,397.0,397.5,101.0,853.0,23637.0,26403.0,False,False
2330,2022-11-08 09:54:36.919672,-0.002512562814070307,0.0,-1.0,0.0,397.5,398.0,397.0,397.5,101.0,854.0,23637.0,26403.0,False,False
2330,2022-11-08 09:54:38.711145,-0.002512562814070307,0.0,-1.0,0.0,397.5,398.0,397.0,397.5,101.0,854.0,23637.0,26403.0,False,False
2330,2022-11-08 09:54:39.127979,-0.002512562814070307,0.0,-1.0,0.0,397.5,398.0,397.0,397.5,102.0,854.0,23637.0,26403.0,False,False
2330,2022-11-08 09:54:39.241238,-0.002512562814070307,0.0,-1.0,0.0,397.5,398.0,397.0,397.5,103.0,854.0,23637.0,26403.0,False,False
2330,2022-11-08 09:54:40.524899,-0.002512562814070307,0.0,-1.0,0.0,397.5,398.0,397.0,397.5,103.0,854.0,23637.0,26403.0,False,False
2330,2022-11-08 09:54:40.615771,-0.002512562814070307,0.0,-1.0,0.0,397.5,398.0,397.0,397.5,102.0,854.0,23637.0,26403.0,False,False
2330,2022-11-08 09:54:40.964279,-0.002512562814070307,0.0,-1.0,0.0,397.5,398.0,397.0,397.5,102.0,854.0,23637.0,26403.0,False,False
2330,2022-11-08 09:54:41.429993,-0.002512562814070307,0.0,-1.0,0.0,397.5,398.0,397.0,397.5,102.0,854.0,23637.0,26403.0,False,False
2330,2022-11-08 09:54:42.156813,-0.002512562814070307,0.0,-1.0,0.0,397.5,398.0,397.0,397.5,101.0,854.0,23637.0,26403.0,False,False
2330,2022-11-08 09:54:42.161047,-0.002512562814070307,0.0,-1.0,0.0,397.5,398.0,397.0,397.5,101.0,855.0,23637.0,26403.0,False,False
2330,2022-11-08 09:54:42.165996,-0.002512562814070307,0.0,-1.0,0.0,397.5,398.0,397.0,397.5,101.0,855.0,23637.0,26403.0,False,False
2330,2022-11-08 09:54:42.430636,-0.002512562814070307,0.0,-1.0,0.0,397.5,398.0,397.0,397.5,101.0,855.0,23637.0,26403.0,False,False
2330,2022-11-08 09:54:42.842120,-0.002512562814070307,0.0,-1.0,0.0,397.5,398.0,397.0,397.5,102.0,855.0,23637.0,26403.0,False,False
2330,2022-11-08 09:54:43.056226,-0.002512562814070307,0.0,-1.0,0.0,397.5,398.0,397.0,397.5,103.0,855.0,23637.0,26403.0,False,False
2330,2022-11-08 09:54:43.300586,-0.002512562814070307,0.0,-1.0,0.0,397.5,398.0,397.0,397.5,103.0,856.0,23637.0,26403.0,False,False
2330,2022-11-08 09:54:43.381895,-0.002512562814070307,0.0,-1.0,0.0,397.5,398.0,397.0,397.5,103.0,856.0,23637.0,26403.0,False,False
2330,2022-11-08 09:54:43.407386,-0.002512562814070307,0.0,-1.0,0.0,397.5,398.0,397.0,397.5,103.0,856.0,23463.0,25903.0,True,True
2330,2022-11-08 09:54:44.196502,-0.002512562814070307,0.0,-1.0,0.0,397.5,398.0,397.0,397.5,102.0,855.0,23463.0,25903.0,False,False
2330,2022-11-08 09:54:45.013689,-0.002512562814070307,0.0,-1.0,0.0,397.5,398.0,397.0,397.5,102.0,854.0,23463.0,25903.0,False,False
2330,2022-11-08 09:54:45.067548,-0.002512562814070307,0.0,-1.0,0.0,397.5,398.0,397.0,397.5,101.0,853.0,23463.0,25903.0,False,False
2330,2022-11-08 09:54:45.473511,-0.002512562814070307,0.0,-1.0,0.0,397.5,398.0,397.0,397.5,101.0,853.0,23463.0,25903.0,False,False
2330,2022-11-08 09:54:45.692171,-0.002512562814070307,0.0,-1.0,0.0,397.5,398.0,397.0,397.5,101.0,837.0,23463.0,25903.0,False,False
2330,2022-11-08 09:54:46.076906,-0.002512562814070307,0.0,-1.0,0.0,397.5,398.0,397.0,397.5,101.0,837.0,23463.0,25903.0,False,False
2330,2022-11-08 09:54:46.149808,-0.002512562814070307,0.0,-1.0,0.0,397.5,398.0,397.0,397.5,101.0,835.0,23463.0,25903.0,False,False
2330,2022-11-08 09:54:46.239528,-0.002512562814070307,0.0,-1.0,0.0,397.5,398.0,397.0,397.5,101.0,835.0,23463.0,25903.0,False,False
2330,2022-11-08 09:54:46.812789,-0.002512562814070307,0.0,-1.0,0.0,397.5,398.0,397.0,397.5,101.0,835.0,23463.0,25903.0,False,False
2330,2022-11-08 09:54:47.258806,-0.002512562814070307,0.0,-1.0,0.0,397.5,398.0,397.0,397.5,101.0,835.0,23463.0,25903.0,False,False
2330,2022-11-08 09:54:47.567098,-0.002512562814070307,0.0,-1.0,0.0,397.5,398.0,397.0,397.5,101.0,834.0,23463.0,25903.0,False,False
2330,2022-11-08 09:54:47.697361,-0.002512562814070307,0.0,-1.0,0.0,397.5,398.0,397.0,397.5,101.0,833.0,23463.0,25903.0,False,False
2330,2022-11-08 09:54:49.054775,-0.002512562814070307,0.0,-1.0,0.0,397.5,398.0,397.0,397.5,101.0,833.0,23463.0,25903.0,False,False
2330,2022-11-08 09:54:50.366196,-0.002512562814070307,0.0,-1.0,0.0,397.5,398.0,397.0,397.5,101.0,833.0,23463.0,25903.0,False,False
2330,2022-11-08 09:54:51.621385,-0.002512562814070307,0.0,-1.0,0.0,397.5,398.0,397.0,397.5,101.0,833.0,23463.0,25903.0,False,False
2330,2022-11-08 09:54:51.669967,-0.002512562814070307,0.0,-1.0,0.0,397.5,398.0,397.0,397.5,101.0,833.0,23463.0,25903.0,False,False
2330,2022-11-08 09:54:52.108939,-0.002512562814070307,0.0,-1.0,0.0,397.5,398.0,397.0,397.5,99.0,833.0,23463.0,25903.0,False,False
2330,2022-11-08 09:54:52.161140,-0.002512562814070307,0.0,-1.0,0.0,397.5,398.0,397.0,397.5,99.0,833.0,23463.0,25903.0,False,False
2330,2022-11-08 09:54:52.183503,-0.002512562814070307,0.0,-1.0,0.0,397.5,398.0,397.0,397.5,99.0,833.0,23463.0,25903.0,False,False
2330,2022-11-08 09:54:52.377957,-0.002512562814070307,0.0,-1.0,0.0,397.5,398.0,397.0,397.5,99.0,834.0,23463.0,25903.0,False,False
2330,2022-11-08 09:54:53.113424,-0.002512562814070307,0.0,-1.0,0.0,397.5,398.0,397.0,397.5,99.0,834.0,23463.0,25903.0,False,False
2330,2022-11-08 09:54:53.240821,-0.002512562814070307,0.0,-1.0,0.0,397.5,398.0,397.0,397.5,99.0,834.0,23463.0,25903.0,False,False
2330,2022-11-08 09:54:53.391634,-0.002512562814070307,0.0,-1.0,0.0,397.5,398.0,397.0,397.5,100.0,834.0,23463.0,25903.0,False,False
2330,2022-11-08 09:54:53.443642,-0.002512562814070307,0.0,-1.0,0.0,397.5,398.0,397.0,397.5,100.0,834.0,23465.0,25903.0,True,True
2330,2022-11-08 09:54:54.932528,-0.002512562814070307,0.0,-1.0,0.0,397.5,398.0,397.0,397.5,100.0,834.0,23465.0,25903.0,False,False
2330,2022-11-08 09:54:55.651939,-0.002512562814070307,0.0,-1.0,0.0,397.5,398.0,397.0,397.5,100.0,835.0,23465.0,25903.0,False,False
2330,2022-11-08 09:54:55.867545,-0.002512562814070307,0.0,-1.0,0.0,397.5,398.0,397.0,397.5,101.0,835.0,23465.0,25903.0,False,False
2330,2022-11-08 09:54:56.132193,-0.002512562814070307,0.0,-1.0,0.0,397.5,398.0,397.0,397.5,100.0,835.0,23465.0,25903.0,False,False
2330,2022-11-08 09:54:56.204622,-0.002512562814070307,0.0,-1.0,0.0,397.5,398.0,397.0,397.5,100.0,834.0,23465.0,25903.0,False,False
2330,2022-11-08 09:54:56.355818,-0.002512562814070307,0.0,-1.0,0.0,397.5,398.0,397.0,397.5,100.0,829.0,23465.0,25903.0,False,False
2330,2022-11-08 09:54:56.435798,-0.002512562814070307,0.0,-1.0,0.0,397.5,398.0,397.0,397.5,100.0,828.0,23465.0,25903.0,False,False
2330,2022-11-08 09:54:57.072025,-0.002512562814070307,0.0,-1.0,0.0,397.5,398.0,397.0,397.5,100.0,828.0,23465.0,25903.0,False,False
2330,2022-11-08 09:54:57.408844,-0.002512562814070307,0.0,-1.0,0.0,397.5,398.0,397.0,397.5,100.0,828.0,23465.0,25903.0,False,False
2330,2022-11-08 09:54:57.527143,-0.002512562814070307,0.0,-1.0,0.0,397.5,398.0,397.0,397.5,100.0,828.0,23465.0,25903.0,False,False
2330,2022-11-08 09:54:57.549545,-0.002512562814070307,0.0,-1.0,0.0,397.5,398.0,397.0,397.5,100.0,828.0,23465.0,25903.0,False,False
2330,2022-11-08 09:54:57.545758,-0.002512562814070307,0.0,-1.0,0.0,397.5,398.0,397.0,397.5,101.0,828.0,23465.0,25903.0,False,False
2330,2022-11-08 09:54:57.633214,-0.002512562814070307,0.0,-1.0,0.0,397.5,398.0,397.0,397.5,100.0,828.0,23465.0,25903.0,False,False
2330,2022-11-08 09:54:57.855302,-0.002512562814070307,0.0,-1.0,0.0,397.5,398.0,397.0,397.5,100.0,827.0,23465.0,25903.0,False,False
2330,2022-11-08 09:54:57.951807,-0.002512562814070307,0.0,-1.0,0.0,397.5,398.0,397.0,397.5,100.0,827.0,23465.0,25903.0,False,False
2330,2022-11-08 09:54:58.024764,-0.002512562814070307,0.0,-1.0,0.0,397.5,398.0,397.0,397.5,100.0,827.0,23465.0,25903.0,False,False
2330,2022-11-08 09:54:58.133976,-0.002512562814070307,0.0,-1.0,0.0,397.5,398.0,397.0,397.5,100.0,827.0,23465.0,25903.0,False,False
2330,2022-11-08 09:54:58.290133,-0.002512562814070307,0.0,-1.0,0.0,397.5,398.0,397.0,397.5,100.0,827.0,23465.0,25903.0,False,False
2330,2022-11-08 09:54:59.608596,-0.002512562814070307,0.0,-1.0,0.0,397.5,398.0,397.0,397.5,100.0,827.0,23465.0,25903.0,False,False
2330,2022-11-08 09:54:59.841170,-0.002512562814070307,0.0,-1.0,0.0,397.5,398.0,397.0,397.5,100.0,827.0,23465.0,25903.0,False,False
2330,2022-11-08 09:54:59.906316,-0.002512562814070307,0.0,-1.0,0.0,397.5,398.0,397.0,397.5,100.0,826.0,23465.0,25903.0,False,False
2330,2022-11-08 09:55:00.667797,-0.002512562814070307,0.0,-1.0,0.0,397.5,398.0,397.0,397.5,100.0,826.0,23465.0,25903.0,False,False
2330,2022-11-08 09:55:00.735020,-0.002512562814070307,0.0,-1.0,0.0,397.5,398.0,397.0,397.5,100.0,826.0,23465.0,25903.0,False,False
2330,2022-11-08 09:55:01.253682,-0.002512562814070307,0.0,-1.0,0.0,397.5,398.0,397.0,397.5,100.0,825.0,23465.0,25903.0,False,False
2330,2022-11-08 09:55:01.815522,-0.002512562814070307,0.0,-1.0,0.0,397.5,398.0,397.0,397.5,98.0,825.0,23465.0,25903.0,False,False
2330,2022-11-08 09:55:02.196438,-0.002512562814070307,0.0,-1.0,0.0,397.5,398.0,397.0,397.5,98.0,825.0,23465.0,25903.0,False,False
2330,2022-11-08 09:55:02.277294,-0.002512562814070307,0.0,-1.0,0.0,397.5,398.0,397.0,397.5,98.0,822.0,23465.0,25903.0,False,False
2330,2022-11-08 09:55:03.217048,-0.002512562814070307,0.0,-1.0,0.0,397.5,398.0,397.0,397.5,97.0,822.0,23465.0,25903.0,False,False
2330,2022-11-08 09:55:03.071608,-0.002512562814070307,0.0,-1.0,0.0,397.5,398.0,397.0,397.5,97.0,822.0,4084.0,25893.0,False,True
2330,2022-11-08 09:55:03.550649,-0.002512562814070307,0.0,-1.0,0.0,397.5,398.0,397.0,397.5,97.0,822.0,4084.0,25893.0,False,False
2330,2022-11-08 09:55:03.735023,-0.002512562814070307,0.0,-1.0,0.0,397.5,398.0,397.0,397.5,96.0,822.0,4084.0,25893.0,False,False
2330,2022-11-08 09:55:04.629142,-0.002512562814070307,0.0,-1.0,0.0,397.5,398.0,397.0,397.5,96.0,821.0,4084.0,25893.0,False,False
2330,2022-11-08 09:55:04.695543,-0.002512562814070307,0.0,-1.0,0.0,397.5,398.0,397.0,397.5,96.0,820.0,4084.0,25893.0,False,False
2330,2022-11-08 09:55:04.780851,-0.002512562814070307,0.0,-1.0,0.0,397.5,398.0,397.0,397.5,98.0,820.0,4084.0,25893.0,False,False
2330,2022-11-08 09:55:04.799890,-0.002512562814070307,0.0,-1.0,0.0,397.5,398.0,397.0,397.5,98.0,821.0,4084.0,25893.0,False,False
2330,2022-11-08 09:55:05.593972,-0.002512562814070307,0.0,-1.0,0.0,397.5,398.0,397.0,397.5,98.0,821.0,4084.0,25893.0,False,False
2330,2022-11-08 09:55:05.798226,-0.002512562814070307,0.0,-1.0,0.0,397.5,398.0,397.0,397.5,98.0,820.0,4084.0,25893.0,False,False
2330,2022-11-08 09:55:05.964125,-0.002512562814070307,0.0,-1.0,0.0,397.5,398.0,397.0,397.5,98.0,820.0,4084.0,25893.0,False,False
2330,2022-11-08 09:55:06.122065,-0.002512562814070307,0.0,-1.0,0.0,397.5,398.0,397.0,397.5,98.0,820.0,4084.0,25893.0,False,False
2330,2022-11-08 09:55:07.029206,-0.002512562814070307,0.0,-1.0,0.0,397.5,398.0,397.0,397.5,98.0,821.0,4084.0,25893.0,False,False
2330,2022-11-08 09:55:07.527343,-0.002512562814070307,0.0,-1.0,0.0,397.5,398.0,397.0,397.5,98.0,821.0,4084.0,25893.0,False,False
2330,2022-11-08 09:55:07.638577,-0.002512562814070307,0.0,-1.0,0.0,397.5,398.0,397.0,397.5,98.0,821.0,4084.0,25893.0,False,False
2330,2022-11-08 09:55:07.642588,-0.002512562814070307,0.0,-1.0,0.0,397.5,398.0,397.0,397.5,98.0,821.0,4084.0,25893.0,False,False
2330,2022-11-08 09:55:08.052656,-0.002512562814070307,0.0,-1.0,0.0,397.5,398.0,397.0,397.5,98.0,821.0,4084.0,25893.0,False,False
2330,2022-11-08 09:55:08.626315,-0.002512562814070307,0.0,-1.0,0.0,397.5,398.0,397.0,397.5,98.0,821.0,4084.0,25893.0,False,False
2330,2022-11-08 09:55:08.995725,-0.002512562814070307,0.0,-1.0,0.0,397.5,398.0,397.0,397.5,96.0,821.0,4084.0,25893.0,False,False
2330,2022-11-08 09:55:09.093188,-0.002512562814070307,0.0,-1.0,0.0,397.5,398.0,397.0,397.5,96.0,821.0,4084.0,25893.0,False,False
2330,2022-11-08 09:55:09.310822,-0.002512562814070307,0.0,-1.0,0.0,397.5,398.0,397.0,397.5,96.0,820.0,4084.0,25893.0,False,False
2330,2022-11-08 09:55:09.466605,-0.002512562814070307,0.0,-1.0,0.0,397.5,398.0,397.0,397.5,96.0,820.0,4084.0,25893.0,False,False
2330,2022-11-08 09:55:09.985879,-0.002512562814070307,0.0,-1.0,0.0,397.5,398.0,397.0,397.5,96.0,820.0,4084.0,25893.0,False,False
2330,2022-11-08 09:55:10.743493,-0.002512562814070307,0.0,-1.0,0.0,397.5,398.0,397.0,397.5,95.0,820.0,4084.0,25893.0,False,False
2330,2022-11-08 09:55:10.839809,-0.002512562814070307,0.0,-1.0,0.0,397.5,398.0,397.0,397.5,95.0,819.0,4084.0,25893.0,False,False
2330,2022-11-08 09:55:10.992053,-0.002512562814070307,0.0,-1.0,0.0,397.5,398.0,397.0,397.5,95.0,819.0,4084.0,25893.0,False,False
2330,2022-11-08 09:55:11.283970,-0.002512562814070307,0.0,-1.0,0.0,397.5,398.0,397.0,397.5,94.0,819.0,4084.0,25893.0,False,False
2330,2022-11-08 09:55:11.292300,-0.002512562814070307,0.0,-1.0,0.0,397.5,398.0,397.0,397.5,99.0,819.0,4084.0,25893.0,False,False
2330,2022-11-08 09:55:11.853992,-0.002512562814070307,0.0,-1.0,0.0,397.5,398.0,397.0,397.5,99.0,819.0,4084.0,25893.0,False,False
2330,2022-11-08 09:55:12.044275,-0.002512562814070307,0.0,-1.0,0.0,397.5,398.0,397.0,397.5,99.0,819.0,4084.0,25893.0,False,False
2330,2022-11-08 09:55:12.382277,-0.002512562814070307,0.0,-1.0,0.0,397.5,398.0,397.0,397.5,99.0,820.0,4084.0,25893.0,False,False
2330,2022-11-08 09:55:13.117464,-0.002512562814070307,0.0,-1.0,0.0,397.5,398.0,397.0,397.5,99.0,820.0,24297.0,25438.0,True,True
2330,2022-11-08 09:55:13.454250,-0.002512562814070307,0.0,-1.0,0.0,397.5,398.0,397.0,397.5,99.0,820.0,24297.0,25438.0,False,False
2330,2022-11-08 09:55:13.833764,-0.002512562814070307,0.0,-1.0,0.0,397.5,398.0,397.0,397.5,98.0,820.0,24297.0,25438.0,False,False
2330,2022-11-08 09:55:14.215237,-0.002512562814070307,0.0,-1.0,0.0,397.5,398.0,397.0,397.5,97.0,820.0,24297.0,25438.0,False,False
2330,2022-11-08 09:55:14.379595,-0.002512562814070307,0.0,-1.0,0.0,397.5,398.0,397.0,397.5,97.0,820.0,24297.0,25438.0,False,False
2330,2022-11-08 09:55:14.826265,-0.002512562814070307,0.0,-1.0,0.0,397.5,398.0,397.0,397.5,97.0,821.0,24297.0,25438.0,False,False
2330,2022-11-08 09:55:14.836315,-0.002512562814070307,0.0,-1.0,0.0,397.5,398.0,397.0,397.5,97.0,821.0,24297.0,25438.0,False,False
2330,2022-11-08 09:55:14.893437,-0.002512562814070307,0.0,-1.0,0.0,397.5,398.0,397.0,397.5,97.0,821.0,24297.0,25438.0,False,False
2330,2022-11-08 09:55:15.517272,-0.002512562814070307,0.0,-1.0,0.0,397.5,398.0,397.0,397.5,97.0,821.0,24297.0,25438.0,False,False
2330,2022-11-08 09:55:15.897518,-0.002512562814070307,0.0,-1.0,0.0,397.5,398.0,397.0,397.5,97.0,822.0,24297.0,25438.0,False,False
2330,2022-11-08 09:55:16.211212,-0.002512562814070307,0.0,-1.0,0.0,397.5,398.0,397.0,397.5,97.0,822.0,24297.0,25438.0,False,False
2330,2022-11-08 09:55:16.764140,-0.002512562814070307,0.0,-1.0,0.0,397.5,398.0,397.0,397.5,97.0,821.0,24297.0,25438.0,False,False
2330,2022-11-08 09:55:17.190311,-0.002512562814070307,0.0,-1.0,0.0,397.5,398.0,397.0,397.5,97.0,851.0,24297.0,25438.0,False,False
2330,2022-11-08 09:55:17.249071,-0.002512562814070307,0.0,-1.0,0.0,397.5,398.0,397.0,397.5,97.0,853.0,24297.0,25438.0,False,False
2330,2022-11-08 09:55:17.365121,-0.002512562814070307,0.0,-1.0,0.0,397.5,398.0,397.0,397.5,97.0,853.0,24297.0,25438.0,False,False
2330,2022-11-08 09:55:17.623200,-0.002512562814070307,0.0,-1.0,0.0,397.5,398.0,397.0,397.5,98.0,853.0,24297.0,25438.0,False,False
2330,2022-11-08 09:55:17.933654,-0.002512562814070307,0.0,-1.0,0.0,397.5,398.0,397.0,397.5,98.0,853.0,24297.0,25438.0,False,False
2330,2022-11-08 09:55:17.979450,-0.002512562814070307,0.0,-1.0,0.0,397.5,398.0,397.0,397.5,98.0,853.0,24297.0,25438.0,False,False
2330,2022-11-08 09:55:18.119542,-0.002512562814070307,0.0,-1.0,0.0,397.5,398.0,397.0,397.5,98.0,853.0,24297.0,25438.0,False,False
2330,2022-11-08 09:55:18.234157,-0.002512562814070307,0.0,-1.0,0.0,397.5,398.0,397.0,397.5,98.0,853.0,24297.0,25438.0,False,False
2330,2022-11-08 09:55:18.461349,-0.002512562814070307,0.0,-1.0,0.0,397.5,398.0,397.0,397.5,98.0,853.0,24297.0,25438.0,False,False
2330,2022-11-08 09:55:18.565260,-0.002512562814070307,0.0,-1.0,0.0,397.5,398.0,397.0,397.5,98.0,854.0,24297.0,25438.0,False,False
2330,2022-11-08 09:55:19.394009,-0.002512562814070307,0.0,-1.0,0.0,397.5,398.0,397.0,397.5,95.0,854.0,24297.0,25438.0,False,False
2330,2022-11-08 09:55:19.443585,-0.002512562814070307,0.0,-1.0,0.0,397.5,398.0,397.0,397.5,95.0,854.0,24297.0,25438.0,False,False
2330,2022-11-08 09:55:19.473575,-0.002512562814070307,0.0,-1.0,0.0,397.5,398.0,397.0,397.5,95.0,853.0,24297.0,25438.0,False,False
2330,2022-11-08 09:55:21.196457,-0.002512562814070307,0.0,-1.0,0.0,397.5,398.0,397.0,397.5,97.0,853.0,24297.0,25438.0,False,False
2330,2022-11-08 09:55:21.581829,-0.002512562814070307,0.0,-1.0,0.0,397.5,398.0,397.0,397.5,97.0,852.0,24297.0,25438.0,False,False
2330,2022-11-08 09:55:22.085257,-0.002512562814070307,0.0,-1.0,0.0,397.5,398.0,397.0,397.5,97.0,852.0,24297.0,25438.0,False,False
2330,2022-11-08 09:55:22.376861,-0.002512562814070307,0.0,-1.0,0.0,397.5,398.0,397.0,397.5,97.0,852.0,24297.0,25438.0,False,False
2330,2022-11-08 09:55:22.502069,-0.002512562814070307,0.0,-1.0,0.0,397.5,398.0,397.0,397.5,97.0,852.0,24297.0,25438.0,False,False
2330,2022-11-08 09:55:23.249268,-0.002512562814070307,0.0,-1.0,0.0,397.5,398.0,397.0,397.5,97.0,852.0,24297.0,25438.0,False,False
2330,2022-11-08 09:55:23.227411,-0.002512562814070307,0.0,-1.0,0.0,397.5,398.0,397.0,397.5,97.0,852.0,25047.0,25677.0,True,True
2330,2022-11-08 09:55:23.703651,-0.002512562814070307,0.0,-1.0,0.0,397.5,398.0,397.0,397.5,97.0,852.0,25047.0,25677.0,False,False
2330,2022-11-08 09:55:25.309247,-0.002512562814070307,0.0,-1.0,0.0,397.5,398.0,397.0,397.5,97.0,852.0,25047.0,25677.0,False,False
2330,2022-11-08 09:55:25.602627,-0.002512562814070307,0.0,-1.0,0.0,397.5,398.0,397.0,397.5,94.0,849.0,25047.0,25677.0,False,False
2330,2022-11-08 09:55:25.777290,-0.002512562814070307,0.0,-1.0,0.0,397.5,398.0,397.0,397.5,94.0,851.0,25047.0,25677.0,False,False
2330,2022-11-08 09:55:25.954882,-0.002512562814070307,0.0,-1.0,0.0,397.5,398.0,397.0,397.5,94.0,851.0,25047.0,25677.0,False,False
2330,2022-11-08 09:55:25.969478,-0.002512562814070307,0.0,-1.0,0.0,397.5,398.0,397.0,397.5,94.0,851.0,25047.0,25677.0,False,False
2330,2022-11-08 09:55:26.745497,-0.002512562814070307,0.0,-1.0,0.0,397.5,398.0,397.0,397.5,94.0,851.0,25047.0,25677.0,False,False
2330,2022-11-08 09:55:27.137850,-0.002512562814070307,0.0,-1.0,0.0,397.5,398.0,397.0,397.5,94.0,852.0,25047.0,25677.0,False,False
2330,2022-11-08 09:55:27.150545,-0.002512562814070307,0.0,-1.0,0.0,397.5,398.0,397.0,397.5,94.0,851.0,25047.0,25677.0,False,False
2330,2022-11-08 09:55:27.540841,-0.002512562814070307,0.0,-1.0,0.0,397.5,398.0,397.0,397.5,94.0,851.0,25047.0,25677.0,False,False
2330,2022-11-08 09:55:28.293636,-0.002512562814070307,0.0,-1.0,0.0,397.5,398.0,397.0,397.5,93.0,851.0,25047.0,25677.0,False,False
2330,2022-11-08 09:55:28.313842,-0.002512562814070307,0.0,-1.0,0.0,397.5,398.0,397.0,397.5,92.0,851.0,25047.0,25677.0,False,False
2330,2022-11-08 09:55:28.771199,-0.002512562814070307,0.0,-1.0,0.0,397.5,398.0,397.0,397.5,92.0,850.0,25047.0,25677.0,False,False
2330,2022-11-08 09:55:28.999023,-0.002512562814070307,0.0,-1.0,0.0,397.5,398.0,397.0,397.5,92.0,850.0,25047.0,25677.0,False,False
2330,2022-11-08 09:55:29.155332,-0.002512562814070307,0.0,-1.0,0.0,397.5,398.0,397.0,397.5,92.0,850.0,25047.0,25677.0,False,False
2330,2022-11-08 09:55:29.471767,-0.002512562814070307,0.0,-1.0,0.0,397.5,398.0,397.0,397.5,92.0,850.0,25047.0,25677.0,False,False
2330,2022-11-08 09:55:29.669643,-0.002512562814070307,0.0,-1.0,0.0,397.5,398.0,397.0,397.5,92.0,850.0,25047.0,25677.0,False,False
2330,2022-11-08 09:55:29.793342,-0.002512562814070307,0.0,-1.0,0.0,397.5,398.0,397.0,397.5,92.0,850.0,25047.0,25677.0,False,False
2330,2022-11-08 09:55:30.123852,-0.002512562814070307,0.0,-1.0,0.0,397.5,398.0,397.0,397.5,92.0,850.0,25047.0,25677.0,False,False
2330,2022-11-08 09:55:30.537781,-0.002512562814070307,0.0,-1.0,0.0,397.5,398.0,397.0,397.5,92.0,850.0,25047.0,25677.0,False,False
2330,2022-11-08 09:55:30.688058,-0.002512562814070307,0.0,-1.0,0.0,397.5,398.0,397.0,397.5,92.0,851.0,25047.0,25677.0,False,False
2330,2022-11-08 09:55:30.832074,-0.002512562814070307,0.0,-1.0,0.0,397.5,398.0,397.0,397.5,92.0,851.0,25047.0,25677.0,False,False
2330,2022-11-08 09:55:31.392016,-0.002512562814070307,0.0,-1.0,0.0,397.5,398.0,397.0,397.5,92.0,851.0,25047.0,25677.0,False,False
2330,2022-11-08 09:55:31.790454,-0.002512562814070307,0.0,-1.0,0.0,397.5,398.0,397.0,397.5,92.0,851.0,25047.0,25677.0,False,False
2330,2022-11-08 09:55:31.795262,-0.002512562814070307,0.0,-1.0,0.0,397.5,398.0,397.0,397.5,92.0,845.0,25047.0,25677.0,False,False
2330,2022-11-08 09:55:32.005131,-0.002512562814070307,0.0,-1.0,0.0,397.5,398.0,397.0,397.5,92.0,845.0,25047.0,25677.0,False,False
2330,2022-11-08 09:55:32.083323,-0.002512562814070307,0.0,-1.0,0.0,397.5,398.0,397.0,397.5,92.0,844.0,25047.0,25677.0,False,False
2330,2022-11-08 09:55:32.609933,-0.002512562814070307,0.0,-1.0,0.0,397.5,398.0,397.0,397.5,92.0,844.0,25047.0,25677.0,False,False
2330,2022-11-08 09:55:32.703156,-0.002512562814070307,0.0,-1.0,0.0,397.5,398.0,397.0,397.5,92.0,845.0,25047.0,25677.0,False,False
2330,2022-11-08 09:55:32.828945,-0.002512562814070307,0.0,-1.0,0.0,397.5,398.0,397.0,397.5,92.0,847.0,25047.0,25677.0,False,False
2330,2022-11-08 09:55:33.303369,-0.002512562814070307,0.0,-1.0,0.0,397.5,398.0,397.0,397.5,92.0,847.0,25441.0,26025.0,True,True
2330,2022-11-08 09:55:33.374653,-0.002512562814070307,0.0,-1.0,0.0,397.5,398.0,397.0,397.5,92.0,847.0,25441.0,26025.0,False,False
2330,2022-11-08 09:55:33.501196,-0.002512562814070307,0.0,-1.0,0.0,397.5,398.0,397.0,397.5,92.0,847.0,25441.0,26025.0,False,False
2330,2022-11-08 09:55:33.516175,-0.002512562814070307,0.0,-1.0,0.0,397.5,398.0,397.0,397.5,92.0,847.0,25441.0,26025.0,False,False
2330,2022-11-08 09:55:33.711626,-0.002512562814070307,0.0,-1.0,0.0,397.5,398.0,397.0,397.5,92.0,847.0,25441.0,26025.0,False,False
2330,2022-11-08 09:55:33.840869,-0.002512562814070307,0.0,-1.0,0.0,397.5,398.0,397.0,397.5,92.0,847.0,25441.0,26025.0,False,False
2330,2022-11-08 09:55:33.904367,-0.002512562814070307,0.0,-1.0,0.0,397.5,398.0,397.0,397.5,97.0,847.0,25441.0,26025.0,False,False
2330,2022-11-08 09:55:34.030183,-0.002512562814070307,0.0,-1.0,0.0,397.5,398.0,397.0,397.5,97.0,847.0,25441.0,26025.0,False,False
2330,2022-11-08 09:55:34.400526,-0.002512562814070307,0.0,-1.0,0.0,397.5,398.0,397.0,397.5,98.0,847.0,25441.0,26025.0,False,False
2330,2022-11-08 09:55:36.200121,-0.002512562814070307,0.0,-1.0,0.0,397.5,398.0,397.0,397.5,98.0,847.0,25441.0,26025.0,False,False
2330,2022-11-08 09:55:37.053035,-0.002512562814070307,0.0,-1.0,0.0,397.5,398.0,397.0,397.5,99.0,847.0,25441.0,26025.0,False,False
2330,2022-11-08 09:55:37.236518,-0.002512562814070307,0.0,-1.0,0.0,397.5,398.0,397.0,397.5,99.0,847.0,25441.0,26025.0,False,False
2330,2022-11-08 09:55:38.156338,-0.002512562814070307,0.0,-1.0,0.0,397.5,398.0,397.0,397.5,99.0,847.0,25441.0,26025.0,False,False
2330,2022-11-08 09:55:38.547062,-0.002512562814070307,0.0,-1.0,0.0,397.5,398.0,397.0,397.5,99.0,848.0,25441.0,26025.0,False,False
2330,2022-11-08 09:55:38.671310,-0.002512562814070307,0.0,-1.0,0.0,397.5,398.0,397.0,397.5,107.0,848.0,25441.0,26025.0,False,False
2330,2022-11-08 09:55:39.034127,-0.002512562814070307,0.0,-1.0,0.0,397.5,398.0,397.0,397.5,107.0,849.0,25441.0,26025.0,False,False
2330,2022-11-08 09:55:39.141979,-0.002512562814070307,0.0,-1.0,0.0,397.5,398.0,397.0,397.5,107.0,849.0,25441.0,26025.0,False,False
2330,2022-11-08 09:55:39.144067,-0.002512562814070307,0.0,-1.0,0.0,397.5,398.0,397.0,397.5,107.0,849.0,25441.0,26025.0,False,False
2330,2022-11-08 09:55:39.549329,-0.002512562814070307,0.0,-1.0,0.0,397.5,398.0,397.0,397.5,107.0,846.0,25441.0,26025.0,False,False
2330,2022-11-08 09:55:39.913578,-0.002512562814070307,0.0,-1.0,0.0,397.5,398.0,397.0,397.5,107.0,846.0,25441.0,26025.0,False,False
2330,2022-11-08 09:55:39.994228,-0.002512562814070307,0.0,-1.0,0.0,397.5,398.0,397.0,397.5,107.0,846.0,25441.0,26025.0,False,False
2330,2022-11-08 09:55:40.321429,-0.002512562814070307,0.0,-1.0,0.0,397.5,398.0,397.0,397.5,107.0,849.0,25441.0,26025.0,False,False
2330,2022-11-08 09:55:40.338046,-0.002512562814070307,0.0,-1.0,0.0,397.5,398.0,397.0,397.5,107.0,849.0,25441.0,26025.0,False,False
2330,2022-11-08 09:55:40.445797,-0.002512562814070307,0.0,-1.0,0.0,397.5,398.0,397.0,397.5,107.0,849.0,25441.0,26025.0,False,False
2330,2022-11-08 09:55:40.757088,-0.002512562814070307,0.0,-1.0,0.0,397.5,398.0,397.0,397.5,107.0,847.0,25441.0,26025.0,False,False
2330,2022-11-08 09:55:40.790707,-0.002512562814070307,0.0,-1.0,0.0,397.5,398.0,397.0,397.5,107.0,844.0,25441.0,26025.0,False,False
2330,2022-11-08 09:55:41.046116,-0.002512562814070307,0.0,-1.0,0.0,397.5,398.0,397.0,397.5,107.0,844.0,25441.0,26025.0,False,False
2330,2022-11-08 09:55:41.300589,-0.002512562814070307,0.0,-1.0,0.0,397.5,398.0,397.0,397.5,107.0,845.0,25441.0,26025.0,False,False
