symbol,datetime,NaOb_r,NbOa_r,NaOb_s,NbOa_s,bid1,ask1,odd_bid1,odd_ask1,bidQty1,askQty1,odd_bidQty1,odd_askQty1,simulate,triggerbyOdd
2883,2022-11-08 09:50:19.276941,0.0,-0.008032128514056214,0.0,-0.09999999999999964,12.35,12.4,12.4,12.45,1132.0,1579.0,10764.0,17336.0,True,True
2883,2022-11-08 09:50:22.585730,0.0,-0.008032128514056214,0.0,-0.09999999999999964,12.35,12.4,12.4,12.45,1126.0,1579.0,10764.0,17336.0,False,False
2883,2022-11-08 09:50:25.985352,0.0,-0.008032128514056214,0.0,-0.09999999999999964,12.35,12.4,12.4,12.45,1124.0,1579.0,10764.0,17336.0,False,False
2883,2022-11-08 09:50:27.015457,0.0,-0.008032128514056214,0.0,-0.09999999999999964,12.35,12.4,12.4,12.45,1123.0,1579.0,10764.0,17336.0,False,False
2883,2022-11-08 09:50:27.923844,0.0,-0.008032128514056214,0.0,-0.09999999999999964,12.35,12.4,12.4,12.45,1123.0,1580.0,10764.0,17336.0,False,False
2883,2022-11-08 09:50:29.466948,0.0,-0.008032128514056214,0.0,-0.09999999999999964,12.35,12.4,12.4,12.45,1123.0,1580.0,10660.0,17336.0,True,True
2883,2022-11-08 09:50:33.609132,0.0,-0.008032128514056214,0.0,-0.09999999999999964,12.35,12.4,12.4,12.45,1125.0,1580.0,10660.0,17336.0,False,False
2883,2022-11-08 09:50:33.698288,0.0,-0.008032128514056214,0.0,-0.09999999999999964,12.35,12.4,12.4,12.45,1125.0,1580.0,10660.0,17336.0,False,False
2883,2022-11-08 09:50:34.416666,0.0,-0.008032128514056214,0.0,-0.09999999999999964,12.35,12.4,12.4,12.45,1127.0,1580.0,10660.0,17336.0,False,False
2883,2022-11-08 09:50:36.935559,0.0,-0.008032128514056214,0.0,-0.09999999999999964,12.35,12.4,12.4,12.45,1128.0,1580.0,10660.0,17336.0,False,False
2883,2022-11-08 09:50:38.938228,0.0,-0.008032128514056214,0.0,-0.09999999999999964,12.35,12.4,12.4,12.45,1129.0,1580.0,10660.0,17336.0,False,False
2883,2022-11-08 09:50:39.472648,0.0,-0.008032128514056214,0.0,-0.09999999999999964,12.35,12.4,12.4,12.45,1129.0,1580.0,10570.0,17336.0,True,True
2883,2022-11-08 09:50:45.956036,0.0,-0.008032128514056214,0.0,-0.09999999999999964,12.35,12.4,12.4,12.45,1128.0,1580.0,10570.0,17336.0,False,False
2883,2022-11-08 09:50:46.436225,0.0,-0.008032128514056214,0.0,-0.09999999999999964,12.35,12.4,12.4,12.45,1130.0,1580.0,10570.0,17336.0,False,False
2883,2022-11-08 09:50:47.776374,0.0,-0.008032128514056214,0.0,-0.09999999999999964,12.35,12.4,12.4,12.45,1180.0,1580.0,10570.0,17336.0,False,False
2883,2022-11-08 09:50:47.902803,0.0,-0.008032128514056214,0.0,-0.09999999999999964,12.35,12.4,12.4,12.45,1180.0,1580.0,10570.0,17336.0,False,False
2883,2022-11-08 09:50:48.321858,0.0,-0.008032128514056214,0.0,-0.09999999999999964,12.35,12.4,12.4,12.45,1180.0,1575.0,10570.0,17336.0,False,False
2883,2022-11-08 09:50:49.492080,0.0,-0.008032128514056214,0.0,-0.09999999999999964,12.35,12.4,12.4,12.45,1180.0,1575.0,10869.0,17336.0,True,True
2883,2022-11-08 09:50:50.899178,0.0,-0.008032128514056214,0.0,-0.09999999999999964,12.35,12.4,12.4,12.45,1187.0,1575.0,10869.0,17336.0,False,False
2883,2022-11-08 09:50:52.506695,0.0,-0.008032128514056214,0.0,-0.09999999999999964,12.35,12.4,12.4,12.45,1187.0,1575.0,10869.0,17336.0,False,False
2883,2022-11-08 09:50:57.267976,0.0,-0.008032128514056214,0.0,-0.09999999999999964,12.35,12.4,12.4,12.45,1186.0,1575.0,10869.0,17336.0,False,False
2883,2022-11-08 09:50:57.524248,0.0,-0.008032128514056214,0.0,-0.09999999999999964,12.35,12.4,12.4,12.45,1196.0,1575.0,10869.0,17336.0,False,False
2883,2022-11-08 09:50:57.907153,0.0,-0.008032128514056214,0.0,-0.09999999999999964,12.35,12.4,12.4,12.45,1196.0,1575.0,10869.0,17336.0,False,False
2883,2022-11-08 09:50:59.269627,0.0,-0.008032128514056214,0.0,-0.09999999999999964,12.35,12.4,12.4,12.45,1196.0,1575.0,10869.0,17336.0,False,False
2883,2022-11-08 09:50:59.515075,0.0,-0.008032128514056214,0.0,-0.09999999999999964,12.35,12.4,12.4,12.45,1196.0,1575.0,10969.0,17436.0,True,True
2883,2022-11-08 09:51:01.987781,0.0,-0.008032128514056214,0.0,-0.09999999999999964,12.35,12.4,12.4,12.45,1197.0,1575.0,10969.0,17436.0,False,False
2883,2022-11-08 09:51:03.776619,0.0,-0.008032128514056214,0.0,-0.09999999999999964,12.35,12.4,12.4,12.45,1197.0,1575.0,10969.0,17436.0,False,False
2883,2022-11-08 09:51:05.027191,0.0,-0.008032128514056214,0.0,-0.09999999999999964,12.35,12.4,12.4,12.45,1197.0,1575.0,10969.0,17436.0,False,False
2883,2022-11-08 09:51:05.434798,0.0,-0.008032128514056214,0.0,-0.09999999999999964,12.35,12.4,12.4,12.45,1187.0,1575.0,10969.0,17436.0,False,False
2883,2022-11-08 09:51:09.546045,0.0,-0.008032128514056214,0.0,-0.09999999999999964,12.35,12.4,12.4,12.45,1187.0,1575.0,10967.0,17436.0,True,True
2883,2022-11-08 09:51:09.926985,0.0,-0.008032128514056214,0.0,-0.09999999999999964,12.35,12.4,12.4,12.45,1187.0,1575.0,10967.0,17436.0,False,False
2883,2022-11-08 09:51:15.548604,0.0,-0.008032128514056214,0.0,-0.09999999999999964,12.35,12.4,12.4,12.45,1187.0,1575.0,10967.0,17436.0,False,False
2883,2022-11-08 09:51:25.058772,0.0,-0.008032128514056214,0.0,-0.09999999999999964,12.35,12.4,12.4,12.45,1197.0,1575.0,10967.0,17436.0,False,False
2883,2022-11-08 09:51:29.106746,0.0,-0.008032128514056214,0.0,-0.09999999999999964,12.35,12.4,12.4,12.45,1197.0,1575.0,10967.0,17436.0,False,False
2883,2022-11-08 09:51:29.394606,0.0,-0.008032128514056214,0.0,-0.09999999999999964,12.35,12.4,12.4,12.45,1198.0,1575.0,10967.0,17436.0,False,False
2883,2022-11-08 09:51:29.618093,0.0,-0.008032128514056214,0.0,-0.09999999999999964,12.35,12.4,12.4,12.45,1198.0,1575.0,10966.0,17436.0,True,True
2883,2022-11-08 09:51:32.934472,0.0,-0.008032128514056214,0.0,-0.09999999999999964,12.35,12.4,12.4,12.45,1198.0,1576.0,10966.0,17436.0,False,False
2883,2022-11-08 09:51:35.430098,0.0,-0.008032128514056214,0.0,-0.09999999999999964,12.35,12.4,12.4,12.45,1208.0,1576.0,10966.0,17436.0,False,False
2883,2022-11-08 09:51:36.891595,0.0,-0.008032128514056214,0.0,-0.09999999999999964,12.35,12.4,12.4,12.45,1207.0,1575.0,10966.0,17436.0,False,False
2883,2022-11-08 09:51:39.647798,0.0,-0.008032128514056214,0.0,-0.09999999999999964,12.35,12.4,12.4,12.45,1207.0,1575.0,10543.0,17436.0,True,True
2883,2022-11-08 09:51:40.246402,0.0,-0.008032128514056214,0.0,-0.09999999999999964,12.35,12.4,12.4,12.45,1339.0,1575.0,10543.0,17436.0,False,False
2883,2022-11-08 09:51:40.917089,0.0,-0.008032128514056214,0.0,-0.09999999999999964,12.35,12.4,12.4,12.45,1339.0,1574.0,10543.0,17436.0,False,False
2883,2022-11-08 09:51:43.118188,0.0,-0.008032128514056214,0.0,-0.09999999999999964,12.35,12.4,12.4,12.45,1339.0,1576.0,10543.0,17436.0,False,False
2883,2022-11-08 09:51:45.666051,0.0,-0.008032128514056214,0.0,-0.09999999999999964,12.35,12.4,12.4,12.45,1339.0,1576.0,10543.0,17436.0,False,False
2883,2022-11-08 09:51:46.670892,0.0,-0.008032128514056214,0.0,-0.09999999999999964,12.35,12.4,12.4,12.45,1389.0,1576.0,10543.0,17436.0,False,False
2883,2022-11-08 09:51:48.302274,0.0,-0.008032128514056214,0.0,-0.09999999999999964,12.35,12.4,12.4,12.45,1390.0,1576.0,10543.0,17436.0,False,False
2883,2022-11-08 09:51:48.680418,0.0,-0.008032128514056214,0.0,-0.09999999999999964,12.35,12.4,12.4,12.45,1380.0,1576.0,10543.0,17436.0,False,False
2883,2022-11-08 09:51:49.676630,0.0,-0.008032128514056214,0.0,-0.09999999999999964,12.35,12.4,12.4,12.45,1380.0,1576.0,10443.0,17436.0,True,True
2883,2022-11-08 09:51:53.130502,0.0,-0.008032128514056214,0.0,-0.09999999999999964,12.35,12.4,12.4,12.45,1380.0,1576.0,10443.0,17436.0,False,False
2883,2022-11-08 09:51:53.167372,0.0,-0.008032128514056214,0.0,-0.09999999999999964,12.35,12.4,12.4,12.45,1380.0,1576.0,10443.0,17436.0,False,False
2883,2022-11-08 09:51:53.940609,0.0,-0.008032128514056214,0.0,-0.09999999999999964,12.35,12.4,12.4,12.45,1380.0,1583.0,10443.0,17436.0,False,False
2883,2022-11-08 09:51:54.675394,0.0,-0.008032128514056214,0.0,-0.09999999999999964,12.35,12.4,12.4,12.45,1450.0,1583.0,10443.0,17436.0,False,False
2883,2022-11-08 09:51:55.689835,0.0,-0.008032128514056214,0.0,-0.09999999999999964,12.35,12.4,12.4,12.45,1450.0,1582.0,10443.0,17436.0,False,False
2883,2022-11-08 09:51:55.868935,0.0,-0.008032128514056214,0.0,-0.09999999999999964,12.35,12.4,12.4,12.45,1450.0,1577.0,10443.0,17436.0,False,False
2883,2022-11-08 09:51:56.205220,0.0,-0.008032128514056214,0.0,-0.09999999999999964,12.35,12.4,12.4,12.45,1447.0,1577.0,10443.0,17436.0,False,False
2883,2022-11-08 09:51:58.774112,0.0,-0.008032128514056214,0.0,-0.09999999999999964,12.35,12.4,12.4,12.45,1451.0,1577.0,10443.0,17436.0,False,False
2883,2022-11-08 09:51:59.418592,0.0,-0.008032128514056214,0.0,-0.09999999999999964,12.35,12.4,12.4,12.45,1452.0,1577.0,10443.0,17436.0,False,False
2883,2022-11-08 09:51:59.707625,0.0,-0.008032128514056214,0.0,-0.09999999999999964,12.35,12.4,12.4,12.45,1452.0,1577.0,11142.0,17436.0,True,True
2883,2022-11-08 09:52:00.606883,0.0,-0.008032128514056214,0.0,-0.09999999999999964,12.35,12.4,12.4,12.45,1453.0,1577.0,11142.0,17436.0,False,False
2883,2022-11-08 09:52:00.701121,0.0,-0.008032128514056214,0.0,-0.09999999999999964,12.35,12.4,12.4,12.45,1453.0,1578.0,11142.0,17436.0,False,False
2883,2022-11-08 09:52:01.707487,0.0,-0.008032128514056214,0.0,-0.09999999999999964,12.35,12.4,12.4,12.45,1453.0,1578.0,11142.0,17436.0,False,False
2883,2022-11-08 09:52:04.248955,0.0,-0.008032128514056214,0.0,-0.09999999999999964,12.35,12.4,12.4,12.45,1455.0,1578.0,11142.0,17436.0,False,False
2883,2022-11-08 09:52:08.428197,0.0,-0.008032128514056214,0.0,-0.09999999999999964,12.35,12.4,12.4,12.45,1455.0,1581.0,11142.0,17436.0,False,False
2883,2022-11-08 09:52:08.608219,0.0,-0.008032128514056214,0.0,-0.09999999999999964,12.35,12.4,12.4,12.45,1455.0,1601.0,11142.0,17436.0,False,False
2883,2022-11-08 09:52:08.753006,0.0,-0.008032128514056214,0.0,-0.09999999999999964,12.35,12.4,12.4,12.45,1455.0,1601.0,11142.0,17436.0,False,False
2883,2022-11-08 09:52:08.935285,0.0,-0.008032128514056214,0.0,-0.09999999999999964,12.35,12.4,12.4,12.45,1455.0,1601.0,11442.0,17436.0,False,True
2883,2022-11-08 09:52:15.235314,0.0,-0.008032128514056214,0.0,-0.09999999999999964,12.35,12.4,12.4,12.45,1454.0,1600.0,11442.0,17436.0,False,False
2883,2022-11-08 09:52:15.904279,0.0,-0.008032128514056214,0.0,-0.09999999999999964,12.35,12.4,12.4,12.45,1467.0,1600.0,11442.0,17436.0,False,False
2883,2022-11-08 09:52:16.904382,0.0,-0.008032128514056214,0.0,-0.09999999999999964,12.35,12.4,12.4,12.45,1462.0,1600.0,11442.0,17436.0,False,False
2883,2022-11-08 09:52:18.362094,0.0,-0.008032128514056214,0.0,-0.09999999999999964,12.35,12.4,12.4,12.45,1463.0,1600.0,11442.0,17436.0,False,False
2883,2022-11-08 09:52:18.979188,0.0,-0.008032128514056214,0.0,-0.09999999999999964,12.35,12.4,12.4,12.45,1463.0,1600.0,11442.0,17429.0,True,True
2883,2022-11-08 09:52:20.032374,0.0,-0.008032128514056214,0.0,-0.09999999999999964,12.35,12.4,12.4,12.45,1464.0,1600.0,11442.0,17429.0,False,False
2883,2022-11-08 09:52:23.493212,0.0,-0.008032128514056214,0.0,-0.09999999999999964,12.35,12.4,12.4,12.45,1464.0,1600.0,11442.0,17429.0,False,False
2883,2022-11-08 09:52:23.692577,0.0,-0.008032128514056214,0.0,-0.09999999999999964,12.35,12.4,12.4,12.45,1465.0,1600.0,11442.0,17429.0,False,False
2883,2022-11-08 09:52:23.745389,0.0,-0.008032128514056214,0.0,-0.09999999999999964,12.35,12.4,12.4,12.45,1465.0,1600.0,11442.0,17429.0,False,False
2883,2022-11-08 09:52:23.859684,0.0,-0.008032128514056214,0.0,-0.09999999999999964,12.35,12.4,12.4,12.45,1465.0,1602.0,11442.0,17429.0,False,False
2883,2022-11-08 09:52:27.748302,0.0,-0.008032128514056214,0.0,-0.09999999999999964,12.35,12.4,12.4,12.45,1465.0,1602.0,11442.0,17429.0,False,False
2883,2022-11-08 09:52:29.005142,0.0,-0.008032128514056214,0.0,-0.09999999999999964,12.35,12.4,12.4,12.45,1465.0,1602.0,11442.0,17419.0,True,True
2883,2022-11-08 09:52:31.542729,0.0,-0.008032128514056214,0.0,-0.09999999999999964,12.35,12.4,12.4,12.45,1465.0,1602.0,11442.0,17419.0,False,False
2883,2022-11-08 09:52:32.319841,0.0,-0.008032128514056214,0.0,-0.09999999999999964,12.35,12.4,12.4,12.45,1466.0,1602.0,11442.0,17419.0,False,False
2883,2022-11-08 09:52:32.561215,0.0,-0.008032128514056214,0.0,-0.09999999999999964,12.35,12.4,12.4,12.45,1468.0,1602.0,11442.0,17419.0,False,False
2883,2022-11-08 09:52:34.174768,0.0,-0.008032128514056214,0.0,-0.09999999999999964,12.35,12.4,12.4,12.45,1468.0,1602.0,11442.0,17419.0,False,False
2883,2022-11-08 09:52:38.956696,0.0,-0.008032128514056214,0.0,-0.09999999999999964,12.35,12.4,12.4,12.45,1470.0,1602.0,11442.0,17419.0,False,False
2883,2022-11-08 09:52:39.066525,0.0,-0.008032128514056214,0.0,-0.09999999999999964,12.35,12.4,12.4,12.45,1470.0,1602.0,11442.0,17419.0,False,False
2883,2022-11-08 09:52:39.036864,0.0,-0.008032128514056214,0.0,-0.09999999999999964,12.35,12.4,12.4,12.45,1470.0,1602.0,11492.0,17419.0,True,True
2883,2022-11-08 09:52:39.442338,0.0,-0.008032128514056214,0.0,-0.09999999999999964,12.35,12.4,12.4,12.45,1470.0,1602.0,11492.0,17419.0,False,False
2883,2022-11-08 09:52:39.766291,0.0,-0.008032128514056214,0.0,-0.09999999999999964,12.35,12.4,12.4,12.45,1470.0,1602.0,11492.0,17419.0,False,False
2883,2022-11-08 09:52:40.418499,0.0,-0.008032128514056214,0.0,-0.09999999999999964,12.35,12.4,12.4,12.45,1470.0,1603.0,11492.0,17419.0,False,False
2883,2022-11-08 09:52:42.045129,0.0,-0.008032128514056214,0.0,-0.09999999999999964,12.35,12.4,12.4,12.45,1470.0,1604.0,11492.0,17419.0,False,False
2883,2022-11-08 09:52:42.086650,0.0,-0.008032128514056214,0.0,-0.09999999999999964,12.35,12.4,12.4,12.45,1471.0,1604.0,11492.0,17419.0,False,False
2883,2022-11-08 09:52:45.952525,0.0,-0.008032128514056214,0.0,-0.09999999999999964,12.35,12.4,12.4,12.45,1476.0,1604.0,11492.0,17419.0,False,False
2883,2022-11-08 09:52:46.713711,0.0,-0.008032128514056214,0.0,-0.09999999999999964,12.35,12.4,12.4,12.45,1476.0,1604.0,11492.0,17419.0,False,False
2883,2022-11-08 09:52:47.452228,0.0,-0.008032128514056214,0.0,-0.09999999999999964,12.35,12.4,12.4,12.45,1477.0,1604.0,11492.0,17419.0,False,False
2883,2022-11-08 09:52:49.065984,0.0,-0.008032128514056214,0.0,-0.09999999999999964,12.35,12.4,12.4,12.45,1477.0,1604.0,11502.0,17319.0,True,True
2883,2022-11-08 09:52:51.705601,0.0,-0.008032128514056214,0.0,-0.09999999999999964,12.35,12.4,12.4,12.45,1478.0,1604.0,11502.0,17319.0,False,False
2883,2022-11-08 09:52:58.990009,0.0,-0.008032128514056214,0.0,-0.09999999999999964,12.35,12.4,12.4,12.45,1478.0,1604.0,11502.0,17319.0,False,False
2883,2022-11-08 09:52:59.099169,0.0,-0.008032128514056214,0.0,-0.09999999999999964,12.35,12.4,12.4,12.45,1478.0,1604.0,11512.0,17319.0,True,True
2883,2022-11-08 09:53:00.201041,0.0,-0.008032128514056214,0.0,-0.09999999999999964,12.35,12.4,12.4,12.45,1441.0,1567.0,11512.0,17319.0,False,False
2883,2022-11-08 09:53:00.286821,0.0,-0.008032128514056214,0.0,-0.09999999999999964,12.35,12.4,12.4,12.45,1440.0,1567.0,11512.0,17319.0,False,False
2883,2022-11-08 09:53:02.991212,0.0,-0.008032128514056214,0.0,-0.09999999999999964,12.35,12.4,12.4,12.45,1440.0,1566.0,11512.0,17319.0,False,False
2883,2022-11-08 09:53:03.797272,0.0,-0.008032128514056214,0.0,-0.09999999999999964,12.35,12.4,12.4,12.45,1440.0,1566.0,11512.0,17319.0,False,False
2883,2022-11-08 09:53:09.087487,0.0,-0.008032128514056214,0.0,-0.09999999999999964,12.35,12.4,12.4,12.45,1440.0,1566.0,11512.0,17319.0,False,False
2883,2022-11-08 09:53:09.126229,0.0,-0.008032128514056214,0.0,-0.09999999999999964,12.35,12.4,12.4,12.45,1440.0,1566.0,11612.0,17320.0,True,True
2883,2022-11-08 09:53:10.195715,0.0,-0.008032128514056214,0.0,-0.09999999999999964,12.35,12.4,12.4,12.45,1440.0,1566.0,11612.0,17320.0,False,False
2883,2022-11-08 09:53:11.299753,0.0,-0.008032128514056214,0.0,-0.09999999999999964,12.35,12.4,12.4,12.45,1441.0,1566.0,11612.0,17320.0,False,False
2883,2022-11-08 09:53:11.962018,0.0,-0.008032128514056214,0.0,-0.09999999999999964,12.35,12.4,12.4,12.45,1442.0,1566.0,11612.0,17320.0,False,False
2883,2022-11-08 09:53:11.970111,0.0,-0.008032128514056214,0.0,-0.09999999999999964,12.35,12.4,12.4,12.45,1442.0,1561.0,11612.0,17320.0,False,False
2883,2022-11-08 09:53:16.346870,0.0,-0.008032128514056214,0.0,-0.09999999999999964,12.35,12.4,12.4,12.45,1442.0,1556.0,11612.0,17320.0,False,False
2883,2022-11-08 09:53:23.083141,0.0,-0.008032128514056214,0.0,-0.09999999999999964,12.35,12.4,12.4,12.45,1442.0,1556.0,11612.0,17320.0,False,False
2883,2022-11-08 09:53:25.592029,0.0,-0.008032128514056214,0.0,-0.09999999999999964,12.35,12.4,12.4,12.45,1442.0,1556.0,11612.0,17320.0,False,False
2883,2022-11-08 09:53:25.592193,0.0,-0.008032128514056214,0.0,-0.09999999999999964,12.35,12.4,12.4,12.45,1442.0,1553.0,11612.0,17320.0,False,False
2883,2022-11-08 09:53:27.319084,0.0,-0.008032128514056214,0.0,-0.09999999999999964,12.35,12.4,12.4,12.45,1442.0,1555.0,11612.0,17320.0,False,False
2883,2022-11-08 09:53:32.032164,0.0,-0.008032128514056214,0.0,-0.09999999999999964,12.35,12.4,12.4,12.45,1442.0,1555.0,11612.0,17320.0,False,False
2883,2022-11-08 09:53:33.833839,0.0,-0.008032128514056214,0.0,-0.09999999999999964,12.35,12.4,12.4,12.45,1442.0,1556.0,11612.0,17320.0,False,False
2883,2022-11-08 09:53:34.920334,0.0,-0.008032128514056214,0.0,-0.09999999999999964,12.35,12.4,12.4,12.45,1441.0,1556.0,11612.0,17320.0,False,False
2883,2022-11-08 09:53:34.954328,0.0,-0.008032128514056214,0.0,-0.09999999999999964,12.35,12.4,12.4,12.45,1441.0,1555.0,11612.0,17320.0,False,False
2883,2022-11-08 09:53:35.474264,0.0,-0.008032128514056214,0.0,-0.09999999999999964,12.35,12.4,12.4,12.45,1442.0,1555.0,11612.0,17320.0,False,False
2883,2022-11-08 09:53:35.724866,0.0,-0.008032128514056214,0.0,-0.09999999999999964,12.35,12.4,12.4,12.45,1442.0,1555.0,11612.0,17320.0,False,False
2883,2022-11-08 09:53:36.108009,0.0,-0.008032128514056214,0.0,-0.09999999999999964,12.35,12.4,12.4,12.45,1442.0,1556.0,11612.0,17320.0,False,False
2883,2022-11-08 09:53:37.661223,0.0,-0.008032128514056214,0.0,-0.09999999999999964,12.35,12.4,12.4,12.45,1442.0,1556.0,11612.0,17320.0,False,False
2883,2022-11-08 09:53:37.901105,0.0,-0.008032128514056214,0.0,-0.09999999999999964,12.35,12.4,12.4,12.45,1442.0,1557.0,11612.0,17320.0,False,False
2883,2022-11-08 09:53:37.949484,0.0,-0.008032128514056214,0.0,-0.09999999999999964,12.35,12.4,12.4,12.45,1442.0,1557.0,11612.0,17320.0,False,False
2883,2022-11-08 09:53:39.114459,0.0,-0.008032128514056214,0.0,-0.09999999999999964,12.35,12.4,12.4,12.45,1432.0,1557.0,11612.0,17320.0,False,False
2883,2022-11-08 09:53:39.213517,0.0,-0.008032128514056214,0.0,-0.09999999999999964,12.35,12.4,12.4,12.45,1432.0,1557.0,11612.0,17321.0,True,True
2883,2022-11-08 09:53:39.674252,0.0,-0.008032128514056214,0.0,-0.09999999999999964,12.35,12.4,12.4,12.45,1432.0,1557.0,11612.0,17321.0,False,False
2883,2022-11-08 09:53:41.559457,0.0,-0.008032128514056214,0.0,-0.09999999999999964,12.35,12.4,12.4,12.45,1432.0,1557.0,11612.0,17321.0,False,False
2883,2022-11-08 09:53:48.673085,0.0,-0.008032128514056214,0.0,-0.09999999999999964,12.35,12.4,12.4,12.45,1430.0,1557.0,11612.0,17321.0,False,False
2883,2022-11-08 09:53:49.241681,0.0,-0.008032128514056214,0.0,-0.09999999999999964,12.35,12.4,12.4,12.45,1430.0,1557.0,11612.0,17321.0,True,True
2883,2022-11-08 09:53:50.026861,0.0,-0.008032128514056214,0.0,-0.09999999999999964,12.35,12.4,12.4,12.45,1430.0,1558.0,11612.0,17321.0,False,False
2883,2022-11-08 09:53:59.274871,0.0,-0.008032128514056214,0.0,-0.09999999999999964,12.35,12.4,12.4,12.45,1430.0,1558.0,11612.0,17822.0,True,True
2883,2022-11-08 09:54:02.802310,0.0,-0.008032128514056214,0.0,-0.09999999999999964,12.35,12.4,12.4,12.45,1430.0,1558.0,11612.0,17822.0,False,False
2883,2022-11-08 09:54:05.912922,0.0,-0.008032128514056214,0.0,-0.09999999999999964,12.35,12.4,12.4,12.45,1298.0,1558.0,11612.0,17822.0,False,False
2883,2022-11-08 09:54:09.303916,0.0,-0.008032128514056214,0.0,-0.09999999999999964,12.35,12.4,12.4,12.45,1298.0,1558.0,11612.0,17723.0,True,True
2883,2022-11-08 09:54:10.825914,0.0,-0.008032128514056214,0.0,-0.09999999999999964,12.35,12.4,12.4,12.45,1301.0,1558.0,11612.0,17723.0,False,False
2883,2022-11-08 09:54:11.148790,0.0,-0.008032128514056214,0.0,-0.09999999999999964,12.35,12.4,12.4,12.45,1300.0,1558.0,11612.0,17723.0,False,False
2883,2022-11-08 09:54:14.572138,0.0,-0.008032128514056214,0.0,-0.09999999999999964,12.35,12.4,12.4,12.45,1300.0,1559.0,11612.0,17723.0,False,False
2883,2022-11-08 09:54:16.705306,0.0,-0.008032128514056214,0.0,-0.09999999999999964,12.35,12.4,12.4,12.45,1301.0,1559.0,11612.0,17723.0,False,False
2883,2022-11-08 09:54:17.402911,0.0,-0.008032128514056214,0.0,-0.09999999999999964,12.35,12.4,12.4,12.45,1301.0,1559.0,11612.0,17723.0,False,False
2883,2022-11-08 09:54:17.457694,0.0,-0.008032128514056214,0.0,-0.09999999999999964,12.35,12.4,12.4,12.45,1301.0,1559.0,11612.0,17723.0,False,False
2883,2022-11-08 09:54:19.410145,0.0,-0.008032128514056214,0.0,-0.09999999999999964,12.35,12.4,12.4,12.45,1302.0,1559.0,11612.0,17723.0,False,False
2883,2022-11-08 09:54:19.336132,0.0,-0.008032128514056214,0.0,-0.09999999999999964,12.35,12.4,12.4,12.45,1302.0,1559.0,11612.0,18223.0,True,True
2883,2022-11-08 09:54:23.470600,0.0,-0.008032128514056214,0.0,-0.09999999999999964,12.35,12.4,12.4,12.45,1302.0,1559.0,11612.0,18223.0,False,False
2883,2022-11-08 09:54:24.061175,0.0,-0.008032128514056214,0.0,-0.09999999999999964,12.35,12.4,12.4,12.45,1298.0,1559.0,11612.0,18223.0,False,False
2883,2022-11-08 09:54:24.868835,0.0,-0.008032128514056214,0.0,-0.09999999999999964,12.35,12.4,12.4,12.45,1293.0,1559.0,11612.0,18223.0,False,False
2883,2022-11-08 09:54:26.156760,0.0,-0.008032128514056214,0.0,-0.09999999999999964,12.35,12.4,12.4,12.45,1294.0,1559.0,11612.0,18223.0,False,False
2883,2022-11-08 09:54:28.257895,0.0,-0.008032128514056214,0.0,-0.09999999999999964,12.35,12.4,12.4,12.45,1294.0,1559.0,11612.0,18223.0,False,False
2883,2022-11-08 09:54:28.626401,0.0,-0.008032128514056214,0.0,-0.09999999999999964,12.35,12.4,12.4,12.45,1292.0,1559.0,11612.0,18223.0,False,False
2883,2022-11-08 09:54:29.378295,0.0,-0.008032128514056214,0.0,-0.09999999999999964,12.35,12.4,12.4,12.45,1294.0,1559.0,11612.0,18223.0,False,False
2883,2022-11-08 09:54:29.365147,0.0,-0.008032128514056214,0.0,-0.09999999999999964,12.35,12.4,12.4,12.45,1294.0,1559.0,11644.0,17723.0,True,True
2883,2022-11-08 09:54:30.407799,0.0,-0.008032128514056214,0.0,-0.09999999999999964,12.35,12.4,12.4,12.45,1294.0,1559.0,11644.0,17723.0,False,False
2883,2022-11-08 09:54:31.596500,0.0,-0.008032128514056214,0.0,-0.09999999999999964,12.35,12.4,12.4,12.45,1294.0,1559.0,11644.0,17723.0,False,False
2883,2022-11-08 09:54:32.091883,0.0,-0.008032128514056214,0.0,-0.09999999999999964,12.35,12.4,12.4,12.45,1294.0,1554.0,11644.0,17723.0,False,False
2883,2022-11-08 09:54:32.732132,0.0,-0.008032128514056214,0.0,-0.09999999999999964,12.35,12.4,12.4,12.45,1295.0,1554.0,11644.0,17723.0,False,False
2883,2022-11-08 09:54:32.940575,0.0,-0.008032128514056214,0.0,-0.09999999999999964,12.35,12.4,12.4,12.45,1304.0,1554.0,11644.0,17723.0,False,False
2883,2022-11-08 09:54:34.609448,0.0,-0.008032128514056214,0.0,-0.09999999999999964,12.35,12.4,12.4,12.45,1304.0,1553.0,11644.0,17723.0,False,False
2883,2022-11-08 09:54:34.775994,0.0,-0.008032128514056214,0.0,-0.09999999999999964,12.35,12.4,12.4,12.45,1304.0,1553.0,11644.0,17723.0,False,False
2883,2022-11-08 09:54:35.570502,0.0,-0.008032128514056214,0.0,-0.09999999999999964,12.35,12.4,12.4,12.45,1304.0,1553.0,11644.0,17723.0,False,False
2883,2022-11-08 09:54:36.120810,0.0,-0.008032128514056214,0.0,-0.09999999999999964,12.35,12.4,12.4,12.45,1306.0,1553.0,11644.0,17723.0,False,False
2883,2022-11-08 09:54:39.054715,0.0,-0.008032128514056214,0.0,-0.09999999999999964,12.35,12.4,12.4,12.45,1307.0,1553.0,11644.0,17723.0,False,False
2883,2022-11-08 09:54:39.395327,0.0,-0.008032128514056214,0.0,-0.09999999999999964,12.35,12.4,12.4,12.45,1307.0,1553.0,11644.0,18043.0,True,True
2883,2022-11-08 09:54:40.930330,0.0,-0.008032128514056214,0.0,-0.09999999999999964,12.35,12.4,12.4,12.45,1306.0,1553.0,11644.0,18043.0,False,False
2883,2022-11-08 09:54:45.268062,0.0,-0.008032128514056214,0.0,-0.09999999999999964,12.35,12.4,12.4,12.45,1307.0,1553.0,11644.0,18043.0,False,False
2883,2022-11-08 09:54:45.913860,0.0,-0.008032128514056214,0.0,-0.09999999999999964,12.35,12.4,12.4,12.45,1303.0,1553.0,11644.0,18043.0,False,False
2883,2022-11-08 09:54:45.916754,0.0,-0.008032128514056214,0.0,-0.09999999999999964,12.35,12.4,12.4,12.45,1293.0,1553.0,11644.0,18043.0,False,False
2883,2022-11-08 09:54:46.613683,0.0,-0.008032128514056214,0.0,-0.09999999999999964,12.35,12.4,12.4,12.45,1293.0,1555.0,11644.0,18043.0,False,False
2883,2022-11-08 09:54:47.265593,0.0,-0.008032128514056214,0.0,-0.09999999999999964,12.35,12.4,12.4,12.45,1293.0,1555.0,11644.0,18043.0,False,False
2883,2022-11-08 09:54:48.204123,0.0,-0.008032128514056214,0.0,-0.09999999999999964,12.35,12.4,12.4,12.45,1293.0,1555.0,11644.0,18043.0,False,False
2883,2022-11-08 09:54:48.339494,0.0,-0.008032128514056214,0.0,-0.09999999999999964,12.35,12.4,12.4,12.45,1293.0,1556.0,11644.0,18043.0,False,False
2883,2022-11-08 09:54:48.601132,0.0,-0.008032128514056214,0.0,-0.09999999999999964,12.35,12.4,12.4,12.45,1293.0,1556.0,11644.0,18043.0,False,False
2883,2022-11-08 09:54:49.424428,0.0,-0.008032128514056214,0.0,-0.09999999999999964,12.35,12.4,12.4,12.45,1293.0,1556.0,11801.0,18544.0,True,True
2883,2022-11-08 09:54:50.384518,0.0,-0.008032128514056214,0.0,-0.09999999999999964,12.35,12.4,12.4,12.45,1294.0,1556.0,11801.0,18544.0,False,False
2883,2022-11-08 09:54:50.406155,0.0,-0.008032128514056214,0.0,-0.09999999999999964,12.35,12.4,12.4,12.45,1293.0,1556.0,11801.0,18544.0,False,False
2883,2022-11-08 09:54:50.789831,0.0,-0.008032128514056214,0.0,-0.09999999999999964,12.35,12.4,12.4,12.45,1292.0,1555.0,11801.0,18544.0,False,False
2883,2022-11-08 09:54:51.276763,0.0,-0.008032128514056214,0.0,-0.09999999999999964,12.35,12.4,12.4,12.45,1292.0,1555.0,11801.0,18544.0,False,False
2883,2022-11-08 09:54:53.901032,0.0,-0.008032128514056214,0.0,-0.09999999999999964,12.35,12.4,12.4,12.45,1292.0,1555.0,11801.0,18544.0,False,False
2883,2022-11-08 09:54:54.639632,0.0,-0.008032128514056214,0.0,-0.09999999999999964,12.35,12.4,12.4,12.45,1292.0,1550.0,11801.0,18544.0,False,False
2883,2022-11-08 09:54:55.932408,0.0,-0.008032128514056214,0.0,-0.09999999999999964,12.35,12.4,12.4,12.45,1292.0,1550.0,11801.0,18544.0,False,False
2883,2022-11-08 09:54:56.508235,0.0,-0.008032128514056214,0.0,-0.09999999999999964,12.35,12.4,12.4,12.45,1292.0,1550.0,11801.0,18544.0,False,False
2883,2022-11-08 09:54:57.615206,0.0,-0.008032128514056214,0.0,-0.09999999999999964,12.35,12.4,12.4,12.45,1292.0,1550.0,11801.0,18544.0,False,False
2883,2022-11-08 09:54:59.499692,0.0,-0.008032128514056214,0.0,-0.09999999999999964,12.35,12.4,12.4,12.45,1292.0,1550.0,11801.0,18544.0,False,False
2883,2022-11-08 09:54:59.462903,0.0,-0.008032128514056214,0.0,-0.09999999999999964,12.35,12.4,12.4,12.45,1292.0,1550.0,11552.0,18756.0,True,True
2883,2022-11-08 09:55:00.815835,0.0,-0.008032128514056214,0.0,-0.09999999999999964,12.35,12.4,12.4,12.45,1292.0,1549.0,11552.0,18756.0,False,False
2883,2022-11-08 09:55:00.976675,0.0,-0.008032128514056214,0.0,-0.09999999999999964,12.35,12.4,12.4,12.45,1292.0,1549.0,11552.0,18756.0,False,False
2883,2022-11-08 09:55:03.759449,0.0,-0.008032128514056214,0.0,-0.09999999999999964,12.35,12.4,12.4,12.45,1292.0,1554.0,11552.0,18756.0,False,False
2883,2022-11-08 09:55:06.775568,0.0,-0.008032128514056214,0.0,-0.09999999999999964,12.35,12.4,12.4,12.45,1292.0,1554.0,11552.0,18756.0,False,False
2883,2022-11-08 09:55:09.152973,0.0,-0.008032128514056214,0.0,-0.09999999999999964,12.35,12.4,12.4,12.45,1292.0,1555.0,11552.0,18756.0,False,False
2883,2022-11-08 09:55:09.093812,0.0,-0.008032128514056214,0.0,-0.09999999999999964,12.35,12.4,12.4,12.45,1292.0,1555.0,11551.0,18756.0,False,True
2883,2022-11-08 09:55:09.580540,0.0,-0.008032128514056214,0.0,-0.09999999999999964,12.35,12.4,12.4,12.45,1292.0,1555.0,11551.0,18756.0,False,False
2883,2022-11-08 09:55:14.166091,0.0,-0.008032128514056214,0.0,-0.09999999999999964,12.35,12.4,12.4,12.45,1292.0,1555.0,11551.0,18756.0,False,False
2883,2022-11-08 09:55:14.203040,0.0,-0.008032128514056214,0.0,-0.09999999999999964,12.35,12.4,12.4,12.45,1323.0,1555.0,11551.0,18756.0,False,False
2883,2022-11-08 09:55:14.318877,0.0,-0.008032128514056214,0.0,-0.09999999999999964,12.35,12.4,12.4,12.45,1325.0,1555.0,11551.0,18756.0,False,False
2883,2022-11-08 09:55:16.781687,0.0,-0.008032128514056214,0.0,-0.09999999999999964,12.35,12.4,12.4,12.45,1325.0,1555.0,11551.0,18756.0,False,False
2883,2022-11-08 09:55:18.320641,0.0,-0.008032128514056214,0.0,-0.09999999999999964,12.35,12.4,12.4,12.45,1325.0,1557.0,11551.0,18756.0,False,False
2883,2022-11-08 09:55:19.012921,0.0,-0.008032128514056214,0.0,-0.09999999999999964,12.35,12.4,12.4,12.45,1325.0,1556.0,11551.0,18756.0,False,False
2883,2022-11-08 09:55:23.315890,0.0,-0.008032128514056214,0.0,-0.09999999999999964,12.35,12.4,12.4,12.45,1325.0,1558.0,11551.0,18756.0,False,False
2883,2022-11-08 09:55:23.966940,0.0,-0.008032128514056214,0.0,-0.09999999999999964,12.35,12.4,12.4,12.45,1325.0,1559.0,11551.0,18756.0,False,False
2883,2022-11-08 09:55:25.030104,0.0,-0.008032128514056214,0.0,-0.09999999999999964,12.35,12.4,12.4,12.45,1325.0,1559.0,11551.0,18756.0,False,False
2883,2022-11-08 09:55:25.162822,0.0,-0.008032128514056214,0.0,-0.09999999999999964,12.35,12.4,12.4,12.45,1325.0,1559.0,11551.0,18756.0,False,False
2883,2022-11-08 09:55:29.275686,0.0,-0.008032128514056214,0.0,-0.09999999999999964,12.35,12.4,12.4,12.45,1325.0,1559.0,12496.0,18756.0,True,True
2883,2022-11-08 09:55:29.990977,0.0,-0.008032128514056214,0.0,-0.09999999999999964,12.35,12.4,12.4,12.45,1325.0,1559.0,12496.0,18756.0,False,False
2883,2022-11-08 09:55:30.776414,0.0,-0.008032128514056214,0.0,-0.09999999999999964,12.35,12.4,12.4,12.45,1325.0,1561.0,12496.0,18756.0,False,False
2883,2022-11-08 09:55:31.327160,0.0,-0.008032128514056214,0.0,-0.09999999999999964,12.35,12.4,12.4,12.45,1326.0,1561.0,12496.0,18756.0,False,False
2883,2022-11-08 09:55:37.288135,0.0,-0.008032128514056214,0.0,-0.09999999999999964,12.35,12.4,12.4,12.45,1325.0,1561.0,12496.0,18756.0,False,False
2883,2022-11-08 09:55:38.799196,0.0,-0.008032128514056214,0.0,-0.09999999999999964,12.35,12.4,12.4,12.45,1325.0,1561.0,12496.0,18756.0,False,False
2883,2022-11-08 09:55:39.340131,0.0,-0.008032128514056214,0.0,-0.09999999999999964,12.35,12.4,12.4,12.45,1325.0,1561.0,12497.0,18747.0,True,True
2883,2022-11-08 09:55:41.297891,0.0,-0.008032128514056214,0.0,-0.09999999999999964,12.35,12.4,12.4,12.45,1325.0,1562.0,12497.0,18747.0,False,False
2883,2022-11-08 09:55:41.947193,0.0,-0.008032128514056214,0.0,-0.09999999999999964,12.35,12.4,12.4,12.45,1325.0,1564.0,12497.0,18747.0,False,False
2883,2022-11-08 09:55:45.084904,0.0,-0.008032128514056214,0.0,-0.09999999999999964,12.35,12.4,12.4,12.45,1325.0,1562.0,12497.0,18747.0,False,False
2883,2022-11-08 09:55:45.187793,0.0,-0.008032128514056214,0.0,-0.09999999999999964,12.35,12.4,12.4,12.45,1325.0,1572.0,12497.0,18747.0,False,False
2883,2022-11-08 09:55:48.362782,0.0,-0.008032128514056214,0.0,-0.09999999999999964,12.35,12.4,12.4,12.45,1324.0,1572.0,12497.0,18747.0,False,False
2883,2022-11-08 09:55:48.470330,0.0,-0.008032128514056214,0.0,-0.09999999999999964,12.35,12.4,12.4,12.45,1324.0,1572.0,12497.0,18747.0,False,False
2883,2022-11-08 09:55:48.593054,0.0,-0.008032128514056214,0.0,-0.09999999999999964,12.35,12.4,12.4,12.45,1324.0,1567.0,12497.0,18747.0,False,False
2883,2022-11-08 09:55:48.841804,0.0,-0.008032128514056214,0.0,-0.09999999999999964,12.35,12.4,12.4,12.45,1322.0,1567.0,12497.0,18747.0,False,False
2883,2022-11-08 09:55:49.186154,0.0,-0.008032128514056214,0.0,-0.09999999999999964,12.35,12.4,12.4,12.45,1322.0,1567.0,12497.0,18747.0,False,False
2883,2022-11-08 09:55:49.396054,0.0,-0.008032128514056214,0.0,-0.09999999999999964,12.35,12.4,12.4,12.45,1322.0,1567.0,12497.0,18748.0,True,True
2883,2022-11-08 09:55:49.942847,0.0,-0.008032128514056214,0.0,-0.09999999999999964,12.35,12.4,12.4,12.45,1323.0,1567.0,12497.0,18748.0,False,False
2883,2022-11-08 09:55:55.643895,0.0,-0.008032128514056214,0.0,-0.09999999999999964,12.35,12.4,12.4,12.45,1323.0,1567.0,12497.0,18748.0,False,False
2883,2022-11-08 09:55:56.438218,0.0,-0.008032128514056214,0.0,-0.09999999999999964,12.35,12.4,12.4,12.45,1322.0,1567.0,12497.0,18748.0,False,False
2883,2022-11-08 09:55:58.628503,0.0,-0.008032128514056214,0.0,-0.09999999999999964,12.35,12.4,12.4,12.45,1323.0,1567.0,12497.0,18748.0,False,False
2883,2022-11-08 09:55:59.444870,0.0,-0.008032128514056214,0.0,-0.09999999999999964,12.35,12.4,12.4,12.45,1323.0,1567.0,12497.0,18748.0,True,True
2883,2022-11-08 09:55:59.629606,0.0,-0.008032128514056214,0.0,-0.09999999999999964,12.35,12.4,12.4,12.45,1324.0,1567.0,12497.0,18748.0,False,False
2883,2022-11-08 09:55:59.640138,0.0,-0.008032128514056214,0.0,-0.09999999999999964,12.35,12.4,12.4,12.45,1326.0,1567.0,12497.0,18748.0,False,False
2883,2022-11-08 09:56:03.660056,0.0,-0.008032128514056214,0.0,-0.09999999999999964,12.35,12.4,12.4,12.45,1326.0,1568.0,12497.0,18748.0,False,False
2883,2022-11-08 09:56:04.033342,0.0,-0.008032128514056214,0.0,-0.09999999999999964,12.35,12.4,12.4,12.45,1324.0,1566.0,12497.0,18748.0,False,False
2883,2022-11-08 09:56:07.451703,0.0,-0.008032128514056214,0.0,-0.09999999999999964,12.35,12.4,12.4,12.45,1324.0,1566.0,12497.0,18748.0,False,False
2883,2022-11-08 09:56:08.946560,0.0,-0.008032128514056214,0.0,-0.09999999999999964,12.35,12.4,12.4,12.45,1324.0,1566.0,12497.0,18748.0,False,False
2883,2022-11-08 09:56:09.489510,0.0,-0.008032128514056214,0.0,-0.09999999999999964,12.35,12.4,12.4,12.45,1324.0,1566.0,12497.0,18749.0,True,True
2883,2022-11-08 09:56:09.889034,0.0,-0.008032128514056214,0.0,-0.09999999999999964,12.35,12.4,12.4,12.45,1545.0,1566.0,12497.0,18749.0,False,False
2883,2022-11-08 09:56:11.464162,0.0,-0.008032128514056214,0.0,-0.09999999999999964,12.35,12.4,12.4,12.45,1546.0,1566.0,12497.0,18749.0,False,False
2883,2022-11-08 09:56:11.723316,0.0,-0.008032128514056214,0.0,-0.09999999999999964,12.35,12.4,12.4,12.45,1552.0,1566.0,12497.0,18749.0,False,False
2883,2022-11-08 09:56:13.509360,0.0,-0.008032128514056214,0.0,-0.09999999999999964,12.35,12.4,12.4,12.45,1554.0,1566.0,12497.0,18749.0,False,False
2883,2022-11-08 09:56:13.720887,0.0,-0.008032128514056214,0.0,-0.09999999999999964,12.35,12.4,12.4,12.45,1554.0,1566.0,12497.0,18749.0,False,False
2883,2022-11-08 09:56:15.731272,0.0,-0.008032128514056214,0.0,-0.09999999999999964,12.35,12.4,12.4,12.45,1554.0,1567.0,12497.0,18749.0,False,False
2883,2022-11-08 09:56:17.846061,0.0,-0.008032128514056214,0.0,-0.09999999999999964,12.35,12.4,12.4,12.45,1333.0,1567.0,12497.0,18749.0,False,False
2883,2022-11-08 09:56:18.571399,0.0,-0.008032128514056214,0.0,-0.09999999999999964,12.35,12.4,12.4,12.45,1333.0,1567.0,12497.0,18749.0,False,False
2883,2022-11-08 09:56:19.381295,0.0,-0.008032128514056214,0.0,-0.09999999999999964,12.35,12.4,12.4,12.45,1333.0,1567.0,12497.0,18749.0,False,False
2883,2022-11-08 09:56:19.528318,0.0,-0.008032128514056214,0.0,-0.09999999999999964,12.35,12.4,12.4,12.45,1333.0,1567.0,12497.0,18749.0,False,False
2883,2022-11-08 09:56:21.667297,0.0,-0.008032128514056214,0.0,-0.09999999999999964,12.35,12.4,12.4,12.45,1334.0,1567.0,12497.0,18749.0,False,False
2883,2022-11-08 09:56:24.577134,0.0,-0.008032128514056214,0.0,-0.09999999999999964,12.35,12.4,12.4,12.45,1334.0,1567.0,12497.0,18749.0,False,False
2883,2022-11-08 09:56:24.610810,0.0,-0.008032128514056214,0.0,-0.09999999999999964,12.35,12.4,12.4,12.45,1334.0,1567.0,12497.0,18749.0,False,False
2883,2022-11-08 09:56:25.472603,0.0,-0.008032128514056214,0.0,-0.09999999999999964,12.35,12.4,12.4,12.45,1335.0,1567.0,12497.0,18749.0,False,False
2883,2022-11-08 09:56:25.601677,0.0,-0.008032128514056214,0.0,-0.09999999999999964,12.35,12.4,12.4,12.45,1335.0,1567.0,12497.0,18749.0,False,False
2883,2022-11-08 09:56:28.783211,0.0,-0.008032128514056214,0.0,-0.09999999999999964,12.35,12.4,12.4,12.45,1335.0,1567.0,12497.0,18749.0,False,False
2883,2022-11-08 09:56:29.179907,0.0,-0.008032128514056214,0.0,-0.09999999999999964,12.35,12.4,12.4,12.45,1335.0,1567.0,12497.0,18749.0,False,False
2883,2022-11-08 09:56:29.237663,0.0,-0.008032128514056214,0.0,-0.09999999999999964,12.35,12.4,12.4,12.45,1335.0,1567.0,12497.0,18749.0,False,False
2883,2022-11-08 09:56:29.572148,0.0,-0.008032128514056214,0.0,-0.09999999999999964,12.35,12.4,12.4,12.45,1335.0,1567.0,12497.0,18742.0,True,True
2883,2022-11-08 09:56:36.864881,0.0,-0.008032128514056214,0.0,-0.09999999999999964,12.35,12.4,12.4,12.45,1335.0,1567.0,12497.0,18742.0,False,False
2883,2022-11-08 09:56:39.214463,0.0,-0.008032128514056214,0.0,-0.09999999999999964,12.35,12.4,12.4,12.45,1335.0,1566.0,12497.0,18742.0,False,False
2883,2022-11-08 09:56:39.616975,0.0,-0.008032128514056214,0.0,-0.09999999999999964,12.35,12.4,12.4,12.45,1335.0,1566.0,12497.0,18743.0,True,True
2883,2022-11-08 09:56:42.595220,0.0,-0.008032128514056214,0.0,-0.09999999999999964,12.35,12.4,12.4,12.45,1335.0,1566.0,12497.0,18743.0,False,False
2883,2022-11-08 09:56:49.325123,0.0,-0.008032128514056214,0.0,-0.09999999999999964,12.35,12.4,12.4,12.45,1336.0,1566.0,12497.0,18743.0,False,False
2883,2022-11-08 09:56:49.656048,0.0,-0.008032128514056214,0.0,-0.09999999999999964,12.35,12.4,12.4,12.45,1336.0,1566.0,12497.0,18743.0,True,True
2883,2022-11-08 09:56:52.656668,0.0,-0.008032128514056214,0.0,-0.09999999999999964,12.35,12.4,12.4,12.45,1336.0,1571.0,12497.0,18743.0,False,False
2883,2022-11-08 09:56:53.685634,0.0,-0.008032128514056214,0.0,-0.09999999999999964,12.35,12.4,12.4,12.45,1326.0,1571.0,12497.0,18743.0,False,False
2883,2022-11-08 09:56:53.715244,0.0,-0.008032128514056214,0.0,-0.09999999999999964,12.35,12.4,12.4,12.45,1326.0,1929.0,12497.0,18743.0,False,False
2883,2022-11-08 09:56:53.733911,0.0,-0.008032128514056214,0.0,-0.09999999999999964,12.35,12.4,12.4,12.45,1325.0,1929.0,12497.0,18743.0,False,False
2883,2022-11-08 09:56:55.363163,0.0,-0.008032128514056214,0.0,-0.09999999999999964,12.35,12.4,12.4,12.45,1325.0,1935.0,12497.0,18743.0,False,False
2883,2022-11-08 09:56:55.614191,0.0,-0.008032128514056214,0.0,-0.09999999999999964,12.35,12.4,12.4,12.45,1322.0,1935.0,12497.0,18743.0,False,False
2883,2022-11-08 09:56:59.005314,0.0,-0.008032128514056214,0.0,-0.09999999999999964,12.35,12.4,12.4,12.45,1322.0,1935.0,12497.0,18743.0,False,False
2883,2022-11-08 09:56:59.696343,0.0,-0.008032128514056214,0.0,-0.09999999999999964,12.35,12.4,12.4,12.45,1322.0,1935.0,12497.0,18744.0,True,True
2883,2022-11-08 09:57:00.575732,0.0,-0.008032128514056214,0.0,-0.09999999999999964,12.35,12.4,12.4,12.45,1322.0,1958.0,12497.0,18744.0,False,False
2883,2022-11-08 09:57:04.477138,0.0,-0.008032128514056214,0.0,-0.09999999999999964,12.35,12.4,12.4,12.45,1322.0,1953.0,12497.0,18744.0,False,False
2883,2022-11-08 09:57:05.589572,0.0,-0.008032128514056214,0.0,-0.09999999999999964,12.35,12.4,12.4,12.45,1323.0,1953.0,12497.0,18744.0,False,False
2883,2022-11-08 09:57:06.949990,0.0,-0.008032128514056214,0.0,-0.09999999999999964,12.35,12.4,12.4,12.45,1320.0,1953.0,12497.0,18744.0,False,False
2883,2022-11-08 09:57:07.467145,0.0,-0.008032128514056214,0.0,-0.09999999999999964,12.35,12.4,12.4,12.45,1320.0,1951.0,12497.0,18744.0,False,False
2883,2022-11-08 09:57:08.525351,0.0,-0.008032128514056214,0.0,-0.09999999999999964,12.35,12.4,12.4,12.45,1320.0,1951.0,12497.0,18744.0,False,False
2883,2022-11-08 09:57:08.863261,0.0,-0.008032128514056214,0.0,-0.09999999999999964,12.35,12.4,12.4,12.45,1318.0,1951.0,12497.0,18744.0,False,False
2883,2022-11-08 09:57:09.737347,0.0,-0.008032128514056214,0.0,-0.09999999999999964,12.35,12.4,12.4,12.45,1318.0,1951.0,12497.0,18745.0,True,True
2883,2022-11-08 09:57:10.648050,0.0,-0.008032128514056214,0.0,-0.09999999999999964,12.35,12.4,12.4,12.45,1318.0,1975.0,12497.0,18745.0,False,False
2883,2022-11-08 09:57:14.272466,0.0,-0.008032128514056214,0.0,-0.09999999999999964,12.35,12.4,12.4,12.45,1317.0,1975.0,12497.0,18745.0,False,False
2883,2022-11-08 09:57:15.425112,0.0,-0.008032128514056214,0.0,-0.09999999999999964,12.35,12.4,12.4,12.45,1316.0,1975.0,12497.0,18745.0,False,False
2883,2022-11-08 09:57:19.054519,0.0,-0.008032128514056214,0.0,-0.09999999999999964,12.35,12.4,12.4,12.45,1318.0,1975.0,12497.0,18745.0,False,False
2883,2022-11-08 09:57:19.296785,0.0,-0.008032128514056214,0.0,-0.09999999999999964,12.35,12.4,12.4,12.45,1318.0,1975.0,12497.0,18745.0,False,False
2883,2022-11-08 09:57:20.874304,0.0,-0.008032128514056214,0.0,-0.09999999999999964,12.35,12.4,12.4,12.45,1318.0,1975.0,12497.0,18745.0,False,False
2883,2022-11-08 09:57:21.759812,0.0,-0.008032128514056214,0.0,-0.09999999999999964,12.35,12.4,12.4,12.45,1318.0,1975.0,12497.0,18745.0,False,False
2883,2022-11-08 09:57:26.163158,0.0,-0.008032128514056214,0.0,-0.09999999999999964,12.35,12.4,12.4,12.45,1308.0,1975.0,12497.0,18745.0,False,False
2883,2022-11-08 09:57:26.322600,0.0,-0.008032128514056214,0.0,-0.09999999999999964,12.35,12.4,12.4,12.45,1308.0,1976.0,12497.0,18745.0,False,False
2883,2022-11-08 09:57:27.681197,0.0,-0.008032128514056214,0.0,-0.09999999999999964,12.35,12.4,12.4,12.45,1308.0,1976.0,12497.0,18745.0,False,False
2883,2022-11-08 09:57:29.224272,0.0,-0.008032128514056214,0.0,-0.09999999999999964,12.35,12.4,12.4,12.45,1308.0,1976.0,12497.0,18745.0,False,False
2883,2022-11-08 09:57:29.634165,0.0,-0.008032128514056214,0.0,-0.09999999999999964,12.35,12.4,12.4,12.45,1308.0,1976.0,12497.0,18745.0,False,False
2883,2022-11-08 09:57:29.818712,0.0,-0.008032128514056214,0.0,-0.09999999999999964,12.35,12.4,12.4,12.45,1308.0,1976.0,12307.0,18756.0,True,True
2883,2022-11-08 09:57:30.161657,0.0,-0.008032128514056214,0.0,-0.09999999999999964,12.35,12.4,12.4,12.45,1307.0,1975.0,12307.0,18756.0,False,False
2883,2022-11-08 09:57:30.255315,0.0,-0.008032128514056214,0.0,-0.09999999999999964,12.35,12.4,12.4,12.45,1307.0,1975.0,12307.0,18756.0,False,False
2883,2022-11-08 09:57:30.812436,0.0,-0.008032128514056214,0.0,-0.09999999999999964,12.35,12.4,12.4,12.45,1307.0,1973.0,12307.0,18756.0,False,False
2883,2022-11-08 09:57:30.949017,0.0,-0.008032128514056214,0.0,-0.09999999999999964,12.35,12.4,12.4,12.45,1308.0,1973.0,12307.0,18756.0,False,False
2883,2022-11-08 09:57:34.112669,0.0,-0.008032128514056214,0.0,-0.09999999999999964,12.35,12.4,12.4,12.45,1238.0,1973.0,12307.0,18756.0,False,False
2883,2022-11-08 09:57:34.516798,0.0,-0.008032128514056214,0.0,-0.09999999999999964,12.35,12.4,12.4,12.45,1231.0,1973.0,12307.0,18756.0,False,False
2883,2022-11-08 09:57:35.984498,0.0,-0.008032128514056214,0.0,-0.09999999999999964,12.35,12.4,12.4,12.45,1231.0,1972.0,12307.0,18756.0,False,False
2883,2022-11-08 09:57:39.871176,0.0,-0.008032128514056214,0.0,-0.09999999999999964,12.35,12.4,12.4,12.45,1231.0,1972.0,11807.0,18756.0,True,True
2883,2022-11-08 09:57:40.321562,0.0,-0.008032128514056214,0.0,-0.09999999999999964,12.35,12.4,12.4,12.45,1231.0,1973.0,11807.0,18756.0,False,False
2883,2022-11-08 09:57:42.503388,0.0,-0.008032128514056214,0.0,-0.09999999999999964,12.35,12.4,12.4,12.45,1231.0,1973.0,11807.0,18756.0,False,False
2883,2022-11-08 09:57:48.312823,0.0,-0.008032128514056214,0.0,-0.09999999999999964,12.35,12.4,12.4,12.45,1231.0,1971.0,11807.0,18756.0,False,False
2883,2022-11-08 09:57:49.919760,0.0,-0.008032128514056214,0.0,-0.09999999999999964,12.35,12.4,12.4,12.45,1231.0,1971.0,11306.0,18756.0,True,True
2883,2022-11-08 09:57:51.860170,0.0,-0.008032128514056214,0.0,-0.09999999999999964,12.35,12.4,12.4,12.45,1281.0,1971.0,11306.0,18756.0,False,False
2883,2022-11-08 09:57:53.863808,0.0,-0.008032128514056214,0.0,-0.09999999999999964,12.35,12.4,12.4,12.45,1281.0,1971.0,11306.0,18756.0,False,False
2883,2022-11-08 09:57:54.877965,0.0,-0.008032128514056214,0.0,-0.09999999999999964,12.35,12.4,12.4,12.45,1281.0,1971.0,11306.0,18756.0,False,False
2883,2022-11-08 09:57:55.302349,0.0,-0.008032128514056214,0.0,-0.09999999999999964,12.35,12.4,12.4,12.45,1271.0,1971.0,11306.0,18756.0,False,False
2883,2022-11-08 09:57:56.649003,0.0,-0.008032128514056214,0.0,-0.09999999999999964,12.35,12.4,12.4,12.45,1271.0,1971.0,11306.0,18756.0,False,False
2883,2022-11-08 09:57:57.195331,0.0,-0.008032128514056214,0.0,-0.09999999999999964,12.35,12.4,12.4,12.45,1270.0,1971.0,11306.0,18756.0,False,False
2883,2022-11-08 09:58:03.328988,0.0,-0.008032128514056214,0.0,-0.09999999999999964,12.35,12.4,12.4,12.45,1271.0,1971.0,11306.0,18756.0,False,False
2883,2022-11-08 09:58:04.435895,0.0,-0.008032128514056214,0.0,-0.09999999999999964,12.35,12.4,12.4,12.45,1271.0,1971.0,11306.0,18756.0,False,False
2883,2022-11-08 09:58:04.537639,0.0,-0.008032128514056214,0.0,-0.09999999999999964,12.35,12.4,12.4,12.45,1271.0,1966.0,11306.0,18756.0,False,False
2883,2022-11-08 09:58:09.194606,0.0,-0.008032128514056214,0.0,-0.09999999999999964,12.35,12.4,12.4,12.45,1271.0,1966.0,10805.0,18756.0,False,True
2883,2022-11-08 09:58:09.337826,0.0,-0.008032128514056214,0.0,-0.09999999999999964,12.35,12.4,12.4,12.45,1271.0,1969.0,10805.0,18756.0,False,False
2883,2022-11-08 09:58:10.882693,0.0,-0.008032128514056214,0.0,-0.09999999999999964,12.35,12.4,12.4,12.45,1271.0,1969.0,10805.0,18756.0,False,False
2883,2022-11-08 09:58:11.084354,0.0,-0.008032128514056214,0.0,-0.09999999999999964,12.35,12.4,12.4,12.45,1271.0,1969.0,10805.0,18756.0,False,False
2883,2022-11-08 09:58:12.398299,0.0,-0.008032128514056214,0.0,-0.09999999999999964,12.35,12.4,12.4,12.45,1271.0,1969.0,10805.0,18756.0,False,False
2883,2022-11-08 09:58:12.642410,0.0,-0.008032128514056214,0.0,-0.09999999999999964,12.35,12.4,12.4,12.45,1271.0,1970.0,10805.0,18756.0,False,False
2883,2022-11-08 09:58:12.679845,0.0,-0.008032128514056214,0.0,-0.09999999999999964,12.35,12.4,12.4,12.45,1272.0,1970.0,10805.0,18756.0,False,False
2883,2022-11-08 09:58:13.902279,0.0,-0.008032128514056214,0.0,-0.09999999999999964,12.35,12.4,12.4,12.45,1271.0,1970.0,10805.0,18756.0,False,False
2883,2022-11-08 09:58:14.789340,0.0,-0.008032128514056214,0.0,-0.09999999999999964,12.35,12.4,12.4,12.45,1271.0,1970.0,10805.0,18756.0,False,False
2883,2022-11-08 09:58:15.524083,0.0,-0.008032128514056214,0.0,-0.09999999999999964,12.35,12.4,12.4,12.45,1272.0,1970.0,10805.0,18756.0,False,False
2883,2022-11-08 09:58:18.574094,0.0,-0.008032128514056214,0.0,-0.09999999999999964,12.35,12.4,12.4,12.45,1272.0,1970.0,10805.0,18756.0,False,False
2883,2022-11-08 09:58:19.625457,0.0,-0.008032128514056214,0.0,-0.09999999999999964,12.35,12.4,12.4,12.45,1272.0,1970.0,10805.0,18756.0,False,False
2883,2022-11-08 09:58:21.416668,0.0,-0.008032128514056214,0.0,-0.09999999999999964,12.35,12.4,12.4,12.45,1272.0,1970.0,10805.0,18756.0,False,False
2883,2022-11-08 09:58:23.303815,0.0,-0.008032128514056214,0.0,-0.09999999999999964,12.35,12.4,12.4,12.45,1272.0,1975.0,10805.0,18756.0,False,False
2883,2022-11-08 09:58:28.197656,0.0,-0.008032128514056214,0.0,-0.09999999999999964,12.35,12.4,12.4,12.45,1272.0,1975.0,10805.0,18756.0,False,False
2883,2022-11-08 09:58:29.833539,0.0,-0.008032128514056214,0.0,-0.09999999999999964,12.35,12.4,12.4,12.45,1273.0,1975.0,10805.0,18756.0,False,False
2883,2022-11-08 09:58:31.547694,0.0,-0.008032128514056214,0.0,-0.09999999999999964,12.35,12.4,12.4,12.45,1273.0,1985.0,10805.0,18756.0,False,False
2883,2022-11-08 09:58:34.499726,0.0,-0.008032128514056214,0.0,-0.09999999999999964,12.35,12.4,12.4,12.45,1268.0,1985.0,10805.0,18756.0,False,False
2883,2022-11-08 09:58:35.395129,0.0,-0.008032128514056214,0.0,-0.09999999999999964,12.35,12.4,12.4,12.45,1268.0,1985.0,10805.0,18756.0,False,False
2883,2022-11-08 09:58:38.660518,0.0,-0.008032128514056214,0.0,-0.09999999999999964,12.35,12.4,12.4,12.45,1267.0,1985.0,10805.0,18756.0,False,False
2883,2022-11-08 09:58:39.312028,0.0,-0.008032128514056214,0.0,-0.09999999999999964,12.35,12.4,12.4,12.45,1267.0,1985.0,10804.0,18756.0,True,True
2883,2022-11-08 09:58:39.132429,0.0,-0.008032128514056214,0.0,-0.09999999999999964,12.35,12.4,12.4,12.45,1267.0,1985.0,10804.0,18756.0,False,False
2883,2022-11-08 09:58:39.280765,0.0,-0.008032128514056214,0.0,-0.09999999999999964,12.35,12.4,12.4,12.45,1267.0,1985.0,10804.0,18756.0,False,False
2883,2022-11-08 09:58:39.425409,0.0,-0.008032128514056214,0.0,-0.09999999999999964,12.35,12.4,12.4,12.45,1268.0,1985.0,10804.0,18756.0,False,False
2883,2022-11-08 09:58:41.164268,0.0,-0.008032128514056214,0.0,-0.09999999999999964,12.35,12.4,12.4,12.45,1268.0,1985.0,10804.0,18756.0,False,False
2883,2022-11-08 09:58:42.264306,0.0,-0.008032128514056214,0.0,-0.09999999999999964,12.35,12.4,12.4,12.45,1268.0,1985.0,10804.0,18756.0,False,False
2883,2022-11-08 09:58:44.663744,0.0,-0.008032128514056214,0.0,-0.09999999999999964,12.35,12.4,12.4,12.45,1268.0,1987.0,10804.0,18756.0,False,False
2883,2022-11-08 09:58:45.993003,0.0,-0.008032128514056214,0.0,-0.09999999999999964,12.35,12.4,12.4,12.45,1298.0,1987.0,10804.0,18756.0,False,False
2883,2022-11-08 09:58:47.622247,0.0,-0.008032128514056214,0.0,-0.09999999999999964,12.35,12.4,12.4,12.45,1298.0,1987.0,10804.0,18756.0,False,False
2883,2022-11-08 09:58:49.353288,0.0,-0.008032128514056214,0.0,-0.09999999999999964,12.35,12.4,12.4,12.45,1298.0,1987.0,10805.0,18747.0,True,True
2883,2022-11-08 09:58:50.264921,0.0,-0.008032128514056214,0.0,-0.09999999999999964,12.35,12.4,12.4,12.45,1298.0,1989.0,10805.0,18747.0,False,False
2883,2022-11-08 09:58:52.059808,0.0,-0.008032128514056214,0.0,-0.09999999999999964,12.35,12.4,12.4,12.45,1299.0,1989.0,10805.0,18747.0,False,False
2883,2022-11-08 09:58:52.301786,0.0,-0.008032128514056214,0.0,-0.09999999999999964,12.35,12.4,12.4,12.45,1299.0,1989.0,10805.0,18747.0,False,False
2883,2022-11-08 09:58:55.586279,0.0,-0.008032128514056214,0.0,-0.09999999999999964,12.35,12.4,12.4,12.45,1299.0,1989.0,10805.0,18747.0,False,False
2883,2022-11-08 09:58:56.715685,0.0,-0.008032128514056214,0.0,-0.09999999999999964,12.35,12.4,12.4,12.45,1304.0,1989.0,10805.0,18747.0,False,False
2883,2022-11-08 09:58:59.393376,0.0,-0.008032128514056214,0.0,-0.09999999999999964,12.35,12.4,12.4,12.45,1304.0,1989.0,10805.0,18248.0,True,True
2883,2022-11-08 09:59:03.206969,0.0,-0.008032128514056214,0.0,-0.09999999999999964,12.35,12.4,12.4,12.45,1305.0,1989.0,10805.0,18248.0,False,False
2883,2022-11-08 09:59:05.668155,0.0,-0.008032128514056214,0.0,-0.09999999999999964,12.35,12.4,12.4,12.45,1305.0,1991.0,10805.0,18248.0,False,False
2883,2022-11-08 09:59:08.184950,0.0,-0.008032128514056214,0.0,-0.09999999999999964,12.35,12.4,12.4,12.45,1305.0,1991.0,10805.0,18248.0,False,False
2883,2022-11-08 09:59:09.434584,0.0,-0.008032128514056214,0.0,-0.09999999999999964,12.35,12.4,12.4,12.45,1305.0,1991.0,10805.0,18248.0,True,True
2883,2022-11-08 09:59:10.709441,0.0,-0.008032128514056214,0.0,-0.09999999999999964,12.35,12.4,12.4,12.45,1307.0,1991.0,10805.0,18248.0,False,False
2883,2022-11-08 09:59:11.109322,0.0,-0.008032128514056214,0.0,-0.09999999999999964,12.35,12.4,12.4,12.45,1307.0,1961.0,10805.0,18248.0,False,False
2883,2022-11-08 09:59:12.489144,0.0,-0.008032128514056214,0.0,-0.09999999999999964,12.35,12.4,12.4,12.45,1304.0,1961.0,10805.0,18248.0,False,False
2883,2022-11-08 09:59:12.838823,0.0,-0.008032128514056214,0.0,-0.09999999999999964,12.35,12.4,12.4,12.45,1304.0,1961.0,10805.0,18248.0,False,False
2883,2022-11-08 09:59:12.904923,0.0,-0.008032128514056214,0.0,-0.09999999999999964,12.35,12.4,12.4,12.45,1301.0,1961.0,10805.0,18248.0,False,False
2883,2022-11-08 09:59:14.666836,0.0,-0.008032128514056214,0.0,-0.09999999999999964,12.35,12.4,12.4,12.45,1301.0,1961.0,10805.0,18248.0,False,False
2883,2022-11-08 09:59:14.743405,0.0,-0.008032128514056214,0.0,-0.09999999999999964,12.35,12.4,12.4,12.45,1301.0,1961.0,10805.0,18248.0,False,False
2883,2022-11-08 09:59:14.875340,0.0,-0.008032128514056214,0.0,-0.09999999999999964,12.35,12.4,12.4,12.45,1301.0,1959.0,10805.0,18248.0,False,False
2883,2022-11-08 09:59:17.673428,0.0,-0.008032128514056214,0.0,-0.09999999999999964,12.35,12.4,12.4,12.45,1300.0,1959.0,10805.0,18248.0,False,False
2883,2022-11-08 09:59:21.702681,0.0,-0.008032128514056214,0.0,-0.09999999999999964,12.35,12.4,12.4,12.45,1301.0,1959.0,10805.0,18248.0,False,False
2883,2022-11-08 09:59:23.335419,0.0,-0.008032128514056214,0.0,-0.09999999999999964,12.35,12.4,12.4,12.45,1301.0,1960.0,10805.0,18248.0,False,False
2883,2022-11-08 09:59:23.524305,0.0,-0.008032128514056214,0.0,-0.09999999999999964,12.35,12.4,12.4,12.45,1301.0,1963.0,10805.0,18248.0,False,False
2883,2022-11-08 09:59:23.963977,0.0,-0.008032128514056214,0.0,-0.09999999999999964,12.35,12.4,12.4,12.45,1303.0,1963.0,10805.0,18248.0,False,False
2883,2022-11-08 09:59:25.144237,0.0,-0.008032128514056214,0.0,-0.09999999999999964,12.35,12.4,12.4,12.45,1304.0,1963.0,10805.0,18248.0,False,False
2883,2022-11-08 09:59:28.333973,0.0,-0.008032128514056214,0.0,-0.09999999999999964,12.35,12.4,12.4,12.45,1303.0,1963.0,10805.0,18248.0,False,False
2883,2022-11-08 09:59:28.349404,0.0,-0.008032128514056214,0.0,-0.09999999999999964,12.35,12.4,12.4,12.45,1304.0,1963.0,10805.0,18248.0,False,False
2883,2022-11-08 09:59:29.120786,0.0,-0.008032128514056214,0.0,-0.09999999999999964,12.35,12.4,12.4,12.45,1304.0,1965.0,10805.0,18248.0,False,False
2883,2022-11-08 09:59:29.522169,0.0,-0.008032128514056214,0.0,-0.09999999999999964,12.35,12.4,12.4,12.45,1304.0,1965.0,10805.0,18249.0,True,True
2883,2022-11-08 09:59:35.173563,0.0,-0.008032128514056214,0.0,-0.09999999999999964,12.35,12.4,12.4,12.45,1304.0,1965.0,10805.0,18249.0,False,False
2883,2022-11-08 09:59:35.390803,0.0,-0.008032128514056214,0.0,-0.09999999999999964,12.35,12.4,12.4,12.45,1304.0,1965.0,10805.0,18249.0,False,False
2883,2022-11-08 09:59:37.583657,0.0,-0.008032128514056214,0.0,-0.09999999999999964,12.35,12.4,12.4,12.45,1304.0,1965.0,10805.0,18249.0,False,False
2883,2022-11-08 09:59:39.771954,0.0,-0.008032128514056214,0.0,-0.09999999999999964,12.35,12.4,12.4,12.45,1304.0,1965.0,10805.0,18249.0,False,False
2883,2022-11-08 09:59:42.864247,0.0,-0.008032128514056214,0.0,-0.09999999999999964,12.35,12.4,12.4,12.45,1302.0,1965.0,10805.0,18249.0,False,False
2883,2022-11-08 09:59:44.483958,0.0,-0.008032128514056214,0.0,-0.09999999999999964,12.35,12.4,12.4,12.45,1352.0,1965.0,10805.0,18249.0,False,False
2883,2022-11-08 09:59:45.176336,0.0,-0.008032128514056214,0.0,-0.09999999999999964,12.35,12.4,12.4,12.45,1352.0,1965.0,10805.0,18249.0,False,False
2883,2022-11-08 09:59:45.216177,0.0,-0.008032128514056214,0.0,-0.09999999999999964,12.35,12.4,12.4,12.45,1352.0,1965.0,10805.0,18249.0,False,False
2883,2022-11-08 09:59:47.681411,0.0,-0.008032128514056214,0.0,-0.09999999999999964,12.35,12.4,12.4,12.45,1352.0,1965.0,10805.0,18249.0,False,False
2883,2022-11-08 09:59:49.609574,0.0,-0.008032128514056214,0.0,-0.09999999999999964,12.35,12.4,12.4,12.45,1352.0,1965.0,10805.0,18250.0,True,True
2883,2022-11-08 09:59:49.824522,0.0,-0.008032128514056214,0.0,-0.09999999999999964,12.35,12.4,12.4,12.45,1352.0,1965.0,10805.0,18250.0,False,False
2883,2022-11-08 09:59:50.257321,0.0,-0.008032128514056214,0.0,-0.09999999999999964,12.35,12.4,12.4,12.45,1352.0,1963.0,10805.0,18250.0,False,False
2883,2022-11-08 09:59:50.633857,0.0,-0.008032128514056214,0.0,-0.09999999999999964,12.35,12.4,12.4,12.45,1353.0,1963.0,10805.0,18250.0,False,False
2883,2022-11-08 09:59:52.134583,0.0,-0.008032128514056214,0.0,-0.09999999999999964,12.35,12.4,12.4,12.45,953.0,1963.0,10805.0,18250.0,False,False
2883,2022-11-08 09:59:52.161836,0.0,-0.008032128514056214,0.0,-0.09999999999999964,12.35,12.4,12.4,12.45,953.0,2095.0,10805.0,18250.0,False,False
2883,2022-11-08 09:59:52.177311,0.0,-0.008032128514056214,0.0,-0.09999999999999964,12.35,12.4,12.4,12.45,953.0,2173.0,10805.0,18250.0,False,False
2883,2022-11-08 09:59:52.214840,0.0,-0.008032128514056214,0.0,-0.09999999999999964,12.35,12.4,12.4,12.45,952.0,2173.0,10805.0,18250.0,False,False
2883,2022-11-08 09:59:52.236410,0.0,-0.008032128514056214,0.0,-0.09999999999999964,12.35,12.4,12.4,12.45,952.0,2173.0,10805.0,18250.0,False,False
2883,2022-11-08 09:59:52.319605,0.0,-0.008032128514056214,0.0,-0.09999999999999964,12.35,12.4,12.4,12.45,952.0,2177.0,10805.0,18250.0,False,False
2883,2022-11-08 09:59:55.554786,0.0,-0.008032128514056214,0.0,-0.09999999999999964,12.35,12.4,12.4,12.45,952.0,2182.0,10805.0,18250.0,False,False
2883,2022-11-08 09:59:56.819736,0.0,-0.008032128514056214,0.0,-0.09999999999999964,12.35,12.4,12.4,12.45,951.0,2182.0,10805.0,18250.0,False,False
2883,2022-11-08 09:59:59.257811,0.0,-0.008032128514056214,0.0,-0.09999999999999964,12.35,12.4,12.4,12.45,951.0,2179.0,10805.0,18250.0,False,False
2883,2022-11-08 09:59:59.647722,0.0,-0.008032128514056214,0.0,-0.09999999999999964,12.35,12.4,12.4,12.45,951.0,2179.0,10805.0,18250.0,True,True
2883,2022-11-08 10:00:00.101664,0.0,-0.008032128514056214,0.0,-0.09999999999999964,12.35,12.4,12.4,12.45,951.0,2179.0,10805.0,18250.0,False,False
2883,2022-11-08 10:00:01.316330,0.0,-0.008032128514056214,0.0,-0.09999999999999964,12.35,12.4,12.4,12.45,951.0,2179.0,10805.0,18250.0,False,False
2883,2022-11-08 10:00:02.071508,0.0,-0.008032128514056214,0.0,-0.09999999999999964,12.35,12.4,12.4,12.45,951.0,2150.0,10805.0,18250.0,False,False
2883,2022-11-08 10:00:02.103163,0.0,-0.008032128514056214,0.0,-0.09999999999999964,12.35,12.4,12.4,12.45,951.0,2018.0,10805.0,18250.0,False,False
2883,2022-11-08 10:00:02.668283,0.0,-0.008032128514056214,0.0,-0.09999999999999964,12.35,12.4,12.4,12.45,950.0,2018.0,10805.0,18250.0,False,False
2883,2022-11-08 10:00:03.606481,0.0,-0.008032128514056214,0.0,-0.09999999999999964,12.35,12.4,12.4,12.45,950.0,2018.0,10805.0,18250.0,False,False
2883,2022-11-08 10:00:03.792125,0.0,-0.008032128514056214,0.0,-0.09999999999999964,12.35,12.4,12.4,12.45,949.0,2018.0,10805.0,18250.0,False,False
2883,2022-11-08 10:00:03.792225,0.0,-0.008032128514056214,0.0,-0.09999999999999964,12.35,12.4,12.4,12.45,948.0,2018.0,10805.0,18250.0,False,False
2883,2022-11-08 10:00:03.905483,0.0,-0.008032128514056214,0.0,-0.09999999999999964,12.35,12.4,12.4,12.45,948.0,2016.0,10805.0,18250.0,False,False
2883,2022-11-08 10:00:05.188305,0.0,-0.008032128514056214,0.0,-0.09999999999999964,12.35,12.4,12.4,12.45,948.0,2016.0,10805.0,18250.0,False,False
2883,2022-11-08 10:00:06.430719,0.0,-0.008032128514056214,0.0,-0.09999999999999964,12.35,12.4,12.4,12.45,948.0,2015.0,10805.0,18250.0,False,False
2883,2022-11-08 10:00:07.255747,0.0,-0.008032128514056214,0.0,-0.09999999999999964,12.35,12.4,12.4,12.45,948.0,2035.0,10805.0,18250.0,False,False
2883,2022-11-08 10:00:09.686823,0.0,-0.008032128514056214,0.0,-0.09999999999999964,12.35,12.4,12.4,12.45,948.0,2035.0,10805.0,18251.0,True,True
2883,2022-11-08 10:00:09.550396,0.0,-0.008032128514056214,0.0,-0.09999999999999964,12.35,12.4,12.4,12.45,948.0,2036.0,10805.0,18251.0,False,False
2883,2022-11-08 10:00:09.561201,0.0,-0.008032128514056214,0.0,-0.09999999999999964,12.35,12.4,12.4,12.45,949.0,2036.0,10805.0,18251.0,False,False
2883,2022-11-08 10:00:15.930625,0.0,-0.008032128514056214,0.0,-0.09999999999999964,12.35,12.4,12.4,12.45,949.0,2036.0,10805.0,18251.0,False,False
2883,2022-11-08 10:00:17.537900,0.0,-0.008032128514056214,0.0,-0.09999999999999964,12.35,12.4,12.4,12.45,949.0,2031.0,10805.0,18251.0,False,False
2883,2022-11-08 10:00:18.871831,0.0,-0.008032128514056214,0.0,-0.09999999999999964,12.35,12.4,12.4,12.45,949.0,2041.0,10805.0,18251.0,False,False
2883,2022-11-08 10:00:19.514094,0.0,-0.008032128514056214,0.0,-0.09999999999999964,12.35,12.4,12.4,12.45,949.0,2041.0,10805.0,18251.0,False,False
2883,2022-11-08 10:00:19.868477,0.0,-0.008032128514056214,0.0,-0.09999999999999964,12.35,12.4,12.4,12.45,949.0,2041.0,10805.0,18752.0,True,True
2883,2022-11-08 10:00:20.922293,0.0,-0.008032128514056214,0.0,-0.09999999999999964,12.35,12.4,12.4,12.45,949.0,2042.0,10805.0,18752.0,False,False
2883,2022-11-08 10:00:22.066310,0.0,-0.008032128514056214,0.0,-0.09999999999999964,12.35,12.4,12.4,12.45,949.0,2042.0,10805.0,18752.0,False,False
2883,2022-11-08 10:00:23.816424,0.0,-0.008032128514056214,0.0,-0.09999999999999964,12.35,12.4,12.4,12.45,949.0,2046.0,10805.0,18752.0,False,False
2883,2022-11-08 10:00:23.897814,0.0,-0.008032128514056214,0.0,-0.09999999999999964,12.35,12.4,12.4,12.45,949.0,2044.0,10805.0,18752.0,False,False
2883,2022-11-08 10:00:24.961020,0.0,-0.008032128514056214,0.0,-0.09999999999999964,12.35,12.4,12.4,12.45,949.0,2045.0,10805.0,18752.0,False,False
2883,2022-11-08 10:00:26.692398,0.0,-0.008032128514056214,0.0,-0.09999999999999964,12.35,12.4,12.4,12.45,956.0,2045.0,10805.0,18752.0,False,False
2883,2022-11-08 10:00:29.118418,0.0,-0.008032128514056214,0.0,-0.09999999999999964,12.35,12.4,12.4,12.45,956.0,2046.0,10805.0,18752.0,False,False
2883,2022-11-08 10:00:29.380221,0.0,-0.008032128514056214,0.0,-0.09999999999999964,12.35,12.4,12.4,12.45,955.0,2046.0,10805.0,18752.0,False,False
2883,2022-11-08 10:00:30.944102,0.0,-0.008032128514056214,0.0,-0.09999999999999964,12.35,12.4,12.4,12.45,958.0,2046.0,10805.0,18752.0,False,False
2883,2022-11-08 10:00:31.300557,0.0,-0.008032128514056214,0.0,-0.09999999999999964,12.35,12.4,12.4,12.45,959.0,2046.0,10805.0,18752.0,False,False
2883,2022-11-08 10:00:34.201709,0.0,-0.008032128514056214,0.0,-0.09999999999999964,12.35,12.4,12.4,12.45,968.0,2046.0,10805.0,18752.0,False,False
2883,2022-11-08 10:00:37.600030,0.0,-0.008032128514056214,0.0,-0.09999999999999964,12.35,12.4,12.4,12.45,958.0,2046.0,10805.0,18752.0,False,False
2883,2022-11-08 10:00:39.651278,0.0,-0.008032128514056214,0.0,-0.09999999999999964,12.35,12.4,12.4,12.45,958.0,2046.0,10805.0,18752.0,False,False
2883,2022-11-08 10:00:40.086011,0.0,-0.008032128514056214,0.0,-0.09999999999999964,12.35,12.4,12.4,12.45,958.0,2046.0,11155.0,18753.0,True,True
2883,2022-11-08 10:00:41.720966,0.0,-0.008032128514056214,0.0,-0.09999999999999964,12.35,12.4,12.4,12.45,959.0,2046.0,11155.0,18753.0,False,False
2883,2022-11-08 10:00:41.775832,0.0,-0.008032128514056214,0.0,-0.09999999999999964,12.35,12.4,12.4,12.45,959.0,2045.0,11155.0,18753.0,False,False
2883,2022-11-08 10:00:43.946945,0.0,-0.008032128514056214,0.0,-0.09999999999999964,12.35,12.4,12.4,12.45,960.0,2045.0,11155.0,18753.0,False,False
2883,2022-11-08 10:00:46.714070,0.0,-0.008032128514056214,0.0,-0.09999999999999964,12.35,12.4,12.4,12.45,960.0,2044.0,11155.0,18753.0,False,False
2883,2022-11-08 10:00:48.152174,0.0,-0.008032128514056214,0.0,-0.09999999999999964,12.35,12.4,12.4,12.45,960.0,2045.0,11155.0,18753.0,False,False
2883,2022-11-08 10:00:48.408431,0.0,-0.008032128514056214,0.0,-0.09999999999999964,12.35,12.4,12.4,12.45,960.0,2048.0,11155.0,18753.0,False,False
2883,2022-11-08 10:00:48.764881,0.0,-0.008032128514056214,0.0,-0.09999999999999964,12.35,12.4,12.4,12.45,960.0,2048.0,11155.0,18753.0,False,False
2883,2022-11-08 10:00:50.161131,0.0,-0.008032128514056214,0.0,-0.09999999999999964,12.35,12.4,12.4,12.45,960.0,2048.0,11066.0,18756.0,True,True
2883,2022-11-08 10:00:54.741054,0.0,-0.008032128514056214,0.0,-0.09999999999999964,12.35,12.4,12.4,12.45,960.0,2048.0,11066.0,18756.0,False,False
2883,2022-11-08 10:01:00.181332,0.0,-0.008032128514056214,0.0,-0.09999999999999964,12.35,12.4,12.4,12.45,960.0,2048.0,11155.0,18746.0,True,True
2883,2022-11-08 10:01:02.328925,0.0,-0.008032128514056214,0.0,-0.09999999999999964,12.35,12.4,12.4,12.45,960.0,2049.0,11155.0,18746.0,False,False
2883,2022-11-08 10:01:08.218978,0.0,-0.008032128514056214,0.0,-0.09999999999999964,12.35,12.4,12.4,12.45,960.0,2049.0,11155.0,18746.0,False,False
2883,2022-11-08 10:01:09.199374,0.0,-0.008032128514056214,0.0,-0.09999999999999964,12.35,12.4,12.4,12.45,960.0,2049.0,11155.0,18746.0,False,True
2883,2022-11-08 10:01:11.854720,0.0,-0.008032128514056214,0.0,-0.09999999999999964,12.35,12.4,12.4,12.45,959.0,2049.0,11155.0,18746.0,False,False
2883,2022-11-08 10:01:16.213956,0.0,-0.008032128514056214,0.0,-0.09999999999999964,12.35,12.4,12.4,12.45,959.0,2049.0,11155.0,18746.0,False,False
2883,2022-11-08 10:01:18.849731,0.0,-0.008032128514056214,0.0,-0.09999999999999964,12.35,12.4,12.4,12.45,959.0,2049.0,11155.0,18746.0,False,False
2883,2022-11-08 10:01:20.163800,0.0,-0.008032128514056214,0.0,-0.09999999999999964,12.35,12.4,12.4,12.45,959.0,2048.0,11155.0,18746.0,False,False
2883,2022-11-08 10:01:23.190028,0.0,-0.008032128514056214,0.0,-0.09999999999999964,12.35,12.4,12.4,12.45,959.0,2048.0,11155.0,18746.0,False,False
2883,2022-11-08 10:01:26.072877,0.0,-0.008032128514056214,0.0,-0.09999999999999964,12.35,12.4,12.4,12.45,955.0,2048.0,11155.0,18746.0,False,False
2883,2022-11-08 10:01:26.851588,0.0,-0.008032128514056214,0.0,-0.09999999999999964,12.35,12.4,12.4,12.45,957.0,2048.0,11155.0,18746.0,False,False
2883,2022-11-08 10:01:29.247797,0.0,-0.008032128514056214,0.0,-0.09999999999999964,12.35,12.4,12.4,12.45,957.0,2048.0,11154.0,18746.0,True,True
2883,2022-11-08 10:01:29.936239,0.0,-0.008032128514056214,0.0,-0.09999999999999964,12.35,12.4,12.4,12.45,957.0,2047.0,11154.0,18746.0,False,False
2883,2022-11-08 10:01:31.088715,0.0,-0.008032128514056214,0.0,-0.09999999999999964,12.35,12.4,12.4,12.45,957.0,2057.0,11154.0,18746.0,False,False
2883,2022-11-08 10:01:31.147083,0.0,-0.008032128514056214,0.0,-0.09999999999999964,12.35,12.4,12.4,12.45,957.0,2057.0,11154.0,18746.0,False,False
2883,2022-11-08 10:01:32.105145,0.0,-0.008032128514056214,0.0,-0.09999999999999964,12.35,12.4,12.4,12.45,950.0,2057.0,11154.0,18746.0,False,False
2883,2022-11-08 10:01:36.444139,0.0,-0.008032128514056214,0.0,-0.09999999999999964,12.35,12.4,12.4,12.45,950.0,2057.0,11154.0,18746.0,False,False
2883,2022-11-08 10:01:39.038377,0.0,-0.008032128514056214,0.0,-0.09999999999999964,12.35,12.4,12.4,12.45,950.0,2062.0,11154.0,18746.0,False,False
2883,2022-11-08 10:01:39.291781,0.0,-0.008032128514056214,0.0,-0.09999999999999964,12.35,12.4,12.4,12.45,950.0,2062.0,11054.0,18746.0,True,True
2883,2022-11-08 10:01:40.665453,0.0,-0.008032128514056214,0.0,-0.09999999999999964,12.35,12.4,12.4,12.45,951.0,2062.0,11054.0,18746.0,False,False
2883,2022-11-08 10:01:40.844965,0.0,-0.008032128514056214,0.0,-0.09999999999999964,12.35,12.4,12.4,12.45,952.0,2062.0,11054.0,18746.0,False,False
2883,2022-11-08 10:01:43.537021,0.0,-0.008032128514056214,0.0,-0.09999999999999964,12.35,12.4,12.4,12.45,951.0,2062.0,11054.0,18746.0,False,False
2883,2022-11-08 10:01:43.646667,0.0,-0.008032128514056214,0.0,-0.09999999999999964,12.35,12.4,12.4,12.45,950.0,2062.0,11054.0,18746.0,False,False
2883,2022-11-08 10:01:48.254769,0.0,-0.008032128514056214,0.0,-0.09999999999999964,12.35,12.4,12.4,12.45,950.0,2059.0,11054.0,18746.0,False,False
2883,2022-11-08 10:01:49.129027,0.0,-0.008032128514056214,0.0,-0.09999999999999964,12.35,12.4,12.4,12.45,951.0,2059.0,11054.0,18746.0,False,False
2883,2022-11-08 10:01:49.319757,0.0,-0.008032128514056214,0.0,-0.09999999999999964,12.35,12.4,12.4,12.45,951.0,2059.0,11053.0,18746.0,True,True
2883,2022-11-08 10:01:49.445650,0.0,-0.008032128514056214,0.0,-0.09999999999999964,12.35,12.4,12.4,12.45,951.0,2062.0,11053.0,18746.0,False,False
2883,2022-11-08 10:01:51.956032,0.0,-0.008032128514056214,0.0,-0.09999999999999964,12.35,12.4,12.4,12.45,951.0,2062.0,11053.0,18746.0,False,False
2883,2022-11-08 10:01:53.759324,0.0,-0.008032128514056214,0.0,-0.09999999999999964,12.35,12.4,12.4,12.45,951.0,2062.0,11053.0,18746.0,False,False
2883,2022-11-08 10:01:53.759684,0.0,-0.008032128514056214,0.0,-0.09999999999999964,12.35,12.4,12.4,12.45,951.0,2062.0,11053.0,18746.0,False,False
2883,2022-11-08 10:01:54.312753,0.0,-0.008032128514056214,0.0,-0.09999999999999964,12.35,12.4,12.4,12.45,951.0,2062.0,11053.0,18746.0,False,False
2883,2022-11-08 10:01:55.798411,0.0,-0.008032128514056214,0.0,-0.09999999999999964,12.35,12.4,12.4,12.45,951.0,2062.0,11053.0,18746.0,False,False
2883,2022-11-08 10:01:55.798468,0.0,-0.008032128514056214,0.0,-0.09999999999999964,12.35,12.4,12.4,12.45,951.0,2062.0,11053.0,18746.0,False,False
2883,2022-11-08 10:01:56.921864,0.0,-0.008032128514056214,0.0,-0.09999999999999964,12.35,12.4,12.4,12.45,951.0,2062.0,11053.0,18746.0,False,False
2883,2022-11-08 10:01:58.813269,0.0,-0.008032128514056214,0.0,-0.09999999999999964,12.35,12.4,12.4,12.45,951.0,2062.0,11053.0,18746.0,False,False
2883,2022-11-08 10:01:59.063829,0.0,-0.008032128514056214,0.0,-0.09999999999999964,12.35,12.4,12.4,12.45,951.0,2061.0,11053.0,18746.0,False,False
2883,2022-11-08 10:01:59.131680,0.0,-0.008032128514056214,0.0,-0.09999999999999964,12.35,12.4,12.4,12.45,989.0,2061.0,11053.0,18746.0,False,False
2883,2022-11-08 10:01:59.345569,0.0,-0.008032128514056214,0.0,-0.09999999999999964,12.35,12.4,12.4,12.45,989.0,2061.0,11063.0,18746.0,True,True
2883,2022-11-08 10:02:02.771825,0.0,-0.008032128514056214,0.0,-0.09999999999999964,12.35,12.4,12.4,12.45,989.0,2062.0,11063.0,18746.0,False,False
2883,2022-11-08 10:02:06.082989,0.0,-0.008032128514056214,0.0,-0.09999999999999964,12.35,12.4,12.4,12.45,989.0,2063.0,11063.0,18746.0,False,False
2883,2022-11-08 10:02:06.346342,0.0,-0.008032128514056214,0.0,-0.09999999999999964,12.35,12.4,12.4,12.45,989.0,2063.0,11063.0,18746.0,False,False
2883,2022-11-08 10:02:08.914253,0.0,-0.008032128514056214,0.0,-0.09999999999999964,12.35,12.4,12.4,12.45,987.0,2063.0,11063.0,18746.0,False,False
2883,2022-11-08 10:02:10.112084,0.0,-0.008032128514056214,0.0,-0.09999999999999964,12.35,12.4,12.4,12.45,987.0,2063.0,11063.0,18746.0,False,False
2883,2022-11-08 10:02:13.990957,0.0,-0.008032128514056214,0.0,-0.09999999999999964,12.35,12.4,12.4,12.45,997.0,2063.0,11063.0,18746.0,False,False
2883,2022-11-08 10:02:15.872826,0.0,-0.008032128514056214,0.0,-0.09999999999999964,12.35,12.4,12.4,12.45,997.0,2063.0,11063.0,18746.0,False,False
2883,2022-11-08 10:02:16.467756,0.0,-0.008032128514056214,0.0,-0.09999999999999964,12.35,12.4,12.4,12.45,997.0,2063.0,11063.0,18746.0,False,False
2883,2022-11-08 10:02:16.524931,0.0,-0.008032128514056214,0.0,-0.09999999999999964,12.35,12.4,12.4,12.45,997.0,2063.0,11063.0,18746.0,False,False
2883,2022-11-08 10:02:18.318512,0.0,-0.008032128514056214,0.0,-0.09999999999999964,12.35,12.4,12.4,12.45,997.0,2063.0,11063.0,18746.0,False,False
2883,2022-11-08 10:02:19.398506,0.0,-0.008032128514056214,0.0,-0.09999999999999964,12.35,12.4,12.4,12.45,997.0,2063.0,11162.0,18746.0,True,True
2883,2022-11-08 10:02:20.498206,0.0,-0.008032128514056214,0.0,-0.09999999999999964,12.35,12.4,12.4,12.45,997.0,2064.0,11162.0,18746.0,False,False
2883,2022-11-08 10:02:21.381433,0.0,-0.008032128514056214,0.0,-0.09999999999999964,12.35,12.4,12.4,12.45,998.0,2064.0,11162.0,18746.0,False,False
2883,2022-11-08 10:02:21.468128,0.0,-0.008032128514056214,0.0,-0.09999999999999964,12.35,12.4,12.4,12.45,998.0,2064.0,11162.0,18746.0,False,False
2883,2022-11-08 10:02:22.570589,0.0,-0.008032128514056214,0.0,-0.09999999999999964,12.35,12.4,12.4,12.45,998.0,2064.0,11162.0,18746.0,False,False
2883,2022-11-08 10:02:22.573290,0.0,-0.008032128514056214,0.0,-0.09999999999999964,12.35,12.4,12.4,12.45,1003.0,2064.0,11162.0,18746.0,False,False
2883,2022-11-08 10:02:25.686697,0.0,-0.008032128514056214,0.0,-0.09999999999999964,12.35,12.4,12.4,12.45,1003.0,2064.0,11162.0,18746.0,False,False
2883,2022-11-08 10:02:26.797351,0.0,-0.008032128514056214,0.0,-0.09999999999999964,12.35,12.4,12.4,12.45,1023.0,2064.0,11162.0,18746.0,False,False
2883,2022-11-08 10:02:27.500376,0.0,-0.008032128514056214,0.0,-0.09999999999999964,12.35,12.4,12.4,12.45,1023.0,2064.0,11162.0,18746.0,False,False
2883,2022-11-08 10:02:30.170130,0.0,-0.008032128514056214,0.0,-0.09999999999999964,12.35,12.4,12.4,12.45,1033.0,2064.0,11162.0,18746.0,False,False
2883,2022-11-08 10:02:39.464892,0.0,-0.008032128514056214,0.0,-0.09999999999999964,12.35,12.4,12.4,12.45,1033.0,2064.0,11161.0,18746.0,True,True
2883,2022-11-08 10:02:40.642815,0.0,-0.008032128514056214,0.0,-0.09999999999999964,12.35,12.4,12.4,12.45,1032.0,2063.0,11161.0,18746.0,False,False
2883,2022-11-08 10:02:42.271337,0.0,-0.008032128514056214,0.0,-0.09999999999999964,12.35,12.4,12.4,12.45,1032.0,2093.0,11161.0,18746.0,False,False
2883,2022-11-08 10:02:43.995146,0.0,-0.008032128514056214,0.0,-0.09999999999999964,12.35,12.4,12.4,12.45,1032.0,2098.0,11161.0,18746.0,False,False
2883,2022-11-08 10:02:44.728998,0.0,-0.008032128514056214,0.0,-0.09999999999999964,12.35,12.4,12.4,12.45,1032.0,2101.0,11161.0,18746.0,False,False
2883,2022-11-08 10:02:48.127134,0.0,-0.008032128514056214,0.0,-0.09999999999999964,12.35,12.4,12.4,12.45,1032.0,2100.0,11161.0,18746.0,False,False
2883,2022-11-08 10:02:48.504418,0.0,-0.008032128514056214,0.0,-0.09999999999999964,12.35,12.4,12.4,12.45,1032.0,2110.0,11161.0,18746.0,False,False
2883,2022-11-08 10:02:48.655023,0.0,-0.008032128514056214,0.0,-0.09999999999999964,12.35,12.4,12.4,12.45,1032.0,2110.0,11161.0,18746.0,False,False
2883,2022-11-08 10:02:49.488855,0.0,-0.008032128514056214,0.0,-0.09999999999999964,12.35,12.4,12.4,12.45,1032.0,2110.0,11161.0,18746.0,True,True
2883,2022-11-08 10:02:51.402802,0.0,-0.008032128514056214,0.0,-0.09999999999999964,12.35,12.4,12.4,12.45,1032.0,2110.0,11161.0,18746.0,False,False
2883,2022-11-08 10:02:54.257313,0.0,-0.008032128514056214,0.0,-0.09999999999999964,12.35,12.4,12.4,12.45,1032.0,2110.0,11161.0,18746.0,False,False
2883,2022-11-08 10:02:54.704835,0.0,-0.008032128514056214,0.0,-0.09999999999999964,12.35,12.4,12.4,12.45,1034.0,2110.0,11161.0,18746.0,False,False
2883,2022-11-08 10:02:58.407776,0.0,-0.008032128514056214,0.0,-0.09999999999999964,12.35,12.4,12.4,12.45,1035.0,2110.0,11161.0,18746.0,False,False
2883,2022-11-08 10:02:59.936009,0.0,-0.008032128514056214,0.0,-0.09999999999999964,12.35,12.4,12.4,12.45,1035.0,2110.0,11161.0,18746.0,False,False
2883,2022-11-08 10:03:00.399223,0.0,-0.008032128514056214,0.0,-0.09999999999999964,12.35,12.4,12.4,12.45,1035.0,2113.0,11161.0,18746.0,False,False
2883,2022-11-08 10:03:01.846863,0.0,-0.008032128514056214,0.0,-0.09999999999999964,12.35,12.4,12.4,12.45,1035.0,2113.0,11161.0,18746.0,False,False
2883,2022-11-08 10:03:02.820013,0.0,-0.008032128514056214,0.0,-0.09999999999999964,12.35,12.4,12.4,12.45,1035.0,2114.0,11161.0,18746.0,False,False
2883,2022-11-08 10:03:03.140380,0.0,-0.008032128514056214,0.0,-0.09999999999999964,12.35,12.4,12.4,12.45,1049.0,2114.0,11161.0,18746.0,False,False
2883,2022-11-08 10:03:04.323492,0.0,-0.008032128514056214,0.0,-0.09999999999999964,12.35,12.4,12.4,12.45,1051.0,2114.0,11161.0,18746.0,False,False
2883,2022-11-08 10:03:04.443717,0.0,-0.008032128514056214,0.0,-0.09999999999999964,12.35,12.4,12.4,12.45,1051.0,2114.0,11161.0,18746.0,False,False
2883,2022-11-08 10:03:04.492286,0.0,-0.008032128514056214,0.0,-0.09999999999999964,12.35,12.4,12.4,12.45,1052.0,2114.0,11161.0,18746.0,False,False
2883,2022-11-08 10:03:05.426964,0.0,-0.008032128514056214,0.0,-0.09999999999999964,12.35,12.4,12.4,12.45,1051.0,2113.0,11161.0,18746.0,False,False
2883,2022-11-08 10:03:05.710154,0.0,-0.008032128514056214,0.0,-0.09999999999999964,12.35,12.4,12.4,12.45,1051.0,2113.0,11161.0,18746.0,False,False
2883,2022-11-08 10:03:06.685321,0.0,-0.008032128514056214,0.0,-0.09999999999999964,12.35,12.4,12.4,12.45,1050.0,2112.0,11161.0,18746.0,False,False
2883,2022-11-08 10:03:09.545079,0.0,-0.008032128514056214,0.0,-0.09999999999999964,12.35,12.4,12.4,12.45,1050.0,2112.0,11159.0,18746.0,True,True
2883,2022-11-08 10:03:09.794533,0.0,-0.008032128514056214,0.0,-0.09999999999999964,12.35,12.4,12.4,12.45,1050.0,2116.0,11159.0,18746.0,False,False
2883,2022-11-08 10:03:12.836648,0.0,-0.008032128514056214,0.0,-0.09999999999999964,12.35,12.4,12.4,12.45,1053.0,2116.0,11159.0,18746.0,False,False
2883,2022-11-08 10:03:16.199905,0.0,-0.008032128514056214,0.0,-0.09999999999999964,12.35,12.4,12.4,12.45,1053.0,2116.0,11159.0,18746.0,False,False
2883,2022-11-08 10:03:19.533979,0.0,-0.008032128514056214,0.0,-0.09999999999999964,12.35,12.4,12.4,12.45,1053.0,2116.0,11159.0,18746.0,False,False
2883,2022-11-08 10:03:19.571318,0.0,-0.008032128514056214,0.0,-0.09999999999999964,12.35,12.4,12.4,12.45,1053.0,2116.0,11179.0,18746.0,True,True
2883,2022-11-08 10:03:19.805482,0.0,-0.008032128514056214,0.0,-0.09999999999999964,12.35,12.4,12.4,12.45,1052.0,2115.0,11179.0,18746.0,False,False
2883,2022-11-08 10:03:20.275240,0.0,-0.008032128514056214,0.0,-0.09999999999999964,12.35,12.4,12.4,12.45,1053.0,2115.0,11179.0,18746.0,False,False
2883,2022-11-08 10:03:21.738349,0.0,-0.008032128514056214,0.0,-0.09999999999999964,12.35,12.4,12.4,12.45,1053.0,2117.0,11179.0,18746.0,False,False
2883,2022-11-08 10:03:29.606307,0.0,-0.008032128514056214,0.0,-0.09999999999999964,12.35,12.4,12.4,12.45,1053.0,2117.0,11178.0,18746.0,True,True
2883,2022-11-08 10:03:39.223151,0.0,-0.008032128514056214,0.0,-0.09999999999999964,12.35,12.4,12.4,12.45,1048.0,2117.0,11178.0,18746.0,False,False
2883,2022-11-08 10:03:39.235740,0.0,-0.008032128514056214,0.0,-0.09999999999999964,12.35,12.4,12.4,12.45,1055.0,2117.0,11178.0,18746.0,False,False
2883,2022-11-08 10:03:39.532421,0.0,-0.008032128514056214,0.0,-0.09999999999999964,12.35,12.4,12.4,12.45,1056.0,2117.0,11178.0,18746.0,False,False
2883,2022-11-08 10:03:42.860904,0.0,-0.008032128514056214,0.0,-0.09999999999999964,12.35,12.4,12.4,12.45,1056.0,2115.0,11178.0,18746.0,False,False
2883,2022-11-08 10:03:43.900102,0.0,-0.008032128514056214,0.0,-0.09999999999999964,12.35,12.4,12.4,12.45,1056.0,2115.0,11178.0,18746.0,False,False
2883,2022-11-08 10:03:46.416730,0.0,-0.008032128514056214,0.0,-0.09999999999999964,12.35,12.4,12.4,12.45,1056.0,2121.0,11178.0,18746.0,False,False
2883,2022-11-08 10:03:46.536240,0.0,-0.008032128514056214,0.0,-0.09999999999999964,12.35,12.4,12.4,12.45,1056.0,2126.0,11178.0,18746.0,False,False
2883,2022-11-08 10:03:47.058086,0.0,-0.008032128514056214,0.0,-0.09999999999999964,12.35,12.4,12.4,12.45,1055.0,2126.0,11178.0,18746.0,False,False
2883,2022-11-08 10:03:49.449575,0.0,-0.008032128514056214,0.0,-0.09999999999999964,12.35,12.4,12.4,12.45,1056.0,2126.0,11178.0,18746.0,False,False
2883,2022-11-08 10:03:49.459537,0.0,-0.008032128514056214,0.0,-0.09999999999999964,12.35,12.4,12.4,12.45,1056.0,2131.0,11178.0,18746.0,False,False
2883,2022-11-08 10:03:49.789077,0.0,-0.008032128514056214,0.0,-0.09999999999999964,12.35,12.4,12.4,12.45,1056.0,2131.0,11178.0,18746.0,False,False
2883,2022-11-08 10:03:49.671770,0.0,-0.008032128514056214,0.0,-0.09999999999999964,12.35,12.4,12.4,12.45,1056.0,2131.0,11177.0,18746.0,True,True
2883,2022-11-08 10:03:52.467812,0.0,-0.008032128514056214,0.0,-0.09999999999999964,12.35,12.4,12.4,12.45,1061.0,2131.0,11177.0,18746.0,False,False
2883,2022-11-08 10:03:52.775786,0.0,-0.008032128514056214,0.0,-0.09999999999999964,12.35,12.4,12.4,12.45,1061.0,2131.0,11177.0,18746.0,False,False
2883,2022-11-08 10:03:53.490236,0.0,-0.008032128514056214,0.0,-0.09999999999999964,12.35,12.4,12.4,12.45,1071.0,2131.0,11177.0,18746.0,False,False
2883,2022-11-08 10:03:55.488804,0.0,-0.008032128514056214,0.0,-0.09999999999999964,12.35,12.4,12.4,12.45,1073.0,2131.0,11177.0,18746.0,False,False
2883,2022-11-08 10:03:55.975544,0.0,-0.008032128514056214,0.0,-0.09999999999999964,12.35,12.4,12.4,12.45,1073.0,2131.0,11177.0,18746.0,False,False
2883,2022-11-08 10:03:56.214259,0.0,-0.008032128514056214,0.0,-0.09999999999999964,12.35,12.4,12.4,12.45,1077.0,2131.0,11177.0,18746.0,False,False
2883,2022-11-08 10:03:58.859688,0.0,-0.008032128514056214,0.0,-0.09999999999999964,12.35,12.4,12.4,12.45,1077.0,2131.0,11177.0,18746.0,False,False
2883,2022-11-08 10:03:59.698741,0.0,-0.008032128514056214,0.0,-0.09999999999999964,12.35,12.4,12.4,12.45,1077.0,2131.0,10877.0,18746.0,True,True
2883,2022-11-08 10:04:01.685351,0.0,-0.008032128514056214,0.0,-0.09999999999999964,12.35,12.4,12.4,12.45,1077.0,2131.0,10877.0,18746.0,False,False
2883,2022-11-08 10:04:01.899899,0.0,-0.008032128514056214,0.0,-0.09999999999999964,12.35,12.4,12.4,12.45,1076.0,2131.0,10877.0,18746.0,False,False
2883,2022-11-08 10:04:02.638974,0.0,-0.008032128514056214,0.0,-0.09999999999999964,12.35,12.4,12.4,12.45,1077.0,2131.0,10877.0,18746.0,False,False
2883,2022-11-08 10:04:03.716175,0.0,-0.008032128514056214,0.0,-0.09999999999999964,12.35,12.4,12.4,12.45,1077.0,2133.0,10877.0,18746.0,False,False
2883,2022-11-08 10:04:04.092416,0.0,-0.008032128514056214,0.0,-0.09999999999999964,12.35,12.4,12.4,12.45,1078.0,2133.0,10877.0,18746.0,False,False
2883,2022-11-08 10:04:06.540512,0.0,-0.008032128514056214,0.0,-0.09999999999999964,12.35,12.4,12.4,12.45,1077.0,2133.0,10877.0,18746.0,False,False
2883,2022-11-08 10:04:09.439112,0.0,-0.008032128514056214,0.0,-0.09999999999999964,12.35,12.4,12.4,12.45,1077.0,2133.0,10877.0,18746.0,False,False
2883,2022-11-08 10:04:09.340023,0.0,-0.008032128514056214,0.0,-0.09999999999999964,12.35,12.4,12.4,12.45,1077.0,2133.0,10877.0,18746.0,False,True
2883,2022-11-08 10:04:13.506379,0.0,-0.008032128514056214,0.0,-0.09999999999999964,12.35,12.4,12.4,12.45,1072.0,2133.0,10877.0,18746.0,False,False
2883,2022-11-08 10:04:16.830242,0.0,-0.008032128514056214,0.0,-0.09999999999999964,12.35,12.4,12.4,12.45,1077.0,2133.0,10877.0,18746.0,False,False
2883,2022-11-08 10:04:17.629514,0.0,-0.008032128514056214,0.0,-0.09999999999999964,12.35,12.4,12.4,12.45,1076.0,2133.0,10877.0,18746.0,False,False
2883,2022-11-08 10:04:17.927357,0.0,-0.008032128514056214,0.0,-0.09999999999999964,12.35,12.4,12.4,12.45,1036.0,2133.0,10877.0,18746.0,False,False
2883,2022-11-08 10:04:17.982556,0.0,-0.008032128514056214,0.0,-0.09999999999999964,12.35,12.4,12.4,12.45,1036.0,2133.0,10877.0,18746.0,False,False
2883,2022-11-08 10:04:19.371159,0.0,-0.008032128514056214,0.0,-0.09999999999999964,12.35,12.4,12.4,12.45,1036.0,2133.0,10876.0,18746.0,True,True
2883,2022-11-08 10:04:21.923155,0.0,-0.008032128514056214,0.0,-0.09999999999999964,12.35,12.4,12.4,12.45,1037.0,2133.0,10876.0,18746.0,False,False
2883,2022-11-08 10:04:22.187646,0.0,-0.008032128514056214,0.0,-0.09999999999999964,12.35,12.4,12.4,12.45,1035.0,2131.0,10876.0,18746.0,False,False
2883,2022-11-08 10:04:22.925815,0.0,-0.008032128514056214,0.0,-0.09999999999999964,12.35,12.4,12.4,12.45,1015.0,2131.0,10876.0,18746.0,False,False
2883,2022-11-08 10:04:33.433603,0.0,-0.008032128514056214,0.0,-0.09999999999999964,12.35,12.4,12.4,12.45,1025.0,2131.0,10876.0,18746.0,False,False
2883,2022-11-08 10:04:33.757683,0.0,-0.008032128514056214,0.0,-0.09999999999999964,12.35,12.4,12.4,12.45,1026.0,2131.0,10876.0,18746.0,False,False
2883,2022-11-08 10:04:38.778366,0.0,-0.008032128514056214,0.0,-0.09999999999999964,12.35,12.4,12.4,12.45,1026.0,2130.0,10876.0,18746.0,False,False
2883,2022-11-08 10:04:39.430358,0.0,-0.008032128514056214,0.0,-0.09999999999999964,12.35,12.4,12.4,12.45,1026.0,2130.0,10875.0,18746.0,True,True
2883,2022-11-08 10:04:49.467724,0.0,-0.008032128514056214,0.0,-0.09999999999999964,12.35,12.4,12.4,12.45,1026.0,2130.0,10975.0,18746.0,True,True
2883,2022-11-08 10:04:51.140219,0.0,-0.008032128514056214,0.0,-0.09999999999999964,12.35,12.4,12.4,12.45,1026.0,2132.0,10975.0,18746.0,False,False
2883,2022-11-08 10:04:53.266920,0.0,-0.008032128514056214,0.0,-0.09999999999999964,12.35,12.4,12.4,12.45,1026.0,2129.0,10975.0,18746.0,False,False
2883,2022-11-08 10:04:55.393598,0.0,-0.008032128514056214,0.0,-0.09999999999999964,12.35,12.4,12.4,12.45,1025.0,2129.0,10975.0,18746.0,False,False
2883,2022-11-08 10:04:55.399481,0.0,-0.008032128514056214,0.0,-0.09999999999999964,12.35,12.4,12.4,12.45,1015.0,2126.0,10975.0,18746.0,False,False
2883,2022-11-08 10:04:58.155673,0.0,-0.008032128514056214,0.0,-0.09999999999999964,12.35,12.4,12.4,12.45,1005.0,2126.0,10975.0,18746.0,False,False
2883,2022-11-08 10:04:59.499814,0.0,-0.008032128514056214,0.0,-0.09999999999999964,12.35,12.4,12.4,12.45,1005.0,2126.0,11075.0,18746.0,True,True
2883,2022-11-08 10:05:02.127296,0.0,-0.008032128514056214,0.0,-0.09999999999999964,12.35,12.4,12.4,12.45,1005.0,2126.0,11075.0,18746.0,False,False
2883,2022-11-08 10:05:06.007912,0.0,-0.008032128514056214,0.0,-0.09999999999999964,12.35,12.4,12.4,12.45,1004.0,2126.0,11075.0,18746.0,False,False
2883,2022-11-08 10:05:06.036789,0.0,-0.008032128514056214,0.0,-0.09999999999999964,12.35,12.4,12.4,12.45,1003.0,2143.0,11075.0,18746.0,False,False
2883,2022-11-08 10:05:06.117217,0.0,-0.008032128514056214,0.0,-0.09999999999999964,12.35,12.4,12.4,12.45,1003.0,2141.0,11075.0,18746.0,False,False
2883,2022-11-08 10:05:07.224967,0.0,-0.008032128514056214,0.0,-0.09999999999999964,12.35,12.4,12.4,12.45,1003.0,2140.0,11075.0,18746.0,False,False
2883,2022-11-08 10:05:09.531994,0.0,-0.008032128514056214,0.0,-0.09999999999999964,12.35,12.4,12.4,12.45,1003.0,2140.0,11077.0,18732.0,True,True
2883,2022-11-08 10:05:10.436635,0.0,-0.008032128514056214,0.0,-0.09999999999999964,12.35,12.4,12.4,12.45,1003.0,2140.0,11077.0,18732.0,False,False
2883,2022-11-08 10:05:13.041459,0.0,-0.008032128514056214,0.0,-0.09999999999999964,12.35,12.4,12.4,12.45,1003.0,2140.0,11077.0,18732.0,False,False
2883,2022-11-08 10:05:14.211533,0.0,-0.008032128514056214,0.0,-0.09999999999999964,12.35,12.4,12.4,12.45,994.0,2140.0,11077.0,18732.0,False,False
2883,2022-11-08 10:05:18.928901,0.0,-0.008032128514056214,0.0,-0.09999999999999964,12.35,12.4,12.4,12.45,995.0,2140.0,11077.0,18732.0,False,False
2883,2022-11-08 10:05:19.631124,0.0,-0.008032128514056214,0.0,-0.09999999999999964,12.35,12.4,12.4,12.45,995.0,2140.0,11077.0,18732.0,True,True
2883,2022-11-08 10:05:20.015779,0.0,-0.008032128514056214,0.0,-0.09999999999999964,12.35,12.4,12.4,12.45,1045.0,2140.0,11077.0,18732.0,False,False
2883,2022-11-08 10:05:20.701013,0.0,-0.008032128514056214,0.0,-0.09999999999999964,12.35,12.4,12.4,12.45,1045.0,2139.0,11077.0,18732.0,False,False
2883,2022-11-08 10:05:22.262447,0.0,-0.008032128514056214,0.0,-0.09999999999999964,12.35,12.4,12.4,12.45,1045.0,2139.0,11077.0,18732.0,False,False
2883,2022-11-08 10:05:23.622063,0.0,-0.008032128514056214,0.0,-0.09999999999999964,12.35,12.4,12.4,12.45,1045.0,2138.0,11077.0,18732.0,False,False
2883,2022-11-08 10:05:25.846736,0.0,-0.008032128514056214,0.0,-0.09999999999999964,12.35,12.4,12.4,12.45,1045.0,2136.0,11077.0,18732.0,False,False
2883,2022-11-08 10:05:26.708324,0.0,-0.008032128514056214,0.0,-0.09999999999999964,12.35,12.4,12.4,12.45,1045.0,2136.0,11077.0,18732.0,False,False
2883,2022-11-08 10:05:28.352799,0.0,-0.008032128514056214,0.0,-0.09999999999999964,12.35,12.4,12.4,12.45,1044.0,2136.0,11077.0,18732.0,False,False
2883,2022-11-08 10:05:29.717818,0.0,-0.008032128514056214,0.0,-0.09999999999999964,12.35,12.4,12.4,12.45,1044.0,2136.0,10790.0,18746.0,True,True
2883,2022-11-08 10:05:30.502407,0.0,-0.008032128514056214,0.0,-0.09999999999999964,12.35,12.4,12.4,12.45,1049.0,2136.0,10790.0,18746.0,False,False
2883,2022-11-08 10:05:30.915087,0.0,-0.008032128514056214,0.0,-0.09999999999999964,12.35,12.4,12.4,12.45,1052.0,2136.0,10790.0,18746.0,False,False
2883,2022-11-08 10:05:31.618936,0.0,-0.008032128514056214,0.0,-0.09999999999999964,12.35,12.4,12.4,12.45,1054.0,2136.0,10790.0,18746.0,False,False
2883,2022-11-08 10:05:33.805611,0.0,-0.008032128514056214,0.0,-0.09999999999999964,12.35,12.4,12.4,12.45,1055.0,2136.0,10790.0,18746.0,False,False
2883,2022-11-08 10:05:35.205890,0.0,-0.008032128514056214,0.0,-0.09999999999999964,12.35,12.4,12.4,12.45,1056.0,2136.0,10790.0,18746.0,False,False
2883,2022-11-08 10:05:36.908028,0.0,-0.008032128514056214,0.0,-0.09999999999999964,12.35,12.4,12.4,12.45,1061.0,2136.0,10790.0,18746.0,False,False
2883,2022-11-08 10:05:39.002706,0.0,-0.008032128514056214,0.0,-0.09999999999999964,12.35,12.4,12.4,12.45,1061.0,2137.0,10790.0,18746.0,False,False
2883,2022-11-08 10:05:39.120912,0.0,-0.008032128514056214,0.0,-0.09999999999999964,12.35,12.4,12.4,12.45,1061.0,2137.0,10790.0,18746.0,False,False
2883,2022-11-08 10:05:39.785693,0.0,-0.008032128514056214,0.0,-0.09999999999999964,12.35,12.4,12.4,12.45,1061.0,2137.0,10490.0,18746.0,True,True
2883,2022-11-08 10:05:40.992684,0.0,-0.008032128514056214,0.0,-0.09999999999999964,12.35,12.4,12.4,12.45,1062.0,2137.0,10490.0,18746.0,False,False
2883,2022-11-08 10:05:43.295544,0.0,-0.008032128514056214,0.0,-0.09999999999999964,12.35,12.4,12.4,12.45,1062.0,2137.0,10490.0,18746.0,False,False
2883,2022-11-08 10:05:48.597708,0.0,-0.008032128514056214,0.0,-0.09999999999999964,12.35,12.4,12.4,12.45,1062.0,2137.0,10490.0,18746.0,False,False
2883,2022-11-08 10:05:49.840237,0.0,-0.008032128514056214,0.0,-0.09999999999999964,12.35,12.4,12.4,12.45,1062.0,2137.0,10392.0,18746.0,True,True
2883,2022-11-08 10:05:58.801525,0.0,-0.008032128514056214,0.0,-0.09999999999999964,12.35,12.4,12.4,12.45,1062.0,2137.0,10392.0,18746.0,False,False
2883,2022-11-08 10:05:59.883831,0.0,-0.008032128514056214,0.0,-0.09999999999999964,12.35,12.4,12.4,12.45,1062.0,2137.0,10391.0,18746.0,True,True
2883,2022-11-08 10:06:04.046182,0.0,-0.008032128514056214,0.0,-0.09999999999999964,12.35,12.4,12.4,12.45,1062.0,2137.0,10391.0,18746.0,False,False
2883,2022-11-08 10:06:08.546928,0.0,-0.008032128514056214,0.0,-0.09999999999999964,12.35,12.4,12.4,12.45,1063.0,2137.0,10391.0,18746.0,False,False
2883,2022-11-08 10:06:09.925252,0.0,-0.008032128514056214,0.0,-0.09999999999999964,12.35,12.4,12.4,12.45,1063.0,2137.0,10490.0,18746.0,True,True
2883,2022-11-08 10:06:10.050425,0.0,-0.008032128514056214,0.0,-0.09999999999999964,12.35,12.4,12.4,12.45,973.0,2137.0,10490.0,18746.0,False,False
2883,2022-11-08 10:06:10.117748,0.0,-0.008032128514056214,0.0,-0.09999999999999964,12.35,12.4,12.4,12.45,972.0,2137.0,10490.0,18746.0,False,False
2883,2022-11-08 10:06:12.268864,0.0,-0.008032128514056214,0.0,-0.09999999999999964,12.35,12.4,12.4,12.45,962.0,2137.0,10490.0,18746.0,False,False
2883,2022-11-08 10:06:12.425760,0.0,-0.008032128514056214,0.0,-0.09999999999999964,12.35,12.4,12.4,12.45,972.0,2137.0,10490.0,18746.0,False,False
2883,2022-11-08 10:06:13.476510,0.0,-0.008032128514056214,0.0,-0.09999999999999964,12.35,12.4,12.4,12.45,972.0,2137.0,10490.0,18746.0,False,False
2883,2022-11-08 10:06:14.224596,0.0,-0.008032128514056214,0.0,-0.09999999999999964,12.35,12.4,12.4,12.45,971.0,2137.0,10490.0,18746.0,False,False
2883,2022-11-08 10:06:15.239543,0.0,-0.008032128514056214,0.0,-0.09999999999999964,12.35,12.4,12.4,12.45,972.0,2137.0,10490.0,18746.0,False,False
2883,2022-11-08 10:06:15.903248,0.0,-0.008032128514056214,0.0,-0.09999999999999964,12.35,12.4,12.4,12.45,972.0,2137.0,10490.0,18746.0,False,False
2883,2022-11-08 10:06:18.173227,0.0,-0.008032128514056214,0.0,-0.09999999999999964,12.35,12.4,12.4,12.45,962.0,2137.0,10490.0,18746.0,False,False
2883,2022-11-08 10:06:19.359502,0.0,-0.008032128514056214,0.0,-0.09999999999999964,12.35,12.4,12.4,12.45,963.0,2137.0,10490.0,18746.0,False,False
2883,2022-11-08 10:06:19.966136,0.0,-0.008032128514056214,0.0,-0.09999999999999964,12.35,12.4,12.4,12.45,963.0,2137.0,10489.0,18746.0,True,True
2883,2022-11-08 10:06:20.322795,0.0,-0.008032128514056214,0.0,-0.09999999999999964,12.35,12.4,12.4,12.45,963.0,2137.0,10489.0,18746.0,False,False
2883,2022-11-08 10:06:20.329843,0.0,-0.008032128514056214,0.0,-0.09999999999999964,12.35,12.4,12.4,12.45,962.0,2137.0,10489.0,18746.0,False,False
2883,2022-11-08 10:06:21.168267,0.0,-0.008032128514056214,0.0,-0.09999999999999964,12.35,12.4,12.4,12.45,959.0,2137.0,10489.0,18746.0,False,False
2883,2022-11-08 10:06:23.548151,0.0,-0.008032128514056214,0.0,-0.09999999999999964,12.35,12.4,12.4,12.45,959.0,2137.0,10489.0,18746.0,False,False
2883,2022-11-08 10:06:28.724122,0.0,-0.008032128514056214,0.0,-0.09999999999999964,12.35,12.4,12.4,12.45,959.0,2136.0,10489.0,18746.0,False,False
2883,2022-11-08 10:06:30.909154,0.0,-0.008032128514056214,0.0,-0.09999999999999964,12.35,12.4,12.4,12.45,959.0,2136.0,10489.0,18746.0,False,False
2883,2022-11-08 10:06:32.423095,0.0,-0.008032128514056214,0.0,-0.09999999999999964,12.35,12.4,12.4,12.45,959.0,2136.0,10489.0,18746.0,False,False
2883,2022-11-08 10:06:34.867698,0.0,-0.008032128514056214,0.0,-0.09999999999999964,12.35,12.4,12.4,12.45,964.0,2136.0,10489.0,18746.0,False,False
2883,2022-11-08 10:06:39.950833,0.0,-0.008032128514056214,0.0,-0.09999999999999964,12.35,12.4,12.4,12.45,964.0,2136.0,10489.0,18746.0,False,False
2883,2022-11-08 10:06:40.048906,0.0,-0.008032128514056214,0.0,-0.09999999999999964,12.35,12.4,12.4,12.45,964.0,2136.0,10489.0,18746.0,True,True
2883,2022-11-08 10:06:40.679354,0.0,-0.008032128514056214,0.0,-0.09999999999999964,12.35,12.4,12.4,12.45,960.0,2132.0,10489.0,18746.0,False,False
2883,2022-11-08 10:06:43.318401,0.0,-0.008032128514056214,0.0,-0.09999999999999964,12.35,12.4,12.4,12.45,955.0,2132.0,10489.0,18746.0,False,False
2883,2022-11-08 10:06:44.203211,0.0,-0.008032128514056214,0.0,-0.09999999999999964,12.35,12.4,12.4,12.45,957.0,2132.0,10489.0,18746.0,False,False
2883,2022-11-08 10:06:48.490030,0.0,-0.008032128514056214,0.0,-0.09999999999999964,12.35,12.4,12.4,12.45,956.0,2132.0,10489.0,18746.0,False,False
2883,2022-11-08 10:06:48.601864,0.0,-0.008032128514056214,0.0,-0.09999999999999964,12.35,12.4,12.4,12.45,956.0,2132.0,10489.0,18746.0,False,False
2883,2022-11-08 10:06:48.956611,0.0,-0.008032128514056214,0.0,-0.09999999999999964,12.35,12.4,12.4,12.45,956.0,2142.0,10489.0,18746.0,False,False
2883,2022-11-08 10:06:50.087112,0.0,-0.008032128514056214,0.0,-0.09999999999999964,12.35,12.4,12.4,12.45,956.0,2142.0,10499.0,18746.0,True,True
2883,2022-11-08 10:06:51.079613,0.0,-0.008032128514056214,0.0,-0.09999999999999964,12.35,12.4,12.4,12.45,956.0,2142.0,10499.0,18746.0,False,False
2883,2022-11-08 10:06:51.083704,0.0,-0.008032128514056214,0.0,-0.09999999999999964,12.35,12.4,12.4,12.45,957.0,2142.0,10499.0,18746.0,False,False
2883,2022-11-08 10:06:51.539025,0.0,-0.008032128514056214,0.0,-0.09999999999999964,12.35,12.4,12.4,12.45,957.0,2142.0,10499.0,18746.0,False,False
2883,2022-11-08 10:06:52.198358,0.0,-0.008032128514056214,0.0,-0.09999999999999964,12.35,12.4,12.4,12.45,955.0,2142.0,10499.0,18746.0,False,False
2883,2022-11-08 10:06:56.341575,0.0,-0.008032128514056214,0.0,-0.09999999999999964,12.35,12.4,12.4,12.45,955.0,2142.0,10499.0,18746.0,False,False
2883,2022-11-08 10:06:57.242302,0.0,-0.008032128514056214,0.0,-0.09999999999999964,12.35,12.4,12.4,12.45,953.0,2142.0,10499.0,18746.0,False,False
2883,2022-11-08 10:06:57.642138,0.0,-0.008032128514056214,0.0,-0.09999999999999964,12.35,12.4,12.4,12.45,952.0,2142.0,10499.0,18746.0,False,False
2883,2022-11-08 10:06:57.645215,0.0,-0.008032128514056214,0.0,-0.09999999999999964,12.35,12.4,12.4,12.45,953.0,2142.0,10499.0,18746.0,False,False
2883,2022-11-08 10:06:57.709527,0.0,-0.008032128514056214,0.0,-0.09999999999999964,12.35,12.4,12.4,12.45,952.0,2142.0,10499.0,18746.0,False,False
2883,2022-11-08 10:07:00.137827,0.0,-0.008032128514056214,0.0,-0.09999999999999964,12.35,12.4,12.4,12.45,952.0,2142.0,11099.0,18746.0,True,True
2883,2022-11-08 10:07:01.908046,0.0,-0.008032128514056214,0.0,-0.09999999999999964,12.35,12.4,12.4,12.45,957.0,2142.0,11099.0,18746.0,False,False
2883,2022-11-08 10:07:01.997009,0.0,-0.008032128514056214,0.0,-0.09999999999999964,12.35,12.4,12.4,12.45,952.0,2137.0,11099.0,18746.0,False,False
2883,2022-11-08 10:07:03.743863,0.0,-0.008032128514056214,0.0,-0.09999999999999964,12.35,12.4,12.4,12.45,952.0,2137.0,11099.0,18746.0,False,False
2883,2022-11-08 10:07:07.632378,0.0,-0.008032128514056214,0.0,-0.09999999999999964,12.35,12.4,12.4,12.45,952.0,2137.0,11099.0,18746.0,False,False
2883,2022-11-08 10:07:08.728262,0.0,-0.008032128514056214,0.0,-0.09999999999999964,12.35,12.4,12.4,12.45,952.0,2141.0,11099.0,18746.0,False,False
2883,2022-11-08 10:07:08.732324,0.0,-0.008032128514056214,0.0,-0.09999999999999964,12.35,12.4,12.4,12.45,952.0,2141.0,11099.0,18746.0,False,False
2883,2022-11-08 10:07:09.123188,0.0,-0.008032128514056214,0.0,-0.09999999999999964,12.35,12.4,12.4,12.45,953.0,2141.0,11099.0,18746.0,False,False
2883,2022-11-08 10:07:09.385062,0.0,-0.008032128514056214,0.0,-0.09999999999999964,12.35,12.4,12.4,12.45,953.0,2141.0,11933.0,18746.0,False,True
2883,2022-11-08 10:07:13.910322,0.0,-0.008032128514056214,0.0,-0.09999999999999964,12.35,12.4,12.4,12.45,954.0,2141.0,11933.0,18746.0,False,False
2883,2022-11-08 10:07:14.659806,0.0,-0.008032128514056214,0.0,-0.09999999999999964,12.35,12.4,12.4,12.45,954.0,2201.0,11933.0,18746.0,False,False
2883,2022-11-08 10:07:16.178568,0.0,-0.008032128514056214,0.0,-0.09999999999999964,12.35,12.4,12.4,12.45,956.0,2201.0,11933.0,18746.0,False,False
2883,2022-11-08 10:07:16.276698,0.0,-0.008032128514056214,0.0,-0.09999999999999964,12.35,12.4,12.4,12.45,956.0,2201.0,11933.0,18746.0,False,False
2883,2022-11-08 10:07:16.638926,0.0,-0.008032128514056214,0.0,-0.09999999999999964,12.35,12.4,12.4,12.45,953.0,2201.0,11933.0,18746.0,False,False
2883,2022-11-08 10:07:16.962064,0.0,-0.008032128514056214,0.0,-0.09999999999999964,12.35,12.4,12.4,12.45,953.0,2201.0,11933.0,18746.0,False,False
2883,2022-11-08 10:07:17.637555,0.0,-0.008032128514056214,0.0,-0.09999999999999964,12.35,12.4,12.4,12.45,954.0,2201.0,11933.0,18746.0,False,False
2883,2022-11-08 10:07:19.095513,0.0,-0.008032128514056214,0.0,-0.09999999999999964,12.35,12.4,12.4,12.45,954.0,2201.0,11933.0,18746.0,False,False
2883,2022-11-08 10:07:19.425259,0.0,-0.008032128514056214,0.0,-0.09999999999999964,12.35,12.4,12.4,12.45,954.0,2201.0,11933.0,18746.0,True,True
2883,2022-11-08 10:07:20.574304,0.0,-0.008032128514056214,0.0,-0.09999999999999964,12.35,12.4,12.4,12.45,954.0,2200.0,11933.0,18746.0,False,False
2883,2022-11-08 10:07:23.527880,0.0,-0.008032128514056214,0.0,-0.09999999999999964,12.35,12.4,12.4,12.45,954.0,1842.0,11933.0,18746.0,False,False
2883,2022-11-08 10:07:23.606115,0.0,-0.008032128514056214,0.0,-0.09999999999999964,12.35,12.4,12.4,12.45,954.0,1840.0,11933.0,18746.0,False,False
2883,2022-11-08 10:07:25.624385,0.0,-0.008032128514056214,0.0,-0.09999999999999964,12.35,12.4,12.4,12.45,955.0,1840.0,11933.0,18746.0,False,False
2883,2022-11-08 10:07:27.512250,0.0,-0.008032128514056214,0.0,-0.09999999999999964,12.35,12.4,12.4,12.45,955.0,1840.0,11933.0,18746.0,False,False
2883,2022-11-08 10:07:28.634231,0.0,-0.008032128514056214,0.0,-0.09999999999999964,12.35,12.4,12.4,12.45,955.0,1840.0,11933.0,18746.0,False,False
2883,2022-11-08 10:07:28.822155,0.0,-0.008032128514056214,0.0,-0.09999999999999964,12.35,12.4,12.4,12.45,955.0,1843.0,11933.0,18746.0,False,False
2883,2022-11-08 10:07:29.467503,0.0,-0.008032128514056214,0.0,-0.09999999999999964,12.35,12.4,12.4,12.45,955.0,1843.0,11932.0,18746.0,True,True
2883,2022-11-08 10:07:29.825286,0.0,-0.008032128514056214,0.0,-0.09999999999999964,12.35,12.4,12.4,12.45,955.0,1843.0,11932.0,18746.0,False,False
2883,2022-11-08 10:07:30.435658,0.0,-0.008032128514056214,0.0,-0.09999999999999964,12.35,12.4,12.4,12.45,955.0,1844.0,11932.0,18746.0,False,False
2883,2022-11-08 10:07:31.354041,0.0,-0.008032128514056214,0.0,-0.09999999999999964,12.35,12.4,12.4,12.45,955.0,1844.0,11932.0,18746.0,False,False
2883,2022-11-08 10:07:33.006856,0.0,-0.008032128514056214,0.0,-0.09999999999999964,12.35,12.4,12.4,12.45,955.0,1844.0,11932.0,18746.0,False,False
2883,2022-11-08 10:07:33.426046,0.0,-0.008032128514056214,0.0,-0.09999999999999964,12.35,12.4,12.4,12.45,950.0,1844.0,11932.0,18746.0,False,False
2883,2022-11-08 10:07:34.257610,0.0,-0.008032128514056214,0.0,-0.09999999999999964,12.35,12.4,12.4,12.45,950.0,1849.0,11932.0,18746.0,False,False
2883,2022-11-08 10:07:36.143260,0.0,-0.008032128514056214,0.0,-0.09999999999999964,12.35,12.4,12.4,12.45,950.0,1849.0,11932.0,18746.0,False,False
2883,2022-11-08 10:07:38.850987,0.0,-0.008032128514056214,0.0,-0.09999999999999964,12.35,12.4,12.4,12.45,951.0,1849.0,11932.0,18746.0,False,False
2883,2022-11-08 10:07:39.509734,0.0,-0.008032128514056214,0.0,-0.09999999999999964,12.35,12.4,12.4,12.45,951.0,1849.0,11732.0,18746.0,True,True
2883,2022-11-08 10:07:41.059646,0.0,-0.008032128514056214,0.0,-0.09999999999999964,12.35,12.4,12.4,12.45,951.0,1849.0,11732.0,18746.0,False,False
2883,2022-11-08 10:07:46.203675,0.0,-0.008032128514056214,0.0,-0.09999999999999964,12.35,12.4,12.4,12.45,965.0,1849.0,11732.0,18746.0,False,False
2883,2022-11-08 10:07:46.265301,0.0,-0.008032128514056214,0.0,-0.09999999999999964,12.35,12.4,12.4,12.45,965.0,1854.0,11732.0,18746.0,False,False
2883,2022-11-08 10:07:49.550011,0.0,-0.008032128514056214,0.0,-0.09999999999999964,12.35,12.4,12.4,12.45,965.0,1854.0,12232.0,18746.0,True,True
2883,2022-11-08 10:07:49.530585,0.0,-0.008032128514056214,0.0,-0.09999999999999964,12.35,12.4,12.4,12.45,965.0,1854.0,12232.0,18746.0,False,False
2883,2022-11-08 10:07:51.558203,0.0,-0.008032128514056214,0.0,-0.09999999999999964,12.35,12.4,12.4,12.45,995.0,1854.0,12232.0,18746.0,False,False
