symbol,datetime,NaOb_r,NbOa_r,NaOb_s,NbOa_s,bid1,ask1,odd_bid1,odd_ask1,bidQty1,askQty1,odd_bidQty1,odd_askQty1,simulate,triggerbyOdd
2890,2022-11-08 09:50:35.408262,0.0,-0.006116207951070374,0.0,-0.10000000000000142,16.25,16.3,16.3,16.35,1780.0,1843.0,6677.0,3154.0,True,True
2890,2022-11-08 09:50:42.697139,0.0,-0.006116207951070374,0.0,-0.10000000000000142,16.25,16.3,16.3,16.35,1780.0,1839.0,6677.0,3154.0,False,False
2890,2022-11-08 09:50:43.467569,0.0,-0.006116207951070374,0.0,-0.10000000000000142,16.25,16.3,16.3,16.35,1780.0,1839.0,6677.0,3154.0,False,False
2890,2022-11-08 09:50:43.470244,0.0,-0.006116207951070374,0.0,-0.10000000000000142,16.25,16.3,16.3,16.35,1780.0,1829.0,6677.0,3154.0,False,False
2890,2022-11-08 09:50:45.426158,0.0,-0.006116207951070374,0.0,-0.10000000000000142,16.25,16.3,16.3,16.35,1780.0,1829.0,6677.0,3054.0,True,True
2890,2022-11-08 09:50:55.477470,0.0,-0.006116207951070374,0.0,-0.10000000000000142,16.25,16.3,16.3,16.35,1780.0,1829.0,6677.0,3054.0,True,True
2890,2022-11-08 09:50:56.000002,0.0,-0.006116207951070374,0.0,-0.10000000000000142,16.25,16.3,16.3,16.35,1780.0,1837.0,6677.0,3054.0,False,False
2890,2022-11-08 09:51:01.801247,0.0,-0.006116207951070374,0.0,-0.10000000000000142,16.25,16.3,16.3,16.35,1780.0,1832.0,6677.0,3054.0,False,False
2890,2022-11-08 09:51:03.035997,0.0,-0.006116207951070374,0.0,-0.10000000000000142,16.25,16.3,16.3,16.35,1780.0,1831.0,6677.0,3054.0,False,False
2890,2022-11-08 09:51:04.078010,0.0,-0.006116207951070374,0.0,-0.10000000000000142,16.25,16.3,16.3,16.35,1780.0,1831.0,6677.0,3054.0,False,False
2890,2022-11-08 09:51:04.483256,0.0,-0.006116207951070374,0.0,-0.10000000000000142,16.25,16.3,16.3,16.35,1780.0,1831.0,6677.0,3054.0,False,False
2890,2022-11-08 09:51:04.487078,0.0,-0.006116207951070374,0.0,-0.10000000000000142,16.25,16.3,16.3,16.35,1780.0,1826.0,6677.0,3054.0,False,False
2890,2022-11-08 09:51:05.503912,0.0,-0.006116207951070374,0.0,-0.10000000000000142,16.25,16.3,16.3,16.35,1780.0,1826.0,6677.0,3056.0,True,True
2890,2022-11-08 09:51:06.457017,0.0,-0.006116207951070374,0.0,-0.10000000000000142,16.25,16.3,16.3,16.35,1780.0,1827.0,6677.0,3056.0,False,False
2890,2022-11-08 09:51:12.783787,0.0,-0.006116207951070374,0.0,-0.10000000000000142,16.25,16.3,16.3,16.35,1777.0,1827.0,6677.0,3056.0,False,False
2890,2022-11-08 09:51:13.507957,0.0,-0.006116207951070374,0.0,-0.10000000000000142,16.25,16.3,16.3,16.35,1777.0,1827.0,6677.0,3056.0,False,False
2890,2022-11-08 09:51:15.364791,0.0,-0.006116207951070374,0.0,-0.10000000000000142,16.25,16.3,16.3,16.35,1777.0,1827.0,6677.0,3056.0,False,False
2890,2022-11-08 09:51:16.254526,0.0,-0.006116207951070374,0.0,-0.10000000000000142,16.25,16.3,16.3,16.35,1777.0,1822.0,6677.0,3056.0,False,False
2890,2022-11-08 09:51:17.049703,0.0,-0.006116207951070374,0.0,-0.10000000000000142,16.25,16.3,16.3,16.35,1777.0,1822.0,6677.0,3056.0,False,False
2890,2022-11-08 09:51:19.525210,0.0,-0.006116207951070374,0.0,-0.10000000000000142,16.25,16.3,16.3,16.35,1778.0,1822.0,6677.0,3056.0,False,False
2890,2022-11-08 09:51:21.921206,0.0,-0.006116207951070374,0.0,-0.10000000000000142,16.25,16.3,16.3,16.35,1778.0,1822.0,6677.0,3056.0,False,False
2890,2022-11-08 09:51:21.923988,0.0,-0.006116207951070374,0.0,-0.10000000000000142,16.25,16.3,16.3,16.35,1778.0,1827.0,6677.0,3056.0,False,False
2890,2022-11-08 09:51:24.825759,0.0,-0.006116207951070374,0.0,-0.10000000000000142,16.25,16.3,16.3,16.35,1774.0,1827.0,6677.0,3056.0,False,False
2890,2022-11-08 09:51:25.584376,0.0,-0.006116207951070374,0.0,-0.10000000000000142,16.25,16.3,16.3,16.35,1774.0,1827.0,6677.0,2815.0,True,True
2890,2022-11-08 09:51:26.287879,0.0,-0.006116207951070374,0.0,-0.10000000000000142,16.25,16.3,16.3,16.35,1780.0,1827.0,6677.0,2815.0,False,False
2890,2022-11-08 09:51:35.622145,0.0,-0.006116207951070374,0.0,-0.10000000000000142,16.25,16.3,16.3,16.35,1780.0,1827.0,6677.0,2815.0,True,True
2890,2022-11-08 09:51:37.045685,0.0,-0.006116207951070374,0.0,-0.10000000000000142,16.25,16.3,16.3,16.35,1780.0,1826.0,6677.0,2815.0,False,False
2890,2022-11-08 09:51:40.874372,0.0,-0.006116207951070374,0.0,-0.10000000000000142,16.25,16.3,16.3,16.35,1867.0,1826.0,6677.0,2815.0,False,False
2890,2022-11-08 09:51:40.919998,0.0,-0.006116207951070374,0.0,-0.10000000000000142,16.25,16.3,16.3,16.35,1787.0,1826.0,6677.0,2815.0,False,False
2890,2022-11-08 09:51:40.982145,0.0,-0.006116207951070374,0.0,-0.10000000000000142,16.25,16.3,16.3,16.35,1870.0,1826.0,6677.0,2815.0,False,False
2890,2022-11-08 09:51:43.723458,0.0,-0.006116207951070374,0.0,-0.10000000000000142,16.25,16.3,16.3,16.35,1870.0,1826.0,6677.0,2815.0,False,False
2890,2022-11-08 09:51:45.104587,0.0,-0.006116207951070374,0.0,-0.10000000000000142,16.25,16.3,16.3,16.35,1870.0,1821.0,6677.0,2815.0,False,False
2890,2022-11-08 09:51:45.492611,0.0,-0.006116207951070374,0.0,-0.10000000000000142,16.25,16.3,16.3,16.35,1871.0,1821.0,6677.0,2815.0,False,False
2890,2022-11-08 09:51:47.675677,0.0,-0.006116207951070374,0.0,-0.10000000000000142,16.25,16.3,16.3,16.35,1873.0,1821.0,6677.0,2815.0,False,False
2890,2022-11-08 09:51:49.210878,0.0,-0.006116207951070374,0.0,-0.10000000000000142,16.25,16.3,16.3,16.35,1872.0,1821.0,6677.0,2815.0,False,False
2890,2022-11-08 09:51:55.680826,0.0,-0.006116207951070374,0.0,-0.10000000000000142,16.25,16.3,16.3,16.35,1872.0,1821.0,6677.0,2915.0,True,True
2890,2022-11-08 09:51:56.457559,0.0,-0.006116207951070374,0.0,-0.10000000000000142,16.25,16.3,16.3,16.35,1872.0,1826.0,6677.0,2915.0,False,False
2890,2022-11-08 09:51:57.550360,0.0,-0.006116207951070374,0.0,-0.10000000000000142,16.25,16.3,16.3,16.35,1871.0,1826.0,6677.0,2915.0,False,False
2890,2022-11-08 09:51:57.685162,0.0,-0.006116207951070374,0.0,-0.10000000000000142,16.25,16.3,16.3,16.35,1871.0,1826.0,6677.0,2915.0,False,False
2890,2022-11-08 09:51:58.893269,0.0,-0.006116207951070374,0.0,-0.10000000000000142,16.25,16.3,16.3,16.35,1871.0,1826.0,6677.0,2915.0,False,False
2890,2022-11-08 09:52:01.187929,0.0,-0.006116207951070374,0.0,-0.10000000000000142,16.25,16.3,16.3,16.35,1872.0,1826.0,6677.0,2915.0,False,False
2890,2022-11-08 09:52:04.906032,0.0,-0.006116207951070374,0.0,-0.10000000000000142,16.25,16.3,16.3,16.35,1872.0,1826.0,6677.0,2915.0,False,True
2890,2022-11-08 09:52:05.070250,0.0,-0.006116207951070374,0.0,-0.10000000000000142,16.25,16.3,16.3,16.35,1871.0,1826.0,6677.0,2915.0,False,False
2890,2022-11-08 09:52:05.117003,0.0,-0.006116207951070374,0.0,-0.10000000000000142,16.25,16.3,16.3,16.35,1872.0,1826.0,6677.0,2915.0,False,False
2890,2022-11-08 09:52:11.066321,0.0,-0.006116207951070374,0.0,-0.10000000000000142,16.25,16.3,16.3,16.35,1872.0,1825.0,6677.0,2915.0,False,False
2890,2022-11-08 09:52:14.944001,0.0,-0.006116207951070374,0.0,-0.10000000000000142,16.25,16.3,16.3,16.35,1872.0,1825.0,6677.0,2896.0,True,True
2890,2022-11-08 09:52:24.976375,0.0,-0.006116207951070374,0.0,-0.10000000000000142,16.25,16.3,16.3,16.35,1872.0,1825.0,6687.0,2896.0,True,True
2890,2022-11-08 09:52:25.636002,0.0,-0.006116207951070374,0.0,-0.10000000000000142,16.25,16.3,16.3,16.35,1872.0,1825.0,6687.0,2896.0,False,False
2890,2022-11-08 09:52:25.715206,0.0,-0.006116207951070374,0.0,-0.10000000000000142,16.25,16.3,16.3,16.35,1872.0,1820.0,6687.0,2896.0,False,False
2890,2022-11-08 09:52:26.702805,0.0,-0.006116207951070374,0.0,-0.10000000000000142,16.25,16.3,16.3,16.35,1872.0,1818.0,6687.0,2896.0,False,False
2890,2022-11-08 09:52:26.767573,0.0,-0.006116207951070374,0.0,-0.10000000000000142,16.25,16.3,16.3,16.35,1872.0,1818.0,6687.0,2896.0,False,False
2890,2022-11-08 09:52:27.012455,0.0,-0.006116207951070374,0.0,-0.10000000000000142,16.25,16.3,16.3,16.35,1872.0,1816.0,6687.0,2896.0,False,False
2890,2022-11-08 09:52:27.112789,0.0,-0.006116207951070374,0.0,-0.10000000000000142,16.25,16.3,16.3,16.35,1872.0,1816.0,6687.0,2896.0,False,False
2890,2022-11-08 09:52:31.427095,0.0,-0.006116207951070374,0.0,-0.10000000000000142,16.25,16.3,16.3,16.35,1872.0,1811.0,6687.0,2896.0,False,False
2890,2022-11-08 09:52:32.001880,0.0,-0.006116207951070374,0.0,-0.10000000000000142,16.25,16.3,16.3,16.35,1868.0,1811.0,6687.0,2896.0,False,False
2890,2022-11-08 09:52:32.037511,0.0,-0.006116207951070374,0.0,-0.10000000000000142,16.25,16.3,16.3,16.35,1868.0,1806.0,6687.0,2896.0,False,False
2890,2022-11-08 09:52:32.066633,0.0,-0.006116207951070374,0.0,-0.10000000000000142,16.25,16.3,16.3,16.35,1868.0,1806.0,6687.0,2896.0,False,False
2890,2022-11-08 09:52:35.190651,0.0,-0.006116207951070374,0.0,-0.10000000000000142,16.25,16.3,16.3,16.35,1868.0,1806.0,6687.0,2896.0,False,False
2890,2022-11-08 09:52:45.069457,0.0,-0.006116207951070374,0.0,-0.10000000000000142,16.25,16.3,16.3,16.35,1868.0,1805.0,6687.0,2896.0,False,False
2890,2022-11-08 09:52:45.031959,0.0,-0.006116207951070374,0.0,-0.10000000000000142,16.25,16.3,16.3,16.35,1868.0,1805.0,6687.0,2896.0,True,True
2890,2022-11-08 09:52:46.680500,0.0,-0.006116207951070374,0.0,-0.10000000000000142,16.25,16.3,16.3,16.35,1866.0,1805.0,6687.0,2896.0,False,False
2890,2022-11-08 09:52:46.786989,0.0,-0.006116207951070374,0.0,-0.10000000000000142,16.25,16.3,16.3,16.35,1864.0,1801.0,6687.0,2896.0,False,False
2890,2022-11-08 09:52:46.680571,0.0,-0.006116207951070374,0.0,-0.10000000000000142,16.25,16.3,16.3,16.35,1864.0,1805.0,6687.0,2896.0,False,False
2890,2022-11-08 09:52:46.848114,0.0,-0.006116207951070374,0.0,-0.10000000000000142,16.25,16.3,16.3,16.35,1868.0,1801.0,6687.0,2896.0,False,False
2890,2022-11-08 09:52:47.012839,0.0,-0.006116207951070374,0.0,-0.10000000000000142,16.25,16.3,16.3,16.35,1868.0,1796.0,6687.0,2896.0,False,False
2890,2022-11-08 09:52:46.976875,0.0,-0.006116207951070374,0.0,-0.10000000000000142,16.25,16.3,16.3,16.35,1868.0,1801.0,6687.0,2896.0,False,False
2890,2022-11-08 09:52:47.266253,0.0,-0.006116207951070374,0.0,-0.10000000000000142,16.25,16.3,16.3,16.35,1868.0,1790.0,6687.0,2896.0,False,False
2890,2022-11-08 09:52:47.435876,0.0,-0.006116207951070374,0.0,-0.10000000000000142,16.25,16.3,16.3,16.35,1868.0,1790.0,6687.0,2896.0,False,False
2890,2022-11-08 09:52:53.573974,0.0,-0.006116207951070374,0.0,-0.10000000000000142,16.25,16.3,16.3,16.35,1868.0,1890.0,6687.0,2896.0,False,False
2890,2022-11-08 09:52:55.061427,0.0,-0.006116207951070374,0.0,-0.10000000000000142,16.25,16.3,16.3,16.35,1868.0,1890.0,6687.0,2896.0,True,True
2890,2022-11-08 09:52:57.242952,0.0,-0.006116207951070374,0.0,-0.10000000000000142,16.25,16.3,16.3,16.35,1868.0,1891.0,6687.0,2896.0,False,False
2890,2022-11-08 09:52:57.673876,0.0,-0.006116207951070374,0.0,-0.10000000000000142,16.25,16.3,16.3,16.35,1867.0,1891.0,6687.0,2896.0,False,False
2890,2022-11-08 09:53:04.246243,0.0,-0.006116207951070374,0.0,-0.10000000000000142,16.25,16.3,16.3,16.35,1866.0,1891.0,6687.0,2896.0,False,False
2890,2022-11-08 09:53:07.239334,0.0,-0.006116207951070374,0.0,-0.10000000000000142,16.25,16.3,16.3,16.35,1779.0,1891.0,6687.0,2896.0,False,False
2890,2022-11-08 09:53:07.256957,0.0,-0.006116207951070374,0.0,-0.10000000000000142,16.25,16.3,16.3,16.35,1779.0,1886.0,6687.0,2896.0,False,False
2890,2022-11-08 09:53:07.271473,0.0,-0.006116207951070374,0.0,-0.10000000000000142,16.25,16.3,16.3,16.35,1775.0,1886.0,6687.0,2896.0,False,False
2890,2022-11-08 09:53:14.891291,0.0,-0.006116207951070374,0.0,-0.10000000000000142,16.25,16.3,16.3,16.35,1775.0,1886.0,6687.0,2896.0,False,False
2890,2022-11-08 09:53:15.139749,0.0,-0.006116207951070374,0.0,-0.10000000000000142,16.25,16.3,16.3,16.35,1775.0,1886.0,6687.0,2754.0,True,True
2890,2022-11-08 09:53:16.881888,0.0,-0.006116207951070374,0.0,-0.10000000000000142,16.25,16.3,16.3,16.35,1775.0,1886.0,6687.0,2754.0,False,False
2890,2022-11-08 09:53:20.085067,0.0,-0.006116207951070374,0.0,-0.10000000000000142,16.25,16.3,16.3,16.35,1775.0,1885.0,6687.0,2754.0,False,False
2890,2022-11-08 09:53:20.872947,0.0,-0.006116207951070374,0.0,-0.10000000000000142,16.25,16.3,16.3,16.35,1773.0,1885.0,6687.0,2754.0,False,False
2890,2022-11-08 09:53:25.187649,0.0,-0.006116207951070374,0.0,-0.10000000000000142,16.25,16.3,16.3,16.35,1773.0,1885.0,6687.0,2754.0,False,False
2890,2022-11-08 09:53:25.656285,0.0,-0.006116207951070374,0.0,-0.10000000000000142,16.25,16.3,16.3,16.35,1773.0,1884.0,6687.0,2754.0,False,False
2890,2022-11-08 09:53:26.605483,0.0,-0.006116207951070374,0.0,-0.10000000000000142,16.25,16.3,16.3,16.35,1773.0,1884.0,6687.0,2754.0,False,False
2890,2022-11-08 09:53:34.505487,0.0,-0.006116207951070374,0.0,-0.10000000000000142,16.25,16.3,16.3,16.35,1773.0,1884.0,6687.0,2754.0,False,False
2890,2022-11-08 09:53:35.203118,0.0,-0.006116207951070374,0.0,-0.10000000000000142,16.25,16.3,16.3,16.35,1773.0,1884.0,6648.0,2915.0,True,True
2890,2022-11-08 09:53:36.184921,0.0,-0.006116207951070374,0.0,-0.10000000000000142,16.25,16.3,16.3,16.35,1776.0,1884.0,6648.0,2915.0,False,False
2890,2022-11-08 09:53:39.446738,0.0,-0.006116207951070374,0.0,-0.10000000000000142,16.25,16.3,16.3,16.35,1776.0,1883.0,6648.0,2915.0,False,False
2890,2022-11-08 09:53:41.141429,0.0,-0.006116207951070374,0.0,-0.10000000000000142,16.25,16.3,16.3,16.35,1776.0,1883.0,6648.0,2915.0,False,False
2890,2022-11-08 09:53:43.756768,0.0,-0.006116207951070374,0.0,-0.10000000000000142,16.25,16.3,16.3,16.35,1776.0,1884.0,6648.0,2915.0,False,False
2890,2022-11-08 09:53:43.970669,0.0,-0.006116207951070374,0.0,-0.10000000000000142,16.25,16.3,16.3,16.35,1776.0,1885.0,6648.0,2915.0,False,False
2890,2022-11-08 09:53:45.915890,0.0,-0.006116207951070374,0.0,-0.10000000000000142,16.25,16.3,16.3,16.35,1778.0,1885.0,6648.0,2915.0,False,False
2890,2022-11-08 09:53:48.178757,0.0,-0.006116207951070374,0.0,-0.10000000000000142,16.25,16.3,16.3,16.35,1778.0,1880.0,6648.0,2915.0,False,False
2890,2022-11-08 09:53:48.346895,0.0,-0.006116207951070374,0.0,-0.10000000000000142,16.25,16.3,16.3,16.35,1779.0,1880.0,6648.0,2915.0,False,False
2890,2022-11-08 09:53:48.560252,0.0,-0.006116207951070374,0.0,-0.10000000000000142,16.25,16.3,16.3,16.35,1779.0,1880.0,6648.0,2915.0,False,False
2890,2022-11-08 09:53:52.677316,0.0,-0.006116207951070374,0.0,-0.10000000000000142,16.25,16.3,16.3,16.35,1779.0,1881.0,6648.0,2915.0,False,False
2890,2022-11-08 09:53:54.097480,0.0,-0.006116207951070374,0.0,-0.10000000000000142,16.25,16.3,16.3,16.35,1779.0,1880.0,6648.0,2915.0,False,False
2890,2022-11-08 09:53:54.538647,0.0,-0.006116207951070374,0.0,-0.10000000000000142,16.25,16.3,16.3,16.35,1779.0,1880.0,6648.0,2915.0,False,False
2890,2022-11-08 09:53:55.263396,0.0,-0.006116207951070374,0.0,-0.10000000000000142,16.25,16.3,16.3,16.35,1779.0,1880.0,6687.0,2754.0,True,True
2890,2022-11-08 09:54:04.719210,0.0,-0.006116207951070374,0.0,-0.10000000000000142,16.25,16.3,16.3,16.35,1781.0,1880.0,6687.0,2754.0,False,False
2890,2022-11-08 09:54:05.310957,0.0,-0.006116207951070374,0.0,-0.10000000000000142,16.25,16.3,16.3,16.35,1781.0,1880.0,6687.0,2756.0,True,True
2890,2022-11-08 09:54:07.291177,0.0,-0.006116207951070374,0.0,-0.10000000000000142,16.25,16.3,16.3,16.35,1781.0,1880.0,6687.0,2756.0,False,False
2890,2022-11-08 09:54:19.340011,0.0,-0.006116207951070374,0.0,-0.10000000000000142,16.25,16.3,16.3,16.35,1781.0,1875.0,6687.0,2756.0,False,False
2890,2022-11-08 09:54:20.057271,0.0,-0.006116207951070374,0.0,-0.10000000000000142,16.25,16.3,16.3,16.35,1782.0,1875.0,6687.0,2756.0,False,False
2890,2022-11-08 09:54:24.286235,0.0,-0.006116207951070374,0.0,-0.10000000000000142,16.25,16.3,16.3,16.35,1782.0,1874.0,6687.0,2756.0,False,False
2890,2022-11-08 09:54:24.334899,0.0,-0.006116207951070374,0.0,-0.10000000000000142,16.25,16.3,16.3,16.35,1782.0,1876.0,6687.0,2756.0,False,False
2890,2022-11-08 09:54:25.262467,0.0,-0.006116207951070374,0.0,-0.10000000000000142,16.25,16.3,16.3,16.35,1782.0,1875.0,6687.0,2756.0,False,False
2890,2022-11-08 09:54:25.380297,0.0,-0.006116207951070374,0.0,-0.10000000000000142,16.25,16.3,16.3,16.35,1782.0,1875.0,6687.0,2756.0,True,True
2890,2022-11-08 09:54:26.287912,0.0,-0.006116207951070374,0.0,-0.10000000000000142,16.25,16.3,16.3,16.35,1781.0,1875.0,6687.0,2756.0,False,False
2890,2022-11-08 09:54:28.123005,0.0,-0.006116207951070374,0.0,-0.10000000000000142,16.25,16.3,16.3,16.35,1781.0,1874.0,6687.0,2756.0,False,False
2890,2022-11-08 09:54:30.299749,0.0,-0.006116207951070374,0.0,-0.10000000000000142,16.25,16.3,16.3,16.35,1781.0,1869.0,6687.0,2756.0,False,False
2890,2022-11-08 09:54:33.612091,0.0,-0.006116207951070374,0.0,-0.10000000000000142,16.25,16.3,16.3,16.35,1781.0,1867.0,6687.0,2756.0,False,False
2890,2022-11-08 09:54:34.616053,0.0,-0.006116207951070374,0.0,-0.10000000000000142,16.25,16.3,16.3,16.35,1781.0,1861.0,6687.0,2756.0,False,False
2890,2022-11-08 09:54:36.219694,0.0,-0.006116207951070374,0.0,-0.10000000000000142,16.25,16.3,16.3,16.35,1781.0,1861.0,6687.0,2756.0,False,False
2890,2022-11-08 09:54:39.322687,0.0,-0.006116207951070374,0.0,-0.10000000000000142,16.25,16.3,16.3,16.35,1781.0,1859.0,6687.0,2756.0,False,False
2890,2022-11-08 09:54:43.045954,0.0,-0.006116207951070374,0.0,-0.10000000000000142,16.25,16.3,16.3,16.35,1783.0,1859.0,6687.0,2756.0,False,False
2890,2022-11-08 09:54:44.456959,0.0,-0.006116207951070374,0.0,-0.10000000000000142,16.25,16.3,16.3,16.35,1783.0,1858.0,6687.0,2756.0,False,False
2890,2022-11-08 09:54:44.694592,0.0,-0.006116207951070374,0.0,-0.10000000000000142,16.25,16.3,16.3,16.35,1783.0,1858.0,6687.0,2756.0,False,False
2890,2022-11-08 09:54:45.776902,0.0,-0.006116207951070374,0.0,-0.10000000000000142,16.25,16.3,16.3,16.35,1789.0,1858.0,6687.0,2756.0,False,False
2890,2022-11-08 09:54:45.939323,0.0,-0.006116207951070374,0.0,-0.10000000000000142,16.25,16.3,16.3,16.35,1785.0,1858.0,6687.0,2756.0,False,False
2890,2022-11-08 09:54:45.941350,0.0,-0.006116207951070374,0.0,-0.10000000000000142,16.25,16.3,16.3,16.35,1779.0,1858.0,6687.0,2756.0,False,False
2890,2022-11-08 09:54:55.509580,0.0,-0.006116207951070374,0.0,-0.10000000000000142,16.25,16.3,16.3,16.35,1779.0,1858.0,6507.0,2756.0,True,True
2890,2022-11-08 09:54:59.571365,0.0,-0.006116207951070374,0.0,-0.10000000000000142,16.25,16.3,16.3,16.35,1774.0,1858.0,6507.0,2756.0,False,False
2890,2022-11-08 09:54:59.606882,0.0,-0.006116207951070374,0.0,-0.10000000000000142,16.25,16.3,16.3,16.35,1774.0,1852.0,6507.0,2756.0,False,False
2890,2022-11-08 09:55:01.577211,0.0,-0.006116207951070374,0.0,-0.10000000000000142,16.25,16.3,16.3,16.35,1774.0,1852.0,6507.0,2756.0,False,False
2890,2022-11-08 09:55:02.133629,0.0,-0.006116207951070374,0.0,-0.10000000000000142,16.25,16.3,16.3,16.35,1774.0,1851.0,6507.0,2756.0,False,False
2890,2022-11-08 09:55:03.024214,0.0,-0.006116207951070374,0.0,-0.10000000000000142,16.25,16.3,16.3,16.35,1774.0,1850.0,6507.0,2756.0,False,False
2890,2022-11-08 09:55:04.938682,0.0,-0.006116207951070374,0.0,-0.10000000000000142,16.25,16.3,16.3,16.35,1774.0,1850.0,6507.0,2756.0,False,True
2890,2022-11-08 09:55:07.079787,0.0,-0.006116207951070374,0.0,-0.10000000000000142,16.25,16.3,16.3,16.35,1774.0,1849.0,6507.0,2756.0,False,False
2890,2022-11-08 09:55:10.514276,0.0,-0.006116207951070374,0.0,-0.10000000000000142,16.25,16.3,16.3,16.35,1773.0,1849.0,6507.0,2756.0,False,False
2890,2022-11-08 09:55:10.516261,0.0,-0.006116207951070374,0.0,-0.10000000000000142,16.25,16.3,16.3,16.35,1773.0,1849.0,6507.0,2756.0,False,False
2890,2022-11-08 09:55:10.654780,0.0,-0.006116207951070374,0.0,-0.10000000000000142,16.25,16.3,16.3,16.35,1775.0,1849.0,6507.0,2756.0,False,False
2890,2022-11-08 09:55:12.923405,0.0,-0.006116207951070374,0.0,-0.10000000000000142,16.25,16.3,16.3,16.35,1775.0,1844.0,6507.0,2756.0,False,False
2890,2022-11-08 09:55:14.998880,0.0,-0.006116207951070374,0.0,-0.10000000000000142,16.25,16.3,16.3,16.35,1775.0,1844.0,6507.0,2756.0,True,True
2890,2022-11-08 09:55:15.567427,0.0,-0.006116207951070374,0.0,-0.10000000000000142,16.25,16.3,16.3,16.35,1775.0,1846.0,6507.0,2756.0,False,False
2890,2022-11-08 09:55:15.908157,0.0,-0.006116207951070374,0.0,-0.10000000000000142,16.25,16.3,16.3,16.35,1770.0,1841.0,6507.0,2756.0,False,False
2890,2022-11-08 09:55:19.481305,0.0,-0.006116207951070374,0.0,-0.10000000000000142,16.25,16.3,16.3,16.35,1770.0,1837.0,6507.0,2756.0,False,False
2890,2022-11-08 09:55:21.139098,0.0,-0.006116207951070374,0.0,-0.10000000000000142,16.25,16.3,16.3,16.35,1770.0,1836.0,6507.0,2756.0,False,False
2890,2022-11-08 09:55:25.098853,0.0,-0.006116207951070374,0.0,-0.10000000000000142,16.25,16.3,16.3,16.35,1770.0,1836.0,6557.0,2756.0,True,True
2890,2022-11-08 09:55:31.938872,0.0,-0.006116207951070374,0.0,-0.10000000000000142,16.25,16.3,16.3,16.35,1775.0,1836.0,6557.0,2756.0,False,False
2890,2022-11-08 09:55:35.188202,0.0,-0.006116207951070374,0.0,-0.10000000000000142,16.25,16.3,16.3,16.35,1775.0,1836.0,6557.0,2741.0,True,True
2890,2022-11-08 09:55:36.031389,0.0,-0.006116207951070374,0.0,-0.10000000000000142,16.25,16.3,16.3,16.35,1775.0,1835.0,6557.0,2741.0,False,False
2890,2022-11-08 09:55:37.155721,0.0,-0.006116207951070374,0.0,-0.10000000000000142,16.25,16.3,16.3,16.35,1862.0,1835.0,6557.0,2741.0,False,False
2890,2022-11-08 09:55:37.186202,0.0,-0.006116207951070374,0.0,-0.10000000000000142,16.25,16.3,16.3,16.35,1779.0,1835.0,6557.0,2741.0,False,False
2890,2022-11-08 09:55:37.218064,0.0,-0.006116207951070374,0.0,-0.10000000000000142,16.25,16.3,16.3,16.35,1865.0,1835.0,6557.0,2741.0,False,False
2890,2022-11-08 09:55:39.804182,0.0,-0.006116207951070374,0.0,-0.10000000000000142,16.25,16.3,16.3,16.35,1865.0,1834.0,6557.0,2741.0,False,False
2890,2022-11-08 09:55:40.590490,0.0,-0.006116207951070374,0.0,-0.10000000000000142,16.25,16.3,16.3,16.35,1865.0,1856.0,6557.0,2741.0,False,False
2890,2022-11-08 09:55:42.421904,0.0,-0.006116207951070374,0.0,-0.10000000000000142,16.25,16.3,16.3,16.35,1860.0,1856.0,6557.0,2741.0,False,False
2890,2022-11-08 09:55:43.226117,0.0,-0.006116207951070374,0.0,-0.10000000000000142,16.25,16.3,16.3,16.35,1860.0,1860.0,6557.0,2741.0,False,False
2890,2022-11-08 09:55:45.253182,0.0,-0.006116207951070374,0.0,-0.10000000000000142,16.25,16.3,16.3,16.35,1860.0,1860.0,6857.0,2741.0,True,True
2890,2022-11-08 09:55:47.030914,0.0,-0.006116207951070374,0.0,-0.10000000000000142,16.25,16.3,16.3,16.35,1860.0,1910.0,6857.0,2741.0,False,False
2890,2022-11-08 09:55:49.857875,0.0,-0.006116207951070374,0.0,-0.10000000000000142,16.25,16.3,16.3,16.35,1859.0,1910.0,6857.0,2741.0,False,False
2890,2022-11-08 09:55:49.858995,0.0,-0.006116207951070374,0.0,-0.10000000000000142,16.25,16.3,16.3,16.35,1856.0,1910.0,6857.0,2741.0,False,False
2890,2022-11-08 09:55:50.319493,0.0,-0.006116207951070374,0.0,-0.10000000000000142,16.25,16.3,16.3,16.35,1856.0,1910.0,6857.0,2741.0,False,False
2890,2022-11-08 09:55:53.900000,0.0,-0.006116207951070374,0.0,-0.10000000000000142,16.25,16.3,16.3,16.35,1857.0,1910.0,6857.0,2741.0,False,False
2890,2022-11-08 09:55:54.345061,0.0,-0.006116207951070374,0.0,-0.10000000000000142,16.25,16.3,16.3,16.35,1857.0,1905.0,6857.0,2741.0,False,False
2890,2022-11-08 09:55:55.281535,0.0,-0.006116207951070374,0.0,-0.10000000000000142,16.25,16.3,16.3,16.35,1857.0,1905.0,6857.0,2741.0,False,False
2890,2022-11-08 09:55:55.286346,0.0,-0.006116207951070374,0.0,-0.10000000000000142,16.25,16.3,16.3,16.35,1857.0,1896.0,6857.0,2741.0,False,False
2890,2022-11-08 09:56:01.344345,0.0,-0.006116207951070374,0.0,-0.10000000000000142,16.25,16.3,16.3,16.35,1857.0,1896.0,6857.0,2741.0,False,False
2890,2022-11-08 09:56:02.081561,0.0,-0.006116207951070374,0.0,-0.10000000000000142,16.25,16.3,16.3,16.35,1857.0,1896.0,6857.0,2741.0,False,False
2890,2022-11-08 09:56:03.968679,0.0,-0.006116207951070374,0.0,-0.10000000000000142,16.25,16.3,16.3,16.35,1858.0,1896.0,6857.0,2741.0,False,False
2890,2022-11-08 09:56:07.408223,0.0,-0.006116207951070374,0.0,-0.10000000000000142,16.25,16.3,16.3,16.35,1772.0,1896.0,6857.0,2741.0,False,False
2890,2022-11-08 09:56:07.449574,0.0,-0.006116207951070374,0.0,-0.10000000000000142,16.25,16.3,16.3,16.35,1862.0,1896.0,6857.0,2741.0,False,False
2890,2022-11-08 09:56:09.902157,0.0,-0.006116207951070374,0.0,-0.10000000000000142,16.25,16.3,16.3,16.35,1935.0,1896.0,6857.0,2741.0,False,False
2890,2022-11-08 09:56:10.864070,0.0,-0.006116207951070374,0.0,-0.10000000000000142,16.25,16.3,16.3,16.35,1935.0,1896.0,6857.0,2741.0,False,False
2890,2022-11-08 09:56:10.980663,0.0,-0.006116207951070374,0.0,-0.10000000000000142,16.25,16.3,16.3,16.35,1935.0,1895.0,6857.0,2741.0,False,False
2890,2022-11-08 09:56:11.737113,0.0,-0.006116207951070374,0.0,-0.10000000000000142,16.25,16.3,16.3,16.35,1935.0,1891.0,6857.0,2741.0,False,False
2890,2022-11-08 09:56:11.779071,0.0,-0.006116207951070374,0.0,-0.10000000000000142,16.25,16.3,16.3,16.35,1935.0,1861.0,6857.0,2741.0,False,False
2890,2022-11-08 09:56:12.391849,0.0,-0.006116207951070374,0.0,-0.10000000000000142,16.25,16.3,16.3,16.35,1935.0,1860.0,6857.0,2741.0,False,False
2890,2022-11-08 09:56:13.517037,0.0,-0.006116207951070374,0.0,-0.10000000000000142,16.25,16.3,16.3,16.35,1935.0,1842.0,6857.0,2741.0,False,False
2890,2022-11-08 09:56:13.527490,0.0,-0.006116207951070374,0.0,-0.10000000000000142,16.25,16.3,16.3,16.35,1935.0,1795.0,6857.0,2741.0,False,False
2890,2022-11-08 09:56:15.387123,0.0,-0.006116207951070374,0.0,-0.10000000000000142,16.25,16.3,16.3,16.35,1935.0,1795.0,6857.0,2741.0,True,True
2890,2022-11-08 09:56:15.506172,0.0,-0.006116207951070374,0.0,-0.10000000000000142,16.25,16.3,16.3,16.35,1935.0,1790.0,6857.0,2741.0,False,False
2890,2022-11-08 09:56:15.883824,0.0,-0.006116207951070374,0.0,-0.10000000000000142,16.25,16.3,16.3,16.35,1935.0,1794.0,6857.0,2741.0,False,False
2890,2022-11-08 09:56:15.919201,0.0,-0.006116207951070374,0.0,-0.10000000000000142,16.25,16.3,16.3,16.35,1935.0,1794.0,6857.0,2741.0,False,False
2890,2022-11-08 09:56:16.451143,0.0,-0.006116207951070374,0.0,-0.10000000000000142,16.25,16.3,16.3,16.35,1935.0,1796.0,6857.0,2741.0,False,False
2890,2022-11-08 09:56:17.854670,0.0,-0.006116207951070374,0.0,-0.10000000000000142,16.25,16.3,16.3,16.35,1862.0,1796.0,6857.0,2741.0,False,False
2890,2022-11-08 09:56:24.348246,0.0,-0.006116207951070374,0.0,-0.10000000000000142,16.25,16.3,16.3,16.35,1862.0,1796.0,6857.0,2741.0,False,False
2890,2022-11-08 09:56:25.435679,0.0,-0.006116207951070374,0.0,-0.10000000000000142,16.25,16.3,16.3,16.35,1862.0,1796.0,6857.0,2741.0,True,True
2890,2022-11-08 09:56:27.239202,0.0,-0.006116207951070374,0.0,-0.10000000000000142,16.25,16.3,16.3,16.35,1862.0,1796.0,6857.0,2741.0,False,False
2890,2022-11-08 09:56:28.036864,0.0,-0.006116207951070374,0.0,-0.10000000000000142,16.25,16.3,16.3,16.35,1862.0,1796.0,6857.0,2741.0,False,False
2890,2022-11-08 09:56:30.042446,0.0,-0.006116207951070374,0.0,-0.10000000000000142,16.25,16.3,16.3,16.35,1861.0,1796.0,6857.0,2741.0,False,False
2890,2022-11-08 09:56:30.076383,0.0,-0.006116207951070374,0.0,-0.10000000000000142,16.25,16.3,16.3,16.35,1774.0,1796.0,6857.0,2741.0,False,False
2890,2022-11-08 09:56:30.119303,0.0,-0.006116207951070374,0.0,-0.10000000000000142,16.25,16.3,16.3,16.35,1771.0,1796.0,6857.0,2741.0,False,False
2890,2022-11-08 09:56:34.020655,0.0,-0.006116207951070374,0.0,-0.10000000000000142,16.25,16.3,16.3,16.35,1772.0,1796.0,6857.0,2741.0,False,False
2890,2022-11-08 09:56:35.487753,0.0,-0.006116207951070374,0.0,-0.10000000000000142,16.25,16.3,16.3,16.35,1772.0,1796.0,6857.0,2721.0,True,True
2890,2022-11-08 09:56:36.547703,0.0,-0.006116207951070374,0.0,-0.10000000000000142,16.25,16.3,16.3,16.35,1772.0,1796.0,6857.0,2721.0,False,False
2890,2022-11-08 09:56:36.549439,0.0,-0.006116207951070374,0.0,-0.10000000000000142,16.25,16.3,16.3,16.35,1772.0,1791.0,6857.0,2721.0,False,False
2890,2022-11-08 09:56:44.940814,0.0,-0.006116207951070374,0.0,-0.10000000000000142,16.25,16.3,16.3,16.35,1772.0,1790.0,6857.0,2721.0,False,False
2890,2022-11-08 09:56:45.532375,0.0,-0.006116207951070374,0.0,-0.10000000000000142,16.25,16.3,16.3,16.35,1772.0,1790.0,6907.0,2721.0,True,True
2890,2022-11-08 09:56:49.183335,0.0,-0.006116207951070374,0.0,-0.10000000000000142,16.25,16.3,16.3,16.35,1772.0,1790.0,6907.0,2721.0,False,False
2890,2022-11-08 09:56:49.786312,0.0,-0.006116207951070374,0.0,-0.10000000000000142,16.25,16.3,16.3,16.35,1770.0,1788.0,6907.0,2721.0,False,False
2890,2022-11-08 09:56:51.157390,0.0,-0.006116207951070374,0.0,-0.10000000000000142,16.25,16.3,16.3,16.35,1770.0,1786.0,6907.0,2721.0,False,False
2890,2022-11-08 09:56:52.467290,0.0,-0.006116207951070374,0.0,-0.10000000000000142,16.25,16.3,16.3,16.35,1770.0,1786.0,6907.0,2721.0,False,False
2890,2022-11-08 09:56:54.246192,0.0,-0.006116207951070374,0.0,-0.10000000000000142,16.25,16.3,16.3,16.35,1917.0,1786.0,6907.0,2721.0,False,False
2890,2022-11-08 09:56:56.147474,0.0,-0.006116207951070374,0.0,-0.10000000000000142,16.25,16.3,16.3,16.35,1917.0,1786.0,6907.0,2721.0,False,False
2890,2022-11-08 09:56:57.516644,0.0,-0.006116207951070374,0.0,-0.10000000000000142,16.25,16.3,16.3,16.35,1917.0,1786.0,6907.0,2721.0,False,False
2890,2022-11-08 09:56:58.455184,0.0,-0.006116207951070374,0.0,-0.10000000000000142,16.25,16.3,16.3,16.35,1917.0,1786.0,6907.0,2721.0,False,False
2890,2022-11-08 09:56:58.607429,0.0,-0.006116207951070374,0.0,-0.10000000000000142,16.25,16.3,16.3,16.35,1917.0,1786.0,6907.0,2721.0,False,False
2890,2022-11-08 09:56:58.750451,0.0,-0.006116207951070374,0.0,-0.10000000000000142,16.25,16.3,16.3,16.35,1917.0,1786.0,6907.0,2721.0,False,False
2890,2022-11-08 09:56:59.117313,0.0,-0.006116207951070374,0.0,-0.10000000000000142,16.25,16.3,16.3,16.35,1922.0,1786.0,6907.0,2721.0,False,False
2890,2022-11-08 09:57:00.377826,0.0,-0.006116207951070374,0.0,-0.10000000000000142,16.25,16.3,16.3,16.35,1835.0,1786.0,6907.0,2721.0,False,False
2890,2022-11-08 09:57:00.416189,0.0,-0.006116207951070374,0.0,-0.10000000000000142,16.25,16.3,16.3,16.35,1928.0,1786.0,6907.0,2721.0,False,False
2890,2022-11-08 09:57:03.281929,0.0,-0.006116207951070374,0.0,-0.10000000000000142,16.25,16.3,16.3,16.35,1928.0,1786.0,6907.0,2721.0,False,False
2890,2022-11-08 09:57:04.175377,0.0,-0.006116207951070374,0.0,-0.10000000000000142,16.25,16.3,16.3,16.35,1928.0,1786.0,6907.0,2721.0,False,False
2890,2022-11-08 09:57:05.618046,0.0,-0.006116207951070374,0.0,-0.10000000000000142,16.25,16.3,16.3,16.35,1928.0,1786.0,6907.0,2723.0,True,True
2890,2022-11-08 09:57:08.101027,0.0,-0.006116207951070374,0.0,-0.10000000000000142,16.25,16.3,16.3,16.35,1927.0,1786.0,6907.0,2723.0,False,False
2890,2022-11-08 09:57:09.585369,0.0,-0.006116207951070374,0.0,-0.10000000000000142,16.25,16.3,16.3,16.35,1927.0,1789.0,6907.0,2723.0,False,False
2890,2022-11-08 09:57:13.108777,0.0,-0.006116207951070374,0.0,-0.10000000000000142,16.25,16.3,16.3,16.35,1927.0,1789.0,6907.0,2723.0,False,False
2890,2022-11-08 09:57:17.683482,0.0,-0.006116207951070374,0.0,-0.10000000000000142,16.25,16.3,16.3,16.35,1928.0,1789.0,6907.0,2723.0,False,False
2890,2022-11-08 09:57:18.601132,0.0,-0.006116207951070374,0.0,-0.10000000000000142,16.25,16.3,16.3,16.35,1928.0,1789.0,6907.0,2723.0,False,False
2890,2022-11-08 09:57:18.643478,0.0,-0.006116207951070374,0.0,-0.10000000000000142,16.25,16.3,16.3,16.35,1928.0,1784.0,6907.0,2723.0,False,False
2890,2022-11-08 09:57:18.930829,0.0,-0.006116207951070374,0.0,-0.10000000000000142,16.25,16.3,16.3,16.35,1928.0,1783.0,6907.0,2723.0,False,False
2890,2022-11-08 09:57:21.192688,0.0,-0.006116207951070374,0.0,-0.10000000000000142,16.25,16.3,16.3,16.35,1928.0,1779.0,6907.0,2723.0,False,False
2890,2022-11-08 09:57:21.193023,0.0,-0.006116207951070374,0.0,-0.10000000000000142,16.25,16.3,16.3,16.35,1928.0,1778.0,6907.0,2723.0,False,False
2890,2022-11-08 09:57:22.140598,0.0,-0.006116207951070374,0.0,-0.10000000000000142,16.25,16.3,16.3,16.35,1928.0,1773.0,6907.0,2723.0,False,False
2890,2022-11-08 09:57:25.359945,0.0,-0.006116207951070374,0.0,-0.10000000000000142,16.25,16.3,16.3,16.35,1928.0,1767.0,6907.0,2723.0,False,False
2890,2022-11-08 09:57:25.715059,0.0,-0.006116207951070374,0.0,-0.10000000000000142,16.25,16.3,16.3,16.35,1928.0,1767.0,6907.0,2723.0,True,True
2890,2022-11-08 09:57:25.638811,0.0,-0.006116207951070374,0.0,-0.10000000000000142,16.25,16.3,16.3,16.35,1928.0,1765.0,6907.0,2723.0,False,False
2890,2022-11-08 09:57:26.832918,0.0,-0.006116207951070374,0.0,-0.10000000000000142,16.25,16.3,16.3,16.35,1928.0,1761.0,6907.0,2723.0,False,False
2890,2022-11-08 09:57:27.067909,0.0,-0.006116207951070374,0.0,-0.10000000000000142,16.25,16.3,16.3,16.35,1928.0,1766.0,6907.0,2723.0,False,False
2890,2022-11-08 09:57:27.727873,0.0,-0.006116207951070374,0.0,-0.10000000000000142,16.25,16.3,16.3,16.35,1928.0,1758.0,6907.0,2723.0,False,False
2890,2022-11-08 09:57:32.861438,0.0,-0.006116207951070374,0.0,-0.10000000000000142,16.25,16.3,16.3,16.35,1931.0,1758.0,6907.0,2723.0,False,False
2890,2022-11-08 09:57:34.245693,0.0,-0.006116207951070374,0.0,-0.10000000000000142,16.25,16.3,16.3,16.35,1925.0,1752.0,6907.0,2723.0,False,False
2890,2022-11-08 09:57:34.387066,0.0,-0.006116207951070374,0.0,-0.10000000000000142,16.25,16.3,16.3,16.35,2012.0,1752.0,6907.0,2723.0,False,False
2890,2022-11-08 09:57:34.466268,0.0,-0.006116207951070374,0.0,-0.10000000000000142,16.25,16.3,16.3,16.35,2015.0,1752.0,6907.0,2723.0,False,False
2890,2022-11-08 09:57:35.755493,0.0,-0.006116207951070374,0.0,-0.10000000000000142,16.25,16.3,16.3,16.35,2015.0,1752.0,6907.0,3038.0,True,True
2890,2022-11-08 09:57:37.617044,0.0,-0.006116207951070374,0.0,-0.10000000000000142,16.25,16.3,16.3,16.35,2015.0,1752.0,6907.0,3038.0,False,False
2890,2022-11-08 09:57:40.987733,0.0,-0.006116207951070374,0.0,-0.10000000000000142,16.25,16.3,16.3,16.35,2015.0,1750.0,6907.0,3038.0,False,False
2890,2022-11-08 09:57:43.541460,0.0,-0.006116207951070374,0.0,-0.10000000000000142,16.25,16.3,16.3,16.35,1990.0,1750.0,6907.0,3038.0,False,False
2890,2022-11-08 09:57:45.794144,0.0,-0.006116207951070374,0.0,-0.10000000000000142,16.25,16.3,16.3,16.35,1990.0,1750.0,7487.0,3103.0,True,True
2890,2022-11-08 09:57:47.132441,0.0,-0.006116207951070374,0.0,-0.10000000000000142,16.25,16.3,16.3,16.35,1990.0,1749.0,7487.0,3103.0,False,False
2890,2022-11-08 09:57:50.953092,0.0,-0.006116207951070374,0.0,-0.10000000000000142,16.25,16.3,16.3,16.35,1989.0,1749.0,7487.0,3103.0,False,False
2890,2022-11-08 09:57:52.533752,0.0,-0.006116207951070374,0.0,-0.10000000000000142,16.25,16.3,16.3,16.35,1999.0,1749.0,7487.0,3103.0,False,False
2890,2022-11-08 09:57:52.914350,0.0,-0.006116207951070374,0.0,-0.10000000000000142,16.25,16.3,16.3,16.35,1999.0,1748.0,7487.0,3103.0,False,False
2890,2022-11-08 09:57:57.069595,0.0,-0.006116207951070374,0.0,-0.10000000000000142,16.25,16.3,16.3,16.35,2001.0,1748.0,7487.0,3103.0,False,False
2890,2022-11-08 09:58:01.955850,0.0,-0.006116207951070374,0.0,-0.10000000000000142,16.25,16.3,16.3,16.35,2001.0,1743.0,7487.0,3103.0,False,False
2890,2022-11-08 09:58:02.369593,0.0,-0.006116207951070374,0.0,-0.10000000000000142,16.25,16.3,16.3,16.35,2001.0,1743.0,7487.0,3103.0,False,False
2890,2022-11-08 09:58:03.076501,0.0,-0.006116207951070374,0.0,-0.10000000000000142,16.25,16.3,16.3,16.35,2001.0,1744.0,7487.0,3103.0,False,False
2890,2022-11-08 09:58:04.139149,0.0,-0.006116207951070374,0.0,-0.10000000000000142,16.25,16.3,16.3,16.35,2001.0,1744.0,7487.0,3103.0,False,False
2890,2022-11-08 09:58:05.102950,0.0,-0.006116207951070374,0.0,-0.10000000000000142,16.25,16.3,16.3,16.35,2001.0,1744.0,7487.0,3023.0,False,True
2890,2022-11-08 09:58:05.298794,0.0,-0.006116207951070374,0.0,-0.10000000000000142,16.25,16.3,16.3,16.35,2001.0,1743.0,7487.0,3023.0,False,False
2890,2022-11-08 09:58:05.334195,0.0,-0.006116207951070374,0.0,-0.10000000000000142,16.25,16.3,16.3,16.35,1905.0,1743.0,7487.0,3023.0,False,False
2890,2022-11-08 09:58:05.345890,0.0,-0.006116207951070374,0.0,-0.10000000000000142,16.25,16.3,16.3,16.35,2009.0,1743.0,7487.0,3023.0,False,False
2890,2022-11-08 09:58:05.377784,0.0,-0.006116207951070374,0.0,-0.10000000000000142,16.25,16.3,16.3,16.35,2001.0,1743.0,7487.0,3023.0,False,False
2890,2022-11-08 09:58:06.336581,0.0,-0.006116207951070374,0.0,-0.10000000000000142,16.25,16.3,16.3,16.35,2001.0,1743.0,7487.0,3023.0,False,False
2890,2022-11-08 09:58:15.149812,0.0,-0.006116207951070374,0.0,-0.10000000000000142,16.25,16.3,16.3,16.35,2001.0,1743.0,7487.0,3023.0,True,True
2890,2022-11-08 09:58:19.167973,0.0,-0.006116207951070374,0.0,-0.10000000000000142,16.25,16.3,16.3,16.35,1914.0,1743.0,7487.0,3023.0,False,False
2890,2022-11-08 09:58:24.438683,0.0,-0.006116207951070374,0.0,-0.10000000000000142,16.25,16.3,16.3,16.35,1914.0,1743.0,7487.0,3023.0,False,False
2890,2022-11-08 09:58:25.193504,0.0,-0.006116207951070374,0.0,-0.10000000000000142,16.25,16.3,16.3,16.35,1914.0,1743.0,7487.0,3023.0,True,True
2890,2022-11-08 09:58:26.062330,0.0,-0.006116207951070374,0.0,-0.10000000000000142,16.25,16.3,16.3,16.35,1913.0,1743.0,7487.0,3023.0,False,False
2890,2022-11-08 09:58:26.898008,0.0,-0.006116207951070374,0.0,-0.10000000000000142,16.25,16.3,16.3,16.35,1913.0,1742.0,7487.0,3023.0,False,False
2890,2022-11-08 09:58:26.916901,0.0,-0.006116207951070374,0.0,-0.10000000000000142,16.25,16.3,16.3,16.35,1915.0,1742.0,7487.0,3023.0,False,False
2890,2022-11-08 09:58:27.424985,0.0,-0.006116207951070374,0.0,-0.10000000000000142,16.25,16.3,16.3,16.35,1915.0,1737.0,7487.0,3023.0,False,False
2890,2022-11-08 09:58:27.607995,0.0,-0.006116207951070374,0.0,-0.10000000000000142,16.25,16.3,16.3,16.35,1915.0,1737.0,7487.0,3023.0,False,False
2890,2022-11-08 09:58:30.334182,0.0,-0.006116207951070374,0.0,-0.10000000000000142,16.25,16.3,16.3,16.35,1915.0,1737.0,7487.0,3023.0,False,False
2890,2022-11-08 09:58:35.232829,0.0,-0.006116207951070374,0.0,-0.10000000000000142,16.25,16.3,16.3,16.35,1915.0,1737.0,7510.0,3023.0,True,True
2890,2022-11-08 09:58:36.329923,0.0,-0.006116207951070374,0.0,-0.10000000000000142,16.25,16.3,16.3,16.35,1819.0,1737.0,7510.0,3023.0,False,False
2890,2022-11-08 09:58:36.353874,0.0,-0.006116207951070374,0.0,-0.10000000000000142,16.25,16.3,16.3,16.35,1916.0,1737.0,7510.0,3023.0,False,False
2890,2022-11-08 09:58:44.372892,0.0,-0.006116207951070374,0.0,-0.10000000000000142,16.25,16.3,16.3,16.35,1916.0,1738.0,7510.0,3023.0,False,False
2890,2022-11-08 09:58:44.498807,0.0,-0.006116207951070374,0.0,-0.10000000000000142,16.25,16.3,16.3,16.35,1916.0,1738.0,7510.0,3023.0,False,False
2890,2022-11-08 09:58:45.634305,0.0,-0.006116207951070374,0.0,-0.10000000000000142,16.25,16.3,16.3,16.35,1916.0,1733.0,7510.0,3023.0,False,False
2890,2022-11-08 09:58:46.482438,0.0,-0.006116207951070374,0.0,-0.10000000000000142,16.25,16.3,16.3,16.35,1916.0,1733.0,7510.0,3023.0,False,False
2890,2022-11-08 09:58:46.485721,0.0,-0.006116207951070374,0.0,-0.10000000000000142,16.25,16.3,16.3,16.35,1922.0,1733.0,7510.0,3023.0,False,False
2890,2022-11-08 09:58:51.254214,0.0,-0.006116207951070374,0.0,-0.10000000000000142,16.25,16.3,16.3,16.35,1922.0,1733.0,7510.0,3023.0,False,False
2890,2022-11-08 09:58:55.326320,0.0,-0.006116207951070374,0.0,-0.10000000000000142,16.25,16.3,16.3,16.35,1922.0,1733.0,7510.0,3023.0,True,True
2890,2022-11-08 09:58:55.702222,0.0,-0.006116207951070374,0.0,-0.10000000000000142,16.25,16.3,16.3,16.35,1923.0,1733.0,7510.0,3023.0,False,False
2890,2022-11-08 09:58:56.351938,0.0,-0.006116207951070374,0.0,-0.10000000000000142,16.25,16.3,16.3,16.35,1918.0,1733.0,7510.0,3023.0,False,False
2890,2022-11-08 09:58:56.387691,0.0,-0.006116207951070374,0.0,-0.10000000000000142,16.25,16.3,16.3,16.35,1918.0,1728.0,7510.0,3023.0,False,False
2890,2022-11-08 09:58:58.274637,0.0,-0.006116207951070374,0.0,-0.10000000000000142,16.25,16.3,16.3,16.35,1918.0,1728.0,7510.0,3023.0,False,False
2890,2022-11-08 09:59:01.875026,0.0,-0.006116207951070374,0.0,-0.10000000000000142,16.25,16.3,16.3,16.35,1918.0,1727.0,7510.0,3023.0,False,False
2890,2022-11-08 09:59:05.371595,0.0,-0.006116207951070374,0.0,-0.10000000000000142,16.25,16.3,16.3,16.35,1918.0,1727.0,7510.0,3023.0,True,True
2890,2022-11-08 09:59:05.800304,0.0,-0.006116207951070374,0.0,-0.10000000000000142,16.25,16.3,16.3,16.35,1917.0,1727.0,7510.0,3023.0,False,False
2890,2022-11-08 09:59:15.415889,0.0,-0.006116207951070374,0.0,-0.10000000000000142,16.25,16.3,16.3,16.35,1917.0,1727.0,7510.0,3014.0,True,True
2890,2022-11-08 09:59:27.227638,0.0,-0.006116207951070374,0.0,-0.10000000000000142,16.25,16.3,16.3,16.35,1917.0,1727.0,7510.0,3014.0,False,False
2890,2022-11-08 09:59:27.230155,0.0,-0.006116207951070374,0.0,-0.10000000000000142,16.25,16.3,16.3,16.35,1917.0,1727.0,7510.0,3014.0,False,False
2890,2022-11-08 09:59:28.324890,0.0,-0.006116207951070374,0.0,-0.10000000000000142,16.25,16.3,16.3,16.35,1917.0,1722.0,7510.0,3014.0,False,False
2890,2022-11-08 09:59:31.998968,0.0,-0.006116207951070374,0.0,-0.10000000000000142,16.25,16.3,16.3,16.35,1927.0,1722.0,7510.0,3014.0,False,False
2890,2022-11-08 09:59:32.029540,0.0,-0.006116207951070374,0.0,-0.10000000000000142,16.25,16.3,16.3,16.35,1916.0,1722.0,7510.0,3014.0,False,False
2890,2022-11-08 09:59:32.303848,0.0,-0.006116207951070374,0.0,-0.10000000000000142,16.25,16.3,16.3,16.35,1914.0,1722.0,7510.0,3014.0,False,False
2890,2022-11-08 09:59:32.303852,0.0,-0.006116207951070374,0.0,-0.10000000000000142,16.25,16.3,16.3,16.35,1912.0,1722.0,7510.0,3014.0,False,False
2890,2022-11-08 09:59:32.408220,0.0,-0.006116207951070374,0.0,-0.10000000000000142,16.25,16.3,16.3,16.35,1912.0,1718.0,7510.0,3014.0,False,False
2890,2022-11-08 09:59:32.812396,0.0,-0.006116207951070374,0.0,-0.10000000000000142,16.25,16.3,16.3,16.35,1912.0,1713.0,7510.0,3014.0,False,False
2890,2022-11-08 09:59:33.821989,0.0,-0.006116207951070374,0.0,-0.10000000000000142,16.25,16.3,16.3,16.35,1912.0,1708.0,7510.0,3014.0,False,False
2890,2022-11-08 09:59:34.502235,0.0,-0.006116207951070374,0.0,-0.10000000000000142,16.25,16.3,16.3,16.35,1912.0,1708.0,7510.0,3014.0,False,False
2890,2022-11-08 09:59:35.866322,0.0,-0.006116207951070374,0.0,-0.10000000000000142,16.25,16.3,16.3,16.35,1912.0,1707.0,7510.0,3014.0,False,False
2890,2022-11-08 09:59:40.879431,0.0,-0.006116207951070374,0.0,-0.10000000000000142,16.25,16.3,16.3,16.35,1912.0,1704.0,7510.0,3014.0,False,False
2890,2022-11-08 09:59:42.388620,0.0,-0.006116207951070374,0.0,-0.10000000000000142,16.25,16.3,16.3,16.35,1912.0,1704.0,7510.0,3014.0,False,False
2890,2022-11-08 09:59:43.380333,0.0,-0.006116207951070374,0.0,-0.10000000000000142,16.25,16.3,16.3,16.35,1912.0,1707.0,7510.0,3014.0,False,False
2890,2022-11-08 09:59:45.145926,0.0,-0.006116207951070374,0.0,-0.10000000000000142,16.25,16.3,16.3,16.35,1912.0,1706.0,7510.0,3014.0,False,False
2890,2022-11-08 09:59:48.074618,0.0,-0.006116207951070374,0.0,-0.10000000000000142,16.25,16.3,16.3,16.35,1912.0,1701.0,7510.0,3014.0,False,False
2890,2022-11-08 09:59:50.101667,0.0,-0.006116207951070374,0.0,-0.10000000000000142,16.25,16.3,16.3,16.35,1912.0,1751.0,7510.0,3014.0,False,False
2890,2022-11-08 09:59:52.259710,0.0,-0.006116207951070374,0.0,-0.10000000000000142,16.25,16.3,16.3,16.35,1912.0,1752.0,7510.0,3014.0,False,False
2890,2022-11-08 09:59:54.302503,0.0,-0.006116207951070374,0.0,-0.10000000000000142,16.25,16.3,16.3,16.35,1912.0,1757.0,7510.0,3014.0,False,False
2890,2022-11-08 09:59:54.725381,0.0,-0.006116207951070374,0.0,-0.10000000000000142,16.25,16.3,16.3,16.35,1911.0,1757.0,7510.0,3014.0,False,False
2890,2022-11-08 09:59:55.585698,0.0,-0.006116207951070374,0.0,-0.10000000000000142,16.25,16.3,16.3,16.35,1911.0,1757.0,7509.0,3023.0,True,True
2890,2022-11-08 09:59:56.023949,0.0,-0.006116207951070374,0.0,-0.10000000000000142,16.25,16.3,16.3,16.35,1910.0,1757.0,7509.0,3023.0,False,False
2890,2022-11-08 10:00:03.741790,0.0,-0.006116207951070374,0.0,-0.10000000000000142,16.25,16.3,16.3,16.35,1911.0,1757.0,7509.0,3023.0,False,False
2890,2022-11-08 10:00:05.623809,0.0,-0.006116207951070374,0.0,-0.10000000000000142,16.25,16.3,16.3,16.35,1911.0,1757.0,7508.0,3023.0,True,True
2890,2022-11-08 10:00:09.841871,0.0,-0.006116207951070374,0.0,-0.10000000000000142,16.25,16.3,16.3,16.35,1911.0,1756.0,7508.0,3023.0,False,False
2890,2022-11-08 10:00:11.964755,0.0,-0.006116207951070374,0.0,-0.10000000000000142,16.25,16.3,16.3,16.35,1911.0,1751.0,7508.0,3023.0,False,False
2890,2022-11-08 10:00:12.336652,0.0,-0.006116207951070374,0.0,-0.10000000000000142,16.25,16.3,16.3,16.35,1909.0,1751.0,7508.0,3023.0,False,False
2890,2022-11-08 10:00:12.966442,0.0,-0.006116207951070374,0.0,-0.10000000000000142,16.25,16.3,16.3,16.35,1909.0,1746.0,7508.0,3023.0,False,False
2890,2022-11-08 10:00:13.005092,0.0,-0.006116207951070374,0.0,-0.10000000000000142,16.25,16.3,16.3,16.35,1812.0,1746.0,7508.0,3023.0,False,False
2890,2022-11-08 10:00:13.036560,0.0,-0.006116207951070374,0.0,-0.10000000000000142,16.25,16.3,16.3,16.35,1913.0,1746.0,7508.0,3023.0,False,False
2890,2022-11-08 10:00:15.011955,0.0,-0.006116207951070374,0.0,-0.10000000000000142,16.25,16.3,16.3,16.35,1914.0,1746.0,7508.0,3023.0,False,False
2890,2022-11-08 10:00:15.630307,0.0,-0.006116207951070374,0.0,-0.10000000000000142,16.25,16.3,16.3,16.35,1914.0,1746.0,7510.0,3015.0,True,True
2890,2022-11-08 10:00:17.045087,0.0,-0.006116207951070374,0.0,-0.10000000000000142,16.25,16.3,16.3,16.35,1913.0,1746.0,7510.0,3015.0,False,False
2890,2022-11-08 10:00:17.657341,0.0,-0.006116207951070374,0.0,-0.10000000000000142,16.25,16.3,16.3,16.35,1918.0,1746.0,7510.0,3015.0,False,False
2890,2022-11-08 10:00:18.293220,0.0,-0.006116207951070374,0.0,-0.10000000000000142,16.25,16.3,16.3,16.35,1918.0,1746.0,7510.0,3015.0,False,False
2890,2022-11-08 10:00:18.298196,0.0,-0.006116207951070374,0.0,-0.10000000000000142,16.25,16.3,16.3,16.35,1922.0,1745.0,7510.0,3015.0,False,False
2890,2022-11-08 10:00:18.295644,0.0,-0.006116207951070374,0.0,-0.10000000000000142,16.25,16.3,16.3,16.35,1922.0,1746.0,7510.0,3015.0,False,False
2890,2022-11-08 10:00:22.353991,0.0,-0.006116207951070374,0.0,-0.10000000000000142,16.25,16.3,16.3,16.35,1923.0,1745.0,7510.0,3015.0,False,False
2890,2022-11-08 10:00:24.068125,0.0,-0.006116207951070374,0.0,-0.10000000000000142,16.25,16.3,16.3,16.35,1924.0,1745.0,7510.0,3015.0,False,False
2890,2022-11-08 10:00:25.125562,0.0,-0.006116207951070374,0.0,-0.10000000000000142,16.25,16.3,16.3,16.35,1924.0,1740.0,7510.0,3015.0,False,False
2890,2022-11-08 10:00:25.807609,0.0,-0.006116207951070374,0.0,-0.10000000000000142,16.25,16.3,16.3,16.35,1924.0,1740.0,7510.0,3015.0,True,True
2890,2022-11-08 10:00:32.860803,0.0,-0.006116207951070374,0.0,-0.10000000000000142,16.25,16.3,16.3,16.35,1927.0,1740.0,7510.0,3015.0,False,False
2890,2022-11-08 10:00:35.827102,0.0,-0.006116207951070374,0.0,-0.10000000000000142,16.25,16.3,16.3,16.35,1927.0,1740.0,7510.0,3015.0,True,True
2890,2022-11-08 10:00:44.032532,0.0,-0.006116207951070374,0.0,-0.10000000000000142,16.25,16.3,16.3,16.35,1927.0,1739.0,7510.0,3015.0,False,False
2890,2022-11-08 10:00:45.816978,0.0,-0.006116207951070374,0.0,-0.10000000000000142,16.25,16.3,16.3,16.35,1927.0,1739.0,7510.0,3015.0,False,False
2890,2022-11-08 10:00:45.823280,0.0,-0.006116207951070374,0.0,-0.10000000000000142,16.25,16.3,16.3,16.35,1927.0,1744.0,7510.0,3015.0,False,False
2890,2022-11-08 10:00:45.866315,0.0,-0.006116207951070374,0.0,-0.10000000000000142,16.25,16.3,16.3,16.35,1927.0,1744.0,7510.0,2996.0,True,True
2890,2022-11-08 10:00:49.925862,0.0,-0.006116207951070374,0.0,-0.10000000000000142,16.25,16.3,16.3,16.35,1927.0,1768.0,7510.0,2996.0,False,False
2890,2022-11-08 10:00:50.504940,0.0,-0.006116207951070374,0.0,-0.10000000000000142,16.25,16.3,16.3,16.35,1927.0,1768.0,7510.0,2996.0,False,False
2890,2022-11-08 10:00:54.681630,0.0,-0.006116207951070374,0.0,-0.10000000000000142,16.25,16.3,16.3,16.35,1927.0,1763.0,7510.0,2996.0,False,False
2890,2022-11-08 10:00:55.082827,0.0,-0.006116207951070374,0.0,-0.10000000000000142,16.25,16.3,16.3,16.35,1926.0,1763.0,7510.0,2996.0,False,False
2890,2022-11-08 10:00:55.810146,0.0,-0.006116207951070374,0.0,-0.10000000000000142,16.25,16.3,16.3,16.35,1926.0,1759.0,7510.0,2996.0,False,False
2890,2022-11-08 10:00:59.106804,0.0,-0.006116207951070374,0.0,-0.10000000000000142,16.25,16.3,16.3,16.35,1926.0,1759.0,7510.0,2996.0,False,False
2890,2022-11-08 10:01:04.181614,0.0,-0.006116207951070374,0.0,-0.10000000000000142,16.25,16.3,16.3,16.35,1925.0,1759.0,7510.0,2996.0,False,False
2890,2022-11-08 10:01:05.132286,0.0,-0.006116207951070374,0.0,-0.10000000000000142,16.25,16.3,16.3,16.35,1925.0,1759.0,7520.0,2996.0,False,True
2890,2022-11-08 10:01:08.875465,0.0,-0.006116207951070374,0.0,-0.10000000000000142,16.25,16.3,16.3,16.35,1925.0,1759.0,7520.0,2996.0,False,False
2890,2022-11-08 10:01:11.588809,0.0,-0.006116207951070374,0.0,-0.10000000000000142,16.25,16.3,16.3,16.35,1925.0,1759.0,7520.0,2996.0,False,False
2890,2022-11-08 10:01:13.313318,0.0,-0.006116207951070374,0.0,-0.10000000000000142,16.25,16.3,16.3,16.35,1925.0,1758.0,7520.0,2996.0,False,False
2890,2022-11-08 10:01:15.507736,0.0,-0.006116207951070374,0.0,-0.10000000000000142,16.25,16.3,16.3,16.35,1927.0,1758.0,7520.0,2996.0,False,False
2890,2022-11-08 10:01:18.032952,0.0,-0.006116207951070374,0.0,-0.10000000000000142,16.25,16.3,16.3,16.35,1927.0,1757.0,7520.0,2996.0,False,False
2890,2022-11-08 10:01:18.374068,0.0,-0.006116207951070374,0.0,-0.10000000000000142,16.25,16.3,16.3,16.35,1927.0,1757.0,7520.0,2996.0,False,False
2890,2022-11-08 10:01:21.347764,0.0,-0.006116207951070374,0.0,-0.10000000000000142,16.25,16.3,16.3,16.35,1927.0,1757.0,7520.0,2996.0,False,False
2890,2022-11-08 10:01:31.096551,0.0,-0.006116207951070374,0.0,-0.10000000000000142,16.25,16.3,16.3,16.35,1927.0,1754.0,7520.0,2996.0,False,False
2890,2022-11-08 10:01:32.751022,0.0,-0.006116207951070374,0.0,-0.10000000000000142,16.25,16.3,16.3,16.35,1928.0,1754.0,7520.0,2996.0,False,False
2890,2022-11-08 10:01:33.007247,0.0,-0.006116207951070374,0.0,-0.10000000000000142,16.25,16.3,16.3,16.35,1928.0,1754.0,7520.0,2996.0,False,False
2890,2022-11-08 10:01:33.389658,0.0,-0.006116207951070374,0.0,-0.10000000000000142,16.25,16.3,16.3,16.35,1929.0,1754.0,7520.0,2996.0,False,False
2890,2022-11-08 10:01:38.234176,0.0,-0.006116207951070374,0.0,-0.10000000000000142,16.25,16.3,16.3,16.35,1929.0,1757.0,7520.0,2996.0,False,False
2890,2022-11-08 10:01:38.526063,0.0,-0.006116207951070374,0.0,-0.10000000000000142,16.25,16.3,16.3,16.35,1929.0,1752.0,7520.0,2996.0,False,False
2890,2022-11-08 10:01:43.548377,0.0,-0.006116207951070374,0.0,-0.10000000000000142,16.25,16.3,16.3,16.35,1929.0,1752.0,7520.0,2996.0,False,False
2890,2022-11-08 10:01:45.257685,0.0,-0.006116207951070374,0.0,-0.10000000000000142,16.25,16.3,16.3,16.35,1929.0,1752.0,7520.0,2996.0,True,True
2890,2022-11-08 10:01:47.764230,0.0,-0.006116207951070374,0.0,-0.10000000000000142,16.25,16.3,16.3,16.35,1929.0,1752.0,7520.0,2996.0,False,False
2890,2022-11-08 10:01:52.044611,0.0,-0.006116207951070374,0.0,-0.10000000000000142,16.25,16.3,16.3,16.35,1929.0,1751.0,7520.0,2996.0,False,False
2890,2022-11-08 10:01:58.459358,0.0,-0.006116207951070374,0.0,-0.10000000000000142,16.25,16.3,16.3,16.35,1929.0,1751.0,7520.0,2996.0,False,False
2890,2022-11-08 10:02:13.577321,0.0,-0.006116207951070374,0.0,-0.10000000000000142,16.25,16.3,16.3,16.35,1929.0,1751.0,7520.0,2996.0,False,False
2890,2022-11-08 10:02:13.967124,0.0,-0.006116207951070374,0.0,-0.10000000000000142,16.25,16.3,16.3,16.35,1929.0,1751.0,7520.0,2996.0,False,False
2890,2022-11-08 10:02:13.990498,0.0,-0.006116207951070374,0.0,-0.10000000000000142,16.25,16.3,16.3,16.35,1929.0,1751.0,7520.0,2996.0,False,False
2890,2022-11-08 10:02:14.266061,0.0,-0.006116207951070374,0.0,-0.10000000000000142,16.25,16.3,16.3,16.35,1929.0,1749.0,7520.0,2996.0,False,False
2890,2022-11-08 10:02:16.223487,0.0,-0.006116207951070374,0.0,-0.10000000000000142,16.25,16.3,16.3,16.35,1928.0,1749.0,7520.0,2996.0,False,False
2890,2022-11-08 10:02:16.988187,0.0,-0.006116207951070374,0.0,-0.10000000000000142,16.25,16.3,16.3,16.35,1928.0,1749.0,7520.0,2996.0,False,False
2890,2022-11-08 10:02:16.989390,0.0,-0.006116207951070374,0.0,-0.10000000000000142,16.25,16.3,16.3,16.35,1928.0,1740.0,7520.0,2996.0,False,False
2890,2022-11-08 10:02:17.985426,0.0,-0.006116207951070374,0.0,-0.10000000000000142,16.25,16.3,16.3,16.35,1928.0,1740.0,7520.0,2996.0,False,False
2890,2022-11-08 10:02:18.395779,0.0,-0.006116207951070374,0.0,-0.10000000000000142,16.25,16.3,16.3,16.35,1928.0,1737.0,7520.0,2996.0,False,False
2890,2022-11-08 10:02:23.253904,0.0,-0.006116207951070374,0.0,-0.10000000000000142,16.25,16.3,16.3,16.35,1928.0,1732.0,7520.0,2996.0,False,False
2890,2022-11-08 10:02:25.674184,0.0,-0.006116207951070374,0.0,-0.10000000000000142,16.25,16.3,16.3,16.35,1928.0,1732.0,7520.0,2996.0,False,False
2890,2022-11-08 10:02:27.074806,0.0,-0.006116207951070374,0.0,-0.10000000000000142,16.25,16.3,16.3,16.35,1928.0,1731.0,7520.0,2996.0,False,False
2890,2022-11-08 10:02:27.094111,0.0,-0.006116207951070374,0.0,-0.10000000000000142,16.25,16.3,16.3,16.35,1928.0,1730.0,7520.0,2996.0,False,False
2890,2022-11-08 10:02:32.542523,0.0,-0.006116207951070374,0.0,-0.10000000000000142,16.25,16.3,16.3,16.35,1928.0,1729.0,7520.0,2996.0,False,False
2890,2022-11-08 10:02:37.472227,0.0,-0.006116207951070374,0.0,-0.10000000000000142,16.25,16.3,16.3,16.35,1928.0,1729.0,7520.0,2996.0,False,False
2890,2022-11-08 10:02:38.233087,0.0,-0.006116207951070374,0.0,-0.10000000000000142,16.25,16.3,16.3,16.35,1928.0,1729.0,7520.0,2996.0,False,False
2890,2022-11-08 10:02:39.879716,0.0,-0.006116207951070374,0.0,-0.10000000000000142,16.25,16.3,16.3,16.35,1930.0,1729.0,7520.0,2996.0,False,False
2890,2022-11-08 10:02:45.530131,0.0,-0.006116207951070374,0.0,-0.10000000000000142,16.25,16.3,16.3,16.35,1930.0,1729.0,7520.0,2996.0,True,True
2890,2022-11-08 10:02:48.999543,0.0,-0.006116207951070374,0.0,-0.10000000000000142,16.25,16.3,16.3,16.35,1930.0,1730.0,7520.0,2996.0,False,False
2890,2022-11-08 10:02:53.574406,0.0,-0.006116207951070374,0.0,-0.10000000000000142,16.25,16.3,16.3,16.35,1931.0,1730.0,7520.0,2996.0,False,False
2890,2022-11-08 10:02:54.986041,0.0,-0.006116207951070374,0.0,-0.10000000000000142,16.25,16.3,16.3,16.35,1932.0,1730.0,7520.0,2996.0,False,False
2890,2022-11-08 10:02:55.025960,0.0,-0.006116207951070374,0.0,-0.10000000000000142,16.25,16.3,16.3,16.35,1831.0,1730.0,7520.0,2996.0,False,False
2890,2022-11-08 10:02:55.066111,0.0,-0.006116207951070374,0.0,-0.10000000000000142,16.25,16.3,16.3,16.35,1933.0,1730.0,7520.0,2996.0,False,False
2890,2022-11-08 10:02:58.413667,0.0,-0.006116207951070374,0.0,-0.10000000000000142,16.25,16.3,16.3,16.35,1933.0,1734.0,7520.0,2996.0,False,False
2890,2022-11-08 10:03:01.081360,0.0,-0.006116207951070374,0.0,-0.10000000000000142,16.25,16.3,16.3,16.35,1933.0,1733.0,7520.0,2996.0,False,False
2890,2022-11-08 10:03:05.598642,0.0,-0.006116207951070374,0.0,-0.10000000000000142,16.25,16.3,16.3,16.35,1933.0,1733.0,7518.0,2996.0,True,True
2890,2022-11-08 10:03:07.533839,0.0,-0.006116207951070374,0.0,-0.10000000000000142,16.25,16.3,16.3,16.35,1933.0,1728.0,7518.0,2996.0,False,False
2890,2022-11-08 10:03:07.537442,0.0,-0.006116207951070374,0.0,-0.10000000000000142,16.25,16.3,16.3,16.35,1933.0,1728.0,7518.0,2996.0,False,False
2890,2022-11-08 10:03:12.712010,0.0,-0.006116207951070374,0.0,-0.10000000000000142,16.25,16.3,16.3,16.35,1933.0,1729.0,7518.0,2996.0,False,False
2890,2022-11-08 10:03:12.848514,0.0,-0.006116207951070374,0.0,-0.10000000000000142,16.25,16.3,16.3,16.35,1933.0,1727.0,7518.0,2996.0,False,False
2890,2022-11-08 10:03:15.657344,0.0,-0.006116207951070374,0.0,-0.10000000000000142,16.25,16.3,16.3,16.35,1933.0,1727.0,7518.0,2996.0,True,True
2890,2022-11-08 10:03:16.509683,0.0,-0.006116207951070374,0.0,-0.10000000000000142,16.25,16.3,16.3,16.35,1933.0,1727.0,7518.0,2996.0,False,False
2890,2022-11-08 10:03:22.512918,0.0,-0.006116207951070374,0.0,-0.10000000000000142,16.25,16.3,16.3,16.35,1933.0,1727.0,7518.0,2996.0,False,False
2890,2022-11-08 10:03:22.546215,0.0,-0.006116207951070374,0.0,-0.10000000000000142,16.25,16.3,16.3,16.35,1933.0,1727.0,7518.0,2996.0,False,False
2890,2022-11-08 10:03:25.699759,0.0,-0.006116207951070374,0.0,-0.10000000000000142,16.25,16.3,16.3,16.35,1933.0,1727.0,7518.0,4994.0,True,True
2890,2022-11-08 10:03:26.993321,0.0,-0.006116207951070374,0.0,-0.10000000000000142,16.25,16.3,16.3,16.35,1933.0,1722.0,7518.0,4994.0,False,False
2890,2022-11-08 10:03:27.058189,0.0,-0.006116207951070374,0.0,-0.10000000000000142,16.25,16.3,16.3,16.35,1933.0,1722.0,7518.0,4994.0,False,False
2890,2022-11-08 10:03:28.282343,0.0,-0.006116207951070374,0.0,-0.10000000000000142,16.25,16.3,16.3,16.35,1933.0,1717.0,7518.0,4994.0,False,False
2890,2022-11-08 10:03:28.433411,0.0,-0.006116207951070374,0.0,-0.10000000000000142,16.25,16.3,16.3,16.35,1933.0,1717.0,7518.0,4994.0,False,False
2890,2022-11-08 10:03:32.538190,0.0,-0.006116207951070374,0.0,-0.10000000000000142,16.25,16.3,16.3,16.35,1933.0,1717.0,7518.0,4994.0,False,False
2890,2022-11-08 10:03:35.105806,0.0,-0.006116207951070374,0.0,-0.10000000000000142,16.25,16.3,16.3,16.35,1933.0,1716.0,7518.0,4994.0,False,False
2890,2022-11-08 10:03:35.147340,0.0,-0.006116207951070374,0.0,-0.10000000000000142,16.25,16.3,16.3,16.35,1932.0,1716.0,7518.0,4994.0,False,False
2890,2022-11-08 10:03:35.736023,0.0,-0.006116207951070374,0.0,-0.10000000000000142,16.25,16.3,16.3,16.35,1932.0,1716.0,7520.0,5993.0,True,True
2890,2022-11-08 10:03:45.767138,0.0,-0.006116207951070374,0.0,-0.10000000000000142,16.25,16.3,16.3,16.35,1932.0,1716.0,7520.0,5993.0,True,True
2890,2022-11-08 10:03:51.367409,0.0,-0.006116207951070374,0.0,-0.10000000000000142,16.25,16.3,16.3,16.35,1932.0,1711.0,7520.0,5993.0,False,False
2890,2022-11-08 10:03:52.469282,0.0,-0.006116207951070374,0.0,-0.10000000000000142,16.25,16.3,16.3,16.35,1931.0,1711.0,7520.0,5993.0,False,False
2890,2022-11-08 10:03:52.482931,0.0,-0.006116207951070374,0.0,-0.10000000000000142,16.25,16.3,16.3,16.35,1931.0,1708.0,7520.0,5993.0,False,False
2890,2022-11-08 10:03:55.365780,0.0,-0.006116207951070374,0.0,-0.10000000000000142,16.25,16.3,16.3,16.35,1931.0,1713.0,7520.0,5993.0,False,False
2890,2022-11-08 10:03:55.796241,0.0,-0.006116207951070374,0.0,-0.10000000000000142,16.25,16.3,16.3,16.35,1931.0,1713.0,7520.0,5993.0,True,True
2890,2022-11-08 10:03:56.226232,0.0,-0.006116207951070374,0.0,-0.10000000000000142,16.25,16.3,16.3,16.35,1931.0,1710.0,7520.0,5993.0,False,False
2890,2022-11-08 10:03:58.165474,0.0,-0.006116207951070374,0.0,-0.10000000000000142,16.25,16.3,16.3,16.35,1937.0,1710.0,7520.0,5993.0,False,False
2890,2022-11-08 10:04:02.105174,0.0,-0.006116207951070374,0.0,-0.10000000000000142,16.25,16.3,16.3,16.35,1920.0,1710.0,7520.0,5993.0,False,False
2890,2022-11-08 10:04:02.141218,0.0,-0.006116207951070374,0.0,-0.10000000000000142,16.25,16.3,16.3,16.35,1920.0,1705.0,7520.0,5993.0,False,False
2890,2022-11-08 10:04:02.141247,0.0,-0.006116207951070374,0.0,-0.10000000000000142,16.25,16.3,16.3,16.35,1928.0,1705.0,7520.0,5993.0,False,False
2890,2022-11-08 10:04:03.768995,0.0,-0.006116207951070374,0.0,-0.10000000000000142,16.25,16.3,16.3,16.35,1927.0,1704.0,7520.0,5993.0,False,False
2890,2022-11-08 10:04:05.251328,0.0,-0.006116207951070374,0.0,-0.10000000000000142,16.25,16.3,16.3,16.35,1927.0,1704.0,7520.0,5993.0,False,True
2890,2022-11-08 10:04:09.118057,0.0,-0.006116207951070374,0.0,-0.10000000000000142,16.25,16.3,16.3,16.35,1927.0,1703.0,7520.0,5993.0,False,False
2890,2022-11-08 10:04:09.956187,0.0,-0.006116207951070374,0.0,-0.10000000000000142,16.25,16.3,16.3,16.35,1927.0,1702.0,7520.0,5993.0,False,False
2890,2022-11-08 10:04:13.921437,0.0,-0.006116207951070374,0.0,-0.10000000000000142,16.25,16.3,16.3,16.35,2014.0,1702.0,7520.0,5993.0,False,False
2890,2022-11-08 10:04:13.954850,0.0,-0.006116207951070374,0.0,-0.10000000000000142,16.25,16.3,16.3,16.35,1912.0,1702.0,7520.0,5993.0,False,False
2890,2022-11-08 10:04:13.986863,0.0,-0.006116207951070374,0.0,-0.10000000000000142,16.25,16.3,16.3,16.35,2017.0,1702.0,7520.0,5993.0,False,False
2890,2022-11-08 10:04:15.695994,0.0,-0.006116207951070374,0.0,-0.10000000000000142,16.25,16.3,16.3,16.35,2017.0,1704.0,7520.0,5993.0,False,False
2890,2022-11-08 10:04:21.881436,0.0,-0.006116207951070374,0.0,-0.10000000000000142,16.25,16.3,16.3,16.35,2017.0,1704.0,7520.0,5993.0,False,False
2890,2022-11-08 10:04:25.958652,0.0,-0.006116207951070374,0.0,-0.10000000000000142,16.25,16.3,16.3,16.35,2017.0,1703.0,7520.0,5993.0,False,False
2890,2022-11-08 10:04:28.113961,0.0,-0.006116207951070374,0.0,-0.10000000000000142,16.25,16.3,16.3,16.35,2019.0,1703.0,7520.0,5993.0,False,False
2890,2022-11-08 10:04:28.378836,0.0,-0.006116207951070374,0.0,-0.10000000000000142,16.25,16.3,16.3,16.35,2019.0,1698.0,7520.0,5993.0,False,False
2890,2022-11-08 10:04:35.408123,0.0,-0.006116207951070374,0.0,-0.10000000000000142,16.25,16.3,16.3,16.35,2019.0,1698.0,7120.0,5993.0,True,True
2890,2022-11-08 10:04:36.619094,0.0,-0.006116207951070374,0.0,-0.10000000000000142,16.25,16.3,16.3,16.35,2019.0,1693.0,7120.0,5993.0,False,False
2890,2022-11-08 10:04:41.134119,0.0,-0.006116207951070374,0.0,-0.10000000000000142,16.25,16.3,16.3,16.35,2019.0,1693.0,7120.0,5993.0,False,False
2890,2022-11-08 10:04:43.145619,0.0,-0.006116207951070374,0.0,-0.10000000000000142,16.25,16.3,16.3,16.35,2019.0,1692.0,7120.0,5993.0,False,False
2890,2022-11-08 10:04:45.439204,0.0,-0.006116207951070374,0.0,-0.10000000000000142,16.25,16.3,16.3,16.35,2019.0,1692.0,7110.0,5993.0,True,True
2890,2022-11-08 10:04:52.304245,0.0,-0.006116207951070374,0.0,-0.10000000000000142,16.25,16.3,16.3,16.35,2018.0,1692.0,7110.0,5993.0,False,False
2890,2022-11-08 10:04:53.172121,0.0,-0.006116207951070374,0.0,-0.10000000000000142,16.25,16.3,16.3,16.35,2018.0,1687.0,7110.0,5993.0,False,False
2890,2022-11-08 10:04:54.676609,0.0,-0.006116207951070374,0.0,-0.10000000000000142,16.25,16.3,16.3,16.35,2018.0,1682.0,7110.0,5993.0,False,False
2890,2022-11-08 10:04:54.948702,0.0,-0.006116207951070374,0.0,-0.10000000000000142,16.25,16.3,16.3,16.35,2016.0,1682.0,7110.0,5993.0,False,False
2890,2022-11-08 10:04:54.949044,0.0,-0.006116207951070374,0.0,-0.10000000000000142,16.25,16.3,16.3,16.35,2014.0,1682.0,7110.0,5993.0,False,False
2890,2022-11-08 10:04:55.050714,0.0,-0.006116207951070374,0.0,-0.10000000000000142,16.25,16.3,16.3,16.35,2018.0,1678.0,7110.0,5993.0,False,False
2890,2022-11-08 10:04:55.032363,0.0,-0.006116207951070374,0.0,-0.10000000000000142,16.25,16.3,16.3,16.35,2018.0,1682.0,7110.0,5993.0,False,False
2890,2022-11-08 10:04:55.695161,0.0,-0.006116207951070374,0.0,-0.10000000000000142,16.25,16.3,16.3,16.35,2018.0,1671.0,7110.0,5993.0,False,False
2890,2022-11-08 10:04:55.474531,0.0,-0.006116207951070374,0.0,-0.10000000000000142,16.25,16.3,16.3,16.35,2018.0,1671.0,7110.0,5543.0,True,True
2890,2022-11-08 10:05:05.512808,0.0,-0.006116207951070374,0.0,-0.10000000000000142,16.25,16.3,16.3,16.35,2018.0,1671.0,7110.0,5523.0,True,True
2890,2022-11-08 10:05:07.780876,0.0,-0.006116207951070374,0.0,-0.10000000000000142,16.25,16.3,16.3,16.35,2018.0,1670.0,7110.0,5523.0,False,False
2890,2022-11-08 10:05:08.369481,0.0,-0.006116207951070374,0.0,-0.10000000000000142,16.25,16.3,16.3,16.35,2018.0,1670.0,7110.0,5523.0,False,False
2890,2022-11-08 10:05:11.110116,0.0,-0.006116207951070374,0.0,-0.10000000000000142,16.25,16.3,16.3,16.35,2018.0,1676.0,7110.0,5523.0,False,False
2890,2022-11-08 10:05:11.293231,0.0,-0.006116207951070374,0.0,-0.10000000000000142,16.25,16.3,16.3,16.35,2017.0,1676.0,7110.0,5523.0,False,False
2890,2022-11-08 10:05:11.295120,0.0,-0.006116207951070374,0.0,-0.10000000000000142,16.25,16.3,16.3,16.35,2016.0,1676.0,7110.0,5523.0,False,False
2890,2022-11-08 10:05:15.577962,0.0,-0.006116207951070374,0.0,-0.10000000000000142,16.25,16.3,16.3,16.35,2016.0,1676.0,7110.0,5463.0,True,True
2890,2022-11-08 10:05:18.091446,0.0,-0.006116207951070374,0.0,-0.10000000000000142,16.25,16.3,16.3,16.35,2016.0,1675.0,7110.0,5463.0,False,False
2890,2022-11-08 10:05:18.407053,0.0,-0.006116207951070374,0.0,-0.10000000000000142,16.25,16.3,16.3,16.35,2016.0,1674.0,7110.0,5463.0,False,False
2890,2022-11-08 10:05:20.010732,0.0,-0.006116207951070374,0.0,-0.10000000000000142,16.25,16.3,16.3,16.35,2016.0,1672.0,7110.0,5463.0,False,False
2890,2022-11-08 10:05:20.133823,0.0,-0.006116207951070374,0.0,-0.10000000000000142,16.25,16.3,16.3,16.35,2015.0,1672.0,7110.0,5463.0,False,False
2890,2022-11-08 10:05:21.692702,0.0,-0.006116207951070374,0.0,-0.10000000000000142,16.25,16.3,16.3,16.35,2015.0,1667.0,7110.0,5463.0,False,False
2890,2022-11-08 10:05:25.675792,0.0,-0.006116207951070374,0.0,-0.10000000000000142,16.25,16.3,16.3,16.35,2015.0,1667.0,7571.0,5463.0,True,True
2890,2022-11-08 10:05:28.376313,0.0,-0.006116207951070374,0.0,-0.10000000000000142,16.25,16.3,16.3,16.35,2015.0,1667.0,7571.0,5463.0,False,False
2890,2022-11-08 10:05:29.063308,0.0,-0.006116207951070374,0.0,-0.10000000000000142,16.25,16.3,16.3,16.35,2015.0,1668.0,7571.0,5463.0,False,False
2890,2022-11-08 10:05:33.700119,0.0,-0.006116207951070374,0.0,-0.10000000000000142,16.25,16.3,16.3,16.35,2015.0,1671.0,7571.0,5463.0,False,False
2890,2022-11-08 10:05:35.747543,0.0,-0.006116207951070374,0.0,-0.10000000000000142,16.25,16.3,16.3,16.35,2015.0,1671.0,7581.0,5463.0,True,True
2890,2022-11-08 10:05:36.088121,0.0,-0.006116207951070374,0.0,-0.10000000000000142,16.25,16.3,16.3,16.35,2015.0,1670.0,7581.0,5463.0,False,False
2890,2022-11-08 10:05:41.798419,0.0,-0.006116207951070374,0.0,-0.10000000000000142,16.25,16.3,16.3,16.35,2015.0,1670.0,7581.0,5463.0,False,False
2890,2022-11-08 10:05:47.190071,0.0,-0.006116207951070374,0.0,-0.10000000000000142,16.25,16.3,16.3,16.35,2015.0,1670.0,7581.0,5463.0,False,False
2890,2022-11-08 10:05:48.612108,0.0,-0.006116207951070374,0.0,-0.10000000000000142,16.25,16.3,16.3,16.35,2019.0,1670.0,7581.0,5463.0,False,False
2890,2022-11-08 10:05:51.979936,0.0,-0.006116207951070374,0.0,-0.10000000000000142,16.25,16.3,16.3,16.35,2019.0,1669.0,7581.0,5463.0,False,False
2890,2022-11-08 10:05:54.236742,0.0,-0.006116207951070374,0.0,-0.10000000000000142,16.25,16.3,16.3,16.35,2018.0,1669.0,7581.0,5463.0,False,False
2890,2022-11-08 10:05:56.383756,0.0,-0.006116207951070374,0.0,-0.10000000000000142,16.25,16.3,16.3,16.35,2018.0,1669.0,7581.0,5463.0,False,False
2890,2022-11-08 10:06:00.824048,0.0,-0.006116207951070374,0.0,-0.10000000000000142,16.25,16.3,16.3,16.35,1931.0,1669.0,7581.0,5463.0,False,False
2890,2022-11-08 10:06:00.862975,0.0,-0.006116207951070374,0.0,-0.10000000000000142,16.25,16.3,16.3,16.35,1927.0,1669.0,7581.0,5463.0,False,False
2890,2022-11-08 10:06:01.546934,0.0,-0.006116207951070374,0.0,-0.10000000000000142,16.25,16.3,16.3,16.35,1927.0,1676.0,7581.0,5463.0,False,False
2890,2022-11-08 10:06:01.706393,0.0,-0.006116207951070374,0.0,-0.10000000000000142,16.25,16.3,16.3,16.35,1927.0,1595.0,7581.0,5463.0,False,False
2890,2022-11-08 10:06:01.879476,0.0,-0.006116207951070374,0.0,-0.10000000000000142,16.25,16.3,16.3,16.35,1927.0,1584.0,7581.0,5463.0,False,False
2890,2022-11-08 10:06:02.016569,0.0,-0.006116207951070374,0.0,-0.10000000000000142,16.25,16.3,16.3,16.35,1927.0,1578.0,7581.0,5463.0,False,False
2890,2022-11-08 10:06:03.183179,0.0,-0.006116207951070374,0.0,-0.10000000000000142,16.25,16.3,16.3,16.35,1925.0,1578.0,7581.0,5463.0,False,False
2890,2022-11-08 10:06:03.273996,0.0,-0.006116207951070374,0.0,-0.10000000000000142,16.25,16.3,16.3,16.35,1925.0,1571.0,7581.0,5463.0,False,False
2890,2022-11-08 10:06:04.810163,0.0,-0.006116207951070374,0.0,-0.10000000000000142,16.25,16.3,16.3,16.35,1936.0,1571.0,7581.0,5463.0,False,False
2890,2022-11-08 10:06:05.069310,0.0,-0.006116207951070374,0.0,-0.10000000000000142,16.25,16.3,16.3,16.35,2023.0,1571.0,7581.0,5463.0,False,False
2890,2022-11-08 10:06:05.899790,0.0,-0.006116207951070374,0.0,-0.10000000000000142,16.25,16.3,16.3,16.35,2023.0,1571.0,7581.0,5465.0,True,True
2890,2022-11-08 10:06:06.044090,0.0,-0.006116207951070374,0.0,-0.10000000000000142,16.25,16.3,16.3,16.35,2023.0,1570.0,7581.0,5465.0,False,False
2890,2022-11-08 10:06:06.094179,0.0,-0.006116207951070374,0.0,-0.10000000000000142,16.25,16.3,16.3,16.35,2023.0,1572.0,7581.0,5465.0,False,False
2890,2022-11-08 10:06:06.854738,0.0,-0.006116207951070374,0.0,-0.10000000000000142,16.25,16.3,16.3,16.35,2023.0,1567.0,7581.0,5465.0,False,False
2890,2022-11-08 10:06:10.136291,0.0,-0.006116207951070374,0.0,-0.10000000000000142,16.25,16.3,16.3,16.35,2022.0,1567.0,7581.0,5465.0,False,False
2890,2022-11-08 10:06:10.142225,0.0,-0.006116207951070374,0.0,-0.10000000000000142,16.25,16.3,16.3,16.35,2022.0,1573.0,7581.0,5465.0,False,False
2890,2022-11-08 10:06:10.208584,0.0,-0.006116207951070374,0.0,-0.10000000000000142,16.25,16.3,16.3,16.35,2022.0,1573.0,7581.0,5465.0,False,False
2890,2022-11-08 10:06:10.287523,0.0,-0.006116207951070374,0.0,-0.10000000000000142,16.25,16.3,16.3,16.35,2022.0,1578.0,7581.0,5465.0,False,False
2890,2022-11-08 10:06:14.837504,0.0,-0.006116207951070374,0.0,-0.10000000000000142,16.25,16.3,16.3,16.35,2022.0,1577.0,7581.0,5465.0,False,False
2890,2022-11-08 10:06:14.840350,0.0,-0.006116207951070374,0.0,-0.10000000000000142,16.25,16.3,16.3,16.35,2022.0,1576.0,7581.0,5465.0,False,False
2890,2022-11-08 10:06:16.273856,0.0,-0.006116207951070374,0.0,-0.10000000000000142,16.25,16.3,16.3,16.35,2022.0,1576.0,7581.0,5465.0,False,False
2890,2022-11-08 10:06:17.330484,0.0,-0.006116207951070374,0.0,-0.10000000000000142,16.25,16.3,16.3,16.35,2022.0,1581.0,7581.0,5465.0,False,False
2890,2022-11-08 10:06:21.739092,0.0,-0.006116207951070374,0.0,-0.10000000000000142,16.25,16.3,16.3,16.35,1991.0,1581.0,7581.0,5465.0,False,False
2890,2022-11-08 10:06:21.975946,0.0,-0.006116207951070374,0.0,-0.10000000000000142,16.25,16.3,16.3,16.35,1991.0,1576.0,7581.0,5465.0,False,False
2890,2022-11-08 10:06:22.010281,0.0,-0.006116207951070374,0.0,-0.10000000000000142,16.25,16.3,16.3,16.35,1991.0,1574.0,7581.0,5465.0,False,False
2890,2022-11-08 10:06:22.164241,0.0,-0.006116207951070374,0.0,-0.10000000000000142,16.25,16.3,16.3,16.35,1991.0,1574.0,7581.0,5465.0,False,False
2890,2022-11-08 10:06:24.518815,0.0,-0.006116207951070374,0.0,-0.10000000000000142,16.25,16.3,16.3,16.35,1991.0,1575.0,7581.0,5465.0,False,False
2890,2022-11-08 10:06:24.788858,0.0,-0.006116207951070374,0.0,-0.10000000000000142,16.25,16.3,16.3,16.35,1989.0,1575.0,7581.0,5465.0,False,False
2890,2022-11-08 10:06:25.966307,0.0,-0.006116207951070374,0.0,-0.10000000000000142,16.25,16.3,16.3,16.35,1989.0,1574.0,7581.0,5465.0,False,False
2890,2022-11-08 10:06:28.432990,0.0,-0.006116207951070374,0.0,-0.10000000000000142,16.25,16.3,16.3,16.35,1994.0,1574.0,7581.0,5465.0,False,False
2890,2022-11-08 10:06:29.519605,0.0,-0.006116207951070374,0.0,-0.10000000000000142,16.25,16.3,16.3,16.35,1994.0,1573.0,7581.0,5465.0,False,False
2890,2022-11-08 10:06:29.521505,0.0,-0.006116207951070374,0.0,-0.10000000000000142,16.25,16.3,16.3,16.35,1993.0,1573.0,7581.0,5465.0,False,False
2890,2022-11-08 10:06:31.133743,0.0,-0.006116207951070374,0.0,-0.10000000000000142,16.25,16.3,16.3,16.35,1993.0,1568.0,7581.0,5465.0,False,False
2890,2022-11-08 10:06:31.178174,0.0,-0.006116207951070374,0.0,-0.10000000000000142,16.25,16.3,16.3,16.35,1888.0,1568.0,7581.0,5465.0,False,False
2890,2022-11-08 10:06:31.221933,0.0,-0.006116207951070374,0.0,-0.10000000000000142,16.25,16.3,16.3,16.35,2001.0,1568.0,7581.0,5465.0,False,False
2890,2022-11-08 10:06:33.544581,0.0,-0.006116207951070374,0.0,-0.10000000000000142,16.25,16.3,16.3,16.35,2001.0,1569.0,7581.0,5465.0,False,False
2890,2022-11-08 10:06:36.030568,0.0,-0.006116207951070374,0.0,-0.10000000000000142,16.25,16.3,16.3,16.35,2001.0,1569.0,7581.0,5565.0,True,True
2890,2022-11-08 10:06:40.086431,0.0,-0.006116207951070374,0.0,-0.10000000000000142,16.25,16.3,16.3,16.35,2006.0,1569.0,7581.0,5565.0,False,False
2890,2022-11-08 10:06:46.065981,0.0,-0.006116207951070374,0.0,-0.10000000000000142,16.25,16.3,16.3,16.35,2006.0,1569.0,7581.0,5365.0,True,True
2890,2022-11-08 10:06:46.082482,0.0,-0.006116207951070374,0.0,-0.10000000000000142,16.25,16.3,16.3,16.35,2006.0,1569.0,7581.0,5365.0,False,False
2890,2022-11-08 10:06:48.207209,0.0,-0.006116207951070374,0.0,-0.10000000000000142,16.25,16.3,16.3,16.35,2006.0,1564.0,7581.0,5365.0,False,False
2890,2022-11-08 10:06:51.270336,0.0,-0.006116207951070374,0.0,-0.10000000000000142,16.25,16.3,16.3,16.35,2006.0,1559.0,7581.0,5365.0,False,False
2890,2022-11-08 10:06:59.729540,0.0,-0.006116207951070374,0.0,-0.10000000000000142,16.25,16.3,16.3,16.35,2008.0,1559.0,7581.0,5365.0,False,False
2890,2022-11-08 10:06:59.958587,0.0,-0.006116207951070374,0.0,-0.10000000000000142,16.25,16.3,16.3,16.35,2008.0,1558.0,7581.0,5365.0,False,False
2890,2022-11-08 10:07:01.377062,0.0,-0.006116207951070374,0.0,-0.10000000000000142,16.25,16.3,16.3,16.35,1895.0,1558.0,7581.0,5365.0,False,False
2890,2022-11-08 10:07:01.416594,0.0,-0.006116207951070374,0.0,-0.10000000000000142,16.25,16.3,16.3,16.35,2012.0,1558.0,7581.0,5365.0,False,False
2890,2022-11-08 10:07:02.095300,0.0,-0.006116207951070374,0.0,-0.10000000000000142,16.25,16.3,16.3,16.35,2012.0,1558.0,7581.0,5365.0,False,False
2890,2022-11-08 10:07:04.215141,0.0,-0.006116207951070374,0.0,-0.10000000000000142,16.25,16.3,16.3,16.35,2012.0,1554.0,7581.0,5365.0,False,False
2890,2022-11-08 10:07:05.384254,0.0,-0.006116207951070374,0.0,-0.10000000000000142,16.25,16.3,16.3,16.35,2012.0,1554.0,7581.0,5475.0,False,True
2890,2022-11-08 10:07:06.211721,0.0,-0.006116207951070374,0.0,-0.10000000000000142,16.25,16.3,16.3,16.35,2014.0,1554.0,7581.0,5475.0,False,False
2890,2022-11-08 10:07:06.472435,0.0,-0.006116207951070374,0.0,-0.10000000000000142,16.25,16.3,16.3,16.35,2021.0,1554.0,7581.0,5475.0,False,False
2890,2022-11-08 10:07:07.763245,0.0,-0.006116207951070374,0.0,-0.10000000000000142,16.25,16.3,16.3,16.35,2021.0,1560.0,7581.0,5475.0,False,False
2890,2022-11-08 10:07:11.659281,0.0,-0.006116207951070374,0.0,-0.10000000000000142,16.25,16.3,16.3,16.35,2022.0,1560.0,7581.0,5475.0,False,False
2890,2022-11-08 10:07:14.025795,0.0,-0.006116207951070374,0.0,-0.10000000000000142,16.25,16.3,16.3,16.35,2021.0,1560.0,7581.0,5475.0,False,False
2890,2022-11-08 10:07:14.360226,0.0,-0.006116207951070374,0.0,-0.10000000000000142,16.25,16.3,16.3,16.35,2021.0,1559.0,7581.0,5475.0,False,False
2890,2022-11-08 10:07:15.423488,0.0,-0.006116207951070374,0.0,-0.10000000000000142,16.25,16.3,16.3,16.35,2021.0,1559.0,6910.0,5475.0,True,True
2890,2022-11-08 10:07:17.781495,0.0,-0.006116207951070374,0.0,-0.10000000000000142,16.25,16.3,16.3,16.35,2022.0,1559.0,6910.0,5475.0,False,False
2890,2022-11-08 10:07:19.396980,0.0,-0.006116207951070374,0.0,-0.10000000000000142,16.25,16.3,16.3,16.35,2022.0,1560.0,6910.0,5475.0,False,False
2890,2022-11-08 10:07:21.922928,0.0,-0.006116207951070374,0.0,-0.10000000000000142,16.25,16.3,16.3,16.35,2022.0,1560.0,6910.0,5475.0,False,False
2890,2022-11-08 10:07:24.038477,0.0,-0.006116207951070374,0.0,-0.10000000000000142,16.25,16.3,16.3,16.35,2024.0,1560.0,6910.0,5475.0,False,False
2890,2022-11-08 10:07:25.088746,0.0,-0.006116207951070374,0.0,-0.10000000000000142,16.25,16.3,16.3,16.35,2024.0,1559.0,6910.0,5475.0,False,False
2890,2022-11-08 10:07:25.462586,0.0,-0.006116207951070374,0.0,-0.10000000000000142,16.25,16.3,16.3,16.35,2024.0,1559.0,6920.0,5475.0,True,True
2890,2022-11-08 10:07:26.657811,0.0,-0.006116207951070374,0.0,-0.10000000000000142,16.25,16.3,16.3,16.35,2024.0,1559.0,6920.0,5475.0,False,False
2890,2022-11-08 10:07:32.361675,0.0,-0.006116207951070374,0.0,-0.10000000000000142,16.25,16.3,16.3,16.35,1907.0,1559.0,6920.0,5475.0,False,False
2890,2022-11-08 10:07:32.397164,0.0,-0.006116207951070374,0.0,-0.10000000000000142,16.25,16.3,16.3,16.35,2025.0,1559.0,6920.0,5475.0,False,False
2890,2022-11-08 10:07:33.843453,0.0,-0.006116207951070374,0.0,-0.10000000000000142,16.25,16.3,16.3,16.35,2025.0,1559.0,6920.0,5475.0,False,False
2890,2022-11-08 10:07:33.933532,0.0,-0.006116207951070374,0.0,-0.10000000000000142,16.25,16.3,16.3,16.35,2025.0,1558.0,6920.0,5475.0,False,False
2890,2022-11-08 10:07:35.183602,0.0,-0.006116207951070374,0.0,-0.10000000000000142,16.25,16.3,16.3,16.35,2025.0,1558.0,6920.0,5475.0,False,False
2890,2022-11-08 10:07:35.506815,0.0,-0.006116207951070374,0.0,-0.10000000000000142,16.25,16.3,16.3,16.35,2025.0,1558.0,6870.0,5475.0,True,True
2890,2022-11-08 10:07:36.042463,0.0,-0.006116207951070374,0.0,-0.10000000000000142,16.25,16.3,16.3,16.35,2025.0,1558.0,6870.0,5475.0,False,False
2890,2022-11-08 10:07:36.090731,0.0,-0.006116207951070374,0.0,-0.10000000000000142,16.25,16.3,16.3,16.35,2024.0,1558.0,6870.0,5475.0,False,False
2890,2022-11-08 10:07:36.230334,0.0,-0.006116207951070374,0.0,-0.10000000000000142,16.25,16.3,16.3,16.35,2024.0,1554.0,6870.0,5475.0,False,False
2890,2022-11-08 10:07:37.342342,0.0,-0.006116207951070374,0.0,-0.10000000000000142,16.25,16.3,16.3,16.35,2024.0,1549.0,6870.0,5475.0,False,False
2890,2022-11-08 10:07:38.209038,0.0,-0.006116207951070374,0.0,-0.10000000000000142,16.25,16.3,16.3,16.35,2027.0,1549.0,6870.0,5475.0,False,False
2890,2022-11-08 10:07:40.867242,0.0,-0.006116207951070374,0.0,-0.10000000000000142,16.25,16.3,16.3,16.35,2024.0,1549.0,6870.0,5475.0,False,False
2890,2022-11-08 10:07:40.970921,0.0,-0.006116207951070374,0.0,-0.10000000000000142,16.25,16.3,16.3,16.35,2024.0,1549.0,6870.0,5475.0,False,False
2890,2022-11-08 10:07:52.172292,0.0,-0.006116207951070374,0.0,-0.10000000000000142,16.25,16.3,16.3,16.35,2024.0,1549.0,6870.0,5475.0,False,False
2890,2022-11-08 10:08:00.221672,0.0,-0.006116207951070374,0.0,-0.10000000000000142,16.25,16.3,16.3,16.35,2024.0,1549.0,6870.0,5475.0,False,False
2890,2022-11-08 10:08:05.643768,0.0,-0.006116207951070374,0.0,-0.10000000000000142,16.25,16.3,16.3,16.35,2024.0,1549.0,7170.0,5475.0,True,True
2890,2022-11-08 10:08:07.911484,0.0,-0.006116207951070374,0.0,-0.10000000000000142,16.25,16.3,16.3,16.35,2024.0,1548.0,7170.0,5475.0,False,False
2890,2022-11-08 10:08:08.561848,0.0,-0.006116207951070374,0.0,-0.10000000000000142,16.25,16.3,16.3,16.35,2024.0,1548.0,7170.0,5475.0,False,False
2890,2022-11-08 10:08:13.588550,0.0,-0.006116207951070374,0.0,-0.10000000000000142,16.25,16.3,16.3,16.35,2024.0,1548.0,7170.0,5475.0,False,False
2890,2022-11-08 10:08:16.980371,0.0,-0.006116207951070374,0.0,-0.10000000000000142,16.25,16.3,16.3,16.35,2024.0,1548.0,7170.0,5475.0,False,False
2890,2022-11-08 10:08:19.059278,0.0,-0.006116207951070374,0.0,-0.10000000000000142,16.25,16.3,16.3,16.35,2024.0,1547.0,7170.0,5475.0,False,False
2890,2022-11-08 10:08:19.798351,0.0,-0.006116207951070374,0.0,-0.10000000000000142,16.25,16.3,16.3,16.35,2024.0,1539.0,7170.0,5475.0,False,False
2890,2022-11-08 10:08:22.334487,0.0,-0.006116207951070374,0.0,-0.10000000000000142,16.25,16.3,16.3,16.35,2024.0,1534.0,7170.0,5475.0,False,False
2890,2022-11-08 10:08:30.212013,0.0,-0.006116207951070374,0.0,-0.10000000000000142,16.25,16.3,16.3,16.35,2024.0,1530.0,7170.0,5475.0,False,False
2890,2022-11-08 10:08:30.717832,0.0,-0.006116207951070374,0.0,-0.10000000000000142,16.25,16.3,16.3,16.35,2027.0,1530.0,7170.0,5475.0,False,False
2890,2022-11-08 10:08:34.057834,0.0,-0.006116207951070374,0.0,-0.10000000000000142,16.25,16.3,16.3,16.35,1940.0,1530.0,7170.0,5475.0,False,False
2890,2022-11-08 10:08:34.081824,0.0,-0.006116207951070374,0.0,-0.10000000000000142,16.25,16.3,16.3,16.35,1936.0,1530.0,7170.0,5475.0,False,False
2890,2022-11-08 10:08:35.088097,0.0,-0.006116207951070374,0.0,-0.10000000000000142,16.25,16.3,16.3,16.35,1936.0,1580.0,7170.0,5475.0,False,False
2890,2022-11-08 10:08:35.768257,0.0,-0.006116207951070374,0.0,-0.10000000000000142,16.25,16.3,16.3,16.35,1936.0,1580.0,7170.0,5476.0,True,True
2890,2022-11-08 10:08:38.285828,0.0,-0.006116207951070374,0.0,-0.10000000000000142,16.25,16.3,16.3,16.35,1936.0,1580.0,7170.0,5476.0,False,False
2890,2022-11-08 10:08:42.907401,0.0,-0.006116207951070374,0.0,-0.10000000000000142,16.25,16.3,16.3,16.35,1936.0,1579.0,7170.0,5476.0,False,False
2890,2022-11-08 10:08:43.693320,0.0,-0.006116207951070374,0.0,-0.10000000000000142,16.25,16.3,16.3,16.35,1936.0,1581.0,7170.0,5476.0,False,False
2890,2022-11-08 10:08:45.819679,0.0,-0.006116207951070374,0.0,-0.10000000000000142,16.25,16.3,16.3,16.35,1936.0,1581.0,7170.0,5476.0,True,True
2890,2022-11-08 10:08:49.214837,0.0,-0.006116207951070374,0.0,-0.10000000000000142,16.25,16.3,16.3,16.35,1946.0,1581.0,7170.0,5476.0,False,False
2890,2022-11-08 10:08:51.025973,0.0,-0.006116207951070374,0.0,-0.10000000000000142,16.25,16.3,16.3,16.35,1946.0,1586.0,7170.0,5476.0,False,False
2890,2022-11-08 10:08:59.627359,0.0,-0.006116207951070374,0.0,-0.10000000000000142,16.25,16.3,16.3,16.35,1946.0,1586.0,7170.0,5476.0,False,False
2890,2022-11-08 10:09:04.316721,0.0,-0.006116207951070374,0.0,-0.10000000000000142,16.25,16.3,16.3,16.35,1832.0,1586.0,7170.0,5476.0,False,False
2890,2022-11-08 10:09:04.351332,0.0,-0.006116207951070374,0.0,-0.10000000000000142,16.25,16.3,16.3,16.35,1947.0,1586.0,7170.0,5476.0,False,False
2890,2022-11-08 10:09:05.891195,0.0,-0.006116207951070374,0.0,-0.10000000000000142,16.25,16.3,16.3,16.35,1947.0,1586.0,6868.0,5476.0,True,True
2890,2022-11-08 10:09:09.184197,0.0,-0.006116207951070374,0.0,-0.10000000000000142,16.25,16.3,16.3,16.35,1947.0,1581.0,6868.0,5476.0,False,False
2890,2022-11-08 10:09:11.040764,0.0,-0.006116207951070374,0.0,-0.10000000000000142,16.25,16.3,16.3,16.35,1946.0,1581.0,6868.0,5476.0,False,False
2890,2022-11-08 10:09:14.071781,0.0,-0.006116207951070374,0.0,-0.10000000000000142,16.25,16.3,16.3,16.35,1946.0,1579.0,6868.0,5476.0,False,False
2890,2022-11-08 10:09:14.661509,0.0,-0.006116207951070374,0.0,-0.10000000000000142,16.25,16.3,16.3,16.35,1948.0,1579.0,6868.0,5476.0,False,False
2890,2022-11-08 10:09:16.876892,0.0,-0.006116207951070374,0.0,-0.10000000000000142,16.25,16.3,16.3,16.35,1948.0,1578.0,6868.0,5476.0,False,False
2890,2022-11-08 10:09:21.199733,0.0,-0.006116207951070374,0.0,-0.10000000000000142,16.25,16.3,16.3,16.35,1948.0,1558.0,6868.0,5476.0,False,False
2890,2022-11-08 10:09:22.501253,0.0,-0.006116207951070374,0.0,-0.10000000000000142,16.25,16.3,16.3,16.35,1948.0,1558.0,6868.0,5476.0,False,False
2890,2022-11-08 10:09:22.537075,0.0,-0.006116207951070374,0.0,-0.10000000000000142,16.25,16.3,16.3,16.35,1948.0,1553.0,6868.0,5476.0,False,False
2890,2022-11-08 10:09:22.718780,0.0,-0.006116207951070374,0.0,-0.10000000000000142,16.25,16.3,16.3,16.35,1948.0,1547.0,6868.0,5476.0,False,False
2890,2022-11-08 10:09:24.376619,0.0,-0.006116207951070374,0.0,-0.10000000000000142,16.25,16.3,16.3,16.35,1948.0,1546.0,6868.0,5476.0,False,False
2890,2022-11-08 10:09:25.971091,0.0,-0.006116207951070374,0.0,-0.10000000000000142,16.25,16.3,16.3,16.35,1948.0,1546.0,6887.0,5476.0,True,True
2890,2022-11-08 10:09:29.352877,0.0,-0.006116207951070374,0.0,-0.10000000000000142,16.25,16.3,16.3,16.35,1948.0,1541.0,6887.0,5476.0,False,False
2890,2022-11-08 10:09:34.027319,0.0,-0.006116207951070374,0.0,-0.10000000000000142,16.25,16.3,16.3,16.35,1948.0,1536.0,6887.0,5476.0,False,False
2890,2022-11-08 10:09:35.301878,0.0,-0.006116207951070374,0.0,-0.10000000000000142,16.25,16.3,16.3,16.35,1833.0,1536.0,6887.0,5476.0,False,False
2890,2022-11-08 10:09:35.331939,0.0,-0.006116207951070374,0.0,-0.10000000000000142,16.25,16.3,16.3,16.35,1952.0,1536.0,6887.0,5476.0,False,False
2890,2022-11-08 10:09:36.009209,0.0,-0.006116207951070374,0.0,-0.10000000000000142,16.25,16.3,16.3,16.35,1952.0,1536.0,7187.0,5626.0,True,True
2890,2022-11-08 10:09:37.038672,0.0,-0.006116207951070374,0.0,-0.10000000000000142,16.25,16.3,16.3,16.35,1958.0,1536.0,7187.0,5626.0,False,False
2890,2022-11-08 10:09:38.650772,0.0,-0.006116207951070374,0.0,-0.10000000000000142,16.25,16.3,16.3,16.35,1958.0,1536.0,7187.0,5626.0,False,False
2890,2022-11-08 10:09:44.884575,0.0,-0.006116207951070374,0.0,-0.10000000000000142,16.25,16.3,16.3,16.35,1957.0,1536.0,7187.0,5626.0,False,False
2890,2022-11-08 10:09:45.178826,0.0,-0.006116207951070374,0.0,-0.10000000000000142,16.25,16.3,16.3,16.35,1962.0,1536.0,7187.0,5626.0,False,False
2890,2022-11-08 10:09:46.478811,0.0,-0.006116207951070374,0.0,-0.10000000000000142,16.25,16.3,16.3,16.35,1963.0,1536.0,7187.0,5626.0,False,False
2890,2022-11-08 10:09:48.337355,0.0,-0.006116207951070374,0.0,-0.10000000000000142,16.25,16.3,16.3,16.35,1963.0,1533.0,7187.0,5626.0,False,False
2890,2022-11-08 10:09:50.857293,0.0,-0.006116207951070374,0.0,-0.10000000000000142,16.25,16.3,16.3,16.35,1963.0,1532.0,7187.0,5626.0,False,False
2890,2022-11-08 10:09:54.537031,0.0,-0.006116207951070374,0.0,-0.10000000000000142,16.25,16.3,16.3,16.35,1963.0,1532.0,7187.0,5626.0,False,False
2890,2022-11-08 10:09:54.540200,0.0,-0.006116207951070374,0.0,-0.10000000000000142,16.25,16.3,16.3,16.35,1963.0,1527.0,7187.0,5626.0,False,False
2890,2022-11-08 10:09:56.099144,0.0,-0.006116207951070374,0.0,-0.10000000000000142,16.25,16.3,16.3,16.35,1963.0,1527.0,7187.0,5626.0,True,True
2890,2022-11-08 10:09:56.978420,0.0,-0.006116207951070374,0.0,-0.10000000000000142,16.25,16.3,16.3,16.35,1963.0,1528.0,7187.0,5626.0,False,False
2890,2022-11-08 10:09:57.787008,0.0,-0.006116207951070374,0.0,-0.10000000000000142,16.25,16.3,16.3,16.35,1963.0,1532.0,7187.0,5626.0,False,False
2890,2022-11-08 10:09:57.897183,0.0,-0.006116207951070374,0.0,-0.10000000000000142,16.25,16.3,16.3,16.35,1963.0,1533.0,7187.0,5626.0,False,False
2890,2022-11-08 10:10:00.930497,0.0,-0.006116207951070374,0.0,-0.10000000000000142,16.25,16.3,16.3,16.35,1963.0,1529.0,7187.0,5626.0,False,False
2890,2022-11-08 10:10:00.930615,0.0,-0.006116207951070374,0.0,-0.10000000000000142,16.25,16.3,16.3,16.35,1963.0,1528.0,7187.0,5626.0,False,False
2890,2022-11-08 10:10:05.542675,0.0,-0.006116207951070374,0.0,-0.10000000000000142,16.25,16.3,16.3,16.35,1963.0,1528.0,7187.0,5626.0,False,True
2890,2022-11-08 10:10:09.616751,0.0,-0.006116207951070374,0.0,-0.10000000000000142,16.25,16.3,16.3,16.35,1963.0,1528.0,7187.0,5626.0,False,False
2890,2022-11-08 10:10:10.283521,0.0,-0.006116207951070374,0.0,-0.10000000000000142,16.25,16.3,16.3,16.35,1963.0,1528.0,7187.0,5626.0,False,False
2890,2022-11-08 10:10:11.008928,0.0,-0.006116207951070374,0.0,-0.10000000000000142,16.25,16.3,16.3,16.35,1963.0,1528.0,7187.0,5626.0,False,False
2890,2022-11-08 10:10:11.443249,0.0,-0.006116207951070374,0.0,-0.10000000000000142,16.25,16.3,16.3,16.35,1963.0,1528.0,7187.0,5626.0,False,False
2890,2022-11-08 10:10:11.451168,0.0,-0.006116207951070374,0.0,-0.10000000000000142,16.25,16.3,16.3,16.35,1964.0,1527.0,7187.0,5626.0,False,False
2890,2022-11-08 10:10:11.447445,0.0,-0.006116207951070374,0.0,-0.10000000000000142,16.25,16.3,16.3,16.35,1964.0,1528.0,7187.0,5626.0,False,False
2890,2022-11-08 10:10:15.548761,0.0,-0.006116207951070374,0.0,-0.10000000000000142,16.25,16.3,16.3,16.35,1964.0,1528.0,7187.0,5626.0,True,True
2890,2022-11-08 10:10:18.962558,0.0,-0.006116207951070374,0.0,-0.10000000000000142,16.25,16.3,16.3,16.35,1964.0,1526.0,7187.0,5626.0,False,False
2890,2022-11-08 10:10:20.467059,0.0,-0.006116207951070374,0.0,-0.10000000000000142,16.25,16.3,16.3,16.35,1964.0,1526.0,7187.0,5626.0,False,False
2890,2022-11-08 10:10:21.340452,0.0,-0.006116207951070374,0.0,-0.10000000000000142,16.25,16.3,16.3,16.35,1964.0,1525.0,7187.0,5626.0,False,False
2890,2022-11-08 10:10:24.946949,0.0,-0.006116207951070374,0.0,-0.10000000000000142,16.25,16.3,16.3,16.35,1964.0,1524.0,7187.0,5626.0,False,False
2890,2022-11-08 10:10:25.560696,0.0,-0.006116207951070374,0.0,-0.10000000000000142,16.25,16.3,16.3,16.35,1964.0,1524.0,7237.0,5626.0,True,True
2890,2022-11-08 10:10:31.426973,0.0,-0.006116207951070374,0.0,-0.10000000000000142,16.25,16.3,16.3,16.35,1964.0,1524.0,7237.0,5626.0,False,False
2890,2022-11-08 10:10:35.560959,0.0,-0.006116207951070374,0.0,-0.10000000000000142,16.25,16.3,16.3,16.35,1964.0,1524.0,7317.0,5626.0,True,True
2890,2022-11-08 10:10:36.595539,0.0,-0.006116207951070374,0.0,-0.10000000000000142,16.25,16.3,16.3,16.35,1963.0,1524.0,7317.0,5626.0,False,False
2890,2022-11-08 10:10:40.467206,0.0,-0.006116207951070374,0.0,-0.10000000000000142,16.25,16.3,16.3,16.35,1963.0,1530.0,7317.0,5626.0,False,False
2890,2022-11-08 10:10:41.076460,0.0,-0.006116207951070374,0.0,-0.10000000000000142,16.25,16.3,16.3,16.35,1963.0,1529.0,7317.0,5626.0,False,False
2890,2022-11-08 10:10:41.657573,0.0,-0.006116207951070374,0.0,-0.10000000000000142,16.25,16.3,16.3,16.35,1963.0,1524.0,7317.0,5626.0,False,False
2890,2022-11-08 10:10:41.718650,0.0,-0.006116207951070374,0.0,-0.10000000000000142,16.25,16.3,16.3,16.35,1963.0,1519.0,7317.0,5626.0,False,False
2890,2022-11-08 10:10:44.160038,0.0,-0.006116207951070374,0.0,-0.10000000000000142,16.25,16.3,16.3,16.35,1962.0,1519.0,7317.0,5626.0,False,False
2890,2022-11-08 10:10:44.902612,0.0,-0.006116207951070374,0.0,-0.10000000000000142,16.25,16.3,16.3,16.35,1962.0,1512.0,7317.0,5626.0,False,False
2890,2022-11-08 10:10:46.189100,0.0,-0.006116207951070374,0.0,-0.10000000000000142,16.25,16.3,16.3,16.35,1962.0,1508.0,7317.0,5626.0,False,False
2890,2022-11-08 10:10:49.494844,0.0,-0.006116207951070374,0.0,-0.10000000000000142,16.25,16.3,16.3,16.35,1962.0,1508.0,7317.0,5626.0,False,False
2890,2022-11-08 10:10:53.639752,0.0,-0.006116207951070374,0.0,-0.10000000000000142,16.25,16.3,16.3,16.35,1962.0,1508.0,7317.0,5626.0,False,False
2890,2022-11-08 10:10:55.604347,0.0,-0.006116207951070374,0.0,-0.10000000000000142,16.25,16.3,16.3,16.35,1962.0,1508.0,7317.0,5626.0,True,True
2890,2022-11-08 10:10:56.332826,0.0,-0.006116207951070374,0.0,-0.10000000000000142,16.25,16.3,16.3,16.35,1953.0,1508.0,7317.0,5626.0,False,False
2890,2022-11-08 10:10:56.333180,0.0,-0.006116207951070374,0.0,-0.10000000000000142,16.25,16.3,16.3,16.35,1947.0,1508.0,7317.0,5626.0,False,False
2890,2022-11-08 10:10:59.019711,0.0,-0.006116207951070374,0.0,-0.10000000000000142,16.25,16.3,16.3,16.35,1947.0,1507.0,7317.0,5626.0,False,False
2890,2022-11-08 10:11:02.130883,0.0,-0.006116207951070374,0.0,-0.10000000000000142,16.25,16.3,16.3,16.35,1948.0,1507.0,7317.0,5626.0,False,False
2890,2022-11-08 10:11:03.761324,0.0,-0.006116207951070374,0.0,-0.10000000000000142,16.25,16.3,16.3,16.35,1951.0,1507.0,7317.0,5626.0,False,False
2890,2022-11-08 10:11:05.141888,0.0,-0.006116207951070374,0.0,-0.10000000000000142,16.25,16.3,16.3,16.35,1952.0,1507.0,7317.0,5626.0,False,False
2890,2022-11-08 10:11:05.630315,0.0,-0.006116207951070374,0.0,-0.10000000000000142,16.25,16.3,16.3,16.35,1952.0,1507.0,7317.0,5626.0,True,True
2890,2022-11-08 10:11:11.282345,0.0,-0.006116207951070374,0.0,-0.10000000000000142,16.25,16.3,16.3,16.35,1948.0,1507.0,7317.0,5626.0,False,False
2890,2022-11-08 10:11:13.848344,0.0,-0.006116207951070374,0.0,-0.10000000000000142,16.25,16.3,16.3,16.35,1948.0,1507.0,7317.0,5626.0,False,False
2890,2022-11-08 10:11:14.193484,0.0,-0.006116207951070374,0.0,-0.10000000000000142,16.25,16.3,16.3,16.35,1948.0,1500.0,7317.0,5626.0,False,False
2890,2022-11-08 10:11:15.276147,0.0,-0.006116207951070374,0.0,-0.10000000000000142,16.25,16.3,16.3,16.35,2176.0,1500.0,7317.0,5626.0,False,False
2890,2022-11-08 10:11:15.350971,0.0,-0.006116207951070374,0.0,-0.10000000000000142,16.25,16.3,16.3,16.35,2184.0,1500.0,7317.0,5626.0,False,False
2890,2022-11-08 10:11:15.676488,0.0,-0.006116207951070374,0.0,-0.10000000000000142,16.25,16.3,16.3,16.35,2184.0,1500.0,7317.0,5626.0,False,False
2890,2022-11-08 10:11:15.665521,0.0,-0.006116207951070374,0.0,-0.10000000000000142,16.25,16.3,16.3,16.35,2184.0,1500.0,7330.0,5626.0,True,True
2890,2022-11-08 10:11:15.679861,0.0,-0.006116207951070374,0.0,-0.10000000000000142,16.25,16.3,16.3,16.35,2247.0,1500.0,7330.0,5626.0,False,False
2890,2022-11-08 10:11:23.889544,0.0,-0.006116207951070374,0.0,-0.10000000000000142,16.25,16.3,16.3,16.35,2247.0,1501.0,7330.0,5626.0,False,False
2890,2022-11-08 10:11:23.915384,0.0,-0.006116207951070374,0.0,-0.10000000000000142,16.25,16.3,16.3,16.35,2641.0,1501.0,7330.0,5626.0,False,False
2890,2022-11-08 10:11:24.405887,0.0,-0.006116207951070374,0.0,-0.10000000000000142,16.25,16.3,16.3,16.35,2703.0,1501.0,7330.0,5626.0,False,False
2890,2022-11-08 10:11:24.410696,0.0,-0.006116207951070374,0.0,-0.10000000000000142,16.25,16.3,16.3,16.35,2703.0,1501.0,7330.0,5626.0,False,False
2890,2022-11-08 10:11:24.687293,0.0,-0.006116207951070374,0.0,-0.10000000000000142,16.25,16.3,16.3,16.35,2703.0,1501.0,7330.0,5626.0,False,False
2890,2022-11-08 10:11:24.690757,0.0,-0.006116207951070374,0.0,-0.10000000000000142,16.25,16.3,16.3,16.35,2784.0,1501.0,7330.0,5626.0,False,False
2890,2022-11-08 10:11:27.723687,0.0,-0.006116207951070374,0.0,-0.10000000000000142,16.25,16.3,16.3,16.35,2784.0,1501.0,7330.0,5626.0,False,False
2890,2022-11-08 10:11:27.727678,0.0,-0.006116207951070374,0.0,-0.10000000000000142,16.25,16.3,16.3,16.35,2784.0,1496.0,7330.0,5626.0,False,False
2890,2022-11-08 10:11:28.499583,0.0,-0.006116207951070374,0.0,-0.10000000000000142,16.25,16.3,16.3,16.35,2784.0,1518.0,7330.0,5626.0,False,False
2890,2022-11-08 10:11:32.967654,0.0,-0.006116207951070374,0.0,-0.10000000000000142,16.25,16.3,16.3,16.35,2784.0,1513.0,7330.0,5626.0,False,False
2890,2022-11-08 10:11:34.030352,0.0,-0.006116207951070374,0.0,-0.10000000000000142,16.25,16.3,16.3,16.35,2784.0,1512.0,7330.0,5626.0,False,False
2890,2022-11-08 10:11:36.775469,0.0,-0.006116207951070374,0.0,-0.10000000000000142,16.25,16.3,16.3,16.35,2785.0,1512.0,7330.0,5626.0,False,False
2890,2022-11-08 10:11:43.313489,0.0,-0.006116207951070374,0.0,-0.10000000000000142,16.25,16.3,16.3,16.35,2785.0,1507.0,7330.0,5626.0,False,False
2890,2022-11-08 10:11:45.479266,0.0,-0.006116207951070374,0.0,-0.10000000000000142,16.25,16.3,16.3,16.35,2658.0,1507.0,7330.0,5626.0,False,False
2890,2022-11-08 10:11:45.520817,0.0,-0.006116207951070374,0.0,-0.10000000000000142,16.25,16.3,16.3,16.35,2809.0,1507.0,7330.0,5626.0,False,False
2890,2022-11-08 10:11:45.766052,0.0,-0.006116207951070374,0.0,-0.10000000000000142,16.25,16.3,16.3,16.35,2809.0,1507.0,7152.0,5626.0,True,True
2890,2022-11-08 10:11:47.971309,0.0,-0.006116207951070374,0.0,-0.10000000000000142,16.25,16.3,16.3,16.35,2813.0,1507.0,7152.0,5626.0,False,False
2890,2022-11-08 10:11:50.828876,0.0,-0.006116207951070374,0.0,-0.10000000000000142,16.25,16.3,16.3,16.35,2813.0,1502.0,7152.0,5626.0,False,False
2890,2022-11-08 10:11:57.189239,0.0,-0.006116207951070374,0.0,-0.10000000000000142,16.25,16.3,16.3,16.35,2813.0,1503.0,7152.0,5626.0,False,False
2890,2022-11-08 10:11:59.069910,0.0,-0.006116207951070374,0.0,-0.10000000000000142,16.25,16.3,16.3,16.35,2811.0,1503.0,7152.0,5626.0,False,False
2890,2022-11-08 10:11:59.169827,0.0,-0.006116207951070374,0.0,-0.10000000000000142,16.25,16.3,16.3,16.35,2811.0,1500.0,7152.0,5626.0,False,False
2890,2022-11-08 10:12:00.841763,0.0,-0.006116207951070374,0.0,-0.10000000000000142,16.25,16.3,16.3,16.35,2811.0,1500.0,7152.0,5626.0,False,False
2890,2022-11-08 10:12:03.309347,0.0,-0.006116207951070374,0.0,-0.10000000000000142,16.25,16.3,16.3,16.35,2811.0,1500.0,7152.0,5626.0,False,False
2890,2022-11-08 10:12:03.729233,0.0,-0.006116207951070374,0.0,-0.10000000000000142,16.25,16.3,16.3,16.35,2811.0,1496.0,7152.0,5626.0,False,False
2890,2022-11-08 10:12:04.764521,0.0,-0.006116207951070374,0.0,-0.10000000000000142,16.25,16.3,16.3,16.35,2811.0,1471.0,7152.0,5626.0,False,False
2890,2022-11-08 10:12:05.608128,0.0,-0.006116207951070374,0.0,-0.10000000000000142,16.25,16.3,16.3,16.35,2898.0,1471.0,7152.0,5626.0,False,False
2890,2022-11-08 10:12:05.676352,0.0,-0.006116207951070374,0.0,-0.10000000000000142,16.25,16.3,16.3,16.35,2898.0,1471.0,7152.0,5626.0,False,False
2890,2022-11-08 10:12:05.681043,0.0,-0.006116207951070374,0.0,-0.10000000000000142,16.25,16.3,16.3,16.35,2898.0,1470.0,7152.0,5626.0,False,False
2890,2022-11-08 10:12:05.681266,0.0,-0.006116207951070374,0.0,-0.10000000000000142,16.25,16.3,16.3,16.35,2898.0,1468.0,7152.0,5626.0,False,False
2890,2022-11-08 10:12:05.822972,0.0,-0.006116207951070374,0.0,-0.10000000000000142,16.25,16.3,16.3,16.35,2898.0,1468.0,7250.0,5626.0,True,True
2890,2022-11-08 10:12:06.316111,0.0,-0.006116207951070374,0.0,-0.10000000000000142,16.25,16.3,16.3,16.35,2898.0,1478.0,7250.0,5626.0,False,False
2890,2022-11-08 10:12:08.056261,0.0,-0.006116207951070374,0.0,-0.10000000000000142,16.25,16.3,16.3,16.35,2898.0,1477.0,7250.0,5626.0,False,False
2890,2022-11-08 10:12:10.873480,0.0,-0.006116207951070374,0.0,-0.10000000000000142,16.25,16.3,16.3,16.35,2898.0,1472.0,7250.0,5626.0,False,False
2890,2022-11-08 10:12:14.221276,0.0,-0.006116207951070374,0.0,-0.10000000000000142,16.25,16.3,16.3,16.35,2897.0,1472.0,7250.0,5626.0,False,False
2890,2022-11-08 10:12:15.123602,0.0,-0.006116207951070374,0.0,-0.10000000000000142,16.25,16.3,16.3,16.35,2902.0,1472.0,7250.0,5626.0,False,False
2890,2022-11-08 10:12:15.465781,0.0,-0.006116207951070374,0.0,-0.10000000000000142,16.25,16.3,16.3,16.35,2902.0,1467.0,7250.0,5626.0,False,False
2890,2022-11-08 10:12:16.198062,0.0,-0.006116207951070374,0.0,-0.10000000000000142,16.25,16.3,16.3,16.35,2751.0,1467.0,7250.0,5626.0,False,False
2890,2022-11-08 10:12:16.239656,0.0,-0.006116207951070374,0.0,-0.10000000000000142,16.25,16.3,16.3,16.35,2910.0,1467.0,7250.0,5626.0,False,False
2890,2022-11-08 10:12:17.970400,0.0,-0.006116207951070374,0.0,-0.10000000000000142,16.25,16.3,16.3,16.35,2910.0,1462.0,7250.0,5626.0,False,False
2890,2022-11-08 10:12:18.176826,0.0,-0.006116207951070374,0.0,-0.10000000000000142,16.25,16.3,16.3,16.35,2915.0,1462.0,7250.0,5626.0,False,False
2890,2022-11-08 10:12:22.320018,0.0,-0.006116207951070374,0.0,-0.10000000000000142,16.25,16.3,16.3,16.35,2915.0,1079.0,7250.0,5626.0,False,False
2890,2022-11-08 10:12:22.353346,0.0,-0.006116207951070374,0.0,-0.10000000000000142,16.25,16.3,16.3,16.35,2915.0,580.0,7250.0,5626.0,False,False
2890,2022-11-08 10:12:22.353362,0.0,-0.006116207951070374,0.0,-0.10000000000000142,16.25,16.3,16.3,16.35,2915.0,83.0,7250.0,5626.0,False,False
2890,2022-11-08 10:12:22.353513,0.0,-0.006116207951070374,0.0,-0.10000000000000142,16.25,16.3,16.3,16.35,2974.0,83.0,7250.0,5626.0,False,False
2890,2022-11-08 10:12:22.353658,-0.003058103975535187,-0.006116207951070374,-0.05000000000000071,-0.10000000000000142,16.25,16.35,16.3,16.35,2974.0,1579.0,7250.0,5626.0,False,False
2890,2022-11-08 10:12:22.396439,-0.003058103975535187,-0.003058103975535187,-0.05000000000000071,-0.05000000000000071,16.3,16.35,16.3,16.35,138.0,1543.0,7250.0,5626.0,False,False
2890,2022-11-08 10:12:22.437159,-0.003058103975535187,-0.003058103975535187,-0.05000000000000071,-0.05000000000000071,16.3,16.35,16.3,16.35,691.0,1549.0,7250.0,5626.0,False,False
2890,2022-11-08 10:12:22.517997,-0.003058103975535187,-0.003058103975535187,-0.05000000000000071,-0.05000000000000071,16.3,16.35,16.3,16.35,1071.0,1524.0,7250.0,5626.0,False,False
2890,2022-11-08 10:12:22.520154,-0.003058103975535187,-0.003058103975535187,-0.05000000000000071,-0.05000000000000071,16.3,16.35,16.3,16.35,1118.0,1493.0,7250.0,5626.0,False,False
2890,2022-11-08 10:12:22.524981,-0.003058103975535187,-0.003058103975535187,-0.05000000000000071,-0.05000000000000071,16.3,16.35,16.3,16.35,1119.0,1491.0,7250.0,5626.0,False,False
2890,2022-11-08 10:12:22.524957,-0.003058103975535187,-0.003058103975535187,-0.05000000000000071,-0.05000000000000071,16.3,16.35,16.3,16.35,1119.0,1493.0,7250.0,5626.0,False,False
2890,2022-11-08 10:12:22.741383,-0.003058103975535187,-0.003058103975535187,-0.05000000000000071,-0.05000000000000071,16.3,16.35,16.3,16.35,1119.0,1491.0,7250.0,5626.0,False,False
2890,2022-11-08 10:12:23.022333,-0.003058103975535187,-0.003058103975535187,-0.05000000000000071,-0.05000000000000071,16.3,16.35,16.3,16.35,1119.0,1491.0,7250.0,5626.0,False,False
2890,2022-11-08 10:12:23.027944,-0.003058103975535187,-0.003058103975535187,-0.05000000000000071,-0.05000000000000071,16.3,16.35,16.3,16.35,1119.0,1491.0,7250.0,5626.0,False,False
2890,2022-11-08 10:12:23.107732,-0.003058103975535187,-0.003058103975535187,-0.05000000000000071,-0.05000000000000071,16.3,16.35,16.3,16.35,1236.0,1455.0,7250.0,5626.0,False,False
2890,2022-11-08 10:12:23.146998,-0.003058103975535187,-0.003058103975535187,-0.05000000000000071,-0.05000000000000071,16.3,16.35,16.3,16.35,1505.0,1192.0,7250.0,5626.0,False,False
2890,2022-11-08 10:12:23.119122,-0.003058103975535187,-0.003058103975535187,-0.05000000000000071,-0.05000000000000071,16.3,16.35,16.3,16.35,1505.0,1430.0,7250.0,5626.0,False,False
2890,2022-11-08 10:12:23.184877,-0.003058103975535187,-0.003058103975535187,-0.05000000000000071,-0.05000000000000071,16.3,16.35,16.3,16.35,1505.0,1191.0,7250.0,5626.0,False,False
2890,2022-11-08 10:12:23.210902,-0.003058103975535187,-0.003058103975535187,-0.05000000000000071,-0.05000000000000071,16.3,16.35,16.3,16.35,1528.0,1190.0,7250.0,5626.0,False,False
2890,2022-11-08 10:12:23.242497,-0.003058103975535187,-0.003058103975535187,-0.05000000000000071,-0.05000000000000071,16.3,16.35,16.3,16.35,1548.0,1190.0,7250.0,5626.0,False,False
