symbol,datetime,NaOb_r,NbOa_r,NaOb_s,NbOa_s,bid1,ask1,odd_bid1,odd_ask1,bidQty1,askQty1,odd_bidQty1,odd_askQty1,simulate,triggerbyOdd
5880,2022-11-08 09:50:22.217643,0.0,-0.0038986354775827348,0.0,-0.09999999999999787,25.55,25.6,25.6,25.65,77.0,264.0,5851.0,6309.0,True,True
5880,2022-11-08 09:50:32.408087,0.0,-0.0038986354775827348,0.0,-0.09999999999999787,25.55,25.6,25.6,25.65,77.0,264.0,5951.0,6309.0,True,True
5880,2022-11-08 09:50:36.581083,0.0,-0.0038986354775827348,0.0,-0.09999999999999787,25.55,25.6,25.6,25.65,83.0,264.0,5951.0,6309.0,False,False
5880,2022-11-08 09:50:48.699023,0.0,-0.0038986354775827348,0.0,-0.09999999999999787,25.55,25.6,25.6,25.65,82.0,264.0,5951.0,6309.0,False,False
5880,2022-11-08 09:50:51.892073,0.0,-0.0038986354775827348,0.0,-0.09999999999999787,25.55,25.6,25.6,25.65,82.0,265.0,5951.0,6309.0,False,False
5880,2022-11-08 09:50:55.164600,0.0,-0.0038986354775827348,0.0,-0.09999999999999787,25.55,25.6,25.6,25.65,81.0,265.0,5951.0,6309.0,False,False
5880,2022-11-08 09:50:56.185350,0.0,-0.0038986354775827348,0.0,-0.09999999999999787,25.55,25.6,25.6,25.65,81.0,265.0,5951.0,6309.0,False,False
5880,2022-11-08 09:50:58.439478,0.0,-0.0038986354775827348,0.0,-0.09999999999999787,25.55,25.6,25.6,25.65,81.0,267.0,5951.0,6309.0,False,False
5880,2022-11-08 09:51:02.495931,0.0,-0.0038986354775827348,0.0,-0.09999999999999787,25.55,25.6,25.6,25.65,81.0,267.0,5951.0,6316.0,True,True
5880,2022-11-08 09:51:04.866542,0.0,-0.0038986354775827348,0.0,-0.09999999999999787,25.55,25.6,25.6,25.65,81.0,270.0,5951.0,6316.0,False,False
5880,2022-11-08 09:51:12.528496,0.0,-0.0038986354775827348,0.0,-0.09999999999999787,25.55,25.6,25.6,25.65,81.0,270.0,5951.0,6126.0,True,True
5880,2022-11-08 09:51:22.953875,0.0,-0.0038986354775827348,0.0,-0.09999999999999787,25.55,25.6,25.6,25.65,80.0,270.0,5951.0,6126.0,False,False
5880,2022-11-08 09:51:35.894887,0.0,-0.0038986354775827348,0.0,-0.09999999999999787,25.55,25.6,25.6,25.65,83.0,270.0,5951.0,6126.0,False,False
5880,2022-11-08 09:51:37.436861,0.0,-0.0038986354775827348,0.0,-0.09999999999999787,25.55,25.6,25.6,25.65,80.0,270.0,5951.0,6126.0,False,False
5880,2022-11-08 09:51:40.118221,0.0,-0.0038986354775827348,0.0,-0.09999999999999787,25.55,25.6,25.6,25.65,79.0,269.0,5951.0,6126.0,False,False
5880,2022-11-08 09:51:40.741429,0.0,-0.0038986354775827348,0.0,-0.09999999999999787,25.55,25.6,25.6,25.65,49.0,269.0,5951.0,6126.0,False,False
5880,2022-11-08 09:51:40.771850,0.0,-0.0038986354775827348,0.0,-0.09999999999999787,25.55,25.6,25.6,25.65,49.0,275.0,5951.0,6126.0,False,False
5880,2022-11-08 09:51:40.781074,0.0,-0.0038986354775827348,0.0,-0.09999999999999787,25.55,25.6,25.6,25.65,50.0,275.0,5951.0,6126.0,False,False
5880,2022-11-08 09:51:42.025073,0.0,-0.0038986354775827348,0.0,-0.09999999999999787,25.55,25.6,25.6,25.65,55.0,275.0,5951.0,6126.0,False,False
5880,2022-11-08 09:51:43.206999,0.0,-0.0038986354775827348,0.0,-0.09999999999999787,25.55,25.6,25.6,25.65,58.0,275.0,5951.0,6126.0,False,False
5880,2022-11-08 09:51:44.674272,0.0,-0.0038986354775827348,0.0,-0.09999999999999787,25.55,25.6,25.6,25.65,28.0,275.0,5951.0,6126.0,False,False
5880,2022-11-08 09:51:44.713342,0.0,-0.0038986354775827348,0.0,-0.09999999999999787,25.55,25.6,25.6,25.65,27.0,275.0,5951.0,6126.0,False,False
5880,2022-11-08 09:51:44.850914,0.0,-0.0038986354775827348,0.0,-0.09999999999999787,25.55,25.6,25.6,25.65,28.0,275.0,5951.0,6126.0,False,False
5880,2022-11-08 09:51:46.866963,0.0,-0.0038986354775827348,0.0,-0.09999999999999787,25.55,25.6,25.6,25.65,28.0,275.0,5951.0,6126.0,False,False
5880,2022-11-08 09:51:52.672848,0.0,-0.0038986354775827348,0.0,-0.09999999999999787,25.55,25.6,25.6,25.65,28.0,275.0,5833.0,6742.0,True,True
5880,2022-11-08 09:51:58.763502,0.0,-0.0038986354775827348,0.0,-0.09999999999999787,25.55,25.6,25.6,25.65,29.0,275.0,5833.0,6742.0,False,False
5880,2022-11-08 09:52:01.897729,0.0,-0.0038986354775827348,0.0,-0.09999999999999787,25.55,25.6,25.6,25.65,29.0,275.0,5833.0,6742.0,False,True
5880,2022-11-08 09:52:04.026758,0.0,-0.0038986354775827348,0.0,-0.09999999999999787,25.55,25.6,25.6,25.65,28.0,275.0,5833.0,6742.0,False,False
5880,2022-11-08 09:52:07.870371,0.0,-0.0038986354775827348,0.0,-0.09999999999999787,25.55,25.6,25.6,25.65,28.0,275.0,5833.0,6742.0,False,False
5880,2022-11-08 09:52:10.067222,0.0,-0.0038986354775827348,0.0,-0.09999999999999787,25.55,25.6,25.6,25.65,28.0,277.0,5833.0,6742.0,False,False
5880,2022-11-08 09:52:10.715196,0.0,-0.0038986354775827348,0.0,-0.09999999999999787,25.55,25.6,25.6,25.65,28.0,277.0,5833.0,6742.0,False,False
5880,2022-11-08 09:52:11.935402,0.0,-0.0038986354775827348,0.0,-0.09999999999999787,25.55,25.6,25.6,25.65,28.0,277.0,5843.0,6742.0,True,True
5880,2022-11-08 09:52:16.330272,0.0,-0.0038986354775827348,0.0,-0.09999999999999787,25.55,25.6,25.6,25.65,27.0,277.0,5843.0,6742.0,False,False
5880,2022-11-08 09:52:18.450950,0.0,-0.0038986354775827348,0.0,-0.09999999999999787,25.55,25.6,25.6,25.65,27.0,277.0,5843.0,6742.0,False,False
5880,2022-11-08 09:52:21.009098,0.0,-0.0038986354775827348,0.0,-0.09999999999999787,25.55,25.6,25.6,25.65,27.0,277.0,5843.0,6742.0,False,False
5880,2022-11-08 09:52:21.966097,0.0,-0.0038986354775827348,0.0,-0.09999999999999787,25.55,25.6,25.6,25.65,27.0,277.0,5843.0,6737.0,True,True
5880,2022-11-08 09:52:22.706223,0.0,-0.0038986354775827348,0.0,-0.09999999999999787,25.55,25.6,25.6,25.65,27.0,277.0,5843.0,6737.0,False,False
5880,2022-11-08 09:52:23.695223,0.0,-0.0038986354775827348,0.0,-0.09999999999999787,25.55,25.6,25.6,25.65,27.0,277.0,5843.0,6737.0,False,False
5880,2022-11-08 09:52:24.944634,0.0,-0.0038986354775827348,0.0,-0.09999999999999787,25.55,25.6,25.6,25.65,27.0,277.0,5843.0,6737.0,False,False
5880,2022-11-08 09:52:27.558321,0.0,-0.0038986354775827348,0.0,-0.09999999999999787,25.55,25.6,25.6,25.65,27.0,278.0,5843.0,6737.0,False,False
5880,2022-11-08 09:52:31.995903,0.0,-0.0038986354775827348,0.0,-0.09999999999999787,25.55,25.6,25.6,25.65,27.0,278.0,5843.0,6737.0,True,True
5880,2022-11-08 09:52:39.600820,0.0,-0.0038986354775827348,0.0,-0.09999999999999787,25.55,25.6,25.6,25.65,30.0,278.0,5843.0,6737.0,False,False
5880,2022-11-08 09:52:40.146801,0.0,-0.0038986354775827348,0.0,-0.09999999999999787,25.55,25.6,25.6,25.65,30.0,279.0,5843.0,6737.0,False,False
5880,2022-11-08 09:52:46.981185,0.0,-0.0038986354775827348,0.0,-0.09999999999999787,25.55,25.6,25.6,25.65,29.0,279.0,5843.0,6737.0,False,False
5880,2022-11-08 09:52:52.053152,0.0,-0.0038986354775827348,0.0,-0.09999999999999787,25.55,25.6,25.6,25.65,29.0,279.0,5358.0,6742.0,True,True
5880,2022-11-08 09:52:57.734124,0.0,-0.0038986354775827348,0.0,-0.09999999999999787,25.55,25.6,25.6,25.65,29.0,280.0,5358.0,6742.0,False,False
5880,2022-11-08 09:53:00.682100,0.0,-0.0038986354775827348,0.0,-0.09999999999999787,25.55,25.6,25.6,25.65,29.0,280.0,5358.0,6742.0,False,False
5880,2022-11-08 09:53:02.092353,0.0,-0.0038986354775827348,0.0,-0.09999999999999787,25.55,25.6,25.6,25.65,29.0,280.0,5357.0,6742.0,True,True
5880,2022-11-08 09:53:03.002292,0.0,-0.0038986354775827348,0.0,-0.09999999999999787,25.55,25.6,25.6,25.65,29.0,279.0,5357.0,6742.0,False,False
5880,2022-11-08 09:53:08.751155,0.0,-0.0038986354775827348,0.0,-0.09999999999999787,25.55,25.6,25.6,25.65,28.0,279.0,5357.0,6742.0,False,False
5880,2022-11-08 09:53:09.059228,0.0,-0.0038986354775827348,0.0,-0.09999999999999787,25.55,25.6,25.6,25.65,27.0,279.0,5357.0,6742.0,False,False
5880,2022-11-08 09:53:09.102932,0.0,-0.0038986354775827348,0.0,-0.09999999999999787,25.55,25.6,25.6,25.65,28.0,279.0,5357.0,6742.0,False,False
5880,2022-11-08 09:53:09.211974,0.0,-0.0038986354775827348,0.0,-0.09999999999999787,25.55,25.6,25.6,25.65,29.0,279.0,5357.0,6742.0,False,False
5880,2022-11-08 09:53:09.906267,0.0,-0.0038986354775827348,0.0,-0.09999999999999787,25.55,25.6,25.6,25.65,29.0,334.0,5357.0,6742.0,False,False
5880,2022-11-08 09:53:10.622241,0.0,-0.0038986354775827348,0.0,-0.09999999999999787,25.55,25.6,25.6,25.65,29.0,334.0,5357.0,6742.0,False,False
5880,2022-11-08 09:53:12.129634,0.0,-0.0038986354775827348,0.0,-0.09999999999999787,25.55,25.6,25.6,25.65,29.0,334.0,5598.0,6742.0,True,True
5880,2022-11-08 09:53:18.192605,0.0,-0.0038986354775827348,0.0,-0.09999999999999787,25.55,25.6,25.6,25.65,9.0,334.0,5598.0,6742.0,False,False
5880,2022-11-08 09:53:18.234397,0.0,-0.0038986354775827348,0.0,-0.09999999999999787,25.55,25.6,25.6,25.65,10.0,334.0,5598.0,6742.0,False,False
5880,2022-11-08 09:53:18.374849,0.0,-0.0038986354775827348,0.0,-0.09999999999999787,25.55,25.6,25.6,25.65,10.0,334.0,5598.0,6742.0,False,False
5880,2022-11-08 09:53:19.372259,0.0,-0.0038986354775827348,0.0,-0.09999999999999787,25.55,25.6,25.6,25.65,10.0,338.0,5598.0,6742.0,False,False
5880,2022-11-08 09:53:19.422560,0.0,-0.0038986354775827348,0.0,-0.09999999999999787,25.55,25.6,25.6,25.65,11.0,338.0,5598.0,6742.0,False,False
5880,2022-11-08 09:53:39.275391,0.0,-0.0038986354775827348,0.0,-0.09999999999999787,25.55,25.6,25.6,25.65,10.0,338.0,5598.0,6742.0,False,False
5880,2022-11-08 09:53:39.374404,0.0,-0.0038986354775827348,0.0,-0.09999999999999787,25.55,25.6,25.6,25.65,10.0,338.0,5598.0,6742.0,False,False
5880,2022-11-08 09:53:44.300462,0.001956947162426559,-0.005847953216374213,0.05000000000000071,-0.14999999999999858,25.5,25.55,25.6,25.65,175.0,67.0,5598.0,6742.0,False,False
5880,2022-11-08 09:53:44.336683,0.001956947162426559,-0.005847953216374213,0.05000000000000071,-0.14999999999999858,25.5,25.55,25.6,25.65,175.0,67.0,5598.0,6742.0,False,False
5880,2022-11-08 09:53:44.356052,0.001956947162426559,-0.005847953216374213,0.05000000000000071,-0.14999999999999858,25.5,25.55,25.6,25.65,175.0,72.0,5598.0,6742.0,False,False
5880,2022-11-08 09:53:44.431959,0.001956947162426559,-0.005847953216374213,0.05000000000000071,-0.14999999999999858,25.5,25.55,25.6,25.65,175.0,74.0,5598.0,6742.0,False,False
5880,2022-11-08 09:53:44.498985,0.001956947162426559,-0.005847953216374213,0.05000000000000071,-0.14999999999999858,25.5,25.55,25.6,25.65,175.0,75.0,5598.0,6742.0,False,False
5880,2022-11-08 09:53:44.494295,0.001956947162426559,-0.005847953216374213,0.05000000000000071,-0.14999999999999858,25.5,25.55,25.6,25.65,175.0,76.0,5598.0,6742.0,False,False
5880,2022-11-08 09:53:44.657209,0.001956947162426559,-0.005847953216374213,0.05000000000000071,-0.14999999999999858,25.5,25.55,25.6,25.65,175.0,82.0,5598.0,6742.0,False,False
5880,2022-11-08 09:53:44.793000,0.001956947162426559,-0.005847953216374213,0.05000000000000071,-0.14999999999999858,25.5,25.55,25.6,25.65,175.0,83.0,5598.0,6742.0,False,False
5880,2022-11-08 09:53:44.919327,0.001956947162426559,-0.005847953216374213,0.05000000000000071,-0.14999999999999858,25.5,25.55,25.6,25.65,166.0,84.0,5598.0,6742.0,False,False
5880,2022-11-08 09:53:46.922186,0.001956947162426559,-0.005847953216374213,0.05000000000000071,-0.14999999999999858,25.5,25.55,25.6,25.65,165.0,84.0,5598.0,6742.0,False,False
5880,2022-11-08 09:53:46.922382,0.001956947162426559,-0.005847953216374213,0.05000000000000071,-0.14999999999999858,25.5,25.55,25.6,25.65,164.0,84.0,5598.0,6742.0,False,False
5880,2022-11-08 09:53:46.974263,0.001956947162426559,-0.005847953216374213,0.05000000000000071,-0.14999999999999858,25.5,25.55,25.6,25.65,164.0,84.0,5598.0,6742.0,False,False
5880,2022-11-08 09:53:47.422447,0.001956947162426559,-0.005847953216374213,0.05000000000000071,-0.14999999999999858,25.5,25.55,25.6,25.65,164.0,84.0,5598.0,6742.0,False,False
5880,2022-11-08 09:53:48.583136,0.001956947162426559,-0.005847953216374213,0.05000000000000071,-0.14999999999999858,25.5,25.55,25.6,25.65,164.0,84.0,5598.0,6742.0,False,False
5880,2022-11-08 09:53:50.303578,0.001956947162426559,-0.005847953216374213,0.05000000000000071,-0.14999999999999858,25.5,25.55,25.6,25.65,170.0,84.0,5598.0,6742.0,False,False
5880,2022-11-08 09:53:52.253153,0.001956947162426559,-0.005847953216374213,0.05000000000000071,-0.14999999999999858,25.5,25.55,25.6,25.65,170.0,84.0,5598.0,36712.0,True,True
5880,2022-11-08 09:53:55.239382,0.001956947162426559,-0.005847953216374213,0.05000000000000071,-0.14999999999999858,25.5,25.55,25.6,25.65,169.0,84.0,5598.0,36712.0,False,False
5880,2022-11-08 09:54:00.155422,0.001956947162426559,-0.005847953216374213,0.05000000000000071,-0.14999999999999858,25.5,25.55,25.6,25.65,169.0,84.0,5598.0,36712.0,False,False
5880,2022-11-08 09:54:00.310203,0.001956947162426559,-0.005847953216374213,0.05000000000000071,-0.14999999999999858,25.5,25.55,25.6,25.65,169.0,85.0,5598.0,36712.0,False,False
5880,2022-11-08 09:54:02.300675,0.001956947162426559,-0.005847953216374213,0.05000000000000071,-0.14999999999999858,25.5,25.55,25.6,25.65,169.0,85.0,5592.0,36712.0,True,True
5880,2022-11-08 09:54:03.731647,0.001956947162426559,-0.005847953216374213,0.05000000000000071,-0.14999999999999858,25.5,25.55,25.6,25.65,168.0,85.0,5592.0,36712.0,False,False
5880,2022-11-08 09:54:06.898343,0.001956947162426559,-0.005847953216374213,0.05000000000000071,-0.14999999999999858,25.5,25.55,25.6,25.65,168.0,85.0,5592.0,36712.0,False,False
5880,2022-11-08 09:54:06.952640,0.001956947162426559,-0.005847953216374213,0.05000000000000071,-0.14999999999999858,25.5,25.55,25.6,25.65,168.0,85.0,5592.0,36712.0,False,False
5880,2022-11-08 09:54:12.338317,0.001956947162426559,-0.005847953216374213,0.05000000000000071,-0.14999999999999858,25.5,25.55,25.6,25.65,168.0,85.0,5592.0,36712.0,True,True
5880,2022-11-08 09:54:21.512191,0.001956947162426559,-0.005847953216374213,0.05000000000000071,-0.14999999999999858,25.5,25.55,25.6,25.65,168.0,85.0,5592.0,36712.0,False,False
5880,2022-11-08 09:54:26.053784,0.001956947162426559,-0.005847953216374213,0.05000000000000071,-0.14999999999999858,25.5,25.55,25.6,25.65,168.0,85.0,5592.0,36712.0,False,False
5880,2022-11-08 09:54:43.322359,0.001956947162426559,-0.005847953216374213,0.05000000000000071,-0.14999999999999858,25.5,25.55,25.6,25.65,168.0,85.0,5592.0,36712.0,False,False
5880,2022-11-08 09:54:46.759486,0.001956947162426559,-0.005847953216374213,0.05000000000000071,-0.14999999999999858,25.5,25.55,25.6,25.65,169.0,85.0,5592.0,36712.0,False,False
5880,2022-11-08 09:54:52.940992,0.001956947162426559,-0.005847953216374213,0.05000000000000071,-0.14999999999999858,25.5,25.55,25.6,25.65,169.0,85.0,5592.0,36712.0,False,False
5880,2022-11-08 09:54:54.366631,0.001956947162426559,-0.005847953216374213,0.05000000000000071,-0.14999999999999858,25.5,25.55,25.6,25.65,170.0,85.0,5592.0,36712.0,False,False
5880,2022-11-08 09:55:00.700575,0.001956947162426559,-0.005847953216374213,0.05000000000000071,-0.14999999999999858,25.5,25.55,25.6,25.65,170.0,83.0,5592.0,36712.0,False,False
5880,2022-11-08 09:55:00.810727,0.001956947162426559,-0.005847953216374213,0.05000000000000071,-0.14999999999999858,25.5,25.55,25.6,25.65,170.0,83.0,5592.0,36712.0,False,False
5880,2022-11-08 09:55:01.929748,0.001956947162426559,-0.005847953216374213,0.05000000000000071,-0.14999999999999858,25.5,25.55,25.6,25.65,170.0,83.0,5597.0,36712.0,False,True
5880,2022-11-08 09:55:02.638897,0.001956947162426559,-0.005847953216374213,0.05000000000000071,-0.14999999999999858,25.5,25.55,25.6,25.65,170.0,83.0,5597.0,36712.0,False,False
5880,2022-11-08 09:55:05.693448,0.001956947162426559,-0.005847953216374213,0.05000000000000071,-0.14999999999999858,25.5,25.55,25.6,25.65,170.0,84.0,5597.0,36712.0,False,False
5880,2022-11-08 09:55:07.165135,0.001956947162426559,-0.005847953216374213,0.05000000000000071,-0.14999999999999858,25.5,25.55,25.6,25.65,170.0,84.0,5597.0,36712.0,False,False
5880,2022-11-08 09:55:11.385739,0.001956947162426559,-0.005847953216374213,0.05000000000000071,-0.14999999999999858,25.5,25.55,25.6,25.65,170.0,84.0,5597.0,36712.0,False,False
5880,2022-11-08 09:55:11.959931,0.001956947162426559,-0.005847953216374213,0.05000000000000071,-0.14999999999999858,25.5,25.55,25.6,25.65,170.0,84.0,5185.0,36712.0,True,True
5880,2022-11-08 09:55:15.899346,0.001956947162426559,-0.005847953216374213,0.05000000000000071,-0.14999999999999858,25.5,25.55,25.6,25.65,170.0,84.0,5185.0,36712.0,False,False
5880,2022-11-08 09:55:19.073257,0.001956947162426559,-0.005847953216374213,0.05000000000000071,-0.14999999999999858,25.5,25.55,25.6,25.65,170.0,83.0,5185.0,36712.0,False,False
5880,2022-11-08 09:55:22.072488,0.001956947162426559,-0.005847953216374213,0.05000000000000071,-0.14999999999999858,25.5,25.55,25.6,25.65,170.0,83.0,5185.0,36712.0,True,True
5880,2022-11-08 09:55:28.889992,0.001956947162426559,-0.005847953216374213,0.05000000000000071,-0.14999999999999858,25.5,25.55,25.6,25.65,173.0,83.0,5185.0,36712.0,False,False
5880,2022-11-08 09:55:32.163597,0.001956947162426559,-0.005847953216374213,0.05000000000000071,-0.14999999999999858,25.5,25.55,25.6,25.65,173.0,83.0,5285.0,36712.0,True,True
5880,2022-11-08 09:55:32.614880,0.001956947162426559,-0.005847953216374213,0.05000000000000071,-0.14999999999999858,25.5,25.55,25.6,25.65,173.0,83.0,5285.0,36712.0,False,False
5880,2022-11-08 09:55:38.718209,0.001956947162426559,-0.005847953216374213,0.05000000000000071,-0.14999999999999858,25.5,25.55,25.6,25.65,176.0,83.0,5285.0,36712.0,False,False
5880,2022-11-08 09:55:42.233125,0.001956947162426559,-0.005847953216374213,0.05000000000000071,-0.14999999999999858,25.5,25.55,25.6,25.65,176.0,83.0,5415.0,36712.0,True,True
5880,2022-11-08 09:55:44.636063,0.001956947162426559,-0.005847953216374213,0.05000000000000071,-0.14999999999999858,25.5,25.55,25.6,25.65,176.0,83.0,5415.0,36712.0,False,False
5880,2022-11-08 09:55:44.693426,0.001956947162426559,-0.005847953216374213,0.05000000000000071,-0.14999999999999858,25.5,25.55,25.6,25.65,176.0,83.0,5415.0,36712.0,False,False
5880,2022-11-08 09:55:46.152382,0.001956947162426559,-0.005847953216374213,0.05000000000000071,-0.14999999999999858,25.5,25.55,25.6,25.65,176.0,83.0,5415.0,36712.0,False,False
5880,2022-11-08 09:55:48.665113,0.001956947162426559,-0.005847953216374213,0.05000000000000071,-0.14999999999999858,25.5,25.55,25.6,25.65,176.0,84.0,5415.0,36712.0,False,False
5880,2022-11-08 09:55:48.670924,0.001956947162426559,-0.005847953216374213,0.05000000000000071,-0.14999999999999858,25.5,25.55,25.6,25.65,176.0,84.0,5415.0,36712.0,False,False
5880,2022-11-08 09:55:52.288964,0.001956947162426559,-0.005847953216374213,0.05000000000000071,-0.14999999999999858,25.5,25.55,25.6,25.65,176.0,84.0,5345.0,36712.0,True,True
5880,2022-11-08 09:56:01.999960,0.001956947162426559,-0.005847953216374213,0.05000000000000071,-0.14999999999999858,25.5,25.55,25.6,25.65,176.0,83.0,5345.0,36712.0,False,False
5880,2022-11-08 09:56:02.031166,0.0,-0.005847953216374213,0.0,-0.14999999999999858,25.5,25.6,25.6,25.65,176.0,298.0,5345.0,36712.0,False,False
5880,2022-11-08 09:56:02.064147,0.0,-0.0038986354775827348,0.0,-0.09999999999999787,25.55,25.6,25.6,25.65,3.0,298.0,5345.0,36712.0,False,False
5880,2022-11-08 09:56:02.154168,0.0,-0.0038986354775827348,0.0,-0.09999999999999787,25.55,25.6,25.6,25.65,21.0,311.0,5345.0,36712.0,False,False
5880,2022-11-08 09:56:02.331467,0.0,-0.0038986354775827348,0.0,-0.09999999999999787,25.55,25.6,25.6,25.65,21.0,311.0,5345.0,36223.0,True,True
5880,2022-11-08 09:56:02.221835,0.0,-0.0038986354775827348,0.0,-0.09999999999999787,25.55,25.6,25.6,25.65,22.0,311.0,5345.0,36223.0,False,False
5880,2022-11-08 09:56:02.786130,0.0,-0.0038986354775827348,0.0,-0.09999999999999787,25.55,25.6,25.6,25.65,22.0,312.0,5345.0,36223.0,False,False
5880,2022-11-08 09:56:02.980233,0.0,-0.0038986354775827348,0.0,-0.09999999999999787,25.55,25.6,25.6,25.65,22.0,313.0,5345.0,36223.0,False,False
5880,2022-11-08 09:56:03.049286,0.0,-0.0038986354775827348,0.0,-0.09999999999999787,25.55,25.6,25.6,25.65,22.0,323.0,5345.0,36223.0,False,False
5880,2022-11-08 09:56:03.262822,0.0,-0.0038986354775827348,0.0,-0.09999999999999787,25.55,25.6,25.6,25.65,22.0,324.0,5345.0,36223.0,False,False
5880,2022-11-08 09:56:03.460035,0.0,-0.0038986354775827348,0.0,-0.09999999999999787,25.55,25.6,25.6,25.65,28.0,324.0,5345.0,36223.0,False,False
5880,2022-11-08 09:56:03.531837,0.0,-0.0038986354775827348,0.0,-0.09999999999999787,25.55,25.6,25.6,25.65,28.0,324.0,5345.0,36223.0,False,False
5880,2022-11-08 09:56:04.190627,0.0,-0.0038986354775827348,0.0,-0.09999999999999787,25.55,25.6,25.6,25.65,30.0,324.0,5345.0,36223.0,False,False
5880,2022-11-08 09:56:05.048861,0.0,-0.0038986354775827348,0.0,-0.09999999999999787,25.55,25.6,25.6,25.65,30.0,324.0,5345.0,36223.0,False,False
5880,2022-11-08 09:56:05.052379,0.0,-0.0038986354775827348,0.0,-0.09999999999999787,25.55,25.6,25.6,25.65,33.0,324.0,5345.0,36223.0,False,False
5880,2022-11-08 09:56:08.924987,0.0,-0.0038986354775827348,0.0,-0.09999999999999787,25.55,25.6,25.6,25.65,36.0,324.0,5345.0,36223.0,False,False
5880,2022-11-08 09:56:09.951567,0.0,-0.0038986354775827348,0.0,-0.09999999999999787,25.55,25.6,25.6,25.65,80.0,324.0,5345.0,36223.0,False,False
5880,2022-11-08 09:56:09.997093,0.0,-0.0038986354775827348,0.0,-0.09999999999999787,25.55,25.6,25.6,25.65,83.0,324.0,5345.0,36223.0,False,False
5880,2022-11-08 09:56:10.162688,0.0,-0.0038986354775827348,0.0,-0.09999999999999787,25.55,25.6,25.6,25.65,91.0,324.0,5345.0,36223.0,False,False
5880,2022-11-08 09:56:11.489987,0.0,-0.0038986354775827348,0.0,-0.09999999999999787,25.55,25.6,25.6,25.65,91.0,324.0,5345.0,36223.0,False,False
5880,2022-11-08 09:56:11.790164,0.0,-0.0038986354775827348,0.0,-0.09999999999999787,25.55,25.6,25.6,25.65,95.0,324.0,5345.0,36223.0,False,False
5880,2022-11-08 09:56:11.824279,0.0,-0.0038986354775827348,0.0,-0.09999999999999787,25.55,25.6,25.6,25.65,95.0,304.0,5345.0,36223.0,False,False
5880,2022-11-08 09:56:11.856068,0.0,-0.0038986354775827348,0.0,-0.09999999999999787,25.55,25.6,25.6,25.65,95.0,298.0,5345.0,36223.0,False,False
5880,2022-11-08 09:56:12.374675,0.0,-0.0038986354775827348,0.0,-0.09999999999999787,25.55,25.6,25.6,25.65,95.0,298.0,5545.0,36223.0,True,True
5880,2022-11-08 09:56:13.757427,0.0,-0.0038986354775827348,0.0,-0.09999999999999787,25.55,25.6,25.6,25.65,92.0,298.0,5545.0,36223.0,False,False
5880,2022-11-08 09:56:14.284603,0.0,-0.0038986354775827348,0.0,-0.09999999999999787,25.55,25.6,25.6,25.65,92.0,298.0,5545.0,36223.0,False,False
5880,2022-11-08 09:56:14.316202,0.0,-0.0038986354775827348,0.0,-0.09999999999999787,25.55,25.6,25.6,25.65,103.0,298.0,5545.0,36223.0,False,False
5880,2022-11-08 09:56:17.879540,0.0,-0.0038986354775827348,0.0,-0.09999999999999787,25.55,25.6,25.6,25.65,59.0,298.0,5545.0,36223.0,False,False
5880,2022-11-08 09:56:17.917034,0.0,-0.0038986354775827348,0.0,-0.09999999999999787,25.55,25.6,25.6,25.65,51.0,306.0,5545.0,36223.0,False,False
5880,2022-11-08 09:56:20.004709,0.0,-0.0038986354775827348,0.0,-0.09999999999999787,25.55,25.6,25.6,25.65,51.0,306.0,5545.0,36223.0,False,False
5880,2022-11-08 09:56:22.420271,0.0,-0.0038986354775827348,0.0,-0.09999999999999787,25.55,25.6,25.6,25.65,51.0,306.0,5680.0,36223.0,True,True
5880,2022-11-08 09:56:24.544916,0.0,-0.0038986354775827348,0.0,-0.09999999999999787,25.55,25.6,25.6,25.65,51.0,307.0,5680.0,36223.0,False,False
5880,2022-11-08 09:56:25.106945,0.0,-0.0038986354775827348,0.0,-0.09999999999999787,25.55,25.6,25.6,25.65,51.0,306.0,5680.0,36223.0,False,False
5880,2022-11-08 09:56:26.234868,0.0,-0.0038986354775827348,0.0,-0.09999999999999787,25.55,25.6,25.6,25.65,52.0,306.0,5680.0,36223.0,False,False
5880,2022-11-08 09:56:27.396469,0.0,-0.0038986354775827348,0.0,-0.09999999999999787,25.55,25.6,25.6,25.65,52.0,306.0,5680.0,36223.0,False,False
5880,2022-11-08 09:56:32.464277,0.0,-0.0038986354775827348,0.0,-0.09999999999999787,25.55,25.6,25.6,25.65,52.0,306.0,5684.0,36223.0,True,True
5880,2022-11-08 09:56:42.520214,0.0,-0.0038986354775827348,0.0,-0.09999999999999787,25.55,25.6,25.6,25.65,52.0,306.0,5684.0,36223.0,True,True
5880,2022-11-08 09:56:44.706548,0.0,-0.0038986354775827348,0.0,-0.09999999999999787,25.55,25.6,25.6,25.65,52.0,306.0,5684.0,36223.0,False,False
5880,2022-11-08 09:56:47.041356,0.0,-0.0038986354775827348,0.0,-0.09999999999999787,25.55,25.6,25.6,25.65,55.0,306.0,5684.0,36223.0,False,False
5880,2022-11-08 09:56:52.564686,0.0,-0.0038986354775827348,0.0,-0.09999999999999787,25.55,25.6,25.6,25.65,55.0,306.0,5694.0,36223.0,True,True
5880,2022-11-08 09:56:57.005811,0.0,-0.0038986354775827348,0.0,-0.09999999999999787,25.55,25.6,25.6,25.65,57.0,306.0,5694.0,36223.0,False,False
5880,2022-11-08 09:56:59.423770,0.0,-0.0038986354775827348,0.0,-0.09999999999999787,25.55,25.6,25.6,25.65,60.0,306.0,5694.0,36223.0,False,False
5880,2022-11-08 09:57:00.017729,0.0,-0.0038986354775827348,0.0,-0.09999999999999787,25.55,25.6,25.6,25.65,60.0,307.0,5694.0,36223.0,False,False
5880,2022-11-08 09:57:02.604966,0.0,-0.0038986354775827348,0.0,-0.09999999999999787,25.55,25.6,25.6,25.65,60.0,307.0,5240.0,36223.0,True,True
5880,2022-11-08 09:57:11.792286,0.0,-0.0038986354775827348,0.0,-0.09999999999999787,25.55,25.6,25.6,25.65,60.0,307.0,5240.0,36223.0,False,False
5880,2022-11-08 09:57:15.594000,0.0,-0.0038986354775827348,0.0,-0.09999999999999787,25.55,25.6,25.6,25.65,60.0,307.0,5240.0,36223.0,False,False
5880,2022-11-08 09:57:22.701880,0.0,-0.0038986354775827348,0.0,-0.09999999999999787,25.55,25.6,25.6,25.65,60.0,307.0,4815.0,36223.0,True,True
5880,2022-11-08 09:57:24.644542,0.0,-0.0038986354775827348,0.0,-0.09999999999999787,25.55,25.6,25.6,25.65,59.0,307.0,4815.0,36223.0,False,False
5880,2022-11-08 09:57:24.751439,0.0,-0.0038986354775827348,0.0,-0.09999999999999787,25.55,25.6,25.6,25.65,59.0,316.0,4815.0,36223.0,False,False
5880,2022-11-08 09:57:29.770824,0.0,-0.0038986354775827348,0.0,-0.09999999999999787,25.55,25.6,25.6,25.65,59.0,316.0,4815.0,36223.0,False,False
5880,2022-11-08 09:57:31.208803,0.0,-0.0038986354775827348,0.0,-0.09999999999999787,25.55,25.6,25.6,25.65,56.0,316.0,4815.0,36223.0,False,False
5880,2022-11-08 09:57:31.242121,0.0,-0.0038986354775827348,0.0,-0.09999999999999787,25.55,25.6,25.6,25.65,53.0,316.0,4815.0,36223.0,False,False
5880,2022-11-08 09:57:31.302188,0.0,-0.0038986354775827348,0.0,-0.09999999999999787,25.55,25.6,25.6,25.65,37.0,316.0,4815.0,36223.0,False,False
5880,2022-11-08 09:57:32.742955,0.0,-0.0038986354775827348,0.0,-0.09999999999999787,25.55,25.6,25.6,25.65,37.0,316.0,4833.0,36223.0,True,True
5880,2022-11-08 09:57:32.664165,0.0,-0.0038986354775827348,0.0,-0.09999999999999787,25.55,25.6,25.6,25.65,37.0,316.0,4833.0,36223.0,False,False
5880,2022-11-08 09:57:35.536633,0.0,-0.0038986354775827348,0.0,-0.09999999999999787,25.55,25.6,25.6,25.65,37.0,316.0,4833.0,36223.0,False,False
5880,2022-11-08 09:57:36.580570,0.0,-0.0038986354775827348,0.0,-0.09999999999999787,25.55,25.6,25.6,25.65,36.0,315.0,4833.0,36223.0,False,False
5880,2022-11-08 09:57:36.637207,0.0,-0.0038986354775827348,0.0,-0.09999999999999787,25.55,25.6,25.6,25.65,37.0,315.0,4833.0,36223.0,False,False
5880,2022-11-08 09:57:42.248341,0.0,-0.0038986354775827348,0.0,-0.09999999999999787,25.55,25.6,25.6,25.65,38.0,315.0,4833.0,36223.0,False,False
5880,2022-11-08 09:57:42.556640,0.0,-0.0038986354775827348,0.0,-0.09999999999999787,25.55,25.6,25.6,25.65,38.0,315.0,4833.0,36223.0,False,False
5880,2022-11-08 09:57:42.782087,0.0,-0.0038986354775827348,0.0,-0.09999999999999787,25.55,25.6,25.6,25.65,38.0,315.0,4833.0,36223.0,True,True
5880,2022-11-08 09:57:49.688902,0.0,-0.0038986354775827348,0.0,-0.09999999999999787,25.55,25.6,25.6,25.65,37.0,315.0,4833.0,36223.0,False,False
5880,2022-11-08 09:57:50.656766,0.0,-0.0038986354775827348,0.0,-0.09999999999999787,25.55,25.6,25.6,25.65,37.0,313.0,4833.0,36223.0,False,False
5880,2022-11-08 09:57:50.738923,0.0,-0.0038986354775827348,0.0,-0.09999999999999787,25.55,25.6,25.6,25.65,38.0,313.0,4833.0,36223.0,False,False
5880,2022-11-08 09:57:50.941819,0.0,-0.0038986354775827348,0.0,-0.09999999999999787,25.55,25.6,25.6,25.65,38.0,313.0,4833.0,36223.0,False,False
5880,2022-11-08 09:57:52.823284,0.0,-0.0038986354775827348,0.0,-0.09999999999999787,25.55,25.6,25.6,25.65,38.0,313.0,5338.0,36223.0,True,True
5880,2022-11-08 09:57:54.958881,0.0,-0.0038986354775827348,0.0,-0.09999999999999787,25.55,25.6,25.6,25.65,38.0,317.0,5338.0,36223.0,False,False
5880,2022-11-08 09:58:02.075582,0.0,-0.0038986354775827348,0.0,-0.09999999999999787,25.55,25.6,25.6,25.65,38.0,317.0,5338.0,6253.0,False,True
5880,2022-11-08 09:58:02.204159,0.0,-0.0038986354775827348,0.0,-0.09999999999999787,25.55,25.6,25.6,25.65,39.0,317.0,5338.0,6253.0,False,False
5880,2022-11-08 09:58:04.601192,0.0,-0.0038986354775827348,0.0,-0.09999999999999787,25.55,25.6,25.6,25.65,37.0,317.0,5338.0,6253.0,False,False
5880,2022-11-08 09:58:07.781369,0.0,-0.0038986354775827348,0.0,-0.09999999999999787,25.55,25.6,25.6,25.65,37.0,323.0,5338.0,6253.0,False,False
5880,2022-11-08 09:58:12.138017,0.0,-0.0038986354775827348,0.0,-0.09999999999999787,25.55,25.6,25.6,25.65,37.0,323.0,5438.0,6253.0,True,True
5880,2022-11-08 09:58:30.683464,0.0,-0.0038986354775827348,0.0,-0.09999999999999787,25.55,25.6,25.6,25.65,87.0,323.0,5438.0,6253.0,False,False
5880,2022-11-08 09:58:31.694138,0.0,-0.0038986354775827348,0.0,-0.09999999999999787,25.55,25.6,25.6,25.65,87.0,323.0,5438.0,6253.0,False,False
5880,2022-11-08 09:58:33.504691,0.0,-0.0038986354775827348,0.0,-0.09999999999999787,25.55,25.6,25.6,25.65,87.0,323.0,5438.0,6253.0,False,False
5880,2022-11-08 09:58:36.684173,0.0,-0.0038986354775827348,0.0,-0.09999999999999787,25.55,25.6,25.6,25.65,88.0,323.0,5438.0,6253.0,False,False
5880,2022-11-08 09:58:41.650558,0.0,-0.0038986354775827348,0.0,-0.09999999999999787,25.55,25.6,25.6,25.65,88.0,324.0,5438.0,6253.0,False,False
5880,2022-11-08 09:58:42.267063,0.0,-0.0038986354775827348,0.0,-0.09999999999999787,25.55,25.6,25.6,25.65,88.0,324.0,5438.0,6253.0,True,True
5880,2022-11-08 09:58:49.413843,0.0,-0.0038986354775827348,0.0,-0.09999999999999787,25.55,25.6,25.6,25.65,88.0,324.0,5438.0,6253.0,False,False
5880,2022-11-08 09:58:52.308130,0.0,-0.0038986354775827348,0.0,-0.09999999999999787,25.55,25.6,25.6,25.65,88.0,324.0,5438.0,6253.0,True,True
5880,2022-11-08 09:58:53.480809,0.0,-0.0038986354775827348,0.0,-0.09999999999999787,25.55,25.6,25.6,25.65,86.0,324.0,5438.0,6253.0,False,False
5880,2022-11-08 09:58:55.047861,0.0,-0.0038986354775827348,0.0,-0.09999999999999787,25.55,25.6,25.6,25.65,85.0,323.0,5438.0,6253.0,False,False
5880,2022-11-08 09:58:59.163503,0.0,-0.0038986354775827348,0.0,-0.09999999999999787,25.55,25.6,25.6,25.65,85.0,323.0,5438.0,6253.0,False,False
5880,2022-11-08 09:59:02.691579,0.0,-0.0038986354775827348,0.0,-0.09999999999999787,25.55,25.6,25.6,25.65,85.0,324.0,5438.0,6253.0,False,False
5880,2022-11-08 09:59:06.699512,0.0,-0.0038986354775827348,0.0,-0.09999999999999787,25.55,25.6,25.6,25.65,86.0,324.0,5438.0,6253.0,False,False
5880,2022-11-08 09:59:10.522386,0.0,-0.0038986354775827348,0.0,-0.09999999999999787,25.55,25.6,25.6,25.65,89.0,324.0,5438.0,6253.0,False,False
5880,2022-11-08 09:59:12.402780,0.0,-0.0038986354775827348,0.0,-0.09999999999999787,25.55,25.6,25.6,25.65,89.0,324.0,5472.0,6253.0,True,True
5880,2022-11-08 09:59:13.022237,0.0,-0.0038986354775827348,0.0,-0.09999999999999787,25.55,25.6,25.6,25.65,89.0,328.0,5472.0,6253.0,False,False
5880,2022-11-08 09:59:25.759635,0.0,-0.0038986354775827348,0.0,-0.09999999999999787,25.55,25.6,25.6,25.65,89.0,328.0,5472.0,6253.0,False,False
5880,2022-11-08 09:59:35.286114,0.0,-0.0038986354775827348,0.0,-0.09999999999999787,25.55,25.6,25.6,25.65,92.0,328.0,5472.0,6253.0,False,False
5880,2022-11-08 09:59:40.623923,0.0,-0.0038986354775827348,0.0,-0.09999999999999787,25.55,25.6,25.6,25.65,92.0,328.0,5472.0,6253.0,False,False
5880,2022-11-08 09:59:42.524329,0.0,-0.0038986354775827348,0.0,-0.09999999999999787,25.55,25.6,25.6,25.65,92.0,328.0,5472.0,6253.0,True,True
5880,2022-11-08 09:59:46.737051,0.0,-0.0038986354775827348,0.0,-0.09999999999999787,25.55,25.6,25.6,25.65,92.0,323.0,5472.0,6253.0,False,False
5880,2022-11-08 09:59:53.979067,0.0,-0.0038986354775827348,0.0,-0.09999999999999787,25.55,25.6,25.6,25.65,92.0,353.0,5472.0,6253.0,False,False
5880,2022-11-08 10:00:00.652042,0.0,-0.0038986354775827348,0.0,-0.09999999999999787,25.55,25.6,25.6,25.65,92.0,353.0,5472.0,6253.0,False,False
5880,2022-11-08 10:00:02.611772,0.0,-0.0038986354775827348,0.0,-0.09999999999999787,25.55,25.6,25.6,25.65,92.0,353.0,5466.0,6253.0,True,True
5880,2022-11-08 10:00:11.243671,0.0,-0.0038986354775827348,0.0,-0.09999999999999787,25.55,25.6,25.6,25.65,92.0,353.0,5466.0,6253.0,False,False
5880,2022-11-08 10:00:14.948637,0.0,-0.0038986354775827348,0.0,-0.09999999999999787,25.55,25.6,25.6,25.65,95.0,353.0,5466.0,6253.0,False,False
5880,2022-11-08 10:00:16.117558,0.0,-0.0038986354775827348,0.0,-0.09999999999999787,25.55,25.6,25.6,25.65,96.0,353.0,5466.0,6253.0,False,False
5880,2022-11-08 10:00:22.808244,0.0,-0.0038986354775827348,0.0,-0.09999999999999787,25.55,25.6,25.6,25.65,96.0,353.0,5472.0,6249.0,True,True
5880,2022-11-08 10:00:26.210308,0.0,-0.0038986354775827348,0.0,-0.09999999999999787,25.55,25.6,25.6,25.65,96.0,354.0,5472.0,6249.0,False,False
5880,2022-11-08 10:00:29.873676,0.0,-0.0038986354775827348,0.0,-0.09999999999999787,25.55,25.6,25.6,25.65,101.0,354.0,5472.0,6249.0,False,False
5880,2022-11-08 10:00:30.007436,0.0,-0.0038986354775827348,0.0,-0.09999999999999787,25.55,25.6,25.6,25.65,103.0,354.0,5472.0,6249.0,False,False
5880,2022-11-08 10:00:35.926396,0.0,-0.0038986354775827348,0.0,-0.09999999999999787,25.55,25.6,25.6,25.65,103.0,355.0,5472.0,6249.0,False,False
5880,2022-11-08 10:00:37.470396,0.0,-0.0038986354775827348,0.0,-0.09999999999999787,25.55,25.6,25.6,25.65,103.0,355.0,5472.0,6249.0,False,False
5880,2022-11-08 10:00:42.858081,0.0,-0.0038986354775827348,0.0,-0.09999999999999787,25.55,25.6,25.6,25.65,103.0,355.0,5472.0,6249.0,True,True
5880,2022-11-08 10:00:49.473832,0.0,-0.0038986354775827348,0.0,-0.09999999999999787,25.55,25.6,25.6,25.65,103.0,355.0,5472.0,6249.0,False,False
5880,2022-11-08 10:00:52.747831,0.0,-0.0038986354775827348,0.0,-0.09999999999999787,25.55,25.6,25.6,25.65,103.0,354.0,5472.0,6249.0,False,False
5880,2022-11-08 10:00:52.903231,0.0,-0.0038986354775827348,0.0,-0.09999999999999787,25.55,25.6,25.6,25.65,103.0,354.0,5672.0,6244.0,True,True
5880,2022-11-08 10:00:52.928968,0.0,-0.0038986354775827348,0.0,-0.09999999999999787,25.55,25.6,25.6,25.65,111.0,354.0,5672.0,6244.0,False,False
5880,2022-11-08 10:00:55.375261,0.0,-0.0038986354775827348,0.0,-0.09999999999999787,25.55,25.6,25.6,25.65,110.0,353.0,5672.0,6244.0,False,False
5880,2022-11-08 10:01:02.124824,0.0,-0.0038986354775827348,0.0,-0.09999999999999787,25.55,25.6,25.6,25.65,110.0,353.0,5772.0,6244.0,False,True
5880,2022-11-08 10:01:04.020594,0.0,-0.0038986354775827348,0.0,-0.09999999999999787,25.55,25.6,25.6,25.65,110.0,353.0,5772.0,6244.0,False,False
5880,2022-11-08 10:01:06.118700,0.0,-0.0038986354775827348,0.0,-0.09999999999999787,25.55,25.6,25.6,25.65,110.0,353.0,5772.0,6244.0,False,False
5880,2022-11-08 10:01:12.153706,0.0,-0.0038986354775827348,0.0,-0.09999999999999787,25.55,25.6,25.6,25.65,110.0,353.0,5852.0,6244.0,True,True
5880,2022-11-08 10:01:22.186674,0.0,-0.0038986354775827348,0.0,-0.09999999999999787,25.55,25.6,25.6,25.65,110.0,353.0,5852.0,5398.0,True,True
5880,2022-11-08 10:01:23.377217,0.0,-0.0038986354775827348,0.0,-0.09999999999999787,25.55,25.6,25.6,25.65,110.0,358.0,5852.0,5398.0,False,False
5880,2022-11-08 10:01:24.657979,0.0,-0.0038986354775827348,0.0,-0.09999999999999787,25.55,25.6,25.6,25.65,110.0,359.0,5852.0,5398.0,False,False
5880,2022-11-08 10:01:28.728848,0.0,-0.0038986354775827348,0.0,-0.09999999999999787,25.55,25.6,25.6,25.65,110.0,361.0,5852.0,5398.0,False,False
5880,2022-11-08 10:01:29.005162,0.0,-0.0038986354775827348,0.0,-0.09999999999999787,25.55,25.6,25.6,25.65,110.0,361.0,5852.0,5398.0,False,False
5880,2022-11-08 10:01:30.820427,0.0,-0.0038986354775827348,0.0,-0.09999999999999787,25.55,25.6,25.6,25.65,115.0,361.0,5852.0,5398.0,False,False
5880,2022-11-08 10:01:35.003604,0.0,-0.0038986354775827348,0.0,-0.09999999999999787,25.55,25.6,25.6,25.65,115.0,361.0,5852.0,5398.0,False,False
5880,2022-11-08 10:01:42.248673,0.0,-0.0038986354775827348,0.0,-0.09999999999999787,25.55,25.6,25.6,25.65,115.0,361.0,5852.0,5378.0,True,True
5880,2022-11-08 10:01:43.337932,0.0,-0.0038986354775827348,0.0,-0.09999999999999787,25.55,25.6,25.6,25.65,116.0,361.0,5852.0,5378.0,False,False
5880,2022-11-08 10:01:47.124092,0.0,-0.0038986354775827348,0.0,-0.09999999999999787,25.55,25.6,25.6,25.65,116.0,371.0,5852.0,5378.0,False,False
5880,2022-11-08 10:01:49.004985,0.0,-0.0038986354775827348,0.0,-0.09999999999999787,25.55,25.6,25.6,25.65,116.0,372.0,5852.0,5378.0,False,False
5880,2022-11-08 10:01:52.306239,0.0,-0.0038986354775827348,0.0,-0.09999999999999787,25.55,25.6,25.6,25.65,116.0,372.0,6052.0,5278.0,True,True
5880,2022-11-08 10:01:54.416105,0.0,-0.0038986354775827348,0.0,-0.09999999999999787,25.55,25.6,25.6,25.65,116.0,373.0,6052.0,5278.0,False,False
5880,2022-11-08 10:02:05.948588,0.0,-0.0038986354775827348,0.0,-0.09999999999999787,25.55,25.6,25.6,25.65,116.0,371.0,6052.0,5278.0,False,False
5880,2022-11-08 10:02:16.787257,0.0,-0.0038986354775827348,0.0,-0.09999999999999787,25.55,25.6,25.6,25.65,66.0,371.0,6052.0,5278.0,False,False
5880,2022-11-08 10:02:23.018121,0.0,-0.0038986354775827348,0.0,-0.09999999999999787,25.55,25.6,25.6,25.65,65.0,370.0,6052.0,5278.0,False,False
5880,2022-11-08 10:02:24.107068,0.0,-0.0038986354775827348,0.0,-0.09999999999999787,25.55,25.6,25.6,25.65,64.0,370.0,6052.0,5278.0,False,False
5880,2022-11-08 10:02:24.202379,0.0,-0.0038986354775827348,0.0,-0.09999999999999787,25.55,25.6,25.6,25.65,56.0,370.0,6052.0,5278.0,False,False
5880,2022-11-08 10:02:25.924796,0.0,-0.0038986354775827348,0.0,-0.09999999999999787,25.55,25.6,25.6,25.65,56.0,370.0,6052.0,5278.0,False,False
5880,2022-11-08 10:02:27.650013,0.0,-0.0038986354775827348,0.0,-0.09999999999999787,25.55,25.6,25.6,25.65,56.0,370.0,6052.0,5278.0,False,False
5880,2022-11-08 10:02:32.482929,0.0,-0.0038986354775827348,0.0,-0.09999999999999787,25.55,25.6,25.6,25.65,56.0,370.0,6452.0,5278.0,True,True
5880,2022-11-08 10:02:42.522114,0.0,-0.0038986354775827348,0.0,-0.09999999999999787,25.55,25.6,25.6,25.65,56.0,370.0,6452.0,5278.0,True,True
5880,2022-11-08 10:02:46.319228,0.0,-0.0038986354775827348,0.0,-0.09999999999999787,25.55,25.6,25.6,25.65,56.0,370.0,6452.0,5278.0,False,False
5880,2022-11-08 10:02:47.624385,0.0,-0.0038986354775827348,0.0,-0.09999999999999787,25.55,25.6,25.6,25.65,56.0,370.0,6452.0,5278.0,False,False
5880,2022-11-08 10:02:47.649873,0.0,-0.0038986354775827348,0.0,-0.09999999999999787,25.55,25.6,25.6,25.65,56.0,370.0,6452.0,5278.0,False,False
5880,2022-11-08 10:02:48.310357,0.0,-0.0038986354775827348,0.0,-0.09999999999999787,25.55,25.6,25.6,25.65,55.0,370.0,6452.0,5278.0,False,False
5880,2022-11-08 10:02:52.556520,0.0,-0.0038986354775827348,0.0,-0.09999999999999787,25.55,25.6,25.6,25.65,55.0,370.0,6452.0,5278.0,True,True
5880,2022-11-08 10:02:56.991433,0.0,-0.0038986354775827348,0.0,-0.09999999999999787,25.55,25.6,25.6,25.65,55.0,370.0,6452.0,5278.0,False,False
5880,2022-11-08 10:03:01.074443,0.0,-0.0038986354775827348,0.0,-0.09999999999999787,25.55,25.6,25.6,25.65,55.0,370.0,6452.0,5278.0,False,False
5880,2022-11-08 10:03:02.589520,0.0,-0.0038986354775827348,0.0,-0.09999999999999787,25.55,25.6,25.6,25.65,55.0,370.0,6452.0,5285.0,True,True
5880,2022-11-08 10:03:06.879123,0.0,-0.0038986354775827348,0.0,-0.09999999999999787,25.55,25.6,25.6,25.65,55.0,369.0,6452.0,5285.0,False,False
5880,2022-11-08 10:03:12.619641,0.0,-0.0038986354775827348,0.0,-0.09999999999999787,25.55,25.6,25.6,25.65,55.0,369.0,6452.0,5335.0,True,True
5880,2022-11-08 10:03:12.880980,0.0,-0.0038986354775827348,0.0,-0.09999999999999787,25.55,25.6,25.6,25.65,57.0,369.0,6452.0,5335.0,False,False
5880,2022-11-08 10:03:22.317972,0.0,-0.0038986354775827348,0.0,-0.09999999999999787,25.55,25.6,25.6,25.65,63.0,369.0,6452.0,5335.0,False,False
5880,2022-11-08 10:03:22.405766,0.0,-0.0038986354775827348,0.0,-0.09999999999999787,25.55,25.6,25.6,25.65,64.0,369.0,6452.0,5335.0,False,False
5880,2022-11-08 10:03:22.688296,0.0,-0.0038986354775827348,0.0,-0.09999999999999787,25.55,25.6,25.6,25.65,64.0,369.0,6452.0,5335.0,True,True
5880,2022-11-08 10:03:32.718440,0.0,-0.0038986354775827348,0.0,-0.09999999999999787,25.55,25.6,25.6,25.65,64.0,369.0,6482.0,5575.0,True,True
5880,2022-11-08 10:03:42.913868,0.0,-0.0038986354775827348,0.0,-0.09999999999999787,25.55,25.6,25.6,25.65,64.0,370.0,6482.0,5575.0,False,False
5880,2022-11-08 10:03:52.504424,0.0,-0.0038986354775827348,0.0,-0.09999999999999787,25.55,25.6,25.6,25.65,67.0,370.0,6482.0,5575.0,False,False
5880,2022-11-08 10:03:56.251169,0.0,-0.0038986354775827348,0.0,-0.09999999999999787,25.55,25.6,25.6,25.65,69.0,370.0,6482.0,5575.0,False,False
5880,2022-11-08 10:03:59.099403,0.0,-0.0038986354775827348,0.0,-0.09999999999999787,25.55,25.6,25.6,25.65,69.0,370.0,6482.0,5575.0,False,False
5880,2022-11-08 10:04:02.243306,0.0,-0.0038986354775827348,0.0,-0.09999999999999787,25.55,25.6,25.6,25.65,69.0,370.0,6482.0,5575.0,False,True
5880,2022-11-08 10:04:05.256520,0.0,-0.0038986354775827348,0.0,-0.09999999999999787,25.55,25.6,25.6,25.65,69.0,371.0,6482.0,5575.0,False,False
5880,2022-11-08 10:04:07.715721,0.0,-0.0038986354775827348,0.0,-0.09999999999999787,25.55,25.6,25.6,25.65,69.0,371.0,6482.0,5575.0,False,False
5880,2022-11-08 10:04:11.550886,0.0,-0.0038986354775827348,0.0,-0.09999999999999787,25.55,25.6,25.6,25.65,69.0,373.0,6482.0,5575.0,False,False
5880,2022-11-08 10:04:12.398428,0.0,-0.0038986354775827348,0.0,-0.09999999999999787,25.55,25.6,25.6,25.65,69.0,377.0,6482.0,5575.0,False,False
5880,2022-11-08 10:04:27.480613,0.0,-0.0038986354775827348,0.0,-0.09999999999999787,25.55,25.6,25.6,25.65,69.0,377.0,6482.0,5575.0,False,False
5880,2022-11-08 10:04:28.231754,0.0,-0.0038986354775827348,0.0,-0.09999999999999787,25.55,25.6,25.6,25.65,69.0,377.0,6482.0,5575.0,False,False
5880,2022-11-08 10:04:31.770698,0.0,-0.0038986354775827348,0.0,-0.09999999999999787,25.55,25.6,25.6,25.65,69.0,377.0,6482.0,5575.0,False,False
5880,2022-11-08 10:04:32.378563,0.0,-0.0038986354775827348,0.0,-0.09999999999999787,25.55,25.6,25.6,25.65,69.0,377.0,6582.0,5575.0,True,True
5880,2022-11-08 10:04:40.212854,0.0,-0.0038986354775827348,0.0,-0.09999999999999787,25.55,25.6,25.6,25.65,69.0,378.0,6582.0,5575.0,False,False
5880,2022-11-08 10:04:44.818605,0.0,-0.0038986354775827348,0.0,-0.09999999999999787,25.55,25.6,25.6,25.65,77.0,378.0,6582.0,5575.0,False,False
5880,2022-11-08 10:04:48.269689,0.0,-0.0038986354775827348,0.0,-0.09999999999999787,25.55,25.6,25.6,25.65,77.0,379.0,6582.0,5575.0,False,False
5880,2022-11-08 10:04:52.465775,0.0,-0.0038986354775827348,0.0,-0.09999999999999787,25.55,25.6,25.6,25.65,77.0,379.0,6582.0,5525.0,True,True
5880,2022-11-08 10:05:02.501653,0.0,-0.0038986354775827348,0.0,-0.09999999999999787,25.55,25.6,25.6,25.65,77.0,379.0,6582.0,5520.0,True,True
5880,2022-11-08 10:05:07.193388,0.0,-0.0038986354775827348,0.0,-0.09999999999999787,25.55,25.6,25.6,25.65,77.0,379.0,6582.0,5520.0,False,False
5880,2022-11-08 10:05:19.191256,0.0,-0.0038986354775827348,0.0,-0.09999999999999787,25.55,25.6,25.6,25.65,77.0,379.0,6582.0,5520.0,False,False
5880,2022-11-08 10:05:22.651051,0.0,-0.0038986354775827348,0.0,-0.09999999999999787,25.55,25.6,25.6,25.65,77.0,379.0,6587.0,5520.0,True,True
5880,2022-11-08 10:05:26.459777,0.0,-0.0038986354775827348,0.0,-0.09999999999999787,25.55,25.6,25.6,25.65,77.0,385.0,6587.0,5520.0,False,False
5880,2022-11-08 10:05:32.727274,0.0,-0.0038986354775827348,0.0,-0.09999999999999787,25.55,25.6,25.6,25.65,77.0,385.0,6587.0,5762.0,True,True
5880,2022-11-08 10:05:33.256467,0.0,-0.0038986354775827348,0.0,-0.09999999999999787,25.55,25.6,25.6,25.65,77.0,385.0,6587.0,5762.0,False,False
5880,2022-11-08 10:05:38.503652,0.0,-0.0038986354775827348,0.0,-0.09999999999999787,25.55,25.6,25.6,25.65,77.0,386.0,6587.0,5762.0,False,False
5880,2022-11-08 10:05:42.786868,0.0,-0.0038986354775827348,0.0,-0.09999999999999787,25.55,25.6,25.6,25.65,77.0,386.0,6607.0,5762.0,True,True
5880,2022-11-08 10:05:52.842484,0.0,-0.0038986354775827348,0.0,-0.09999999999999787,25.55,25.6,25.6,25.65,77.0,386.0,6607.0,6062.0,True,True
5880,2022-11-08 10:05:54.902223,0.0,-0.0038986354775827348,0.0,-0.09999999999999787,25.55,25.6,25.6,25.65,77.0,386.0,6607.0,6062.0,False,False
5880,2022-11-08 10:06:02.887791,0.0,-0.0038986354775827348,0.0,-0.09999999999999787,25.55,25.6,25.6,25.65,77.0,386.0,6627.0,6068.0,True,True
5880,2022-11-08 10:06:10.175431,0.0,-0.0038986354775827348,0.0,-0.09999999999999787,25.55,25.6,25.6,25.65,77.0,387.0,6627.0,6068.0,False,False
5880,2022-11-08 10:06:13.489079,0.0,-0.0038986354775827348,0.0,-0.09999999999999787,25.55,25.6,25.6,25.65,77.0,387.0,6627.0,6068.0,False,False
5880,2022-11-08 10:06:20.044378,0.0,-0.0038986354775827348,0.0,-0.09999999999999787,25.55,25.6,25.6,25.65,76.0,386.0,6627.0,6068.0,False,False
5880,2022-11-08 10:06:22.763888,0.0,-0.0038986354775827348,0.0,-0.09999999999999787,25.55,25.6,25.6,25.65,76.0,385.0,6627.0,6068.0,False,False
5880,2022-11-08 10:06:31.669760,0.0,-0.0038986354775827348,0.0,-0.09999999999999787,25.55,25.6,25.6,25.65,76.0,385.0,6627.0,6068.0,False,False
5880,2022-11-08 10:06:33.018230,0.0,-0.0038986354775827348,0.0,-0.09999999999999787,25.55,25.6,25.6,25.65,76.0,385.0,6627.0,6068.0,True,True
5880,2022-11-08 10:06:35.242925,0.0,-0.0038986354775827348,0.0,-0.09999999999999787,25.55,25.6,25.6,25.65,80.0,385.0,6627.0,6068.0,False,False
5880,2022-11-08 10:06:39.513507,0.0,-0.0038986354775827348,0.0,-0.09999999999999787,25.55,25.6,25.6,25.65,90.0,385.0,6627.0,6068.0,False,False
5880,2022-11-08 10:06:39.598768,0.0,-0.0038986354775827348,0.0,-0.09999999999999787,25.55,25.6,25.6,25.65,91.0,385.0,6627.0,6068.0,False,False
5880,2022-11-08 10:06:42.764118,0.0,-0.0038986354775827348,0.0,-0.09999999999999787,25.55,25.6,25.6,25.65,91.0,387.0,6627.0,6068.0,False,False
5880,2022-11-08 10:06:43.054115,0.0,-0.0038986354775827348,0.0,-0.09999999999999787,25.55,25.6,25.6,25.65,91.0,387.0,6727.0,6018.0,True,True
5880,2022-11-08 10:06:53.090010,0.0,-0.0038986354775827348,0.0,-0.09999999999999787,25.55,25.6,25.6,25.65,91.0,387.0,6727.0,6018.0,True,True
5880,2022-11-08 10:06:53.894389,0.0,-0.0038986354775827348,0.0,-0.09999999999999787,25.55,25.6,25.6,25.65,91.0,392.0,6727.0,6018.0,False,False
5880,2022-11-08 10:07:02.330132,0.0,-0.0038986354775827348,0.0,-0.09999999999999787,25.55,25.6,25.6,25.65,91.0,392.0,6727.0,5628.0,False,True
5880,2022-11-08 10:07:03.441222,0.0,-0.0038986354775827348,0.0,-0.09999999999999787,25.55,25.6,25.6,25.65,97.0,392.0,6727.0,5628.0,False,False
5880,2022-11-08 10:07:22.450501,0.0,-0.0038986354775827348,0.0,-0.09999999999999787,25.55,25.6,25.6,25.65,97.0,392.0,6827.0,5598.0,True,True
5880,2022-11-08 10:07:23.585173,0.0,-0.0038986354775827348,0.0,-0.09999999999999787,25.55,25.6,25.6,25.65,97.0,392.0,6827.0,5598.0,False,False
5880,2022-11-08 10:07:30.798384,0.0,-0.0038986354775827348,0.0,-0.09999999999999787,25.55,25.6,25.6,25.65,97.0,391.0,6827.0,5598.0,False,False
5880,2022-11-08 10:07:31.004601,0.0,-0.0038986354775827348,0.0,-0.09999999999999787,25.55,25.6,25.6,25.65,97.0,401.0,6827.0,5598.0,False,False
5880,2022-11-08 10:07:35.660357,0.0,-0.0038986354775827348,0.0,-0.09999999999999787,25.55,25.6,25.6,25.65,97.0,402.0,6827.0,5598.0,False,False
5880,2022-11-08 10:07:37.673871,0.0,-0.0038986354775827348,0.0,-0.09999999999999787,25.55,25.6,25.6,25.65,97.0,402.0,6827.0,5598.0,False,False
5880,2022-11-08 10:07:42.534976,0.0,-0.0038986354775827348,0.0,-0.09999999999999787,25.55,25.6,25.6,25.65,97.0,402.0,6827.0,5498.0,True,True
5880,2022-11-08 10:07:42.733060,0.0,-0.0038986354775827348,0.0,-0.09999999999999787,25.55,25.6,25.6,25.65,96.0,402.0,6827.0,5498.0,False,False
5880,2022-11-08 10:07:43.566850,0.0,-0.0038986354775827348,0.0,-0.09999999999999787,25.55,25.6,25.6,25.65,96.0,402.0,6827.0,5498.0,False,False
5880,2022-11-08 10:07:46.451532,0.0,-0.0038986354775827348,0.0,-0.09999999999999787,25.55,25.6,25.6,25.65,96.0,402.0,6827.0,5498.0,False,False
5880,2022-11-08 10:07:52.588420,0.0,-0.0038986354775827348,0.0,-0.09999999999999787,25.55,25.6,25.6,25.65,96.0,402.0,7187.0,6060.0,True,True
5880,2022-11-08 10:08:02.630614,0.0,-0.0038986354775827348,0.0,-0.09999999999999787,25.55,25.6,25.6,25.65,96.0,402.0,7197.0,6060.0,True,True
5880,2022-11-08 10:08:02.696166,0.0,-0.0038986354775827348,0.0,-0.09999999999999787,25.55,25.6,25.6,25.65,99.0,402.0,7197.0,6060.0,False,False
5880,2022-11-08 10:08:12.674868,0.0,-0.0038986354775827348,0.0,-0.09999999999999787,25.55,25.6,25.6,25.65,99.0,402.0,7197.0,6060.0,True,True
5880,2022-11-08 10:08:15.212677,0.0,-0.0038986354775827348,0.0,-0.09999999999999787,25.55,25.6,25.6,25.65,98.0,402.0,7197.0,6060.0,False,False
5880,2022-11-08 10:08:17.327875,0.0,-0.0038986354775827348,0.0,-0.09999999999999787,25.55,25.6,25.6,25.65,98.0,402.0,7197.0,6060.0,False,False
5880,2022-11-08 10:08:29.534230,0.0,-0.0038986354775827348,0.0,-0.09999999999999787,25.55,25.6,25.6,25.65,96.0,402.0,7197.0,6060.0,False,False
5880,2022-11-08 10:08:30.785486,0.0,-0.0038986354775827348,0.0,-0.09999999999999787,25.55,25.6,25.6,25.65,97.0,402.0,7197.0,6060.0,False,False
5880,2022-11-08 10:08:38.501293,0.0,-0.0038986354775827348,0.0,-0.09999999999999787,25.55,25.6,25.6,25.65,97.0,402.0,7197.0,6060.0,False,False
5880,2022-11-08 10:08:42.806607,0.0,-0.0038986354775827348,0.0,-0.09999999999999787,25.55,25.6,25.6,25.65,97.0,402.0,7197.0,6060.0,True,True
5880,2022-11-08 10:08:52.845745,0.0,-0.0038986354775827348,0.0,-0.09999999999999787,25.55,25.6,25.6,25.65,97.0,402.0,7147.0,6060.0,True,True
5880,2022-11-08 10:08:56.978975,0.0,-0.0038986354775827348,0.0,-0.09999999999999787,25.55,25.6,25.6,25.65,98.0,402.0,7147.0,6060.0,False,False
5880,2022-11-08 10:08:59.963514,0.0,-0.0038986354775827348,0.0,-0.09999999999999787,25.55,25.6,25.6,25.65,98.0,403.0,7147.0,6060.0,False,False
5880,2022-11-08 10:09:00.259457,0.0,-0.0038986354775827348,0.0,-0.09999999999999787,25.55,25.6,25.6,25.65,101.0,403.0,7147.0,6060.0,False,False
5880,2022-11-08 10:09:00.334854,0.0,-0.0038986354775827348,0.0,-0.09999999999999787,25.55,25.6,25.6,25.65,102.0,403.0,7147.0,6060.0,False,False
5880,2022-11-08 10:09:01.451391,0.0,-0.0038986354775827348,0.0,-0.09999999999999787,25.55,25.6,25.6,25.65,108.0,403.0,7147.0,6060.0,False,False
5880,2022-11-08 10:09:02.879756,0.0,-0.0038986354775827348,0.0,-0.09999999999999787,25.55,25.6,25.6,25.65,108.0,403.0,7141.0,6060.0,True,True
5880,2022-11-08 10:09:06.968751,0.0,-0.0038986354775827348,0.0,-0.09999999999999787,25.55,25.6,25.6,25.65,108.0,403.0,7141.0,6060.0,False,False
5880,2022-11-08 10:09:08.820675,0.0,-0.0038986354775827348,0.0,-0.09999999999999787,25.55,25.6,25.6,25.65,111.0,403.0,7141.0,6060.0,False,False
5880,2022-11-08 10:09:11.367914,0.0,-0.0038986354775827348,0.0,-0.09999999999999787,25.55,25.6,25.6,25.65,111.0,403.0,7141.0,6060.0,False,False
5880,2022-11-08 10:09:12.919912,0.0,-0.0038986354775827348,0.0,-0.09999999999999787,25.55,25.6,25.6,25.65,111.0,403.0,7141.0,6220.0,True,True
5880,2022-11-08 10:09:16.127860,0.0,-0.0038986354775827348,0.0,-0.09999999999999787,25.55,25.6,25.6,25.65,107.0,403.0,7141.0,6220.0,False,False
5880,2022-11-08 10:09:16.174168,0.0,-0.0038986354775827348,0.0,-0.09999999999999787,25.55,25.6,25.6,25.65,107.0,407.0,7141.0,6220.0,False,False
5880,2022-11-08 10:09:17.955332,0.0,-0.0038986354775827348,0.0,-0.09999999999999787,25.55,25.6,25.6,25.65,107.0,407.0,7141.0,6220.0,False,False
5880,2022-11-08 10:09:22.958840,0.0,-0.0038986354775827348,0.0,-0.09999999999999787,25.55,25.6,25.6,25.65,107.0,407.0,7146.0,6220.0,True,True
5880,2022-11-08 10:09:24.479808,0.0,-0.0038986354775827348,0.0,-0.09999999999999787,25.55,25.6,25.6,25.65,107.0,407.0,7146.0,6220.0,False,False
5880,2022-11-08 10:09:29.152379,0.0,-0.0038986354775827348,0.0,-0.09999999999999787,25.55,25.6,25.6,25.65,107.0,408.0,7146.0,6220.0,False,False
5880,2022-11-08 10:09:29.504472,0.0,-0.0038986354775827348,0.0,-0.09999999999999787,25.55,25.6,25.6,25.65,107.0,408.0,7146.0,6220.0,False,False
5880,2022-11-08 10:09:31.675728,0.0,-0.0038986354775827348,0.0,-0.09999999999999787,25.55,25.6,25.6,25.65,112.0,408.0,7146.0,6220.0,False,False
5880,2022-11-08 10:09:43.045223,0.0,-0.0038986354775827348,0.0,-0.09999999999999787,25.55,25.6,25.6,25.65,112.0,408.0,7146.0,6720.0,True,True
5880,2022-11-08 10:09:45.633985,0.0,-0.0038986354775827348,0.0,-0.09999999999999787,25.55,25.6,25.6,25.65,111.0,408.0,7146.0,6720.0,False,False
5880,2022-11-08 10:09:48.508517,0.0,-0.0038986354775827348,0.0,-0.09999999999999787,25.55,25.6,25.6,25.65,111.0,409.0,7146.0,6720.0,False,False
5880,2022-11-08 10:09:53.086635,0.0,-0.0038986354775827348,0.0,-0.09999999999999787,25.55,25.6,25.6,25.65,111.0,409.0,7146.0,7719.0,True,True
5880,2022-11-08 10:09:57.834897,0.0,-0.0038986354775827348,0.0,-0.09999999999999787,25.55,25.6,25.6,25.65,112.0,409.0,7146.0,7719.0,False,False
5880,2022-11-08 10:10:02.528706,0.0,-0.0038986354775827348,0.0,-0.09999999999999787,25.55,25.6,25.6,25.65,112.0,409.0,7146.0,8718.0,False,True
5880,2022-11-08 10:10:12.564494,0.0,-0.0038986354775827348,0.0,-0.09999999999999787,25.55,25.6,25.6,25.65,112.0,409.0,7146.0,8718.0,True,True
5880,2022-11-08 10:10:15.945042,0.0,-0.0038986354775827348,0.0,-0.09999999999999787,25.55,25.6,25.6,25.65,112.0,409.0,7146.0,8718.0,False,False
5880,2022-11-08 10:10:19.832404,0.0,-0.0038986354775827348,0.0,-0.09999999999999787,25.55,25.6,25.6,25.65,112.0,409.0,7146.0,8718.0,False,False
5880,2022-11-08 10:10:22.740871,0.0,-0.0038986354775827348,0.0,-0.09999999999999787,25.55,25.6,25.6,25.65,111.0,409.0,7146.0,8718.0,False,False
5880,2022-11-08 10:10:25.264392,0.0,-0.0038986354775827348,0.0,-0.09999999999999787,25.55,25.6,25.6,25.65,111.0,409.0,7146.0,8718.0,False,False
5880,2022-11-08 10:10:29.285089,0.0,-0.0038986354775827348,0.0,-0.09999999999999787,25.55,25.6,25.6,25.65,81.0,379.0,7146.0,8718.0,False,False
5880,2022-11-08 10:10:29.369465,0.0,-0.0038986354775827348,0.0,-0.09999999999999787,25.55,25.6,25.6,25.65,82.0,379.0,7146.0,8718.0,False,False
5880,2022-11-08 10:10:30.323670,0.0,-0.0038986354775827348,0.0,-0.09999999999999787,25.55,25.6,25.6,25.65,90.0,379.0,7146.0,8718.0,False,False
5880,2022-11-08 10:10:30.964333,0.0,-0.0038986354775827348,0.0,-0.09999999999999787,25.55,25.6,25.6,25.65,98.0,379.0,7146.0,8718.0,False,False
5880,2022-11-08 10:10:35.130631,0.0,-0.0038986354775827348,0.0,-0.09999999999999787,25.55,25.6,25.6,25.65,99.0,379.0,7146.0,8718.0,False,False
5880,2022-11-08 10:10:35.894747,0.0,-0.0038986354775827348,0.0,-0.09999999999999787,25.55,25.6,25.6,25.65,100.0,379.0,7146.0,8718.0,False,False
5880,2022-11-08 10:10:36.910766,0.0,-0.0038986354775827348,0.0,-0.09999999999999787,25.55,25.6,25.6,25.65,99.0,379.0,7146.0,8718.0,False,False
5880,2022-11-08 10:10:36.917960,0.0,-0.0038986354775827348,0.0,-0.09999999999999787,25.55,25.6,25.6,25.65,99.0,378.0,7146.0,8718.0,False,False
5880,2022-11-08 10:10:40.069821,0.0,-0.0038986354775827348,0.0,-0.09999999999999787,25.55,25.6,25.6,25.65,98.0,377.0,7146.0,8718.0,False,False
5880,2022-11-08 10:10:42.768821,0.0,-0.0038986354775827348,0.0,-0.09999999999999787,25.55,25.6,25.6,25.65,98.0,377.0,6646.0,8718.0,True,True
5880,2022-11-08 10:10:43.638805,0.0,-0.0038986354775827348,0.0,-0.09999999999999787,25.55,25.6,25.6,25.65,100.0,377.0,6646.0,8718.0,False,False
5880,2022-11-08 10:10:49.580232,0.0,-0.0038986354775827348,0.0,-0.09999999999999787,25.55,25.6,25.6,25.65,103.0,377.0,6646.0,8718.0,False,False
5880,2022-11-08 10:10:49.612118,0.0,-0.0038986354775827348,0.0,-0.09999999999999787,25.55,25.6,25.6,25.65,107.0,377.0,6646.0,8718.0,False,False
5880,2022-11-08 10:10:50.409747,0.0,-0.0038986354775827348,0.0,-0.09999999999999787,25.55,25.6,25.6,25.65,107.0,377.0,6646.0,8718.0,False,False
5880,2022-11-08 10:10:51.656400,0.0,-0.0038986354775827348,0.0,-0.09999999999999787,25.55,25.6,25.6,25.65,106.0,377.0,6646.0,8718.0,False,False
5880,2022-11-08 10:10:56.334063,0.0,-0.0038986354775827348,0.0,-0.09999999999999787,25.55,25.6,25.6,25.65,99.0,377.0,6646.0,8718.0,False,False
5880,2022-11-08 10:10:56.625706,0.0,-0.0038986354775827348,0.0,-0.09999999999999787,25.55,25.6,25.6,25.65,102.0,377.0,6646.0,8718.0,False,False
5880,2022-11-08 10:11:02.822832,0.0,-0.0038986354775827348,0.0,-0.09999999999999787,25.55,25.6,25.6,25.65,102.0,377.0,6646.0,8718.0,True,True
5880,2022-11-08 10:11:03.528055,0.0,-0.0038986354775827348,0.0,-0.09999999999999787,25.55,25.6,25.6,25.65,101.0,377.0,6646.0,8718.0,False,False
5880,2022-11-08 10:11:05.056365,0.0,-0.0038986354775827348,0.0,-0.09999999999999787,25.55,25.6,25.6,25.65,101.0,377.0,6646.0,8718.0,False,False
5880,2022-11-08 10:11:08.045828,0.0,-0.0038986354775827348,0.0,-0.09999999999999787,25.55,25.6,25.6,25.65,101.0,377.0,6646.0,8718.0,False,False
5880,2022-11-08 10:11:21.792380,0.0,-0.0038986354775827348,0.0,-0.09999999999999787,25.55,25.6,25.6,25.65,101.0,377.0,6646.0,8718.0,False,False
5880,2022-11-08 10:11:22.887239,0.0,-0.0038986354775827348,0.0,-0.09999999999999787,25.55,25.6,25.6,25.65,101.0,377.0,6646.0,8718.0,True,True
5880,2022-11-08 10:11:37.036869,0.0,-0.0038986354775827348,0.0,-0.09999999999999787,25.55,25.6,25.6,25.65,103.0,377.0,6646.0,8718.0,False,False
5880,2022-11-08 10:11:37.664630,0.0,-0.0038986354775827348,0.0,-0.09999999999999787,25.55,25.6,25.6,25.65,103.0,377.0,6646.0,8718.0,False,False
5880,2022-11-08 10:11:37.667094,0.0,-0.0038986354775827348,0.0,-0.09999999999999787,25.55,25.6,25.6,25.65,103.0,378.0,6646.0,8718.0,False,False
5880,2022-11-08 10:11:39.820633,0.0,-0.0038986354775827348,0.0,-0.09999999999999787,25.55,25.6,25.6,25.65,103.0,378.0,6646.0,8718.0,False,False
5880,2022-11-08 10:11:48.321682,0.0,-0.0038986354775827348,0.0,-0.09999999999999787,25.55,25.6,25.6,25.65,102.0,378.0,6646.0,8718.0,False,False
5880,2022-11-08 10:11:51.317372,0.0,-0.0038986354775827348,0.0,-0.09999999999999787,25.55,25.6,25.6,25.65,103.0,378.0,6646.0,8718.0,False,False
5880,2022-11-08 10:11:52.985319,0.0,-0.0038986354775827348,0.0,-0.09999999999999787,25.55,25.6,25.6,25.65,103.0,378.0,6746.0,8718.0,True,True
5880,2022-11-08 10:11:54.407383,0.0,-0.0038986354775827348,0.0,-0.09999999999999787,25.55,25.6,25.6,25.65,103.0,377.0,6746.0,8718.0,False,False
5880,2022-11-08 10:11:57.483488,0.0,-0.0038986354775827348,0.0,-0.09999999999999787,25.55,25.6,25.6,25.65,103.0,378.0,6746.0,8718.0,False,False
5880,2022-11-08 10:12:02.384315,0.0,-0.0038986354775827348,0.0,-0.09999999999999787,25.55,25.6,25.6,25.65,103.0,378.0,6746.0,8718.0,False,False
5880,2022-11-08 10:12:03.014876,0.0,-0.0038986354775827348,0.0,-0.09999999999999787,25.55,25.6,25.6,25.65,103.0,378.0,6739.0,8218.0,True,True
5880,2022-11-08 10:12:03.319902,0.0,-0.0038986354775827348,0.0,-0.09999999999999787,25.55,25.6,25.6,25.65,103.0,379.0,6739.0,8218.0,False,False
5880,2022-11-08 10:12:13.054824,0.0,-0.0038986354775827348,0.0,-0.09999999999999787,25.55,25.6,25.6,25.65,103.0,379.0,6746.0,8217.0,True,True
5880,2022-11-08 10:12:20.275108,0.0,-0.0038986354775827348,0.0,-0.09999999999999787,25.55,25.6,25.6,25.65,103.0,379.0,6746.0,8217.0,False,False
5880,2022-11-08 10:12:23.082909,0.0,-0.0038986354775827348,0.0,-0.09999999999999787,25.55,25.6,25.6,25.65,103.0,379.0,6776.0,8217.0,True,True
5880,2022-11-08 10:12:25.360210,0.0,-0.0038986354775827348,0.0,-0.09999999999999787,25.55,25.6,25.6,25.65,103.0,379.0,6776.0,8217.0,False,False
5880,2022-11-08 10:12:26.508224,0.0,-0.0038986354775827348,0.0,-0.09999999999999787,25.55,25.6,25.6,25.65,103.0,379.0,6776.0,8217.0,False,False
5880,2022-11-08 10:12:34.994728,0.0,-0.0038986354775827348,0.0,-0.09999999999999787,25.55,25.6,25.6,25.65,104.0,379.0,6776.0,8217.0,False,False
5880,2022-11-08 10:12:40.156010,0.0,-0.0038986354775827348,0.0,-0.09999999999999787,25.55,25.6,25.6,25.65,104.0,380.0,6776.0,8217.0,False,False
5880,2022-11-08 10:12:40.302073,0.0,-0.0038986354775827348,0.0,-0.09999999999999787,25.55,25.6,25.6,25.65,103.0,380.0,6776.0,8217.0,False,False
5880,2022-11-08 10:12:40.358796,0.0,-0.0038986354775827348,0.0,-0.09999999999999787,25.55,25.6,25.6,25.65,103.0,379.0,6776.0,8217.0,False,False
5880,2022-11-08 10:12:43.150280,0.0,-0.0038986354775827348,0.0,-0.09999999999999787,25.55,25.6,25.6,25.65,103.0,379.0,6896.0,8217.0,True,True
5880,2022-11-08 10:12:44.033306,0.0,-0.0038986354775827348,0.0,-0.09999999999999787,25.55,25.6,25.6,25.65,109.0,379.0,6896.0,8217.0,False,False
5880,2022-11-08 10:12:49.535738,0.0,-0.0038986354775827348,0.0,-0.09999999999999787,25.55,25.6,25.6,25.65,109.0,379.0,6896.0,8217.0,False,False
5880,2022-11-08 10:12:50.076454,0.0,-0.0038986354775827348,0.0,-0.09999999999999787,25.55,25.6,25.6,25.65,109.0,379.0,6896.0,8217.0,False,False
5880,2022-11-08 10:12:55.292525,0.0,-0.0038986354775827348,0.0,-0.09999999999999787,25.55,25.6,25.6,25.65,109.0,379.0,6896.0,8217.0,False,False
5880,2022-11-08 10:13:00.161659,0.0,-0.0038986354775827348,0.0,-0.09999999999999787,25.55,25.6,25.6,25.65,112.0,379.0,6896.0,8217.0,False,False
5880,2022-11-08 10:13:00.260404,0.0,-0.0038986354775827348,0.0,-0.09999999999999787,25.55,25.6,25.6,25.65,113.0,379.0,6896.0,8217.0,False,False
5880,2022-11-08 10:13:02.630177,0.0,-0.0038986354775827348,0.0,-0.09999999999999787,25.55,25.6,25.6,25.65,113.0,379.0,6996.0,8217.0,False,True
5880,2022-11-08 10:13:06.925732,0.0,-0.0038986354775827348,0.0,-0.09999999999999787,25.55,25.6,25.6,25.65,113.0,381.0,6996.0,8217.0,False,False
5880,2022-11-08 10:13:07.869932,0.0,-0.0038986354775827348,0.0,-0.09999999999999787,25.55,25.6,25.6,25.65,113.0,381.0,6996.0,8217.0,False,False
5880,2022-11-08 10:13:10.796473,0.0,-0.0038986354775827348,0.0,-0.09999999999999787,25.55,25.6,25.6,25.65,113.0,380.0,6996.0,8217.0,False,False
5880,2022-11-08 10:13:12.662352,0.0,-0.0038986354775827348,0.0,-0.09999999999999787,25.55,25.6,25.6,25.65,113.0,380.0,6996.0,8217.0,True,True
5880,2022-11-08 10:13:15.169517,0.0,-0.0038986354775827348,0.0,-0.09999999999999787,25.55,25.6,25.6,25.65,113.0,390.0,6996.0,8217.0,False,False
5880,2022-11-08 10:13:15.789575,0.0,-0.0038986354775827348,0.0,-0.09999999999999787,25.55,25.6,25.6,25.65,113.0,391.0,6996.0,8217.0,False,False
5880,2022-11-08 10:13:18.528556,0.0,-0.0038986354775827348,0.0,-0.09999999999999787,25.55,25.6,25.6,25.65,113.0,390.0,6996.0,8217.0,False,False
5880,2022-11-08 10:13:22.706291,0.0,-0.0038986354775827348,0.0,-0.09999999999999787,25.55,25.6,25.6,25.65,113.0,390.0,6996.0,8217.0,True,True
5880,2022-11-08 10:13:26.024246,0.0,-0.0038986354775827348,0.0,-0.09999999999999787,25.55,25.6,25.6,25.65,113.0,391.0,6996.0,8217.0,False,False
5880,2022-11-08 10:13:32.751237,0.0,-0.0038986354775827348,0.0,-0.09999999999999787,25.55,25.6,25.6,25.65,113.0,391.0,6996.0,8212.0,True,True
5880,2022-11-08 10:13:42.794656,0.0,-0.0038986354775827348,0.0,-0.09999999999999787,25.55,25.6,25.6,25.65,113.0,391.0,6996.0,8212.0,True,True
5880,2022-11-08 10:13:51.956014,0.0,-0.0038986354775827348,0.0,-0.09999999999999787,25.55,25.6,25.6,25.65,113.0,391.0,6996.0,8212.0,False,False
5880,2022-11-08 10:13:52.709671,0.0,-0.0038986354775827348,0.0,-0.09999999999999787,25.55,25.6,25.6,25.65,113.0,391.0,6996.0,8212.0,False,False
5880,2022-11-08 10:13:52.824814,0.0,-0.0038986354775827348,0.0,-0.09999999999999787,25.55,25.6,25.6,25.65,113.0,391.0,7096.0,8212.0,True,True
5880,2022-11-08 10:13:54.894965,0.0,-0.0038986354775827348,0.0,-0.09999999999999787,25.55,25.6,25.6,25.65,113.0,392.0,7096.0,8212.0,False,False
5880,2022-11-08 10:14:00.164711,0.0,-0.0038986354775827348,0.0,-0.09999999999999787,25.55,25.6,25.6,25.65,115.0,392.0,7096.0,8212.0,False,False
5880,2022-11-08 10:14:00.195409,0.0,-0.0038986354775827348,0.0,-0.09999999999999787,25.55,25.6,25.6,25.65,114.0,391.0,7096.0,8212.0,False,False
5880,2022-11-08 10:14:01.868000,0.0,-0.0038986354775827348,0.0,-0.09999999999999787,25.55,25.6,25.6,25.65,114.0,390.0,7096.0,8212.0,False,False
5880,2022-11-08 10:14:02.861662,0.0,-0.0038986354775827348,0.0,-0.09999999999999787,25.55,25.6,25.6,25.65,114.0,390.0,7096.0,8212.0,True,True
5880,2022-11-08 10:14:03.356691,0.0,-0.0038986354775827348,0.0,-0.09999999999999787,25.55,25.6,25.6,25.65,114.0,387.0,7096.0,8212.0,False,False
5880,2022-11-08 10:14:03.399012,0.0,-0.0038986354775827348,0.0,-0.09999999999999787,25.55,25.6,25.6,25.65,113.0,387.0,7096.0,8212.0,False,False
5880,2022-11-08 10:14:12.911271,0.0,-0.0038986354775827348,0.0,-0.09999999999999787,25.55,25.6,25.6,25.65,113.0,387.0,7096.0,8212.0,True,True
5880,2022-11-08 10:14:15.278636,0.0,-0.0038986354775827348,0.0,-0.09999999999999787,25.55,25.6,25.6,25.65,114.0,387.0,7096.0,8212.0,False,False
5880,2022-11-08 10:14:15.338185,0.0,-0.0038986354775827348,0.0,-0.09999999999999787,25.55,25.6,25.6,25.65,130.0,387.0,7096.0,8212.0,False,False
5880,2022-11-08 10:14:22.954043,0.0,-0.0038986354775827348,0.0,-0.09999999999999787,25.55,25.6,25.6,25.65,130.0,387.0,7151.0,8212.0,True,True
5880,2022-11-08 10:14:28.408522,0.0,-0.0038986354775827348,0.0,-0.09999999999999787,25.55,25.6,25.6,25.65,130.0,389.0,7151.0,8212.0,False,False
5880,2022-11-08 10:14:43.024520,0.0,-0.0038986354775827348,0.0,-0.09999999999999787,25.55,25.6,25.6,25.65,130.0,389.0,7151.0,8212.0,True,True
5880,2022-11-08 10:14:45.306849,0.0,-0.0038986354775827348,0.0,-0.09999999999999787,25.55,25.6,25.6,25.65,130.0,387.0,7151.0,8212.0,False,False
5880,2022-11-08 10:14:48.859758,0.0,-0.0038986354775827348,0.0,-0.09999999999999787,25.55,25.6,25.6,25.65,143.0,387.0,7151.0,8212.0,False,False
5880,2022-11-08 10:14:49.933356,0.0,-0.0038986354775827348,0.0,-0.09999999999999787,25.55,25.6,25.6,25.65,143.0,420.0,7151.0,8212.0,False,False
5880,2022-11-08 10:14:53.056689,0.0,-0.0038986354775827348,0.0,-0.09999999999999787,25.55,25.6,25.6,25.65,143.0,420.0,7151.0,8212.0,True,True
5880,2022-11-08 10:14:54.820526,0.0,-0.0038986354775827348,0.0,-0.09999999999999787,25.55,25.6,25.6,25.65,143.0,425.0,7151.0,8212.0,False,False
5880,2022-11-08 10:15:03.092033,0.0,-0.0038986354775827348,0.0,-0.09999999999999787,25.55,25.6,25.6,25.65,143.0,425.0,7150.0,8217.0,True,True
5880,2022-11-08 10:15:08.671468,0.0,-0.0038986354775827348,0.0,-0.09999999999999787,25.55,25.6,25.6,25.65,193.0,425.0,7150.0,8217.0,False,False
5880,2022-11-08 10:15:08.739975,0.0,-0.0038986354775827348,0.0,-0.09999999999999787,25.55,25.6,25.6,25.65,194.0,425.0,7150.0,8217.0,False,False
5880,2022-11-08 10:15:11.991446,0.0,-0.0038986354775827348,0.0,-0.09999999999999787,25.55,25.6,25.6,25.65,194.0,426.0,7150.0,8217.0,False,False
5880,2022-11-08 10:15:13.472725,0.0,-0.0038986354775827348,0.0,-0.09999999999999787,25.55,25.6,25.6,25.65,194.0,426.0,7150.0,8217.0,False,False
5880,2022-11-08 10:15:22.780541,0.0,-0.0038986354775827348,0.0,-0.09999999999999787,25.55,25.6,25.6,25.65,194.0,425.0,7150.0,8217.0,False,False
5880,2022-11-08 10:15:23.310189,0.0,-0.0038986354775827348,0.0,-0.09999999999999787,25.55,25.6,25.6,25.65,194.0,425.0,7150.0,8217.0,False,False
5880,2022-11-08 10:15:26.152435,0.0,-0.0038986354775827348,0.0,-0.09999999999999787,25.55,25.6,25.6,25.65,194.0,425.0,7150.0,8217.0,False,False
5880,2022-11-08 10:15:33.339287,0.0,-0.0038986354775827348,0.0,-0.09999999999999787,25.55,25.6,25.6,25.65,194.0,425.0,7151.0,7973.0,True,True
5880,2022-11-08 10:15:37.321383,0.0,-0.0038986354775827348,0.0,-0.09999999999999787,25.55,25.6,25.6,25.65,209.0,425.0,7151.0,7973.0,False,False
5880,2022-11-08 10:15:37.357359,0.0,-0.0038986354775827348,0.0,-0.09999999999999787,25.55,25.6,25.6,25.65,209.0,423.0,7151.0,7973.0,False,False
5880,2022-11-08 10:15:43.402144,0.0,-0.0038986354775827348,0.0,-0.09999999999999787,25.55,25.6,25.6,25.65,209.0,423.0,7151.0,7973.0,True,True
5880,2022-11-08 10:15:44.332692,0.0,-0.0038986354775827348,0.0,-0.09999999999999787,25.55,25.6,25.6,25.65,214.0,423.0,7151.0,7973.0,False,False
5880,2022-11-08 10:15:47.178449,0.0,-0.0038986354775827348,0.0,-0.09999999999999787,25.55,25.6,25.6,25.65,214.0,423.0,7151.0,7973.0,False,False
5880,2022-11-08 10:15:49.231723,0.0,-0.0038986354775827348,0.0,-0.09999999999999787,25.55,25.6,25.6,25.65,214.0,415.0,7151.0,7973.0,False,False
5880,2022-11-08 10:15:52.339814,0.0,-0.0038986354775827348,0.0,-0.09999999999999787,25.55,25.6,25.6,25.65,214.0,413.0,7151.0,7973.0,False,False
5880,2022-11-08 10:15:53.454131,0.0,-0.0038986354775827348,0.0,-0.09999999999999787,25.55,25.6,25.6,25.65,214.0,413.0,7151.0,7973.0,True,True
5880,2022-11-08 10:16:01.316082,0.0,-0.0038986354775827348,0.0,-0.09999999999999787,25.55,25.6,25.6,25.65,214.0,413.0,7151.0,7973.0,False,False
5880,2022-11-08 10:16:02.693864,0.0,-0.0038986354775827348,0.0,-0.09999999999999787,25.55,25.6,25.6,25.65,214.0,413.0,7151.0,7973.0,False,True
5880,2022-11-08 10:16:06.204117,0.0,-0.0038986354775827348,0.0,-0.09999999999999787,25.55,25.6,25.6,25.65,214.0,412.0,7151.0,7973.0,False,False
5880,2022-11-08 10:16:12.736761,0.0,-0.0038986354775827348,0.0,-0.09999999999999787,25.55,25.6,25.6,25.65,214.0,412.0,7468.0,7973.0,True,True
5880,2022-11-08 10:16:15.670488,0.0,-0.0038986354775827348,0.0,-0.09999999999999787,25.55,25.6,25.6,25.65,224.0,412.0,7468.0,7973.0,False,False
5880,2022-11-08 10:16:15.764443,0.0,-0.0038986354775827348,0.0,-0.09999999999999787,25.55,25.6,25.6,25.65,224.0,413.0,7468.0,7973.0,False,False
5880,2022-11-08 10:16:16.287759,0.0,-0.0038986354775827348,0.0,-0.09999999999999787,25.55,25.6,25.6,25.65,225.0,413.0,7468.0,7973.0,False,False
5880,2022-11-08 10:16:16.510737,0.0,-0.0038986354775827348,0.0,-0.09999999999999787,25.55,25.6,25.6,25.65,226.0,413.0,7468.0,7973.0,False,False
5880,2022-11-08 10:16:17.199286,0.0,-0.0038986354775827348,0.0,-0.09999999999999787,25.55,25.6,25.6,25.65,227.0,413.0,7468.0,7973.0,False,False
5880,2022-11-08 10:16:18.843626,0.0,-0.0038986354775827348,0.0,-0.09999999999999787,25.55,25.6,25.6,25.65,227.0,412.0,7468.0,7973.0,False,False
5880,2022-11-08 10:16:22.775311,0.0,-0.0038986354775827348,0.0,-0.09999999999999787,25.55,25.6,25.6,25.65,227.0,412.0,7538.0,8333.0,True,True
5880,2022-11-08 10:16:29.205811,0.0,-0.0038986354775827348,0.0,-0.09999999999999787,25.55,25.6,25.6,25.65,230.0,412.0,7538.0,8333.0,False,False
5880,2022-11-08 10:16:34.353550,0.0,-0.0038986354775827348,0.0,-0.09999999999999787,25.55,25.6,25.6,25.65,230.0,411.0,7538.0,8333.0,False,False
5880,2022-11-08 10:16:34.991909,0.0,-0.0038986354775827348,0.0,-0.09999999999999787,25.55,25.6,25.6,25.65,229.0,411.0,7538.0,8333.0,False,False
5880,2022-11-08 10:16:40.555006,0.0,-0.0038986354775827348,0.0,-0.09999999999999787,25.55,25.6,25.6,25.65,231.0,411.0,7538.0,8333.0,False,False
5880,2022-11-08 10:16:46.779070,0.0,-0.0038986354775827348,0.0,-0.09999999999999787,25.55,25.6,25.6,25.65,232.0,411.0,7538.0,8333.0,False,False
5880,2022-11-08 10:16:49.480948,0.0,-0.0038986354775827348,0.0,-0.09999999999999787,25.55,25.6,25.6,25.65,232.0,411.0,7538.0,8333.0,False,False
5880,2022-11-08 10:16:59.079280,0.0,-0.0038986354775827348,0.0,-0.09999999999999787,25.55,25.6,25.6,25.65,232.0,411.0,7538.0,8333.0,False,False
5880,2022-11-08 10:17:02.315553,0.0,-0.0038986354775827348,0.0,-0.09999999999999787,25.55,25.6,25.6,25.65,232.0,413.0,7538.0,8333.0,False,False
5880,2022-11-08 10:17:02.666226,0.0,-0.0038986354775827348,0.0,-0.09999999999999787,25.55,25.6,25.6,25.65,233.0,413.0,7538.0,8333.0,False,False
5880,2022-11-08 10:17:02.962576,0.0,-0.0038986354775827348,0.0,-0.09999999999999787,25.55,25.6,25.6,25.65,233.0,413.0,7538.0,8333.0,True,True
5880,2022-11-08 10:17:09.075239,0.0,-0.0038986354775827348,0.0,-0.09999999999999787,25.55,25.6,25.6,25.65,233.0,416.0,7538.0,8333.0,False,False
5880,2022-11-08 10:17:11.480786,0.0,-0.0038986354775827348,0.0,-0.09999999999999787,25.55,25.6,25.6,25.65,232.0,416.0,7538.0,8333.0,False,False
5880,2022-11-08 10:17:18.321545,0.0,-0.0038986354775827348,0.0,-0.09999999999999787,25.55,25.6,25.6,25.65,231.0,416.0,7538.0,8333.0,False,False
5880,2022-11-08 10:17:21.591915,0.0,-0.0038986354775827348,0.0,-0.09999999999999787,25.55,25.6,25.6,25.65,198.0,383.0,7538.0,8333.0,False,False
5880,2022-11-08 10:17:22.484483,0.0,-0.0038986354775827348,0.0,-0.09999999999999787,25.55,25.6,25.6,25.65,211.0,383.0,7538.0,8333.0,False,False
5880,2022-11-08 10:17:24.063705,0.0,-0.0038986354775827348,0.0,-0.09999999999999787,25.55,25.6,25.6,25.65,211.0,382.0,7538.0,8333.0,False,False
5880,2022-11-08 10:17:24.064569,0.0,-0.0038986354775827348,0.0,-0.09999999999999787,25.55,25.6,25.6,25.65,211.0,377.0,7538.0,8333.0,False,False
5880,2022-11-08 10:17:24.063796,0.0,-0.0038986354775827348,0.0,-0.09999999999999787,25.55,25.6,25.6,25.65,211.0,380.0,7538.0,8333.0,False,False
5880,2022-11-08 10:17:30.435920,0.0,-0.0038986354775827348,0.0,-0.09999999999999787,25.55,25.6,25.6,25.65,210.0,377.0,7538.0,8333.0,False,False
5880,2022-11-08 10:17:33.733293,0.0,-0.0038986354775827348,0.0,-0.09999999999999787,25.55,25.6,25.6,25.65,213.0,377.0,7538.0,8333.0,False,False
5880,2022-11-08 10:17:35.083169,0.0,-0.0038986354775827348,0.0,-0.09999999999999787,25.55,25.6,25.6,25.65,214.0,377.0,7538.0,8333.0,False,False
5880,2022-11-08 10:17:43.140377,0.0,-0.0038986354775827348,0.0,-0.09999999999999787,25.55,25.6,25.6,25.65,214.0,377.0,7538.0,7883.0,True,True
5880,2022-11-08 10:17:53.180392,0.0,-0.0038986354775827348,0.0,-0.09999999999999787,25.55,25.6,25.6,25.65,214.0,377.0,7538.0,7879.0,True,True
5880,2022-11-08 10:17:58.508034,0.0,-0.0038986354775827348,0.0,-0.09999999999999787,25.55,25.6,25.6,25.65,217.0,377.0,7538.0,7879.0,False,False
5880,2022-11-08 10:17:58.660471,0.0,-0.0038986354775827348,0.0,-0.09999999999999787,25.55,25.6,25.6,25.65,218.0,377.0,7538.0,7879.0,False,False
5880,2022-11-08 10:17:59.724951,0.0,-0.0038986354775827348,0.0,-0.09999999999999787,25.55,25.6,25.6,25.65,218.0,375.0,7538.0,7879.0,False,False
5880,2022-11-08 10:18:03.219566,0.0,-0.0038986354775827348,0.0,-0.09999999999999787,25.55,25.6,25.6,25.65,218.0,375.0,7538.0,7886.0,True,True
5880,2022-11-08 10:18:09.249463,0.0,-0.0038986354775827348,0.0,-0.09999999999999787,25.55,25.6,25.6,25.65,218.0,375.0,7538.0,7886.0,False,False
5880,2022-11-08 10:18:11.803753,0.0,-0.0038986354775827348,0.0,-0.09999999999999787,25.55,25.6,25.6,25.65,219.0,375.0,7538.0,7886.0,False,False
5880,2022-11-08 10:18:12.235689,0.0,-0.0038986354775827348,0.0,-0.09999999999999787,25.55,25.6,25.6,25.65,219.0,375.0,7538.0,7886.0,False,False
5880,2022-11-08 10:18:13.264597,0.0,-0.0038986354775827348,0.0,-0.09999999999999787,25.55,25.6,25.6,25.65,219.0,375.0,7538.0,7836.0,True,True
5880,2022-11-08 10:18:19.987070,0.0,-0.0038986354775827348,0.0,-0.09999999999999787,25.55,25.6,25.6,25.65,218.0,374.0,7538.0,7836.0,False,False
5880,2022-11-08 10:18:20.024950,0.0,-0.0038986354775827348,0.0,-0.09999999999999787,25.55,25.6,25.6,25.65,218.0,374.0,7538.0,7836.0,False,False
5880,2022-11-08 10:18:23.314233,0.0,-0.0038986354775827348,0.0,-0.09999999999999787,25.55,25.6,25.6,25.65,218.0,374.0,7538.0,7831.0,True,True
5880,2022-11-08 10:18:23.494106,0.0,-0.0038986354775827348,0.0,-0.09999999999999787,25.55,25.6,25.6,25.65,218.0,371.0,7538.0,7831.0,False,False
5880,2022-11-08 10:18:26.062190,0.0,-0.0038986354775827348,0.0,-0.09999999999999787,25.55,25.6,25.6,25.65,218.0,372.0,7538.0,7831.0,False,False
5880,2022-11-08 10:18:33.353329,0.0,-0.0038986354775827348,0.0,-0.09999999999999787,25.55,25.6,25.6,25.65,218.0,372.0,7538.0,7831.0,True,True
5880,2022-11-08 10:18:35.717211,0.0,-0.0038986354775827348,0.0,-0.09999999999999787,25.55,25.6,25.6,25.65,218.0,372.0,7538.0,7831.0,False,False
5880,2022-11-08 10:18:39.395029,0.0,-0.0038986354775827348,0.0,-0.09999999999999787,25.55,25.6,25.6,25.65,218.0,372.0,7538.0,7831.0,False,False
5880,2022-11-08 10:18:42.310952,0.0,-0.0038986354775827348,0.0,-0.09999999999999787,25.55,25.6,25.6,25.65,223.0,372.0,7538.0,7831.0,False,False
5880,2022-11-08 10:18:43.395664,0.0,-0.0038986354775827348,0.0,-0.09999999999999787,25.55,25.6,25.6,25.65,223.0,372.0,8038.0,7831.0,True,True
5880,2022-11-08 10:18:53.111645,0.0,-0.0038986354775827348,0.0,-0.09999999999999787,25.55,25.6,25.6,25.65,223.0,373.0,8038.0,7831.0,False,False
5880,2022-11-08 10:18:53.431631,0.0,-0.0038986354775827348,0.0,-0.09999999999999787,25.55,25.6,25.6,25.65,223.0,373.0,8038.0,7831.0,True,True
5880,2022-11-08 10:18:59.971803,0.0,-0.0038986354775827348,0.0,-0.09999999999999787,25.55,25.6,25.6,25.65,223.0,383.0,8038.0,7831.0,False,False
5880,2022-11-08 10:19:00.695140,0.0,-0.0038986354775827348,0.0,-0.09999999999999787,25.55,25.6,25.6,25.65,190.0,383.0,8038.0,7831.0,False,False
5880,2022-11-08 10:19:00.751899,0.0,-0.0038986354775827348,0.0,-0.09999999999999787,25.55,25.6,25.6,25.65,191.0,383.0,8038.0,7831.0,False,False
5880,2022-11-08 10:19:00.817855,0.0,-0.0038986354775827348,0.0,-0.09999999999999787,25.55,25.6,25.6,25.65,190.0,383.0,8038.0,7831.0,False,False
5880,2022-11-08 10:19:02.329510,0.0,-0.0038986354775827348,0.0,-0.09999999999999787,25.55,25.6,25.6,25.65,190.0,376.0,8038.0,7831.0,False,False
5880,2022-11-08 10:19:02.868301,0.0,-0.0038986354775827348,0.0,-0.09999999999999787,25.55,25.6,25.6,25.65,190.0,376.0,8038.0,7831.0,False,True
5880,2022-11-08 10:19:04.922987,0.0,-0.0038986354775827348,0.0,-0.09999999999999787,25.55,25.6,25.6,25.65,180.0,376.0,8038.0,7831.0,False,False
5880,2022-11-08 10:19:07.126996,0.0,-0.0038986354775827348,0.0,-0.09999999999999787,25.55,25.6,25.6,25.65,180.0,374.0,8038.0,7831.0,False,False
5880,2022-11-08 10:19:12.922850,0.0,-0.0038986354775827348,0.0,-0.09999999999999787,25.55,25.6,25.6,25.65,180.0,374.0,8238.0,7830.0,True,True
5880,2022-11-08 10:19:15.026329,0.0,-0.0038986354775827348,0.0,-0.09999999999999787,25.55,25.6,25.6,25.65,179.0,374.0,8238.0,7830.0,False,False
5880,2022-11-08 10:19:18.808176,0.0,-0.0038986354775827348,0.0,-0.09999999999999787,25.55,25.6,25.6,25.65,179.0,374.0,8238.0,7830.0,False,False
5880,2022-11-08 10:19:18.885695,0.0,-0.0038986354775827348,0.0,-0.09999999999999787,25.55,25.6,25.6,25.65,182.0,374.0,8238.0,7830.0,False,False
5880,2022-11-08 10:19:22.964718,0.0,-0.0038986354775827348,0.0,-0.09999999999999787,25.55,25.6,25.6,25.65,182.0,374.0,8938.0,7830.0,True,True
5880,2022-11-08 10:19:25.363579,0.0,-0.0038986354775827348,0.0,-0.09999999999999787,25.55,25.6,25.6,25.65,182.0,375.0,8938.0,7830.0,False,False
5880,2022-11-08 10:19:26.103854,0.0,-0.0038986354775827348,0.0,-0.09999999999999787,25.55,25.6,25.6,25.65,182.0,375.0,8938.0,7830.0,False,False
5880,2022-11-08 10:19:28.357265,0.0,-0.0038986354775827348,0.0,-0.09999999999999787,25.55,25.6,25.6,25.65,186.0,375.0,8938.0,7830.0,False,False
5880,2022-11-08 10:19:39.908980,0.0,-0.0038986354775827348,0.0,-0.09999999999999787,25.55,25.6,25.6,25.65,186.0,375.0,8938.0,7830.0,False,False
5880,2022-11-08 10:19:40.130752,0.0,-0.0038986354775827348,0.0,-0.09999999999999787,25.55,25.6,25.6,25.65,189.0,375.0,8938.0,7830.0,False,False
5880,2022-11-08 10:19:43.044272,0.0,-0.0038986354775827348,0.0,-0.09999999999999787,25.55,25.6,25.6,25.65,189.0,375.0,8938.0,7830.0,True,True
5880,2022-11-08 10:19:45.301284,0.0,-0.0038986354775827348,0.0,-0.09999999999999787,25.55,25.6,25.6,25.65,188.0,374.0,8938.0,7830.0,False,False
5880,2022-11-08 10:19:48.417981,0.0,-0.0038986354775827348,0.0,-0.09999999999999787,25.55,25.6,25.6,25.65,188.0,374.0,8938.0,7830.0,False,False
5880,2022-11-08 10:19:53.321032,0.0,-0.0038986354775827348,0.0,-0.09999999999999787,25.55,25.6,25.6,25.65,189.0,374.0,8938.0,7830.0,False,False
5880,2022-11-08 10:20:03.123796,0.0,-0.0038986354775827348,0.0,-0.09999999999999787,25.55,25.6,25.6,25.65,189.0,374.0,8919.0,7831.0,True,True
5880,2022-11-08 10:20:06.655015,0.0,-0.0038986354775827348,0.0,-0.09999999999999787,25.55,25.6,25.6,25.65,189.0,374.0,8919.0,7831.0,False,False
5880,2022-11-08 10:20:08.973084,0.0,-0.0038986354775827348,0.0,-0.09999999999999787,25.55,25.6,25.6,25.65,190.0,374.0,8919.0,7831.0,False,False
5880,2022-11-08 10:20:13.159266,0.0,-0.0038986354775827348,0.0,-0.09999999999999787,25.55,25.6,25.6,25.65,190.0,374.0,8970.0,7831.0,True,True
5880,2022-11-08 10:20:13.504164,0.0,-0.0038986354775827348,0.0,-0.09999999999999787,25.55,25.6,25.6,25.65,190.0,373.0,8970.0,7831.0,False,False
5880,2022-11-08 10:20:14.652614,0.0,-0.0038986354775827348,0.0,-0.09999999999999787,25.55,25.6,25.6,25.65,190.0,373.0,8970.0,7831.0,False,False
5880,2022-11-08 10:20:19.063369,0.0,-0.0038986354775827348,0.0,-0.09999999999999787,25.55,25.6,25.6,25.65,190.0,373.0,8970.0,7831.0,False,False
5880,2022-11-08 10:20:23.328438,0.0,-0.0038986354775827348,0.0,-0.09999999999999787,25.55,25.6,25.6,25.65,190.0,373.0,8970.0,7831.0,True,True
5880,2022-11-08 10:20:29.546178,0.0,-0.0038986354775827348,0.0,-0.09999999999999787,25.55,25.6,25.6,25.65,190.0,371.0,8970.0,7831.0,False,False
5880,2022-11-08 10:20:29.587357,0.0,-0.0038986354775827348,0.0,-0.09999999999999787,25.55,25.6,25.6,25.65,220.0,371.0,8970.0,7831.0,False,False
5880,2022-11-08 10:20:39.884963,0.0,-0.0038986354775827348,0.0,-0.09999999999999787,25.55,25.6,25.6,25.65,220.0,371.0,8970.0,7831.0,False,False
5880,2022-11-08 10:20:40.069897,0.0,-0.0038986354775827348,0.0,-0.09999999999999787,25.55,25.6,25.6,25.65,220.0,372.0,8970.0,7831.0,False,False
5880,2022-11-08 10:20:50.545892,0.0,-0.0038986354775827348,0.0,-0.09999999999999787,25.55,25.6,25.6,25.65,220.0,372.0,8970.0,7831.0,False,False
5880,2022-11-08 10:20:51.771667,0.0,-0.0038986354775827348,0.0,-0.09999999999999787,25.55,25.6,25.6,25.65,220.0,380.0,8970.0,7831.0,False,False
5880,2022-11-08 10:20:53.683487,0.0,-0.0038986354775827348,0.0,-0.09999999999999787,25.55,25.6,25.6,25.65,221.0,380.0,8970.0,7831.0,False,False
5880,2022-11-08 10:20:56.676192,0.0,-0.0038986354775827348,0.0,-0.09999999999999787,25.55,25.6,25.6,25.65,221.0,380.0,8970.0,7831.0,False,False
5880,2022-11-08 10:20:57.747680,0.0,-0.0038986354775827348,0.0,-0.09999999999999787,25.55,25.6,25.6,25.65,222.0,380.0,8970.0,7831.0,False,False
5880,2022-11-08 10:20:58.617668,0.0,-0.0038986354775827348,0.0,-0.09999999999999787,25.55,25.6,25.6,25.65,222.0,380.0,8970.0,7831.0,False,False
5880,2022-11-08 10:21:01.384339,0.0,-0.0038986354775827348,0.0,-0.09999999999999787,25.55,25.6,25.6,25.65,225.0,380.0,8970.0,7831.0,False,False
5880,2022-11-08 10:21:03.585902,0.0,-0.0038986354775827348,0.0,-0.09999999999999787,25.55,25.6,25.6,25.65,225.0,380.0,8964.0,7831.0,True,True
5880,2022-11-08 10:21:08.748229,0.0,-0.0038986354775827348,0.0,-0.09999999999999787,25.55,25.6,25.6,25.65,225.0,380.0,8964.0,7831.0,False,False
5880,2022-11-08 10:21:13.617562,0.0,-0.0038986354775827348,0.0,-0.09999999999999787,25.55,25.6,25.6,25.65,225.0,380.0,9064.0,7831.0,True,True
5880,2022-11-08 10:21:19.655176,0.0,-0.0038986354775827348,0.0,-0.09999999999999787,25.55,25.6,25.6,25.65,225.0,381.0,9064.0,7831.0,False,False
5880,2022-11-08 10:21:23.645376,0.0,-0.0038986354775827348,0.0,-0.09999999999999787,25.55,25.6,25.6,25.65,225.0,381.0,9064.0,7831.0,True,True
5880,2022-11-08 10:21:26.268824,0.001956947162426559,-0.005847953216374213,0.05000000000000071,-0.14999999999999858,25.5,25.55,25.6,25.65,176.0,5.0,9064.0,7831.0,False,False
5880,2022-11-08 10:21:26.286285,0.0,-0.005847953216374213,0.0,-0.14999999999999858,25.5,25.6,25.6,25.65,176.0,381.0,9064.0,7831.0,False,False
5880,2022-11-08 10:21:26.291195,0.0,-0.005847953216374213,0.0,-0.14999999999999858,25.5,25.6,25.6,25.65,176.0,380.0,9064.0,7831.0,False,False
5880,2022-11-08 10:21:26.304535,0.001956947162426559,-0.005847953216374213,0.05000000000000071,-0.14999999999999858,25.5,25.55,25.6,25.65,302.0,2.0,9064.0,7831.0,False,False
5880,2022-11-08 10:21:26.309531,0.0,-0.0038986354775827348,0.0,-0.09999999999999787,25.55,25.6,25.6,25.65,1.0,377.0,9064.0,7831.0,False,False
5880,2022-11-08 10:21:26.324910,0.001956947162426559,-0.005847953216374213,0.05000000000000071,-0.14999999999999858,25.5,25.55,25.6,25.65,309.0,27.0,9064.0,7831.0,False,False
5880,2022-11-08 10:21:26.332926,0.0,-0.0038986354775827348,0.0,-0.09999999999999787,25.55,25.6,25.6,25.65,38.0,382.0,9064.0,7831.0,False,False
5880,2022-11-08 10:21:26.346442,0.0,-0.0038986354775827348,0.0,-0.09999999999999787,25.55,25.6,25.6,25.65,37.0,395.0,9064.0,7831.0,False,False
5880,2022-11-08 10:21:26.348897,0.0,-0.0038986354775827348,0.0,-0.09999999999999787,25.55,25.6,25.6,25.65,35.0,395.0,9064.0,7831.0,False,False
5880,2022-11-08 10:21:26.368043,0.0,-0.005847953216374213,0.0,-0.14999999999999858,25.5,25.6,25.6,25.65,309.0,395.0,9064.0,7831.0,False,False
5880,2022-11-08 10:21:26.440474,0.0,-0.0038986354775827348,0.0,-0.09999999999999787,25.55,25.6,25.6,25.65,26.0,393.0,9064.0,7831.0,False,False
5880,2022-11-08 10:21:26.443403,0.0,-0.0038986354775827348,0.0,-0.09999999999999787,25.55,25.6,25.6,25.65,25.0,392.0,9064.0,7831.0,False,False
5880,2022-11-08 10:21:26.467500,0.0,-0.0038986354775827348,0.0,-0.09999999999999787,25.55,25.6,25.6,25.65,43.0,392.0,9064.0,7831.0,False,False
5880,2022-11-08 10:21:27.070488,0.0,-0.0038986354775827348,0.0,-0.09999999999999787,25.55,25.6,25.6,25.65,43.0,400.0,9064.0,7831.0,False,False
5880,2022-11-08 10:21:27.759882,0.0,-0.0038986354775827348,0.0,-0.09999999999999787,25.55,25.6,25.6,25.65,43.0,400.0,9064.0,7831.0,False,False
5880,2022-11-08 10:21:28.045971,0.0,-0.0038986354775827348,0.0,-0.09999999999999787,25.55,25.6,25.6,25.65,59.0,400.0,9064.0,7831.0,False,False
5880,2022-11-08 10:21:28.077175,0.0,-0.0038986354775827348,0.0,-0.09999999999999787,25.55,25.6,25.6,25.65,59.0,394.0,9064.0,7831.0,False,False
5880,2022-11-08 10:21:28.407430,0.0,-0.0038986354775827348,0.0,-0.09999999999999787,25.55,25.6,25.6,25.65,59.0,330.0,9064.0,7831.0,False,False
5880,2022-11-08 10:21:28.410474,0.0,-0.0038986354775827348,0.0,-0.09999999999999787,25.55,25.6,25.6,25.65,54.0,325.0,9064.0,7831.0,False,False
5880,2022-11-08 10:21:28.413443,0.0,-0.0038986354775827348,0.0,-0.09999999999999787,25.55,25.6,25.6,25.65,54.0,325.0,9064.0,7831.0,False,False
5880,2022-11-08 10:21:28.445820,0.0,-0.0038986354775827348,0.0,-0.09999999999999787,25.55,25.6,25.6,25.65,59.0,312.0,9064.0,7831.0,False,False
5880,2022-11-08 10:21:29.761974,0.0,-0.0038986354775827348,0.0,-0.09999999999999787,25.55,25.6,25.6,25.65,59.0,313.0,9064.0,7831.0,False,False
5880,2022-11-08 10:21:30.067977,0.0,-0.0038986354775827348,0.0,-0.09999999999999787,25.55,25.6,25.6,25.65,59.0,312.0,9064.0,7831.0,False,False
5880,2022-11-08 10:21:33.454624,0.0,-0.0038986354775827348,0.0,-0.09999999999999787,25.55,25.6,25.6,25.65,65.0,312.0,9064.0,7831.0,False,False
5880,2022-11-08 10:21:33.517354,0.0,-0.0038986354775827348,0.0,-0.09999999999999787,25.55,25.6,25.6,25.65,65.0,312.0,9064.0,7831.0,False,False
5880,2022-11-08 10:21:33.625115,0.0,-0.0038986354775827348,0.0,-0.09999999999999787,25.55,25.6,25.6,25.65,65.0,312.0,9064.0,7831.0,False,False
5880,2022-11-08 10:21:33.674873,0.0,-0.0038986354775827348,0.0,-0.09999999999999787,25.55,25.6,25.6,25.65,65.0,312.0,9064.0,34831.0,True,True
5880,2022-11-08 10:21:34.297150,0.0,-0.0038986354775827348,0.0,-0.09999999999999787,25.55,25.6,25.6,25.65,65.0,311.0,9064.0,34831.0,False,False
5880,2022-11-08 10:21:53.743737,0.0,-0.0038986354775827348,0.0,-0.09999999999999787,25.55,25.6,25.6,25.65,65.0,311.0,9089.0,34756.0,True,True
5880,2022-11-08 10:21:53.996328,0.0,-0.0038986354775827348,0.0,-0.09999999999999787,25.55,25.6,25.6,25.65,70.0,311.0,9089.0,34756.0,False,False
5880,2022-11-08 10:22:02.977482,0.0,-0.0038986354775827348,0.0,-0.09999999999999787,25.55,25.6,25.6,25.65,70.0,311.0,9089.0,7756.0,False,True
5880,2022-11-08 10:22:05.239571,0.0,-0.0038986354775827348,0.0,-0.09999999999999787,25.55,25.6,25.6,25.65,70.0,311.0,9089.0,7756.0,False,False
5880,2022-11-08 10:22:07.388715,0.0,-0.0038986354775827348,0.0,-0.09999999999999787,25.55,25.6,25.6,25.65,70.0,311.0,9089.0,7756.0,False,False
5880,2022-11-08 10:22:13.012663,0.0,-0.0038986354775827348,0.0,-0.09999999999999787,25.55,25.6,25.6,25.65,70.0,311.0,9089.0,7651.0,True,True
5880,2022-11-08 10:22:13.767822,0.0,-0.0038986354775827348,0.0,-0.09999999999999787,25.55,25.6,25.6,25.65,58.0,311.0,9089.0,7651.0,False,False
5880,2022-11-08 10:22:14.001138,0.0,-0.0038986354775827348,0.0,-0.09999999999999787,25.55,25.6,25.6,25.65,63.0,311.0,9089.0,7651.0,False,False
5880,2022-11-08 10:22:14.981119,0.0,-0.0038986354775827348,0.0,-0.09999999999999787,25.55,25.6,25.6,25.65,69.0,311.0,9089.0,7651.0,False,False
5880,2022-11-08 10:22:16.924845,0.0,-0.0038986354775827348,0.0,-0.09999999999999787,25.55,25.6,25.6,25.65,72.0,311.0,9089.0,7651.0,False,False
5880,2022-11-08 10:22:17.897852,0.0,-0.0038986354775827348,0.0,-0.09999999999999787,25.55,25.6,25.6,25.65,72.0,310.0,9089.0,7651.0,False,False
5880,2022-11-08 10:22:17.909140,0.0,-0.0038986354775827348,0.0,-0.09999999999999787,25.55,25.6,25.6,25.65,75.0,310.0,9089.0,7651.0,False,False
5880,2022-11-08 10:22:18.436156,0.0,-0.0038986354775827348,0.0,-0.09999999999999787,25.55,25.6,25.6,25.65,78.0,310.0,9089.0,7651.0,False,False
5880,2022-11-08 10:22:20.140889,0.0,-0.0038986354775827348,0.0,-0.09999999999999787,25.55,25.6,25.6,25.65,78.0,311.0,9089.0,7651.0,False,False
5880,2022-11-08 10:22:22.273334,0.0,-0.0038986354775827348,0.0,-0.09999999999999787,25.55,25.6,25.6,25.65,78.0,311.0,9089.0,7651.0,False,False
5880,2022-11-08 10:22:23.518987,0.0,-0.0038986354775827348,0.0,-0.09999999999999787,25.55,25.6,25.6,25.65,81.0,311.0,9089.0,7651.0,False,False
5880,2022-11-08 10:22:30.096006,0.0,-0.0038986354775827348,0.0,-0.09999999999999787,25.55,25.6,25.6,25.65,82.0,311.0,9089.0,7651.0,False,False
5880,2022-11-08 10:22:33.099477,0.0,-0.0038986354775827348,0.0,-0.09999999999999787,25.55,25.6,25.6,25.65,82.0,311.0,9089.0,7651.0,True,True
5880,2022-11-08 10:22:36.798542,0.0,-0.0038986354775827348,0.0,-0.09999999999999787,25.55,25.6,25.6,25.65,82.0,311.0,9089.0,7651.0,False,False
5880,2022-11-08 10:22:37.335459,0.0,-0.0038986354775827348,0.0,-0.09999999999999787,25.55,25.6,25.6,25.65,82.0,312.0,9089.0,7651.0,False,False
5880,2022-11-08 10:22:43.271571,0.0,-0.0038986354775827348,0.0,-0.09999999999999787,25.55,25.6,25.6,25.65,85.0,312.0,9089.0,7651.0,False,False
5880,2022-11-08 10:22:50.457814,0.0,-0.0038986354775827348,0.0,-0.09999999999999787,25.55,25.6,25.6,25.65,65.0,312.0,9089.0,7651.0,False,False
5880,2022-11-08 10:22:50.497064,0.0,-0.0038986354775827348,0.0,-0.09999999999999787,25.55,25.6,25.6,25.65,109.0,312.0,9089.0,7651.0,False,False
5880,2022-11-08 10:22:50.584190,0.0,-0.0038986354775827348,0.0,-0.09999999999999787,25.55,25.6,25.6,25.65,109.0,308.0,9089.0,7651.0,False,False
5880,2022-11-08 10:22:50.646846,0.0,-0.0038986354775827348,0.0,-0.09999999999999787,25.55,25.6,25.6,25.65,110.0,308.0,9089.0,7651.0,False,False
5880,2022-11-08 10:22:53.162833,0.0,-0.0038986354775827348,0.0,-0.09999999999999787,25.55,25.6,25.6,25.65,110.0,308.0,9089.0,7612.0,True,True
5880,2022-11-08 10:23:03.196080,0.0,-0.0038986354775827348,0.0,-0.09999999999999787,25.55,25.6,25.6,25.65,110.0,308.0,9089.0,7612.0,True,True
5880,2022-11-08 10:23:05.035192,0.0,-0.0038986354775827348,0.0,-0.09999999999999787,25.55,25.6,25.6,25.65,110.0,308.0,9089.0,7612.0,False,False
5880,2022-11-08 10:23:10.116713,0.0,-0.0038986354775827348,0.0,-0.09999999999999787,25.55,25.6,25.6,25.65,110.0,308.0,9089.0,7612.0,False,False
5880,2022-11-08 10:23:13.223047,0.0,-0.0038986354775827348,0.0,-0.09999999999999787,25.55,25.6,25.6,25.65,110.0,308.0,9089.0,7532.0,True,True
5880,2022-11-08 10:23:14.195363,0.0,-0.0038986354775827348,0.0,-0.09999999999999787,25.55,25.6,25.6,25.65,110.0,308.0,9089.0,7532.0,False,False
5880,2022-11-08 10:23:22.807455,0.0,-0.0038986354775827348,0.0,-0.09999999999999787,25.55,25.6,25.6,25.65,139.0,308.0,9089.0,7532.0,False,False
5880,2022-11-08 10:23:22.836413,0.0,-0.0038986354775827348,0.0,-0.09999999999999787,25.55,25.6,25.6,25.65,139.0,301.0,9089.0,7532.0,False,False
5880,2022-11-08 10:23:22.892263,0.0,-0.0038986354775827348,0.0,-0.09999999999999787,25.55,25.6,25.6,25.65,140.0,301.0,9089.0,7532.0,False,False
5880,2022-11-08 10:23:22.912701,0.0,-0.0038986354775827348,0.0,-0.09999999999999787,25.55,25.6,25.6,25.65,140.0,229.0,9089.0,7532.0,False,False
5880,2022-11-08 10:23:22.912949,-0.0019493177387913674,-0.0038986354775827348,-0.04999999999999716,-0.09999999999999787,25.55,25.65,25.6,25.65,140.0,445.0,9089.0,7532.0,False,False
5880,2022-11-08 10:23:22.933773,-0.0019493177387913674,-0.0019493177387913674,-0.04999999999999716,-0.04999999999999716,25.6,25.65,25.6,25.65,18.0,440.0,9089.0,7532.0,False,False
5880,2022-11-08 10:23:23.038805,-0.0019493177387913674,-0.0019493177387913674,-0.04999999999999716,-0.04999999999999716,25.6,25.65,25.6,25.65,79.0,434.0,9089.0,7532.0,False,False
5880,2022-11-08 10:23:23.088688,-0.0019493177387913674,-0.0019493177387913674,-0.04999999999999716,-0.04999999999999716,25.6,25.65,25.6,25.65,96.0,390.0,9089.0,7532.0,False,False
5880,2022-11-08 10:23:23.153337,-0.0019493177387913674,-0.0019493177387913674,-0.04999999999999716,-0.04999999999999716,25.6,25.65,25.6,25.65,101.0,390.0,9089.0,7532.0,False,False
5880,2022-11-08 10:23:23.255930,-0.0019493177387913674,-0.0019493177387913674,-0.04999999999999716,-0.04999999999999716,25.6,25.65,25.6,25.65,101.0,391.0,9089.0,7532.0,False,False
5880,2022-11-08 10:23:23.253145,-0.0019493177387913674,-0.0019493177387913674,-0.04999999999999716,-0.04999999999999716,25.6,25.65,25.6,25.65,101.0,391.0,9089.0,7512.0,True,True
5880,2022-11-08 10:23:23.901401,-0.0019493177387913674,-0.0019493177387913674,-0.04999999999999716,-0.04999999999999716,25.6,25.65,25.6,25.65,101.0,392.0,9089.0,7512.0,False,False
5880,2022-11-08 10:23:23.961451,-0.0019493177387913674,-0.0019493177387913674,-0.04999999999999716,-0.04999999999999716,25.6,25.65,25.6,25.65,101.0,392.0,9089.0,7512.0,False,False
5880,2022-11-08 10:23:24.035365,-0.0019493177387913674,-0.0019493177387913674,-0.04999999999999716,-0.04999999999999716,25.6,25.65,25.6,25.65,101.0,391.0,9089.0,7512.0,False,False
5880,2022-11-08 10:23:24.002167,-0.0019493177387913674,-0.0019493177387913674,-0.04999999999999716,-0.04999999999999716,25.6,25.65,25.6,25.65,101.0,392.0,9089.0,7512.0,False,False
5880,2022-11-08 10:23:24.171959,-0.0019493177387913674,-0.0019493177387913674,-0.04999999999999716,-0.04999999999999716,25.6,25.65,25.6,25.65,101.0,391.0,9089.0,7512.0,False,False
5880,2022-11-08 10:23:24.368367,-0.0019493177387913674,-0.0019493177387913674,-0.04999999999999716,-0.04999999999999716,25.6,25.65,25.6,25.65,101.0,391.0,9089.0,7512.0,False,False
5880,2022-11-08 10:23:25.079556,-0.0019493177387913674,-0.0019493177387913674,-0.04999999999999716,-0.04999999999999716,25.6,25.65,25.6,25.65,103.0,391.0,9089.0,7512.0,False,False
5880,2022-11-08 10:23:25.623071,-0.0019493177387913674,-0.0019493177387913674,-0.04999999999999716,-0.04999999999999716,25.6,25.65,25.6,25.65,103.0,391.0,9089.0,7512.0,False,False
5880,2022-11-08 10:23:25.672953,-0.0019493177387913674,-0.0019493177387913674,-0.04999999999999716,-0.04999999999999716,25.6,25.65,25.6,25.65,103.0,391.0,9089.0,7512.0,False,False
5880,2022-11-08 10:23:26.632836,-0.0019493177387913674,-0.0019493177387913674,-0.04999999999999716,-0.04999999999999716,25.6,25.65,25.6,25.65,103.0,391.0,9089.0,7512.0,False,False
5880,2022-11-08 10:23:26.673358,-0.0019493177387913674,-0.0019493177387913674,-0.04999999999999716,-0.04999999999999716,25.6,25.65,25.6,25.65,130.0,391.0,9089.0,7512.0,False,False
5880,2022-11-08 10:23:28.426247,-0.0019493177387913674,-0.0019493177387913674,-0.04999999999999716,-0.04999999999999716,25.6,25.65,25.6,25.65,135.0,391.0,9089.0,7512.0,False,False
5880,2022-11-08 10:23:28.430702,-0.0019493177387913674,-0.0019493177387913674,-0.04999999999999716,-0.04999999999999716,25.6,25.65,25.6,25.65,135.0,391.0,9089.0,7512.0,False,False
5880,2022-11-08 10:23:28.458274,-0.0019493177387913674,-0.0019493177387913674,-0.04999999999999716,-0.04999999999999716,25.6,25.65,25.6,25.65,144.0,391.0,9089.0,7512.0,False,False
5880,2022-11-08 10:23:28.610321,-0.0019493177387913674,-0.0019493177387913674,-0.04999999999999716,-0.04999999999999716,25.6,25.65,25.6,25.65,143.0,391.0,9089.0,7512.0,False,False
5880,2022-11-08 10:23:29.286897,-0.0019493177387913674,-0.0019493177387913674,-0.04999999999999716,-0.04999999999999716,25.6,25.65,25.6,25.65,147.0,391.0,9089.0,7512.0,False,False
5880,2022-11-08 10:23:30.476082,-0.0038910505836574627,-0.0019493177387913674,-0.09999999999999787,-0.04999999999999716,25.6,25.7,25.6,25.65,147.0,142.0,9089.0,7512.0,False,False
5880,2022-11-08 10:23:30.477599,-0.0038910505836574627,0.0,-0.09999999999999787,0.0,25.65,25.7,25.6,25.65,391.0,142.0,9089.0,7512.0,False,False
5880,2022-11-08 10:23:30.515487,-0.005825242718446533,0.0019493177387914784,-0.14999999999999858,0.05000000000000071,25.7,25.75,25.6,25.65,2.0,178.0,9089.0,7512.0,False,False
5880,2022-11-08 10:23:30.517190,-0.005825242718446533,0.0019493177387914784,-0.14999999999999858,0.05000000000000071,25.7,25.75,25.6,25.65,144.0,170.0,9089.0,7512.0,False,False
5880,2022-11-08 10:23:30.558603,-0.005825242718446533,0.0019493177387914784,-0.14999999999999858,0.05000000000000071,25.7,25.75,25.6,25.65,148.0,162.0,9089.0,7512.0,False,False
5880,2022-11-08 10:23:30.679190,-0.005825242718446533,0.0019493177387914784,-0.14999999999999858,0.05000000000000071,25.7,25.75,25.6,25.65,263.0,153.0,9089.0,7512.0,False,False
5880,2022-11-08 10:23:30.741802,-0.005825242718446533,0.0019493177387914784,-0.14999999999999858,0.05000000000000071,25.7,25.75,25.6,25.65,279.0,153.0,9089.0,7512.0,False,False
5880,2022-11-08 10:23:30.967867,-0.005825242718446533,0.0019493177387914784,-0.14999999999999858,0.05000000000000071,25.7,25.75,25.6,25.65,279.0,152.0,9089.0,7512.0,False,False
5880,2022-11-08 10:23:30.970555,-0.005825242718446533,0.0019493177387914784,-0.14999999999999858,0.05000000000000071,25.7,25.75,25.6,25.65,279.0,149.0,9089.0,7512.0,False,False
5880,2022-11-08 10:23:30.975312,-0.005825242718446533,0.0019493177387914784,-0.14999999999999858,0.05000000000000071,25.7,25.75,25.6,25.65,279.0,149.0,9089.0,7512.0,False,False
5880,2022-11-08 10:23:31.045931,-0.005825242718446533,0.0019493177387914784,-0.14999999999999858,0.05000000000000071,25.7,25.75,25.6,25.65,192.0,149.0,9089.0,7512.0,False,False
5880,2022-11-08 10:23:31.279794,-0.005825242718446533,0.0019493177387914784,-0.14999999999999858,0.05000000000000071,25.7,25.75,25.6,25.65,192.0,130.0,9089.0,7512.0,False,False
5880,2022-11-08 10:23:31.339802,-0.005825242718446533,0.0019493177387914784,-0.14999999999999858,0.05000000000000071,25.7,25.75,25.6,25.65,192.0,118.0,9089.0,7512.0,False,False
5880,2022-11-08 10:23:31.543385,-0.005825242718446533,0.0019493177387914784,-0.14999999999999858,0.05000000000000071,25.7,25.75,25.6,25.65,192.0,118.0,9089.0,7512.0,False,False
5880,2022-11-08 10:23:31.600832,-0.005825242718446533,0.0019493177387914784,-0.14999999999999858,0.05000000000000071,25.7,25.75,25.6,25.65,192.0,118.0,9089.0,7512.0,False,False
5880,2022-11-08 10:23:31.600892,-0.005825242718446533,0.0019493177387914784,-0.14999999999999858,0.05000000000000071,25.7,25.75,25.6,25.65,192.0,118.0,9089.0,7512.0,False,False
5880,2022-11-08 10:23:31.768957,-0.005825242718446533,0.0019493177387914784,-0.14999999999999858,0.05000000000000071,25.7,25.75,25.6,25.65,192.0,118.0,9089.0,7512.0,False,False
5880,2022-11-08 10:23:31.756264,-0.005825242718446533,0.0019493177387914784,-0.14999999999999858,0.05000000000000071,25.7,25.75,25.6,25.65,192.0,119.0,9089.0,7512.0,False,False
5880,2022-11-08 10:23:31.874554,-0.005825242718446533,0.0019493177387914784,-0.14999999999999858,0.05000000000000071,25.7,25.75,25.6,25.65,192.0,144.0,9089.0,7512.0,False,False
5880,2022-11-08 10:23:32.176209,-0.005825242718446533,0.0019493177387914784,-0.14999999999999858,0.05000000000000071,25.7,25.75,25.6,25.65,192.0,144.0,9089.0,7512.0,False,False
5880,2022-11-08 10:23:32.621988,-0.005825242718446533,0.0019493177387914784,-0.14999999999999858,0.05000000000000071,25.7,25.75,25.6,25.65,194.0,144.0,9089.0,7512.0,False,False
5880,2022-11-08 10:23:33.338902,-0.005825242718446533,0.0019493177387914784,-0.14999999999999858,0.05000000000000071,25.7,25.75,25.6,25.65,194.0,144.0,9089.0,7512.0,False,False
5880,2022-11-08 10:23:33.295550,-0.003883495145631133,0.0,-0.10000000000000142,0.0,25.7,25.75,25.65,25.7,194.0,144.0,243.0,32406.0,True,True
5880,2022-11-08 10:23:34.154316,-0.003883495145631133,0.0,-0.10000000000000142,0.0,25.7,25.75,25.65,25.7,194.0,147.0,243.0,32406.0,False,False
5880,2022-11-08 10:23:34.188941,-0.003883495145631133,0.0,-0.10000000000000142,0.0,25.7,25.75,25.65,25.7,203.0,147.0,243.0,32406.0,False,False
5880,2022-11-08 10:23:34.649659,-0.003883495145631133,0.0,-0.10000000000000142,0.0,25.7,25.75,25.65,25.7,203.0,147.0,243.0,32406.0,False,False
