ts,close,volume,bid_price,bid_volume,ask_price,ask_volume,tick_type,datetime
1650618140077883000,32.0,1016,32.0,6,32.05,62,1,2022-04-22 09:02:20
1650618140418246000,32.0,9,31.95,60,32.05,62,2,2022-04-22 09:02:20
1650618140418246000,31.95,1,31.95,60,32.05,62,2,2022-04-22 09:02:20
1650618140452667000,32.05,62,31.95,60,32.1,2,1,2022-04-22 09:02:20
1650618140622433000,31.95,15,31.95,45,32.1,2,2,2022-04-22 09:02:20
1650618140625709000,31.95,3,31.95,42,32.1,2,2,2022-04-22 09:02:20
1650618141024633000,32.05,1,31.95,42,32.15,1,1,2022-04-22 09:02:21
1650618141024633000,32.1,2,31.95,42,32.15,1,1,2022-04-22 09:02:21
1650618141024633000,32.15,4,31.95,42,32.15,1,1,2022-04-22 09:02:21
1650618141373621000,32.15,1,31.95,42,32.2,48,1,2022-04-22 09:02:21
1650618141745348000,32.1,1,31.95,39,32.2,48,2,2022-04-22 09:02:21
1650618141745348000,31.95,3,31.95,39,32.2,48,2,2022-04-22 09:02:21
1650618142179086000,32.05,1,32.05,9,32.2,48,2,2022-04-22 09:02:22
1650618142291352000,32.15,5,31.95,10,32.2,48,2,2022-04-22 09:02:22
1650618142291352000,32.05,9,31.95,10,32.2,48,2,2022-04-22 09:02:22
1650618142291352000,32.0,6,31.95,10,32.2,48,2,2022-04-22 09:02:22
1650618142291352000,31.95,30,31.95,10,32.2,48,2,2022-04-22 09:02:22
1650618142449370000,32.15,3,32.05,10,32.15,4,1,2022-04-22 09:02:22
1650618143237881000,32.15,3,32.05,10,32.2,100,1,2022-04-22 09:02:23
1650618144002995000,32.15,2,32.05,10,32.2,100,1,2022-04-22 09:02:24
1650618144004257000,32.2,1,32.05,11,32.2,99,1,2022-04-22 09:02:24
1650618144004851000,32.2,2,32.05,11,32.2,97,1,2022-04-22 09:02:24
1650618144006263000,32.2,1,32.05,11,32.2,96,1,2022-04-22 09:02:24
1650618144007012000,32.2,2,32.05,11,32.2,94,1,2022-04-22 09:02:24
1650618144007801000,32.2,3,32.05,11,32.2,91,1,2022-04-22 09:02:24
1650618144009320000,32.2,2,32.05,11,32.2,89,1,2022-04-22 09:02:24
1650618144009790000,32.2,2,32.05,11,32.2,87,1,2022-04-22 09:02:24
1650618144010961000,32.2,1,32.05,11,32.2,86,1,2022-04-22 09:02:24
1650618144012116000,32.2,2,32.05,11,32.2,84,1,2022-04-22 09:02:24
1650618144012985000,32.2,1,32.05,11,32.2,83,1,2022-04-22 09:02:24
1650618144014293000,32.2,2,32.05,11,32.2,81,1,2022-04-22 09:02:24
1650618144014964000,32.2,1,32.05,11,32.2,80,1,2022-04-22 09:02:24
1650618144016133000,32.2,1,32.05,11,32.2,79,1,2022-04-22 09:02:24
1650618144017255000,32.2,2,32.05,11,32.2,77,1,2022-04-22 09:02:24
1650618144018433000,32.2,1,32.05,11,32.2,76,1,2022-04-22 09:02:24
1650618144019263000,32.2,2,32.05,11,32.2,74,1,2022-04-22 09:02:24
1650618144020048000,32.2,2,32.05,11,32.2,72,1,2022-04-22 09:02:24
1650618144021892000,32.2,2,32.05,11,32.2,70,1,2022-04-22 09:02:24
1650618144022343000,32.2,2,32.05,11,32.2,68,1,2022-04-22 09:02:24
1650618144023313000,32.2,2,32.05,11,32.2,66,1,2022-04-22 09:02:24
1650618144024539000,32.2,1,32.05,11,32.2,65,1,2022-04-22 09:02:24
1650618144025659000,32.2,1,32.05,11,32.2,64,1,2022-04-22 09:02:24
1650618144026427000,32.2,2,32.05,11,32.2,62,1,2022-04-22 09:02:24
1650618144027823000,32.2,2,32.05,11,32.2,60,1,2022-04-22 09:02:24
1650618144028525000,32.2,2,32.05,11,32.2,58,1,2022-04-22 09:02:24
1650618144029427000,32.2,1,32.05,11,32.2,57,1,2022-04-22 09:02:24
1650618144030612000,32.2,3,32.05,11,32.2,54,1,2022-04-22 09:02:24
1650618144031852000,32.2,1,32.05,11,32.2,53,1,2022-04-22 09:02:24
1650618144032647000,32.2,1,32.05,11,32.2,52,1,2022-04-22 09:02:24
1650618144034637000,32.05,11,31.95,8,32.2,52,2,2022-04-22 09:02:24
1650618144034637000,32.0,1,31.95,8,32.2,52,2,2022-04-22 09:02:24
1650618144034637000,31.95,2,31.95,8,32.2,52,2,2022-04-22 09:02:24
1650618144067964000,31.95,3,31.95,5,32.2,52,2,2022-04-22 09:02:24
1650618144569154000,32.1,1,32.0,1,32.1,4,1,2022-04-22 09:02:24
1650618145109007000,32.1,1,32.05,3,32.1,3,1,2022-04-22 09:02:25
1650618145128062000,32.1,1,32.05,3,32.1,2,1,2022-04-22 09:02:25
1650618145230402000,32.05,1,32.05,2,32.1,2,2,2022-04-22 09:02:25
1650618145348894000,32.1,1,32.05,2,32.1,1,1,2022-04-22 09:02:25
1650618145599143000,32.1,1,32.05,2,32.15,21,1,2022-04-22 09:02:25
1650618145599143000,32.15,1,32.05,2,32.15,21,1,2022-04-22 09:02:25
1650618145600039000,32.15,2,32.05,2,32.15,19,1,2022-04-22 09:02:25
1650618145601296000,32.15,1,32.05,2,32.15,18,1,2022-04-22 09:02:25
1650618145602576000,32.15,2,32.05,2,32.15,16,1,2022-04-22 09:02:25
1650618145603683000,32.15,1,32.05,2,32.15,15,1,2022-04-22 09:02:25
1650618145603846000,32.15,2,32.05,2,32.15,13,1,2022-04-22 09:02:25
1650618145605023000,32.15,1,32.05,2,32.15,12,1,2022-04-22 09:02:25
1650618145606092000,32.15,1,32.05,2,32.15,11,1,2022-04-22 09:02:25
1650618145607206000,32.15,2,32.05,2,32.15,9,1,2022-04-22 09:02:25
1650618145608436000,32.15,3,32.05,2,32.15,6,1,2022-04-22 09:02:25
1650618145608871000,32.15,2,32.05,2,32.15,4,1,2022-04-22 09:02:25
1650618145610744000,32.15,1,32.05,2,32.15,3,1,2022-04-22 09:02:25
1650618145610971000,32.15,1,32.05,2,32.15,2,1,2022-04-22 09:02:25
1650618145611942000,32.15,2,32.05,2,32.2,52,1,2022-04-22 09:02:25
1650618145613383000,32.2,1,32.05,2,32.2,51,1,2022-04-22 09:02:25
1650618145614612000,32.2,2,32.05,2,32.2,49,1,2022-04-22 09:02:25
1650618145615135000,32.2,2,32.05,2,32.2,47,1,2022-04-22 09:02:25
1650618145616100000,32.2,1,32.05,2,32.2,46,1,2022-04-22 09:02:25
1650618145617571000,32.2,1,32.05,2,32.2,45,1,2022-04-22 09:02:25
1650618145618326000,32.2,2,32.05,2,32.2,43,1,2022-04-22 09:02:25
1650618145619281000,32.2,1,32.05,2,32.2,42,1,2022-04-22 09:02:25
1650618145620535000,32.2,1,32.05,2,32.2,41,1,2022-04-22 09:02:25
1650618145621732000,32.2,3,32.05,2,32.2,38,1,2022-04-22 09:02:25
1650618145622477000,32.2,1,32.05,2,32.2,37,1,2022-04-22 09:02:25
1650618145623364000,32.2,2,32.05,2,32.2,35,1,2022-04-22 09:02:25
1650618145625384000,32.2,1,32.05,2,32.2,34,1,2022-04-22 09:02:25
1650618145625607000,32.2,2,32.05,2,32.2,32,1,2022-04-22 09:02:25
1650618145626627000,32.2,2,32.05,2,32.2,30,1,2022-04-22 09:02:25
1650618145627663000,32.2,3,32.05,2,32.2,27,1,2022-04-22 09:02:25
1650618145628824000,32.2,2,32.05,2,32.2,25,1,2022-04-22 09:02:25
1650618146015298000,32.05,2,32.0,1,32.1,4,2,2022-04-22 09:02:26
1650618146377086000,32.1,4,32.1,2,32.2,25,1,2022-04-22 09:02:26
1650618147155081000,32.15,1,32.1,3,32.2,25,2,2022-04-22 09:02:27
1650618147513750000,32.1,1,32.1,2,32.2,25,2,2022-04-22 09:02:27
1650618148158287000,32.2,1,32.1,3,32.2,25,1,2022-04-22 09:02:28
1650618148527353000,32.1,1,32.1,2,32.2,25,2,2022-04-22 09:02:28
1650618149598947000,32.1,1,32.1,2,32.15,1,2,2022-04-22 09:02:29
1650618149823976000,32.15,1,32.1,2,32.2,25,1,2022-04-22 09:02:29
1650618149903807000,32.1,3,32.05,2,32.1,7,2,2022-04-22 09:02:29
1650618149924265000,32.1,1,32.05,2,32.1,6,1,2022-04-22 09:02:29
1650618149939587000,32.05,1,32.05,1,32.1,6,2,2022-04-22 09:02:29
1650618150067893000,32.1,1,32.05,1,32.1,5,1,2022-04-22 09:02:30
1650618150102122000,32.1,5,32.05,1,32.2,25,1,2022-04-22 09:02:30
1650618150225609000,32.05,1,32.0,23,32.15,2,2,2022-04-22 09:02:30
1650618150225609000,32.0,4,32.0,23,32.15,2,2,2022-04-22 09:02:30
1650618150331184000,32.15,2,32.05,5,32.2,25,1,2022-04-22 09:02:30
1650618150390316000,32.05,1,32.05,15,32.15,1,2,2022-04-22 09:02:30
1650618150451256000,32.15,1,32.1,1,32.2,21,1,2022-04-22 09:02:30
1650618150451256000,32.2,4,32.1,1,32.2,21,1,2022-04-22 09:02:30
1650618150611037000,32.2,2,32.1,1,32.2,19,1,2022-04-22 09:02:30
1650618150744218000,32.2,3,32.1,1,32.2,16,1,2022-04-22 09:02:30
1650618150746752000,32.1,1,32.05,20,32.2,16,2,2022-04-22 09:02:30
1650618150746752000,32.05,4,32.05,20,32.2,16,2,2022-04-22 09:02:30
1650618150911054000,32.15,1,32.05,40,32.15,10,1,2022-04-22 09:02:30
1650618151754865000,32.15,1,32.1,12,32.15,10,1,2022-04-22 09:02:31
1650618151784174000,32.15,1,32.1,12,32.15,9,1,2022-04-22 09:02:31
1650618152036400000,32.1,3,32.1,9,32.15,9,2,2022-04-22 09:02:32
1650618152083512000,32.15,1,32.1,9,32.15,8,1,2022-04-22 09:02:32
1650618152388981000,32.15,1,32.1,9,32.15,8,1,2022-04-22 09:02:32
1650618152470436000,32.15,8,32.1,10,32.2,4,1,2022-04-22 09:02:32
1650618152470436000,32.2,12,32.1,10,32.2,4,1,2022-04-22 09:02:32
1650618152601686000,32.2,14,32.1,10,32.25,52,1,2022-04-22 09:02:32
1650618152601686000,32.25,6,32.1,10,32.25,52,1,2022-04-22 09:02:32
1650618152726783000,32.15,1,32.1,13,32.15,2,2,2022-04-22 09:02:32
1650618152760402000,32.15,2,32.1,13,32.25,52,1,2022-04-22 09:02:32
1650618152946736000,32.2,1,32.1,13,32.25,52,1,2022-04-22 09:02:32
1650618154144295000,32.2,1,32.15,10,32.2,1,1,2022-04-22 09:02:34
1650618154159893000,32.15,10,32.1,20,32.2,1,2,2022-04-22 09:02:34
1650618154386967000,32.15,1,32.1,20,32.2,1,1,2022-04-22 09:02:34
1650618154711890000,32.2,1,32.1,20,32.25,52,1,2022-04-22 09:02:34
1650618154786850000,32.25,1,32.1,20,32.25,51,1,2022-04-22 09:02:34
1650618154963792000,32.25,1,32.1,20,32.25,50,1,2022-04-22 09:02:34
1650618155179220000,32.25,1,32.1,20,32.25,49,1,2022-04-22 09:02:35
1650618155219047000,32.25,1,32.1,20,32.25,48,1,2022-04-22 09:02:35
1650618155334397000,32.15,1,32.1,20,32.25,48,2,2022-04-22 09:02:35
1650618155543621000,32.25,1,32.15,2,32.25,47,1,2022-04-22 09:02:35
1650618156590108000,32.2,1,32.2,3,32.25,47,2,2022-04-22 09:02:36
1650618156606115000,32.25,1,32.2,3,32.25,46,1,2022-04-22 09:02:36
1650618156821657000,32.25,2,32.2,3,32.25,44,1,2022-04-22 09:02:36
1650618156904898000,32.25,2,32.2,3,32.25,42,1,2022-04-22 09:02:36
1650618157194809000,32.2,1,32.2,2,32.25,42,2,2022-04-22 09:02:37
1650618158716212000,32.25,8,32.2,3,32.25,34,1,2022-04-22 09:02:38
1650618158742006000,32.25,1,32.2,3,32.25,33,1,2022-04-22 09:02:38
1650618159171748000,32.25,1,32.2,6,32.25,32,1,2022-04-22 09:02:39
1650618159194176000,32.25,2,32.2,6,32.25,30,1,2022-04-22 09:02:39
1650618159317484000,32.2,1,32.2,5,32.25,32,2,2022-04-22 09:02:39
1650618159341281000,32.25,1,32.2,5,32.25,31,1,2022-04-22 09:02:39
1650618159445038000,32.25,2,32.2,5,32.25,29,1,2022-04-22 09:02:39
1650618159666001000,32.25,2,32.2,5,32.25,27,1,2022-04-22 09:02:39
1650618159780508000,32.25,2,32.2,5,32.25,25,1,2022-04-22 09:02:39
1650618159865853000,32.25,1,32.2,5,32.25,24,1,2022-04-22 09:02:39
1650618160172114000,32.2,1,32.2,4,32.25,44,2,2022-04-22 09:02:40
1650618160228384000,32.25,4,32.2,4,32.25,40,1,2022-04-22 09:02:40
1650618160463806000,32.25,3,32.2,4,32.25,37,1,2022-04-22 09:02:40
1650618160833632000,32.25,1,32.2,5,32.25,36,1,2022-04-22 09:02:40
1650618161191772000,32.25,4,32.2,5,32.25,32,1,2022-04-22 09:02:41
1650618161431881000,32.25,1,32.2,7,32.25,31,1,2022-04-22 09:02:41
1650618161705400000,32.25,1,32.2,8,32.25,31,1,2022-04-22 09:02:41
1650618161730273000,32.25,5,32.2,8,32.25,26,1,2022-04-22 09:02:41
1650618161890045000,32.25,1,32.2,8,32.25,25,1,2022-04-22 09:02:41
1650618161937043000,32.25,20,32.2,8,32.25,5,1,2022-04-22 09:02:41
1650618161967262000,32.25,5,32.2,8,32.3,44,1,2022-04-22 09:02:41
1650618162408432000,32.2,4,32.2,5,32.3,44,2,2022-04-22 09:02:42
1650618162959002000,32.25,1,32.2,4,32.3,44,2,2022-04-22 09:02:42
1650618162959002000,32.2,1,32.2,4,32.3,44,2,2022-04-22 09:02:42
1650618163428623000,32.25,1,32.2,5,32.3,44,2,2022-04-22 09:02:43
1650618164228273000,32.3,15,32.25,14,32.3,29,1,2022-04-22 09:02:44
1650618164921961000,32.3,3,32.25,18,32.3,26,1,2022-04-22 09:02:44
1650618165344669000,32.3,1,32.25,19,32.3,25,1,2022-04-22 09:02:45
1650618165384657000,32.3,2,32.25,19,32.3,23,1,2022-04-22 09:02:45
1650618165778501000,32.25,2,32.25,17,32.3,23,2,2022-04-22 09:02:45
1650618166205148000,32.3,1,32.25,17,32.3,22,1,2022-04-22 09:02:46
1650618166265102000,32.3,15,32.25,17,32.3,7,1,2022-04-22 09:02:46
1650618166292567000,32.3,4,32.25,17,32.3,3,1,2022-04-22 09:02:46
1650618166327264000,32.25,2,32.25,15,32.3,3,2,2022-04-22 09:02:46
1650618166538360000,32.3,1,32.25,16,32.3,2,1,2022-04-22 09:02:46
1650618166573038000,32.3,1,32.25,16,32.3,1,1,2022-04-22 09:02:46
1650618167126130000,32.3,1,32.25,17,32.3,4,1,2022-04-22 09:02:47
1650618167265850000,32.25,1,32.25,16,32.3,4,2,2022-04-22 09:02:47
1650618167348796000,32.25,5,32.25,11,32.3,24,2,2022-04-22 09:02:47
1650618167430968000,32.3,5,32.25,11,32.3,19,1,2022-04-22 09:02:47
1650618167726547000,32.25,1,32.25,10,32.3,23,2,2022-04-22 09:02:47
1650618168465147000,32.3,1,32.25,16,32.3,22,1,2022-04-22 09:02:48
1650618168606808000,32.3,1,32.25,16,32.3,21,1,2022-04-22 09:02:48
1650618168610203000,32.3,1,32.25,16,32.3,20,1,2022-04-22 09:02:48
1650618168784035000,32.25,1,32.25,25,32.3,20,2,2022-04-22 09:02:48
1650618168811614000,32.3,1,32.25,25,32.3,19,1,2022-04-22 09:02:48
1650618168820406000,32.3,1,32.25,25,32.3,18,1,2022-04-22 09:02:48
1650618169038052000,32.3,1,32.25,25,32.3,17,1,2022-04-22 09:02:49
1650618169063355000,32.3,3,32.25,25,32.3,14,1,2022-04-22 09:02:49
1650618169171049000,32.3,2,32.25,25,32.3,12,1,2022-04-22 09:02:49
1650618169403186000,32.3,1,32.25,25,32.3,11,1,2022-04-22 09:02:49
1650618169488966000,32.3,1,32.25,25,32.3,10,1,2022-04-22 09:02:49
1650618169655865000,32.3,1,32.25,25,32.3,9,1,2022-04-22 09:02:49
1650618169952683000,32.3,1,32.25,26,32.3,8,1,2022-04-22 09:02:49
1650618169982331000,32.3,1,32.25,26,32.3,7,1,2022-04-22 09:02:49
1650618169987303000,32.3,1,32.25,26,32.3,6,1,2022-04-22 09:02:49
1650618170020151000,32.25,2,32.25,24,32.3,6,2,2022-04-22 09:02:50
1650618170263473000,32.3,5,32.25,24,32.3,1,1,2022-04-22 09:02:50
1650618170471072000,32.3,2,32.25,24,32.35,18,1,2022-04-22 09:02:50
1650618170471072000,32.35,2,32.25,24,32.35,18,1,2022-04-22 09:02:50
1650618170598421000,32.3,1,32.25,20,32.35,18,2,2022-04-22 09:02:50
1650618170598421000,32.25,4,32.25,20,32.35,18,2,2022-04-22 09:02:50
1650618170616318000,32.3,1,32.25,20,32.35,18,1,2022-04-22 09:02:50
1650618170783399000,32.35,2,32.3,11,32.35,16,1,2022-04-22 09:02:50
1650618170849919000,32.35,2,32.3,11,32.35,14,1,2022-04-22 09:02:50
1650618171056912000,32.3,5,32.3,6,32.35,14,2,2022-04-22 09:02:51
1650618171109302000,32.35,2,32.3,6,32.35,12,1,2022-04-22 09:02:51
1650618171369419000,32.3,1,32.3,12,32.35,12,2,2022-04-22 09:02:51
1650618171521356000,32.35,1,32.3,12,32.35,11,1,2022-04-22 09:02:51
1650618171548125000,32.35,3,32.3,12,32.35,8,1,2022-04-22 09:02:51
1650618171888070000,32.35,1,32.3,12,32.35,27,1,2022-04-22 09:02:51
1650618172492756000,32.35,1,32.3,23,32.35,26,1,2022-04-22 09:02:52
1650618172628603000,32.35,20,32.3,23,32.35,6,1,2022-04-22 09:02:52
1650618172943961000,32.3,23,32.25,26,32.3,27,2,2022-04-22 09:02:52
1650618172981338000,32.25,1,32.25,25,32.3,27,2,2022-04-22 09:02:52
1650618172999817000,32.3,1,32.25,25,32.3,26,1,2022-04-22 09:02:52
1650618173005106000,32.3,2,32.25,25,32.3,24,1,2022-04-22 09:02:53
1650618173107220000,32.3,1,32.25,26,32.3,24,1,2022-04-22 09:02:53
1650618173203953000,32.3,3,32.25,26,32.3,21,1,2022-04-22 09:02:53
1650618173375219000,32.3,1,32.25,26,32.3,20,1,2022-04-22 09:02:53
1650618173454822000,32.3,2,32.25,26,32.3,18,1,2022-04-22 09:02:53
1650618173722973000,32.3,5,32.25,26,32.3,13,1,2022-04-22 09:02:53
1650618173877491000,32.3,1,32.25,28,32.3,12,1,2022-04-22 09:02:53
1650618173941461000,32.3,12,32.25,29,32.35,3,1,2022-04-22 09:02:53
1650618173941461000,32.35,3,32.25,29,32.35,3,1,2022-04-22 09:02:53
1650618174079653000,32.35,1,32.25,29,32.35,2,1,2022-04-22 09:02:54
1650618174139004000,32.35,3,32.35,2,32.4,55,1,2022-04-22 09:02:54
1650618174569830000,32.35,2,32.25,28,32.3,17,2,2022-04-22 09:02:54
1650618174569830000,32.3,1,32.25,28,32.3,17,2,2022-04-22 09:02:54
1650618174572466000,32.3,3,32.25,28,32.3,14,1,2022-04-22 09:02:54
1650618174599207000,32.3,1,32.25,28,32.3,13,1,2022-04-22 09:02:54
1650618174713918000,32.3,1,32.25,28,32.3,13,1,2022-04-22 09:02:54
1650618174814873000,32.25,28,32.2,45,32.25,22,2,2022-04-22 09:02:54
1650618174856517000,32.2,1,32.2,44,32.25,22,2,2022-04-22 09:02:54
1650618174857794000,32.2,1,32.2,43,32.25,23,2,2022-04-22 09:02:54
1650618175019235000,32.25,1,32.2,43,32.25,22,1,2022-04-22 09:02:55
1650618175023847000,32.25,1,32.2,43,32.25,21,1,2022-04-22 09:02:55
1650618175025245000,32.25,1,32.2,43,32.25,20,1,2022-04-22 09:02:55
1650618175200243000,32.25,2,32.2,43,32.25,18,1,2022-04-22 09:02:55
1650618175272305000,32.25,5,32.2,43,32.25,13,1,2022-04-22 09:02:55
1650618175335948000,32.25,1,32.2,43,32.25,12,1,2022-04-22 09:02:55
1650618175360645000,32.25,4,32.2,43,32.25,8,1,2022-04-22 09:02:55
1650618175492454000,32.25,1,32.2,43,32.25,7,1,2022-04-22 09:02:55
1650618175520883000,32.25,7,32.2,43,32.3,10,1,2022-04-22 09:02:55
1650618175520883000,32.3,3,32.2,43,32.3,10,1,2022-04-22 09:02:55
1650618175568416000,32.3,1,32.2,43,32.3,9,1,2022-04-22 09:02:55
1650618175622154000,32.3,1,32.2,43,32.3,8,1,2022-04-22 09:02:55
1650618175823907000,32.3,1,32.2,43,32.3,7,1,2022-04-22 09:02:55
1650618176009986000,32.25,1,32.2,43,32.25,4,1,2022-04-22 09:02:56
1650618176287385000,32.2,17,32.2,27,32.25,4,2,2022-04-22 09:02:56
1650618176458250000,32.25,2,32.2,27,32.25,3,1,2022-04-22 09:02:56
1650618176511323000,32.25,3,32.2,27,32.3,6,1,2022-04-22 09:02:56
1650618176511323000,32.3,2,32.2,27,32.3,6,1,2022-04-22 09:02:56
1650618176641435000,32.3,1,32.2,27,32.3,5,1,2022-04-22 09:02:56
1650618176667560000,32.3,1,32.2,27,32.3,4,1,2022-04-22 09:02:56
1650618176837520000,32.2,2,32.2,25,32.3,4,2,2022-04-22 09:02:56
1650618176860733000,32.3,4,32.3,5,32.35,47,1,2022-04-22 09:02:56
1650618177042993000,32.3,1,32.3,4,32.35,47,2,2022-04-22 09:02:57
1650618177070594000,32.3,4,32.2,25,32.3,6,2,2022-04-22 09:02:57
1650618177079765000,32.25,5,32.2,25,32.25,5,1,2022-04-22 09:02:57
1650618177081400000,32.25,1,32.2,25,32.25,4,1,2022-04-22 09:02:57
1650618177099266000,32.25,3,32.2,25,32.25,1,1,2022-04-22 09:02:57
1650618177413481000,32.25,1,32.2,25,32.25,3,1,2022-04-22 09:02:57
1650618177475449000,32.2,5,32.2,20,32.25,3,2,2022-04-22 09:02:57
1650618177488771000,32.25,1,32.2,20,32.25,2,1,2022-04-22 09:02:57
1650618177493683000,32.25,1,32.2,20,32.25,1,1,2022-04-22 09:02:57
1650618177519369000,32.25,1,32.2,20,32.3,5,1,2022-04-22 09:02:57
1650618177519369000,32.3,1,32.2,20,32.3,5,1,2022-04-22 09:02:57
1650618177523843000,32.3,1,32.2,20,32.3,4,1,2022-04-22 09:02:57
1650618177654595000,32.3,1,32.2,20,32.3,3,1,2022-04-22 09:02:57
1650618177706554000,32.3,2,32.2,20,32.3,1,1,2022-04-22 09:02:57
1650618177720880000,32.3,1,32.3,1,32.35,48,1,2022-04-22 09:02:57
1650618177737406000,32.3,1,32.2,20,32.35,48,2,2022-04-22 09:02:57
1650618177965005000,32.2,3,32.2,18,32.3,10,2,2022-04-22 09:02:57
1650618178024660000,32.3,1,32.2,18,32.3,9,1,2022-04-22 09:02:58
1650618178112205000,32.3,1,32.25,3,32.3,10,1,2022-04-22 09:02:58
1650618178294888000,32.3,10,32.25,5,32.3,6,1,2022-04-22 09:02:58
1650618178348412000,32.25,2,32.25,3,32.3,6,2,2022-04-22 09:02:58
1650618178413141000,32.25,3,32.15,140,32.2,28,2,2022-04-22 09:02:58
1650618178413141000,32.2,19,32.15,140,32.2,28,2,2022-04-22 09:02:58
1650618178451570000,32.15,1,32.15,139,32.2,29,2,2022-04-22 09:02:58
1650618178739714000,32.2,1,32.15,139,32.2,28,1,2022-04-22 09:02:58
1650618178939230000,32.2,10,32.15,139,32.2,18,1,2022-04-22 09:02:58
1650618178983066000,32.15,1,32.15,138,32.2,18,2,2022-04-22 09:02:58
1650618178985015000,32.15,1,32.15,137,32.2,18,2,2022-04-22 09:02:58
1650618179262831000,32.2,1,32.15,137,32.2,17,1,2022-04-22 09:02:59
1650618179357481000,32.2,1,32.15,137,32.2,16,1,2022-04-22 09:02:59
1650618179396166000,32.15,1,32.15,136,32.2,16,2,2022-04-22 09:02:59
1650618179506944000,32.15,50,32.15,86,32.2,16,2,2022-04-22 09:02:59
1650618179542742000,32.15,1,32.15,85,32.2,16,2,2022-04-22 09:02:59
1650618179545099000,32.15,1,32.15,84,32.2,16,2,2022-04-22 09:02:59
1650618179545946000,32.15,1,32.15,83,32.2,16,2,2022-04-22 09:02:59
1650618179614798000,32.2,1,32.15,12,32.2,25,1,2022-04-22 09:02:59
1650618179619022000,32.15,12,32.1,32,32.15,8,2,2022-04-22 09:02:59
1650618179705716000,32.15,3,32.1,32,32.15,5,1,2022-04-22 09:02:59
1650618179960393000,32.15,1,32.1,32,32.15,4,1,2022-04-22 09:02:59
1650618180034013000,32.1,1,32.1,31,32.15,4,2,2022-04-22 09:03:00
1650618180111597000,32.1,3,32.1,28,32.15,4,2,2022-04-22 09:03:00
1650618180148615000,32.1,2,32.1,26,32.15,4,2,2022-04-22 09:03:00
1650618180179784000,32.1,19,32.1,7,32.15,4,2,2022-04-22 09:03:00
1650618180210075000,32.1,1,32.1,6,32.15,4,2,2022-04-22 09:03:00
1650618180211133000,32.1,6,32.0,25,32.05,40,2,2022-04-22 09:03:00
1650618180211133000,32.05,4,32.0,25,32.05,40,2,2022-04-22 09:03:00
1650618180581128000,32.05,1,32.0,25,32.05,40,1,2022-04-22 09:03:00
1650618180612359000,32.0,1,32.0,24,32.05,40,2,2022-04-22 09:03:00
1650618180648117000,32.05,1,32.0,24,32.05,39,1,2022-04-22 09:03:00
1650618180689344000,32.0,20,32.0,9,32.05,39,2,2022-04-22 09:03:00
1650618180730311000,32.0,2,32.0,7,32.05,39,2,2022-04-22 09:03:00
1650618180734302000,32.0,7,31.95,11,32.0,13,2,2022-04-22 09:03:00
1650618180764255000,31.95,1,31.95,10,32.0,15,2,2022-04-22 09:03:00
1650618180765846000,31.95,1,31.95,9,32.0,16,2,2022-04-22 09:03:00
1650618180814393000,31.95,9,31.9,17,32.0,16,2,2022-04-22 09:03:00
1650618180814393000,31.9,11,31.9,17,32.0,16,2,2022-04-22 09:03:00
1650618181118571000,31.9,3,31.9,14,31.95,9,2,2022-04-22 09:03:01
1650618181133449000,31.95,2,31.9,14,31.95,7,1,2022-04-22 09:03:01
1650618181288597000,31.95,1,31.9,14,31.95,6,1,2022-04-22 09:03:01
1650618181948044000,31.95,1,31.9,14,31.95,5,1,2022-04-22 09:03:01
1650618182450614000,31.95,5,31.9,14,31.95,1,1,2022-04-22 09:03:02
1650618182828021000,31.95,1,31.9,14,32.0,17,1,2022-04-22 09:03:02
1650618183144744000,31.9,5,31.9,11,32.0,17,2,2022-04-22 09:03:03
1650618184003398000,31.95,1,31.9,11,31.95,1,1,2022-04-22 09:03:04
1650618184297163000,31.95,1,31.95,1,32.0,17,1,2022-04-22 09:03:04
1650618184333478000,31.95,1,31.9,6,32.0,17,2,2022-04-22 09:03:04
1650618184333478000,31.9,5,31.9,6,32.0,17,2,2022-04-22 09:03:04
1650618184345007000,31.9,6,31.75,2,31.8,6,2,2022-04-22 09:03:04
1650618184345007000,31.85,15,31.75,2,31.8,6,2,2022-04-22 09:03:04
1650618184345007000,31.8,25,31.75,2,31.8,6,2,2022-04-22 09:03:04
1650618184368805000,31.8,1,31.75,2,31.8,5,1,2022-04-22 09:03:04
1650618184380028000,31.75,1,31.75,1,31.8,7,2,2022-04-22 09:03:04
1650618184380437000,31.75,1,31.7,3,31.8,7,2,2022-04-22 09:03:04
1650618184557177000,31.7,2,31.7,1,31.75,1,2,2022-04-22 09:03:04
1650618185337455000,31.7,1,31.65,19,31.75,1,2,2022-04-22 09:03:05
1650618185337455000,31.65,2,31.65,19,31.75,1,2,2022-04-22 09:03:05
1650618185392932000,31.65,1,31.65,18,31.7,1,2,2022-04-22 09:03:05
1650618185475403000,31.7,2,31.65,18,31.75,1,1,2022-04-22 09:03:05
1650618185999566000,31.7,1,31.7,4,31.75,1,2,2022-04-22 09:03:05
1650618186565339000,31.7,1,31.7,3,31.75,1,2,2022-04-22 09:03:06
1650618186576589000,31.75,1,31.7,3,31.8,6,1,2022-04-22 09:03:06
1650618186576589000,31.8,2,31.7,3,31.8,6,1,2022-04-22 09:03:06
1650618186755535000,31.75,1,31.65,17,31.8,6,2,2022-04-22 09:03:06
1650618186755535000,31.7,3,31.65,17,31.8,6,2,2022-04-22 09:03:06
1650618186755535000,31.65,1,31.65,17,31.8,6,2,2022-04-22 09:03:06
1650618186765580000,31.8,5,31.65,17,31.8,1,1,2022-04-22 09:03:06
1650618186797606000,31.8,1,31.65,17,31.8,11,1,2022-04-22 09:03:06
1650618187380495000,31.75,1,31.65,19,31.8,11,1,2022-04-22 09:03:07
1650618187947087000,31.75,2,31.65,19,31.7,14,2,2022-04-22 09:03:07
1650618187988894000,31.7,13,31.65,19,31.7,1,1,2022-04-22 09:03:07
1650618188021454000,31.7,1,31.65,19,31.75,10,1,2022-04-22 09:03:08
1650618188029261000,31.65,1,31.65,18,31.75,10,2,2022-04-22 09:03:08
1650618188030272000,31.65,1,31.65,17,31.75,10,2,2022-04-22 09:03:08
1650618188388634000,31.75,3,31.65,17,31.75,7,1,2022-04-22 09:03:08
1650618188763311000,31.7,1,31.65,17,31.75,6,1,2022-04-22 09:03:08
1650618188763311000,31.75,1,31.65,17,31.75,6,1,2022-04-22 09:03:08
1650618188982737000,31.65,1,31.65,16,31.75,6,2,2022-04-22 09:03:08
1650618189299478000,31.65,16,31.6,100,31.75,6,2,2022-04-22 09:03:09
1650618189299478000,31.6,24,31.6,100,31.75,6,2,2022-04-22 09:03:09
1650618189348524000,31.6,2,31.55,8,31.6,18,2,2022-04-22 09:03:09
1650618189479029000,31.6,10,31.55,8,31.6,8,1,2022-04-22 09:03:09
1650618189534758000,31.55,1,31.55,7,31.6,8,2,2022-04-22 09:03:09
1650618190248189000,31.6,2,31.55,7,31.6,6,1,2022-04-22 09:03:10
1650618191344978000,31.55,1,31.55,6,31.6,36,2,2022-04-22 09:03:11
1650618191525762000,31.55,3,31.55,3,31.6,36,2,2022-04-22 09:03:11
1650618191968548000,31.6,1,31.55,3,31.6,37,1,2022-04-22 09:03:11
1650618192259291000,31.6,10,31.55,3,31.6,27,1,2022-04-22 09:03:12
1650618192278592000,31.6,5,31.55,3,31.6,22,1,2022-04-22 09:03:12
1650618192307978000,31.55,1,31.55,2,31.6,22,2,2022-04-22 09:03:12
1650618193159277000,31.6,5,31.55,2,31.6,18,1,2022-04-22 09:03:13
1650618193440832000,31.55,1,31.55,1,31.6,18,2,2022-04-22 09:03:13
1650618193462778000,31.6,1,31.55,1,31.6,17,1,2022-04-22 09:03:13
1650618194009992000,31.6,3,31.55,4,31.6,14,1,2022-04-22 09:03:14
1650618194980915000,31.55,1,31.55,3,31.6,16,2,2022-04-22 09:03:14
1650618195017193000,31.55,1,31.55,2,31.6,16,2,2022-04-22 09:03:15
1650618195187743000,31.6,1,31.55,3,31.6,15,1,2022-04-22 09:03:15
1650618195204316000,31.6,3,31.55,3,31.6,12,1,2022-04-22 09:03:15
1650618196007822000,31.55,3,31.5,23,31.6,12,2,2022-04-22 09:03:16
1650618196007822000,31.5,1,31.5,23,31.6,12,2,2022-04-22 09:03:16
1650618196107027000,31.55,1,31.5,23,31.6,2,1,2022-04-22 09:03:16
1650618196107027000,31.6,9,31.5,23,31.6,2,1,2022-04-22 09:03:16
1650618196199905000,31.5,5,31.5,18,31.55,1,2,2022-04-22 09:03:16
1650618196552368000,31.55,1,31.55,2,31.6,2,1,2022-04-22 09:03:16
1650618196753799000,31.6,2,31.6,1,31.7,12,1,2022-04-22 09:03:16
1650618196765495000,31.6,1,31.55,1,31.7,12,2,2022-04-22 09:03:16
1650618196765495000,31.55,1,31.55,1,31.7,12,2,2022-04-22 09:03:16
1650618197354921000,31.55,1,31.5,15,31.7,1,2,2022-04-22 09:03:17
1650618197354921000,31.5,3,31.5,15,31.7,1,2,2022-04-22 09:03:17
1650618198426806000,31.6,1,31.6,2,31.7,1,2,2022-04-22 09:03:18
1650618198729304000,31.6,1,31.6,2,31.65,1,2,2022-04-22 09:03:18
1650618198994908000,31.6,3,31.55,5,31.65,1,2,2022-04-22 09:03:18
1650618198994908000,31.55,2,31.55,5,31.65,1,2,2022-04-22 09:03:18
1650618199564164000,31.55,1,31.55,11,31.65,1,2,2022-04-22 09:03:19
1650618200074338000,31.55,2,31.55,9,31.6,1,2,2022-04-22 09:03:20
1650618200112841000,31.55,5,31.55,4,31.6,1,2,2022-04-22 09:03:20
1650618200168561000,31.55,1,31.55,3,31.6,1,2,2022-04-22 09:03:20
1650618200218250000,31.55,1,31.55,2,31.6,1,2,2022-04-22 09:03:20
1650618200282380000,31.6,1,31.55,2,31.65,1,1,2022-04-22 09:03:20
1650618200282380000,31.65,1,31.55,2,31.65,1,1,2022-04-22 09:03:20
1650618200544817000,31.6,2,31.55,1,31.65,1,2,2022-04-22 09:03:20
1650618200544817000,31.55,1,31.55,1,31.65,1,2,2022-04-22 09:03:20
1650618200549392000,31.65,1,31.55,1,31.7,2,1,2022-04-22 09:03:20
1650618200881398000,31.55,1,31.55,1,31.7,13,2,2022-04-22 09:03:20
1650618201747387000,31.55,1,31.55,2,31.6,1,2,2022-04-22 09:03:21
1650618201936562000,31.6,1,31.55,2,31.65,5,1,2022-04-22 09:03:21
1650618203541915000,31.6,5,31.6,1,31.65,5,2,2022-04-22 09:03:23
1650618203589969000,31.65,3,31.6,1,31.65,2,1,2022-04-22 09:03:23
1650618204805403000,31.65,1,31.65,4,31.7,2,2,2022-04-22 09:03:24
1650618205435143000,31.65,1,31.65,3,31.7,2,2,2022-04-22 09:03:25
1650618205544780000,31.65,2,31.65,3,31.7,2,2,2022-04-22 09:03:25
1650618206229396000,31.7,3,31.65,4,31.75,9,1,2022-04-22 09:03:26
1650618206426768000,31.65,1,31.65,3,31.7,10,2,2022-04-22 09:03:26
1650618206742342000,31.7,2,31.65,3,31.7,8,1,2022-04-22 09:03:26
1650618206788454000,31.65,3,31.6,13,31.7,8,2,2022-04-22 09:03:26
1650618206966338000,31.7,1,31.6,13,31.7,9,1,2022-04-22 09:03:26
1650618207112513000,31.6,3,31.6,10,31.7,9,2,2022-04-22 09:03:27
1650618207287030000,31.7,2,31.6,10,31.7,7,1,2022-04-22 09:03:27
1650618207300304000,31.7,1,31.6,10,31.7,6,1,2022-04-22 09:03:27
1650618207355068000,31.7,6,31.6,10,31.8,23,1,2022-04-22 09:03:27
1650618207355068000,31.75,9,31.6,10,31.8,23,1,2022-04-22 09:03:27
1650618207355068000,31.8,5,31.6,10,31.8,23,1,2022-04-22 09:03:27
1650618208255073000,31.7,2,31.6,20,31.65,5,2,2022-04-22 09:03:28
1650618208284036000,31.65,5,31.6,20,31.75,1,1,2022-04-22 09:03:28
1650618210549160000,31.7,1,31.65,14,31.75,3,2,2022-04-22 09:03:30
1650618210879148000,31.75,2,31.65,20,31.75,1,1,2022-04-22 09:03:30
1650618212179548000,31.8,3,31.7,1,31.8,19,1,2022-04-22 09:03:32
1650618212270678000,31.8,1,31.7,1,31.8,18,1,2022-04-22 09:03:32
1650618212317470000,31.8,1,31.7,1,31.8,17,1,2022-04-22 09:03:32
1650618213115794000,31.75,2,31.75,8,31.8,17,1,2022-04-22 09:03:33
1650618213532578000,31.8,1,31.75,8,31.8,16,1,2022-04-22 09:03:33
1650618214692469000,31.8,1,31.75,1,31.8,16,1,2022-04-22 09:03:34
1650618214717290000,31.8,1,31.75,1,31.8,15,1,2022-04-22 09:03:34
1650618214763881000,31.8,15,31.75,1,31.85,37,1,2022-04-22 09:03:34
1650618214763881000,31.85,15,31.75,1,31.85,37,1,2022-04-22 09:03:34
1650618216038746000,31.8,1,31.75,2,31.8,4,1,2022-04-22 09:03:36
1650618216112112000,31.75,2,31.7,12,31.8,4,2,2022-04-22 09:03:36
1650618216349750000,31.8,4,31.75,20,31.85,57,1,2022-04-22 09:03:36
1650618217003411000,31.85,1,31.75,22,31.85,56,1,2022-04-22 09:03:37
1650618217218925000,31.85,10,31.75,23,31.85,46,1,2022-04-22 09:03:37
1650618217252013000,31.85,46,31.75,23,31.9,23,1,2022-04-22 09:03:37
1650618218447889000,31.8,1,31.8,7,31.9,23,2,2022-04-22 09:03:38
1650618218847223000,31.85,1,31.8,7,31.9,23,2,2022-04-22 09:03:38
1650618219595126000,31.85,15,31.85,35,31.9,23,2,2022-04-22 09:03:39
1650618221150359000,31.9,1,31.85,35,31.9,42,1,2022-04-22 09:03:41
1650618221151757000,31.9,1,31.85,35,31.9,41,1,2022-04-22 09:03:41
1650618221777466000,31.9,2,31.85,36,31.9,39,1,2022-04-22 09:03:41
1650618221881920000,31.9,2,31.85,36,31.9,37,1,2022-04-22 09:03:41
1650618222131466000,31.9,1,31.85,36,31.9,36,1,2022-04-22 09:03:42
1650618222727152000,31.9,1,31.85,37,31.9,35,1,2022-04-22 09:03:42
1650618222802096000,31.9,3,31.85,37,31.9,32,1,2022-04-22 09:03:42
1650618223250035000,31.9,1,31.85,37,31.9,31,1,2022-04-22 09:03:43
1650618223379849000,31.9,3,31.85,42,31.9,28,1,2022-04-22 09:03:43
1650618223458994000,31.9,2,31.85,42,31.9,26,1,2022-04-22 09:03:43
1650618223725795000,31.9,2,31.85,42,31.9,24,1,2022-04-22 09:03:43
1650618223744186000,31.9,1,31.85,42,31.9,23,1,2022-04-22 09:03:43
1650618223874114000,31.9,1,31.85,42,31.9,22,1,2022-04-22 09:03:43
1650618224460456000,31.9,5,31.85,43,31.9,17,1,2022-04-22 09:03:44
1650618224750418000,31.9,2,31.85,44,31.9,15,1,2022-04-22 09:03:44
1650618225122629000,31.9,1,31.85,44,31.9,14,1,2022-04-22 09:03:45
1650618225416186000,31.9,1,31.85,45,31.9,13,1,2022-04-22 09:03:45
1650618225436770000,31.9,10,31.85,45,31.9,3,1,2022-04-22 09:03:45
1650618225581043000,31.9,3,31.85,45,31.95,25,1,2022-04-22 09:03:45
1650618225581043000,31.95,7,31.85,45,31.95,25,1,2022-04-22 09:03:45
1650618225687549000,31.95,10,31.85,45,31.95,15,1,2022-04-22 09:03:45
1650618225760584000,31.95,2,31.85,45,31.95,13,1,2022-04-22 09:03:45
1650618226031073000,31.9,1,31.9,5,31.95,13,2,2022-04-22 09:03:46
1650618226456889000,31.95,1,31.9,9,31.95,12,1,2022-04-22 09:03:46
1650618226473323000,31.95,4,31.9,11,31.95,8,1,2022-04-22 09:03:46
1650618227031236000,31.95,1,31.9,12,31.95,8,1,2022-04-22 09:03:47
1650618227067040000,31.95,5,31.9,13,31.95,3,1,2022-04-22 09:03:47
1650618227131397000,31.9,2,31.9,11,31.95,3,2,2022-04-22 09:03:47
1650618227141218000,31.95,1,31.9,11,31.95,2,1,2022-04-22 09:03:47
1650618227966479000,31.9,1,31.9,15,31.95,22,2,2022-04-22 09:03:47
1650618228709454000,31.9,1,31.9,25,31.95,22,2,2022-04-22 09:03:48
1650618228871364000,31.95,1,31.9,25,31.95,21,1,2022-04-22 09:03:48
1650618229378072000,31.95,1,31.9,25,31.95,20,1,2022-04-22 09:03:49
1650618229726519000,31.95,2,31.9,27,31.95,18,1,2022-04-22 09:03:49
1650618229862838000,31.95,18,31.9,27,32.0,14,1,2022-04-22 09:03:49
1650618229862838000,32.0,82,31.9,27,32.0,14,1,2022-04-22 09:03:49
1650618230420769000,32.0,2,31.95,1,32.0,12,1,2022-04-22 09:03:50
1650618230784309000,32.0,1,31.95,1,32.0,11,1,2022-04-22 09:03:50
1650618231563108000,32.0,1,31.95,45,32.0,10,1,2022-04-22 09:03:51
1650618232295269000,32.0,1,31.95,45,32.0,12,1,2022-04-22 09:03:52
1650618232310738000,32.0,1,31.95,45,32.0,11,1,2022-04-22 09:03:52
1650618232327252000,32.0,5,31.95,45,32.0,6,1,2022-04-22 09:03:52
1650618232358219000,32.0,4,31.95,45,32.0,2,1,2022-04-22 09:03:52
1650618232457795000,32.0,1,31.95,45,32.0,1,1,2022-04-22 09:03:52
1650618232492270000,32.0,1,31.95,45,32.05,3,1,2022-04-22 09:03:52
1650618234773012000,32.0,2,32.0,1,32.05,3,2,2022-04-22 09:03:54
1650618234923671000,32.0,1,32.0,2,32.05,3,2,2022-04-22 09:03:54
1650618235720551000,32.0,4,31.95,40,32.05,3,2,2022-04-22 09:03:55
1650618235720551000,31.95,6,31.95,40,32.05,3,2,2022-04-22 09:03:55
1650618235842998000,31.95,1,31.95,39,32.0,1,2,2022-04-22 09:03:55
1650618236120317000,32.0,1,31.95,39,32.05,22,1,2022-04-22 09:03:56
1650618236120317000,32.05,1,31.95,39,32.05,22,1,2022-04-22 09:03:56
1650618236291399000,32.0,2,31.95,39,32.05,22,2,2022-04-22 09:03:56
1650618236685561000,32.05,2,32.0,2,32.05,20,1,2022-04-22 09:03:56
1650618236996997000,32.05,1,32.0,2,32.05,19,1,2022-04-22 09:03:56
1650618237187352000,32.05,1,32.0,2,32.05,18,1,2022-04-22 09:03:57
1650618237694375000,32.05,2,32.0,2,32.05,16,1,2022-04-22 09:03:57
1650618237932074000,32.05,2,32.0,2,32.05,14,1,2022-04-22 09:03:57
1650618238568371000,32.05,1,32.0,4,32.05,14,1,2022-04-22 09:03:58
1650618239219982000,32.05,7,32.0,5,32.05,7,1,2022-04-22 09:03:59
1650618239227780000,32.05,1,32.0,9,32.05,6,1,2022-04-22 09:03:59
1650618239323859000,32.0,2,32.0,7,32.05,6,2,2022-04-22 09:03:59
1650618239865154000,32.0,2,32.0,7,32.05,6,2,2022-04-22 09:03:59
1650618239941166000,32.05,6,32.0,8,32.15,210,1,2022-04-22 09:03:59
1650618239941166000,32.1,2,32.0,8,32.15,210,1,2022-04-22 09:03:59
1650618239941166000,32.15,2,32.0,8,32.15,210,1,2022-04-22 09:03:59
1650618240968285000,32.05,1,31.95,36,32.15,210,2,2022-04-22 09:04:00
1650618240968285000,32.0,12,31.95,36,32.15,210,2,2022-04-22 09:04:00
1650618240968285000,31.95,7,31.95,36,32.15,210,2,2022-04-22 09:04:00
1650618241284748000,31.95,20,31.95,19,32.1,3,2,2022-04-22 09:04:01
1650618241314829000,32.05,1,32.0,2,32.1,3,2,2022-04-22 09:04:01
1650618241470792000,32.0,2,31.95,1,32.05,1,2,2022-04-22 09:04:01
1650618241470792000,31.95,18,31.95,1,32.05,1,2,2022-04-22 09:04:01
1650618241716056000,32.05,1,32.0,10,32.1,10,1,2022-04-22 09:04:01
1650618241747684000,32.1,2,32.0,10,32.1,8,1,2022-04-22 09:04:01
1650618243055278000,32.1,5,32.05,18,32.1,3,1,2022-04-22 09:04:03
1650618243563615000,32.1,3,32.05,18,32.15,194,1,2022-04-22 09:04:03
1650618243563615000,32.15,17,32.05,18,32.15,194,1,2022-04-22 09:04:03
1650618243944539000,32.1,5,32.05,18,32.1,5,1,2022-04-22 09:04:03
1650618244038827000,32.05,3,32.05,15,32.1,5,2,2022-04-22 09:04:04
1650618244418489000,32.05,1,32.05,14,32.1,5,2,2022-04-22 09:04:04
1650618244578563000,32.05,1,32.05,13,32.1,6,2,2022-04-22 09:04:04
1650618244630036000,32.1,5,32.05,13,32.1,1,1,2022-04-22 09:04:04
1650618244906557000,32.05,5,32.05,8,32.1,1,2,2022-04-22 09:04:04
1650618245242131000,32.05,3,32.05,5,32.1,1,2,2022-04-22 09:04:05
1650618245424594000,32.1,1,32.1,1,32.15,194,1,2022-04-22 09:04:05
1650618245444417000,32.1,1,32.05,5,32.15,194,2,2022-04-22 09:04:05
1650618245766096000,32.05,2,32.05,3,32.1,1,2,2022-04-22 09:04:05
1650618245796902000,32.05,1,32.05,2,32.1,1,2,2022-04-22 09:04:05
1650618245805589000,32.05,2,32.0,18,32.1,1,2,2022-04-22 09:04:05
1650618245805589000,32.0,1,32.0,18,32.1,1,2,2022-04-22 09:04:05
1650618246059664000,32.05,2,32.0,18,32.1,4,2,2022-04-22 09:04:06
1650618246631819000,32.1,2,32.05,1,32.1,2,1,2022-04-22 09:04:06
1650618246638097000,32.05,1,32.0,19,32.05,4,2,2022-04-22 09:04:06
1650618246801274000,32.05,1,32.0,19,32.05,3,1,2022-04-22 09:04:06
1650618246986823000,32.0,7,32.0,12,32.05,3,2,2022-04-22 09:04:06
1650618247055425000,32.05,1,32.0,12,32.05,2,1,2022-04-22 09:04:07
1650618247233239000,32.05,1,32.0,12,32.05,2,1,2022-04-22 09:04:07
1650618247283751000,32.05,1,32.0,12,32.05,1,1,2022-04-22 09:04:07
1650618247545534000,32.05,1,32.0,12,32.1,23,1,2022-04-22 09:04:07
1650618248284216000,32.0,1,32.0,11,32.1,23,2,2022-04-22 09:04:08
1650618248317602000,32.1,12,32.0,11,32.1,11,1,2022-04-22 09:04:08
1650618248318867000,32.1,1,32.0,11,32.1,10,1,2022-04-22 09:04:08
1650618248319578000,32.1,10,32.0,11,32.15,193,1,2022-04-22 09:04:08
1650618248319578000,32.15,1,32.0,11,32.15,193,1,2022-04-22 09:04:08
1650618248321177000,32.15,5,32.0,11,32.15,188,1,2022-04-22 09:04:08
1650618248321992000,32.15,4,32.0,11,32.15,184,1,2022-04-22 09:04:08
1650618248323054000,32.15,1,32.0,11,32.15,183,1,2022-04-22 09:04:08
1650618248324244000,32.15,3,32.0,11,32.15,180,1,2022-04-22 09:04:08
1650618248325441000,32.15,14,32.0,11,32.15,166,1,2022-04-22 09:04:08
1650618248327317000,32.15,2,32.0,11,32.15,164,1,2022-04-22 09:04:08
1650618248327539000,32.15,14,32.0,11,32.15,150,1,2022-04-22 09:04:08
1650618248328271000,32.15,11,32.0,11,32.15,139,1,2022-04-22 09:04:08
1650618248328856000,32.15,3,32.0,11,32.15,136,1,2022-04-22 09:04:08
1650618248329745000,32.15,1,32.0,11,32.15,135,1,2022-04-22 09:04:08
1650618248330967000,32.15,1,32.0,11,32.15,134,1,2022-04-22 09:04:08
1650618248331963000,32.15,6,32.0,11,32.15,128,1,2022-04-22 09:04:08
1650618248332788000,32.15,17,32.0,11,32.15,111,1,2022-04-22 09:04:08
1650618248333780000,32.15,13,32.0,11,32.15,98,1,2022-04-22 09:04:08
1650618248335317000,32.15,7,32.0,11,32.15,91,1,2022-04-22 09:04:08
1650618248336611000,32.15,3,32.0,11,32.15,88,1,2022-04-22 09:04:08
1650618248337789000,32.15,11,32.0,11,32.15,77,1,2022-04-22 09:04:08
1650618248338540000,32.15,2,32.0,11,32.15,75,1,2022-04-22 09:04:08
1650618248338932000,32.15,10,32.0,11,32.15,65,1,2022-04-22 09:04:08
1650618248340127000,32.15,9,32.0,11,32.15,56,1,2022-04-22 09:04:08
1650618248341089000,32.15,3,32.0,11,32.15,53,1,2022-04-22 09:04:08
1650618248342204000,32.15,6,32.0,11,32.15,47,1,2022-04-22 09:04:08
1650618248342929000,32.15,8,32.0,11,32.15,39,1,2022-04-22 09:04:08
1650618248344200000,32.15,1,32.0,11,32.15,38,1,2022-04-22 09:04:08
1650618248345081000,32.15,13,32.0,11,32.15,25,1,2022-04-22 09:04:08
1650618248346175000,32.15,6,32.0,11,32.15,19,1,2022-04-22 09:04:08
1650618248347150000,32.15,2,32.0,11,32.15,17,1,2022-04-22 09:04:08
1650618248914090000,32.15,10,32.1,1,32.15,7,1,2022-04-22 09:04:08
1650618248915150000,32.15,1,32.1,1,32.15,6,1,2022-04-22 09:04:08
1650618248916132000,32.15,6,32.15,6,32.2,2,1,2022-04-22 09:04:08
1650618249208271000,32.15,1,32.15,382,32.2,2,2,2022-04-22 09:04:09
1650618249323057000,32.2,2,32.15,382,32.3,6,1,2022-04-22 09:04:09
1650618249323057000,32.3,1,32.15,382,32.3,6,1,2022-04-22 09:04:09
1650618249377068000,32.3,5,32.15,382,32.3,1,1,2022-04-22 09:04:09
1650618249524525000,32.15,1,32.15,389,32.3,1,2,2022-04-22 09:04:09
1650618249651518000,32.3,1,32.15,389,32.35,68,1,2022-04-22 09:04:09
1650618249904272000,32.2,2,32.2,17,32.35,68,2,2022-04-22 09:04:09
1650618250149711000,32.2,17,32.15,8,32.3,2,2,2022-04-22 09:04:10
1650618250442498000,32.25,1,32.15,8,32.3,11,2,2022-04-22 09:04:10
1650618250606186000,32.3,1,32.15,8,32.3,10,1,2022-04-22 09:04:10
1650618251457899000,32.3,10,32.2,5,32.35,63,1,2022-04-22 09:04:11
1650618251457899000,32.35,5,32.2,5,32.35,63,1,2022-04-22 09:04:11
1650618252563688000,32.3,8,32.1,5,32.35,261,1,2022-04-22 09:04:12
1650618252563688000,32.35,2,32.1,5,32.35,261,1,2022-04-22 09:04:12
1650618253048816000,32.35,16,32.15,17,32.35,225,1,2022-04-22 09:04:13
1650618253144795000,32.35,1,32.15,17,32.35,224,1,2022-04-22 09:04:13
1650618253314457000,32.15,1,32.15,16,32.35,224,2,2022-04-22 09:04:13
1650618253826123000,32.3,1,32.2,1,32.35,224,1,2022-04-22 09:04:13
1650618253826123000,32.35,1,32.2,1,32.35,224,1,2022-04-22 09:04:13
1650618254331352000,32.25,1,32.2,2,32.3,4,1,2022-04-22 09:04:14
1650618254331352000,32.3,1,32.2,2,32.3,4,1,2022-04-22 09:04:14
1650618255787247000,32.3,2,32.2,3,32.3,23,1,2022-04-22 09:04:15
1650618255987555000,32.3,9,32.2,3,32.3,14,1,2022-04-22 09:04:15
1650618255988795000,32.3,6,32.2,3,32.3,8,1,2022-04-22 09:04:15
1650618255990155000,32.3,6,32.2,3,32.3,2,1,2022-04-22 09:04:15
1650618255990437000,32.3,2,32.2,3,32.35,219,1,2022-04-22 09:04:15
1650618255990437000,32.35,2,32.2,3,32.35,219,1,2022-04-22 09:04:15
1650618255991619000,32.35,7,32.2,3,32.35,212,1,2022-04-22 09:04:15
1650618255992724000,32.35,11,32.2,3,32.35,201,1,2022-04-22 09:04:15
1650618255993623000,32.35,1,32.2,3,32.35,200,1,2022-04-22 09:04:15
1650618255994841000,32.35,3,32.2,3,32.35,197,1,2022-04-22 09:04:15
1650618255995552000,32.35,8,32.2,3,32.35,189,1,2022-04-22 09:04:15
1650618255996689000,32.35,1,32.2,3,32.35,188,1,2022-04-22 09:04:15
1650618255997740000,32.35,11,32.2,3,32.35,177,1,2022-04-22 09:04:15
1650618255999000000,32.35,11,32.2,3,32.35,166,1,2022-04-22 09:04:15
1650618255999892000,32.35,2,32.2,3,32.35,164,1,2022-04-22 09:04:15
1650618256000574000,32.35,9,32.2,3,32.35,155,1,2022-04-22 09:04:16
1650618256002011000,32.35,11,32.2,3,32.35,144,1,2022-04-22 09:04:16
1650618256003577000,32.35,7,32.2,3,32.35,137,1,2022-04-22 09:04:16
1650618256003887000,32.35,8,32.2,3,32.35,129,1,2022-04-22 09:04:16
1650618256005050000,32.35,8,32.2,3,32.35,121,1,2022-04-22 09:04:16
1650618256005838000,32.35,5,32.2,3,32.35,116,1,2022-04-22 09:04:16
1650618256006751000,32.35,4,32.2,3,32.35,112,1,2022-04-22 09:04:16
1650618256007914000,32.35,8,32.2,3,32.35,104,1,2022-04-22 09:04:16
1650618256009087000,32.35,2,32.25,1,32.35,102,1,2022-04-22 09:04:16
1650618256010041000,32.35,3,32.25,1,32.35,99,1,2022-04-22 09:04:16
1650618256011029000,32.35,9,32.25,1,32.35,90,1,2022-04-22 09:04:16
1650618256012175000,32.35,8,32.25,1,32.35,82,1,2022-04-22 09:04:16
1650618256013277000,32.35,10,32.25,1,32.35,72,1,2022-04-22 09:04:16
1650618256014683000,32.35,6,32.25,1,32.35,66,1,2022-04-22 09:04:16
1650618256015951000,32.35,3,32.25,1,32.35,63,1,2022-04-22 09:04:16
1650618256016300000,32.35,8,32.25,1,32.35,55,1,2022-04-22 09:04:16
1650618256017343000,32.35,11,32.25,1,32.35,44,1,2022-04-22 09:04:16
1650618256186651000,32.35,1,32.25,1,32.35,43,1,2022-04-22 09:04:16
1650618256351717000,32.3,1,32.25,1,32.35,43,2,2022-04-22 09:04:16
1650618256523956000,32.35,3,32.25,1,32.35,40,1,2022-04-22 09:04:16
1650618256720072000,32.35,1,32.25,1,32.35,39,1,2022-04-22 09:04:16
1650618256785130000,32.35,3,32.25,1,32.35,36,1,2022-04-22 09:04:16
1650618256786352000,32.35,9,32.25,1,32.35,27,1,2022-04-22 09:04:16
1650618256787064000,32.35,1,32.25,1,32.35,26,1,2022-04-22 09:04:16
1650618256788032000,32.35,5,32.25,1,32.35,21,1,2022-04-22 09:04:16
1650618256789065000,32.35,11,32.25,1,32.35,10,1,2022-04-22 09:04:16
1650618256790186000,32.35,4,32.25,1,32.35,6,1,2022-04-22 09:04:16
1650618256792265000,32.35,6,32.25,1,32.4,47,1,2022-04-22 09:04:16
1650618256792265000,32.4,6,32.25,1,32.4,47,1,2022-04-22 09:04:16
1650618256792365000,32.4,6,32.25,1,32.4,41,1,2022-04-22 09:04:16
1650618256792943000,32.4,12,32.25,1,32.4,29,1,2022-04-22 09:04:16
1650618256794086000,32.4,2,32.25,1,32.4,27,1,2022-04-22 09:04:16
1650618256795240000,32.4,1,32.25,1,32.4,26,1,2022-04-22 09:04:16
1650618256796344000,32.4,9,32.25,1,32.4,17,1,2022-04-22 09:04:16
1650618256797526000,32.4,7,32.25,1,32.4,10,1,2022-04-22 09:04:16
1650618256798658000,32.4,10,32.4,2,32.45,6,1,2022-04-22 09:04:16
1650618257135711000,32.45,1,32.4,320,32.45,5,1,2022-04-22 09:04:17
1650618257176935000,32.45,1,32.4,320,32.45,4,1,2022-04-22 09:04:17
1650618257185504000,32.45,1,32.4,320,32.45,3,1,2022-04-22 09:04:17
1650618257699788000,32.45,3,32.45,5,32.5,54,1,2022-04-22 09:04:17
1650618257885207000,32.45,2,32.45,3,32.5,54,2,2022-04-22 09:04:17
1650618257894374000,32.45,3,32.4,12,32.5,54,2,2022-04-22 09:04:17
1650618258178370000,32.4,1,32.4,12,32.5,54,2,2022-04-22 09:04:18
1650618258483883000,32.5,1,32.4,12,32.5,53,1,2022-04-22 09:04:18
1650618258659848000,32.4,12,32.3,2,32.5,253,2,2022-04-22 09:04:18
1650618259072307000,32.5,1,32.3,2,32.5,252,1,2022-04-22 09:04:19
1650618259109987000,32.35,2,32.3,2,32.5,252,2,2022-04-22 09:04:19
1650618259192891000,32.3,2,32.25,1,32.3,1,2,2022-04-22 09:04:19
1650618259353707000,32.3,1,32.3,14,32.4,1,1,2022-04-22 09:04:19
1650618259583279000,32.3,2,32.3,12,32.4,1,2,2022-04-22 09:04:19
1650618259617429000,32.3,7,32.3,5,32.4,1,2,2022-04-22 09:04:19
1650618259833796000,32.3,3,32.3,2,32.4,1,2,2022-04-22 09:04:19
1650618259866255000,32.3,2,32.25,1,32.4,1,2,2022-04-22 09:04:19
1650618259927866000,32.25,1,32.2,4,32.35,1,2,2022-04-22 09:04:19
1650618260133099000,32.35,1,32.3,3,32.4,2,1,2022-04-22 09:04:20
1650618261010644000,32.4,1,32.3,8,32.4,1,1,2022-04-22 09:04:21
1650618261822039000,32.4,1,32.3,9,32.45,11,1,2022-04-22 09:04:21
1650618262040348000,32.45,1,32.35,2,32.45,10,1,2022-04-22 09:04:22
1650618262469066000,32.45,2,32.35,2,32.45,9,1,2022-04-22 09:04:22
1650618262855087000,32.45,3,32.35,2,32.45,6,1,2022-04-22 09:04:22
1650618263035789000,32.45,1,32.35,2,32.45,5,1,2022-04-22 09:04:23
1650618263180857000,32.45,5,32.35,2,32.5,237,1,2022-04-22 09:04:23
1650618263180857000,32.5,15,32.35,2,32.5,237,1,2022-04-22 09:04:23
1650618263838825000,32.45,1,32.35,2,32.5,220,1,2022-04-22 09:04:23
1650618263838825000,32.5,19,32.35,2,32.5,220,1,2022-04-22 09:04:23
1650618263847230000,32.5,2,32.35,2,32.5,218,1,2022-04-22 09:04:23
1650618263891255000,32.35,1,32.35,12,32.5,218,2,2022-04-22 09:04:23
1650618263997338000,32.5,20,32.35,12,32.5,198,1,2022-04-22 09:04:23
1650618264062966000,32.5,4,32.35,12,32.5,194,1,2022-04-22 09:04:24
1650618264420384000,32.5,1,32.4,1,32.5,193,1,2022-04-22 09:04:24
1650618264914266000,32.4,2,32.35,2,32.4,1,2,2022-04-22 09:04:24
1650618265053658000,32.4,1,32.4,1,32.45,2,1,2022-04-22 09:04:25
1650618265793443000,32.45,2,32.4,1,32.5,176,1,2022-04-22 09:04:25
1650618265793443000,32.5,18,32.4,1,32.5,176,1,2022-04-22 09:04:25
1650618265927333000,32.5,5,32.4,1,32.5,171,1,2022-04-22 09:04:25
1650618266048523000,32.4,1,32.35,19,32.4,5,2,2022-04-22 09:04:26
1650618266131133000,32.4,1,32.35,8,32.4,4,1,2022-04-22 09:04:26
1650618266137909000,32.4,1,32.35,8,32.4,3,1,2022-04-22 09:04:26
1650618266786724000,32.4,3,32.35,8,32.5,171,1,2022-04-22 09:04:26
1650618266928601000,32.5,2,32.35,19,32.5,169,1,2022-04-22 09:04:26
1650618267127526000,32.5,2,32.35,19,32.5,167,1,2022-04-22 09:04:27
1650618267195537000,32.5,5,32.35,19,32.5,162,1,2022-04-22 09:04:27
1650618267247494000,32.5,20,32.35,19,32.5,143,1,2022-04-22 09:04:27
1650618267591138000,32.45,1,32.35,9,32.5,143,1,2022-04-22 09:04:27
1650618268624751000,32.4,1,32.4,4,32.5,144,2,2022-04-22 09:04:28
1650618268899524000,32.5,1,32.4,4,32.5,144,1,2022-04-22 09:04:28
1650618269015147000,32.5,2,32.4,4,32.5,142,1,2022-04-22 09:04:29
1650618269244834000,32.5,1,32.4,5,32.5,141,1,2022-04-22 09:04:29
1650618269899167000,32.5,13,32.4,17,32.5,128,1,2022-04-22 09:04:29
1650618269926381000,32.5,5,32.4,17,32.5,123,1,2022-04-22 09:04:29
1650618270360979000,32.5,1,32.4,17,32.5,123,1,2022-04-22 09:04:30
1650618270808350000,32.5,1,32.4,18,32.5,122,1,2022-04-22 09:04:30
1650618271473691000,32.45,1,32.45,1,32.5,121,2,2022-04-22 09:04:31
1650618271876270000,32.45,1,32.4,27,32.5,121,2,2022-04-22 09:04:31
1650618272552598000,32.5,1,32.45,8,32.5,120,1,2022-04-22 09:04:32
1650618272703812000,32.5,1,32.45,8,32.5,120,1,2022-04-22 09:04:32
1650618272812563000,32.5,1,32.45,8,32.5,120,1,2022-04-22 09:04:32
1650618272981631000,32.45,1,32.45,7,32.5,120,2,2022-04-22 09:04:32
1650618273387680000,32.45,4,32.45,9,32.5,120,2,2022-04-22 09:04:33
1650618273726933000,32.5,5,32.45,9,32.5,115,1,2022-04-22 09:04:33
1650618273737175000,32.5,1,32.45,9,32.5,114,1,2022-04-22 09:04:33
1650618274284538000,32.5,3,32.45,9,32.5,117,1,2022-04-22 09:04:34
1650618274804568000,32.5,1,32.45,14,32.5,116,1,2022-04-22 09:04:34
1650618274997783000,32.5,1,32.45,14,32.5,115,1,2022-04-22 09:04:34
1650618275198952000,32.5,1,32.45,19,32.5,114,1,2022-04-22 09:04:35
1650618275441280000,32.5,1,32.45,20,32.5,113,1,2022-04-22 09:04:35
1650618275534911000,32.5,1,32.45,20,32.5,112,1,2022-04-22 09:04:35
1650618275598903000,32.5,1,32.45,20,32.5,111,1,2022-04-22 09:04:35
1650618275629797000,32.5,1,32.45,20,32.5,110,1,2022-04-22 09:04:35
1650618275863997000,32.5,1,32.45,20,32.5,109,1,2022-04-22 09:04:35
1650618275910757000,32.5,1,32.45,20,32.5,108,1,2022-04-22 09:04:35
1650618275918515000,32.5,1,32.45,20,32.5,107,1,2022-04-22 09:04:35
1650618276069255000,32.5,1,32.45,20,32.5,106,1,2022-04-22 09:04:36
1650618276098241000,32.5,2,32.45,20,32.5,104,1,2022-04-22 09:04:36
1650618276378789000,32.45,10,32.45,10,32.5,104,2,2022-04-22 09:04:36
1650618276417081000,32.45,1,32.45,9,32.5,104,2,2022-04-22 09:04:36
1650618276439778000,32.5,2,32.45,9,32.5,103,1,2022-04-22 09:04:36
1650618276566522000,32.5,10,32.45,9,32.5,93,1,2022-04-22 09:04:36
1650618276659259000,32.5,1,32.45,9,32.5,92,1,2022-04-22 09:04:36
1650618277049833000,32.5,2,32.45,9,32.5,90,1,2022-04-22 09:04:37
1650618277062633000,32.45,8,32.45,1,32.5,90,2,2022-04-22 09:04:37
1650618277072409000,32.45,1,32.4,48,32.5,90,2,2022-04-22 09:04:37
1650618277095438000,32.5,2,32.4,48,32.5,88,1,2022-04-22 09:04:37
1650618277228958000,32.45,1,32.4,48,32.5,88,1,2022-04-22 09:04:37
1650618277383429000,32.5,2,32.4,48,32.5,86,1,2022-04-22 09:04:37
1650618277418856000,32.5,5,32.4,48,32.5,81,1,2022-04-22 09:04:37
1650618277691994000,32.5,4,32.4,48,32.5,77,1,2022-04-22 09:04:37
1650618277801865000,32.5,1,32.45,1,32.5,78,1,2022-04-22 09:04:37
1650618278166962000,32.45,1,32.45,1,32.5,79,2,2022-04-22 09:04:38
1650618278284458000,32.45,1,32.4,49,32.5,79,2,2022-04-22 09:04:38
1650618278299373000,32.5,5,32.4,49,32.5,74,1,2022-04-22 09:04:38
1650618278507130000,32.5,1,32.45,1,32.5,73,1,2022-04-22 09:04:38
1650618278632093000,32.45,1,32.4,49,32.5,73,2,2022-04-22 09:04:38
1650618278656693000,32.5,1,32.4,49,32.5,72,1,2022-04-22 09:04:38
1650618278836106000,32.5,1,32.45,1,32.5,71,1,2022-04-22 09:04:38
1650618278924074000,32.5,2,32.45,1,32.5,69,1,2022-04-22 09:04:38
1650618278985344000,32.5,3,32.45,1,32.5,66,1,2022-04-22 09:04:38
1650618278991286000,32.5,3,32.45,1,32.5,63,1,2022-04-22 09:04:38
1650618279101085000,32.5,1,32.45,1,32.5,62,1,2022-04-22 09:04:39
1650618279101256000,32.45,1,32.4,48,32.5,62,2,2022-04-22 09:04:39
1650618279101256000,32.4,1,32.4,48,32.5,62,2,2022-04-22 09:04:39
1650618279188652000,32.5,1,32.4,48,32.5,61,1,2022-04-22 09:04:39
1650618279391479000,32.5,10,32.4,48,32.5,51,1,2022-04-22 09:04:39
1650618279619231000,32.5,1,32.4,48,32.5,50,1,2022-04-22 09:04:39
1650618279673023000,32.5,4,32.4,48,32.5,46,1,2022-04-22 09:04:39
1650618279700992000,32.5,2,32.4,48,32.5,44,1,2022-04-22 09:04:39
1650618279914852000,32.45,5,32.4,48,32.5,39,1,2022-04-22 09:04:39
1650618279914852000,32.5,5,32.4,48,32.5,39,1,2022-04-22 09:04:39
1650618280246478000,32.5,2,32.45,5,32.5,37,1,2022-04-22 09:04:40
1650618280264104000,32.5,10,32.45,7,32.5,27,1,2022-04-22 09:04:40
1650618280288469000,32.5,3,32.45,7,32.5,24,1,2022-04-22 09:04:40
1650618280291720000,32.5,1,32.45,7,32.5,23,1,2022-04-22 09:04:40
1650618280640228000,32.5,1,32.45,12,32.5,23,1,2022-04-22 09:04:40
1650618280671174000,32.5,2,32.45,12,32.5,21,1,2022-04-22 09:04:40
1650618280864656000,32.5,4,32.45,12,32.5,17,1,2022-04-22 09:04:40
1650618280902956000,32.5,4,32.45,12,32.5,13,1,2022-04-22 09:04:40
1650618280938729000,32.5,2,32.45,12,32.5,11,1,2022-04-22 09:04:40
1650618280978385000,32.5,3,32.45,12,32.5,8,1,2022-04-22 09:04:40
1650618281044109000,32.5,1,32.45,12,32.5,7,1,2022-04-22 09:04:41
1650618281080618000,32.5,3,32.45,12,32.5,4,1,2022-04-22 09:04:41
1650618281919923000,32.5,3,32.45,12,32.5,1,1,2022-04-22 09:04:41
1650618281952462000,32.5,1,32.45,12,32.55,70,1,2022-04-22 09:04:41
1650618282140787000,32.55,1,32.5,6,32.55,69,1,2022-04-22 09:04:42
1650618282312751000,32.5,3,32.5,5,32.55,69,2,2022-04-22 09:04:42
1650618283052719000,32.5,1,32.5,8,32.55,69,2,2022-04-22 09:04:43
1650618283584264000,32.5,9,32.45,16,32.55,69,2,2022-04-22 09:04:43
1650618283643455000,32.55,2,32.45,16,32.55,67,1,2022-04-22 09:04:43
1650618284039633000,32.45,1,32.45,11,32.55,67,2,2022-04-22 09:04:44
1650618284190956000,32.45,11,32.4,53,32.5,2,2,2022-04-22 09:04:44
1650618284282208000,32.5,4,32.4,54,32.5,1,1,2022-04-22 09:04:44
1650618285163969000,32.5,17,32.5,13,32.55,67,1,2022-04-22 09:04:45
1650618285331231000,32.5,1,32.5,12,32.55,67,2,2022-04-22 09:04:45
1650618285696454000,32.5,5,32.5,7,32.55,67,2,2022-04-22 09:04:45
1650618285882252000,32.5,3,32.5,6,32.55,67,2,2022-04-22 09:04:45
1650618286045149000,32.5,1,32.5,5,32.55,67,2,2022-04-22 09:04:46
1650618286275655000,32.5,5,32.45,4,32.5,4,2,2022-04-22 09:04:46
1650618286945020000,32.45,1,32.45,63,32.5,5,2,2022-04-22 09:04:46
1650618287704130000,32.5,1,32.45,163,32.5,6,1,2022-04-22 09:04:47
1650618287836290000,32.5,1,32.45,163,32.5,5,1,2022-04-22 09:04:47
1650618287855628000,32.5,2,32.45,163,32.5,3,1,2022-04-22 09:04:47
1650618287975596000,32.5,1,32.45,163,32.5,2,1,2022-04-22 09:04:47
1650618288295762000,32.5,1,32.45,163,32.5,1,1,2022-04-22 09:04:48
1650618288442325000,32.5,1,32.45,163,32.55,67,1,2022-04-22 09:04:48
1650618288442325000,32.55,1,32.45,163,32.55,67,1,2022-04-22 09:04:48
1650618288906230000,32.55,1,32.5,10,32.55,66,1,2022-04-22 09:04:48
1650618288931537000,32.5,1,32.5,9,32.55,66,2,2022-04-22 09:04:48
1650618289053924000,32.5,1,32.5,9,32.55,67,2,2022-04-22 09:04:49
1650618289082190000,32.5,1,32.5,8,32.55,67,2,2022-04-22 09:04:49
1650618289423928000,32.55,1,32.5,8,32.55,66,1,2022-04-22 09:04:49
1650618290282855000,32.55,1,32.5,11,32.55,65,1,2022-04-22 09:04:50
1650618290788077000,32.55,5,32.5,12,32.55,60,1,2022-04-22 09:04:50
1650618291468976000,32.55,5,32.5,12,32.55,55,1,2022-04-22 09:04:51
1650618291502038000,32.5,1,32.5,11,32.55,55,2,2022-04-22 09:04:51
1650618291519769000,32.5,3,32.5,8,32.55,55,2,2022-04-22 09:04:51
1650618291553561000,32.5,1,32.5,7,32.55,55,2,2022-04-22 09:04:51
1650618291976349000,32.55,1,32.5,7,32.55,54,1,2022-04-22 09:04:51
1650618293373563000,32.55,15,32.5,8,32.55,39,1,2022-04-22 09:04:53
1650618293799933000,32.55,5,32.5,9,32.55,34,1,2022-04-22 09:04:53
1650618294147897000,32.55,1,32.5,11,32.55,33,1,2022-04-22 09:04:54
1650618294237405000,32.55,2,32.5,11,32.55,31,1,2022-04-22 09:04:54
1650618294274107000,32.55,1,32.5,11,32.55,30,1,2022-04-22 09:04:54
1650618294429396000,32.5,1,32.5,10,32.55,30,2,2022-04-22 09:04:54
1650618295128689000,32.5,1,32.5,9,32.55,30,2,2022-04-22 09:04:55
1650618295280209000,32.5,5,32.5,8,32.55,30,2,2022-04-22 09:04:55
1650618295311415000,32.5,8,32.45,171,32.55,30,2,2022-04-22 09:04:55
1650618296056685000,32.5,1,32.45,171,32.5,2,1,2022-04-22 09:04:56
1650618296151707000,32.5,1,32.45,171,32.5,13,1,2022-04-22 09:04:56
1650618296832452000,32.45,5,32.45,167,32.5,29,2,2022-04-22 09:04:56
1650618296861931000,32.45,20,32.45,147,32.5,29,2,2022-04-22 09:04:56
1650618296866298000,32.45,1,32.45,146,32.5,29,2,2022-04-22 09:04:56
1650618296918736000,32.45,9,32.4,66,32.45,11,2,2022-04-22 09:04:56
1650618296957492000,32.4,1,32.4,65,32.45,11,2,2022-04-22 09:04:56
1650618297540177000,32.4,3,32.4,62,32.45,24,2,2022-04-22 09:04:57
1650618297569514000,32.4,20,32.4,42,32.45,24,2,2022-04-22 09:04:57
1650618297574087000,32.45,1,32.4,42,32.45,23,1,2022-04-22 09:04:57
1650618297603518000,32.4,5,32.4,37,32.45,24,2,2022-04-22 09:04:57
1650618297604163000,32.4,20,32.4,17,32.45,24,2,2022-04-22 09:04:57
1650618297632954000,32.4,4,32.4,13,32.45,24,2,2022-04-22 09:04:57
1650618297636622000,32.4,1,32.4,12,32.45,24,2,2022-04-22 09:04:57
1650618297637075000,32.4,1,32.4,11,32.45,24,2,2022-04-22 09:04:57
1650618297639789000,32.4,10,32.4,1,32.45,24,2,2022-04-22 09:04:57
1650618297677898000,32.4,1,32.35,16,32.4,7,2,2022-04-22 09:04:57
1650618297733261000,32.35,5,32.35,11,32.4,7,2,2022-04-22 09:04:57
1650618297759931000,32.35,6,32.35,5,32.4,7,2,2022-04-22 09:04:57
1650618297787238000,32.35,1,32.35,4,32.4,7,2,2022-04-22 09:04:57
1650618297969298000,32.4,7,32.35,4,32.45,32,1,2022-04-22 09:04:57
1650618297969298000,32.45,3,32.35,4,32.45,32,1,2022-04-22 09:04:57
1650618298005377000,32.35,4,32.3,27,32.45,32,2,2022-04-22 09:04:58
1650618298005377000,32.3,16,32.3,27,32.45,32,2,2022-04-22 09:04:58
1650618298040551000,32.3,20,32.3,7,32.4,3,2,2022-04-22 09:04:58
1650618298379886000,32.3,7,32.25,6,32.35,11,2,2022-04-22 09:04:58
1650618298406500000,32.35,1,32.25,6,32.35,10,1,2022-04-22 09:04:58
1650618298714047000,32.35,1,32.25,6,32.35,19,1,2022-04-22 09:04:58
1650618298988844000,32.35,1,32.25,6,32.35,28,1,2022-04-22 09:04:58
1650618299428945000,32.3,6,32.25,6,32.35,24,1,2022-04-22 09:04:59
1650618299428945000,32.35,4,32.25,6,32.35,24,1,2022-04-22 09:04:59
1650618299697689000,32.35,1,32.25,6,32.35,23,1,2022-04-22 09:04:59
1650618299941750000,32.25,3,32.25,3,32.35,23,2,2022-04-22 09:04:59
1650618299949426000,32.25,1,32.25,2,32.35,23,2,2022-04-22 09:04:59
1650618300931375000,32.25,1,32.25,1,32.3,2,2,2022-04-22 09:05:00
1650618301286919000,32.25,1,32.2,3,32.25,4,2,2022-04-22 09:05:01
1650618301316150000,32.2,3,32.1,3,32.15,4,2,2022-04-22 09:05:01
1650618301342158000,32.15,4,32.1,3,32.25,4,1,2022-04-22 09:05:01
1650618301695273000,32.1,3,32.05,11,32.25,4,2,2022-04-22 09:05:01
1650618301695273000,32.05,2,32.05,11,32.25,4,2,2022-04-22 09:05:01
1650618302020343000,32.1,4,32.1,2,32.2,3,2,2022-04-22 09:05:02
1650618302131134000,32.1,2,32.0,62,32.15,1,2,2022-04-22 09:05:02
1650618302335431000,32.15,1,32.15,1,32.2,3,1,2022-04-22 09:05:02
1650618303269586000,32.2,6,32.15,1,32.25,7,1,2022-04-22 09:05:03
1650618303491805000,32.15,1,32.05,17,32.25,8,2,2022-04-22 09:05:03
1650618303491805000,32.05,1,32.05,17,32.25,8,2,2022-04-22 09:05:03
1650618303545257000,32.1,3,32.05,17,32.2,3,2,2022-04-22 09:05:03
1650618304695156000,32.15,1,32.15,3,32.2,3,2,2022-04-22 09:05:04
1650618304895702000,32.2,3,32.15,3,32.3,2,1,2022-04-22 09:05:04
1650618304895702000,32.25,6,32.15,3,32.3,2,1,2022-04-22 09:05:04
1650618305598228000,32.2,1,32.1,6,32.2,19,1,2022-04-22 09:05:05
1650618306150291000,32.15,1,32.15,6,32.2,19,2,2022-04-22 09:05:06
1650618309696710000,32.15,5,32.1,6,32.15,1,2,2022-04-22 09:05:09
1650618309738882000,32.1,1,32.1,2,32.15,1,2,2022-04-22 09:05:09
1650618309750807000,32.1,1,32.1,1,32.15,1,2,2022-04-22 09:05:09
1650618310353594000,32.15,1,32.1,1,32.2,23,1,2022-04-22 09:05:10
1650618310492007000,32.2,1,32.1,1,32.2,22,1,2022-04-22 09:05:10
1650618310941854000,32.15,1,32.1,1,32.2,22,2,2022-04-22 09:05:10
1650618311448695000,32.1,1,32.0,61,32.2,22,2,2022-04-22 09:05:11
1650618311448695000,32.05,7,32.0,61,32.2,22,2,2022-04-22 09:05:11
1650618311448695000,32.0,2,32.0,61,32.2,22,2,2022-04-22 09:05:11
1650618311529537000,32.15,2,32.05,3,32.15,5,1,2022-04-22 09:05:11
1650618311560272000,32.15,5,32.05,3,32.15,1,1,2022-04-22 09:05:11
1650618311643850000,32.15,1,32.05,3,32.2,23,1,2022-04-22 09:05:11
1650618312414246000,32.2,10,32.15,2,32.2,13,1,2022-04-22 09:05:12
1650618312458594000,32.15,1,32.15,1,32.2,13,2,2022-04-22 09:05:12
1650618312464806000,32.15,1,32.1,5,32.2,13,2,2022-04-22 09:05:12
1650618312835769000,32.15,1,32.1,2,32.15,5,1,2022-04-22 09:05:12
1650618312920502000,32.15,1,32.1,2,32.15,4,1,2022-04-22 09:05:12
1650618312940635000,32.15,4,32.1,2,32.2,13,1,2022-04-22 09:05:12
1650618313424522000,32.15,1,32.1,3,32.2,13,1,2022-04-22 09:05:13
1650618313893474000,32.15,2,32.1,3,32.15,4,1,2022-04-22 09:05:13
1650618314609426000,32.1,5,32.1,3,32.15,4,2,2022-04-22 09:05:14
1650618315405883000,32.1,3,32.05,4,32.15,4,2,2022-04-22 09:05:15
1650618315405883000,32.05,2,32.05,4,32.15,4,2,2022-04-22 09:05:15
1650618315587255000,32.15,1,32.05,4,32.15,3,1,2022-04-22 09:05:15
1650618315625376000,32.15,3,32.05,4,32.2,17,1,2022-04-22 09:05:15
1650618316989351000,32.15,6,32.1,3,32.2,8,1,2022-04-22 09:05:16
1650618316989351000,32.2,9,32.1,3,32.2,8,1,2022-04-22 09:05:16
1650618317898514000,32.15,1,32.1,11,32.2,4,1,2022-04-22 09:05:17
1650618317898514000,32.2,4,32.1,11,32.2,4,1,2022-04-22 09:05:17
1650618318443163000,32.15,2,32.15,3,32.2,4,1,2022-04-22 09:05:18
1650618319327073000,32.2,1,32.15,4,32.2,3,1,2022-04-22 09:05:19
1650618319358767000,32.2,3,32.15,4,32.25,11,1,2022-04-22 09:05:19
1650618320389956000,32.15,1,32.15,4,32.25,10,2,2022-04-22 09:05:20
1650618320589338000,32.15,3,32.15,1,32.25,10,2,2022-04-22 09:05:20
1650618320615709000,32.15,1,32.1,13,32.25,10,2,2022-04-22 09:05:20
1650618320615709000,32.1,1,32.1,13,32.25,10,2,2022-04-22 09:05:20
1650618322846273000,32.15,6,32.1,13,32.2,1,2,2022-04-22 09:05:22
1650618323851504000,32.2,1,32.1,23,32.2,2,1,2022-04-22 09:05:23
1650618323936237000,32.2,2,32.15,2,32.25,7,1,2022-04-22 09:05:23
1650618323936237000,32.25,3,32.15,2,32.25,7,1,2022-04-22 09:05:23
1650618326295908000,32.2,2,32.15,1,32.25,7,2,2022-04-22 09:05:26
1650618326295908000,32.15,1,32.15,1,32.25,7,2,2022-04-22 09:05:26
1650618326569346000,32.2,2,32.15,1,32.3,125,1,2022-04-22 09:05:26
1650618326569346000,32.25,7,32.15,1,32.3,125,1,2022-04-22 09:05:26
1650618326569346000,32.3,1,32.15,1,32.3,125,1,2022-04-22 09:05:26
1650618328053275000,32.2,1,32.15,6,32.2,7,2,2022-04-22 09:05:28
1650618328636227000,32.15,1,32.15,10,32.2,7,2,2022-04-22 09:05:28
1650618328984486000,32.15,10,32.1,31,32.2,7,2,2022-04-22 09:05:28
1650618329333153000,32.2,5,32.1,31,32.2,2,1,2022-04-22 09:05:29
1650618330065248000,32.2,1,32.1,31,32.2,1,1,2022-04-22 09:05:30
1650618330584005000,32.2,1,32.1,34,32.2,2,1,2022-04-22 09:05:30
1650618331349922000,32.2,4,32.1,34,32.25,6,1,2022-04-22 09:05:31
1650618331349922000,32.25,6,32.1,34,32.25,6,1,2022-04-22 09:05:31
1650618332110057000,32.2,1,32.1,34,32.15,1,2,2022-04-22 09:05:32
1650618332110057000,32.15,2,32.1,34,32.15,1,2,2022-04-22 09:05:32
1650618332174380000,32.15,1,32.1,34,32.25,5,1,2022-04-22 09:05:32
1650618332174380000,32.25,1,32.1,34,32.25,5,1,2022-04-22 09:05:32
1650618332247939000,32.25,5,32.1,34,32.3,120,1,2022-04-22 09:05:32
1650618332247939000,32.3,5,32.1,34,32.3,120,1,2022-04-22 09:05:32
1650618332381185000,32.3,10,32.25,1,32.3,110,1,2022-04-22 09:05:32
1650618332644932000,32.25,1,32.15,2,32.25,7,2,2022-04-22 09:05:32
1650618333420396000,32.25,7,32.2,9,32.3,107,1,2022-04-22 09:05:33
1650618333420396000,32.3,3,32.2,9,32.3,107,1,2022-04-22 09:05:33
1650618333421865000,32.2,1,32.2,8,32.3,107,2,2022-04-22 09:05:33
1650618334419913000,32.3,1,32.2,15,32.3,106,1,2022-04-22 09:05:34
1650618335456009000,32.2,1,32.2,19,32.3,106,2,2022-04-22 09:05:35
1650618336750078000,32.2,1,32.2,21,32.25,1,2,2022-04-22 09:05:36
1650618337816652000,32.2,3,32.2,18,32.25,1,2,2022-04-22 09:05:37
1650618338947388000,32.25,1,32.2,18,32.3,107,1,2022-04-22 09:05:38
1650618339574638000,32.3,1,32.25,1,32.3,106,1,2022-04-22 09:05:39
1650618341448729000,32.25,1,32.2,17,32.3,106,2,2022-04-22 09:05:41
1650618341448729000,32.2,1,32.2,17,32.3,106,2,2022-04-22 09:05:41
1650618343042711000,32.25,2,32.2,17,32.3,107,2,2022-04-22 09:05:43
1650618343790557000,32.25,1,32.25,14,32.3,108,2,2022-04-22 09:05:43
1650618344283665000,32.3,6,32.25,14,32.3,102,1,2022-04-22 09:05:44
1650618344852511000,32.3,3,32.25,14,32.3,99,1,2022-04-22 09:05:44
1650618347463576000,32.25,1,32.25,14,32.3,99,2,2022-04-22 09:05:47
1650618350315688000,32.25,14,32.2,31,32.3,99,2,2022-04-22 09:05:50
1650618350374265000,32.3,10,32.2,31,32.3,89,1,2022-04-22 09:05:50
1650618351403819000,32.25,1,32.2,31,32.25,1,1,2022-04-22 09:05:51
1650618351672670000,32.25,1,32.2,32,32.3,85,1,2022-04-22 09:05:51
1650618351672670000,32.3,4,32.2,32,32.3,85,1,2022-04-22 09:05:51
1650618353763576000,32.25,1,32.2,32,32.25,9,1,2022-04-22 09:05:53
1650618354404247000,32.25,1,32.2,32,32.25,8,1,2022-04-22 09:05:54
1650618354405181000,32.25,1,32.2,32,32.25,7,1,2022-04-22 09:05:54
1650618354897820000,32.25,1,32.2,32,32.25,6,1,2022-04-22 09:05:54
1650618356031199000,32.25,1,32.2,32,32.25,5,1,2022-04-22 09:05:56
1650618356498892000,32.25,5,32.2,32,32.3,85,1,2022-04-22 09:05:56
1650618357826163000,32.25,4,32.25,5,32.3,85,2,2022-04-22 09:05:57
1650618358017200000,32.3,1,32.25,5,32.3,84,1,2022-04-22 09:05:58
1650618361548081000,32.3,14,32.25,22,32.3,72,1,2022-04-22 09:06:01
1650618362392604000,32.3,4,32.25,23,32.3,68,1,2022-04-22 09:06:02
1650618362615634000,32.3,6,32.25,23,32.3,62,1,2022-04-22 09:06:02
1650618363138741000,32.3,7,32.25,23,32.3,55,1,2022-04-22 09:06:03
1650618363176888000,32.3,14,32.25,23,32.3,41,1,2022-04-22 09:06:03
1650618363306688000,32.3,7,32.25,23,32.3,34,1,2022-04-22 09:06:03
1650618363739585000,32.3,2,32.25,28,32.3,32,1,2022-04-22 09:06:03
1650618363771399000,32.3,1,32.25,28,32.3,31,1,2022-04-22 09:06:03
1650618363814251000,32.3,5,32.25,28,32.3,26,1,2022-04-22 09:06:03
1650618363844542000,32.3,2,32.25,28,32.3,24,1,2022-04-22 09:06:03
1650618363903348000,32.3,5,32.25,28,32.3,19,1,2022-04-22 09:06:03
1650618363937358000,32.3,2,32.25,28,32.3,17,1,2022-04-22 09:06:03
1650618364110185000,32.3,1,32.25,28,32.3,16,1,2022-04-22 09:06:04
1650618364139808000,32.3,1,32.25,28,32.3,15,1,2022-04-22 09:06:04
1650618364229934000,32.3,3,32.25,28,32.3,12,1,2022-04-22 09:06:04
1650618364263398000,32.3,1,32.25,28,32.3,11,1,2022-04-22 09:06:04
1650618364351111000,32.3,1,32.25,28,32.3,10,1,2022-04-22 09:06:04
1650618364478095000,32.3,2,32.25,28,32.3,8,1,2022-04-22 09:06:04
1650618364511561000,32.3,1,32.25,28,32.3,7,1,2022-04-22 09:06:04
1650618364536272000,32.3,5,32.25,28,32.3,2,1,2022-04-22 09:06:04
1650618364575116000,32.3,2,32.25,28,32.35,25,1,2022-04-22 09:06:04
1650618364859318000,32.35,1,32.3,6,32.35,24,1,2022-04-22 09:06:04
1650618365093782000,32.3,3,32.25,30,32.35,24,2,2022-04-22 09:06:05
1650618365158084000,32.35,1,32.25,30,32.35,23,1,2022-04-22 09:06:05
1650618365721364000,32.35,1,32.25,30,32.35,19,1,2022-04-22 09:06:05
1650618366108752000,32.3,1,32.3,3,32.35,19,2,2022-04-22 09:06:06
1650618366536729000,32.35,1,32.3,11,32.35,18,1,2022-04-22 09:06:06
1650618366600047000,32.3,3,32.3,8,32.35,18,2,2022-04-22 09:06:06
1650618369479066000,32.3,1,32.3,15,32.35,18,2,2022-04-22 09:06:09
1650618370411884000,32.35,2,32.3,15,32.35,16,1,2022-04-22 09:06:10
1650618372391795000,32.35,1,32.3,16,32.35,15,1,2022-04-22 09:06:12
1650618373155696000,32.3,1,32.3,15,32.35,15,2,2022-04-22 09:06:13
1650618373191864000,32.3,2,32.3,13,32.35,15,2,2022-04-22 09:06:13
1650618373729045000,32.35,3,32.3,13,32.35,12,1,2022-04-22 09:06:13
1650618375180085000,32.35,1,32.3,25,32.35,11,1,2022-04-22 09:06:15
1650618375742342000,32.3,2,32.3,23,32.35,16,2,2022-04-22 09:06:15
1650618376254295000,32.35,1,32.3,23,32.35,15,1,2022-04-22 09:06:16
1650618377164731000,32.3,6,32.3,17,32.35,16,2,2022-04-22 09:06:17
1650618377198939000,32.3,1,32.3,16,32.35,17,2,2022-04-22 09:06:17
1650618377450461000,32.3,5,32.3,11,32.35,17,2,2022-04-22 09:06:17
1650618377452311000,32.35,1,32.3,11,32.35,16,1,2022-04-22 09:06:17
1650618377692844000,32.35,1,32.3,12,32.35,15,1,2022-04-22 09:06:17
1650618378059254000,32.3,2,32.3,10,32.35,15,2,2022-04-22 09:06:18
1650618378078843000,32.35,1,32.3,10,32.35,14,1,2022-04-22 09:06:18
1650618378094406000,32.3,5,32.3,5,32.35,14,2,2022-04-22 09:06:18
1650618378229135000,32.35,2,32.3,5,32.35,12,1,2022-04-22 09:06:18
1650618378260223000,32.3,5,32.25,37,32.35,12,2,2022-04-22 09:06:18
1650618378900623000,32.3,5,32.25,37,32.35,12,1,2022-04-22 09:06:18
1650618379287220000,32.3,1,32.25,37,32.3,1,2,2022-04-22 09:06:19
1650618379877570000,32.3,1,32.25,37,32.35,12,1,2022-04-22 09:06:19
1650618380283100000,32.3,5,32.25,35,32.35,12,1,2022-04-22 09:06:20
1650618380284020000,32.35,11,32.25,35,32.35,1,1,2022-04-22 09:06:20
1650618380285307000,32.35,1,32.25,35,32.4,46,1,2022-04-22 09:06:20
1650618380285307000,32.4,8,32.25,35,32.4,46,1,2022-04-22 09:06:20
1650618380285597000,32.4,4,32.25,35,32.4,42,1,2022-04-22 09:06:20
1650618380286754000,32.4,8,32.25,35,32.4,34,1,2022-04-22 09:06:20
1650618380287822000,32.4,6,32.25,35,32.4,28,1,2022-04-22 09:06:20
1650618380288911000,32.4,5,32.25,35,32.4,23,1,2022-04-22 09:06:20
1650618380289767000,32.4,6,32.25,35,32.4,17,1,2022-04-22 09:06:20
1650618380291143000,32.4,8,32.25,35,32.4,9,1,2022-04-22 09:06:20
1650618380291874000,32.4,6,32.25,35,32.4,3,1,2022-04-22 09:06:20
1650618380293449000,32.4,3,32.25,35,32.45,17,1,2022-04-22 09:06:20
1650618380293449000,32.45,16,32.25,35,32.45,17,1,2022-04-22 09:06:20
1650618380294650000,32.45,13,32.25,35,32.45,4,1,2022-04-22 09:06:20
1650618380294863000,32.45,4,32.25,35,32.5,336,1,2022-04-22 09:06:20
1650618380294863000,32.5,10,32.25,35,32.5,336,1,2022-04-22 09:06:20
1650618380296039000,32.5,10,32.25,35,32.5,326,1,2022-04-22 09:06:20
1650618380296799000,32.5,19,32.25,35,32.5,307,1,2022-04-22 09:06:20
1650618380297933000,32.5,14,32.25,35,32.5,293,1,2022-04-22 09:06:20
1650618380299189000,32.5,13,32.25,35,32.5,280,1,2022-04-22 09:06:20
1650618380299852000,32.5,15,32.25,35,32.5,265,1,2022-04-22 09:06:20
1650618380301005000,32.5,4,32.25,35,32.5,261,1,2022-04-22 09:06:20
1650618380303075000,32.5,2,32.25,35,32.5,259,1,2022-04-22 09:06:20
1650618380303336000,32.5,4,32.25,35,32.5,255,1,2022-04-22 09:06:20
1650618380304087000,32.5,22,32.25,35,32.5,233,1,2022-04-22 09:06:20
1650618380305012000,32.5,18,32.25,35,32.5,215,1,2022-04-22 09:06:20
1650618380306314000,32.5,9,32.25,35,32.5,206,1,2022-04-22 09:06:20
1650618380307491000,32.5,15,32.25,35,32.5,191,1,2022-04-22 09:06:20
1650618380308308000,32.5,14,32.25,35,32.5,177,1,2022-04-22 09:06:20
1650618380309511000,32.5,6,32.25,35,32.5,171,1,2022-04-22 09:06:20
1650618380310257000,32.5,18,32.25,35,32.5,153,1,2022-04-22 09:06:20
1650618380311409000,32.5,2,32.25,35,32.5,151,1,2022-04-22 09:06:20
1650618380312651000,32.5,1,32.25,35,32.5,150,1,2022-04-22 09:06:20
1650618380344208000,32.4,1,32.3,6,32.4,2,1,2022-04-22 09:06:20
1650618380363177000,32.4,1,32.3,7,32.4,1,1,2022-04-22 09:06:20
1650618381552074000,32.4,1,32.35,4,32.5,150,1,2022-04-22 09:06:21
1650618382377455000,32.35,1,32.3,6,32.5,150,2,2022-04-22 09:06:22
1650618382377455000,32.3,1,32.3,6,32.5,150,2,2022-04-22 09:06:22
1650618382762945000,32.35,1,32.3,3,32.5,150,1,2022-04-22 09:06:22
1650618383330484000,32.3,2,32.3,1,32.35,1,2,2022-04-22 09:06:23
1650618384288326000,32.35,1,32.3,2,32.5,150,1,2022-04-22 09:06:24
1650618385270632000,32.35,1,32.3,1,32.4,3,2,2022-04-22 09:06:25
1650618385270632000,32.3,1,32.3,1,32.4,3,2,2022-04-22 09:06:25
1650618386180668000,32.4,1,32.35,1,32.4,2,1,2022-04-22 09:06:26
1650618386695413000,32.4,2,32.4,3,32.45,10,1,2022-04-22 09:06:26
1650618387347811000,32.45,10,32.4,3,32.5,140,1,2022-04-22 09:06:27
1650618387347811000,32.5,10,32.4,3,32.5,140,1,2022-04-22 09:06:27
1650618388252344000,32.5,20,32.4,5,32.5,120,1,2022-04-22 09:06:28
1650618388431115000,32.5,20,32.4,5,32.5,100,1,2022-04-22 09:06:28
1650618389136478000,32.5,1,32.4,5,32.5,119,1,2022-04-22 09:06:29
1650618389993667000,32.5,20,32.4,5,32.5,99,1,2022-04-22 09:06:29
1650618390161922000,32.5,20,32.4,5,32.5,79,1,2022-04-22 09:06:30
1650618390336403000,32.5,20,32.4,5,32.5,59,1,2022-04-22 09:06:30
1650618390607613000,32.45,1,32.4,5,32.45,4,1,2022-04-22 09:06:30
1650618390682949000,32.45,4,32.4,5,32.5,47,1,2022-04-22 09:06:30
1650618390682949000,32.5,12,32.4,5,32.5,47,1,2022-04-22 09:06:30
1650618390788876000,32.5,47,32.5,3,32.55,48,1,2022-04-22 09:06:30
1650618390842003000,32.55,5,32.5,3,32.55,43,1,2022-04-22 09:06:30
1650618390855718000,32.55,8,32.5,3,32.55,35,1,2022-04-22 09:06:30
1650618390898401000,32.55,1,32.5,3,32.55,34,1,2022-04-22 09:06:30
1650618391125502000,32.55,10,32.5,3,32.55,24,1,2022-04-22 09:06:31
1650618391242602000,32.55,3,32.5,3,32.55,21,1,2022-04-22 09:06:31
1650618391354752000,32.55,5,32.5,3,32.55,16,1,2022-04-22 09:06:31
1650618391510733000,32.55,5,32.5,3,32.55,11,1,2022-04-22 09:06:31
1650618391939809000,32.5,2,32.5,1,32.55,11,2,2022-04-22 09:06:31
1650618392203176000,32.5,1,32.4,5,32.5,1,2,2022-04-22 09:06:32
1650618392302602000,32.5,1,32.5,2,32.55,11,1,2022-04-22 09:06:32
1650618392311153000,32.55,3,32.5,2,32.55,8,1,2022-04-22 09:06:32
1650618392337826000,32.5,1,32.5,1,32.55,8,2,2022-04-22 09:06:32
1650618393063002000,32.55,1,32.5,1,32.55,7,1,2022-04-22 09:06:33
1650618393074429000,32.5,1,32.4,5,32.55,7,2,2022-04-22 09:06:33
1650618393311597000,32.55,2,32.4,5,32.55,5,1,2022-04-22 09:06:33
1650618393518108000,32.55,5,32.4,5,32.6,79,1,2022-04-22 09:06:33
1650618393518108000,32.6,5,32.4,5,32.6,79,1,2022-04-22 09:06:33
1650618393776290000,32.6,20,32.5,6,32.6,59,1,2022-04-22 09:06:33
1650618394026224000,32.6,1,32.5,7,32.6,58,1,2022-04-22 09:06:34
1650618394053749000,32.6,1,32.5,7,32.6,57,1,2022-04-22 09:06:34
1650618394558369000,32.6,1,32.5,10,32.6,56,1,2022-04-22 09:06:34
1650618394941054000,32.5,2,32.5,9,32.6,56,2,2022-04-22 09:06:34
1650618395142051000,32.55,1,32.55,4,32.6,56,2,2022-04-22 09:06:35
1650618395753304000,32.6,1,32.55,4,32.6,55,1,2022-04-22 09:06:35
1650618395865910000,32.55,1,32.55,3,32.6,55,2,2022-04-22 09:06:35
1650618396221680000,32.6,5,32.55,4,32.6,50,1,2022-04-22 09:06:36
1650618396357983000,32.6,10,32.55,4,32.6,40,1,2022-04-22 09:06:36
1650618396492221000,32.6,1,32.55,6,32.6,39,1,2022-04-22 09:06:36
1650618396756009000,32.6,20,32.55,6,32.6,19,1,2022-04-22 09:06:36
1650618397139485000,32.6,5,32.55,6,32.6,14,1,2022-04-22 09:06:37
1650618397724068000,32.55,5,32.55,1,32.6,14,2,2022-04-22 09:06:37
1650618397750209000,32.55,1,32.5,10,32.6,15,2,2022-04-22 09:06:37
1650618397839601000,32.5,1,32.5,9,32.6,15,2,2022-04-22 09:06:37
1650618398054944000,32.6,1,32.5,9,32.6,14,1,2022-04-22 09:06:38
1650618398447242000,32.6,5,32.5,9,32.6,9,1,2022-04-22 09:06:38
1650618398648446000,32.55,1,32.5,9,32.55,4,2,2022-04-22 09:06:38
1650618398742670000,32.55,2,32.5,9,32.55,2,1,2022-04-22 09:06:38
1650618399197380000,32.55,1,32.5,24,32.55,1,1,2022-04-22 09:06:39
1650618399629500000,32.55,2,32.5,24,32.55,2,1,2022-04-22 09:06:39
1650618399657231000,32.5,1,32.5,23,32.55,2,2,2022-04-22 09:06:39
1650618400038247000,32.55,2,32.5,23,32.6,19,1,2022-04-22 09:06:40
1650618400330229000,32.55,1,32.5,24,32.55,4,1,2022-04-22 09:06:40
1650618400439764000,32.55,3,32.5,25,32.55,1,1,2022-04-22 09:06:40
1650618400654290000,32.55,1,32.5,25,32.6,18,1,2022-04-22 09:06:40
1650618400654290000,32.6,2,32.5,25,32.6,18,1,2022-04-22 09:06:40
1650618400800731000,32.55,1,32.5,25,32.55,2,2,2022-04-22 09:06:40
1650618401472613000,32.55,2,32.5,28,32.6,14,1,2022-04-22 09:06:41
1650618401472613000,32.6,4,32.5,28,32.6,14,1,2022-04-22 09:06:41
1650618402785071000,32.5,20,32.5,10,32.6,40,2,2022-04-22 09:06:42
1650618403190179000,32.55,1,32.5,10,32.6,40,1,2022-04-22 09:06:43
1650618404842641000,32.6,3,32.55,1,32.6,38,1,2022-04-22 09:06:44
1650618405315067000,32.55,1,32.55,1,32.6,38,2,2022-04-22 09:06:45
1650618405373825000,32.55,1,32.5,29,32.6,38,2,2022-04-22 09:06:45
1650618405424578000,32.6,2,32.5,29,32.6,36,1,2022-04-22 09:06:45
1650618405992133000,32.55,2,32.55,2,32.6,36,2,2022-04-22 09:06:45
1650618406088735000,32.55,2,32.5,30,32.6,36,2,2022-04-22 09:06:46
1650618406666362000,32.55,7,32.5,35,32.55,3,1,2022-04-22 09:06:46
1650618407232701000,32.55,2,32.5,37,32.55,23,1,2022-04-22 09:06:47
1650618407669744000,32.55,1,32.5,37,32.55,22,1,2022-04-22 09:06:47
1650618408542873000,32.55,1,32.5,37,32.55,44,1,2022-04-22 09:06:48
1650618409136297000,32.5,1,32.5,37,32.55,43,2,2022-04-22 09:06:49
1650618409287522000,32.5,10,32.5,27,32.55,43,2,2022-04-22 09:06:49
1650618409292946000,32.55,1,32.5,27,32.55,42,1,2022-04-22 09:06:49
1650618409307411000,32.5,2,32.5,25,32.55,42,2,2022-04-22 09:06:49
1650618409352257000,32.5,1,32.5,24,32.55,43,2,2022-04-22 09:06:49
1650618409466239000,32.5,10,32.5,14,32.55,43,2,2022-04-22 09:06:49
1650618409502565000,32.5,1,32.5,13,32.55,43,2,2022-04-22 09:06:49
1650618409541653000,32.5,1,32.5,12,32.55,44,2,2022-04-22 09:06:49
1650618409591639000,32.5,5,32.5,7,32.55,51,2,2022-04-22 09:06:49
1650618409656933000,32.5,7,32.45,164,32.5,3,2,2022-04-22 09:06:49
1650618409778983000,32.5,2,32.45,164,32.5,1,1,2022-04-22 09:06:49
1650618409781265000,32.5,1,32.45,164,32.55,44,1,2022-04-22 09:06:49
1650618409781265000,32.55,7,32.45,164,32.55,44,1,2022-04-22 09:06:49
1650618410228148000,32.5,2,32.45,164,32.5,31,1,2022-04-22 09:06:50
1650618410281049000,32.5,1,32.45,164,32.5,82,1,2022-04-22 09:06:50
1650618410286899000,32.5,10,32.45,164,32.5,72,1,2022-04-22 09:06:50
1650618410352152000,32.5,1,32.45,164,32.5,71,1,2022-04-22 09:06:50
1650618410641895000,32.5,1,32.45,164,32.5,135,1,2022-04-22 09:06:50
1650618410747350000,32.5,2,32.45,164,32.5,146,1,2022-04-22 09:06:50
1650618410971766000,32.45,2,32.45,162,32.5,156,2,2022-04-22 09:06:50
1650618411010159000,32.45,14,32.45,148,32.5,156,2,2022-04-22 09:06:51
1650618411047090000,32.45,1,32.45,147,32.5,157,2,2022-04-22 09:06:51
1650618411069849000,32.45,3,32.4,10,32.45,17,2,2022-04-22 09:06:51
1650618411292623000,32.4,10,32.35,47,32.45,27,2,2022-04-22 09:06:51
1650618411536510000,32.35,5,32.35,42,32.4,1,2,2022-04-22 09:06:51
1650618411568310000,32.35,8,32.35,34,32.4,1,2,2022-04-22 09:06:51
1650618411632217000,32.35,2,32.35,32,32.4,2,2,2022-04-22 09:06:51
1650618412234001000,32.4,3,32.35,3,32.4,3,1,2022-04-22 09:06:52
1650618412302767000,32.4,1,32.35,3,32.4,15,1,2022-04-22 09:06:52
1650618412307632000,32.35,3,32.3,18,32.4,15,2,2022-04-22 09:06:52
1650618413816244000,32.3,10,32.3,8,32.35,10,2,2022-04-22 09:06:53
1650618414543161000,32.35,5,32.3,8,32.35,5,1,2022-04-22 09:06:54
1650618415285591000,32.35,5,32.3,8,32.35,6,1,2022-04-22 09:06:55
1650618415316195000,32.3,1,32.3,7,32.35,6,2,2022-04-22 09:06:55
1650618415622159000,32.35,1,32.3,7,32.35,5,1,2022-04-22 09:06:55
1650618415816346000,32.3,7,32.25,36,32.3,73,2,2022-04-22 09:06:55
1650618416234622000,32.3,1,32.25,35,32.3,72,1,2022-04-22 09:06:56
1650618416400936000,32.25,2,32.25,33,32.3,78,2,2022-04-22 09:06:56
1650618417224530000,32.25,33,32.2,41,32.3,108,2,2022-04-22 09:06:57
1650618417282229000,32.25,2,32.2,41,32.3,108,1,2022-04-22 09:06:57
1650618417282229000,32.3,1,32.2,41,32.3,108,1,2022-04-22 09:06:57
1650618417364258000,32.3,5,32.2,40,32.3,103,1,2022-04-22 09:06:57
1650618418089057000,32.3,1,32.2,41,32.3,102,1,2022-04-22 09:06:58
1650618418472689000,32.3,1,32.2,41,32.3,101,1,2022-04-22 09:06:58
1650618418576384000,32.3,3,32.2,38,32.3,98,1,2022-04-22 09:06:58
1650618419094045000,32.3,5,32.2,38,32.3,93,1,2022-04-22 09:06:59
1650618419303402000,32.25,1,32.25,4,32.3,93,2,2022-04-22 09:06:59
1650618419350222000,32.3,2,32.25,4,32.3,91,1,2022-04-22 09:06:59
1650618419479614000,32.25,2,32.25,2,32.3,91,2,2022-04-22 09:06:59
1650618419574096000,32.25,2,32.2,38,32.3,91,2,2022-04-22 09:06:59
1650618419757845000,32.25,5,32.2,38,32.25,3,1,2022-04-22 09:06:59
1650618419866462000,32.25,3,32.2,38,32.3,88,1,2022-04-22 09:06:59
1650618419866462000,32.3,3,32.2,38,32.3,88,1,2022-04-22 09:06:59
1650618420355731000,32.3,15,32.2,38,32.3,73,1,2022-04-22 09:07:00
1650618420961578000,32.25,5,32.2,38,32.25,4,1,2022-04-22 09:07:00
1650618422893582000,32.25,4,32.2,38,32.3,69,1,2022-04-22 09:07:02
1650618422893582000,32.3,4,32.2,38,32.3,69,1,2022-04-22 09:07:02
1650618423566035000,32.25,1,32.2,36,32.3,69,2,2022-04-22 09:07:03
1650618424100037000,32.3,1,32.2,36,32.3,68,1,2022-04-22 09:07:04
1650618425121344000,32.3,2,32.2,62,32.3,66,1,2022-04-22 09:07:05
1650618425148471000,32.3,14,32.2,62,32.3,52,1,2022-04-22 09:07:05
1650618425181844000,32.3,6,32.2,62,32.3,46,1,2022-04-22 09:07:05
1650618426284251000,32.3,1,32.2,63,32.3,45,1,2022-04-22 09:07:06
1650618426316552000,32.3,2,32.2,63,32.3,43,1,2022-04-22 09:07:06
1650618426560294000,32.2,2,32.2,61,32.3,43,2,2022-04-22 09:07:06
1650618426561829000,32.2,1,32.2,60,32.3,43,2,2022-04-22 09:07:06
1650618426562253000,32.2,2,32.2,58,32.3,43,2,2022-04-22 09:07:06
1650618426563374000,32.2,2,32.2,56,32.3,43,2,2022-04-22 09:07:06
1650618426564350000,32.2,7,32.2,49,32.3,43,2,2022-04-22 09:07:06
1650618426565465000,32.2,2,32.2,47,32.3,43,2,2022-04-22 09:07:06
1650618426566668000,32.2,1,32.2,46,32.3,43,2,2022-04-22 09:07:06
1650618426567676000,32.2,1,32.2,45,32.3,43,2,2022-04-22 09:07:06
1650618426568558000,32.2,3,32.2,42,32.3,43,2,2022-04-22 09:07:06
1650618426569744000,32.2,1,32.2,41,32.3,43,2,2022-04-22 09:07:06
1650618426570692000,32.2,1,32.2,40,32.3,43,2,2022-04-22 09:07:06
1650618426572347000,32.2,1,32.2,39,32.3,43,2,2022-04-22 09:07:06
1650618426573680000,32.2,1,32.2,38,32.3,43,2,2022-04-22 09:07:06
1650618426574042000,32.2,1,32.2,37,32.3,43,2,2022-04-22 09:07:06
1650618426574718000,32.2,1,32.2,36,32.3,43,2,2022-04-22 09:07:06
1650618426575985000,32.2,2,32.2,34,32.3,43,2,2022-04-22 09:07:06
1650618426577226000,32.2,1,32.2,33,32.3,43,2,2022-04-22 09:07:06
1650618426577995000,32.2,1,32.2,32,32.3,43,2,2022-04-22 09:07:06
1650618426578823000,32.2,2,32.2,30,32.3,43,2,2022-04-22 09:07:06
1650618426579982000,32.2,3,32.2,27,32.3,43,2,2022-04-22 09:07:06
1650618426581100000,32.2,2,32.2,25,32.3,43,2,2022-04-22 09:07:06
1650618426581991000,32.2,1,32.2,24,32.3,43,2,2022-04-22 09:07:06
1650618426582792000,32.2,1,32.2,23,32.3,43,2,2022-04-22 09:07:06
1650618426584445000,32.2,1,32.2,22,32.3,43,2,2022-04-22 09:07:06
1650618426585733000,32.2,2,32.2,20,32.3,43,2,2022-04-22 09:07:06
1650618426586693000,32.2,1,32.2,19,32.3,43,2,2022-04-22 09:07:06
1650618426587913000,32.2,1,32.2,18,32.3,43,2,2022-04-22 09:07:06
1650618426588018000,32.2,2,32.2,16,32.3,43,2,2022-04-22 09:07:06
1650618426589285000,32.2,1,32.2,15,32.3,43,2,2022-04-22 09:07:06
1650618426590409000,32.2,2,32.2,13,32.3,43,2,2022-04-22 09:07:06
1650618427113064000,32.25,5,32.2,13,32.25,3,1,2022-04-22 09:07:07
1650618427692355000,32.2,2,32.2,11,32.25,1,2,2022-04-22 09:07:07
1650618427960643000,32.25,1,32.2,11,32.3,94,1,2022-04-22 09:07:07
1650618428047050000,32.2,3,32.2,8,32.3,94,2,2022-04-22 09:07:08
1650618428258875000,32.25,1,32.2,8,32.25,4,2,2022-04-22 09:07:08
1650618428810112000,32.25,1,32.2,8,32.25,3,1,2022-04-22 09:07:08
1650618429401421000,32.25,2,32.2,9,32.25,18,1,2022-04-22 09:07:09
1650618429679954000,32.2,1,32.2,8,32.25,18,2,2022-04-22 09:07:09
1650618429989682000,32.25,2,32.2,18,32.25,16,1,2022-04-22 09:07:09
1650618432830627000,32.25,5,32.2,19,32.25,18,1,2022-04-22 09:07:12
1650618433142875000,32.25,1,32.2,20,32.25,17,1,2022-04-22 09:07:13
1650618433394940000,32.25,5,32.2,20,32.25,12,1,2022-04-22 09:07:13
1650618433516432000,32.25,10,32.2,20,32.25,2,1,2022-04-22 09:07:13
1650618433555330000,32.25,2,32.2,20,32.3,90,1,2022-04-22 09:07:13
1650618435340725000,32.3,2,32.25,21,32.3,93,1,2022-04-22 09:07:15
1650618435401443000,32.25,2,32.25,19,32.3,93,2,2022-04-22 09:07:15
1650618435998945000,32.3,7,32.25,24,32.3,86,1,2022-04-22 09:07:15
1650618436169524000,32.3,5,32.25,25,32.3,82,1,2022-04-22 09:07:16
1650618436390490000,32.3,5,32.25,25,32.3,77,1,2022-04-22 09:07:16
1650618436589140000,32.3,5,32.25,27,32.3,72,1,2022-04-22 09:07:16
1650618436889893000,32.25,1,32.25,26,32.3,72,2,2022-04-22 09:07:16
1650618437425652000,32.3,2,32.25,29,32.3,70,1,2022-04-22 09:07:17
1650618438175053000,32.25,1,32.25,31,32.3,70,2,2022-04-22 09:07:18
1650618438734546000,32.3,3,32.25,31,32.3,67,1,2022-04-22 09:07:18
1650618439542383000,32.3,5,32.25,31,32.3,62,1,2022-04-22 09:07:19
1650618439742196000,32.3,5,32.25,31,32.3,57,1,2022-04-22 09:07:19
1650618440372306000,32.3,5,32.25,31,32.3,52,1,2022-04-22 09:07:20
1650618440487252000,32.3,1,32.25,31,32.3,51,1,2022-04-22 09:07:20
1650618440559841000,32.3,3,32.25,32,32.3,48,1,2022-04-22 09:07:20
1650618440897045000,32.25,1,32.25,31,32.3,48,2,2022-04-22 09:07:20
1650618441213895000,32.25,1,32.25,32,32.3,48,2,2022-04-22 09:07:21
1650618442056620000,32.3,1,32.25,32,32.3,48,1,2022-04-22 09:07:22
1650618442081080000,32.25,2,32.25,30,32.3,48,2,2022-04-22 09:07:22
1650618442741490000,32.3,3,32.25,30,32.3,45,1,2022-04-22 09:07:22
1650618443256382000,32.3,20,32.25,31,32.3,25,1,2022-04-22 09:07:23
1650618443670888000,32.25,1,32.25,30,32.3,25,2,2022-04-22 09:07:23
1650618443699432000,32.25,1,32.25,29,32.3,25,2,2022-04-22 09:07:23
1650618443797898000,32.3,1,32.25,29,32.3,24,1,2022-04-22 09:07:23
1650618443816316000,32.3,1,32.25,29,32.3,23,1,2022-04-22 09:07:23
1650618444604720000,32.3,1,32.25,24,32.3,22,1,2022-04-22 09:07:24
1650618444792687000,32.25,1,32.25,23,32.3,22,2,2022-04-22 09:07:24
1650618444929703000,32.25,2,32.25,21,32.3,22,2,2022-04-22 09:07:24
1650618444969950000,32.3,1,32.25,21,32.3,21,1,2022-04-22 09:07:24
1650618445055615000,32.25,10,32.25,11,32.3,21,2,2022-04-22 09:07:25
1650618445097104000,32.25,1,32.25,10,32.3,21,2,2022-04-22 09:07:25
1650618445738327000,32.25,3,32.25,22,32.3,31,2,2022-04-22 09:07:25
1650618446075149000,32.25,3,32.25,19,32.3,31,2,2022-04-22 09:07:26
1650618448146267000,32.25,1,32.25,20,32.3,31,2,2022-04-22 09:07:28
1650618449016725000,32.3,1,32.25,20,32.3,30,1,2022-04-22 09:07:29
1650618450710759000,32.3,1,32.25,22,32.3,29,1,2022-04-22 09:07:30
1650618451827533000,32.25,1,32.25,23,32.3,29,2,2022-04-22 09:07:31
1650618452189097000,32.25,23,32.2,30,32.25,7,2,2022-04-22 09:07:32
1650618452224262000,32.2,5,32.2,25,32.25,7,2,2022-04-22 09:07:32
1650618452476942000,32.25,1,32.2,25,32.25,6,1,2022-04-22 09:07:32
1650618453197489000,32.25,5,32.2,25,32.25,1,1,2022-04-22 09:07:33
1650618453488559000,32.2,5,32.2,20,32.25,1,2,2022-04-22 09:07:33
1650618453523676000,32.2,5,32.2,15,32.25,1,2,2022-04-22 09:07:33
1650618453878889000,32.2,4,32.2,11,32.25,1,2,2022-04-22 09:07:33
1650618453922230000,32.2,1,32.2,10,32.25,1,2,2022-04-22 09:07:33
1650618453962375000,32.2,1,32.2,9,32.25,1,2,2022-04-22 09:07:33
1650618453962523000,32.2,1,32.2,8,32.25,1,2,2022-04-22 09:07:33
1650618454008406000,32.2,1,32.2,7,32.25,1,2,2022-04-22 09:07:34
1650618454272327000,32.2,1,32.2,6,32.25,2,2,2022-04-22 09:07:34
1650618454366590000,32.2,1,32.2,5,32.25,2,2,2022-04-22 09:07:34
1650618454581009000,32.2,1,32.2,4,32.25,2,2,2022-04-22 09:07:34
1650618454666514000,32.2,1,32.2,3,32.25,5,2,2022-04-22 09:07:34
1650618454696159000,32.2,3,32.15,28,32.25,5,2,2022-04-22 09:07:34
1650618457123827000,32.2,1,32.15,28,32.2,7,1,2022-04-22 09:07:37
1650618457141569000,32.15,19,32.15,9,32.2,7,2,2022-04-22 09:07:37
1650618457157880000,32.2,2,32.15,9,32.2,5,1,2022-04-22 09:07:37
1650618457168595000,32.15,1,32.15,8,32.2,6,2,2022-04-22 09:07:37
1650618457196142000,32.15,1,32.15,7,32.2,6,2,2022-04-22 09:07:37
1650618457216347000,32.15,7,32.1,42,32.15,3,2,2022-04-22 09:07:37
1650618457305271000,32.1,1,32.1,41,32.15,3,2,2022-04-22 09:07:37
1650618457362844000,32.15,1,32.1,41,32.15,2,1,2022-04-22 09:07:37
1650618459271109000,32.15,2,32.2,1,32.25,24,1,2022-04-22 09:07:39
1650618459271109000,32.2,7,32.2,1,32.25,24,1,2022-04-22 09:07:39
1650618459317898000,32.2,1,32.1,41,32.25,24,2,2022-04-22 09:07:39
1650618460292747000,32.25,20,32.1,42,32.25,4,1,2022-04-22 09:07:40
1650618460761584000,32.15,5,32.15,45,32.25,4,2,2022-04-22 09:07:40
1650618461227221000,32.2,1,32.15,45,32.25,4,1,2022-04-22 09:07:41
1650618461840616000,32.25,4,32.15,45,32.3,5,1,2022-04-22 09:07:41
1650618461840616000,32.3,16,32.15,45,32.3,5,1,2022-04-22 09:07:41
1650618462334703000,32.15,1,32.15,44,32.3,5,2,2022-04-22 09:07:42
1650618463101944000,32.2,1,32.2,2,32.3,5,2,2022-04-22 09:07:43
1650618463437937000,32.3,1,32.2,2,32.3,4,1,2022-04-22 09:07:43
1650618463680511000,32.3,4,32.2,2,32.35,4,1,2022-04-22 09:07:43
1650618463680511000,32.35,16,32.2,2,32.35,4,1,2022-04-22 09:07:43
1650618464798183000,32.2,1,32.2,1,32.35,4,2,2022-04-22 09:07:44
1650618465129413000,32.35,4,32.2,1,32.45,70,1,2022-04-22 09:07:45
1650618465129413000,32.4,16,32.2,1,32.45,70,1,2022-04-22 09:07:45
1650618465236930000,32.25,1,32.25,3,32.4,3,2,2022-04-22 09:07:45
1650618465267912000,32.25,3,32.2,1,32.4,3,2,2022-04-22 09:07:45
1650618466296189000,32.35,1,32.2,3,32.45,64,1,2022-04-22 09:07:46
1650618466296189000,32.4,3,32.2,3,32.45,64,1,2022-04-22 09:07:46
1650618466296189000,32.45,16,32.2,3,32.45,64,1,2022-04-22 09:07:46
1650618467475418000,32.4,3,32.25,3,32.45,47,1,2022-04-22 09:07:47
1650618467475418000,32.45,17,32.25,3,32.45,47,1,2022-04-22 09:07:47
1650618467677492000,32.45,1,32.3,2,32.45,46,1,2022-04-22 09:07:47
1650618468709016000,32.45,20,32.35,11,32.45,26,1,2022-04-22 09:07:48
1650618468748778000,32.45,3,32.35,11,32.45,23,1,2022-04-22 09:07:48
1650618470035107000,32.45,20,32.4,1,32.45,3,1,2022-04-22 09:07:50
1650618470325443000,32.45,1,32.4,1,32.45,2,1,2022-04-22 09:07:50
1650618471038335000,32.45,1,32.4,1,32.45,1,1,2022-04-22 09:07:51
1650618471185521000,32.45,1,32.4,1,32.5,340,1,2022-04-22 09:07:51
1650618471185521000,32.5,19,32.4,1,32.5,340,1,2022-04-22 09:07:51
1650618472377330000,32.5,20,32.45,8,32.5,320,1,2022-04-22 09:07:52
1650618473883605000,32.5,20,32.45,34,32.5,331,1,2022-04-22 09:07:53
1650618474084281000,32.5,20,32.45,34,32.5,311,1,2022-04-22 09:07:54
1650618474752813000,32.45,1,32.45,33,32.5,311,2,2022-04-22 09:07:54
1650618474934538000,32.45,1,32.45,32,32.5,311,2,2022-04-22 09:07:54
1650618475299807000,32.5,20,32.45,32,32.5,291,1,2022-04-22 09:07:55
1650618475330502000,32.5,1,32.45,32,32.5,290,1,2022-04-22 09:07:55
1650618475506482000,32.5,1,32.45,33,32.5,289,1,2022-04-22 09:07:55
1650618475556488000,32.5,1,32.45,33,32.5,288,1,2022-04-22 09:07:55
1650618476229202000,32.5,1,32.45,33,32.5,287,1,2022-04-22 09:07:56
1650618476642675000,32.45,1,32.45,32,32.5,287,2,2022-04-22 09:07:56
1650618477372954000,32.5,10,32.45,32,32.5,278,1,2022-04-22 09:07:57
1650618477468171000,32.45,1,32.45,31,32.5,278,2,2022-04-22 09:07:57
1650618477508991000,32.45,1,32.45,30,32.5,278,2,2022-04-22 09:07:57
1650618477717879000,32.5,1,32.45,30,32.5,277,1,2022-04-22 09:07:57
1650618477913995000,32.5,10,32.45,30,32.5,267,1,2022-04-22 09:07:57
1650618478242918000,32.45,1,32.45,28,32.5,269,2,2022-04-22 09:07:58
1650618478387855000,32.5,1,32.45,28,32.5,268,1,2022-04-22 09:07:58
1650618478792959000,32.5,1,32.45,28,32.5,267,1,2022-04-22 09:07:58
1650618479096046000,32.5,2,32.45,28,32.5,265,1,2022-04-22 09:07:59
1650618479569706000,32.5,2,32.45,28,32.5,263,1,2022-04-22 09:07:59
1650618480473094000,32.45,3,32.45,27,32.5,254,2,2022-04-22 09:08:00
1650618480809472000,32.5,1,32.45,28,32.5,253,1,2022-04-22 09:08:00
1650618481045408000,32.45,1,32.45,27,32.5,251,2,2022-04-22 09:08:01
1650618481462887000,32.5,1,32.45,28,32.5,250,1,2022-04-22 09:08:01
1650618482661563000,32.5,1,32.45,30,32.5,250,1,2022-04-22 09:08:02
1650618482882779000,32.5,20,32.45,30,32.5,230,1,2022-04-22 09:08:02
1650618483182668000,32.5,10,32.45,30,32.5,220,1,2022-04-22 09:08:03
1650618483967647000,32.5,20,32.45,30,32.5,200,1,2022-04-22 09:08:03
1650618484435914000,32.5,5,32.45,30,32.5,195,1,2022-04-22 09:08:04
1650618485103437000,32.5,20,32.45,30,32.5,176,1,2022-04-22 09:08:05
1650618485320867000,32.5,5,32.45,30,32.5,171,1,2022-04-22 09:08:05
1650618485535728000,32.5,1,32.45,30,32.5,170,1,2022-04-22 09:08:05
1650618486205729000,32.5,1,32.45,30,32.5,169,1,2022-04-22 09:08:06
1650618486816238000,32.5,3,32.45,30,32.5,166,1,2022-04-22 09:08:06
1650618487068508000,32.5,10,32.45,30,32.5,156,1,2022-04-22 09:08:07
1650618487117395000,32.5,1,32.45,30,32.5,155,1,2022-04-22 09:08:07
1650618487324827000,32.5,8,32.45,30,32.5,147,1,2022-04-22 09:08:07
1650618487447010000,32.5,4,32.45,30,32.5,143,1,2022-04-22 09:08:07
1650618487462816000,32.5,1,32.45,30,32.5,142,1,2022-04-22 09:08:07
1650618487471813000,32.5,1,32.45,30,32.5,141,1,2022-04-22 09:08:07
1650618488065993000,32.5,3,32.45,31,32.5,138,1,2022-04-22 09:08:08
1650618488121070000,32.5,5,32.45,31,32.5,133,1,2022-04-22 09:08:08
1650618488372842000,32.5,1,32.45,32,32.5,132,1,2022-04-22 09:08:08
1650618489053560000,32.5,1,32.45,32,32.5,132,1,2022-04-22 09:08:09
1650618489501314000,32.5,1,32.45,32,32.5,132,1,2022-04-22 09:08:09
1650618489883148000,32.5,4,32.45,32,32.5,128,1,2022-04-22 09:08:09
1650618490330710000,32.5,2,32.45,32,32.5,126,1,2022-04-22 09:08:10
1650618490384563000,32.5,10,32.45,32,32.5,116,1,2022-04-22 09:08:10
1650618490505188000,32.5,3,32.45,32,32.5,113,1,2022-04-22 09:08:10
1650618490524727000,32.5,1,32.45,32,32.5,112,1,2022-04-22 09:08:10
1650618490665051000,32.5,10,32.45,32,32.5,102,1,2022-04-22 09:08:10
1650618491734198000,32.5,1,32.45,33,32.5,101,1,2022-04-22 09:08:11
1650618492330793000,32.45,1,32.45,32,32.5,102,2,2022-04-22 09:08:12
1650618492420734000,32.5,3,32.45,32,32.5,101,1,2022-04-22 09:08:12
1650618492822950000,32.5,3,32.45,32,32.5,98,1,2022-04-22 09:08:12
1650618492831373000,32.5,3,32.45,32,32.5,95,1,2022-04-22 09:08:12
1650618492853336000,32.5,5,32.45,32,32.5,90,1,2022-04-22 09:08:12
1650618493866501000,32.5,1,32.45,32,32.5,89,1,2022-04-22 09:08:13
1650618493967425000,32.5,2,32.45,32,32.5,87,1,2022-04-22 09:08:13
1650618494093613000,32.5,1,32.45,32,32.5,86,1,2022-04-22 09:08:14
1650618494155276000,32.5,1,32.45,32,32.5,85,1,2022-04-22 09:08:14
1650618494221466000,32.5,1,32.45,35,32.5,84,1,2022-04-22 09:08:14
1650618494419914000,32.5,2,32.45,35,32.5,82,1,2022-04-22 09:08:14
1650618494551717000,32.45,1,32.45,34,32.5,82,2,2022-04-22 09:08:14
1650618494601042000,32.5,1,32.45,34,32.5,81,1,2022-04-22 09:08:14
1650618494697622000,32.45,1,32.45,33,32.5,81,2,2022-04-22 09:08:14
1650618494795532000,32.5,1,32.45,33,32.5,80,1,2022-04-22 09:08:14
1650618495663811000,32.5,1,32.45,33,32.5,79,1,2022-04-22 09:08:15
1650618496502421000,32.5,3,32.45,33,32.5,76,1,2022-04-22 09:08:16
1650618496798883000,32.5,2,32.45,33,32.5,75,1,2022-04-22 09:08:16
1650618496955479000,32.5,20,32.45,33,32.5,55,1,2022-04-22 09:08:16
1650618496984767000,32.5,1,32.45,33,32.5,54,1,2022-04-22 09:08:16
1650618497097806000,32.5,4,32.45,33,32.5,50,1,2022-04-22 09:08:17
1650618497875363000,32.5,1,32.45,33,32.5,50,1,2022-04-22 09:08:17
1650618498392343000,32.5,1,32.45,33,32.5,50,1,2022-04-22 09:08:18
1650618498493656000,32.45,1,32.45,32,32.5,50,2,2022-04-22 09:08:18
1650618498707237000,32.5,1,32.45,32,32.5,49,1,2022-04-22 09:08:18
1650618499206062000,32.5,1,32.45,32,32.5,47,1,2022-04-22 09:08:19
1650618499888009000,32.5,4,32.45,32,32.5,43,1,2022-04-22 09:08:19
1650618499894899000,32.5,2,32.45,32,32.5,41,1,2022-04-22 09:08:19
1650618499958565000,32.5,3,32.45,32,32.5,38,1,2022-04-22 09:08:19
1650618499971546000,32.5,25,32.45,32,32.5,13,1,2022-04-22 09:08:19
1650618499997735000,32.5,1,32.45,32,32.5,12,1,2022-04-22 09:08:19
1650618500027202000,32.5,1,32.45,32,32.5,11,1,2022-04-22 09:08:20
1650618501072620000,32.5,1,32.45,38,32.5,10,1,2022-04-22 09:08:21
1650618501203761000,32.5,1,32.45,38,32.5,9,1,2022-04-22 09:08:21
1650618501238052000,32.5,4,32.45,38,32.5,5,1,2022-04-22 09:08:21
1650618501411200000,32.5,1,32.45,38,32.5,4,1,2022-04-22 09:08:21
1650618501432134000,32.5,1,32.45,38,32.5,3,1,2022-04-22 09:08:21
1650618501509938000,32.5,1,32.45,38,32.5,2,1,2022-04-22 09:08:21
1650618501535647000,32.5,1,32.45,38,32.5,1,1,2022-04-22 09:08:21
1650618501609722000,32.5,1,32.45,38,32.55,25,1,2022-04-22 09:08:21
1650618501897963000,32.55,2,32.5,9,32.55,23,1,2022-04-22 09:08:21
1650618501898647000,32.55,1,32.5,9,32.55,22,1,2022-04-22 09:08:21
1650618501899685000,32.55,3,32.5,9,32.55,19,1,2022-04-22 09:08:21
1650618501900684000,32.55,2,32.5,9,32.55,17,1,2022-04-22 09:08:21
1650618501901725000,32.55,1,32.5,9,32.55,16,1,2022-04-22 09:08:21
1650618501902657000,32.55,2,32.5,9,32.55,14,1,2022-04-22 09:08:21
1650618501903786000,32.55,2,32.5,9,32.55,12,1,2022-04-22 09:08:21
1650618501904734000,32.55,2,32.5,9,32.55,10,1,2022-04-22 09:08:21
1650618501906023000,32.55,2,32.5,9,32.55,8,1,2022-04-22 09:08:21
1650618501906944000,32.55,1,32.5,9,32.55,7,1,2022-04-22 09:08:21
1650618501908193000,32.55,2,32.5,9,32.55,5,1,2022-04-22 09:08:21
1650618501909277000,32.55,1,32.5,9,32.55,4,1,2022-04-22 09:08:21
1650618501909822000,32.55,1,32.5,9,32.55,3,1,2022-04-22 09:08:21
1650618501910763000,32.55,2,32.5,9,32.55,1,1,2022-04-22 09:08:21
1650618501912324000,32.55,1,32.5,9,32.6,156,1,2022-04-22 09:08:21
1650618501912785000,32.6,3,32.5,9,32.6,153,1,2022-04-22 09:08:21
1650618501914474000,32.6,2,32.5,9,32.6,151,1,2022-04-22 09:08:21
1650618501915195000,32.6,1,32.5,9,32.6,150,1,2022-04-22 09:08:21
1650618501915935000,32.6,2,32.5,9,32.6,148,1,2022-04-22 09:08:21
1650618501916982000,32.6,1,32.5,9,32.6,147,1,2022-04-22 09:08:21
1650618501918166000,32.6,1,32.5,9,32.6,146,1,2022-04-22 09:08:21
1650618501919191000,32.6,2,32.5,9,32.6,144,1,2022-04-22 09:08:21
1650618501920199000,32.6,1,32.5,9,32.6,143,1,2022-04-22 09:08:21
1650618501921183000,32.6,1,32.5,9,32.6,142,1,2022-04-22 09:08:21
1650618501922268000,32.6,2,32.5,9,32.6,140,1,2022-04-22 09:08:21
1650618501923276000,32.6,3,32.5,9,32.6,137,1,2022-04-22 09:08:21
1650618501924225000,32.6,1,32.5,9,32.6,136,1,2022-04-22 09:08:21
1650618501925248000,32.6,1,32.5,9,32.6,135,1,2022-04-22 09:08:21
1650618501926365000,32.6,1,32.5,9,32.6,134,1,2022-04-22 09:08:21
1650618501927262000,32.6,3,32.5,9,32.6,131,1,2022-04-22 09:08:21
1650618501965617000,32.6,1,32.5,9,32.6,130,1,2022-04-22 09:08:21
1650618503637243000,32.55,1,32.5,45,32.6,133,1,2022-04-22 09:08:23
1650618503637243000,32.6,1,32.5,45,32.6,133,1,2022-04-22 09:08:23
1650618503638445000,32.6,2,32.5,45,32.6,131,1,2022-04-22 09:08:23
1650618503639238000,32.6,2,32.5,45,32.6,129,1,2022-04-22 09:08:23
1650618503640486000,32.6,2,32.5,45,32.6,127,1,2022-04-22 09:08:23
1650618503641681000,32.6,2,32.5,45,32.6,125,1,2022-04-22 09:08:23
1650618503642776000,32.6,2,32.5,45,32.6,123,1,2022-04-22 09:08:23
1650618503643923000,32.6,2,32.5,45,32.6,121,1,2022-04-22 09:08:23
1650618503644079000,32.6,1,32.5,45,32.6,120,1,2022-04-22 09:08:23
1650618503645266000,32.6,1,32.5,45,32.6,119,1,2022-04-22 09:08:23
1650618503646399000,32.6,2,32.5,45,32.6,117,1,2022-04-22 09:08:23
1650618503647600000,32.6,2,32.5,45,32.6,115,1,2022-04-22 09:08:23
1650618503648781000,32.6,1,32.5,45,32.6,114,1,2022-04-22 09:08:23
1650618503649228000,32.6,2,32.5,45,32.6,112,1,2022-04-22 09:08:23
1650618503650198000,32.6,1,32.5,45,32.6,111,1,2022-04-22 09:08:23
1650618503651287000,32.6,1,32.5,45,32.6,110,1,2022-04-22 09:08:23
1650618503652933000,32.6,1,32.5,45,32.6,109,1,2022-04-22 09:08:23
1650618503654133000,32.6,2,32.5,45,32.6,107,1,2022-04-22 09:08:23
1650618503654535000,32.6,3,32.5,45,32.6,104,1,2022-04-22 09:08:23
1650618503655419000,32.6,2,32.5,45,32.6,102,1,2022-04-22 09:08:23
1650618503656542000,32.6,2,32.5,45,32.6,100,1,2022-04-22 09:08:23
1650618503657544000,32.6,1,32.5,45,32.6,99,1,2022-04-22 09:08:23
1650618503658708000,32.6,1,32.5,45,32.6,98,1,2022-04-22 09:08:23
1650618503659440000,32.6,2,32.5,45,32.6,96,1,2022-04-22 09:08:23
1650618503660422000,32.6,2,32.5,45,32.6,94,1,2022-04-22 09:08:23
1650618503661441000,32.6,2,32.5,45,32.6,92,1,2022-04-22 09:08:23
1650618503663279000,32.6,2,32.5,45,32.6,90,1,2022-04-22 09:08:23
1650618503663550000,32.6,1,32.5,45,32.6,89,1,2022-04-22 09:08:23
1650618503664644000,32.6,2,32.5,45,32.6,87,1,2022-04-22 09:08:23
1650618503665783000,32.6,1,32.5,45,32.6,86,1,2022-04-22 09:08:23
1650618503666849000,32.6,1,32.5,45,32.6,85,1,2022-04-22 09:08:23
1650618505034916000,32.5,1,32.5,44,32.6,85,2,2022-04-22 09:08:25
1650618506076115000,32.55,1,32.5,45,32.6,85,1,2022-04-22 09:08:26
1650618506076115000,32.6,1,32.5,45,32.6,85,1,2022-04-22 09:08:26
1650618506077351000,32.6,1,32.5,45,32.6,84,1,2022-04-22 09:08:26
1650618506078409000,32.6,2,32.5,45,32.6,82,1,2022-04-22 09:08:26
1650618506079460000,32.6,2,32.5,45,32.6,80,1,2022-04-22 09:08:26
1650618506080594000,32.6,1,32.5,45,32.6,79,1,2022-04-22 09:08:26
1650618506081474000,32.6,2,32.5,45,32.6,77,1,2022-04-22 09:08:26
1650618506082789000,32.6,2,32.5,45,32.6,75,1,2022-04-22 09:08:26
1650618506083458000,32.6,1,32.5,45,32.6,74,1,2022-04-22 09:08:26
1650618506084438000,32.6,2,32.5,45,32.6,72,1,2022-04-22 09:08:26
1650618506085617000,32.6,2,32.5,45,32.6,70,1,2022-04-22 09:08:26
1650618506086885000,32.6,2,32.5,45,32.6,68,1,2022-04-22 09:08:26
1650618506087587000,32.6,1,32.5,45,32.6,67,1,2022-04-22 09:08:26
1650618506088619000,32.6,1,32.5,45,32.6,66,1,2022-04-22 09:08:26
1650618506089804000,32.6,1,32.5,45,32.6,65,1,2022-04-22 09:08:26
1650618506090730000,32.6,2,32.5,45,32.6,63,1,2022-04-22 09:08:26
1650618506091649000,32.6,1,32.5,45,32.6,62,1,2022-04-22 09:08:26
1650618506092851000,32.6,2,32.5,45,32.6,60,1,2022-04-22 09:08:26
1650618506094041000,32.6,2,32.5,45,32.6,58,1,2022-04-22 09:08:26
1650618506094897000,32.6,2,32.5,45,32.6,56,1,2022-04-22 09:08:26
1650618506095876000,32.6,2,32.5,45,32.6,54,1,2022-04-22 09:08:26
1650618506096970000,32.6,1,32.5,45,32.6,53,1,2022-04-22 09:08:26
1650618506098318000,32.6,1,32.5,45,32.6,52,1,2022-04-22 09:08:26
1650618506098746000,32.6,2,32.5,45,32.6,50,1,2022-04-22 09:08:26
1650618506100023000,32.6,2,32.5,45,32.6,48,1,2022-04-22 09:08:26
1650618506101112000,32.6,2,32.5,45,32.6,46,1,2022-04-22 09:08:26
1650618506102041000,32.6,1,32.5,45,32.6,45,1,2022-04-22 09:08:26
1650618506102972000,32.6,2,32.5,45,32.6,43,1,2022-04-22 09:08:26
1650618506104390000,32.6,2,32.5,45,32.6,41,1,2022-04-22 09:08:26
1650618506105700000,32.6,2,32.5,45,32.6,39,1,2022-04-22 09:08:26
1650618506106493000,32.6,2,32.5,45,32.6,37,1,2022-04-22 09:08:26
1650618506847358000,32.6,1,32.5,45,32.6,36,1,2022-04-22 09:08:26
1650618506902744000,32.5,1,32.5,44,32.6,36,2,2022-04-22 09:08:26
1650618507286298000,32.5,2,32.5,47,32.6,36,2,2022-04-22 09:08:27
