ts,close,volume,bid_price,bid_volume,ask_price,ask_volume,tick_type,datetime
1641200524304083000,172.0,338,171.5,29,172.0,2,2,2022-01-03 09:02:04
1641200524343826000,172.0,2,171.5,29,172.0,2,1,2022-01-03 09:02:04
1641200524344762000,171.5,29,171.0,16,172.0,2,2,2022-01-03 09:02:04
1641200524399911000,171.5,1,171.0,16,171.5,1,1,2022-01-03 09:02:04
1641200524422507000,171.5,1,171.0,16,172.0,11,1,2022-01-03 09:02:04
1641200524455886000,171.5,1,171.0,16,172.0,11,1,2022-01-03 09:02:04
1641200524830943000,171.0,1,171.0,15,171.5,1,2,2022-01-03 09:02:04
1641200524846460000,171.0,1,171.0,14,171.5,1,2,2022-01-03 09:02:04
1641200524882400000,171.0,2,171.0,12,171.5,1,2,2022-01-03 09:02:04
1641200525173829000,171.5,1,171.0,12,172.0,12,1,2022-01-03 09:02:05
1641200525531340000,172.0,1,171.0,12,172.0,12,1,2022-01-03 09:02:05
1641200525859082000,172.0,1,171.0,12,172.0,11,1,2022-01-03 09:02:05
1641200526318982000,171.0,2,171.0,10,172.0,19,2,2022-01-03 09:02:06
1641200526545014000,172.0,1,171.0,10,172.0,18,1,2022-01-03 09:02:06
1641200527621902000,172.0,1,171.0,10,172.0,17,1,2022-01-03 09:02:07
1641200528693847000,171.0,1,171.0,9,172.0,17,2,2022-01-03 09:02:08
1641200530563170000,171.0,10,170.5,15,171.5,1,2,2022-01-03 09:02:10
1641200530869565000,170.5,2,170.5,13,171.0,5,2,2022-01-03 09:02:10
1641200530898796000,170.5,13,170.0,53,171.0,5,2,2022-01-03 09:02:10
1641200531447879000,170.5,1,170.0,53,170.5,6,1,2022-01-03 09:02:11
1641200531774795000,170.5,6,170.0,53,171.0,6,1,2022-01-03 09:02:11
1641200531800882000,171.0,1,170.0,53,171.0,5,1,2022-01-03 09:02:11
1641200531910565000,170.0,2,170.0,51,170.5,1,2,2022-01-03 09:02:11
1641200531934654000,170.0,1,170.0,50,170.5,1,2,2022-01-03 09:02:11
1641200532476135000,170.0,4,170.0,46,170.5,2,2,2022-01-03 09:02:12
1641200532923978000,170.5,1,170.0,46,170.5,1,1,2022-01-03 09:02:12
1641200534158251000,170.0,1,170.0,45,170.5,15,2,2022-01-03 09:02:14
1641200535094927000,170.5,1,170.0,43,170.5,14,1,2022-01-03 09:02:15
1641200535731303000,170.0,1,170.0,42,170.5,14,2,2022-01-03 09:02:15
1641200536448101000,170.0,1,170.0,40,170.5,14,2,2022-01-03 09:02:16
1641200536481066000,170.0,1,170.0,39,170.5,14,2,2022-01-03 09:02:16
1641200536501711000,170.5,1,170.0,39,170.5,13,1,2022-01-03 09:02:16
1641200536758018000,170.5,1,170.0,39,170.5,12,1,2022-01-03 09:02:16
1641200537458450000,170.0,1,170.0,38,170.5,12,2,2022-01-03 09:02:17
1641200538183517000,170.5,1,170.0,38,170.5,11,1,2022-01-03 09:02:18
1641200538601022000,170.5,11,170.5,9,171.0,5,1,2022-01-03 09:02:18
1641200539068351000,171.0,1,170.5,10,171.0,7,1,2022-01-03 09:02:19
1641200539653409000,171.0,2,170.5,11,171.0,5,1,2022-01-03 09:02:19
1641200539806032000,171.0,1,170.5,12,171.0,4,1,2022-01-03 09:02:19
1641200539831641000,171.0,4,170.5,12,171.5,4,1,2022-01-03 09:02:19
1641200541179706000,171.0,1,170.5,16,171.5,4,2,2022-01-03 09:02:21
1641200541248351000,170.5,1,170.5,15,171.5,4,2,2022-01-03 09:02:21
1641200542531628000,171.5,1,171.0,1,171.5,3,1,2022-01-03 09:02:22
1641200542568147000,171.5,3,171.0,1,172.0,9,1,2022-01-03 09:02:22
1641200543664077000,171.0,1,170.5,19,172.0,9,2,2022-01-03 09:02:23
1641200548495151000,171.5,1,171.5,4,172.0,9,2,2022-01-03 09:02:28
1641200550573334000,171.5,4,171.0,19,171.5,1,2,2022-01-03 09:02:30
1641200550607160000,171.5,1,171.0,19,172.0,9,1,2022-01-03 09:02:30
1641200550651570000,171.5,1,171.0,20,172.0,9,1,2022-01-03 09:02:30
1641200551083288000,171.5,1,171.5,9,172.0,9,2,2022-01-03 09:02:31
1641200551119483000,171.5,1,171.5,8,172.0,9,2,2022-01-03 09:02:31
1641200553191022000,172.0,7,171.5,14,172.0,3,1,2022-01-03 09:02:33
1641200553211020000,172.0,3,171.5,14,172.5,2,1,2022-01-03 09:02:33
1641200554034855000,172.0,1,171.5,25,172.5,2,1,2022-01-03 09:02:34
1641200554368482000,172.5,2,172.5,2,173.0,4,1,2022-01-03 09:02:34
1641200554397865000,172.5,2,171.5,27,173.0,4,2,2022-01-03 09:02:34
1641200555251400000,173.0,2,171.5,27,173.0,3,1,2022-01-03 09:02:35
1641200556122389000,172.5,1,172.0,8,173.0,2,1,2022-01-03 09:02:36
1641200557185623000,172.0,1,172.0,8,173.0,2,2,2022-01-03 09:02:37
1641200560321827000,172.5,1,172.0,9,173.0,6,2,2022-01-03 09:02:40
1641200563032370000,173.0,2,172.5,3,173.0,4,1,2022-01-03 09:02:43
1641200564386908000,173.0,1,172.5,4,173.0,3,1,2022-01-03 09:02:44
1641200565272116000,172.5,1,172.5,4,173.0,3,2,2022-01-03 09:02:45
1641200565450273000,173.0,1,172.5,4,173.0,2,1,2022-01-03 09:02:45
1641200566014511000,173.0,1,172.5,7,173.0,1,1,2022-01-03 09:02:46
1641200566087565000,173.0,1,172.5,7,173.5,7,1,2022-01-03 09:02:46
1641200566093256000,172.5,1,172.5,6,173.5,7,2,2022-01-03 09:02:46
1641200566511623000,172.5,1,172.5,2,173.0,1,2,2022-01-03 09:02:46
1641200566546458000,172.5,2,172.0,35,172.5,20,2,2022-01-03 09:02:46
1641200566591345000,172.5,1,172.0,35,172.5,19,1,2022-01-03 09:02:46
1641200566724085000,172.5,1,172.0,35,172.5,18,1,2022-01-03 09:02:46
1641200566763369000,172.5,1,172.0,35,172.5,17,1,2022-01-03 09:02:46
1641200566785626000,172.0,1,172.0,34,172.5,17,2,2022-01-03 09:02:46
1641200567289472000,172.5,1,172.0,35,172.5,16,1,2022-01-03 09:02:47
1641200567329546000,172.5,2,172.0,35,172.5,14,1,2022-01-03 09:02:47
1641200567446696000,172.5,1,172.0,35,172.5,13,1,2022-01-03 09:02:47
1641200567516286000,172.5,1,172.0,35,172.5,12,1,2022-01-03 09:02:47
1641200567547685000,172.5,1,172.0,35,172.5,11,1,2022-01-03 09:02:47
1641200567898238000,172.5,1,172.0,34,172.5,10,1,2022-01-03 09:02:47
1641200568082007000,172.5,10,172.0,34,173.0,23,1,2022-01-03 09:02:48
1641200568349824000,172.5,2,172.5,3,173.0,24,2,2022-01-03 09:02:48
1641200568597203000,172.5,1,172.5,15,173.0,24,2,2022-01-03 09:02:48
1641200568781068000,172.5,1,172.5,14,173.0,25,2,2022-01-03 09:02:48
1641200569750906000,172.5,1,172.5,15,173.0,27,2,2022-01-03 09:02:49
1641200570964733000,172.5,1,172.5,16,173.0,28,2,2022-01-03 09:02:50
1641200570994170000,172.5,16,172.0,34,173.0,28,2,2022-01-03 09:02:50
1641200571013581000,173.0,1,172.0,34,173.0,27,1,2022-01-03 09:02:51
1641200571065561000,172.5,1,172.0,34,173.0,27,2,2022-01-03 09:02:51
1641200571436601000,172.5,1,172.0,34,173.0,34,2,2022-01-03 09:02:51
1641200571726704000,172.5,1,172.0,34,173.0,34,2,2022-01-03 09:02:51
1641200571980402000,172.0,1,172.0,34,172.5,3,2,2022-01-03 09:02:51
1641200572583935000,172.5,1,172.0,35,172.5,3,1,2022-01-03 09:02:52
1641200572968065000,172.5,1,172.0,35,172.5,3,1,2022-01-03 09:02:52
1641200573188282000,172.5,1,172.0,35,172.5,2,1,2022-01-03 09:02:53
1641200573952957000,172.5,1,172.0,36,172.5,4,1,2022-01-03 09:02:53
1641200574180075000,172.5,1,172.0,36,172.5,3,1,2022-01-03 09:02:54
1641200574546742000,172.5,1,172.0,37,172.5,2,1,2022-01-03 09:02:54
1641200574660755000,172.5,1,172.0,37,172.5,1,1,2022-01-03 09:02:54
1641200575626672000,172.5,1,172.0,39,172.5,2,1,2022-01-03 09:02:55
1641200575980927000,172.5,1,172.0,40,172.5,1,1,2022-01-03 09:02:55
1641200576103715000,172.0,1,172.0,39,172.5,1,2,2022-01-03 09:02:56
1641200576839886000,172.5,2,172.0,36,173.0,34,1,2022-01-03 09:02:56
1641200576867690000,172.0,1,172.0,35,173.0,34,2,2022-01-03 09:02:56
1641200576907939000,172.5,1,172.0,35,173.0,34,2,2022-01-03 09:02:56
1641200578552648000,173.0,1,172.5,4,173.0,32,1,2022-01-03 09:02:58
1641200579628641000,172.5,1,172.5,4,173.0,33,2,2022-01-03 09:02:59
1641200579657714000,172.5,4,172.0,37,173.0,33,2,2022-01-03 09:02:59
1641200580695621000,172.5,1,172.0,37,172.5,5,1,2022-01-03 09:03:00
1641200580914008000,172.5,1,172.0,37,172.5,4,1,2022-01-03 09:03:00
1641200581084794000,172.0,2,172.0,35,172.5,4,2,2022-01-03 09:03:01
1641200581356672000,172.5,1,172.0,35,172.5,3,1,2022-01-03 09:03:01
1641200582948211000,172.5,1,172.0,38,172.5,2,1,2022-01-03 09:03:02
1641200583088437000,172.5,2,172.5,1,173.0,34,1,2022-01-03 09:03:03
1641200583125345000,172.5,1,172.0,38,173.0,34,2,2022-01-03 09:03:03
1641200583171534000,172.0,3,172.0,35,173.0,34,2,2022-01-03 09:03:03
1641200584040549000,172.5,1,172.0,34,173.0,33,1,2022-01-03 09:03:04
1641200584040549000,173.0,1,172.0,34,173.0,33,1,2022-01-03 09:03:04
1641200584238588000,173.0,2,172.0,35,173.0,33,1,2022-01-03 09:03:04
1641200584332889000,173.0,1,172.0,35,173.0,32,1,2022-01-03 09:03:04
1641200584756052000,172.0,4,172.0,31,173.0,32,2,2022-01-03 09:03:04
1641200585555972000,172.5,1,172.0,34,173.0,32,2,2022-01-03 09:03:05
1641200585813409000,172.5,1,172.0,34,173.0,32,1,2022-01-03 09:03:05
1641200586880104000,172.5,1,172.0,38,172.5,2,2,2022-01-03 09:03:06
1641200587077146000,172.5,1,172.0,39,172.5,1,1,2022-01-03 09:03:07
1641200587731314000,172.5,1,172.0,39,173.0,30,1,2022-01-03 09:03:07
1641200588330162000,172.5,1,172.5,1,173.0,30,2,2022-01-03 09:03:08
1641200589861876000,172.5,1,172.5,4,173.0,30,2,2022-01-03 09:03:09
1641200590728208000,172.5,4,172.0,53,173.0,30,2,2022-01-03 09:03:10
1641200590961120000,172.5,1,172.0,54,173.0,30,2,2022-01-03 09:03:10
1641200591398791000,173.0,30,172.5,1,173.5,28,1,2022-01-03 09:03:11
1641200593161381000,172.5,1,172.5,2,173.5,30,2,2022-01-03 09:03:13
1641200593227364000,173.0,1,172.5,2,173.5,28,2,2022-01-03 09:03:13
1641200594371602000,172.5,3,172.0,59,172.5,47,2,2022-01-03 09:03:14
1641200595046641000,172.5,1,172.0,60,172.5,46,1,2022-01-03 09:03:15
1641200595113335000,172.0,1,172.0,59,172.5,46,2,2022-01-03 09:03:15
1641200595150053000,172.0,1,172.0,58,172.5,46,2,2022-01-03 09:03:15
1641200595899937000,172.5,1,172.0,59,172.5,45,1,2022-01-03 09:03:15
1641200595949326000,172.5,2,172.0,59,172.5,43,1,2022-01-03 09:03:15
1641200596299021000,172.5,14,172.0,59,172.5,29,1,2022-01-03 09:03:16
1641200596686153000,172.5,1,172.0,59,172.5,29,1,2022-01-03 09:03:16
1641200597481792000,172.5,1,172.0,59,172.5,28,1,2022-01-03 09:03:17
1641200597737648000,172.0,1,172.0,58,172.5,28,2,2022-01-03 09:03:17
1641200597762304000,172.0,4,172.0,54,172.5,28,2,2022-01-03 09:03:17
1641200597778720000,172.0,10,172.0,46,172.5,28,2,2022-01-03 09:03:17
1641200597785656000,172.0,1,172.0,45,172.5,28,2,2022-01-03 09:03:17
1641200597786579000,172.0,1,172.0,44,172.5,28,2,2022-01-03 09:03:17
1641200597790517000,172.0,1,172.0,43,172.5,28,2,2022-01-03 09:03:17
1641200597791710000,172.0,2,172.0,41,172.5,28,2,2022-01-03 09:03:17
1641200597795775000,172.5,1,172.0,41,172.5,27,1,2022-01-03 09:03:17
1641200597800358000,172.0,1,172.0,40,172.5,27,2,2022-01-03 09:03:17
1641200597808241000,172.0,1,172.0,39,172.5,27,2,2022-01-03 09:03:17
1641200597812699000,172.0,7,172.0,32,172.5,27,2,2022-01-03 09:03:17
1641200597816480000,172.0,1,172.0,31,172.5,27,2,2022-01-03 09:03:17
1641200597909640000,172.5,3,172.0,31,172.5,26,1,2022-01-03 09:03:17
1641200597938654000,172.0,1,172.0,30,172.5,26,2,2022-01-03 09:03:17
1641200597944723000,172.0,6,172.0,24,172.5,26,2,2022-01-03 09:03:17
1641200598830068000,172.5,2,172.0,24,172.5,25,1,2022-01-03 09:03:18
1641200599624099000,172.5,1,172.0,24,172.5,25,1,2022-01-03 09:03:19
1641200600062166000,172.5,1,172.0,25,172.5,24,1,2022-01-03 09:03:20
1641200600171780000,172.5,1,172.0,25,172.5,23,1,2022-01-03 09:03:20
1641200600242786000,172.0,1,172.0,24,172.5,23,2,2022-01-03 09:03:20
1641200600977080000,172.0,3,172.0,21,172.5,24,2,2022-01-03 09:03:20
1641200601012592000,172.0,2,172.0,19,172.5,24,2,2022-01-03 09:03:21
1641200602384249000,172.5,1,172.0,23,172.5,24,1,2022-01-03 09:03:22
1641200602599349000,172.5,2,172.0,23,172.5,22,1,2022-01-03 09:03:22
1641200604352208000,172.5,1,172.0,24,172.5,24,1,2022-01-03 09:03:24
1641200605312597000,172.5,2,172.0,24,172.5,22,1,2022-01-03 09:03:25
1641200605375493000,172.0,1,172.0,23,172.5,23,2,2022-01-03 09:03:25
1641200605709488000,172.5,1,172.0,24,172.5,22,1,2022-01-03 09:03:25
1641200607032016000,172.5,3,172.0,24,172.5,23,1,2022-01-03 09:03:27
1641200607116098000,172.5,2,172.0,24,172.5,21,1,2022-01-03 09:03:27
1641200607700536000,172.0,1,172.0,23,172.5,21,2,2022-01-03 09:03:27
1641200609174917000,172.0,1,172.0,23,172.5,21,2,2022-01-03 09:03:29
1641200610908606000,172.0,7,172.0,18,172.5,21,2,2022-01-03 09:03:30
1641200611072782000,172.5,1,172.0,18,172.5,20,1,2022-01-03 09:03:31
1641200611625716000,172.5,1,172.0,19,172.5,19,1,2022-01-03 09:03:31
1641200611996821000,172.0,1,172.0,18,172.5,19,2,2022-01-03 09:03:31
1641200612221453000,172.5,1,172.0,18,172.5,18,1,2022-01-03 09:03:32
1641200612846933000,172.5,5,172.0,18,172.5,13,1,2022-01-03 09:03:32
1641200613498177000,172.5,3,172.0,22,172.5,10,1,2022-01-03 09:03:33
1641200613855747000,172.5,2,172.0,22,172.5,8,1,2022-01-03 09:03:33
1641200614305275000,172.5,1,172.0,22,172.5,7,1,2022-01-03 09:03:34
1641200617020875000,172.5,1,172.0,34,172.5,6,1,2022-01-03 09:03:37
1641200617294835000,172.5,2,172.0,35,172.5,5,1,2022-01-03 09:03:37
1641200618208768000,172.5,1,172.0,35,172.5,24,1,2022-01-03 09:03:38
1641200619646461000,172.5,1,172.0,37,172.5,23,1,2022-01-03 09:03:39
1641200620394736000,172.5,1,172.0,39,172.5,22,1,2022-01-03 09:03:40
1641200622327691000,172.5,1,172.0,40,172.5,21,1,2022-01-03 09:03:42
1641200622834843000,172.5,10,172.0,40,172.5,11,1,2022-01-03 09:03:42
1641200623371296000,172.5,1,172.0,40,172.5,10,1,2022-01-03 09:03:43
1641200624367019000,172.5,2,172.0,43,172.5,8,1,2022-01-03 09:03:44
1641200625674301000,172.5,1,172.0,50,172.5,7,1,2022-01-03 09:03:45
1641200626934580000,172.5,1,172.0,50,172.5,6,1,2022-01-03 09:03:46
1641200626980938000,172.5,2,172.0,50,172.5,4,1,2022-01-03 09:03:46
1641200627812371000,172.5,1,172.0,51,172.5,3,1,2022-01-03 09:03:47
1641200627894347000,172.5,1,172.0,51,172.5,2,1,2022-01-03 09:03:47
1641200627933363000,172.5,1,172.0,51,172.5,1,1,2022-01-03 09:03:47
1641200629083287000,172.5,1,172.0,51,172.5,1,1,2022-01-03 09:03:49
1641200629285344000,172.5,1,172.0,51,173.0,10,1,2022-01-03 09:03:49
1641200629794033000,173.0,2,172.0,51,173.0,8,1,2022-01-03 09:03:49
1641200629881152000,172.5,1,172.0,51,173.0,8,2,2022-01-03 09:03:49
1641200629957349000,172.5,1,172.0,51,173.0,9,2,2022-01-03 09:03:49
1641200630595747000,172.5,2,172.0,51,172.5,8,1,2022-01-03 09:03:50
1641200630958401000,172.0,1,172.0,50,172.5,8,2,2022-01-03 09:03:50
1641200630993095000,172.0,50,171.5,23,172.5,8,2,2022-01-03 09:03:50
1641200631071257000,171.5,18,171.5,7,172.0,5,2,2022-01-03 09:03:51
1641200631134323000,171.5,7,171.0,29,172.0,7,2,2022-01-03 09:03:51
1641200631498055000,171.0,1,171.0,28,171.5,2,2,2022-01-03 09:03:51
1641200631671720000,171.0,4,171.0,24,171.5,2,2,2022-01-03 09:03:51
1641200631688399000,171.0,1,171.0,23,171.5,2,2,2022-01-03 09:03:51
1641200631695096000,171.0,3,171.0,20,171.5,2,2,2022-01-03 09:03:51
1641200631994580000,171.0,3,171.0,17,171.5,3,2,2022-01-03 09:03:51
1641200632417717000,171.0,4,171.0,14,171.5,6,2,2022-01-03 09:03:52
1641200632655178000,171.0,1,171.0,13,171.5,6,2,2022-01-03 09:03:52
1641200632938208000,171.5,1,171.0,13,171.5,5,1,2022-01-03 09:03:52
1641200633564681000,171.5,1,171.0,13,171.5,3,1,2022-01-03 09:03:53
1641200638448622000,171.5,1,171.0,13,171.5,19,1,2022-01-03 09:03:58
1641200639986671000,171.5,1,171.0,13,171.5,19,1,2022-01-03 09:03:59
1641200642271653000,171.5,1,171.0,13,171.5,18,1,2022-01-03 09:04:02
1641200642984002000,171.0,1,171.0,12,171.5,23,2,2022-01-03 09:04:02
1641200643619696000,171.5,1,171.0,12,171.5,22,1,2022-01-03 09:04:03
1641200645078262000,171.0,1,171.0,11,171.5,22,2,2022-01-03 09:04:05
1641200646043008000,171.5,1,171.0,11,171.5,21,1,2022-01-03 09:04:06
1641200647738989000,171.0,1,171.0,11,171.5,22,2,2022-01-03 09:04:07
1641200647829881000,171.0,5,171.0,6,171.5,22,2,2022-01-03 09:04:07
1641200650314237000,171.0,1,171.0,8,171.5,26,2,2022-01-03 09:04:10
1641200650359180000,171.0,1,171.0,7,171.5,26,2,2022-01-03 09:04:10
1641200653097663000,171.0,3,171.0,6,171.5,27,2,2022-01-03 09:04:13
1641200653334119000,171.5,1,171.0,6,171.5,26,1,2022-01-03 09:04:13
1641200653367629000,171.0,1,171.0,5,171.5,26,2,2022-01-03 09:04:13
1641200653407891000,171.0,1,171.0,4,171.5,26,2,2022-01-03 09:04:13
1641200653472203000,171.0,1,171.0,3,171.5,26,2,2022-01-03 09:04:13
1641200653942570000,171.0,1,171.0,5,171.5,26,2,2022-01-03 09:04:13
1641200653956298000,171.0,1,171.0,4,171.5,26,2,2022-01-03 09:04:13
1641200654683945000,171.0,4,170.5,30,171.0,1,2,2022-01-03 09:04:14
1641200654718426000,170.5,1,170.5,29,171.0,1,2,2022-01-03 09:04:14
1641200654764956000,170.5,1,170.5,28,171.0,1,2,2022-01-03 09:04:14
1641200654770616000,170.5,1,170.5,27,171.0,1,2,2022-01-03 09:04:14
1641200654807526000,170.5,1,170.5,26,171.0,1,2,2022-01-03 09:04:14
1641200654809578000,170.5,1,170.5,25,171.0,1,2,2022-01-03 09:04:14
1641200654809913000,170.5,1,170.5,24,171.0,1,2,2022-01-03 09:04:14
1641200654848152000,170.5,1,170.5,23,171.0,1,2,2022-01-03 09:04:14
1641200659556821000,171.0,1,170.5,25,171.5,22,1,2022-01-03 09:04:19
1641200660661349000,171.0,1,170.5,25,171.0,6,1,2022-01-03 09:04:20
1641200661175097000,170.5,1,170.5,24,171.0,6,2,2022-01-03 09:04:21
1641200661206403000,170.5,1,170.5,23,171.0,6,2,2022-01-03 09:04:21
1641200665358146000,171.0,2,170.5,27,171.0,5,1,2022-01-03 09:04:25
1641200666843606000,170.5,1,170.5,26,171.0,9,2,2022-01-03 09:04:26
1641200667778072000,171.0,3,170.5,26,171.0,6,1,2022-01-03 09:04:27
1641200668743771000,171.0,1,170.5,26,171.0,5,1,2022-01-03 09:04:28
1641200668819104000,171.0,1,170.5,26,171.0,4,1,2022-01-03 09:04:28
1641200669825178000,170.5,1,170.5,25,171.0,4,2,2022-01-03 09:04:29
1641200672498579000,171.0,7,170.5,38,171.5,24,1,2022-01-03 09:04:32
1641200672498579000,171.5,3,170.5,38,171.5,24,1,2022-01-03 09:04:32
1641200673746780000,171.0,1,170.5,39,171.0,4,1,2022-01-03 09:04:33
1641200675374665000,171.0,1,170.5,40,171.0,6,1,2022-01-03 09:04:35
1641200676461107000,170.5,1,170.5,41,171.0,6,2,2022-01-03 09:04:36
1641200676897307000,170.5,1,170.5,41,171.0,6,2,2022-01-03 09:04:36
1641200676958127000,171.0,1,170.5,41,171.0,5,1,2022-01-03 09:04:36
1641200677421020000,171.0,1,170.5,41,171.0,4,1,2022-01-03 09:04:37
1641200678355047000,171.0,4,170.5,42,171.0,2,1,2022-01-03 09:04:38
1641200678517289000,170.5,1,170.5,41,171.0,2,2,2022-01-03 09:04:38
1641200678651837000,171.0,2,171.0,3,171.5,29,1,2022-01-03 09:04:38
1641200678770061000,171.0,2,171.0,3,171.5,29,2,2022-01-03 09:04:38
1641200678821486000,171.0,1,171.0,2,171.5,29,2,2022-01-03 09:04:38
1641200681293326000,171.0,1,171.0,3,171.5,29,2,2022-01-03 09:04:41
1641200681324281000,171.0,1,171.0,2,171.5,29,2,2022-01-03 09:04:41
1641200682342057000,171.0,1,171.0,2,171.5,29,2,2022-01-03 09:04:42
1641200682452384000,171.0,1,171.0,1,171.5,29,2,2022-01-03 09:04:42
1641200683309533000,171.5,1,171.0,2,171.5,28,1,2022-01-03 09:04:43
1641200686251920000,171.0,1,171.0,3,171.5,28,2,2022-01-03 09:04:46
1641200687098058000,171.0,3,170.5,46,171.0,19,2,2022-01-03 09:04:47
1641200687421884000,170.5,3,170.5,43,171.0,19,2,2022-01-03 09:04:47
1641200688018118000,171.0,1,170.5,43,171.0,18,1,2022-01-03 09:04:48
1641200688049245000,171.0,1,170.5,43,171.0,17,1,2022-01-03 09:04:48
1641200688601534000,171.0,1,170.5,43,171.0,16,1,2022-01-03 09:04:48
1641200688861877000,171.0,1,170.5,43,171.0,15,1,2022-01-03 09:04:48
1641200689307284000,171.0,1,170.5,44,171.0,14,1,2022-01-03 09:04:49
1641200691259184000,171.0,1,170.5,45,171.0,15,1,2022-01-03 09:04:51
1641200694723139000,171.0,1,170.5,47,171.0,25,1,2022-01-03 09:04:54
1641200695346405000,171.0,2,170.5,46,171.0,23,1,2022-01-03 09:04:55
1641200695575273000,171.0,7,170.5,49,171.0,16,1,2022-01-03 09:04:55
1641200695953418000,170.5,1,170.5,48,171.0,16,2,2022-01-03 09:04:55
1641200699100256000,170.5,1,170.5,48,171.0,17,2,2022-01-03 09:04:59
1641200700082259000,171.0,1,170.5,49,171.0,16,1,2022-01-03 09:05:00
1641200701222213000,170.5,1,170.5,48,171.0,16,2,2022-01-03 09:05:01
1641200701229815000,170.5,3,170.5,45,171.0,16,2,2022-01-03 09:05:01
1641200701266921000,170.5,1,170.5,44,171.0,16,2,2022-01-03 09:05:01
1641200701945869000,171.0,1,170.5,46,171.0,15,1,2022-01-03 09:05:01
1641200705857108000,171.0,1,170.5,47,171.0,15,1,2022-01-03 09:05:05
1641200705902044000,170.5,2,170.5,45,171.0,15,2,2022-01-03 09:05:05
1641200705933278000,170.5,1,170.5,44,171.0,15,2,2022-01-03 09:05:05
1641200706278898000,171.0,1,170.5,44,171.0,14,1,2022-01-03 09:05:06
1641200706408832000,170.5,1,170.5,43,171.0,14,2,2022-01-03 09:05:06
1641200706617654000,170.5,1,170.5,42,171.0,14,2,2022-01-03 09:05:06
1641200708336924000,171.0,1,170.5,43,171.0,14,1,2022-01-03 09:05:08
1641200709104426000,170.5,1,170.5,43,171.0,14,2,2022-01-03 09:05:09
1641200709238563000,171.0,1,170.5,43,171.0,13,1,2022-01-03 09:05:09
1641200711595842000,171.0,2,170.5,51,171.0,17,1,2022-01-03 09:05:11
1641200712821327000,170.5,2,170.5,49,171.0,17,2,2022-01-03 09:05:12
1641200713575620000,171.0,2,170.5,49,171.0,15,1,2022-01-03 09:05:13
1641200716681870000,171.0,1,170.5,51,171.0,14,1,2022-01-03 09:05:16
1641200717502525000,171.0,1,170.5,51,171.0,13,1,2022-01-03 09:05:17
1641200720442683000,170.5,1,170.5,50,171.0,12,2,2022-01-03 09:05:20
1641200720442699000,170.5,1,170.5,49,171.0,12,2,2022-01-03 09:05:20
1641200720496582000,170.5,1,170.5,48,171.0,12,2,2022-01-03 09:05:20
1641200721703191000,171.0,1,170.5,49,171.0,11,1,2022-01-03 09:05:21
1641200723004452000,171.0,1,170.5,51,171.0,10,1,2022-01-03 09:05:23
1641200726905311000,171.0,1,170.5,55,171.0,11,1,2022-01-03 09:05:26
1641200726939833000,171.0,1,170.5,55,171.0,10,1,2022-01-03 09:05:26
1641200729160270000,171.0,1,170.5,56,171.0,10,1,2022-01-03 09:05:29
1641200730510339000,170.5,4,170.5,52,171.0,11,2,2022-01-03 09:05:30
1641200730582469000,171.0,1,170.5,52,171.0,10,1,2022-01-03 09:05:30
1641200731553687000,171.0,1,170.5,52,171.0,9,1,2022-01-03 09:05:31
1641200732433035000,171.0,2,170.5,52,171.0,7,1,2022-01-03 09:05:32
1641200733040013000,171.0,1,170.5,52,171.0,6,1,2022-01-03 09:05:33
1641200733317011000,171.0,2,170.5,52,171.0,4,1,2022-01-03 09:05:33
1641200733933978000,171.0,1,170.5,52,171.0,3,1,2022-01-03 09:05:33
1641200734666064000,171.0,1,170.5,53,171.0,2,1,2022-01-03 09:05:34
1641200734867817000,171.0,1,170.5,53,171.0,1,1,2022-01-03 09:05:34
1641200735677376000,171.0,1,170.5,53,171.5,16,1,2022-01-03 09:05:35
1641200740790595000,171.5,1,171.0,7,171.5,15,1,2022-01-03 09:05:40
1641200743989520000,171.0,1,171.0,8,171.5,15,2,2022-01-03 09:05:43
1641200747055621000,171.5,1,171.0,14,171.5,23,1,2022-01-03 09:05:47
1641200747157639000,171.0,1,171.0,13,171.5,23,2,2022-01-03 09:05:47
1641200750110728000,171.0,1,171.0,18,171.5,25,2,2022-01-03 09:05:50
1641200750110749000,171.0,1,171.0,17,171.5,25,2,2022-01-03 09:05:50
1641200757780166000,171.0,3,171.0,17,171.5,26,2,2022-01-03 09:05:57
1641200758852053000,171.0,2,171.0,15,171.5,24,2,2022-01-03 09:05:58
1641200767772612000,171.0,1,171.0,20,171.5,25,2,2022-01-03 09:06:07
1641200773423409000,171.0,9,171.0,16,171.5,16,2,2022-01-03 09:06:13
1641200775037566000,171.5,1,171.0,17,171.5,15,1,2022-01-03 09:06:15
1641200775600723000,171.0,1,171.0,17,171.5,14,2,2022-01-03 09:06:15
1641200777196620000,171.5,1,171.0,16,171.5,13,1,2022-01-03 09:06:17
1641200778315965000,171.0,1,171.0,18,171.5,13,2,2022-01-03 09:06:18
1641200786572204000,171.0,1,171.0,22,171.5,14,2,2022-01-03 09:06:26
1641200789293382000,171.0,1,171.0,22,171.5,15,2,2022-01-03 09:06:29
1641200791511874000,171.0,10,171.0,12,171.5,19,2,2022-01-03 09:06:31
1641200808309448000,171.5,1,171.0,14,171.5,18,1,2022-01-03 09:06:48
1641200813419679000,171.5,1,171.0,16,171.5,17,1,2022-01-03 09:06:53
1641200819650562000,171.5,10,171.0,19,171.5,7,1,2022-01-03 09:06:59
1641200819684821000,171.5,2,171.0,19,171.5,5,1,2022-01-03 09:06:59
1641200819772873000,171.5,1,171.0,19,172.0,16,1,2022-01-03 09:06:59
1641200821134675000,172.0,1,171.0,26,172.0,14,1,2022-01-03 09:07:01
1641200827546732000,171.5,12,171.0,29,171.5,10,2,2022-01-03 09:07:07
1641200828388475000,171.5,1,171.0,29,171.5,9,1,2022-01-03 09:07:08
1641200828738047000,171.0,1,171.0,28,171.5,9,2,2022-01-03 09:07:08
1641200830588068000,171.5,1,171.0,28,171.5,8,1,2022-01-03 09:07:10
1641200830634538000,171.0,2,171.0,26,171.5,8,2,2022-01-03 09:07:10
1641200830664873000,171.5,1,171.0,26,171.5,7,1,2022-01-03 09:07:10
1641200832634154000,171.5,7,171.0,24,172.5,14,1,2022-01-03 09:07:12
1641200832634154000,172.0,10,171.0,24,172.5,14,1,2022-01-03 09:07:12
1641200832634154000,172.5,3,171.0,24,172.5,14,1,2022-01-03 09:07:12
1641200834078084000,172.5,1,171.5,1,172.5,20,1,2022-01-03 09:07:14
1641200835242285000,171.5,1,171.0,27,171.5,4,2,2022-01-03 09:07:15
1641200835746966000,171.5,1,171.0,26,171.5,3,1,2022-01-03 09:07:15
1641200837189337000,171.5,1,171.0,26,171.5,2,1,2022-01-03 09:07:17
1641200838468338000,171.5,1,171.0,26,171.5,1,1,2022-01-03 09:07:18
1641200838473975000,171.5,1,171.0,26,172.5,20,1,2022-01-03 09:07:18
1641200838923491000,172.0,1,172.0,1,172.5,18,2,2022-01-03 09:07:18
1641200839374566000,172.5,2,172.0,1,172.5,16,1,2022-01-03 09:07:19
1641200840938335000,172.0,1,171.5,3,172.5,16,2,2022-01-03 09:07:20
1641200841435437000,171.5,1,171.5,4,172.5,16,2,2022-01-03 09:07:21
1641200845577464000,172.0,1,171.5,5,172.0,10,1,2022-01-03 09:07:25
1641200845617962000,172.0,2,171.5,5,172.0,8,1,2022-01-03 09:07:25
1641200851039027000,172.0,1,171.5,11,172.0,7,1,2022-01-03 09:07:31
1641200859364990000,172.0,1,171.5,17,172.0,6,1,2022-01-03 09:07:39
1641200859700483000,172.0,5,171.5,17,172.0,4,1,2022-01-03 09:07:39
1641200867027884000,172.5,1,172.0,5,172.5,14,1,2022-01-03 09:07:47
1641200871135532000,172.5,1,172.0,6,172.5,15,1,2022-01-03 09:07:51
1641200875784066000,172.5,1,172.0,14,172.5,12,1,2022-01-03 09:07:55
1641200878717403000,172.5,1,172.0,13,172.5,13,1,2022-01-03 09:07:58
1641200885430034000,172.5,2,172.0,27,172.5,11,1,2022-01-03 09:08:05
1641200885489451000,172.5,1,172.0,27,172.5,10,1,2022-01-03 09:08:05
1641200886711585000,172.5,1,172.0,27,172.5,10,1,2022-01-03 09:08:06
1641200887421516000,172.5,6,172.5,4,173.0,14,1,2022-01-03 09:08:07
1641200893346300000,173.0,1,172.5,12,173.0,17,1,2022-01-03 09:08:13
1641200893427302000,172.5,1,172.5,11,173.0,17,2,2022-01-03 09:08:13
1641200894672372000,172.5,1,172.5,10,173.0,17,2,2022-01-03 09:08:14
1641200897082102000,173.0,1,172.5,11,173.0,17,1,2022-01-03 09:08:17
1641200900082011000,173.0,1,172.5,10,173.0,16,1,2022-01-03 09:08:20
1641200900286345000,173.0,1,172.5,10,173.0,17,1,2022-01-03 09:08:20
1641200900346017000,172.5,3,172.5,7,173.0,18,2,2022-01-03 09:08:20
1641200900372010000,172.5,7,172.0,26,173.0,18,2,2022-01-03 09:08:20
1641200903679838000,172.5,1,172.0,30,172.5,4,1,2022-01-03 09:08:23
1641200903883893000,172.0,11,172.0,19,172.5,5,2,2022-01-03 09:08:23
1641200905174740000,172.5,2,172.0,20,172.5,9,1,2022-01-03 09:08:25
1641200906230742000,172.5,5,172.0,21,172.5,5,1,2022-01-03 09:08:26
1641200909283202000,172.5,10,172.0,21,173.0,15,1,2022-01-03 09:08:29
1641200909352278000,172.5,1,172.0,21,173.0,15,2,2022-01-03 09:08:29
1641200911429796000,172.5,1,172.0,23,172.5,1,1,2022-01-03 09:08:31
1641200913111242000,172.5,1,172.0,23,172.5,1,1,2022-01-03 09:08:33
1641200913404576000,172.5,1,172.0,23,172.5,2,1,2022-01-03 09:08:33
1641200913500250000,172.5,1,172.0,23,172.5,1,1,2022-01-03 09:08:33
1641200914800334000,172.5,2,172.0,23,173.0,14,1,2022-01-03 09:08:34
1641200914800334000,173.0,1,172.0,23,173.0,14,1,2022-01-03 09:08:34
1641200915320521000,173.0,3,172.0,28,173.0,11,1,2022-01-03 09:08:35
1641200916651374000,172.5,1,172.5,1,173.0,10,2,2022-01-03 09:08:36
1641200917542735000,173.0,2,172.5,1,173.0,8,1,2022-01-03 09:08:37
1641200921725546000,173.0,9,173.0,1,173.5,32,1,2022-01-03 09:08:41
1641200922248027000,173.5,10,173.0,1,173.5,22,1,2022-01-03 09:08:42
1641200926790332000,173.5,1,173.0,9,173.5,21,1,2022-01-03 09:08:46
1641200928036519000,173.0,1,173.0,9,173.5,21,2,2022-01-03 09:08:48
1641200928459908000,173.0,9,172.5,13,173.0,1,2,2022-01-03 09:08:48
1641200928539432000,173.0,1,172.5,13,173.5,21,1,2022-01-03 09:08:48
1641200930490063000,173.0,1,172.5,9,173.5,21,2,2022-01-03 09:08:50
1641200932905614000,173.5,15,172.5,11,173.5,6,1,2022-01-03 09:08:52
1641200935020253000,173.5,1,173.0,1,173.5,5,1,2022-01-03 09:08:55
1641200935532271000,173.0,1,173.0,1,173.5,5,2,2022-01-03 09:08:55
1641200935630665000,173.5,1,173.0,1,173.5,4,1,2022-01-03 09:08:55
1641200936693694000,173.0,1,172.5,15,173.5,4,2,2022-01-03 09:08:56
1641200938614841000,173.5,1,173.0,4,173.5,3,1,2022-01-03 09:08:58
1641200944912403000,173.0,8,172.5,21,173.0,14,2,2022-01-03 09:09:04
1641200945539173000,173.0,1,172.5,21,173.0,13,1,2022-01-03 09:09:05
1641200945967106000,173.0,1,172.5,21,173.0,12,1,2022-01-03 09:09:05
1641200946512088000,173.0,1,172.5,21,173.0,11,1,2022-01-03 09:09:06
1641200947091580000,173.0,2,172.5,21,173.0,9,1,2022-01-03 09:09:07
1641200948302198000,173.0,1,172.5,21,173.0,8,1,2022-01-03 09:09:08
1641200948900102000,173.0,1,172.5,21,173.0,7,1,2022-01-03 09:09:08
1641200949593870000,173.0,7,172.5,21,173.5,27,1,2022-01-03 09:09:09
1641200949593870000,173.5,1,172.5,21,173.5,27,1,2022-01-03 09:09:09
1641200950407233000,173.0,1,173.0,1,173.5,27,1,2022-01-03 09:09:10
1641200950444347000,173.0,1,172.5,23,173.5,27,2,2022-01-03 09:09:10
1641200951650712000,173.0,1,172.5,25,173.5,27,2,2022-01-03 09:09:11
1641200956882851000,173.0,2,173.0,6,173.5,29,1,2022-01-03 09:09:16
1641200956946651000,173.0,1,173.0,5,173.5,29,2,2022-01-03 09:09:16
1641200956983660000,173.0,5,172.5,26,173.5,29,2,2022-01-03 09:09:16
1641200958760962000,173.0,1,172.5,28,173.0,1,1,2022-01-03 09:09:18
1641200958804188000,173.0,1,172.5,28,173.5,29,1,2022-01-03 09:09:18
1641200958919034000,173.0,1,172.5,28,173.5,29,1,2022-01-03 09:09:18
1641200960633574000,173.0,1,172.5,28,173.5,29,1,2022-01-03 09:09:20
1641200961845774000,173.0,1,172.5,28,173.5,29,1,2022-01-03 09:09:21
1641200966006712000,173.0,1,173.0,1,173.5,29,2,2022-01-03 09:09:26
1641200966032999000,173.0,1,172.5,29,173.5,29,2,2022-01-03 09:09:26
1641200969761232000,173.0,1,172.5,30,173.0,5,1,2022-01-03 09:09:29
1641200969934607000,173.0,1,172.5,28,173.0,6,1,2022-01-03 09:09:29
1641200972947872000,172.5,1,172.5,27,173.0,15,2,2022-01-03 09:09:32
1641200972977923000,172.5,11,172.5,16,173.0,15,2,2022-01-03 09:09:32
1641200972987968000,172.5,1,172.5,15,173.0,15,2,2022-01-03 09:09:32
1641200972998588000,172.5,15,172.0,18,173.0,15,2,2022-01-03 09:09:32
1641200973026749000,172.5,1,172.0,18,172.5,3,1,2022-01-03 09:09:33
1641200973139753000,172.5,1,172.0,18,172.5,4,1,2022-01-03 09:09:33
1641200973930120000,172.5,4,172.0,18,173.0,9,1,2022-01-03 09:09:33
1641200973930120000,173.0,6,172.0,18,173.0,9,1,2022-01-03 09:09:33
1641200990056236000,172.5,3,172.5,3,173.0,14,2,2022-01-03 09:09:50
1641200990790516000,172.5,1,172.5,2,173.0,14,2,2022-01-03 09:09:50
1641200995326351000,173.0,15,173.0,5,173.5,28,1,2022-01-03 09:09:55
1641200996419215000,173.0,5,172.5,2,173.5,28,2,2022-01-03 09:09:56
1641201001208546000,173.0,1,173.0,9,173.5,29,1,2022-01-03 09:10:01
1641201005182342000,173.0,1,173.0,8,173.5,27,2,2022-01-03 09:10:05
1641201005270130000,173.5,1,173.0,8,173.5,26,1,2022-01-03 09:10:05
1641201005717513000,173.0,1,173.0,7,173.5,26,2,2022-01-03 09:10:05
1641201010134279000,173.5,1,173.0,9,173.5,27,1,2022-01-03 09:10:10
1641201014985786000,173.0,1,173.0,11,173.5,27,2,2022-01-03 09:10:14
1641201016549521000,173.5,1,173.0,16,173.5,26,1,2022-01-03 09:10:16
1641201018940750000,173.0,10,173.0,10,173.5,26,2,2022-01-03 09:10:18
1641201019094188000,173.0,2,173.0,8,173.5,26,2,2022-01-03 09:10:19
1641201020581827000,173.0,5,173.0,3,173.5,26,2,2022-01-03 09:10:20
1641201020596136000,173.0,3,172.5,10,173.0,5,2,2022-01-03 09:10:20
1641201020876113000,172.5,2,172.5,8,173.0,5,2,2022-01-03 09:10:20
1641201022605824000,173.0,1,172.5,8,173.0,4,1,2022-01-03 09:10:22
1641201022921274000,173.0,1,172.5,8,173.0,3,1,2022-01-03 09:10:22
1641201029934134000,173.0,5,173.0,5,173.5,30,1,2022-01-03 09:10:29
1641201039830867000,173.0,6,172.5,14,173.0,3,2,2022-01-03 09:10:39
1641201040587146000,173.0,3,172.5,15,173.0,1,1,2022-01-03 09:10:40
1641201040604432000,173.0,1,172.5,15,173.5,30,1,2022-01-03 09:10:40
1641201042887233000,173.0,1,172.5,14,173.5,30,2,2022-01-03 09:10:42
1641201045000135000,173.0,1,173.0,1,173.5,30,2,2022-01-03 09:10:45
1641201047952185000,173.0,1,172.5,12,173.5,30,2,2022-01-03 09:10:47
1641201047952185000,172.5,2,172.5,12,173.5,30,2,2022-01-03 09:10:47
1641201049720976000,172.5,15,171.5,8,173.0,13,2,2022-01-03 09:10:49
1641201049720976000,172.0,38,171.5,8,173.0,13,2,2022-01-03 09:10:49
1641201049720976000,171.5,17,171.5,8,173.0,13,2,2022-01-03 09:10:49
1641201049721107000,171.5,8,171.0,84,173.0,13,2,2022-01-03 09:10:49
1641201049721107000,171.0,27,171.0,84,173.0,13,2,2022-01-03 09:10:49
1641201049721318000,171.0,35,171.0,49,173.0,13,2,2022-01-03 09:10:49
1641201049721446000,171.0,35,171.0,14,173.0,13,2,2022-01-03 09:10:49
1641201050207455000,171.5,1,171.5,1,172.5,20,2,2022-01-03 09:10:50
1641201050207471000,171.5,1,171.0,3,171.5,3,2,2022-01-03 09:10:50
1641201050314231000,171.0,1,171.0,1,171.5,3,2,2022-01-03 09:10:50
1641201051239810000,171.5,1,171.0,1,171.5,2,1,2022-01-03 09:10:51
1641201052258062000,171.5,1,171.0,1,171.5,1,1,2022-01-03 09:10:52
1641201052285609000,171.5,1,171.0,1,172.5,20,1,2022-01-03 09:10:52
1641201058991511000,172.0,2,171.5,1,172.0,1,1,2022-01-03 09:10:58
1641201059906210000,172.5,1,171.5,1,172.5,19,1,2022-01-03 09:10:59
1641201061398783000,171.5,2,171.5,1,172.5,19,2,2022-01-03 09:11:01
1641201061429432000,171.5,1,171.0,4,171.5,1,2,2022-01-03 09:11:01
1641201061459786000,171.5,1,171.0,4,172.5,19,1,2022-01-03 09:11:01
1641201066238436000,171.5,1,171.0,7,172.5,22,2,2022-01-03 09:11:06
1641201066238436000,171.0,2,171.0,7,172.5,22,2,2022-01-03 09:11:06
1641201069533084000,171.5,1,171.0,12,172.0,2,2,2022-01-03 09:11:09
1641201070160254000,171.0,2,171.0,12,172.0,2,2,2022-01-03 09:11:10
1641201072780379000,171.5,1,170.5,21,172.0,2,2,2022-01-03 09:11:12
1641201072780379000,171.0,14,170.5,21,172.0,2,2,2022-01-03 09:11:12
1641201072780379000,170.5,20,170.5,21,172.0,2,2,2022-01-03 09:11:12
1641201072780503000,170.5,21,170.0,112,172.0,2,2,2022-01-03 09:11:12
1641201072780503000,170.0,14,170.0,112,172.0,2,2,2022-01-03 09:11:12
1641201072780655000,170.0,70,170.0,42,172.0,2,2,2022-01-03 09:11:12
1641201072780783000,170.0,35,170.0,7,172.0,2,2,2022-01-03 09:11:12
1641201072837553000,170.0,1,170.0,9,171.5,2,2,2022-01-03 09:11:12
1641201072926740000,170.5,1,170.0,5,171.0,1,1,2022-01-03 09:11:12
1641201074006043000,171.0,1,170.0,5,171.5,8,1,2022-01-03 09:11:14
1641201074006043000,171.5,1,170.0,5,171.5,8,1,2022-01-03 09:11:14
1641201078524907000,171.0,1,170.0,6,171.5,8,2,2022-01-03 09:11:18
1641201088148226000,170.0,1,170.0,28,171.5,12,2,2022-01-03 09:11:28
1641201090679805000,171.0,1,170.0,28,171.0,2,1,2022-01-03 09:11:30
1641201092821696000,170.0,2,170.0,28,171.0,3,2,2022-01-03 09:11:32
1641201097361353000,171.0,1,170.0,40,171.0,3,1,2022-01-03 09:11:37
1641201098779380000,170.0,1,170.0,40,171.0,3,2,2022-01-03 09:11:38
1641201099934414000,171.0,1,170.0,40,171.0,5,1,2022-01-03 09:11:39
1641201112644323000,170.5,4,170.0,1,171.0,7,2,2022-01-03 09:11:52
1641201112644323000,170.0,56,170.0,1,171.0,7,2,2022-01-03 09:11:52
1641201113206073000,170.5,1,170.5,2,171.0,11,2,2022-01-03 09:11:53
1641201116353249000,170.5,1,170.5,1,171.0,11,2,2022-01-03 09:11:56
1641201118185393000,170.5,1,170.0,8,171.0,10,2,2022-01-03 09:11:58
1641201120697390000,170.0,2,170.0,6,170.5,5,2,2022-01-03 09:12:00
1641201120697470000,170.0,1,170.0,5,170.5,5,2,2022-01-03 09:12:00
1641201120697597000,170.0,1,170.0,4,170.5,5,2,2022-01-03 09:12:00
1641201120697741000,170.0,1,170.0,3,170.5,5,2,2022-01-03 09:12:00
1641201121879440000,170.5,2,170.0,3,170.5,3,1,2022-01-03 09:12:01
1641201122025961000,170.0,2,170.0,1,170.5,3,2,2022-01-03 09:12:02
1641201122025992000,170.0,1,169.5,27,170.5,3,2,2022-01-03 09:12:02
1641201122062446000,170.0,2,169.5,27,170.5,3,1,2022-01-03 09:12:02
1641201123601679000,170.0,5,169.5,27,170.5,3,1,2022-01-03 09:12:03
1641201126419964000,170.0,2,169.5,28,170.5,3,2,2022-01-03 09:12:06
1641201126479486000,170.5,3,169.5,30,171.0,11,1,2022-01-03 09:12:06
1641201126783066000,169.5,1,169.5,29,171.0,11,2,2022-01-03 09:12:06
1641201126879145000,169.5,29,169.0,41,170.5,1,2,2022-01-03 09:12:06
1641201128063809000,170.0,1,169.0,41,170.5,4,1,2022-01-03 09:12:08
1641201128728581000,170.0,5,169.0,42,170.5,4,1,2022-01-03 09:12:08
1641201135994347000,170.0,1,169.5,1,170.0,7,1,2022-01-03 09:12:15
1641201137322562000,170.0,7,169.5,6,170.5,4,1,2022-01-03 09:12:17
1641201141723926000,170.0,2,169.5,9,170.5,9,2,2022-01-03 09:12:21
1641201143291598000,170.0,1,169.5,20,170.0,3,1,2022-01-03 09:12:23
1641201143319077000,170.0,3,169.5,20,170.5,9,1,2022-01-03 09:12:23
1641201143474269000,170.0,1,169.5,20,170.5,9,1,2022-01-03 09:12:23
1641201145134254000,170.0,4,169.5,20,170.0,2,1,2022-01-03 09:12:25
1641201145171541000,170.0,2,169.5,20,170.5,9,1,2022-01-03 09:12:25
1641201146677365000,170.0,1,169.5,21,170.0,1,2,2022-01-03 09:12:26
1641201146958128000,170.0,1,169.5,21,170.0,3,1,2022-01-03 09:12:26
1641201148496263000,169.5,2,169.5,20,170.0,4,2,2022-01-03 09:12:28
1641201148896150000,170.0,1,169.5,20,170.0,4,1,2022-01-03 09:12:28
1641201148952176000,170.0,1,169.5,20,170.0,3,1,2022-01-03 09:12:28
1641201149987573000,170.0,2,169.5,21,170.0,1,1,2022-01-03 09:12:29
1641201150022780000,170.0,1,169.5,21,170.5,10,1,2022-01-03 09:12:30
1641201150763615000,169.5,5,169.5,16,170.5,10,2,2022-01-03 09:12:30
1641201151907810000,169.5,1,169.5,15,170.0,6,2,2022-01-03 09:12:31
1641201156262465000,169.5,10,169.5,6,170.0,13,2,2022-01-03 09:12:36
1641201156284005000,169.5,1,169.5,5,170.0,13,2,2022-01-03 09:12:36
1641201156287677000,169.5,1,169.5,4,170.0,13,2,2022-01-03 09:12:36
1641201156785733000,169.5,1,169.5,3,170.0,13,2,2022-01-03 09:12:36
1641201156820720000,169.5,3,169.0,41,170.0,13,2,2022-01-03 09:12:36
1641201157024819000,169.0,3,169.0,38,170.0,13,2,2022-01-03 09:12:37
1641201157200931000,169.5,1,169.0,36,170.0,13,1,2022-01-03 09:12:37
1641201158184431000,170.0,5,169.0,36,170.0,10,1,2022-01-03 09:12:38
1641201158639850000,169.5,1,169.0,36,170.0,11,1,2022-01-03 09:12:38
1641201158796380000,169.0,1,169.0,35,170.0,11,2,2022-01-03 09:12:38
1641201159260609000,169.5,1,169.0,35,170.0,11,1,2022-01-03 09:12:39
1641201159706987000,169.5,2,169.0,35,170.0,11,1,2022-01-03 09:12:39
1641201163446143000,169.5,4,169.0,39,170.0,12,1,2022-01-03 09:12:43
1641201166001205000,170.0,15,169.5,4,170.5,11,1,2022-01-03 09:12:46
1641201171939591000,170.0,1,169.5,11,170.5,13,2,2022-01-03 09:12:51
1641201174380704000,170.0,1,169.5,16,170.5,13,2,2022-01-03 09:12:54
1641201177514969000,170.0,1,169.5,25,170.0,21,2,2022-01-03 09:12:57
1641201177552007000,170.0,13,169.5,25,170.0,8,1,2022-01-03 09:12:57
1641201177584691000,170.0,8,169.5,25,170.5,11,1,2022-01-03 09:12:57
1641201177642587000,170.5,3,169.5,26,170.5,8,1,2022-01-03 09:12:57
1641201178069462000,170.0,3,169.5,26,170.0,7,2,2022-01-03 09:12:58
1641201178108891000,170.0,3,169.5,26,170.0,4,1,2022-01-03 09:12:58
1641201178142309000,170.0,4,169.5,26,170.5,8,1,2022-01-03 09:12:58
1641201183089964000,170.0,2,170.0,4,170.5,32,2,2022-01-03 09:13:03
1641201183209196000,170.0,1,170.0,3,170.5,32,2,2022-01-03 09:13:03
1641201183246250000,170.0,1,170.0,2,170.5,32,2,2022-01-03 09:13:03
1641201183627995000,170.0,1,170.0,1,170.5,32,2,2022-01-03 09:13:03
1641201184096959000,170.0,1,170.0,1,170.5,32,2,2022-01-03 09:13:04
1641201184681457000,170.5,1,170.0,1,170.5,31,1,2022-01-03 09:13:04
1641201189226000000,170.5,1,170.0,2,170.5,30,1,2022-01-03 09:13:09
1641201192938746000,170.0,1,170.0,2,170.5,30,2,2022-01-03 09:13:12
1641201195454682000,170.0,2,169.5,33,170.5,32,2,2022-01-03 09:13:15
1641201195482953000,169.5,1,169.5,32,170.0,3,2,2022-01-03 09:13:15
1641201195862516000,170.0,1,169.5,32,170.0,3,1,2022-01-03 09:13:15
1641201196130536000,170.0,1,169.5,32,170.0,2,1,2022-01-03 09:13:16
1641201198447899000,170.0,1,169.5,32,170.0,6,1,2022-01-03 09:13:18
1641201198767266000,170.0,1,169.5,32,170.0,5,1,2022-01-03 09:13:18
1641201198846798000,170.0,1,169.5,32,170.0,4,1,2022-01-03 09:13:18
1641201200471680000,170.0,2,169.5,34,170.0,2,1,2022-01-03 09:13:20
1641201200906280000,170.0,1,169.5,34,170.0,1,1,2022-01-03 09:13:20
1641201202406975000,169.5,1,169.5,33,170.0,3,2,2022-01-03 09:13:22
1641201202936882000,170.0,1,169.5,32,170.0,2,1,2022-01-03 09:13:22
1641201203329746000,170.0,1,169.5,32,170.0,1,1,2022-01-03 09:13:23
1641201203366261000,170.0,1,169.5,32,170.5,33,1,2022-01-03 09:13:23
1641201205538305000,170.0,1,169.5,34,170.5,33,2,2022-01-03 09:13:25
1641201205538305000,169.5,1,169.5,34,170.5,33,2,2022-01-03 09:13:25
1641201206073376000,170.5,1,169.5,34,170.5,32,1,2022-01-03 09:13:26
1641201209981380000,170.0,1,170.0,3,170.5,33,2,2022-01-03 09:13:29
1641201209981432000,170.0,1,170.0,2,170.5,33,2,2022-01-03 09:13:29
1641201209981623000,170.0,2,169.5,35,170.5,33,2,2022-01-03 09:13:29
1641201210804255000,170.0,1,169.5,35,170.5,33,1,2022-01-03 09:13:30
1641201212124005000,170.0,1,169.5,35,170.5,33,2,2022-01-03 09:13:32
1641201212693916000,170.0,1,169.5,35,170.5,33,1,2022-01-03 09:13:32
1641201213919048000,170.0,1,169.5,34,170.5,31,2,2022-01-03 09:13:33
1641201213919048000,169.5,1,169.5,34,170.5,31,2,2022-01-03 09:13:33
1641201219785530000,170.0,2,170.0,7,170.5,31,2,2022-01-03 09:13:39
1641201219785608000,170.0,1,170.0,6,170.5,31,2,2022-01-03 09:13:39
1641201219785763000,170.0,1,170.0,5,170.5,31,2,2022-01-03 09:13:39
1641201219786002000,170.0,1,170.0,4,170.5,31,2,2022-01-03 09:13:39
1641201222482825000,170.0,2,170.0,2,170.5,51,2,2022-01-03 09:13:42
1641201222482898000,170.0,1,170.0,1,170.5,51,2,2022-01-03 09:13:42
1641201222483015000,170.0,1,169.5,42,170.5,51,2,2022-01-03 09:13:42
1641201223602399000,169.5,3,169.5,40,170.0,1,2,2022-01-03 09:13:43
1641201225338555000,170.0,1,169.5,40,170.5,51,1,2022-01-03 09:13:45
1641201228314962000,170.0,1,169.5,40,170.0,14,1,2022-01-03 09:13:48
1641201230436923000,170.0,2,169.5,41,170.0,12,1,2022-01-03 09:13:50
1641201233120469000,170.0,1,169.5,43,170.0,12,1,2022-01-03 09:13:53
1641201233524341000,169.5,1,169.5,42,170.0,12,2,2022-01-03 09:13:53
1641201235370225000,170.0,1,169.5,42,170.0,11,1,2022-01-03 09:13:55
1641201241329702000,170.0,1,169.5,43,170.0,13,1,2022-01-03 09:14:01
1641201243360087000,169.5,1,169.5,42,170.0,13,2,2022-01-03 09:14:03
1641201243464119000,170.0,1,169.5,42,170.0,12,1,2022-01-03 09:14:03
1641201243759778000,170.0,1,169.5,44,170.0,11,1,2022-01-03 09:14:03
1641201246204646000,169.5,2,169.5,42,170.0,11,2,2022-01-03 09:14:06
1641201247424622000,170.0,2,169.5,41,170.0,9,1,2022-01-03 09:14:07
1641201250126602000,170.0,1,169.5,41,170.0,11,1,2022-01-03 09:14:10
1641201250634786000,170.0,1,169.5,41,170.0,10,1,2022-01-03 09:14:10
1641201254064631000,170.0,1,169.5,41,170.0,10,1,2022-01-03 09:14:14
1641201256185509000,170.0,1,169.5,41,170.0,9,1,2022-01-03 09:14:16
1641201256212769000,169.5,10,169.5,31,170.0,9,2,2022-01-03 09:14:16
1641201256212830000,169.5,5,169.5,26,170.0,9,2,2022-01-03 09:14:16
1641201256212984000,169.5,5,169.5,21,170.0,9,2,2022-01-03 09:14:16
1641201256213104000,169.5,5,169.5,16,170.0,9,2,2022-01-03 09:14:16
1641201256254327000,169.5,16,169.0,79,170.0,9,2,2022-01-03 09:14:16
1641201264510359000,169.5,2,169.0,78,169.5,7,1,2022-01-03 09:14:24
1641201264524933000,169.0,1,169.0,77,169.5,7,2,2022-01-03 09:14:24
1641201266078784000,169.5,1,169.0,77,169.5,6,1,2022-01-03 09:14:26
1641201266721039000,169.0,1,169.0,76,169.5,6,2,2022-01-03 09:14:26
1641201273034381000,169.0,3,169.0,78,169.5,7,2,2022-01-03 09:14:33
1641201273127816000,169.5,1,169.0,78,169.5,6,1,2022-01-03 09:14:33
1641201275985098000,169.0,1,169.0,77,169.5,7,2,2022-01-03 09:14:35
1641201276358962000,169.5,4,169.0,77,169.5,23,1,2022-01-03 09:14:36
1641201278197509000,169.0,20,169.0,58,169.5,25,2,2022-01-03 09:14:38
1641201278225121000,169.0,1,169.0,57,169.5,25,2,2022-01-03 09:14:38
1641201278225317000,169.0,1,169.0,56,169.5,25,2,2022-01-03 09:14:38
1641201278228664000,169.0,1,169.0,55,169.5,25,2,2022-01-03 09:14:38
1641201279808016000,169.5,1,169.0,54,169.5,24,1,2022-01-03 09:14:39
1641201281178673000,169.5,1,169.0,54,169.5,23,1,2022-01-03 09:14:41
1641201281335997000,169.0,1,169.0,53,169.5,23,2,2022-01-03 09:14:41
1641201282176538000,169.0,3,169.0,52,169.5,23,2,2022-01-03 09:14:42
1641201282556798000,169.5,2,169.0,53,169.5,21,1,2022-01-03 09:14:42
1641201282662228000,169.5,5,169.0,53,169.5,16,1,2022-01-03 09:14:42
1641201285437676000,169.5,1,169.0,54,169.5,15,1,2022-01-03 09:14:45
1641201285477998000,169.5,15,169.0,54,170.0,13,1,2022-01-03 09:14:45
1641201285559997000,169.5,1,169.0,54,170.0,13,1,2022-01-03 09:14:45
1641201287756979000,169.0,1,169.0,57,170.0,13,2,2022-01-03 09:14:47
1641201290533174000,169.5,2,169.5,27,170.0,13,2,2022-01-03 09:14:50
1641201291257466000,169.5,2,169.5,25,170.0,13,2,2022-01-03 09:14:51
1641201295294740000,169.5,5,169.5,20,170.0,12,2,2022-01-03 09:14:55
1641201296013289000,169.5,1,169.5,19,170.0,13,2,2022-01-03 09:14:56
1641201298772520000,169.5,1,169.5,20,170.0,14,2,2022-01-03 09:14:58
1641201302974105000,169.5,1,169.5,20,170.0,16,2,2022-01-03 09:15:02
1641201309373930000,169.5,1,169.5,21,170.0,16,2,2022-01-03 09:15:09
1641201310185762000,169.5,1,169.5,24,170.0,16,2,2022-01-03 09:15:10
1641201313456297000,170.0,1,169.5,26,170.0,16,1,2022-01-03 09:15:13
1641201313624887000,170.0,1,169.5,26,170.0,15,1,2022-01-03 09:15:13
1641201313728989000,169.5,2,169.5,24,170.0,17,2,2022-01-03 09:15:13
1641201313770198000,170.0,1,169.5,24,170.0,16,1,2022-01-03 09:15:13
1641201313927824000,170.0,1,169.5,24,170.0,15,1,2022-01-03 09:15:13
1641201314917942000,170.0,1,169.5,24,170.0,14,1,2022-01-03 09:15:14
1641201315079703000,170.0,1,169.5,24,170.0,13,1,2022-01-03 09:15:15
1641201315263675000,170.0,1,169.5,24,170.0,12,1,2022-01-03 09:15:15
1641201315584950000,170.0,3,169.5,24,170.0,9,1,2022-01-03 09:15:15
1641201315617632000,170.0,9,169.5,24,170.5,27,1,2022-01-03 09:15:15
1641201318157380000,170.5,1,169.5,27,170.5,27,1,2022-01-03 09:15:18
1641201318352588000,170.5,1,169.5,27,170.5,26,1,2022-01-03 09:15:18
1641201320578651000,170.5,1,170.0,2,170.5,25,1,2022-01-03 09:15:20
1641201320757157000,170.5,1,170.0,2,170.5,24,1,2022-01-03 09:15:20
1641201320935279000,170.5,1,170.0,2,170.5,23,1,2022-01-03 09:15:20
1641201321106973000,170.5,1,170.0,2,170.5,22,1,2022-01-03 09:15:21
1641201322671075000,170.5,1,170.0,3,170.5,21,1,2022-01-03 09:15:22
1641201322849497000,170.5,1,170.0,3,170.5,20,1,2022-01-03 09:15:22
1641201323042776000,170.5,1,170.0,3,170.5,19,1,2022-01-03 09:15:23
1641201323242264000,170.5,1,170.0,3,170.5,18,1,2022-01-03 09:15:23
1641201324225957000,170.5,1,170.0,3,170.5,17,1,2022-01-03 09:15:24
1641201325278719000,170.5,1,170.0,4,170.5,16,1,2022-01-03 09:15:25
1641201326213717000,170.5,1,170.0,4,170.5,15,1,2022-01-03 09:15:26
1641201326368590000,170.5,1,170.0,4,170.5,14,1,2022-01-03 09:15:26
1641201327226291000,170.5,1,170.0,4,170.5,13,1,2022-01-03 09:15:27
1641201327292832000,170.5,1,170.0,4,170.5,12,1,2022-01-03 09:15:27
1641201327844102000,170.5,1,170.0,4,170.5,11,1,2022-01-03 09:15:27
1641201328652416000,170.5,4,170.0,5,170.5,7,1,2022-01-03 09:15:28
1641201331778181000,170.5,5,170.0,9,170.5,1,1,2022-01-03 09:15:31
1641201331813644000,170.5,1,170.0,9,171.0,35,1,2022-01-03 09:15:31
1641201334703916000,171.0,1,170.0,9,171.0,34,1,2022-01-03 09:15:34
1641201340034012000,171.0,1,170.0,10,171.0,36,1,2022-01-03 09:15:40
1641201340207253000,171.0,1,170.0,10,171.0,35,1,2022-01-03 09:15:40
1641201341344572000,171.0,1,170.0,20,171.0,35,1,2022-01-03 09:15:41
1641201341500260000,171.0,1,170.0,20,171.0,34,1,2022-01-03 09:15:41
1641201341719632000,171.0,1,170.0,20,171.0,33,1,2022-01-03 09:15:41
1641201343347331000,171.0,1,170.0,20,171.0,32,1,2022-01-03 09:15:43
1641201343355500000,171.0,1,170.0,20,171.0,31,1,2022-01-03 09:15:43
1641201343501043000,171.0,1,170.0,20,171.0,30,1,2022-01-03 09:15:43
1641201345765553000,171.0,5,170.0,20,171.0,25,1,2022-01-03 09:15:45
1641201346338383000,171.0,1,170.0,20,171.0,24,1,2022-01-03 09:15:46
1641201349589104000,170.0,1,170.0,19,171.0,23,2,2022-01-03 09:15:49
1641201352857104000,171.0,2,170.0,20,171.0,22,1,2022-01-03 09:15:52
1641201356127363000,171.0,1,170.0,20,171.0,24,1,2022-01-03 09:15:56
1641201369301097000,170.5,1,170.0,26,171.0,27,1,2022-01-03 09:16:09
1641201373318375000,170.5,1,170.0,27,171.0,26,1,2022-01-03 09:16:13
1641201376597403000,170.5,1,170.0,27,171.0,28,2,2022-01-03 09:16:16
1641201383862266000,170.5,1,170.0,39,171.0,29,2,2022-01-03 09:16:23
1641201384488510000,170.5,1,170.0,39,171.0,29,2,2022-01-03 09:16:24
1641201386264292000,170.5,1,170.0,39,171.0,30,2,2022-01-03 09:16:26
1641201395499350000,170.5,1,170.5,2,171.0,30,2,2022-01-03 09:16:35
1641201395532187000,170.5,2,170.0,121,171.0,30,2,2022-01-03 09:16:35
1641201398517800000,171.0,1,170.0,120,171.0,29,1,2022-01-03 09:16:38
1641201399881007000,170.5,1,170.0,121,171.0,29,2,2022-01-03 09:16:39
1641201403080915000,170.5,1,170.0,121,171.0,29,2,2022-01-03 09:16:43
1641201410250757000,170.5,1,170.0,120,171.0,27,1,2022-01-03 09:16:50
1641201410250757000,171.0,1,170.0,120,171.0,27,1,2022-01-03 09:16:50
1641201417994832000,170.5,1,170.0,120,170.5,3,2,2022-01-03 09:16:57
1641201418638669000,170.5,4,170.0,120,171.0,4,1,2022-01-03 09:16:58
1641201418638669000,171.0,23,170.0,120,171.0,4,1,2022-01-03 09:16:58
1641201419006347000,171.0,1,170.0,120,171.0,3,1,2022-01-03 09:16:59
1641201427304871000,171.0,1,170.5,2,171.0,3,1,2022-01-03 09:17:07
1641201453301170000,171.0,5,170.5,15,171.0,3,1,2022-01-03 09:17:33
1641201459137984000,171.0,1,170.5,16,171.0,2,1,2022-01-03 09:17:39
1641201459849721000,171.0,1,170.5,17,171.0,1,1,2022-01-03 09:17:39
1641201459905328000,171.0,1,170.5,17,171.5,32,1,2022-01-03 09:17:39
1641201465108714000,171.5,1,171.0,1,171.5,31,1,2022-01-03 09:17:45
1641201484602975000,171.5,1,171.0,12,171.5,27,1,2022-01-03 09:18:04
1641201490127465000,171.0,1,171.0,11,171.5,27,2,2022-01-03 09:18:10
1641201493140549000,171.5,1,171.0,12,171.5,26,1,2022-01-03 09:18:13
1641201499976395000,171.0,1,171.0,13,171.5,26,2,2022-01-03 09:18:19
1641201502589705000,171.5,1,171.0,15,171.5,25,1,2022-01-03 09:18:22
1641201502748716000,171.5,1,171.0,15,171.5,24,1,2022-01-03 09:18:22
1641201502808786000,171.0,2,171.0,13,171.5,24,2,2022-01-03 09:18:22
1641201507690191000,171.5,2,171.0,21,171.5,23,1,2022-01-03 09:18:27
1641201510982722000,171.5,1,171.0,14,171.5,22,1,2022-01-03 09:18:30
1641201522495126000,171.5,1,171.0,17,171.5,23,1,2022-01-03 09:18:42
1641201526850461000,171.5,1,171.0,17,171.5,22,1,2022-01-03 09:18:46
1641201530177375000,171.5,1,171.0,17,171.5,21,1,2022-01-03 09:18:50
1641201530423582000,171.5,1,171.0,17,171.5,20,1,2022-01-03 09:18:50
1641201533827900000,171.5,1,171.0,17,171.5,19,1,2022-01-03 09:18:53
1641201538149171000,171.5,1,171.0,17,171.5,20,1,2022-01-03 09:18:58
1641201542023918000,171.5,1,171.0,17,171.5,20,1,2022-01-03 09:19:02
1641201543207148000,171.5,1,171.0,17,171.5,19,1,2022-01-03 09:19:03
1641201544127323000,171.0,5,171.0,12,171.5,21,2,2022-01-03 09:19:04
1641201554572636000,171.0,1,171.0,11,171.5,25,2,2022-01-03 09:19:14
1641201557081618000,171.5,1,171.0,12,171.5,24,1,2022-01-03 09:19:17
1641201557521376000,171.0,1,171.0,11,171.5,24,2,2022-01-03 09:19:17
1641201558112525000,171.0,5,171.0,6,171.5,24,2,2022-01-03 09:19:18
1641201558748188000,171.5,1,171.0,6,171.5,23,1,2022-01-03 09:19:18
1641201566269183000,171.0,2,171.0,4,171.5,21,2,2022-01-03 09:19:26
1641201566287311000,171.5,1,171.0,4,171.5,20,1,2022-01-03 09:19:26
1641201568917857000,171.0,6,170.5,23,171.5,19,2,2022-01-03 09:19:28
1641201573854772000,171.0,1,170.5,23,171.0,4,1,2022-01-03 09:19:33
1641201599003338000,171.0,1,170.5,39,171.0,7,1,2022-01-03 09:19:59
1641201600777262000,171.0,1,170.5,36,171.0,6,1,2022-01-03 09:20:00
1641201603356717000,171.0,1,170.5,36,171.0,35,1,2022-01-03 09:20:03
1641201605489509000,171.0,10,170.5,36,171.0,25,1,2022-01-03 09:20:05
1641201620237945000,170.5,1,170.5,45,171.0,25,2,2022-01-03 09:20:20
1641201627322956000,170.5,1,170.5,44,171.0,25,2,2022-01-03 09:20:27
1641201641866953000,170.5,1,170.5,45,171.0,25,2,2022-01-03 09:20:41
1641201645218459000,170.5,45,170.0,140,170.5,5,2,2022-01-03 09:20:45
1641201645249464000,170.0,1,170.0,139,170.5,7,2,2022-01-03 09:20:45
1641201645298241000,170.0,1,170.0,54,170.5,7,2,2022-01-03 09:20:45
1641201646030938000,170.0,1,170.0,53,170.5,7,2,2022-01-03 09:20:46
1641201648969597000,170.0,50,170.0,3,170.5,8,2,2022-01-03 09:20:48
1641201648988520000,170.0,3,169.5,76,170.5,8,2,2022-01-03 09:20:48
1641201649309093000,170.0,1,169.5,76,170.5,11,1,2022-01-03 09:20:49
1641201653685193000,169.5,1,169.5,57,170.0,5,2,2022-01-03 09:20:53
1641201655073277000,169.5,1,169.5,56,170.0,6,2,2022-01-03 09:20:55
1641201658014575000,169.5,1,169.5,51,170.0,6,2,2022-01-03 09:20:58
1641201663468964000,170.0,2,169.5,52,170.0,5,1,2022-01-03 09:21:03
1641201664006766000,169.5,1,169.5,51,170.0,5,2,2022-01-03 09:21:04
1641201666616303000,169.5,1,169.5,51,170.0,6,2,2022-01-03 09:21:06
1641201669760060000,169.5,1,169.5,51,170.0,14,2,2022-01-03 09:21:09
1641201670743927000,169.5,1,169.5,50,170.0,14,2,2022-01-03 09:21:10
1641201693099563000,170.0,1,169.5,45,170.0,14,1,2022-01-03 09:21:33
1641201695055689000,170.0,1,169.5,45,170.0,13,1,2022-01-03 09:21:35
1641201695185689000,170.0,1,169.5,45,170.0,11,1,2022-01-03 09:21:35
1641201699480579000,170.0,1,169.5,46,170.0,10,1,2022-01-03 09:21:39
1641201706682164000,170.0,1,169.5,48,170.0,9,1,2022-01-03 09:21:46
1641201707544334000,170.0,9,169.5,52,170.5,12,1,2022-01-03 09:21:47
1641201707761075000,169.5,1,169.5,51,170.5,10,2,2022-01-03 09:21:47
1641201732574583000,170.0,1,170.0,4,170.5,10,2,2022-01-03 09:22:12
1641201734740934000,170.0,1,170.0,4,170.5,9,2,2022-01-03 09:22:14
1641201736010645000,170.0,1,170.0,3,170.5,9,2,2022-01-03 09:22:16
1641201737605921000,170.0,1,170.0,2,170.5,10,2,2022-01-03 09:22:17
1641201738747687000,170.0,1,170.0,1,170.5,9,2,2022-01-03 09:22:18
1641201741177626000,170.5,1,170.0,1,170.5,8,1,2022-01-03 09:22:21
1641201748276832000,170.0,1,170.0,2,170.5,8,2,2022-01-03 09:22:28
1641201750345941000,170.0,1,170.0,1,170.5,8,2,2022-01-03 09:22:30
1641201756218780000,170.0,1,169.5,57,170.5,9,2,2022-01-03 09:22:36
1641201759272694000,170.5,1,170.0,1,170.5,8,1,2022-01-03 09:22:39
1641201763582477000,170.0,1,170.0,1,170.5,7,2,2022-01-03 09:22:43
1641201773047453000,170.5,1,170.0,3,170.5,6,1,2022-01-03 09:22:53
1641201773778517000,170.0,1,170.0,2,170.5,6,2,2022-01-03 09:22:53
1641201782331334000,170.5,5,170.0,12,170.5,1,1,2022-01-03 09:23:02
1641201787314259000,170.5,1,170.0,12,171.0,47,1,2022-01-03 09:23:07
1641201794896715000,170.5,1,170.5,1,171.0,47,2,2022-01-03 09:23:14
1641201799765691000,170.5,1,170.0,18,171.0,47,2,2022-01-03 09:23:19
1641201805769161000,170.5,1,170.0,18,170.5,4,2,2022-01-03 09:23:25
1641201806037279000,170.5,1,170.0,16,170.5,3,1,2022-01-03 09:23:26
1641201806427210000,170.5,1,170.0,15,170.5,2,1,2022-01-03 09:23:26
1641201806455302000,170.5,2,170.0,15,171.0,47,1,2022-01-03 09:23:26
1641201813033913000,170.0,2,170.0,15,170.5,1,2,2022-01-03 09:23:33
1641201833438840000,170.5,1,170.0,17,171.0,48,1,2022-01-03 09:23:53
1641201851285314000,171.0,5,170.5,4,171.0,43,1,2022-01-03 09:24:11
1641201855519391000,171.0,2,170.5,4,171.0,41,1,2022-01-03 09:24:15
1641201868452728000,171.0,1,170.5,3,171.0,40,1,2022-01-03 09:24:28
1641201879683246000,171.0,1,170.5,3,171.0,39,1,2022-01-03 09:24:39
1641201885586461000,170.5,1,170.5,3,171.0,39,2,2022-01-03 09:24:45
1641201902725160000,171.0,1,170.5,9,171.0,39,1,2022-01-03 09:25:02
1641201916240067000,170.5,9,170.0,23,170.5,2,2,2022-01-03 09:25:16
1641201916257907000,170.5,2,170.0,23,171.0,40,1,2022-01-03 09:25:16
1641201916673144000,171.0,1,170.0,26,171.0,39,1,2022-01-03 09:25:16
1641201925103226000,171.0,1,170.5,1,171.0,42,1,2022-01-03 09:25:25
1641201938668841000,171.0,1,170.5,2,171.0,51,1,2022-01-03 09:25:38
1641201955089262000,170.5,3,170.0,32,170.5,1,2,2022-01-03 09:25:55
1641201955120703000,170.5,1,170.0,29,171.0,50,1,2022-01-03 09:25:55
1641201955250489000,170.0,5,170.0,24,171.0,50,2,2022-01-03 09:25:55
1641201970625943000,170.5,1,170.0,24,171.0,53,1,2022-01-03 09:26:10
1641201970988461000,171.0,1,170.0,24,171.0,52,1,2022-01-03 09:26:10
1641201983415381000,170.5,1,170.5,1,171.0,49,2,2022-01-03 09:26:23
1641201994432022000,170.5,1,170.5,3,171.0,49,2,2022-01-03 09:26:34
1641202016326154000,171.0,2,170.5,5,171.0,47,1,2022-01-03 09:26:56
1641202017076442000,171.0,1,170.5,4,171.0,46,1,2022-01-03 09:26:57
1641202024880113000,170.5,4,170.0,26,171.0,46,2,2022-01-03 09:27:04
1641202027084790000,170.0,2,170.0,24,171.0,46,2,2022-01-03 09:27:07
1641202034209868000,170.0,24,169.5,58,171.0,48,2,2022-01-03 09:27:14
1641202034209868000,169.5,6,169.5,58,171.0,48,2,2022-01-03 09:27:14
1641202034668153000,170.5,2,170.5,3,171.0,51,1,2022-01-03 09:27:14
1641202036141545000,170.5,3,169.5,58,171.0,51,2,2022-01-03 09:27:16
1641202063173975000,170.5,1,170.0,5,170.5,9,1,2022-01-03 09:27:43
1641202067988157000,170.5,1,170.0,5,170.5,7,1,2022-01-03 09:27:47
1641202109251439000,170.5,1,170.0,6,170.5,6,1,2022-01-03 09:28:29
1641202117630268000,170.5,1,170.0,9,170.5,7,1,2022-01-03 09:28:37
1641202125293653000,170.5,1,170.0,9,170.5,6,1,2022-01-03 09:28:45
1641202137251780000,170.0,1,170.0,8,170.5,6,2,2022-01-03 09:28:57
1641202138919190000,170.5,1,170.0,8,170.5,5,1,2022-01-03 09:28:58
1641202154950542000,170.5,1,170.0,9,170.5,5,1,2022-01-03 09:29:14
1641202176735488000,170.0,1,170.0,8,170.5,5,2,2022-01-03 09:29:36
1641202201196007000,170.5,1,170.0,11,170.5,8,1,2022-01-03 09:30:01
1641202206572570000,170.5,2,170.0,11,170.5,5,1,2022-01-03 09:30:06
1641202214005170000,170.5,1,170.0,12,170.5,4,1,2022-01-03 09:30:14
1641202227253287000,170.5,1,170.0,11,170.5,4,1,2022-01-03 09:30:27
1641202247140557000,170.5,1,170.0,13,170.5,3,1,2022-01-03 09:30:47
1641202250453161000,170.5,3,170.5,2,171.0,53,1,2022-01-03 09:30:50
1641202253573206000,170.5,2,170.0,13,171.0,50,2,2022-01-03 09:30:53
1641202265616395000,170.5,2,170.0,13,171.0,50,2,2022-01-03 09:31:05
1641202293290283000,171.0,1,170.0,16,171.0,39,1,2022-01-03 09:31:33
1641202311445091000,170.0,1,170.0,21,171.0,39,2,2022-01-03 09:31:51
1641202315480325000,170.0,1,170.0,20,171.0,39,2,2022-01-03 09:31:55
1641202334493547000,170.0,1,170.0,22,171.0,43,2,2022-01-03 09:32:14
1641202339205918000,171.0,1,170.0,20,171.0,43,1,2022-01-03 09:32:19
1641202345518645000,171.0,1,170.0,20,171.0,42,1,2022-01-03 09:32:25
1641202359281039000,170.5,1,170.0,22,171.0,43,1,2022-01-03 09:32:39
1641202385327687000,171.0,1,170.5,5,171.0,42,1,2022-01-03 09:33:05
1641202388689279000,170.5,1,170.5,4,171.0,42,2,2022-01-03 09:33:08
1641202398386213000,171.0,1,170.5,9,171.0,42,1,2022-01-03 09:33:18
1641202431251705000,171.0,1,170.5,11,171.0,43,1,2022-01-03 09:33:51
1641202433771264000,171.0,2,170.5,11,171.0,41,1,2022-01-03 09:33:53
1641202466929157000,170.5,2,170.5,11,171.0,42,2,2022-01-03 09:34:26
1641202468144139000,171.0,1,170.5,10,171.0,41,1,2022-01-03 09:34:28
1641202477284623000,171.0,1,170.5,10,171.0,40,1,2022-01-03 09:34:37
1641202505596616000,170.5,1,170.5,13,171.0,41,2,2022-01-03 09:35:05
1641202523307800000,171.0,1,170.5,12,171.0,41,1,2022-01-03 09:35:23
1641202539857430000,170.5,1,170.5,11,171.0,42,2,2022-01-03 09:35:39
1641202546821150000,171.0,1,170.5,11,171.0,41,1,2022-01-03 09:35:46
1641202568864236000,170.5,1,170.5,11,171.0,46,2,2022-01-03 09:36:08
1641202568997813000,171.0,1,170.5,11,171.0,45,1,2022-01-03 09:36:08
1641202614226839000,171.0,2,170.5,11,171.0,46,1,2022-01-03 09:36:54
1641202615288723000,171.0,1,170.5,11,171.0,45,1,2022-01-03 09:36:55
1641202645587558000,171.0,1,170.5,17,171.0,46,1,2022-01-03 09:37:25
1641202661175199000,171.0,1,170.5,20,171.0,45,1,2022-01-03 09:37:41
1641202676562198000,170.5,14,170.0,41,171.0,44,2,2022-01-03 09:37:56
1641202676562198000,170.0,1,170.0,41,171.0,44,2,2022-01-03 09:37:56
1641202684895002000,170.5,1,170.0,59,171.0,44,1,2022-01-03 09:38:04
1641202685607357000,170.5,1,170.5,3,171.0,44,2,2022-01-03 09:38:05
1641202689992094000,170.5,1,170.5,2,171.0,44,2,2022-01-03 09:38:09
1641202692609316000,170.5,5,170.0,52,171.0,48,1,2022-01-03 09:38:12
1641202697102277000,170.5,3,170.5,1,171.0,48,2,2022-01-03 09:38:17
1641202697401999000,170.0,1,170.0,41,170.5,1,2,2022-01-03 09:38:17
1641202701440117000,170.5,1,170.0,41,171.0,49,1,2022-01-03 09:38:21
1641202701619972000,170.5,1,170.0,44,171.0,49,1,2022-01-03 09:38:21
1641202702679109000,170.5,1,170.0,44,171.0,49,1,2022-01-03 09:38:22
1641202702700145000,171.0,13,170.0,41,171.0,36,1,2022-01-03 09:38:22
1641202702723505000,171.0,10,170.0,45,171.0,26,1,2022-01-03 09:38:22
1641202702856561000,171.0,3,170.5,4,171.0,24,1,2022-01-03 09:38:22
1641202704116134000,171.0,4,170.5,11,171.0,19,1,2022-01-03 09:38:24
1641202704116218000,171.0,12,170.5,11,171.0,7,1,2022-01-03 09:38:24
1641202704116527000,171.0,7,170.5,11,171.5,41,1,2022-01-03 09:38:24
1641202707084958000,171.5,1,171.0,7,171.5,39,1,2022-01-03 09:38:27
1641202707254860000,171.5,1,171.0,7,171.5,38,1,2022-01-03 09:38:27
1641202707297124000,171.5,11,171.0,7,171.5,27,1,2022-01-03 09:38:27
1641202707329567000,171.5,6,171.0,7,171.5,21,1,2022-01-03 09:38:27
1641202707345368000,171.5,2,171.0,7,171.5,19,1,2022-01-03 09:38:27
1641202707345388000,171.5,10,171.0,7,171.5,9,1,2022-01-03 09:38:27
1641202707360067000,171.5,4,171.0,7,171.5,5,1,2022-01-03 09:38:27
1641202707360126000,171.5,5,171.0,7,172.0,88,1,2022-01-03 09:38:27
1641202712805504000,171.5,1,171.0,16,172.0,88,1,2022-01-03 09:38:32
1641202723530789000,171.0,3,170.0,45,171.0,19,2,2022-01-03 09:38:43
1641202723710582000,170.0,1,170.0,47,171.0,19,2,2022-01-03 09:38:43
1641202728253196000,171.0,2,170.0,47,171.0,1,2,2022-01-03 09:38:48
1641202728872628000,171.0,1,170.0,47,171.5,26,1,2022-01-03 09:38:48
1641202729214500000,171.0,4,171.0,7,171.5,29,2,2022-01-03 09:38:49
1641202729245199000,171.0,4,171.0,3,171.5,29,2,2022-01-03 09:38:49
1641202729245689000,171.0,3,170.0,47,171.5,29,2,2022-01-03 09:38:49
1641202729743564000,171.0,1,170.0,47,171.5,29,1,2022-01-03 09:38:49
1641202732123881000,170.0,2,170.0,45,171.5,30,2,2022-01-03 09:38:52
1641202742247387000,170.5,1,170.5,2,171.0,3,2,2022-01-03 09:39:02
1641202753167023000,171.0,1,170.5,9,171.0,2,1,2022-01-03 09:39:13
1641202768251937000,171.0,2,171.0,1,171.5,34,1,2022-01-03 09:39:28
1641202768286624000,171.0,1,170.5,12,171.5,34,2,2022-01-03 09:39:28
1641202769087889000,171.0,1,170.5,16,171.5,31,1,2022-01-03 09:39:29
1641202769703891000,171.0,1,170.5,16,171.5,31,2,2022-01-03 09:39:29
1641202792383439000,171.0,1,171.0,2,171.5,31,1,2022-01-03 09:39:52
1641202792406282000,171.0,2,170.5,16,171.5,31,2,2022-01-03 09:39:52
1641202799225070000,171.0,1,170.5,16,171.0,1,1,2022-01-03 09:39:59
1641202809174392000,171.0,1,171.0,14,171.5,31,1,2022-01-03 09:40:09
1641202809727501000,171.0,1,171.0,13,171.5,31,2,2022-01-03 09:40:09
1641202818755723000,171.0,8,171.0,7,171.5,31,2,2022-01-03 09:40:18
1641202818786614000,171.0,7,170.5,15,171.5,31,2,2022-01-03 09:40:18
1641202818874644000,171.0,2,170.5,15,171.5,31,2,2022-01-03 09:40:18
1641202818875170000,170.5,2,170.5,13,171.5,31,2,2022-01-03 09:40:18
1641202819017906000,171.0,1,170.5,13,171.5,31,1,2022-01-03 09:40:19
1641202831321652000,170.5,15,170.5,3,171.5,32,2,2022-01-03 09:40:31
1641202845377376000,171.0,1,170.0,63,171.0,6,1,2022-01-03 09:40:45
1641202867282044000,170.5,1,170.5,2,171.0,6,2,2022-01-03 09:41:07
1641202885686570000,170.5,1,170.0,55,171.0,7,1,2022-01-03 09:41:25
1641202891314918000,171.0,1,170.0,55,171.0,12,1,2022-01-03 09:41:31
1641202937241844000,171.0,1,170.5,15,171.0,14,1,2022-01-03 09:42:17
1641202938394091000,171.0,6,170.5,15,171.0,9,1,2022-01-03 09:42:18
1641202938548701000,171.0,1,170.5,15,171.0,8,1,2022-01-03 09:42:18
1641202939639829000,170.5,1,170.5,14,171.0,7,2,2022-01-03 09:42:19
1641202940970650000,171.0,1,170.5,14,171.0,6,1,2022-01-03 09:42:20
1641202944432288000,171.0,1,170.5,18,171.0,5,1,2022-01-03 09:42:24
1641202951450066000,171.0,1,170.5,19,171.0,9,1,2022-01-03 09:42:31
1641202983386705000,171.0,1,170.5,17,171.0,9,1,2022-01-03 09:43:03
1641202986247405000,171.0,1,170.5,17,171.0,9,1,2022-01-03 09:43:06
1641202988199107000,170.5,1,170.5,16,171.0,9,2,2022-01-03 09:43:08
1641202996378991000,171.0,9,170.5,18,171.5,37,1,2022-01-03 09:43:16
1641202998934260000,171.0,1,170.5,19,171.5,35,1,2022-01-03 09:43:18
1641203013481255000,171.5,10,170.5,24,171.5,25,1,2022-01-03 09:43:33
1641203013519140000,171.5,20,170.5,27,171.5,5,1,2022-01-03 09:43:33
1641203013561456000,171.5,5,171.0,4,172.0,91,1,2022-01-03 09:43:33
1641203018068371000,172.0,3,171.0,22,172.0,88,1,2022-01-03 09:43:38
1641203029316188000,172.0,1,171.0,23,172.0,87,1,2022-01-03 09:43:49
1641203039888093000,172.0,1,171.5,7,172.0,86,1,2022-01-03 09:43:59
1641203042847118000,172.0,5,171.5,11,172.0,81,1,2022-01-03 09:44:02
1641203052951814000,171.5,1,171.5,17,172.0,81,2,2022-01-03 09:44:12
1641203054035485000,172.0,11,171.5,117,172.0,69,1,2022-01-03 09:44:14
1641203054064105000,172.0,24,171.5,117,172.0,45,1,2022-01-03 09:44:14
1641203054064206000,172.0,24,171.5,117,172.0,21,1,2022-01-03 09:44:14
1641203054064554000,172.0,4,171.5,117,172.0,17,1,2022-01-03 09:44:14
1641203054064893000,172.0,17,171.5,117,172.5,48,1,2022-01-03 09:44:14
1641203054105110000,172.5,4,172.0,2,172.5,42,1,2022-01-03 09:44:14
1641203054148482000,172.5,1,172.0,7,172.5,41,1,2022-01-03 09:44:14
1641203054223386000,172.5,11,172.0,107,172.5,30,1,2022-01-03 09:44:14
1641203054248776000,172.5,2,172.0,107,172.5,28,1,2022-01-03 09:44:14
1641203054256273000,172.5,6,172.0,107,172.5,22,1,2022-01-03 09:44:14
1641203054272915000,172.5,11,172.0,107,172.5,11,1,2022-01-03 09:44:14
1641203054287543000,172.5,11,172.0,107,173.0,97,1,2022-01-03 09:44:14
1641203055724424000,172.0,1,172.0,106,173.0,90,2,2022-01-03 09:44:15
1641203061116858000,172.5,3,172.0,13,173.0,90,1,2022-01-03 09:44:21
1641203070479229000,172.5,1,172.0,21,172.5,21,1,2022-01-03 09:44:30
1641203070528551000,172.5,1,172.0,21,172.5,20,1,2022-01-03 09:44:30
1641203072087870000,172.0,8,172.0,16,172.5,50,2,2022-01-03 09:44:32
1641203072113144000,172.0,1,172.0,15,172.5,50,2,2022-01-03 09:44:32
1641203072672300000,172.5,2,172.0,15,172.5,48,1,2022-01-03 09:44:32
1641203074441071000,172.5,1,172.0,19,172.5,47,1,2022-01-03 09:44:34
1641203075365613000,172.5,1,172.0,19,172.5,46,1,2022-01-03 09:44:35
1641203075901694000,172.5,5,172.0,20,172.5,41,1,2022-01-03 09:44:35
1641203078095338000,172.5,3,172.0,27,172.5,39,1,2022-01-03 09:44:38
1641203081582986000,172.0,110,172.0,17,172.5,39,2,2022-01-03 09:44:41
1641203081622930000,172.0,17,171.5,21,172.5,39,2,2022-01-03 09:44:41
1641203092228848000,171.5,4,171.5,16,172.0,2,2,2022-01-03 09:44:52
1641203096873128000,171.5,1,171.5,16,172.0,3,2,2022-01-03 09:44:56
1641203097069559000,171.5,4,171.5,12,172.0,8,2,2022-01-03 09:44:57
1641203097090421000,171.5,6,171.5,6,172.0,8,2,2022-01-03 09:44:57
1641203098089743000,171.5,5,171.5,1,172.0,9,2,2022-01-03 09:44:58
1641203098119442000,171.5,1,171.0,15,172.0,9,2,2022-01-03 09:44:58
1641203101945820000,171.0,1,171.0,14,171.5,3,2,2022-01-03 09:45:01
1641203101987915000,171.0,3,171.0,10,171.5,4,2,2022-01-03 09:45:01
1641203103978959000,171.0,1,171.0,9,171.5,5,2,2022-01-03 09:45:03
1641203118489415000,171.5,1,171.0,5,171.5,9,1,2022-01-03 09:45:18
1641203121385916000,171.5,1,171.0,6,171.5,8,1,2022-01-03 09:45:21
1641203127465025000,171.5,1,171.0,7,171.5,7,1,2022-01-03 09:45:27
1641203139468161000,171.5,1,171.0,7,171.5,8,1,2022-01-03 09:45:39
1641203141922063000,171.5,1,171.0,7,171.5,7,1,2022-01-03 09:45:41
1641203148345209000,171.5,1,171.0,7,171.5,7,1,2022-01-03 09:45:48
1641203165221087000,171.5,1,171.0,9,171.5,6,1,2022-01-03 09:46:05
1641203167071339000,171.5,1,171.0,9,171.5,5,1,2022-01-03 09:46:07
1641203176058556000,171.5,1,171.0,10,171.5,4,1,2022-01-03 09:46:16
1641203190783274000,171.5,2,171.0,9,171.5,7,1,2022-01-03 09:46:30
1641203195315044000,171.5,1,171.0,14,171.5,6,1,2022-01-03 09:46:35
1641203213154267000,171.5,1,171.0,15,171.5,6,1,2022-01-03 09:46:53
1641203221739803000,171.5,1,171.0,15,171.5,5,1,2022-01-03 09:47:01
1641203222234659000,171.5,1,171.0,15,171.5,4,1,2022-01-03 09:47:02
1641203234105452000,171.5,4,171.0,15,172.0,24,1,2022-01-03 09:47:14
1641203242419081000,171.5,1,171.0,17,172.0,21,2,2022-01-03 09:47:22
1641203250102077000,171.0,1,171.0,18,172.0,22,2,2022-01-03 09:47:30
1641203259240249000,172.0,1,171.0,17,172.0,20,1,2022-01-03 09:47:39
1641203272983079000,171.5,1,171.0,19,172.0,20,2,2022-01-03 09:47:52
1641203275221534000,172.0,1,171.0,19,172.0,19,1,2022-01-03 09:47:55
1641203291403728000,171.0,1,171.0,18,172.0,22,2,2022-01-03 09:48:11
1641203305127749000,172.0,1,171.0,20,172.0,25,1,2022-01-03 09:48:25
1641203351014249000,172.0,1,171.0,24,172.0,26,1,2022-01-03 09:49:11
1641203353487396000,172.0,1,171.0,26,172.0,25,1,2022-01-03 09:49:13
1641203353858750000,171.0,1,171.0,25,172.0,26,2,2022-01-03 09:49:13
1641203355744186000,172.0,1,171.0,29,172.0,25,1,2022-01-03 09:49:15
1641203382225514000,172.0,1,171.0,34,172.0,26,1,2022-01-03 09:49:42
1641203384364734000,171.5,1,171.0,34,172.0,25,1,2022-01-03 09:49:44
1641203388551190000,172.0,1,171.0,29,172.0,24,1,2022-01-03 09:49:48
1641203388584550000,172.0,4,171.0,29,172.0,20,1,2022-01-03 09:49:48
1641203397066209000,172.0,1,171.0,29,172.0,19,1,2022-01-03 09:49:57
1641203415298187000,171.5,1,171.5,2,172.0,20,2,2022-01-03 09:50:15
1641203443209796000,172.0,1,171.5,3,172.0,19,1,2022-01-03 09:50:43
1641203447343724000,171.5,1,171.5,2,172.0,19,2,2022-01-03 09:50:47
1641203469665187000,171.5,1,171.0,25,172.0,29,2,2022-01-03 09:51:09
1641203472784133000,171.5,1,171.0,31,172.0,29,2,2022-01-03 09:51:12
1641203489354576000,172.0,1,171.0,33,172.0,28,1,2022-01-03 09:51:29
1641203503435920000,171.5,1,171.0,27,171.5,4,2,2022-01-03 09:51:43
1641203510540422000,171.5,1,171.0,26,171.5,3,1,2022-01-03 09:51:50
1641203513454951000,171.0,1,171.0,25,171.5,3,2,2022-01-03 09:51:53
1641203530027133000,171.0,25,170.5,44,171.0,75,2,2022-01-03 09:52:10
1641203535177442000,171.0,1,170.5,21,171.0,75,1,2022-01-03 09:52:15
1641203535487417000,171.0,1,170.5,21,171.0,74,1,2022-01-03 09:52:15
1641203536485938000,171.0,1,170.5,21,171.0,73,1,2022-01-03 09:52:16
1641203549908283000,171.0,1,170.5,20,171.0,72,1,2022-01-03 09:52:29
1641203550408251000,171.0,1,170.5,20,171.0,71,1,2022-01-03 09:52:30
1641203570473800000,171.0,1,170.5,22,171.0,70,1,2022-01-03 09:52:50
1641203581021007000,171.0,1,170.5,21,171.0,69,1,2022-01-03 09:53:01
1641203581208720000,171.0,10,170.5,21,171.0,59,1,2022-01-03 09:53:01
1641203581223221000,171.0,1,170.5,21,171.0,58,1,2022-01-03 09:53:01
1641203581761955000,171.0,1,170.5,121,171.0,57,1,2022-01-03 09:53:01
1641203586245297000,171.0,20,170.5,21,171.0,37,1,2022-01-03 09:53:06
1641203586270212000,171.0,1,170.5,24,171.0,36,1,2022-01-03 09:53:06
1641203586270215000,171.0,8,170.5,24,171.0,28,1,2022-01-03 09:53:06
1641203591200335000,171.0,5,170.5,24,171.0,23,1,2022-01-03 09:53:11
1641203591327093000,171.0,1,170.5,24,171.0,22,1,2022-01-03 09:53:11
1641203597449603000,171.0,1,170.5,24,171.0,21,1,2022-01-03 09:53:17
1641203605544531000,171.0,1,170.5,24,171.0,20,1,2022-01-03 09:53:25
1641203611849955000,171.0,1,170.5,24,171.0,19,1,2022-01-03 09:53:31
1641203621313375000,171.0,1,170.5,24,171.0,18,1,2022-01-03 09:53:41
1641203621383503000,171.0,2,170.5,21,171.0,16,1,2022-01-03 09:53:41
1641203625231471000,170.5,2,170.5,20,171.0,16,2,2022-01-03 09:53:45
1641203625979393000,171.0,1,170.5,20,171.0,15,1,2022-01-03 09:53:45
1641203627356416000,171.0,1,170.5,20,171.0,14,1,2022-01-03 09:53:47
1641203630557743000,171.0,1,170.5,20,171.0,13,1,2022-01-03 09:53:50
1641203673223255000,171.0,1,170.5,21,171.0,22,1,2022-01-03 09:54:33
1641203698144383000,171.0,1,170.5,20,171.0,21,1,2022-01-03 09:54:58
1641203704255733000,171.0,1,170.5,40,171.0,20,1,2022-01-03 09:55:04
1641203711163221000,171.0,1,170.5,40,171.0,19,1,2022-01-03 09:55:11
1641203719215807000,171.0,1,170.5,21,171.0,18,1,2022-01-03 09:55:19
1641203740546551000,171.0,5,170.5,21,171.0,13,1,2022-01-03 09:55:40
1641203750467281000,171.0,5,170.5,22,171.0,8,1,2022-01-03 09:55:50
1641203765300872000,171.0,1,170.5,23,171.0,8,1,2022-01-03 09:56:05
1641203792105093000,171.0,1,170.5,22,171.0,6,1,2022-01-03 09:56:32
1641203810982270000,171.0,1,170.5,22,171.0,5,1,2022-01-03 09:56:50
1641203815499427000,171.0,5,170.5,22,171.5,7,1,2022-01-03 09:56:55
1641203831578230000,170.5,1,170.5,22,171.0,1,2,2022-01-03 09:57:11
1641203837887187000,171.0,1,170.5,20,171.0,5,1,2022-01-03 09:57:17
1641203857074174000,171.5,1,170.5,22,171.5,12,1,2022-01-03 09:57:37
1641203903161582000,171.5,1,171.0,2,171.5,8,1,2022-01-03 09:58:23
1641203914738232000,171.0,5,170.5,21,171.0,105,2,2022-01-03 09:58:34
1641203914774041000,170.5,3,170.5,18,171.0,105,2,2022-01-03 09:58:34
1641203914794782000,170.5,1,170.5,17,171.0,105,2,2022-01-03 09:58:34
1641203914797920000,170.5,11,170.5,6,171.0,105,2,2022-01-03 09:58:34
1641203914815077000,170.5,6,170.0,81,171.0,105,2,2022-01-03 09:58:34
1641203914898020000,170.5,1,170.0,81,171.0,106,2,2022-01-03 09:58:34
1641203915889821000,170.0,1,170.0,77,171.0,106,2,2022-01-03 09:58:35
1641203931631324000,170.5,1,170.0,78,171.0,9,1,2022-01-03 09:58:51
1641203949067577000,171.0,1,170.0,76,171.0,9,1,2022-01-03 09:59:09
1641203961474015000,171.0,1,170.0,76,171.0,8,1,2022-01-03 09:59:21
1641203995289005000,171.0,1,170.0,75,171.0,17,1,2022-01-03 09:59:55
1641204001380660000,170.5,2,170.0,73,171.0,18,2,2022-01-03 10:00:01
1641204035440780000,170.0,1,170.0,72,170.5,30,2,2022-01-03 10:00:35
1641204035476628000,170.0,11,170.0,61,170.5,30,2,2022-01-03 10:00:35
1641204035495453000,170.0,26,170.0,35,170.5,30,2,2022-01-03 10:00:35
1641204035514852000,170.0,35,169.5,65,170.5,27,2,2022-01-03 10:00:35
1641204037571965000,170.0,1,169.5,65,170.5,33,2,2022-01-03 10:00:37
1641204041253093000,170.0,1,169.5,59,170.0,3,1,2022-01-03 10:00:41
1641204043560199000,169.5,1,169.5,57,170.5,33,2,2022-01-03 10:00:43
1641204043592771000,169.5,2,169.5,55,170.5,33,2,2022-01-03 10:00:43
1641204044994253000,169.5,1,169.5,54,170.0,3,2,2022-01-03 10:00:44
1641204046928117000,169.5,1,169.5,53,170.0,6,2,2022-01-03 10:00:46
1641204047106853000,169.5,1,169.5,52,170.0,6,2,2022-01-03 10:00:47
1641204058529987000,169.5,53,169.0,146,170.0,35,2,2022-01-03 10:00:58
1641204059866935000,169.0,3,169.0,120,169.5,4,2,2022-01-03 10:00:59
1641204059890742000,169.0,5,169.0,115,169.5,4,2,2022-01-03 10:00:59
1641204060059444000,169.0,1,169.0,112,169.5,4,2,2022-01-03 10:01:00
1641204060332200000,169.5,1,169.0,111,169.5,3,1,2022-01-03 10:01:00
1641204074158292000,169.0,3,169.0,110,169.5,27,2,2022-01-03 10:01:14
1641204082781690000,169.0,1,169.0,114,169.5,30,2,2022-01-03 10:01:22
1641204086995414000,169.0,1,169.0,112,169.5,29,2,2022-01-03 10:01:26
1641204087196095000,169.5,1,169.0,112,169.5,28,1,2022-01-03 10:01:27
1641204090542473000,169.0,1,169.0,111,169.5,27,2,2022-01-03 10:01:30
1641204090952260000,169.5,1,169.0,111,169.5,26,1,2022-01-03 10:01:30
1641204093207279000,169.0,1,169.0,110,169.5,27,2,2022-01-03 10:01:33
1641204093236938000,169.0,1,169.0,109,169.5,27,2,2022-01-03 10:01:33
1641204093832191000,169.0,1,169.0,108,169.5,26,2,2022-01-03 10:01:33
1641204094036269000,169.0,1,169.0,107,169.5,30,2,2022-01-03 10:01:34
1641204094189839000,169.5,10,169.0,107,169.5,20,1,2022-01-03 10:01:34
1641204094514520000,169.5,1,169.0,107,169.5,19,1,2022-01-03 10:01:34
1641204098884200000,169.5,5,169.0,109,169.5,10,1,2022-01-03 10:01:38
1641204100346253000,169.5,10,169.5,5,170.0,14,1,2022-01-03 10:01:40
1641204105859048000,169.5,1,169.5,4,170.0,10,2,2022-01-03 10:01:45
1641204120609624000,169.5,1,169.5,6,170.0,9,2,2022-01-03 10:02:00
1641204129091782000,170.0,1,169.5,13,170.0,8,1,2022-01-03 10:02:09
1641204132093477000,169.5,3,169.5,11,170.0,8,2,2022-01-03 10:02:12
1641204133322529000,170.0,1,169.5,11,170.0,7,1,2022-01-03 10:02:13
1641204165989822000,169.5,3,169.5,22,170.0,10,2,2022-01-03 10:02:45
1641204179466373000,170.0,1,169.5,24,170.0,9,1,2022-01-03 10:02:59
1641204182824223000,170.0,5,169.5,24,170.0,4,1,2022-01-03 10:03:02
1641204182915767000,170.0,4,169.5,24,170.5,2,1,2022-01-03 10:03:02
1641204182915767000,170.5,6,169.5,24,170.5,2,1,2022-01-03 10:03:02
1641204195899735000,170.0,2,169.5,26,170.5,6,2,2022-01-03 10:03:15
1641204201974757000,170.0,1,169.5,26,170.5,6,2,2022-01-03 10:03:21
1641204206656959000,170.5,1,169.5,31,170.5,6,1,2022-01-03 10:03:26
1641204225399923000,170.5,1,170.0,1,170.5,6,1,2022-01-03 10:03:45
1641204228834635000,170.0,1,169.5,31,170.0,5,2,2022-01-03 10:03:48
1641204231287574000,170.0,1,169.5,28,170.0,4,1,2022-01-03 10:03:51
1641204237442765000,170.0,2,169.5,28,170.0,2,1,2022-01-03 10:03:57
1641204244356534000,170.0,2,169.5,28,170.5,4,1,2022-01-03 10:04:04
1641204244356534000,170.5,3,169.5,28,170.5,4,1,2022-01-03 10:04:04
1641204250931584000,170.5,1,169.5,31,170.5,8,1,2022-01-03 10:04:10
1641204268739943000,170.0,1,169.5,36,170.5,6,1,2022-01-03 10:04:28
1641204268739943000,170.5,2,169.5,36,170.5,6,1,2022-01-03 10:04:28
1641204271473550000,170.5,1,169.5,36,170.5,5,1,2022-01-03 10:04:31
1641204281556996000,170.5,1,169.5,40,170.5,4,1,2022-01-03 10:04:41
1641204301758279000,170.5,4,170.0,3,171.0,22,1,2022-01-03 10:05:01
1641204301758279000,171.0,1,170.0,3,171.0,22,1,2022-01-03 10:05:01
1641204301869008000,171.0,8,170.0,3,171.0,17,1,2022-01-03 10:05:01
1641204315615202000,170.5,1,170.0,6,170.5,2,1,2022-01-03 10:05:15
1641204317281885000,170.5,1,170.0,8,170.5,1,1,2022-01-03 10:05:17
1641204324203479000,170.5,1,170.0,8,171.0,15,1,2022-01-03 10:05:24
1641204327409726000,170.5,1,170.0,8,171.0,10,2,2022-01-03 10:05:27
1641204351665151000,170.5,1,170.0,10,170.5,3,1,2022-01-03 10:05:51
1641204358034711000,170.5,3,170.0,8,171.0,8,1,2022-01-03 10:05:58
1641204358034711000,171.0,2,170.0,8,171.0,8,1,2022-01-03 10:05:58
1641204363157034000,171.0,1,170.0,8,171.0,10,1,2022-01-03 10:06:03
1641204409272234000,171.0,1,170.0,10,171.0,16,1,2022-01-03 10:06:49
1641204414513819000,171.0,5,170.0,10,171.0,7,1,2022-01-03 10:06:54
1641204429219680000,171.0,8,170.0,12,171.0,3,1,2022-01-03 10:07:09
1641204437458244000,171.0,1,170.0,12,171.0,3,1,2022-01-03 10:07:17
1641204441419892000,171.0,6,170.0,12,171.5,245,1,2022-01-03 10:07:21
1641204441419892000,171.5,16,170.0,12,171.5,245,1,2022-01-03 10:07:21
1641204441531807000,171.5,22,170.0,12,171.5,223,1,2022-01-03 10:07:21
1641204441665600000,171.5,22,170.0,15,171.5,201,1,2022-01-03 10:07:21
1641204449805127000,171.0,1,170.0,14,171.0,3,1,2022-01-03 10:07:29
1641204450532690000,171.0,1,170.5,1,171.0,2,1,2022-01-03 10:07:30
1641204450700584000,171.0,1,170.5,1,171.0,1,1,2022-01-03 10:07:30
1641204451470399000,171.0,1,170.5,1,171.5,198,1,2022-01-03 10:07:31
1641204451806621000,171.0,1,170.5,1,171.5,198,2,2022-01-03 10:07:31
1641204452481911000,171.5,1,170.5,1,171.5,199,1,2022-01-03 10:07:32
1641204452630709000,171.5,1,170.5,1,171.5,198,1,2022-01-03 10:07:32
1641204452789723000,171.5,1,170.5,1,171.5,197,1,2022-01-03 10:07:32
1641204452977778000,171.5,1,170.5,1,171.5,196,1,2022-01-03 10:07:32
1641204453892526000,171.5,1,170.5,1,171.5,195,1,2022-01-03 10:07:33
1641204454082534000,171.5,1,170.5,1,171.5,194,1,2022-01-03 10:07:34
1641204454259188000,171.5,1,170.5,1,171.5,193,1,2022-01-03 10:07:34
1641204454398055000,171.5,1,170.5,1,171.5,192,1,2022-01-03 10:07:34
1641204454582790000,171.5,1,170.5,1,171.5,191,1,2022-01-03 10:07:34
1641204455146117000,171.5,1,170.5,1,171.5,190,1,2022-01-03 10:07:35
1641204455240029000,171.5,1,170.5,4,171.5,189,1,2022-01-03 10:07:35
1641204455390154000,171.5,1,170.5,4,171.5,188,1,2022-01-03 10:07:35
1641204455560755000,171.5,1,170.5,7,171.5,187,1,2022-01-03 10:07:35
1641204455701020000,171.5,1,170.5,7,171.5,186,1,2022-01-03 10:07:35
1641204455874603000,171.5,1,170.5,7,171.5,185,1,2022-01-03 10:07:35
1641204456045866000,171.5,1,170.5,7,171.5,184,1,2022-01-03 10:07:36
1641204456227146000,171.5,1,170.5,7,171.5,183,1,2022-01-03 10:07:36
1641204457256328000,171.5,1,171.0,1,171.5,182,1,2022-01-03 10:07:37
1641204457418000000,171.5,1,171.0,1,171.5,181,1,2022-01-03 10:07:37
1641204457620527000,171.5,1,171.0,1,171.5,180,1,2022-01-03 10:07:37
1641204458639773000,171.5,1,171.0,1,171.5,179,1,2022-01-03 10:07:38
1641204458769810000,171.5,1,171.0,1,171.5,178,1,2022-01-03 10:07:38
1641204458938259000,171.5,1,171.0,1,171.5,177,1,2022-01-03 10:07:38
1641204459130129000,171.5,1,171.0,1,171.5,176,1,2022-01-03 10:07:39
1641204459315175000,171.5,1,171.0,1,171.5,175,1,2022-01-03 10:07:39
1641204459484480000,171.5,1,171.0,1,171.5,174,1,2022-01-03 10:07:39
1641204459656256000,171.5,1,171.0,1,171.5,173,1,2022-01-03 10:07:39
1641204460768568000,171.5,1,171.0,1,171.5,172,1,2022-01-03 10:07:40
1641204460924767000,171.5,1,171.0,1,171.5,171,1,2022-01-03 10:07:40
1641204462080537000,171.5,1,171.0,1,171.5,170,1,2022-01-03 10:07:42
1641204462303702000,171.5,1,171.0,1,171.5,169,1,2022-01-03 10:07:42
1641204462447220000,171.5,1,171.0,1,171.5,168,1,2022-01-03 10:07:42
1641204474772731000,171.5,11,170.5,11,171.5,159,1,2022-01-03 10:07:54
1641204474929187000,171.5,11,170.5,11,171.5,148,1,2022-01-03 10:07:54
1641204474990820000,171.5,5,170.5,11,171.5,143,1,2022-01-03 10:07:54
1641204475062347000,171.5,1,170.5,11,171.5,142,1,2022-01-03 10:07:55
1641204475102510000,171.5,11,170.5,11,171.5,131,1,2022-01-03 10:07:55
1641204475215924000,171.5,11,170.5,12,171.5,120,1,2022-01-03 10:07:55
1641204483743318000,171.5,4,170.5,112,171.5,116,1,2022-01-03 10:08:03
1641204487677737000,171.0,1,170.5,9,171.5,116,2,2022-01-03 10:08:07
1641204500236262000,171.0,1,170.5,9,171.5,116,1,2022-01-03 10:08:20
1641204501230305000,171.5,1,170.5,8,171.5,115,1,2022-01-03 10:08:21
1641204511907024000,171.0,1,170.5,7,171.5,115,2,2022-01-03 10:08:31
1641204531543549000,171.5,5,170.5,8,171.5,110,1,2022-01-03 10:08:51
1641204532167981000,171.0,1,170.5,8,171.5,110,2,2022-01-03 10:08:52
1641204537115121000,171.5,10,170.5,8,171.5,100,1,2022-01-03 10:08:57
1641204538675732000,171.0,1,170.5,8,171.5,100,2,2022-01-03 10:08:58
1641204541674259000,171.0,1,170.5,8,171.5,100,2,2022-01-03 10:09:01
1641204547123846000,171.5,1,170.5,8,171.5,99,1,2022-01-03 10:09:07
1641204551833665000,171.0,1,170.5,5,171.5,92,1,2022-01-03 10:09:11
1641204551833665000,171.5,7,170.5,5,171.5,92,1,2022-01-03 10:09:11
1641204558873161000,171.0,1,170.5,10,171.5,92,2,2022-01-03 10:09:18
1641204559931880000,170.5,1,170.5,9,171.5,92,2,2022-01-03 10:09:19
1641204588623831000,171.5,5,170.5,11,171.5,88,1,2022-01-03 10:09:48
1641204593161606000,171.5,1,170.5,15,171.5,87,1,2022-01-03 10:09:53
1641204602760372000,171.5,1,170.5,15,171.5,86,1,2022-01-03 10:10:02
1641204602917731000,171.5,1,170.5,15,171.5,85,1,2022-01-03 10:10:02
1641204603100850000,171.5,1,170.5,15,171.5,84,1,2022-01-03 10:10:03
1641204603286145000,171.5,1,170.5,15,171.5,83,1,2022-01-03 10:10:03
1641204605133214000,171.5,1,170.5,16,171.5,82,1,2022-01-03 10:10:05
1641204612650372000,171.5,1,170.5,16,171.5,81,1,2022-01-03 10:10:12
1641204612848415000,171.5,1,170.5,16,171.5,80,1,2022-01-03 10:10:12
1641204613026233000,171.5,1,170.5,16,171.5,79,1,2022-01-03 10:10:13
1641204615152004000,171.5,1,170.5,16,171.5,78,1,2022-01-03 10:10:15
1641204615349558000,171.5,1,170.5,16,171.5,77,1,2022-01-03 10:10:15
1641204615527296000,171.5,1,170.5,16,171.5,76,1,2022-01-03 10:10:15
1641204618536778000,171.5,1,170.5,16,171.5,75,1,2022-01-03 10:10:18
1641204618724130000,171.5,1,170.5,16,171.5,74,1,2022-01-03 10:10:18
1641204620356926000,171.5,1,170.5,16,171.5,73,1,2022-01-03 10:10:20
1641204620563591000,171.5,1,170.5,16,171.5,72,1,2022-01-03 10:10:20
1641204640324322000,171.5,1,170.5,20,171.5,71,1,2022-01-03 10:10:40
1641204649189023000,171.5,5,170.5,17,171.5,67,1,2022-01-03 10:10:49
1641204670376734000,171.0,1,170.5,22,171.5,67,2,2022-01-03 10:11:10
1641204675310984000,171.5,8,170.5,18,171.5,59,1,2022-01-03 10:11:15
1641204679093973000,171.0,1,170.5,18,171.5,59,2,2022-01-03 10:11:19
1641204681491693000,171.0,1,170.5,18,171.5,59,2,2022-01-03 10:11:21
1641204687259893000,171.5,1,170.5,18,171.5,58,1,2022-01-03 10:11:27
1641204694887814000,171.0,1,170.5,12,171.0,21,1,2022-01-03 10:11:34
1641204706267939000,171.0,5,170.5,10,171.0,16,1,2022-01-03 10:11:46
1641204734405565000,171.0,1,170.5,10,171.0,16,1,2022-01-03 10:12:14
1641204762884602000,171.0,5,170.5,9,171.0,11,1,2022-01-03 10:12:42
1641204781340553000,171.0,1,170.5,9,171.0,10,1,2022-01-03 10:13:01
1641204797798794000,171.0,8,170.5,9,171.0,2,1,2022-01-03 10:13:17
1641204797822508000,171.0,2,170.5,9,171.5,62,1,2022-01-03 10:13:17
1641204822437715000,171.0,1,170.5,10,171.5,62,2,2022-01-03 10:13:42
1641204823237826000,171.5,5,170.5,10,171.5,57,1,2022-01-03 10:13:43
1641204828476071000,171.5,1,170.5,19,171.5,56,1,2022-01-03 10:13:48
1641204870860517000,171.5,5,170.5,19,171.5,49,1,2022-01-03 10:14:30
1641204875312252000,171.5,1,170.5,19,171.5,48,1,2022-01-03 10:14:35
1641204878173014000,171.5,5,170.5,19,171.5,43,1,2022-01-03 10:14:38
1641204893539888000,171.5,10,170.5,19,171.5,33,1,2022-01-03 10:14:53
1641204898011941000,171.5,33,170.5,20,172.0,127,1,2022-01-03 10:14:58
1641204898011941000,172.0,77,170.5,20,172.0,127,1,2022-01-03 10:14:58
1641204905929017000,171.5,5,171.0,5,172.0,127,2,2022-01-03 10:15:05
1641204907726323000,172.0,1,171.0,5,172.0,126,1,2022-01-03 10:15:07
1641204907897513000,172.0,1,171.5,1,172.0,125,1,2022-01-03 10:15:07
1641204908102779000,172.0,1,171.5,1,172.0,124,1,2022-01-03 10:15:08
1641204908302952000,172.0,1,171.5,1,172.0,123,1,2022-01-03 10:15:08
1641204908458181000,172.0,1,171.5,1,172.0,122,1,2022-01-03 10:15:08
1641204912876698000,172.0,1,171.5,1,172.0,121,1,2022-01-03 10:15:12
1641204913021199000,172.0,1,171.5,1,172.0,120,1,2022-01-03 10:15:13
1641204913194218000,172.0,1,171.5,1,172.0,119,1,2022-01-03 10:15:13
1641204913425132000,172.0,1,171.5,1,172.0,118,1,2022-01-03 10:15:13
1641204920352526000,172.0,41,171.5,156,172.0,77,1,2022-01-03 10:15:20
1641204920373086000,172.0,12,171.5,156,172.0,65,1,2022-01-03 10:15:20
1641204920373498000,172.0,2,171.5,156,172.0,63,1,2022-01-03 10:15:20
1641204920713173000,172.0,42,171.5,200,172.0,21,1,2022-01-03 10:15:20
1641204920713987000,172.0,21,171.5,200,172.5,120,1,2022-01-03 10:15:20
1641204921737382000,171.5,1,171.5,5,172.5,115,2,2022-01-03 10:15:21
1641204921785002000,172.5,2,171.5,5,172.5,113,1,2022-01-03 10:15:21
1641204922342513000,172.5,1,171.5,5,172.5,112,1,2022-01-03 10:15:22
1641204923848263000,171.5,5,171.0,6,172.0,1,2,2022-01-03 10:15:23
1641204924135956000,172.0,2,171.0,6,172.5,150,1,2022-01-03 10:15:24
1641204924135956000,172.5,6,171.0,6,172.5,150,1,2022-01-03 10:15:24
1641204925890702000,172.5,1,171.5,1,172.5,149,1,2022-01-03 10:15:25
1641204932085302000,172.0,1,171.5,2,172.5,149,2,2022-01-03 10:15:32
1641204932645653000,172.5,1,171.5,5,172.5,148,1,2022-01-03 10:15:32
1641204936539184000,172.0,1,171.5,5,172.5,148,2,2022-01-03 10:15:36
1641204938015459000,171.5,2,171.5,4,172.5,148,2,2022-01-03 10:15:38
1641204939970077000,172.5,5,171.5,15,172.5,143,1,2022-01-03 10:15:39
1641204946133296000,171.5,4,171.0,9,172.5,143,2,2022-01-03 10:15:46
1641204953122171000,172.0,2,171.0,21,172.5,142,1,2022-01-03 10:15:53
1641204954515540000,172.5,1,171.0,26,172.5,141,1,2022-01-03 10:15:54
1641204967569870000,172.5,1,171.5,7,172.5,138,1,2022-01-03 10:16:07
1641204967756134000,172.0,1,171.5,7,172.5,138,2,2022-01-03 10:16:07
1641204968793062000,172.0,1,172.0,2,172.5,138,1,2022-01-03 10:16:08
1641204968814074000,172.0,2,171.5,4,172.5,138,2,2022-01-03 10:16:08
1641204969010273000,172.5,1,171.5,4,172.5,137,1,2022-01-03 10:16:09
1641204982669537000,172.0,1,171.5,9,172.5,137,1,2022-01-03 10:16:22
1641204995208633000,172.0,5,171.5,9,172.0,5,1,2022-01-03 10:16:35
1641204995306364000,172.0,1,171.5,9,172.0,4,1,2022-01-03 10:16:35
1641204997134795000,172.0,4,171.5,9,172.5,142,1,2022-01-03 10:16:37
1641204997134795000,172.5,106,171.5,9,172.5,142,1,2022-01-03 10:16:37
1641205000115455000,172.5,1,171.5,9,172.5,141,1,2022-01-03 10:16:40
1641205007652786000,172.5,2,172.0,2,172.5,139,1,2022-01-03 10:16:47
1641205007964745000,172.5,1,172.0,2,172.5,138,1,2022-01-03 10:16:47
1641205009353644000,172.0,1,172.0,1,172.5,138,2,2022-01-03 10:16:49
1641205011753368000,172.5,1,172.0,23,172.5,136,1,2022-01-03 10:16:51
1641205012039652000,172.5,11,172.0,45,172.5,125,1,2022-01-03 10:16:52
1641205012162547000,172.5,11,172.0,45,172.5,114,1,2022-01-03 10:16:52
1641205012329546000,172.5,11,172.0,45,172.5,103,1,2022-01-03 10:16:52
1641205012503152000,172.5,11,172.0,45,172.5,92,1,2022-01-03 10:16:52
1641205012631239000,172.5,11,172.0,45,172.5,81,1,2022-01-03 10:16:52
1641205012663475000,172.5,2,172.0,45,172.5,79,1,2022-01-03 10:16:52
1641205012811272000,172.5,11,172.0,45,172.5,68,1,2022-01-03 10:16:52
1641205012841082000,172.5,3,172.0,45,172.5,65,1,2022-01-03 10:16:52
1641205012959424000,172.5,11,172.0,45,172.5,54,1,2022-01-03 10:16:52
1641205012994749000,172.5,3,172.0,45,172.5,51,1,2022-01-03 10:16:52
1641205013062399000,172.5,1,172.0,45,172.5,50,1,2022-01-03 10:16:53
1641205013097317000,172.5,1,172.0,45,172.5,49,1,2022-01-03 10:16:53
1641205013120264000,172.5,11,172.0,45,172.5,38,1,2022-01-03 10:16:53
1641205015160294000,172.5,1,172.0,6,172.5,37,1,2022-01-03 10:16:55
1641205016299819000,172.5,1,172.0,6,172.5,36,1,2022-01-03 10:16:56
1641205016609532000,172.5,1,172.0,8,172.5,35,1,2022-01-03 10:16:56
1641205016761120000,172.5,2,172.0,8,172.5,33,1,2022-01-03 10:16:56
1641205018061681000,172.5,1,172.0,8,172.5,32,1,2022-01-03 10:16:58
1641205020542857000,172.5,1,172.0,12,172.5,31,1,2022-01-03 10:17:00
1641205020562889000,172.5,1,172.0,12,172.5,30,1,2022-01-03 10:17:00
1641205025001486000,172.5,2,172.0,13,172.5,28,1,2022-01-03 10:17:05
1641205025842348000,172.5,1,172.0,13,172.5,27,1,2022-01-03 10:17:05
1641205028553894000,172.5,1,172.0,17,172.5,27,1,2022-01-03 10:17:08
1641205033766237000,172.5,1,172.0,16,172.5,27,1,2022-01-03 10:17:13
1641205040691635000,172.5,1,172.0,36,172.5,29,1,2022-01-03 10:17:20
1641205044900431000,172.5,1,172.0,12,172.5,28,1,2022-01-03 10:17:24
1641205046025403000,172.5,8,172.0,13,172.5,20,1,2022-01-03 10:17:26
1641205048152245000,172.5,1,172.0,13,172.5,19,1,2022-01-03 10:17:28
1641205051197270000,172.5,5,172.0,13,172.5,14,1,2022-01-03 10:17:31
1641205053622292000,172.5,1,172.0,11,172.5,13,1,2022-01-03 10:17:33
1641205058241990000,172.5,1,172.0,10,172.5,12,1,2022-01-03 10:17:38
1641205061665407000,172.5,1,172.0,8,172.5,11,1,2022-01-03 10:17:41
1641205063183198000,172.5,1,172.0,9,172.5,10,1,2022-01-03 10:17:43
1641205067620824000,172.5,1,172.0,9,172.5,10,1,2022-01-03 10:17:47
1641205070025266000,172.5,1,172.0,8,172.5,9,1,2022-01-03 10:17:50
1641205072037430000,172.5,2,172.0,9,172.5,7,1,2022-01-03 10:17:52
1641205077700329000,172.5,1,172.0,9,172.5,29,1,2022-01-03 10:17:57
1641205109948428000,172.5,3,172.0,10,172.5,33,1,2022-01-03 10:18:29
1641205110272235000,172.5,1,172.0,10,172.5,32,1,2022-01-03 10:18:30
1641205112042572000,172.5,5,172.0,10,172.5,27,1,2022-01-03 10:18:32
1641205114050761000,172.5,5,172.0,10,172.5,22,1,2022-01-03 10:18:34
1641205119594260000,172.5,1,172.0,31,172.5,21,1,2022-01-03 10:18:39
1641205122899040000,172.5,1,172.0,36,172.5,20,1,2022-01-03 10:18:42
1641205124409476000,172.5,3,172.0,36,172.5,17,1,2022-01-03 10:18:44
1641205127039057000,172.5,1,172.0,36,172.5,16,1,2022-01-03 10:18:47
1641205137651567000,172.5,2,172.0,36,172.5,14,1,2022-01-03 10:18:57
1641205142883876000,172.5,1,172.0,37,172.5,13,1,2022-01-03 10:19:02
1641205145965356000,172.5,1,172.0,37,172.5,12,1,2022-01-03 10:19:05
1641205157151417000,172.5,1,172.0,39,172.5,12,1,2022-01-03 10:19:17
1641205168801798000,172.5,5,172.0,39,172.5,12,1,2022-01-03 10:19:28
1641205170661447000,172.5,5,172.0,39,172.5,7,1,2022-01-03 10:19:30
1641205172598246000,172.5,1,172.0,39,172.5,7,1,2022-01-03 10:19:32
1641205173745323000,172.5,8,172.0,39,173.0,158,1,2022-01-03 10:19:33
1641205177533802000,172.5,1,172.5,2,173.0,158,2,2022-01-03 10:19:37
1641205177568030000,172.5,2,172.0,42,173.0,158,2,2022-01-03 10:19:37
1641205178074795000,172.5,1,172.0,42,173.0,158,2,2022-01-03 10:19:38
1641205178576669000,172.5,2,172.0,42,173.0,158,2,2022-01-03 10:19:38
1641205179764191000,172.5,1,172.0,42,173.0,158,2,2022-01-03 10:19:39
1641205189877897000,172.0,29,172.0,8,172.5,26,2,2022-01-03 10:19:49
1641205189898473000,172.0,8,171.5,20,172.5,26,2,2022-01-03 10:19:49
1641205190601265000,172.0,1,171.5,16,172.0,43,1,2022-01-03 10:19:50
1641205191937332000,172.0,1,171.5,16,172.0,42,1,2022-01-03 10:19:51
1641205202875755000,171.5,15,171.0,47,172.0,44,2,2022-01-03 10:20:02
1641205204415379000,172.0,1,171.0,47,172.0,43,1,2022-01-03 10:20:04
1641205206416226000,172.0,1,171.0,35,172.0,42,1,2022-01-03 10:20:06
1641205230348973000,172.0,5,171.5,3,172.0,40,1,2022-01-03 10:20:30
1641205242118513000,171.5,3,171.0,31,172.0,40,2,2022-01-03 10:20:42
1641205245529210000,172.0,10,171.0,31,172.0,30,1,2022-01-03 10:20:45
1641205249811706000,172.0,1,171.0,33,172.0,29,1,2022-01-03 10:20:49
1641205251561923000,172.0,1,171.0,33,172.0,28,1,2022-01-03 10:20:51
1641205283000190000,171.5,1,171.0,37,171.5,10,1,2022-01-03 10:21:23
1641205285602647000,171.5,5,171.0,37,171.5,5,1,2022-01-03 10:21:25
1641205296020130000,172.0,8,171.0,38,172.0,29,1,2022-01-03 10:21:36
1641205298293071000,172.0,1,171.0,38,172.0,28,1,2022-01-03 10:21:38
1641205312751611000,172.0,1,171.5,1,172.0,32,1,2022-01-03 10:21:52
1641205342491260000,172.0,5,171.5,5,172.0,28,1,2022-01-03 10:22:22
1641205344449294000,172.0,1,171.5,5,172.0,27,1,2022-01-03 10:22:24
1641205345425770000,172.0,1,171.5,5,172.0,26,1,2022-01-03 10:22:25
1641205353291360000,172.0,4,171.5,10,172.0,22,1,2022-01-03 10:22:33
1641205372969312000,172.0,1,171.5,12,172.0,22,1,2022-01-03 10:22:52
1641205392364335000,172.0,1,171.5,7,172.0,21,1,2022-01-03 10:23:12
1641205400903060000,172.0,1,171.5,7,172.0,20,1,2022-01-03 10:23:20
1641205403599361000,172.0,5,171.5,7,172.0,15,1,2022-01-03 10:23:23
1641205408534097000,172.0,1,171.5,7,172.0,17,1,2022-01-03 10:23:28
1641205417945966000,172.0,8,171.5,7,172.0,9,1,2022-01-03 10:23:37
1641205420728307000,172.0,1,171.5,7,172.0,8,1,2022-01-03 10:23:40
1641205420745783000,172.0,1,171.5,7,172.0,7,1,2022-01-03 10:23:40
1641205422762168000,172.0,1,171.5,7,172.0,6,1,2022-01-03 10:23:42
1641205439497260000,172.0,1,171.5,7,172.0,5,1,2022-01-03 10:23:59
1641205459456247000,172.0,5,171.5,14,172.0,4,1,2022-01-03 10:24:19
1641205486491565000,172.0,1,171.5,15,172.0,6,1,2022-01-03 10:24:46
1641205496754216000,172.0,1,171.5,15,172.0,7,1,2022-01-03 10:24:56
1641205497389561000,172.0,5,171.5,10,172.0,2,1,2022-01-03 10:24:57
1641205515631749000,172.0,4,171.5,10,172.5,58,1,2022-01-03 10:25:15
1641205515631749000,172.5,1,171.5,10,172.5,58,1,2022-01-03 10:25:15
1641205533356870000,172.5,1,171.5,13,172.5,57,1,2022-01-03 10:25:33
1641205541863373000,172.0,1,171.5,14,172.5,57,2,2022-01-03 10:25:41
1641205545935011000,172.5,8,171.5,15,172.5,49,1,2022-01-03 10:25:45
1641205556407444000,172.0,1,171.5,18,172.5,49,2,2022-01-03 10:25:56
1641205565664407000,172.0,1,171.5,14,172.0,1,1,2022-01-03 10:26:05
1641205576725605000,172.0,1,171.5,14,172.5,45,1,2022-01-03 10:26:16
1641205576725605000,172.5,4,171.5,14,172.5,45,1,2022-01-03 10:26:16
1641205580249956000,172.5,1,171.5,14,172.5,48,1,2022-01-03 10:26:20
1641205599946113000,172.0,1,171.5,16,172.5,49,2,2022-01-03 10:26:39
1641205601609227000,172.5,10,171.5,16,172.5,39,1,2022-01-03 10:26:41
1641205612974084000,172.0,1,171.5,17,172.5,40,2,2022-01-03 10:26:52
1641205627323996000,172.5,1,171.5,17,172.5,41,1,2022-01-03 10:27:07
1641205632931150000,172.5,5,171.5,21,172.5,36,1,2022-01-03 10:27:12
1641205638731616000,172.5,1,171.5,21,172.5,35,1,2022-01-03 10:27:18
1641205668203792000,172.5,8,172.0,1,172.5,29,1,2022-01-03 10:27:48
1641205674224732000,172.5,1,172.0,1,172.5,28,1,2022-01-03 10:27:54
1641205693776004000,172.5,5,172.0,4,172.5,25,1,2022-01-03 10:28:13
1641205721134744000,172.5,1,172.0,4,172.5,24,1,2022-01-03 10:28:41
1641205721304167000,172.5,1,172.0,4,172.5,23,1,2022-01-03 10:28:41
1641205749609328000,172.5,5,172.0,5,172.5,18,1,2022-01-03 10:29:09
1641205761311362000,172.5,1,172.0,5,172.5,17,1,2022-01-03 10:29:21
1641205762113854000,172.5,17,172.5,3,173.0,170,1,2022-01-03 10:29:22
1641205768016681000,172.5,4,172.5,1,173.0,170,2,2022-01-03 10:29:28
1641205768040210000,172.5,1,172.0,5,173.0,170,2,2022-01-03 10:29:28
1641205768236990000,172.5,1,172.0,8,173.0,170,1,2022-01-03 10:29:28
1641205790412281000,173.0,8,172.0,10,173.0,161,1,2022-01-03 10:29:50
1641205793205133000,172.0,2,172.0,14,173.0,161,2,2022-01-03 10:29:53
1641205805271882000,173.0,5,172.0,9,173.0,156,1,2022-01-03 10:30:05
1641205815290196000,173.0,1,172.0,23,173.0,155,1,2022-01-03 10:30:15
1641205845885686000,172.5,5,172.5,20,173.0,162,2,2022-01-03 10:30:45
1641205848570927000,172.5,1,172.5,19,173.0,163,2,2022-01-03 10:30:48
1641205849874730000,172.5,2,172.5,17,173.0,165,2,2022-01-03 10:30:49
1641205862410890000,173.0,1,172.5,17,173.0,164,1,2022-01-03 10:31:02
1641205865783418000,172.5,1,172.5,16,173.0,164,2,2022-01-03 10:31:05
1641205865935441000,173.0,5,172.5,16,173.0,159,1,2022-01-03 10:31:05
1641205866421123000,172.5,1,172.5,15,173.0,159,2,2022-01-03 10:31:06
1641205875892775000,172.5,1,172.5,15,173.0,159,2,2022-01-03 10:31:15
1641205881237720000,172.5,5,172.5,10,173.0,158,2,2022-01-03 10:31:21
1641205891679154000,172.5,3,172.5,7,173.0,159,2,2022-01-03 10:31:31
1641205900045694000,172.5,1,172.5,6,173.0,160,2,2022-01-03 10:31:40
1641205900347731000,172.5,1,172.5,5,173.0,160,2,2022-01-03 10:31:40
1641205904270162000,172.5,1,172.5,4,173.0,160,2,2022-01-03 10:31:44
1641205905388164000,172.5,2,172.5,2,173.0,160,2,2022-01-03 10:31:45
1641205908836574000,172.5,1,172.5,1,173.0,159,2,2022-01-03 10:31:48
1641205909344701000,173.0,1,172.5,1,173.0,158,1,2022-01-03 10:31:49
1641205909556363000,172.5,1,172.0,20,173.0,157,2,2022-01-03 10:31:49
1641205913395269000,172.5,1,172.0,20,173.0,157,1,2022-01-03 10:31:53
1641205916988223000,172.5,1,172.0,20,173.0,151,1,2022-01-03 10:31:56
1641205916988223000,173.0,7,172.0,20,173.0,151,1,2022-01-03 10:31:56
1641205922737178000,173.0,5,172.5,1,173.0,145,1,2022-01-03 10:32:02
1641205932403478000,173.0,1,172.5,1,173.0,145,1,2022-01-03 10:32:12
1641205952335796000,173.0,10,172.5,6,173.0,138,1,2022-01-03 10:32:32
1641205956492202000,173.0,1,172.5,29,173.0,137,1,2022-01-03 10:32:36
1641205963751734000,173.0,40,172.5,27,173.0,97,1,2022-01-03 10:32:43
1641205963776839000,173.0,9,172.5,27,173.0,88,1,2022-01-03 10:32:43
1641205963780905000,173.0,11,172.5,31,173.0,77,1,2022-01-03 10:32:43
1641205963808436000,173.0,77,172.5,34,173.5,48,1,2022-01-03 10:32:43
1641205964060950000,172.5,1,172.5,33,173.5,48,2,2022-01-03 10:32:44
1641205969411003000,173.0,1,173.0,10,173.5,48,2,2022-01-03 10:32:49
1641205975471592000,173.5,1,173.0,20,173.5,46,1,2022-01-03 10:32:55
1641205975498536000,173.5,4,173.0,20,173.5,42,1,2022-01-03 10:32:55
1641205975527200000,173.5,1,173.0,20,173.5,46,1,2022-01-03 10:32:55
1641205980270917000,173.5,1,173.0,19,173.5,45,1,2022-01-03 10:33:00
1641205982854803000,173.5,5,173.0,22,173.5,39,1,2022-01-03 10:33:02
1641205984381920000,173.5,1,173.0,22,173.5,38,1,2022-01-03 10:33:04
1641205986143917000,173.5,2,173.0,23,173.5,36,1,2022-01-03 10:33:06
1641205989230430000,173.5,1,173.0,24,173.5,34,1,2022-01-03 10:33:09
1641205993843346000,173.5,3,173.0,12,173.5,40,1,2022-01-03 10:33:13
1641205996095062000,173.5,2,173.0,12,173.5,38,1,2022-01-03 10:33:16
1641205996652258000,173.5,1,173.0,12,173.5,37,1,2022-01-03 10:33:16
1641205997160800000,173.5,8,173.0,12,173.5,29,1,2022-01-03 10:33:17
1641205997472280000,173.0,1,173.0,11,173.5,29,2,2022-01-03 10:33:17
1641206003415876000,173.5,1,173.0,11,173.5,28,1,2022-01-03 10:33:23
1641206014729006000,173.0,1,173.0,11,173.5,31,2,2022-01-03 10:33:34
1641206022990041000,173.0,2,173.0,10,173.5,30,2,2022-01-03 10:33:42
1641206026121493000,173.0,1,173.0,10,173.5,30,2,2022-01-03 10:33:46
1641206031959788000,173.0,1,173.0,22,173.5,31,2,2022-01-03 10:33:51
1641206035303169000,173.0,1,173.0,21,173.5,31,2,2022-01-03 10:33:55
1641206039300194000,173.5,5,173.0,22,173.5,27,1,2022-01-03 10:33:59
1641206039382934000,173.5,8,173.0,22,173.5,19,1,2022-01-03 10:33:59
1641206039466945000,173.0,1,173.0,21,173.5,19,2,2022-01-03 10:33:59
1641206040521687000,173.0,1,173.0,20,173.5,20,2,2022-01-03 10:34:00
1641206043646228000,173.5,1,173.0,21,173.5,20,1,2022-01-03 10:34:03
1641206050346246000,173.5,1,173.0,26,173.5,21,1,2022-01-03 10:34:10
1641206055275358000,173.5,1,173.0,27,173.5,21,1,2022-01-03 10:34:15
1641206069712640000,173.5,1,173.0,29,173.5,19,1,2022-01-03 10:34:29
1641206076917184000,173.5,10,173.0,28,173.5,10,1,2022-01-03 10:34:36
1641206078756473000,173.5,3,173.0,28,173.5,8,1,2022-01-03 10:34:38
1641206078980698000,173.5,1,173.0,29,173.5,7,1,2022-01-03 10:34:38
