ts,close,volume,bid_price,bid_volume,ask_price,ask_volume,tick_type,datetime
1654160402194025000,27.8,493,27.8,9,27.85,35,1,2022-06-02 09:00:02
1654160402221369000,27.8,9,27.7,15,27.85,35,2,2022-06-02 09:00:02
1654160402237961000,27.7,3,27.7,12,27.85,35,2,2022-06-02 09:00:02
1654160402343237000,27.7,1,27.7,11,27.8,3,2,2022-06-02 09:00:02
1654160402374834000,27.8,1,27.7,11,27.8,2,1,2022-06-02 09:00:02
1654160402377292000,27.7,1,27.7,10,27.8,2,2,2022-06-02 09:00:02
1654160402652060000,27.7,1,27.7,9,27.8,2,2,2022-06-02 09:00:02
1654160402913012000,27.8,1,27.7,9,27.8,1,1,2022-06-02 09:00:02
1654160402952885000,27.7,1,27.7,8,27.8,1,2,2022-06-02 09:00:02
1654160403219256000,27.7,8,27.65,2,27.7,28,2,2022-06-02 09:00:03
1654160403230809000,27.65,2,27.6,11,27.65,34,2,2022-06-02 09:00:03
1654160403343572000,27.6,2,27.6,9,27.65,34,2,2022-06-02 09:00:03
1654160403723527000,27.65,3,27.6,9,27.65,31,1,2022-06-02 09:00:03
1654160404042921000,27.65,1,27.6,9,27.65,30,1,2022-06-02 09:00:04
1654160404074596000,27.6,9,27.55,3,27.65,30,2,2022-06-02 09:00:04
1654160405244062000,27.65,1,27.55,3,27.65,30,1,2022-06-02 09:00:05
1654160406100414000,27.65,1,27.55,3,27.65,29,1,2022-06-02 09:00:06
1654160406568414000,27.65,1,27.55,3,27.65,28,1,2022-06-02 09:00:06
1654160406881887000,27.65,1,27.6,1,27.65,27,1,2022-06-02 09:00:06
1654160407244100000,27.6,1,27.55,3,27.65,27,2,2022-06-02 09:00:07
1654160407325899000,27.65,1,27.55,3,27.65,26,1,2022-06-02 09:00:07
1654160407365749000,27.55,2,27.55,1,27.65,27,2,2022-06-02 09:00:07
1654160408035795000,27.65,2,27.6,1,27.65,25,1,2022-06-02 09:00:08
1654160408152438000,27.6,1,27.55,2,27.65,25,2,2022-06-02 09:00:08
1654160408342372000,27.65,2,27.55,2,27.65,23,1,2022-06-02 09:00:08
1654160408367237000,27.65,1,27.55,2,27.65,22,1,2022-06-02 09:00:08
1654160408401854000,27.65,7,27.55,2,27.65,15,1,2022-06-02 09:00:08
1654160408912205000,27.6,5,27.55,2,27.6,5,1,2022-06-02 09:00:08
1654160408940464000,27.6,5,27.55,2,27.65,15,1,2022-06-02 09:00:08
1654160409116019000,27.65,1,27.55,2,27.65,14,1,2022-06-02 09:00:09
1654160409160711000,27.65,1,27.55,2,27.65,13,1,2022-06-02 09:00:09
1654160409784296000,27.6,1,27.55,3,27.65,13,2,2022-06-02 09:00:09
1654160410300215000,27.55,1,27.55,2,27.65,13,2,2022-06-02 09:00:10
1654160410315040000,27.55,2,27.5,59,27.65,13,2,2022-06-02 09:00:10
1654160410315040000,27.5,3,27.5,59,27.65,13,2,2022-06-02 09:00:10
1654160410443065000,27.5,1,27.5,58,27.65,13,2,2022-06-02 09:00:10
1654160411043768000,27.65,13,27.65,17,27.7,29,1,2022-06-02 09:00:11
1654160411180676000,27.65,10,27.65,7,27.7,29,2,2022-06-02 09:00:11
1654160411202597000,27.65,5,27.65,4,27.7,29,2,2022-06-02 09:00:11
1654160411270618000,27.65,4,27.5,58,27.7,29,2,2022-06-02 09:00:11
1654160411275951000,27.7,1,27.5,58,27.7,28,1,2022-06-02 09:00:11
1654160411489192000,27.6,1,27.6,1,27.7,28,2,2022-06-02 09:00:11
1654160411841254000,27.65,1,27.6,2,27.7,28,2,2022-06-02 09:00:11
1654160411841254000,27.6,1,27.6,2,27.7,28,2,2022-06-02 09:00:11
1654160412604650000,27.65,1,27.65,8,27.7,28,2,2022-06-02 09:00:12
1654160412735622000,27.65,4,27.65,4,27.7,28,2,2022-06-02 09:00:12
1654160413153605000,27.65,4,27.55,3,27.6,4,2,2022-06-02 09:00:13
1654160413153605000,27.6,2,27.55,3,27.6,4,2,2022-06-02 09:00:13
1654160413208109000,27.6,2,27.55,3,27.6,2,1,2022-06-02 09:00:13
1654160413237586000,27.6,2,27.55,3,27.7,28,1,2022-06-02 09:00:13
1654160413423102000,27.7,3,27.55,3,27.7,25,1,2022-06-02 09:00:13
1654160413669097000,27.65,1,27.65,1,27.7,25,2,2022-06-02 09:00:13
1654160413786076000,27.7,5,27.65,1,27.7,20,1,2022-06-02 09:00:13
1654160414076094000,27.65,1,27.55,6,27.7,20,2,2022-06-02 09:00:14
1654160414586755000,27.65,1,27.55,7,27.65,10,1,2022-06-02 09:00:14
1654160414871783000,27.55,2,27.55,5,27.65,10,2,2022-06-02 09:00:14
1654160414939451000,27.65,4,27.6,1,27.65,6,1,2022-06-02 09:00:14
1654160415232985000,27.65,3,27.6,2,27.65,3,1,2022-06-02 09:00:15
1654160415233178000,27.65,1,27.6,2,27.65,2,1,2022-06-02 09:00:15
1654160415265626000,27.65,1,27.6,2,27.65,1,1,2022-06-02 09:00:15
1654160415306835000,27.65,1,27.6,2,27.7,20,1,2022-06-02 09:00:15
1654160416893837000,27.65,3,27.6,13,27.65,2,2,2022-06-02 09:00:16
1654160417251692000,27.65,2,27.6,15,27.65,30,1,2022-06-02 09:00:17
1654160417260017000,27.6,1,27.6,14,27.65,30,2,2022-06-02 09:00:17
1654160417457574000,27.65,1,27.6,15,27.65,29,1,2022-06-02 09:00:17
1654160417775152000,27.65,1,27.6,15,27.65,28,1,2022-06-02 09:00:17
1654160417957126000,27.65,3,27.6,16,27.65,25,1,2022-06-02 09:00:17
1654160418172108000,27.65,1,27.6,16,27.65,24,1,2022-06-02 09:00:18
1654160418595055000,27.65,1,27.6,16,27.65,23,1,2022-06-02 09:00:18
1654160419097994000,27.6,2,27.6,15,27.65,23,2,2022-06-02 09:00:19
1654160419442220000,27.6,16,27.55,14,27.65,24,2,2022-06-02 09:00:19
1654160419442220000,27.55,1,27.55,14,27.65,24,2,2022-06-02 09:00:19
1654160419506591000,27.65,3,27.55,14,27.65,21,1,2022-06-02 09:00:19
1654160419693209000,27.65,1,27.55,19,27.65,20,1,2022-06-02 09:00:19
1654160419862377000,27.65,1,27.55,19,27.65,19,1,2022-06-02 09:00:19
1654160420366435000,27.65,2,27.6,3,27.65,17,1,2022-06-02 09:00:20
1654160420381034000,27.6,2,27.6,1,27.65,17,2,2022-06-02 09:00:20
1654160420490497000,27.65,5,27.6,1,27.65,12,1,2022-06-02 09:00:20
1654160420525411000,27.65,1,27.6,1,27.65,11,1,2022-06-02 09:00:20
1654160420526514000,27.65,2,27.6,1,27.65,9,1,2022-06-02 09:00:20
1654160420627629000,27.6,1,27.55,19,27.65,9,2,2022-06-02 09:00:20
1654160420917498000,27.65,1,27.55,19,27.65,8,1,2022-06-02 09:00:20
1654160421566343000,27.65,10,27.6,1,27.7,26,1,2022-06-02 09:00:21
1654160421894033000,27.7,1,27.6,1,27.7,25,1,2022-06-02 09:00:21
1654160422018210000,27.6,1,27.55,19,27.6,9,2,2022-06-02 09:00:22
1654160422083013000,27.6,1,27.55,19,27.6,8,1,2022-06-02 09:00:22
1654160422109157000,27.6,1,27.55,19,27.6,7,1,2022-06-02 09:00:22
1654160422391502000,27.55,3,27.55,16,27.6,7,2,2022-06-02 09:00:22
1654160422422330000,27.6,1,27.55,16,27.6,6,1,2022-06-02 09:00:22
1654160422768161000,27.6,1,27.55,17,27.6,6,1,2022-06-02 09:00:22
1654160422859235000,27.6,1,27.55,17,27.6,5,1,2022-06-02 09:00:22
1654160422920746000,27.6,1,27.55,17,27.6,4,1,2022-06-02 09:00:22
1654160422967197000,27.6,4,27.55,17,27.7,19,1,2022-06-02 09:00:22
1654160422967197000,27.7,6,27.55,17,27.7,19,1,2022-06-02 09:00:22
1654160423353968000,27.65,1,27.65,4,27.7,19,2,2022-06-02 09:00:23
1654160423369963000,27.65,2,27.65,2,27.7,19,2,2022-06-02 09:00:23
1654160423478483000,27.65,2,27.55,17,27.6,28,2,2022-06-02 09:00:23
1654160423671166000,27.6,1,27.55,18,27.6,27,1,2022-06-02 09:00:23
1654160423788481000,27.55,1,27.55,18,27.6,27,2,2022-06-02 09:00:23
1654160424025040000,27.6,1,27.55,20,27.6,26,1,2022-06-02 09:00:24
1654160424264197000,27.6,6,27.55,20,27.6,20,1,2022-06-02 09:00:24
1654160424300232000,27.6,1,27.55,20,27.6,19,1,2022-06-02 09:00:24
1654160424414596000,27.6,5,27.55,20,27.6,14,1,2022-06-02 09:00:24
1654160424441611000,27.6,5,27.55,20,27.6,9,1,2022-06-02 09:00:24
1654160424442069000,27.6,1,27.55,20,27.6,8,1,2022-06-02 09:00:24
1654160424507970000,27.6,2,27.55,20,27.6,6,1,2022-06-02 09:00:24
1654160424534261000,27.6,6,27.55,20,27.7,19,1,2022-06-02 09:00:24
1654160424616910000,27.55,1,27.55,19,27.7,19,2,2022-06-02 09:00:24
1654160425831742000,27.65,1,27.6,4,27.65,5,1,2022-06-02 09:00:25
1654160426192206000,27.6,5,27.55,21,27.65,5,2,2022-06-02 09:00:26
1654160426570608000,27.65,2,27.55,21,27.65,4,1,2022-06-02 09:00:26
1654160427529524000,27.6,2,27.55,21,27.65,15,2,2022-06-02 09:00:27
1654160428011428000,27.65,2,27.55,31,27.65,13,1,2022-06-02 09:00:28
1654160428136037000,27.6,1,27.55,31,27.6,1,2,2022-06-02 09:00:28
1654160428742849000,27.6,2,27.55,42,27.65,19,1,2022-06-02 09:00:28
1654160428792151000,27.65,1,27.55,42,27.65,18,1,2022-06-02 09:00:28
1654160429028299000,27.65,2,27.55,42,27.65,36,1,2022-06-02 09:00:29
1654160429478023000,27.65,25,27.55,42,27.65,11,1,2022-06-02 09:00:29
1654160429673343000,27.55,1,27.55,42,27.65,13,2,2022-06-02 09:00:29
1654160430817306000,27.65,1,27.6,1,27.65,14,1,2022-06-02 09:00:30
1654160430857899000,27.65,14,27.65,38,27.7,21,1,2022-06-02 09:00:30
1654160431310594000,27.7,10,27.65,50,27.7,16,1,2022-06-02 09:00:31
1654160431504874000,27.7,5,27.65,50,27.7,11,1,2022-06-02 09:00:31
1654160431532315000,27.7,5,27.65,50,27.7,6,1,2022-06-02 09:00:31
1654160431538071000,27.7,1,27.65,50,27.7,5,1,2022-06-02 09:00:31
1654160432036276000,27.7,5,27.65,50,27.85,13,1,2022-06-02 09:00:32
1654160432036276000,27.75,10,27.65,50,27.85,13,1,2022-06-02 09:00:32
1654160432036276000,27.8,14,27.65,50,27.85,13,1,2022-06-02 09:00:32
1654160432036276000,27.85,21,27.65,50,27.85,13,1,2022-06-02 09:00:32
1654160432114455000,27.65,10,27.65,40,27.85,13,2,2022-06-02 09:00:32
1654160432223564000,27.65,25,27.65,15,27.85,13,2,2022-06-02 09:00:32
1654160432264502000,27.65,15,27.6,1,27.85,13,2,2022-06-02 09:00:32
1654160432688229000,27.8,1,27.65,1,27.85,12,1,2022-06-02 09:00:32
1654160432688229000,27.85,1,27.65,1,27.85,12,1,2022-06-02 09:00:32
1654160432753500000,27.8,1,27.65,2,27.85,12,2,2022-06-02 09:00:32
1654160432884634000,27.8,7,27.65,2,27.8,3,1,2022-06-02 09:00:32
1654160432900824000,27.65,1,27.65,1,27.8,3,2,2022-06-02 09:00:32
1654160433880471000,27.8,3,27.7,1,27.85,12,1,2022-06-02 09:00:33
1654160434138743000,27.7,1,27.65,1,27.85,12,2,2022-06-02 09:00:34
1654160434237655000,27.8,2,27.8,1,27.85,12,2,2022-06-02 09:00:34
1654160434258225000,27.8,1,27.65,1,27.85,12,2,2022-06-02 09:00:34
1654160434491692000,27.65,1,27.6,11,27.65,9,2,2022-06-02 09:00:34
1654160434524575000,27.65,3,27.6,11,27.65,6,1,2022-06-02 09:00:34
1654160434575511000,27.6,5,27.6,6,27.65,6,2,2022-06-02 09:00:34
1654160434594398000,27.65,1,27.6,6,27.65,5,1,2022-06-02 09:00:34
1654160434598298000,27.65,3,27.6,6,27.65,2,1,2022-06-02 09:00:34
1654160434858877000,27.65,2,27.6,6,27.85,12,1,2022-06-02 09:00:34
1654160435208405000,27.7,1,27.7,1,27.8,10,2,2022-06-02 09:00:35
1654160435398496000,27.7,1,27.65,2,27.8,10,2,2022-06-02 09:00:35
1654160435398496000,27.65,1,27.65,2,27.8,10,2,2022-06-02 09:00:35
1654160435626072000,27.7,1,27.65,22,27.8,1,1,2022-06-02 09:00:35
1654160435626072000,27.8,9,27.65,22,27.8,1,1,2022-06-02 09:00:35
1654160435791598000,27.7,1,27.65,22,27.7,49,1,2022-06-02 09:00:35
1654160435942031000,27.65,1,27.65,20,27.7,49,2,2022-06-02 09:00:35
1654160436045980000,27.7,1,27.65,20,27.7,53,1,2022-06-02 09:00:36
1654160436051046000,27.7,10,27.65,20,27.7,43,1,2022-06-02 09:00:36
1654160436230569000,27.7,1,27.65,21,27.7,42,1,2022-06-02 09:00:36
1654160436428896000,27.7,4,27.65,23,27.7,38,1,2022-06-02 09:00:36
1654160436649931000,27.7,1,27.65,23,27.7,37,1,2022-06-02 09:00:36
1654160436841317000,27.65,5,27.65,18,27.7,37,2,2022-06-02 09:00:36
1654160436853445000,27.65,1,27.65,17,27.7,37,2,2022-06-02 09:00:36
1654160436940018000,27.65,1,27.65,16,27.7,38,2,2022-06-02 09:00:36
1654160437063580000,27.7,1,27.65,17,27.7,37,1,2022-06-02 09:00:37
1654160437288178000,27.65,14,27.65,4,27.7,37,2,2022-06-02 09:00:37
1654160437336645000,27.7,4,27.65,4,27.7,33,1,2022-06-02 09:00:37
1654160437531190000,27.65,2,27.65,3,27.7,33,2,2022-06-02 09:00:37
1654160437547665000,27.7,5,27.65,3,27.7,28,1,2022-06-02 09:00:37
1654160437875321000,27.7,29,27.7,14,27.75,12,1,2022-06-02 09:00:37
1654160437964143000,27.75,1,27.7,16,27.75,11,1,2022-06-02 09:00:37
1654160438410380000,27.75,2,27.7,16,27.75,9,1,2022-06-02 09:00:38
1654160438416363000,27.7,2,27.7,14,27.75,9,2,2022-06-02 09:00:38
1654160438505236000,27.7,1,27.7,13,27.75,9,2,2022-06-02 09:00:38
1654160438871283000,27.7,5,27.7,10,27.75,9,2,2022-06-02 09:00:38
1654160439026775000,27.75,2,27.7,11,27.75,7,1,2022-06-02 09:00:39
1654160439521326000,27.7,1,27.7,10,27.75,7,2,2022-06-02 09:00:39
1654160439576663000,27.7,1,27.7,9,27.75,7,2,2022-06-02 09:00:39
1654160439637560000,27.75,1,27.7,9,27.75,6,1,2022-06-02 09:00:39
1654160440933386000,27.75,1,27.7,10,27.75,5,1,2022-06-02 09:00:40
1654160441030729000,27.75,1,27.7,12,27.75,4,1,2022-06-02 09:00:41
1654160441876207000,27.7,1,27.7,11,27.75,4,2,2022-06-02 09:00:41
1654160442852638000,27.75,4,27.7,23,27.8,6,1,2022-06-02 09:00:42
1654160442852638000,27.8,11,27.7,23,27.8,6,1,2022-06-02 09:00:42
1654160443074295000,27.8,2,27.7,24,27.8,4,1,2022-06-02 09:00:43
1654160443655611000,27.8,1,27.7,24,27.8,5,1,2022-06-02 09:00:43
1654160444521723000,27.75,1,27.7,31,27.8,5,2,2022-06-02 09:00:44
1654160445866332000,27.75,1,27.7,102,27.8,5,1,2022-06-02 09:00:45
1654160446114176000,27.8,6,27.8,4,27.85,14,1,2022-06-02 09:00:46
1654160446299709000,27.8,4,27.7,102,27.75,6,2,2022-06-02 09:00:46
1654160446327934000,27.75,6,27.7,102,27.85,4,1,2022-06-02 09:00:46
1654160446977437000,27.8,1,27.7,103,27.75,7,2,2022-06-02 09:00:46
1654160446977437000,27.75,2,27.7,103,27.75,7,2,2022-06-02 09:00:46
1654160447361365000,27.7,5,27.7,103,27.75,17,2,2022-06-02 09:00:47
1654160447449898000,27.75,1,27.7,103,27.75,16,1,2022-06-02 09:00:47
1654160447508169000,27.75,1,27.7,103,27.75,15,1,2022-06-02 09:00:47
1654160447642136000,27.75,10,27.7,103,27.75,5,1,2022-06-02 09:00:47
1654160447671537000,27.75,3,27.7,103,27.75,2,1,2022-06-02 09:00:47
1654160447845334000,27.75,1,27.7,103,27.75,2,1,2022-06-02 09:00:47
1654160448056474000,27.75,1,27.7,103,27.75,1,1,2022-06-02 09:00:48
1654160448089535000,27.75,1,27.7,103,27.8,1,1,2022-06-02 09:00:48
1654160448241597000,27.8,1,27.7,103,27.85,5,1,2022-06-02 09:00:48
1654160448430143000,27.8,3,27.8,17,27.85,5,2,2022-06-02 09:00:48
1654160448728583000,27.85,1,27.8,17,27.85,4,1,2022-06-02 09:00:48
1654160449282874000,27.8,1,27.8,16,27.85,4,2,2022-06-02 09:00:49
1654160449378404000,27.85,1,27.8,16,27.85,3,1,2022-06-02 09:00:49
1654160450602486000,27.8,1,27.8,15,27.85,2,2,2022-06-02 09:00:50
1654160451971457000,27.85,2,27.8,15,27.85,12,1,2022-06-02 09:00:51
1654160452054885000,27.85,1,27.8,15,27.85,11,1,2022-06-02 09:00:52
1654160452487104000,27.85,1,27.8,15,27.85,10,1,2022-06-02 09:00:52
1654160453083176000,27.85,2,27.8,20,27.85,8,1,2022-06-02 09:00:53
1654160453154822000,27.8,1,27.8,19,27.85,8,2,2022-06-02 09:00:53
1654160453612168000,27.85,6,27.8,19,27.85,2,1,2022-06-02 09:00:53
1654160453765642000,27.85,1,27.8,19,27.85,2,1,2022-06-02 09:00:53
1654160454391603000,27.85,1,27.8,25,27.85,4,1,2022-06-02 09:00:54
1654160454651529000,27.8,2,27.8,24,27.85,4,2,2022-06-02 09:00:54
1654160454824487000,27.85,4,27.8,24,27.9,29,1,2022-06-02 09:00:54
1654160454824487000,27.9,6,27.8,24,27.9,29,1,2022-06-02 09:00:54
1654160455621450000,27.9,1,27.85,11,27.9,28,1,2022-06-02 09:00:55
1654160456945133000,27.9,1,27.85,20,27.9,27,1,2022-06-02 09:00:56
1654160457239891000,27.85,4,27.85,16,27.9,27,2,2022-06-02 09:00:57
1654160457858652000,27.9,4,27.85,16,27.9,23,1,2022-06-02 09:00:57
1654160458137536000,27.9,1,27.85,16,27.9,22,1,2022-06-02 09:00:58
1654160458296834000,27.9,5,27.85,16,27.9,17,1,2022-06-02 09:00:58
1654160458568546000,27.9,1,27.85,17,27.9,16,1,2022-06-02 09:00:58
1654160458708742000,27.9,10,27.85,17,27.9,6,1,2022-06-02 09:00:58
1654160458728271000,27.9,1,27.85,17,27.9,5,1,2022-06-02 09:00:58
1654160459023740000,27.9,2,27.85,17,27.9,3,1,2022-06-02 09:00:59
1654160459047133000,27.9,1,27.85,17,27.9,2,1,2022-06-02 09:00:59
1654160459052106000,27.9,2,27.85,17,27.95,18,1,2022-06-02 09:00:59
1654160459562696000,27.95,1,27.9,1,27.95,17,1,2022-06-02 09:00:59
1654160461336203000,27.95,17,27.9,21,28.0,44,1,2022-06-02 09:01:01
1654160461336203000,28.0,3,27.9,21,28.0,44,1,2022-06-02 09:01:01
1654160461385067000,27.9,1,27.9,20,28.0,44,2,2022-06-02 09:01:01
1654160461751163000,28.0,2,27.9,20,28.0,43,1,2022-06-02 09:01:01
1654160461807764000,28.0,1,27.9,20,28.0,42,1,2022-06-02 09:01:01
1654160462087499000,27.95,1,27.9,20,28.0,42,1,2022-06-02 09:01:02
1654160462442177000,28.0,5,27.95,1,28.0,37,1,2022-06-02 09:01:02
1654160463270508000,27.95,2,27.95,2,28.0,39,2,2022-06-02 09:01:03
1654160464251875000,28.0,10,27.95,4,28.0,29,1,2022-06-02 09:01:04
1654160464526384000,28.0,1,27.95,4,28.0,28,1,2022-06-02 09:01:04
1654160464921700000,27.95,2,27.95,3,28.0,28,2,2022-06-02 09:01:04
1654160465339446000,28.0,1,27.95,13,28.0,27,1,2022-06-02 09:01:05
1654160465549101000,28.0,5,27.95,13,28.0,22,1,2022-06-02 09:01:05
1654160465580192000,28.0,10,27.95,13,28.0,12,1,2022-06-02 09:01:05
1654160465800463000,28.0,12,27.95,13,28.05,5,1,2022-06-02 09:01:05
1654160465800463000,28.05,8,27.95,13,28.05,5,1,2022-06-02 09:01:05
1654160466002253000,28.05,2,28.0,5,28.05,3,1,2022-06-02 09:01:06
1654160467459379000,28.05,1,28.0,11,28.05,2,1,2022-06-02 09:01:07
1654160468245224000,28.05,1,28.0,18,28.05,2,1,2022-06-02 09:01:08
1654160468248441000,28.05,1,28.0,18,28.05,1,1,2022-06-02 09:01:08
1654160468360592000,28.05,1,28.0,18,28.1,22,1,2022-06-02 09:01:08
1654160468480710000,28.1,10,28.05,1,28.1,12,1,2022-06-02 09:01:08
1654160468883589000,28.1,3,28.05,1,28.1,9,1,2022-06-02 09:01:08
1654160469085168000,28.1,1,28.05,1,28.1,8,1,2022-06-02 09:01:09
1654160469368071000,28.05,1,28.0,25,28.1,8,2,2022-06-02 09:01:09
1654160469521980000,28.05,1,28.0,25,28.05,2,1,2022-06-02 09:01:09
1654160469789331000,28.05,2,28.0,25,28.1,5,1,2022-06-02 09:01:09
1654160469789331000,28.1,1,28.0,25,28.1,5,1,2022-06-02 09:01:09
1654160470560060000,28.1,1,28.05,1,28.1,4,1,2022-06-02 09:01:10
1654160470618823000,28.1,1,28.05,1,28.1,3,1,2022-06-02 09:01:10
1654160470723264000,28.1,2,28.05,1,28.1,1,1,2022-06-02 09:01:10
1654160470858102000,28.1,1,28.05,1,28.15,10,1,2022-06-02 09:01:10
1654160470978183000,28.05,1,28.0,55,28.05,3,2,2022-06-02 09:01:10
1654160471037013000,28.05,2,28.0,55,28.05,1,1,2022-06-02 09:01:11
1654160471155126000,28.05,1,28.0,56,28.15,10,1,2022-06-02 09:01:11
1654160471475427000,28.1,2,28.1,1,28.15,10,2,2022-06-02 09:01:11
1654160471829727000,28.15,5,28.1,1,28.15,11,1,2022-06-02 09:01:11
1654160472394463000,28.1,1,28.05,2,28.15,11,2,2022-06-02 09:01:12
1654160472394463000,28.05,4,28.05,2,28.15,11,2,2022-06-02 09:01:12
1654160472640197000,28.15,1,28.05,2,28.15,10,1,2022-06-02 09:01:12
1654160472695995000,28.15,3,28.05,2,28.15,7,1,2022-06-02 09:01:12
1654160473036956000,28.1,1,28.05,7,28.1,6,1,2022-06-02 09:01:13
1654160473155071000,28.05,1,28.05,7,28.1,6,2,2022-06-02 09:01:13
1654160473401240000,28.1,1,28.05,15,28.1,5,1,2022-06-02 09:01:13
1654160474002295000,28.1,1,28.05,16,28.1,4,1,2022-06-02 09:01:14
1654160474121051000,28.1,1,28.05,17,28.1,3,1,2022-06-02 09:01:14
1654160474334507000,28.1,3,28.05,17,28.2,33,1,2022-06-02 09:01:14
1654160474334507000,28.15,4,28.05,17,28.2,33,1,2022-06-02 09:01:14
1654160474334507000,28.2,3,28.05,17,28.2,33,1,2022-06-02 09:01:14
1654160474503120000,28.2,4,28.05,17,28.2,29,1,2022-06-02 09:01:14
1654160474509445000,28.05,2,28.05,15,28.2,29,2,2022-06-02 09:01:14
1654160474515141000,28.2,10,28.05,15,28.2,19,1,2022-06-02 09:01:14
1654160474645907000,28.1,1,28.05,16,28.2,19,1,2022-06-02 09:01:14
1654160475059493000,28.1,1,28.05,17,28.1,1,2,2022-06-02 09:01:15
1654160475104954000,28.1,1,28.05,17,28.1,10,1,2022-06-02 09:01:15
1654160475231133000,28.1,10,28.05,18,28.15,6,1,2022-06-02 09:01:15
1654160475359684000,28.15,1,28.05,19,28.15,5,1,2022-06-02 09:01:15
1654160475383648000,28.2,1,28.05,19,28.2,18,1,2022-06-02 09:01:15
1654160475873104000,28.1,2,28.05,17,28.2,18,2,2022-06-02 09:01:15
1654160475873104000,28.05,2,28.05,17,28.2,18,2,2022-06-02 09:01:15
1654160476265257000,28.2,2,28.15,3,28.2,16,1,2022-06-02 09:01:16
1654160476369684000,28.15,2,28.15,6,28.2,16,2,2022-06-02 09:01:16
1654160476630009000,28.2,5,28.15,6,28.2,11,1,2022-06-02 09:01:16
1654160476814016000,28.2,11,28.15,6,28.25,21,1,2022-06-02 09:01:16
1654160476814016000,28.25,11,28.15,6,28.25,21,1,2022-06-02 09:01:16
1654160476898206000,28.15,3,28.15,3,28.25,21,2,2022-06-02 09:01:16
1654160477007496000,28.15,1,28.15,2,28.25,21,2,2022-06-02 09:01:17
1654160477118143000,28.15,1,28.15,1,28.25,21,2,2022-06-02 09:01:17
1654160477582695000,28.25,2,28.15,1,28.25,19,1,2022-06-02 09:01:17
1654160477817339000,28.15,1,28.1,22,28.25,19,2,2022-06-02 09:01:17
1654160477936214000,28.25,15,28.1,27,28.25,4,1,2022-06-02 09:01:17
1654160478676333000,28.1,5,28.1,24,28.25,4,2,2022-06-02 09:01:18
1654160478896723000,28.1,2,28.1,22,28.25,4,2,2022-06-02 09:01:18
1654160478948831000,28.25,1,28.1,24,28.25,3,1,2022-06-02 09:01:18
1654160478978965000,28.25,3,28.1,24,28.3,47,1,2022-06-02 09:01:18
1654160478978965000,28.3,2,28.1,24,28.3,47,1,2022-06-02 09:01:18
1654160480260080000,28.25,1,28.2,6,28.25,4,1,2022-06-02 09:01:20
1654160480262660000,28.25,1,28.2,6,28.25,3,1,2022-06-02 09:01:20
1654160480308361000,28.25,3,28.25,2,28.3,47,1,2022-06-02 09:01:20
1654160480522544000,28.25,2,28.2,4,28.3,47,2,2022-06-02 09:01:20
1654160480522544000,28.2,2,28.2,4,28.3,47,2,2022-06-02 09:01:20
1654160481085500000,28.2,2,28.2,2,28.3,47,2,2022-06-02 09:01:21
1654160481185039000,28.3,1,28.2,2,28.3,46,1,2022-06-02 09:01:21
1654160481269365000,28.3,1,28.2,2,28.3,45,1,2022-06-02 09:01:21
1654160481317743000,28.3,1,28.2,2,28.3,44,1,2022-06-02 09:01:21
1654160481335712000,28.2,1,28.2,1,28.3,44,2,2022-06-02 09:01:21
1654160481363416000,28.3,1,28.2,1,28.3,43,1,2022-06-02 09:01:21
1654160481561040000,28.3,10,28.2,1,28.3,33,1,2022-06-02 09:01:21
1654160482544924000,28.3,10,28.25,10,28.3,25,1,2022-06-02 09:01:22
1654160482551088000,28.3,1,28.25,10,28.3,24,1,2022-06-02 09:01:22
1654160482638405000,28.3,2,28.25,10,28.3,22,1,2022-06-02 09:01:22
1654160482766070000,28.3,1,28.25,10,28.3,21,1,2022-06-02 09:01:22
1654160483040306000,28.3,1,28.25,12,28.3,20,1,2022-06-02 09:01:23
1654160483090506000,28.25,3,28.25,9,28.3,20,2,2022-06-02 09:01:23
1654160483149271000,28.25,9,28.2,6,28.3,20,2,2022-06-02 09:01:23
1654160483149271000,28.2,1,28.2,6,28.3,20,2,2022-06-02 09:01:23
1654160483296485000,28.3,1,28.25,1,28.3,19,1,2022-06-02 09:01:23
1654160483635105000,28.3,1,28.25,1,28.3,18,1,2022-06-02 09:01:23
1654160483793314000,28.3,1,28.25,1,28.3,17,1,2022-06-02 09:01:23
1654160483957449000,28.25,1,28.2,6,28.3,17,2,2022-06-02 09:01:23
1654160483957449000,28.2,1,28.2,6,28.3,17,2,2022-06-02 09:01:23
1654160484056072000,28.3,2,28.2,6,28.3,15,1,2022-06-02 09:01:24
1654160484390511000,28.3,3,28.2,7,28.3,12,1,2022-06-02 09:01:24
1654160484794320000,28.3,1,28.25,1,28.3,16,1,2022-06-02 09:01:24
1654160484861153000,28.3,1,28.25,1,28.3,15,1,2022-06-02 09:01:24
1654160484882325000,28.3,2,28.25,1,28.3,13,1,2022-06-02 09:01:24
1654160484947072000,28.25,1,28.2,7,28.3,13,2,2022-06-02 09:01:24
1654160484989370000,28.3,1,28.2,7,28.3,12,1,2022-06-02 09:01:24
1654160485187877000,28.25,1,28.2,7,28.3,12,2,2022-06-02 09:01:25
1654160485424640000,28.3,1,28.2,7,28.3,11,1,2022-06-02 09:01:25
1654160485556427000,28.3,5,28.25,10,28.3,6,1,2022-06-02 09:01:25
1654160485783303000,28.25,1,28.25,9,28.3,7,2,2022-06-02 09:01:25
1654160486039827000,28.25,1,28.25,8,28.3,8,2,2022-06-02 09:01:26
1654160486287897000,28.3,1,28.25,8,28.3,7,1,2022-06-02 09:01:26
1654160486541161000,28.25,1,28.25,7,28.3,7,2,2022-06-02 09:01:26
1654160487430244000,28.3,1,28.25,7,28.3,7,1,2022-06-02 09:01:27
1654160487830543000,28.3,1,28.25,9,28.3,6,1,2022-06-02 09:01:27
1654160487835341000,28.3,5,28.25,9,28.3,1,1,2022-06-02 09:01:27
1654160488420163000,28.25,5,28.25,9,28.3,2,2,2022-06-02 09:01:28
1654160488516206000,28.3,1,28.25,9,28.3,1,1,2022-06-02 09:01:28
1654160488535368000,28.3,1,28.25,9,28.35,11,1,2022-06-02 09:01:28
1654160488740435000,28.3,1,28.3,4,28.35,11,2,2022-06-02 09:01:28
1654160489165630000,28.35,1,28.3,5,28.35,10,1,2022-06-02 09:01:29
1654160489211646000,28.35,2,28.3,5,28.35,8,1,2022-06-02 09:01:29
1654160489631684000,28.3,1,28.3,4,28.35,8,2,2022-06-02 09:01:29
1654160489838415000,28.3,1,28.3,8,28.35,8,2,2022-06-02 09:01:29
1654160490101191000,28.3,1,28.3,11,28.35,8,2,2022-06-02 09:01:30
1654160490561331000,28.3,1,28.3,12,28.35,8,2,2022-06-02 09:01:30
1654160490830458000,28.3,1,28.3,11,28.35,8,2,2022-06-02 09:01:30
1654160490989758000,28.35,1,28.3,11,28.35,7,1,2022-06-02 09:01:30
1654160491190309000,28.35,1,28.3,11,28.35,6,1,2022-06-02 09:01:31
1654160491227875000,28.35,1,28.3,11,28.35,5,1,2022-06-02 09:01:31
1654160491990432000,28.35,8,28.35,2,28.4,23,1,2022-06-02 09:01:31
1654160492020969000,28.35,2,28.3,12,28.4,23,2,2022-06-02 09:01:32
1654160492213114000,28.3,1,28.3,11,28.4,23,2,2022-06-02 09:01:32
1654160492839128000,28.35,1,28.3,12,28.35,1,2,2022-06-02 09:01:32
1654160492929854000,28.3,12,28.25,20,28.35,1,2,2022-06-02 09:01:32
1654160493011765000,28.35,1,28.25,21,28.4,21,1,2022-06-02 09:01:33
1654160493011765000,28.4,2,28.25,21,28.4,21,1,2022-06-02 09:01:33
1654160493116534000,28.25,1,28.25,21,28.4,21,2,2022-06-02 09:01:33
1654160493137863000,28.25,5,28.25,16,28.4,21,2,2022-06-02 09:01:33
1654160493346665000,28.3,2,28.3,1,28.4,20,2,2022-06-02 09:01:33
1654160493457066000,28.4,1,28.3,6,28.4,19,1,2022-06-02 09:01:33
1654160493732327000,28.3,1,28.3,6,28.35,2,2,2022-06-02 09:01:33
1654160493998419000,28.35,1,28.3,7,28.35,10,1,2022-06-02 09:01:33
1654160494193353000,28.35,5,28.3,7,28.35,5,1,2022-06-02 09:01:34
1654160494272091000,28.35,1,28.3,12,28.35,9,1,2022-06-02 09:01:34
1654160494533556000,28.35,1,28.3,12,28.35,7,1,2022-06-02 09:01:34
1654160494598428000,28.35,1,28.3,12,28.35,6,1,2022-06-02 09:01:34
1654160495001400000,28.3,14,28.25,17,28.35,7,2,2022-06-02 09:01:35
1654160495124054000,28.35,1,28.25,17,28.35,6,1,2022-06-02 09:01:35
1654160495206592000,28.3,1,28.25,17,28.35,6,2,2022-06-02 09:01:35
1654160495250537000,28.25,1,28.25,16,28.35,8,2,2022-06-02 09:01:35
1654160495393585000,28.25,2,28.25,14,28.35,8,2,2022-06-02 09:01:35
1654160495639093000,28.3,1,28.3,9,28.35,9,1,2022-06-02 09:01:35
1654160495652897000,28.35,1,28.3,9,28.35,8,1,2022-06-02 09:01:35
1654160495773557000,28.3,4,28.3,5,28.35,15,2,2022-06-02 09:01:35
1654160496153720000,28.35,1,28.3,6,28.35,14,1,2022-06-02 09:01:36
1654160496203476000,28.35,1,28.3,6,28.35,13,1,2022-06-02 09:01:36
1654160496209525000,28.35,1,28.3,6,28.35,12,1,2022-06-02 09:01:36
1654160496592364000,28.35,2,28.3,6,28.35,13,1,2022-06-02 09:01:36
1654160496607977000,28.35,1,28.3,6,28.35,12,1,2022-06-02 09:01:36
1654160496714474000,28.35,1,28.3,6,28.35,12,1,2022-06-02 09:01:36
1654160496947490000,28.35,2,28.3,7,28.35,10,1,2022-06-02 09:01:36
1654160497139803000,28.35,10,28.35,30,28.4,24,1,2022-06-02 09:01:37
1654160497245425000,28.35,9,28.35,21,28.4,25,2,2022-06-02 09:01:37
1654160497316993000,28.35,2,28.35,19,28.4,25,2,2022-06-02 09:01:37
1654160497528036000,28.4,1,28.35,19,28.4,24,1,2022-06-02 09:01:37
1654160497605560000,28.4,1,28.35,19,28.4,23,1,2022-06-02 09:01:37
1654160497962077000,28.35,1,28.35,19,28.4,23,2,2022-06-02 09:01:37
1654160497980309000,28.35,1,28.35,18,28.4,23,2,2022-06-02 09:01:37
1654160498333445000,28.4,1,28.35,18,28.4,17,1,2022-06-02 09:01:38
1654160498749542000,28.4,1,28.35,21,28.4,16,1,2022-06-02 09:01:38
1654160500124667000,28.4,2,28.35,24,28.4,15,1,2022-06-02 09:01:40
1654160500159492000,28.4,1,28.35,24,28.4,14,1,2022-06-02 09:01:40
1654160500605971000,28.35,10,28.35,16,28.4,23,2,2022-06-02 09:01:40
1654160500613623000,28.35,6,28.35,10,28.4,23,2,2022-06-02 09:01:40
1654160500704012000,28.35,5,28.35,5,28.4,23,2,2022-06-02 09:01:40
1654160500815563000,28.35,1,28.35,4,28.4,23,2,2022-06-02 09:01:40
1654160501343088000,28.35,1,28.35,3,28.4,22,2,2022-06-02 09:01:41
1654160501357262000,28.4,1,28.35,3,28.4,21,1,2022-06-02 09:01:41
1654160501722158000,28.35,3,28.3,54,28.35,7,2,2022-06-02 09:01:41
1654160501781504000,28.3,2,28.3,52,28.35,7,2,2022-06-02 09:01:41
1654160501802226000,28.35,5,28.3,52,28.35,2,1,2022-06-02 09:01:41
1654160502356412000,28.3,1,28.3,51,28.35,3,2,2022-06-02 09:01:42
1654160502735282000,28.3,1,28.3,50,28.35,4,2,2022-06-02 09:01:42
1654160502884472000,28.35,2,28.3,50,28.35,2,1,2022-06-02 09:01:42
1654160503010431000,28.3,1,28.3,49,28.35,2,2,2022-06-02 09:01:43
1654160503180717000,28.35,1,28.3,49,28.35,1,1,2022-06-02 09:01:43
1654160503402874000,28.35,1,28.3,49,28.4,21,1,2022-06-02 09:01:43
1654160503402874000,28.4,4,28.3,49,28.4,21,1,2022-06-02 09:01:43
1654160503437077000,28.35,5,28.3,49,28.4,16,1,2022-06-02 09:01:43
1654160503437077000,28.4,5,28.3,49,28.4,16,1,2022-06-02 09:01:43
1654160503540815000,28.4,5,28.35,2,28.4,11,1,2022-06-02 09:01:43
1654160503852518000,28.4,2,28.35,2,28.4,9,1,2022-06-02 09:01:43
1654160503915406000,28.35,1,28.35,1,28.4,9,2,2022-06-02 09:01:43
1654160504132923000,28.4,10,28.4,20,28.45,19,1,2022-06-02 09:01:44
1654160504154458000,28.4,1,28.4,19,28.45,19,2,2022-06-02 09:01:44
1654160504524834000,28.4,5,28.4,15,28.45,19,2,2022-06-02 09:01:44
1654160504661639000,28.4,1,28.4,14,28.45,19,2,2022-06-02 09:01:44
1654160504909976000,28.45,10,28.4,14,28.45,9,1,2022-06-02 09:01:44
1654160504946525000,28.4,14,28.35,2,28.45,9,2,2022-06-02 09:01:44
1654160505183090000,28.45,5,28.35,2,28.45,4,1,2022-06-02 09:01:45
1654160505369374000,28.35,2,28.3,50,28.45,4,2,2022-06-02 09:01:45
1654160505774469000,28.35,1,28.4,3,28.45,4,1,2022-06-02 09:01:45
1654160505774469000,28.4,1,28.4,3,28.45,4,1,2022-06-02 09:01:45
1654160505939784000,28.4,1,28.4,2,28.45,4,2,2022-06-02 09:01:45
1654160506429765000,28.4,2,28.3,51,28.35,1,2,2022-06-02 09:01:46
1654160506429765000,28.35,2,28.3,51,28.35,1,2,2022-06-02 09:01:46
1654160506471087000,28.3,1,28.3,50,28.35,1,2,2022-06-02 09:01:46
1654160506628860000,28.35,1,28.4,3,28.45,4,1,2022-06-02 09:01:46
1654160506628860000,28.4,1,28.4,3,28.45,4,1,2022-06-02 09:01:46
1654160507219392000,28.4,3,28.3,28,28.45,4,2,2022-06-02 09:01:47
1654160507219392000,28.3,23,28.3,28,28.45,4,2,2022-06-02 09:01:47
1654160507831351000,28.45,1,28.35,7,28.45,3,1,2022-06-02 09:01:47
1654160507928815000,28.35,2,28.35,14,28.45,3,2,2022-06-02 09:01:47
1654160508398300000,28.45,1,28.35,14,28.45,2,1,2022-06-02 09:01:48
1654160509152677000,28.4,1,28.35,19,28.45,12,2,2022-06-02 09:01:49
1654160509612635000,28.4,1,28.35,21,28.4,4,1,2022-06-02 09:01:49
1654160509647234000,28.4,4,28.35,21,28.45,12,1,2022-06-02 09:01:49
1654160510303004000,28.35,1,28.35,22,28.4,5,2,2022-06-02 09:01:50
1654160510437717000,28.4,1,28.35,22,28.4,4,1,2022-06-02 09:01:50
1654160510568006000,28.4,4,28.35,22,28.45,11,1,2022-06-02 09:01:50
1654160510568006000,28.45,2,28.35,22,28.45,11,1,2022-06-02 09:01:50
1654160510686595000,28.45,1,28.35,23,28.45,10,1,2022-06-02 09:01:50
1654160511460172000,28.4,6,28.35,24,28.45,8,1,2022-06-02 09:01:51
1654160511460172000,28.45,2,28.35,24,28.45,8,1,2022-06-02 09:01:51
1654160511893682000,28.4,2,28.4,2,28.45,8,1,2022-06-02 09:01:51
1654160511921219000,28.4,1,28.4,1,28.45,8,2,2022-06-02 09:01:51
1654160511959855000,28.4,1,28.35,24,28.45,8,2,2022-06-02 09:01:51
1654160512044927000,28.45,1,28.35,24,28.45,7,1,2022-06-02 09:01:52
1654160512354930000,28.4,1,28.35,24,28.45,8,1,2022-06-02 09:01:52
1654160512412224000,28.45,1,28.35,24,28.45,7,1,2022-06-02 09:01:52
1654160513021830000,28.45,5,28.35,26,28.45,26,1,2022-06-02 09:01:53
1654160513170454000,28.4,1,28.35,26,28.45,25,1,2022-06-02 09:01:53
1654160513170454000,28.45,1,28.35,26,28.45,25,1,2022-06-02 09:01:53
1654160513220770000,28.45,1,28.35,26,28.45,24,1,2022-06-02 09:01:53
1654160513368910000,28.35,2,28.35,24,28.45,24,2,2022-06-02 09:01:53
1654160513689189000,28.4,1,28.35,24,28.45,32,1,2022-06-02 09:01:53
1654160514243026000,28.35,1,28.35,24,28.4,1,2,2022-06-02 09:01:54
1654160514286248000,28.4,1,28.4,2,28.45,32,1,2022-06-02 09:01:54
1654160514333817000,28.4,1,28.4,6,28.45,32,2,2022-06-02 09:01:54
1654160514573563000,28.45,2,28.4,6,28.45,30,1,2022-06-02 09:01:54
1654160514826329000,28.4,1,28.4,9,28.45,30,2,2022-06-02 09:01:54
1654160514863309000,28.4,9,28.35,25,28.45,30,2,2022-06-02 09:01:54
1654160515326034000,28.45,5,28.4,2,28.45,25,1,2022-06-02 09:01:55
1654160515489068000,28.4,1,28.4,1,28.45,25,2,2022-06-02 09:01:55
1654160516171835000,28.4,1,28.35,27,28.45,25,2,2022-06-02 09:01:56
1654160516382039000,28.4,1,28.4,1,28.45,45,2,2022-06-02 09:01:56
1654160516550176000,28.4,1,28.35,27,28.45,45,2,2022-06-02 09:01:56
1654160516945944000,28.4,1,28.35,27,28.45,41,1,2022-06-02 09:01:56
1654160516945944000,28.45,4,28.35,27,28.45,41,1,2022-06-02 09:01:56
1654160517112686000,28.45,1,28.4,1,28.45,40,1,2022-06-02 09:01:57
1654160517131636000,28.45,1,28.4,1,28.45,39,1,2022-06-02 09:01:57
1654160517160914000,28.45,1,28.4,1,28.45,38,1,2022-06-02 09:01:57
1654160517253063000,28.4,1,28.4,5,28.45,38,2,2022-06-02 09:01:57
1654160517430301000,28.4,4,28.4,1,28.45,38,2,2022-06-02 09:01:57
1654160517533507000,28.4,1,28.35,27,28.4,4,2,2022-06-02 09:01:57
1654160517544852000,28.4,1,28.35,27,28.4,3,1,2022-06-02 09:01:57
1654160517729284000,28.4,3,28.4,7,28.45,38,1,2022-06-02 09:01:57
1654160517745282000,28.4,5,28.4,3,28.45,38,2,2022-06-02 09:01:57
1654160518000850000,28.45,3,28.4,3,28.45,35,1,2022-06-02 09:01:58
1654160518048265000,28.4,2,28.4,1,28.45,35,2,2022-06-02 09:01:58
1654160518361552000,28.4,1,28.4,105,28.45,35,2,2022-06-02 09:01:58
1654160518719328000,28.4,10,28.4,99,28.45,35,2,2022-06-02 09:01:58
1654160518872754000,28.4,2,28.4,103,28.45,35,2,2022-06-02 09:01:58
1654160519025653000,28.45,1,28.4,103,28.45,34,1,2022-06-02 09:01:59
1654160519089122000,28.4,103,28.35,32,28.45,34,2,2022-06-02 09:01:59
1654160519089122000,28.35,11,28.35,32,28.45,34,2,2022-06-02 09:01:59
1654160519225764000,28.4,1,28.35,32,28.4,1,2,2022-06-02 09:01:59
1654160519235483000,28.4,1,28.35,32,28.45,34,1,2022-06-02 09:01:59
1654160519960026000,28.4,1,28.35,34,28.45,37,1,2022-06-02 09:01:59
1654160520079007000,28.45,1,28.35,34,28.45,36,1,2022-06-02 09:02:00
1654160520407870000,28.35,10,28.35,24,28.4,8,2,2022-06-02 09:02:00
1654160520441030000,28.35,4,28.35,20,28.4,8,2,2022-06-02 09:02:00
1654160520573068000,28.35,3,28.35,18,28.4,9,2,2022-06-02 09:02:00
1654160521164182000,28.4,15,28.35,18,28.4,11,1,2022-06-02 09:02:01
1654160521325312000,28.35,2,28.35,16,28.4,17,2,2022-06-02 09:02:01
1654160521624026000,28.4,1,28.35,17,28.4,16,1,2022-06-02 09:02:01
1654160522055944000,28.4,1,28.35,19,28.4,20,1,2022-06-02 09:02:02
1654160522065110000,28.4,1,28.35,19,28.4,19,1,2022-06-02 09:02:02
1654160522345087000,28.35,1,28.35,18,28.4,21,2,2022-06-02 09:02:02
1654160522555058000,28.4,5,28.35,24,28.4,16,1,2022-06-02 09:02:02
1654160523434760000,28.35,2,28.35,24,28.4,18,2,2022-06-02 09:02:03
1654160523498798000,28.4,10,28.35,24,28.4,8,1,2022-06-02 09:02:03
1654160523656909000,28.4,1,28.35,24,28.4,7,1,2022-06-02 09:02:03
1654160523691345000,28.35,1,28.35,23,28.4,7,2,2022-06-02 09:02:03
1654160523945206000,28.4,7,28.4,3,28.45,38,1,2022-06-02 09:02:03
1654160524048977000,28.4,3,28.35,7,28.45,39,2,2022-06-02 09:02:04
1654160524048977000,28.35,17,28.35,7,28.45,39,2,2022-06-02 09:02:04
1654160524297797000,28.4,1,28.35,7,28.45,39,1,2022-06-02 09:02:04
1654160524676599000,28.4,1,28.35,7,28.45,39,2,2022-06-02 09:02:04
1654160524712509000,28.35,1,28.35,6,28.45,39,2,2022-06-02 09:02:04
1654160524750709000,28.35,6,28.3,121,28.45,39,2,2022-06-02 09:02:04
1654160524918575000,28.3,10,28.3,111,28.45,39,2,2022-06-02 09:02:04
1654160525069805000,28.35,1,28.3,111,28.35,4,1,2022-06-02 09:02:05
1654160525438987000,28.35,4,28.3,111,28.4,3,1,2022-06-02 09:02:05
1654160525438987000,28.4,7,28.3,111,28.4,3,1,2022-06-02 09:02:05
1654160525910590000,28.35,1,28.35,6,28.4,10,2,2022-06-02 09:02:05
1654160525986951000,28.35,6,28.3,112,28.35,4,2,2022-06-02 09:02:05
1654160526762185000,28.35,1,28.3,111,28.35,3,1,2022-06-02 09:02:06
1654160526785185000,28.35,2,28.3,111,28.35,1,1,2022-06-02 09:02:06
1654160526825354000,28.3,2,28.3,109,28.35,2,2,2022-06-02 09:02:06
1654160526828298000,28.3,52,28.3,57,28.35,2,2,2022-06-02 09:02:06
1654160526860725000,28.3,35,28.3,22,28.35,2,2,2022-06-02 09:02:06
1654160526890856000,28.3,5,28.3,17,28.35,2,2,2022-06-02 09:02:06
1654160526891239000,28.3,17,28.25,15,28.35,2,2,2022-06-02 09:02:06
1654160527088624000,28.35,1,28.25,15,28.35,2,1,2022-06-02 09:02:07
1654160527153942000,28.35,2,28.25,15,28.4,10,1,2022-06-02 09:02:07
1654160527153942000,28.4,1,28.25,15,28.4,10,1,2022-06-02 09:02:07
1654160527341782000,28.35,1,28.25,15,28.4,30,2,2022-06-02 09:02:07
1654160527402759000,28.35,1,28.25,15,28.4,30,2,2022-06-02 09:02:07
1654160527591356000,28.35,1,28.3,2,28.35,4,1,2022-06-02 09:02:07
1654160527648628000,28.3,2,28.25,14,28.35,4,2,2022-06-02 09:02:07
1654160527648628000,28.25,1,28.25,14,28.35,4,2,2022-06-02 09:02:07
1654160527815151000,28.35,3,28.25,14,28.35,6,1,2022-06-02 09:02:07
1654160527818013000,28.35,2,28.25,14,28.35,4,1,2022-06-02 09:02:07
1654160527857932000,28.35,1,28.25,14,28.35,3,1,2022-06-02 09:02:07
1654160528159279000,28.3,3,28.25,16,28.4,42,1,2022-06-02 09:02:08
1654160528159279000,28.35,3,28.25,16,28.4,42,1,2022-06-02 09:02:08
1654160528159279000,28.4,5,28.25,16,28.4,42,1,2022-06-02 09:02:08
1654160528577285000,28.3,1,28.25,15,28.35,10,2,2022-06-02 09:02:08
1654160529782430000,28.25,1,28.25,14,28.3,3,2,2022-06-02 09:02:09
1654160530138031000,28.3,1,28.25,19,28.3,12,1,2022-06-02 09:02:10
1654160530185459000,28.3,1,28.25,19,28.3,11,1,2022-06-02 09:02:10
1654160530603353000,28.25,10,28.25,9,28.3,11,2,2022-06-02 09:02:10
1654160530629789000,28.25,1,28.25,8,28.3,11,2,2022-06-02 09:02:10
1654160530633319000,28.25,1,28.25,7,28.3,11,2,2022-06-02 09:02:10
1654160530633346000,28.25,7,28.2,30,28.3,11,2,2022-06-02 09:02:10
1654160531079758000,28.3,1,28.2,30,28.3,10,1,2022-06-02 09:02:11
1654160531258245000,28.2,30,28.15,9,28.25,10,2,2022-06-02 09:02:11
1654160531395972000,28.15,2,28.15,7,28.25,10,2,2022-06-02 09:02:11
1654160531889044000,28.2,3,28.15,7,28.2,7,1,2022-06-02 09:02:11
1654160532192955000,28.2,1,28.15,9,28.2,6,1,2022-06-02 09:02:12
1654160532233989000,28.15,2,28.15,7,28.2,6,2,2022-06-02 09:02:12
1654160532512113000,28.15,3,28.15,4,28.2,6,2,2022-06-02 09:02:12
1654160533030126000,28.15,2,28.15,7,28.2,6,2,2022-06-02 09:02:13
1654160533246213000,28.15,5,28.15,2,28.2,6,2,2022-06-02 09:02:13
1654160533264613000,28.2,1,28.15,2,28.2,5,1,2022-06-02 09:02:13
1654160533885634000,28.2,1,28.15,2,28.2,4,1,2022-06-02 09:02:13
1654160534673543000,28.15,2,28.15,7,28.2,5,2,2022-06-02 09:02:14
1654160534696908000,28.15,7,28.1,20,28.2,5,2,2022-06-02 09:02:14
1654160534776131000,28.1,10,28.1,10,28.2,5,2,2022-06-02 09:02:14
1654160534816166000,28.1,10,28.05,21,28.1,10,2,2022-06-02 09:02:14
1654160535983508000,28.05,1,28.05,20,28.1,10,2,2022-06-02 09:02:15
1654160536017919000,28.05,20,28.0,82,28.1,10,2,2022-06-02 09:02:16
1654160536090011000,28.0,1,28.0,81,28.1,10,2,2022-06-02 09:02:16
1654160536092386000,28.1,5,28.0,81,28.1,5,1,2022-06-02 09:02:16
1654160536144917000,28.1,1,28.0,81,28.1,4,1,2022-06-02 09:02:16
1654160536330522000,28.0,5,28.0,76,28.1,4,2,2022-06-02 09:02:16
1654160536574050000,28.05,1,28.0,76,28.05,1,1,2022-06-02 09:02:16
1654160536640661000,28.0,1,28.0,75,28.05,1,2,2022-06-02 09:02:16
1654160536644304000,28.05,1,28.0,75,28.1,4,1,2022-06-02 09:02:16
1654160537189870000,28.1,1,28.0,74,28.1,3,1,2022-06-02 09:02:17
1654160537205161000,28.1,1,28.0,74,28.1,2,1,2022-06-02 09:02:17
1654160538483060000,28.05,1,28.05,4,28.1,2,2,2022-06-02 09:02:18
1654160539018678000,28.05,2,28.05,2,28.1,4,2,2022-06-02 09:02:19
1654160539054889000,28.05,2,28.0,74,28.1,4,2,2022-06-02 09:02:19
1654160539133496000,28.0,5,28.0,70,28.1,4,2,2022-06-02 09:02:19
1654160539500716000,28.0,1,28.0,69,28.1,4,2,2022-06-02 09:02:19
1654160539561839000,28.0,1,28.0,68,28.1,4,2,2022-06-02 09:02:19
1654160539977396000,28.0,10,28.0,58,28.1,4,2,2022-06-02 09:02:19
1654160540041153000,28.0,1,28.0,57,28.1,4,2,2022-06-02 09:02:20
1654160540082358000,28.0,1,28.0,56,28.1,4,2,2022-06-02 09:02:20
1654160540212328000,28.0,2,28.0,54,28.1,4,2,2022-06-02 09:02:20
1654160540790813000,28.05,5,28.05,2,28.1,4,2,2022-06-02 09:02:20
1654160541046823000,28.05,2,28.0,54,28.1,6,2,2022-06-02 09:02:21
1654160541324570000,28.0,5,28.0,49,28.1,6,2,2022-06-02 09:02:21
1654160541439224000,28.1,6,28.0,49,28.2,6,1,2022-06-02 09:02:21
1654160541439224000,28.15,4,28.0,49,28.2,6,1,2022-06-02 09:02:21
1654160541439224000,28.2,10,28.0,49,28.2,6,1,2022-06-02 09:02:21
1654160541588059000,28.05,5,28.0,49,28.2,6,2,2022-06-02 09:02:21
1654160541588059000,28.0,2,28.0,49,28.2,6,2,2022-06-02 09:02:21
1654160541641530000,28.0,1,28.0,48,28.05,3,2,2022-06-02 09:02:21
1654160541746578000,28.0,5,28.0,43,28.05,3,2,2022-06-02 09:02:21
1654160541893575000,28.0,1,28.0,42,28.05,3,2,2022-06-02 09:02:21
1654160542179281000,28.0,10,28.0,32,28.05,3,2,2022-06-02 09:02:22
1654160542704089000,28.05,1,28.0,32,28.05,2,1,2022-06-02 09:02:22
1654160543052101000,28.05,5,28.0,32,28.1,3,1,2022-06-02 09:02:23
1654160543555181000,28.0,1,28.0,31,28.1,8,2,2022-06-02 09:02:23
1654160543745832000,28.0,1,28.0,30,28.1,8,2,2022-06-02 09:02:23
1654160543785568000,28.05,2,28.05,1,28.1,8,2,2022-06-02 09:02:23
1654160543825509000,28.05,1,28.0,30,28.1,8,2,2022-06-02 09:02:23
1654160544451088000,28.05,1,28.0,30,28.05,14,1,2022-06-02 09:02:24
1654160544649780000,28.0,18,28.0,12,28.05,14,2,2022-06-02 09:02:24
1654160544673371000,28.0,4,28.0,8,28.05,14,2,2022-06-02 09:02:24
1654160544673505000,28.0,8,27.95,7,28.05,14,2,2022-06-02 09:02:24
1654160544826282000,28.05,3,27.95,7,28.05,11,1,2022-06-02 09:02:24
1654160544918936000,28.0,2,27.95,7,28.0,8,1,2022-06-02 09:02:24
1654160544976937000,28.0,4,27.95,7,28.0,4,1,2022-06-02 09:02:24
1654160545003005000,28.0,1,27.95,7,28.0,3,1,2022-06-02 09:02:25
1654160545007932000,28.0,3,27.95,7,28.05,11,1,2022-06-02 09:02:25
1654160545612813000,28.0,1,27.95,7,28.0,29,1,2022-06-02 09:02:25
1654160545819163000,27.95,5,27.95,2,28.0,30,2,2022-06-02 09:02:25
1654160545882819000,27.95,2,27.9,6,28.0,40,2,2022-06-02 09:02:25
1654160545882819000,27.9,8,27.9,6,28.0,40,2,2022-06-02 09:02:25
1654160546119060000,27.95,2,27.9,6,28.0,42,1,2022-06-02 09:02:26
1654160546170912000,28.0,1,27.95,2,28.0,41,1,2022-06-02 09:02:26
1654160546289364000,27.95,2,27.9,2,28.0,41,2,2022-06-02 09:02:26
1654160546289364000,27.9,4,27.9,2,28.0,41,2,2022-06-02 09:02:26
1654160546292090000,28.0,1,27.9,2,28.0,40,1,2022-06-02 09:02:26
1654160546334840000,27.9,2,27.85,9,28.0,40,2,2022-06-02 09:02:26
1654160546334840000,27.85,2,27.85,9,28.0,40,2,2022-06-02 09:02:26
1654160546454861000,28.0,1,27.85,9,28.0,39,1,2022-06-02 09:02:26
1654160546761262000,28.0,1,27.95,1,28.0,38,1,2022-06-02 09:02:26
1654160546850806000,27.95,1,27.85,9,27.95,9,2,2022-06-02 09:02:26
1654160547401100000,27.95,1,27.85,9,27.95,8,1,2022-06-02 09:02:27
1654160547405930000,27.95,1,27.85,9,27.95,7,1,2022-06-02 09:02:27
1654160547821464000,27.95,1,27.85,9,27.95,6,1,2022-06-02 09:02:27
1654160548218438000,27.9,1,27.9,1,27.95,7,2,2022-06-02 09:02:28
1654160548313600000,27.95,1,27.9,1,27.95,6,1,2022-06-02 09:02:28
1654160548417621000,27.95,5,27.9,1,27.95,1,1,2022-06-02 09:02:28
1654160548514445000,27.9,1,27.85,9,27.95,1,2,2022-06-02 09:02:28
1654160548724002000,28.0,1,27.85,9,28.0,38,1,2022-06-02 09:02:28
1654160549007805000,28.0,1,27.85,9,28.0,46,1,2022-06-02 09:02:29
1654160549213735000,27.85,2,27.85,7,28.0,46,2,2022-06-02 09:02:29
1654160549234931000,27.85,1,27.85,6,28.0,46,2,2022-06-02 09:02:29
1654160549671329000,28.0,2,27.9,1,28.0,44,1,2022-06-02 09:02:29
1654160549966873000,27.9,1,27.85,5,28.0,44,2,2022-06-02 09:02:29
1654160549966873000,27.85,1,27.85,5,28.0,44,2,2022-06-02 09:02:29
1654160550848157000,27.85,5,27.8,31,27.95,2,2,2022-06-02 09:02:30
1654160550987056000,27.95,2,27.8,31,28.0,46,1,2022-06-02 09:02:30
1654160550987056000,28.0,1,27.8,31,28.0,46,1,2022-06-02 09:02:30
1654160551250605000,27.85,3,27.8,29,27.9,1,2,2022-06-02 09:02:31
1654160551250605000,27.8,2,27.8,29,27.9,1,2,2022-06-02 09:02:31
1654160551871692000,27.9,1,27.8,32,28.0,47,1,2022-06-02 09:02:31
1654160551871692000,28.0,4,27.8,32,28.0,47,1,2022-06-02 09:02:31
1654160552521024000,27.85,1,27.8,32,27.85,4,1,2022-06-02 09:02:32
1654160552555067000,27.85,4,27.8,32,28.0,47,1,2022-06-02 09:02:32
1654160552710872000,27.85,2,27.8,29,27.95,1,2,2022-06-02 09:02:32
1654160552710872000,27.8,3,27.8,29,27.95,1,2,2022-06-02 09:02:32
1654160552933776000,27.85,1,27.85,1,27.95,1,2,2022-06-02 09:02:32
1654160553448835000,27.85,1,27.8,25,27.95,2,2,2022-06-02 09:02:33
1654160553448835000,27.8,4,27.8,25,27.95,2,2,2022-06-02 09:02:33
1654160553509849000,27.8,1,27.8,24,27.9,1,2,2022-06-02 09:02:33
1654160553687908000,27.9,1,27.8,24,27.95,3,1,2022-06-02 09:02:33
1654160553752593000,27.8,1,27.8,23,27.95,3,2,2022-06-02 09:02:33
1654160555349722000,27.95,1,27.9,1,27.95,12,1,2022-06-02 09:02:35
1654160555402452000,27.9,1,27.85,1,27.95,12,2,2022-06-02 09:02:35
1654160555496938000,27.9,1,27.85,1,27.95,12,2,2022-06-02 09:02:35
1654160555691791000,27.85,1,27.8,19,27.95,12,2,2022-06-02 09:02:35
1654160555691791000,27.8,4,27.8,19,27.95,12,2,2022-06-02 09:02:35
1654160556441277000,27.95,1,27.85,4,27.95,10,1,2022-06-02 09:02:36
1654160556658740000,27.95,1,27.85,4,27.95,9,1,2022-06-02 09:02:36
1654160557131298000,27.85,4,27.8,19,27.95,9,2,2022-06-02 09:02:37
1654160557532443000,27.8,5,27.8,14,27.95,9,2,2022-06-02 09:02:37
1654160558905114000,27.9,1,27.9,5,27.95,10,1,2022-06-02 09:02:38
1654160559067705000,27.9,1,27.9,4,27.95,11,2,2022-06-02 09:02:39
1654160559562693000,27.9,2,27.9,2,27.95,13,2,2022-06-02 09:02:39
1654160559593949000,27.9,2,27.8,18,27.95,13,2,2022-06-02 09:02:39
1654160559621352000,27.8,12,27.8,6,27.95,13,2,2022-06-02 09:02:39
1654160559657121000,27.8,6,27.75,67,27.95,13,2,2022-06-02 09:02:39
1654160559776565000,27.9,1,27.75,67,27.95,11,1,2022-06-02 09:02:39
1654160559776565000,27.95,2,27.75,67,27.95,11,1,2022-06-02 09:02:39
1654160560593652000,27.9,1,27.85,102,27.9,30,1,2022-06-02 09:02:40
1654160560738806000,27.9,6,27.85,102,27.9,24,1,2022-06-02 09:02:40
1654160560799619000,27.9,1,27.85,102,27.9,23,1,2022-06-02 09:02:40
1654160561673058000,27.9,1,27.85,102,27.9,22,1,2022-06-02 09:02:41
1654160561697616000,27.85,5,27.85,97,27.9,22,2,2022-06-02 09:02:41
1654160561798830000,27.9,1,27.85,97,27.9,21,1,2022-06-02 09:02:41
1654160563163763000,27.9,1,27.85,99,27.9,20,1,2022-06-02 09:02:43
1654160563307433000,27.9,1,27.85,99,27.9,19,1,2022-06-02 09:02:43
1654160563394443000,27.85,1,27.85,98,27.9,19,2,2022-06-02 09:02:43
1654160563805807000,27.9,5,27.85,98,27.9,15,1,2022-06-02 09:02:43
1654160563836004000,27.9,1,27.85,98,27.9,14,1,2022-06-02 09:02:43
1654160564052322000,27.9,2,27.85,98,27.9,13,1,2022-06-02 09:02:44
1654160564313038000,27.9,10,27.85,98,27.9,3,1,2022-06-02 09:02:44
1654160564352550000,27.85,1,27.85,97,27.9,3,2,2022-06-02 09:02:44
1654160564457921000,27.85,2,27.85,95,27.9,3,2,2022-06-02 09:02:44
1654160565428418000,27.9,1,27.85,95,27.9,2,1,2022-06-02 09:02:45
1654160565578058000,27.9,2,27.85,95,27.95,41,1,2022-06-02 09:02:45
1654160565578058000,27.95,1,27.85,95,27.95,41,1,2022-06-02 09:02:45
1654160565965372000,27.95,10,27.9,5,27.95,31,1,2022-06-02 09:02:45
1654160566683875000,27.95,1,27.9,15,27.95,40,1,2022-06-02 09:02:46
1654160567726446000,27.9,2,27.9,14,27.95,40,2,2022-06-02 09:02:47
1654160567869958000,27.9,4,27.9,10,27.95,40,2,2022-06-02 09:02:47
1654160567938488000,27.95,1,27.9,10,27.95,39,1,2022-06-02 09:02:47
1654160569782741000,27.95,1,27.9,12,27.95,108,1,2022-06-02 09:02:49
1654160570188713000,27.95,5,27.9,14,27.95,103,1,2022-06-02 09:02:50
1654160570196641000,27.95,1,27.9,14,27.95,102,1,2022-06-02 09:02:50
1654160570624293000,27.9,1,27.9,15,27.95,102,2,2022-06-02 09:02:50
1654160570870888000,27.95,30,27.9,17,27.95,72,1,2022-06-02 09:02:50
1654160571936711000,27.95,10,27.9,19,27.95,64,1,2022-06-02 09:02:51
1654160572020283000,27.95,1,27.9,19,27.95,63,1,2022-06-02 09:02:52
1654160572218011000,27.95,5,27.9,19,27.95,59,1,2022-06-02 09:02:52
1654160572522891000,27.95,2,27.9,19,27.95,57,1,2022-06-02 09:02:52
1654160573118877000,27.9,1,27.9,23,27.95,57,2,2022-06-02 09:02:53
1654160573503078000,27.95,1,27.9,23,27.95,60,1,2022-06-02 09:02:53
1654160573511991000,27.95,1,27.9,23,27.95,59,1,2022-06-02 09:02:53
1654160573557197000,27.95,1,27.9,23,27.95,58,1,2022-06-02 09:02:53
1654160574378580000,27.95,5,27.9,23,27.95,53,1,2022-06-02 09:02:54
1654160574531966000,27.95,1,27.9,23,27.95,52,1,2022-06-02 09:02:54
1654160574600764000,27.95,1,27.9,23,27.95,52,1,2022-06-02 09:02:54
1654160575285279000,27.95,4,27.9,23,27.95,48,1,2022-06-02 09:02:55
1654160575555756000,27.95,1,27.9,23,27.95,47,1,2022-06-02 09:02:55
1654160575568667000,27.95,1,27.9,23,27.95,46,1,2022-06-02 09:02:55
1654160575849220000,27.95,10,27.9,23,27.95,36,1,2022-06-02 09:02:55
1654160575869339000,27.95,1,27.9,23,27.95,35,1,2022-06-02 09:02:55
1654160575869931000,27.95,2,27.9,23,27.95,33,1,2022-06-02 09:02:55
1654160576714621000,27.9,1,27.9,23,27.95,34,2,2022-06-02 09:02:56
1654160576901787000,27.9,20,27.9,3,27.95,34,2,2022-06-02 09:02:56
1654160576936467000,27.9,1,27.9,2,27.95,34,2,2022-06-02 09:02:56
1654160577253373000,27.9,2,27.85,105,27.9,8,2,2022-06-02 09:02:57
1654160577349341000,27.9,1,27.85,105,27.9,7,1,2022-06-02 09:02:57
1654160577432496000,27.9,5,27.85,105,27.9,2,1,2022-06-02 09:02:57
1654160577608820000,27.9,1,27.85,105,27.9,1,1,2022-06-02 09:02:57
1654160577639998000,27.9,1,27.85,105,27.95,34,1,2022-06-02 09:02:57
1654160577639998000,27.95,1,27.85,105,27.95,34,1,2022-06-02 09:02:57
1654160577708342000,27.95,5,27.85,105,27.95,29,1,2022-06-02 09:02:57
1654160577737069000,27.95,1,27.85,105,27.95,28,1,2022-06-02 09:02:57
1654160577950970000,27.95,5,27.9,2,27.95,23,1,2022-06-02 09:02:57
1654160578215651000,27.9,1,27.9,1,27.95,23,2,2022-06-02 09:02:58
1654160578829371000,27.9,1,27.85,105,27.95,25,2,2022-06-02 09:02:58
1654160578962876000,27.85,2,27.85,103,27.95,25,2,2022-06-02 09:02:58
1654160579719937000,27.95,1,27.9,3,27.95,29,1,2022-06-02 09:02:59
1654160579878473000,27.9,1,27.9,2,27.95,28,2,2022-06-02 09:02:59
1654160579995706000,27.9,1,27.9,1,27.95,28,2,2022-06-02 09:02:59
1654160580761195000,27.9,3,27.9,29,27.95,28,2,2022-06-02 09:03:00
1654160580768491000,27.9,3,27.9,26,27.95,28,2,2022-06-02 09:03:00
1654160580842258000,27.9,20,27.9,56,27.95,28,2,2022-06-02 09:03:00
1654160580884489000,27.9,1,27.9,55,27.95,28,2,2022-06-02 09:03:00
1654160581153537000,27.9,3,27.9,52,27.95,28,2,2022-06-02 09:03:01
1654160581355913000,27.9,9,27.9,43,27.95,28,2,2022-06-02 09:03:01
1654160581538846000,27.9,5,27.9,38,27.95,28,2,2022-06-02 09:03:01
1654160581723352000,27.9,1,27.9,37,27.95,28,2,2022-06-02 09:03:01
1654160581750739000,27.95,3,27.9,37,27.95,25,1,2022-06-02 09:03:01
1654160582310813000,27.9,38,27.85,104,27.95,25,2,2022-06-02 09:03:02
1654160582310813000,27.85,4,27.85,104,27.95,25,2,2022-06-02 09:03:02
1654160582376392000,27.9,2,27.85,104,27.95,25,1,2022-06-02 09:03:02
1654160582421760000,27.85,1,27.85,103,27.95,25,2,2022-06-02 09:03:02
1654160583340633000,27.9,1,27.85,103,27.9,4,2,2022-06-02 09:03:03
1654160583445769000,27.9,4,27.85,103,27.95,31,1,2022-06-02 09:03:03
1654160583776451000,27.9,1,27.85,103,27.9,4,1,2022-06-02 09:03:03
1654160583848486000,27.9,1,27.85,103,27.9,4,1,2022-06-02 09:03:03
1654160583900185000,27.9,1,27.85,103,27.9,3,1,2022-06-02 09:03:03
1654160584479448000,27.85,7,27.85,96,27.9,8,2,2022-06-02 09:03:04
1654160584722382000,27.85,1,27.85,95,27.9,8,2,2022-06-02 09:03:04
1654160586187711000,27.9,1,27.85,95,27.9,9,1,2022-06-02 09:03:06
1654160586496965000,27.85,1,27.85,95,27.9,9,2,2022-06-02 09:03:06
1654160587277887000,27.9,5,27.85,95,27.9,13,1,2022-06-02 09:03:07
1654160587301207000,27.9,1,27.85,95,27.9,12,1,2022-06-02 09:03:07
1654160587450603000,27.9,1,27.85,96,27.9,11,1,2022-06-02 09:03:07
1654160587494100000,27.85,1,27.85,95,27.9,11,2,2022-06-02 09:03:07
1654160588449810000,27.85,20,27.85,77,27.9,12,2,2022-06-02 09:03:08
1654160588463983000,27.9,10,27.85,77,27.9,2,1,2022-06-02 09:03:08
1654160588522956000,27.85,1,27.85,76,27.9,3,2,2022-06-02 09:03:08
1654160588709649000,27.85,2,27.85,75,27.9,3,2,2022-06-02 09:03:08
1654160590034257000,27.85,1,27.85,75,27.9,5,2,2022-06-02 09:03:10
1654160590183532000,27.9,1,27.85,81,27.9,4,1,2022-06-02 09:03:10
1654160590323855000,27.9,1,27.85,81,27.9,3,1,2022-06-02 09:03:10
1654160591736205000,27.85,1,27.85,81,27.9,11,2,2022-06-02 09:03:11
1654160592291312000,27.9,11,27.85,81,27.95,33,1,2022-06-02 09:03:12
1654160592291312000,27.95,10,27.85,81,27.95,33,1,2022-06-02 09:03:12
1654160592505621000,27.85,1,27.85,80,27.95,33,2,2022-06-02 09:03:12
1654160592574913000,27.95,1,27.85,80,27.95,32,1,2022-06-02 09:03:12
1654160593154884000,27.9,2,27.85,80,27.95,32,1,2022-06-02 09:03:13
1654160593952710000,27.9,2,27.85,81,27.95,32,1,2022-06-02 09:03:13
1654160595375552000,27.9,6,27.85,84,27.9,5,1,2022-06-02 09:03:15
1654160595845466000,27.9,1,27.85,84,27.9,4,1,2022-06-02 09:03:15
1654160595927221000,27.9,2,27.85,84,27.9,2,1,2022-06-02 09:03:15
1654160596224833000,27.9,2,27.9,1,27.95,31,1,2022-06-02 09:03:16
1654160596718710000,27.9,1,27.85,86,27.9,6,2,2022-06-02 09:03:16
1654160597177135000,27.9,2,27.85,86,27.9,10,1,2022-06-02 09:03:17
1654160598101228000,27.9,2,27.85,87,27.9,8,1,2022-06-02 09:03:18
1654160598579544000,27.85,1,27.85,86,27.9,9,2,2022-06-02 09:03:18
1654160598785651000,27.9,1,27.85,86,27.9,10,1,2022-06-02 09:03:18
1654160599561078000,27.9,5,27.85,87,27.9,5,1,2022-06-02 09:03:19
1654160599632436000,27.9,1,27.85,87,27.9,4,1,2022-06-02 09:03:19
1654160599983150000,27.9,2,27.85,87,27.9,3,1,2022-06-02 09:03:19
1654160600156215000,27.9,1,27.85,87,27.9,2,1,2022-06-02 09:03:20
1654160600379928000,27.9,1,27.85,87,27.9,1,1,2022-06-02 09:03:20
1654160600708464000,27.9,1,27.85,87,27.9,1,1,2022-06-02 09:03:20
1654160600749803000,27.9,1,27.85,87,27.95,26,1,2022-06-02 09:03:20
1654160600749803000,27.95,5,27.85,87,27.95,26,1,2022-06-02 09:03:20
1654160601523437000,27.9,1,27.85,87,27.9,1,1,2022-06-02 09:03:21
1654160601870863000,27.85,3,27.85,84,27.9,1,2,2022-06-02 09:03:21
1654160602151635000,27.9,1,27.85,84,27.9,1,1,2022-06-02 09:03:22
1654160602303734000,27.9,1,27.85,84,27.95,26,1,2022-06-02 09:03:22
1654160603377195000,27.9,1,27.85,85,27.9,19,1,2022-06-02 09:03:23
1654160603430792000,27.9,1,27.85,85,27.9,18,1,2022-06-02 09:03:23
1654160604441617000,27.9,1,27.85,85,27.9,17,1,2022-06-02 09:03:24
1654160604946041000,27.9,5,27.85,85,27.9,12,1,2022-06-02 09:03:24
1654160605321533000,27.9,1,27.85,85,27.9,22,1,2022-06-02 09:03:25
1654160605918910000,27.85,2,27.85,84,27.9,22,2,2022-06-02 09:03:25
1654160606900303000,27.9,6,27.85,88,27.9,19,1,2022-06-02 09:03:26
1654160607071767000,27.9,5,27.85,88,27.9,14,1,2022-06-02 09:03:27
1654160607312995000,27.9,10,27.85,88,27.9,4,1,2022-06-02 09:03:27
1654160607551084000,27.9,1,27.85,88,27.9,3,1,2022-06-02 09:03:27
1654160607707213000,27.9,2,27.85,89,27.9,1,1,2022-06-02 09:03:27
1654160607807686000,27.9,1,27.85,89,27.95,47,1,2022-06-02 09:03:27
1654160609443048000,27.85,15,27.85,74,27.9,2,2,2022-06-02 09:03:29
1654160609476676000,27.85,1,27.85,73,27.9,2,2,2022-06-02 09:03:29
1654160611035659000,27.9,1,27.85,74,27.9,2,1,2022-06-02 09:03:31
1654160611259071000,27.9,1,27.85,73,27.9,1,1,2022-06-02 09:03:31
1654160611961098000,27.9,1,27.85,72,27.95,47,1,2022-06-02 09:03:31
1654160612094591000,27.85,1,27.85,71,27.95,47,2,2022-06-02 09:03:32
1654160613447379000,27.9,5,27.9,9,27.95,47,2,2022-06-02 09:03:33
1654160613680347000,27.9,5,27.9,4,27.95,47,2,2022-06-02 09:03:33
1654160614413179000,27.9,4,27.85,70,27.95,47,2,2022-06-02 09:03:34
1654160614413179000,27.85,6,27.85,70,27.95,47,2,2022-06-02 09:03:34
1654160615691008000,27.9,1,27.9,1,27.95,37,2,2022-06-02 09:03:35
1654160615735507000,27.9,1,27.85,71,27.95,37,2,2022-06-02 09:03:35
1654160616370637000,27.95,1,27.85,70,27.95,36,1,2022-06-02 09:03:36
1654160617322890000,27.85,5,27.85,65,27.9,22,2,2022-06-02 09:03:37
1654160617344711000,27.85,65,27.8,32,27.9,22,2,2022-06-02 09:03:37
1654160617515857000,27.85,2,27.8,32,27.85,3,1,2022-06-02 09:03:37
1654160617734313000,27.85,2,27.8,32,27.85,1,1,2022-06-02 09:03:37
1654160618049354000,27.85,1,27.8,33,27.9,22,1,2022-06-02 09:03:38
1654160618068956000,27.9,1,27.8,33,27.9,21,1,2022-06-02 09:03:38
1654160618094915000,27.9,3,27.8,33,27.9,18,1,2022-06-02 09:03:38
1654160618924668000,27.85,3,27.8,33,27.85,2,1,2022-06-02 09:03:38
1654160618967794000,27.8,1,27.8,32,27.85,2,2,2022-06-02 09:03:38
1654160620311043000,27.85,2,27.85,1,27.9,21,1,2022-06-02 09:03:40
1654160622108902000,27.85,2,27.85,3,27.9,22,2,2022-06-02 09:03:42
1654160622221162000,27.85,1,27.85,2,27.9,22,2,2022-06-02 09:03:42
1654160623640420000,27.85,2,27.8,29,27.85,1,2,2022-06-02 09:03:43
1654160624002553000,27.85,1,27.8,30,27.9,24,1,2022-06-02 09:03:44
1654160625152587000,27.9,1,27.85,1,27.9,23,1,2022-06-02 09:03:45
1654160625469115000,27.85,1,27.8,30,27.85,1,2,2022-06-02 09:03:45
1654160625918246000,27.85,1,27.85,9,27.9,27,1,2022-06-02 09:03:45
1654160626015974000,27.85,1,27.85,8,27.9,27,2,2022-06-02 09:03:46
1654160626591674000,27.85,3,27.85,7,27.9,28,2,2022-06-02 09:03:46
1654160626665703000,27.9,28,27.85,7,27.95,37,1,2022-06-02 09:03:46
1654160626665703000,27.95,2,27.85,7,27.95,37,1,2022-06-02 09:03:46
1654160627484813000,27.85,7,27.8,32,27.85,1,2,2022-06-02 09:03:47
1654160627580582000,27.85,1,27.85,3,27.9,5,1,2022-06-02 09:03:47
1654160628069276000,27.9,1,27.9,9,27.95,38,1,2022-06-02 09:03:48
1654160629124125000,27.9,1,27.9,8,27.95,38,2,2022-06-02 09:03:49
1654160629149290000,27.9,8,27.85,4,27.95,38,2,2022-06-02 09:03:49
1654160629406355000,27.85,2,27.85,2,27.95,38,2,2022-06-02 09:03:49
1654160631659009000,27.9,1,27.85,6,27.95,39,2,2022-06-02 09:03:51
1654160631659009000,27.85,1,27.85,6,27.95,39,2,2022-06-02 09:03:51
1654160631840930000,27.85,1,27.85,5,27.95,39,2,2022-06-02 09:03:51
1654160632359272000,27.85,2,27.85,3,27.95,39,2,2022-06-02 09:03:52
1654160632955981000,27.9,1,27.85,3,27.9,3,2,2022-06-02 09:03:52
1654160633678216000,27.85,1,27.85,7,27.9,8,2,2022-06-02 09:03:53
1654160633729419000,27.85,7,27.8,48,27.85,3,2,2022-06-02 09:03:53
1654160634376062000,27.85,3,27.85,2,27.9,10,1,2022-06-02 09:03:54
1654160634400643000,27.85,2,27.8,48,27.9,10,2,2022-06-02 09:03:54
1654160636877652000,27.85,1,27.85,10,27.9,18,2,2022-06-02 09:03:56
1654160637166697000,27.85,5,27.85,5,27.9,18,2,2022-06-02 09:03:57
1654160637969685000,27.85,3,27.85,2,27.9,18,2,2022-06-02 09:03:57
1654160637998044000,27.85,2,27.8,50,27.9,18,2,2022-06-02 09:03:57
1654160639628098000,27.85,1,27.85,4,27.9,19,2,2022-06-02 09:03:59
1654160640012239000,27.85,4,27.8,51,27.9,19,2,2022-06-02 09:04:00
1654160640012239000,27.8,1,27.8,51,27.9,19,2,2022-06-02 09:04:00
1654160641525445000,27.85,2,27.8,51,27.9,19,2,2022-06-02 09:04:01
1654160641812244000,27.9,5,27.8,51,27.9,14,1,2022-06-02 09:04:01
1654160643196945000,27.9,10,27.85,10,27.9,4,1,2022-06-02 09:04:03
1654160643223588000,27.9,4,27.85,10,27.95,38,1,2022-06-02 09:04:03
1654160643553125000,27.85,10,27.8,54,27.85,13,2,2022-06-02 09:04:03
1654160643591802000,27.8,1,27.8,53,27.85,13,2,2022-06-02 09:04:03
1654160643941740000,27.85,1,27.8,53,27.85,12,1,2022-06-02 09:04:03
1654160643977584000,27.8,1,27.8,52,27.85,12,2,2022-06-02 09:04:03
1654160645205947000,27.85,1,27.8,53,27.85,11,1,2022-06-02 09:04:05
1654160647698399000,27.85,5,27.8,55,27.85,6,1,2022-06-02 09:04:07
1654160648949729000,27.85,3,27.8,56,27.85,3,1,2022-06-02 09:04:08
1654160649263142000,27.8,5,27.8,51,27.85,7,2,2022-06-02 09:04:09
1654160649497369000,27.85,3,27.8,51,27.85,4,1,2022-06-02 09:04:09
1654160649909890000,27.8,1,27.8,50,27.85,4,2,2022-06-02 09:04:09
1654160650369220000,27.85,2,27.8,49,27.85,2,1,2022-06-02 09:04:10
1654160651045011000,27.85,1,27.8,54,27.85,1,1,2022-06-02 09:04:11
1654160651758613000,27.85,1,27.8,54,27.85,1,1,2022-06-02 09:04:11
1654160651794419000,27.8,1,27.8,53,27.85,1,2,2022-06-02 09:04:11
1654160651810500000,27.85,1,27.8,53,27.9,14,1,2022-06-02 09:04:11
1654160653589957000,27.85,1,27.85,2,27.9,18,2,2022-06-02 09:04:13
1654160654309160000,27.85,2,27.8,51,27.9,19,2,2022-06-02 09:04:14
1654160654309160000,27.8,4,27.8,51,27.9,19,2,2022-06-02 09:04:14
1654160655674162000,27.85,1,27.85,2,27.9,27,1,2022-06-02 09:04:15
1654160655712090000,27.85,1,27.85,1,27.9,27,2,2022-06-02 09:04:15
1654160655741835000,27.85,1,27.8,51,27.9,27,2,2022-06-02 09:04:15
1654160655815972000,27.9,1,27.8,51,27.9,26,1,2022-06-02 09:04:15
1654160655925323000,27.9,1,27.8,51,27.9,25,1,2022-06-02 09:04:15
1654160659381941000,27.85,5,27.8,55,27.85,19,1,2022-06-02 09:04:19
1654160659382830000,27.8,5,27.8,50,27.85,19,2,2022-06-02 09:04:19
1654160660617317000,27.85,1,27.8,50,27.85,18,1,2022-06-02 09:04:20
1654160660680887000,27.85,1,27.8,50,27.85,17,1,2022-06-02 09:04:20
1654160661429225000,27.85,4,27.8,48,27.85,13,1,2022-06-02 09:04:21
1654160661471506000,27.8,5,27.8,43,27.85,13,2,2022-06-02 09:04:21
1654160661506178000,27.8,1,27.8,42,27.85,13,2,2022-06-02 09:04:21
1654160661563718000,27.8,1,27.8,41,27.85,13,2,2022-06-02 09:04:21
1654160661783107000,27.85,2,27.8,51,27.85,11,1,2022-06-02 09:04:21
1654160664967468000,27.85,1,27.8,58,27.85,13,1,2022-06-02 09:04:24
1654160665994579000,27.85,1,27.8,57,27.85,10,1,2022-06-02 09:04:25
1654160666155533000,27.85,5,27.8,57,27.85,5,1,2022-06-02 09:04:26
1654160667674810000,27.85,1,27.8,56,27.85,6,1,2022-06-02 09:04:27
1654160667940801000,27.85,1,27.8,56,27.85,8,1,2022-06-02 09:04:27
1654160668018773000,27.85,1,27.8,56,27.85,7,1,2022-06-02 09:04:28
1654160668886839000,27.85,2,27.8,57,27.85,15,1,2022-06-02 09:04:28
1654160669340285000,27.85,1,27.8,57,27.85,19,1,2022-06-02 09:04:29
1654160669696084000,27.85,1,27.8,57,27.85,18,1,2022-06-02 09:04:29
1654160669833497000,27.85,1,27.8,57,27.85,17,1,2022-06-02 09:04:29
1654160669944517000,27.85,5,27.8,57,27.85,12,1,2022-06-02 09:04:29
1654160670746115000,27.85,1,27.8,57,27.85,11,1,2022-06-02 09:04:30
1654160671975210000,27.8,1,27.8,57,27.85,11,2,2022-06-02 09:04:31
1654160672644637000,27.85,2,27.8,58,27.85,9,1,2022-06-02 09:04:32
1654160672651022000,27.8,1,27.8,57,27.85,9,2,2022-06-02 09:04:32
1654160673312314000,27.85,1,27.8,57,27.85,8,1,2022-06-02 09:04:33
1654160673480195000,27.85,1,27.8,56,27.85,8,1,2022-06-02 09:04:33
1654160673558398000,27.85,1,27.8,56,27.85,7,1,2022-06-02 09:04:33
1654160674019013000,27.85,1,27.8,56,27.85,6,1,2022-06-02 09:04:34
1654160675030517000,27.85,1,27.8,61,27.85,5,1,2022-06-02 09:04:35
1654160676087361000,27.85,3,27.8,61,27.85,3,1,2022-06-02 09:04:36
1654160676729745000,27.85,1,27.8,61,27.85,2,1,2022-06-02 09:04:36
1654160676880567000,27.85,1,27.8,61,27.85,3,1,2022-06-02 09:04:36
1654160676992184000,27.85,10,27.8,61,27.85,13,1,2022-06-02 09:04:36
1654160677037054000,27.8,1,27.8,60,27.85,13,2,2022-06-02 09:04:37
1654160678314305000,27.8,1,27.8,59,27.85,13,2,2022-06-02 09:04:38
1654160679293918000,27.85,2,27.8,59,27.85,11,1,2022-06-02 09:04:39
1654160680011471000,27.85,5,27.8,59,27.85,6,1,2022-06-02 09:04:40
1654160680188396000,27.8,1,27.8,58,27.85,6,2,2022-06-02 09:04:40
1654160682081943000,27.8,1,27.8,68,27.85,6,2,2022-06-02 09:04:42
1654160682190306000,27.85,6,27.8,68,27.9,50,1,2022-06-02 09:04:42
1654160683047436000,27.85,1,27.85,10,27.9,50,2,2022-06-02 09:04:43
1654160684300435000,27.85,3,27.85,8,27.9,50,2,2022-06-02 09:04:44
1654160685502161000,27.85,4,27.85,5,27.9,50,2,2022-06-02 09:04:45
1654160685762303000,27.9,1,27.85,6,27.9,49,1,2022-06-02 09:04:45
1654160686271715000,27.85,5,27.85,1,27.9,49,2,2022-06-02 09:04:46
1654160687039326000,27.85,3,27.8,72,27.9,50,2,2022-06-02 09:04:47
1654160687039326000,27.8,7,27.8,72,27.9,50,2,2022-06-02 09:04:47
1654160688189096000,27.9,1,27.85,2,27.9,49,1,2022-06-02 09:04:48
1654160688392761000,27.9,7,27.85,3,27.9,42,1,2022-06-02 09:04:48
1654160688440115000,27.85,1,27.85,3,27.9,42,2,2022-06-02 09:04:48
1654160691396927000,27.85,1,27.85,4,27.9,46,2,2022-06-02 09:04:51
1654160693962276000,27.85,1,27.85,5,27.9,44,2,2022-06-02 09:04:53
1654160695269120000,27.85,1,27.85,8,27.9,44,2,2022-06-02 09:04:55
1654160695955892000,27.85,9,27.8,78,27.85,6,2,2022-06-02 09:04:55
1654160696515303000,27.85,7,27.85,13,27.9,46,1,2022-06-02 09:04:56
1654160697431453000,27.9,1,27.85,13,27.9,45,1,2022-06-02 09:04:57
1654160700618365000,27.85,3,27.85,13,27.9,45,2,2022-06-02 09:05:00
1654160706342816000,27.85,7,27.85,14,27.9,48,2,2022-06-02 09:05:06
1654160706783752000,27.85,1,27.85,13,27.9,48,2,2022-06-02 09:05:06
1654160707963017000,27.85,1,27.85,13,27.9,48,2,2022-06-02 09:05:07
1654160708598897000,27.85,1,27.85,12,27.9,48,2,2022-06-02 09:05:08
1654160709965549000,27.85,1,27.85,11,27.9,48,2,2022-06-02 09:05:09
1654160710090524000,27.85,5,27.85,6,27.9,43,2,2022-06-02 09:05:10
1654160710683314000,27.85,7,27.8,138,27.9,45,2,2022-06-02 09:05:10
1654160710683314000,27.8,3,27.8,138,27.9,45,2,2022-06-02 09:05:10
1654160712226985000,27.9,1,27.85,1,27.9,44,1,2022-06-02 09:05:12
1654160712558354000,27.85,1,27.85,1,27.9,45,2,2022-06-02 09:05:12
1654160712597847000,27.85,1,27.8,139,27.9,45,2,2022-06-02 09:05:12
1654160716285800000,27.8,3,27.8,137,27.85,2,2,2022-06-02 09:05:16
1654160718472101000,27.85,1,27.8,137,27.85,7,1,2022-06-02 09:05:18
1654160718631566000,27.85,7,27.85,3,27.9,45,1,2022-06-02 09:05:18
1654160719168094000,27.85,3,27.8,137,27.9,45,2,2022-06-02 09:05:19
1654160719723660000,27.85,1,27.8,137,27.9,45,2,2022-06-02 09:05:19
1654160719723660000,27.8,1,27.8,137,27.9,45,2,2022-06-02 09:05:19
1654160719732320000,27.8,1,27.8,136,27.9,45,2,2022-06-02 09:05:19
1654160720940923000,27.85,1,27.8,136,27.9,45,1,2022-06-02 09:05:20
1654160722354265000,27.85,1,27.8,136,27.85,1,2,2022-06-02 09:05:22
1654160723570322000,27.85,1,27.8,136,27.85,2,1,2022-06-02 09:05:23
1654160725643235000,27.85,1,27.8,137,27.85,2,1,2022-06-02 09:05:25
1654160725966481000,27.85,1,27.8,137,27.85,1,1,2022-06-02 09:05:25
1654160727512102000,27.85,1,27.85,9,27.9,50,1,2022-06-02 09:05:27
1654160727971960000,27.85,1,27.85,9,27.9,50,2,2022-06-02 09:05:27
1654160728834962000,27.85,1,27.85,9,27.9,50,2,2022-06-02 09:05:28
1654160728972888000,27.85,5,27.85,4,27.9,50,2,2022-06-02 09:05:28
1654160732861372000,27.9,10,27.85,23,27.9,38,1,2022-06-02 09:05:32
1654160733470933000,27.85,1,27.85,22,27.9,39,2,2022-06-02 09:05:33
1654160734327806000,27.85,7,27.85,15,27.9,33,2,2022-06-02 09:05:34
1654160734563132000,27.9,2,27.85,15,27.9,31,1,2022-06-02 09:05:34
1654160735785530000,27.9,5,27.85,15,27.9,26,1,2022-06-02 09:05:35
1654160737144883000,27.85,1,27.85,15,27.9,28,2,2022-06-02 09:05:37
1654160739407321000,27.9,5,27.85,29,27.9,24,1,2022-06-02 09:05:39
1654160740700540000,27.9,1,27.85,29,27.9,25,1,2022-06-02 09:05:40
1654160741337832000,27.9,1,27.85,30,27.9,24,1,2022-06-02 09:05:41
1654160741570781000,27.9,4,27.85,30,27.9,20,1,2022-06-02 09:05:41
1654160742528888000,27.9,10,27.85,30,27.9,10,1,2022-06-02 09:05:42
1654160742554536000,27.9,5,27.85,30,27.9,5,1,2022-06-02 09:05:42
1654160742859218000,27.9,6,27.9,4,27.95,25,1,2022-06-02 09:05:42
1654160743527216000,27.95,3,27.9,13,27.95,22,1,2022-06-02 09:05:43
1654160744225197000,27.95,1,27.9,27,27.95,21,1,2022-06-02 09:05:44
1654160744326110000,27.95,1,27.9,27,27.95,20,1,2022-06-02 09:05:44
1654160745052766000,27.95,3,27.9,29,27.95,17,1,2022-06-02 09:05:45
1654160745327246000,27.95,2,27.9,25,27.95,15,1,2022-06-02 09:05:45
1654160746187589000,27.95,4,27.9,18,27.95,9,1,2022-06-02 09:05:46
1654160746238158000,27.95,9,27.95,11,28.0,78,1,2022-06-02 09:05:46
1654160746643778000,28.0,1,27.95,11,28.0,71,1,2022-06-02 09:05:46
1654160746881905000,28.0,1,27.95,12,28.0,70,1,2022-06-02 09:05:46
1654160747302816000,28.0,1,27.95,14,28.0,69,1,2022-06-02 09:05:47
1654160747427263000,28.0,5,27.95,14,28.0,64,1,2022-06-02 09:05:47
1654160748144525000,28.0,2,27.95,14,28.0,62,1,2022-06-02 09:05:48
1654160748847103000,28.0,2,27.95,16,28.0,60,1,2022-06-02 09:05:48
1654160749216063000,28.0,3,27.95,16,28.0,57,1,2022-06-02 09:05:49
1654160749275741000,28.0,1,27.95,16,28.0,56,1,2022-06-02 09:05:49
1654160749327165000,28.0,10,27.95,16,28.0,46,1,2022-06-02 09:05:49
1654160749938142000,28.0,2,27.95,18,28.0,44,1,2022-06-02 09:05:49
1654160750070108000,28.0,1,27.95,18,28.0,43,1,2022-06-02 09:05:50
1654160750257801000,28.0,1,27.95,18,28.0,42,1,2022-06-02 09:05:50
1654160750942399000,28.0,1,27.95,19,28.0,41,1,2022-06-02 09:05:50
1654160751153812000,28.0,5,27.95,29,28.0,36,1,2022-06-02 09:05:51
1654160751180363000,28.0,36,27.95,29,28.05,33,1,2022-06-02 09:05:51
1654160752916575000,28.05,1,28.0,2,28.05,32,1,2022-06-02 09:05:52
1654160752962108000,28.05,1,28.0,2,28.05,31,1,2022-06-02 09:05:52
1654160752963442000,28.05,1,28.0,2,28.05,30,1,2022-06-02 09:05:52
1654160752963468000,28.05,1,28.0,2,28.05,29,1,2022-06-02 09:05:52
1654160754238039000,28.0,1,28.0,6,28.05,29,2,2022-06-02 09:05:54
1654160754290101000,28.0,2,28.0,4,28.05,29,2,2022-06-02 09:05:54
1654160754350651000,28.05,2,28.0,5,28.05,27,1,2022-06-02 09:05:54
1654160754483989000,28.05,1,28.0,6,28.05,26,1,2022-06-02 09:05:54
1654160754571957000,28.0,2,28.0,4,28.05,26,2,2022-06-02 09:05:54
1654160756641069000,28.05,2,28.0,10,28.05,24,1,2022-06-02 09:05:56
1654160756830721000,28.05,2,28.0,10,28.05,22,1,2022-06-02 09:05:56
1654160757416661000,28.05,1,28.0,12,28.05,23,1,2022-06-02 09:05:57
1654160757585659000,28.05,2,28.0,12,28.05,21,1,2022-06-02 09:05:57
1654160758249821000,28.05,2,28.0,14,28.05,19,1,2022-06-02 09:05:58
1654160758578189000,28.0,1,28.0,13,28.05,19,2,2022-06-02 09:05:58
1654160758880073000,28.05,2,28.0,14,28.05,17,1,2022-06-02 09:05:58
1654160759741810000,28.05,1,28.0,14,28.05,19,1,2022-06-02 09:05:59
1654160760353430000,28.05,2,28.0,18,28.05,17,1,2022-06-02 09:06:00
1654160760709588000,28.05,2,28.0,18,28.05,15,1,2022-06-02 09:06:00
1654160761376946000,28.05,1,28.0,18,28.05,14,1,2022-06-02 09:06:01
1654160761572378000,28.05,1,28.0,18,28.05,13,1,2022-06-02 09:06:01
1654160761936414000,28.05,1,28.0,18,28.05,12,1,2022-06-02 09:06:01
1654160762143413000,28.05,1,28.0,18,28.05,11,1,2022-06-02 09:06:02
1654160762213086000,28.05,1,28.0,18,28.05,10,1,2022-06-02 09:06:02
1654160762266942000,28.05,2,28.0,18,28.05,8,1,2022-06-02 09:06:02
1654160762651468000,28.05,5,28.0,18,28.05,8,1,2022-06-02 09:06:02
1654160763287433000,28.05,2,28.0,30,28.05,11,1,2022-06-02 09:06:03
1654160763314504000,28.05,1,28.0,30,28.05,10,1,2022-06-02 09:06:03
1654160763474197000,28.05,1,28.0,31,28.05,9,1,2022-06-02 09:06:03
1654160763511947000,28.05,1,28.0,31,28.05,8,1,2022-06-02 09:06:03
1654160763783886000,28.05,8,28.05,2,28.1,33,1,2022-06-02 09:06:03
1654160764930438000,28.05,1,28.05,5,28.1,33,2,2022-06-02 09:06:04
1654160765771604000,28.1,2,28.05,6,28.1,31,1,2022-06-02 09:06:05
1654160765819448000,28.1,2,28.05,6,28.1,29,1,2022-06-02 09:06:05
1654160765884528000,28.1,10,28.05,6,28.1,19,1,2022-06-02 09:06:05
1654160765897255000,28.05,1,28.05,5,28.1,19,2,2022-06-02 09:06:05
1654160765948004000,28.1,1,28.05,7,28.1,18,1,2022-06-02 09:06:05
1654160765981120000,28.1,18,28.05,7,28.15,22,1,2022-06-02 09:06:05
1654160765981120000,28.15,2,28.05,7,28.15,22,1,2022-06-02 09:06:05
1654160766210282000,28.15,2,28.05,7,28.15,20,1,2022-06-02 09:06:06
1654160767442117000,28.15,5,28.05,10,28.15,15,1,2022-06-02 09:06:07
1654160767743948000,28.15,1,28.05,11,28.15,14,1,2022-06-02 09:06:07
1654160768237122000,28.15,1,28.05,12,28.15,13,1,2022-06-02 09:06:08
1654160768716370000,28.15,1,28.05,12,28.15,12,1,2022-06-02 09:06:08
1654160769045164000,28.15,1,28.05,23,28.15,11,1,2022-06-02 09:06:09
1654160769078420000,28.15,2,28.05,23,28.15,9,1,2022-06-02 09:06:09
1654160769111337000,28.15,9,28.05,23,28.2,38,1,2022-06-02 09:06:09
1654160769397827000,28.1,1,28.05,23,28.2,38,1,2022-06-02 09:06:09
1654160769496397000,28.2,1,28.05,23,28.2,37,1,2022-06-02 09:06:09
1654160769832621000,28.2,10,28.05,23,28.2,27,1,2022-06-02 09:06:09
1654160770062049000,28.1,1,28.05,22,28.2,27,1,2022-06-02 09:06:10
1654160770479156000,28.2,5,28.15,1,28.2,22,1,2022-06-02 09:06:10
1654160770520980000,28.15,1,28.05,23,28.2,22,2,2022-06-02 09:06:10
1654160770726623000,28.15,1,28.05,23,28.2,13,1,2022-06-02 09:06:10
1654160770726623000,28.2,9,28.05,23,28.2,13,1,2022-06-02 09:06:10
1654160771569250000,28.2,10,28.05,23,28.2,3,1,2022-06-02 09:06:11
1654160772542792000,28.2,2,28.1,2,28.2,1,1,2022-06-02 09:06:12
1654160773058490000,28.2,1,28.1,2,28.2,1,1,2022-06-02 09:06:13
1654160773082010000,28.2,1,28.1,2,28.25,17,1,2022-06-02 09:06:13
1654160773492272000,28.25,1,28.1,2,28.25,16,1,2022-06-02 09:06:13
1654160774092244000,28.15,1,28.1,2,28.25,16,1,2022-06-02 09:06:14
1654160774092244000,28.2,1,28.1,2,28.25,16,1,2022-06-02 09:06:14
1654160774903371000,28.15,1,28.1,2,28.2,3,2,2022-06-02 09:06:14
1654160775165550000,28.1,1,28.1,1,28.2,3,2,2022-06-02 09:06:15
1654160775886302000,28.1,2,28.05,24,28.2,4,2,2022-06-02 09:06:15
1654160775886302000,28.05,1,28.05,24,28.2,4,2,2022-06-02 09:06:15
1654160775963496000,28.2,1,28.05,24,28.2,3,1,2022-06-02 09:06:15
1654160775970626000,28.2,1,28.05,24,28.2,2,1,2022-06-02 09:06:15
1654160776192136000,28.2,1,28.05,24,28.2,1,1,2022-06-02 09:06:16
1654160776618012000,28.2,1,28.1,4,28.25,16,1,2022-06-02 09:06:16
1654160777144286000,28.1,1,28.1,3,28.2,1,2,2022-06-02 09:06:17
1654160777297566000,28.2,1,28.1,3,28.2,2,1,2022-06-02 09:06:17
1654160778324562000,28.2,1,28.15,1,28.2,4,1,2022-06-02 09:06:18
1654160779491899000,28.2,1,28.15,2,28.2,7,1,2022-06-02 09:06:19
1654160779824548000,28.15,1,28.15,1,28.2,7,2,2022-06-02 09:06:19
1654160780334231000,28.2,1,28.15,1,28.2,6,1,2022-06-02 09:06:20
1654160780438701000,28.2,1,28.15,1,28.2,5,1,2022-06-02 09:06:20
1654160780675974000,28.2,4,28.15,1,28.2,1,1,2022-06-02 09:06:20
1654160781462919000,28.2,2,28.15,11,28.2,1,1,2022-06-02 09:06:21
1654160782330607000,28.2,3,28.2,15,28.25,16,1,2022-06-02 09:06:22
1654160783645778000,28.2,1,28.2,16,28.25,21,2,2022-06-02 09:06:23
1654160784422564000,28.2,11,28.2,6,28.25,21,2,2022-06-02 09:06:24
1654160784534473000,28.2,1,28.2,5,28.25,21,2,2022-06-02 09:06:24
1654160785148532000,28.2,2,28.2,3,28.25,21,2,2022-06-02 09:06:25
1654160785869276000,28.25,1,28.2,3,28.25,21,1,2022-06-02 09:06:25
1654160786099440000,28.2,1,28.2,14,28.25,21,2,2022-06-02 09:06:26
1654160786780640000,28.25,5,28.2,16,28.25,16,1,2022-06-02 09:06:26
1654160787515846000,28.25,1,28.2,20,28.25,15,1,2022-06-02 09:06:27
1654160787668358000,28.2,5,28.2,15,28.25,15,2,2022-06-02 09:06:27
1654160787955038000,28.25,1,28.2,15,28.25,14,1,2022-06-02 09:06:27
1654160788132967000,28.2,2,28.2,13,28.25,16,2,2022-06-02 09:06:28
1654160788161201000,28.25,2,28.2,13,28.25,14,1,2022-06-02 09:06:28
1654160789071547000,28.2,3,28.2,13,28.25,12,2,2022-06-02 09:06:29
1654160790573715000,28.2,2,28.2,17,28.25,12,2,2022-06-02 09:06:30
1654160790584770000,28.25,12,28.2,17,28.3,18,1,2022-06-02 09:06:30
1654160790962749000,28.25,1,28.2,19,28.3,18,2,2022-06-02 09:06:30
1654160790962749000,28.2,1,28.2,19,28.3,18,2,2022-06-02 09:06:30
1654160792204954000,28.25,1,28.2,20,28.25,1,1,2022-06-02 09:06:32
1654160792515875000,28.2,1,28.2,19,28.25,1,2,2022-06-02 09:06:32
1654160793729460000,28.25,1,28.2,25,28.3,16,1,2022-06-02 09:06:33
1654160793868672000,28.3,1,28.2,25,28.3,15,1,2022-06-02 09:06:33
1654160794304085000,28.25,3,28.25,7,28.3,15,1,2022-06-02 09:06:34
1654160794601929000,28.25,1,28.25,10,28.3,15,2,2022-06-02 09:06:34
1654160795223805000,28.3,1,28.25,10,28.3,14,1,2022-06-02 09:06:35
1654160795468651000,28.25,1,28.25,9,28.3,14,2,2022-06-02 09:06:35
1654160796697979000,28.25,5,28.25,4,28.3,14,2,2022-06-02 09:06:36
1654160797828839000,28.25,1,28.25,13,28.3,14,2,2022-06-02 09:06:37
1654160799757202000,28.3,1,28.25,48,28.3,18,1,2022-06-02 09:06:39
1654160799896129000,28.3,3,28.25,48,28.3,15,1,2022-06-02 09:06:39
1654160800379328000,28.3,3,28.25,49,28.3,12,1,2022-06-02 09:06:40
1654160802146090000,28.3,1,28.25,54,28.3,11,1,2022-06-02 09:06:42
1654160803155541000,28.3,1,28.25,66,28.3,13,1,2022-06-02 09:06:43
1654160803385381000,28.3,2,28.25,66,28.3,11,1,2022-06-02 09:06:43
1654160803602031000,28.3,1,28.25,66,28.3,10,1,2022-06-02 09:06:43
1654160804049698000,28.25,2,28.25,64,28.3,10,2,2022-06-02 09:06:44
1654160804324464000,28.3,2,28.25,64,28.3,8,1,2022-06-02 09:06:44
1654160804592282000,28.3,2,28.25,64,28.3,6,1,2022-06-02 09:06:44
1654160804944953000,28.3,1,28.25,64,28.3,5,1,2022-06-02 09:06:44
1654160805909566000,28.3,1,28.25,69,28.3,4,1,2022-06-02 09:06:45
1654160805973428000,28.3,1,28.25,69,28.3,3,1,2022-06-02 09:06:45
1654160806575099000,28.3,1,28.25,72,28.3,2,1,2022-06-02 09:06:46
1654160807048362000,28.3,2,28.3,1,28.35,14,1,2022-06-02 09:06:47
1654160807236531000,28.3,1,28.3,10,28.35,14,2,2022-06-02 09:06:47
1654160807557230000,28.35,1,28.3,10,28.35,13,1,2022-06-02 09:06:47
1654160808022904000,28.35,4,28.3,10,28.35,9,1,2022-06-02 09:06:48
1654160808352361000,28.3,2,28.3,9,28.35,9,2,2022-06-02 09:06:48
1654160809249669000,28.35,9,28.3,11,28.45,10,1,2022-06-02 09:06:49
1654160809249669000,28.4,34,28.3,11,28.45,10,1,2022-06-02 09:06:49
1654160809249669000,28.45,7,28.3,11,28.45,10,1,2022-06-02 09:06:49
1654160810179341000,28.45,1,28.3,11,28.45,10,1,2022-06-02 09:06:50
1654160811578523000,28.45,5,28.3,16,28.45,5,1,2022-06-02 09:06:51
1654160811844768000,28.45,5,28.3,16,28.5,64,1,2022-06-02 09:06:51
1654160812159095000,28.35,1,28.3,16,28.5,61,1,2022-06-02 09:06:52
1654160812159095000,28.4,1,28.3,16,28.5,61,1,2022-06-02 09:06:52
1654160812159095000,28.5,3,28.3,16,28.5,61,1,2022-06-02 09:06:52
1654160812269979000,28.45,1,28.45,1,28.5,61,2,2022-06-02 09:06:52
1654160812311094000,28.45,1,28.35,3,28.5,61,2,2022-06-02 09:06:52
1654160813738840000,28.45,1,28.45,8,28.5,61,1,2022-06-02 09:06:53
1654160813922949000,28.45,1,28.45,7,28.5,61,2,2022-06-02 09:06:53
1654160814608299000,28.45,7,28.4,1,28.5,61,2,2022-06-02 09:06:54
1654160815305233000,28.5,3,28.35,25,28.5,58,1,2022-06-02 09:06:55
1654160815349806000,28.5,1,28.35,25,28.5,57,1,2022-06-02 09:06:55
1654160815664719000,28.45,1,28.35,25,28.5,57,2,2022-06-02 09:06:55
1654160815775177000,28.5,1,28.45,5,28.5,56,1,2022-06-02 09:06:55
1654160815908045000,28.45,2,28.45,3,28.5,50,2,2022-06-02 09:06:55
1654160816001047000,28.5,2,28.45,4,28.5,48,1,2022-06-02 09:06:56
1654160816198523000,28.5,1,28.45,9,28.5,47,1,2022-06-02 09:06:56
1654160816296679000,28.45,1,28.45,8,28.5,47,2,2022-06-02 09:06:56
1654160816672022000,28.45,4,28.45,4,28.5,47,2,2022-06-02 09:06:56
1654160816700551000,28.45,1,28.45,3,28.5,47,2,2022-06-02 09:06:56
1654160817433636000,28.5,1,28.45,3,28.5,46,1,2022-06-02 09:06:57
1654160817455761000,28.5,1,28.45,3,28.5,45,1,2022-06-02 09:06:57
1654160818516243000,28.45,3,28.45,1,28.5,46,2,2022-06-02 09:06:58
1654160818742408000,28.45,1,28.4,1,28.45,9,2,2022-06-02 09:06:58
1654160818989028000,28.4,2,28.35,25,28.45,9,2,2022-06-02 09:06:58
1654160819157737000,28.45,1,28.35,25,28.45,8,1,2022-06-02 09:06:59
1654160819171833000,28.35,2,28.35,23,28.45,8,2,2022-06-02 09:06:59
1654160819312270000,28.45,1,28.35,23,28.45,7,1,2022-06-02 09:06:59
1654160819356187000,28.35,10,28.35,13,28.45,7,2,2022-06-02 09:06:59
1654160819477284000,28.45,1,28.4,10,28.45,6,1,2022-06-02 09:06:59
1654160819773147000,28.45,2,28.4,10,28.45,6,1,2022-06-02 09:06:59
1654160820003900000,28.45,1,28.4,10,28.45,7,1,2022-06-02 09:07:00
1654160820383645000,28.45,5,28.4,10,28.45,2,1,2022-06-02 09:07:00
1654160820893779000,28.4,1,28.4,10,28.45,10,2,2022-06-02 09:07:00
1654160821670028000,28.45,1,28.4,10,28.45,12,1,2022-06-02 09:07:01
1654160823546361000,28.45,5,28.4,23,28.45,15,1,2022-06-02 09:07:03
1654160823582957000,28.4,1,28.4,22,28.45,15,2,2022-06-02 09:07:03
1654160823838291000,28.45,5,28.4,22,28.45,10,1,2022-06-02 09:07:03
1654160824110519000,28.45,1,28.4,24,28.45,9,1,2022-06-02 09:07:04
1654160824871064000,28.4,20,28.4,4,28.45,9,2,2022-06-02 09:07:04
1654160824904857000,28.4,4,28.35,13,28.45,9,2,2022-06-02 09:07:04
1654160825024292000,28.45,2,28.35,13,28.45,9,1,2022-06-02 09:07:05
1654160825070487000,28.45,6,28.35,13,28.45,3,1,2022-06-02 09:07:05
1654160826347997000,28.45,1,28.35,13,28.45,7,1,2022-06-02 09:07:06
1654160827712713000,28.4,1,28.35,13,28.4,7,1,2022-06-02 09:07:07
1654160828181878000,28.4,1,28.35,13,28.4,6,1,2022-06-02 09:07:08
1654160828235815000,28.4,2,28.35,13,28.4,4,1,2022-06-02 09:07:08
1654160828328482000,28.4,1,28.35,13,28.4,3,1,2022-06-02 09:07:08
1654160828359213000,28.4,3,28.35,13,28.45,10,1,2022-06-02 09:07:08
1654160828359213000,28.45,1,28.35,13,28.45,10,1,2022-06-02 09:07:08
1654160828658795000,28.4,1,28.35,14,28.45,7,1,2022-06-02 09:07:08
1654160828658795000,28.45,4,28.35,14,28.45,7,1,2022-06-02 09:07:08
1654160828732972000,28.35,14,28.25,19,28.45,7,2,2022-06-02 09:07:08
1654160828732972000,28.3,12,28.25,19,28.45,7,2,2022-06-02 09:07:08
1654160828732972000,28.25,6,28.25,19,28.45,7,2,2022-06-02 09:07:08
1654160829271476000,28.45,1,28.35,1,28.45,11,1,2022-06-02 09:07:09
1654160829436282000,28.4,1,28.35,1,28.45,11,2,2022-06-02 09:07:09
1654160829460144000,28.35,1,28.25,19,28.45,11,2,2022-06-02 09:07:09
1654160829670516000,28.45,1,28.3,1,28.45,10,1,2022-06-02 09:07:09
1654160830089313000,28.4,1,28.3,1,28.45,10,1,2022-06-02 09:07:10
1654160830794217000,28.45,1,28.3,1,28.45,15,1,2022-06-02 09:07:10
1654160831359277000,28.3,1,28.25,14,28.45,18,2,2022-06-02 09:07:11
1654160831359277000,28.25,5,28.25,14,28.45,18,2,2022-06-02 09:07:11
1654160831510126000,28.45,11,28.25,14,28.45,7,1,2022-06-02 09:07:11
1654160832553247000,28.3,1,28.25,14,28.4,11,2,2022-06-02 09:07:12
1654160833603224000,28.4,4,28.25,14,28.4,8,1,2022-06-02 09:07:13
1654160834121260000,28.3,1,28.3,99,28.4,11,2,2022-06-02 09:07:14
1654160834479269000,28.4,1,28.3,99,28.4,10,1,2022-06-02 09:07:14
1654160834688376000,28.3,99,28.25,14,28.4,11,2,2022-06-02 09:07:14
1654160837253853000,28.25,3,28.25,5,28.35,2,2,2022-06-02 09:07:17
1654160837587373000,28.25,1,28.25,4,28.35,2,2,2022-06-02 09:07:17
1654160838837241000,28.25,1,28.25,4,28.3,5,2,2022-06-02 09:07:18
1654160839130861000,28.3,1,28.25,4,28.3,4,1,2022-06-02 09:07:19
1654160839198039000,28.25,1,28.25,3,28.3,6,2,2022-06-02 09:07:19
1654160839208483000,28.3,2,28.25,3,28.3,4,1,2022-06-02 09:07:19
1654160839253649000,28.25,1,28.25,2,28.3,4,2,2022-06-02 09:07:19
1654160840051397000,28.25,2,28.2,21,28.3,2,2,2022-06-02 09:07:20
1654160840144571000,28.2,1,28.2,20,28.3,2,2,2022-06-02 09:07:20
1654160840638058000,28.3,1,28.2,20,28.3,1,1,2022-06-02 09:07:20
1654160841535217000,28.25,2,28.2,20,28.35,4,1,2022-06-02 09:07:21
1654160841535217000,28.3,1,28.2,20,28.35,4,1,2022-06-02 09:07:21
1654160841669964000,28.35,1,28.2,20,28.35,5,1,2022-06-02 09:07:21
1654160842869281000,28.25,2,28.2,20,28.35,6,1,2022-06-02 09:07:22
1654160843081142000,28.2,1,28.2,19,28.35,6,2,2022-06-02 09:07:23
1654160843267232000,28.2,4,28.2,15,28.35,6,2,2022-06-02 09:07:23
1654160843542256000,28.2,2,28.2,13,28.35,6,2,2022-06-02 09:07:23
1654160844541433000,28.2,1,28.2,12,28.25,2,2,2022-06-02 09:07:24
1654160846589330000,28.2,1,28.2,13,28.25,2,2,2022-06-02 09:07:26
1654160847150150000,28.25,2,28.2,14,28.3,2,1,2022-06-02 09:07:27
1654160848274623000,28.2,1,28.2,33,28.25,1,2,2022-06-02 09:07:28
1654160848725952000,28.2,5,28.2,28,28.25,8,2,2022-06-02 09:07:28
1654160849394217000,28.2,5,28.2,23,28.25,8,2,2022-06-02 09:07:29
1654160850411895000,28.2,5,28.2,23,28.25,13,2,2022-06-02 09:07:30
1654160852376311000,28.2,3,28.2,24,28.25,14,2,2022-06-02 09:07:32
1654160852966572000,28.2,1,28.2,23,28.25,14,2,2022-06-02 09:07:32
1654160854752894000,28.2,5,28.2,18,28.25,16,2,2022-06-02 09:07:34
1654160855294319000,28.25,1,28.2,18,28.25,15,1,2022-06-02 09:07:35
1654160855427980000,28.2,5,28.2,13,28.25,15,2,2022-06-02 09:07:35
1654160855566840000,28.2,5,28.2,8,28.25,15,2,2022-06-02 09:07:35
1654160856390773000,28.2,2,28.2,6,28.25,16,2,2022-06-02 09:07:36
1654160856427097000,28.2,6,28.15,23,28.25,16,2,2022-06-02 09:07:36
1654160856526331000,28.2,3,28.2,1,28.25,16,1,2022-06-02 09:07:36
1654160856662984000,28.2,1,28.15,23,28.2,19,2,2022-06-02 09:07:36
1654160858499675000,28.15,1,28.15,22,28.2,34,2,2022-06-02 09:07:38
1654160858541113000,28.15,5,28.15,17,28.2,39,2,2022-06-02 09:07:38
1654160858563271000,28.15,1,28.15,16,28.2,39,2,2022-06-02 09:07:38
1654160858563336000,28.15,16,28.1,6,28.2,39,2,2022-06-02 09:07:38
1654160858879088000,28.2,1,28.1,3,28.2,40,1,2022-06-02 09:07:38
1654160859323119000,28.2,1,28.1,4,28.2,40,1,2022-06-02 09:07:39
1654160859504308000,28.2,5,28.1,4,28.2,36,1,2022-06-02 09:07:39
1654160859655370000,28.1,3,28.1,1,28.2,36,2,2022-06-02 09:07:39
1654160859887410000,28.2,2,28.1,1,28.2,37,1,2022-06-02 09:07:39
1654160860049566000,28.2,1,28.1,1,28.2,37,1,2022-06-02 09:07:40
1654160864258282000,28.2,1,28.15,1,28.2,48,1,2022-06-02 09:07:44
1654160864776123000,28.2,1,28.15,1,28.2,47,1,2022-06-02 09:07:44
1654160865217280000,28.15,1,28.1,1,28.15,3,2,2022-06-02 09:07:45
1654160867030434000,28.1,2,28.05,11,28.1,3,2,2022-06-02 09:07:47
1654160867641470000,28.05,5,28.05,6,28.1,3,2,2022-06-02 09:07:47
1654160867736190000,28.1,1,28.05,6,28.1,2,1,2022-06-02 09:07:47
1654160868161597000,28.1,1,28.05,7,28.1,1,1,2022-06-02 09:07:48
1654160869791359000,28.05,8,28.0,47,28.05,9,2,2022-06-02 09:07:49
1654160870832786000,28.0,1,28.0,46,28.05,9,2,2022-06-02 09:07:50
1654160870864802000,28.0,45,28.0,1,28.05,9,2,2022-06-02 09:07:50
1654160870864922000,28.0,1,27.95,9,28.05,9,2,2022-06-02 09:07:50
1654160871126935000,27.95,9,27.9,8,28.05,9,2,2022-06-02 09:07:51
1654160871126935000,27.9,1,27.9,8,28.05,9,2,2022-06-02 09:07:51
1654160871162358000,27.9,2,27.9,6,28.05,9,2,2022-06-02 09:07:51
1654160871894301000,28.0,1,27.9,6,28.05,9,1,2022-06-02 09:07:51
1654160872271582000,28.05,1,27.9,6,28.05,8,1,2022-06-02 09:07:52
1654160873762787000,27.9,1,27.9,5,28.0,2,2,2022-06-02 09:07:53
1654160873772415000,27.9,2,27.9,3,28.0,2,2,2022-06-02 09:07:53
1654160873779983000,28.0,2,28.1,5,28.15,5,1,2022-06-02 09:07:53
1654160873779983000,28.05,8,28.1,5,28.15,5,1,2022-06-02 09:07:53
1654160873779983000,28.1,5,28.1,5,28.15,5,1,2022-06-02 09:07:53
1654160873804798000,28.1,5,27.9,3,28.15,5,2,2022-06-02 09:07:53
1654160875142748000,28.0,1,27.9,4,28.15,7,2,2022-06-02 09:07:55
1654160877127309000,28.1,1,27.9,5,28.1,3,1,2022-06-02 09:07:57
1654160877792267000,28.05,1,27.9,5,28.1,3,1,2022-06-02 09:07:57
1654160878897817000,27.9,1,27.9,7,28.0,15,2,2022-06-02 09:07:58
1654160880425604000,27.95,1,27.9,7,27.95,6,1,2022-06-02 09:08:00
1654160881195201000,27.9,5,27.9,1,27.95,6,2,2022-06-02 09:08:01
1654160881511842000,27.95,6,27.9,1,28.0,11,1,2022-06-02 09:08:01
1654160881511842000,28.0,4,27.9,1,28.0,11,1,2022-06-02 09:08:01
1654160882715431000,27.9,1,27.9,1,27.95,5,2,2022-06-02 09:08:02
1654160883639288000,27.9,2,27.85,27,27.9,3,2,2022-06-02 09:08:03
1654160883666962000,27.9,3,27.85,27,27.95,5,1,2022-06-02 09:08:03
1654160883791536000,27.85,5,27.85,22,27.95,5,2,2022-06-02 09:08:03
1654160885023203000,27.95,5,27.95,5,28.0,16,1,2022-06-02 09:08:05
1654160886159351000,28.0,3,27.95,5,28.0,13,1,2022-06-02 09:08:06
1654160886694835000,27.95,2,27.95,3,28.0,13,2,2022-06-02 09:08:06
1654160889096241000,27.95,5,27.95,1,28.0,13,2,2022-06-02 09:08:09
1654160891046337000,27.95,1,27.9,13,28.0,21,2,2022-06-02 09:08:11
1654160894501351000,27.9,5,27.9,9,27.95,1,2,2022-06-02 09:08:14
1654160894535444000,27.9,1,27.9,8,27.95,1,2,2022-06-02 09:08:14
1654160894555803000,27.9,1,27.9,7,27.95,1,2,2022-06-02 09:08:14
1654160894997520000,27.95,1,27.95,1,28.0,24,1,2022-06-02 09:08:14
1654160895380923000,28.0,1,27.95,1,28.0,23,1,2022-06-02 09:08:15
1654160895911330000,27.95,1,27.9,4,28.0,28,2,2022-06-02 09:08:15
1654160895911330000,27.9,4,27.9,4,28.0,28,2,2022-06-02 09:08:15
1654160896446046000,27.95,1,27.95,4,28.0,28,1,2022-06-02 09:08:16
1654160896534828000,27.95,4,27.9,5,27.95,1,2,2022-06-02 09:08:16
1654160899697177000,27.95,1,27.9,5,27.95,8,1,2022-06-02 09:08:19
1654160900052189000,27.95,1,27.9,7,27.95,7,1,2022-06-02 09:08:20
1654160903021476000,27.9,2,27.9,11,27.95,13,2,2022-06-02 09:08:23
1654160906733183000,27.9,2,27.9,11,27.95,13,2,2022-06-02 09:08:26
1654160909340689000,27.9,2,27.9,15,27.95,13,2,2022-06-02 09:08:29
1654160909818128000,27.95,1,27.9,15,27.95,12,1,2022-06-02 09:08:29
1654160910295389000,27.95,1,27.9,15,27.95,11,1,2022-06-02 09:08:30
1654160910695544000,27.95,3,27.9,16,27.95,8,1,2022-06-02 09:08:30
1654160910719806000,27.95,5,27.9,16,27.95,3,1,2022-06-02 09:08:30
1654160910743085000,27.95,3,27.9,17,28.0,37,1,2022-06-02 09:08:30
1654160912453504000,27.95,4,27.9,17,27.95,10,2,2022-06-02 09:08:32
1654160912900500000,27.9,5,27.9,12,27.95,10,2,2022-06-02 09:08:32
1654160915006296000,27.95,1,27.9,12,27.95,10,1,2022-06-02 09:08:35
1654160915449718000,27.95,1,27.9,12,27.95,9,1,2022-06-02 09:08:35
1654160918505622000,27.9,1,27.9,16,27.95,13,2,2022-06-02 09:08:38
1654160919315168000,27.95,1,27.9,17,27.95,12,1,2022-06-02 09:08:39
1654160920637662000,27.95,4,27.9,17,27.95,10,1,2022-06-02 09:08:40
1654160921643433000,27.95,10,27.95,1,28.0,35,1,2022-06-02 09:08:41
1654160922396328000,27.95,5,27.95,2,28.0,35,2,2022-06-02 09:08:42
1654160923673692000,27.95,1,27.95,2,28.0,42,2,2022-06-02 09:08:43
1654160923995183000,27.95,2,27.9,19,28.0,42,2,2022-06-02 09:08:43
1654160926397346000,27.95,1,27.9,20,28.0,43,2,2022-06-02 09:08:46
1654160931263062000,28.0,1,27.95,21,28.0,43,1,2022-06-02 09:08:51
1654160931463225000,28.0,1,27.95,21,28.0,42,1,2022-06-02 09:08:51
1654160935170121000,27.95,8,27.95,14,28.0,42,2,2022-06-02 09:08:55
1654160935759652000,27.95,1,27.95,13,28.0,42,2,2022-06-02 09:08:55
1654160936544392000,27.95,2,27.95,11,28.0,37,2,2022-06-02 09:08:56
1654160936873811000,27.95,1,27.95,10,28.0,37,2,2022-06-02 09:08:56
1654160937717824000,28.0,3,27.95,10,28.0,34,1,2022-06-02 09:08:57
1654160937780423000,27.95,2,27.95,8,28.0,34,2,2022-06-02 09:08:57
1654160938537451000,28.0,5,27.95,8,28.0,29,1,2022-06-02 09:08:58
1654160939004979000,27.95,3,27.95,5,28.0,29,2,2022-06-02 09:08:59
1654160939864790000,27.95,1,27.95,5,28.0,29,2,2022-06-02 09:08:59
1654160940759180000,27.95,2,27.95,4,28.0,33,2,2022-06-02 09:09:00
1654160942120877000,27.95,8,27.9,39,28.0,33,2,2022-06-02 09:09:02
1654160942120877000,27.9,2,27.9,39,28.0,33,2,2022-06-02 09:09:02
1654160945875465000,27.95,1,27.9,39,27.95,1,2,2022-06-02 09:09:05
1654160946412452000,27.9,13,27.9,26,27.95,1,2,2022-06-02 09:09:06
1654160946643981000,27.95,1,27.9,26,28.0,36,1,2022-06-02 09:09:06
1654160948269817000,27.9,9,27.9,17,28.0,37,2,2022-06-02 09:09:08
1654160954194879000,27.9,18,27.9,3,27.95,6,2,2022-06-02 09:09:14
1654160954228987000,27.9,1,27.9,2,27.95,6,2,2022-06-02 09:09:14
1654160954229304000,27.9,1,27.9,1,27.95,6,2,2022-06-02 09:09:14
1654160954229492000,27.9,1,27.85,47,27.95,6,2,2022-06-02 09:09:14
1654160954265844000,27.9,1,27.85,47,27.95,6,1,2022-06-02 09:09:14
1654160954705924000,27.9,1,27.85,47,27.95,7,2,2022-06-02 09:09:14
1654160955031122000,27.9,1,27.85,47,27.9,9,1,2022-06-02 09:09:15
1654160955660233000,27.9,1,27.85,47,27.9,11,1,2022-06-02 09:09:15
1654160956740302000,27.9,1,27.85,47,27.9,10,1,2022-06-02 09:09:16
1654160956849067000,27.9,9,27.85,47,27.95,7,1,2022-06-02 09:09:16
1654160956849067000,27.95,1,27.85,47,27.95,7,1,2022-06-02 09:09:16
1654160958321730000,27.85,1,27.85,46,27.9,1,2,2022-06-02 09:09:18
1654160958468618000,27.9,1,27.85,46,27.95,7,1,2022-06-02 09:09:18
1654160960771199000,27.9,1,27.9,1,27.95,9,1,2022-06-02 09:09:20
1654160961097837000,27.9,2,27.85,45,27.9,3,2,2022-06-02 09:09:21
1654160962267539000,27.9,1,27.85,45,27.9,2,1,2022-06-02 09:09:22
1654160962785350000,27.9,2,27.9,3,27.95,9,1,2022-06-02 09:09:22
1654160962791996000,27.9,3,27.85,40,27.95,9,2,2022-06-02 09:09:22
1654160962791996000,27.85,6,27.85,40,27.95,9,2,2022-06-02 09:09:22
1654160963252626000,27.9,1,27.85,40,27.95,9,1,2022-06-02 09:09:23
1654160964711514000,27.95,1,27.9,1,27.95,8,1,2022-06-02 09:09:24
1654160967466012000,27.95,8,27.95,3,28.0,42,1,2022-06-02 09:09:27
1654160969351252000,27.95,3,27.9,8,27.95,2,2,2022-06-02 09:09:29
1654160973748883000,27.95,1,27.9,9,27.95,1,1,2022-06-02 09:09:33
1654160975823327000,27.9,1,27.9,13,27.95,3,2,2022-06-02 09:09:35
1654160976325903000,27.9,2,27.9,11,27.95,3,2,2022-06-02 09:09:36
1654160977121112000,27.9,10,27.9,1,27.95,8,2,2022-06-02 09:09:37
1654160977186092000,27.95,4,27.9,1,27.95,4,1,2022-06-02 09:09:37
1654160977724564000,27.95,1,27.9,2,27.95,3,1,2022-06-02 09:09:37
1654160979012556000,27.9,1,27.9,7,27.95,3,2,2022-06-02 09:09:39
1654160980753545000,27.9,8,27.85,74,27.9,7,2,2022-06-02 09:09:40
1654160981197517000,27.85,1,27.85,74,27.9,7,2,2022-06-02 09:09:41
1654160984765848000,27.9,5,27.85,74,27.9,4,1,2022-06-02 09:09:44
1654160988742761000,27.9,1,27.85,76,27.9,3,1,2022-06-02 09:09:48
1654160988809453000,27.85,3,27.85,73,27.9,3,2,2022-06-02 09:09:48
1654160989220430000,27.9,1,27.85,73,27.9,2,1,2022-06-02 09:09:49
1654160991198706000,27.9,1,27.85,73,27.9,1,1,2022-06-02 09:09:51
1654160992301957000,27.9,1,27.85,73,27.9,1,1,2022-06-02 09:09:52
1654160993036460000,27.9,1,27.9,2,27.95,20,1,2022-06-02 09:09:53
1654160996867113000,27.95,1,27.9,2,27.95,20,1,2022-06-02 09:09:56
1654160997273715000,27.9,1,27.9,2,27.95,20,2,2022-06-02 09:09:57
1654160997359443000,27.9,2,27.85,74,27.95,25,2,2022-06-02 09:09:57
1654160997522376000,27.95,2,27.85,74,27.95,23,1,2022-06-02 09:09:57
1654161002579276000,27.85,50,27.85,24,27.95,28,2,2022-06-02 09:10:02
1654161002608731000,27.85,19,27.85,5,27.95,28,2,2022-06-02 09:10:02
1654161002608995000,27.85,2,27.85,3,27.95,28,2,2022-06-02 09:10:02
1654161002609185000,27.85,2,27.85,1,27.95,28,2,2022-06-02 09:10:02
1654161002639432000,27.85,1,27.8,155,27.9,1,2,2022-06-02 09:10:02
1654161004068225000,27.9,3,27.8,155,27.95,26,1,2022-06-02 09:10:04
1654161004068225000,27.95,2,27.8,155,27.95,26,1,2022-06-02 09:10:04
1654161004924218000,27.9,2,27.8,155,27.85,3,2,2022-06-02 09:10:04
1654161004948654000,27.85,3,27.8,155,27.95,19,1,2022-06-02 09:10:04
1654161005720329000,27.85,3,27.8,155,27.85,10,2,2022-06-02 09:10:05
1654161005752673000,27.85,4,27.8,155,27.85,6,1,2022-06-02 09:10:05
1654161007595388000,27.85,1,27.8,155,27.85,5,1,2022-06-02 09:10:07
1654161007633352000,27.85,5,27.8,155,27.95,19,1,2022-06-02 09:10:07
1654161011292520000,27.85,1,27.8,153,27.9,8,2,2022-06-02 09:10:11
1654161011292520000,27.8,1,27.8,153,27.9,8,2,2022-06-02 09:10:11
1654161011332199000,27.8,93,27.8,60,27.9,8,2,2022-06-02 09:10:11
1654161011370968000,27.8,9,27.8,51,27.9,8,2,2022-06-02 09:10:11
1654161011371039000,27.8,2,27.8,49,27.9,8,2,2022-06-02 09:10:11
1654161011552391000,27.8,1,27.8,48,27.85,6,2,2022-06-02 09:10:11
1654161011560338000,27.8,1,27.8,47,27.85,6,2,2022-06-02 09:10:11
1654161011573403000,27.8,1,27.8,46,27.85,6,2,2022-06-02 09:10:11
1654161011631322000,27.8,1,27.8,45,27.85,6,2,2022-06-02 09:10:11
1654161012495616000,27.8,11,27.8,34,27.85,6,2,2022-06-02 09:10:12
1654161013298152000,27.85,5,27.8,34,27.85,1,1,2022-06-02 09:10:13
1654161013310503000,27.8,2,27.8,32,27.85,1,2,2022-06-02 09:10:13
1654161013483628000,27.8,2,27.8,30,27.85,1,2,2022-06-02 09:10:13
1654161014713662000,27.8,2,27.8,28,27.85,1,2,2022-06-02 09:10:14
1654161015385114000,27.8,5,27.8,23,27.85,1,2,2022-06-02 09:10:15
1654161015498483000,27.8,3,27.8,20,27.85,1,2,2022-06-02 09:10:15
1654161016071045000,27.8,1,27.8,19,27.85,1,2,2022-06-02 09:10:16
1654161016251018000,27.8,1,27.8,18,27.85,2,2,2022-06-02 09:10:16
1654161016954455000,27.8,3,27.8,15,27.85,4,2,2022-06-02 09:10:16
1654161017164701000,27.8,1,27.8,14,27.85,4,2,2022-06-02 09:10:17
1654161017357757000,27.8,2,27.8,11,27.85,4,2,2022-06-02 09:10:17
1654161017699084000,27.8,1,27.8,10,27.85,4,2,2022-06-02 09:10:17
1654161018010796000,27.8,1,27.8,9,27.85,4,2,2022-06-02 09:10:18
1654161018017882000,27.8,9,27.75,95,27.8,1,2,2022-06-02 09:10:18
1654161018299757000,27.75,2,27.75,93,27.8,2,2,2022-06-02 09:10:18
1654161018732822000,27.8,5,27.75,93,27.8,1,1,2022-06-02 09:10:18
1654161019406012000,27.75,5,27.75,89,27.8,2,2,2022-06-02 09:10:19
1654161021323132000,27.75,1,27.75,88,27.8,17,2,2022-06-02 09:10:21
1654161021676782000,27.75,1,27.75,87,27.8,17,2,2022-06-02 09:10:21
1654161022134957000,27.8,6,27.75,87,27.8,11,1,2022-06-02 09:10:22
1654161022700669000,27.75,1,27.75,86,27.8,11,2,2022-06-02 09:10:22
1654161023542851000,27.75,10,27.75,76,27.8,15,2,2022-06-02 09:10:23
1654161025213374000,27.75,10,27.75,66,27.8,15,2,2022-06-02 09:10:25
1654161025239658000,27.75,1,27.75,65,27.8,15,2,2022-06-02 09:10:25
1654161025271858000,27.75,1,27.75,64,27.8,15,2,2022-06-02 09:10:25
1654161027020103000,27.75,3,27.75,61,27.8,16,2,2022-06-02 09:10:27
1654161027399422000,27.75,1,27.75,60,27.8,17,2,2022-06-02 09:10:27
1654161027654619000,27.75,2,27.75,58,27.8,17,2,2022-06-02 09:10:27
1654161028089925000,27.75,1,27.75,57,27.8,18,2,2022-06-02 09:10:28
1654161028458972000,27.75,5,27.75,52,27.8,18,2,2022-06-02 09:10:28
1654161028485822000,27.75,1,27.75,51,27.8,18,2,2022-06-02 09:10:28
1654161028576028000,27.75,3,27.75,48,27.8,18,2,2022-06-02 09:10:28
1654161028710701000,27.8,10,27.75,48,27.8,8,1,2022-06-02 09:10:28
1654161028771263000,27.75,1,27.75,47,27.8,8,2,2022-06-02 09:10:28
1654161028809600000,27.75,1,27.75,46,27.8,8,2,2022-06-02 09:10:28
1654161029183380000,27.8,1,27.75,46,27.8,7,1,2022-06-02 09:10:29
1654161029500173000,27.75,5,27.75,41,27.8,6,2,2022-06-02 09:10:29
1654161029585437000,27.75,1,27.75,40,27.8,6,2,2022-06-02 09:10:29
1654161030086135000,27.75,2,27.75,39,27.8,6,2,2022-06-02 09:10:30
1654161030160992000,27.75,1,27.75,38,27.8,6,2,2022-06-02 09:10:30
1654161030416504000,27.75,5,27.75,33,27.8,7,2,2022-06-02 09:10:30
1654161030648528000,27.75,5,27.75,28,27.8,7,2,2022-06-02 09:10:30
1654161031373320000,27.75,2,27.75,27,27.8,7,2,2022-06-02 09:10:31
1654161031747475000,27.75,1,27.75,26,27.8,7,2,2022-06-02 09:10:31
1654161032238507000,27.75,5,27.75,21,27.8,7,2,2022-06-02 09:10:32
1654161032258278000,27.75,3,27.75,18,27.8,7,2,2022-06-02 09:10:32
1654161032729036000,27.75,1,27.75,17,27.8,7,2,2022-06-02 09:10:32
1654161033248827000,27.75,17,27.7,91,27.75,33,2,2022-06-02 09:10:33
1654161033282233000,27.7,1,27.7,90,27.75,33,2,2022-06-02 09:10:33
1654161033307465000,27.7,4,27.7,86,27.75,33,2,2022-06-02 09:10:33
1654161033336457000,27.7,1,27.7,85,27.75,33,2,2022-06-02 09:10:33
1654161033650017000,27.75,1,27.7,85,27.75,32,1,2022-06-02 09:10:33
1654161033686842000,27.75,5,27.7,85,27.75,29,1,2022-06-02 09:10:33
1654161033780092000,27.75,1,27.7,85,27.75,78,1,2022-06-02 09:10:33
1654161033899817000,27.7,10,27.7,75,27.75,78,2,2022-06-02 09:10:33
1654161033958790000,27.7,1,27.7,74,27.75,78,2,2022-06-02 09:10:33
1654161036170848000,27.7,8,27.7,65,27.75,81,2,2022-06-02 09:10:36
1654161036195325000,27.7,1,27.7,64,27.75,81,2,2022-06-02 09:10:36
1654161036511734000,27.75,1,27.7,64,27.75,80,1,2022-06-02 09:10:36
1654161036968547000,27.7,3,27.7,61,27.75,80,2,2022-06-02 09:10:36
1654161037023331000,27.7,1,27.7,60,27.75,80,2,2022-06-02 09:10:37
1654161037352755000,27.7,5,27.7,55,27.75,80,2,2022-06-02 09:10:37
1654161037722166000,27.7,1,27.7,54,27.75,81,2,2022-06-02 09:10:37
1654161037972326000,27.7,1,27.7,53,27.75,81,2,2022-06-02 09:10:37
1654161038110358000,27.7,1,27.7,52,27.75,81,2,2022-06-02 09:10:38
1654161038419773000,27.7,5,27.7,47,27.75,81,2,2022-06-02 09:10:38
1654161038475061000,27.7,1,27.7,46,27.75,81,2,2022-06-02 09:10:38
1654161039753578000,27.7,2,27.7,45,27.75,91,2,2022-06-02 09:10:39
1654161039858458000,27.7,1,27.7,44,27.75,91,2,2022-06-02 09:10:39
1654161040494245000,27.7,3,27.7,41,27.75,92,2,2022-06-02 09:10:40
1654161040510434000,27.75,1,27.7,40,27.75,91,1,2022-06-02 09:10:40
1654161040726048000,27.7,1,27.7,39,27.75,92,2,2022-06-02 09:10:40
1654161040927354000,27.7,1,27.7,38,27.75,91,2,2022-06-02 09:10:40
1654161041085417000,27.7,1,27.7,37,27.75,91,2,2022-06-02 09:10:41
1654161041201175000,27.75,10,27.7,37,27.75,81,1,2022-06-02 09:10:41
1654161041329876000,27.7,2,27.7,35,27.75,81,2,2022-06-02 09:10:41
1654161041558938000,27.7,2,27.7,34,27.75,81,2,2022-06-02 09:10:41
1654161041618672000,27.7,1,27.7,33,27.75,81,2,2022-06-02 09:10:41
1654161042804347000,27.7,1,27.7,33,27.75,82,2,2022-06-02 09:10:42
1654161043062816000,27.75,1,27.7,33,27.75,81,1,2022-06-02 09:10:43
1654161043099501000,27.7,1,27.7,32,27.75,81,2,2022-06-02 09:10:43
1654161043140617000,27.7,1,27.7,31,27.75,81,2,2022-06-02 09:10:43
1654161043216464000,27.7,2,27.7,29,27.75,81,2,2022-06-02 09:10:43
1654161044984805000,27.7,5,27.7,24,27.75,79,2,2022-06-02 09:10:44
1654161045239323000,27.7,1,27.7,23,27.75,79,2,2022-06-02 09:10:45
1654161045618782000,27.7,2,27.7,21,27.75,16,2,2022-06-02 09:10:45
1654161046384340000,27.7,15,27.7,7,27.75,16,2,2022-06-02 09:10:46
1654161047092107000,27.7,1,27.7,9,27.75,17,2,2022-06-02 09:10:47
1654161047466555000,27.7,8,27.7,1,27.75,17,2,2022-06-02 09:10:47
1654161047987022000,27.7,1,27.65,49,27.7,4,2,2022-06-02 09:10:47
1654161048024497000,27.7,4,27.65,49,27.75,17,1,2022-06-02 09:10:48
1654161049833303000,27.65,1,27.65,49,27.7,20,2,2022-06-02 09:10:49
1654161050247970000,27.7,5,27.65,50,27.7,15,1,2022-06-02 09:10:50
1654161051530914000,27.7,2,27.65,55,27.7,15,1,2022-06-02 09:10:51
1654161052385226000,27.7,1,27.65,55,27.7,14,1,2022-06-02 09:10:52
1654161052412618000,27.7,14,27.65,55,27.75,27,1,2022-06-02 09:10:52
1654161052473983000,27.7,1,27.65,55,27.75,27,1,2022-06-02 09:10:52
