ts,close,volume,bid_price,bid_volume,ask_price,ask_volume,tick_type,datetime
1654160415795028000,318.0,406,317.5,4,318.0,94,2,2022-06-02 09:00:15
1654160415828736000,317.5,4,317.0,15,318.0,94,2,2022-06-02 09:00:15
1654160415907344000,317.0,1,317.0,14,318.0,48,2,2022-06-02 09:00:15
1654160417203396000,318.0,1,317.0,14,318.0,47,1,2022-06-02 09:00:17
1654160417738744000,317.0,1,317.0,13,318.0,47,2,2022-06-02 09:00:17
1654160418166523000,317.0,2,317.0,11,318.0,47,2,2022-06-02 09:00:18
1654160418203824000,317.0,11,316.5,11,318.0,47,2,2022-06-02 09:00:18
1654160418780565000,317.0,1,316.5,11,318.0,47,2,2022-06-02 09:00:18
1654160419431258000,318.0,1,316.5,11,318.0,46,1,2022-06-02 09:00:19
1654160419601737000,316.5,1,316.5,10,318.0,46,2,2022-06-02 09:00:19
1654160419767995000,318.0,1,316.5,10,318.0,45,1,2022-06-02 09:00:19
1654160420136670000,316.5,10,316.0,16,317.0,1,2,2022-06-02 09:00:20
1654160420189217000,316.0,1,316.0,15,317.0,1,2,2022-06-02 09:00:20
1654160420860802000,316.5,1,316.0,15,316.5,9,1,2022-06-02 09:00:20
1654160421284789000,316.0,2,316.0,13,316.5,11,2,2022-06-02 09:00:21
1654160421319891000,316.0,13,315.5,9,316.5,11,2,2022-06-02 09:00:21
1654160421745838000,315.5,1,315.5,8,316.5,11,2,2022-06-02 09:00:21
1654160422073864000,315.5,1,315.5,7,316.5,11,2,2022-06-02 09:00:22
1654160422161293000,316.5,1,315.5,7,316.5,10,1,2022-06-02 09:00:22
1654160423149193000,316.0,1,315.5,7,316.0,2,1,2022-06-02 09:00:23
1654160423244940000,315.5,7,315.0,26,316.0,2,2,2022-06-02 09:00:23
1654160423244940000,315.0,4,315.0,26,316.0,2,2,2022-06-02 09:00:23
1654160423305620000,315.0,1,315.0,25,316.0,3,2,2022-06-02 09:00:23
1654160423537057000,315.0,2,315.0,23,316.0,3,2,2022-06-02 09:00:23
1654160423943313000,315.0,1,315.0,22,316.0,3,2,2022-06-02 09:00:23
1654160424674045000,316.0,1,315.0,22,316.0,3,1,2022-06-02 09:00:24
1654160425042363000,316.0,1,315.0,22,316.0,2,1,2022-06-02 09:00:25
1654160425720840000,315.5,1,315.0,22,316.0,12,2,2022-06-02 09:00:25
1654160425806502000,316.0,1,315.0,22,316.0,11,1,2022-06-02 09:00:25
1654160425945960000,315.5,1,315.0,22,316.0,11,2,2022-06-02 09:00:25
1654160425989537000,315.0,1,315.0,21,316.0,11,2,2022-06-02 09:00:25
1654160426473372000,316.0,1,315.0,21,316.0,10,1,2022-06-02 09:00:26
1654160426641870000,315.0,3,315.0,19,316.0,10,2,2022-06-02 09:00:26
1654160426676189000,315.0,10,315.0,9,316.0,10,2,2022-06-02 09:00:26
1654160426676537000,315.0,9,314.5,6,315.0,1,2,2022-06-02 09:00:26
1654160426705932000,315.0,1,314.5,6,316.0,10,1,2022-06-02 09:00:26
1654160426771280000,315.5,1,314.5,5,316.0,10,2,2022-06-02 09:00:26
1654160427078834000,316.0,1,314.5,5,316.0,9,1,2022-06-02 09:00:27
1654160427382620000,314.5,3,314.5,2,315.0,2,2,2022-06-02 09:00:27
1654160427426743000,314.5,2,314.0,3,315.0,2,2,2022-06-02 09:00:27
1654160427838216000,314.0,1,314.0,2,315.0,5,2,2022-06-02 09:00:27
1654160427867361000,315.0,5,314.0,2,316.0,11,1,2022-06-02 09:00:27
1654160428028729000,314.5,2,314.0,2,315.5,2,2,2022-06-02 09:00:28
1654160428140002000,315.5,1,314.0,2,315.5,1,1,2022-06-02 09:00:28
1654160429132276000,314.0,2,313.5,3,315.0,3,2,2022-06-02 09:00:29
1654160429132276000,313.5,1,313.5,3,315.0,3,2,2022-06-02 09:00:29
1654160429286230000,315.0,1,313.5,3,315.0,2,1,2022-06-02 09:00:29
1654160429292492000,315.0,2,313.5,3,315.5,2,1,2022-06-02 09:00:29
1654160429652070000,314.0,1,314.0,5,315.5,2,2,2022-06-02 09:00:29
1654160430321646000,314.0,5,313.5,4,315.0,2,2,2022-06-02 09:00:30
1654160430486457000,315.0,1,313.5,3,315.0,1,1,2022-06-02 09:00:30
1654160430581403000,315.0,1,313.5,4,315.0,1,1,2022-06-02 09:00:30
1654160431272810000,315.0,1,314.0,2,315.5,2,1,2022-06-02 09:00:31
1654160431403496000,315.5,1,314.0,2,315.5,1,1,2022-06-02 09:00:31
1654160432349484000,314.5,1,314.5,1,315.0,4,2,2022-06-02 09:00:32
1654160433027318000,314.0,1,314.0,4,315.0,4,2,2022-06-02 09:00:33
1654160433410421000,314.0,2,314.0,3,315.0,6,2,2022-06-02 09:00:33
1654160433766099000,314.5,1,314.0,3,315.0,7,2,2022-06-02 09:00:33
1654160433995471000,314.0,3,313.5,4,315.0,7,2,2022-06-02 09:00:33
1654160434297462000,315.0,5,314.0,3,315.0,2,1,2022-06-02 09:00:34
1654160434309017000,314.0,1,314.0,2,315.0,2,2,2022-06-02 09:00:34
1654160434665295000,314.0,1,314.0,1,315.0,2,2,2022-06-02 09:00:34
1654160435388569000,315.0,1,314.0,2,315.0,1,1,2022-06-02 09:00:35
1654160435420227000,315.0,1,314.0,2,315.5,2,1,2022-06-02 09:00:35
1654160435590465000,315.5,1,314.5,1,315.5,1,1,2022-06-02 09:00:35
1654160436688221000,315.5,1,314.5,2,315.5,2,1,2022-06-02 09:00:36
1654160437103305000,315.0,1,314.5,2,315.5,3,1,2022-06-02 09:00:37
1654160437111995000,314.5,2,314.0,3,315.5,3,2,2022-06-02 09:00:37
1654160437111995000,314.0,6,314.0,3,315.5,3,2,2022-06-02 09:00:37
1654160437609544000,315.0,1,315.0,1,315.5,2,2,2022-06-02 09:00:37
1654160438439777000,315.0,1,314.0,7,315.5,2,2,2022-06-02 09:00:38
1654160438439777000,314.5,3,314.0,7,315.5,2,2,2022-06-02 09:00:38
1654160439147880000,315.0,1,314.0,5,315.5,2,2,2022-06-02 09:00:39
1654160439147880000,314.5,1,314.0,5,315.5,2,2,2022-06-02 09:00:39
1654160439147880000,314.0,3,314.0,5,315.5,2,2,2022-06-02 09:00:39
1654160442114458000,314.5,1,314.5,3,315.5,5,2,2022-06-02 09:00:42
1654160442670502000,314.5,2,314.5,2,315.0,1,2,2022-06-02 09:00:42
1654160443375830000,314.5,1,314.5,2,315.0,3,2,2022-06-02 09:00:43
1654160443539950000,315.0,1,314.5,2,315.0,2,1,2022-06-02 09:00:43
1654160444217308000,314.5,1,314.5,1,315.0,2,2,2022-06-02 09:00:44
1654160444664746000,315.0,1,314.5,1,315.0,1,1,2022-06-02 09:00:44
1654160444795377000,315.0,1,314.5,1,315.5,6,1,2022-06-02 09:00:44
1654160444795377000,315.5,1,314.5,1,315.5,6,1,2022-06-02 09:00:44
1654160445182891000,314.5,1,314.5,1,315.0,1,2,2022-06-02 09:00:45
1654160445534923000,315.0,1,314.5,2,315.5,6,1,2022-06-02 09:00:45
1654160445782086000,314.5,3,313.5,2,315.5,6,2,2022-06-02 09:00:45
1654160445782086000,314.0,19,313.5,2,315.5,6,2,2022-06-02 09:00:45
1654160445782086000,313.5,3,313.5,2,315.5,6,2,2022-06-02 09:00:45
1654160446786723000,315.0,1,314.5,3,315.5,6,2,2022-06-02 09:00:46
1654160447176417000,315.5,1,315.0,1,315.5,5,1,2022-06-02 09:00:47
1654160447881482000,315.5,1,315.0,2,315.5,4,1,2022-06-02 09:00:47
1654160447893602000,315.5,1,315.0,2,315.5,3,1,2022-06-02 09:00:47
1654160449377486000,315.0,1,315.0,4,315.5,6,2,2022-06-02 09:00:49
1654160449688245000,315.0,3,315.0,8,315.5,6,2,2022-06-02 09:00:49
1654160449704583000,315.0,1,315.0,7,315.5,6,2,2022-06-02 09:00:49
1654160449711958000,315.0,1,315.0,6,315.5,6,2,2022-06-02 09:00:49
1654160450217784000,315.5,1,315.0,7,315.5,5,1,2022-06-02 09:00:50
1654160450383700000,315.0,1,315.0,6,315.5,5,2,2022-06-02 09:00:50
1654160450483293000,315.5,1,315.0,6,315.5,4,1,2022-06-02 09:00:50
1654160450573587000,315.5,1,315.0,6,315.5,3,1,2022-06-02 09:00:50
1654160450753949000,315.5,3,315.0,7,316.0,14,1,2022-06-02 09:00:50
1654160450866981000,315.0,3,315.0,4,316.0,14,2,2022-06-02 09:00:50
1654160450978103000,316.0,1,315.0,4,316.0,13,1,2022-06-02 09:00:50
1654160451037549000,316.0,1,315.0,4,316.0,12,1,2022-06-02 09:00:51
1654160451228009000,315.0,5,314.5,9,316.0,14,2,2022-06-02 09:00:51
1654160451228009000,314.5,2,314.5,9,316.0,14,2,2022-06-02 09:00:51
1654160451326988000,316.0,1,314.5,9,316.0,13,1,2022-06-02 09:00:51
1654160452291596000,315.5,1,314.5,6,316.0,13,2,2022-06-02 09:00:52
1654160452291596000,315.0,1,314.5,6,316.0,13,2,2022-06-02 09:00:52
1654160452291596000,314.5,6,314.5,6,316.0,13,2,2022-06-02 09:00:52
1654160452708031000,316.0,2,315.5,1,316.0,11,1,2022-06-02 09:00:52
1654160452780045000,315.5,1,315.0,2,316.0,11,2,2022-06-02 09:00:52
1654160452898757000,316.0,1,315.0,2,316.0,10,1,2022-06-02 09:00:52
1654160453238343000,316.0,1,315.0,2,316.0,9,1,2022-06-02 09:00:53
1654160453365021000,315.5,1,315.0,2,316.0,9,1,2022-06-02 09:00:53
1654160453982397000,316.0,1,315.0,2,316.0,8,1,2022-06-02 09:00:53
1654160454203506000,316.0,2,315.0,2,316.0,6,1,2022-06-02 09:00:54
1654160454316971000,316.0,1,315.0,2,316.0,5,1,2022-06-02 09:00:54
1654160454659652000,315.0,2,315.0,1,316.0,5,2,2022-06-02 09:00:54
1654160454664515000,315.0,1,314.5,6,316.0,5,2,2022-06-02 09:00:54
1654160455209611000,316.0,1,315.5,1,316.0,5,1,2022-06-02 09:00:55
1654160456036224000,316.0,1,315.5,1,316.0,7,1,2022-06-02 09:00:56
1654160457190408000,315.5,2,315.5,1,316.0,8,2,2022-06-02 09:00:57
1654160457379881000,315.5,1,314.5,6,316.0,8,2,2022-06-02 09:00:57
1654160457379881000,315.0,3,314.5,6,316.0,8,2,2022-06-02 09:00:57
1654160457379881000,314.5,3,314.5,6,316.0,8,2,2022-06-02 09:00:57
1654160457794284000,316.0,1,315.5,3,316.0,5,1,2022-06-02 09:00:57
1654160457947902000,316.0,1,315.5,3,316.0,4,1,2022-06-02 09:00:57
1654160457966669000,315.5,1,315.5,2,316.0,4,2,2022-06-02 09:00:57
1654160458547026000,315.5,1,315.5,5,316.0,4,2,2022-06-02 09:00:58
1654160459246096000,316.0,1,315.5,5,316.0,3,1,2022-06-02 09:00:59
1654160459356489000,316.0,1,315.5,5,316.0,2,1,2022-06-02 09:00:59
1654160459610285000,316.0,1,315.5,5,316.0,1,1,2022-06-02 09:00:59
1654160459643451000,316.0,1,315.5,5,316.0,8,1,2022-06-02 09:00:59
1654160459860492000,316.0,1,315.5,5,316.0,8,1,2022-06-02 09:00:59
1654160460237463000,316.0,1,315.5,6,316.0,11,1,2022-06-02 09:01:00
1654160460594787000,316.0,3,315.5,6,316.0,8,1,2022-06-02 09:01:00
1654160460659924000,315.5,2,315.5,4,316.0,8,2,2022-06-02 09:01:00
1654160460718997000,315.5,1,315.5,3,316.0,12,2,2022-06-02 09:01:00
1654160461020840000,315.5,3,315.0,8,316.0,11,2,2022-06-02 09:01:01
1654160461050489000,315.0,2,315.0,6,316.0,11,2,2022-06-02 09:01:01
1654160461169534000,316.0,1,315.0,6,316.0,10,1,2022-06-02 09:01:01
1654160461403525000,315.0,1,315.0,5,315.5,1,2,2022-06-02 09:01:01
1654160461737726000,315.5,1,315.5,2,316.0,11,1,2022-06-02 09:01:01
1654160462001372000,316.0,1,315.5,2,316.0,10,1,2022-06-02 09:01:02
1654160462276186000,316.0,1,315.5,2,316.0,9,1,2022-06-02 09:01:02
1654160462413481000,316.0,2,315.5,2,316.0,7,1,2022-06-02 09:01:02
1654160462435874000,316.0,1,315.5,2,316.0,6,1,2022-06-02 09:01:02
1654160462512738000,315.5,1,315.5,1,316.0,6,2,2022-06-02 09:01:02
1654160462602790000,315.5,1,315.0,7,316.0,6,2,2022-06-02 09:01:02
1654160463887292000,315.5,1,315.0,9,316.0,9,2,2022-06-02 09:01:03
1654160464004821000,316.0,1,315.0,9,316.0,8,1,2022-06-02 09:01:04
1654160465546523000,315.5,2,315.0,13,316.0,9,2,2022-06-02 09:01:05
1654160465546523000,315.0,1,315.0,13,316.0,9,2,2022-06-02 09:01:05
1654160465788400000,315.5,1,315.0,13,316.0,12,2,2022-06-02 09:01:05
1654160466378921000,316.0,2,315.5,2,316.0,8,1,2022-06-02 09:01:06
1654160466432196000,315.5,1,315.5,1,316.0,8,2,2022-06-02 09:01:06
1654160466639194000,315.5,1,315.0,21,315.5,2,2,2022-06-02 09:01:06
1654160466933217000,315.5,1,315.0,21,315.5,1,1,2022-06-02 09:01:06
1654160466993028000,315.5,1,315.0,21,316.0,8,1,2022-06-02 09:01:06
1654160467286080000,316.0,2,315.0,21,316.0,6,1,2022-06-02 09:01:07
1654160467297374000,316.0,1,315.0,21,316.0,5,1,2022-06-02 09:01:07
1654160467322455000,315.0,1,315.0,20,316.0,5,2,2022-06-02 09:01:07
1654160467753780000,316.0,2,315.0,20,316.0,6,1,2022-06-02 09:01:07
1654160467938111000,316.0,1,315.0,20,316.0,5,1,2022-06-02 09:01:07
1654160468266462000,316.0,1,315.0,20,316.0,4,1,2022-06-02 09:01:08
1654160468986201000,315.5,2,315.0,20,316.0,5,2,2022-06-02 09:01:08
1654160468986201000,315.0,1,315.0,20,316.0,5,2,2022-06-02 09:01:08
1654160469642533000,315.5,1,315.5,3,316.0,6,2,2022-06-02 09:01:09
1654160469831421000,316.0,2,315.5,4,316.0,4,1,2022-06-02 09:01:09
1654160469888464000,315.5,1,315.5,3,316.0,4,2,2022-06-02 09:01:09
1654160470095237000,316.0,2,315.5,4,316.0,3,1,2022-06-02 09:01:10
1654160470182035000,315.5,4,315.0,24,316.0,3,2,2022-06-02 09:01:10
1654160470200085000,315.0,1,315.0,23,316.0,3,2,2022-06-02 09:01:10
1654160470683145000,315.5,2,315.0,24,315.5,4,2,2022-06-02 09:01:10
1654160470992633000,315.0,5,315.0,19,315.5,4,2,2022-06-02 09:01:10
1654160471001328000,315.5,1,315.0,19,315.5,3,1,2022-06-02 09:01:11
1654160471062745000,315.5,1,315.0,19,315.5,2,1,2022-06-02 09:01:11
1654160471145637000,315.0,6,315.0,13,315.5,2,2,2022-06-02 09:01:11
1654160471425037000,315.0,1,315.0,13,315.5,2,2,2022-06-02 09:01:11
1654160471621629000,315.5,1,315.0,14,315.5,1,1,2022-06-02 09:01:11
1654160472087086000,315.5,1,315.0,15,316.0,8,1,2022-06-02 09:01:12
1654160473195620000,315.5,1,315.5,1,316.0,9,2,2022-06-02 09:01:13
1654160474431350000,315.5,1,315.5,1,316.0,10,2,2022-06-02 09:01:14
1654160475176476000,315.5,1,315.0,21,316.0,10,2,2022-06-02 09:01:15
1654160475577793000,315.0,1,315.0,20,316.0,10,2,2022-06-02 09:01:15
1654160478497123000,315.0,2,315.0,22,315.5,7,2,2022-06-02 09:01:18
1654160478661636000,315.5,1,315.0,22,315.5,6,1,2022-06-02 09:01:18
1654160479198103000,315.0,1,315.0,21,315.5,6,2,2022-06-02 09:01:19
1654160479317418000,315.5,1,315.0,21,315.5,5,1,2022-06-02 09:01:19
1654160479896983000,315.5,1,315.0,21,315.5,5,1,2022-06-02 09:01:19
1654160480360487000,315.5,1,315.0,22,315.5,4,1,2022-06-02 09:01:20
1654160480412465000,315.0,1,315.0,22,315.5,4,2,2022-06-02 09:01:20
1654160480837627000,315.5,1,315.0,22,315.5,3,1,2022-06-02 09:01:20
1654160481621319000,315.5,1,315.0,26,315.5,2,1,2022-06-02 09:01:21
1654160482181481000,315.5,1,315.0,26,315.5,1,1,2022-06-02 09:01:22
1654160482210957000,315.5,1,315.0,26,316.0,11,1,2022-06-02 09:01:22
1654160482897669000,315.5,1,315.0,28,316.0,11,2,2022-06-02 09:01:22
1654160482912976000,316.0,1,315.0,28,316.0,10,1,2022-06-02 09:01:22
1654160483293556000,316.0,1,315.0,28,316.0,9,1,2022-06-02 09:01:23
1654160483968489000,315.5,1,315.5,1,316.0,9,2,2022-06-02 09:01:23
1654160484771113000,316.0,2,315.5,2,316.0,7,1,2022-06-02 09:01:24
1654160485905283000,316.0,2,315.5,6,316.0,5,1,2022-06-02 09:01:25
1654160486557848000,315.5,4,315.5,4,316.0,5,2,2022-06-02 09:01:26
1654160487801392000,316.0,1,315.5,12,316.0,5,1,2022-06-02 09:01:27
1654160488308187000,316.0,1,315.5,12,316.0,4,1,2022-06-02 09:01:28
1654160488337357000,316.0,2,315.5,12,316.0,2,1,2022-06-02 09:01:28
1654160488662690000,316.0,2,316.0,8,316.5,20,1,2022-06-02 09:01:28
1654160488956637000,316.5,2,316.0,17,316.5,18,1,2022-06-02 09:01:28
1654160488968799000,316.0,1,316.0,16,316.5,18,2,2022-06-02 09:01:28
1654160488972889000,316.5,10,316.0,16,316.5,8,1,2022-06-02 09:01:28
1654160488977812000,316.5,8,316.0,16,317.0,3,1,2022-06-02 09:01:28
1654160491333067000,316.5,2,316.0,18,317.0,3,2,2022-06-02 09:01:31
1654160492625624000,317.0,1,316.0,18,317.0,14,1,2022-06-02 09:01:32
1654160492639738000,317.0,1,316.0,18,317.0,13,1,2022-06-02 09:01:32
1654160492862125000,317.0,2,316.0,18,317.0,11,1,2022-06-02 09:01:32
1654160493268717000,316.0,6,316.0,12,317.0,13,2,2022-06-02 09:01:33
1654160493719063000,316.5,1,316.0,11,317.0,10,1,2022-06-02 09:01:33
1654160493719063000,317.0,4,316.0,11,317.0,10,1,2022-06-02 09:01:33
1654160493729918000,317.0,1,316.0,11,317.0,9,1,2022-06-02 09:01:33
1654160493989228000,317.0,1,316.0,12,317.0,7,1,2022-06-02 09:01:33
1654160494648850000,317.0,1,316.5,1,317.0,7,1,2022-06-02 09:01:34
1654160494649883000,316.5,1,316.0,12,317.0,7,2,2022-06-02 09:01:34
1654160495248121000,317.0,1,316.0,13,317.0,7,1,2022-06-02 09:01:35
1654160495281174000,317.0,2,316.0,13,317.0,5,1,2022-06-02 09:01:35
1654160495405964000,316.5,1,316.0,14,317.0,4,2,2022-06-02 09:01:35
1654160495420542000,316.0,2,316.0,12,317.0,4,2,2022-06-02 09:01:35
1654160496201340000,317.0,1,316.0,12,317.0,4,1,2022-06-02 09:01:36
1654160496413568000,317.0,1,316.0,13,317.0,2,1,2022-06-02 09:01:36
1654160496788883000,317.0,1,316.0,13,317.0,1,1,2022-06-02 09:01:36
1654160497032311000,317.0,1,316.5,1,317.5,13,1,2022-06-02 09:01:37
1654160497577422000,317.0,1,316.5,4,317.5,14,2,2022-06-02 09:01:37
1654160498118380000,316.5,2,316.5,2,317.0,1,2,2022-06-02 09:01:38
1654160498199988000,317.0,1,316.5,2,317.5,14,1,2022-06-02 09:01:38
1654160498567640000,317.0,1,316.5,4,317.5,14,1,2022-06-02 09:01:38
1654160498900866000,317.0,1,316.5,5,317.5,14,2,2022-06-02 09:01:38
1654160500390746000,317.5,5,316.5,9,317.5,12,1,2022-06-02 09:01:40
1654160500877158000,317.5,1,317.0,1,317.5,10,1,2022-06-02 09:01:40
1654160501136046000,317.5,1,317.0,1,317.5,9,1,2022-06-02 09:01:41
1654160501718741000,317.5,1,317.0,7,317.5,9,1,2022-06-02 09:01:41
1654160501750656000,317.0,1,317.0,6,317.5,9,2,2022-06-02 09:01:41
1654160501763563000,317.0,4,317.0,2,317.5,9,2,2022-06-02 09:01:41
1654160502201634000,317.0,1,317.0,2,317.5,9,2,2022-06-02 09:01:42
1654160502985137000,317.5,9,317.0,6,318.0,41,1,2022-06-02 09:01:42
1654160502985137000,318.0,1,317.0,6,318.0,41,1,2022-06-02 09:01:42
1654160504212723000,317.5,1,317.0,9,318.0,41,1,2022-06-02 09:01:44
1654160504757095000,317.5,2,317.0,8,318.0,41,2,2022-06-02 09:01:44
1654160504757095000,317.0,2,317.0,8,318.0,41,2,2022-06-02 09:01:44
1654160505173217000,317.5,1,317.0,10,318.0,43,2,2022-06-02 09:01:45
1654160506146490000,317.5,1,317.0,13,318.0,43,2,2022-06-02 09:01:46
1654160506466345000,318.0,2,317.0,15,318.0,41,1,2022-06-02 09:01:46
1654160506601629000,318.0,3,317.0,15,318.0,38,1,2022-06-02 09:01:46
1654160508307368000,318.0,1,317.5,1,318.0,38,1,2022-06-02 09:01:48
1654160508780277000,318.0,1,317.5,1,318.0,37,1,2022-06-02 09:01:48
1654160508889406000,318.0,2,317.5,1,318.0,35,1,2022-06-02 09:01:48
1654160509268024000,317.5,2,317.0,24,318.0,35,2,2022-06-02 09:01:49
1654160509268024000,317.0,2,317.0,24,318.0,35,2,2022-06-02 09:01:49
1654160509281589000,318.0,1,317.0,24,318.0,34,1,2022-06-02 09:01:49
1654160509955933000,318.0,5,317.5,2,318.0,29,1,2022-06-02 09:01:49
1654160510311750000,318.0,2,317.5,3,318.0,27,1,2022-06-02 09:01:50
1654160510415085000,318.0,1,317.5,4,318.0,26,1,2022-06-02 09:01:50
1654160511124480000,318.0,2,317.5,5,318.0,24,1,2022-06-02 09:01:51
1654160511166099000,318.0,1,317.5,6,318.0,23,1,2022-06-02 09:01:51
1654160511232988000,318.0,23,318.0,7,318.5,10,1,2022-06-02 09:01:51
1654160511673986000,318.5,1,318.0,8,318.5,9,1,2022-06-02 09:01:51
1654160512200855000,318.0,4,318.0,8,318.5,9,2,2022-06-02 09:01:52
1654160512927910000,318.5,1,318.0,9,318.5,8,1,2022-06-02 09:01:52
1654160512932265000,318.5,5,318.0,9,318.5,3,1,2022-06-02 09:01:52
1654160513237269000,318.5,1,318.0,10,318.5,2,1,2022-06-02 09:01:53
1654160514563243000,318.5,2,318.0,32,318.5,4,1,2022-06-02 09:01:54
1654160514683036000,318.5,1,318.0,33,318.5,3,1,2022-06-02 09:01:54
1654160514960196000,318.5,1,318.0,35,318.5,2,1,2022-06-02 09:01:54
1654160515023646000,318.5,1,318.0,35,318.5,1,1,2022-06-02 09:01:55
1654160515131967000,318.5,1,318.0,36,319.0,54,1,2022-06-02 09:01:55
1654160515395498000,318.0,1,318.0,35,319.0,56,2,2022-06-02 09:01:55
1654160515489781000,319.0,1,318.0,35,319.0,55,1,2022-06-02 09:01:55
1654160515523978000,318.5,1,318.0,35,319.0,55,2,2022-06-02 09:01:55
1654160516086933000,318.5,5,318.0,37,319.0,55,2,2022-06-02 09:01:56
1654160517161283000,318.5,1,318.0,39,318.5,2,1,2022-06-02 09:01:57
1654160517338014000,318.5,1,318.0,39,318.5,1,1,2022-06-02 09:01:57
1654160517533749000,318.5,2,318.5,1,319.0,54,1,2022-06-02 09:01:57
1654160518066131000,318.5,1,318.0,37,319.0,55,2,2022-06-02 09:01:58
1654160518998023000,318.5,1,318.0,38,319.0,55,1,2022-06-02 09:01:58
1654160519098074000,319.0,1,318.5,1,319.0,54,1,2022-06-02 09:01:59
1654160519540683000,318.5,1,318.0,39,318.5,9,2,2022-06-02 09:01:59
1654160519541737000,318.5,1,318.0,39,318.5,8,1,2022-06-02 09:01:59
1654160519608928000,318.5,1,318.0,39,318.5,7,1,2022-06-02 09:01:59
1654160519734890000,318.5,1,318.0,39,318.5,6,1,2022-06-02 09:01:59
1654160519819354000,318.5,1,318.0,39,318.5,5,1,2022-06-02 09:01:59
1654160520077567000,318.5,1,318.0,39,318.5,4,1,2022-06-02 09:02:00
1654160520369067000,318.5,1,318.0,39,318.5,10,1,2022-06-02 09:02:00
1654160520402966000,318.5,1,318.0,39,318.5,9,1,2022-06-02 09:02:00
1654160520482067000,318.5,1,318.0,39,318.5,10,1,2022-06-02 09:02:00
1654160520526178000,318.5,1,318.0,39,318.5,9,1,2022-06-02 09:02:00
1654160520610452000,318.5,2,318.0,40,318.5,6,1,2022-06-02 09:02:00
1654160520700740000,318.5,1,318.0,40,318.5,5,1,2022-06-02 09:02:00
1654160520724603000,318.5,1,318.0,40,318.5,4,1,2022-06-02 09:02:00
1654160520725404000,318.5,1,318.0,40,318.5,3,1,2022-06-02 09:02:00
1654160521100788000,318.5,1,318.0,43,318.5,4,1,2022-06-02 09:02:01
1654160521152896000,318.5,1,318.0,43,318.5,3,1,2022-06-02 09:02:01
1654160521164468000,318.5,1,318.0,43,318.5,2,1,2022-06-02 09:02:01
1654160521323499000,318.5,1,318.0,43,318.5,4,1,2022-06-02 09:02:01
1654160521407013000,318.0,2,318.0,42,318.5,4,2,2022-06-02 09:02:01
1654160521692642000,318.5,1,318.0,42,318.5,5,1,2022-06-02 09:02:01
1654160521954652000,318.5,1,318.0,43,318.5,4,1,2022-06-02 09:02:01
1654160521998255000,318.5,1,318.0,43,318.5,3,1,2022-06-02 09:02:01
1654160522045025000,318.5,1,318.0,43,318.5,1,1,2022-06-02 09:02:02
1654160522126420000,318.5,1,318.5,2,319.0,65,1,2022-06-02 09:02:02
1654160522143634000,318.5,1,318.5,1,319.0,65,2,2022-06-02 09:02:02
1654160522311470000,318.5,1,318.0,43,319.0,66,2,2022-06-02 09:02:02
1654160522437390000,318.5,1,318.0,43,319.0,65,1,2022-06-02 09:02:02
1654160522468777000,318.5,1,318.0,37,319.0,65,2,2022-06-02 09:02:02
1654160522468777000,318.0,6,318.0,37,319.0,65,2,2022-06-02 09:02:02
1654160522591682000,318.5,1,318.0,37,319.0,65,1,2022-06-02 09:02:02
1654160522696233000,318.5,1,318.0,37,319.0,64,1,2022-06-02 09:02:02
1654160522696233000,319.0,1,318.0,37,319.0,64,1,2022-06-02 09:02:02
1654160522883191000,318.5,1,318.5,4,319.0,64,2,2022-06-02 09:02:02
1654160523802993000,318.5,1,318.5,10,319.0,66,2,2022-06-02 09:02:03
1654160523805777000,318.5,1,318.5,9,319.0,66,2,2022-06-02 09:02:03
1654160524029152000,318.5,1,318.5,10,319.0,66,2,2022-06-02 09:02:04
1654160524303300000,318.5,1,318.5,9,319.0,66,2,2022-06-02 09:02:04
1654160524342841000,318.5,1,318.5,8,319.0,66,2,2022-06-02 09:02:04
1654160524375110000,318.5,8,318.0,43,319.0,66,2,2022-06-02 09:02:04
1654160524421647000,318.5,1,318.5,1,319.0,66,2,2022-06-02 09:02:04
1654160524443650000,318.5,1,318.0,43,319.0,66,2,2022-06-02 09:02:04
1654160524629797000,318.5,1,318.0,43,319.0,66,2,2022-06-02 09:02:04
1654160524754376000,318.0,25,318.0,18,318.5,2,2,2022-06-02 09:02:04
1654160524782587000,318.0,10,318.0,8,318.5,2,2,2022-06-02 09:02:04
1654160524786357000,318.0,1,318.0,8,318.5,3,2,2022-06-02 09:02:04
1654160524812885000,318.0,2,318.0,6,318.5,3,2,2022-06-02 09:02:04
1654160524816403000,318.0,1,318.0,5,318.5,3,2,2022-06-02 09:02:04
1654160524825285000,318.5,2,318.0,5,318.5,2,1,2022-06-02 09:02:04
1654160524834872000,318.0,5,317.5,23,318.5,2,2,2022-06-02 09:02:04
1654160524922144000,318.5,2,317.5,23,319.0,65,1,2022-06-02 09:02:04
1654160524922144000,319.0,1,317.5,23,319.0,65,1,2022-06-02 09:02:04
1654160525072688000,317.5,20,317.5,3,319.0,65,2,2022-06-02 09:02:05
1654160525103389000,317.5,1,317.5,2,318.5,3,2,2022-06-02 09:02:05
1654160525125890000,318.5,1,317.5,2,318.5,5,1,2022-06-02 09:02:05
1654160525165415000,317.5,2,317.0,31,318.5,5,2,2022-06-02 09:02:05
1654160525200319000,318.5,2,317.0,31,318.5,3,1,2022-06-02 09:02:05
1654160525234810000,318.5,1,317.0,31,318.5,2,1,2022-06-02 09:02:05
1654160525296392000,318.5,1,318.0,1,318.5,1,1,2022-06-02 09:02:05
1654160525397854000,318.5,11,318.0,1,319.0,46,1,2022-06-02 09:02:05
1654160525397854000,319.0,19,318.0,1,319.0,46,1,2022-06-02 09:02:05
1654160525486116000,318.0,1,317.0,32,319.0,47,2,2022-06-02 09:02:05
1654160525837173000,318.5,1,317.5,2,318.5,1,1,2022-06-02 09:02:05
1654160526254269000,318.5,1,318.5,1,319.0,45,1,2022-06-02 09:02:06
1654160526619418000,318.5,2,317.5,2,318.5,8,2,2022-06-02 09:02:06
1654160526978368000,318.5,1,317.5,2,318.5,9,1,2022-06-02 09:02:06
1654160527304366000,317.5,1,317.5,2,318.5,9,2,2022-06-02 09:02:07
1654160527409335000,318.0,1,318.0,1,318.5,10,1,2022-06-02 09:02:07
1654160527459163000,318.5,1,318.0,2,318.5,9,1,2022-06-02 09:02:07
1654160528140122000,318.0,1,318.0,2,318.5,9,2,2022-06-02 09:02:08
1654160528758195000,318.5,2,318.0,3,318.5,7,1,2022-06-02 09:02:08
1654160529169038000,318.0,4,317.5,1,318.0,21,2,2022-06-02 09:02:09
1654160529196006000,317.5,1,317.0,33,318.0,21,2,2022-06-02 09:02:09
1654160529693771000,317.0,1,317.0,32,318.0,21,2,2022-06-02 09:02:09
1654160529855946000,318.0,1,317.0,32,318.0,20,1,2022-06-02 09:02:09
1654160529872840000,318.0,1,317.0,32,318.0,19,1,2022-06-02 09:02:09
1654160529945088000,318.0,1,317.0,32,318.0,18,1,2022-06-02 09:02:09
1654160530164678000,318.0,1,317.0,32,318.0,18,1,2022-06-02 09:02:10
1654160530274248000,317.0,1,317.0,31,318.0,18,2,2022-06-02 09:02:10
1654160530425240000,318.0,1,317.0,31,318.0,17,1,2022-06-02 09:02:10
1654160530551379000,318.0,1,317.0,31,318.0,16,1,2022-06-02 09:02:10
1654160530958609000,317.5,1,317.0,31,318.0,15,2,2022-06-02 09:02:10
1654160531059785000,318.0,1,317.0,31,318.0,14,1,2022-06-02 09:02:11
1654160531165139000,318.0,1,317.0,31,318.0,13,1,2022-06-02 09:02:11
1654160531435893000,317.5,1,317.0,31,318.0,13,1,2022-06-02 09:02:11
1654160531638908000,318.0,1,317.0,31,318.0,12,1,2022-06-02 09:02:11
1654160531665770000,318.0,5,317.0,31,318.0,7,1,2022-06-02 09:02:11
1654160531742162000,318.0,1,317.0,32,318.0,6,1,2022-06-02 09:02:11
1654160531806542000,318.0,1,317.0,32,318.0,5,1,2022-06-02 09:02:11
1654160532331822000,318.0,2,317.5,1,318.0,3,1,2022-06-02 09:02:12
1654160532703026000,317.5,1,317.0,23,318.0,3,2,2022-06-02 09:02:12
1654160532703026000,317.0,9,317.0,23,318.0,3,2,2022-06-02 09:02:12
1654160532951654000,317.5,1,317.0,23,317.5,2,1,2022-06-02 09:02:12
1654160533514705000,317.0,1,317.0,22,317.5,2,2,2022-06-02 09:02:13
1654160533873740000,317.5,1,317.0,22,317.5,1,1,2022-06-02 09:02:13
1654160533880091000,317.5,1,317.0,22,318.0,4,1,2022-06-02 09:02:13
1654160535169975000,317.5,1,317.5,1,318.0,9,2,2022-06-02 09:02:15
1654160535190847000,317.5,1,317.0,26,318.0,9,2,2022-06-02 09:02:15
1654160535862820000,317.0,6,317.0,23,317.5,1,2,2022-06-02 09:02:15
1654160536693137000,317.5,1,317.0,23,318.0,10,1,2022-06-02 09:02:16
1654160537223872000,317.5,1,317.0,24,318.0,11,1,2022-06-02 09:02:17
1654160537359685000,317.0,2,317.0,26,317.5,1,2,2022-06-02 09:02:17
1654160537397580000,317.0,1,317.0,25,317.5,2,2,2022-06-02 09:02:17
1654160537591726000,317.0,2,317.0,23,317.5,2,2,2022-06-02 09:02:17
1654160537825987000,317.0,2,317.0,21,317.5,2,2,2022-06-02 09:02:17
1654160538064661000,317.0,2,317.0,20,317.5,2,2,2022-06-02 09:02:18
1654160538536506000,317.0,2,317.0,18,317.5,2,2,2022-06-02 09:02:18
1654160538575662000,317.0,1,317.0,17,317.5,2,2,2022-06-02 09:02:18
1654160538781068000,317.0,1,317.0,16,317.5,2,2,2022-06-02 09:02:18
1654160539399550000,317.0,6,317.0,12,317.5,2,2,2022-06-02 09:02:19
1654160539433358000,317.0,1,317.0,11,317.5,2,2,2022-06-02 09:02:19
1654160539771582000,317.5,1,317.0,13,317.5,1,1,2022-06-02 09:02:19
1654160540660166000,317.5,1,317.0,14,318.0,20,1,2022-06-02 09:02:20
1654160542008519000,317.5,1,317.0,15,318.0,21,1,2022-06-02 09:02:22
1654160543934605000,317.5,1,317.0,18,317.5,5,1,2022-06-02 09:02:23
1654160544203659000,317.0,1,317.0,17,317.5,5,2,2022-06-02 09:02:24
1654160544710678000,317.5,5,317.0,17,317.5,5,1,2022-06-02 09:02:24
1654160545090224000,317.5,1,317.0,17,317.5,4,1,2022-06-02 09:02:25
1654160545556303000,317.5,1,317.0,19,317.5,4,1,2022-06-02 09:02:25
1654160546754419000,317.0,1,317.0,19,317.5,4,2,2022-06-02 09:02:26
1654160547117861000,317.5,4,317.5,11,318.0,21,1,2022-06-02 09:02:27
1654160547152351000,317.5,4,317.5,7,318.0,21,2,2022-06-02 09:02:27
1654160549013759000,318.0,1,317.5,11,318.0,22,1,2022-06-02 09:02:29
1654160549405649000,317.5,1,317.5,10,318.0,22,2,2022-06-02 09:02:29
1654160549654350000,318.0,1,317.5,10,318.0,21,1,2022-06-02 09:02:29
1654160552687260000,317.5,2,317.5,12,318.0,29,2,2022-06-02 09:02:32
1654160553782965000,318.0,23,317.5,12,318.0,6,1,2022-06-02 09:02:33
1654160554782039000,318.0,1,317.5,13,318.0,5,1,2022-06-02 09:02:34
1654160555096424000,317.5,1,317.5,12,318.0,6,2,2022-06-02 09:02:35
1654160555907140000,318.0,1,317.5,11,318.0,5,1,2022-06-02 09:02:35
1654160556275840000,318.0,1,317.5,11,318.0,4,1,2022-06-02 09:02:36
1654160556346732000,318.0,4,317.5,12,318.5,28,1,2022-06-02 09:02:36
1654160556411855000,318.0,1,317.5,11,318.5,28,2,2022-06-02 09:02:36
1654160556467434000,318.5,1,317.5,11,318.5,27,1,2022-06-02 09:02:36
1654160556960732000,318.0,1,318.0,2,318.5,27,2,2022-06-02 09:02:36
1654160558787448000,318.0,2,318.0,2,318.5,27,2,2022-06-02 09:02:38
1654160562607070000,318.5,1,318.0,6,318.5,27,1,2022-06-02 09:02:42
1654160562632502000,318.0,1,318.0,5,318.5,27,2,2022-06-02 09:02:42
1654160562997080000,318.0,1,318.0,5,318.5,27,2,2022-06-02 09:02:42
1654160563580768000,318.0,1,318.0,6,318.5,27,2,2022-06-02 09:02:43
1654160564225247000,318.0,1,318.0,9,318.5,26,2,2022-06-02 09:02:44
1654160564615771000,318.0,1,318.0,9,318.5,26,2,2022-06-02 09:02:44
1654160565240315000,318.0,1,318.0,8,318.5,26,2,2022-06-02 09:02:45
1654160567437514000,318.0,1,318.0,13,318.5,26,2,2022-06-02 09:02:47
1654160567468108000,318.5,1,318.0,13,318.5,25,1,2022-06-02 09:02:47
1654160567923530000,318.5,1,318.0,16,318.5,24,1,2022-06-02 09:02:47
1654160567992714000,318.5,1,318.0,16,318.5,26,1,2022-06-02 09:02:47
1654160568765095000,318.0,1,318.0,15,318.5,26,2,2022-06-02 09:02:48
1654160570214550000,318.5,1,318.0,19,318.5,25,1,2022-06-02 09:02:50
1654160570342665000,318.0,1,318.0,18,318.5,25,2,2022-06-02 09:02:50
1654160571391252000,318.5,1,318.0,19,318.5,24,1,2022-06-02 09:02:51
1654160573002798000,318.0,1,318.0,21,318.5,24,2,2022-06-02 09:02:53
1654160574960078000,318.0,7,318.0,15,318.5,25,2,2022-06-02 09:02:54
1654160574986279000,318.0,15,317.5,12,318.5,25,2,2022-06-02 09:02:54
1654160575464832000,317.5,1,317.5,11,318.0,1,2,2022-06-02 09:02:55
1654160575504036000,317.5,1,317.5,10,318.0,1,2,2022-06-02 09:02:55
1654160575785333000,318.0,1,317.5,10,318.0,1,1,2022-06-02 09:02:55
1654160575847219000,318.0,1,318.0,1,318.5,25,1,2022-06-02 09:02:55
1654160576139903000,318.0,1,317.5,10,318.5,25,2,2022-06-02 09:02:56
1654160576621729000,318.5,10,317.5,10,318.5,15,1,2022-06-02 09:02:56
1654160577234891000,318.0,1,317.5,9,318.0,4,1,2022-06-02 09:02:57
1654160578580461000,317.5,5,317.5,4,318.0,14,2,2022-06-02 09:02:58
1654160578619596000,317.5,1,317.5,3,318.0,14,2,2022-06-02 09:02:58
1654160580682135000,318.0,1,317.5,3,318.0,15,1,2022-06-02 09:03:00
1654160581325568000,317.5,3,317.0,32,317.5,3,2,2022-06-02 09:03:01
1654160581673761000,317.5,3,317.0,32,318.0,8,1,2022-06-02 09:03:01
1654160581673761000,318.0,7,317.0,32,318.0,8,1,2022-06-02 09:03:01
1654160581905159000,317.5,1,317.0,32,317.5,4,2,2022-06-02 09:03:01
1654160582319019000,317.0,1,317.0,31,317.5,4,2,2022-06-02 09:03:02
1654160582520670000,317.0,6,317.0,25,317.5,4,2,2022-06-02 09:03:02
1654160582670405000,317.5,1,317.0,25,317.5,5,1,2022-06-02 09:03:02
1654160582812598000,317.5,3,317.0,25,317.5,2,1,2022-06-02 09:03:02
1654160583434410000,317.5,1,317.0,25,317.5,3,1,2022-06-02 09:03:03
1654160584729667000,317.0,10,317.0,15,317.5,4,2,2022-06-02 09:03:04
1654160584773442000,317.0,1,317.0,14,317.5,5,2,2022-06-02 09:03:04
1654160584917032000,317.5,1,317.0,14,317.5,4,1,2022-06-02 09:03:04
1654160585715814000,317.0,1,317.0,13,317.5,6,2,2022-06-02 09:03:05
1654160585719145000,317.0,2,317.0,11,317.5,6,2,2022-06-02 09:03:05
1654160585812652000,317.0,3,317.0,8,317.5,6,2,2022-06-02 09:03:05
1654160587556085000,317.5,1,317.0,8,317.5,5,1,2022-06-02 09:03:07
1654160590077108000,317.5,1,317.0,11,317.5,8,1,2022-06-02 09:03:10
1654160591922885000,317.5,1,317.0,11,317.5,7,1,2022-06-02 09:03:11
1654160592378081000,317.0,1,317.0,8,317.5,9,2,2022-06-02 09:03:12
1654160592882700000,317.0,1,317.0,8,317.5,9,2,2022-06-02 09:03:12
1654160594799091000,317.5,1,317.0,8,317.5,21,1,2022-06-02 09:03:14
1654160595435783000,317.0,5,317.0,3,317.5,21,2,2022-06-02 09:03:15
1654160595569437000,317.0,1,317.0,2,317.5,21,2,2022-06-02 09:03:15
1654160595655504000,317.0,1,317.0,1,317.5,21,2,2022-06-02 09:03:15
1654160595670490000,317.0,1,316.5,15,317.5,21,2,2022-06-02 09:03:15
1654160596107089000,317.0,2,316.5,16,317.0,3,1,2022-06-02 09:03:16
1654160598430297000,316.5,2,316.5,14,317.0,8,2,2022-06-02 09:03:18
1654160598776260000,316.5,1,316.5,12,317.0,10,2,2022-06-02 09:03:18
1654160599009945000,317.0,1,316.5,12,317.0,9,1,2022-06-02 09:03:19
1654160599426589000,317.0,1,316.5,12,317.0,10,1,2022-06-02 09:03:19
1654160599847467000,316.5,1,316.5,11,317.0,10,2,2022-06-02 09:03:19
1654160604197409000,317.0,1,316.5,11,317.0,17,1,2022-06-02 09:03:24
1654160606406197000,316.5,1,316.5,14,317.0,19,2,2022-06-02 09:03:26
1654160606714409000,317.0,3,316.5,14,317.0,16,1,2022-06-02 09:03:26
1654160607480890000,317.0,3,316.5,14,317.0,13,1,2022-06-02 09:03:27
1654160608557886000,316.5,1,316.5,13,317.0,13,2,2022-06-02 09:03:28
1654160609077854000,317.0,1,316.5,13,317.0,12,1,2022-06-02 09:03:29
1654160609134692000,316.5,1,316.5,12,317.0,12,2,2022-06-02 09:03:29
1654160610632125000,317.0,1,316.5,12,317.0,11,1,2022-06-02 09:03:30
1654160610696584000,316.5,1,316.5,11,317.0,11,2,2022-06-02 09:03:30
1654160612224391000,316.5,3,316.5,10,317.0,13,2,2022-06-02 09:03:32
1654160612265579000,316.5,1,316.5,9,317.0,13,2,2022-06-02 09:03:32
1654160612979809000,316.5,1,316.5,8,317.0,13,2,2022-06-02 09:03:32
1654160613151058000,316.5,1,316.5,7,317.0,13,2,2022-06-02 09:03:33
1654160613436178000,316.5,1,316.5,7,317.0,13,2,2022-06-02 09:03:33
1654160614266626000,316.5,1,316.5,7,317.0,13,2,2022-06-02 09:03:34
1654160614386682000,316.5,1,316.5,6,317.0,13,2,2022-06-02 09:03:34
1654160614573074000,316.5,1,316.5,5,317.0,13,2,2022-06-02 09:03:34
1654160614598375000,316.5,1,316.5,4,317.0,13,2,2022-06-02 09:03:34
1654160615373474000,316.5,1,316.5,3,317.0,14,2,2022-06-02 09:03:35
1654160615580291000,316.5,1,316.5,2,317.0,14,2,2022-06-02 09:03:35
1654160615807539000,316.5,2,316.0,32,317.0,14,2,2022-06-02 09:03:35
1654160616048506000,316.0,2,316.0,31,317.0,14,2,2022-06-02 09:03:36
1654160617381171000,316.5,1,316.0,31,316.5,4,2,2022-06-02 09:03:37
1654160617573459000,316.0,1,316.0,29,316.5,4,2,2022-06-02 09:03:37
1654160617600389000,316.5,1,316.0,29,316.5,3,1,2022-06-02 09:03:37
1654160617874869000,316.5,1,316.0,29,316.5,3,1,2022-06-02 09:03:37
1654160617919083000,316.0,1,316.0,28,316.5,3,2,2022-06-02 09:03:37
1654160619260263000,316.5,1,316.0,28,316.5,3,1,2022-06-02 09:03:39
1654160621074713000,316.5,3,316.0,28,316.5,3,1,2022-06-02 09:03:41
1654160621399613000,316.0,1,316.0,27,316.5,3,2,2022-06-02 09:03:41
1654160623409768000,316.5,1,316.0,27,316.5,15,1,2022-06-02 09:03:43
1654160625093045000,316.5,1,316.0,27,316.5,14,1,2022-06-02 09:03:45
1654160627367390000,316.5,1,316.0,31,316.5,17,1,2022-06-02 09:03:47
1654160627608087000,316.5,1,316.0,31,316.5,16,1,2022-06-02 09:03:47
1654160629172929000,316.5,1,316.0,31,316.5,15,1,2022-06-02 09:03:49
1654160630519329000,316.5,1,316.0,31,316.5,14,1,2022-06-02 09:03:50
1654160631187889000,316.5,2,316.0,31,316.5,14,1,2022-06-02 09:03:51
1654160631222482000,316.5,1,316.0,31,316.5,13,1,2022-06-02 09:03:51
1654160631222569000,316.5,3,316.0,31,316.5,10,1,2022-06-02 09:03:51
1654160631226340000,316.0,1,316.0,30,316.5,10,2,2022-06-02 09:03:51
1654160631245293000,316.5,10,316.0,31,317.0,13,1,2022-06-02 09:03:51
1654160637571345000,317.0,15,316.5,12,317.5,21,1,2022-06-02 09:03:57
1654160637658060000,317.0,1,317.0,1,317.5,21,2,2022-06-02 09:03:57
1654160640427784000,317.0,1,317.0,1,317.5,7,2,2022-06-02 09:04:00
1654160641761325000,317.0,1,316.5,22,317.0,4,2,2022-06-02 09:04:01
1654160641780051000,317.0,1,316.5,22,317.0,3,1,2022-06-02 09:04:01
1654160641780659000,317.0,1,316.5,22,317.0,2,1,2022-06-02 09:04:01
1654160641780675000,317.0,2,316.5,22,317.5,7,1,2022-06-02 09:04:01
1654160641836172000,317.5,7,317.0,1,318.0,35,1,2022-06-02 09:04:01
1654160642168163000,317.0,1,316.5,24,317.0,1,2,2022-06-02 09:04:02
1654160642190852000,317.0,1,316.5,24,318.0,35,1,2022-06-02 09:04:02
1654160642419614000,317.0,1,317.0,1,318.0,35,2,2022-06-02 09:04:02
1654160643230018000,317.0,1,316.5,25,317.5,7,2,2022-06-02 09:04:03
1654160646181744000,317.5,2,317.0,3,317.5,6,1,2022-06-02 09:04:06
1654160648219885000,317.5,1,317.0,7,317.5,5,1,2022-06-02 09:04:08
1654160648238646000,317.5,5,317.0,7,318.0,37,1,2022-06-02 09:04:08
1654160648249744000,317.0,7,316.5,4,318.0,37,2,2022-06-02 09:04:08
1654160648249744000,316.5,21,316.5,4,318.0,37,2,2022-06-02 09:04:08
1654160649059842000,317.0,1,316.5,3,317.0,4,2,2022-06-02 09:04:09
1654160649399275000,317.0,1,316.5,3,317.0,5,1,2022-06-02 09:04:09
1654160654309558000,317.0,3,316.5,10,317.0,3,1,2022-06-02 09:04:14
1654160654338078000,317.0,3,316.5,10,317.5,16,1,2022-06-02 09:04:14
1654160654578400000,316.5,1,316.5,10,317.0,1,2,2022-06-02 09:04:14
1654160656192852000,317.0,1,316.5,12,317.5,16,1,2022-06-02 09:04:16
1654160656272567000,317.0,1,316.5,12,317.5,16,1,2022-06-02 09:04:16
1654160657380178000,317.0,1,317.0,1,317.5,16,2,2022-06-02 09:04:17
1654160658457201000,317.0,1,316.5,15,317.5,15,2,2022-06-02 09:04:18
1654160660986961000,317.0,1,317.0,3,317.5,15,2,2022-06-02 09:04:20
1654160662914339000,317.0,1,317.0,8,317.5,15,2,2022-06-02 09:04:22
1654160664668666000,317.5,1,317.0,8,317.5,16,1,2022-06-02 09:04:24
1654160664815160000,317.5,1,317.0,8,317.5,15,1,2022-06-02 09:04:24
1654160665298059000,317.0,1,317.0,8,317.5,15,2,2022-06-02 09:04:25
1654160667211579000,317.0,1,317.0,7,317.5,15,2,2022-06-02 09:04:27
1654160669165436000,317.0,1,317.0,9,317.5,15,2,2022-06-02 09:04:29
1654160669519198000,317.5,1,317.0,9,317.5,14,1,2022-06-02 09:04:29
1654160669750139000,317.5,1,317.0,9,317.5,13,1,2022-06-02 09:04:29
1654160670634289000,317.5,3,317.0,9,317.5,5,1,2022-06-02 09:04:30
1654160670669065000,317.5,5,317.0,9,318.0,38,1,2022-06-02 09:04:30
1654160673018560000,317.5,1,317.0,14,318.0,36,1,2022-06-02 09:04:33
1654160674540935000,317.5,1,317.0,13,318.0,35,2,2022-06-02 09:04:34
1654160676539855000,318.0,2,317.5,2,318.0,34,1,2022-06-02 09:04:36
1654160676913130000,317.5,2,317.0,17,318.0,34,2,2022-06-02 09:04:36
1654160677428530000,318.0,1,317.0,18,318.0,28,1,2022-06-02 09:04:37
1654160683721456000,318.0,1,317.5,2,318.0,26,1,2022-06-02 09:04:43
1654160683835014000,318.0,1,317.5,2,318.0,25,1,2022-06-02 09:04:43
1654160684614986000,318.0,1,317.5,2,318.0,25,1,2022-06-02 09:04:44
1654160684622644000,317.5,1,317.5,1,318.0,25,2,2022-06-02 09:04:44
1654160685658875000,318.0,1,317.5,2,318.0,19,1,2022-06-02 09:04:45
1654160687862957000,318.0,19,317.5,4,318.5,28,1,2022-06-02 09:04:47
1654160689099203000,318.5,1,317.5,10,318.5,27,1,2022-06-02 09:04:49
1654160691649226000,318.0,1,318.0,2,318.5,21,2,2022-06-02 09:04:51
1654160692388713000,318.5,10,318.0,2,318.5,11,1,2022-06-02 09:04:52
1654160693384249000,318.5,1,318.0,4,318.5,10,1,2022-06-02 09:04:53
1654160693995193000,318.5,10,318.0,4,319.0,57,1,2022-06-02 09:04:53
1654160695782568000,319.0,5,318.5,5,319.0,52,1,2022-06-02 09:04:55
1654160698517709000,319.0,1,318.5,6,319.0,47,1,2022-06-02 09:04:58
1654160699102049000,319.0,1,318.5,6,319.0,46,1,2022-06-02 09:04:59
1654160699381631000,319.0,1,318.5,6,319.0,45,1,2022-06-02 09:04:59
1654160699404589000,319.0,20,318.5,6,319.0,25,1,2022-06-02 09:04:59
1654160699466546000,319.0,1,318.5,6,319.0,24,1,2022-06-02 09:04:59
1654160700120095000,319.0,1,318.5,7,319.0,23,1,2022-06-02 09:05:00
1654160700333942000,319.0,2,318.5,7,319.0,21,1,2022-06-02 09:05:00
1654160700649825000,318.5,6,318.0,11,318.5,19,2,2022-06-02 09:05:00
1654160700684543000,318.0,1,318.0,9,318.5,19,2,2022-06-02 09:05:00
1654160700865009000,318.0,6,318.0,3,318.5,19,2,2022-06-02 09:05:00
1654160700901838000,318.0,1,318.0,2,318.5,20,2,2022-06-02 09:05:00
1654160700905146000,318.5,1,318.0,2,318.5,19,1,2022-06-02 09:05:00
1654160701017295000,318.5,1,318.0,2,318.5,18,1,2022-06-02 09:05:01
1654160701418922000,318.5,1,318.0,2,318.5,17,1,2022-06-02 09:05:01
1654160701429367000,318.5,1,318.0,2,318.5,16,1,2022-06-02 09:05:01
1654160701661809000,318.5,1,318.0,2,318.5,15,1,2022-06-02 09:05:01
1654160702094724000,318.5,10,318.0,2,318.5,5,1,2022-06-02 09:05:02
1654160702491671000,318.5,1,318.0,3,318.5,4,1,2022-06-02 09:05:02
1654160702656522000,318.5,1,318.0,3,318.5,3,1,2022-06-02 09:05:02
1654160703143443000,318.5,2,318.0,3,318.5,1,1,2022-06-02 09:05:03
1654160703182907000,318.0,1,318.0,2,318.5,1,2,2022-06-02 09:05:03
1654160703444592000,318.5,1,318.0,2,319.0,22,2,2022-06-02 09:05:03
1654160705130541000,318.5,1,318.0,3,318.5,2,1,2022-06-02 09:05:05
1654160705905300000,318.5,1,318.0,3,318.5,2,1,2022-06-02 09:05:05
1654160706145925000,318.5,1,318.0,3,319.0,24,1,2022-06-02 09:05:06
1654160706199598000,318.5,1,318.0,3,319.0,24,1,2022-06-02 09:05:06
1654160706594089000,318.5,1,318.0,5,319.0,24,2,2022-06-02 09:05:06
1654160709283002000,318.5,4,318.0,15,319.0,19,2,2022-06-02 09:05:09
1654160709379981000,319.0,18,318.0,15,319.0,2,1,2022-06-02 09:05:09
1654160709586364000,319.0,1,319.0,5,319.5,14,1,2022-06-02 09:05:09
1654160711569491000,319.0,1,319.0,4,319.5,14,2,2022-06-02 09:05:11
1654160712788648000,319.5,3,319.0,9,319.5,11,1,2022-06-02 09:05:12
1654160716185096000,319.5,1,319.0,15,319.5,11,1,2022-06-02 09:05:16
1654160716395846000,319.5,1,319.0,15,319.5,17,1,2022-06-02 09:05:16
1654160716773433000,319.0,16,318.5,3,319.0,9,2,2022-06-02 09:05:16
1654160716794859000,318.5,3,318.0,32,319.0,10,2,2022-06-02 09:05:16
1654160716918149000,318.0,1,318.0,30,319.0,10,2,2022-06-02 09:05:16
1654160716932006000,319.0,10,318.0,30,319.5,19,1,2022-06-02 09:05:16
1654160717717231000,319.0,1,318.5,1,319.0,1,1,2022-06-02 09:05:17
1654160717792431000,319.0,1,318.5,1,319.0,2,1,2022-06-02 09:05:17
1654160717801549000,319.0,1,318.5,1,319.0,1,1,2022-06-02 09:05:17
1654160718962786000,319.0,1,318.5,1,319.5,18,1,2022-06-02 09:05:18
1654160719526843000,319.5,1,319.0,1,319.5,23,1,2022-06-02 09:05:19
1654160719842705000,319.0,1,318.5,1,319.5,23,2,2022-06-02 09:05:19
1654160720332716000,319.5,1,318.5,1,319.5,22,1,2022-06-02 09:05:20
1654160720370099000,319.5,1,318.5,1,319.5,21,1,2022-06-02 09:05:20
1654160722202441000,319.0,1,318.5,2,319.5,21,1,2022-06-02 09:05:22
1654160722714828000,319.5,1,318.5,2,319.5,20,1,2022-06-02 09:05:22
1654160722772584000,319.5,5,318.5,2,319.5,15,1,2022-06-02 09:05:22
1654160722845400000,319.0,1,318.5,2,319.5,15,1,2022-06-02 09:05:22
1654160723058002000,319.5,5,318.5,2,319.5,10,1,2022-06-02 09:05:23
1654160723515813000,319.0,1,318.5,2,319.0,1,2,2022-06-02 09:05:23
1654160723667299000,319.0,1,318.5,2,319.5,11,1,2022-06-02 09:05:23
1654160724743209000,319.5,1,318.5,6,319.5,10,1,2022-06-02 09:05:24
1654160724958490000,319.0,1,318.5,6,319.5,5,1,2022-06-02 09:05:24
1654160725086501000,319.0,1,318.5,5,319.5,6,2,2022-06-02 09:05:25
1654160727269784000,319.0,2,319.0,1,319.5,6,2,2022-06-02 09:05:27
1654160729609886000,319.5,1,319.0,4,319.5,8,1,2022-06-02 09:05:29
1654160729813549000,319.5,1,319.0,4,319.5,7,1,2022-06-02 09:05:29
1654160729890109000,319.5,1,319.0,5,319.5,6,1,2022-06-02 09:05:29
1654160733886422000,319.5,1,319.0,16,319.5,6,1,2022-06-02 09:05:33
1654160734375670000,319.5,1,319.0,17,319.5,8,1,2022-06-02 09:05:34
1654160734705778000,319.5,1,319.0,18,319.5,10,1,2022-06-02 09:05:34
1654160735315686000,319.5,1,319.0,19,319.5,9,1,2022-06-02 09:05:35
1654160735586946000,319.0,3,319.0,16,319.5,14,2,2022-06-02 09:05:35
1654160736505049000,319.5,5,319.0,18,319.5,9,1,2022-06-02 09:05:36
1654160736511678000,319.5,1,319.0,18,319.5,8,1,2022-06-02 09:05:36
1654160736519437000,319.0,1,319.0,17,319.5,8,2,2022-06-02 09:05:36
1654160736553348000,319.5,1,319.0,16,319.5,7,1,2022-06-02 09:05:36
1654160737038692000,319.5,1,319.0,16,319.5,6,1,2022-06-02 09:05:37
1654160737157948000,319.5,2,319.0,17,319.5,4,1,2022-06-02 09:05:37
1654160737418757000,319.5,1,319.0,17,319.5,4,1,2022-06-02 09:05:37
1654160737840355000,319.5,1,319.0,17,319.5,3,1,2022-06-02 09:05:37
1654160738210293000,319.5,1,319.0,17,319.5,2,1,2022-06-02 09:05:38
1654160739571855000,319.5,5,319.0,19,320.0,45,1,2022-06-02 09:05:39
1654160739877935000,319.5,1,319.0,19,320.0,45,1,2022-06-02 09:05:39
1654160741101694000,320.0,5,319.5,1,320.0,34,1,2022-06-02 09:05:41
1654160743284113000,319.5,3,319.0,27,320.0,35,2,2022-06-02 09:05:43
1654160745212886000,319.5,2,319.0,28,319.5,8,2,2022-06-02 09:05:45
1654160745380635000,319.5,1,319.0,28,319.5,7,1,2022-06-02 09:05:45
1654160745440751000,319.5,1,319.0,28,319.5,6,1,2022-06-02 09:05:45
1654160745493189000,319.5,1,319.0,28,319.5,5,1,2022-06-02 09:05:45
1654160745701651000,319.5,1,319.0,28,319.5,4,1,2022-06-02 09:05:45
1654160746248745000,319.5,5,319.0,29,320.0,34,1,2022-06-02 09:05:46
1654160746684733000,319.5,1,319.0,30,319.5,9,1,2022-06-02 09:05:46
1654160747143215000,319.5,1,319.0,29,319.5,8,1,2022-06-02 09:05:47
1654160747265113000,319.5,1,319.0,29,319.5,7,1,2022-06-02 09:05:47
1654160747266241000,319.5,1,319.0,29,319.5,6,1,2022-06-02 09:05:47
1654160748170259000,319.0,31,318.5,18,319.5,31,2,2022-06-02 09:05:48
1654160748259974000,318.5,1,318.5,17,319.0,3,2,2022-06-02 09:05:48
1654160748345055000,319.0,1,318.5,17,319.0,3,1,2022-06-02 09:05:48
1654160748450113000,319.0,1,318.5,17,319.0,2,1,2022-06-02 09:05:48
1654160748489631000,319.0,1,318.5,17,319.0,1,1,2022-06-02 09:05:48
1654160749875942000,319.0,1,318.5,12,319.5,34,1,2022-06-02 09:05:49
1654160749875942000,319.5,4,318.5,12,319.5,34,1,2022-06-02 09:05:49
1654160751542016000,319.0,1,319.0,2,319.5,36,2,2022-06-02 09:05:51
1654160751569459000,319.0,1,319.0,1,319.5,36,2,2022-06-02 09:05:51
1654160751738909000,319.0,1,318.5,12,319.5,36,2,2022-06-02 09:05:51
1654160751835793000,319.5,1,318.5,12,319.5,35,1,2022-06-02 09:05:51
1654160751888657000,319.5,1,318.5,12,319.5,34,1,2022-06-02 09:05:51
1654160752836624000,319.5,1,319.0,1,319.5,35,1,2022-06-02 09:05:52
1654160753550974000,319.5,3,319.0,1,319.5,35,1,2022-06-02 09:05:53
1654160753853088000,319.5,1,319.0,2,319.5,34,1,2022-06-02 09:05:53
1654160753870628000,319.5,1,319.0,2,319.5,33,1,2022-06-02 09:05:53
1654160755372453000,319.0,1,319.0,6,319.5,33,2,2022-06-02 09:05:55
1654160755528633000,319.5,1,319.0,6,319.5,33,1,2022-06-02 09:05:55
1654160756474935000,319.5,1,319.0,8,319.5,36,1,2022-06-02 09:05:56
1654160756690529000,319.5,1,319.0,8,319.5,35,1,2022-06-02 09:05:56
1654160757329189000,319.5,1,319.0,8,319.5,34,1,2022-06-02 09:05:57
1654160757917479000,319.5,1,319.0,9,319.5,33,1,2022-06-02 09:05:57
1654160758413956000,319.5,1,319.0,9,319.5,32,1,2022-06-02 09:05:58
1654160758791954000,319.0,3,319.0,7,319.5,32,2,2022-06-02 09:05:58
1654160760322586000,319.5,1,319.0,9,319.5,27,1,2022-06-02 09:06:00
1654160760405072000,319.5,1,319.0,9,319.5,26,1,2022-06-02 09:06:00
1654160760450524000,319.5,1,319.0,9,319.5,25,1,2022-06-02 09:06:00
1654160761038550000,319.5,1,319.0,9,319.5,26,1,2022-06-02 09:06:01
1654160761272790000,319.5,1,319.0,9,319.5,25,1,2022-06-02 09:06:01
1654160761423549000,319.0,1,319.0,9,319.5,25,2,2022-06-02 09:06:01
1654160763568128000,319.0,1,319.0,10,319.5,26,2,2022-06-02 09:06:03
1654160764569512000,319.5,1,319.0,13,319.5,25,1,2022-06-02 09:06:04
1654160765078927000,319.5,1,319.0,14,319.5,24,1,2022-06-02 09:06:05
1654160765222858000,319.5,1,319.0,15,319.5,23,1,2022-06-02 09:06:05
1654160767010880000,319.5,1,319.0,15,319.5,26,1,2022-06-02 09:06:07
1654160767299856000,319.5,3,319.0,18,319.5,23,1,2022-06-02 09:06:07
1654160769766421000,319.0,20,318.5,16,319.0,5,2,2022-06-02 09:06:09
1654160769766905000,319.0,3,318.5,16,319.0,2,1,2022-06-02 09:06:09
1654160769809684000,318.5,1,318.5,14,319.0,3,2,2022-06-02 09:06:09
1654160770327804000,319.0,1,318.5,14,319.0,2,1,2022-06-02 09:06:10
1654160770401789000,319.0,1,318.5,14,319.0,1,1,2022-06-02 09:06:10
1654160771477942000,319.0,1,318.5,14,319.5,33,1,2022-06-02 09:06:11
1654160771764740000,319.5,1,318.5,15,319.5,32,1,2022-06-02 09:06:11
1654160771927744000,319.5,1,318.5,15,319.5,30,1,2022-06-02 09:06:11
1654160772274850000,319.5,1,318.5,15,319.5,29,1,2022-06-02 09:06:12
1654160774529427000,319.5,1,319.0,3,319.5,29,1,2022-06-02 09:06:14
1654160775378372000,319.5,1,319.0,3,319.5,28,1,2022-06-02 09:06:15
1654160776727911000,319.5,6,319.0,4,319.5,22,1,2022-06-02 09:06:16
1654160777465374000,319.5,1,319.0,6,319.5,21,1,2022-06-02 09:06:17
1654160778196790000,319.0,1,319.0,5,319.5,21,2,2022-06-02 09:06:18
1654160778309323000,319.5,4,319.0,5,319.5,17,1,2022-06-02 09:06:18
1654160778452167000,319.5,1,319.0,5,319.5,16,1,2022-06-02 09:06:18
1654160779163609000,319.0,2,319.0,3,319.5,16,2,2022-06-02 09:06:19
1654160780430781000,319.5,2,319.0,4,319.5,14,1,2022-06-02 09:06:20
1654160781150467000,319.0,1,319.0,3,319.5,15,2,2022-06-02 09:06:21
1654160782474307000,319.5,1,319.0,5,319.5,15,1,2022-06-02 09:06:22
1654160782978295000,319.5,4,319.0,7,319.5,11,1,2022-06-02 09:06:22
1654160785224643000,319.0,12,318.5,19,319.0,13,2,2022-06-02 09:06:25
1654160785287961000,318.5,1,318.5,16,319.0,13,2,2022-06-02 09:06:25
1654160786245106000,319.0,1,318.5,16,319.0,12,1,2022-06-02 09:06:26
1654160787139843000,319.0,1,318.5,16,319.0,11,1,2022-06-02 09:06:27
1654160789173314000,319.0,1,318.5,16,319.0,11,1,2022-06-02 09:06:29
1654160789779113000,319.0,1,318.5,17,319.0,15,1,2022-06-02 09:06:29
1654160791841898000,319.0,10,318.5,19,319.0,8,1,2022-06-02 09:06:31
1654160792851575000,319.0,1,318.5,24,319.0,9,1,2022-06-02 09:06:32
1654160795868665000,319.0,1,318.5,25,319.0,8,1,2022-06-02 09:06:35
1654160795951028000,319.0,2,318.5,26,319.0,6,1,2022-06-02 09:06:35
1654160796836273000,319.0,1,318.5,26,319.0,6,1,2022-06-02 09:06:36
1654160796973734000,319.0,1,318.5,26,319.0,5,1,2022-06-02 09:06:36
1654160797056766000,319.0,3,318.5,26,319.0,2,1,2022-06-02 09:06:37
1654160797084071000,318.5,1,318.5,25,319.0,2,2,2022-06-02 09:06:37
1654160797261816000,319.0,1,318.5,25,319.0,1,1,2022-06-02 09:06:37
1654160798206156000,319.0,1,318.5,25,319.5,24,1,2022-06-02 09:06:38
1654160799088944000,319.0,1,318.5,26,319.0,23,1,2022-06-02 09:06:39
1654160799143078000,319.0,1,318.5,26,319.0,22,1,2022-06-02 09:06:39
1654160799232126000,319.0,2,318.5,26,319.0,20,1,2022-06-02 09:06:39
1654160799342371000,319.0,8,318.5,26,319.0,12,1,2022-06-02 09:06:39
1654160799373962000,318.5,1,318.5,25,319.0,14,2,2022-06-02 09:06:39
1654160799448121000,319.0,1,318.5,25,319.0,13,1,2022-06-02 09:06:39
1654160799783146000,319.0,1,318.5,25,319.0,12,1,2022-06-02 09:06:39
1654160799915538000,319.0,1,318.5,26,319.0,11,1,2022-06-02 09:06:39
1654160800009172000,319.0,1,318.5,26,319.0,10,1,2022-06-02 09:06:40
1654160800112091000,319.0,1,318.5,26,319.0,9,1,2022-06-02 09:06:40
1654160801773438000,318.5,1,318.5,25,319.0,9,2,2022-06-02 09:06:41
1654160803449238000,319.0,1,318.5,26,319.0,23,1,2022-06-02 09:06:43
1654160807973855000,319.0,1,318.5,28,319.0,25,1,2022-06-02 09:06:47
1654160810043943000,318.5,25,318.5,2,319.0,25,2,2022-06-02 09:06:50
1654160810071061000,318.5,1,318.5,1,319.0,25,2,2022-06-02 09:06:50
1654160810071217000,318.5,1,318.0,48,319.0,25,2,2022-06-02 09:06:50
1654160810384401000,318.0,2,318.0,46,318.5,3,2,2022-06-02 09:06:50
1654160810475342000,318.0,1,318.0,45,318.5,3,2,2022-06-02 09:06:50
1654160810505643000,318.0,1,318.0,44,318.5,3,2,2022-06-02 09:06:50
1654160810949194000,318.5,1,318.0,45,318.5,2,1,2022-06-02 09:06:50
1654160812330935000,318.5,1,318.0,45,318.5,3,1,2022-06-02 09:06:52
1654160816949925000,318.5,1,318.0,42,318.5,3,1,2022-06-02 09:06:56
1654160817324354000,318.0,4,318.0,38,318.5,3,2,2022-06-02 09:06:57
1654160818865705000,318.0,5,318.0,33,318.5,3,2,2022-06-02 09:06:58
1654160822596942000,318.5,1,318.0,32,318.5,3,1,2022-06-02 09:07:02
1654160822819318000,318.0,1,318.0,31,318.5,3,2,2022-06-02 09:07:02
1654160827841116000,318.0,25,318.0,6,318.5,4,2,2022-06-02 09:07:07
1654160827863809000,318.0,6,317.5,40,318.5,6,2,2022-06-02 09:07:07
1654160833521601000,317.5,1,317.5,39,318.0,8,2,2022-06-02 09:07:13
1654160835898653000,318.0,1,317.5,39,318.0,8,1,2022-06-02 09:07:15
1654160837089138000,318.0,1,317.5,39,318.0,8,1,2022-06-02 09:07:17
1654160837346051000,318.0,1,317.5,39,318.0,7,1,2022-06-02 09:07:17
1654160838046615000,318.0,1,317.5,39,318.0,7,1,2022-06-02 09:07:18
1654160841233745000,318.0,1,317.5,40,318.0,7,1,2022-06-02 09:07:21
1654160841417439000,317.5,1,317.5,39,318.0,7,2,2022-06-02 09:07:21
1654160843612454000,318.0,1,317.5,39,318.0,7,1,2022-06-02 09:07:23
1654160845983514000,317.5,1,317.5,38,318.0,9,2,2022-06-02 09:07:25
1654160850766421000,317.5,3,317.5,35,318.0,10,2,2022-06-02 09:07:30
1654160850810702000,317.5,1,317.5,34,318.0,11,2,2022-06-02 09:07:30
1654160851422103000,317.5,1,317.5,33,318.0,11,2,2022-06-02 09:07:31
1654160855086093000,318.0,1,317.5,34,318.0,9,1,2022-06-02 09:07:35
1654160859024402000,317.5,25,317.5,9,318.0,12,2,2022-06-02 09:07:39
1654160859049579000,317.5,9,317.0,20,318.0,15,2,2022-06-02 09:07:39
1654160859968940000,317.5,1,317.0,19,317.5,5,1,2022-06-02 09:07:39
1654160865624057000,317.0,2,317.0,16,317.5,9,2,2022-06-02 09:07:45
1654160868055839000,317.0,1,317.0,15,317.5,10,2,2022-06-02 09:07:48
1654160870589193000,317.5,3,317.0,15,317.5,8,1,2022-06-02 09:07:50
1654160872829910000,317.0,15,316.5,39,317.0,10,2,2022-06-02 09:07:52
1654160872862509000,316.5,1,316.5,36,317.0,10,2,2022-06-02 09:07:52
1654160874622709000,316.5,2,316.5,33,317.0,10,2,2022-06-02 09:07:54
1654160878692808000,316.5,1,316.5,31,317.0,13,2,2022-06-02 09:07:58
1654160879000477000,316.5,1,316.5,30,317.0,13,2,2022-06-02 09:07:59
1654160879404587000,316.5,1,316.5,29,317.0,13,2,2022-06-02 09:07:59
1654160879614061000,317.0,1,316.5,28,317.0,12,1,2022-06-02 09:07:59
1654160880038854000,316.5,1,316.5,27,317.0,12,2,2022-06-02 09:08:00
1654160882995143000,316.5,1,316.5,28,317.0,12,2,2022-06-02 09:08:02
1654160883039123000,317.0,2,316.5,28,317.0,10,1,2022-06-02 09:08:03
1654160883234411000,317.0,9,316.5,28,317.0,1,1,2022-06-02 09:08:03
1654160883264740000,317.0,1,316.5,29,317.5,5,1,2022-06-02 09:08:03
1654160883299813000,317.0,1,316.5,29,317.5,5,1,2022-06-02 09:08:03
1654160886783474000,317.0,1,317.0,4,317.5,5,2,2022-06-02 09:08:06
1654160886831602000,317.0,1,317.0,3,317.5,5,2,2022-06-02 09:08:06
1654160889106105000,317.5,1,317.0,12,317.5,3,1,2022-06-02 09:08:09
1654160889136980000,317.5,3,317.0,12,318.0,5,1,2022-06-02 09:08:09
1654160890015072000,317.5,1,317.0,15,318.0,5,1,2022-06-02 09:08:10
1654160891515903000,318.0,5,317.0,16,318.5,13,1,2022-06-02 09:08:11
1654160891748260000,317.5,1,316.5,39,317.0,3,2,2022-06-02 09:08:11
1654160891748260000,317.0,16,316.5,39,317.0,3,2,2022-06-02 09:08:11
1654160891784534000,317.0,3,316.5,39,318.5,12,1,2022-06-02 09:08:11
1654160891791877000,317.0,1,317.0,4,318.5,13,2,2022-06-02 09:08:11
1654160891818637000,317.0,1,317.0,5,318.0,2,2,2022-06-02 09:08:11
1654160891870751000,317.0,1,317.0,4,318.0,2,2,2022-06-02 09:08:11
1654160893010176000,317.5,1,317.0,5,318.0,2,1,2022-06-02 09:08:13
1654160896442110000,317.5,1,317.0,6,318.0,5,2,2022-06-02 09:08:16
1654160900408541000,317.5,15,317.0,17,317.5,10,2,2022-06-02 09:08:20
1654160900445770000,317.5,10,317.0,15,318.0,5,1,2022-06-02 09:08:20
1654160901923790000,318.0,1,317.5,15,318.0,3,1,2022-06-02 09:08:21
1654160904276741000,318.0,2,317.5,15,318.0,2,1,2022-06-02 09:08:24
1654160904822687000,318.0,2,317.5,15,318.0,1,1,2022-06-02 09:08:24
1654160905624417000,318.0,1,317.5,15,318.5,11,1,2022-06-02 09:08:25
1654160905691311000,318.5,1,317.5,17,318.5,10,1,2022-06-02 09:08:25
1654160908038525000,317.5,2,317.5,16,318.5,9,2,2022-06-02 09:08:28
1654160911936058000,318.0,1,317.5,18,318.5,9,1,2022-06-02 09:08:31
1654160920988804000,318.5,1,318.0,8,318.5,12,1,2022-06-02 09:08:40
1654160922263575000,318.0,1,318.0,7,318.5,12,2,2022-06-02 09:08:42
1654160922492252000,318.0,1,318.0,6,318.5,12,2,2022-06-02 09:08:42
1654160922911765000,318.0,1,318.0,5,318.5,13,2,2022-06-02 09:08:42
1654160922930554000,318.0,1,318.0,4,318.5,14,2,2022-06-02 09:08:42
1654160923364339000,318.0,1,318.0,3,318.5,15,2,2022-06-02 09:08:43
1654160923844685000,318.5,1,318.0,3,318.5,14,1,2022-06-02 09:08:43
1654160924944709000,318.0,1,318.0,3,318.5,14,2,2022-06-02 09:08:44
1654160925337623000,318.0,2,318.0,1,318.5,14,2,2022-06-02 09:08:45
1654160925644246000,318.0,1,317.5,25,318.5,14,2,2022-06-02 09:08:45
1654160926292884000,317.5,1,317.5,24,318.5,14,2,2022-06-02 09:08:46
1654160926527572000,317.5,1,317.5,21,318.0,2,2,2022-06-02 09:08:46
1654160926598650000,318.0,1,317.5,21,318.0,1,1,2022-06-02 09:08:46
1654160926757785000,317.5,1,317.5,20,318.0,1,2,2022-06-02 09:08:46
1654160926869039000,318.0,1,317.5,20,318.0,1,1,2022-06-02 09:08:46
1654160927045846000,317.5,1,317.5,19,318.0,1,2,2022-06-02 09:08:47
1654160927354689000,318.0,1,317.5,19,318.5,13,1,2022-06-02 09:08:47
1654160927481910000,317.5,1,317.5,18,318.5,13,2,2022-06-02 09:08:47
1654160927710023000,317.5,1,317.5,17,318.5,13,2,2022-06-02 09:08:47
1654160927938748000,317.5,1,317.5,16,318.5,13,2,2022-06-02 09:08:47
1654160928023338000,318.5,1,317.5,16,318.5,12,1,2022-06-02 09:08:48
1654160930471677000,318.0,1,317.5,16,318.0,1,1,2022-06-02 09:08:50
1654160931224392000,318.0,1,317.5,16,318.5,11,1,2022-06-02 09:08:51
1654160935031893000,318.0,1,317.5,16,318.0,10,1,2022-06-02 09:08:55
1654160935281971000,318.0,1,317.5,16,318.0,10,1,2022-06-02 09:08:55
1654160935439890000,318.0,1,317.5,16,318.0,9,1,2022-06-02 09:08:55
1654160936015321000,318.0,2,317.5,16,318.0,8,1,2022-06-02 09:08:56
1654160936644501000,318.0,1,317.5,16,318.0,6,1,2022-06-02 09:08:56
1654160937012179000,318.0,1,317.5,16,318.0,5,1,2022-06-02 09:08:57
1654160938134548000,318.0,1,317.5,16,318.0,5,1,2022-06-02 09:08:58
1654160939436148000,318.0,2,317.5,16,318.0,4,1,2022-06-02 09:08:59
1654160939990669000,318.0,1,317.5,16,318.0,3,1,2022-06-02 09:08:59
1654160940833636000,318.0,1,317.5,15,318.0,2,1,2022-06-02 09:09:00
1654160940873491000,318.0,1,317.5,15,318.0,2,1,2022-06-02 09:09:00
1654160943028334000,318.0,1,317.5,15,318.0,1,1,2022-06-02 09:09:03
1654160943063247000,318.0,1,317.5,15,318.5,24,1,2022-06-02 09:09:03
1654160943550646000,318.0,1,317.5,15,318.5,24,2,2022-06-02 09:09:03
1654160944273399000,318.0,1,317.5,15,318.5,24,2,2022-06-02 09:09:04
1654160945195932000,318.0,1,317.5,15,318.0,4,2,2022-06-02 09:09:05
1654160950057535000,318.0,1,317.5,14,318.0,3,1,2022-06-02 09:09:10
1654160950438237000,318.0,1,317.5,15,318.0,2,1,2022-06-02 09:09:10
1654160952158635000,318.0,1,317.5,15,318.0,1,1,2022-06-02 09:09:12
1654160953362351000,318.0,1,318.0,1,318.5,24,1,2022-06-02 09:09:13
1654160953393284000,318.0,1,317.5,17,318.5,24,2,2022-06-02 09:09:13
1654160954686034000,318.0,1,317.5,17,318.5,24,1,2022-06-02 09:09:14
1654160957757892000,318.0,1,317.5,18,318.5,25,1,2022-06-02 09:09:17
1654160959821399000,318.0,1,317.5,18,318.0,2,1,2022-06-02 09:09:19
1654160959947807000,318.0,1,317.5,18,318.0,1,1,2022-06-02 09:09:19
1654160963519756000,318.0,1,317.5,18,318.5,24,1,2022-06-02 09:09:23
1654160967481988000,318.0,2,317.5,19,318.5,24,2,2022-06-02 09:09:27
1654160974814277000,318.0,1,317.5,20,318.0,1,1,2022-06-02 09:09:34
1654160977105160000,318.0,1,317.5,20,318.0,1,1,2022-06-02 09:09:37
1654160978266935000,318.0,1,317.5,20,318.5,23,1,2022-06-02 09:09:38
1654160981981329000,318.5,1,318.0,2,318.5,21,1,2022-06-02 09:09:41
1654160982981484000,318.0,2,318.0,1,318.5,20,2,2022-06-02 09:09:42
1654160983551592000,318.5,1,318.0,1,318.5,20,1,2022-06-02 09:09:43
1654160992361228000,318.5,1,318.0,10,318.5,18,1,2022-06-02 09:09:52
1654160997906990000,318.5,1,318.0,12,318.5,17,1,2022-06-02 09:09:57
1654160998450115000,318.5,3,318.0,22,318.5,14,1,2022-06-02 09:09:58
1654160998478644000,318.5,14,318.0,22,319.0,30,1,2022-06-02 09:09:58
1654160999316849000,319.0,5,318.5,3,319.0,25,1,2022-06-02 09:09:59
1654161000058372000,318.5,1,318.5,3,319.0,25,2,2022-06-02 09:10:00
1654161006524546000,318.5,1,318.5,7,319.0,34,2,2022-06-02 09:10:06
1654161008831740000,318.5,7,318.0,14,318.5,3,2,2022-06-02 09:10:08
1654161010025431000,318.5,1,318.0,14,318.5,2,1,2022-06-02 09:10:10
1654161010054955000,318.5,2,318.0,14,319.0,35,1,2022-06-02 09:10:10
1654161012231453000,318.5,1,318.5,5,319.0,35,2,2022-06-02 09:10:12
1654161015773793000,319.0,1,318.5,5,319.0,34,1,2022-06-02 09:10:15
1654161016369739000,318.5,2,318.5,4,319.0,34,2,2022-06-02 09:10:16
1654161017236989000,318.5,1,318.5,3,319.0,34,2,2022-06-02 09:10:17
1654161019847837000,319.0,1,318.5,3,319.0,32,1,2022-06-02 09:10:19
1654161020181019000,319.0,1,318.5,3,319.0,31,1,2022-06-02 09:10:20
1654161020263673000,318.5,1,318.5,2,319.0,31,2,2022-06-02 09:10:20
1654161022133319000,318.5,1,318.5,2,319.0,31,2,2022-06-02 09:10:22
1654161026904630000,318.5,4,318.0,16,318.5,6,2,2022-06-02 09:10:26
1654161028258290000,318.0,1,318.0,14,318.5,7,2,2022-06-02 09:10:28
1654161028801883000,318.0,1,318.0,13,318.5,7,2,2022-06-02 09:10:28
1654161030725579000,318.5,1,318.0,13,318.5,6,1,2022-06-02 09:10:30
1654161032347056000,318.0,1,318.0,12,318.5,6,2,2022-06-02 09:10:32
1654161033278884000,318.5,1,318.0,12,318.5,6,1,2022-06-02 09:10:33
1654161033432821000,318.0,1,318.0,11,318.5,7,2,2022-06-02 09:10:33
1654161038845312000,318.5,8,318.5,2,319.0,32,1,2022-06-02 09:10:38
1654161038884028000,318.5,1,318.5,1,319.0,31,2,2022-06-02 09:10:38
1654161039090982000,318.5,1,318.0,14,319.0,31,2,2022-06-02 09:10:39
1654161041947167000,318.0,1,318.0,13,318.5,20,2,2022-06-02 09:10:41
1654161045401752000,318.5,1,318.0,14,318.5,24,1,2022-06-02 09:10:45
1654161047705010000,318.0,1,318.0,13,318.5,24,2,2022-06-02 09:10:47
1654161048500819000,318.0,3,318.0,10,318.5,24,2,2022-06-02 09:10:48
1654161049860483000,318.0,1,318.0,9,318.5,24,2,2022-06-02 09:10:49
1654161050221274000,318.0,9,317.5,16,318.0,1,2,2022-06-02 09:10:50
1654161051206774000,317.5,10,317.5,6,318.0,24,2,2022-06-02 09:10:51
1654161051235615000,317.5,6,317.0,51,318.0,25,2,2022-06-02 09:10:51
1654161056954654000,317.0,49,316.5,53,317.0,1,2,2022-06-02 09:10:56
1654161056998548000,316.5,1,316.5,50,317.0,4,2,2022-06-02 09:10:56
1654161058282063000,316.5,10,316.5,40,317.0,4,2,2022-06-02 09:10:58
1654161058314100000,316.5,3,316.5,37,317.0,4,2,2022-06-02 09:10:58
1654161058318844000,316.5,1,316.5,36,317.0,5,2,2022-06-02 09:10:58
1654161058342191000,316.5,1,316.5,35,317.0,5,2,2022-06-02 09:10:58
1654161058346701000,316.5,3,316.5,32,317.0,5,2,2022-06-02 09:10:58
1654161058379470000,316.5,1,316.5,31,317.0,5,2,2022-06-02 09:10:58
1654161068299934000,316.5,1,316.5,29,317.0,17,2,2022-06-02 09:11:08
1654161070374415000,316.5,1,316.5,26,317.0,17,2,2022-06-02 09:11:10
1654161070412209000,316.5,1,316.5,25,317.0,17,2,2022-06-02 09:11:10
1654161070894464000,317.0,1,316.5,25,317.0,16,1,2022-06-02 09:11:10
1654161073649305000,316.5,1,316.5,22,317.0,17,2,2022-06-02 09:11:13
1654161074283264000,316.5,1,316.5,21,317.0,18,2,2022-06-02 09:11:14
1654161075310998000,316.5,1,316.5,20,317.0,28,2,2022-06-02 09:11:15
1654161075311022000,316.5,20,316.0,63,317.0,28,2,2022-06-02 09:11:15
1654161076758851000,316.5,1,316.0,61,316.5,3,1,2022-06-02 09:11:16
1654161077384786000,316.0,1,316.0,60,316.5,6,2,2022-06-02 09:11:17
1654161077435403000,316.0,11,316.0,49,316.5,6,2,2022-06-02 09:11:17
1654161077482785000,316.0,1,316.0,48,316.5,7,2,2022-06-02 09:11:17
1654161077802692000,316.5,1,316.0,48,316.5,7,1,2022-06-02 09:11:17
1654161078006378000,316.0,1,316.0,47,316.5,7,2,2022-06-02 09:11:18
1654161079097836000,316.0,10,316.0,45,316.5,7,2,2022-06-02 09:11:19
1654161079140765000,316.0,1,316.0,44,316.5,7,2,2022-06-02 09:11:19
1654161080111144000,316.5,5,316.0,44,316.5,2,1,2022-06-02 09:11:20
1654161080487934000,316.0,2,316.0,42,316.5,4,2,2022-06-02 09:11:20
1654161081733529000,316.5,1,316.0,43,316.5,3,1,2022-06-02 09:11:21
1654161081912641000,316.0,13,316.0,30,316.5,6,2,2022-06-02 09:11:21
1654161082268697000,316.5,1,316.0,30,316.5,5,1,2022-06-02 09:11:22
1654161082710148000,316.0,1,316.0,29,316.5,5,2,2022-06-02 09:11:22
1654161083039228000,316.0,1,316.0,28,316.5,6,2,2022-06-02 09:11:23
1654161085572248000,316.0,1,316.0,28,316.5,11,2,2022-06-02 09:11:25
1654161089399949000,316.0,1,316.0,31,316.5,12,2,2022-06-02 09:11:29
1654161089751693000,316.5,1,316.0,31,316.5,11,1,2022-06-02 09:11:29
1654161091308872000,316.5,1,316.0,31,316.5,10,1,2022-06-02 09:11:31
1654161092609107000,316.0,1,316.0,30,316.5,10,2,2022-06-02 09:11:32
1654161095653890000,316.5,1,316.0,30,316.5,12,1,2022-06-02 09:11:35
1654161096392232000,316.0,1,316.0,29,316.5,11,2,2022-06-02 09:11:36
1654161096611864000,316.5,1,316.0,29,316.5,11,1,2022-06-02 09:11:36
1654161096716040000,316.0,1,316.0,28,316.5,10,2,2022-06-02 09:11:36
1654161098355723000,316.5,1,316.0,24,316.5,10,1,2022-06-02 09:11:38
1654161099300338000,316.0,1,316.0,23,316.5,11,2,2022-06-02 09:11:39
1654161099342617000,316.5,1,316.0,23,316.5,10,1,2022-06-02 09:11:39
1654161099477037000,316.0,1,316.0,22,316.5,10,2,2022-06-02 09:11:39
1654161101491046000,316.0,1,316.0,21,316.5,10,2,2022-06-02 09:11:41
1654161102274993000,316.5,1,316.0,21,316.5,9,1,2022-06-02 09:11:42
1654161103343889000,316.0,10,316.0,11,316.5,8,2,2022-06-02 09:11:43
1654161104346184000,316.5,1,316.0,12,316.5,8,1,2022-06-02 09:11:44
1654161105204339000,316.0,1,316.0,11,316.5,7,2,2022-06-02 09:11:45
1654161105718445000,316.0,1,316.0,11,316.5,7,2,2022-06-02 09:11:45
1654161106658260000,316.0,1,316.0,10,316.5,7,2,2022-06-02 09:11:46
1654161107765406000,316.5,1,316.0,10,316.5,6,1,2022-06-02 09:11:47
1654161111525825000,316.0,1,316.0,11,316.5,7,2,2022-06-02 09:11:51
1654161111627875000,316.0,1,316.0,10,316.5,7,2,2022-06-02 09:11:51
1654161111779208000,316.5,1,316.0,10,316.5,6,1,2022-06-02 09:11:51
1654161112918898000,316.0,3,316.0,7,316.5,6,2,2022-06-02 09:11:52
1654161114422926000,316.0,1,316.0,7,316.5,6,2,2022-06-02 09:11:54
1654161115358090000,316.5,1,316.0,7,316.5,6,1,2022-06-02 09:11:55
1654161116168569000,316.0,1,316.0,8,316.5,6,2,2022-06-02 09:11:56
1654161116264402000,316.0,1,316.0,7,316.5,6,2,2022-06-02 09:11:56
1654161116301707000,316.0,1,316.0,6,316.5,6,2,2022-06-02 09:11:56
1654161116461323000,316.5,1,316.0,6,316.5,5,1,2022-06-02 09:11:56
1654161116708914000,316.0,1,316.0,5,316.5,5,2,2022-06-02 09:11:56
1654161116804637000,316.0,1,316.0,5,316.5,5,2,2022-06-02 09:11:56
1654161118448556000,316.0,1,316.0,4,316.5,6,2,2022-06-02 09:11:58
1654161119403827000,316.0,1,316.0,3,316.5,6,2,2022-06-02 09:11:59
1654161123180924000,316.0,3,315.5,21,316.0,3,2,2022-06-02 09:12:03
1654161123641250000,316.0,1,315.5,20,316.0,3,1,2022-06-02 09:12:03
1654161125084936000,316.0,1,315.5,20,316.0,2,1,2022-06-02 09:12:05
1654161126450545000,316.0,5,315.5,20,316.0,1,1,2022-06-02 09:12:06
1654161126502250000,316.0,1,315.5,21,316.5,7,1,2022-06-02 09:12:06
1654161126745143000,316.0,1,316.0,19,316.5,9,2,2022-06-02 09:12:06
1654161132530546000,316.0,2,316.0,21,316.5,7,2,2022-06-02 09:12:12
1654161133214855000,316.5,1,316.0,21,316.5,6,1,2022-06-02 09:12:13
1654161136867074000,316.5,4,316.0,21,316.5,2,1,2022-06-02 09:12:16
1654161136902421000,316.5,2,316.0,22,317.0,26,1,2022-06-02 09:12:16
1654161137456325000,316.0,1,316.0,21,317.0,26,2,2022-06-02 09:12:17
1654161139708911000,316.5,1,316.5,6,317.0,24,2,2022-06-02 09:12:19
1654161140363331000,316.5,1,316.5,6,317.0,24,2,2022-06-02 09:12:20
1654161141083685000,316.5,1,316.5,6,317.0,24,2,2022-06-02 09:12:21
1654161141899500000,316.5,1,316.5,5,317.0,24,2,2022-06-02 09:12:21
1654161142181774000,316.5,1,316.5,4,317.0,24,2,2022-06-02 09:12:22
1654161142204030000,316.5,3,316.5,1,317.0,24,2,2022-06-02 09:12:22
1654161144033714000,316.5,1,316.5,1,317.0,24,2,2022-06-02 09:12:24
1654161144755319000,316.5,1,316.0,21,317.0,24,2,2022-06-02 09:12:24
1654161145703513000,316.5,1,316.0,22,317.0,24,1,2022-06-02 09:12:25
1654161145930537000,316.0,1,316.0,21,317.0,24,2,2022-06-02 09:12:25
1654161148013604000,316.0,1,316.0,19,316.5,2,2,2022-06-02 09:12:28
1654161152059669000,316.0,1,316.0,20,316.5,4,2,2022-06-02 09:12:32
1654161157791770000,316.5,1,316.0,22,316.5,3,1,2022-06-02 09:12:37
1654161157829991000,316.5,3,316.0,23,317.0,22,1,2022-06-02 09:12:37
1654161157868137000,316.0,5,316.0,18,317.0,22,2,2022-06-02 09:12:37
1654161158875030000,316.5,1,316.5,1,317.0,22,2,2022-06-02 09:12:38
1654161159551324000,316.5,1,316.0,17,317.0,27,2,2022-06-02 09:12:39
1654161164323738000,316.5,1,316.5,2,317.0,27,2,2022-06-02 09:12:44
1654161164349494000,316.5,2,315.5,39,317.0,27,2,2022-06-02 09:12:44
1654161164349494000,316.0,18,315.5,39,317.0,27,2,2022-06-02 09:12:44
1654161164349494000,315.5,30,315.5,39,317.0,27,2,2022-06-02 09:12:44
1654161165777894000,316.5,1,315.5,39,316.5,6,1,2022-06-02 09:12:45
1654161165869991000,316.5,1,315.5,39,316.5,5,1,2022-06-02 09:12:45
1654161168815161000,316.5,1,316.0,4,316.5,5,1,2022-06-02 09:12:48
1654161171290602000,316.5,1,316.0,7,316.5,4,1,2022-06-02 09:12:51
1654161171494188000,316.0,7,315.5,38,316.5,4,2,2022-06-02 09:12:51
1654161171494188000,315.5,3,315.5,38,316.5,4,2,2022-06-02 09:12:51
1654161171617249000,316.5,1,315.5,36,316.5,6,1,2022-06-02 09:12:51
1654161176432531000,316.5,1,316.0,10,316.5,10,1,2022-06-02 09:12:56
1654161176672323000,316.0,1,316.0,9,316.5,11,2,2022-06-02 09:12:56
1654161178505011000,316.0,3,316.0,6,316.5,12,2,2022-06-02 09:12:58
1654161182793800000,316.0,1,316.0,7,316.5,14,2,2022-06-02 09:13:02
1654161183988363000,316.0,4,316.0,3,316.5,16,2,2022-06-02 09:13:03
1654161185394226000,316.0,5,315.5,36,316.0,1,2,2022-06-02 09:13:05
1654161185879936000,315.5,1,315.5,35,316.0,2,2,2022-06-02 09:13:05
1654161189813457000,316.0,1,315.5,36,316.0,5,1,2022-06-02 09:13:09
1654161190877693000,315.5,1,315.5,36,316.0,6,2,2022-06-02 09:13:10
1654161194026703000,315.5,1,315.5,35,316.0,7,2,2022-06-02 09:13:14
1654161196405926000,315.5,1,315.5,35,316.0,8,2,2022-06-02 09:13:16
1654161197790766000,315.5,1,315.5,35,316.0,13,2,2022-06-02 09:13:17
1654161200728103000,315.5,1,315.5,34,316.0,13,2,2022-06-02 09:13:20
1654161200856747000,315.5,10,315.5,24,316.0,13,2,2022-06-02 09:13:20
1654161201503667000,316.0,1,315.5,25,316.0,14,1,2022-06-02 09:13:21
1654161202049098000,315.5,1,315.5,24,316.0,13,2,2022-06-02 09:13:22
1654161205263733000,315.5,1,315.5,24,316.0,13,2,2022-06-02 09:13:25
1654161210038747000,315.5,1,315.5,23,316.0,14,2,2022-06-02 09:13:30
1654161210077285000,315.5,1,315.5,22,316.0,14,2,2022-06-02 09:13:30
1654161212022703000,315.5,1,315.5,21,316.0,17,2,2022-06-02 09:13:32
1654161214076610000,315.5,1,315.5,22,316.0,17,2,2022-06-02 09:13:34
1654161217271881000,315.5,1,315.5,24,316.0,18,2,2022-06-02 09:13:37
1654161217739359000,315.5,1,315.5,24,316.0,18,2,2022-06-02 09:13:37
1654161217768988000,315.5,1,315.5,23,316.0,18,2,2022-06-02 09:13:37
1654161218288397000,315.5,1,315.5,22,316.0,18,2,2022-06-02 09:13:38
1654161219370112000,315.5,1,315.5,21,316.0,18,2,2022-06-02 09:13:39
1654161219745749000,315.5,1,315.5,20,316.0,18,2,2022-06-02 09:13:39
1654161220271660000,316.0,15,315.5,20,316.0,4,1,2022-06-02 09:13:40
1654161220295773000,316.0,3,315.5,20,316.5,20,1,2022-06-02 09:13:40
1654161220373814000,315.5,1,315.5,19,316.5,20,2,2022-06-02 09:13:40
1654161220415664000,315.5,1,315.5,18,316.5,19,2,2022-06-02 09:13:40
1654161220559893000,315.5,15,315.5,3,316.5,19,2,2022-06-02 09:13:40
1654161220584971000,315.5,2,315.5,1,316.5,20,2,2022-06-02 09:13:40
1654161221687504000,315.5,1,315.0,80,316.5,22,2,2022-06-02 09:13:41
1654161223212571000,315.5,1,315.0,81,316.5,22,1,2022-06-02 09:13:43
1654161223804390000,315.5,1,315.5,2,316.5,22,2,2022-06-02 09:13:43
1654161224050761000,315.5,1,315.5,1,316.5,22,2,2022-06-02 09:13:44
1654161224836444000,315.5,1,315.0,81,316.5,22,2,2022-06-02 09:13:44
1654161226554810000,315.5,1,315.5,2,316.0,1,2,2022-06-02 09:13:46
1654161229613815000,315.5,1,315.5,2,316.0,7,2,2022-06-02 09:13:49
1654161229651430000,315.5,1,315.5,1,316.0,8,2,2022-06-02 09:13:49
1654161232406671000,315.5,1,315.5,2,316.0,7,2,2022-06-02 09:13:52
1654161237635765000,315.5,3,315.5,5,316.0,7,2,2022-06-02 09:13:57
1654161237889844000,315.5,1,315.5,5,316.0,7,2,2022-06-02 09:13:57
1654161241839571000,315.5,1,315.5,9,316.0,7,2,2022-06-02 09:14:01
1654161245951939000,316.0,10,315.5,11,316.5,27,1,2022-06-02 09:14:05
1654161246434743000,315.5,1,315.5,11,316.5,26,2,2022-06-02 09:14:06
1654161247943802000,315.5,5,315.5,6,316.5,26,2,2022-06-02 09:14:07
1654161250441559000,316.0,1,316.0,9,316.5,24,2,2022-06-02 09:14:10
1654161254026800000,316.0,1,316.0,9,316.5,24,2,2022-06-02 09:14:14
1654161255000859000,316.0,1,316.0,8,316.5,24,2,2022-06-02 09:14:15
1654161260860055000,316.5,1,316.0,11,316.5,23,1,2022-06-02 09:14:20
1654161261091625000,316.0,11,315.0,69,316.5,23,2,2022-06-02 09:14:21
1654161261091625000,315.5,21,315.0,69,316.5,23,2,2022-06-02 09:14:21
1654161261091625000,315.0,18,315.0,69,316.5,23,2,2022-06-02 09:14:21
1654161269702491000,315.5,2,315.5,2,316.0,9,2,2022-06-02 09:14:29
1654161271351200000,315.5,1,315.5,1,316.0,9,2,2022-06-02 09:14:31
1654161272727430000,315.5,1,315.0,67,316.0,10,2,2022-06-02 09:14:32
1654161273890475000,315.5,1,315.0,67,316.0,12,1,2022-06-02 09:14:33
1654161274108677000,315.5,1,315.0,67,316.0,12,1,2022-06-02 09:14:34
1654161277940951000,315.5,1,315.5,1,316.0,10,2,2022-06-02 09:14:37
1654161280690158000,315.5,1,315.0,68,316.0,10,2,2022-06-02 09:14:40
1654161281877175000,315.0,30,315.0,37,315.5,1,2,2022-06-02 09:14:41
1654161281936001000,315.0,1,315.0,36,315.5,5,2,2022-06-02 09:14:41
1654161282286118000,315.5,1,315.0,36,315.5,6,1,2022-06-02 09:14:42
1654161284264733000,315.5,1,315.0,36,315.5,5,1,2022-06-02 09:14:44
1654161284400686000,315.5,1,315.0,36,315.5,5,1,2022-06-02 09:14:44
1654161287400792000,315.5,1,315.0,35,315.5,9,1,2022-06-02 09:14:47
1654161288104689000,315.5,1,315.0,35,315.5,8,1,2022-06-02 09:14:48
1654161288212105000,315.5,1,315.0,35,315.5,6,1,2022-06-02 09:14:48
1654161290337799000,315.0,2,315.0,38,315.5,9,2,2022-06-02 09:14:50
1654161294855009000,315.5,1,315.0,37,315.5,7,1,2022-06-02 09:14:54
1654161302261025000,315.5,1,315.0,37,315.5,6,1,2022-06-02 09:15:02
1654161302362601000,315.5,1,315.0,37,315.5,5,1,2022-06-02 09:15:02
1654161302474679000,315.0,1,315.0,36,315.5,5,2,2022-06-02 09:15:02
1654161306489216000,315.5,1,315.0,37,315.5,15,1,2022-06-02 09:15:06
1654161312311123000,315.5,1,315.0,39,315.5,13,1,2022-06-02 09:15:12
1654161319985474000,315.0,1,315.0,41,315.5,15,2,2022-06-02 09:15:19
1654161324746507000,315.0,5,315.0,36,315.5,16,2,2022-06-02 09:15:24
1654161324895194000,315.0,1,315.0,35,315.5,16,2,2022-06-02 09:15:24
1654161324963453000,315.0,1,315.0,34,315.5,16,2,2022-06-02 09:15:24
1654161326078584000,315.0,1,315.0,33,315.5,16,2,2022-06-02 09:15:26
1654161326684590000,315.0,10,315.0,23,315.5,16,2,2022-06-02 09:15:26
1654161326714948000,315.0,1,315.0,22,315.5,16,2,2022-06-02 09:15:26
1654161326715199000,315.0,1,315.0,21,315.5,16,2,2022-06-02 09:15:26
1654161326753812000,315.0,1,315.0,20,315.5,15,2,2022-06-02 09:15:26
1654161327436747000,315.0,1,315.0,19,315.5,16,2,2022-06-02 09:15:27
1654161328454291000,315.0,1,315.0,18,315.5,17,2,2022-06-02 09:15:28
1654161329138756000,315.0,2,315.0,16,315.5,17,2,2022-06-02 09:15:29
1654161329173652000,315.0,1,315.0,15,315.5,17,2,2022-06-02 09:15:29
1654161329199158000,315.0,6,315.0,9,315.5,17,2,2022-06-02 09:15:29
1654161329219094000,315.0,1,315.0,8,315.5,16,2,2022-06-02 09:15:29
1654161329220007000,315.0,4,315.0,4,315.5,16,2,2022-06-02 09:15:29
1654161329239930000,315.0,3,315.0,1,315.5,16,2,2022-06-02 09:15:29
1654161329261520000,315.0,1,314.5,20,315.5,18,2,2022-06-02 09:15:29
1654161330434601000,315.0,1,314.5,20,315.0,11,1,2022-06-02 09:15:30
1654161334119640000,315.0,1,314.5,20,315.0,18,1,2022-06-02 09:15:34
1654161334812693000,315.0,1,314.5,20,315.0,18,1,2022-06-02 09:15:34
1654161335082165000,315.0,1,314.5,20,315.0,18,1,2022-06-02 09:15:35
1654161336168993000,315.0,17,314.5,26,315.0,1,1,2022-06-02 09:15:36
1654161336199417000,315.0,1,314.5,28,315.5,15,1,2022-06-02 09:15:36
1654161336204457000,314.5,1,314.5,27,315.5,15,2,2022-06-02 09:15:36
1654161336276235000,315.0,1,314.5,29,315.5,13,1,2022-06-02 09:15:36
1654161336450762000,315.5,5,315.0,19,315.5,8,1,2022-06-02 09:15:36
1654161336471883000,315.5,5,315.0,19,315.5,3,1,2022-06-02 09:15:36
1654161336472603000,315.5,3,315.0,21,316.0,10,1,2022-06-02 09:15:36
1654161337277965000,316.0,1,315.5,1,316.0,9,1,2022-06-02 09:15:37
1654161337784903000,315.5,1,315.5,1,316.0,9,2,2022-06-02 09:15:37
1654161343576973000,315.5,2,315.0,24,316.0,9,2,2022-06-02 09:15:43
1654161345650358000,315.5,1,315.0,24,316.0,9,1,2022-06-02 09:15:45
1654161345827705000,316.0,1,315.0,24,316.0,8,1,2022-06-02 09:15:45
1654161346311599000,315.5,1,315.0,24,316.0,8,1,2022-06-02 09:15:46
1654161349227310000,316.0,5,315.5,4,316.0,3,1,2022-06-02 09:15:49
1654161349260941000,316.0,3,315.5,4,316.5,11,1,2022-06-02 09:15:49
1654161351397949000,316.0,1,316.0,21,316.5,9,2,2022-06-02 09:15:51
1654161357782517000,316.0,4,316.0,17,316.5,9,2,2022-06-02 09:15:57
1654161360862607000,316.5,1,316.0,17,316.5,9,1,2022-06-02 09:16:00
1654161361915581000,316.0,10,316.0,7,316.5,8,2,2022-06-02 09:16:01
1654161361943998000,316.0,3,316.0,4,316.5,9,2,2022-06-02 09:16:01
1654161362007515000,316.0,2,316.0,2,316.5,10,2,2022-06-02 09:16:02
1654161362143464000,316.0,2,315.5,6,316.5,10,2,2022-06-02 09:16:02
1654161364595907000,316.5,1,316.0,1,316.5,11,1,2022-06-02 09:16:04
1654161372226652000,316.0,3,315.5,7,316.5,12,2,2022-06-02 09:16:12
1654161374175884000,316.0,1,316.0,2,316.5,12,2,2022-06-02 09:16:14
1654161374828350000,316.5,1,316.0,2,316.5,12,1,2022-06-02 09:16:14
1654161375570901000,316.0,1,316.0,2,316.5,10,2,2022-06-02 09:16:15
1654161380769166000,316.0,2,316.0,1,316.5,11,2,2022-06-02 09:16:20
1654161404642782000,316.0,1,316.0,7,316.5,11,2,2022-06-02 09:16:44
1654161407865939000,316.0,1,316.0,8,316.5,11,2,2022-06-02 09:16:47
1654161408057721000,316.5,1,316.0,8,316.5,10,1,2022-06-02 09:16:48
1654161408128113000,316.0,1,316.0,7,316.5,10,2,2022-06-02 09:16:48
1654161408200280000,316.0,1,316.0,6,316.5,10,2,2022-06-02 09:16:48
1654161408441264000,316.0,1,316.0,5,316.5,10,2,2022-06-02 09:16:48
1654161408489422000,316.0,2,316.0,3,316.5,10,2,2022-06-02 09:16:48
1654161408520106000,316.0,3,315.5,10,316.5,10,2,2022-06-02 09:16:48
1654161408552942000,316.0,3,315.5,10,316.0,1,1,2022-06-02 09:16:48
1654161408753332000,316.0,1,315.5,11,316.5,10,1,2022-06-02 09:16:48
1654161408867504000,316.0,1,315.5,11,316.5,9,1,2022-06-02 09:16:48
1654161409726253000,316.0,1,315.5,11,316.0,9,1,2022-06-02 09:16:49
1654161411829970000,316.0,1,315.5,11,316.0,11,1,2022-06-02 09:16:51
1654161412388873000,315.5,10,315.0,44,316.0,11,2,2022-06-02 09:16:52
1654161413106571000,315.0,1,315.0,43,315.5,3,2,2022-06-02 09:16:53
1654161416356704000,315.5,1,315.0,44,315.5,3,1,2022-06-02 09:16:56
1654161420385390000,315.5,1,315.0,44,315.5,6,1,2022-06-02 09:17:00
1654161421923269000,315.5,3,315.5,2,316.0,15,1,2022-06-02 09:17:01
1654161421975924000,315.5,2,315.0,44,316.0,17,2,2022-06-02 09:17:01
1654161422138968000,316.0,1,315.0,44,316.0,16,1,2022-06-02 09:17:02
1654161423209771000,315.5,1,315.0,44,316.0,15,2,2022-06-02 09:17:03
1654161425008310000,315.5,1,315.0,44,316.0,15,2,2022-06-02 09:17:05
1654161425179439000,315.5,1,315.0,44,316.0,15,1,2022-06-02 09:17:05
1654161430206053000,315.0,1,315.0,43,316.0,17,2,2022-06-02 09:17:10
1654161432681419000,315.5,1,315.0,44,316.0,17,1,2022-06-02 09:17:12
1654161435260286000,315.5,1,315.0,44,316.0,17,2,2022-06-02 09:17:15
1654161436600960000,315.0,2,315.0,42,316.0,17,2,2022-06-02 09:17:16
1654161438105750000,315.5,1,315.0,42,316.0,18,2,2022-06-02 09:17:18
1654161438157959000,315.5,1,315.0,42,316.0,17,1,2022-06-02 09:17:18
1654161439059086000,315.0,1,315.0,41,316.0,17,2,2022-06-02 09:17:19
1654161441677707000,315.5,1,315.0,41,316.0,19,1,2022-06-02 09:17:21
1654161442325703000,315.0,1,315.0,40,316.0,19,2,2022-06-02 09:17:22
1654161446763791000,315.5,2,315.0,40,316.0,19,1,2022-06-02 09:17:26
1654161446841105000,315.5,1,315.0,40,316.0,19,1,2022-06-02 09:17:26
1654161448382748000,315.0,1,315.0,39,315.5,2,2,2022-06-02 09:17:28
1654161448448298000,315.5,1,315.0,39,315.5,1,1,2022-06-02 09:17:28
1654161450003631000,315.0,1,315.0,39,315.5,1,2,2022-06-02 09:17:30
1654161450036478000,315.5,1,315.0,38,316.0,19,1,2022-06-02 09:17:30
1654161450041303000,315.0,1,315.0,37,315.5,1,2,2022-06-02 09:17:30
1654161451210925000,315.5,1,315.0,38,316.0,19,1,2022-06-02 09:17:31
1654161451556800000,315.5,1,315.0,37,316.0,19,2,2022-06-02 09:17:31
1654161456041597000,315.5,1,315.0,38,316.0,19,2,2022-06-02 09:17:36
1654161457826560000,315.5,1,315.0,38,316.0,20,1,2022-06-02 09:17:37
1654161458248765000,315.5,1,315.0,38,315.5,4,1,2022-06-02 09:17:38
1654161458271330000,315.5,4,315.0,38,316.0,20,1,2022-06-02 09:17:38
1654161470186788000,315.0,1,315.0,37,315.5,6,2,2022-06-02 09:17:50
1654161470234365000,315.0,3,315.0,34,315.5,7,2,2022-06-02 09:17:50
1654161470252180000,315.0,2,315.0,32,315.5,7,2,2022-06-02 09:17:50
1654161481266372000,315.0,1,315.0,33,315.5,6,2,2022-06-02 09:18:01
1654161482678635000,315.0,1,315.0,33,315.5,6,2,2022-06-02 09:18:02
1654161486632183000,315.0,1,315.0,34,315.5,8,2,2022-06-02 09:18:06
1654161488018084000,315.0,32,315.0,2,315.5,32,2,2022-06-02 09:18:08
1654161488042534000,315.0,2,314.5,28,315.5,32,2,2022-06-02 09:18:08
1654161489123926000,315.5,2,314.5,27,315.5,31,1,2022-06-02 09:18:09
1654161492539688000,314.5,5,314.5,22,315.0,6,2,2022-06-02 09:18:12
1654161495632646000,314.5,1,314.5,21,315.0,22,2,2022-06-02 09:18:15
1654161498376283000,314.5,1,314.5,20,315.0,22,2,2022-06-02 09:18:18
1654161501656350000,314.5,1,314.5,19,315.0,23,2,2022-06-02 09:18:21
1654161501668205000,315.0,1,314.5,19,315.0,22,1,2022-06-02 09:18:21
1654161504253318000,314.5,1,314.5,18,315.0,22,2,2022-06-02 09:18:24
1654161505288424000,314.5,1,314.5,17,315.0,22,2,2022-06-02 09:18:25
1654161505832233000,314.5,17,314.0,17,315.0,22,2,2022-06-02 09:18:25
1654161505832233000,314.0,33,314.0,17,315.0,22,2,2022-06-02 09:18:25
1654161505935900000,314.0,1,314.0,16,314.5,5,2,2022-06-02 09:18:25
1654161509975163000,314.0,5,314.0,13,314.5,10,2,2022-06-02 09:18:29
1654161510005613000,314.0,3,314.0,10,314.5,10,2,2022-06-02 09:18:30
1654161510005629000,314.0,3,314.0,7,314.5,10,2,2022-06-02 09:18:30
1654161510005690000,314.0,3,314.0,4,314.5,10,2,2022-06-02 09:18:30
1654161510036967000,314.0,4,313.5,21,314.5,10,2,2022-06-02 09:18:30
1654161510658537000,313.5,1,313.5,19,314.0,3,2,2022-06-02 09:18:30
1654161510707070000,313.5,2,313.5,17,314.0,3,2,2022-06-02 09:18:30
1654161510836993000,313.5,1,313.5,16,314.0,4,2,2022-06-02 09:18:30
1654161511380535000,313.5,1,313.5,15,314.0,6,2,2022-06-02 09:18:31
1654161511704059000,313.5,15,313.0,32,313.5,5,2,2022-06-02 09:18:31
1654161511745131000,313.0,1,313.0,31,313.5,6,2,2022-06-02 09:18:31
1654161511784390000,313.0,15,313.0,16,313.5,6,2,2022-06-02 09:18:31
1654161511890381000,313.0,1,313.0,15,313.5,7,2,2022-06-02 09:18:31
1654161512113097000,313.5,1,313.0,15,313.5,6,1,2022-06-02 09:18:32
1654161512679524000,313.0,1,313.0,14,313.5,6,2,2022-06-02 09:18:32
1654161513276413000,313.0,5,313.0,9,313.5,8,2,2022-06-02 09:18:33
1654161513480625000,313.0,5,313.0,4,313.5,5,2,2022-06-02 09:18:33
1654161513582461000,313.0,1,313.0,3,313.5,5,2,2022-06-02 09:18:33
1654161513704621000,313.0,1,313.0,2,313.5,5,2,2022-06-02 09:18:33
1654161513782523000,313.0,2,312.5,10,313.0,3,2,2022-06-02 09:18:33
1654161514597040000,312.5,10,312.0,41,313.0,3,2,2022-06-02 09:18:34
1654161514671454000,312.5,1,312.0,46,313.0,3,1,2022-06-02 09:18:34
1654161515290213000,312.5,1,312.0,46,313.0,6,2,2022-06-02 09:18:35
1654161516580088000,313.0,12,312.5,7,313.5,4,1,2022-06-02 09:18:36
1654161516768452000,312.5,9,311.5,19,313.5,4,2,2022-06-02 09:18:36
1654161516768452000,312.0,37,311.5,19,313.5,4,2,2022-06-02 09:18:36
1654161516768452000,311.5,4,311.5,19,313.5,4,2,2022-06-02 09:18:36
1654161516874513000,312.0,1,312.0,4,313.0,1,2,2022-06-02 09:18:36
1654161517342761000,312.5,1,312.0,5,313.0,2,1,2022-06-02 09:18:37
1654161517567668000,313.0,3,313.0,7,313.5,9,1,2022-06-02 09:18:37
1654161517922727000,313.0,1,313.0,6,313.5,10,2,2022-06-02 09:18:37
1654161518471797000,313.5,1,313.0,6,313.5,9,1,2022-06-02 09:18:38
1654161518599398000,313.0,1,313.0,5,313.5,9,2,2022-06-02 09:18:38
1654161518971507000,313.0,1,313.0,4,313.5,9,2,2022-06-02 09:18:38
1654161519143651000,313.0,2,313.0,2,313.5,9,2,2022-06-02 09:18:39
1654161520321496000,313.0,1,313.0,1,313.5,9,2,2022-06-02 09:18:40
1654161520802965000,313.0,1,312.0,7,313.5,9,2,2022-06-02 09:18:40
1654161521411572000,312.0,1,312.0,6,313.0,4,2,2022-06-02 09:18:41
1654161521772224000,313.0,1,312.0,5,313.0,9,1,2022-06-02 09:18:41
1654161523796856000,313.0,1,312.5,2,313.0,16,1,2022-06-02 09:18:43
1654161524231240000,313.0,1,312.5,2,313.0,14,1,2022-06-02 09:18:44
1654161524591394000,313.0,15,312.5,8,313.5,8,1,2022-06-02 09:18:44
1654161524728643000,313.5,5,312.5,14,313.5,3,1,2022-06-02 09:18:44
1654161525459208000,312.5,1,312.5,13,313.5,4,2,2022-06-02 09:18:45
1654161526124091000,312.5,5,312.5,8,313.5,4,2,2022-06-02 09:18:46
1654161527662974000,313.0,1,313.0,2,313.5,5,2,2022-06-02 09:18:47
1654161527883907000,313.0,1,313.0,1,313.5,5,2,2022-06-02 09:18:47
1654161528790676000,313.0,1,312.5,14,313.5,5,2,2022-06-02 09:18:48
1654161529553388000,313.0,1,312.5,14,313.5,5,2,2022-06-02 09:18:49
1654161529553388000,312.5,4,312.5,14,313.5,5,2,2022-06-02 09:18:49
1654161529614286000,313.0,1,312.5,13,313.5,5,1,2022-06-02 09:18:49
1654161531288445000,313.0,1,312.5,13,313.5,5,2,2022-06-02 09:18:51
1654161532198172000,313.0,1,312.5,13,313.5,5,2,2022-06-02 09:18:52
1654161532978723000,313.0,1,312.5,16,313.5,5,1,2022-06-02 09:18:52
1654161533415791000,313.0,1,312.5,15,313.5,5,2,2022-06-02 09:18:53
1654161533841486000,313.0,1,312.5,15,313.5,5,1,2022-06-02 09:18:53
1654161533994283000,312.5,1,312.5,14,313.5,5,2,2022-06-02 09:18:53
1654161534341437000,313.0,1,312.5,14,313.5,5,1,2022-06-02 09:18:54
1654161535044825000,312.5,1,312.5,10,313.0,42,2,2022-06-02 09:18:55
1654161536830155000,312.5,1,312.5,9,313.0,47,2,2022-06-02 09:18:56
1654161537361887000,312.5,1,312.5,8,313.0,48,2,2022-06-02 09:18:57
1654161537609085000,312.5,2,312.5,6,313.0,49,2,2022-06-02 09:18:57
1654161537801288000,312.5,6,312.0,2,313.0,49,2,2022-06-02 09:18:57
1654161537801288000,312.0,9,312.0,2,313.0,49,2,2022-06-02 09:18:57
1654161537873406000,312.0,1,312.0,1,312.5,1,2,2022-06-02 09:18:57
1654161538372279000,312.5,1,312.0,1,313.0,48,1,2022-06-02 09:18:58
1654161538872622000,312.5,1,312.0,1,313.0,50,1,2022-06-02 09:18:58
1654161539606709000,312.5,1,312.0,1,313.0,50,1,2022-06-02 09:18:59
1654161539844028000,312.0,1,311.5,18,313.0,50,2,2022-06-02 09:18:59
1654161540278722000,312.5,1,312.5,1,313.0,52,2,2022-06-02 09:19:00
1654161540331905000,312.5,1,312.0,2,313.0,52,2,2022-06-02 09:19:00
1654161540487510000,312.0,1,312.0,6,313.0,52,2,2022-06-02 09:19:00
1654161540680113000,312.0,1,312.0,6,313.0,52,2,2022-06-02 09:19:00
1654161540690184000,312.0,2,312.0,4,313.0,52,2,2022-06-02 09:19:00
1654161540849240000,312.5,1,312.0,1,313.0,52,1,2022-06-02 09:19:00
1654161540849240000,313.0,1,312.0,1,313.0,52,1,2022-06-02 09:19:00
1654161541341701000,312.0,1,312.0,3,312.5,1,2,2022-06-02 09:19:01
1654161543018636000,312.0,3,312.0,1,312.5,3,2,2022-06-02 09:19:03
1654161543518463000,312.5,1,312.0,1,312.5,2,1,2022-06-02 09:19:03
1654161544200247000,312.0,1,311.5,22,312.5,2,2,2022-06-02 09:19:04
1654161544284768000,312.5,1,311.5,18,312.5,1,1,2022-06-02 09:19:04
1654161544550252000,312.0,1,311.5,19,312.5,1,2,2022-06-02 09:19:04
1654161544858058000,312.0,1,311.5,19,312.5,1,1,2022-06-02 09:19:04
1654161546245798000,312.0,1,312.0,1,312.5,1,2,2022-06-02 09:19:06
1654161546319808000,312.5,1,312.5,1,313.0,51,1,2022-06-02 09:19:06
1654161547266878000,312.5,1,312.0,3,313.0,52,2,2022-06-02 09:19:07
1654161547538323000,312.5,1,312.0,2,313.0,52,2,2022-06-02 09:19:07
1654161547538323000,312.0,5,312.0,2,313.0,52,2,2022-06-02 09:19:07
1654161548887350000,312.0,6,311.5,22,312.0,16,2,2022-06-02 09:19:08
1654161548915353000,312.0,1,311.5,21,312.0,15,1,2022-06-02 09:19:08
1654161549726785000,312.0,1,311.5,16,312.0,15,1,2022-06-02 09:19:09
1654161550740374000,312.0,9,311.5,16,312.0,7,1,2022-06-02 09:19:10
1654161550770895000,312.0,2,311.5,17,312.0,5,1,2022-06-02 09:19:10
1654161551865325000,312.0,7,311.5,20,312.5,6,1,2022-06-02 09:19:11
1654161552000983000,311.5,1,311.5,23,312.5,6,2,2022-06-02 09:19:12
1654161552259309000,312.0,5,312.0,16,312.5,6,2,2022-06-02 09:19:12
1654161552659980000,312.0,1,312.0,16,312.5,6,2,2022-06-02 09:19:12
1654161553980040000,312.0,1,312.0,17,312.5,8,2,2022-06-02 09:19:13
1654161555210593000,312.0,1,312.0,41,312.5,8,2,2022-06-02 09:19:15
1654161555517425000,312.5,8,312.0,82,313.0,9,1,2022-06-02 09:19:15
1654161555816339000,312.5,1,312.0,122,313.0,9,2,2022-06-02 09:19:15
1654161555816339000,312.0,1,312.0,122,313.0,9,2,2022-06-02 09:19:15
1654161557072867000,312.5,1,312.5,5,313.0,8,2,2022-06-02 09:19:17
1654161557144056000,312.5,1,312.5,4,313.0,7,2,2022-06-02 09:19:17
1654161557699598000,312.5,1,312.5,5,313.0,7,2,2022-06-02 09:19:17
1654161558688974000,312.5,1,312.5,4,313.0,8,2,2022-06-02 09:19:18
1654161559000064000,312.5,3,312.0,23,312.5,2,2,2022-06-02 09:19:19
1654161559117324000,312.5,1,312.0,23,312.5,1,1,2022-06-02 09:19:19
1654161559144093000,312.5,1,312.0,23,313.0,8,1,2022-06-02 09:19:19
1654161559395002000,312.0,1,312.0,24,313.0,8,2,2022-06-02 09:19:19
1654161559512007000,312.0,1,312.0,23,313.0,8,2,2022-06-02 09:19:19
1654161559576799000,312.0,1,312.0,22,313.0,9,2,2022-06-02 09:19:19
1654161560554958000,312.5,1,312.5,1,313.0,10,2,2022-06-02 09:19:20
1654161560869424000,312.5,2,312.0,22,313.0,10,2,2022-06-02 09:19:20
1654161560869424000,312.0,1,312.0,22,313.0,10,2,2022-06-02 09:19:20
1654161561392153000,313.0,1,312.0,21,313.0,9,1,2022-06-02 09:19:21
1654161562257444000,312.0,1,312.0,19,312.5,1,2,2022-06-02 09:19:22
1654161562621622000,312.0,19,311.5,7,312.5,1,2,2022-06-02 09:19:22
1654161562621622000,311.5,11,311.5,7,312.5,1,2,2022-06-02 09:19:22
1654161562801577000,312.5,1,311.5,6,312.5,3,1,2022-06-02 09:19:22
1654161564392129000,312.0,1,312.0,17,312.5,1,2,2022-06-02 09:19:24
1654161565675527000,312.5,1,312.5,1,313.0,10,1,2022-06-02 09:19:25
1654161567072626000,312.5,1,312.0,17,313.0,11,2,2022-06-02 09:19:27
1654161567072626000,312.0,1,312.0,17,313.0,11,2,2022-06-02 09:19:27
1654161567540345000,312.5,1,312.0,16,313.0,12,2,2022-06-02 09:19:27
1654161567540345000,312.0,1,312.0,16,313.0,12,2,2022-06-02 09:19:27
1654161568214183000,312.5,2,312.5,1,313.0,9,2,2022-06-02 09:19:28
1654161569401470000,312.5,1,312.0,17,313.0,9,2,2022-06-02 09:19:29
1654161569530724000,312.0,1,312.0,17,313.0,9,2,2022-06-02 09:19:29
1654161571347635000,312.5,3,312.0,19,313.0,14,1,2022-06-02 09:19:31
1654161572749743000,312.0,1,312.0,22,313.0,14,2,2022-06-02 09:19:32
1654161573607242000,312.0,1,312.0,24,313.0,14,2,2022-06-02 09:19:33
1654161573993668000,312.5,1,312.5,1,313.0,14,2,2022-06-02 09:19:33
1654161574899997000,312.5,1,312.0,24,313.0,14,2,2022-06-02 09:19:34
1654161575026186000,312.5,3,312.0,25,313.0,14,1,2022-06-02 09:19:35
1654161575601224000,312.5,1,312.0,25,313.0,14,2,2022-06-02 09:19:35
1654161577930473000,312.5,1,312.0,25,312.5,4,2,2022-06-02 09:19:37
1654161578130272000,312.5,1,312.0,25,312.5,3,1,2022-06-02 09:19:38
1654161578157929000,312.5,1,312.0,25,312.5,2,1,2022-06-02 09:19:38
1654161578157952000,312.5,2,312.0,25,313.0,13,1,2022-06-02 09:19:38
1654161578967902000,312.0,15,312.0,13,313.0,14,2,2022-06-02 09:19:38
1654161579165422000,312.5,1,312.0,12,313.0,16,1,2022-06-02 09:19:39
1654161580199538000,312.0,1,312.0,10,313.0,16,2,2022-06-02 09:19:40
1654161580742861000,312.0,4,312.0,6,312.5,1,2,2022-06-02 09:19:40
1654161580888270000,312.5,1,312.0,6,313.0,16,1,2022-06-02 09:19:40
1654161581726994000,312.5,1,312.0,7,313.0,17,2,2022-06-02 09:19:41
1654161582912551000,312.0,5,312.0,2,312.5,1,2,2022-06-02 09:19:42
1654161585948472000,312.0,2,312.0,3,312.5,10,2,2022-06-02 09:19:45
1654161586960204000,312.0,3,312.0,2,312.5,14,2,2022-06-02 09:19:46
1654161587476926000,312.0,1,312.0,1,312.5,15,2,2022-06-02 09:19:47
1654161587885540000,312.0,1,311.5,13,312.5,15,2,2022-06-02 09:19:47
1654161587929294000,312.0,1,311.5,13,312.5,15,1,2022-06-02 09:19:47
1654161588100227000,312.0,3,311.5,11,312.5,15,1,2022-06-02 09:19:48
1654161591641258000,312.0,1,311.5,11,312.0,1,1,2022-06-02 09:19:51
1654161591677643000,312.0,1,311.5,11,312.5,15,1,2022-06-02 09:19:51
1654161593136583000,312.5,16,312.5,14,313.0,16,1,2022-06-02 09:19:53
1654161593172752000,313.0,6,312.5,14,313.0,10,1,2022-06-02 09:19:53
1654161593236830000,312.5,1,312.5,14,313.0,10,2,2022-06-02 09:19:53
1654161593833643000,312.5,1,312.5,12,313.0,10,2,2022-06-02 09:19:53
1654161594579948000,312.5,1,312.5,11,313.0,10,2,2022-06-02 09:19:54
1654161594846916000,312.5,1,312.5,10,313.0,10,2,2022-06-02 09:19:54
1654161594974556000,312.5,1,312.5,9,313.0,10,2,2022-06-02 09:19:54
1654161595704939000,312.5,1,312.5,8,313.0,10,2,2022-06-02 09:19:55
1654161596240376000,312.5,2,312.5,6,313.0,10,2,2022-06-02 09:19:56
1654161596847661000,312.5,6,312.0,4,312.5,4,2,2022-06-02 09:19:56
1654161598280028000,312.5,1,312.0,4,312.5,3,1,2022-06-02 09:19:58
1654161599034625000,312.5,3,312.0,8,313.0,10,1,2022-06-02 09:19:59
1654161599554743000,312.5,1,312.5,6,313.0,10,2,2022-06-02 09:19:59
1654161600271185000,312.5,2,312.5,4,313.0,10,2,2022-06-02 09:20:00
1654161602571049000,312.5,1,312.5,5,313.0,11,2,2022-06-02 09:20:02
1654161602753903000,312.5,1,312.5,4,313.0,11,2,2022-06-02 09:20:02
1654161604308727000,312.5,1,312.5,3,313.0,11,2,2022-06-02 09:20:04
1654161605009196000,312.5,1,312.5,1,313.0,11,2,2022-06-02 09:20:05
1654161605970599000,312.5,1,312.5,6,313.0,11,2,2022-06-02 09:20:05
1654161605977239000,312.5,1,312.5,5,313.0,11,2,2022-06-02 09:20:05
1654161606059593000,312.5,1,312.5,4,313.0,11,2,2022-06-02 09:20:06
1654161607430535000,312.5,1,312.5,4,313.0,11,2,2022-06-02 09:20:07
1654161610059044000,312.5,1,312.5,4,313.0,10,2,2022-06-02 09:20:10
1654161610367606000,312.5,1,312.5,4,313.0,10,2,2022-06-02 09:20:10
1654161610789069000,313.0,10,312.5,6,313.5,6,1,2022-06-02 09:20:10
1654161611069526000,313.0,1,313.0,1,313.5,6,2,2022-06-02 09:20:11
1654161611192303000,313.0,1,312.5,12,313.5,6,2,2022-06-02 09:20:11
1654161611242446000,313.0,1,312.5,12,313.5,6,2,2022-06-02 09:20:11
1654161611684305000,312.5,1,312.5,11,313.5,6,2,2022-06-02 09:20:11
1654161613438862000,312.5,4,312.5,7,313.5,8,2,2022-06-02 09:20:13
1654161613697864000,312.5,4,312.5,3,313.5,8,2,2022-06-02 09:20:13
1654161614008148000,312.0,1,312.0,28,313.5,8,2,2022-06-02 09:20:14
1654161616726019000,312.5,2,312.5,8,313.5,10,2,2022-06-02 09:20:16
1654161618744103000,312.5,1,312.5,9,313.5,11,2,2022-06-02 09:20:18
1654161618922123000,312.5,1,312.5,4,313.5,11,2,2022-06-02 09:20:18
1654161619659584000,312.5,3,312.0,30,312.5,17,2,2022-06-02 09:20:19
1654161619684132000,312.5,10,312.0,30,312.5,7,1,2022-06-02 09:20:19
1654161619705162000,312.5,7,312.0,24,313.0,5,1,2022-06-02 09:20:19
1654161619746993000,312.5,1,312.0,24,313.0,6,1,2022-06-02 09:20:19
1654161620874861000,312.5,1,312.0,24,313.0,8,1,2022-06-02 09:20:20
1654161624853766000,313.0,1,312.5,7,313.0,7,1,2022-06-02 09:20:24
1654161626426539000,313.0,7,312.5,7,313.5,5,1,2022-06-02 09:20:26
1654161626426539000,313.5,3,312.5,7,313.5,5,1,2022-06-02 09:20:26
1654161626674063000,312.5,1,312.5,9,313.5,5,2,2022-06-02 09:20:26
1654161632232016000,313.0,3,312.5,24,313.5,5,2,2022-06-02 09:20:32
1654161633010271000,312.5,2,312.5,22,313.5,5,2,2022-06-02 09:20:33
1654161645219740000,313.0,1,312.5,32,313.5,8,2,2022-06-02 09:20:45
1654161652104959000,313.0,2,313.0,26,313.5,6,2,2022-06-02 09:20:52
1654161653089419000,313.0,1,313.0,26,313.5,6,2,2022-06-02 09:20:53
1654161654065637000,313.0,2,313.0,24,313.5,5,2,2022-06-02 09:20:54
1654161657731943000,313.5,5,313.0,26,313.5,1,1,2022-06-02 09:20:57
1654161657752956000,313.5,1,313.0,26,314.0,7,1,2022-06-02 09:20:57
1654161658422733000,313.0,2,313.0,25,314.0,7,2,2022-06-02 09:20:58
1654161660289429000,313.5,1,313.0,25,313.5,1,1,2022-06-02 09:21:00
1654161661569716000,313.5,1,313.0,25,314.0,12,1,2022-06-02 09:21:01
1654161663183741000,313.5,1,313.5,1,314.0,12,2,2022-06-02 09:21:03
1654161665211493000,313.5,2,313.0,28,314.0,14,2,2022-06-02 09:21:05
1654161666063918000,313.5,1,313.5,1,314.0,14,2,2022-06-02 09:21:06
1654161666634259000,314.0,1,313.5,2,314.0,13,1,2022-06-02 09:21:06
1654161670080950000,314.0,1,313.5,7,314.0,12,1,2022-06-02 09:21:10
1654161670107780000,314.0,2,313.5,7,314.0,10,1,2022-06-02 09:21:10
1654161671199193000,314.0,3,313.5,8,314.0,7,1,2022-06-02 09:21:11
1654161671230655000,314.0,7,313.5,9,314.5,12,1,2022-06-02 09:21:11
1654161675218867000,314.0,1,313.5,11,314.0,4,1,2022-06-02 09:21:15
1654161676173546000,313.5,1,313.5,11,314.0,4,2,2022-06-02 09:21:16
1654161676748495000,314.0,1,313.5,10,314.0,3,1,2022-06-02 09:21:16
1654161677757370000,314.0,1,313.5,10,314.0,4,1,2022-06-02 09:21:17
1654161678654978000,314.0,1,313.5,12,314.0,3,1,2022-06-02 09:21:18
1654161680100618000,314.0,1,313.5,15,314.0,3,1,2022-06-02 09:21:20
1654161680246524000,314.0,1,313.5,15,314.0,2,1,2022-06-02 09:21:20
1654161680492010000,313.5,1,313.5,14,314.0,2,2,2022-06-02 09:21:20
1654161681467756000,314.0,1,313.5,14,314.0,1,1,2022-06-02 09:21:21
1654161681672705000,314.0,1,313.5,14,314.5,13,1,2022-06-02 09:21:21
1654161682166797000,313.5,1,313.5,15,314.5,13,2,2022-06-02 09:21:22
1654161683597460000,314.5,2,314.0,3,314.5,13,1,2022-06-02 09:21:23
1654161684354045000,314.0,4,313.5,15,314.0,1,2,2022-06-02 09:21:24
1654161687245405000,314.0,1,313.5,16,314.5,11,1,2022-06-02 09:21:27
1654161688187924000,314.0,1,313.5,16,314.5,16,1,2022-06-02 09:21:28
1654161688293045000,314.0,1,313.5,16,314.5,16,1,2022-06-02 09:21:28
1654161690116797000,314.0,1,313.5,15,314.5,16,1,2022-06-02 09:21:30
1654161693321776000,314.0,2,313.5,19,314.0,4,1,2022-06-02 09:21:33
1654161694856799000,314.0,1,314.0,3,314.5,20,2,2022-06-02 09:21:34
1654161696743522000,314.0,1,314.0,2,314.5,18,2,2022-06-02 09:21:36
1654161698876770000,314.0,2,313.5,19,314.0,3,2,2022-06-02 09:21:38
1654161698980195000,313.5,19,313.0,32,314.0,9,2,2022-06-02 09:21:38
1654161704822702000,313.5,1,313.0,32,313.5,6,1,2022-06-02 09:21:44
1654161710466702000,313.5,2,313.0,30,313.5,7,1,2022-06-02 09:21:50
1654161713769751000,313.0,11,313.0,18,313.5,9,2,2022-06-02 09:21:53
1654161713809076000,313.0,1,313.0,17,313.5,9,2,2022-06-02 09:21:53
1654161713811602000,313.0,17,312.5,28,313.5,9,2,2022-06-02 09:21:53
1654161714870739000,312.5,1,312.5,25,313.0,10,2,2022-06-02 09:21:54
1654161715638597000,313.0,1,312.5,25,313.0,10,1,2022-06-02 09:21:55
1654161720984065000,312.5,1,312.5,23,313.0,10,2,2022-06-02 09:22:00
1654161721473683000,312.5,1,312.5,22,313.0,12,2,2022-06-02 09:22:01
1654161724514589000,312.5,1,312.5,21,313.0,11,2,2022-06-02 09:22:04
1654161725856626000,313.0,1,312.5,21,313.0,12,1,2022-06-02 09:22:05
1654161737167733000,313.0,1,312.5,23,313.0,15,1,2022-06-02 09:22:17
1654161740458322000,313.0,2,312.5,23,313.0,8,1,2022-06-02 09:22:20
1654161743591522000,313.0,9,313.0,4,313.5,8,1,2022-06-02 09:22:23
1654161743640827000,313.0,1,313.0,3,313.5,4,2,2022-06-02 09:22:23
1654161743640939000,313.0,1,313.0,2,313.5,4,2,2022-06-02 09:22:23
1654161746027207000,313.0,5,312.5,28,313.5,4,2,2022-06-02 09:22:26
1654161751419466000,313.0,2,312.5,26,313.0,3,2,2022-06-02 09:22:31
1654161751444496000,313.0,1,312.5,26,313.0,2,1,2022-06-02 09:22:31
1654161751636563000,313.0,1,312.5,26,313.0,1,1,2022-06-02 09:22:31
1654161753772420000,313.0,1,312.5,26,313.0,3,1,2022-06-02 09:22:33
1654161756127262000,313.0,1,312.5,26,313.0,2,1,2022-06-02 09:22:36
1654161758856457000,313.0,1,312.5,26,313.0,1,1,2022-06-02 09:22:38
1654161761918927000,313.0,1,312.5,26,313.5,7,1,2022-06-02 09:22:41
1654161769951620000,313.0,1,312.5,29,313.0,1,1,2022-06-02 09:22:49
1654161770316948000,313.0,1,312.5,30,313.5,7,1,2022-06-02 09:22:50
1654161772155297000,313.0,2,312.5,30,313.5,8,2,2022-06-02 09:22:52
1654161774550506000,313.0,3,313.0,1,313.5,8,2,2022-06-02 09:22:54
1654161775062115000,313.0,1,312.5,29,313.5,8,2,2022-06-02 09:22:55
1654161775589367000,313.0,1,312.5,29,313.0,1,1,2022-06-02 09:22:55
1654161776374501000,313.0,1,312.5,29,313.5,8,1,2022-06-02 09:22:56
1654161779145116000,313.0,4,312.5,29,313.5,8,2,2022-06-02 09:22:59
1654161783972424000,313.0,1,313.0,3,313.5,8,2,2022-06-02 09:23:03
1654161785308925000,313.0,1,313.0,2,313.5,8,2,2022-06-02 09:23:05
1654161785519594000,313.0,1,313.0,1,313.5,8,2,2022-06-02 09:23:05
1654161786008655000,313.5,1,313.0,1,313.5,9,1,2022-06-02 09:23:06
1654161786138368000,313.0,1,312.5,29,313.5,8,2,2022-06-02 09:23:06
1654161790905841000,313.0,1,312.5,30,313.5,11,2,2022-06-02 09:23:10
1654161797503394000,313.0,1,313.0,6,313.5,9,2,2022-06-02 09:23:17
1654161805838570000,313.5,1,313.0,8,313.5,9,1,2022-06-02 09:23:25
1654161815091146000,313.5,1,313.0,10,313.5,8,1,2022-06-02 09:23:35
1654161816153156000,313.0,1,313.0,11,313.5,7,2,2022-06-02 09:23:36
