ts,close,volume,bid_price,bid_volume,ask_price,ask_volume,tick_type,datetime
1654160400989181000,85.3,335,85.3,13,85.4,6,1,2022-06-02 09:00:00
1654160401030848000,85.4,6,85.3,13,85.5,5,1,2022-06-02 09:00:01
1654160401313817000,85.3,1,85.3,12,85.5,5,2,2022-06-02 09:00:01
1654160401725183000,85.3,2,85.3,10,85.5,5,2,2022-06-02 09:00:01
1654160402251556000,85.5,3,85.3,15,85.5,2,1,2022-06-02 09:00:02
1654160402285281000,85.5,2,85.3,15,85.6,5,1,2022-06-02 09:00:02
1654160403231079000,85.4,1,85.4,7,85.6,5,2,2022-06-02 09:00:03
1654160403481631000,85.6,3,85.4,57,85.6,2,1,2022-06-02 09:00:03
1654160403482367000,85.6,1,85.4,57,85.6,1,1,2022-06-02 09:00:03
1654160403513386000,85.6,1,85.4,57,85.7,6,1,2022-06-02 09:00:03
1654160404179014000,85.7,6,85.4,58,85.8,5,1,2022-06-02 09:00:04
1654160404240554000,85.8,3,85.6,3,85.8,2,1,2022-06-02 09:00:04
1654160404887976000,85.7,1,85.7,6,85.8,2,2,2022-06-02 09:00:04
1654160405119702000,85.8,1,85.7,6,85.8,1,1,2022-06-02 09:00:05
1654160405311721000,85.8,1,85.8,2,85.9,7,1,2022-06-02 09:00:05
1654160406084095000,85.9,1,85.8,2,85.9,6,1,2022-06-02 09:00:06
1654160406175674000,85.9,1,85.8,2,85.9,5,1,2022-06-02 09:00:06
1654160406208729000,85.9,3,85.8,2,85.9,2,1,2022-06-02 09:00:06
1654160406327448000,85.9,2,85.8,2,86.0,20,1,2022-06-02 09:00:06
1654160406327448000,86.0,8,85.8,2,86.0,20,1,2022-06-02 09:00:06
1654160406576794000,86.0,3,85.8,2,86.0,17,1,2022-06-02 09:00:06
1654160407655284000,86.0,10,85.8,2,86.0,7,1,2022-06-02 09:00:07
1654160408287702000,86.0,1,85.9,1,86.0,6,1,2022-06-02 09:00:08
1654160408339720000,86.0,1,85.9,1,86.0,5,1,2022-06-02 09:00:08
1654160408354020000,86.0,5,86.0,1,86.1,5,1,2022-06-02 09:00:08
1654160408452143000,86.1,4,86.0,1,86.1,1,1,2022-06-02 09:00:08
1654160408485209000,86.1,1,86.0,1,86.2,4,1,2022-06-02 09:00:08
1654160409267584000,86.2,1,86.0,1,86.2,3,1,2022-06-02 09:00:09
1654160409372653000,86.2,3,86.0,1,86.4,3,1,2022-06-02 09:00:09
1654160409372653000,86.3,9,86.0,1,86.4,3,1,2022-06-02 09:00:09
1654160409372653000,86.4,4,86.0,1,86.4,3,1,2022-06-02 09:00:09
1654160409583022000,86.4,3,86.0,6,86.5,2,1,2022-06-02 09:00:09
1654160409583022000,86.5,1,86.0,6,86.5,2,1,2022-06-02 09:00:09
1654160409966157000,86.5,1,86.3,1,86.5,1,1,2022-06-02 09:00:09
1654160410604617000,86.5,1,86.3,1,86.6,3,1,2022-06-02 09:00:10
1654160410680355000,86.6,1,86.3,1,86.6,2,1,2022-06-02 09:00:10
1654160410729746000,86.3,1,86.1,4,86.6,2,2,2022-06-02 09:00:10
1654160410844334000,86.5,1,86.2,1,86.6,2,1,2022-06-02 09:00:10
1654160411044694000,86.6,1,86.2,1,86.6,1,1,2022-06-02 09:00:11
1654160411357036000,86.4,1,86.2,5,86.6,1,1,2022-06-02 09:00:11
1654160411414668000,86.2,1,86.1,7,86.6,1,2,2022-06-02 09:00:11
1654160411414668000,86.1,1,86.1,7,86.6,1,2,2022-06-02 09:00:11
1654160412055256000,86.5,1,86.2,1,86.7,4,1,2022-06-02 09:00:12
1654160412055256000,86.6,1,86.2,1,86.7,4,1,2022-06-02 09:00:12
1654160412162236000,86.7,1,86.2,5,86.7,3,1,2022-06-02 09:00:12
1654160412479097000,86.7,3,86.2,5,86.8,1,1,2022-06-02 09:00:12
1654160412479097000,86.8,2,86.2,5,86.8,1,1,2022-06-02 09:00:12
1654160412555810000,86.8,1,86.3,1,86.9,13,1,2022-06-02 09:00:12
1654160412555810000,86.9,2,86.3,1,86.9,13,1,2022-06-02 09:00:12
1654160413119572000,86.6,2,86.3,1,86.9,11,1,2022-06-02 09:00:13
1654160413119572000,86.9,3,86.3,1,86.9,11,1,2022-06-02 09:00:13
1654160413969676000,86.9,5,86.4,10,86.9,5,1,2022-06-02 09:00:13
1654160414045277000,86.9,2,86.5,4,86.9,3,1,2022-06-02 09:00:14
1654160414961865000,86.9,1,86.8,1,86.9,2,1,2022-06-02 09:00:14
1654160414969514000,86.9,2,86.8,1,87.0,8,1,2022-06-02 09:00:14
1654160415013187000,87.0,1,86.8,1,87.0,7,1,2022-06-02 09:00:15
1654160415023212000,87.0,1,86.8,1,87.0,6,1,2022-06-02 09:00:15
1654160415263809000,86.8,1,86.5,6,86.8,1,2,2022-06-02 09:00:15
1654160415296694000,86.8,1,86.5,2,87.0,6,1,2022-06-02 09:00:15
1654160415327653000,86.9,1,86.5,2,87.0,6,2,2022-06-02 09:00:15
1654160415358503000,86.8,1,86.5,6,87.0,6,1,2022-06-02 09:00:15
1654160415939186000,87.0,1,86.7,1,87.0,5,1,2022-06-02 09:00:15
1654160416083870000,87.0,5,86.7,1,87.2,2,1,2022-06-02 09:00:16
1654160416083870000,87.1,3,86.7,1,87.2,2,1,2022-06-02 09:00:16
1654160416083870000,87.2,2,86.7,1,87.2,2,1,2022-06-02 09:00:16
1654160417002015000,87.2,1,87.1,2,87.2,2,1,2022-06-02 09:00:17
1654160417245879000,87.1,1,87.1,1,87.2,2,2,2022-06-02 09:00:17
1654160417315157000,87.2,2,87.1,1,87.3,3,1,2022-06-02 09:00:17
1654160417315157000,87.3,1,87.1,1,87.3,3,1,2022-06-02 09:00:17
1654160417345054000,87.1,1,87.0,3,87.3,3,2,2022-06-02 09:00:17
1654160417386349000,87.3,2,87.0,3,87.3,2,1,2022-06-02 09:00:17
1654160417394004000,87.3,2,87.0,3,87.4,9,1,2022-06-02 09:00:17
1654160417394004000,87.4,3,87.0,3,87.4,9,1,2022-06-02 09:00:17
1654160417513898000,87.1,2,87.0,3,87.4,9,1,2022-06-02 09:00:17
1654160417553261000,87.4,3,87.0,7,87.4,6,1,2022-06-02 09:00:17
1654160418214023000,87.2,1,87.0,4,87.2,1,1,2022-06-02 09:00:18
1654160418587226000,87.2,1,87.1,1,87.3,1,1,2022-06-02 09:00:18
1654160418587226000,87.3,1,87.1,1,87.3,1,1,2022-06-02 09:00:18
1654160418629124000,87.3,1,87.1,1,87.4,6,1,2022-06-02 09:00:18
1654160418789714000,87.4,2,87.1,1,87.4,4,1,2022-06-02 09:00:18
1654160419015320000,87.4,2,87.0,4,87.4,2,1,2022-06-02 09:00:19
1654160419215374000,87.3,1,87.0,4,87.4,2,1,2022-06-02 09:00:19
1654160419857580000,87.4,2,87.2,1,87.5,4,1,2022-06-02 09:00:19
1654160419857580000,87.5,1,87.2,1,87.5,4,1,2022-06-02 09:00:19
1654160419931812000,87.5,1,87.2,1,87.5,3,1,2022-06-02 09:00:19
1654160420432894000,87.3,3,87.3,27,87.4,1,2,2022-06-02 09:00:20
1654160420798148000,87.4,1,87.3,27,87.5,4,1,2022-06-02 09:00:20
1654160420959149000,87.5,1,87.4,4,87.5,3,1,2022-06-02 09:00:20
1654160421029724000,87.4,2,87.4,2,87.5,3,2,2022-06-02 09:00:21
1654160421169107000,87.5,1,87.4,2,87.5,2,1,2022-06-02 09:00:21
1654160421210389000,87.5,1,87.4,2,87.5,1,1,2022-06-02 09:00:21
1654160421345713000,87.4,1,87.4,1,87.5,1,2,2022-06-02 09:00:21
1654160422003299000,87.4,1,87.3,29,87.5,1,2,2022-06-02 09:00:22
1654160422061136000,87.3,2,87.3,27,87.5,1,2,2022-06-02 09:00:22
1654160422542074000,87.3,5,87.3,23,87.5,3,2,2022-06-02 09:00:22
1654160422712866000,87.5,1,87.3,23,87.5,2,1,2022-06-02 09:00:22
1654160423945601000,87.4,1,87.3,27,87.4,4,1,2022-06-02 09:00:23
1654160423981163000,87.4,1,87.3,27,87.4,3,1,2022-06-02 09:00:23
1654160423992313000,87.4,1,87.3,27,87.4,2,1,2022-06-02 09:00:23
1654160424083955000,87.4,1,87.3,27,87.4,2,1,2022-06-02 09:00:24
1654160424188809000,87.3,3,87.3,24,87.4,2,2,2022-06-02 09:00:24
1654160424361278000,87.3,2,87.3,22,87.4,2,2,2022-06-02 09:00:24
1654160424572156000,87.3,1,87.3,21,87.4,2,2,2022-06-02 09:00:24
1654160424816536000,87.3,5,87.3,16,87.4,2,2,2022-06-02 09:00:24
1654160424841354000,87.3,8,87.3,8,87.4,2,2,2022-06-02 09:00:24
1654160424841977000,87.3,8,87.2,5,87.4,2,2,2022-06-02 09:00:24
1654160424870599000,87.2,1,87.2,4,87.4,2,2,2022-06-02 09:00:24
1654160424964868000,87.2,4,87.1,2,87.3,5,2,2022-06-02 09:00:24
1654160424983462000,87.3,1,87.1,2,87.3,4,1,2022-06-02 09:00:24
1654160425383981000,87.3,3,87.1,2,87.3,13,1,2022-06-02 09:00:25
1654160425386765000,87.3,1,87.1,2,87.3,12,1,2022-06-02 09:00:25
1654160425562518000,87.3,3,87.1,2,87.3,9,1,2022-06-02 09:00:25
1654160425665329000,87.3,2,87.1,2,87.3,7,1,2022-06-02 09:00:25
1654160425807248000,87.2,2,87.2,3,87.3,7,1,2022-06-02 09:00:25
1654160426054843000,87.2,2,87.2,1,87.3,7,2,2022-06-02 09:00:26
1654160426081488000,87.2,1,87.1,2,87.3,7,2,2022-06-02 09:00:26
1654160426405889000,87.2,1,87.1,2,87.2,1,1,2022-06-02 09:00:26
1654160426879273000,87.1,2,87.0,3,87.2,1,2,2022-06-02 09:00:26
1654160426879273000,87.0,1,87.0,3,87.2,1,2,2022-06-02 09:00:26
1654160426971632000,87.0,1,87.0,2,87.2,1,2,2022-06-02 09:00:26
1654160426987313000,87.2,1,87.0,2,87.3,7,1,2022-06-02 09:00:26
1654160427123925000,87.3,1,87.1,2,87.3,6,1,2022-06-02 09:00:27
1654160427183754000,87.2,1,87.1,2,87.3,6,1,2022-06-02 09:00:27
1654160427481514000,87.1,2,87.0,2,87.3,6,2,2022-06-02 09:00:27
1654160427560389000,87.3,1,87.0,2,87.3,5,1,2022-06-02 09:00:27
1654160428078037000,87.0,1,87.0,1,87.2,2,2,2022-06-02 09:00:28
1654160428225198000,87.0,1,86.9,5,87.2,2,2,2022-06-02 09:00:28
1654160428827779000,87.2,2,87.0,2,87.3,1,1,2022-06-02 09:00:28
1654160428827779000,87.3,3,87.0,2,87.3,1,1,2022-06-02 09:00:28
1654160428851284000,87.3,1,87.0,2,87.4,2,1,2022-06-02 09:00:28
1654160428851284000,87.4,1,87.0,2,87.4,2,1,2022-06-02 09:00:28
1654160429505811000,87.2,1,87.1,5,87.2,1,2,2022-06-02 09:00:29
1654160429543576000,87.2,1,87.1,5,87.4,3,1,2022-06-02 09:00:29
1654160429560184000,87.1,2,87.1,3,87.4,3,2,2022-06-02 09:00:29
1654160429656883000,87.1,1,87.1,2,87.4,3,2,2022-06-02 09:00:29
1654160429697065000,87.1,2,87.0,1,87.4,3,2,2022-06-02 09:00:29
1654160430462288000,87.2,1,87.2,1,87.4,3,2,2022-06-02 09:00:30
1654160430493789000,87.2,1,87.0,1,87.4,3,2,2022-06-02 09:00:30
1654160430574926000,87.4,1,87.0,1,87.4,2,1,2022-06-02 09:00:30
1654160430672296000,87.3,1,87.0,1,87.3,1,1,2022-06-02 09:00:30
1654160431472894000,87.3,2,87.0,1,87.4,2,1,2022-06-02 09:00:31
1654160432213718000,87.2,2,87.0,1,87.2,3,2,2022-06-02 09:00:32
1654160432323982000,87.2,3,87.0,1,87.4,1,1,2022-06-02 09:00:32
1654160432323982000,87.3,1,87.0,1,87.4,1,1,2022-06-02 09:00:32
1654160432323982000,87.4,1,87.0,1,87.4,1,1,2022-06-02 09:00:32
1654160433193728000,87.2,1,87.3,2,87.4,1,1,2022-06-02 09:00:33
1654160433193728000,87.3,2,87.3,2,87.4,1,1,2022-06-02 09:00:33
1654160433414727000,87.3,2,87.1,5,87.3,4,2,2022-06-02 09:00:33
1654160433422706000,87.1,1,87.1,4,87.3,4,2,2022-06-02 09:00:33
1654160434196041000,87.1,1,87.1,3,87.3,9,2,2022-06-02 09:00:34
1654160434227272000,87.1,3,87.0,2,87.3,9,2,2022-06-02 09:00:34
1654160434259035000,87.0,2,86.9,5,87.3,9,2,2022-06-02 09:00:34
1654160434547356000,87.3,3,86.9,5,87.3,6,1,2022-06-02 09:00:34
1654160434606499000,87.3,1,86.9,5,87.3,5,1,2022-06-02 09:00:34
1654160434797622000,86.9,1,86.9,4,87.2,2,2,2022-06-02 09:00:34
1654160434836228000,86.9,4,86.8,1,87.2,2,2,2022-06-02 09:00:34
1654160435909632000,86.8,2,86.7,3,87.0,7,2,2022-06-02 09:00:35
1654160435953316000,87.0,1,86.7,3,87.0,8,1,2022-06-02 09:00:35
1654160435989281000,87.0,1,86.7,3,87.0,7,1,2022-06-02 09:00:35
1654160436847654000,86.7,3,86.6,4,87.0,33,2,2022-06-02 09:00:36
1654160437292257000,87.0,7,86.5,2,87.0,20,1,2022-06-02 09:00:37
1654160437741063000,86.9,2,86.5,2,87.0,17,1,2022-06-02 09:00:37
1654160437741063000,87.0,3,86.5,2,87.0,17,1,2022-06-02 09:00:37
1654160437776407000,87.0,2,86.5,2,87.0,15,1,2022-06-02 09:00:37
1654160437935407000,87.0,5,86.5,2,87.0,11,1,2022-06-02 09:00:37
1654160438600187000,86.8,1,86.5,2,86.8,3,1,2022-06-02 09:00:38
1654160438827081000,86.8,1,86.5,2,86.8,2,1,2022-06-02 09:00:38
1654160439638012000,86.8,1,86.5,2,86.8,2,1,2022-06-02 09:00:39
1654160439802019000,86.8,1,86.5,2,86.8,1,1,2022-06-02 09:00:39
1654160440455980000,86.8,1,86.5,2,86.9,1,1,2022-06-02 09:00:40
1654160440455980000,86.9,4,86.5,2,86.9,1,1,2022-06-02 09:00:40
1654160440873320000,86.7,1,86.5,2,86.9,1,1,2022-06-02 09:00:40
1654160440904075000,86.7,1,86.5,2,86.7,1,1,2022-06-02 09:00:40
1654160440904134000,86.7,1,86.5,2,86.9,1,1,2022-06-02 09:00:40
1654160441264816000,86.8,2,86.5,2,87.0,9,1,2022-06-02 09:00:41
1654160441264816000,86.9,1,86.5,2,87.0,9,1,2022-06-02 09:00:41
1654160441264816000,87.0,2,86.5,2,87.0,9,1,2022-06-02 09:00:41
1654160441993205000,87.0,1,86.5,2,87.0,8,1,2022-06-02 09:00:41
1654160442144310000,86.6,1,86.6,1,86.9,2,2,2022-06-02 09:00:42
1654160442182924000,86.6,1,86.5,2,86.9,2,2,2022-06-02 09:00:42
1654160442457066000,86.9,4,86.5,5,87.0,8,1,2022-06-02 09:00:42
1654160442649690000,86.6,1,86.6,3,87.0,8,2,2022-06-02 09:00:42
1654160444634926000,86.6,1,86.6,5,86.7,8,1,2022-06-02 09:00:44
1654160445014588000,86.6,2,86.6,3,86.7,8,2,2022-06-02 09:00:45
1654160445837062000,86.6,1,86.6,2,86.7,8,2,2022-06-02 09:00:45
1654160445876694000,86.6,2,86.6,1,86.7,8,2,2022-06-02 09:00:45
1654160446360747000,86.6,1,86.5,5,86.7,9,2,2022-06-02 09:00:46
1654160447345734000,86.5,2,86.5,3,86.6,4,2,2022-06-02 09:00:47
1654160447376326000,86.5,3,86.3,2,86.6,4,2,2022-06-02 09:00:47
1654160448210871000,86.5,1,86.3,2,86.5,6,1,2022-06-02 09:00:48
1654160448770044000,86.3,2,86.2,4,86.5,8,2,2022-06-02 09:00:48
1654160449768250000,86.5,1,86.2,4,86.5,7,1,2022-06-02 09:00:49
1654160449868595000,86.4,1,86.2,4,86.5,5,1,2022-06-02 09:00:49
1654160449868595000,86.5,2,86.2,4,86.5,5,1,2022-06-02 09:00:49
1654160453732144000,86.4,2,86.5,1,86.6,9,1,2022-06-02 09:00:53
1654160453732144000,86.5,7,86.5,1,86.6,9,1,2022-06-02 09:00:53
1654160453761732000,86.5,1,86.3,1,86.6,9,2,2022-06-02 09:00:53
1654160454870247000,86.5,1,86.4,1,86.6,12,2,2022-06-02 09:00:54
1654160455383959000,86.5,1,86.5,1,86.6,13,2,2022-06-02 09:00:55
1654160455405000000,86.5,1,86.4,1,86.6,13,2,2022-06-02 09:00:55
1654160456667915000,86.5,1,86.4,1,86.5,3,1,2022-06-02 09:00:56
1654160457931944000,86.5,1,86.4,1,86.5,2,1,2022-06-02 09:00:57
1654160459207402000,86.5,2,86.5,3,86.6,10,1,2022-06-02 09:00:59
1654160459322567000,86.5,2,86.5,1,86.6,10,2,2022-06-02 09:00:59
1654160459355468000,86.5,1,86.4,2,86.6,10,2,2022-06-02 09:00:59
1654160460530044000,86.5,1,86.4,2,86.5,1,1,2022-06-02 09:01:00
1654160460792739000,86.4,1,86.4,1,86.5,1,2,2022-06-02 09:01:00
1654160462123322000,86.4,3,86.3,1,86.5,5,2,2022-06-02 09:01:02
1654160463350733000,86.4,5,86.3,1,86.5,2,1,2022-06-02 09:01:03
1654160463350733000,86.5,5,86.3,1,86.5,2,1,2022-06-02 09:01:03
1654160463590459000,86.3,1,86.2,5,86.3,1,2,2022-06-02 09:01:03
1654160463906421000,86.3,1,86.2,5,86.3,4,1,2022-06-02 09:01:03
1654160464107119000,86.3,4,86.2,5,86.5,1,1,2022-06-02 09:01:04
1654160464107119000,86.5,1,86.2,5,86.5,1,1,2022-06-02 09:01:04
1654160464144559000,86.2,1,86.2,4,86.5,1,2,2022-06-02 09:01:04
1654160464603812000,86.4,1,86.2,4,86.4,1,1,2022-06-02 09:01:04
1654160464650556000,86.4,1,86.2,4,86.5,1,1,2022-06-02 09:01:04
1654160465657461000,86.4,1,86.2,4,86.5,1,2,2022-06-02 09:01:05
1654160467191833000,86.2,4,86.1,7,86.4,2,2,2022-06-02 09:01:07
1654160467191833000,86.1,3,86.1,7,86.4,2,2,2022-06-02 09:01:07
1654160467616052000,86.1,1,86.1,6,86.2,2,2,2022-06-02 09:01:07
1654160468253889000,86.2,2,86.1,6,86.3,1,1,2022-06-02 09:01:08
1654160468809492000,86.3,1,86.1,6,86.6,8,1,2022-06-02 09:01:08
1654160468809492000,86.4,2,86.1,6,86.6,8,1,2022-06-02 09:01:08
1654160468809492000,86.5,1,86.1,6,86.6,8,1,2022-06-02 09:01:08
1654160468966141000,86.2,1,86.1,7,86.5,9,2,2022-06-02 09:01:08
1654160469147912000,86.1,2,86.1,5,86.5,9,2,2022-06-02 09:01:09
1654160469218003000,86.1,1,86.1,4,86.5,9,2,2022-06-02 09:01:09
1654160470272187000,86.2,2,86.1,4,86.4,2,2,2022-06-02 09:01:10
1654160470304843000,86.4,2,86.1,4,86.5,8,1,2022-06-02 09:01:10
1654160470304843000,86.5,1,86.1,4,86.5,8,1,2022-06-02 09:01:10
1654160470353978000,86.5,4,86.1,4,86.5,4,1,2022-06-02 09:01:10
1654160470381220000,86.5,4,86.1,4,86.6,8,1,2022-06-02 09:01:10
1654160472423424000,86.4,2,86.1,4,86.5,3,1,2022-06-02 09:01:12
1654160472521313000,86.5,1,86.1,4,86.5,2,1,2022-06-02 09:01:12
1654160472703207000,86.5,1,86.1,5,86.5,1,1,2022-06-02 09:01:12
1654160472758908000,86.1,1,86.1,4,86.5,1,2,2022-06-02 09:01:12
1654160474310112000,86.4,2,86.6,9,86.7,2,1,2022-06-02 09:01:14
1654160474310112000,86.5,1,86.6,9,86.7,2,1,2022-06-02 09:01:14
1654160474310112000,86.6,8,86.6,9,86.7,2,1,2022-06-02 09:01:14
1654160474342569000,86.7,2,86.6,9,86.8,2,1,2022-06-02 09:01:14
1654160474347296000,86.6,1,86.6,8,86.8,2,2,2022-06-02 09:01:14
1654160476123947000,86.6,1,86.6,7,86.8,3,2,2022-06-02 09:01:16
1654160477409363000,86.6,1,86.6,6,86.7,1,2,2022-06-02 09:01:17
1654160477940084000,86.7,1,86.6,6,86.7,1,1,2022-06-02 09:01:17
1654160477957176000,86.7,1,86.6,6,86.8,3,1,2022-06-02 09:01:17
1654160478415678000,86.6,1,86.6,5,86.8,3,2,2022-06-02 09:01:18
1654160478777401000,86.6,5,86.3,5,86.6,1,2,2022-06-02 09:01:18
1654160478806463000,86.6,1,86.3,5,86.8,3,1,2022-06-02 09:01:18
1654160479327175000,86.7,1,86.4,1,86.7,1,1,2022-06-02 09:01:19
1654160479347367000,86.7,1,86.4,1,86.8,3,1,2022-06-02 09:01:19
1654160479480138000,86.8,1,86.4,5,86.8,2,1,2022-06-02 09:01:19
1654160479503212000,86.8,1,86.4,5,86.8,1,1,2022-06-02 09:01:19
1654160480838926000,86.7,1,86.6,1,86.7,1,1,2022-06-02 09:01:20
1654160480878131000,86.7,1,86.6,1,86.8,1,1,2022-06-02 09:01:20
1654160482791800000,86.8,1,86.6,5,86.9,2,1,2022-06-02 09:01:22
1654160482822722000,86.9,1,86.6,5,86.9,1,1,2022-06-02 09:01:22
1654160483894842000,86.7,1,86.6,11,86.8,1,1,2022-06-02 09:01:23
1654160483927257000,86.8,1,86.6,11,86.9,1,1,2022-06-02 09:01:23
1654160484149787000,86.9,1,86.6,11,87.0,15,1,2022-06-02 09:01:24
1654160484149787000,87.0,2,86.6,11,87.0,15,1,2022-06-02 09:01:24
1654160484391754000,87.0,5,86.6,11,87.0,10,1,2022-06-02 09:01:24
1654160484423538000,87.0,9,86.6,11,87.0,1,1,2022-06-02 09:01:24
1654160484454312000,87.0,1,86.6,12,87.2,1,1,2022-06-02 09:01:24
1654160484454312000,87.1,1,86.6,12,87.2,1,1,2022-06-02 09:01:24
1654160484486777000,87.0,1,86.7,5,87.2,1,1,2022-06-02 09:01:24
1654160484890408000,86.9,4,86.7,2,87.2,1,1,2022-06-02 09:01:24
1654160486067793000,86.9,1,86.8,3,87.2,2,2,2022-06-02 09:01:26
1654160486067793000,86.8,2,86.8,3,87.2,2,2,2022-06-02 09:01:26
1654160487106704000,87.1,1,87.0,1,87.1,1,1,2022-06-02 09:01:27
1654160487426237000,87.0,2,86.8,2,87.1,2,2,2022-06-02 09:01:27
1654160488419500000,87.1,2,87.1,3,87.2,2,1,2022-06-02 09:01:28
1654160488865429000,87.1,1,87.1,2,87.2,3,2,2022-06-02 09:01:28
1654160488901068000,87.1,2,86.8,2,87.2,3,2,2022-06-02 09:01:28
1654160489196941000,87.2,1,86.8,2,87.2,2,1,2022-06-02 09:01:29
1654160490073463000,87.2,1,86.9,5,87.2,1,1,2022-06-02 09:01:30
1654160490116921000,87.2,1,87.4,14,87.5,6,1,2022-06-02 09:01:30
1654160490116921000,87.3,3,87.4,14,87.5,6,1,2022-06-02 09:01:30
1654160490116921000,87.4,2,87.4,14,87.5,6,1,2022-06-02 09:01:30
1654160490446928000,87.4,1,87.4,13,87.5,6,2,2022-06-02 09:01:30
1654160490736871000,87.5,1,87.4,13,87.5,5,1,2022-06-02 09:01:30
1654160490743925000,87.4,11,87.4,2,87.5,5,2,2022-06-02 09:01:30
1654160490744748000,87.4,2,87.0,1,87.5,5,2,2022-06-02 09:01:30
1654160491070839000,87.5,3,87.0,1,87.5,4,1,2022-06-02 09:01:31
1654160491413502000,87.5,1,87.0,5,87.5,3,1,2022-06-02 09:01:31
1654160492042486000,87.4,1,87.2,1,87.4,1,1,2022-06-02 09:01:32
1654160493006447000,87.4,2,87.2,2,87.7,6,1,2022-06-02 09:01:33
1654160493006447000,87.5,3,87.2,2,87.7,6,1,2022-06-02 09:01:33
1654160493006447000,87.6,4,87.2,2,87.7,6,1,2022-06-02 09:01:33
1654160493006447000,87.7,1,87.2,2,87.7,6,1,2022-06-02 09:01:33
1654160493131105000,87.6,1,87.2,2,87.7,7,2,2022-06-02 09:01:33
1654160493693481000,87.7,1,87.2,2,87.7,6,1,2022-06-02 09:01:33
1654160494103800000,87.7,1,87.2,2,87.7,5,1,2022-06-02 09:01:34
1654160494784054000,87.6,1,87.2,2,87.6,1,1,2022-06-02 09:01:34
1654160495700474000,87.5,1,87.5,1,87.6,1,1,2022-06-02 09:01:35
1654160495732479000,87.5,1,87.4,3,87.6,1,2,2022-06-02 09:01:35
1654160497297600000,87.6,1,87.4,5,87.6,3,1,2022-06-02 09:01:37
1654160497299163000,87.6,1,87.4,5,87.6,2,1,2022-06-02 09:01:37
1654160497515812000,87.4,1,87.4,4,87.6,2,2,2022-06-02 09:01:37
1654160497692682000,87.6,1,87.4,4,87.6,1,1,2022-06-02 09:01:37
1654160497713145000,87.6,1,87.4,4,87.7,5,1,2022-06-02 09:01:37
1654160497713145000,87.7,1,87.4,4,87.7,5,1,2022-06-02 09:01:37
1654160498147530000,87.7,1,87.4,4,87.7,4,1,2022-06-02 09:01:38
1654160498170553000,87.7,2,87.4,4,87.7,2,1,2022-06-02 09:01:38
1654160498447324000,87.7,1,87.4,4,87.7,1,1,2022-06-02 09:01:38
1654160499767162000,87.5,1,87.5,1,87.7,1,2,2022-06-02 09:01:39
1654160499802892000,87.5,1,87.4,4,87.7,1,2,2022-06-02 09:01:39
1654160499996482000,87.4,1,87.4,3,87.7,2,2,2022-06-02 09:01:39
1654160500097858000,87.7,1,87.5,2,87.7,1,1,2022-06-02 09:01:40
1654160500133684000,87.7,1,87.5,2,87.9,13,1,2022-06-02 09:01:40
1654160500133684000,87.8,13,87.5,2,87.9,13,1,2022-06-02 09:01:40
1654160500133684000,87.9,6,87.5,2,87.9,13,1,2022-06-02 09:01:40
1654160500825278000,87.9,1,87.7,1,87.9,12,1,2022-06-02 09:01:40
1654160500861819000,87.9,2,87.7,1,87.9,10,1,2022-06-02 09:01:40
1654160501445630000,87.9,2,87.7,1,87.9,8,1,2022-06-02 09:01:41
1654160501623418000,87.9,1,87.8,1,87.9,8,1,2022-06-02 09:01:41
1654160502067257000,87.9,8,87.8,1,88.0,21,1,2022-06-02 09:01:42
1654160502067257000,88.0,2,87.8,1,88.0,21,1,2022-06-02 09:01:42
1654160502272213000,88.0,2,87.8,1,88.0,19,1,2022-06-02 09:01:42
1654160502636526000,88.0,2,87.9,1,88.0,17,1,2022-06-02 09:01:42
1654160502817267000,88.0,1,87.9,1,88.0,16,1,2022-06-02 09:01:42
1654160503007659000,88.0,2,87.9,1,88.0,14,1,2022-06-02 09:01:43
1654160503045012000,88.0,12,87.9,1,88.0,2,1,2022-06-02 09:01:43
1654160503086411000,88.0,2,87.9,1,88.1,6,1,2022-06-02 09:01:43
1654160503537969000,88.1,6,88.0,16,88.2,5,1,2022-06-02 09:01:43
1654160504747931000,88.2,2,88.1,5,88.2,3,1,2022-06-02 09:01:44
1654160504776835000,88.2,3,88.1,5,88.3,3,1,2022-06-02 09:01:44
1654160505145786000,88.1,5,88.0,14,88.3,3,2,2022-06-02 09:01:45
1654160505286176000,88.0,1,88.0,13,88.3,4,2,2022-06-02 09:01:45
1654160505456558000,88.0,1,88.0,11,88.3,4,2,2022-06-02 09:01:45
1654160505485268000,88.0,0,0.0,0,0.0,0,2,2022-06-02 09:01:45
1654160626573967000,88.2,125,88.2,2,88.3,11,1,2022-06-02 09:03:46
1654160626900393000,88.2,2,88.1,44,88.2,3,2,2022-06-02 09:03:46
1654160627010665000,88.1,3,88.1,41,88.2,3,2,2022-06-02 09:03:47
1654160627228137000,88.1,2,88.1,39,88.2,3,2,2022-06-02 09:03:47
1654160627248622000,88.1,31,88.1,8,88.2,3,2,2022-06-02 09:03:47
1654160627248754000,88.1,8,88.0,32,88.2,3,2,2022-06-02 09:03:47
1654160627602203000,88.0,1,88.0,31,88.2,3,2,2022-06-02 09:03:47
1654160627830126000,88.0,5,88.0,29,88.2,4,2,2022-06-02 09:03:47
1654160627843623000,88.0,4,88.0,25,88.2,4,2,2022-06-02 09:03:47
1654160627870479000,88.0,9,88.0,16,88.2,4,2,2022-06-02 09:03:47
1654160627870500000,88.0,3,88.0,13,88.2,4,2,2022-06-02 09:03:47
1654160627891036000,88.0,2,88.0,11,88.2,4,2,2022-06-02 09:03:47
1654160627891361000,88.0,10,88.0,1,88.2,4,2,2022-06-02 09:03:47
1654160627896043000,88.0,1,87.9,6,88.2,4,2,2022-06-02 09:03:47
1654160628080404000,87.9,6,87.8,3,88.0,10,2,2022-06-02 09:03:48
1654160628131440000,87.8,1,87.8,2,88.0,10,2,2022-06-02 09:03:48
1654160628563245000,87.8,2,87.6,4,87.7,7,2,2022-06-02 09:03:48
1654160628563245000,87.7,1,87.6,4,87.7,7,2,2022-06-02 09:03:48
1654160629226601000,87.6,1,87.6,3,87.7,8,2,2022-06-02 09:03:49
1654160629811181000,87.7,1,87.6,3,87.7,7,1,2022-06-02 09:03:49
1654160632634834000,87.7,1,87.6,6,87.7,6,1,2022-06-02 09:03:52
1654160632676470000,87.6,2,87.6,4,87.7,6,2,2022-06-02 09:03:52
1654160633085988000,87.7,2,87.6,4,88.1,1,1,2022-06-02 09:03:53
1654160633610004000,87.7,2,87.7,4,88.0,7,2,2022-06-02 09:03:53
1654160633617071000,87.7,2,87.7,2,88.0,7,2,2022-06-02 09:03:53
1654160634045812000,87.7,1,87.7,3,87.9,2,2,2022-06-02 09:03:54
1654160634339094000,87.7,1,87.7,2,87.9,2,2,2022-06-02 09:03:54
1654160634369018000,87.7,1,87.7,1,87.9,2,2,2022-06-02 09:03:54
1654160635232823000,87.9,1,87.7,3,87.9,1,1,2022-06-02 09:03:55
1654160640386275000,87.7,1,87.7,3,87.8,4,2,2022-06-02 09:04:00
1654160640711179000,87.8,1,87.7,4,87.8,3,1,2022-06-02 09:04:00
1654160641242541000,87.7,4,87.5,4,87.6,21,2,2022-06-02 09:04:01
1654160641242541000,87.6,5,87.5,4,87.6,21,2,2022-06-02 09:04:01
1654160641792569000,87.6,1,87.5,4,87.6,20,1,2022-06-02 09:04:01
1654160641898055000,87.5,4,87.4,3,87.5,2,2,2022-06-02 09:04:01
1654160642536368000,87.4,3,87.3,1,87.4,2,2,2022-06-02 09:04:02
1654160642918668000,87.3,1,87.2,3,87.4,2,2,2022-06-02 09:04:02
1654160642918668000,87.2,1,87.2,3,87.4,2,2,2022-06-02 09:04:02
1654160642984875000,87.2,3,87.0,8,87.4,3,2,2022-06-02 09:04:02
1654160643313146000,87.0,5,87.0,3,87.1,2,2,2022-06-02 09:04:03
1654160643349014000,87.0,3,86.9,1,87.1,2,2,2022-06-02 09:04:03
1654160643349157000,87.1,1,86.9,1,87.1,1,1,2022-06-02 09:04:03
1654160644322351000,86.9,1,86.8,3,86.9,4,2,2022-06-02 09:04:04
1654160644445381000,86.9,1,86.8,3,86.9,3,1,2022-06-02 09:04:04
1654160644496121000,86.9,1,86.8,3,86.9,2,1,2022-06-02 09:04:04
1654160644781799000,86.9,1,86.8,3,86.9,1,1,2022-06-02 09:04:04
1654160644810758000,86.9,1,86.8,3,87.1,1,1,2022-06-02 09:04:04
1654160646025590000,86.8,1,86.8,2,87.0,1,2,2022-06-02 09:04:06
1654160647947704000,86.8,2,86.6,5,86.9,5,2,2022-06-02 09:04:07
1654160648963613000,86.8,1,86.6,6,86.8,1,1,2022-06-02 09:04:08
1654160649430353000,86.8,1,86.6,6,86.8,2,1,2022-06-02 09:04:09
1654160649619346000,86.6,4,86.6,2,86.8,2,2,2022-06-02 09:04:09
1654160650953897000,86.6,2,86.5,4,86.8,2,2,2022-06-02 09:04:10
1654160652147768000,86.8,1,86.5,4,86.8,1,1,2022-06-02 09:04:12
1654160653396198000,86.8,1,86.6,2,87.1,1,1,2022-06-02 09:04:13
1654160653434127000,86.6,2,86.5,1,87.1,1,2,2022-06-02 09:04:13
1654160653434127000,86.5,3,86.5,1,87.1,1,2,2022-06-02 09:04:13
1654160653579019000,86.8,1,86.8,2,87.1,2,2,2022-06-02 09:04:13
1654160653607846000,86.8,2,86.8,2,87.1,2,2,2022-06-02 09:04:13
1654160653976543000,86.8,2,86.6,3,87.0,2,2,2022-06-02 09:04:13
1654160656155066000,86.7,1,86.6,4,86.7,1,2,2022-06-02 09:04:16
1654160656998524000,86.7,1,86.6,1,86.9,3,1,2022-06-02 09:04:16
1654160656998524000,86.8,2,86.6,1,86.9,3,1,2022-06-02 09:04:16
1654160657237161000,86.6,2,86.4,1,86.9,3,2,2022-06-02 09:04:17
1654160657661691000,86.6,1,86.4,1,86.6,1,1,2022-06-02 09:04:17
1654160657694809000,86.6,1,86.4,1,86.8,4,1,2022-06-02 09:04:17
1654160657837049000,86.9,1,86.4,1,86.9,6,1,2022-06-02 09:04:17
1654160660081075000,86.5,1,86.3,6,86.7,6,2,2022-06-02 09:04:20
1654160660081075000,86.4,2,86.3,6,86.7,6,2,2022-06-02 09:04:20
1654160660081075000,86.3,2,86.3,6,86.7,6,2,2022-06-02 09:04:20
1654160660113512000,86.3,6,86.2,5,86.7,6,2,2022-06-02 09:04:20
1654160663451092000,86.5,1,86.2,7,86.5,5,1,2022-06-02 09:04:23
1654160664839693000,86.4,1,86.2,5,86.5,10,2,2022-06-02 09:04:24
1654160664902702000,86.4,1,86.2,5,86.5,10,1,2022-06-02 09:04:24
1654160666161922000,86.5,2,86.3,2,86.5,4,1,2022-06-02 09:04:26
1654160666206664000,86.3,2,86.0,50,86.5,4,2,2022-06-02 09:04:26
1654160666206664000,86.2,5,86.0,50,86.5,4,2,2022-06-02 09:04:26
1654160666206664000,86.1,13,86.0,50,86.5,4,2,2022-06-02 09:04:26
1654160666206664000,86.0,10,86.0,50,86.5,4,2,2022-06-02 09:04:26
1654160666251973000,86.1,1,86.0,46,86.4,5,2,2022-06-02 09:04:26
1654160666251973000,86.0,4,86.0,46,86.4,5,2,2022-06-02 09:04:26
1654160667045847000,86.3,1,86.0,46,86.4,5,2,2022-06-02 09:04:27
1654160667258341000,86.2,1,86.0,46,86.4,5,2,2022-06-02 09:04:27
1654160667369420000,86.4,1,86.0,46,86.4,4,1,2022-06-02 09:04:27
1654160667460513000,86.0,5,86.0,41,86.4,4,2,2022-06-02 09:04:27
1654160667789993000,86.3,1,86.0,41,86.3,1,1,2022-06-02 09:04:27
1654160668817833000,86.3,1,86.0,41,86.5,7,1,2022-06-02 09:04:28
1654160668817833000,86.4,4,86.0,41,86.5,7,1,2022-06-02 09:04:28
1654160669754403000,86.1,1,86.0,31,86.4,1,2,2022-06-02 09:04:29
1654160669754403000,86.0,10,86.0,31,86.4,1,2,2022-06-02 09:04:29
1654160670479499000,86.1,1,86.0,31,86.3,2,2,2022-06-02 09:04:30
1654160670577376000,86.3,1,86.0,31,86.3,1,1,2022-06-02 09:04:30
1654160670634591000,86.1,1,86.0,30,86.3,1,2,2022-06-02 09:04:30
1654160670634591000,86.0,1,86.0,30,86.3,1,2,2022-06-02 09:04:30
1654160671854309000,86.3,1,86.0,30,86.5,7,1,2022-06-02 09:04:31
1654160671854309000,86.4,1,86.0,30,86.5,7,1,2022-06-02 09:04:31
1654160671962189000,86.1,1,86.0,31,86.4,1,2,2022-06-02 09:04:31
1654160673289086000,86.3,2,86.2,1,86.4,1,1,2022-06-02 09:04:33
1654160673504849000,86.2,1,86.0,34,86.2,4,2,2022-06-02 09:04:33
1654160673998894000,86.1,2,86.1,1,86.2,4,2,2022-06-02 09:04:33
1654160674010628000,86.1,1,86.0,44,86.1,10,2,2022-06-02 09:04:34
1654160674314271000,86.1,1,86.0,42,86.1,9,1,2022-06-02 09:04:34
1654160674322739000,86.1,1,86.0,42,86.1,8,1,2022-06-02 09:04:34
1654160674770723000,86.0,10,86.0,32,86.2,4,2,2022-06-02 09:04:34
1654160677100012000,86.0,2,86.0,31,86.1,10,2,2022-06-02 09:04:37
1654160677185127000,86.1,8,86.0,31,86.1,2,1,2022-06-02 09:04:37
1654160677239962000,86.0,1,86.0,30,86.1,2,2,2022-06-02 09:04:37
1654160677434561000,86.0,1,86.0,29,86.1,2,2,2022-06-02 09:04:37
1654160677597142000,86.0,1,86.0,28,86.1,2,2,2022-06-02 09:04:37
1654160677694437000,86.0,4,86.0,25,86.1,2,2,2022-06-02 09:04:37
1654160677722403000,86.0,1,86.0,24,86.1,2,2,2022-06-02 09:04:37
1654160677915282000,86.1,1,86.0,25,86.1,1,1,2022-06-02 09:04:37
1654160678520462000,86.0,1,86.0,24,86.1,1,2,2022-06-02 09:04:38
1654160678608183000,86.0,24,85.9,1,86.0,8,2,2022-06-02 09:04:38
1654160678649217000,85.9,1,85.8,5,86.0,8,2,2022-06-02 09:04:38
1654160678688248000,85.8,5,85.6,3,85.9,1,2,2022-06-02 09:04:38
1654160678688248000,85.7,1,85.6,3,85.9,1,2,2022-06-02 09:04:38
1654160678688248000,85.6,1,85.6,3,85.9,1,2,2022-06-02 09:04:38
1654160678727537000,85.6,1,85.6,2,85.9,1,2,2022-06-02 09:04:38
1654160678753345000,85.6,2,85.5,2,85.8,1,2,2022-06-02 09:04:38
1654160679033336000,85.7,1,85.5,2,85.8,1,1,2022-06-02 09:04:39
1654160679033336000,85.8,1,85.5,2,85.8,1,1,2022-06-02 09:04:39
1654160679483936000,85.8,1,85.5,2,85.9,1,1,2022-06-02 09:04:39
1654160679486001000,85.5,1,85.5,1,85.9,1,2,2022-06-02 09:04:39
1654160679661783000,85.9,1,85.5,3,85.9,4,1,2022-06-02 09:04:39
1654160680231510000,85.6,2,85.5,2,86.0,1,2,2022-06-02 09:04:40
1654160680231510000,85.5,1,85.5,2,86.0,1,2,2022-06-02 09:04:40
1654160681317723000,85.6,1,85.6,2,85.9,1,2,2022-06-02 09:04:41
1654160681809044000,85.6,1,85.6,1,85.8,1,2,2022-06-02 09:04:41
1654160681933429000,85.8,1,85.6,1,85.9,1,1,2022-06-02 09:04:41
1654160682225191000,86.0,2,86.0,1,86.1,4,1,2022-06-02 09:04:42
1654160682263088000,86.0,1,85.6,1,86.2,4,2,2022-06-02 09:04:42
1654160682419604000,85.6,1,85.4,51,86.1,6,2,2022-06-02 09:04:42
1654160682419604000,85.5,4,85.4,51,86.1,6,2,2022-06-02 09:04:42
1654160682485416000,86.0,1,85.4,51,86.1,2,2,2022-06-02 09:04:42
1654160683321014000,85.4,2,85.4,49,86.0,5,2,2022-06-02 09:04:43
1654160683371572000,86.0,1,85.4,49,86.0,4,1,2022-06-02 09:04:43
1654160683432873000,85.6,1,85.5,2,86.0,6,1,2022-06-02 09:04:43
1654160684877885000,85.5,1,85.5,1,85.9,6,2,2022-06-02 09:04:44
1654160685237289000,85.5,1,85.4,48,85.9,6,2,2022-06-02 09:04:45
1654160685237289000,85.4,1,85.4,48,85.9,6,2,2022-06-02 09:04:45
1654160686681902000,85.5,4,85.4,2,85.8,1,2,2022-06-02 09:04:46
1654160686681902000,85.4,46,85.4,2,85.8,1,2,2022-06-02 09:04:46
1654160687384945000,85.6,2,85.6,4,85.7,3,2,2022-06-02 09:04:47
1654160687940410000,85.6,3,85.6,1,85.7,3,2,2022-06-02 09:04:47
1654160687980158000,85.6,1,85.4,7,85.7,5,2,2022-06-02 09:04:47
1654160690371295000,85.5,1,85.5,1,85.6,3,2,2022-06-02 09:04:50
1654160691070267000,85.5,2,85.5,1,85.6,2,2,2022-06-02 09:04:51
1654160692892358000,85.6,2,85.5,2,85.7,3,1,2022-06-02 09:04:52
1654160693924127000,85.6,1,85.5,3,85.7,1,1,2022-06-02 09:04:53
1654160694887617000,85.6,1,85.5,5,85.6,4,2,2022-06-02 09:04:54
1654160694907461000,85.6,1,85.5,5,85.6,3,1,2022-06-02 09:04:54
1654160694926267000,85.5,4,85.5,1,85.6,3,2,2022-06-02 09:04:54
1654160694929906000,85.6,3,85.5,1,85.7,1,1,2022-06-02 09:04:54
1654160696798748000,85.6,1,85.6,1,85.7,1,2,2022-06-02 09:04:56
1654160697386360000,85.6,1,85.5,10,85.7,2,2,2022-06-02 09:04:57
1654160698223326000,85.6,1,85.6,1,85.7,1,2,2022-06-02 09:04:58
1654160699100126000,85.7,1,85.7,4,85.9,3,1,2022-06-02 09:04:59
1654160699335520000,85.7,2,85.7,2,85.9,3,2,2022-06-02 09:04:59
1654160699766928000,85.7,1,85.7,1,85.9,3,2,2022-06-02 09:04:59
1654160700426680000,85.7,1,85.6,3,85.9,3,2,2022-06-02 09:05:00
1654160700876565000,85.6,1,85.6,3,85.8,1,2,2022-06-02 09:05:00
1654160700906746000,85.6,3,85.5,11,85.8,1,2,2022-06-02 09:05:00
1654160700906746000,85.5,2,85.5,11,85.8,1,2,2022-06-02 09:05:00
1654160701388421000,85.7,1,85.5,11,85.9,2,1,2022-06-02 09:05:01
1654160701388421000,85.8,3,85.5,11,85.9,2,1,2022-06-02 09:05:01
1654160701388421000,85.9,1,85.5,11,85.9,2,1,2022-06-02 09:05:01
1654160702709396000,85.6,1,85.5,9,85.8,2,2,2022-06-02 09:05:02
1654160703446926000,85.6,1,85.5,9,85.7,1,2,2022-06-02 09:05:03
1654160703907527000,85.5,2,85.5,7,85.7,1,2,2022-06-02 09:05:03
1654160703967231000,85.5,4,85.5,2,85.7,1,2,2022-06-02 09:05:03
1654160705414175000,85.6,1,85.6,1,85.7,1,2,2022-06-02 09:05:05
1654160706347119000,85.6,1,85.5,3,85.7,2,2,2022-06-02 09:05:06
1654160706822997000,85.7,2,85.5,13,85.8,3,1,2022-06-02 09:05:06
1654160707098834000,85.8,3,85.5,13,85.9,2,1,2022-06-02 09:05:07
1654160707625063000,85.9,1,85.5,13,85.9,1,1,2022-06-02 09:05:07
1654160708722274000,85.9,1,85.6,7,86.0,5,1,2022-06-02 09:05:08
1654160709102042000,85.8,2,85.6,7,86.0,5,1,2022-06-02 09:05:09
1654160709136810000,85.6,2,85.6,5,86.0,5,2,2022-06-02 09:05:09
1654160709416719000,86.0,2,85.6,5,86.0,3,1,2022-06-02 09:05:09
1654160709718270000,85.7,1,85.7,1,86.0,3,2,2022-06-02 09:05:09
1654160710633597000,85.9,3,85.8,1,86.0,1,1,2022-06-02 09:05:10
1654160710633597000,86.0,2,85.8,1,86.0,1,1,2022-06-02 09:05:10
1654160710945174000,86.0,1,85.8,1,86.1,3,1,2022-06-02 09:05:10
1654160712799116000,85.9,1,85.8,1,86.0,1,2,2022-06-02 09:05:12
1654160712862056000,86.0,1,86.0,1,86.1,3,1,2022-06-02 09:05:12
1654160713072960000,86.0,1,85.8,2,86.1,3,2,2022-06-02 09:05:13
1654160713307027000,86.1,1,85.8,2,86.1,2,1,2022-06-02 09:05:13
1654160713988446000,86.0,1,85.8,3,86.1,1,1,2022-06-02 09:05:13
1654160713988446000,86.1,1,85.8,3,86.1,1,1,2022-06-02 09:05:13
1654160714367185000,85.8,1,85.8,2,86.1,1,2,2022-06-02 09:05:14
1654160715172823000,85.8,2,85.7,5,86.1,1,2,2022-06-02 09:05:15
1654160716098262000,85.9,1,85.9,1,86.0,1,2,2022-06-02 09:05:16
1654160716800460000,85.9,1,85.8,1,86.0,1,2,2022-06-02 09:05:16
1654160716800460000,85.8,1,85.8,1,86.0,1,2,2022-06-02 09:05:16
1654160717266739000,85.9,1,85.8,1,86.1,1,1,2022-06-02 09:05:17
1654160717266739000,86.0,1,85.8,1,86.1,1,1,2022-06-02 09:05:17
1654160717538601000,85.8,1,85.7,5,86.1,1,1,2022-06-02 09:05:17
1654160718372012000,86.0,3,86.1,6,86.3,2,1,2022-06-02 09:05:18
1654160718372012000,86.1,1,86.1,6,86.3,2,1,2022-06-02 09:05:18
1654160719665019000,86.1,1,86.1,5,86.2,1,2,2022-06-02 09:05:19
1654160719776196000,86.1,1,86.1,4,86.2,1,2,2022-06-02 09:05:19
1654160719906807000,86.1,1,86.1,3,86.2,1,2,2022-06-02 09:05:19
1654160720096175000,86.1,1,86.1,2,86.2,3,2,2022-06-02 09:05:20
1654160720113753000,86.1,2,85.9,1,86.2,3,2,2022-06-02 09:05:20
1654160721688569000,86.1,1,85.9,1,86.1,2,1,2022-06-02 09:05:21
1654160721822801000,85.9,1,85.9,1,86.1,2,2,2022-06-02 09:05:21
1654160722488051000,86.1,1,85.9,1,86.1,1,1,2022-06-02 09:05:22
1654160722548714000,86.1,1,85.9,1,86.2,1,1,2022-06-02 09:05:22
1654160722894543000,86.0,1,85.9,1,86.2,1,1,2022-06-02 09:05:22
1654160726301336000,85.9,1,85.8,2,86.0,2,1,2022-06-02 09:05:26
1654160727541165000,86.0,1,85.9,1,86.0,7,1,2022-06-02 09:05:27
1654160727664111000,85.9,1,85.8,2,86.0,17,2,2022-06-02 09:05:27
1654160730075468000,85.9,1,85.8,6,86.0,24,2,2022-06-02 09:05:30
1654160730953812000,85.9,1,85.8,5,86.0,25,1,2022-06-02 09:05:30
1654160731729451000,85.8,5,85.7,2,85.9,5,2,2022-06-02 09:05:31
1654160733379862000,85.8,3,85.6,12,85.9,9,2,2022-06-02 09:05:33
1654160733379862000,85.7,2,85.6,12,85.9,9,2,2022-06-02 09:05:33
1654160734655389000,85.9,1,85.6,12,85.9,6,1,2022-06-02 09:05:34
1654160734994972000,85.9,1,85.6,12,85.9,5,1,2022-06-02 09:05:34
1654160738107008000,85.6,13,85.5,22,85.7,5,2,2022-06-02 09:05:38
1654160738141771000,85.5,2,85.5,20,85.7,5,2,2022-06-02 09:05:38
1654160738172911000,85.5,3,85.5,17,85.6,1,2,2022-06-02 09:05:38
1654160738213397000,85.5,6,85.5,11,85.6,1,2,2022-06-02 09:05:38
1654160738246557000,85.5,6,85.5,5,85.6,1,2,2022-06-02 09:05:38
1654160738417865000,85.5,1,85.5,4,85.6,1,2,2022-06-02 09:05:38
1654160739109606000,85.5,2,85.5,2,85.6,1,2,2022-06-02 09:05:39
1654160739121017000,85.5,1,85.5,1,85.6,1,2,2022-06-02 09:05:39
1654160739139019000,85.5,1,85.4,10,85.6,1,2,2022-06-02 09:05:39
1654160740299315000,85.5,1,85.4,9,85.5,4,1,2022-06-02 09:05:40
1654160740704021000,85.4,5,85.4,4,85.5,4,2,2022-06-02 09:05:40
1654160740975642000,85.4,1,85.4,3,85.5,4,2,2022-06-02 09:05:40
1654160741023153000,85.4,1,85.4,2,85.5,4,2,2022-06-02 09:05:41
1654160741071775000,85.4,1,85.4,1,85.5,4,2,2022-06-02 09:05:41
1654160741105752000,85.4,1,85.3,9,85.5,4,2,2022-06-02 09:05:41
1654160741488900000,85.3,3,85.3,6,85.4,2,2,2022-06-02 09:05:41
1654160741526857000,85.3,2,85.3,4,85.4,2,2,2022-06-02 09:05:41
1654160741531299000,85.3,1,85.3,3,85.4,2,2,2022-06-02 09:05:41
1654160741538943000,85.3,2,85.3,1,85.4,2,2,2022-06-02 09:05:41
1654160741603753000,85.3,1,85.2,7,85.4,2,2,2022-06-02 09:05:41
1654160741603753000,85.2,1,85.2,7,85.4,2,2,2022-06-02 09:05:41
1654160741893807000,85.2,1,85.2,6,85.3,1,2,2022-06-02 09:05:41
1654160742747572000,85.2,1,85.2,5,85.3,1,2,2022-06-02 09:05:42
1654160742852022000,85.2,1,85.2,4,85.3,1,2,2022-06-02 09:05:42
1654160743658961000,85.3,1,85.2,4,85.4,5,1,2022-06-02 09:05:43
1654160743673992000,85.2,3,85.2,1,85.4,5,2,2022-06-02 09:05:43
1654160744497702000,85.3,1,85.2,1,85.4,6,2,2022-06-02 09:05:44
1654160745378681000,85.3,1,85.2,1,85.3,2,1,2022-06-02 09:05:45
1654160745407881000,85.2,1,0.0,0,0.0,0,2,2022-06-02 09:05:45
1654160745407881000,85.2,0,0.0,0,0.0,0,2,2022-06-02 09:05:45
1654160866051390000,85.5,47,85.5,19,85.6,1,1,2022-06-02 09:07:46
1654160866084272000,85.6,1,85.5,19,85.7,1,1,2022-06-02 09:07:46
1654160868725992000,85.6,1,85.5,20,85.6,1,1,2022-06-02 09:07:48
1654160868763210000,85.6,1,85.5,20,85.7,1,1,2022-06-02 09:07:48
1654160870691983000,85.5,1,85.5,19,85.7,1,2,2022-06-02 09:07:50
1654160872418434000,85.5,2,85.5,17,85.6,7,2,2022-06-02 09:07:52
1654160872880438000,85.5,2,85.5,15,85.6,7,2,2022-06-02 09:07:52
1654160874133661000,85.5,2,85.5,14,85.6,7,2,2022-06-02 09:07:54
1654160874209904000,85.5,1,85.5,13,85.6,7,2,2022-06-02 09:07:54
1654160874228437000,85.5,5,85.5,8,85.6,7,2,2022-06-02 09:07:54
1654160874664245000,85.5,2,85.5,7,85.6,7,2,2022-06-02 09:07:54
1654160874695300000,85.5,1,85.5,6,85.6,7,2,2022-06-02 09:07:54
1654160874898483000,85.5,2,85.5,4,85.6,7,2,2022-06-02 09:07:54
1654160874920922000,85.5,4,85.4,4,85.6,7,2,2022-06-02 09:07:54
1654160875512913000,85.4,4,85.3,16,85.5,9,2,2022-06-02 09:07:55
1654160875512913000,85.3,1,85.3,16,85.5,9,2,2022-06-02 09:07:55
1654160877266441000,85.3,2,85.3,15,85.4,1,2,2022-06-02 09:07:57
1654160877860634000,85.3,2,85.3,13,85.4,1,2,2022-06-02 09:07:57
1654160877885366000,85.3,1,85.3,12,85.4,1,2,2022-06-02 09:07:57
1654160879078073000,85.4,1,85.3,12,85.4,2,1,2022-06-02 09:07:59
1654160879969322000,85.3,2,85.3,10,85.4,3,2,2022-06-02 09:07:59
1654160881619861000,85.3,1,85.3,14,85.4,3,2,2022-06-02 09:08:01
1654160881741653000,85.4,1,85.3,14,85.4,2,1,2022-06-02 09:08:01
1654160882151860000,85.3,1,85.3,13,85.4,2,2,2022-06-02 09:08:02
1654160882251666000,85.3,1,85.3,12,85.4,2,2,2022-06-02 09:08:02
1654160885646793000,85.4,1,85.3,12,85.5,6,1,2022-06-02 09:08:05
1654160886362980000,85.4,1,85.3,15,85.4,9,1,2022-06-02 09:08:06
1654160887085477000,85.4,1,85.3,16,85.4,8,1,2022-06-02 09:08:07
1654160887420274000,85.3,2,85.3,14,85.4,8,2,2022-06-02 09:08:07
1654160889830124000,85.4,1,85.3,18,85.4,10,1,2022-06-02 09:08:09
1654160889873737000,85.4,7,85.3,18,85.4,3,1,2022-06-02 09:08:09
1654160889914015000,85.4,3,85.3,18,85.5,3,1,2022-06-02 09:08:09
1654160890755809000,85.4,2,85.3,18,85.4,5,1,2022-06-02 09:08:10
1654160894389640000,85.4,1,85.3,20,85.4,5,1,2022-06-02 09:08:14
1654160894416262000,85.4,2,85.3,20,85.4,3,1,2022-06-02 09:08:14
1654160894932292000,85.4,3,85.4,2,85.5,3,1,2022-06-02 09:08:14
1654160894965007000,85.5,2,85.4,2,85.5,1,1,2022-06-02 09:08:14
1654160894994212000,85.5,1,85.4,2,85.6,2,1,2022-06-02 09:08:14
1654160895703822000,85.6,2,85.4,3,85.8,4,1,2022-06-02 09:08:15
1654160895703822000,85.7,1,85.4,3,85.8,4,1,2022-06-02 09:08:15
1654160897944356000,85.7,1,85.5,2,85.7,2,1,2022-06-02 09:08:17
1654160898875905000,85.7,1,85.5,2,85.7,2,1,2022-06-02 09:08:18
1654160899420784000,85.7,1,85.5,2,85.8,4,1,2022-06-02 09:08:19
1654160901444636000,85.6,1,85.5,4,85.7,2,1,2022-06-02 09:08:21
1654160907419217000,85.6,5,85.6,8,85.7,3,2,2022-06-02 09:08:27
1654160908383305000,85.7,1,85.6,10,85.7,4,1,2022-06-02 09:08:28
1654160908831517000,85.7,2,85.6,10,85.7,2,1,2022-06-02 09:08:28
1654160909410866000,85.7,2,85.6,10,85.8,5,1,2022-06-02 09:08:29
1654160909497551000,85.8,4,85.6,10,85.8,1,1,2022-06-02 09:08:29
1654160910595689000,85.8,1,85.9,12,86.0,28,1,2022-06-02 09:08:30
1654160910595689000,85.9,6,85.9,12,86.0,28,1,2022-06-02 09:08:30
1654160910890898000,85.9,1,85.9,11,86.0,28,2,2022-06-02 09:08:30
1654160912420994000,85.9,4,85.9,7,86.0,28,2,2022-06-02 09:08:32
1654160912481173000,85.9,7,85.7,7,85.9,11,2,2022-06-02 09:08:32
1654160913335199000,85.9,2,85.8,1,85.9,9,1,2022-06-02 09:08:33
1654160913702757000,85.8,1,85.7,3,85.8,1,2,2022-06-02 09:08:33
1654160914300150000,85.7,2,85.7,3,85.8,6,2,2022-06-02 09:08:34
1654160914609008000,85.7,3,85.6,14,85.8,10,2,2022-06-02 09:08:34
1654160915344095000,85.8,1,85.6,14,85.8,9,1,2022-06-02 09:08:35
1654160915611496000,85.7,1,85.6,14,85.7,3,1,2022-06-02 09:08:35
1654160915909516000,85.7,1,85.6,14,85.7,4,1,2022-06-02 09:08:35
1654160916438572000,85.7,2,85.6,14,85.7,5,1,2022-06-02 09:08:36
1654160916553129000,85.7,1,85.6,14,85.7,4,1,2022-06-02 09:08:36
1654160917310234000,85.6,1,85.6,13,85.7,6,2,2022-06-02 09:08:37
1654160917347373000,85.6,1,85.6,12,85.7,6,2,2022-06-02 09:08:37
1654160917446200000,85.7,2,85.6,12,85.7,4,1,2022-06-02 09:08:37
1654160917448697000,85.7,4,85.6,12,85.8,7,1,2022-06-02 09:08:37
1654160917835182000,85.8,5,85.6,12,85.8,2,1,2022-06-02 09:08:37
1654160918441013000,85.7,1,85.6,12,85.7,1,2,2022-06-02 09:08:38
1654160919246846000,85.7,1,85.6,12,85.8,2,1,2022-06-02 09:08:39
1654160919246846000,85.8,2,85.6,12,85.8,2,1,2022-06-02 09:08:39
1654160919385972000,85.8,1,85.6,12,85.8,1,1,2022-06-02 09:08:39
1654160919489339000,85.8,1,85.6,12,85.9,12,1,2022-06-02 09:08:39
1654160919489339000,85.9,1,85.6,12,85.9,12,1,2022-06-02 09:08:39
1654160919660515000,85.8,2,85.6,12,85.9,13,1,2022-06-02 09:08:39
1654160921055242000,85.9,2,85.7,3,85.9,10,1,2022-06-02 09:08:41
1654160921651534000,85.9,1,85.7,8,85.9,9,1,2022-06-02 09:08:41
1654160922000835000,85.9,1,85.7,8,85.9,8,1,2022-06-02 09:08:42
1654160923674772000,85.9,2,85.7,10,85.9,6,1,2022-06-02 09:08:43
1654160923788185000,85.7,3,85.7,7,85.9,3,2,2022-06-02 09:08:43
1654160924550647000,85.9,1,85.7,8,85.9,2,1,2022-06-02 09:08:44
1654160926779621000,85.9,2,85.7,9,85.9,2,1,2022-06-02 09:08:46
1654160928450317000,85.9,3,85.9,2,86.0,29,1,2022-06-02 09:08:48
1654160929411050000,85.9,1,85.9,2,86.0,29,2,2022-06-02 09:08:49
1654160931640535000,86.0,3,85.9,2,86.0,26,1,2022-06-02 09:08:51
1654160931768784000,86.0,2,85.9,2,86.0,24,1,2022-06-02 09:08:51
1654160931834692000,85.9,1,85.9,1,86.0,24,2,2022-06-02 09:08:51
1654160931886201000,86.0,5,85.9,1,86.0,19,1,2022-06-02 09:08:51
1654160931917547000,85.9,1,85.8,3,85.9,3,2,2022-06-02 09:08:51
1654160933978450000,85.9,1,85.8,3,85.9,2,1,2022-06-02 09:08:53
1654160934983178000,85.8,2,85.8,1,85.9,2,2,2022-06-02 09:08:54
1654160935947228000,85.8,2,85.8,1,85.9,2,2,2022-06-02 09:08:55
1654160936578474000,85.9,1,85.8,2,85.9,2,1,2022-06-02 09:08:56
1654160936632546000,85.9,1,85.8,2,85.9,1,1,2022-06-02 09:08:56
1654160936702594000,85.9,1,85.8,2,86.0,19,1,2022-06-02 09:08:56
1654160937771724000,85.9,1,85.8,2,86.0,19,2,2022-06-02 09:08:57
1654160939026443000,85.9,2,85.8,3,86.0,18,1,2022-06-02 09:08:59
1654160939026443000,86.0,1,85.8,3,86.0,18,1,2022-06-02 09:08:59
1654160939033906000,86.0,1,85.8,3,86.0,17,1,2022-06-02 09:08:59
1654160939722424000,85.8,3,85.7,17,85.8,10,2,2022-06-02 09:08:59
1654160941141572000,85.7,2,85.7,15,85.8,10,2,2022-06-02 09:09:01
1654160941172374000,85.7,3,85.7,12,85.8,10,2,2022-06-02 09:09:01
1654160941570692000,85.7,3,85.7,9,85.8,11,2,2022-06-02 09:09:01
1654160941600610000,85.7,6,85.7,3,85.8,11,2,2022-06-02 09:09:01
1654160941631082000,85.7,1,85.7,2,85.8,11,2,2022-06-02 09:09:01
1654160941655217000,85.8,2,85.7,2,85.8,9,1,2022-06-02 09:09:01
1654160941663040000,85.7,1,85.7,1,85.8,9,2,2022-06-02 09:09:01
1654160941700771000,85.7,1,85.6,13,85.7,2,2,2022-06-02 09:09:01
1654160941931340000,85.7,1,85.6,13,85.7,4,1,2022-06-02 09:09:01
1654160942350323000,85.7,1,85.6,13,85.7,3,1,2022-06-02 09:09:02
1654160943574855000,85.7,4,85.6,13,85.7,1,1,2022-06-02 09:09:03
1654160944811841000,85.7,1,85.6,12,85.7,3,1,2022-06-02 09:09:04
1654160944839995000,85.6,1,85.6,11,85.7,3,2,2022-06-02 09:09:04
1654160946020075000,85.6,4,85.6,7,85.7,3,2,2022-06-02 09:09:06
1654160946045402000,85.6,7,85.5,10,85.7,3,2,2022-06-02 09:09:06
1654160946134386000,85.5,1,85.5,9,85.6,1,2,2022-06-02 09:09:06
1654160946879063000,85.6,1,85.5,9,85.7,1,1,2022-06-02 09:09:06
1654160946879063000,85.7,1,85.5,9,85.7,1,1,2022-06-02 09:09:06
1654160949915108000,85.7,1,85.6,1,85.7,3,1,2022-06-02 09:09:09
1654160950289207000,85.7,3,85.6,1,85.8,6,1,2022-06-02 09:09:10
1654160950289207000,85.8,2,85.6,1,85.8,6,1,2022-06-02 09:09:10
1654160951946864000,85.7,1,85.6,1,85.8,6,1,2022-06-02 09:09:11
1654160955558384000,85.8,2,85.6,2,85.8,4,1,2022-06-02 09:09:15
1654160957073328000,85.7,1,85.6,3,85.8,4,1,2022-06-02 09:09:17
1654160959319708000,85.7,1,85.6,5,85.8,4,1,2022-06-02 09:09:19
1654160960060275000,85.7,1,85.6,8,85.8,5,1,2022-06-02 09:09:20
1654160964660983000,85.7,1,85.6,9,85.7,1,1,2022-06-02 09:09:24
1654160965512161000,85.7,1,85.6,9,85.8,5,1,2022-06-02 09:09:25
1654160965979184000,85.8,5,85.6,9,85.9,5,1,2022-06-02 09:09:25
1654160974414689000,85.8,1,85.7,4,85.8,1,1,2022-06-02 09:09:34
1654160975120950000,85.8,1,85.7,4,85.9,5,1,2022-06-02 09:09:35
1654160978103443000,85.9,1,85.8,2,85.9,4,1,2022-06-02 09:09:38
1654160978276701000,85.9,1,85.8,2,85.9,3,1,2022-06-02 09:09:38
1654160980252262000,85.9,2,85.8,2,85.9,1,1,2022-06-02 09:09:40
1654160982416232000,85.9,1,85.9,1,86.0,21,1,2022-06-02 09:09:42
1654160983380343000,85.9,1,85.8,4,85.9,1,2,2022-06-02 09:09:43
1654160984543273000,85.9,1,85.8,5,86.0,17,1,2022-06-02 09:09:44
1654160984543273000,86.0,4,85.8,5,86.0,17,1,2022-06-02 09:09:44
1654160984740048000,86.0,17,86.1,6,86.2,6,1,2022-06-02 09:09:44
1654160984740048000,86.1,7,86.1,6,86.2,6,1,2022-06-02 09:09:44
1654160984898968000,86.2,2,86.1,6,86.2,4,1,2022-06-02 09:09:44
1654160984935087000,86.1,5,86.1,1,86.2,4,2,2022-06-02 09:09:44
1654160984947214000,86.2,2,86.1,1,86.2,2,1,2022-06-02 09:09:44
1654160985675986000,86.1,1,86.0,1,86.2,2,2,2022-06-02 09:09:45
1654160986296437000,86.2,1,86.0,1,86.2,2,1,2022-06-02 09:09:46
1654160987659690000,86.2,2,85.8,7,86.3,10,1,2022-06-02 09:09:47
1654160989485286000,86.2,1,85.9,1,86.2,5,1,2022-06-02 09:09:49
1654160990752747000,86.2,1,85.9,1,86.2,4,1,2022-06-02 09:09:50
1654160993866833000,86.2,1,85.9,5,86.2,3,1,2022-06-02 09:09:53
1654160994876905000,86.1,1,85.9,5,86.3,10,1,2022-06-02 09:09:54
1654160994876905000,86.2,4,85.9,5,86.3,10,1,2022-06-02 09:09:54
1654160997250601000,86.3,5,86.2,1,86.3,6,1,2022-06-02 09:09:57
1654160998965358000,86.3,5,86.2,1,86.3,4,1,2022-06-02 09:09:58
1654161000236562000,86.2,1,86.0,5,86.2,14,2,2022-06-02 09:10:00
1654161000635598000,86.0,3,86.0,2,86.2,14,2,2022-06-02 09:10:00
1654161000636419000,86.2,1,86.0,2,86.2,13,1,2022-06-02 09:10:00
1654161000676942000,86.0,2,85.9,1,86.2,13,2,2022-06-02 09:10:00
1654161000776897000,85.9,1,85.8,8,86.2,14,2,2022-06-02 09:10:00
1654161002235324000,86.2,3,85.9,2,86.2,11,1,2022-06-02 09:10:02
1654161002350002000,86.1,1,85.9,2,86.1,4,1,2022-06-02 09:10:02
1654161002350721000,86.1,1,85.9,2,86.1,3,1,2022-06-02 09:10:02
1654161003052665000,86.1,3,85.9,2,86.2,8,1,2022-06-02 09:10:03
1654161003052665000,86.2,3,85.9,2,86.2,8,1,2022-06-02 09:10:03
1654161005102454000,86.2,1,85.9,2,86.2,7,1,2022-06-02 09:10:05
1654161006624137000,86.2,1,85.9,5,86.2,9,1,2022-06-02 09:10:06
1654161010390619000,86.0,1,86.0,1,86.1,4,2,2022-06-02 09:10:10
1654161010428070000,86.0,1,85.9,5,86.1,4,2,2022-06-02 09:10:10
1654161013476334000,86.0,1,86.0,1,86.1,4,2,2022-06-02 09:10:13
1654161015406799000,86.0,1,85.9,8,86.0,1,2,2022-06-02 09:10:15
1654161015494651000,85.9,1,85.9,7,86.0,1,2,2022-06-02 09:10:15
1654161015658859000,86.0,1,85.9,7,86.1,4,1,2022-06-02 09:10:15
1654161016290131000,86.0,1,85.9,7,86.1,4,2,2022-06-02 09:10:16
1654161018022798000,86.0,1,85.9,7,86.0,3,1,2022-06-02 09:10:18
1654161019078733000,85.9,7,85.8,6,86.0,4,2,2022-06-02 09:10:19
1654161019078733000,85.8,8,85.8,6,86.0,4,2,2022-06-02 09:10:19
1654161019148972000,85.8,6,85.7,6,85.9,1,2,2022-06-02 09:10:19
1654161019419748000,85.9,1,85.7,6,86.0,5,1,2022-06-02 09:10:19
1654161019438672000,86.0,1,85.7,6,86.0,1,1,2022-06-02 09:10:19
1654161020397311000,85.9,2,85.8,3,86.0,4,1,2022-06-02 09:10:20
1654161020397311000,86.0,1,85.8,3,86.0,4,1,2022-06-02 09:10:20
1654161021232892000,86.0,1,85.8,3,86.0,4,1,2022-06-02 09:10:21
1654161021733766000,85.9,3,85.8,3,86.2,8,1,2022-06-02 09:10:21
1654161021733766000,86.0,4,85.8,3,86.2,8,1,2022-06-02 09:10:21
1654161021733766000,86.2,1,85.8,3,86.2,8,1,2022-06-02 09:10:21
1654161022490303000,86.0,1,86.0,2,86.1,2,1,2022-06-02 09:10:22
1654161023520275000,86.0,2,85.8,3,86.1,2,2,2022-06-02 09:10:23
1654161024262801000,86.1,1,86.0,3,86.1,1,1,2022-06-02 09:10:24
1654161024340624000,86.0,2,86.0,1,86.1,1,2,2022-06-02 09:10:24
1654161024896220000,86.0,1,86.0,1,86.1,2,2,2022-06-02 09:10:24
1654161025375427000,86.0,1,85.8,3,86.1,2,2,2022-06-02 09:10:25
1654161030201360000,85.8,2,85.8,2,86.0,4,2,2022-06-02 09:10:30
1654161031078816000,85.8,1,85.8,1,86.0,6,2,2022-06-02 09:10:31
1654161034182620000,85.8,1,85.7,4,85.9,4,2,2022-06-02 09:10:34
1654161034310921000,85.9,2,85.7,4,85.9,2,1,2022-06-02 09:10:34
1654161035002385000,86.0,1,85.7,4,86.0,6,1,2022-06-02 09:10:35
1654161035646001000,85.8,1,85.7,4,85.9,5,2,2022-06-02 09:10:35
1654161037110845000,85.9,1,85.8,1,85.9,4,1,2022-06-02 09:10:37
1654161038197560000,85.8,1,85.7,4,85.8,4,2,2022-06-02 09:10:38
1654161038638354000,85.7,1,85.7,3,85.8,4,2,2022-06-02 09:10:38
1654161039403161000,85.7,2,85.7,1,85.8,4,2,2022-06-02 09:10:39
1654161039491182000,85.7,1,85.6,16,85.8,4,2,2022-06-02 09:10:39
1654161040353825000,85.7,1,85.6,16,85.7,1,1,2022-06-02 09:10:40
1654161041121209000,85.6,4,85.6,12,85.7,6,2,2022-06-02 09:10:41
1654161041754732000,85.6,10,85.5,14,85.6,12,2,2022-06-02 09:10:41
1654161044783997000,85.6,1,85.5,14,85.6,12,1,2022-06-02 09:10:44
1654161045318880000,85.5,1,85.5,13,85.6,12,2,2022-06-02 09:10:45
1654161045337362000,85.5,1,85.5,12,85.6,12,2,2022-06-02 09:10:45
1654161046615240000,85.5,2,85.5,10,85.6,18,2,2022-06-02 09:10:46
1654161046653929000,85.5,10,85.4,15,85.6,18,2,2022-06-02 09:10:46
1654161047945036000,85.4,2,85.4,12,85.5,1,2,2022-06-02 09:10:47
1654161048180263000,85.5,1,85.4,12,85.6,13,1,2022-06-02 09:10:48
1654161048454780000,85.5,2,85.4,12,85.5,1,2,2022-06-02 09:10:48
1654161048600399000,85.5,1,85.4,12,85.6,12,1,2022-06-02 09:10:48
1654161049440921000,85.6,1,85.4,10,85.6,11,1,2022-06-02 09:10:49
1654161049949089000,85.4,1,85.4,9,85.5,1,2,2022-06-02 09:10:49
1654161051612201000,85.5,1,85.4,9,85.6,13,1,2022-06-02 09:10:51
1654161052527039000,85.4,1,85.4,8,85.5,2,2,2022-06-02 09:10:52
1654161054156668000,85.4,1,85.4,8,85.5,3,2,2022-06-02 09:10:54
1654161054447819000,85.5,1,85.4,8,85.5,4,1,2022-06-02 09:10:54
1654161056241147000,85.4,3,85.4,9,85.5,5,2,2022-06-02 09:10:56
1654161056286865000,85.4,1,85.4,8,85.5,5,2,2022-06-02 09:10:56
1654161057444486000,85.5,2,85.4,9,85.5,4,1,2022-06-02 09:10:57
1654161057488688000,85.4,1,85.4,8,85.5,4,2,2022-06-02 09:10:57
1654161057519390000,85.4,1,85.4,7,85.5,4,2,2022-06-02 09:10:57
1654161058797706000,85.4,1,85.4,6,85.5,4,2,2022-06-02 09:10:58
1654161063165899000,85.4,1,85.4,8,85.5,13,2,2022-06-02 09:11:03
1654161064342017000,85.5,1,85.4,8,85.5,12,1,2022-06-02 09:11:04
1654161064808370000,85.4,1,85.4,7,85.5,12,2,2022-06-02 09:11:04
1654161066342982000,85.4,1,85.4,7,85.5,11,2,2022-06-02 09:11:06
1654161067987541000,85.5,1,85.4,7,85.5,10,1,2022-06-02 09:11:07
1654161069542124000,85.4,2,85.4,5,85.5,12,2,2022-06-02 09:11:09
1654161069572378000,85.4,1,85.4,4,85.5,12,2,2022-06-02 09:11:09
1654161070256202000,85.5,2,85.4,6,85.5,9,1,2022-06-02 09:11:10
1654161071959673000,85.4,1,85.4,8,85.5,9,2,2022-06-02 09:11:11
1654161072017724000,85.4,1,85.4,7,85.5,9,2,2022-06-02 09:11:12
1654161072692631000,85.5,2,85.4,7,85.5,7,1,2022-06-02 09:11:12
1654161074504679000,85.5,10,85.4,19,85.5,1,1,2022-06-02 09:11:14
1654161074504736000,85.5,1,85.4,19,85.6,12,1,2022-06-02 09:11:14
1654161074525384000,85.6,10,85.4,19,85.6,2,1,2022-06-02 09:11:14
1654161074555657000,85.6,2,85.4,19,86.0,6,1,2022-06-02 09:11:14
1654161078419560000,85.6,1,85.6,2,86.0,6,2,2022-06-02 09:11:18
1654161078548305000,85.6,1,85.6,1,86.0,6,2,2022-06-02 09:11:18
1654161080957107000,85.6,2,85.6,1,85.9,2,2,2022-06-02 09:11:20
1654161081825591000,85.6,1,85.5,4,85.9,2,2,2022-06-02 09:11:21
1654161082384776000,85.6,1,85.5,3,85.9,1,2,2022-06-02 09:11:22
1654161089460328000,85.6,1,85.5,6,85.7,1,2,2022-06-02 09:11:29
1654161095159557000,85.6,1,85.5,7,85.8,5,2,2022-06-02 09:11:35
1654161098347826000,85.6,1,85.6,1,85.8,5,2,2022-06-02 09:11:38
1654161098432364000,85.6,1,85.5,6,85.8,5,2,2022-06-02 09:11:38
1654161100785516000,85.6,1,85.5,6,85.7,2,2,2022-06-02 09:11:40
1654161102287525000,85.6,1,85.6,1,85.7,2,2,2022-06-02 09:11:42
1654161103879036000,85.6,1,85.5,6,85.7,2,2,2022-06-02 09:11:43
1654161108064811000,85.6,2,85.6,3,85.7,2,1,2022-06-02 09:11:48
1654161108644495000,85.7,1,85.6,3,85.7,1,1,2022-06-02 09:11:48
1654161110449187000,85.7,1,85.7,2,85.8,1,1,2022-06-02 09:11:50
1654161113067478000,85.7,2,85.7,1,85.9,3,2,2022-06-02 09:11:53
1654161114416985000,85.6,3,85.6,1,85.8,2,2,2022-06-02 09:11:54
1654161119717540000,85.6,1,85.6,5,85.7,1,2,2022-06-02 09:11:59
1654161121504733000,85.6,1,85.6,5,85.7,1,2,2022-06-02 09:12:01
1654161121835124000,85.7,1,85.7,1,85.8,3,1,2022-06-02 09:12:01
1654161127094068000,85.7,2,85.7,9,85.8,2,2,2022-06-02 09:12:07
1654161133908389000,85.7,1,85.7,9,85.8,5,2,2022-06-02 09:12:13
1654161135926853000,85.8,1,85.7,13,85.8,4,1,2022-06-02 09:12:15
1654161137284640000,85.8,1,85.7,14,85.8,3,1,2022-06-02 09:12:17
1654161143654635000,85.8,1,85.7,12,85.8,2,1,2022-06-02 09:12:23
1654161146780199000,85.8,1,85.7,12,85.8,1,1,2022-06-02 09:12:26
1654161147558227000,85.8,1,85.8,1,85.9,3,1,2022-06-02 09:12:27
1654161169719067000,85.9,1,85.8,13,85.9,2,1,2022-06-02 09:12:49
1654161176640907000,85.9,1,85.8,11,85.9,3,1,2022-06-02 09:12:56
1654161179372842000,85.8,8,85.8,3,85.9,3,2,2022-06-02 09:12:59
1654161179404330000,85.8,3,85.7,15,85.9,3,2,2022-06-02 09:12:59
1654161182080609000,85.8,1,85.7,15,85.9,2,1,2022-06-02 09:13:02
1654161182917791000,85.8,2,85.7,15,85.9,2,2,2022-06-02 09:13:02
1654161189177771000,85.7,8,85.7,7,85.8,5,2,2022-06-02 09:13:09
1654161189203483000,85.7,7,85.6,2,85.8,5,2,2022-06-02 09:13:09
1654161189234448000,85.6,1,85.6,1,85.7,4,2,2022-06-02 09:13:09
1654161189234555000,85.6,1,85.5,25,85.7,4,2,2022-06-02 09:13:09
1654161189536481000,85.6,2,85.5,25,85.7,5,1,2022-06-02 09:13:09
1654161191402696000,85.8,1,85.5,25,85.8,2,1,2022-06-02 09:13:11
1654161192133853000,85.5,1,85.5,24,85.8,2,2,2022-06-02 09:13:12
1654161198622566000,85.5,2,85.5,24,85.7,4,2,2022-06-02 09:13:18
1654161199800748000,85.6,1,85.5,23,85.7,4,1,2022-06-02 09:13:19
1654161206104081000,85.6,4,85.5,23,85.7,3,2,2022-06-02 09:13:26
1654161206104081000,85.5,2,85.5,23,85.7,3,2,2022-06-02 09:13:26
1654161206762602000,85.5,5,85.5,19,85.7,3,2,2022-06-02 09:13:26
1654161208852320000,85.6,1,85.5,21,85.7,2,2,2022-06-02 09:13:28
1654161209465801000,85.7,2,86.1,8,86.2,7,1,2022-06-02 09:13:29
1654161209465801000,85.8,2,86.1,8,86.2,7,1,2022-06-02 09:13:29
1654161209465801000,85.9,3,86.1,8,86.2,7,1,2022-06-02 09:13:29
1654161209465801000,86.0,6,86.1,8,86.2,7,1,2022-06-02 09:13:29
1654161209465801000,86.1,9,86.1,8,86.2,7,1,2022-06-02 09:13:29
1654161209485258000,86.1,3,86.1,5,86.2,7,2,2022-06-02 09:13:29
1654161209496207000,86.1,5,85.5,22,86.2,7,2,2022-06-02 09:13:29
1654161209576307000,85.5,1,85.5,20,86.1,7,2,2022-06-02 09:13:29
1654161209663674000,85.6,3,85.5,20,86.1,7,1,2022-06-02 09:13:29
1654161213985071000,85.5,2,85.5,22,86.0,2,2,2022-06-02 09:13:33
1654161218199654000,85.9,2,85.6,2,86.0,2,1,2022-06-02 09:13:38
1654161218679660000,85.6,2,85.5,24,86.0,2,2,2022-06-02 09:13:38
1654161219171902000,85.6,1,85.6,1,85.9,2,2,2022-06-02 09:13:39
1654161219398384000,85.6,1,85.5,24,85.9,2,2,2022-06-02 09:13:39
1654161226765722000,85.6,4,85.5,4,85.8,1,2,2022-06-02 09:13:46
1654161226765722000,85.5,21,85.5,4,85.8,1,2,2022-06-02 09:13:46
1654161230254803000,85.6,4,85.5,4,85.7,4,2,2022-06-02 09:13:50
1654161232228945000,85.5,2,85.5,2,85.7,4,2,2022-06-02 09:13:52
1654161232488804000,85.5,2,85.4,13,85.7,5,2,2022-06-02 09:13:52
1654161232586695000,85.4,1,85.4,11,85.7,5,2,2022-06-02 09:13:52
1654161233442741000,85.4,2,85.4,9,85.7,5,2,2022-06-02 09:13:53
1654161236959250000,85.4,1,85.4,8,85.6,2,2,2022-06-02 09:13:56
1654161239152202000,85.4,1,85.4,7,85.5,1,2,2022-06-02 09:13:59
1654161244021438000,85.4,2,85.4,7,85.5,3,2,2022-06-02 09:14:04
1654161244134549000,85.4,1,85.4,6,85.5,3,2,2022-06-02 09:14:04
1654161249320490000,85.4,1,85.4,8,85.5,6,2,2022-06-02 09:14:09
1654161251422805000,85.4,1,85.4,8,85.5,6,2,2022-06-02 09:14:11
1654161252530588000,85.4,1,85.4,10,85.5,6,2,2022-06-02 09:14:12
1654161258212754000,85.4,4,85.4,7,85.5,6,2,2022-06-02 09:14:18
1654161259137366000,85.4,1,85.4,5,85.5,6,2,2022-06-02 09:14:19
1654161260336894000,85.4,1,85.4,6,85.5,6,2,2022-06-02 09:14:20
1654161263760370000,85.4,1,85.4,5,85.5,6,2,2022-06-02 09:14:23
1654161265018093000,85.5,4,85.4,8,85.6,5,1,2022-06-02 09:14:25
1654161265632167000,85.5,2,85.4,9,85.6,5,1,2022-06-02 09:14:25
1654161270153984000,85.5,2,85.4,9,85.6,5,2,2022-06-02 09:14:30
1654161273330032000,85.6,2,85.5,3,85.6,2,1,2022-06-02 09:14:33
1654161273361264000,85.6,2,85.5,4,85.7,3,1,2022-06-02 09:14:33
1654161276486845000,85.7,1,85.5,6,85.7,1,1,2022-06-02 09:14:36
1654161276511089000,85.7,1,85.5,6,85.8,10,1,2022-06-02 09:14:36
1654161288200586000,85.8,9,85.7,1,85.9,9,1,2022-06-02 09:14:48
1654161288358213000,85.7,1,85.6,3,85.7,1,2,2022-06-02 09:14:48
1654161288374730000,85.7,1,85.6,3,85.9,8,1,2022-06-02 09:14:48
1654161292653640000,85.7,1,85.6,3,85.8,2,2,2022-06-02 09:14:52
1654161293297757000,85.7,1,85.6,1,85.8,2,1,2022-06-02 09:14:53
1654161299596427000,85.7,1,85.6,1,85.7,1,1,2022-06-02 09:14:59
1654161299620094000,85.7,1,85.6,1,85.9,8,1,2022-06-02 09:14:59
1654161309034579000,85.8,3,85.7,2,85.9,8,1,2022-06-02 09:15:09
1654161311365001000,85.9,1,85.7,2,85.9,7,1,2022-06-02 09:15:11
1654161312858254000,85.7,2,85.6,3,85.9,7,2,2022-06-02 09:15:12
1654161315898087000,85.6,3,85.5,1,85.8,1,2,2022-06-02 09:15:15
1654161315898087000,85.5,1,85.5,1,85.8,1,2,2022-06-02 09:15:15
1654161316199816000,85.5,1,85.4,14,85.8,1,2,2022-06-02 09:15:16
1654161316199816000,85.4,4,85.4,14,85.8,1,2,2022-06-02 09:15:16
1654161321277888000,85.4,1,85.4,13,85.7,2,2,2022-06-02 09:15:21
1654161325443665000,85.4,1,85.4,13,85.7,3,2,2022-06-02 09:15:25
1654161340557577000,85.6,1,85.4,15,85.6,1,1,2022-06-02 09:15:40
1654161341092519000,85.4,1,85.4,14,85.6,1,2,2022-06-02 09:15:41
1654161341378392000,85.6,1,85.4,14,85.7,6,1,2022-06-02 09:15:41
1654161341850523000,85.7,1,85.4,14,85.7,5,1,2022-06-02 09:15:41
1654161373068447000,85.6,1,85.5,6,85.6,1,1,2022-06-02 09:16:13
1654161373906721000,85.5,1,85.5,5,85.6,1,2,2022-06-02 09:16:13
1654161383367181000,85.5,1,85.5,9,85.6,1,2,2022-06-02 09:16:23
1654161390345992000,85.5,2,85.5,10,85.6,2,2,2022-06-02 09:16:30
1654161394123389000,85.5,5,85.5,6,85.6,2,2,2022-06-02 09:16:34
1654161394947487000,85.5,1,85.5,5,85.6,2,2,2022-06-02 09:16:34
1654161396525319000,85.5,1,85.5,4,85.6,2,2,2022-06-02 09:16:36
1654161400340689000,85.5,4,85.4,17,85.5,1,2,2022-06-02 09:16:40
1654161401489687000,85.5,1,85.5,2,85.6,1,1,2022-06-02 09:16:41
1654161401771646000,85.5,1,85.5,1,85.6,1,2,2022-06-02 09:16:41
1654161403590144000,85.5,1,85.4,17,85.5,2,2,2022-06-02 09:16:43
1654161405607642000,85.4,2,85.4,15,85.5,2,2,2022-06-02 09:16:45
1654161421423537000,85.4,1,85.4,15,85.5,3,2,2022-06-02 09:17:01
1654161425579400000,85.5,1,85.4,15,85.5,2,1,2022-06-02 09:17:05
1654161430678223000,85.5,1,85.4,15,85.5,1,1,2022-06-02 09:17:10
1654161434367791000,85.5,1,85.4,15,85.6,1,1,2022-06-02 09:17:14
1654161467013758000,85.6,1,85.5,2,85.6,1,1,2022-06-02 09:17:47
1654161502176778000,85.6,1,85.5,2,85.6,2,1,2022-06-02 09:18:22
1654161524940769000,85.6,2,85.5,2,85.7,4,1,2022-06-02 09:18:44
1654161553759383000,85.6,1,85.5,2,85.6,2,1,2022-06-02 09:19:13
1654161554609486000,85.6,1,85.5,2,85.6,1,1,2022-06-02 09:19:14
1654161572654642000,85.6,4,85.6,6,85.7,5,1,2022-06-02 09:19:32
1654161576588466000,85.6,2,85.6,4,85.7,6,2,2022-06-02 09:19:36
1654161576618926000,85.6,4,85.5,2,85.7,6,2,2022-06-02 09:19:36
1654161581743572000,85.5,1,85.5,1,85.6,1,2,2022-06-02 09:19:41
1654161581743602000,85.5,1,85.4,12,85.6,1,2,2022-06-02 09:19:41
1654161581848292000,85.4,1,85.4,11,85.6,1,2,2022-06-02 09:19:41
1654161584217684000,85.4,6,85.4,5,85.6,1,2,2022-06-02 09:19:44
1654161584241129000,85.4,5,85.3,31,85.7,6,2,2022-06-02 09:19:44
1654161587328310000,85.3,19,85.3,12,85.5,2,2,2022-06-02 09:19:47
1654161587357308000,85.3,4,85.3,8,85.5,2,2,2022-06-02 09:19:47
1654161587357756000,85.3,4,85.3,4,85.5,2,2,2022-06-02 09:19:47
1654161587358775000,85.3,4,85.2,27,85.4,3,2,2022-06-02 09:19:47
1654161587388121000,85.2,3,85.2,24,85.4,3,2,2022-06-02 09:19:47
1654161587388144000,85.2,11,85.2,13,85.4,3,2,2022-06-02 09:19:47
1654161587388740000,85.2,4,85.2,9,85.3,3,2,2022-06-02 09:19:47
1654161587420318000,85.2,3,85.2,6,85.3,3,2,2022-06-02 09:19:47
1654161587420402000,85.2,6,85.1,14,85.3,3,2,2022-06-02 09:19:47
1654161587421354000,85.1,2,85.1,12,85.3,3,2,2022-06-02 09:19:47
1654161587472360000,85.1,2,85.1,10,85.3,3,2,2022-06-02 09:19:47
1654161587472866000,85.1,1,85.1,9,85.3,3,2,2022-06-02 09:19:47
1654161587525726000,85.1,1,85.1,8,85.3,4,2,2022-06-02 09:19:47
1654161587527223000,85.1,2,85.1,6,85.2,2,2,2022-06-02 09:19:47
1654161587563993000,85.1,6,85.0,42,85.2,2,2,2022-06-02 09:19:47
1654161587590188000,85.0,2,85.0,40,85.2,2,2,2022-06-02 09:19:47
1654161587644706000,85.0,2,85.0,38,85.2,2,2,2022-06-02 09:19:47
1654161587702967000,85.0,1,85.0,37,85.2,12,2,2022-06-02 09:19:47
1654161587733847000,85.0,2,85.0,35,85.2,12,2,2022-06-02 09:19:47
1654161588855680000,85.0,1,85.0,34,85.1,1,2,2022-06-02 09:19:48
1654161588884351000,85.0,2,85.0,32,85.1,1,2,2022-06-02 09:19:48
1654161589549886000,85.0,1,85.0,31,85.1,4,2,2022-06-02 09:19:49
1654161590025412000,85.0,1,85.0,30,85.1,4,2,2022-06-02 09:19:50
1654161590031151000,85.0,1,85.0,29,85.1,4,2,2022-06-02 09:19:50
1654161590054239000,85.0,1,85.0,28,85.1,4,2,2022-06-02 09:19:50
1654161590288308000,85.0,1,85.0,27,85.1,4,2,2022-06-02 09:19:50
1654161590625498000,85.0,10,85.0,17,85.1,4,2,2022-06-02 09:19:50
1654161590653616000,85.0,5,85.0,12,85.1,4,2,2022-06-02 09:19:50
1654161590879246000,85.0,1,85.0,11,85.1,4,2,2022-06-02 09:19:50
1654161591370074000,85.0,1,85.0,10,85.1,5,2,2022-06-02 09:19:51
1654161591617526000,85.0,5,85.0,5,85.1,4,2,2022-06-02 09:19:51
1654161591852876000,85.0,1,85.0,4,85.1,4,2,2022-06-02 09:19:51
1654161591864757000,85.0,1,85.0,3,85.1,4,2,2022-06-02 09:19:51
1654161592098194000,85.0,1,85.0,2,85.1,4,2,2022-06-02 09:19:52
1654161592730201000,85.0,1,85.0,1,85.1,4,2,2022-06-02 09:19:52
1654161592746612000,85.0,1,84.8,4,85.1,4,2,2022-06-02 09:19:52
1654161592746612000,84.9,1,84.8,4,85.1,4,2,2022-06-02 09:19:52
1654161592746612000,84.8,3,84.8,4,85.1,4,2,2022-06-02 09:19:52
1654161592935864000,84.8,2,84.8,2,85.0,1,2,2022-06-02 09:19:52
1654161594650167000,84.8,1,84.8,1,84.9,1,2,2022-06-02 09:19:54
1654161598025985000,84.8,1,84.7,6,84.9,1,2,2022-06-02 09:19:58
1654161601633921000,84.7,1,84.7,5,84.8,1,2,2022-06-02 09:20:01
1654161601663554000,84.7,1,84.7,4,84.8,1,2,2022-06-02 09:20:01
1654161601685032000,84.7,2,84.7,2,84.8,1,2,2022-06-02 09:20:01
1654161601744993000,84.7,1,84.7,1,84.8,1,2,2022-06-02 09:20:01
1654161601989548000,84.7,1,84.6,3,84.8,2,2,2022-06-02 09:20:01
1654161604109055000,84.7,1,84.7,4,84.8,6,2,2022-06-02 09:20:04
1654161604355064000,84.7,1,84.7,3,84.8,6,2,2022-06-02 09:20:04
1654161604378163000,84.7,1,84.7,2,84.8,6,2,2022-06-02 09:20:04
1654161604641045000,84.7,1,84.7,1,84.8,6,2,2022-06-02 09:20:04
1654161604757746000,84.7,1,84.6,3,84.8,6,2,2022-06-02 09:20:04
1654161605336625000,84.6,3,84.5,17,84.7,4,2,2022-06-02 09:20:05
1654161605336625000,84.5,1,84.5,17,84.7,4,2,2022-06-02 09:20:05
1654161605957198000,84.5,1,84.5,16,84.6,1,2,2022-06-02 09:20:05
1654161609065030000,84.6,1,84.5,16,84.7,2,1,2022-06-02 09:20:09
1654161609326930000,84.5,6,84.5,10,84.6,2,2,2022-06-02 09:20:09
1654161609346808000,84.5,1,84.5,9,84.6,2,2,2022-06-02 09:20:09
1654161611010105000,84.5,4,84.5,7,84.6,2,2,2022-06-02 09:20:11
1654161612426053000,84.5,6,84.5,1,84.6,2,2,2022-06-02 09:20:12
1654161612531508000,84.5,1,84.4,5,84.6,2,2,2022-06-02 09:20:12
1654161613511336000,84.5,1,84.4,5,84.5,6,1,2022-06-02 09:20:13
1654161615206570000,84.5,1,84.4,5,84.5,5,1,2022-06-02 09:20:15
1654161615231394000,84.5,5,84.4,5,84.6,3,1,2022-06-02 09:20:15
1654161615552861000,84.5,1,84.4,5,84.6,1,1,2022-06-02 09:20:15
1654161615893497000,84.6,1,84.4,6,84.7,7,1,2022-06-02 09:20:15
1654161617138696000,84.6,1,84.6,2,84.7,7,1,2022-06-02 09:20:17
1654161617157261000,84.6,1,84.6,1,84.7,7,2,2022-06-02 09:20:17
1654161617333366000,84.6,1,84.5,1,84.7,7,2,2022-06-02 09:20:17
1654161617939664000,84.5,2,84.4,7,84.7,7,2,2022-06-02 09:20:17
1654161619849194000,84.5,1,84.4,7,84.5,1,1,2022-06-02 09:20:19
1654161619876333000,84.5,1,84.4,7,84.6,1,1,2022-06-02 09:20:19
1654161620199537000,84.6,1,84.6,3,84.7,7,1,2022-06-02 09:20:20
1654161621054845000,84.6,1,84.6,3,84.7,7,2,2022-06-02 09:20:21
1654161621109539000,84.6,1,84.6,4,84.7,7,2,2022-06-02 09:20:21
1654161621281281000,84.6,1,84.6,3,84.7,7,2,2022-06-02 09:20:21
1654161621361072000,84.7,7,84.6,2,84.8,5,1,2022-06-02 09:20:21
1654161622732293000,84.6,2,84.4,5,84.7,1,2,2022-06-02 09:20:22
1654161622732293000,84.5,1,84.4,5,84.7,1,2,2022-06-02 09:20:22
1654161622732293000,84.4,2,84.4,5,84.7,1,2,2022-06-02 09:20:22
1654161623375718000,84.7,1,84.7,2,84.8,5,1,2022-06-02 09:20:23
1654161625213010000,84.7,1,84.7,1,84.8,5,2,2022-06-02 09:20:25
1654161625253086000,84.7,1,84.4,6,84.8,5,2,2022-06-02 09:20:25
1654161628957134000,84.7,1,84.7,1,84.8,7,1,2022-06-02 09:20:28
1654161629256715000,84.7,1,84.5,8,84.8,7,2,2022-06-02 09:20:29
1654161629892210000,84.6,1,84.5,9,84.8,7,1,2022-06-02 09:20:29
1654161631590831000,84.7,2,84.7,4,84.8,7,2,2022-06-02 09:20:31
1654161631681035000,84.7,1,84.7,3,84.8,7,2,2022-06-02 09:20:31
1654161631736099000,84.7,1,84.7,2,84.8,7,2,2022-06-02 09:20:31
1654161633474342000,84.7,1,84.7,2,84.8,7,2,2022-06-02 09:20:33
1654161637310670000,84.7,2,84.5,11,84.8,4,2,2022-06-02 09:20:37
1654161638185893000,84.5,5,84.5,7,84.8,4,2,2022-06-02 09:20:38
1654161639654097000,84.5,3,84.5,2,84.7,2,2,2022-06-02 09:20:39
1654161643847735000,84.5,2,84.4,6,84.5,1,2,2022-06-02 09:20:43
1654161646634554000,84.5,1,84.4,4,84.5,9,1,2022-06-02 09:20:46
1654161646795527000,84.5,1,84.4,4,84.5,8,1,2022-06-02 09:20:46
1654161647346520000,84.4,1,84.4,3,84.5,4,2,2022-06-02 09:20:47
1654161647370997000,84.4,1,84.4,2,84.5,4,2,2022-06-02 09:20:47
1654161647396427000,84.4,2,84.3,2,84.5,4,2,2022-06-02 09:20:47
1654161648259575000,84.5,1,84.3,2,84.5,3,1,2022-06-02 09:20:48
1654161651390807000,84.3,1,84.3,2,84.5,6,2,2022-06-02 09:20:51
1654161651767800000,84.5,1,84.3,2,84.5,5,1,2022-06-02 09:20:51
1654161653181345000,84.3,1,84.2,7,84.4,2,2,2022-06-02 09:20:53
1654161654801997000,84.2,7,84.1,3,84.4,2,2,2022-06-02 09:20:54
1654161654801997000,84.1,1,84.1,3,84.4,2,2,2022-06-02 09:20:54
1654161656616100000,84.1,2,84.1,1,84.4,2,2,2022-06-02 09:20:56
1654161656649202000,84.1,1,84.0,10,84.4,2,2,2022-06-02 09:20:56
1654161658302415000,84.0,1,84.0,9,84.3,1,2,2022-06-02 09:20:58
1654161658491277000,84.2,1,84.0,10,84.3,1,2,2022-06-02 09:20:58
1654161659491105000,84.3,1,84.0,10,84.4,2,1,2022-06-02 09:20:59
1654161659715636000,84.0,1,84.0,9,84.4,2,2,2022-06-02 09:20:59
1654161659968555000,84.0,1,84.0,8,84.4,2,2,2022-06-02 09:20:59
1654161660299515000,84.4,1,84.1,1,84.4,1,1,2022-06-02 09:21:00
1654161660453721000,84.1,1,84.1,1,84.4,1,2,2022-06-02 09:21:00
1654161664226644000,84.1,1,84.1,3,84.3,9,2,2022-06-02 09:21:04
1654161665067761000,84.1,3,84.1,1,84.2,1,2,2022-06-02 09:21:05
1654161666470042000,84.2,1,84.1,2,84.3,9,1,2022-06-02 09:21:06
1654161666788016000,84.1,3,84.0,6,84.3,9,2,2022-06-02 09:21:06
1654161666788016000,84.0,2,84.0,6,84.3,9,2,2022-06-02 09:21:06
1654161667332432000,84.1,1,84.0,5,84.2,2,1,2022-06-02 09:21:07
1654161668842663000,84.1,1,84.0,5,84.1,1,2,2022-06-02 09:21:08
1654161669631741000,84.1,1,84.0,5,84.2,2,1,2022-06-02 09:21:09
1654161670269530000,84.1,3,84.0,6,84.2,2,1,2022-06-02 09:21:10
1654161670300783000,84.2,2,84.0,6,84.3,6,1,2022-06-02 09:21:10
1654161670561094000,84.1,3,84.0,7,84.1,7,1,2022-06-02 09:21:10
1654161670605608000,84.1,7,84.0,7,84.3,6,1,2022-06-02 09:21:10
1654161670703830000,84.2,1,84.1,4,84.3,6,1,2022-06-02 09:21:10
1654161672433717000,84.3,6,84.0,8,84.4,2,1,2022-06-02 09:21:12
1654161674572851000,84.4,2,84.2,3,84.5,7,1,2022-06-02 09:21:14
1654161675484617000,84.3,1,84.2,3,84.5,7,1,2022-06-02 09:21:15
1654161676555038000,84.4,1,84.3,2,84.4,3,1,2022-06-02 09:21:16
1654161677304734000,84.4,3,84.3,2,84.5,7,1,2022-06-02 09:21:17
1654161677468891000,84.5,1,84.3,2,84.5,6,1,2022-06-02 09:21:17
1654161677495291000,84.3,1,84.3,1,84.5,6,2,2022-06-02 09:21:17
1654161679332297000,84.5,1,84.4,2,84.5,5,1,2022-06-02 09:21:19
1654161679357443000,84.5,4,84.4,2,84.5,1,1,2022-06-02 09:21:19
1654161679357565000,84.5,1,84.4,2,84.6,1,1,2022-06-02 09:21:19
1654161679483736000,84.4,1,84.3,2,84.6,1,2,2022-06-02 09:21:19
1654161680124363000,84.6,1,84.3,3,84.8,4,1,2022-06-02 09:21:20
1654161680124363000,84.7,1,84.3,3,84.8,4,1,2022-06-02 09:21:20
1654161683967811000,84.7,1,84.4,3,84.8,4,1,2022-06-02 09:21:23
1654161684976383000,84.4,1,84.4,2,84.8,4,2,2022-06-02 09:21:24
1654161691630295000,84.6,2,84.5,2,84.7,1,1,2022-06-02 09:21:31
1654161695252670000,84.5,1,84.5,2,84.7,1,2,2022-06-02 09:21:35
1654161695273074000,84.5,1,84.5,1,84.7,1,2,2022-06-02 09:21:35
1654161695296352000,84.5,1,84.4,6,84.7,1,2,2022-06-02 09:21:35
1654161695296352000,84.4,1,84.4,6,84.7,1,2,2022-06-02 09:21:35
1654161704997165000,84.7,2,84.6,2,84.8,4,1,2022-06-02 09:21:44
1654161704997165000,84.8,2,84.6,2,84.8,4,1,2022-06-02 09:21:44
1654161727371029000,84.8,1,84.7,1,84.8,6,1,2022-06-02 09:22:07
1654161727855464000,84.7,1,84.6,2,84.7,4,2,2022-06-02 09:22:07
1654161732068547000,84.6,1,84.6,1,84.7,4,2,2022-06-02 09:22:12
1654161745545022000,84.7,5,84.6,7,84.8,15,1,2022-06-02 09:22:25
1654161754566432000,84.7,2,84.7,3,84.8,15,2,2022-06-02 09:22:34
1654161757805719000,84.7,2,84.7,3,84.8,15,2,2022-06-02 09:22:37
1654161758889100000,84.8,1,84.7,3,84.8,14,1,2022-06-02 09:22:38
1654161760442062000,84.7,1,84.7,4,84.8,14,2,2022-06-02 09:22:40
1654161765701263000,84.7,1,84.7,4,84.8,14,2,2022-06-02 09:22:45
1654161766304514000,84.7,1,84.7,3,84.8,14,2,2022-06-02 09:22:46
1654161766330525000,84.7,1,84.7,2,84.8,14,2,2022-06-02 09:22:46
1654161766345467000,84.7,2,84.6,2,84.8,14,2,2022-06-02 09:22:46
1654161767787213000,84.7,1,84.6,2,84.8,13,1,2022-06-02 09:22:47
1654161767787213000,84.8,1,84.6,2,84.8,13,1,2022-06-02 09:22:47
1654161779275888000,84.8,1,84.7,3,84.8,12,1,2022-06-02 09:22:59
1654161781923367000,84.8,1,84.7,8,84.8,11,1,2022-06-02 09:23:01
1654161781950101000,84.8,8,84.7,8,84.8,3,1,2022-06-02 09:23:01
1654161781980274000,84.8,3,84.7,8,84.9,7,1,2022-06-02 09:23:01
1654161783299277000,84.9,2,84.7,9,84.9,5,1,2022-06-02 09:23:03
1654161783325461000,84.9,1,84.7,9,84.9,4,1,2022-06-02 09:23:03
1654161783325639000,84.9,3,84.7,9,84.9,1,1,2022-06-02 09:23:03
1654161783325655000,84.9,1,84.7,9,85.0,15,1,2022-06-02 09:23:03
1654161783593769000,84.8,1,84.7,9,85.0,15,1,2022-06-02 09:23:03
1654161783689823000,84.7,1,84.7,7,85.0,15,2,2022-06-02 09:23:03
1654161783836679000,85.0,1,84.7,7,85.0,14,1,2022-06-02 09:23:03
1654161783982345000,85.0,1,84.7,7,85.0,13,1,2022-06-02 09:23:03
1654161783994706000,85.0,1,84.7,7,85.0,12,1,2022-06-02 09:23:03
1654161789955664000,85.0,1,84.9,2,85.0,12,1,2022-06-02 09:23:09
1654161790388414000,85.0,1,84.9,2,85.0,11,1,2022-06-02 09:23:10
1654161790400886000,85.0,1,84.9,2,85.0,10,1,2022-06-02 09:23:10
1654161792217155000,85.0,1,84.9,2,85.0,11,1,2022-06-02 09:23:12
1654161792860312000,85.0,2,84.9,2,85.0,9,1,2022-06-02 09:23:12
1654161799331517000,85.0,1,84.9,8,85.0,6,1,2022-06-02 09:23:19
1654161801420698000,85.0,1,84.9,8,85.0,5,1,2022-06-02 09:23:21
1654161804303894000,85.0,3,84.9,8,85.0,2,1,2022-06-02 09:23:24
1654161804327022000,85.0,2,84.9,8,85.1,7,1,2022-06-02 09:23:24
1654161811615130000,85.1,5,85.0,2,85.1,1,1,2022-06-02 09:23:31
1654161811644837000,85.1,1,85.0,2,85.2,10,1,2022-06-02 09:23:31
1654161822941974000,85.1,1,85.1,1,85.2,10,2,2022-06-02 09:23:42
1654161823907172000,85.2,1,85.1,1,85.2,9,1,2022-06-02 09:23:43
1654161823950485000,85.2,2,85.1,1,85.2,7,1,2022-06-02 09:23:43
1654161831820196000,85.1,1,85.1,2,85.2,7,2,2022-06-02 09:23:51
1654161838512608000,85.2,1,85.1,8,85.2,6,1,2022-06-02 09:23:58
1654161843638615000,85.2,1,85.1,8,85.2,9,1,2022-06-02 09:24:03
1654161844111196000,85.1,3,85.1,5,85.2,28,2,2022-06-02 09:24:04
1654161844111226000,85.1,5,85.0,5,85.2,28,2,2022-06-02 09:24:04
1654161844143396000,85.0,1,85.0,4,85.2,28,2,2022-06-02 09:24:04
1654161844150194000,85.0,1,85.0,3,85.2,28,2,2022-06-02 09:24:04
1654161844174190000,85.0,3,84.9,6,85.2,28,2,2022-06-02 09:24:04
1654161845653533000,84.9,6,84.8,20,85.1,3,2,2022-06-02 09:24:05
1654161846858839000,85.0,1,84.8,20,85.1,4,2,2022-06-02 09:24:06
1654161849075274000,85.1,1,84.8,20,85.1,2,1,2022-06-02 09:24:09
1654161855820786000,85.1,1,85.0,2,85.1,1,1,2022-06-02 09:24:15
1654161857685815000,85.1,1,85.0,2,85.2,29,1,2022-06-02 09:24:17
1654161857927890000,85.0,1,85.0,1,85.2,29,2,2022-06-02 09:24:17
1654161861685193000,85.0,1,85.0,1,85.2,29,2,2022-06-02 09:24:21
1654161868014315000,85.0,1,85.0,1,85.2,30,2,2022-06-02 09:24:28
1654161868253170000,85.0,1,84.9,2,85.2,31,2,2022-06-02 09:24:28
1654161868505022000,84.9,1,84.9,1,85.2,31,2,2022-06-02 09:24:28
1654161878247660000,84.9,1,84.8,11,85.2,32,2,2022-06-02 09:24:38
1654161878247660000,84.8,9,84.8,11,85.2,32,2,2022-06-02 09:24:38
1654161887270416000,85.0,1,84.9,2,85.1,2,1,2022-06-02 09:24:47
1654161887505977000,84.9,1,84.9,1,85.1,2,2,2022-06-02 09:24:47
1654161887533951000,84.9,1,84.8,11,85.1,2,2,2022-06-02 09:24:47
1654161901160153000,84.9,1,84.8,12,84.9,4,2,2022-06-02 09:25:01
1654161902674357000,84.9,1,84.8,12,84.9,11,1,2022-06-02 09:25:02
1654161903541146000,84.9,2,84.8,12,84.9,9,1,2022-06-02 09:25:03
1654161907861473000,84.9,1,84.8,13,84.9,8,1,2022-06-02 09:25:07
1654161910761876000,84.8,10,84.8,3,84.9,8,2,2022-06-02 09:25:10
1654161910798416000,84.8,3,84.7,1,84.9,8,2,2022-06-02 09:25:10
1654161912045815000,84.7,1,84.6,1,84.7,6,2,2022-06-02 09:25:12
1654161923518846000,84.6,2,84.5,10,84.7,7,2,2022-06-02 09:25:23
1654161924344660000,84.5,10,84.4,8,84.5,10,2,2022-06-02 09:25:24
1654161924362640000,84.4,5,84.4,3,84.5,10,2,2022-06-02 09:25:24
1654161928910326000,84.4,3,84.3,3,84.4,5,2,2022-06-02 09:25:28
1654161946209435000,84.4,1,84.3,2,84.4,4,1,2022-06-02 09:25:46
1654161949202170000,84.4,1,84.3,2,84.4,4,1,2022-06-02 09:25:49
1654161950648722000,84.4,1,84.3,2,84.4,3,1,2022-06-02 09:25:50
1654161950980115000,84.3,1,84.3,1,84.4,3,2,2022-06-02 09:25:50
1654161951229099000,84.3,1,84.2,3,84.4,3,2,2022-06-02 09:25:51
1654161956215873000,84.2,1,84.2,2,84.3,2,2,2022-06-02 09:25:56
1654161958068982000,84.2,1,84.2,1,84.3,2,2,2022-06-02 09:25:58
1654161960340404000,84.2,1,84.1,6,84.3,2,2,2022-06-02 09:26:00
1654161960577471000,84.3,1,84.1,6,84.3,1,1,2022-06-02 09:26:00
1654161964366288000,84.3,1,84.1,7,84.4,4,1,2022-06-02 09:26:04
1654161966605332000,84.2,2,84.1,7,84.4,4,1,2022-06-02 09:26:06
1654161972630433000,84.2,2,84.2,3,84.4,4,2,2022-06-02 09:26:12
1654161986472479000,84.3,1,84.2,5,84.3,9,1,2022-06-02 09:26:26
1654161986874829000,84.3,2,84.2,5,84.3,7,1,2022-06-02 09:26:26
1654161986906903000,84.3,7,84.2,5,84.4,4,1,2022-06-02 09:26:26
1654161987031711000,84.2,1,84.2,4,84.4,4,2,2022-06-02 09:26:27
1654161989603405000,84.2,4,84.1,6,84.4,5,2,2022-06-02 09:26:29
1654161989603405000,84.1,4,84.1,6,84.4,5,2,2022-06-02 09:26:29
1654161995390965000,84.2,1,84.0,12,84.4,5,2,2022-06-02 09:26:35
1654161995390965000,84.1,6,84.0,12,84.4,5,2,2022-06-02 09:26:35
1654161995390965000,84.0,1,84.0,12,84.4,5,2,2022-06-02 09:26:35
1654161997915708000,84.0,1,84.0,11,84.1,1,2,2022-06-02 09:26:37
1654161999448959000,84.0,1,84.0,10,84.1,1,2,2022-06-02 09:26:39
1654161999597088000,84.1,1,84.0,10,84.3,1,1,2022-06-02 09:26:39
1654162001005873000,84.0,2,84.0,8,84.3,1,2,2022-06-02 09:26:41
1654162002275456000,84.0,1,84.0,7,84.3,2,2,2022-06-02 09:26:42
1654162002304301000,84.0,2,84.0,5,84.3,2,2,2022-06-02 09:26:42
1654162002329540000,84.0,1,84.0,4,84.3,2,2,2022-06-02 09:26:42
1654162003717105000,84.0,1,84.0,3,84.3,2,2,2022-06-02 09:26:43
1654162003748305000,84.0,2,84.0,1,84.3,2,2,2022-06-02 09:26:43
1654162004296827000,84.0,1,83.9,1,84.3,2,2,2022-06-02 09:26:44
1654162004296827000,83.9,3,83.9,1,84.3,2,2,2022-06-02 09:26:44
1654162004407173000,83.9,1,83.8,7,84.0,1,2,2022-06-02 09:26:44
1654162004416343000,83.8,1,83.8,6,84.0,1,2,2022-06-02 09:26:44
1654162004467578000,83.8,2,83.8,4,84.0,1,2,2022-06-02 09:26:44
1654162004910269000,83.8,2,83.8,2,84.0,1,2,2022-06-02 09:26:44
1654162005195682000,84.0,1,83.8,2,84.3,2,1,2022-06-02 09:26:45
1654162005234300000,83.9,1,83.8,2,84.2,1,2,2022-06-02 09:26:45
1654162005420682000,83.8,2,83.6,2,83.9,1,2,2022-06-02 09:26:45
1654162005420682000,83.7,3,83.6,2,83.9,1,2,2022-06-02 09:26:45
1654162005522216000,83.6,1,83.6,2,83.9,1,2,2022-06-02 09:26:45
1654162005791692000,83.9,1,83.6,3,84.0,1,1,2022-06-02 09:26:45
1654162006067986000,84.0,1,83.6,3,84.2,1,1,2022-06-02 09:26:46
1654162006067986000,84.2,1,83.6,3,84.2,1,1,2022-06-02 09:26:46
1654162008177842000,83.7,2,83.5,20,84.0,1,2,2022-06-02 09:26:48
1654162008177842000,83.6,3,83.5,20,84.0,1,2,2022-06-02 09:26:48
1654162010401488000,83.8,1,83.6,1,84.0,1,1,2022-06-02 09:26:50
1654162010430010000,83.6,1,83.5,20,84.0,1,2,2022-06-02 09:26:50
1654162010430010000,83.5,1,83.5,20,84.0,1,2,2022-06-02 09:26:50
1654162014477589000,83.8,1,83.6,2,84.0,1,1,2022-06-02 09:26:54
1654162014591587000,84.0,2,83.7,2,84.2,1,1,2022-06-02 09:26:54
1654162014822742000,83.8,1,83.5,14,84.1,1,2,2022-06-02 09:26:54
1654162014822742000,83.7,2,83.5,14,84.1,1,2,2022-06-02 09:26:54
1654162014822742000,83.6,2,83.5,14,84.1,1,2,2022-06-02 09:26:54
1654162014822742000,83.5,7,83.5,14,84.1,1,2,2022-06-02 09:26:54
1654162016134825000,83.6,1,83.6,2,84.1,1,2,2022-06-02 09:26:56
1654162019606047000,83.6,1,83.6,3,84.1,1,2,2022-06-02 09:26:59
1654162020921112000,83.6,1,83.6,4,84.0,1,2,2022-06-02 09:27:00
1654162021088659000,83.6,4,83.5,13,84.0,1,2,2022-06-02 09:27:01
1654162021088659000,83.5,1,83.5,13,84.0,1,2,2022-06-02 09:27:01
1654162023938216000,83.9,1,83.8,1,84.0,1,1,2022-06-02 09:27:03
1654162024998512000,83.8,1,83.3,7,83.5,6,2,2022-06-02 09:27:04
1654162024998512000,83.5,13,83.3,7,83.5,6,2,2022-06-02 09:27:04
1654162025023988000,83.5,6,83.3,7,84.0,1,1,2022-06-02 09:27:05
1654162025075366000,83.4,1,83.3,7,84.0,1,1,2022-06-02 09:27:05
1654162025291601000,83.5,2,83.3,5,84.0,1,2,2022-06-02 09:27:05
1654162025291601000,83.3,3,83.3,5,84.0,1,2,2022-06-02 09:27:05
1654162025945249000,83.6,1,83.4,1,83.6,3,2,2022-06-02 09:27:05
1654162025971266000,83.6,2,83.4,1,83.6,1,1,2022-06-02 09:27:05
1654162026001455000,83.6,1,83.4,1,83.9,1,1,2022-06-02 09:27:06
1654162027709838000,83.9,1,83.6,2,84.0,1,1,2022-06-02 09:27:07
1654162027851030000,83.6,2,83.4,1,84.0,1,2,2022-06-02 09:27:07
1654162032262253000,84.0,6,83.6,1,84.1,1,1,2022-06-02 09:27:12
1654162038587566000,83.6,5,83.6,1,84.1,1,2,2022-06-02 09:27:18
1654162043138821000,84.0,2,83.9,1,84.1,2,1,2022-06-02 09:27:23
1654162043160089000,84.1,1,83.9,1,84.4,2,1,2022-06-02 09:27:23
1654162043551532000,84.0,1,83.9,1,84.3,1,2,2022-06-02 09:27:23
1654162045597378000,84.0,1,83.9,1,84.3,1,1,2022-06-02 09:27:25
1654162046076622000,83.9,1,83.7,1,83.9,1,2,2022-06-02 09:27:26
1654162046320132000,83.7,2,83.4,2,83.9,1,2,2022-06-02 09:27:26
1654162046320132000,83.6,2,83.4,2,83.9,1,2,2022-06-02 09:27:26
1654162046320132000,83.4,1,83.4,2,83.9,1,2,2022-06-02 09:27:26
1654162053930105000,83.8,2,83.6,1,83.9,2,2,2022-06-02 09:27:33
1654162054114509000,83.6,1,83.6,1,83.9,2,2,2022-06-02 09:27:34
1654162055952341000,83.6,1,83.4,1,83.9,2,2,2022-06-02 09:27:35
1654162055952341000,83.4,4,83.4,1,83.9,2,2,2022-06-02 09:27:35
1654162056146236000,83.4,1,83.3,7,83.8,1,2,2022-06-02 09:27:36
1654162056358326000,83.3,7,83.2,11,83.8,1,2,2022-06-02 09:27:36
1654162056358326000,83.2,23,83.2,11,83.8,1,2,2022-06-02 09:27:36
1654162056754887000,83.8,1,83.2,11,83.8,1,1,2022-06-02 09:27:36
1654162060998635000,83.8,1,83.4,1,83.9,10,1,2022-06-02 09:27:40
1654162062823052000,83.6,1,83.4,2,83.9,9,2,2022-06-02 09:27:42
1654162065963030000,83.5,2,83.2,11,83.9,9,2,2022-06-02 09:27:45
1654162065963030000,83.4,4,83.2,11,83.9,9,2,2022-06-02 09:27:45
1654162065963030000,83.3,3,83.2,11,83.9,9,2,2022-06-02 09:27:45
1654162065963030000,83.2,1,83.2,11,83.9,9,2,2022-06-02 09:27:45
1654162066396200000,83.2,5,83.2,6,83.4,1,2,2022-06-02 09:27:46
1654162066506102000,83.4,1,83.2,6,83.8,2,1,2022-06-02 09:27:46
1654162072450277000,83.5,1,83.3,1,83.7,2,1,2022-06-02 09:27:52
1654162072910746000,83.3,1,83.2,4,83.7,3,2,2022-06-02 09:27:52
1654162072910746000,83.2,4,83.2,4,83.7,3,2,2022-06-02 09:27:52
1654162073032440000,83.2,1,83.2,5,83.6,1,2,2022-06-02 09:27:53
1654162077236204000,83.5,1,83.2,6,83.6,1,1,2022-06-02 09:27:57
1654162078296882000,83.2,1,83.2,5,83.6,1,2,2022-06-02 09:27:58
1654162078559583000,83.2,1,83.2,4,83.6,2,2,2022-06-02 09:27:58
1654162078783573000,83.2,1,83.2,3,83.6,2,2,2022-06-02 09:27:58
1654162082817568000,83.6,1,83.2,4,83.6,1,1,2022-06-02 09:28:02
1654162083371853000,83.3,1,83.2,4,83.6,1,2,2022-06-02 09:28:03
1654162085754576000,83.3,1,83.1,3,83.6,2,2,2022-06-02 09:28:05
1654162085754576000,83.2,4,83.1,3,83.6,2,2,2022-06-02 09:28:05
1654162085754576000,83.1,20,83.1,3,83.6,2,2,2022-06-02 09:28:05
1654162085780109000,83.1,2,83.1,2,83.5,1,2,2022-06-02 09:28:05
1654162085783801000,83.1,1,83.1,1,83.5,1,2,2022-06-02 09:28:05
1654162085797615000,83.1,1,83.0,12,83.5,1,2,2022-06-02 09:28:05
1654162085858009000,83.0,1,83.0,11,83.1,2,2,2022-06-02 09:28:05
1654162085896801000,83.0,4,83.0,7,83.1,2,2,2022-06-02 09:28:05
1654162086045192000,83.1,1,83.0,7,83.1,1,1,2022-06-02 09:28:06
1654162086568532000,83.0,2,83.0,5,83.1,1,2,2022-06-02 09:28:06
1654162087391977000,83.0,2,83.0,3,83.1,1,2,2022-06-02 09:28:07
1654162088210163000,83.0,1,83.0,2,83.1,1,2,2022-06-02 09:28:08
1654162088247670000,83.0,2,82.9,1,83.1,1,2,2022-06-02 09:28:08
1654162088621688000,82.9,1,82.7,1,83.1,1,2,2022-06-02 09:28:08
1654162088621688000,82.8,1,82.7,1,83.1,1,2,2022-06-02 09:28:08
1654162089175579000,82.7,1,82.6,3,83.1,1,2,2022-06-02 09:28:09
1654162089175579000,82.6,1,82.6,3,83.1,1,2,2022-06-02 09:28:09
1654162089410271000,83.0,1,82.6,3,83.5,3,1,2022-06-02 09:28:09
1654162089410271000,83.1,1,82.6,3,83.5,3,1,2022-06-02 09:28:09
1654162089410271000,83.4,1,82.6,3,83.5,3,1,2022-06-02 09:28:09
1654162089410271000,83.5,1,82.6,3,83.5,3,1,2022-06-02 09:28:09
1654162090044067000,82.7,1,82.7,2,83.0,1,2,2022-06-02 09:28:10
1654162090050680000,82.7,2,82.6,3,83.0,1,2,2022-06-02 09:28:10
1654162091288599000,82.6,5,82.6,1,83.0,2,2,2022-06-02 09:28:11
1654162092395267000,83.0,1,82.5,3,83.0,1,1,2022-06-02 09:28:12
1654162092612580000,82.5,3,82.3,8,83.0,1,2,2022-06-02 09:28:12
1654162092612580000,82.3,2,82.3,8,83.0,1,2,2022-06-02 09:28:12
1654162092950147000,82.6,1,82.4,1,82.9,1,1,2022-06-02 09:28:12
1654162093450967000,82.4,1,82.3,9,82.9,2,2,2022-06-02 09:28:13
1654162093599711000,82.5,3,82.3,9,82.5,5,1,2022-06-02 09:28:13
1654162093630687000,82.5,5,82.3,9,82.9,1,1,2022-06-02 09:28:13
1654162094053594000,82.4,1,82.1,4,82.8,1,2,2022-06-02 09:28:14
1654162094053594000,82.3,8,82.1,4,82.8,1,2,2022-06-02 09:28:14
1654162094053594000,82.2,1,82.1,4,82.8,1,2,2022-06-02 09:28:14
1654162094448061000,82.6,1,82.4,2,82.7,1,1,2022-06-02 09:28:14
1654162095020695000,82.4,2,82.1,2,82.7,1,2,2022-06-02 09:28:15
1654162095020695000,82.1,3,82.1,2,82.7,1,2,2022-06-02 09:28:15
1654162096769240000,82.2,1,82.2,1,82.6,1,2,2022-06-02 09:28:16
1654162097666416000,82.1,1,82.1,5,82.6,1,2,2022-06-02 09:28:17
1654162098484257000,82.1,1,82.1,4,82.5,1,2,2022-06-02 09:28:18
1654162098887389000,82.1,1,82.1,4,82.5,1,2,2022-06-02 09:28:18
1654162099028614000,82.1,4,82.0,22,82.5,1,2,2022-06-02 09:28:19
1654162099028614000,82.0,1,82.0,22,82.5,1,2,2022-06-02 09:28:19
1654162099499951000,82.0,1,82.0,21,82.3,1,2,2022-06-02 09:28:19
1654162099508350000,82.3,1,82.0,21,82.5,1,1,2022-06-02 09:28:19
1654162101155094000,82.4,1,82.1,2,82.6,2,1,2022-06-02 09:28:21
1654162102259903000,82.2,1,82.1,6,82.6,2,2,2022-06-02 09:28:22
1654162103258007000,82.1,1,82.1,6,82.6,2,2,2022-06-02 09:28:23
1654162104507378000,82.5,2,82.2,3,82.6,2,1,2022-06-02 09:28:24
1654162104577705000,82.2,1,82.2,2,82.6,2,2,2022-06-02 09:28:24
1654162104768186000,82.2,1,82.2,1,82.6,2,2,2022-06-02 09:28:24
1654162104998295000,82.2,1,82.1,6,82.6,2,2,2022-06-02 09:28:24
1654162105682945000,82.3,1,82.3,1,82.5,1,2,2022-06-02 09:28:25
1654162106442616000,82.5,1,82.3,1,82.6,2,1,2022-06-02 09:28:26
1654162107101236000,82.6,2,82.3,3,82.7,1,1,2022-06-02 09:28:27
1654162108254380000,82.3,2,82.3,3,82.7,1,2,2022-06-02 09:28:28
1654162108470783000,82.4,1,82.3,3,82.5,1,2,2022-06-02 09:28:28
1654162108481614000,82.5,1,82.3,3,82.7,1,1,2022-06-02 09:28:28
1654162114137695000,82.4,1,82.3,4,82.6,2,2,2022-06-02 09:28:34
1654162114137695000,82.3,2,82.3,4,82.6,2,2,2022-06-02 09:28:34
1654162115065890000,82.5,5,82.3,3,82.6,2,1,2022-06-02 09:28:35
1654162115180209000,82.5,1,82.3,3,82.6,2,1,2022-06-02 09:28:35
1654162116044231000,82.3,1,82.3,2,82.6,2,2,2022-06-02 09:28:36
1654162116876014000,82.4,1,82.3,2,82.6,2,2,2022-06-02 09:28:36
1654162116973040000,82.3,1,82.3,1,82.6,2,2,2022-06-02 09:28:36
1654162123572227000,82.5,2,82.4,3,82.6,2,1,2022-06-02 09:28:43
1654162125213904000,82.5,1,82.4,4,82.6,2,1,2022-06-02 09:28:45
1654162126576922000,82.6,1,82.5,2,82.6,1,1,2022-06-02 09:28:46
1654162128032080000,82.6,1,82.5,3,82.7,3,1,2022-06-02 09:28:48
1654162131929089000,82.5,1,82.5,4,82.7,3,2,2022-06-02 09:28:51
1654162131950313000,82.5,2,82.5,2,82.7,3,2,2022-06-02 09:28:51
1654162134832102000,82.7,1,82.6,3,82.7,2,1,2022-06-02 09:28:54
1654162136966922000,82.6,1,82.6,5,82.7,2,2,2022-06-02 09:28:56
1654162138069989000,82.7,1,82.6,6,82.7,1,1,2022-06-02 09:28:58
1654162140183274000,82.7,1,82.6,6,82.9,2,1,2022-06-02 09:29:00
1654162140343342000,82.6,2,82.6,5,82.9,2,2,2022-06-02 09:29:00
1654162141375466000,82.6,1,82.6,4,82.9,2,2,2022-06-02 09:29:01
1654162141482304000,82.9,1,82.6,4,82.9,1,1,2022-06-02 09:29:01
1654162141511310000,82.9,1,82.6,4,83.0,2,1,2022-06-02 09:29:01
1654162142268036000,82.6,5,82.6,1,83.0,2,2,2022-06-02 09:29:02
1654162143398525000,82.9,1,82.6,1,83.0,3,1,2022-06-02 09:29:03
1654162143486097000,82.8,1,82.6,1,83.0,3,1,2022-06-02 09:29:03
1654162144277263000,82.7,1,82.6,3,83.0,3,1,2022-06-02 09:29:04
1654162145554041000,83.0,2,82.7,2,83.0,1,1,2022-06-02 09:29:05
1654162145554057000,83.0,1,82.7,2,83.1,6,1,2022-06-02 09:29:05
1654162145607754000,82.7,1,82.7,1,82.9,1,2,2022-06-02 09:29:05
1654162146441186000,82.9,1,82.7,1,83.1,5,1,2022-06-02 09:29:06
1654162146441186000,83.1,1,82.7,1,83.1,5,1,2022-06-02 09:29:06
1654162148888021000,82.8,1,82.8,1,83.1,5,2,2022-06-02 09:29:08
1654162149868958000,82.7,1,82.7,1,83.1,5,2,2022-06-02 09:29:09
1654162149975987000,82.9,2,82.7,1,83.1,5,1,2022-06-02 09:29:09
1654162153733461000,83.1,1,82.8,1,83.1,4,1,2022-06-02 09:29:13
1654162153979638000,83.1,1,82.8,2,83.1,3,1,2022-06-02 09:29:13
1654162157302043000,82.8,5,82.7,4,83.1,3,2,2022-06-02 09:29:17
1654162162130136000,83.1,1,82.9,7,83.1,2,1,2022-06-02 09:29:22
1654162163627121000,82.9,5,82.9,2,83.1,2,2,2022-06-02 09:29:23
1654162167440992000,83.1,1,82.9,2,83.1,2,1,2022-06-02 09:29:27
1654162167826231000,82.9,2,82.8,5,83.1,2,2,2022-06-02 09:29:27
1654162169584651000,83.1,2,83.0,1,83.2,3,1,2022-06-02 09:29:29
1654162172750798000,83.1,1,83.0,2,83.2,3,2,2022-06-02 09:29:32
1654162175952789000,83.2,1,83.1,1,83.2,2,1,2022-06-02 09:29:35
1654162175977837000,83.2,2,83.1,1,83.5,4,1,2022-06-02 09:29:35
1654162180555470000,83.2,1,83.2,9,83.4,2,2,2022-06-02 09:29:40
1654162182134986000,83.3,1,83.2,6,83.4,2,2,2022-06-02 09:29:42
1654162182134986000,83.2,3,83.2,6,83.4,2,2,2022-06-02 09:29:42
1654162185172628000,83.4,1,83.2,6,83.4,2,1,2022-06-02 09:29:45
1654162185411023000,83.4,2,83.2,6,83.5,2,1,2022-06-02 09:29:45
1654162185411023000,83.5,3,83.2,6,83.5,2,1,2022-06-02 09:29:45
1654162186175389000,83.4,1,83.2,6,83.5,2,1,2022-06-02 09:29:46
1654162186266503000,83.2,1,83.2,5,83.5,2,2,2022-06-02 09:29:46
1654162187301807000,83.5,1,83.2,5,83.5,1,1,2022-06-02 09:29:47
1654162188573158000,83.6,3,83.2,5,83.7,1,1,2022-06-02 09:29:48
1654162198114973000,83.5,1,83.2,10,83.8,1,1,2022-06-02 09:29:58
1654162199114485000,83.6,1,83.3,1,83.7,1,2,2022-06-02 09:29:59
1654162206042592000,83.7,1,83.6,5,83.8,3,1,2022-06-02 09:30:06
1654162206073499000,83.8,2,83.6,5,83.8,1,1,2022-06-02 09:30:06
1654162208899698000,83.8,2,83.6,6,83.8,6,1,2022-06-02 09:30:08
1654162208963884000,83.6,5,83.6,1,83.8,6,2,2022-06-02 09:30:08
1654162210715520000,83.8,1,83.6,1,83.8,6,1,2022-06-02 09:30:10
1654162212062481000,83.8,1,83.6,1,83.8,7,1,2022-06-02 09:30:12
1654162214058524000,83.6,1,83.6,1,83.8,6,2,2022-06-02 09:30:14
1654162215735226000,83.7,1,83.6,1,83.8,6,1,2022-06-02 09:30:15
1654162215811051000,83.6,1,83.4,3,83.8,6,2,2022-06-02 09:30:15
1654162215811051000,83.5,2,83.4,3,83.8,6,2,2022-06-02 09:30:15
1654162215811051000,83.4,2,83.4,3,83.8,6,2,2022-06-02 09:30:15
1654162216121011000,83.7,1,83.4,3,83.8,6,2,2022-06-02 09:30:16
1654162217047603000,83.7,1,83.6,3,83.8,6,1,2022-06-02 09:30:17
1654162220185725000,83.6,1,83.6,2,83.7,6,2,2022-06-02 09:30:20
1654162220212028000,83.6,2,83.4,3,83.7,6,2,2022-06-02 09:30:20
1654162221638124000,83.6,1,83.4,3,83.7,9,1,2022-06-02 09:30:21
1654162222566184000,83.7,9,83.4,3,83.9,7,1,2022-06-02 09:30:22
1654162222566184000,83.8,6,83.4,3,83.9,7,1,2022-06-02 09:30:22
1654162230123835000,83.7,3,83.7,2,83.8,1,1,2022-06-02 09:30:30
1654162230339525000,83.8,1,83.7,2,83.9,6,1,2022-06-02 09:30:30
1654162230339525000,83.9,1,83.7,2,83.9,6,1,2022-06-02 09:30:30
1654162235602583000,83.8,1,83.7,5,83.9,5,1,2022-06-02 09:30:35
1654162235602583000,83.9,1,83.7,5,83.9,5,1,2022-06-02 09:30:35
1654162235947319000,83.9,1,83.7,5,83.9,5,1,2022-06-02 09:30:35
1654162237826079000,83.9,1,83.7,5,83.9,4,1,2022-06-02 09:30:37
1654162238329494000,83.7,3,83.7,2,83.9,4,2,2022-06-02 09:30:38
1654162242727501000,83.9,2,83.7,2,83.9,5,1,2022-06-02 09:30:42
1654162243766923000,83.7,2,83.5,1,83.7,10,2,2022-06-02 09:30:43
1654162244916702000,83.7,1,83.5,1,83.7,9,1,2022-06-02 09:30:44
1654162249747441000,83.7,5,83.5,1,83.7,4,1,2022-06-02 09:30:49
1654162249765893000,83.5,1,83.4,4,83.7,4,2,2022-06-02 09:30:49
1654162249765893000,83.4,4,83.4,4,83.7,4,2,2022-06-02 09:30:49
1654162249776507000,83.7,1,83.4,4,83.7,3,1,2022-06-02 09:30:49
1654162250849823000,83.7,1,83.4,4,83.7,3,1,2022-06-02 09:30:50
1654162257008039000,83.7,1,83.6,1,83.7,2,1,2022-06-02 09:30:57
1654162257592879000,83.7,1,83.6,1,83.7,1,1,2022-06-02 09:30:57
1654162258682127000,83.6,1,83.2,10,83.7,1,2,2022-06-02 09:30:58
1654162258682127000,83.4,4,83.2,10,83.7,1,2,2022-06-02 09:30:58
1654162265178226000,83.3,1,83.2,6,83.6,1,2,2022-06-02 09:31:05
1654162265178226000,83.2,4,83.2,6,83.6,1,2,2022-06-02 09:31:05
1654162270014796000,83.2,5,83.1,11,83.6,2,2,2022-06-02 09:31:10
1654162278689758000,83.3,1,83.1,11,83.4,2,2,2022-06-02 09:31:18
1654162287510168000,83.4,1,83.2,1,83.5,4,1,2022-06-02 09:31:27
1654162293460618000,83.3,1,83.2,1,83.4,1,1,2022-06-02 09:31:33
1654162299013357000,83.4,1,83.3,2,83.5,4,1,2022-06-02 09:31:39
1654162299185146000,83.3,1,83.3,1,83.5,4,2,2022-06-02 09:31:39
1654162299351282000,83.3,1,83.2,2,83.5,4,2,2022-06-02 09:31:39
1654162304469740000,83.5,4,83.2,2,83.6,2,1,2022-06-02 09:31:44
1654162317233858000,83.3,2,83.2,3,83.5,3,1,2022-06-02 09:31:57
1654162321512206000,83.4,1,83.3,5,83.6,4,1,2022-06-02 09:32:01
1654162321512206000,83.5,4,83.3,5,83.6,4,1,2022-06-02 09:32:01
1654162322426063000,83.3,5,83.2,2,83.3,1,2,2022-06-02 09:32:02
1654162323114119000,83.3,1,83.2,2,83.3,6,1,2022-06-02 09:32:03
1654162328102889000,83.3,2,83.2,2,83.3,4,1,2022-06-02 09:32:08
1654162330146354000,83.3,2,83.2,2,83.3,2,1,2022-06-02 09:32:10
1654162333452216000,83.3,2,83.3,3,83.5,1,1,2022-06-02 09:32:13
1654162343658063000,83.5,1,83.3,5,83.9,11,1,2022-06-02 09:32:23
1654162343658063000,83.6,4,83.3,5,83.9,11,1,2022-06-02 09:32:23
1654162343658063000,83.7,1,83.3,5,83.9,11,1,2022-06-02 09:32:23
1654162343658063000,83.8,9,83.3,5,83.9,11,1,2022-06-02 09:32:23
1654162343658063000,83.9,1,83.3,5,83.9,11,1,2022-06-02 09:32:23
1654162351346793000,83.4,2,83.4,3,83.8,1,2,2022-06-02 09:32:31
1654162366012820000,83.4,1,83.4,9,83.8,2,2,2022-06-02 09:32:46
1654162376533919000,83.8,2,83.5,4,83.8,3,1,2022-06-02 09:32:56
1654162388153734000,83.7,1,83.6,3,83.8,4,1,2022-06-02 09:33:08
1654162394041370000,83.7,1,83.6,3,83.8,11,2,2022-06-02 09:33:14
1654162395710396000,83.7,2,83.7,1,83.8,11,2,2022-06-02 09:33:15
1654162395742947000,83.7,1,83.6,3,83.8,11,2,2022-06-02 09:33:15
1654162397000111000,83.6,3,83.5,1,83.7,2,2,2022-06-02 09:33:17
1654162401027714000,83.5,2,83.4,11,83.7,2,2,2022-06-02 09:33:21
1654162414256819000,83.5,1,83.4,8,83.6,3,2,2022-06-02 09:33:34
1654162423242311000,83.4,6,83.3,6,83.6,4,2,2022-06-02 09:33:43
1654162423416108000,83.3,5,83.2,7,83.4,6,2,2022-06-02 09:33:43
1654162431649758000,83.3,4,83.3,1,83.4,6,2,2022-06-02 09:33:51
1654162431906265000,83.3,1,83.2,7,83.4,6,2,2022-06-02 09:33:51
1654162437963088000,83.2,1,83.2,5,83.4,6,2,2022-06-02 09:33:57
1654162439331115000,83.2,3,83.2,2,83.4,7,2,2022-06-02 09:33:59
1654162439584971000,83.2,2,83.1,8,83.4,7,2,2022-06-02 09:33:59
1654162473130537000,83.3,1,83.2,3,83.4,7,2,2022-06-02 09:34:33
1654162488716845000,83.4,1,83.3,1,83.4,6,1,2022-06-02 09:34:48
1654162495292599000,83.4,1,83.3,1,83.4,4,1,2022-06-02 09:34:55
1654162498122817000,83.4,1,83.3,1,83.4,3,1,2022-06-02 09:34:58
1654162498158401000,83.4,2,83.3,1,83.4,1,1,2022-06-02 09:34:58
1654162499277880000,83.4,1,83.3,1,83.5,4,1,2022-06-02 09:34:59
1654162505825489000,83.5,1,83.4,2,83.5,3,1,2022-06-02 09:35:05
1654162517777325000,83.5,1,83.4,2,83.5,4,1,2022-06-02 09:35:17
1654162518245187000,83.4,2,83.3,4,83.5,4,2,2022-06-02 09:35:18
1654162519322614000,83.5,1,83.3,4,83.5,3,1,2022-06-02 09:35:19
1654162526068712000,83.5,1,83.3,4,83.5,2,1,2022-06-02 09:35:26
1654162551371364000,83.5,1,83.4,2,83.5,1,1,2022-06-02 09:35:51
1654162556693846000,83.4,2,83.3,6,83.5,3,2,2022-06-02 09:35:56
1654162566128298000,83.4,1,83.4,2,83.5,4,2,2022-06-02 09:36:06
1654162566155516000,83.4,2,83.3,6,83.5,4,2,2022-06-02 09:36:06
1654162567375984000,83.5,1,83.3,6,83.5,4,1,2022-06-02 09:36:07
1654162569435978000,83.3,3,83.3,3,83.5,4,2,2022-06-02 09:36:09
1654162569444954000,83.3,3,83.1,13,83.5,4,2,2022-06-02 09:36:09
1654162574453062000,83.3,1,83.1,13,83.3,1,1,2022-06-02 09:36:14
1654162578221136000,83.1,1,83.1,13,83.3,1,2,2022-06-02 09:36:18
1654162580974032000,83.3,3,83.3,11,83.4,1,1,2022-06-02 09:36:20
1654162589333547000,83.3,1,83.3,10,83.4,1,2,2022-06-02 09:36:29
1654162605280689000,83.3,1,83.3,10,83.4,2,2,2022-06-02 09:36:45
1654162619075853000,83.3,1,83.3,9,83.4,2,2,2022-06-02 09:36:59
1654162621712444000,83.3,2,83.3,7,83.4,2,2,2022-06-02 09:37:01
1654162628865482000,83.3,1,83.3,6,83.4,2,2,2022-06-02 09:37:08
1654162635440239000,83.3,6,83.1,14,83.4,4,2,2022-06-02 09:37:15
1654162640994322000,83.3,2,83.1,14,83.4,5,2,2022-06-02 09:37:20
1654162649043261000,83.4,1,83.1,14,83.4,3,1,2022-06-02 09:37:29
1654162664912162000,83.3,1,83.1,15,83.4,8,2,2022-06-02 09:37:44
1654162679666552000,83.3,1,83.2,1,83.3,2,1,2022-06-02 09:37:59
1654162696480053000,83.2,1,83.1,11,83.3,6,2,2022-06-02 09:38:16
1654162696480053000,83.1,4,83.1,11,83.3,6,2,2022-06-02 09:38:16
1654162696596721000,83.1,1,83.1,10,83.3,6,2,2022-06-02 09:38:16
1654162700553772000,83.1,1,83.1,9,83.3,7,2,2022-06-02 09:38:20
1654162702582490000,83.1,1,83.1,8,83.3,7,2,2022-06-02 09:38:22
1654162720115698000,83.1,1,83.1,7,83.2,1,2,2022-06-02 09:38:40
1654162741654755000,83.2,2,83.1,6,83.3,6,1,2022-06-02 09:39:01
1654162742065394000,83.1,5,83.1,1,83.3,6,2,2022-06-02 09:39:02
1654162742084186000,83.1,1,83.0,29,83.3,6,2,2022-06-02 09:39:02
1654162751212261000,83.1,1,83.0,29,83.3,7,2,2022-06-02 09:39:11
1654162753515304000,83.1,2,83.0,29,83.1,1,1,2022-06-02 09:39:13
1654162757914257000,83.0,3,83.0,26,83.1,1,2,2022-06-02 09:39:17
1654162758824919000,83.1,1,83.0,26,83.3,7,1,2022-06-02 09:39:18
1654162762813521000,83.1,1,83.0,26,83.3,7,2,2022-06-02 09:39:22
1654162765916631000,83.0,3,83.0,23,83.1,1,2,2022-06-02 09:39:25
1654162766087197000,83.1,1,83.1,1,83.3,7,1,2022-06-02 09:39:26
1654162773965896000,83.1,2,83.0,23,83.2,1,2,2022-06-02 09:39:33
1654162773965896000,83.0,1,83.0,23,83.2,1,2,2022-06-02 09:39:33
1654162782711655000,83.1,1,83.1,1,83.2,4,2,2022-06-02 09:39:42
1654162783237247000,83.1,1,83.0,21,83.2,3,2,2022-06-02 09:39:43
1654162783237247000,83.0,2,83.0,21,83.2,3,2,2022-06-02 09:39:43
1654162783468981000,83.0,1,83.0,20,83.2,3,2,2022-06-02 09:39:43
1654162787197056000,83.0,10,83.0,10,83.2,3,2,2022-06-02 09:39:47
1654162787230299000,83.0,10,82.9,2,83.2,3,2,2022-06-02 09:39:47
1654162787230299000,82.9,1,82.9,2,83.2,3,2,2022-06-02 09:39:47
1654162787261021000,82.9,2,82.8,4,83.0,10,2,2022-06-02 09:39:47
1654162787261021000,82.8,1,82.8,4,83.0,10,2,2022-06-02 09:39:47
1654162796245322000,82.8,1,82.8,3,83.0,4,2,2022-06-02 09:39:56
1654162803503528000,82.8,1,82.8,15,83.0,4,2,2022-06-02 09:40:03
1654162804373766000,82.8,1,82.8,14,83.2,8,2,2022-06-02 09:40:04
1654162817678577000,82.9,2,82.8,16,83.0,1,1,2022-06-02 09:40:17
1654162818880951000,82.8,2,82.8,14,83.0,1,2,2022-06-02 09:40:18
1654162820107542000,82.8,1,82.8,13,83.0,2,2,2022-06-02 09:40:20
1654162821675940000,82.8,5,82.8,8,83.0,2,2,2022-06-02 09:40:21
1654162826912294000,82.8,1,82.8,7,83.0,2,2,2022-06-02 09:40:26
1654162828144114000,82.8,1,82.8,7,83.0,2,2,2022-06-02 09:40:28
1654162831171073000,82.9,4,82.9,1,83.0,1,2,2022-06-02 09:40:31
1654162831194855000,82.9,1,82.8,7,83.0,1,2,2022-06-02 09:40:31
1654162848280244000,82.8,3,82.8,6,83.0,2,2,2022-06-02 09:40:48
1654162850118201000,83.0,1,82.8,6,83.0,2,1,2022-06-02 09:40:50
1654162864580904000,82.8,1,82.8,6,83.0,2,2,2022-06-02 09:41:04
1654162869762237000,82.8,1,82.8,6,83.0,1,2,2022-06-02 09:41:09
1654162877383484000,83.0,1,82.8,13,83.1,3,1,2022-06-02 09:41:17
1654162885697525000,83.1,1,82.9,6,83.1,2,1,2022-06-02 09:41:25
1654162885738610000,83.1,2,82.9,6,83.2,6,1,2022-06-02 09:41:25
1654162886350725000,83.0,1,82.9,6,83.2,5,2,2022-06-02 09:41:26
1654162886350725000,82.9,2,82.9,6,83.2,5,2,2022-06-02 09:41:26
1654162894260794000,83.1,1,83.0,3,83.2,5,1,2022-06-02 09:41:34
1654162898124648000,83.0,1,83.0,1,83.2,5,2,2022-06-02 09:41:38
1654162898778759000,83.0,1,82.9,10,83.0,1,2,2022-06-02 09:41:38
1654162898812833000,83.0,1,82.9,10,83.2,5,1,2022-06-02 09:41:38
1654162909009947000,83.0,1,82.9,14,83.1,2,1,2022-06-02 09:41:49
1654162909030487000,83.1,2,82.9,14,83.2,5,1,2022-06-02 09:41:49
1654162913618123000,83.2,1,83.0,1,83.2,4,1,2022-06-02 09:41:53
1654162915112993000,83.0,2,82.9,14,83.2,4,2,2022-06-02 09:41:55
1654162916212248000,83.0,1,82.9,14,83.2,4,1,2022-06-02 09:41:56
1654162927064466000,83.0,2,83.0,1,83.2,4,2,2022-06-02 09:42:07
1654162956040892000,83.0,3,83.0,3,83.2,4,2,2022-06-02 09:42:36
1654162963771226000,83.0,3,82.9,17,83.2,3,2,2022-06-02 09:42:43
1654162974722872000,82.9,3,82.9,14,83.2,3,2,2022-06-02 09:42:54
1654162984442370000,83.0,1,83.0,1,83.2,5,2,2022-06-02 09:43:04
1654162997340545000,83.0,4,82.9,12,83.2,3,2,2022-06-02 09:43:17
1654162997340545000,82.9,1,82.9,12,83.2,3,2,2022-06-02 09:43:17
1654163004529469000,82.9,1,82.9,11,83.2,5,2,2022-06-02 09:43:24
1654163005307399000,82.9,1,82.9,10,83.2,5,2,2022-06-02 09:43:25
1654163019423969000,82.9,5,82.8,12,83.2,5,2,2022-06-02 09:43:39
1654163019710545000,82.8,12,82.7,1,83.2,6,2,2022-06-02 09:43:39
1654163028830716000,82.7,1,82.6,10,82.8,4,2,2022-06-02 09:43:48
