ts,close,volume,bid_price,bid_volume,ask_price,ask_volume,tick_type,datetime
1653037321841696000,18.5,3190,18.45,108,18.5,252,1,2022-05-20 09:02:01
1653037321898659000,18.45,2,18.45,106,18.5,252,2,2022-05-20 09:02:01
1653037321900203000,18.45,1,18.45,105,18.5,252,2,2022-05-20 09:02:01
1653037321907394000,18.45,1,18.45,104,18.5,259,2,2022-05-20 09:02:01
1653037321909213000,18.45,1,18.45,103,18.5,259,2,2022-05-20 09:02:01
1653037321942346000,18.45,103,18.4,82,18.5,259,2,2022-05-20 09:02:01
1653037322047345000,18.5,5,18.4,82,18.5,256,1,2022-05-20 09:02:02
1653037322071304000,18.4,20,18.4,62,18.5,256,2,2022-05-20 09:02:02
1653037322104269000,18.4,61,18.4,1,18.5,256,2,2022-05-20 09:02:02
1653037322201787000,18.5,1,18.4,1,18.5,255,1,2022-05-20 09:02:02
1653037322216383000,18.4,1,18.35,18,18.5,255,2,2022-05-20 09:02:02
1653037322235903000,18.5,9,18.35,18,18.5,246,1,2022-05-20 09:02:02
1653037322404171000,18.45,1,18.35,18,18.45,9,1,2022-05-20 09:02:02
1653037322418785000,18.35,14,18.35,4,18.45,9,2,2022-05-20 09:02:02
1653037322458659000,18.35,4,18.3,42,18.45,9,2,2022-05-20 09:02:02
1653037322474558000,18.3,4,18.3,38,18.45,9,2,2022-05-20 09:02:02
1653037322488127000,18.3,15,18.3,23,18.45,33,2,2022-05-20 09:02:02
1653037322503581000,18.3,1,18.3,22,18.45,33,2,2022-05-20 09:02:02
1653037322513760000,18.3,3,18.3,19,18.45,21,2,2022-05-20 09:02:02
1653037322528430000,18.45,10,18.3,19,18.45,11,1,2022-05-20 09:02:02
1653037322552920000,18.3,14,18.3,5,18.45,11,2,2022-05-20 09:02:02
1653037322588971000,18.3,5,18.2,44,18.45,11,2,2022-05-20 09:02:02
1653037322588971000,18.25,20,18.2,44,18.45,11,2,2022-05-20 09:02:02
1653037322588971000,18.2,3,18.2,44,18.45,11,2,2022-05-20 09:02:02
1653037322670249000,18.3,1,18.2,44,18.3,9,2,2022-05-20 09:02:02
1653037322707626000,18.3,4,18.2,44,18.3,5,1,2022-05-20 09:02:02
1653037323080556000,18.2,20,18.2,24,18.3,60,2,2022-05-20 09:02:03
1653037323100786000,18.2,1,18.2,23,18.3,60,2,2022-05-20 09:02:03
1653037323149939000,18.3,1,18.2,23,18.3,59,1,2022-05-20 09:02:03
1653037323292312000,18.25,2,18.2,23,18.25,18,1,2022-05-20 09:02:03
1653037323461949000,18.2,23,18.1,8,18.25,18,2,2022-05-20 09:02:03
1653037323461949000,18.15,3,18.1,8,18.25,18,2,2022-05-20 09:02:03
1653037323461949000,18.1,74,18.1,8,18.25,18,2,2022-05-20 09:02:03
1653037323672156000,18.25,2,18.1,8,18.25,29,1,2022-05-20 09:02:03
1653037323686726000,18.25,5,18.1,8,18.25,24,1,2022-05-20 09:02:03
1653037323720831000,18.1,1,18.1,7,18.25,24,2,2022-05-20 09:02:03
1653037323799613000,18.25,1,18.1,7,18.25,23,1,2022-05-20 09:02:03
1653037323805675000,18.25,23,18.25,10,18.3,44,1,2022-05-20 09:02:03
1653037323853604000,18.3,2,18.25,10,18.3,42,1,2022-05-20 09:02:03
1653037323853620000,18.3,1,18.25,10,18.3,41,1,2022-05-20 09:02:03
1653037324594053000,18.3,49,18.25,20,18.5,225,1,2022-05-20 09:02:04
1653037324594053000,18.4,2,18.25,20,18.5,225,1,2022-05-20 09:02:04
1653037324594053000,18.45,16,18.25,20,18.5,225,1,2022-05-20 09:02:04
1653037324594053000,18.5,19,18.25,20,18.5,225,1,2022-05-20 09:02:04
1653037324621360000,18.5,1,18.25,20,18.5,224,1,2022-05-20 09:02:04
1653037324964037000,18.35,1,18.35,24,18.45,5,2,2022-05-20 09:02:04
1653037325163713000,18.35,24,18.3,8,18.45,5,2,2022-05-20 09:02:05
1653037325163713000,18.3,8,18.3,8,18.45,5,2,2022-05-20 09:02:05
1653037325222654000,18.4,1,18.3,8,18.45,15,1,2022-05-20 09:02:05
1653037325222654000,18.45,2,18.3,8,18.45,15,1,2022-05-20 09:02:05
1653037325224422000,18.3,5,18.3,3,18.45,15,2,2022-05-20 09:02:05
1653037325407366000,18.3,4,18.25,29,18.45,25,2,2022-05-20 09:02:05
1653037325407366000,18.25,1,18.25,29,18.45,25,2,2022-05-20 09:02:05
1653037325484631000,18.4,2,18.35,10,18.4,11,1,2022-05-20 09:02:05
1653037325532715000,18.4,1,18.35,10,18.45,13,2,2022-05-20 09:02:05
1653037325598486000,18.35,3,18.35,27,18.45,13,2,2022-05-20 09:02:05
1653037325645321000,18.45,10,18.35,27,18.45,3,1,2022-05-20 09:02:05
1653037325718412000,18.35,10,18.35,17,18.45,3,2,2022-05-20 09:02:05
1653037325742198000,18.45,3,18.35,17,18.5,265,1,2022-05-20 09:02:05
1653037325742198000,18.5,10,18.35,17,18.5,265,1,2022-05-20 09:02:05
1653037325914025000,18.35,20,18.35,30,18.5,265,2,2022-05-20 09:02:05
1653037326292923000,18.5,2,18.35,30,18.5,264,1,2022-05-20 09:02:06
1653037326777120000,18.5,3,18.35,30,18.5,262,1,2022-05-20 09:02:06
1653037326904251000,18.4,10,18.35,20,18.5,262,2,2022-05-20 09:02:06
1653037326904251000,18.35,10,18.35,20,18.5,262,2,2022-05-20 09:02:06
1653037327028048000,18.5,1,18.35,20,18.5,261,1,2022-05-20 09:02:07
1653037327192735000,18.5,2,18.35,20,18.5,259,1,2022-05-20 09:02:07
1653037327226854000,18.35,6,18.35,14,18.5,259,2,2022-05-20 09:02:07
1653037327470275000,18.5,3,18.35,14,18.5,256,1,2022-05-20 09:02:07
1653037327678874000,18.45,10,18.35,24,18.45,40,1,2022-05-20 09:02:07
1653037327690789000,18.45,26,18.35,24,18.45,14,1,2022-05-20 09:02:07
1653037327755007000,18.45,10,18.35,24,18.45,4,1,2022-05-20 09:02:07
1653037327794076000,18.45,2,18.35,24,18.45,2,1,2022-05-20 09:02:07
1653037328246346000,18.45,1,18.4,50,18.45,1,1,2022-05-20 09:02:08
1653037328680784000,18.45,1,18.4,50,18.45,10,1,2022-05-20 09:02:08
1653037328711216000,18.45,10,18.4,50,18.5,257,1,2022-05-20 09:02:08
1653037328944763000,18.5,1,18.4,51,18.5,256,1,2022-05-20 09:02:08
1653037329262029000,18.5,1,18.4,51,18.5,258,1,2022-05-20 09:02:09
1653037329327647000,18.5,1,18.4,51,18.5,257,1,2022-05-20 09:02:09
1653037329567076000,18.5,1,18.4,51,18.5,256,1,2022-05-20 09:02:09
1653037329761933000,18.5,2,18.4,51,18.5,254,1,2022-05-20 09:02:09
1653037329854225000,18.5,2,18.4,51,18.5,252,1,2022-05-20 09:02:09
1653037330017508000,18.5,2,18.45,1,18.5,231,1,2022-05-20 09:02:10
1653037330237924000,18.45,1,18.4,51,18.5,231,2,2022-05-20 09:02:10
1653037330242459000,18.5,2,18.4,51,18.5,229,1,2022-05-20 09:02:10
1653037330319313000,18.5,1,18.4,51,18.5,228,1,2022-05-20 09:02:10
1653037330337843000,18.4,6,18.4,45,18.5,228,2,2022-05-20 09:02:10
1653037330457677000,18.45,2,18.45,9,18.5,228,2,2022-05-20 09:02:10
1653037330680761000,18.45,6,18.45,3,18.5,228,2,2022-05-20 09:02:10
1653037330680903000,18.45,3,18.4,46,18.5,228,2,2022-05-20 09:02:10
1653037330703250000,18.4,46,18.35,137,18.5,228,2,2022-05-20 09:02:10
1653037330726496000,18.5,1,18.35,137,18.5,227,1,2022-05-20 09:02:10
1653037330786123000,18.5,1,18.35,137,18.5,226,1,2022-05-20 09:02:10
1653037331528000000,18.5,1,18.45,22,18.5,227,1,2022-05-20 09:02:11
1653037331630257000,18.5,1,18.45,22,18.5,226,1,2022-05-20 09:02:11
1653037331686644000,18.5,4,18.45,22,18.5,247,1,2022-05-20 09:02:11
1653037331760431000,18.5,1,18.45,23,18.5,246,1,2022-05-20 09:02:11
1653037331793085000,18.5,1,18.45,23,18.5,245,1,2022-05-20 09:02:11
1653037331848398000,18.5,30,18.45,23,18.5,215,1,2022-05-20 09:02:11
1653037331987908000,18.45,1,18.45,22,18.5,215,2,2022-05-20 09:02:11
1653037332201120000,18.5,10,18.45,18,18.5,208,1,2022-05-20 09:02:12
1653037332321002000,18.45,1,18.45,17,18.5,208,2,2022-05-20 09:02:12
1653037332375719000,18.5,1,18.45,17,18.5,206,1,2022-05-20 09:02:12
1653037332434393000,18.45,11,18.45,6,18.5,206,2,2022-05-20 09:02:12
1653037332435941000,18.5,1,18.45,6,18.5,205,1,2022-05-20 09:02:12
1653037332526598000,18.5,5,18.45,7,18.5,200,1,2022-05-20 09:02:12
1653037332934054000,18.45,1,18.45,6,18.5,200,2,2022-05-20 09:02:12
1653037333040933000,18.5,6,18.45,7,18.5,194,1,2022-05-20 09:02:13
1653037333171729000,18.5,10,18.45,7,18.5,186,1,2022-05-20 09:02:13
1653037333180828000,18.5,20,18.45,7,18.5,166,1,2022-05-20 09:02:13
1653037333262386000,18.5,5,18.45,7,18.5,161,1,2022-05-20 09:02:13
1653037333340198000,18.45,9,18.4,4,18.5,161,2,2022-05-20 09:02:13
1653037333340198000,18.4,6,18.4,4,18.5,161,2,2022-05-20 09:02:13
1653037333374379000,18.4,1,18.4,3,18.5,161,2,2022-05-20 09:02:13
1653037333380078000,18.5,1,18.4,3,18.5,160,1,2022-05-20 09:02:13
1653037333441120000,18.45,2,18.4,1,18.5,160,2,2022-05-20 09:02:13
1653037333441120000,18.4,2,18.4,1,18.5,160,2,2022-05-20 09:02:13
1653037333453557000,18.5,3,18.4,1,18.5,157,1,2022-05-20 09:02:13
1653037333473512000,18.5,1,18.4,1,18.5,156,1,2022-05-20 09:02:13
1653037333584648000,18.5,2,18.4,1,18.5,157,1,2022-05-20 09:02:13
1653037333591057000,18.5,1,18.4,1,18.5,156,1,2022-05-20 09:02:13
1653037333591240000,18.5,2,18.4,1,18.5,154,1,2022-05-20 09:02:13
1653037333625881000,18.4,1,18.35,62,18.5,154,2,2022-05-20 09:02:13
1653037333625881000,18.35,99,18.35,62,18.5,154,2,2022-05-20 09:02:13
1653037333663873000,18.5,3,18.35,62,18.5,151,1,2022-05-20 09:02:13
1653037333833230000,18.5,3,18.35,63,18.5,149,1,2022-05-20 09:02:13
1653037333876069000,18.5,5,18.35,63,18.5,144,1,2022-05-20 09:02:13
1653037334021809000,18.5,1,18.35,63,18.5,148,1,2022-05-20 09:02:14
1653037334023863000,18.5,1,18.35,63,18.5,147,1,2022-05-20 09:02:14
1653037334072487000,18.4,1,18.35,62,18.5,147,2,2022-05-20 09:02:14
1653037334072487000,18.35,1,18.35,62,18.5,147,2,2022-05-20 09:02:14
1653037334136045000,18.35,1,18.35,61,18.5,147,2,2022-05-20 09:02:14
1653037334142916000,18.35,1,18.35,60,18.5,147,2,2022-05-20 09:02:14
1653037334146199000,18.35,2,18.35,58,18.5,147,2,2022-05-20 09:02:14
1653037334217838000,18.5,1,18.35,58,18.5,146,1,2022-05-20 09:02:14
1653037334229951000,18.5,5,18.4,10,18.5,142,1,2022-05-20 09:02:14
1653037334351163000,18.45,1,18.4,10,18.45,1,1,2022-05-20 09:02:14
1653037334376044000,18.45,1,18.4,10,18.5,142,1,2022-05-20 09:02:14
1653037334425423000,18.45,10,18.4,10,18.45,5,1,2022-05-20 09:02:14
1653037334549100000,18.4,2,18.4,8,18.45,15,2,2022-05-20 09:02:14
1653037335094598000,18.45,10,18.4,59,18.45,16,1,2022-05-20 09:02:15
1653037335144751000,18.4,5,18.4,55,18.45,16,2,2022-05-20 09:02:15
1653037335269254000,18.45,1,18.4,55,18.45,50,1,2022-05-20 09:02:15
1653037335336621000,18.45,1,18.4,59,18.45,49,1,2022-05-20 09:02:15
1653037335368584000,18.4,3,18.4,56,18.45,49,2,2022-05-20 09:02:15
1653037335510671000,18.45,2,18.4,56,18.45,65,1,2022-05-20 09:02:15
1653037335511661000,18.45,5,18.4,56,18.45,60,1,2022-05-20 09:02:15
1653037335513121000,18.4,3,18.4,53,18.45,60,2,2022-05-20 09:02:15
1653037335618502000,18.4,1,18.4,52,18.45,75,2,2022-05-20 09:02:15
1653037335767108000,18.45,1,18.4,52,18.45,74,1,2022-05-20 09:02:15
1653037335774400000,18.45,20,18.4,52,18.45,54,1,2022-05-20 09:02:15
1653037335794893000,18.4,30,18.4,22,18.45,54,2,2022-05-20 09:02:15
1653037335798621000,18.45,1,18.4,22,18.45,53,1,2022-05-20 09:02:15
1653037335801086000,18.45,1,18.4,22,18.45,52,1,2022-05-20 09:02:15
1653037335837484000,18.45,10,18.4,22,18.45,42,1,2022-05-20 09:02:15
1653037335917741000,18.45,1,18.4,22,18.45,41,1,2022-05-20 09:02:15
1653037335935058000,18.45,1,18.4,22,18.45,40,1,2022-05-20 09:02:15
1653037336062733000,18.45,3,18.4,26,18.45,37,1,2022-05-20 09:02:16
1653037336199667000,18.45,10,18.4,26,18.45,61,1,2022-05-20 09:02:16
1653037336361954000,18.45,1,18.4,26,18.45,60,1,2022-05-20 09:02:16
1653037336528541000,18.4,26,18.35,67,18.45,62,2,2022-05-20 09:02:16
1653037336528541000,18.35,4,18.35,67,18.45,62,2,2022-05-20 09:02:16
1653037336692378000,18.45,1,18.4,1,18.45,61,1,2022-05-20 09:02:16
1653037336722995000,18.4,1,18.35,66,18.45,62,2,2022-05-20 09:02:16
1653037336722995000,18.35,1,18.35,66,18.45,62,2,2022-05-20 09:02:16
1653037336760320000,18.35,25,18.35,41,18.45,62,2,2022-05-20 09:02:16
1653037337038480000,18.45,2,18.35,42,18.45,60,1,2022-05-20 09:02:17
1653037337086267000,18.45,1,18.4,1,18.45,59,1,2022-05-20 09:02:17
1653037337145123000,18.4,1,18.35,42,18.4,49,2,2022-05-20 09:02:17
1653037337370560000,18.4,5,18.35,42,18.4,49,1,2022-05-20 09:02:17
1653037337395006000,18.4,1,18.35,42,18.4,48,1,2022-05-20 09:02:17
1653037337437422000,18.4,10,18.35,47,18.4,38,1,2022-05-20 09:02:17
1653037337529122000,18.4,2,18.35,47,18.4,37,1,2022-05-20 09:02:17
1653037337560426000,18.35,1,18.35,46,18.4,38,2,2022-05-20 09:02:17
1653037337616792000,18.4,1,18.35,46,18.4,78,1,2022-05-20 09:02:17
1653037337784410000,18.35,1,18.35,46,18.4,80,2,2022-05-20 09:02:17
1653037338046479000,18.35,3,18.35,44,18.4,100,2,2022-05-20 09:02:18
1653037338087003000,18.35,13,18.35,31,18.4,100,2,2022-05-20 09:02:18
1653037338175380000,18.4,1,18.35,31,18.4,122,1,2022-05-20 09:02:18
1653037338312485000,18.35,20,18.35,31,18.4,132,2,2022-05-20 09:02:18
1653037338336944000,18.35,20,18.35,11,18.4,132,2,2022-05-20 09:02:18
1653037338348157000,18.35,11,18.3,106,18.4,132,2,2022-05-20 09:02:18
1653037338509584000,18.3,1,18.3,86,18.35,20,2,2022-05-20 09:02:18
1653037338509917000,18.35,5,18.3,86,18.35,15,1,2022-05-20 09:02:18
1653037338543470000,18.35,5,18.3,86,18.35,10,1,2022-05-20 09:02:18
1653037338546252000,18.35,1,18.3,86,18.35,9,1,2022-05-20 09:02:18
1653037338643113000,18.35,2,18.3,86,18.35,20,1,2022-05-20 09:02:18
1653037338713782000,18.35,4,18.3,87,18.35,26,1,2022-05-20 09:02:18
1653037338714401000,18.35,2,18.3,87,18.35,24,1,2022-05-20 09:02:18
1653037338724609000,18.35,3,18.3,87,18.35,21,1,2022-05-20 09:02:18
1653037338743272000,18.35,20,18.3,87,18.35,1,1,2022-05-20 09:02:18
1653037338798938000,18.3,5,18.3,82,18.35,6,2,2022-05-20 09:02:18
1653037339219833000,18.3,2,18.3,62,18.35,37,2,2022-05-20 09:02:19
1653037339281476000,18.35,1,18.3,62,18.35,36,1,2022-05-20 09:02:19
1653037339291016000,18.35,1,18.3,62,18.35,35,1,2022-05-20 09:02:19
1653037339303248000,18.35,1,18.3,62,18.35,34,1,2022-05-20 09:02:19
1653037339309156000,18.3,1,18.3,61,18.35,34,2,2022-05-20 09:02:19
1653037339349747000,18.35,1,18.3,61,18.35,33,1,2022-05-20 09:02:19
1653037339364981000,18.35,2,18.3,61,18.35,31,1,2022-05-20 09:02:19
1653037339592914000,18.3,1,18.3,60,18.35,58,2,2022-05-20 09:02:19
1653037339747201000,18.35,1,18.3,60,18.35,57,1,2022-05-20 09:02:19
1653037339778894000,18.35,57,18.3,60,18.45,73,1,2022-05-20 09:02:19
1653037339778894000,18.4,137,18.3,60,18.45,73,1,2022-05-20 09:02:19
1653037339778894000,18.45,6,18.3,60,18.45,73,1,2022-05-20 09:02:19
1653037339884332000,18.3,1,18.3,60,18.35,1,2,2022-05-20 09:02:19
1653037339915466000,18.3,2,18.3,58,18.35,1,2,2022-05-20 09:02:19
1653037340040793000,18.35,1,18.3,58,18.45,64,1,2022-05-20 09:02:20
1653037340040793000,18.45,9,18.3,58,18.45,64,1,2022-05-20 09:02:20
1653037340064005000,18.45,1,18.3,58,18.45,63,1,2022-05-20 09:02:20
1653037340252591000,18.3,25,18.3,33,18.35,25,2,2022-05-20 09:02:20
1653037340268224000,18.35,1,18.3,33,18.35,24,1,2022-05-20 09:02:20
1653037340582196000,18.3,1,18.3,32,18.35,24,2,2022-05-20 09:02:20
1653037340810611000,18.35,1,18.3,32,18.35,23,1,2022-05-20 09:02:20
1653037340829975000,18.35,10,18.3,32,18.35,14,1,2022-05-20 09:02:20
1653037340837635000,18.35,1,18.3,32,18.35,13,1,2022-05-20 09:02:20
1653037340860704000,18.35,2,18.3,32,18.35,11,1,2022-05-20 09:02:20
1653037340902172000,18.35,2,18.3,32,18.35,9,1,2022-05-20 09:02:20
1653037341109580000,18.3,1,18.3,32,18.35,9,2,2022-05-20 09:02:21
1653037341226215000,18.3,5,18.3,27,18.35,4,2,2022-05-20 09:02:21
1653037341313562000,18.35,5,18.3,27,18.35,1,1,2022-05-20 09:02:21
1653037341363529000,18.35,1,18.35,3,18.4,21,1,2022-05-20 09:02:21
1653037341478658000,18.35,3,18.3,37,18.4,21,2,2022-05-20 09:02:21
1653037341478658000,18.3,3,18.3,37,18.4,21,2,2022-05-20 09:02:21
1653037341646234000,18.4,10,18.3,37,18.4,11,1,2022-05-20 09:02:21
1653037341750388000,18.4,2,18.35,5,18.4,9,1,2022-05-20 09:02:21
1653037341815366000,18.4,1,18.35,5,18.4,8,1,2022-05-20 09:02:21
1653037341840719000,18.35,5,18.35,1,18.4,8,2,2022-05-20 09:02:21
1653037341916444000,18.35,1,18.3,23,18.4,8,2,2022-05-20 09:02:21
1653037341916444000,18.3,14,18.3,23,18.4,8,2,2022-05-20 09:02:21
1653037341948079000,18.4,10,18.3,23,18.4,2,1,2022-05-20 09:02:21
1653037342006982000,18.4,1,18.35,1,18.4,4,1,2022-05-20 09:02:22
1653037342037152000,18.4,1,18.35,1,18.4,3,1,2022-05-20 09:02:22
1653037342043102000,18.35,1,18.3,23,18.35,14,2,2022-05-20 09:02:22
1653037342093339000,18.35,1,18.3,23,18.35,13,1,2022-05-20 09:02:22
1653037342214191000,18.35,5,18.3,23,18.35,8,1,2022-05-20 09:02:22
1653037342250352000,18.35,8,18.3,25,18.4,3,1,2022-05-20 09:02:22
1653037342274907000,18.3,1,18.3,24,18.4,3,2,2022-05-20 09:02:22
1653037342346285000,18.3,1,18.3,33,18.4,7,2,2022-05-20 09:02:22
1653037342446937000,18.3,2,18.3,31,18.35,1,2,2022-05-20 09:02:22
1653037342477770000,18.3,1,18.3,30,18.35,1,2,2022-05-20 09:02:22
1653037342767980000,18.35,2,18.3,41,18.4,6,1,2022-05-20 09:02:22
1653037342767980000,18.4,1,18.3,41,18.4,6,1,2022-05-20 09:02:22
1653037342824826000,18.4,6,18.3,51,18.45,23,1,2022-05-20 09:02:22
1653037342824826000,18.45,44,18.3,51,18.45,23,1,2022-05-20 09:02:22
1653037342875256000,18.35,1,18.3,51,18.4,2,1,2022-05-20 09:02:22
1653037342916869000,18.3,3,18.3,48,18.4,2,2,2022-05-20 09:02:22
1653037343207006000,18.35,1,18.35,9,18.4,6,2,2022-05-20 09:02:23
1653037343209998000,18.4,1,18.35,9,18.4,5,1,2022-05-20 09:02:23
1653037343295801000,18.35,1,18.35,8,18.4,5,2,2022-05-20 09:02:23
1653037343318103000,18.35,6,18.35,2,18.4,5,2,2022-05-20 09:02:23
1653037343352843000,18.35,2,18.3,48,18.4,5,2,2022-05-20 09:02:23
1653037343409281000,18.4,1,18.3,54,18.4,4,1,2022-05-20 09:02:23
1653037343438691000,18.3,10,18.3,44,18.4,4,2,2022-05-20 09:02:23
1653037343447893000,18.3,1,18.3,43,18.4,4,2,2022-05-20 09:02:23
1653037343764516000,18.35,10,18.35,1,18.4,24,2,2022-05-20 09:02:23
1653037343793373000,18.35,1,18.3,57,18.4,24,2,2022-05-20 09:02:23
1653037343833123000,18.35,1,18.35,9,18.4,24,2,2022-05-20 09:02:23
1653037343840875000,18.35,1,18.35,8,18.4,24,2,2022-05-20 09:02:23
1653037343844838000,18.4,1,18.35,8,18.4,23,1,2022-05-20 09:02:23
1653037344009074000,18.4,1,18.35,8,18.4,22,1,2022-05-20 09:02:24
1653037344017316000,18.35,2,18.35,6,18.4,22,2,2022-05-20 09:02:24
1653037344060902000,18.35,3,18.35,3,18.4,52,2,2022-05-20 09:02:24
1653037344176109000,18.35,1,18.35,4,18.4,78,2,2022-05-20 09:02:24
1653037344222765000,18.35,1,18.35,3,18.4,78,2,2022-05-20 09:02:24
1653037344275787000,18.35,1,18.35,2,18.4,78,2,2022-05-20 09:02:24
1653037344353783000,18.35,3,18.3,65,18.35,7,2,2022-05-20 09:02:24
1653037344450626000,18.35,7,18.3,56,18.4,77,1,2022-05-20 09:02:24
1653037344450626000,18.4,3,18.3,56,18.4,77,1,2022-05-20 09:02:24
1653037344588947000,18.3,5,18.3,51,18.4,81,2,2022-05-20 09:02:24
1653037344629594000,18.4,5,18.35,1,18.4,76,1,2022-05-20 09:02:24
1653037344668878000,18.4,6,18.35,1,18.4,75,1,2022-05-20 09:02:24
1653037344670421000,18.4,20,18.35,1,18.4,55,1,2022-05-20 09:02:24
1653037344859409000,18.4,3,18.35,1,18.4,52,1,2022-05-20 09:02:24
1653037344885252000,18.35,1,18.3,60,18.4,52,2,2022-05-20 09:02:24
1653037344885252000,18.3,3,18.3,60,18.4,52,2,2022-05-20 09:02:24
1653037345026848000,18.3,1,18.3,103,18.4,56,2,2022-05-20 09:02:25
1653037345372252000,18.35,10,18.3,225,18.4,56,1,2022-05-20 09:02:25
1653037345517115000,18.4,1,18.3,231,18.4,55,1,2022-05-20 09:02:25
1653037345566114000,18.3,1,18.3,230,18.4,55,2,2022-05-20 09:02:25
1653037345676515000,18.4,2,18.35,2,18.4,53,1,2022-05-20 09:02:25
1653037345875385000,18.4,30,18.35,12,18.4,37,1,2022-05-20 09:02:25
1653037345905866000,18.4,22,18.35,14,18.4,15,1,2022-05-20 09:02:25
1653037345909111000,18.35,3,18.35,11,18.4,15,2,2022-05-20 09:02:25
1653037345938847000,18.4,15,18.35,11,18.45,24,1,2022-05-20 09:02:25
1653037345957347000,18.35,2,18.35,9,18.45,24,2,2022-05-20 09:02:25
1653037346240346000,18.4,2,18.35,107,18.45,25,2,2022-05-20 09:02:26
1653037346240346000,18.35,7,18.35,107,18.45,25,2,2022-05-20 09:02:26
1653037346244788000,18.35,2,18.35,105,18.45,25,2,2022-05-20 09:02:26
1653037346293809000,18.35,1,18.35,104,18.45,25,2,2022-05-20 09:02:26
1653037346377259000,18.4,1,18.35,104,18.45,25,1,2022-05-20 09:02:26
1653037346643234000,18.4,2,18.4,18,18.45,25,2,2022-05-20 09:02:26
1653037346787493000,18.4,3,18.4,15,18.45,25,2,2022-05-20 09:02:26
1653037346791142000,18.4,5,18.4,10,18.45,25,2,2022-05-20 09:02:26
1653037346951918000,18.4,1,18.4,9,18.45,25,2,2022-05-20 09:02:26
1653037346988284000,18.4,1,18.4,8,18.45,25,2,2022-05-20 09:02:26
1653037346991583000,18.4,8,18.35,143,18.4,22,2,2022-05-20 09:02:26
1653037347016339000,18.4,4,18.35,143,18.4,18,1,2022-05-20 09:02:27
1653037347016445000,18.4,18,18.35,143,18.45,25,1,2022-05-20 09:02:27
1653037347100376000,18.4,4,18.35,147,18.4,1,1,2022-05-20 09:02:27
1653037347128625000,18.35,1,18.35,146,18.4,1,2,2022-05-20 09:02:27
1653037347179420000,18.4,5,18.4,5,18.45,46,1,2022-05-20 09:02:27
1653037347181948000,18.4,1,18.4,4,18.45,46,2,2022-05-20 09:02:27
1653037347195753000,18.45,3,18.4,4,18.45,43,1,2022-05-20 09:02:27
1653037347305659000,18.45,3,18.4,10,18.45,40,1,2022-05-20 09:02:27
1653037347355313000,18.4,1,18.4,9,18.45,40,2,2022-05-20 09:02:27
1653037347444045000,18.4,1,18.4,12,18.45,39,2,2022-05-20 09:02:27
1653037347463404000,18.4,1,18.4,11,18.45,39,2,2022-05-20 09:02:27
1653037347708443000,18.4,5,18.4,20,18.45,43,2,2022-05-20 09:02:27
1653037347750588000,18.45,6,18.4,30,18.45,37,1,2022-05-20 09:02:27
1653037347852588000,18.4,1,18.4,29,18.45,37,2,2022-05-20 09:02:27
1653037347885753000,18.45,6,18.4,29,18.45,31,1,2022-05-20 09:02:27
1653037347997464000,18.4,29,18.35,159,18.4,14,2,2022-05-20 09:02:27
1653037348035225000,18.4,14,18.35,159,18.45,25,1,2022-05-20 09:02:28
1653037348035225000,18.45,6,18.35,159,18.45,25,1,2022-05-20 09:02:28
1653037348057257000,18.4,1,18.35,159,18.4,1,2,2022-05-20 09:02:28
1653037348213295000,18.35,1,18.35,158,18.4,6,2,2022-05-20 09:02:28
1653037348250020000,18.35,4,18.35,154,18.4,6,2,2022-05-20 09:02:28
1653037348265248000,18.35,2,18.35,152,18.4,6,2,2022-05-20 09:02:28
1653037348352091000,18.4,5,18.35,152,18.4,1,1,2022-05-20 09:02:28
1653037348360852000,18.4,1,18.35,152,18.45,16,1,2022-05-20 09:02:28
1653037348360852000,18.45,9,18.35,152,18.45,16,1,2022-05-20 09:02:28
1653037348360953000,18.45,16,18.45,4,18.5,270,1,2022-05-20 09:02:28
1653037348581008000,18.45,4,18.35,152,18.4,39,2,2022-05-20 09:02:28
1653037348597303000,18.35,40,18.35,112,18.4,39,2,2022-05-20 09:02:28
1653037348608462000,18.4,2,18.35,112,18.4,37,1,2022-05-20 09:02:28
1653037348690927000,18.4,21,18.35,112,18.4,16,1,2022-05-20 09:02:28
1653037348762825000,18.4,2,18.35,112,18.4,14,1,2022-05-20 09:02:28
1653037349000114000,18.35,1,18.35,113,18.4,14,2,2022-05-20 09:02:29
1653037349134436000,18.4,1,18.35,114,18.4,13,1,2022-05-20 09:02:29
1653037349243823000,18.4,1,18.35,114,18.4,12,1,2022-05-20 09:02:29
1653037349467310000,18.4,13,18.4,7,18.45,25,1,2022-05-20 09:02:29
1653037349486461000,18.4,7,18.35,114,18.4,3,2,2022-05-20 09:02:29
1653037349588288000,18.4,3,18.4,7,18.45,25,1,2022-05-20 09:02:29
1653037349670630000,18.4,1,18.4,10,18.45,26,2,2022-05-20 09:02:29
1653037349692479000,18.4,1,18.4,11,18.45,26,2,2022-05-20 09:02:29
1653037349820158000,18.4,2,18.4,13,18.45,69,2,2022-05-20 09:02:29
1653037350048000000,18.45,5,18.4,17,18.45,69,1,2022-05-20 09:02:30
1653037350115021000,18.4,1,18.4,17,18.45,69,2,2022-05-20 09:02:30
1653037350155017000,18.4,2,18.4,16,18.45,69,2,2022-05-20 09:02:30
1653037350301006000,18.4,10,18.4,10,18.45,76,2,2022-05-20 09:02:30
1653037350486955000,18.4,2,18.4,9,18.45,79,2,2022-05-20 09:02:30
1653037350777710000,18.4,7,18.4,6,18.45,93,2,2022-05-20 09:02:30
1653037350783853000,18.4,5,18.4,1,18.45,93,2,2022-05-20 09:02:30
1653037351054857000,18.4,1,18.4,4,18.45,105,2,2022-05-20 09:02:31
1653037351078210000,18.4,2,18.4,2,18.45,109,2,2022-05-20 09:02:31
1653037351139944000,18.4,1,18.4,1,18.45,109,2,2022-05-20 09:02:31
1653037351241744000,18.4,1,18.3,286,18.35,4,2,2022-05-20 09:02:31
1653037351241744000,18.35,155,18.3,286,18.35,4,2,2022-05-20 09:02:31
1653037351313184000,18.35,1,18.3,287,18.35,3,1,2022-05-20 09:02:31
1653037351431054000,18.35,1,18.3,287,18.35,2,1,2022-05-20 09:02:31
1653037351481227000,18.35,3,18.4,3,18.45,109,1,2022-05-20 09:02:31
1653037351514194000,18.4,3,18.35,1,18.45,109,2,2022-05-20 09:02:31
1653037351619490000,18.45,5,18.35,1,18.45,104,1,2022-05-20 09:02:31
1653037351677034000,18.4,1,18.35,1,18.45,104,2,2022-05-20 09:02:31
1653037351940427000,18.35,2,18.35,9,18.4,25,2,2022-05-20 09:02:31
1653037351946656000,18.35,3,18.35,6,18.4,25,2,2022-05-20 09:02:31
1653037352031790000,18.4,1,18.35,6,18.4,44,1,2022-05-20 09:02:32
1653037352081227000,18.4,2,18.35,7,18.4,47,1,2022-05-20 09:02:32
1653037352161723000,18.35,1,18.35,7,18.4,68,2,2022-05-20 09:02:32
1653037352259319000,18.35,2,18.35,5,18.4,72,2,2022-05-20 09:02:32
1653037352391681000,18.35,2,18.35,3,18.4,77,2,2022-05-20 09:02:32
1653037352536431000,18.4,2,18.35,3,18.4,79,1,2022-05-20 09:02:32
1653037352630788000,18.35,1,18.35,12,18.4,83,2,2022-05-20 09:02:32
1653037352713817000,18.35,12,18.3,281,18.4,98,2,2022-05-20 09:02:32
1653037352737593000,18.4,1,18.3,281,18.4,97,1,2022-05-20 09:02:32
1653037352926855000,18.4,1,18.35,1,18.4,97,1,2022-05-20 09:02:32
1653037352993144000,18.4,2,18.35,2,18.4,95,1,2022-05-20 09:02:32
1653037353056684000,18.35,2,18.3,279,18.4,95,2,2022-05-20 09:02:33
1653037353056684000,18.3,2,18.3,279,18.4,95,2,2022-05-20 09:02:33
1653037353098840000,18.4,3,18.3,279,18.4,92,1,2022-05-20 09:02:33
1653037353214980000,18.35,1,18.3,150,18.35,1,1,2022-05-20 09:02:33
1653037353445190000,18.35,1,18.3,151,18.35,15,1,2022-05-20 09:02:33
1653037353445688000,18.35,1,18.3,151,18.35,14,1,2022-05-20 09:02:33
1653037353496148000,18.35,1,18.3,151,18.35,13,1,2022-05-20 09:02:33
1653037353499138000,18.35,2,18.3,151,18.35,11,1,2022-05-20 09:02:33
1653037353564499000,18.35,11,18.35,4,18.4,107,1,2022-05-20 09:02:33
1653037353586144000,18.35,1,18.35,3,18.4,107,2,2022-05-20 09:02:33
1653037353592809000,18.4,1,18.35,3,18.4,106,1,2022-05-20 09:02:33
1653037353597990000,18.35,3,18.3,151,18.4,106,2,2022-05-20 09:02:33
1653037353660758000,18.4,5,18.3,151,18.4,101,1,2022-05-20 09:02:33
1653037353668941000,18.3,13,18.3,138,18.4,101,2,2022-05-20 09:02:33
1653037353730495000,18.4,9,18.3,138,18.4,92,1,2022-05-20 09:02:33
1653037353788315000,18.35,1,18.3,138,18.35,1,2,2022-05-20 09:02:33
1653037353805546000,18.35,1,18.35,4,18.4,93,1,2022-05-20 09:02:33
1653037353826123000,18.35,4,18.3,138,18.35,16,2,2022-05-20 09:02:33
1653037353957217000,18.35,1,18.3,136,18.35,16,1,2022-05-20 09:02:33
1653037353971930000,18.35,1,18.3,136,18.35,20,1,2022-05-20 09:02:33
1653037353997516000,18.35,1,18.3,136,18.35,19,1,2022-05-20 09:02:33
1653037354025035000,18.35,1,18.3,136,18.35,23,1,2022-05-20 09:02:34
1653037354103214000,18.35,1,18.3,136,18.35,22,1,2022-05-20 09:02:34
1653037354114362000,18.35,1,18.3,137,18.35,21,1,2022-05-20 09:02:34
1653037354172421000,18.35,1,18.3,137,18.35,23,1,2022-05-20 09:02:34
1653037354196715000,18.3,2,18.3,135,18.35,23,2,2022-05-20 09:02:34
1653037354288209000,18.35,1,18.3,135,18.35,22,1,2022-05-20 09:02:34
1653037354354326000,18.35,1,18.3,135,18.35,21,1,2022-05-20 09:02:34
1653037354359492000,18.35,1,18.3,135,18.35,20,1,2022-05-20 09:02:34
1653037354545971000,18.35,1,18.3,135,18.35,19,1,2022-05-20 09:02:34
1653037354616711000,18.35,7,18.3,135,18.35,12,1,2022-05-20 09:02:34
1653037354690998000,18.3,20,18.3,115,18.35,22,2,2022-05-20 09:02:34
1653037354733232000,18.35,5,18.3,118,18.35,19,1,2022-05-20 09:02:34
1653037354808697000,18.3,12,18.3,106,18.35,19,2,2022-05-20 09:02:34
1653037354810347000,18.3,12,18.3,94,18.35,19,2,2022-05-20 09:02:34
1653037354849797000,18.3,10,18.3,84,18.35,19,2,2022-05-20 09:02:34
1653037354896208000,18.3,18,18.3,69,18.35,19,2,2022-05-20 09:02:34
1653037354924856000,18.3,10,18.3,59,18.35,19,2,2022-05-20 09:02:34
1653037354968775000,18.3,20,18.3,39,18.35,19,2,2022-05-20 09:02:34
1653037354995409000,18.3,8,18.3,31,18.35,19,2,2022-05-20 09:02:34
1653037355012027000,18.3,31,18.25,32,18.35,19,2,2022-05-20 09:02:35
1653037355023907000,18.3,1,18.3,2,18.35,19,1,2022-05-20 09:02:35
1653037355036734000,18.35,1,18.3,4,18.35,22,1,2022-05-20 09:02:35
1653037355054060000,18.3,2,18.3,2,18.35,22,2,2022-05-20 09:02:35
1653037355111494000,18.35,5,18.3,2,18.35,18,1,2022-05-20 09:02:35
1653037355138298000,18.3,2,18.25,32,18.35,18,2,2022-05-20 09:02:35
1653037355196751000,18.3,1,18.25,32,18.3,19,1,2022-05-20 09:02:35
1653037355274359000,18.3,1,18.25,32,18.3,18,1,2022-05-20 09:02:35
1653037355275856000,18.3,1,18.25,32,18.3,17,1,2022-05-20 09:02:35
1653037355356595000,18.3,2,18.25,32,18.3,35,1,2022-05-20 09:02:35
1653037355431893000,18.25,15,18.25,17,18.3,35,2,2022-05-20 09:02:35
1653037355453558000,18.3,1,18.25,17,18.3,34,1,2022-05-20 09:02:35
1653037355482800000,18.3,1,18.25,17,18.3,33,1,2022-05-20 09:02:35
1653037355500109000,18.3,1,18.25,17,18.3,32,1,2022-05-20 09:02:35
1653037355554186000,18.3,3,18.25,17,18.3,29,1,2022-05-20 09:02:35
1653037355564125000,18.25,5,18.25,12,18.3,29,2,2022-05-20 09:02:35
1653037355607364000,18.3,1,18.25,12,18.3,46,1,2022-05-20 09:02:35
1653037355616227000,18.3,1,18.25,12,18.3,45,1,2022-05-20 09:02:35
1653037355642293000,18.3,2,18.25,12,18.3,43,1,2022-05-20 09:02:35
1653037355707354000,18.3,1,18.25,12,18.3,42,1,2022-05-20 09:02:35
1653037355729633000,18.3,1,18.25,12,18.3,41,1,2022-05-20 09:02:35
1653037355773919000,18.3,1,18.25,12,18.3,40,1,2022-05-20 09:02:35
1653037355880215000,18.3,1,18.25,12,18.3,49,1,2022-05-20 09:02:35
1653037355998256000,18.3,5,18.25,12,18.3,54,1,2022-05-20 09:02:35
1653037356042277000,18.3,2,18.25,12,18.3,52,1,2022-05-20 09:02:36
1653037356095805000,18.25,5,18.25,7,18.3,52,2,2022-05-20 09:02:36
1653037356210545000,18.3,4,18.25,7,18.3,52,1,2022-05-20 09:02:36
1653037356213477000,18.3,1,18.25,7,18.3,51,1,2022-05-20 09:02:36
1653037356293120000,18.3,2,18.25,7,18.3,49,1,2022-05-20 09:02:36
1653037356313353000,18.3,1,18.25,7,18.3,48,1,2022-05-20 09:02:36
1653037356320192000,18.25,1,18.25,6,18.3,48,2,2022-05-20 09:02:36
1653037356322912000,18.25,1,18.25,5,18.3,48,2,2022-05-20 09:02:36
1653037356474407000,18.25,5,18.2,43,18.25,5,2,2022-05-20 09:02:36
1653037356552470000,18.25,1,18.2,43,18.25,4,1,2022-05-20 09:02:36
1653037356579421000,18.2,3,18.2,40,18.25,4,2,2022-05-20 09:02:36
1653037356666478000,18.25,1,18.2,40,18.25,20,1,2022-05-20 09:02:36
1653037356693138000,18.25,1,18.2,40,18.25,19,1,2022-05-20 09:02:36
1653037356712239000,18.25,5,18.2,40,18.25,14,1,2022-05-20 09:02:36
1653037356741753000,18.25,2,18.2,40,18.25,12,1,2022-05-20 09:02:36
1653037356768792000,18.25,1,18.2,40,18.25,11,1,2022-05-20 09:02:36
1653037356850467000,18.2,5,18.2,35,18.25,11,2,2022-05-20 09:02:36
1653037357008537000,18.25,2,18.2,35,18.25,9,1,2022-05-20 09:02:37
1653037357127349000,18.25,1,18.2,35,18.25,8,1,2022-05-20 09:02:37
1653037357160392000,18.25,1,18.2,35,18.25,7,1,2022-05-20 09:02:37
1653037357173803000,18.2,35,18.15,20,18.25,7,2,2022-05-20 09:02:37
1653037357173803000,18.15,5,18.15,20,18.25,7,2,2022-05-20 09:02:37
1653037357194551000,18.15,1,18.15,19,18.25,7,2,2022-05-20 09:02:37
1653037357323053000,18.25,1,18.15,19,18.25,6,1,2022-05-20 09:02:37
1653037357384915000,18.15,19,18.1,57,18.25,6,2,2022-05-20 09:02:37
1653037357384915000,18.1,41,18.1,57,18.25,6,2,2022-05-20 09:02:37
1653037357400812000,18.25,1,18.1,57,18.25,5,1,2022-05-20 09:02:37
1653037357454152000,18.1,1,18.1,56,18.25,17,2,2022-05-20 09:02:37
1653037357458105000,18.25,2,18.1,56,18.25,15,1,2022-05-20 09:02:37
1653037357458296000,18.1,1,18.1,55,18.25,15,2,2022-05-20 09:02:37
1653037357477658000,18.25,2,18.1,55,18.25,13,1,2022-05-20 09:02:37
1653037357558974000,18.25,4,18.1,55,18.25,9,1,2022-05-20 09:02:37
1653037357817526000,18.15,1,18.15,2,18.25,16,2,2022-05-20 09:02:37
1653037357924290000,18.2,1,18.2,4,18.25,7,2,2022-05-20 09:02:37
1653037358029250000,18.25,2,18.2,4,18.25,5,1,2022-05-20 09:02:38
1653037358137833000,18.2,4,18.15,1,18.25,5,2,2022-05-20 09:02:38
1653037358137833000,18.15,1,18.15,1,18.25,5,2,2022-05-20 09:02:38
1653037358227405000,18.15,1,18.1,71,18.25,5,2,2022-05-20 09:02:38
1653037358356098000,18.2,2,18.15,10,18.3,64,1,2022-05-20 09:02:38
1653037358356098000,18.25,5,18.15,10,18.3,64,1,2022-05-20 09:02:38
1653037358356098000,18.3,3,18.15,10,18.3,64,1,2022-05-20 09:02:38
1653037358387163000,18.15,10,18.1,66,18.3,64,2,2022-05-20 09:02:38
1653037358387163000,18.1,5,18.1,66,18.3,64,2,2022-05-20 09:02:38
1653037358498759000,18.25,2,18.15,7,18.25,6,1,2022-05-20 09:02:38
1653037358572860000,18.25,1,18.15,7,18.25,7,1,2022-05-20 09:02:38
1653037358667111000,18.15,7,18.0,55,18.2,1,2,2022-05-20 09:02:38
1653037358667111000,18.1,66,18.0,55,18.2,1,2,2022-05-20 09:02:38
1653037358667111000,18.05,30,18.0,55,18.2,1,2,2022-05-20 09:02:38
1653037358667111000,18.0,396,18.0,55,18.2,1,2,2022-05-20 09:02:38
1653037358678715000,18.2,1,18.0,55,18.25,7,1,2022-05-20 09:02:38
1653037358818284000,18.0,1,18.0,54,18.2,1,2,2022-05-20 09:02:38
1653037358846311000,18.2,1,18.0,54,18.25,21,1,2022-05-20 09:02:38
1653037359044293000,18.2,1,18.1,4,18.25,21,1,2022-05-20 09:02:39
1653037359132473000,18.1,1,18.1,7,18.25,21,2,2022-05-20 09:02:39
1653037359435640000,18.1,1,18.1,6,18.2,23,2,2022-05-20 09:02:39
1653037359693542000,18.2,1,18.1,6,18.2,22,1,2022-05-20 09:02:39
1653037359750363000,18.2,1,18.1,6,18.2,21,1,2022-05-20 09:02:39
1653037359792356000,18.2,1,18.1,6,18.2,20,1,2022-05-20 09:02:39
1653037359865565000,18.2,1,18.1,6,18.2,27,1,2022-05-20 09:02:39
1653037360391693000,18.1,5,18.1,2,18.15,23,2,2022-05-20 09:02:40
1653037360503056000,18.15,1,18.1,2,18.15,72,1,2022-05-20 09:02:40
1653037360829579000,18.1,1,18.1,6,18.15,73,2,2022-05-20 09:02:40
1653037361109326000,18.15,1,18.1,6,18.15,72,1,2022-05-20 09:02:41
1653037361186879000,18.15,2,18.1,6,18.15,70,1,2022-05-20 09:02:41
1653037361203616000,18.15,5,18.1,6,18.15,65,1,2022-05-20 09:02:41
1653037361217259000,18.1,1,18.1,5,18.15,65,2,2022-05-20 09:02:41
1653037361336542000,18.1,1,18.1,4,18.15,65,2,2022-05-20 09:02:41
1653037361421062000,18.15,3,18.1,4,18.15,62,1,2022-05-20 09:02:41
1653037361480937000,18.15,2,18.1,4,18.15,60,1,2022-05-20 09:02:41
1653037361740293000,18.15,2,18.1,5,18.15,58,1,2022-05-20 09:02:41
1653037361955329000,18.15,1,18.1,5,18.15,60,1,2022-05-20 09:02:41
1653037361965775000,18.1,1,18.1,4,18.15,60,2,2022-05-20 09:02:41
1653037362013878000,18.15,1,18.1,4,18.15,59,1,2022-05-20 09:02:42
1653037362278872000,18.1,1,18.1,3,18.15,66,2,2022-05-20 09:02:42
1653037362291681000,18.1,3,18.05,104,18.15,66,2,2022-05-20 09:02:42
1653037362291681000,18.05,2,18.05,104,18.15,66,2,2022-05-20 09:02:42
1653037362334263000,18.15,5,18.05,104,18.15,61,1,2022-05-20 09:02:42
1653037362706925000,18.15,5,18.1,20,18.15,58,1,2022-05-20 09:02:42
1653037362826949000,18.1,1,18.1,20,18.15,58,2,2022-05-20 09:02:42
1653037362843765000,18.1,10,18.1,10,18.15,58,2,2022-05-20 09:02:42
1653037362953141000,18.15,1,18.1,10,18.15,57,1,2022-05-20 09:02:42
1653037363327719000,18.15,2,18.1,17,18.15,55,1,2022-05-20 09:02:43
1653037363344850000,18.1,2,18.1,15,18.15,13,2,2022-05-20 09:02:43
1653037363395679000,18.15,2,18.1,15,18.15,11,1,2022-05-20 09:02:43
1653037363537042000,18.15,2,18.1,17,18.15,3,1,2022-05-20 09:02:43
1653037363622042000,18.1,1,18.1,16,18.15,3,2,2022-05-20 09:02:43
1653037363623204000,18.1,5,18.1,11,18.15,3,2,2022-05-20 09:02:43
1653037363678644000,18.15,1,18.1,11,18.15,2,1,2022-05-20 09:02:43
1653037363944058000,18.15,3,18.1,32,18.15,1,1,2022-05-20 09:02:43
1653037363985680000,18.15,1,18.1,32,18.2,73,1,2022-05-20 09:02:43
1653037364034711000,18.1,1,18.1,31,18.2,73,2,2022-05-20 09:02:44
1653037364330845000,18.2,1,18.15,20,18.2,60,1,2022-05-20 09:02:44
1653037364965062000,18.15,1,18.15,25,18.2,58,2,2022-05-20 09:02:44
1653037365324652000,18.15,1,18.15,24,18.2,61,2,2022-05-20 09:02:45
1653037365404776000,18.2,3,18.15,24,18.2,58,1,2022-05-20 09:02:45
1653037365594038000,18.15,1,18.15,23,18.2,58,2,2022-05-20 09:02:45
1653037365598150000,18.2,5,18.15,23,18.2,53,1,2022-05-20 09:02:45
1653037365704981000,18.2,18,18.15,37,18.2,35,1,2022-05-20 09:02:45
1653037365724496000,18.2,30,18.15,37,18.2,5,1,2022-05-20 09:02:45
1653037365750256000,18.15,1,18.15,36,18.2,5,2,2022-05-20 09:02:45
1653037365757209000,18.2,5,18.15,36,18.25,38,1,2022-05-20 09:02:45
1653037366101116000,18.15,2,18.15,35,18.25,38,2,2022-05-20 09:02:46
1653037366282851000,18.2,6,18.2,4,18.25,38,1,2022-05-20 09:02:46
1653037366304604000,18.25,2,18.2,4,18.25,36,1,2022-05-20 09:02:46
1653037366309445000,18.25,1,18.2,4,18.25,35,1,2022-05-20 09:02:46
1653037366402842000,18.2,2,18.2,12,18.25,35,2,2022-05-20 09:02:46
1653037366591181000,18.2,5,18.2,8,18.25,35,2,2022-05-20 09:02:46
1653037366630708000,18.2,8,18.15,26,18.25,35,2,2022-05-20 09:02:46
1653037366630708000,18.15,12,18.15,26,18.25,35,2,2022-05-20 09:02:46
1653037366900012000,18.2,1,18.2,9,18.25,45,2,2022-05-20 09:02:46
1653037367068186000,18.2,5,18.2,24,18.25,44,2,2022-05-20 09:02:47
1653037367068648000,18.25,1,18.2,24,18.25,43,1,2022-05-20 09:02:47
1653037367304734000,18.2,2,18.2,22,18.25,43,2,2022-05-20 09:02:47
1653037367435865000,18.2,2,18.2,21,18.25,43,2,2022-05-20 09:02:47
1653037367654578000,18.2,1,18.2,20,18.25,47,2,2022-05-20 09:02:47
1653037367782178000,18.25,4,18.2,20,18.25,43,1,2022-05-20 09:02:47
1653037367847387000,18.25,5,18.2,22,18.25,38,1,2022-05-20 09:02:47
1653037368051369000,18.2,1,18.2,21,18.25,38,2,2022-05-20 09:02:48
1653037368062631000,18.2,3,18.2,18,18.25,38,2,2022-05-20 09:02:48
1653037368517828000,18.2,10,18.2,8,18.25,41,2,2022-05-20 09:02:48
1653037368636773000,18.2,12,18.1,54,18.25,41,2,2022-05-20 09:02:48
1653037368636773000,18.15,37,18.1,54,18.25,41,2,2022-05-20 09:02:48
1653037368636773000,18.1,51,18.1,54,18.25,41,2,2022-05-20 09:02:48
1653037369157918000,18.2,3,18.2,2,18.25,41,1,2022-05-20 09:02:49
1653037369520761000,18.2,1,18.2,1,18.25,41,2,2022-05-20 09:02:49
1653037369722378000,18.2,1,18.15,33,18.25,41,2,2022-05-20 09:02:49
1653037369779113000,18.2,2,18.2,3,18.25,41,2,2022-05-20 09:02:49
1653037369796279000,18.2,1,18.2,2,18.25,41,2,2022-05-20 09:02:49
1653037369829234000,18.2,2,18.15,31,18.25,41,2,2022-05-20 09:02:49
1653037369829234000,18.15,2,18.15,31,18.25,41,2,2022-05-20 09:02:49
1653037369886929000,18.2,1,18.15,31,18.25,41,1,2022-05-20 09:02:49
1653037369984914000,18.25,1,18.15,31,18.25,40,1,2022-05-20 09:02:49
1653037370043275000,18.15,2,18.15,29,18.25,40,2,2022-05-20 09:02:50
1653037370043650000,18.15,8,18.15,21,18.25,40,2,2022-05-20 09:02:50
1653037370077959000,18.2,1,18.15,41,18.25,40,1,2022-05-20 09:02:50
1653037370096370000,18.25,1,18.15,41,18.25,39,1,2022-05-20 09:02:50
1653037370369716000,18.2,1,18.15,41,18.25,41,2,2022-05-20 09:02:50
1653037370369716000,18.15,1,18.15,41,18.25,41,2,2022-05-20 09:02:50
1653037370473123000,18.15,1,18.15,41,18.2,2,2,2022-05-20 09:02:50
1653037370556103000,18.2,1,18.15,41,18.2,1,1,2022-05-20 09:02:50
1653037370727147000,18.2,2,18.15,41,18.25,43,1,2022-05-20 09:02:50
1653037370727147000,18.25,3,18.15,41,18.25,43,1,2022-05-20 09:02:50
1653037370799183000,18.25,1,18.15,41,18.25,42,1,2022-05-20 09:02:50
1653037370948483000,18.2,1,18.15,94,18.2,1,1,2022-05-20 09:02:50
1653037370967901000,18.2,1,18.15,94,18.25,42,1,2022-05-20 09:02:50
1653037371061354000,18.2,3,18.2,3,18.25,45,2,2022-05-20 09:02:51
1653037371077283000,18.2,3,18.15,94,18.25,45,2,2022-05-20 09:02:51
1653037371077283000,18.15,2,18.15,94,18.25,45,2,2022-05-20 09:02:51
1653037371145175000,18.25,20,18.2,1,18.25,25,1,2022-05-20 09:02:51
1653037371237955000,18.2,1,18.15,94,18.25,25,2,2022-05-20 09:02:51
1653037371457664000,18.25,1,18.15,94,18.25,27,1,2022-05-20 09:02:51
1653037371853835000,18.25,1,18.15,97,18.25,36,1,2022-05-20 09:02:51
1653037371965889000,18.15,5,18.15,92,18.25,36,2,2022-05-20 09:02:51
1653037372023838000,18.2,1,18.2,5,18.25,46,2,2022-05-20 09:02:52
1653037372048032000,18.2,2,18.2,3,18.25,49,2,2022-05-20 09:02:52
1653037372089516000,18.25,3,18.2,3,18.25,46,1,2022-05-20 09:02:52
1653037372143102000,18.2,1,18.2,3,18.25,46,2,2022-05-20 09:02:52
1653037372179582000,18.2,1,18.2,2,18.25,46,2,2022-05-20 09:02:52
1653037372279571000,18.2,2,18.2,2,18.25,46,2,2022-05-20 09:02:52
1653037372457349000,18.2,1,18.2,2,18.25,48,2,2022-05-20 09:02:52
1653037372586668000,18.25,1,18.2,3,18.25,48,1,2022-05-20 09:02:52
1653037372710046000,18.2,5,18.2,4,18.25,50,2,2022-05-20 09:02:52
1653037373081791000,18.25,1,18.2,5,18.25,52,1,2022-05-20 09:02:53
1653037373096975000,18.2,5,18.1,115,18.15,41,2,2022-05-20 09:02:53
1653037373096975000,18.15,54,18.1,115,18.15,41,2,2022-05-20 09:02:53
1653037373126513000,18.15,1,18.1,116,18.15,40,1,2022-05-20 09:02:53
1653037373213848000,18.1,1,18.1,115,18.15,40,2,2022-05-20 09:02:53
1653037373229560000,18.15,2,18.1,115,18.15,38,1,2022-05-20 09:02:53
1653037373272007000,18.1,2,18.1,113,18.15,38,2,2022-05-20 09:02:53
1653037373371852000,18.15,1,18.1,113,18.15,37,1,2022-05-20 09:02:53
1653037373383740000,18.15,1,18.1,113,18.15,36,1,2022-05-20 09:02:53
1653037373393802000,18.15,3,18.1,113,18.15,33,1,2022-05-20 09:02:53
1653037373401916000,18.15,1,18.1,113,18.15,32,1,2022-05-20 09:02:53
1653037373467154000,18.15,3,18.1,113,18.15,29,1,2022-05-20 09:02:53
1653037373622239000,18.1,1,18.1,113,18.15,29,2,2022-05-20 09:02:53
1653037373652918000,18.15,3,18.1,113,18.15,26,1,2022-05-20 09:02:53
1653037373749358000,18.15,3,18.1,116,18.15,23,1,2022-05-20 09:02:53
1653037373784555000,18.15,23,18.1,116,18.2,10,1,2022-05-20 09:02:53
1653037373898064000,18.1,1,18.1,120,18.2,57,2,2022-05-20 09:02:53
1653037373959103000,18.2,5,18.1,120,18.2,52,1,2022-05-20 09:02:53
1653037373969994000,18.2,1,18.1,120,18.2,51,1,2022-05-20 09:02:53
1653037374007162000,18.2,3,18.1,120,18.2,48,1,2022-05-20 09:02:54
1653037374138741000,18.2,1,18.1,120,18.2,54,1,2022-05-20 09:02:54
1653037374148536000,18.1,1,18.1,119,18.2,54,2,2022-05-20 09:02:54
1653037374166288000,18.2,1,18.15,3,18.2,53,1,2022-05-20 09:02:54
1653037374473508000,18.2,10,18.15,11,18.2,69,1,2022-05-20 09:02:54
1653037374494181000,18.2,3,18.15,11,18.2,66,1,2022-05-20 09:02:54
1653037374628394000,18.2,3,18.15,11,18.2,63,1,2022-05-20 09:02:54
1653037375004591000,18.2,3,18.15,11,18.2,60,1,2022-05-20 09:02:55
1653037375006997000,18.2,1,18.15,11,18.2,59,1,2022-05-20 09:02:55
1653037375476066000,18.15,1,18.15,10,18.2,90,2,2022-05-20 09:02:55
1653037375720366000,18.2,5,18.15,14,18.2,87,1,2022-05-20 09:02:55
1653037375733008000,18.2,1,18.15,14,18.2,86,1,2022-05-20 09:02:55
1653037375916755000,18.2,10,18.15,36,18.2,76,1,2022-05-20 09:02:55
1653037376060214000,18.2,1,18.15,36,18.2,101,1,2022-05-20 09:02:56
1653037376324937000,18.2,5,18.15,49,18.2,100,1,2022-05-20 09:02:56
1653037376462739000,18.15,1,18.15,48,18.2,100,2,2022-05-20 09:02:56
1653037376653803000,18.2,3,18.15,49,18.2,97,1,2022-05-20 09:02:56
1653037376741214000,18.2,31,18.15,100,18.2,68,1,2022-05-20 09:02:56
1653037376771931000,18.2,12,18.15,110,18.2,56,1,2022-05-20 09:02:56
1653037376772214000,18.2,22,18.15,110,18.2,34,1,2022-05-20 09:02:56
1653037376783742000,18.2,5,18.15,110,18.2,29,1,2022-05-20 09:02:56
1653037376901432000,18.15,80,18.15,36,18.2,30,2,2022-05-20 09:02:56
1653037376903127000,18.2,6,18.15,36,18.2,24,1,2022-05-20 09:02:56
1653037377167313000,18.15,4,18.15,32,18.2,25,2,2022-05-20 09:02:57
1653037377258111000,18.2,1,18.15,34,18.2,27,1,2022-05-20 09:02:57
1653037377365900000,18.2,2,18.15,40,18.2,25,1,2022-05-20 09:02:57
1653037377384736000,18.2,2,18.15,40,18.2,23,1,2022-05-20 09:02:57
1653037377489424000,18.2,10,18.15,40,18.2,13,1,2022-05-20 09:02:57
1653037377907501000,18.2,10,18.15,42,18.2,5,1,2022-05-20 09:02:57
1653037377943000000,18.2,1,18.15,52,18.2,29,1,2022-05-20 09:02:57
1653037378042720000,18.2,1,18.15,52,18.2,33,1,2022-05-20 09:02:58
1653037378091932000,18.2,1,18.15,57,18.2,32,1,2022-05-20 09:02:58
1653037378303241000,18.2,1,18.15,59,18.2,32,1,2022-05-20 09:02:58
1653037378359777000,18.2,1,18.15,59,18.2,31,1,2022-05-20 09:02:58
1653037378388319000,18.2,1,18.15,59,18.2,30,1,2022-05-20 09:02:58
1653037378508010000,18.15,1,18.15,58,18.2,30,2,2022-05-20 09:02:58
1653037378516464000,18.2,1,18.15,58,18.2,29,1,2022-05-20 09:02:58
1653037378547440000,18.2,5,18.15,58,18.2,24,1,2022-05-20 09:02:58
1653037379155353000,18.2,10,18.15,60,18.2,17,1,2022-05-20 09:02:59
1653037379209823000,18.2,2,18.15,60,18.2,15,1,2022-05-20 09:02:59
1653037379430166000,18.2,1,18.15,63,18.2,14,1,2022-05-20 09:02:59
1653037379442807000,18.2,2,18.15,63,18.2,12,1,2022-05-20 09:02:59
1653037379483231000,18.15,1,18.15,62,18.2,12,2,2022-05-20 09:02:59
1653037379553118000,18.2,1,18.15,62,18.2,11,1,2022-05-20 09:02:59
1653037379698507000,18.15,10,18.15,56,18.2,11,2,2022-05-20 09:02:59
1653037379754988000,18.2,1,18.15,56,18.2,509,1,2022-05-20 09:02:59
1653037379878782000,18.2,1,18.15,56,18.2,508,1,2022-05-20 09:02:59
1653037379900067000,18.15,2,18.15,54,18.2,508,2,2022-05-20 09:02:59
1653037380054954000,18.15,5,18.15,52,18.2,509,2,2022-05-20 09:03:00
1653037380102235000,18.2,1,18.15,52,18.2,508,1,2022-05-20 09:03:00
1653037380137531000,18.2,15,18.15,62,18.2,493,1,2022-05-20 09:03:00
1653037380198804000,18.15,8,18.15,54,18.2,493,2,2022-05-20 09:03:00
1653037380266275000,18.2,2,18.15,55,18.2,491,1,2022-05-20 09:03:00
1653037380427524000,18.2,1,18.15,67,18.2,597,1,2022-05-20 09:03:00
1653037380466981000,18.15,19,18.15,51,18.2,597,2,2022-05-20 09:03:00
1653037380492058000,18.15,1,18.15,50,18.2,597,2,2022-05-20 09:03:00
1653037380497948000,18.15,3,18.15,47,18.2,597,2,2022-05-20 09:03:00
1653037380506784000,18.15,1,18.15,46,18.2,597,2,2022-05-20 09:03:00
1653037380565389000,18.2,1,18.15,46,18.2,597,1,2022-05-20 09:03:00
1653037380591607000,18.2,1,18.15,47,18.2,596,1,2022-05-20 09:03:00
1653037380648134000,18.15,1,18.15,46,18.2,601,2,2022-05-20 09:03:00
1653037380682320000,18.2,1,18.15,48,18.2,600,1,2022-05-20 09:03:00
1653037380700611000,18.15,43,18.15,5,18.2,600,2,2022-05-20 09:03:00
1653037380744648000,18.2,1,18.15,5,18.2,599,1,2022-05-20 09:03:00
1653037380893646000,18.15,4,18.15,21,18.2,600,2,2022-05-20 09:03:00
1653037380921318000,18.2,4,18.15,21,18.2,596,1,2022-05-20 09:03:00
1653037381025942000,18.15,1,18.15,21,18.2,601,2,2022-05-20 09:03:01
1653037381043468000,18.2,1,18.15,21,18.2,600,1,2022-05-20 09:03:01
1653037381093438000,18.2,5,18.15,21,18.2,595,1,2022-05-20 09:03:01
1653037381155495000,18.2,1,18.15,21,18.2,594,1,2022-05-20 09:03:01
1653037381162490000,18.15,4,18.15,17,18.2,594,2,2022-05-20 09:03:01
1653037381301960000,18.15,1,18.15,16,18.2,594,2,2022-05-20 09:03:01
1653037381302531000,18.15,5,18.15,11,18.2,595,2,2022-05-20 09:03:01
1653037381393411000,18.15,4,18.15,8,18.2,595,2,2022-05-20 09:03:01
1653037381438468000,18.2,5,18.15,8,18.2,590,1,2022-05-20 09:03:01
1653037381439062000,18.15,8,18.1,199,18.15,2,2,2022-05-20 09:03:01
1653037381441489000,18.1,2,18.1,197,18.15,2,2,2022-05-20 09:03:01
1653037381484939000,18.15,1,18.1,197,18.15,1,1,2022-05-20 09:03:01
1653037381494191000,18.15,1,18.1,197,18.2,590,1,2022-05-20 09:03:01
1653037381519038000,18.1,50,18.1,147,18.2,590,2,2022-05-20 09:03:01
1653037381632391000,18.15,5,18.1,153,18.15,13,1,2022-05-20 09:03:01
1653037381633986000,18.15,1,18.1,153,18.15,12,1,2022-05-20 09:03:01
1653037381666829000,18.15,12,18.15,3,18.2,590,1,2022-05-20 09:03:01
1653037381685019000,18.2,1,18.15,3,18.2,589,1,2022-05-20 09:03:01
1653037381712426000,18.15,3,18.1,153,18.15,7,2,2022-05-20 09:03:01
1653037381763864000,18.15,2,18.1,153,18.15,5,1,2022-05-20 09:03:01
1653037381768474000,18.15,1,18.1,153,18.15,4,1,2022-05-20 09:03:01
1653037381779778000,18.15,2,18.1,153,18.15,2,1,2022-05-20 09:03:01
1653037381815926000,18.15,1,18.1,153,18.15,1,1,2022-05-20 09:03:01
1653037381849716000,18.1,8,18.1,145,18.15,1,2,2022-05-20 09:03:01
1653037381866371000,18.1,20,18.1,125,18.15,1,2,2022-05-20 09:03:01
1653037381914281000,18.15,1,18.1,126,18.2,591,1,2022-05-20 09:03:01
1653037381974448000,18.2,1,18.1,126,18.2,590,1,2022-05-20 09:03:01
1653037382041534000,18.2,1,18.1,126,18.2,589,1,2022-05-20 09:03:02
1653037382069306000,18.2,1,18.1,126,18.2,588,1,2022-05-20 09:03:02
1653037382130569000,18.1,19,18.1,107,18.2,588,2,2022-05-20 09:03:02
1653037382216126000,18.15,1,18.1,107,18.2,588,1,2022-05-20 09:03:02
1653037382273816000,18.15,1,18.15,9,18.2,588,2,2022-05-20 09:03:02
1653037382308872000,18.2,1,18.15,9,18.2,587,1,2022-05-20 09:03:02
1653037382316640000,18.15,9,18.1,107,18.15,20,2,2022-05-20 09:03:02
1653037382426087000,18.15,2,18.1,107,18.15,18,1,2022-05-20 09:03:02
1653037382460671000,18.15,1,18.1,107,18.15,17,1,2022-05-20 09:03:02
1653037382672391000,18.1,5,18.1,102,18.15,17,2,2022-05-20 09:03:02
1653037382757991000,18.15,2,18.1,103,18.15,15,1,2022-05-20 09:03:02
1653037382778032000,18.15,2,18.1,103,18.15,13,1,2022-05-20 09:03:02
1653037382870235000,18.15,1,18.1,103,18.15,12,1,2022-05-20 09:03:02
1653037382924764000,18.15,12,18.15,43,18.2,599,1,2022-05-20 09:03:02
1653037382962370000,18.2,1,18.15,43,18.2,598,1,2022-05-20 09:03:02
1653037383160552000,18.15,1,18.15,43,18.2,598,2,2022-05-20 09:03:03
1653037383164047000,18.15,5,18.15,38,18.2,598,2,2022-05-20 09:03:03
1653037383211918000,18.15,2,18.15,36,18.2,599,2,2022-05-20 09:03:03
1653037383323017000,18.15,10,18.15,36,18.2,602,2,2022-05-20 09:03:03
1653037383345127000,18.15,5,18.15,34,18.2,602,2,2022-05-20 09:03:03
1653037383384255000,18.15,10,18.15,24,18.2,602,2,2022-05-20 09:03:03
1653037383400126000,18.2,3,18.15,24,18.2,599,1,2022-05-20 09:03:03
1653037384054963000,18.15,1,18.15,32,18.2,596,2,2022-05-20 09:03:04
1653037384093272000,18.15,5,18.15,27,18.2,596,2,2022-05-20 09:03:04
1653037384483411000,18.15,10,18.15,95,18.2,596,2,2022-05-20 09:03:04
1653037384509644000,18.15,10,18.15,85,18.2,596,2,2022-05-20 09:03:04
1653037384823371000,18.2,15,18.15,86,18.2,581,1,2022-05-20 09:03:04
1653037384957987000,18.2,1,18.15,86,18.2,590,1,2022-05-20 09:03:04
1653037384982077000,18.2,248,18.15,86,18.2,342,1,2022-05-20 09:03:04
1653037385113161000,18.2,1,18.15,86,18.2,341,1,2022-05-20 09:03:05
1653037385319456000,18.15,4,18.15,89,18.2,341,2,2022-05-20 09:03:05
1653037385555004000,18.2,1,18.15,89,18.2,340,1,2022-05-20 09:03:05
1653037385569428000,18.2,8,18.15,89,18.2,332,1,2022-05-20 09:03:05
1653037385585957000,18.15,1,18.15,88,18.2,332,2,2022-05-20 09:03:05
1653037385657535000,18.15,4,18.15,85,18.2,333,2,2022-05-20 09:03:05
1653037385933646000,18.2,1,18.15,121,18.2,332,1,2022-05-20 09:03:05
1653037386053264000,18.2,1,18.15,122,18.2,331,1,2022-05-20 09:03:06
1653037386092961000,18.2,8,18.15,122,18.2,323,1,2022-05-20 09:03:06
1653037386374266000,18.2,20,18.15,122,18.2,306,1,2022-05-20 09:03:06
1653037386431861000,18.2,5,18.15,175,18.2,301,1,2022-05-20 09:03:06
1653037386506454000,18.2,20,18.15,175,18.2,281,1,2022-05-20 09:03:06
1653037386740726000,18.2,50,18.15,179,18.2,231,1,2022-05-20 09:03:06
1653037386765002000,18.2,1,18.15,179,18.2,230,1,2022-05-20 09:03:06
1653037386766209000,18.2,19,18.15,179,18.2,211,1,2022-05-20 09:03:06
1653037386918944000,18.2,50,18.15,179,18.2,164,1,2022-05-20 09:03:06
1653037386946917000,18.2,3,18.15,179,18.2,161,1,2022-05-20 09:03:06
1653037387089385000,18.2,50,18.15,180,18.2,111,1,2022-05-20 09:03:07
1653037387120686000,18.2,44,18.15,180,18.2,67,1,2022-05-20 09:03:07
1653037387140538000,18.2,10,18.15,180,18.2,57,1,2022-05-20 09:03:07
1653037387144997000,18.2,4,18.15,180,18.2,53,1,2022-05-20 09:03:07
1653037387294068000,18.2,20,18.15,180,18.2,38,1,2022-05-20 09:03:07
1653037387322658000,18.2,26,18.15,180,18.2,12,1,2022-05-20 09:03:07
1653037387380980000,18.2,1,18.15,181,18.2,11,1,2022-05-20 09:03:07
1653037387415744000,18.2,5,18.15,181,18.2,6,1,2022-05-20 09:03:07
1653037387417796000,18.2,6,18.15,181,18.25,80,1,2022-05-20 09:03:07
1653037387457896000,18.2,2,18.2,8,18.25,80,2,2022-05-20 09:03:07
1653037387467160000,18.2,2,18.2,6,18.25,80,2,2022-05-20 09:03:07
1653037387607168000,18.2,10,18.2,9,18.25,80,2,2022-05-20 09:03:07
1653037387704911000,18.2,10,18.2,1,18.25,89,2,2022-05-20 09:03:07
1653037387717745000,18.25,1,18.2,4,18.25,88,1,2022-05-20 09:03:07
1653037387766709000,18.2,1,18.2,9,18.25,88,2,2022-05-20 09:03:07
1653037387836566000,18.2,10,18.15,185,18.25,88,2,2022-05-20 09:03:07
1653037387937892000,18.2,28,18.15,184,18.25,88,2,2022-05-20 09:03:07
1653037387937892000,18.15,2,18.15,184,18.25,88,2,2022-05-20 09:03:07
1653037387971508000,18.2,2,18.2,8,18.25,88,2,2022-05-20 09:03:07
1653037387973662000,18.25,10,18.2,8,18.25,78,1,2022-05-20 09:03:07
1653037387990024000,18.25,2,18.2,8,18.25,76,1,2022-05-20 09:03:07
1653037388256921000,18.25,20,18.2,32,18.25,56,1,2022-05-20 09:03:08
1653037388283407000,18.25,10,18.2,33,18.25,46,1,2022-05-20 09:03:08
1653037388471519000,18.25,1,18.2,36,18.25,45,1,2022-05-20 09:03:08
1653037388505231000,18.25,10,18.2,36,18.25,35,1,2022-05-20 09:03:08
1653037388628084000,18.25,1,18.2,62,18.25,34,1,2022-05-20 09:03:08
1653037388837443000,18.25,1,18.2,64,18.25,33,1,2022-05-20 09:03:08
1653037389077756000,18.25,1,18.2,78,18.25,35,1,2022-05-20 09:03:09
1653037389418210000,18.25,10,18.2,101,18.25,28,1,2022-05-20 09:03:09
1653037389538436000,18.25,20,18.2,101,18.25,8,1,2022-05-20 09:03:09
1653037389618462000,18.2,1,18.2,100,18.25,8,2,2022-05-20 09:03:09
1653037389666229000,18.25,8,18.2,101,18.3,96,1,2022-05-20 09:03:09
1653037389666229000,18.3,2,18.2,101,18.3,96,1,2022-05-20 09:03:09
1653037389668130000,18.2,100,18.2,1,18.3,96,2,2022-05-20 09:03:09
1653037389698523000,18.2,1,18.15,190,18.3,96,2,2022-05-20 09:03:09
1653037389767304000,18.2,1,18.2,4,18.3,96,2,2022-05-20 09:03:09
1653037389828892000,18.3,1,18.25,10,18.3,114,1,2022-05-20 09:03:09
1653037390228215000,18.3,4,18.25,11,18.3,110,1,2022-05-20 09:03:10
1653037390675849000,18.3,5,18.25,21,18.3,105,1,2022-05-20 09:03:10
1653037390746715000,18.25,1,18.25,21,18.3,106,2,2022-05-20 09:03:10
1653037390925798000,18.3,1,18.25,21,18.3,105,1,2022-05-20 09:03:10
1653037391070559000,18.25,2,18.25,19,18.3,105,2,2022-05-20 09:03:11
1653037391129373000,18.3,21,18.25,19,18.3,84,1,2022-05-20 09:03:11
1653037391205486000,18.3,2,18.25,19,18.3,82,1,2022-05-20 09:03:11
1653037391212822000,18.25,1,18.25,18,18.3,82,2,2022-05-20 09:03:11
1653037391270198000,18.25,1,18.25,17,18.3,82,2,2022-05-20 09:03:11
1653037391431611000,18.3,1,18.25,17,18.3,81,1,2022-05-20 09:03:11
1653037391490084000,18.3,72,18.25,17,18.3,9,1,2022-05-20 09:03:11
1653037391538595000,18.3,9,18.25,17,18.35,26,1,2022-05-20 09:03:11
1653037391538595000,18.35,1,18.25,17,18.35,26,1,2022-05-20 09:03:11
1653037391917528000,18.25,1,18.25,17,18.35,44,2,2022-05-20 09:03:11
1653037392065153000,18.3,1,18.25,18,18.35,44,2,2022-05-20 09:03:12
1653037392065153000,18.25,9,18.25,18,18.35,44,2,2022-05-20 09:03:12
1653037392069938000,18.35,44,18.25,18,18.4,39,1,2022-05-20 09:03:12
1653037392069938000,18.4,16,18.25,18,18.4,39,1,2022-05-20 09:03:12
1653037392432701000,18.4,1,18.25,18,18.4,41,1,2022-05-20 09:03:12
1653037392925027000,18.4,1,18.35,10,18.4,58,1,2022-05-20 09:03:12
1653037392946945000,18.4,3,18.35,10,18.4,55,1,2022-05-20 09:03:12
1653037393048727000,18.35,5,18.35,5,18.4,55,2,2022-05-20 09:03:13
1653037393088452000,18.4,1,18.35,5,18.4,54,1,2022-05-20 09:03:13
1653037393301180000,18.35,1,18.35,4,18.4,54,2,2022-05-20 09:03:13
1653037393327569000,18.35,1,18.35,3,18.4,54,2,2022-05-20 09:03:13
1653037393487883000,18.35,1,18.35,3,18.4,55,2,2022-05-20 09:03:13
1653037393749354000,18.4,1,18.35,3,18.4,54,1,2022-05-20 09:03:13
1653037393963118000,18.4,1,18.35,3,18.4,53,1,2022-05-20 09:03:13
1653037394030931000,18.4,18,18.35,3,18.4,35,1,2022-05-20 09:03:14
1653037394073280000,18.35,3,18.3,12,18.4,35,2,2022-05-20 09:03:14
1653037394073280000,18.3,2,18.3,12,18.4,35,2,2022-05-20 09:03:14
1653037394082735000,18.4,10,18.3,12,18.4,25,1,2022-05-20 09:03:14
1653037394334703000,18.4,5,18.35,20,18.4,20,1,2022-05-20 09:03:14
1653037394619407000,18.4,1,18.35,20,18.4,19,1,2022-05-20 09:03:14
1653037394885347000,18.4,1,18.35,20,18.4,23,1,2022-05-20 09:03:14
1653037395035786000,18.35,21,18.3,99,18.4,23,2,2022-05-20 09:03:15
1653037395035786000,18.3,9,18.3,99,18.4,23,2,2022-05-20 09:03:15
1653037395047058000,18.4,5,18.3,101,18.4,18,1,2022-05-20 09:03:15
1653037395193085000,18.35,1,18.3,101,18.4,18,2,2022-05-20 09:03:15
1653037395208467000,18.4,1,18.3,101,18.4,17,1,2022-05-20 09:03:15
1653037395247644000,18.4,17,18.4,23,18.45,96,1,2022-05-20 09:03:15
1653037395292401000,18.4,10,18.4,13,18.45,96,2,2022-05-20 09:03:15
1653037395396305000,18.4,5,18.4,8,18.45,116,2,2022-05-20 09:03:15
1653037395410457000,18.4,8,18.35,1,18.45,116,2,2022-05-20 09:03:15
1653037395524913000,18.35,1,18.3,101,18.35,9,2,2022-05-20 09:03:15
1653037395534858000,18.35,2,18.3,101,18.35,7,1,2022-05-20 09:03:15
1653037395706501000,18.35,1,18.3,101,18.35,6,1,2022-05-20 09:03:15
1653037395721360000,18.3,1,18.3,100,18.35,6,2,2022-05-20 09:03:15
1653037395749913000,18.35,6,18.3,100,18.45,72,1,2022-05-20 09:03:15
1653037395749913000,18.45,44,18.3,100,18.45,72,1,2022-05-20 09:03:15
1653037395858473000,18.45,5,18.35,1,18.45,67,1,2022-05-20 09:03:15
1653037396009658000,18.35,1,18.3,100,18.45,67,2,2022-05-20 09:03:16
1653037396055000000,18.4,1,18.3,100,18.4,49,2,2022-05-20 09:03:16
1653037396151016000,18.4,1,18.3,100,18.4,48,1,2022-05-20 09:03:16
1653037396173302000,18.4,10,18.3,100,18.4,38,1,2022-05-20 09:03:16
1653037396182381000,18.4,3,18.3,100,18.4,35,1,2022-05-20 09:03:16
1653037396386387000,18.4,20,18.3,100,18.4,16,1,2022-05-20 09:03:16
1653037396414888000,18.4,6,18.3,100,18.4,13,1,2022-05-20 09:03:16
1653037396618560000,18.4,1,18.3,100,18.4,29,1,2022-05-20 09:03:16
1653037396674672000,18.4,20,18.3,100,18.4,9,1,2022-05-20 09:03:16
1653037396867754000,18.4,1,18.35,1,18.4,9,1,2022-05-20 09:03:16
1653037397426901000,18.35,10,18.35,11,18.4,19,2,2022-05-20 09:03:17
1653037397440762000,18.35,4,18.35,7,18.4,19,2,2022-05-20 09:03:17
1653037397475009000,18.35,7,18.35,10,18.4,20,2,2022-05-20 09:03:17
1653037397526426000,18.35,1,18.35,9,18.4,20,2,2022-05-20 09:03:17
1653037397526737000,18.35,9,18.3,100,18.4,20,2,2022-05-20 09:03:17
1653037397858074000,18.4,1,18.3,100,18.4,30,1,2022-05-20 09:03:17
1653037397864786000,18.4,1,18.3,116,18.4,29,1,2022-05-20 09:03:17
1653037397941131000,18.4,1,18.35,1,18.4,28,1,2022-05-20 09:03:17
1653037397975757000,18.4,20,18.35,1,18.4,8,1,2022-05-20 09:03:17
1653037398081689000,18.4,1,18.35,1,18.4,7,1,2022-05-20 09:03:18
1653037398162926000,18.4,5,18.35,2,18.4,12,1,2022-05-20 09:03:18
1653037398182615000,18.4,10,18.35,2,18.4,2,1,2022-05-20 09:03:18
1653037398442011000,18.35,2,18.3,116,18.35,8,2,2022-05-20 09:03:18
1653037398442524000,18.3,1,18.3,115,18.35,8,2,2022-05-20 09:03:18
1653037398604955000,18.35,1,18.3,115,18.35,7,1,2022-05-20 09:03:18
1653037398612838000,18.35,3,18.3,115,18.35,4,1,2022-05-20 09:03:18
1653037398641203000,18.35,1,18.3,115,18.35,3,1,2022-05-20 09:03:18
1653037398781405000,18.35,1,18.3,115,18.35,2,1,2022-05-20 09:03:18
1653037398908355000,18.35,1,18.3,115,18.35,1,1,2022-05-20 09:03:18
1653037398975737000,18.35,1,18.35,1,18.4,43,1,2022-05-20 09:03:18
1653037398996755000,18.35,1,18.3,115,18.4,43,2,2022-05-20 09:03:18
1653037399117910000,18.35,1,18.35,3,18.4,44,1,2022-05-20 09:03:19
1653037399299678000,18.4,5,18.35,3,18.4,43,1,2022-05-20 09:03:19
1653037399699625000,18.35,1,18.35,4,18.4,44,2,2022-05-20 09:03:19
1653037399745586000,18.4,1,18.35,4,18.4,44,1,2022-05-20 09:03:19
1653037399841212000,18.4,11,18.35,9,18.4,38,1,2022-05-20 09:03:19
1653037399951563000,18.35,1,18.35,8,18.4,38,2,2022-05-20 09:03:19
1653037400015337000,18.4,1,18.35,9,18.4,37,1,2022-05-20 09:03:20
1653037400215820000,18.4,1,18.35,94,18.4,38,1,2022-05-20 09:03:20
1653037400614419000,18.4,3,18.35,97,18.4,58,1,2022-05-20 09:03:20
1653037400866954000,18.35,5,18.35,102,18.4,67,2,2022-05-20 09:03:20
1653037400911740000,18.4,1,18.35,102,18.4,66,1,2022-05-20 09:03:20
1653037400949005000,18.4,2,18.35,102,18.4,64,1,2022-05-20 09:03:20
1653037401055097000,18.4,1,18.35,107,18.4,63,1,2022-05-20 09:03:21
1653037401114555000,18.4,1,18.35,107,18.4,62,1,2022-05-20 09:03:21
1653037401433101000,18.4,1,18.35,124,18.4,75,1,2022-05-20 09:03:21
1653037401497971000,18.35,2,18.35,126,18.4,76,2,2022-05-20 09:03:21
1653037401590677000,18.4,1,18.35,127,18.4,76,1,2022-05-20 09:03:21
1653037401629437000,18.4,20,18.35,177,18.4,61,1,2022-05-20 09:03:21
1653037401687771000,18.35,10,18.35,180,18.4,61,2,2022-05-20 09:03:21
1653037401856221000,18.35,2,18.35,178,18.4,61,2,2022-05-20 09:03:21
1653037401930562000,18.4,2,18.35,178,18.4,59,1,2022-05-20 09:03:21
1653037401934606000,18.35,5,18.35,173,18.4,59,2,2022-05-20 09:03:21
1653037401966233000,18.4,1,18.35,173,18.4,158,1,2022-05-20 09:03:21
1653037402021459000,18.4,5,18.35,174,18.4,153,1,2022-05-20 09:03:22
1653037402105811000,18.4,10,18.35,174,18.4,144,1,2022-05-20 09:03:22
1653037402162632000,18.4,1,18.35,174,18.4,143,1,2022-05-20 09:03:22
1653037402310743000,18.4,2,18.35,174,18.4,141,1,2022-05-20 09:03:22
1653037402485594000,18.4,2,18.35,175,18.4,139,1,2022-05-20 09:03:22
1653037402545626000,18.4,5,18.35,175,18.4,143,1,2022-05-20 09:03:22
1653037402639567000,18.4,1,18.35,125,18.4,142,1,2022-05-20 09:03:22
1653037402654099000,18.4,1,18.35,125,18.4,141,1,2022-05-20 09:03:22
1653037402746324000,18.4,1,18.35,133,18.4,140,1,2022-05-20 09:03:22
1653037402980649000,18.4,2,18.35,133,18.4,154,1,2022-05-20 09:03:22
1653037402996009000,18.4,1,18.35,133,18.4,153,1,2022-05-20 09:03:22
1653037403251262000,18.4,1,18.35,134,18.4,162,1,2022-05-20 09:03:23
1653037403294621000,18.4,5,18.35,144,18.4,157,1,2022-05-20 09:03:23
1653037403508704000,18.4,5,18.35,146,18.4,152,1,2022-05-20 09:03:23
1653037403531682000,18.4,2,18.35,146,18.4,150,1,2022-05-20 09:03:23
1653037403532606000,18.4,1,18.35,146,18.4,149,1,2022-05-20 09:03:23
1653037403567910000,18.4,1,18.35,147,18.4,148,1,2022-05-20 09:03:23
1653037403576004000,18.35,1,18.35,146,18.4,148,2,2022-05-20 09:03:23
1653037403734399000,18.4,1,18.35,149,18.4,148,1,2022-05-20 09:03:23
1653037403889938000,18.4,1,18.35,149,18.4,147,1,2022-05-20 09:03:23
1653037403902633000,18.4,1,18.35,149,18.4,146,1,2022-05-20 09:03:23
1653037403969140000,18.4,1,18.35,152,18.4,145,1,2022-05-20 09:03:23
1653037404008936000,18.4,2,18.35,152,18.4,143,1,2022-05-20 09:03:24
1653037404013963000,18.4,2,18.35,152,18.4,141,1,2022-05-20 09:03:24
1653037404065125000,18.4,2,18.35,152,18.4,139,1,2022-05-20 09:03:24
1653037404380284000,18.35,1,18.35,152,18.4,143,2,2022-05-20 09:03:24
1653037404722481000,18.35,1,18.35,155,18.4,143,2,2022-05-20 09:03:24
1653037404727857000,18.4,2,18.35,155,18.4,141,1,2022-05-20 09:03:24
1653037404819016000,18.4,1,18.35,155,18.4,140,1,2022-05-20 09:03:24
1653037404827853000,18.4,1,18.35,155,18.4,139,1,2022-05-20 09:03:24
1653037404841401000,18.4,1,18.35,155,18.4,138,1,2022-05-20 09:03:24
1653037404903418000,18.4,10,18.35,155,18.4,128,1,2022-05-20 09:03:24
1653037404957238000,18.4,2,18.35,157,18.4,126,1,2022-05-20 09:03:24
1653037405142863000,18.4,2,18.35,163,18.4,126,1,2022-05-20 09:03:25
1653037405158392000,18.4,5,18.35,163,18.4,121,1,2022-05-20 09:03:25
1653037405246306000,18.35,4,18.35,159,18.4,121,2,2022-05-20 09:03:25
1653037405336957000,18.4,5,18.35,159,18.4,116,1,2022-05-20 09:03:25
1653037405338604000,18.4,1,18.35,159,18.4,115,1,2022-05-20 09:03:25
1653037405363513000,18.4,3,18.35,159,18.4,112,1,2022-05-20 09:03:25
1653037405396615000,18.4,1,18.35,162,18.4,111,1,2022-05-20 09:03:25
1653037405535491000,18.4,1,18.35,165,18.4,110,1,2022-05-20 09:03:25
1653037405766013000,18.4,5,18.35,164,18.4,105,1,2022-05-20 09:03:25
1653037405781845000,18.4,1,18.35,163,18.4,104,1,2022-05-20 09:03:25
1653037405785825000,18.4,40,18.35,163,18.4,64,1,2022-05-20 09:03:25
1653037405914939000,18.4,1,18.35,163,18.4,63,1,2022-05-20 09:03:25
1653037406018531000,18.4,3,18.35,163,18.4,60,1,2022-05-20 09:03:26
1653037406064228000,18.4,1,18.35,164,18.4,59,1,2022-05-20 09:03:26
1653037406347716000,18.35,1,18.35,163,18.4,60,2,2022-05-20 09:03:26
1653037406369563000,18.4,5,18.35,163,18.4,55,1,2022-05-20 09:03:26
1653037406404207000,18.4,1,18.35,163,18.4,54,1,2022-05-20 09:03:26
1653037406460710000,18.4,1,18.35,163,18.4,53,1,2022-05-20 09:03:26
1653037406607999000,18.4,1,18.35,163,18.4,52,1,2022-05-20 09:03:26
1653037406813122000,18.4,52,18.4,48,18.45,108,1,2022-05-20 09:03:26
1653037406976735000,18.4,50,18.35,163,18.45,108,2,2022-05-20 09:03:26
1653037407439850000,18.45,50,18.4,6,18.45,62,1,2022-05-20 09:03:27
1653037407545847000,18.45,1,18.4,7,18.45,61,1,2022-05-20 09:03:27
1653037407687739000,18.4,1,18.4,8,18.45,61,2,2022-05-20 09:03:27
1653037407717834000,18.4,18,18.35,166,18.4,2,2,2022-05-20 09:03:27
1653037407742622000,18.4,2,18.4,3,18.45,61,1,2022-05-20 09:03:27
1653037407885255000,18.4,1,18.4,2,18.45,61,2,2022-05-20 09:03:27
1653037407901334000,18.4,1,18.4,1,18.45,61,2,2022-05-20 09:03:27
1653037408056221000,18.4,1,18.35,168,18.45,61,2,2022-05-20 09:03:28
1653037408253525000,18.45,10,18.4,23,18.45,51,1,2022-05-20 09:03:28
1653037408258704000,18.4,1,18.4,22,18.45,51,2,2022-05-20 09:03:28
1653037408286771000,18.45,2,18.4,22,18.45,49,1,2022-05-20 09:03:28
1653037408341633000,18.4,1,18.4,23,18.45,49,2,2022-05-20 09:03:28
1653037408963717000,18.45,54,18.4,40,18.5,220,1,2022-05-20 09:03:28
1653037408963717000,18.5,46,18.4,40,18.5,220,1,2022-05-20 09:03:28
1653037409077246000,18.4,5,18.4,35,18.5,220,2,2022-05-20 09:03:29
1653037409079391000,18.4,4,18.4,31,18.5,220,2,2022-05-20 09:03:29
1653037409080311000,18.5,2,18.4,31,18.5,218,1,2022-05-20 09:03:29
1653037409212008000,18.5,1,18.4,32,18.5,217,1,2022-05-20 09:03:29
1653037409346595000,18.5,2,18.4,32,18.5,215,1,2022-05-20 09:03:29
1653037409434925000,18.4,1,18.4,31,18.5,234,2,2022-05-20 09:03:29
1653037409456300000,18.4,4,18.4,27,18.5,234,2,2022-05-20 09:03:29
1653037409595098000,18.5,2,18.4,34,18.5,232,1,2022-05-20 09:03:29
1653037409612602000,18.4,1,18.4,35,18.5,232,2,2022-05-20 09:03:29
1653037409795239000,18.45,10,18.4,37,18.45,40,2,2022-05-20 09:03:29
1653037409843722000,18.4,10,18.4,27,18.45,40,2,2022-05-20 09:03:29
1653037409844619000,18.45,5,18.4,27,18.45,35,1,2022-05-20 09:03:29
1653037409927896000,18.45,20,18.4,27,18.45,15,1,2022-05-20 09:03:29
1653037409966006000,18.4,1,18.4,26,18.45,15,2,2022-05-20 09:03:29
1653037409974506000,18.45,10,18.4,26,18.45,5,1,2022-05-20 09:03:29
1653037410110317000,18.4,5,18.4,22,18.45,5,2,2022-05-20 09:03:30
1653037410355166000,18.45,9,18.4,31,18.5,190,1,2022-05-20 09:03:30
1653037410355166000,18.5,41,18.4,31,18.5,190,1,2022-05-20 09:03:30
1653037410521966000,18.45,2,18.4,31,18.45,3,1,2022-05-20 09:03:30
1653037410629076000,18.45,4,18.4,37,18.5,174,1,2022-05-20 09:03:30
1653037410629076000,18.5,16,18.4,37,18.5,174,1,2022-05-20 09:03:30
1653037410901936000,18.4,1,18.4,37,18.5,174,2,2022-05-20 09:03:30
1653037411324584000,18.45,1,18.4,50,18.5,173,1,2022-05-20 09:03:31
1653037411395872000,18.4,2,18.4,53,18.5,173,2,2022-05-20 09:03:31
1653037411403375000,18.5,2,18.4,53,18.5,171,1,2022-05-20 09:03:31
1653037411490939000,18.5,50,18.4,64,18.5,121,1,2022-05-20 09:03:31
1653037411507037000,18.5,50,18.4,64,18.5,71,1,2022-05-20 09:03:31
1653037411618328000,18.4,1,18.4,70,18.5,71,2,2022-05-20 09:03:31
1653037411625961000,18.5,1,18.4,70,18.5,70,1,2022-05-20 09:03:31
1653037411676017000,18.5,20,18.4,70,18.5,50,1,2022-05-20 09:03:31
1653037411800594000,18.45,2,18.4,70,18.5,50,2,2022-05-20 09:03:31
1653037411800594000,18.4,2,18.4,70,18.5,50,2,2022-05-20 09:03:31
1653037411913313000,18.45,1,18.4,168,18.5,50,2,2022-05-20 09:03:31
1653037411913313000,18.4,2,18.4,168,18.5,50,2,2022-05-20 09:03:31
1653037412197977000,18.45,2,18.4,189,18.45,1,1,2022-05-20 09:03:32
1653037412215038000,18.45,1,18.4,189,18.5,50,1,2022-05-20 09:03:32
1653037412215464000,18.5,50,18.4,189,18.55,81,1,2022-05-20 09:03:32
1653037412309097000,18.55,5,18.5,1,18.55,76,1,2022-05-20 09:03:32
1653037412461739000,18.55,1,18.5,1,18.55,75,1,2022-05-20 09:03:32
1653037412689265000,18.55,1,18.5,23,18.55,93,1,2022-05-20 09:03:32
1653037412693375000,18.5,10,18.5,13,18.55,93,2,2022-05-20 09:03:32
1653037412847537000,18.5,2,18.5,11,18.55,93,2,2022-05-20 09:03:32
1653037412918221000,18.55,50,18.5,35,18.55,43,1,2022-05-20 09:03:32
1653037412934415000,18.5,1,18.5,34,18.55,43,2,2022-05-20 09:03:32
1653037412965941000,18.5,1,18.5,33,18.55,43,2,2022-05-20 09:03:32
1653037413002267000,18.55,10,18.5,33,18.55,33,1,2022-05-20 09:03:33
1653037413108428000,18.55,30,18.5,33,18.55,4,1,2022-05-20 09:03:33
1653037413337950000,18.55,4,18.5,34,18.6,103,1,2022-05-20 09:03:33
1653037413337950000,18.6,2,18.5,34,18.6,103,1,2022-05-20 09:03:33
1653037413351318000,18.55,2,18.5,34,18.55,1,1,2022-05-20 09:03:33
1653037413383506000,18.55,1,18.5,34,18.6,103,1,2022-05-20 09:03:33
1653037413385151000,18.6,7,18.5,34,18.6,96,1,2022-05-20 09:03:33
1653037413394637000,18.6,50,18.5,34,18.6,46,1,2022-05-20 09:03:33
1653037413406054000,18.6,1,18.5,34,18.6,45,1,2022-05-20 09:03:33
1653037413418364000,18.6,1,18.5,34,18.6,44,1,2022-05-20 09:03:33
1653037413654764000,18.6,1,18.55,20,18.6,43,1,2022-05-20 09:03:33
1653037413805738000,18.6,1,18.55,20,18.6,81,1,2022-05-20 09:03:33
1653037413836991000,18.55,1,18.55,69,18.6,81,2,2022-05-20 09:03:33
1653037413844044000,18.55,1,18.55,68,18.6,81,2,2022-05-20 09:03:33
1653037414103450000,18.55,5,18.55,65,18.6,81,2,2022-05-20 09:03:34
1653037414213296000,18.6,2,18.55,65,18.6,79,1,2022-05-20 09:03:34
1653037414304376000,18.6,50,18.55,54,18.6,29,1,2022-05-20 09:03:34
1653037414389100000,18.55,1,18.55,53,18.6,29,2,2022-05-20 09:03:34
1653037414484066000,18.6,3,18.55,53,18.6,26,1,2022-05-20 09:03:34
1653037414608189000,18.55,1,18.55,52,18.6,26,2,2022-05-20 09:03:34
1653037414679272000,18.6,10,18.55,52,18.6,16,1,2022-05-20 09:03:34
1653037414758232000,18.6,1,18.55,56,18.6,15,1,2022-05-20 09:03:34
1653037414867706000,18.6,1,18.55,56,18.6,14,1,2022-05-20 09:03:34
1653037414933799000,18.6,10,18.55,56,18.6,4,1,2022-05-20 09:03:34
1653037415120443000,18.6,4,18.6,1,18.65,132,1,2022-05-20 09:03:35
1653037415440520000,18.65,1,18.6,1,18.65,150,1,2022-05-20 09:03:35
1653037415683372000,18.65,1,18.6,21,18.65,149,1,2022-05-20 09:03:35
1653037415699225000,18.65,2,18.6,21,18.65,147,1,2022-05-20 09:03:35
1653037415703266000,18.65,1,18.6,21,18.65,146,1,2022-05-20 09:03:35
1653037415726215000,18.6,1,18.6,20,18.65,146,2,2022-05-20 09:03:35
1653037415844752000,18.65,1,18.6,20,18.65,145,1,2022-05-20 09:03:35
1653037415877342000,18.65,2,18.6,20,18.65,143,1,2022-05-20 09:03:35
1653037416063620000,18.6,10,18.6,10,18.65,163,2,2022-05-20 09:03:36
1653037416220909000,18.6,1,18.6,9,18.65,163,2,2022-05-20 09:03:36
1653037416329073000,18.65,1,18.6,9,18.65,162,1,2022-05-20 09:03:36
1653037416449461000,18.6,9,18.55,65,18.65,165,2,2022-05-20 09:03:36
1653037416449461000,18.55,2,18.55,65,18.65,165,2,2022-05-20 09:03:36
1653037416511158000,18.65,1,18.6,62,18.65,164,1,2022-05-20 09:03:36
1653037416979881000,18.6,11,18.6,61,18.65,164,2,2022-05-20 09:03:36
1653037417178291000,18.6,20,18.6,41,18.65,164,2,2022-05-20 09:03:37
1653037417250104000,18.65,3,18.6,41,18.65,161,1,2022-05-20 09:03:37
1653037417278621000,18.6,1,18.6,43,18.65,151,2,2022-05-20 09:03:37
1653037417494922000,18.65,1,18.6,44,18.65,151,1,2022-05-20 09:03:37
1653037417528025000,18.6,10,18.6,34,18.65,151,2,2022-05-20 09:03:37
1653037417593557000,18.6,34,18.55,68,18.6,16,2,2022-05-20 09:03:37
1653037417746697000,18.6,1,18.55,68,18.6,41,1,2022-05-20 09:03:37
1653037417950570000,18.6,1,18.55,69,18.6,41,1,2022-05-20 09:03:37
1653037417969002000,18.6,2,18.55,69,18.6,39,1,2022-05-20 09:03:37
1653037418169516000,18.6,2,18.55,71,18.6,37,1,2022-05-20 09:03:38
1653037418225173000,18.6,10,18.55,71,18.6,28,1,2022-05-20 09:03:38
1653037418232720000,18.55,5,18.55,66,18.6,28,2,2022-05-20 09:03:38
1653037418255452000,18.6,1,18.55,66,18.6,27,1,2022-05-20 09:03:38
1653037418267357000,18.6,10,18.55,66,18.6,17,1,2022-05-20 09:03:38
1653037418291834000,18.6,1,18.55,66,18.6,16,1,2022-05-20 09:03:38
1653037418319214000,18.6,1,18.55,66,18.6,15,1,2022-05-20 09:03:38
1653037418365098000,18.6,1,18.55,66,18.6,34,1,2022-05-20 09:03:38
1653037418400543000,18.6,1,18.55,66,18.6,33,1,2022-05-20 09:03:38
1653037418504607000,18.55,7,18.55,59,18.6,46,2,2022-05-20 09:03:38
1653037418525768000,18.55,1,18.55,25,18.6,46,2,2022-05-20 09:03:38
1653037418561105000,18.6,1,18.55,14,18.6,108,1,2022-05-20 09:03:38
1653037418569509000,18.55,14,18.5,49,18.6,108,2,2022-05-20 09:03:38
1653037418668508000,18.55,2,18.5,49,18.55,3,1,2022-05-20 09:03:38
1653037418767674000,18.55,2,18.5,49,18.55,3,1,2022-05-20 09:03:38
1653037418791304000,18.55,2,18.5,49,18.55,1,1,2022-05-20 09:03:38
1653037418853899000,18.55,1,18.5,49,18.6,108,1,2022-05-20 09:03:38
1653037418868909000,18.6,2,18.5,49,18.6,106,1,2022-05-20 09:03:38
1653037418923071000,18.55,1,18.5,49,18.55,65,1,2022-05-20 09:03:38
1653037418972444000,18.55,5,18.5,49,18.55,60,1,2022-05-20 09:03:38
1653037419033108000,18.5,1,18.5,48,18.55,110,2,2022-05-20 09:03:39
1653037419053875000,18.55,1,18.5,48,18.55,109,1,2022-05-20 09:03:39
1653037419072208000,18.5,48,18.45,29,18.5,202,2,2022-05-20 09:03:39
1653037419267565000,18.5,2,18.45,29,18.5,200,1,2022-05-20 09:03:39
1653037419306018000,18.5,1,18.45,29,18.5,199,1,2022-05-20 09:03:39
1653037419445791000,18.45,1,18.45,28,18.5,202,2,2022-05-20 09:03:39
1653037419515242000,18.5,10,18.45,28,18.5,192,1,2022-05-20 09:03:39
1653037419520888000,18.5,1,18.45,28,18.5,191,1,2022-05-20 09:03:39
1653037419569745000,18.5,20,18.45,28,18.5,171,1,2022-05-20 09:03:39
1653037419648277000,18.45,5,18.45,23,18.5,171,2,2022-05-20 09:03:39
1653037419688586000,18.5,2,18.45,23,18.5,169,1,2022-05-20 09:03:39
1653037419718150000,18.5,1,18.45,23,18.5,168,1,2022-05-20 09:03:39
1653037419725639000,18.5,1,18.45,23,18.5,167,1,2022-05-20 09:03:39
1653037419743190000,18.5,1,18.45,23,18.5,166,1,2022-05-20 09:03:39
1653037419743567000,18.5,1,18.45,23,18.5,165,1,2022-05-20 09:03:39
1653037419749864000,18.5,1,18.45,23,18.5,164,1,2022-05-20 09:03:39
1653037419767233000,18.5,1,18.45,23,18.5,163,1,2022-05-20 09:03:39
1653037419804336000,18.45,10,18.45,13,18.5,168,2,2022-05-20 09:03:39
1653037419815675000,18.45,13,18.4,243,18.45,5,2,2022-05-20 09:03:39
1653037419910437000,18.4,1,18.4,242,18.45,5,2,2022-05-20 09:03:39
1653037420103168000,18.45,1,18.4,243,18.45,36,1,2022-05-20 09:03:40
1653037420194566000,18.45,1,18.4,243,18.45,35,1,2022-05-20 09:03:40
1653037420224683000,18.45,5,18.4,243,18.45,30,1,2022-05-20 09:03:40
1653037420273532000,18.45,3,18.4,242,18.45,28,1,2022-05-20 09:03:40
1653037420455170000,18.45,1,18.4,237,18.45,28,1,2022-05-20 09:03:40
1653037420484106000,18.45,1,18.4,233,18.45,27,1,2022-05-20 09:03:40
1653037420536380000,18.45,1,18.4,233,18.45,28,1,2022-05-20 09:03:40
1653037420576362000,18.4,5,18.4,228,18.45,28,2,2022-05-20 09:03:40
1653037420733207000,18.45,1,18.4,216,18.45,33,1,2022-05-20 09:03:40
1653037420776092000,18.45,1,18.4,216,18.45,32,1,2022-05-20 09:03:40
1653037420908354000,18.4,1,18.4,215,18.45,33,2,2022-05-20 09:03:40
1653037420944961000,18.45,2,18.4,217,18.45,31,1,2022-05-20 09:03:40
1653037420983163000,18.45,2,18.4,217,18.45,29,1,2022-05-20 09:03:40
1653037420987992000,18.45,1,18.4,217,18.45,28,1,2022-05-20 09:03:40
1653037421294498000,18.45,5,18.4,217,18.45,24,1,2022-05-20 09:03:41
1653037421415524000,18.45,1,18.4,217,18.45,23,1,2022-05-20 09:03:41
1653037421437286000,18.45,1,18.4,217,18.45,22,1,2022-05-20 09:03:41
1653037421899904000,18.45,1,18.4,216,18.45,22,1,2022-05-20 09:03:41
1653037421913551000,18.45,3,18.4,216,18.45,19,1,2022-05-20 09:03:41
1653037422070318000,18.45,1,18.4,220,18.45,20,1,2022-05-20 09:03:42
1653037422153470000,18.45,1,18.4,224,18.45,19,1,2022-05-20 09:03:42
1653037422213924000,18.45,2,18.4,224,18.45,17,1,2022-05-20 09:03:42
1653037422379242000,18.45,3,18.4,224,18.45,17,1,2022-05-20 09:03:42
1653037422422689000,18.45,1,18.4,225,18.45,16,1,2022-05-20 09:03:42
1653037422532860000,18.45,1,18.4,244,18.45,15,1,2022-05-20 09:03:42
1653037422624012000,18.45,2,18.4,244,18.45,13,1,2022-05-20 09:03:42
1653037422759524000,18.45,2,18.4,244,18.45,25,1,2022-05-20 09:03:42
1653037423100593000,18.45,2,18.4,240,18.45,54,1,2022-05-20 09:03:43
1653037423243757000,18.45,10,18.4,240,18.45,44,1,2022-05-20 09:03:43
1653037423318590000,18.45,3,18.4,312,18.45,41,1,2022-05-20 09:03:43
1653037423396619000,18.45,1,18.4,313,18.45,40,1,2022-05-20 09:03:43
1653037423403825000,18.45,1,18.4,312,18.45,39,1,2022-05-20 09:03:43
1653037423636381000,18.45,1,18.4,312,18.45,38,1,2022-05-20 09:03:43
1653037423703718000,18.45,1,18.4,312,18.45,37,1,2022-05-20 09:03:43
1653037423902150000,18.4,1,18.4,311,18.45,37,2,2022-05-20 09:03:43
1653037423950930000,18.45,2,18.4,311,18.45,35,1,2022-05-20 09:03:43
1653037423958112000,18.45,2,18.4,311,18.45,33,1,2022-05-20 09:03:43
1653037424000781000,18.45,1,18.4,312,18.45,32,1,2022-05-20 09:03:44
1653037424032877000,18.45,1,18.4,312,18.45,31,1,2022-05-20 09:03:44
1653037424046682000,18.4,20,18.4,292,18.45,31,2,2022-05-20 09:03:44
1653037424161699000,18.45,10,18.4,292,18.45,21,1,2022-05-20 09:03:44
1653037424175494000,18.45,1,18.4,292,18.45,20,1,2022-05-20 09:03:44
1653037424232644000,18.45,1,18.4,292,18.45,20,1,2022-05-20 09:03:44
1653037424295813000,18.4,1,18.4,291,18.45,20,2,2022-05-20 09:03:44
1653037424378112000,18.45,1,18.4,290,18.45,20,1,2022-05-20 09:03:44
1653037424395390000,18.45,1,18.4,290,18.45,19,1,2022-05-20 09:03:44
1653037424579071000,18.45,1,18.4,291,18.45,18,1,2022-05-20 09:03:44
1653037424753883000,18.45,2,18.4,286,18.45,21,1,2022-05-20 09:03:44
1653037424833970000,18.45,1,18.4,286,18.45,20,1,2022-05-20 09:03:44
1653037424905251000,18.45,10,18.4,281,18.45,10,1,2022-05-20 09:03:44
1653037424957806000,18.45,1,18.4,281,18.45,9,1,2022-05-20 09:03:44
1653037425023287000,18.45,9,18.45,21,18.5,171,1,2022-05-20 09:03:45
1653037425053887000,18.5,1,18.45,21,18.5,170,1,2022-05-20 09:03:45
1653037425140800000,18.45,3,18.45,18,18.5,170,2,2022-05-20 09:03:45
1653037425150835000,18.45,1,18.45,17,18.5,170,2,2022-05-20 09:03:45
1653037425324270000,18.5,1,18.45,18,18.5,169,1,2022-05-20 09:03:45
1653037425531170000,18.45,5,18.45,14,18.5,172,2,2022-05-20 09:03:45
1653037425557509000,18.5,2,18.45,14,18.5,175,1,2022-05-20 09:03:45
1653037425596015000,18.45,17,18.4,269,18.5,175,2,2022-05-20 09:03:45
1653037425596015000,18.4,13,18.4,269,18.5,175,2,2022-05-20 09:03:45
1653037425668939000,18.45,2,18.4,272,18.45,8,1,2022-05-20 09:03:45
1653037425798637000,18.45,1,18.4,274,18.45,14,1,2022-05-20 09:03:45
1653037425801690000,18.45,6,18.4,274,18.45,8,1,2022-05-20 09:03:45
1653037425817329000,18.45,5,18.4,274,18.45,3,1,2022-05-20 09:03:45
1653037426076022000,18.45,1,18.4,276,18.45,22,1,2022-05-20 09:03:46
1653037426102264000,18.45,1,18.4,276,18.45,21,1,2022-05-20 09:03:46
1653037426157402000,18.45,5,18.4,276,18.45,16,1,2022-05-20 09:03:46
1653037426180852000,18.45,1,18.4,276,18.45,15,1,2022-05-20 09:03:46
1653037426215080000,18.45,4,18.4,276,18.45,11,1,2022-05-20 09:03:46
1653037426285529000,18.45,1,18.4,276,18.45,10,1,2022-05-20 09:03:46
1653037426294049000,18.4,1,18.4,275,18.45,10,2,2022-05-20 09:03:46
1653037426340908000,18.45,1,18.4,275,18.45,9,1,2022-05-20 09:03:46
1653037426369385000,18.45,3,18.4,275,18.45,6,1,2022-05-20 09:03:46
1653037426406258000,18.45,1,18.4,275,18.45,6,1,2022-05-20 09:03:46
1653037426585871000,18.45,1,18.4,276,18.45,5,1,2022-05-20 09:03:46
1653037426645570000,18.45,2,18.4,276,18.45,5,1,2022-05-20 09:03:46
1653037426653175000,18.45,3,18.4,276,18.45,2,1,2022-05-20 09:03:46
1653037426693255000,18.4,50,18.4,226,18.45,2,2,2022-05-20 09:03:46
1653037426788714000,18.45,1,18.4,226,18.45,1,1,2022-05-20 09:03:46
1653037426811024000,18.45,1,18.4,226,18.5,185,1,2022-05-20 09:03:46
1653037426889850000,18.45,1,18.4,226,18.45,10,1,2022-05-20 09:03:46
1653037426894192000,18.45,5,18.4,226,18.45,5,1,2022-05-20 09:03:46
1653037427004512000,18.45,6,18.45,2,18.5,185,1,2022-05-20 09:03:47
1653037427091067000,18.5,3,18.45,12,18.5,182,1,2022-05-20 09:03:47
1653037427205443000,18.45,14,18.4,216,18.5,182,2,2022-05-20 09:03:47
1653037427205443000,18.4,16,18.4,216,18.5,182,2,2022-05-20 09:03:47
1653037427391562000,18.5,2,18.45,3,18.5,180,1,2022-05-20 09:03:47
1653037427415737000,18.5,50,18.45,3,18.5,130,1,2022-05-20 09:03:47
1653037427975177000,18.5,5,18.45,25,18.5,125,1,2022-05-20 09:03:47
1653037428194638000,18.45,1,18.45,27,18.5,125,2,2022-05-20 09:03:48
1653037428195538000,18.5,2,18.45,27,18.5,123,1,2022-05-20 09:03:48
1653037428350273000,18.45,1,18.45,26,18.5,123,2,2022-05-20 09:03:48
1653037428909887000,18.45,2,18.45,43,18.5,127,2,2022-05-20 09:03:48
1653037429262993000,18.5,100,18.45,45,18.5,27,1,2022-05-20 09:03:49
1653037429264162000,18.45,1,18.45,44,18.5,27,2,2022-05-20 09:03:49
1653037429373123000,18.5,1,18.45,59,18.5,26,1,2022-05-20 09:03:49
1653037429507569000,18.5,5,18.45,62,18.5,21,1,2022-05-20 09:03:49
1653037429743769000,18.5,1,18.45,128,18.5,22,1,2022-05-20 09:03:49
1653037429798125000,18.5,1,18.45,129,18.5,23,1,2022-05-20 09:03:49
1653037429910857000,18.5,18,18.45,195,18.5,7,1,2022-05-20 09:03:49
1653037429944450000,18.5,5,18.45,195,18.5,2,1,2022-05-20 09:03:49
1653037430067458000,18.45,2,18.45,193,18.5,2,2,2022-05-20 09:03:50
1653037430149308000,18.5,3,18.45,194,18.55,140,1,2022-05-20 09:03:50
1653037430149308000,18.55,7,18.45,194,18.55,140,1,2022-05-20 09:03:50
1653037430226692000,18.45,1,18.45,195,18.5,2,2,2022-05-20 09:03:50
1653037430380159000,18.45,1,18.45,194,18.5,2,2,2022-05-20 09:03:50
1653037430602981000,18.45,10,18.45,185,18.5,3,2,2022-05-20 09:03:50
1653037430799049000,18.5,2,18.45,185,18.5,2,1,2022-05-20 09:03:50
1653037430858458000,18.5,2,18.5,98,18.55,140,1,2022-05-20 09:03:50
1653037430887120000,18.5,10,18.5,88,18.55,140,2,2022-05-20 09:03:50
1653037430942292000,18.5,50,18.5,38,18.55,140,2,2022-05-20 09:03:50
1653037430962303000,18.5,1,18.5,37,18.55,140,2,2022-05-20 09:03:50
1653037431021140000,18.55,5,18.5,37,18.55,135,1,2022-05-20 09:03:51
1653037431044213000,18.5,10,18.5,27,18.55,135,2,2022-05-20 09:03:51
1653037431108954000,18.55,1,18.5,27,18.55,134,1,2022-05-20 09:03:51
1653037431217330000,18.5,10,18.5,17,18.55,134,2,2022-05-20 09:03:51
1653037431225518000,18.5,17,18.45,200,18.5,33,2,2022-05-20 09:03:51
1653037431244574000,18.45,35,18.45,165,18.5,33,2,2022-05-20 09:03:51
1653037431320243000,18.45,1,18.45,164,18.5,33,2,2022-05-20 09:03:51
1653037431356065000,18.5,5,18.45,164,18.5,28,1,2022-05-20 09:03:51
1653037431372182000,18.5,1,18.45,164,18.5,30,1,2022-05-20 09:03:51
1653037431790241000,18.5,4,18.45,185,18.5,46,1,2022-05-20 09:03:51
1653037431813548000,18.5,2,18.45,185,18.5,53,1,2022-05-20 09:03:51
1653037431958285000,18.5,2,18.45,185,18.5,51,1,2022-05-20 09:03:51
1653037432055297000,18.5,3,18.45,185,18.5,48,1,2022-05-20 09:03:52
1653037432288410000,18.45,1,18.45,185,18.5,59,2,2022-05-20 09:03:52
1653037432397077000,18.45,3,18.45,183,18.5,69,2,2022-05-20 09:03:52
1653037432450612000,18.5,10,18.45,183,18.5,59,1,2022-05-20 09:03:52
1653037432711218000,18.45,10,18.45,178,18.5,79,2,2022-05-20 09:03:52
1653037432735393000,18.5,1,18.45,178,18.5,78,1,2022-05-20 09:03:52
1653037432985625000,18.5,1,18.45,188,18.5,126,1,2022-05-20 09:03:52
1653037433057406000,18.5,3,18.45,188,18.5,125,1,2022-05-20 09:03:53
1653037433237508000,18.5,2,18.45,195,18.5,123,1,2022-05-20 09:03:53
1653037433344276000,18.45,1,18.45,196,18.5,123,2,2022-05-20 09:03:53
1653037433365842000,18.5,5,18.45,196,18.5,118,1,2022-05-20 09:03:53
1653037433489788000,18.5,1,18.45,206,18.5,132,1,2022-05-20 09:03:53
1653037433564925000,18.5,1,18.45,206,18.5,131,1,2022-05-20 09:03:53
1653037433626438000,18.5,1,18.45,209,18.5,130,1,2022-05-20 09:03:53
1653037433663736000,18.45,1,18.45,208,18.5,140,2,2022-05-20 09:03:53
1653037434039614000,18.5,1,18.45,86,18.5,191,1,2022-05-20 09:03:54
1653037434078787000,18.5,3,18.45,86,18.5,188,1,2022-05-20 09:03:54
1653037434217423000,18.5,2,18.45,87,18.5,186,1,2022-05-20 09:03:54
1653037434294081000,18.5,2,18.45,87,18.5,184,1,2022-05-20 09:03:54
1653037434316108000,18.45,4,18.45,83,18.5,184,2,2022-05-20 09:03:54
1653037434325586000,18.45,18,18.45,65,18.5,184,2,2022-05-20 09:03:54
1653037434344160000,18.45,40,18.45,25,18.5,189,2,2022-05-20 09:03:54
1653037434357526000,18.45,9,18.45,16,18.5,189,2,2022-05-20 09:03:54
1653037434371967000,18.45,8,18.45,8,18.5,192,2,2022-05-20 09:03:54
1653037434390437000,18.45,8,18.4,162,18.5,192,2,2022-05-20 09:03:54
1653037434449136000,18.45,1,18.4,162,18.45,14,2,2022-05-20 09:03:54
1653037434499879000,18.45,1,18.4,162,18.45,13,1,2022-05-20 09:03:54
1653037434504559000,18.45,1,18.4,162,18.45,12,1,2022-05-20 09:03:54
1653037434545570000,18.45,22,18.4,162,18.5,156,1,2022-05-20 09:03:54
1653037434545570000,18.5,38,18.4,162,18.5,156,1,2022-05-20 09:03:54
1653037434638951000,18.5,1,18.4,162,18.5,165,1,2022-05-20 09:03:54
1653037434743317000,18.5,3,18.4,162,18.5,163,1,2022-05-20 09:03:54
1653037434775383000,18.5,3,18.45,2,18.5,160,1,2022-05-20 09:03:54
1653037434821385000,18.45,2,18.4,167,18.45,10,2,2022-05-20 09:03:54
1653037434863809000,18.45,2,18.4,165,18.45,8,1,2022-05-20 09:03:54
1653037434974686000,18.45,1,18.4,165,18.45,57,1,2022-05-20 09:03:54
1653037434979845000,18.4,1,18.4,164,18.45,57,2,2022-05-20 09:03:54
1653037435140580000,18.4,1,18.4,163,18.45,123,2,2022-05-20 09:03:55
1653037435265681000,18.45,6,18.4,163,18.45,128,1,2022-05-20 09:03:55
1653037435393590000,18.45,2,18.4,164,18.45,178,1,2022-05-20 09:03:55
1653037435469779000,18.45,5,18.4,164,18.45,173,1,2022-05-20 09:03:55
1653037435471709000,18.45,5,18.4,164,18.45,168,1,2022-05-20 09:03:55
1653037435478331000,18.45,10,18.4,164,18.45,158,1,2022-05-20 09:03:55
1653037435629663000,18.45,5,18.4,164,18.45,178,1,2022-05-20 09:03:55
1653037435634791000,18.45,30,18.4,164,18.45,148,1,2022-05-20 09:03:55
1653037435872618000,18.4,1,18.4,168,18.45,158,2,2022-05-20 09:03:55
1653037436158236000,18.45,2,18.4,170,18.45,170,1,2022-05-20 09:03:56
1653037436190941000,18.4,1,18.4,169,18.45,170,2,2022-05-20 09:03:56
1653037436327760000,18.4,1,18.4,169,18.45,171,2,2022-05-20 09:03:56
1653037436361634000,18.45,1,18.4,169,18.45,170,1,2022-05-20 09:03:56
1653037436528113000,18.45,1,18.4,169,18.45,179,1,2022-05-20 09:03:56
1653037436626241000,18.45,1,18.4,169,18.45,238,1,2022-05-20 09:03:56
1653037436678280000,18.4,1,18.4,168,18.45,238,2,2022-05-20 09:03:56
1653037436682671000,18.4,1,18.4,167,18.45,238,2,2022-05-20 09:03:56
1653037436847984000,18.45,2,18.4,168,18.45,257,1,2022-05-20 09:03:56
1653037436933872000,18.4,1,18.4,167,18.45,267,2,2022-05-20 09:03:56
1653037437015465000,18.45,1,18.4,167,18.45,266,1,2022-05-20 09:03:57
1653037437043639000,18.45,1,18.4,167,18.45,275,1,2022-05-20 09:03:57
1653037437124257000,18.45,1,18.4,167,18.45,274,1,2022-05-20 09:03:57
1653037437201280000,18.45,2,18.4,168,18.45,290,1,2022-05-20 09:03:57
1653037437560578000,18.4,16,18.4,162,18.45,294,2,2022-05-20 09:03:57
1653037437584925000,18.45,5,18.4,162,18.45,289,1,2022-05-20 09:03:57
1653037437719544000,18.45,5,18.4,142,18.45,284,1,2022-05-20 09:03:57
1653037437834885000,18.45,1,18.4,162,18.45,278,1,2022-05-20 09:03:57
1653037437897242000,18.45,5,18.4,163,18.45,273,1,2022-05-20 09:03:57
1653037438085002000,18.45,1,18.4,164,18.45,272,1,2022-05-20 09:03:58
1653037438241465000,18.4,50,18.4,114,18.45,272,2,2022-05-20 09:03:58
1653037438435203000,18.45,1,18.4,116,18.45,285,1,2022-05-20 09:03:58
1653037438591128000,18.4,5,18.4,111,18.45,285,2,2022-05-20 09:03:58
1653037438606009000,18.4,10,18.4,101,18.45,285,2,2022-05-20 09:03:58
1653037438818118000,18.4,10,18.4,96,18.45,285,2,2022-05-20 09:03:58
1653037438920059000,18.45,2,18.4,96,18.45,283,1,2022-05-20 09:03:58
1653037439113706000,18.45,1,18.4,96,18.45,312,1,2022-05-20 09:03:59
1653037439338992000,18.4,1,18.4,117,18.45,313,2,2022-05-20 09:03:59
1653037439355855000,18.45,1,18.4,117,18.45,312,1,2022-05-20 09:03:59
1653037439458728000,18.4,2,18.4,115,18.45,312,2,2022-05-20 09:03:59
1653037439461139000,18.45,1,18.4,115,18.45,311,1,2022-05-20 09:03:59
1653037439473657000,18.4,2,18.4,113,18.45,311,2,2022-05-20 09:03:59
1653037439473708000,18.4,1,18.4,112,18.45,311,2,2022-05-20 09:03:59
1653037439530734000,18.4,1,18.4,121,18.45,311,2,2022-05-20 09:03:59
1653037439533829000,18.45,5,18.4,121,18.45,306,1,2022-05-20 09:03:59
1653037439565272000,18.45,1,18.4,121,18.45,305,1,2022-05-20 09:03:59
1653037439689909000,18.4,1,18.4,120,18.45,305,2,2022-05-20 09:03:59
1653037439732918000,18.45,2,18.4,120,18.45,303,1,2022-05-20 09:03:59
1653037439784613000,18.4,3,18.4,117,18.45,304,2,2022-05-20 09:03:59
1653037439813108000,18.4,5,18.4,112,18.45,304,2,2022-05-20 09:03:59
1653037439888758000,18.4,1,18.4,111,18.45,304,2,2022-05-20 09:03:59
1653037439915724000,18.45,1,18.4,111,18.45,303,1,2022-05-20 09:03:59
1653037440242214000,18.4,30,18.4,89,18.45,303,2,2022-05-20 09:04:00
1653037440309555000,18.45,1,18.4,89,18.45,302,1,2022-05-20 09:04:00
1653037440374784000,18.45,1,18.4,89,18.45,304,1,2022-05-20 09:04:00
1653037440602522000,18.4,1,18.4,88,18.45,304,2,2022-05-20 09:04:00
1653037440658543000,18.45,1,18.4,88,18.45,303,1,2022-05-20 09:04:00
1653037441210630000,18.45,10,18.4,98,18.45,306,1,2022-05-20 09:04:01
1653037441330676000,18.4,1,18.4,107,18.45,306,2,2022-05-20 09:04:01
1653037441448217000,18.45,1,18.4,117,18.45,305,1,2022-05-20 09:04:01
1653037441504504000,18.45,1,18.4,117,18.45,304,1,2022-05-20 09:04:01
1653037441521122000,18.4,10,18.4,107,18.45,304,2,2022-05-20 09:04:01
1653037441574363000,18.45,10,18.4,117,18.45,294,1,2022-05-20 09:04:01
1653037442002944000,18.4,1,18.4,128,18.45,294,2,2022-05-20 09:04:02
1653037442024127000,18.45,10,18.4,128,18.45,284,1,2022-05-20 09:04:02
1653037442036395000,18.4,1,18.4,127,18.45,284,2,2022-05-20 09:04:02
1653037442070668000,18.45,1,18.4,127,18.45,283,1,2022-05-20 09:04:02
1653037442081541000,18.4,15,18.4,102,18.45,283,2,2022-05-20 09:04:02
1653037442084708000,18.4,20,18.4,82,18.45,283,2,2022-05-20 09:04:02
1653037442307429000,18.45,10,18.4,102,18.45,254,1,2022-05-20 09:04:02
1653037442326890000,18.45,1,18.4,102,18.45,253,1,2022-05-20 09:04:02
1653037442453847000,18.4,1,18.4,101,18.45,255,2,2022-05-20 09:04:02
1653037442549280000,18.4,10,18.4,92,18.45,256,2,2022-05-20 09:04:02
1653037442559384000,18.4,1,18.4,91,18.45,256,2,2022-05-20 09:04:02
1653037442649177000,18.45,5,18.4,91,18.45,251,1,2022-05-20 09:04:02
1653037442746554000,18.45,4,18.4,91,18.45,247,1,2022-05-20 09:04:02
1653037442766383000,18.45,4,18.4,91,18.45,243,1,2022-05-20 09:04:02
1653037442772017000,18.45,1,18.4,91,18.45,242,1,2022-05-20 09:04:02
1653037442780144000,18.4,1,18.4,90,18.45,242,2,2022-05-20 09:04:02
1653037442853398000,18.4,5,18.4,85,18.45,242,2,2022-05-20 09:04:02
1653037442945269000,18.4,81,18.4,4,18.45,242,2,2022-05-20 09:04:02
1653037442981097000,18.4,1,18.4,3,18.45,242,2,2022-05-20 09:04:02
1653037443001339000,18.4,2,18.4,1,18.45,242,2,2022-05-20 09:04:03
1653037443025709000,18.45,1,18.4,1,18.45,241,1,2022-05-20 09:04:03
1653037443055009000,18.45,1,18.4,1,18.45,190,1,2022-05-20 09:04:03
1653037443116090000,18.4,1,18.35,163,18.45,190,2,2022-05-20 09:04:03
1653037443116090000,18.35,19,18.35,163,18.45,190,2,2022-05-20 09:04:03
1653037443153669000,18.45,2,18.35,163,18.45,188,1,2022-05-20 09:04:03
1653037443157707000,18.45,1,18.35,163,18.45,188,1,2022-05-20 09:04:03
1653037443229537000,18.4,1,18.35,163,18.4,1,1,2022-05-20 09:04:03
1653037443260857000,18.35,1,18.35,162,18.4,1,2,2022-05-20 09:04:03
1653037443306076000,18.4,1,18.35,162,18.45,193,1,2022-05-20 09:04:03
1653037443365629000,18.4,3,18.4,7,18.45,193,2,2022-05-20 09:04:03
1653037443430548000,18.4,1,18.4,6,18.45,193,2,2022-05-20 09:04:03
1653037443682513000,18.4,5,18.4,2,18.45,193,2,2022-05-20 09:04:03
1653037443685876000,18.45,1,18.4,2,18.45,192,1,2022-05-20 09:04:03
1653037443877862000,18.4,4,18.4,78,18.45,192,2,2022-05-20 09:04:03
1653037443881748000,18.45,2,18.4,78,18.45,190,1,2022-05-20 09:04:03
1653037443895299000,18.4,2,18.4,76,18.45,190,2,2022-05-20 09:04:03
1653037443952115000,18.4,2,18.4,74,18.45,190,2,2022-05-20 09:04:03
1653037444231934000,18.45,4,18.4,119,18.45,186,1,2022-05-20 09:04:04
1653037444434696000,18.45,1,18.4,122,18.45,185,1,2022-05-20 09:04:04
1653037444714270000,18.4,10,18.4,114,18.45,185,2,2022-05-20 09:04:04
1653037444816121000,18.4,1,18.4,115,18.45,185,2,2022-05-20 09:04:04
1653037445240358000,18.45,3,18.4,127,18.45,186,1,2022-05-20 09:04:05
1653037445475240000,18.4,2,18.4,137,18.45,191,2,2022-05-20 09:04:05
1653037445478125000,18.45,10,18.4,137,18.45,181,1,2022-05-20 09:04:05
1653037445492018000,18.45,1,18.4,137,18.45,180,1,2022-05-20 09:04:05
1653037445504461000,18.4,1,18.4,136,18.45,180,2,2022-05-20 09:04:05
1653037445656357000,18.4,10,18.4,126,18.45,179,2,2022-05-20 09:04:05
1653037445691821000,18.4,5,18.4,121,18.45,179,2,2022-05-20 09:04:05
1653037445811906000,18.4,1,18.4,122,18.45,179,2,2022-05-20 09:04:05
1653037445990376000,18.45,1,18.4,127,18.45,178,1,2022-05-20 09:04:05
1653037446096048000,18.45,1,18.4,128,18.45,177,1,2022-05-20 09:04:06
1653037446103816000,18.4,1,18.4,127,18.45,177,2,2022-05-20 09:04:06
1653037446149327000,18.45,1,18.4,127,18.45,176,1,2022-05-20 09:04:06
1653037446159577000,18.4,5,18.4,122,18.45,176,2,2022-05-20 09:04:06
1653037446204707000,18.45,10,18.4,122,18.45,166,1,2022-05-20 09:04:06
1653037446310512000,18.4,1,18.4,121,18.45,166,2,2022-05-20 09:04:06
1653037446367453000,18.45,5,18.4,121,18.45,164,1,2022-05-20 09:04:06
1653037446424640000,18.4,5,18.4,116,18.45,164,2,2022-05-20 09:04:06
1653037446515017000,18.4,1,18.4,115,18.45,164,2,2022-05-20 09:04:06
1653037446551176000,18.45,3,18.4,115,18.45,161,1,2022-05-20 09:04:06
1653037447543695000,18.4,1,18.4,115,18.45,161,2,2022-05-20 09:04:07
1653037447623279000,18.4,1,18.4,114,18.45,161,2,2022-05-20 09:04:07
1653037447749781000,18.4,50,18.4,64,18.45,171,2,2022-05-20 09:04:07
1653037447831300000,18.45,5,18.4,64,18.45,166,1,2022-05-20 09:04:07
1653037447999208000,18.4,1,18.4,63,18.45,166,2,2022-05-20 09:04:07
1653037448423295000,18.45,1,18.4,66,18.45,160,1,2022-05-20 09:04:08
1653037448640376000,18.4,3,18.4,64,18.45,161,2,2022-05-20 09:04:08
1653037448845117000,18.4,1,18.4,67,18.45,161,2,2022-05-20 09:04:08
1653037448895909000,18.45,8,18.4,67,18.45,153,1,2022-05-20 09:04:08
1653037449116780000,18.4,1,18.4,67,18.45,160,2,2022-05-20 09:04:09
1653037449202284000,18.4,2,18.4,65,18.45,160,2,2022-05-20 09:04:09
1653037449211370000,18.4,1,18.4,64,18.45,160,2,2022-05-20 09:04:09
1653037449398488000,18.45,2,18.4,91,18.45,160,1,2022-05-20 09:04:09
1653037449414806000,18.4,1,18.4,90,18.45,150,2,2022-05-20 09:04:09
1653037449479340000,18.45,3,18.4,90,18.45,147,1,2022-05-20 09:04:09
1653037449670333000,18.45,2,18.4,91,18.45,147,1,2022-05-20 09:04:09
1653037450221171000,18.4,5,18.4,106,18.45,147,2,2022-05-20 09:04:10
1653037450248838000,18.4,5,18.4,101,18.45,147,2,2022-05-20 09:04:10
1653037450353096000,18.4,7,18.4,96,18.45,147,2,2022-05-20 09:04:10
1653037450637373000,18.4,5,18.4,82,18.45,201,2,2022-05-20 09:04:10
1653037450676046000,18.4,1,18.4,81,18.45,201,2,2022-05-20 09:04:10
1653037450727808000,18.45,1,18.4,81,18.45,200,1,2022-05-20 09:04:10
1653037450867871000,18.45,1,18.4,86,18.45,199,1,2022-05-20 09:04:10
1653037450868573000,18.45,1,18.4,86,18.45,198,1,2022-05-20 09:04:10
1653037451238114000,18.4,1,18.4,85,18.45,201,2,2022-05-20 09:04:11
1653037451265071000,18.4,3,18.4,82,18.45,201,2,2022-05-20 09:04:11
1653037451360067000,18.4,5,18.4,77,18.45,201,2,2022-05-20 09:04:11
1653037451827072000,18.4,5,18.4,72,18.45,201,2,2022-05-20 09:04:11
1653037451928644000,18.45,5,18.4,77,18.45,196,1,2022-05-20 09:04:11
1653037451987505000,18.4,1,18.4,76,18.45,196,2,2022-05-20 09:04:11
1653037452111131000,18.45,1,18.4,78,18.45,195,1,2022-05-20 09:04:12
1653037452282916000,18.4,1,18.4,77,18.45,196,2,2022-05-20 09:04:12
1653037452318308000,18.4,1,18.4,76,18.45,199,2,2022-05-20 09:04:12
1653037452561378000,18.4,2,18.4,91,18.45,199,2,2022-05-20 09:04:12
1653037452808786000,18.45,1,18.4,91,18.45,197,1,2022-05-20 09:04:12
1653037452853279000,18.45,1,18.4,96,18.45,196,1,2022-05-20 09:04:12
1653037452983959000,18.45,5,18.4,96,18.45,191,1,2022-05-20 09:04:12
1653037453051315000,18.4,2,18.4,94,18.45,192,2,2022-05-20 09:04:13
1653037453135708000,18.45,1,18.4,94,18.45,191,1,2022-05-20 09:04:13
1653037453149980000,18.45,3,18.4,94,18.45,188,1,2022-05-20 09:04:13
1653037453243043000,18.4,1,18.4,94,18.45,198,2,2022-05-20 09:04:13
1653037453253115000,18.4,10,18.4,84,18.45,198,2,2022-05-20 09:04:13
1653037453877753000,18.4,2,18.4,92,18.45,201,2,2022-05-20 09:04:13
1653037454022009000,18.4,1,18.4,91,18.45,201,2,2022-05-20 09:04:14
1653037454112345000,18.4,1,18.4,90,18.45,201,2,2022-05-20 09:04:14
1653037454296155000,18.4,50,18.4,41,18.45,201,2,2022-05-20 09:04:14
1653037454323016000,18.45,40,18.4,41,18.45,161,1,2022-05-20 09:04:14
1653037454413601000,18.4,1,18.4,40,18.45,161,2,2022-05-20 09:04:14
1653037455065437000,18.4,50,18.4,101,18.45,161,2,2022-05-20 09:04:15
1653037455809507000,18.4,100,18.4,7,18.45,167,2,2022-05-20 09:04:15
1653037455817387000,18.45,150,18.4,7,18.45,17,1,2022-05-20 09:04:15
1653037456110844000,18.4,1,18.4,6,18.45,41,2,2022-05-20 09:04:16
1653037456112277000,18.45,10,18.4,6,18.45,31,1,2022-05-20 09:04:16
1653037456369594000,18.4,1,18.4,71,18.45,37,2,2022-05-20 09:04:16
1653037456378769000,18.45,2,18.4,137,18.45,35,1,2022-05-20 09:04:16
1653037456515534000,18.45,4,18.4,137,18.45,31,1,2022-05-20 09:04:16
1653037456607190000,18.4,2,18.4,135,18.45,32,2,2022-05-20 09:04:16
1653037456691851000,18.45,30,18.4,135,18.45,2,1,2022-05-20 09:04:16
1653037456857910000,18.4,2,18.4,139,18.45,2,2,2022-05-20 09:04:16
1653037456962238000,18.45,2,18.45,13,18.5,182,1,2022-05-20 09:04:16
1653037457698459000,18.5,1,18.45,37,18.5,206,1,2022-05-20 09:04:17
1653037457820865000,18.45,1,18.45,36,18.5,206,2,2022-05-20 09:04:17
1653037457877360000,18.5,10,18.45,36,18.5,196,1,2022-05-20 09:04:17
1653037457946924000,18.45,7,18.45,29,18.5,196,2,2022-05-20 09:04:17
1653037458049403000,18.45,5,18.45,28,18.5,196,2,2022-05-20 09:04:18
1653037458425654000,18.45,1,18.45,44,18.5,201,2,2022-05-20 09:04:18
1653037458654570000,18.5,1,18.45,45,18.5,200,1,2022-05-20 09:04:18
1653037458789252000,18.5,1,18.45,45,18.5,199,1,2022-05-20 09:04:18
1653037458883191000,18.5,2,18.45,45,18.5,197,1,2022-05-20 09:04:18
1653037458939375000,18.5,5,18.45,45,18.5,192,1,2022-05-20 09:04:18
1653037459297782000,18.5,1,18.45,45,18.5,191,1,2022-05-20 09:04:19
1653037459339553000,18.45,1,18.45,54,18.5,191,2,2022-05-20 09:04:19
1653037459673529000,18.5,5,18.45,55,18.5,186,1,2022-05-20 09:04:19
1653037459729992000,18.5,1,18.45,55,18.5,185,1,2022-05-20 09:04:19
1653037459855774000,18.45,30,18.45,26,18.5,185,2,2022-05-20 09:04:19
1653037459985912000,18.5,1,18.45,26,18.5,184,1,2022-05-20 09:04:19
1653037460254227000,18.45,1,18.45,25,18.5,184,2,2022-05-20 09:04:20
1653037460520540000,18.45,1,18.45,24,18.5,184,2,2022-05-20 09:04:20
1653037460720280000,18.5,10,18.45,24,18.5,174,1,2022-05-20 09:04:20
1653037460927746000,18.45,1,18.45,23,18.5,174,2,2022-05-20 09:04:20
1653037461272447000,18.45,1,18.45,24,18.5,177,2,2022-05-20 09:04:21
1653037461436802000,18.5,1,18.45,24,18.5,176,1,2022-05-20 09:04:21
1653037461659867000,18.45,1,18.45,23,18.5,176,2,2022-05-20 09:04:21
1653037461921720000,18.5,1,18.45,30,18.5,175,1,2022-05-20 09:04:21
1653037462156123000,18.5,2,18.45,31,18.5,174,1,2022-05-20 09:04:22
1653037462311772000,18.5,2,18.45,31,18.5,172,1,2022-05-20 09:04:22
1653037462406108000,18.45,31,18.4,335,18.45,69,2,2022-05-20 09:04:22
1653037462503921000,18.45,1,18.4,336,18.45,68,1,2022-05-20 09:04:22
1653037462533366000,18.45,1,18.4,336,18.45,67,1,2022-05-20 09:04:22
1653037462693699000,18.45,2,18.4,336,18.45,65,1,2022-05-20 09:04:22
1653037462715158000,18.45,1,18.4,336,18.45,64,1,2022-05-20 09:04:22
1653037463062457000,18.45,10,18.4,339,18.45,54,1,2022-05-20 09:04:23
1653037463116983000,18.45,2,18.4,339,18.45,52,1,2022-05-20 09:04:23
1653037463280403000,18.45,1,18.4,340,18.45,51,1,2022-05-20 09:04:23
1653037463366521000,18.45,1,18.4,360,18.45,50,1,2022-05-20 09:04:23
1653037463406617000,18.45,1,18.4,360,18.45,49,1,2022-05-20 09:04:23
1653037463515994000,18.45,1,18.4,360,18.45,48,1,2022-05-20 09:04:23
1653037463552327000,18.45,2,18.4,360,18.45,46,1,2022-05-20 09:04:23
1653037463584903000,18.45,1,18.4,360,18.45,45,1,2022-05-20 09:04:23
1653037463628623000,18.4,3,18.4,357,18.45,45,2,2022-05-20 09:04:23
1653037464045089000,18.45,25,18.4,359,18.45,21,1,2022-05-20 09:04:24
1653037464061049000,18.45,1,18.4,359,18.45,20,1,2022-05-20 09:04:24
1653037464297463000,18.45,3,18.4,341,18.45,20,1,2022-05-20 09:04:24
1653037464323373000,18.45,5,18.4,341,18.45,65,1,2022-05-20 09:04:24
1653037464335765000,18.4,3,18.4,338,18.45,65,2,2022-05-20 09:04:24
1653037464521978000,18.45,10,18.4,341,18.45,56,1,2022-05-20 09:04:24
1653037464605781000,18.4,10,18.4,331,18.45,56,2,2022-05-20 09:04:24
1653037464691802000,18.45,10,18.4,331,18.45,46,1,2022-05-20 09:04:24
1653037464713854000,18.45,2,18.4,332,18.45,44,1,2022-05-20 09:04:24
1653037464799178000,18.45,1,18.4,332,18.45,43,1,2022-05-20 09:04:24
1653037464864276000,18.4,1,18.4,331,18.45,44,2,2022-05-20 09:04:24
1653037464924662000,18.45,5,18.4,331,18.45,39,1,2022-05-20 09:04:24
1653037465026585000,18.45,1,18.4,331,18.45,38,1,2022-05-20 09:04:25
