ts,close,volume,bid_price,bid_volume,ask_price,ask_volume,tick_type,datetime
1655370005041915000,82.0,1045,81.9,2,82.0,37,1,2022-06-16 09:00:05
1655370005051449000,81.9,2,81.6,1,82.0,37,2,2022-06-16 09:00:05
1655370005052177000,82.0,1,81.6,1,82.0,36,1,2022-06-16 09:00:05
1655370005095587000,82.0,10,81.6,1,82.0,27,1,2022-06-16 09:00:05
1655370005097785000,81.6,1,81.0,2,82.0,27,2,2022-06-16 09:00:05
1655370005099958000,81.0,1,81.0,1,82.0,27,2,2022-06-16 09:00:05
1655370005171229000,81.0,1,80.2,2,81.9,11,2,2022-06-16 09:00:05
1655370005171229000,80.5,6,80.2,2,81.9,11,2,2022-06-16 09:00:05
1655370005171229000,80.3,2,80.2,2,81.9,11,2,2022-06-16 09:00:05
1655370005171229000,80.2,1,80.2,2,81.9,11,2,2022-06-16 09:00:05
1655370005316595000,81.9,11,80.2,5,82.0,19,1,2022-06-16 09:00:05
1655370005316595000,82.0,7,80.2,5,82.0,19,1,2022-06-16 09:00:05
1655370005422118000,80.3,8,80.3,3,82.0,19,2,2022-06-16 09:00:05
1655370005899206000,82.0,3,80.3,4,82.0,36,1,2022-06-16 09:00:05
1655370006082030000,80.5,1,80.3,4,82.0,36,1,2022-06-16 09:00:06
1655370006134981000,80.4,1,80.3,3,82.0,36,2,2022-06-16 09:00:06
1655370006134981000,80.3,1,80.3,3,82.0,36,2,2022-06-16 09:00:06
1655370006151423000,80.3,3,80.0,19,82.0,36,2,2022-06-16 09:00:06
1655370006151423000,80.2,2,80.0,19,82.0,36,2,2022-06-16 09:00:06
1655370006151423000,80.1,3,80.0,19,82.0,36,2,2022-06-16 09:00:06
1655370006924386000,80.5,1,80.5,4,81.7,28,2,2022-06-16 09:00:06
1655370007484756000,81.4,1,80.5,4,81.4,4,1,2022-06-16 09:00:07
1655370009250394000,80.7,2,80.0,9,81.1,5,2,2022-06-16 09:00:09
1655370009250394000,80.6,1,80.0,9,81.1,5,2,2022-06-16 09:00:09
1655370009250394000,80.5,4,80.0,9,81.1,5,2,2022-06-16 09:00:09
1655370009250394000,80.4,7,80.0,9,81.1,5,2,2022-06-16 09:00:09
1655370009250394000,80.3,2,80.0,9,81.1,5,2,2022-06-16 09:00:09
1655370009250394000,80.2,2,80.0,9,81.1,5,2,2022-06-16 09:00:09
1655370009250394000,80.0,10,80.0,9,81.1,5,2,2022-06-16 09:00:09
1655370009956781000,80.9,1,80.8,1,81.3,11,1,2022-06-16 09:00:09
1655370010092694000,81.3,1,80.8,1,81.3,10,1,2022-06-16 09:00:10
1655370010137985000,80.8,1,80.3,1,80.8,1,2,2022-06-16 09:00:10
1655370010200602000,80.7,1,80.4,1,80.8,6,1,2022-06-16 09:00:10
1655370010380968000,80.4,1,80.3,1,80.8,6,2,2022-06-16 09:00:10
1655370011159239000,80.7,1,80.4,1,80.8,19,1,2022-06-16 09:00:11
1655370012035940000,80.4,1,80.3,1,80.4,3,2,2022-06-16 09:00:12
1655370012062328000,80.3,1,80.1,4,80.4,3,2,2022-06-16 09:00:12
1655370012470463000,80.4,1,80.1,4,80.4,2,1,2022-06-16 09:00:12
1655370012569408000,80.3,1,80.3,7,80.4,2,2,2022-06-16 09:00:12
1655370013049924000,80.3,3,80.3,4,80.4,2,2,2022-06-16 09:00:13
1655370013072748000,80.3,4,80.1,4,80.3,1,2,2022-06-16 09:00:13
1655370013316847000,80.3,1,80.1,4,80.4,6,1,2022-06-16 09:00:13
1655370013599323000,80.3,2,80.1,2,80.3,18,1,2022-06-16 09:00:13
1655370013966524000,80.1,2,80.0,9,80.2,15,2,2022-06-16 09:00:13
1655370013997025000,80.0,9,79.8,1,80.2,15,2,2022-06-16 09:00:13
1655370014167879000,80.2,1,79.8,1,80.2,17,1,2022-06-16 09:00:14
1655370014203616000,79.8,1,79.6,4,80.2,17,2,2022-06-16 09:00:14
1655370014314683000,80.1,1,79.7,1,80.1,12,1,2022-06-16 09:00:14
1655370014523225000,80.1,1,79.7,1,80.1,16,1,2022-06-16 09:00:14
1655370014817319000,79.7,2,79.2,5,80.0,11,2,2022-06-16 09:00:14
1655370014817319000,79.6,2,79.2,5,80.0,11,2,2022-06-16 09:00:14
1655370014817319000,79.5,5,79.2,5,80.0,11,2,2022-06-16 09:00:14
1655370014817319000,79.2,1,79.2,5,80.0,11,2,2022-06-16 09:00:14
1655370015109222000,79.7,1,79.4,1,79.8,22,1,2022-06-16 09:00:15
1655370015263497000,79.4,1,79.3,1,79.7,5,2,2022-06-16 09:00:15
1655370015263497000,79.3,1,79.3,1,79.7,5,2,2022-06-16 09:00:15
1655370015269197000,79.3,1,79.2,3,79.7,5,2,2022-06-16 09:00:15
1655370015269197000,79.2,2,79.2,3,79.7,5,2,2022-06-16 09:00:15
1655370015329452000,79.2,1,79.2,2,79.7,5,2,2022-06-16 09:00:15
1655370015566739000,79.6,1,79.3,1,79.7,16,1,2022-06-16 09:00:15
1655370015596802000,79.3,1,79.2,2,79.7,16,2,2022-06-16 09:00:15
1655370015964106000,79.6,2,79.3,1,79.6,6,1,2022-06-16 09:00:15
1655370016268844000,79.6,2,79.3,1,79.6,5,1,2022-06-16 09:00:16
1655370016438763000,79.3,1,79.2,2,79.6,10,2,2022-06-16 09:00:16
1655370016528279000,79.2,2,79.1,4,79.6,21,2,2022-06-16 09:00:16
1655370016654297000,79.2,1,0.0,0,0.0,0,2,2022-06-16 09:00:16
1655370016654297000,79.2,0,0.0,0,0.0,0,2,2022-06-16 09:00:16
1655370137144784000,79.3,212,79.3,11,79.4,65,1,2022-06-16 09:02:17
1655370137216761000,79.4,1,79.3,11,79.4,64,1,2022-06-16 09:02:17
1655370137270645000,79.3,6,79.3,5,79.4,66,2,2022-06-16 09:02:17
1655370137299044000,79.3,5,79.2,192,79.4,66,2,2022-06-16 09:02:17
1655370137413973000,79.4,1,79.2,203,79.4,68,1,2022-06-16 09:02:17
1655370137461883000,79.2,3,79.2,200,79.4,68,2,2022-06-16 09:02:17
1655370137908311000,79.2,2,79.2,198,79.4,68,2,2022-06-16 09:02:17
1655370138253305000,79.2,6,79.2,192,79.4,68,2,2022-06-16 09:02:18
1655370138257115000,79.2,6,79.2,186,79.4,68,2,2022-06-16 09:02:18
1655370139035409000,79.2,2,79.2,184,79.4,87,2,2022-06-16 09:02:19
1655370139608929000,79.4,2,79.2,184,79.4,98,1,2022-06-16 09:02:19
1655370139949581000,79.2,1,79.2,183,79.4,98,2,2022-06-16 09:02:19
1655370140536489000,79.2,2,79.2,181,79.4,107,2,2022-06-16 09:02:20
1655370140569697000,79.2,36,79.2,145,79.4,107,2,2022-06-16 09:02:20
1655370141111766000,79.2,1,79.2,144,79.4,107,2,2022-06-16 09:02:21
1655370141147201000,79.2,61,79.2,83,79.4,124,2,2022-06-16 09:02:21
1655370141147596000,79.2,22,79.2,61,79.4,124,2,2022-06-16 09:02:21
1655370141206812000,79.3,1,79.2,50,79.3,9,1,2022-06-16 09:02:21
1655370141817810000,79.2,10,79.2,42,79.3,16,2,2022-06-16 09:02:21
1655370141849088000,79.2,11,79.2,31,79.3,16,2,2022-06-16 09:02:21
1655370141874659000,79.2,1,79.2,30,79.3,16,2,2022-06-16 09:02:21
1655370141891558000,79.2,10,79.2,20,79.3,16,2,2022-06-16 09:02:21
1655370141912433000,79.2,20,79.1,26,79.3,16,2,2022-06-16 09:02:21
1655370141935459000,79.1,1,79.1,25,79.3,16,2,2022-06-16 09:02:21
1655370141999947000,79.1,2,79.1,23,79.3,16,2,2022-06-16 09:02:21
1655370142147007000,79.1,2,79.1,21,79.3,16,2,2022-06-16 09:02:22
1655370142315901000,79.1,2,79.1,19,79.2,1,2,2022-06-16 09:02:22
1655370142511103000,79.1,5,79.1,14,79.2,5,2,2022-06-16 09:02:22
1655370142626061000,79.1,10,79.1,4,79.2,7,2,2022-06-16 09:02:22
1655370142651216000,79.1,4,79.0,46,79.2,7,2,2022-06-16 09:02:22
1655370142651216000,79.0,1,79.0,46,79.2,7,2,2022-06-16 09:02:22
1655370142802779000,79.1,1,79.0,47,79.1,7,1,2022-06-16 09:02:22
1655370142884396000,79.0,5,79.0,42,79.1,7,2,2022-06-16 09:02:22
1655370143299366000,79.0,20,79.0,22,79.1,19,2,2022-06-16 09:02:23
1655370143332384000,79.0,2,79.0,20,79.1,19,2,2022-06-16 09:02:23
1655370143334858000,79.0,10,79.0,10,79.1,19,2,2022-06-16 09:02:23
1655370144040579000,79.0,5,79.0,5,79.1,25,2,2022-06-16 09:02:24
1655370144135653000,79.0,5,78.9,11,79.1,25,2,2022-06-16 09:02:24
1655370144273709000,78.9,5,78.9,6,79.0,8,2,2022-06-16 09:02:24
1655370144633211000,79.0,1,78.9,6,79.0,7,1,2022-06-16 09:02:24
1655370145281728000,79.0,1,78.9,6,79.0,9,1,2022-06-16 09:02:25
1655370145406287000,78.9,3,78.9,3,79.0,9,2,2022-06-16 09:02:25
1655370145498444000,78.9,2,78.9,1,79.0,9,2,2022-06-16 09:02:25
1655370145600164000,79.0,1,78.9,1,79.0,8,1,2022-06-16 09:02:25
1655370145602714000,79.0,1,78.9,1,79.0,7,1,2022-06-16 09:02:25
1655370145819696000,79.0,1,78.9,11,79.0,4,1,2022-06-16 09:02:25
1655370146012311000,79.0,3,78.9,11,79.0,1,1,2022-06-16 09:02:26
1655370146205866000,78.9,1,78.9,10,79.0,11,2,2022-06-16 09:02:26
1655370146600746000,78.9,1,78.9,9,79.0,11,2,2022-06-16 09:02:26
1655370146630114000,78.9,3,78.9,6,79.0,11,2,2022-06-16 09:02:26
1655370146685655000,78.9,1,78.9,5,79.0,11,2,2022-06-16 09:02:26
1655370147355000000,78.9,6,78.8,12,79.0,32,2,2022-06-16 09:02:27
1655370147625970000,78.8,1,78.8,22,79.0,32,2,2022-06-16 09:02:27
1655370148035640000,79.0,2,78.8,22,79.0,34,1,2022-06-16 09:02:28
1655370148048367000,79.0,1,78.8,22,79.0,33,1,2022-06-16 09:02:28
1655370148501075000,78.8,2,78.8,20,79.0,35,2,2022-06-16 09:02:28
1655370148837390000,78.8,1,78.8,24,79.0,35,2,2022-06-16 09:02:28
1655370148951942000,78.8,5,78.8,19,79.0,37,2,2022-06-16 09:02:28
1655370149065202000,78.8,5,78.8,14,79.0,42,2,2022-06-16 09:02:29
1655370149122215000,78.8,1,78.8,13,79.0,42,2,2022-06-16 09:02:29
1655370149142246000,79.0,1,78.8,13,79.0,41,1,2022-06-16 09:02:29
1655370149256175000,78.9,2,78.9,3,79.0,41,2,2022-06-16 09:02:29
1655370149299408000,78.9,3,78.8,13,78.9,7,2,2022-06-16 09:02:29
1655370149742446000,78.9,1,78.8,5,78.9,13,1,2022-06-16 09:02:29
1655370150032583000,78.8,5,78.7,9,78.8,5,2,2022-06-16 09:02:30
1655370150041064000,78.8,3,78.7,8,78.8,2,1,2022-06-16 09:02:30
1655370150085363000,78.8,2,78.7,8,78.9,13,1,2022-06-16 09:02:30
1655370150704491000,78.7,1,78.7,7,78.8,13,2,2022-06-16 09:02:30
1655370151157921000,78.7,1,78.7,6,78.8,13,2,2022-06-16 09:02:31
1655370151184564000,78.7,6,78.6,19,78.7,4,2,2022-06-16 09:02:31
1655370151455568000,78.7,1,78.6,19,78.7,4,1,2022-06-16 09:02:31
1655370151568535000,78.7,5,78.6,19,78.7,2,1,2022-06-16 09:02:31
1655370151660436000,78.6,5,78.6,14,78.7,7,2,2022-06-16 09:02:31
1655370152708682000,78.6,1,78.6,13,78.7,14,2,2022-06-16 09:02:32
1655370152721339000,78.6,10,78.6,3,78.7,14,2,2022-06-16 09:02:32
1655370153048782000,78.6,3,78.5,26,78.6,2,2,2022-06-16 09:02:33
1655370153161973000,78.6,1,78.5,26,78.6,3,1,2022-06-16 09:02:33
1655370153661839000,78.5,5,78.5,21,78.6,9,2,2022-06-16 09:02:33
1655370153679190000,78.6,1,78.5,21,78.6,8,1,2022-06-16 09:02:33
1655370153696968000,78.6,1,78.5,21,78.6,7,1,2022-06-16 09:02:33
1655370153855951000,78.6,1,78.5,21,78.6,9,1,2022-06-16 09:02:33
1655370153911267000,78.6,1,78.5,21,78.6,8,1,2022-06-16 09:02:33
1655370154413796000,78.5,1,78.5,20,78.6,9,2,2022-06-16 09:02:34
1655370154465113000,78.5,1,78.5,19,78.6,9,2,2022-06-16 09:02:34
1655370154471185000,78.5,1,78.5,18,78.6,9,2,2022-06-16 09:02:34
1655370154590444000,78.6,2,78.5,18,78.6,7,1,2022-06-16 09:02:34
1655370154733294000,78.5,4,78.5,14,78.6,7,2,2022-06-16 09:02:34
1655370154784470000,78.6,1,78.5,14,78.6,6,1,2022-06-16 09:02:34
1655370154846929000,78.5,1,78.5,13,78.6,6,2,2022-06-16 09:02:34
1655370155592059000,78.5,1,78.5,12,78.6,6,2,2022-06-16 09:02:35
1655370155704851000,78.6,1,78.5,12,78.6,4,1,2022-06-16 09:02:35
1655370155735937000,78.5,1,78.5,11,78.6,4,2,2022-06-16 09:02:35
1655370155870022000,78.6,4,78.5,11,78.7,9,1,2022-06-16 09:02:35
1655370156307830000,78.5,1,78.5,21,78.6,14,2,2022-06-16 09:02:36
1655370156349405000,78.6,1,78.5,21,78.6,13,1,2022-06-16 09:02:36
1655370156443018000,78.5,1,78.5,20,78.6,14,2,2022-06-16 09:02:36
1655370156600946000,78.5,1,78.5,19,78.6,14,2,2022-06-16 09:02:36
1655370156605242000,78.5,1,78.5,18,78.6,14,2,2022-06-16 09:02:36
1655370156637240000,78.6,14,78.5,18,78.7,10,1,2022-06-16 09:02:36
1655370156883224000,78.5,1,78.5,17,78.7,10,2,2022-06-16 09:02:36
1655370156888640000,78.7,1,78.5,17,78.7,9,1,2022-06-16 09:02:36
1655370157066072000,78.5,1,78.5,16,78.7,9,2,2022-06-16 09:02:37
1655370157086724000,78.5,5,78.5,11,78.7,9,2,2022-06-16 09:02:37
1655370157089629000,78.5,1,78.5,10,78.7,9,2,2022-06-16 09:02:37
1655370157191472000,78.6,1,78.4,3,78.7,9,2,2022-06-16 09:02:37
1655370157191472000,78.4,2,78.4,3,78.7,9,2,2022-06-16 09:02:37
1655370157406180000,78.7,1,78.6,5,78.7,8,1,2022-06-16 09:02:37
1655370157437232000,78.6,1,78.6,4,78.7,8,2,2022-06-16 09:02:37
1655370157584821000,78.6,2,78.6,2,78.7,8,2,2022-06-16 09:02:37
1655370157625859000,78.7,2,78.6,12,78.7,6,1,2022-06-16 09:02:37
1655370157626318000,78.6,6,78.6,6,78.7,6,2,2022-06-16 09:02:37
1655370157636004000,78.7,6,78.6,16,78.8,27,1,2022-06-16 09:02:37
1655370157704549000,78.8,2,78.6,16,78.8,25,1,2022-06-16 09:02:37
1655370157742068000,78.8,16,78.6,21,78.8,9,1,2022-06-16 09:02:37
1655370157746287000,78.6,2,78.6,19,78.8,9,2,2022-06-16 09:02:37
1655370157774691000,78.8,9,78.6,19,78.9,11,1,2022-06-16 09:02:37
1655370157815404000,78.6,1,78.6,18,78.9,11,2,2022-06-16 09:02:37
1655370157910732000,78.6,1,78.6,17,78.9,11,2,2022-06-16 09:02:37
1655370158118539000,78.7,10,78.7,10,78.9,11,2,2022-06-16 09:02:38
1655370158138966000,78.9,6,78.7,10,78.9,5,1,2022-06-16 09:02:38
1655370158150742000,78.7,1,78.7,9,78.9,5,2,2022-06-16 09:02:38
1655370158159968000,78.9,5,78.7,9,79.0,58,1,2022-06-16 09:02:38
1655370158265545000,78.7,3,78.7,12,79.0,58,2,2022-06-16 09:02:38
1655370158450769000,79.0,10,78.9,1,79.0,48,1,2022-06-16 09:02:38
1655370158628240000,78.9,1,78.8,3,79.0,48,2,2022-06-16 09:02:38
1655370158655961000,78.8,5,78.8,8,79.0,48,2,2022-06-16 09:02:38
1655370158696194000,79.0,1,78.8,11,79.0,47,1,2022-06-16 09:02:38
1655370158868245000,78.8,2,78.8,14,79.0,47,2,2022-06-16 09:02:38
1655370158877207000,79.0,10,78.8,14,79.0,37,1,2022-06-16 09:02:38
1655370158900234000,79.0,4,78.8,14,79.0,33,1,2022-06-16 09:02:38
1655370158900582000,79.0,23,78.8,14,79.0,10,1,2022-06-16 09:02:38
1655370158932917000,79.0,6,78.8,14,79.0,4,1,2022-06-16 09:02:38
1655370158933139000,79.0,1,78.8,14,79.0,3,1,2022-06-16 09:02:38
1655370158964867000,79.0,3,78.8,14,79.1,10,1,2022-06-16 09:02:38
1655370159059126000,78.8,1,78.8,13,79.1,10,2,2022-06-16 09:02:39
1655370159125082000,79.0,2,79.0,3,79.1,10,2,2022-06-16 09:02:39
1655370159387100000,79.0,2,79.0,1,79.1,10,2,2022-06-16 09:02:39
1655370159415280000,79.1,2,79.0,1,79.1,8,1,2022-06-16 09:02:39
1655370159726149000,79.1,5,79.0,2,79.1,3,1,2022-06-16 09:02:39
1655370159824308000,79.0,1,79.0,1,79.1,3,2,2022-06-16 09:02:39
1655370159896528000,79.0,1,78.9,5,79.1,3,2,2022-06-16 09:02:39
1655370159942966000,79.1,1,78.9,5,79.1,2,1,2022-06-16 09:02:39
1655370159973458000,79.1,2,78.9,5,79.2,10,1,2022-06-16 09:02:39
1655370159996684000,78.9,2,78.9,3,79.2,10,2,2022-06-16 09:02:39
1655370160151757000,79.1,1,78.9,4,79.2,9,2,2022-06-16 09:02:40
1655370160169716000,79.2,1,78.9,4,79.2,8,1,2022-06-16 09:02:40
1655370160329092000,79.0,2,79.0,3,79.2,8,2,2022-06-16 09:02:40
1655370160413616000,79.2,1,79.0,3,79.2,11,1,2022-06-16 09:02:40
1655370160842823000,79.2,1,79.1,1,79.2,10,1,2022-06-16 09:02:40
1655370160912013000,79.1,1,79.0,3,79.2,10,2,2022-06-16 09:02:40
1655370161285965000,79.2,2,79.0,3,79.2,8,1,2022-06-16 09:02:41
1655370161367134000,79.0,1,79.0,2,79.2,8,2,2022-06-16 09:02:41
1655370161372748000,79.2,2,79.0,2,79.2,6,1,2022-06-16 09:02:41
1655370161617445000,79.0,1,79.0,1,79.1,2,2,2022-06-16 09:02:41
1655370161802440000,79.1,1,79.0,1,79.1,2,1,2022-06-16 09:02:41
1655370161980963000,79.0,1,78.9,8,79.1,2,2,2022-06-16 09:02:41
1655370162427135000,79.1,1,79.0,1,79.1,4,1,2022-06-16 09:02:42
1655370162577583000,79.0,1,78.9,11,79.1,4,2,2022-06-16 09:02:42
1655370163004466000,79.1,2,79.0,3,79.1,4,1,2022-06-16 09:02:43
1655370163139455000,79.1,2,79.0,4,79.1,2,1,2022-06-16 09:02:43
1655370163267529000,79.1,2,79.0,4,79.2,6,1,2022-06-16 09:02:43
1655370163267529000,79.2,3,79.0,4,79.2,6,1,2022-06-16 09:02:43
1655370163634212000,79.0,1,79.0,3,79.2,6,2,2022-06-16 09:02:43
1655370163650240000,79.0,3,78.9,19,79.2,6,2,2022-06-16 09:02:43
1655370163650240000,78.9,2,78.9,19,79.2,6,2,2022-06-16 09:02:43
1655370163652054000,78.9,2,78.9,17,79.2,6,2,2022-06-16 09:02:43
1655370163873769000,78.9,2,78.9,5,79.0,1,2,2022-06-16 09:02:43
1655370164033060000,79.0,1,78.9,5,79.2,6,1,2022-06-16 09:02:44
1655370164274623000,79.0,1,79.0,1,79.1,2,2,2022-06-16 09:02:44
1655370164493192000,79.0,1,78.8,8,78.9,4,2,2022-06-16 09:02:44
1655370164493192000,78.9,5,78.8,8,78.9,4,2,2022-06-16 09:02:44
1655370164794282000,78.9,3,78.8,7,78.9,1,1,2022-06-16 09:02:44
1655370165024684000,78.9,1,79.0,1,79.1,7,1,2022-06-16 09:02:45
1655370165124275000,79.1,1,79.0,1,79.1,6,1,2022-06-16 09:02:45
1655370165168937000,79.0,1,78.8,7,79.1,6,2,2022-06-16 09:02:45
1655370165184319000,78.8,1,78.8,6,79.1,6,2,2022-06-16 09:02:45
1655370165220673000,79.1,1,78.8,6,79.1,5,1,2022-06-16 09:02:45
1655370165342164000,79.1,1,79.0,1,79.1,4,1,2022-06-16 09:02:45
1655370165603332000,79.0,3,78.8,7,79.0,2,2,2022-06-16 09:02:45
1655370165672301000,79.0,2,78.8,7,79.2,11,1,2022-06-16 09:02:45
1655370165672301000,79.1,4,78.8,7,79.2,11,1,2022-06-16 09:02:45
1655370165672301000,79.2,4,78.8,7,79.2,11,1,2022-06-16 09:02:45
1655370166144366000,79.2,1,79.0,2,79.2,10,1,2022-06-16 09:02:46
1655370166544749000,79.0,1,79.0,1,79.2,10,2,2022-06-16 09:02:46
1655370167112412000,79.1,2,79.0,3,79.2,11,1,2022-06-16 09:02:47
1655370167401044000,79.0,1,79.0,7,79.2,12,2,2022-06-16 09:02:47
1655370168092279000,79.0,1,79.0,19,79.1,5,2,2022-06-16 09:02:48
1655370168257286000,79.0,2,79.0,17,79.1,5,2,2022-06-16 09:02:48
1655370168404134000,79.1,5,79.0,17,79.2,25,1,2022-06-16 09:02:48
1655370168632316000,79.2,1,79.0,17,79.2,24,1,2022-06-16 09:02:48
1655370168739956000,79.0,1,79.0,16,79.2,24,2,2022-06-16 09:02:48
1655370168742503000,79.2,1,79.0,16,79.2,23,1,2022-06-16 09:02:48
1655370169102882000,79.1,1,79.0,28,79.2,24,1,2022-06-16 09:02:49
1655370169163024000,79.2,1,79.0,28,79.2,23,1,2022-06-16 09:02:49
1655370169382606000,79.2,1,79.0,33,79.2,27,1,2022-06-16 09:02:49
1655370169480777000,79.2,1,79.0,33,79.2,26,1,2022-06-16 09:02:49
1655370169538804000,79.0,1,79.0,34,79.2,26,2,2022-06-16 09:02:49
1655370169562431000,79.0,10,79.0,24,79.2,26,2,2022-06-16 09:02:49
1655370169854243000,79.0,3,79.0,28,79.2,27,2,2022-06-16 09:02:49
1655370169874341000,79.0,1,79.0,27,79.2,27,2,2022-06-16 09:02:49
1655370170416681000,79.2,1,79.0,28,79.2,31,1,2022-06-16 09:02:50
1655370170691013000,79.1,1,79.0,28,79.1,7,2,2022-06-16 09:02:50
1655370171286619000,79.1,1,79.0,21,79.1,8,1,2022-06-16 09:02:51
1655370171611287000,79.1,1,79.0,42,79.1,7,1,2022-06-16 09:02:51
1655370172078358000,79.1,2,79.0,42,79.1,10,1,2022-06-16 09:02:52
1655370172481466000,79.0,1,79.0,42,79.1,11,2,2022-06-16 09:02:52
1655370172563364000,79.1,2,79.0,42,79.1,26,1,2022-06-16 09:02:52
1655370172699540000,79.1,1,79.0,44,79.1,31,1,2022-06-16 09:02:52
1655370172746234000,79.1,5,79.0,44,79.1,26,1,2022-06-16 09:02:52
1655370172790870000,79.0,1,79.0,44,79.1,26,2,2022-06-16 09:02:52
1655370172858230000,79.0,1,79.0,43,79.1,26,2,2022-06-16 09:02:52
1655370172873526000,79.0,20,79.0,23,79.1,26,2,2022-06-16 09:02:52
1655370172962759000,79.1,1,79.0,23,79.1,25,1,2022-06-16 09:02:52
1655370173061706000,79.1,4,79.0,23,79.1,21,1,2022-06-16 09:02:53
1655370173083547000,79.1,1,79.0,23,79.1,20,1,2022-06-16 09:02:53
1655370173377274000,79.1,1,79.0,27,79.1,23,1,2022-06-16 09:02:53
1655370173431155000,79.0,10,79.0,20,79.1,23,2,2022-06-16 09:02:53
1655370173820911000,79.0,1,79.0,20,79.1,23,2,2022-06-16 09:02:53
1655370173869199000,79.0,5,79.0,15,79.1,24,2,2022-06-16 09:02:53
1655370173906198000,79.1,5,79.0,16,79.1,19,1,2022-06-16 09:02:53
1655370174008274000,79.1,1,79.0,16,79.1,17,1,2022-06-16 09:02:54
1655370174350282000,79.1,1,79.0,18,79.1,16,1,2022-06-16 09:02:54
1655370174356693000,79.0,1,79.0,17,79.1,16,2,2022-06-16 09:02:54
1655370174396939000,79.1,1,79.0,17,79.1,16,1,2022-06-16 09:02:54
1655370174516567000,79.0,5,79.0,12,79.1,16,2,2022-06-16 09:02:54
1655370174565118000,79.1,2,79.0,12,79.1,14,1,2022-06-16 09:02:54
1655370174612173000,79.0,1,79.0,11,79.1,14,2,2022-06-16 09:02:54
1655370174668331000,79.1,2,79.0,11,79.1,12,1,2022-06-16 09:02:54
1655370175419988000,79.1,1,79.0,11,79.1,11,1,2022-06-16 09:02:55
1655370175753924000,79.0,1,79.0,10,79.1,13,2,2022-06-16 09:02:55
1655370175810879000,79.0,5,79.0,5,79.1,13,2,2022-06-16 09:02:55
1655370175827543000,79.1,10,79.0,6,79.1,3,1,2022-06-16 09:02:55
1655370175880775000,79.1,1,79.0,6,79.1,2,1,2022-06-16 09:02:55
1655370176289785000,79.1,2,79.0,14,79.1,5,1,2022-06-16 09:02:56
1655370176320816000,79.0,2,79.0,12,79.1,5,2,2022-06-16 09:02:56
1655370176448384000,79.0,1,79.0,11,79.1,5,2,2022-06-16 09:02:56
1655370176458511000,79.0,1,79.0,10,79.1,5,2,2022-06-16 09:02:56
1655370176563723000,79.1,3,79.0,10,79.1,2,1,2022-06-16 09:02:56
1655370176673341000,79.1,1,79.0,10,79.1,1,1,2022-06-16 09:02:56
1655370176894183000,79.0,1,79.0,9,79.1,2,2,2022-06-16 09:02:56
1655370176927511000,79.0,9,78.9,48,79.1,2,2,2022-06-16 09:02:56
1655370176927511000,78.9,6,78.9,48,79.1,2,2,2022-06-16 09:02:56
1655370177160868000,79.1,3,79.1,7,79.2,50,1,2022-06-16 09:02:57
1655370177263246000,79.1,1,79.1,6,79.2,50,2,2022-06-16 09:02:57
1655370177383425000,79.2,3,79.1,6,79.2,47,1,2022-06-16 09:02:57
1655370177578515000,79.1,1,79.1,5,79.2,47,2,2022-06-16 09:02:57
1655370177720576000,79.1,1,79.1,4,79.2,47,2,2022-06-16 09:02:57
1655370177850798000,79.1,5,79.0,3,79.2,47,2,2022-06-16 09:02:57
1655370177874883000,79.2,1,79.0,3,79.2,46,1,2022-06-16 09:02:57
1655370178304828000,79.1,1,79.0,6,79.2,46,2,2022-06-16 09:02:58
1655370178735437000,79.1,1,79.0,8,79.1,1,1,2022-06-16 09:02:58
1655370178784625000,79.1,1,79.0,8,79.2,46,1,2022-06-16 09:02:58
1655370178824192000,79.0,5,79.0,3,79.2,46,2,2022-06-16 09:02:58
1655370178980004000,79.0,1,79.0,2,79.2,46,2,2022-06-16 09:02:58
1655370179433999000,79.1,1,79.0,5,79.2,41,2,2022-06-16 09:02:59
1655370179487452000,79.0,1,79.0,4,79.2,41,2,2022-06-16 09:02:59
1655370179747969000,79.1,1,79.1,1,79.2,42,2,2022-06-16 09:02:59
1655370180008322000,79.1,1,79.0,14,79.2,43,2,2022-06-16 09:03:00
1655370180479832000,79.0,1,79.0,23,79.1,4,2,2022-06-16 09:03:00
1655370180540889000,79.0,5,79.0,18,79.1,4,2,2022-06-16 09:03:00
1655370180579943000,79.0,18,78.9,29,79.1,5,2,2022-06-16 09:03:00
1655370180636211000,79.1,1,79.0,8,79.1,5,1,2022-06-16 09:03:00
1655370180981224000,79.1,2,79.0,13,79.1,3,1,2022-06-16 09:03:00
1655370181023802000,79.1,1,79.0,13,79.1,2,1,2022-06-16 09:03:01
1655370181060676000,79.1,1,79.0,13,79.1,1,1,2022-06-16 09:03:01
1655370181547003000,79.1,1,79.0,14,79.1,5,1,2022-06-16 09:03:01
1655370181565624000,79.0,7,79.0,7,79.1,5,2,2022-06-16 09:03:01
1655370181907031000,79.0,1,79.0,8,79.1,7,2,2022-06-16 09:03:01
1655370182154479000,79.0,2,79.0,6,79.1,7,2,2022-06-16 09:03:02
1655370182280705000,79.1,3,79.0,6,79.1,4,1,2022-06-16 09:03:02
1655370182475899000,79.1,1,79.0,16,79.1,4,1,2022-06-16 09:03:02
1655370182576116000,79.0,1,79.0,15,79.1,4,2,2022-06-16 09:03:02
1655370182807871000,79.0,1,79.0,15,79.1,4,2,2022-06-16 09:03:02
1655370182878651000,79.0,6,79.0,9,79.1,4,2,2022-06-16 09:03:02
1655370183274839000,79.1,4,79.0,9,79.1,11,1,2022-06-16 09:03:03
1655370183307286000,79.0,1,79.0,8,79.1,11,2,2022-06-16 09:03:03
1655370184047855000,79.0,5,79.0,7,79.1,15,2,2022-06-16 09:03:04
1655370184047927000,79.1,1,79.0,7,79.1,14,1,2022-06-16 09:03:04
1655370184103869000,79.1,3,79.0,7,79.1,11,1,2022-06-16 09:03:04
1655370184544677000,79.0,1,79.0,8,79.1,11,2,2022-06-16 09:03:04
1655370184627055000,79.0,1,79.0,7,79.1,11,2,2022-06-16 09:03:04
1655370184897150000,79.0,2,79.0,5,79.1,15,2,2022-06-16 09:03:04
1655370184931865000,79.0,1,79.0,4,79.1,15,2,2022-06-16 09:03:04
1655370185236137000,79.1,1,79.0,6,79.1,21,1,2022-06-16 09:03:05
1655370185588065000,79.1,1,79.0,7,79.1,21,1,2022-06-16 09:03:05
1655370185689104000,79.1,1,79.0,8,79.1,20,1,2022-06-16 09:03:05
1655370185923201000,79.0,1,79.0,9,79.1,20,2,2022-06-16 09:03:05
1655370185959687000,79.1,2,79.0,9,79.1,18,1,2022-06-16 09:03:05
1655370186588652000,79.1,1,79.0,30,79.1,46,1,2022-06-16 09:03:06
1655370186635920000,79.0,5,79.0,25,79.1,46,2,2022-06-16 09:03:06
1655370186741125000,79.0,2,79.0,23,79.1,46,2,2022-06-16 09:03:06
1655370186748096000,79.0,1,79.0,22,79.1,46,2,2022-06-16 09:03:06
1655370186760104000,79.0,10,79.0,12,79.1,46,2,2022-06-16 09:03:06
1655370186788530000,79.0,12,78.9,36,79.1,46,2,2022-06-16 09:03:06
1655370187088681000,78.9,1,78.9,35,79.0,16,2,2022-06-16 09:03:07
1655370187125387000,79.0,2,78.9,35,79.0,14,1,2022-06-16 09:03:07
1655370187376791000,79.0,8,78.9,35,79.0,11,1,2022-06-16 09:03:07
1655370187465788000,79.0,1,78.9,36,79.0,10,1,2022-06-16 09:03:07
1655370187641380000,78.9,5,78.9,31,79.0,16,2,2022-06-16 09:03:07
1655370187741735000,79.0,1,78.9,31,79.0,18,1,2022-06-16 09:03:07
1655370187855606000,79.0,10,78.9,31,79.0,8,1,2022-06-16 09:03:07
1655370188172451000,79.0,1,78.9,31,79.0,7,1,2022-06-16 09:03:08
1655370188294469000,79.0,1,78.9,32,79.0,6,1,2022-06-16 09:03:08
1655370188327802000,79.0,1,78.9,32,79.0,5,1,2022-06-16 09:03:08
1655370188473820000,79.0,1,78.9,32,79.0,4,1,2022-06-16 09:03:08
1655370188824150000,79.0,1,78.9,32,79.0,20,1,2022-06-16 09:03:08
1655370188828151000,79.0,3,78.9,32,79.0,17,1,2022-06-16 09:03:08
1655370189122414000,79.0,1,78.9,32,79.0,17,1,2022-06-16 09:03:09
1655370189248572000,78.9,1,78.9,31,79.0,17,2,2022-06-16 09:03:09
1655370189655150000,78.9,1,78.9,31,79.0,20,2,2022-06-16 09:03:09
1655370189877445000,79.0,1,78.9,31,79.0,19,1,2022-06-16 09:03:09
1655370190008103000,79.0,6,78.9,31,79.0,13,1,2022-06-16 09:03:10
1655370190043682000,79.0,13,78.9,31,79.0,2,1,2022-06-16 09:03:10
1655370190371080000,79.0,1,78.9,31,79.0,2,1,2022-06-16 09:03:10
1655370190673603000,79.0,1,78.9,31,79.0,1,1,2022-06-16 09:03:10
1655370190855710000,79.0,1,78.9,31,79.0,2,1,2022-06-16 09:03:10
1655370192329720000,79.0,1,78.9,33,79.0,8,1,2022-06-16 09:03:12
1655370192720904000,78.9,1,78.9,33,79.0,11,2,2022-06-16 09:03:12
1655370193162140000,78.9,3,78.9,30,79.0,14,2,2022-06-16 09:03:13
1655370193237871000,79.0,1,78.9,30,79.0,13,1,2022-06-16 09:03:13
1655370193445923000,79.0,1,78.9,30,79.0,12,1,2022-06-16 09:03:13
1655370193712579000,78.9,2,78.9,28,79.0,15,2,2022-06-16 09:03:13
1655370193865167000,79.0,3,78.9,28,79.0,12,1,2022-06-16 09:03:13
1655370193876422000,78.9,5,78.9,23,79.0,12,2,2022-06-16 09:03:13
1655370193953384000,79.0,2,78.9,23,79.0,10,1,2022-06-16 09:03:13
1655370194102035000,79.0,3,78.9,23,79.0,7,1,2022-06-16 09:03:14
1655370194117318000,79.0,2,78.9,23,79.0,5,1,2022-06-16 09:03:14
1655370194632357000,78.9,1,78.9,23,79.0,11,2,2022-06-16 09:03:14
1655370194677551000,79.0,5,78.9,23,79.0,6,1,2022-06-16 09:03:14
1655370194825214000,78.9,1,78.9,23,79.0,6,2,2022-06-16 09:03:14
1655370195310134000,79.0,1,78.9,33,79.0,5,1,2022-06-16 09:03:15
1655370195403143000,79.0,10,78.9,33,79.1,33,1,2022-06-16 09:03:15
1655370195403143000,79.1,20,78.9,33,79.1,33,1,2022-06-16 09:03:15
1655370195523335000,78.9,1,78.9,32,79.1,33,2,2022-06-16 09:03:15
1655370196442229000,79.0,2,78.9,33,79.0,1,1,2022-06-16 09:03:16
1655370196461489000,79.0,1,78.9,34,79.1,33,1,2022-06-16 09:03:16
1655370196685200000,79.0,1,79.0,9,79.1,33,2,2022-06-16 09:03:16
1655370196935577000,79.0,9,78.9,35,79.0,1,2,2022-06-16 09:03:16
1655370197117153000,79.0,1,79.0,4,79.1,22,1,2022-06-16 09:03:17
1655370197271780000,79.0,1,79.0,13,79.1,22,2,2022-06-16 09:03:17
1655370197425263000,79.0,1,79.0,12,79.1,22,2,2022-06-16 09:03:17
1655370197712805000,79.0,1,79.0,14,79.1,22,2,2022-06-16 09:03:17
1655370197815921000,79.0,5,79.0,9,79.1,22,2,2022-06-16 09:03:17
1655370198038625000,79.0,1,79.0,9,79.1,22,2,2022-06-16 09:03:18
1655370198420803000,79.1,3,79.0,9,79.1,19,1,2022-06-16 09:03:18
1655370198819878000,79.0,1,79.0,14,79.1,19,2,2022-06-16 09:03:18
1655370198961901000,79.0,1,79.0,13,79.1,19,2,2022-06-16 09:03:18
1655370199211739000,79.0,10,79.0,3,79.1,19,2,2022-06-16 09:03:19
1655370199265484000,79.0,1,79.0,2,79.1,19,2,2022-06-16 09:03:19
1655370199741370000,79.0,1,79.0,1,79.1,19,2,2022-06-16 09:03:19
1655370199791573000,79.0,1,78.9,46,79.0,4,2,2022-06-16 09:03:19
1655370199818258000,79.0,4,78.9,46,79.1,19,1,2022-06-16 09:03:19
1655370200087310000,78.9,1,78.9,50,79.1,19,2,2022-06-16 09:03:20
1655370200232816000,79.1,10,78.9,50,79.1,9,1,2022-06-16 09:03:20
1655370201400896000,79.1,1,79.0,11,79.1,18,1,2022-06-16 09:03:21
1655370201521654000,79.0,5,79.0,6,79.1,18,2,2022-06-16 09:03:21
1655370201733510000,79.1,1,79.0,6,79.1,17,1,2022-06-16 09:03:21
1655370202213650000,79.0,5,79.0,1,79.1,17,2,2022-06-16 09:03:22
1655370202592433000,79.1,1,79.0,6,79.1,16,1,2022-06-16 09:03:22
1655370202617401000,79.1,2,79.0,7,79.1,14,1,2022-06-16 09:03:22
1655370202781976000,79.1,5,79.0,7,79.1,9,1,2022-06-16 09:03:22
1655370203199544000,79.0,1,79.0,6,79.1,10,2,2022-06-16 09:03:23
1655370203278096000,79.1,2,79.0,6,79.1,8,1,2022-06-16 09:03:23
1655370203801772000,79.0,1,79.0,5,79.1,13,2,2022-06-16 09:03:23
1655370204194855000,79.0,1,79.0,9,79.1,20,2,2022-06-16 09:03:24
1655370204865407000,79.0,1,79.0,12,79.1,21,2,2022-06-16 09:03:24
1655370205131421000,79.0,5,79.0,7,79.1,22,2,2022-06-16 09:03:25
1655370205472178000,79.1,2,79.0,7,79.1,20,1,2022-06-16 09:03:25
1655370205799858000,79.0,1,79.0,17,79.1,20,2,2022-06-16 09:03:25
1655370206339237000,79.0,2,79.0,16,79.1,20,2,2022-06-16 09:03:26
1655370206703233000,79.0,10,79.0,12,79.1,20,2,2022-06-16 09:03:26
1655370207088830000,79.1,2,79.0,16,79.1,30,1,2022-06-16 09:03:27
1655370207632075000,79.1,1,79.0,17,79.1,29,1,2022-06-16 09:03:27
1655370207867187000,79.1,5,79.0,19,79.1,35,1,2022-06-16 09:03:27
1655370207920233000,79.1,1,79.0,19,79.1,34,1,2022-06-16 09:03:27
1655370208256528000,79.1,1,79.0,19,79.1,34,1,2022-06-16 09:03:28
1655370208518580000,79.0,10,79.0,9,79.1,34,2,2022-06-16 09:03:28
1655370209223427000,79.0,1,79.0,9,79.1,35,2,2022-06-16 09:03:29
1655370209342370000,79.0,1,79.0,8,79.1,35,2,2022-06-16 09:03:29
1655370209350760000,79.0,1,79.0,7,79.1,35,2,2022-06-16 09:03:29
1655370209398800000,79.0,3,79.0,4,79.1,35,2,2022-06-16 09:03:29
1655370209541859000,79.0,1,79.0,4,79.1,37,2,2022-06-16 09:03:29
1655370209644589000,79.0,1,79.0,3,79.1,37,2,2022-06-16 09:03:29
1655370209726113000,79.0,3,78.9,70,79.0,7,2,2022-06-16 09:03:29
1655370209749521000,79.0,7,78.9,70,79.1,37,1,2022-06-16 09:03:29
1655370210012131000,79.0,1,78.9,69,79.1,37,2,2022-06-16 09:03:30
1655370210012131000,78.9,1,78.9,69,79.1,37,2,2022-06-16 09:03:30
1655370210251666000,79.0,3,78.9,69,79.0,1,2,2022-06-16 09:03:30
1655370210295396000,79.0,1,78.9,69,79.1,42,1,2022-06-16 09:03:30
1655370210845638000,79.0,1,78.9,69,79.0,3,1,2022-06-16 09:03:30
1655370211032606000,79.0,1,78.9,69,79.0,2,1,2022-06-16 09:03:31
1655370211082887000,79.0,2,79.0,8,79.1,42,1,2022-06-16 09:03:31
1655370211252909000,79.0,5,79.0,3,79.1,42,2,2022-06-16 09:03:31
1655370211304479000,79.0,3,78.9,69,79.0,17,2,2022-06-16 09:03:31
1655370211310772000,79.0,2,78.9,69,79.0,15,1,2022-06-16 09:03:31
1655370212182368000,79.0,1,78.9,69,79.0,15,1,2022-06-16 09:03:32
1655370212460128000,79.0,1,78.9,69,79.0,14,1,2022-06-16 09:03:32
1655370212872790000,79.0,5,78.9,69,79.0,9,1,2022-06-16 09:03:32
1655370213169210000,79.0,9,79.0,8,79.1,41,1,2022-06-16 09:03:33
1655370213463336000,79.0,1,79.0,7,79.1,41,2,2022-06-16 09:03:33
1655370213489901000,79.0,2,79.0,5,79.1,41,2,2022-06-16 09:03:33
1655370213579609000,79.0,1,79.0,5,79.1,41,2,2022-06-16 09:03:33
1655370213826585000,79.0,2,79.0,3,79.1,41,2,2022-06-16 09:03:33
1655370213861084000,79.0,3,78.9,69,79.1,41,2,2022-06-16 09:03:33
1655370213976185000,79.1,1,78.9,69,79.1,40,1,2022-06-16 09:03:33
1655370215127636000,79.0,1,79.0,12,79.1,40,2,2022-06-16 09:03:35
1655370216418918000,79.0,7,79.0,18,79.1,46,2,2022-06-16 09:03:36
1655370216425884000,79.0,1,79.0,17,79.1,46,2,2022-06-16 09:03:36
1655370216945004000,79.0,2,79.0,27,79.1,46,2,2022-06-16 09:03:36
1655370216999378000,79.1,1,79.0,27,79.1,45,1,2022-06-16 09:03:36
1655370217073016000,79.0,5,79.0,23,79.1,45,2,2022-06-16 09:03:37
1655370217254250000,79.1,2,79.0,23,79.1,43,1,2022-06-16 09:03:37
1655370218180368000,79.1,1,79.0,34,79.1,42,1,2022-06-16 09:03:38
1655370219028220000,79.1,1,79.0,41,79.1,41,1,2022-06-16 09:03:39
1655370219256300000,79.1,10,79.0,43,79.1,31,1,2022-06-16 09:03:39
1655370219479688000,79.1,10,79.0,43,79.1,24,1,2022-06-16 09:03:39
1655370219725852000,79.1,10,79.0,49,79.1,14,1,2022-06-16 09:03:39
1655370219737403000,79.0,1,79.0,48,79.1,14,2,2022-06-16 09:03:39
1655370219760620000,79.1,14,79.0,48,79.2,44,1,2022-06-16 09:03:39
1655370219843969000,79.1,2,79.1,8,79.2,44,1,2022-06-16 09:03:39
1655370219885536000,79.2,1,79.1,8,79.2,43,1,2022-06-16 09:03:39
1655370220150038000,79.2,6,79.1,10,79.2,43,1,2022-06-16 09:03:40
1655370220383270000,79.2,6,79.1,10,79.2,37,1,2022-06-16 09:03:40
1655370220419313000,79.1,2,79.1,8,79.2,37,2,2022-06-16 09:03:40
1655370220665765000,79.2,20,79.1,13,79.2,17,1,2022-06-16 09:03:40
1655370221329646000,79.2,10,79.1,16,79.2,7,1,2022-06-16 09:03:41
1655370221388547000,79.1,1,79.1,15,79.2,7,2,2022-06-16 09:03:41
1655370221427104000,79.2,3,79.1,16,79.2,4,1,2022-06-16 09:03:41
1655370222010567000,79.1,4,79.1,12,79.2,6,2,2022-06-16 09:03:42
1655370222276910000,79.2,5,79.1,14,79.2,1,1,2022-06-16 09:03:42
1655370222456542000,79.2,1,79.1,14,79.3,21,1,2022-06-16 09:03:42
1655370222569190000,79.1,1,79.1,13,79.3,21,2,2022-06-16 09:03:42
1655370222614716000,79.1,13,79.0,56,79.1,7,2,2022-06-16 09:03:42
1655370222741605000,79.1,1,79.0,61,79.1,6,1,2022-06-16 09:03:42
1655370223102929000,79.1,1,79.0,68,79.1,5,1,2022-06-16 09:03:43
1655370223314090000,79.1,5,79.1,2,79.3,21,1,2022-06-16 09:03:43
1655370224968695000,79.2,1,79.1,5,79.3,25,1,2022-06-16 09:03:44
1655370225298532000,79.2,1,79.1,16,79.2,4,1,2022-06-16 09:03:45
1655370225532872000,79.2,2,79.1,20,79.2,2,1,2022-06-16 09:03:45
1655370225888518000,79.2,1,79.1,20,79.2,1,1,2022-06-16 09:03:45
1655370226039892000,79.1,1,79.1,19,79.2,2,2,2022-06-16 09:03:46
1655370227219984000,79.1,2,79.1,10,79.2,3,2,2022-06-16 09:03:47
1655370227486983000,79.2,2,79.1,10,79.2,2,1,2022-06-16 09:03:47
1655370227827793000,79.2,1,79.1,10,79.2,2,1,2022-06-16 09:03:47
1655370228054424000,79.1,1,79.1,14,79.2,2,2,2022-06-16 09:03:48
1655370228266310000,79.1,5,79.1,10,79.2,2,2,2022-06-16 09:03:48
1655370228957213000,79.2,7,79.2,93,79.3,24,1,2022-06-16 09:03:48
1655370229224865000,79.2,3,79.2,90,79.3,30,2,2022-06-16 09:03:49
1655370229228389000,79.2,3,79.2,87,79.3,30,2,2022-06-16 09:03:49
1655370229326275000,79.2,2,79.2,85,79.3,30,2,2022-06-16 09:03:49
1655370229634721000,79.3,30,79.3,70,79.4,141,1,2022-06-16 09:03:49
1655370229715929000,79.3,1,79.3,69,79.4,141,2,2022-06-16 09:03:49
1655370229751607000,79.3,6,79.3,63,79.4,141,2,2022-06-16 09:03:49
1655370230293261000,79.4,1,79.3,63,79.4,146,1,2022-06-16 09:03:50
1655370230560725000,79.4,1,79.3,63,79.4,145,1,2022-06-16 09:03:50
1655370230646456000,79.4,1,79.3,63,79.4,144,1,2022-06-16 09:03:50
1655370230738926000,79.4,10,79.3,63,79.4,134,1,2022-06-16 09:03:50
1655370230820183000,79.4,1,79.3,63,79.4,133,1,2022-06-16 09:03:50
1655370230850432000,79.4,100,79.3,63,79.4,33,1,2022-06-16 09:03:50
1655370230909496000,79.4,3,79.3,63,79.4,30,1,2022-06-16 09:03:50
1655370230985165000,79.4,1,79.3,63,79.4,29,1,2022-06-16 09:03:50
1655370231233174000,79.4,3,79.3,63,79.4,26,1,2022-06-16 09:03:51
1655370231370833000,79.4,3,79.3,63,79.4,23,1,2022-06-16 09:03:51
1655370231392690000,79.4,1,79.3,63,79.4,22,1,2022-06-16 09:03:51
1655370231753101000,79.4,1,79.3,63,79.4,21,1,2022-06-16 09:03:51
1655370232345946000,79.4,1,79.3,63,79.4,20,1,2022-06-16 09:03:52
1655370232604164000,79.4,1,79.3,63,79.4,19,1,2022-06-16 09:03:52
1655370232625014000,79.4,10,79.3,63,79.4,9,1,2022-06-16 09:03:52
1655370232874212000,79.4,2,79.3,63,79.4,7,1,2022-06-16 09:03:52
1655370232927622000,79.4,1,79.3,63,79.4,6,1,2022-06-16 09:03:52
1655370233000823000,79.4,6,79.3,63,79.5,101,1,2022-06-16 09:03:53
1655370233000823000,79.5,2,79.3,63,79.5,101,1,2022-06-16 09:03:53
1655370233045665000,79.5,1,79.3,73,79.5,100,1,2022-06-16 09:03:53
1655370233478421000,79.4,1,79.4,38,79.5,106,2,2022-06-16 09:03:53
1655370233517091000,79.4,1,79.4,37,79.5,106,2,2022-06-16 09:03:53
1655370234037190000,79.4,3,79.4,38,79.5,106,2,2022-06-16 09:03:54
1655370234077166000,79.5,1,79.4,38,79.5,106,1,2022-06-16 09:03:54
1655370234403103000,79.5,10,79.4,40,79.5,96,1,2022-06-16 09:03:54
1655370234493218000,79.5,1,79.4,40,79.5,95,1,2022-06-16 09:03:54
1655370236084294000,79.5,1,79.4,47,79.5,66,1,2022-06-16 09:03:56
1655370236168601000,79.4,1,79.4,47,79.5,66,2,2022-06-16 09:03:56
1655370236430467000,79.5,1,79.4,47,79.5,65,1,2022-06-16 09:03:56
1655370236537532000,79.5,1,79.4,47,79.5,64,1,2022-06-16 09:03:56
1655370236591897000,79.5,1,79.4,47,79.5,63,1,2022-06-16 09:03:56
1655370236601116000,79.5,2,79.4,47,79.5,61,1,2022-06-16 09:03:56
1655370236629857000,79.5,2,79.4,47,79.5,59,1,2022-06-16 09:03:56
1655370236707464000,79.5,1,79.4,47,79.5,58,1,2022-06-16 09:03:56
1655370236839418000,79.5,1,79.4,47,79.5,57,1,2022-06-16 09:03:56
1655370237156345000,79.5,1,79.4,48,79.5,56,1,2022-06-16 09:03:57
1655370237520767000,79.5,3,79.4,48,79.5,53,1,2022-06-16 09:03:57
1655370237548465000,79.5,1,79.4,48,79.5,52,1,2022-06-16 09:03:57
1655370237662067000,79.5,1,79.4,48,79.5,51,1,2022-06-16 09:03:57
1655370237750102000,79.5,10,79.4,48,79.5,41,1,2022-06-16 09:03:57
1655370237802475000,79.5,2,79.4,48,79.5,39,1,2022-06-16 09:03:57
1655370237850761000,79.5,1,79.4,48,79.5,38,1,2022-06-16 09:03:57
1655370238326530000,79.5,2,79.4,150,79.5,42,1,2022-06-16 09:03:58
1655370238426928000,79.5,10,79.4,150,79.5,32,1,2022-06-16 09:03:58
1655370238644313000,79.5,1,79.4,150,79.5,31,1,2022-06-16 09:03:58
1655370238760742000,79.5,1,79.4,150,79.5,30,1,2022-06-16 09:03:58
1655370238791411000,79.5,2,79.4,150,79.5,28,1,2022-06-16 09:03:58
1655370238823072000,79.5,3,79.4,150,79.5,25,1,2022-06-16 09:03:58
1655370238847994000,79.5,2,79.4,150,79.5,23,1,2022-06-16 09:03:58
1655370238865747000,79.5,14,79.4,150,79.5,9,1,2022-06-16 09:03:58
1655370238876869000,79.5,1,79.4,150,79.5,8,1,2022-06-16 09:03:58
1655370239102096000,79.5,6,79.4,150,79.5,7,1,2022-06-16 09:03:59
1655370239124259000,79.5,3,79.4,150,79.5,4,1,2022-06-16 09:03:59
1655370239336170000,79.5,2,79.4,150,79.5,2,1,2022-06-16 09:03:59
1655370239379888000,79.5,1,79.4,150,79.5,1,1,2022-06-16 09:03:59
1655370239434086000,79.5,1,79.5,1,79.6,56,1,2022-06-16 09:03:59
1655370239548359000,79.5,3,79.5,4,79.6,61,2,2022-06-16 09:03:59
1655370239597910000,79.5,3,79.5,1,79.6,61,2,2022-06-16 09:03:59
1655370239929304000,79.5,2,79.4,152,79.6,67,2,2022-06-16 09:03:59
1655370240683763000,79.5,1,79.4,153,79.5,8,1,2022-06-16 09:04:00
1655370240693817000,79.5,3,79.4,153,79.5,6,1,2022-06-16 09:04:00
1655370240801658000,79.5,1,79.4,153,79.5,5,1,2022-06-16 09:04:00
1655370240807398000,79.5,1,79.4,153,79.5,4,1,2022-06-16 09:04:00
1655370241031048000,79.5,1,79.4,153,79.5,3,1,2022-06-16 09:04:01
1655370241071918000,79.5,1,79.4,153,79.5,7,1,2022-06-16 09:04:01
1655370241137412000,79.5,2,79.4,151,79.5,5,1,2022-06-16 09:04:01
1655370241150677000,79.5,1,79.4,151,79.5,4,1,2022-06-16 09:04:01
1655370241334540000,79.5,1,79.4,151,79.5,3,1,2022-06-16 09:04:01
1655370241338105000,79.5,1,79.4,151,79.5,2,1,2022-06-16 09:04:01
1655370241623931000,79.5,2,79.5,18,79.6,72,1,2022-06-16 09:04:01
1655370241639381000,79.5,5,79.5,14,79.6,72,2,2022-06-16 09:04:01
1655370241642673000,79.5,14,79.4,161,79.5,6,2,2022-06-16 09:04:01
1655370242036601000,79.5,1,79.4,162,79.5,5,1,2022-06-16 09:04:02
1655370242173334000,79.5,1,79.4,161,79.5,7,1,2022-06-16 09:04:02
1655370242479773000,79.5,1,79.4,165,79.5,7,1,2022-06-16 09:04:02
1655370242671760000,79.5,1,79.4,165,79.5,6,1,2022-06-16 09:04:02
1655370242732821000,79.5,2,79.4,165,79.5,4,1,2022-06-16 09:04:02
1655370243008832000,79.5,1,79.4,165,79.5,4,1,2022-06-16 09:04:03
1655370243024858000,79.5,1,79.4,165,79.5,3,1,2022-06-16 09:04:03
1655370243304581000,79.5,1,79.4,164,79.5,2,1,2022-06-16 09:04:03
1655370243380783000,79.5,1,79.4,164,79.5,3,1,2022-06-16 09:04:03
1655370243709630000,79.5,1,79.4,165,79.5,26,1,2022-06-16 09:04:03
1655370243908235000,79.5,3,79.4,165,79.5,23,1,2022-06-16 09:04:03
1655370244093370000,79.5,1,79.4,165,79.5,22,1,2022-06-16 09:04:04
1655370244207256000,79.5,3,79.4,165,79.5,19,1,2022-06-16 09:04:04
1655370244580559000,79.4,5,79.4,162,79.5,25,2,2022-06-16 09:04:04
1655370244623203000,79.5,2,79.4,162,79.5,23,1,2022-06-16 09:04:04
1655370244939382000,79.5,1,79.4,62,79.5,23,1,2022-06-16 09:04:04
1655370244962797000,79.4,42,79.4,20,79.5,23,2,2022-06-16 09:04:04
1655370245008585000,79.4,20,79.3,91,79.5,24,2,2022-06-16 09:04:05
1655370245140255000,79.4,1,79.3,91,79.4,4,2,2022-06-16 09:04:05
1655370245363633000,79.4,4,79.3,81,79.5,34,1,2022-06-16 09:04:05
1655370245363633000,79.5,2,79.3,81,79.5,34,1,2022-06-16 09:04:05
1655370245427276000,79.4,5,79.3,81,79.4,17,1,2022-06-16 09:04:05
1655370245452481000,79.4,10,79.3,81,79.4,11,1,2022-06-16 09:04:05
1655370245514330000,79.4,1,79.3,81,79.4,32,1,2022-06-16 09:04:05
1655370245518396000,79.3,1,79.3,80,79.4,32,2,2022-06-16 09:04:05
1655370245557841000,79.4,1,79.3,80,79.4,36,1,2022-06-16 09:04:05
1655370245594364000,79.4,2,79.3,80,79.4,37,1,2022-06-16 09:04:05
1655370245650232000,79.3,10,79.3,70,79.4,37,2,2022-06-16 09:04:05
1655370245790657000,79.4,1,79.3,70,79.4,54,1,2022-06-16 09:04:05
1655370245846140000,79.3,5,79.3,13,79.4,54,2,2022-06-16 09:04:05
1655370245877253000,79.3,13,79.2,100,79.4,54,2,2022-06-16 09:04:05
1655370246084049000,79.2,1,79.2,99,79.3,4,2,2022-06-16 09:04:06
1655370246155332000,79.2,50,79.2,49,79.3,10,2,2022-06-16 09:04:06
1655370246186512000,79.2,11,79.2,38,79.3,10,2,2022-06-16 09:04:06
1655370246298830000,79.3,1,79.2,38,79.3,9,1,2022-06-16 09:04:06
1655370246311278000,79.3,1,79.2,38,79.3,8,1,2022-06-16 09:04:06
1655370246325154000,79.3,1,79.2,38,79.3,7,1,2022-06-16 09:04:06
1655370246512710000,79.2,1,79.2,37,79.3,18,2,2022-06-16 09:04:06
1655370246778003000,79.3,1,79.2,37,79.3,29,1,2022-06-16 09:04:06
1655370246956001000,79.3,1,79.2,15,79.3,28,1,2022-06-16 09:04:06
1655370247115992000,79.2,3,79.2,12,79.3,29,2,2022-06-16 09:04:07
1655370247131072000,79.3,1,79.2,12,79.3,28,1,2022-06-16 09:04:07
1655370247149821000,79.2,10,79.2,2,79.3,28,2,2022-06-16 09:04:07
1655370247172478000,79.2,2,79.1,17,79.3,28,2,2022-06-16 09:04:07
1655370247471079000,79.3,20,79.2,3,79.3,13,1,2022-06-16 09:04:07
1655370247495115000,79.3,2,79.2,3,79.3,10,1,2022-06-16 09:04:07
1655370247685372000,79.2,1,79.2,2,79.3,17,2,2022-06-16 09:04:07
1655370247709773000,79.2,2,79.1,17,79.3,17,2,2022-06-16 09:04:07
1655370247949691000,79.2,1,79.1,17,79.2,3,1,2022-06-16 09:04:07
1655370248617829000,79.1,1,79.1,16,79.2,16,2,2022-06-16 09:04:08
1655370249065512000,79.2,1,79.1,16,79.2,15,1,2022-06-16 09:04:09
1655370249099037000,79.1,3,79.1,13,79.2,15,2,2022-06-16 09:04:09
1655370249145974000,79.2,1,79.1,13,79.2,24,1,2022-06-16 09:04:09
1655370249184044000,79.1,2,79.1,11,79.2,24,2,2022-06-16 09:04:09
1655370249478589000,79.1,2,79.1,9,79.2,24,2,2022-06-16 09:04:09
1655370249597021000,79.1,9,79.0,108,79.1,1,2,2022-06-16 09:04:09
1655370249630415000,79.1,1,79.0,108,79.2,24,1,2022-06-16 09:04:09
1655370249755016000,79.1,5,79.0,108,79.1,5,1,2022-06-16 09:04:09
1655370250166286000,79.0,3,79.0,105,79.1,5,2,2022-06-16 09:04:10
1655370250273746000,79.0,1,79.0,104,79.1,12,2,2022-06-16 09:04:10
1655370251448723000,79.1,3,79.0,105,79.1,10,1,2022-06-16 09:04:11
1655370251655855000,79.1,1,79.0,106,79.1,9,1,2022-06-16 09:04:11
1655370251767116000,79.1,1,79.0,106,79.1,8,1,2022-06-16 09:04:11
1655370251796029000,79.1,8,79.0,106,79.2,24,1,2022-06-16 09:04:11
1655370252554280000,79.2,1,79.0,117,79.2,30,1,2022-06-16 09:04:12
1655370252670016000,79.2,1,79.0,117,79.2,29,1,2022-06-16 09:04:12
1655370252706119000,79.2,2,79.1,4,79.2,27,1,2022-06-16 09:04:12
1655370252743488000,79.1,2,79.1,2,79.2,20,2,2022-06-16 09:04:12
1655370253038756000,79.1,2,79.1,1,79.2,20,2,2022-06-16 09:04:13
1655370253045695000,79.1,1,79.0,89,79.2,20,2,2022-06-16 09:04:13
1655370253045695000,79.0,29,79.0,89,79.2,20,2,2022-06-16 09:04:13
1655370253555573000,79.2,1,79.0,89,79.2,19,1,2022-06-16 09:04:13
1655370253935090000,79.0,1,79.0,88,79.2,19,2,2022-06-16 09:04:13
1655370254113316000,79.1,1,79.1,84,79.2,25,2,2022-06-16 09:04:14
1655370254302078000,79.2,2,79.1,84,79.2,23,1,2022-06-16 09:04:14
1655370254493959000,79.1,3,79.1,82,79.2,24,2,2022-06-16 09:04:14
1655370254854456000,79.1,10,79.1,72,79.2,24,2,2022-06-16 09:04:14
1655370254939454000,79.1,1,79.1,72,79.2,24,2,2022-06-16 09:04:14
1655370256776987000,79.1,1,79.1,72,79.2,26,2,2022-06-16 09:04:16
1655370259169769000,79.1,1,79.1,76,79.2,33,2,2022-06-16 09:04:19
1655370259680329000,79.1,5,79.1,71,79.2,33,2,2022-06-16 09:04:19
1655370259944321000,79.1,1,79.1,75,79.2,33,2,2022-06-16 09:04:19
1655370260220426000,79.2,1,79.1,75,79.2,35,1,2022-06-16 09:04:20
1655370260247110000,79.1,2,79.1,73,79.2,35,2,2022-06-16 09:04:20
1655370260634596000,79.1,1,79.1,72,79.2,35,2,2022-06-16 09:04:20
1655370260776011000,79.2,2,79.1,72,79.2,33,1,2022-06-16 09:04:20
1655370261145657000,79.2,1,79.1,72,79.2,32,1,2022-06-16 09:04:21
1655370261327059000,79.1,1,79.1,72,79.2,32,2,2022-06-16 09:04:21
1655370262371179000,79.1,1,79.1,71,79.2,32,2,2022-06-16 09:04:22
1655370263389347000,79.2,5,79.1,71,79.2,27,1,2022-06-16 09:04:23
1655370263413050000,79.2,1,79.1,71,79.2,26,1,2022-06-16 09:04:23
1655370263690550000,79.2,1,79.1,73,79.2,25,1,2022-06-16 09:04:23
1655370264193789000,79.2,1,79.1,73,79.2,25,1,2022-06-16 09:04:24
1655370264263197000,79.2,1,79.1,73,79.2,24,1,2022-06-16 09:04:24
1655370264557225000,79.2,1,79.1,73,79.2,23,1,2022-06-16 09:04:24
1655370264734698000,79.2,1,79.1,74,79.2,22,1,2022-06-16 09:04:24
1655370264801679000,79.1,2,79.1,72,79.2,22,2,2022-06-16 09:04:24
1655370264949237000,79.2,1,79.1,72,79.2,21,1,2022-06-16 09:04:24
1655370265859181000,79.2,2,79.1,73,79.2,19,1,2022-06-16 09:04:25
1655370266220951000,79.1,1,79.1,73,79.2,19,2,2022-06-16 09:04:26
1655370266461929000,79.1,2,79.1,71,79.2,19,2,2022-06-16 09:04:26
1655370266629376000,79.2,15,79.1,71,79.2,4,1,2022-06-16 09:04:26
1655370266660073000,79.2,4,79.1,71,79.3,31,1,2022-06-16 09:04:26
1655370266960821000,79.2,1,79.1,72,79.2,1,2,2022-06-16 09:04:26
1655370267291640000,79.2,1,79.2,1,79.3,38,1,2022-06-16 09:04:27
1655370267566818000,79.2,1,79.1,71,79.3,38,2,2022-06-16 09:04:27
1655370267566818000,79.1,1,79.1,71,79.3,38,2,2022-06-16 09:04:27
1655370267584387000,79.1,2,79.1,69,79.3,38,2,2022-06-16 09:04:27
1655370267684548000,79.2,2,79.2,3,79.3,38,2,2022-06-16 09:04:27
1655370270269266000,79.2,1,79.2,28,79.3,38,2,2022-06-16 09:04:30
1655370271323738000,79.2,8,79.2,24,79.3,38,2,2022-06-16 09:04:31
1655370271378735000,79.2,1,79.2,23,79.3,38,2,2022-06-16 09:04:31
1655370271631931000,79.2,3,79.2,21,79.3,38,2,2022-06-16 09:04:31
1655370271793030000,79.2,4,79.2,17,79.3,38,2,2022-06-16 09:04:31
1655370271883106000,79.3,1,79.2,17,79.3,37,1,2022-06-16 09:04:31
1655370272267009000,79.2,1,79.2,16,79.3,37,2,2022-06-16 09:04:32
1655370272566864000,79.3,1,79.2,16,79.3,36,1,2022-06-16 09:04:32
1655370272714099000,79.2,6,79.2,10,79.3,36,2,2022-06-16 09:04:32
1655370272753139000,79.3,1,79.2,10,79.3,35,1,2022-06-16 09:04:32
1655370273002750000,79.2,2,79.2,9,79.3,35,2,2022-06-16 09:04:33
1655370273069846000,79.3,1,79.2,9,79.3,34,1,2022-06-16 09:04:33
1655370273282912000,79.2,1,79.2,8,79.3,34,2,2022-06-16 09:04:33
1655370273785225000,79.2,7,79.2,1,79.3,34,2,2022-06-16 09:04:33
1655370273950266000,79.3,1,79.2,1,79.3,33,1,2022-06-16 09:04:33
1655370274449115000,79.2,1,79.2,1,79.3,26,2,2022-06-16 09:04:34
1655370275011695000,79.2,1,79.2,1,79.3,27,2,2022-06-16 09:04:35
1655370275062834000,79.2,1,79.1,95,79.2,4,2,2022-06-16 09:04:35
1655370275791457000,79.2,1,79.1,94,79.2,3,1,2022-06-16 09:04:35
1655370275832151000,79.2,2,79.1,96,79.2,1,1,2022-06-16 09:04:35
1655370276146262000,79.2,1,79.1,96,79.3,27,1,2022-06-16 09:04:36
1655370277355487000,79.2,1,79.1,96,79.2,11,1,2022-06-16 09:04:37
1655370277588185000,79.2,1,79.1,96,79.2,10,1,2022-06-16 09:04:37
1655370277600792000,79.2,1,79.1,96,79.2,9,1,2022-06-16 09:04:37
1655370277895301000,79.2,2,79.1,96,79.2,7,1,2022-06-16 09:04:37
1655370278095782000,79.2,1,79.1,96,79.2,7,1,2022-06-16 09:04:38
1655370278540794000,79.2,2,79.1,96,79.2,5,1,2022-06-16 09:04:38
1655370278713438000,79.2,1,79.1,98,79.2,4,1,2022-06-16 09:04:38
1655370279570520000,79.1,2,79.1,96,79.2,7,2,2022-06-16 09:04:39
1655370279894004000,79.2,1,79.1,96,79.2,6,1,2022-06-16 09:04:39
1655370280057784000,79.2,1,79.1,96,79.2,5,1,2022-06-16 09:04:40
1655370280643850000,79.1,97,79.0,122,79.2,7,2,2022-06-16 09:04:40
1655370280864393000,79.1,1,79.0,111,79.2,3,1,2022-06-16 09:04:40
1655370280864393000,79.2,4,79.0,111,79.2,3,1,2022-06-16 09:04:40
1655370281051967000,79.2,3,79.2,2,79.3,29,1,2022-06-16 09:04:41
1655370281078786000,79.3,1,79.2,2,79.3,28,1,2022-06-16 09:04:41
1655370281316227000,79.2,2,79.0,112,79.3,28,2,2022-06-16 09:04:41
1655370281942615000,79.1,1,79.0,112,79.2,11,1,2022-06-16 09:04:41
1655370282223120000,79.2,10,79.0,112,79.2,18,1,2022-06-16 09:04:42
1655370282324851000,79.2,1,79.0,112,79.2,17,1,2022-06-16 09:04:42
1655370282949245000,79.2,3,79.1,1,79.2,18,1,2022-06-16 09:04:42
1655370283395719000,79.2,6,79.1,1,79.2,13,1,2022-06-16 09:04:43
1655370283639235000,79.1,1,79.0,110,79.2,13,2,2022-06-16 09:04:43
1655370283639235000,79.0,3,79.0,110,79.2,13,2,2022-06-16 09:04:43
1655370283788440000,79.2,5,79.0,110,79.3,49,1,2022-06-16 09:04:43
1655370283879636000,79.2,2,79.0,110,79.3,49,2,2022-06-16 09:04:43
1655370284575604000,79.1,1,79.0,111,79.1,11,1,2022-06-16 09:04:44
1655370284834774000,79.1,3,79.0,111,79.1,8,1,2022-06-16 09:04:44
1655370284970585000,79.1,3,79.0,113,79.1,5,1,2022-06-16 09:04:44
1655370285881038000,79.1,5,79.0,116,79.1,1,1,2022-06-16 09:04:45
1655370287003571000,79.1,1,79.0,129,79.1,6,1,2022-06-16 09:04:47
1655370287137490000,79.1,6,79.0,129,79.2,12,1,2022-06-16 09:04:47
1655370287137490000,79.2,4,79.0,129,79.2,12,1,2022-06-16 09:04:47
1655370287285525000,79.2,1,79.0,128,79.2,11,1,2022-06-16 09:04:47
1655370287689025000,79.1,1,79.0,130,79.1,1,1,2022-06-16 09:04:47
1655370288174382000,79.1,1,79.0,130,79.1,1,1,2022-06-16 09:04:48
1655370288355736000,79.1,1,79.1,9,79.2,16,1,2022-06-16 09:04:48
1655370288410143000,79.1,4,79.1,5,79.2,16,2,2022-06-16 09:04:48
1655370288878529000,79.1,6,79.0,130,79.1,4,2,2022-06-16 09:04:48
1655370289471055000,79.1,4,79.0,130,79.2,20,1,2022-06-16 09:04:49
1655370289471055000,79.2,1,79.0,130,79.2,20,1,2022-06-16 09:04:49
1655370290606582000,79.2,1,79.1,2,79.2,22,1,2022-06-16 09:04:50
1655370290613543000,79.2,10,79.1,2,79.2,12,1,2022-06-16 09:04:50
1655370290798211000,79.2,1,79.1,2,79.2,11,1,2022-06-16 09:04:50
1655370291853051000,79.1,4,79.0,137,79.2,11,2,2022-06-16 09:04:51
1655370291853051000,79.0,1,79.0,137,79.2,11,2,2022-06-16 09:04:51
1655370291875691000,79.2,1,79.0,137,79.2,10,1,2022-06-16 09:04:51
1655370292072383000,79.1,1,79.1,4,79.2,10,2,2022-06-16 09:04:52
1655370292638393000,79.2,5,79.1,7,79.2,5,1,2022-06-16 09:04:52
1655370293118250000,79.1,1,79.1,7,79.2,7,2,2022-06-16 09:04:53
1655370293819371000,79.2,1,79.1,7,79.2,6,1,2022-06-16 09:04:53
1655370293911123000,79.2,6,79.1,7,79.3,43,1,2022-06-16 09:04:53
1655370294185411000,79.1,2,79.1,8,79.3,43,2,2022-06-16 09:04:54
1655370294426719000,79.1,1,79.1,7,79.3,43,2,2022-06-16 09:04:54
1655370294835398000,79.3,5,79.2,5,79.3,38,1,2022-06-16 09:04:54
1655370294918867000,79.3,10,79.2,5,79.3,28,1,2022-06-16 09:04:54
1655370295499234000,79.2,1,79.2,14,79.3,28,2,2022-06-16 09:04:55
1655370296438963000,79.2,3,79.2,11,79.3,28,2,2022-06-16 09:04:56
1655370297658301000,79.3,1,79.2,11,79.3,27,1,2022-06-16 09:04:57
1655370297999169000,79.3,3,79.2,11,79.3,24,1,2022-06-16 09:04:57
1655370298521223000,79.3,1,79.2,1,79.3,23,1,2022-06-16 09:04:58
1655370298940194000,79.3,3,79.2,1,79.3,20,1,2022-06-16 09:04:58
1655370299181813000,79.2,1,79.1,15,79.3,22,2,2022-06-16 09:04:59
1655370299260078000,79.3,1,79.1,15,79.3,21,1,2022-06-16 09:04:59
1655370299360106000,79.1,1,79.1,14,79.3,21,2,2022-06-16 09:04:59
1655370299772604000,79.1,1,79.1,15,79.2,1,2,2022-06-16 09:04:59
1655370300045925000,79.2,1,79.1,15,79.2,2,1,2022-06-16 09:05:00
1655370300105974000,79.1,2,79.1,13,79.2,2,2,2022-06-16 09:05:00
1655370300183032000,79.1,6,79.1,7,79.2,4,2,2022-06-16 09:05:00
1655370300424893000,79.1,7,79.1,8,79.2,5,2,2022-06-16 09:05:00
1655370300425224000,79.1,3,79.1,5,79.2,5,2,2022-06-16 09:05:00
1655370300427972000,79.1,5,79.0,149,79.2,5,2,2022-06-16 09:05:00
1655370300427972000,79.0,3,79.0,149,79.2,5,2,2022-06-16 09:05:00
1655370300502992000,79.0,3,79.0,146,79.2,6,2,2022-06-16 09:05:00
1655370300544393000,79.0,3,79.0,143,79.2,6,2,2022-06-16 09:05:00
1655370301198121000,79.1,1,79.0,143,79.1,2,1,2022-06-16 09:05:01
1655370301229053000,79.0,1,79.0,142,79.1,2,2,2022-06-16 09:05:01
1655370301434617000,79.0,1,79.0,141,79.1,2,2,2022-06-16 09:05:01
1655370301540330000,79.1,2,79.0,141,79.2,4,1,2022-06-16 09:05:01
1655370301540330000,79.2,1,79.0,141,79.2,4,1,2022-06-16 09:05:01
1655370301599354000,79.0,1,79.0,140,79.2,5,2,2022-06-16 09:05:01
1655370301829593000,79.0,1,79.0,139,79.2,6,2,2022-06-16 09:05:01
1655370302188302000,79.0,1,79.0,141,79.1,2,2,2022-06-16 09:05:02
1655370302809853000,79.0,10,79.0,136,79.1,20,2,2022-06-16 09:05:02
1655370302940461000,79.1,2,79.0,136,79.1,19,1,2022-06-16 09:05:02
1655370303506465000,79.0,5,79.0,131,79.1,30,2,2022-06-16 09:05:03
1655370303509249000,79.1,2,79.0,131,79.1,28,1,2022-06-16 09:05:03
1655370303562164000,79.1,5,79.0,131,79.1,26,1,2022-06-16 09:05:03
1655370303709373000,79.1,1,79.0,131,79.1,25,1,2022-06-16 09:05:03
1655370304625452000,79.1,2,79.0,137,79.1,23,1,2022-06-16 09:05:04
1655370305545618000,79.0,3,79.0,138,79.1,38,2,2022-06-16 09:05:05
1655370306081477000,79.0,1,79.0,137,79.1,38,2,2022-06-16 09:05:06
1655370306521885000,79.1,3,79.0,142,79.1,37,1,2022-06-16 09:05:06
1655370306939680000,79.0,1,79.0,143,79.1,37,2,2022-06-16 09:05:06
1655370306950613000,79.1,2,79.0,132,79.1,35,1,2022-06-16 09:05:06
1655370307612384000,79.0,5,79.0,128,79.1,35,2,2022-06-16 09:05:07
1655370308501606000,79.1,1,79.0,130,79.1,49,1,2022-06-16 09:05:08
1655370308618487000,79.1,2,79.0,130,79.1,53,1,2022-06-16 09:05:08
1655370308642133000,79.0,25,79.0,105,79.1,53,2,2022-06-16 09:05:08
1655370309024417000,79.1,5,79.0,105,79.1,48,1,2022-06-16 09:05:09
1655370309165790000,79.0,10,79.0,95,79.1,48,2,2022-06-16 09:05:09
1655370309261786000,79.0,20,79.0,75,79.1,48,2,2022-06-16 09:05:09
1655370309424784000,79.0,3,79.0,72,79.1,48,2,2022-06-16 09:05:09
1655370309652158000,79.0,3,79.0,69,79.1,49,2,2022-06-16 09:05:09
1655370309670993000,79.0,1,79.0,68,79.1,49,2,2022-06-16 09:05:09
1655370309684193000,79.0,10,79.0,58,79.1,49,2,2022-06-16 09:05:09
1655370309740241000,79.0,7,79.0,51,79.1,54,2,2022-06-16 09:05:09
1655370309910783000,79.0,2,79.0,49,79.1,54,2,2022-06-16 09:05:09
1655370309948934000,79.0,6,79.0,43,79.1,54,2,2022-06-16 09:05:09
1655370310069517000,79.0,5,79.0,38,79.1,54,2,2022-06-16 09:05:10
1655370310107114000,79.0,11,79.0,27,79.1,54,2,2022-06-16 09:05:10
1655370310110566000,79.0,5,79.0,22,79.1,54,2,2022-06-16 09:05:10
1655370310122031000,79.0,1,79.0,21,79.1,54,2,2022-06-16 09:05:10
1655370310163380000,79.0,12,79.0,9,79.1,54,2,2022-06-16 09:05:10
1655370310175247000,79.0,9,78.9,115,79.0,1,2,2022-06-16 09:05:10
1655370310429372000,78.9,1,78.9,110,79.0,41,2,2022-06-16 09:05:10
1655370310544873000,78.9,1,78.9,109,79.0,47,2,2022-06-16 09:05:10
1655370310600112000,78.9,10,78.9,99,79.0,47,2,2022-06-16 09:05:10
1655370310603178000,79.0,1,78.9,99,79.0,46,1,2022-06-16 09:05:10
1655370310663198000,79.0,1,78.9,99,79.0,48,1,2022-06-16 09:05:10
1655370311215919000,78.9,1,78.9,98,79.0,78,2,2022-06-16 09:05:11
1655370311223702000,79.0,1,78.9,98,79.0,77,1,2022-06-16 09:05:11
1655370311297487000,78.9,1,78.9,97,79.0,77,2,2022-06-16 09:05:11
1655370311348179000,79.0,5,78.9,97,79.0,109,1,2022-06-16 09:05:11
1655370311411612000,78.9,3,78.9,94,79.0,109,2,2022-06-16 09:05:11
1655370311498238000,78.9,5,78.9,89,79.0,124,2,2022-06-16 09:05:11
1655370311749127000,79.0,1,78.9,89,79.0,124,1,2022-06-16 09:05:11
1655370312139728000,78.9,1,78.9,78,79.0,122,2,2022-06-16 09:05:12
1655370312282866000,78.9,1,78.9,77,79.0,123,2,2022-06-16 09:05:12
1655370312496368000,79.0,1,78.9,77,79.0,122,1,2022-06-16 09:05:12
1655370312671530000,79.0,1,78.9,77,79.0,121,1,2022-06-16 09:05:12
1655370313055239000,78.9,1,78.9,46,79.0,112,2,2022-06-16 09:05:13
1655370313055379000,78.9,4,78.9,42,79.0,112,2,2022-06-16 09:05:13
1655370313160458000,78.9,7,78.9,35,79.0,113,2,2022-06-16 09:05:13
1655370313194113000,78.9,4,78.9,31,79.0,113,2,2022-06-16 09:05:13
1655370313423443000,78.9,2,78.9,29,79.0,113,2,2022-06-16 09:05:13
1655370313423591000,78.9,2,78.9,27,79.0,113,2,2022-06-16 09:05:13
1655370313766448000,78.9,10,78.9,17,79.0,114,2,2022-06-16 09:05:13
1655370313777847000,78.9,1,78.9,16,79.0,114,2,2022-06-16 09:05:13
1655370313789730000,78.9,10,78.9,6,79.0,114,2,2022-06-16 09:05:13
1655370314051027000,78.9,5,78.9,1,79.0,114,2,2022-06-16 09:05:14
1655370314330602000,78.9,1,78.8,30,79.0,114,2,2022-06-16 09:05:14
1655370314388613000,78.9,1,78.8,30,78.9,9,1,2022-06-16 09:05:14
1655370314978433000,78.8,1,78.8,29,78.9,37,2,2022-06-16 09:05:14
1655370315405781000,78.8,3,78.8,26,78.9,44,2,2022-06-16 09:05:15
1655370315411172000,78.8,5,78.8,21,78.9,44,2,2022-06-16 09:05:15
1655370315438023000,78.8,12,78.8,9,78.9,44,2,2022-06-16 09:05:15
1655370315525759000,78.9,1,78.8,9,78.9,43,1,2022-06-16 09:05:15
1655370315579972000,78.8,3,78.8,6,78.9,43,2,2022-06-16 09:05:15
1655370315795885000,78.8,2,78.8,4,78.9,49,2,2022-06-16 09:05:15
1655370315855395000,78.8,4,78.7,109,78.9,49,2,2022-06-16 09:05:15
1655370315855395000,78.7,2,78.7,109,78.9,49,2,2022-06-16 09:05:15
1655370315948416000,78.7,5,78.7,104,78.9,49,2,2022-06-16 09:05:15
1655370316352008000,78.7,1,78.7,103,78.9,44,2,2022-06-16 09:05:16
1655370316565062000,78.7,2,78.7,101,78.8,9,2,2022-06-16 09:05:16
1655370316750494000,78.7,2,78.7,99,78.8,14,2,2022-06-16 09:05:16
1655370316783423000,78.7,4,78.7,95,78.8,14,2,2022-06-16 09:05:16
1655370316851997000,78.8,1,78.7,95,78.8,13,1,2022-06-16 09:05:16
1655370317941372000,78.7,1,78.7,94,78.8,33,2,2022-06-16 09:05:17
1655370318356103000,78.7,2,78.7,92,78.8,33,2,2022-06-16 09:05:18
1655370318406710000,78.8,1,78.7,92,78.8,37,1,2022-06-16 09:05:18
1655370318702014000,78.7,2,78.7,90,78.8,38,2,2022-06-16 09:05:18
1655370318793687000,78.7,1,78.7,89,78.8,38,2,2022-06-16 09:05:18
1655370319188958000,78.7,1,78.7,86,78.8,53,2,2022-06-16 09:05:19
1655370319241011000,78.7,5,78.7,81,78.8,53,2,2022-06-16 09:05:19
1655370319496687000,78.7,12,78.7,69,78.8,53,2,2022-06-16 09:05:19
1655370319774974000,78.7,69,78.3,2,78.4,97,2,2022-06-16 09:05:19
1655370319774974000,78.6,50,78.3,2,78.4,97,2,2022-06-16 09:05:19
1655370319774974000,78.5,112,78.3,2,78.4,97,2,2022-06-16 09:05:19
1655370319774974000,78.4,22,78.3,2,78.4,97,2,2022-06-16 09:05:19
1655370320239400000,78.4,1,78.3,52,78.4,98,1,2022-06-16 09:05:20
1655370320470661000,78.3,20,78.3,32,78.4,107,2,2022-06-16 09:05:20
1655370320505693000,78.3,1,78.3,31,78.4,107,2,2022-06-16 09:05:20
1655370320505824000,78.3,1,78.3,30,78.4,107,2,2022-06-16 09:05:20
1655370320525360000,78.3,1,78.3,29,78.4,122,2,2022-06-16 09:05:20
1655370320531468000,78.3,1,78.3,28,78.4,122,2,2022-06-16 09:05:20
1655370320556719000,78.3,2,78.3,26,78.4,122,2,2022-06-16 09:05:20
1655370320581768000,78.3,2,78.3,24,78.4,122,2,2022-06-16 09:05:20
1655370320582884000,78.3,1,78.3,23,78.4,122,2,2022-06-16 09:05:20
1655370320612883000,78.4,1,78.3,23,78.4,121,1,2022-06-16 09:05:20
1655370320717294000,78.3,3,78.3,20,78.4,121,2,2022-06-16 09:05:20
1655370320732584000,78.3,1,78.3,19,78.4,121,2,2022-06-16 09:05:20
1655370321194091000,78.4,1,78.3,19,78.4,120,1,2022-06-16 09:05:21
1655370321725074000,78.3,1,78.3,18,78.4,122,2,2022-06-16 09:05:21
1655370321921884000,78.2,1,78.2,26,78.3,7,2,2022-06-16 09:05:21
1655370322079688000,78.3,1,78.2,26,78.3,6,1,2022-06-16 09:05:22
1655370322329817000,78.2,1,78.2,25,78.3,7,2,2022-06-16 09:05:22
1655370322363758000,78.2,1,78.2,24,78.3,10,2,2022-06-16 09:05:22
1655370322484639000,78.2,4,78.2,20,78.3,10,2,2022-06-16 09:05:22
1655370322594023000,78.3,5,78.2,370,78.3,5,1,2022-06-16 09:05:22
1655370323205671000,78.2,4,78.2,366,78.3,10,2,2022-06-16 09:05:23
1655370323390796000,78.3,3,78.2,355,78.3,12,1,2022-06-16 09:05:23
1655370323454966000,78.2,1,78.2,354,78.3,12,2,2022-06-16 09:05:23
1655370323456484000,78.2,1,78.2,353,78.3,12,2,2022-06-16 09:05:23
1655370323682905000,78.3,1,78.2,353,78.3,29,1,2022-06-16 09:05:23
1655370323775516000,78.2,1,78.2,352,78.3,29,2,2022-06-16 09:05:23
1655370323811913000,78.2,2,78.2,350,78.3,29,2,2022-06-16 09:05:23
1655370323881862000,78.1,2,78.1,44,78.3,29,2,2022-06-16 09:05:23
1655370323916958000,78.3,20,78.1,24,78.3,9,1,2022-06-16 09:05:23
1655370323944201000,78.3,5,78.1,24,78.3,4,1,2022-06-16 09:05:23
1655370324028487000,78.1,2,78.1,22,78.2,2,2,2022-06-16 09:05:24
1655370324038966000,78.1,3,78.1,19,78.2,2,2,2022-06-16 09:05:24
1655370324079681000,78.2,1,78.1,19,78.2,1,1,2022-06-16 09:05:24
1655370324258387000,78.2,1,78.1,19,78.3,4,1,2022-06-16 09:05:24
1655370324295483000,78.1,2,78.1,17,78.3,4,2,2022-06-16 09:05:24
1655370324572621000,78.2,1,78.3,3,78.4,120,1,2022-06-16 09:05:24
1655370324572621000,78.3,6,78.3,3,78.4,120,1,2022-06-16 09:05:24
1655370324627478000,78.3,1,78.3,2,78.4,120,2,2022-06-16 09:05:24
1655370325033986000,78.4,4,78.3,4,78.4,116,1,2022-06-16 09:05:25
1655370325224545000,78.3,1,78.3,3,78.4,114,2,2022-06-16 09:05:25
1655370325322144000,78.3,1,78.3,2,78.4,114,2,2022-06-16 09:05:25
1655370325359487000,78.4,1,78.3,2,78.4,113,1,2022-06-16 09:05:25
1655370325470927000,78.3,2,78.2,3,78.4,113,2,2022-06-16 09:05:25
1655370325723346000,78.3,1,78.2,16,78.4,113,1,2022-06-16 09:05:25
1655370325731945000,78.4,5,78.2,16,78.4,108,1,2022-06-16 09:05:25
1655370325865678000,78.4,5,78.2,16,78.4,103,1,2022-06-16 09:05:25
1655370326088892000,78.2,3,78.2,19,78.3,2,2,2022-06-16 09:05:26
1655370326097626000,78.2,2,78.2,17,78.3,2,2,2022-06-16 09:05:26
1655370326159560000,78.2,1,78.2,16,78.3,2,2,2022-06-16 09:05:26
1655370326387871000,78.3,2,78.3,5,78.4,103,1,2022-06-16 09:05:26
1655370327125634000,78.4,1,78.3,9,78.4,117,1,2022-06-16 09:05:27
1655370327276306000,78.3,1,78.3,18,78.4,117,2,2022-06-16 09:05:27
1655370328128968000,78.3,4,78.3,23,78.4,117,2,2022-06-16 09:05:28
1655370328252028000,78.3,1,78.3,24,78.4,117,2,2022-06-16 09:05:28
1655370328789670000,78.3,2,78.3,22,78.4,121,2,2022-06-16 09:05:28
1655370329065218000,78.4,1,78.3,22,78.4,120,1,2022-06-16 09:05:29
1655370329126476000,78.3,2,78.3,20,78.4,120,2,2022-06-16 09:05:29
1655370329130262000,78.3,1,78.3,19,78.4,120,2,2022-06-16 09:05:29
1655370329643729000,78.3,1,78.3,21,78.4,135,2,2022-06-16 09:05:29
1655370329748040000,78.3,2,78.3,19,78.4,135,2,2022-06-16 09:05:29
1655370330023835000,78.4,19,78.3,32,78.4,116,1,2022-06-16 09:05:30
1655370330203466000,78.3,1,78.3,31,78.4,116,2,2022-06-16 09:05:30
1655370330240758000,78.4,6,78.3,31,78.4,110,1,2022-06-16 09:05:30
1655370330272927000,78.4,2,78.3,31,78.4,108,1,2022-06-16 09:05:30
1655370330482290000,78.4,13,78.3,31,78.4,95,1,2022-06-16 09:05:30
1655370330565467000,78.4,6,78.3,31,78.4,89,1,2022-06-16 09:05:30
1655370330565502000,78.3,1,78.3,30,78.4,89,2,2022-06-16 09:05:30
1655370330848160000,78.3,1,78.3,29,78.4,91,2,2022-06-16 09:05:30
1655370330964028000,78.4,10,78.3,29,78.4,81,1,2022-06-16 09:05:30
1655370330967390000,78.4,5,78.3,29,78.4,76,1,2022-06-16 09:05:30
1655370331008374000,78.3,1,78.3,28,78.4,76,2,2022-06-16 09:05:31
1655370331132170000,78.3,6,78.3,23,78.4,76,2,2022-06-16 09:05:31
1655370331251049000,78.4,1,78.3,23,78.4,75,1,2022-06-16 09:05:31
1655370331264327000,78.4,2,78.3,23,78.4,73,1,2022-06-16 09:05:31
1655370331388041000,78.4,2,78.3,173,78.4,71,1,2022-06-16 09:05:31
1655370331421885000,78.4,2,78.3,173,78.4,69,1,2022-06-16 09:05:31
1655370331497101000,78.4,1,78.3,173,78.4,68,1,2022-06-16 09:05:31
1655370331521796000,78.3,1,78.3,173,78.4,68,2,2022-06-16 09:05:31
1655370331538586000,78.4,4,78.3,173,78.4,64,1,2022-06-16 09:05:31
1655370331614849000,78.4,5,78.3,173,78.4,59,1,2022-06-16 09:05:31
1655370331616216000,78.4,4,78.3,173,78.4,55,1,2022-06-16 09:05:31
1655370331644436000,78.4,2,78.3,173,78.4,53,1,2022-06-16 09:05:31
1655370331685187000,78.4,2,78.3,183,78.4,51,1,2022-06-16 09:05:31
1655370331715931000,78.4,5,78.3,183,78.4,46,1,2022-06-16 09:05:31
1655370331729805000,78.3,2,78.3,181,78.4,46,2,2022-06-16 09:05:31
1655370331746370000,78.4,27,78.3,181,78.4,19,1,2022-06-16 09:05:31
1655370331754005000,78.4,2,78.3,181,78.4,17,1,2022-06-16 09:05:31
1655370331777758000,78.4,1,78.3,181,78.4,16,1,2022-06-16 09:05:31
1655370331778274000,78.4,11,78.3,181,78.4,5,1,2022-06-16 09:05:31
1655370331779238000,78.4,5,78.3,181,78.5,9,1,2022-06-16 09:05:31
1655370331793387000,78.3,1,78.3,182,78.5,9,2,2022-06-16 09:05:31
1655370331795251000,78.5,1,78.3,182,78.5,8,1,2022-06-16 09:05:31
1655370332157714000,78.4,1,78.3,196,78.4,1,2,2022-06-16 09:05:32
1655370332178380000,78.4,1,78.3,196,78.5,14,1,2022-06-16 09:05:32
1655370332196946000,78.5,10,78.4,3,78.5,4,1,2022-06-16 09:05:32
1655370332223369000,78.4,3,78.3,196,78.5,4,2,2022-06-16 09:05:32
1655370332228697000,78.5,4,78.3,196,78.6,2,1,2022-06-16 09:05:32
1655370332459550000,78.5,1,78.5,5,78.6,17,2,2022-06-16 09:05:32
1655370332677044000,78.5,3,78.5,2,78.6,23,2,2022-06-16 09:05:32
1655370332707820000,78.5,1,78.5,1,78.6,23,2,2022-06-16 09:05:32
1655370332710588000,78.5,1,78.4,15,78.6,23,2,2022-06-16 09:05:32
1655370332710588000,78.4,4,78.4,15,78.6,23,2,2022-06-16 09:05:32
1655370332762896000,78.4,3,78.4,13,78.6,23,2,2022-06-16 09:05:32
1655370332799174000,78.6,2,78.4,13,78.6,21,1,2022-06-16 09:05:32
1655370332807624000,78.4,8,78.4,5,78.6,21,2,2022-06-16 09:05:32
1655370332814602000,78.6,6,78.4,5,78.6,15,1,2022-06-16 09:05:32
1655370332819124000,78.4,3,78.4,2,78.6,15,2,2022-06-16 09:05:32
1655370333986167000,78.5,5,78.3,200,78.6,16,2,2022-06-16 09:05:33
1655370333986167000,78.4,10,78.3,200,78.6,16,2,2022-06-16 09:05:33
1655370334318945000,78.6,1,78.5,2,78.6,15,1,2022-06-16 09:05:34
1655370334746076000,78.6,1,78.5,2,78.6,14,1,2022-06-16 09:05:34
1655370335522811000,78.6,1,78.5,3,78.6,27,1,2022-06-16 09:05:35
1655370335600222000,78.5,1,78.5,2,78.6,27,2,2022-06-16 09:05:35
1655370335818276000,78.5,1,78.5,1,78.6,27,2,2022-06-16 09:05:35
1655370335821984000,78.5,1,78.4,11,78.6,27,2,2022-06-16 09:05:35
1655370335821984000,78.4,2,78.4,11,78.6,27,2,2022-06-16 09:05:35
1655370336287196000,78.6,3,78.4,12,78.6,26,1,2022-06-16 09:05:36
1655370336697029000,78.4,3,78.4,10,78.6,26,2,2022-06-16 09:05:36
1655370336748949000,78.6,1,78.4,10,78.6,25,1,2022-06-16 09:05:36
1655370336986395000,78.4,6,78.4,4,78.6,25,2,2022-06-16 09:05:36
1655370337556979000,78.5,2,78.5,2,78.6,25,2,2022-06-16 09:05:37
1655370337568818000,78.5,1,78.5,1,78.6,25,2,2022-06-16 09:05:37
1655370337846082000,78.5,1,78.4,156,78.6,25,2,2022-06-16 09:05:37
1655370338171005000,78.6,3,78.4,156,78.6,22,1,2022-06-16 09:05:38
1655370338703714000,78.5,1,78.4,157,78.6,37,1,2022-06-16 09:05:38
1655370338730289000,78.4,1,78.4,156,78.6,36,2,2022-06-16 09:05:38
1655370339053717000,78.4,1,78.4,157,78.5,3,2,2022-06-16 09:05:39
1655370339088950000,78.5,1,78.4,157,78.5,2,1,2022-06-16 09:05:39
1655370339274946000,78.5,1,78.4,157,78.5,1,1,2022-06-16 09:05:39
1655370339829421000,78.5,5,78.4,162,78.6,33,1,2022-06-16 09:05:39
1655370339829421000,78.6,5,78.4,162,78.6,33,1,2022-06-16 09:05:39
1655370339953528000,78.6,10,78.4,162,78.6,23,1,2022-06-16 09:05:39
1655370339963947000,78.4,1,78.4,161,78.6,23,2,2022-06-16 09:05:39
1655370340233638000,78.5,1,78.4,21,78.6,31,1,2022-06-16 09:05:40
1655370341050628000,78.6,1,78.5,3,78.6,33,1,2022-06-16 09:05:41
1655370341101736000,78.5,2,78.5,1,78.6,33,2,2022-06-16 09:05:41
1655370341390101000,78.5,2,78.4,26,78.5,3,2,2022-06-16 09:05:41
1655370341931651000,78.5,1,78.4,19,78.5,7,1,2022-06-16 09:05:41
1655370341976343000,78.5,1,78.4,19,78.5,6,1,2022-06-16 09:05:41
1655370342256223000,78.5,1,78.4,19,78.5,5,1,2022-06-16 09:05:42
1655370342428841000,78.5,1,78.4,19,78.5,6,1,2022-06-16 09:05:42
1655370342536926000,78.5,1,78.4,20,78.5,5,1,2022-06-16 09:05:42
1655370342635168000,78.4,2,78.4,19,78.5,5,2,2022-06-16 09:05:42
1655370342703991000,78.5,1,78.4,19,78.5,5,1,2022-06-16 09:05:42
1655370342839394000,78.5,2,78.4,19,78.5,3,1,2022-06-16 09:05:42
1655370343043916000,78.4,5,78.4,14,78.5,3,2,2022-06-16 09:05:43
1655370343355057000,78.5,1,78.4,14,78.5,3,1,2022-06-16 09:05:43
1655370343508428000,78.5,1,78.4,14,78.5,2,1,2022-06-16 09:05:43
1655370343518877000,78.4,5,78.4,9,78.5,2,2,2022-06-16 09:05:43
1655370343635230000,78.5,1,78.4,15,78.5,2,1,2022-06-16 09:05:43
1655370343755297000,78.5,1,78.4,15,78.5,1,1,2022-06-16 09:05:43
1655370344065318000,78.4,1,78.4,25,78.5,1,2,2022-06-16 09:05:44
1655370344234833000,78.5,1,78.4,25,78.5,1,1,2022-06-16 09:05:44
1655370344329280000,78.5,1,78.4,25,78.6,48,1,2022-06-16 09:05:44
1655370344667695000,78.5,1,78.4,28,78.5,1,2,2022-06-16 09:05:44
1655370344944859000,78.5,2,78.5,3,78.6,63,1,2022-06-16 09:05:44
1655370345192945000,78.5,1,78.5,3,78.6,63,2,2022-06-16 09:05:45
1655370345320028000,78.5,2,78.5,1,78.6,63,2,2022-06-16 09:05:45
1655370345423959000,78.5,1,78.5,2,78.6,63,2,2022-06-16 09:05:45
1655370345489355000,78.5,1,78.5,1,78.6,63,2,2022-06-16 09:05:45
1655370345665394000,78.5,1,78.4,35,78.6,63,2,2022-06-16 09:05:45
1655370345775456000,78.5,1,78.4,36,78.6,63,2,2022-06-16 09:05:45
1655370345962660000,78.5,1,78.4,36,78.5,1,2,2022-06-16 09:05:45
1655370346112126000,78.5,1,78.4,36,78.6,63,1,2022-06-16 09:05:46
1655370346328053000,78.6,1,78.4,36,78.6,62,1,2022-06-16 09:05:46
1655370346423657000,78.5,1,78.4,36,78.5,1,1,2022-06-16 09:05:46
1655370346431495000,78.5,1,78.5,119,78.6,62,1,2022-06-16 09:05:46
1655370346608170000,78.5,2,78.5,119,78.6,62,2,2022-06-16 09:05:46
1655370346670735000,78.5,1,78.5,118,78.6,62,2,2022-06-16 09:05:46
1655370347044567000,78.5,1,78.5,2,78.6,62,2,2022-06-16 09:05:47
1655370347187897000,78.5,1,78.5,2,78.6,62,2,2022-06-16 09:05:47
1655370347303251000,78.5,1,78.5,2,78.6,62,2,2022-06-16 09:05:47
1655370347319034000,78.5,2,78.4,40,78.5,3,2,2022-06-16 09:05:47
1655370347632730000,78.5,1,78.4,60,78.5,17,1,2022-06-16 09:05:47
1655370347682907000,78.5,1,78.4,60,78.5,16,1,2022-06-16 09:05:47
1655370347724554000,78.5,1,78.4,60,78.5,15,1,2022-06-16 09:05:47
1655370347836159000,78.5,15,78.4,40,78.6,62,1,2022-06-16 09:05:47
1655370348022448000,78.5,1,78.4,40,78.6,62,2,2022-06-16 09:05:48
1655370348246508000,78.5,1,78.4,40,78.6,61,1,2022-06-16 09:05:48
1655370348246508000,78.6,1,78.4,40,78.6,61,1,2022-06-16 09:05:48
1655370349249628000,78.5,5,78.5,115,78.6,59,2,2022-06-16 09:05:49
1655370349267966000,78.5,2,78.5,113,78.6,59,2,2022-06-16 09:05:49
1655370349358612000,78.5,1,78.5,113,78.6,59,2,2022-06-16 09:05:49
1655370349691242000,78.5,20,78.5,93,78.6,59,2,2022-06-16 09:05:49
1655370350095449000,78.5,1,78.5,109,78.6,59,2,2022-06-16 09:05:50
1655370350397083000,78.5,2,78.5,108,78.6,59,2,2022-06-16 09:05:50
1655370351189989000,78.5,1,78.5,19,78.6,74,2,2022-06-16 09:05:51
1655370351821174000,78.5,3,78.5,17,78.6,74,2,2022-06-16 09:05:51
1655370352143319000,78.5,1,78.5,17,78.6,80,2,2022-06-16 09:05:52
1655370352148866000,78.5,1,78.5,16,78.6,80,2,2022-06-16 09:05:52
1655370352182117000,78.5,1,78.5,15,78.6,80,2,2022-06-16 09:05:52
1655370352535495000,78.6,1,78.5,16,78.6,80,1,2022-06-16 09:05:52
1655370353030770000,78.5,5,78.5,16,78.6,80,2,2022-06-16 09:05:53
1655370353044222000,78.5,1,78.5,15,78.6,80,2,2022-06-16 09:05:53
1655370353220127000,78.5,10,78.5,5,78.6,80,2,2022-06-16 09:05:53
1655370353233569000,78.5,5,78.4,56,78.6,80,2,2022-06-16 09:05:53
1655370353233569000,78.4,1,78.4,56,78.6,80,2,2022-06-16 09:05:53
1655370353349559000,78.5,1,78.4,56,78.5,19,2,2022-06-16 09:05:53
1655370353386904000,78.5,5,78.4,56,78.5,14,1,2022-06-16 09:05:53
1655370353917276000,78.5,1,78.4,57,78.5,32,1,2022-06-16 09:05:53
1655370353938034000,78.4,1,78.4,56,78.5,32,2,2022-06-16 09:05:53
1655370354455942000,78.4,3,78.4,53,78.5,34,2,2022-06-16 09:05:54
1655370354915579000,78.4,10,78.4,43,78.5,44,2,2022-06-16 09:05:54
1655370354946399000,78.4,1,78.4,42,78.5,44,2,2022-06-16 09:05:54
1655370355018077000,78.5,1,78.4,42,78.5,44,1,2022-06-16 09:05:55
1655370355175471000,78.5,3,78.4,42,78.5,44,1,2022-06-16 09:05:55
1655370355288340000,78.4,14,78.4,28,78.5,44,2,2022-06-16 09:05:55
1655370355315077000,78.4,4,78.4,24,78.5,44,2,2022-06-16 09:05:55
1655370355315622000,78.4,16,78.4,8,78.5,44,2,2022-06-16 09:05:55
1655370355345530000,78.4,8,78.3,59,78.5,44,2,2022-06-16 09:05:55
1655370355481185000,78.4,1,78.3,48,78.4,9,1,2022-06-16 09:05:55
1655370355702681000,78.4,5,78.3,48,78.4,14,1,2022-06-16 09:05:55
1655370355939748000,78.3,1,78.3,47,78.4,16,2,2022-06-16 09:05:55
1655370355980601000,78.4,1,78.3,47,78.4,23,1,2022-06-16 09:05:55
1655370356223533000,78.3,3,78.3,44,78.4,23,2,2022-06-16 09:05:56
1655370356355198000,78.4,2,78.3,44,78.4,23,1,2022-06-16 09:05:56
1655370356486846000,78.4,1,78.3,44,78.4,37,1,2022-06-16 09:05:56
1655370356852536000,78.3,1,78.3,43,78.4,39,2,2022-06-16 09:05:56
1655370357556995000,78.4,1,78.3,43,78.4,47,1,2022-06-16 09:05:57
1655370357619527000,78.3,1,78.3,42,78.4,47,2,2022-06-16 09:05:57
1655370358415672000,78.3,5,78.3,37,78.4,49,2,2022-06-16 09:05:58
1655370358439942000,78.3,37,78.2,14,78.4,49,2,2022-06-16 09:05:58
1655370358588808000,78.2,1,78.2,13,78.3,6,2,2022-06-16 09:05:58
1655370358622900000,78.2,1,78.2,12,78.3,6,2,2022-06-16 09:05:58
1655370358647601000,78.2,12,78.1,15,78.3,6,2,2022-06-16 09:05:58
1655370358743845000,78.2,1,78.1,15,78.2,1,1,2022-06-16 09:05:58
1655370358767215000,78.1,3,78.1,12,78.2,1,2,2022-06-16 09:05:58
1655370358768498000,78.2,1,78.1,12,78.3,6,1,2022-06-16 09:05:58
1655370358792845000,78.1,12,78.0,275,78.3,6,2,2022-06-16 09:05:58
1655370358804247000,78.3,1,78.0,275,78.3,5,1,2022-06-16 09:05:58
1655370358839129000,78.1,5,78.3,109,78.4,50,1,2022-06-16 09:05:58
1655370358839129000,78.2,1,78.3,109,78.4,50,1,2022-06-16 09:05:58
1655370358839129000,78.3,5,78.3,109,78.4,50,1,2022-06-16 09:05:58
1655370358855795000,78.4,1,78.3,109,78.4,49,1,2022-06-16 09:05:58
1655370358986037000,78.3,5,78.3,104,78.4,56,2,2022-06-16 09:05:58
1655370359006293000,78.3,1,78.3,103,78.4,56,2,2022-06-16 09:05:59
1655370359055286000,78.4,2,78.3,103,78.4,54,1,2022-06-16 09:05:59
1655370359128200000,78.4,5,78.3,103,78.4,49,1,2022-06-16 09:05:59
1655370359257517000,78.3,1,78.0,276,78.4,48,2,2022-06-16 09:05:59
1655370359545972000,78.2,10,78.0,276,78.2,7,1,2022-06-16 09:05:59
1655370359611971000,78.0,5,78.0,271,78.1,2,2,2022-06-16 09:05:59
1655370360197411000,78.0,2,78.0,269,78.1,2,2,2022-06-16 09:06:00
1655370360297520000,78.1,2,78.1,3,78.2,8,1,2022-06-16 09:06:00
1655370360359536000,78.1,1,78.1,2,78.2,8,2,2022-06-16 09:06:00
1655370360370766000,78.2,1,78.1,2,78.2,7,1,2022-06-16 09:06:00
1655370360379436000,78.1,1,78.1,1,78.2,7,2,2022-06-16 09:06:00
1655370360418716000,78.1,1,78.0,269,78.2,7,2,2022-06-16 09:06:00
1655370360539924000,78.0,1,78.0,278,78.2,7,2,2022-06-16 09:06:00
1655370360653017000,78.2,1,78.0,278,78.2,6,1,2022-06-16 09:06:00
1655370360708376000,78.0,1,78.0,277,78.2,6,2,2022-06-16 09:06:00
1655370360725416000,78.0,1,78.0,276,78.2,6,2,2022-06-16 09:06:00
1655370360814330000,78.2,2,78.0,276,78.2,4,1,2022-06-16 09:06:00
1655370360850629000,78.0,1,78.0,275,78.1,1,2,2022-06-16 09:06:00
1655370360965513000,78.1,1,78.0,125,78.1,1,1,2022-06-16 09:06:00
1655370360986877000,78.1,1,78.0,125,78.2,4,1,2022-06-16 09:06:00
1655370361745795000,78.0,1,78.0,124,78.2,4,2,2022-06-16 09:06:01
1655370361773581000,78.0,1,78.0,123,78.2,4,2,2022-06-16 09:06:01
1655370362003522000,78.2,4,78.0,125,78.3,14,1,2022-06-16 09:06:02
1655370362003522000,78.3,1,78.0,125,78.3,14,1,2022-06-16 09:06:02
1655370362582377000,78.0,3,78.0,107,78.1,17,2,2022-06-16 09:06:02
1655370363163112000,78.0,3,78.0,104,78.1,17,2,2022-06-16 09:06:03
1655370363164776000,78.0,3,78.0,101,78.1,17,2,2022-06-16 09:06:03
1655370363168985000,78.0,3,78.0,98,78.1,17,2,2022-06-16 09:06:03
1655370363223012000,78.0,1,78.0,97,78.1,17,2,2022-06-16 09:06:03
1655370363536033000,78.1,3,78.0,97,78.1,15,1,2022-06-16 09:06:03
1655370363572473000,78.0,2,78.0,95,78.1,15,2,2022-06-16 09:06:03
1655370363837655000,78.0,2,78.0,92,78.1,15,2,2022-06-16 09:06:03
1655370363904514000,78.0,20,78.0,72,78.1,15,2,2022-06-16 09:06:03
1655370363918220000,78.1,1,78.0,72,78.1,14,1,2022-06-16 09:06:03
1655370363936152000,78.0,1,78.0,71,78.1,14,2,2022-06-16 09:06:03
1655370363946286000,78.0,1,78.0,70,78.1,14,2,2022-06-16 09:06:03
1655370363956760000,78.0,1,78.0,69,78.1,14,2,2022-06-16 09:06:03
1655370363966140000,78.0,1,78.0,68,78.1,14,2,2022-06-16 09:06:03
1655370364267981000,78.0,2,78.0,66,78.1,15,2,2022-06-16 09:06:04
1655370364270221000,78.0,1,78.0,65,78.1,15,2,2022-06-16 09:06:04
1655370364378528000,78.0,5,78.0,60,78.1,15,2,2022-06-16 09:06:04
1655370364405464000,78.0,1,78.0,59,78.1,15,2,2022-06-16 09:06:04
1655370364426558000,78.0,1,78.0,58,78.1,15,2,2022-06-16 09:06:04
1655370364483972000,78.0,2,78.0,56,78.1,15,2,2022-06-16 09:06:04
1655370364689325000,78.0,2,78.0,54,78.1,15,2,2022-06-16 09:06:04
1655370364880194000,78.0,1,78.0,54,78.1,15,2,2022-06-16 09:06:04
1655370364888147000,78.1,1,78.0,54,78.1,14,1,2022-06-16 09:06:04
1655370364922314000,78.0,1,78.0,53,78.1,14,2,2022-06-16 09:06:04
1655370364951998000,78.0,1,78.0,52,78.1,14,2,2022-06-16 09:06:04
1655370365074792000,78.0,20,78.0,32,78.1,14,2,2022-06-16 09:06:05
1655370365108881000,78.0,2,78.0,30,78.1,14,2,2022-06-16 09:06:05
1655370365109287000,78.0,10,78.0,20,78.1,14,2,2022-06-16 09:06:05
1655370365114334000,78.0,1,78.0,19,78.1,14,2,2022-06-16 09:06:05
1655370365176989000,78.0,1,78.0,18,78.1,14,2,2022-06-16 09:06:05
1655370365177301000,78.0,1,78.0,17,78.1,14,2,2022-06-16 09:06:05
1655370365211574000,78.0,1,78.0,16,78.1,14,2,2022-06-16 09:06:05
1655370365402843000,78.0,1,78.0,15,78.1,14,2,2022-06-16 09:06:05
1655370365442179000,78.0,1,78.0,14,78.1,14,2,2022-06-16 09:06:05
1655370365551052000,78.0,1,78.0,14,78.1,29,2,2022-06-16 09:06:05
1655370365785247000,78.0,1,78.0,14,78.1,29,2,2022-06-16 09:06:05
1655370365885659000,78.0,1,78.0,12,78.1,29,2,2022-06-16 09:06:05
1655370365921481000,78.0,5,78.0,9,78.1,29,2,2022-06-16 09:06:05
1655370365983991000,78.0,1,78.0,8,78.1,29,2,2022-06-16 09:06:05
1655370365988391000,78.0,1,78.0,7,78.1,29,2,2022-06-16 09:06:05
1655370366002167000,78.0,1,78.0,6,78.1,29,2,2022-06-16 09:06:06
1655370366274509000,78.0,10,78.0,1,78.1,34,2,2022-06-16 09:06:06
1655370366303445000,78.0,1,77.9,23,78.1,34,2,2022-06-16 09:06:06
1655370366718016000,77.9,1,77.9,23,78.0,6,2,2022-06-16 09:06:06
1655370366767494000,77.9,1,77.9,22,78.0,6,2,2022-06-16 09:06:06
1655370367026747000,77.9,3,77.9,19,78.0,13,2,2022-06-16 09:06:07
1655370367126820000,77.9,5,77.9,14,78.0,15,2,2022-06-16 09:06:07
1655370367167651000,77.9,1,77.9,13,78.0,15,2,2022-06-16 09:06:07
1655370367248131000,78.0,1,77.9,13,78.0,15,1,2022-06-16 09:06:07
1655370367280476000,78.0,1,77.9,14,78.0,14,1,2022-06-16 09:06:07
1655370367338467000,78.0,1,77.9,14,78.0,15,1,2022-06-16 09:06:07
1655370367490795000,78.0,1,77.9,14,78.0,24,1,2022-06-16 09:06:07
1655370367535670000,77.9,2,77.9,12,78.0,25,2,2022-06-16 09:06:07
1655370367608778000,78.0,1,77.9,12,78.0,27,1,2022-06-16 09:06:07
1655370367637441000,78.0,3,77.9,12,78.0,26,1,2022-06-16 09:06:07
1655370367813641000,77.9,1,77.9,11,78.0,27,2,2022-06-16 09:06:07
1655370367824953000,78.0,1,77.9,11,78.0,26,1,2022-06-16 09:06:07
1655370368451667000,78.0,1,77.9,11,78.0,33,1,2022-06-16 09:06:08
1655370368655100000,77.9,2,77.9,9,78.0,48,2,2022-06-16 09:06:08
1655370368655515000,77.9,1,77.9,8,78.0,48,2,2022-06-16 09:06:08
1655370369059721000,77.9,1,77.9,12,78.0,48,2,2022-06-16 09:06:09
1655370369587495000,78.0,2,77.9,12,78.0,47,1,2022-06-16 09:06:09
1655370369687921000,77.9,2,77.9,10,78.0,47,2,2022-06-16 09:06:09
1655370369882507000,77.9,3,77.9,7,78.0,47,2,2022-06-16 09:06:09
1655370370095015000,77.9,1,77.9,6,78.0,48,2,2022-06-16 09:06:10
1655370370466659000,78.0,3,77.9,6,78.0,44,1,2022-06-16 09:06:10
1655370370588158000,78.0,1,77.9,7,78.0,43,1,2022-06-16 09:06:10
1655370371013728000,77.9,1,77.9,6,78.0,46,2,2022-06-16 09:06:11
1655370371059884000,77.9,1,77.9,9,78.0,46,2,2022-06-16 09:06:11
1655370371071703000,77.9,5,77.9,4,78.0,46,2,2022-06-16 09:06:11
1655370371525154000,77.9,1,77.9,17,78.0,66,2,2022-06-16 09:06:11
1655370371538108000,77.9,2,77.9,15,78.0,66,2,2022-06-16 09:06:11
1655370371575998000,77.9,1,77.9,15,78.0,66,2,2022-06-16 09:06:11
1655370371585003000,77.9,1,77.9,14,78.0,66,2,2022-06-16 09:06:11
1655370371608298000,78.0,1,77.9,14,78.0,65,1,2022-06-16 09:06:11
1655370371866208000,78.0,12,77.9,14,78.0,54,1,2022-06-16 09:06:11
1655370372069553000,78.0,8,77.9,21,78.0,53,1,2022-06-16 09:06:12
1655370372218333000,78.0,1,77.9,21,78.0,52,1,2022-06-16 09:06:12
1655370372221362000,78.0,20,77.9,21,78.0,32,1,2022-06-16 09:06:12
1655370372257031000,78.0,32,77.9,21,78.0,2,1,2022-06-16 09:06:12
1655370372257047000,78.0,2,77.9,21,78.1,42,1,2022-06-16 09:06:12
1655370372379328000,77.9,3,77.9,33,78.1,42,2,2022-06-16 09:06:12
1655370372482123000,78.1,1,77.9,33,78.1,41,1,2022-06-16 09:06:12
1655370372595416000,77.9,2,77.9,31,78.1,41,2,2022-06-16 09:06:12
1655370372629799000,78.0,1,78.0,6,78.1,41,2,2022-06-16 09:06:12
1655370372979256000,78.0,5,78.0,26,78.1,41,2,2022-06-16 09:06:12
1655370373041390000,78.1,1,78.0,31,78.1,40,1,2022-06-16 09:06:13
1655370373117113000,78.0,3,78.0,28,78.1,40,2,2022-06-16 09:06:13
1655370373468534000,78.1,3,78.0,35,78.1,37,1,2022-06-16 09:06:13
1655370373503764000,78.1,10,78.0,36,78.1,27,1,2022-06-16 09:06:13
1655370373534820000,78.1,14,78.0,36,78.1,13,1,2022-06-16 09:06:13
1655370373548611000,78.1,5,78.0,36,78.1,8,1,2022-06-16 09:06:13
1655370373567138000,78.1,8,78.0,36,78.2,5,1,2022-06-16 09:06:13
1655370374139476000,78.2,1,78.0,40,78.2,4,1,2022-06-16 09:06:14
1655370374625199000,78.2,1,78.1,7,78.2,18,1,2022-06-16 09:06:14
1655370374928314000,78.2,1,78.1,9,78.2,17,1,2022-06-16 09:06:14
1655370375560541000,78.2,1,78.1,11,78.2,16,1,2022-06-16 09:06:15
1655370375775042000,78.2,1,78.1,11,78.2,15,1,2022-06-16 09:06:15
1655370375961744000,78.2,15,78.1,11,78.4,39,1,2022-06-16 09:06:15
1655370375961744000,78.3,8,78.1,11,78.4,39,1,2022-06-16 09:06:15
1655370375961744000,78.4,7,78.1,11,78.4,39,1,2022-06-16 09:06:15
1655370376280503000,78.2,1,78.1,12,78.4,38,1,2022-06-16 09:06:16
1655370376305842000,78.4,12,78.1,12,78.4,26,1,2022-06-16 09:06:16
1655370376612316000,78.4,1,78.1,12,78.4,23,1,2022-06-16 09:06:16
1655370377103253000,78.1,1,78.1,14,78.4,23,2,2022-06-16 09:06:17
1655370377574772000,78.2,1,78.1,15,78.4,37,2,2022-06-16 09:06:17
1655370377574772000,78.1,1,78.1,15,78.4,37,2,2022-06-16 09:06:17
1655370378427635000,78.4,1,78.2,1,78.4,36,1,2022-06-16 09:06:18
1655370378903046000,78.3,2,78.2,2,78.3,3,1,2022-06-16 09:06:18
1655370379441341000,78.3,1,78.2,2,78.3,2,1,2022-06-16 09:06:19
1655370379474474000,78.3,2,78.2,2,78.4,36,1,2022-06-16 09:06:19
1655370380060643000,78.4,5,78.3,1,78.4,31,1,2022-06-16 09:06:20
1655370380456836000,78.3,2,78.2,2,78.3,1,2,2022-06-16 09:06:20
1655370381246308000,78.2,3,78.2,1,78.3,1,2,2022-06-16 09:06:21
1655370381570393000,78.3,1,78.2,1,78.4,46,1,2022-06-16 09:06:21
1655370381831414000,78.2,1,78.1,21,78.3,6,2,2022-06-16 09:06:21
1655370381831414000,78.1,9,78.1,21,78.3,6,2,2022-06-16 09:06:21
1655370381884426000,78.1,1,78.1,20,78.3,6,2,2022-06-16 09:06:21
1655370382389314000,78.3,1,78.2,1,78.3,5,1,2022-06-16 09:06:22
1655370382571784000,78.3,1,78.2,1,78.3,4,1,2022-06-16 09:06:22
1655370382712067000,78.2,1,78.1,18,78.3,4,2,2022-06-16 09:06:22
1655370382712067000,78.1,4,78.1,18,78.3,4,2,2022-06-16 09:06:22
1655370382888761000,78.3,2,78.1,139,78.3,2,1,2022-06-16 09:06:22
1655370382989485000,78.3,1,78.1,139,78.3,1,1,2022-06-16 09:06:22
1655370383870201000,78.3,10,78.2,7,78.3,11,1,2022-06-16 09:06:23
1655370383905881000,78.3,11,78.2,7,78.4,47,1,2022-06-16 09:06:23
1655370383915949000,78.2,1,78.2,6,78.4,47,2,2022-06-16 09:06:23
1655370384237443000,78.2,1,78.2,5,78.4,47,2,2022-06-16 09:06:24
1655370386271211000,78.2,4,78.2,145,78.3,1,2,2022-06-16 09:06:26
1655370386285332000,78.3,1,78.2,145,78.4,49,1,2022-06-16 09:06:26
1655370386488349000,78.3,1,78.2,145,78.3,1,2,2022-06-16 09:06:26
1655370386803516000,78.3,1,78.2,149,78.3,1,1,2022-06-16 09:06:26
1655370386957089000,78.2,1,78.2,149,78.3,1,2,2022-06-16 09:06:26
1655370387155644000,78.3,1,78.2,150,78.4,67,1,2022-06-16 09:06:27
1655370387532617000,78.2,1,78.2,168,78.3,2,2,2022-06-16 09:06:27
1655370387745949000,78.2,2,78.2,166,78.3,2,2,2022-06-16 09:06:27
1655370387806043000,78.3,1,78.2,166,78.3,1,1,2022-06-16 09:06:27
1655370387947043000,78.2,1,78.2,167,78.3,1,2,2022-06-16 09:06:27
1655370388421912000,78.2,5,78.2,166,78.3,2,2,2022-06-16 09:06:28
1655370389257464000,78.3,1,78.2,169,78.3,1,1,2022-06-16 09:06:29
1655370389273426000,78.3,1,78.2,169,78.4,68,1,2022-06-16 09:06:29
1655370389415503000,78.4,1,78.2,169,78.4,82,1,2022-06-16 09:06:29
1655370389613376000,78.4,2,78.3,2,78.4,80,1,2022-06-16 09:06:29
1655370389877290000,78.4,1,78.3,2,78.4,79,1,2022-06-16 09:06:29
1655370389971169000,78.3,1,78.3,1,78.4,79,2,2022-06-16 09:06:29
1655370390015747000,78.3,1,78.3,1,78.4,79,2,2022-06-16 09:06:30
1655370390021339000,78.4,1,78.3,1,78.4,78,1,2022-06-16 09:06:30
1655370391043383000,78.4,5,78.3,7,78.4,73,1,2022-06-16 09:06:31
1655370391127387000,78.4,2,78.3,7,78.4,71,1,2022-06-16 09:06:31
1655370391551392000,78.4,1,78.3,11,78.4,70,1,2022-06-16 09:06:31
1655370392291096000,78.3,1,78.3,44,78.4,70,2,2022-06-16 09:06:32
1655370392619433000,78.4,1,78.3,26,78.4,84,1,2022-06-16 09:06:32
1655370393563581000,78.3,10,78.3,18,78.4,86,2,2022-06-16 09:06:33
1655370394858149000,78.4,2,78.3,23,78.4,85,1,2022-06-16 09:06:34
1655370395021321000,78.4,1,78.3,23,78.4,84,1,2022-06-16 09:06:35
1655370395083993000,78.4,1,78.3,23,78.4,83,1,2022-06-16 09:06:35
1655370395412671000,78.4,1,78.3,24,78.4,82,1,2022-06-16 09:06:35
1655370395776796000,78.4,1,78.3,146,78.4,96,1,2022-06-16 09:06:35
1655370395921096000,78.3,1,78.3,145,78.4,96,2,2022-06-16 09:06:35
1655370395980958000,78.3,1,78.3,144,78.4,96,2,2022-06-16 09:06:35
1655370395999863000,78.3,3,78.3,141,78.4,96,2,2022-06-16 09:06:35
1655370396032481000,78.3,1,78.3,141,78.4,96,2,2022-06-16 09:06:36
1655370396140302000,78.3,1,78.3,140,78.4,96,2,2022-06-16 09:06:36
1655370396327983000,78.3,1,78.3,139,78.4,96,2,2022-06-16 09:06:36
1655370397993337000,78.4,2,78.3,279,78.4,101,1,2022-06-16 09:06:37
1655370398083280000,78.4,1,78.3,279,78.4,100,1,2022-06-16 09:06:38
1655370398089015000,78.4,1,78.3,279,78.4,99,1,2022-06-16 09:06:38
1655370398241776000,78.3,6,78.3,273,78.4,102,2,2022-06-16 09:06:38
1655370398505181000,78.3,5,78.3,268,78.4,107,2,2022-06-16 09:06:38
1655370398592228000,78.4,2,78.3,266,78.4,105,1,2022-06-16 09:06:38
1655370398828240000,78.4,4,78.3,266,78.4,101,1,2022-06-16 09:06:38
1655370399854366000,78.4,3,78.3,268,78.4,98,1,2022-06-16 09:06:39
1655370400192611000,78.3,1,78.3,267,78.4,98,2,2022-06-16 09:06:40
1655370401030564000,78.4,1,78.3,271,78.4,97,1,2022-06-16 09:06:41
1655370401504378000,78.4,10,78.3,271,78.4,88,1,2022-06-16 09:06:41
1655370401528233000,78.4,1,78.3,271,78.4,87,1,2022-06-16 09:06:41
1655370401761352000,78.3,1,78.3,270,78.4,87,2,2022-06-16 09:06:41
1655370402394773000,78.4,3,78.3,271,78.4,84,1,2022-06-16 09:06:42
1655370402872801000,78.3,1,78.3,270,78.4,84,2,2022-06-16 09:06:42
1655370403347112000,78.4,5,78.3,270,78.4,79,1,2022-06-16 09:06:43
1655370404015117000,78.3,3,78.3,269,78.4,79,2,2022-06-16 09:06:44
1655370404141948000,78.4,2,78.3,269,78.4,77,1,2022-06-16 09:06:44
1655370404417862000,78.4,1,78.3,269,78.4,76,1,2022-06-16 09:06:44
1655370404790331000,78.4,5,78.3,269,78.4,71,1,2022-06-16 09:06:44
1655370405328138000,78.4,1,78.3,269,78.4,70,1,2022-06-16 09:06:45
1655370405521943000,78.3,5,78.3,264,78.4,70,2,2022-06-16 09:06:45
1655370405586303000,78.3,1,78.3,263,78.4,70,2,2022-06-16 09:06:45
1655370405997990000,78.4,1,78.3,263,78.4,69,1,2022-06-16 09:06:45
1655370406514801000,78.4,3,78.3,263,78.4,67,1,2022-06-16 09:06:46
1655370406532784000,78.4,1,78.3,263,78.4,66,1,2022-06-16 09:06:46
1655370406637967000,78.4,10,78.3,263,78.4,56,1,2022-06-16 09:06:46
1655370406645313000,78.4,2,78.3,263,78.4,54,1,2022-06-16 09:06:46
1655370407071151000,78.4,1,78.3,264,78.4,53,1,2022-06-16 09:06:47
1655370407354010000,78.4,1,78.3,267,78.4,54,1,2022-06-16 09:06:47
1655370407381397000,78.4,2,78.3,267,78.4,52,1,2022-06-16 09:06:47
1655370408076793000,78.4,1,78.3,267,78.4,51,1,2022-06-16 09:06:48
1655370408383139000,78.4,1,78.3,267,78.4,53,1,2022-06-16 09:06:48
1655370408688601000,78.4,1,78.3,267,78.4,52,1,2022-06-16 09:06:48
1655370408825997000,78.4,1,78.3,267,78.4,51,1,2022-06-16 09:06:48
1655370408926911000,78.4,1,78.3,267,78.4,52,1,2022-06-16 09:06:48
1655370408934442000,78.4,10,78.3,267,78.4,42,1,2022-06-16 09:06:48
1655370409248643000,78.4,1,78.3,268,78.4,42,1,2022-06-16 09:06:49
1655370409351841000,78.4,1,78.3,269,78.4,41,1,2022-06-16 09:06:49
1655370409453827000,78.4,2,78.3,269,78.4,39,1,2022-06-16 09:06:49
1655370409572255000,78.4,1,78.3,270,78.4,38,1,2022-06-16 09:06:49
1655370409772646000,78.4,2,78.3,270,78.4,36,1,2022-06-16 09:06:49
1655370409907662000,78.4,2,78.3,270,78.4,34,1,2022-06-16 09:06:49
1655370410135664000,78.4,1,78.3,270,78.4,33,1,2022-06-16 09:06:50
1655370410288543000,78.4,1,78.3,270,78.4,32,1,2022-06-16 09:06:50
1655370410474258000,78.4,1,78.3,270,78.4,31,1,2022-06-16 09:06:50
1655370410606761000,78.4,3,78.3,272,78.4,28,1,2022-06-16 09:06:50
1655370410662117000,78.3,1,78.3,271,78.4,28,2,2022-06-16 09:06:50
1655370410915140000,78.4,4,78.3,271,78.4,24,1,2022-06-16 09:06:50
1655370411532161000,78.4,1,78.3,271,78.4,25,1,2022-06-16 09:06:51
1655370411652117000,78.4,5,78.3,271,78.4,20,1,2022-06-16 09:06:51
1655370411815079000,78.4,1,78.3,271,78.4,19,1,2022-06-16 09:06:51
1655370412074629000,78.4,1,78.3,271,78.4,18,1,2022-06-16 09:06:52
1655370412142616000,78.4,1,78.3,271,78.4,17,1,2022-06-16 09:06:52
1655370412338404000,78.4,5,78.3,271,78.4,12,1,2022-06-16 09:06:52
1655370412724711000,78.4,1,78.3,271,78.4,11,1,2022-06-16 09:06:52
1655370413111201000,78.4,1,78.3,271,78.4,10,1,2022-06-16 09:06:53
1655370413268047000,78.4,1,78.3,271,78.4,9,1,2022-06-16 09:06:53
1655370413288750000,78.4,2,78.3,271,78.4,7,1,2022-06-16 09:06:53
1655370413380046000,78.4,1,78.3,271,78.4,6,1,2022-06-16 09:06:53
1655370413386189000,78.4,1,78.3,271,78.4,5,1,2022-06-16 09:06:53
1655370413417567000,78.4,1,78.3,271,78.4,4,1,2022-06-16 09:06:53
1655370414100313000,78.4,5,78.3,270,78.4,3,1,2022-06-16 09:06:54
1655370414506898000,78.4,2,78.3,270,78.4,1,1,2022-06-16 09:06:54
1655370414628697000,78.4,1,78.3,270,78.5,82,1,2022-06-16 09:06:54
1655370415166450000,78.4,5,78.4,1,78.5,82,2,2022-06-16 09:06:55
1655370415664259000,78.5,1,78.4,7,78.5,81,1,2022-06-16 09:06:55
1655370416018045000,78.5,1,78.4,7,78.5,80,1,2022-06-16 09:06:56
1655370416228010000,78.5,2,78.4,7,78.5,78,1,2022-06-16 09:06:56
1655370416949724000,78.4,1,78.4,11,78.5,78,2,2022-06-16 09:06:56
1655370417478021000,78.4,2,78.4,9,78.5,78,2,2022-06-16 09:06:57
1655370418243351000,78.4,2,78.4,9,78.5,79,2,2022-06-16 09:06:58
1655370418390452000,78.4,1,78.4,8,78.5,80,2,2022-06-16 09:06:58
1655370419491211000,78.4,7,78.3,275,78.5,95,2,2022-06-16 09:06:59
1655370419848417000,78.5,2,78.3,275,78.5,93,1,2022-06-16 09:06:59
1655370420399844000,78.4,1,78.3,276,78.5,93,1,2022-06-16 09:07:00
1655370420680867000,78.5,1,78.4,12,78.5,92,1,2022-06-16 09:07:00
1655370420737574000,78.4,2,78.4,10,78.5,92,2,2022-06-16 09:07:00
1655370420757411000,78.4,2,78.4,8,78.5,92,2,2022-06-16 09:07:00
1655370420948256000,78.4,2,78.4,7,78.5,92,2,2022-06-16 09:07:00
1655370421213717000,78.4,2,78.4,5,78.5,92,2,2022-06-16 09:07:01
1655370421675983000,78.4,1,78.4,4,78.5,92,2,2022-06-16 09:07:01
1655370421683043000,78.4,2,78.4,2,78.5,92,2,2022-06-16 09:07:01
1655370421709194000,78.4,2,78.3,276,78.5,92,2,2022-06-16 09:07:01
1655370422207363000,78.4,3,78.4,7,78.5,93,2,2022-06-16 09:07:02
1655370422247527000,78.4,7,78.3,276,78.5,93,2,2022-06-16 09:07:02
1655370422664795000,78.4,3,78.4,2,78.5,108,1,2022-06-16 09:07:02
1655370423098100000,78.4,3,78.3,276,78.5,108,2,2022-06-16 09:07:03
1655370424065590000,78.4,1,78.3,276,78.4,10,1,2022-06-16 09:07:04
1655370424077348000,78.4,1,78.3,276,78.4,9,1,2022-06-16 09:07:04
1655370424415419000,78.4,1,78.3,277,78.4,14,1,2022-06-16 09:07:04
1655370424642037000,78.4,1,78.3,277,78.4,13,1,2022-06-16 09:07:04
1655370425329941000,78.4,1,78.3,277,78.4,12,1,2022-06-16 09:07:05
1655370425545326000,78.3,10,78.3,35,78.4,27,2,2022-06-16 09:07:05
1655370425555499000,78.3,23,78.3,12,78.4,27,2,2022-06-16 09:07:05
1655370425576316000,78.3,12,78.2,36,78.4,27,2,2022-06-16 09:07:05
1655370426201643000,78.3,3,78.2,35,78.3,13,1,2022-06-16 09:07:06
1655370426394787000,78.3,1,78.2,35,78.3,14,1,2022-06-16 09:07:06
1655370426435375000,78.2,1,78.2,34,78.3,14,2,2022-06-16 09:07:06
1655370426436225000,78.2,1,78.2,33,78.3,14,2,2022-06-16 09:07:06
1655370426436297000,78.2,2,78.2,31,78.3,14,2,2022-06-16 09:07:06
1655370426813653000,78.2,1,78.2,60,78.3,25,2,2022-06-16 09:07:06
1655370426843791000,78.2,1,78.2,59,78.3,25,2,2022-06-16 09:07:06
1655370426885195000,78.2,1,78.2,58,78.3,25,2,2022-06-16 09:07:06
1655370426922288000,78.2,2,78.2,56,78.3,25,2,2022-06-16 09:07:06
1655370427295584000,78.2,1,78.2,55,78.3,25,2,2022-06-16 09:07:07
1655370427512038000,78.2,2,78.2,54,78.3,25,2,2022-06-16 09:07:07
1655370427542685000,78.2,2,78.2,52,78.3,25,2,2022-06-16 09:07:07
1655370427553791000,78.2,1,78.2,51,78.3,25,2,2022-06-16 09:07:07
1655370427860530000,78.2,1,78.2,50,78.3,27,2,2022-06-16 09:07:07
1655370427970804000,78.2,1,78.2,49,78.3,27,2,2022-06-16 09:07:07
1655370428114998000,78.2,1,78.2,48,78.3,26,2,2022-06-16 09:07:08
1655370428167710000,78.2,1,78.2,47,78.3,26,2,2022-06-16 09:07:08
1655370428181482000,78.2,4,78.2,43,78.3,26,2,2022-06-16 09:07:08
1655370428222356000,78.2,1,78.2,42,78.3,26,2,2022-06-16 09:07:08
1655370428361854000,78.2,1,78.2,41,78.3,26,2,2022-06-16 09:07:08
1655370428363203000,78.2,2,78.2,39,78.3,26,2,2022-06-16 09:07:08
1655370428391763000,78.2,3,78.2,36,78.3,41,2,2022-06-16 09:07:08
1655370428393865000,78.2,13,78.2,23,78.3,41,2,2022-06-16 09:07:08
1655370428424510000,78.2,8,78.2,15,78.3,41,2,2022-06-16 09:07:08
1655370428429162000,78.2,1,78.2,14,78.3,41,2,2022-06-16 09:07:08
1655370428456496000,78.2,2,78.2,12,78.3,41,2,2022-06-16 09:07:08
1655370428458403000,78.2,1,78.2,11,78.3,41,2,2022-06-16 09:07:08
1655370428461167000,78.2,1,78.2,10,78.3,41,2,2022-06-16 09:07:08
1655370428630830000,78.2,1,78.2,10,78.3,41,2,2022-06-16 09:07:08
1655370428640240000,78.2,1,78.2,9,78.3,41,2,2022-06-16 09:07:08
1655370428650210000,78.2,1,78.2,8,78.3,41,2,2022-06-16 09:07:08
1655370428805876000,78.2,2,78.2,6,78.3,41,2,2022-06-16 09:07:08
1655370428814529000,78.2,1,78.2,5,78.3,41,2,2022-06-16 09:07:08
1655370429035652000,78.2,5,78.1,93,78.3,39,2,2022-06-16 09:07:09
1655370429309370000,78.2,1,78.1,85,78.2,2,1,2022-06-16 09:07:09
1655370429820764000,78.2,1,78.1,85,78.2,12,1,2022-06-16 09:07:09
1655370429852654000,78.1,1,78.1,84,78.2,12,2,2022-06-16 09:07:09
1655370429971041000,78.1,1,78.1,83,78.2,12,2,2022-06-16 09:07:09
1655370431349091000,78.2,1,78.1,27,78.2,13,1,2022-06-16 09:07:11
1655370431505558000,78.1,1,78.1,26,78.2,28,2,2022-06-16 09:07:11
1655370431607569000,78.1,20,78.1,6,78.2,28,2,2022-06-16 09:07:11
1655370431642522000,78.1,1,78.1,5,78.2,28,2,2022-06-16 09:07:11
1655370431642717000,78.1,1,78.1,4,78.2,28,2,2022-06-16 09:07:11
1655370431649821000,78.1,1,78.1,3,78.2,28,2,2022-06-16 09:07:11
1655370432489607000,78.1,4,78.1,1,78.2,28,2,2022-06-16 09:07:12
1655370432584149000,78.1,1,78.0,196,78.1,2,2,2022-06-16 09:07:12
1655370432764010000,78.1,1,78.0,196,78.1,1,1,2022-06-16 09:07:12
1655370433681987000,78.0,1,78.0,195,78.1,1,2,2022-06-16 09:07:13
1655370434480851000,78.1,1,78.0,195,78.1,17,1,2022-06-16 09:07:14
1655370434608853000,78.0,5,78.0,190,78.1,17,2,2022-06-16 09:07:14
1655370434680595000,78.0,25,78.0,165,78.1,17,2,2022-06-16 09:07:14
1655370434686718000,78.0,1,78.0,164,78.1,17,2,2022-06-16 09:07:14
1655370434721700000,78.0,1,78.0,163,78.1,17,2,2022-06-16 09:07:14
1655370434755605000,78.0,1,78.0,162,78.1,17,2,2022-06-16 09:07:14
1655370434756166000,78.0,1,78.0,161,78.1,17,2,2022-06-16 09:07:14
1655370434785141000,78.0,1,78.0,160,78.1,17,2,2022-06-16 09:07:14
1655370435371667000,78.1,1,78.0,160,78.1,16,1,2022-06-16 09:07:15
1655370435568595000,78.0,3,78.0,157,78.1,16,2,2022-06-16 09:07:15
1655370436126745000,78.1,1,78.0,164,78.1,16,1,2022-06-16 09:07:16
1655370436212937000,78.1,1,78.0,164,78.1,15,1,2022-06-16 09:07:16
1655370436934684000,78.1,1,78.0,164,78.1,17,1,2022-06-16 09:07:16
1655370436970816000,78.1,17,78.0,164,78.2,27,1,2022-06-16 09:07:16
1655370437372433000,78.0,12,78.0,152,78.1,1,2,2022-06-16 09:07:17
1655370437409111000,78.0,1,78.0,151,78.1,1,2,2022-06-16 09:07:17
1655370437409837000,78.0,1,78.0,150,78.1,1,2,2022-06-16 09:07:17
1655370437496264000,78.0,1,78.0,149,78.1,16,2,2022-06-16 09:07:17
1655370437707045000,78.1,2,78.0,149,78.1,14,1,2022-06-16 09:07:17
1655370437744782000,78.0,1,78.0,148,78.1,14,2,2022-06-16 09:07:17
1655370438246693000,78.1,2,78.0,149,78.1,12,1,2022-06-16 09:07:18
1655370438795936000,78.0,5,78.0,144,78.1,12,2,2022-06-16 09:07:18
1655370438830804000,78.1,1,78.0,144,78.1,11,1,2022-06-16 09:07:18
1655370438842393000,78.1,1,78.0,144,78.1,10,1,2022-06-16 09:07:18
1655370438896845000,78.1,2,78.0,144,78.1,8,1,2022-06-16 09:07:18
1655370439308307000,78.0,2,78.0,142,78.1,12,2,2022-06-16 09:07:19
1655370439624667000,78.1,1,78.0,138,78.1,11,1,2022-06-16 09:07:19
1655370439674783000,78.1,3,78.0,138,78.1,9,1,2022-06-16 09:07:19
1655370440619952000,78.1,1,78.0,148,78.1,23,1,2022-06-16 09:07:20
1655370441400248000,78.1,1,78.0,154,78.1,24,1,2022-06-16 09:07:21
1655370441710263000,78.1,1,78.0,154,78.1,23,1,2022-06-16 09:07:21
1655370441797737000,78.1,2,78.0,154,78.1,21,1,2022-06-16 09:07:21
1655370442237568000,78.0,5,78.0,149,78.1,29,2,2022-06-16 09:07:22
1655370442928489000,78.1,20,78.0,149,78.1,12,1,2022-06-16 09:07:22
1655370443099138000,78.1,2,78.0,149,78.1,11,1,2022-06-16 09:07:23
1655370443372721000,78.1,11,78.0,153,78.1,1,1,2022-06-16 09:07:23
1655370443372778000,78.1,1,78.0,153,78.2,28,1,2022-06-16 09:07:23
1655370443484940000,78.0,1,78.0,153,78.2,43,2,2022-06-16 09:07:23
1655370443594539000,78.1,1,78.0,154,78.1,2,1,2022-06-16 09:07:23
1655370443823442000,78.1,1,78.0,161,78.1,1,1,2022-06-16 09:07:23
1655370443857370000,78.1,1,78.0,161,78.2,43,1,2022-06-16 09:07:23
1655370443924277000,78.2,20,78.1,2,78.2,23,1,2022-06-16 09:07:23
1655370443972711000,78.2,1,78.1,2,78.2,22,1,2022-06-16 09:07:23
1655370444252125000,78.1,3,78.0,161,78.1,1,2,2022-06-16 09:07:24
1655370444283583000,78.1,1,78.0,161,78.2,22,1,2022-06-16 09:07:24
1655370445843140000,78.2,2,78.1,3,78.2,20,1,2022-06-16 09:07:25
1655370446912873000,78.1,7,78.0,110,78.2,35,2,2022-06-16 09:07:26
1655370446912873000,78.0,43,78.0,110,78.2,35,2,2022-06-16 09:07:26
1655370447108658000,78.1,1,78.0,111,78.1,1,1,2022-06-16 09:07:27
1655370447855719000,78.1,1,78.0,114,78.2,35,1,2022-06-16 09:07:27
1655370448207194000,78.1,1,78.0,105,78.2,35,2,2022-06-16 09:07:28
1655370448207194000,78.0,9,78.0,105,78.2,35,2,2022-06-16 09:07:28
1655370448250154000,78.1,1,78.1,1,78.2,35,2,2022-06-16 09:07:28
1655370448274934000,78.1,1,78.0,105,78.2,35,2,2022-06-16 09:07:28
1655370448678273000,78.1,3,78.0,105,78.2,35,2,2022-06-16 09:07:28
1655370448838545000,78.0,50,78.0,55,78.2,35,2,2022-06-16 09:07:28
1655370448939805000,78.1,1,78.0,55,78.1,2,1,2022-06-16 09:07:28
1655370449208230000,78.0,3,78.0,52,78.1,7,2,2022-06-16 09:07:29
1655370449333354000,78.1,1,78.0,51,78.1,6,1,2022-06-16 09:07:29
1655370449383861000,78.1,1,78.0,51,78.1,5,1,2022-06-16 09:07:29
1655370449416141000,78.0,1,78.0,50,78.1,5,2,2022-06-16 09:07:29
1655370449576960000,78.1,1,78.0,51,78.1,19,1,2022-06-16 09:07:29
1655370449693292000,78.0,5,78.0,46,78.1,19,2,2022-06-16 09:07:29
1655370449724847000,78.0,10,78.0,36,78.1,19,2,2022-06-16 09:07:29
1655370449800721000,78.0,3,78.0,33,78.1,19,2,2022-06-16 09:07:29
1655370450021558000,78.0,10,78.0,22,78.1,19,2,2022-06-16 09:07:30
1655370450173458000,78.0,2,78.0,21,78.1,19,2,2022-06-16 09:07:30
1655370450544891000,78.0,2,78.0,19,78.1,21,2,2022-06-16 09:07:30
1655370450767883000,78.1,1,78.0,22,78.1,21,1,2022-06-16 09:07:30
1655370451011482000,78.0,3,78.0,19,78.1,23,2,2022-06-16 09:07:31
1655370451038365000,78.0,2,78.0,18,78.1,24,2,2022-06-16 09:07:31
1655370451450200000,78.0,1,78.0,18,78.1,26,2,2022-06-16 09:07:31
1655370451595624000,78.0,1,78.0,18,78.1,26,2,2022-06-16 09:07:31
1655370451873525000,78.0,2,78.0,26,78.1,28,2,2022-06-16 09:07:31
1655370451898504000,78.0,1,78.0,25,78.1,28,2,2022-06-16 09:07:31
1655370451982798000,78.0,5,78.0,20,78.1,28,2,2022-06-16 09:07:31
1655370452118936000,78.0,1,78.0,20,78.1,29,2,2022-06-16 09:07:32
1655370452158672000,78.0,5,78.0,15,78.1,29,2,2022-06-16 09:07:32
1655370452275832000,78.0,2,78.0,14,78.1,29,2,2022-06-16 09:07:32
1655370452574246000,78.0,5,78.0,10,78.1,44,2,2022-06-16 09:07:32
1655370452581605000,78.1,1,78.0,10,78.1,43,1,2022-06-16 09:07:32
1655370452610702000,78.0,3,78.0,7,78.1,43,2,2022-06-16 09:07:32
