ts,close,volume,bid_price,bid_volume,ask_price,ask_volume,tick_type,datetime
1660294801040523000,77.2,526,77.2,3918,0.0,0,1,2022-08-12 09:00:01
1660294801455263000,77.2,3,0.0,1012,0.0,0,1,2022-08-12 09:00:01
1660294802444077000,77.2,1,0.0,1085,0.0,0,1,2022-08-12 09:00:02
1660294809984458000,77.2,1,0.0,1264,0.0,0,1,2022-08-12 09:00:09
1660294810587163000,77.2,1,0.0,1269,0.0,0,1,2022-08-12 09:00:10
1660294810866872000,77.2,2,0.0,1269,0.0,0,1,2022-08-12 09:00:10
1660294811188620000,77.2,1,0.0,1263,0.0,0,1,2022-08-12 09:00:11
1660294812821536000,77.2,1,0.0,1192,0.0,0,1,2022-08-12 09:00:12
1660294813115148000,77.2,2,0.0,1193,0.0,0,1,2022-08-12 09:00:13
1660294813178937000,77.2,2,0.0,1191,0.0,0,1,2022-08-12 09:00:13
1660294813230753000,77.2,1,0.0,1190,0.0,0,1,2022-08-12 09:00:13
1660294813476484000,77.2,1,0.0,1186,0.0,0,1,2022-08-12 09:00:13
1660294816375083000,77.2,1,0.0,1131,0.0,0,1,2022-08-12 09:00:16
1660294817620530000,77.2,2,0.0,1134,0.0,0,1,2022-08-12 09:00:17
1660294817910726000,77.2,1,0.0,1134,0.0,0,1,2022-08-12 09:00:17
1660294819270686000,77.2,1,0.0,1136,0.0,0,1,2022-08-12 09:00:19
1660294819677215000,77.2,1,0.0,1134,0.0,0,1,2022-08-12 09:00:19
1660294820182272000,77.2,1,0.0,1136,0.0,0,1,2022-08-12 09:00:20
1660294824892386000,77.2,1,0.0,1135,0.0,0,1,2022-08-12 09:00:24
1660294825009570000,77.2,2,0.0,1133,0.0,0,1,2022-08-12 09:00:25
1660294825023038000,77.2,5,0.0,1128,0.0,0,1,2022-08-12 09:00:25
1660294829586481000,77.2,1,0.0,1168,0.0,0,1,2022-08-12 09:00:29
1660294829701860000,77.2,1,0.0,1167,0.0,0,1,2022-08-12 09:00:29
1660294831895478000,77.2,2,0.0,1221,0.0,0,1,2022-08-12 09:00:31
1660294832742318000,77.2,1,0.0,1221,0.0,0,1,2022-08-12 09:00:32
1660294832850366000,77.2,2,0.0,1222,0.0,0,1,2022-08-12 09:00:32
1660294833528730000,77.2,1,0.0,1218,0.0,0,1,2022-08-12 09:00:33
1660294835951871000,77.2,1,0.0,1215,0.0,0,1,2022-08-12 09:00:35
1660294842912636000,77.2,2,0.0,1200,0.0,0,1,2022-08-12 09:00:42
1660294843007323000,77.2,1,0.0,1199,0.0,0,1,2022-08-12 09:00:43
1660294843693444000,77.2,1,0.0,1196,0.0,0,1,2022-08-12 09:00:43
1660294843825295000,77.2,1,0.0,1195,0.0,0,1,2022-08-12 09:00:43
1660294848816313000,77.2,2,0.0,1193,0.0,0,1,2022-08-12 09:00:48
1660294850103830000,77.2,1,0.0,1197,0.0,0,1,2022-08-12 09:00:50
1660294854265585000,77.2,2,0.0,1197,0.0,0,1,2022-08-12 09:00:54
1660294856340154000,77.2,1,0.0,1199,0.0,0,1,2022-08-12 09:00:56
1660294857653780000,77.2,1,0.0,1195,0.0,0,1,2022-08-12 09:00:57
1660294862280168000,77.2,2,0.0,1229,0.0,0,1,2022-08-12 09:01:02
1660294865394654000,77.2,1,0.0,1229,0.0,0,1,2022-08-12 09:01:05
1660294866523829000,77.2,1,0.0,1228,0.0,0,1,2022-08-12 09:01:06
1660294866956526000,77.2,1,0.0,1228,0.0,0,1,2022-08-12 09:01:06
1660294868942856000,77.2,10,0.0,1217,0.0,0,1,2022-08-12 09:01:08
1660294868994240000,77.2,1,0.0,1216,0.0,0,1,2022-08-12 09:01:08
1660294878976845000,77.2,1,0.0,1214,0.0,0,1,2022-08-12 09:01:18
1660294881171124000,77.2,1,0.0,1213,0.0,0,1,2022-08-12 09:01:21
1660294881446838000,77.2,2,0.0,1211,0.0,0,1,2022-08-12 09:01:21
1660294885038110000,77.2,1,0.0,1213,0.0,0,1,2022-08-12 09:01:25
1660294886173448000,77.2,5,0.0,1203,0.0,0,1,2022-08-12 09:01:26
1660294889330582000,77.2,2,0.0,1202,0.0,0,1,2022-08-12 09:01:29
1660294890332031000,77.2,3,0.0,1199,0.0,0,1,2022-08-12 09:01:30
1660294891404341000,77.2,1,0.0,1198,0.0,0,1,2022-08-12 09:01:31
1660294891715891000,77.2,10,0.0,1188,0.0,0,1,2022-08-12 09:01:31
1660294893128567000,77.2,3,0.0,1184,0.0,0,1,2022-08-12 09:01:33
1660294895403194000,77.2,2,0.0,1182,0.0,0,1,2022-08-12 09:01:35
1660294895862185000,77.2,2,0.0,1184,0.0,0,1,2022-08-12 09:01:35
1660294897290085000,77.2,1,0.0,1183,0.0,0,1,2022-08-12 09:01:37
1660294899562408000,77.2,3,0.0,1177,0.0,0,1,2022-08-12 09:01:39
1660294900078816000,77.2,1,0.0,1178,0.0,0,1,2022-08-12 09:01:40
1660294900682505000,77.2,2,0.0,1176,0.0,0,1,2022-08-12 09:01:40
1660294903269299000,77.2,1,0.0,1172,0.0,0,1,2022-08-12 09:01:43
1660294906605789000,77.2,1,0.0,1172,0.0,0,1,2022-08-12 09:01:46
1660294907747906000,77.2,1,0.0,1171,0.0,0,1,2022-08-12 09:01:47
1660294907970063000,77.2,1,0.0,1170,0.0,0,1,2022-08-12 09:01:47
1660294908673005000,77.2,13,0.0,1157,0.0,0,1,2022-08-12 09:01:48
1660294909825899000,77.2,2,0.0,1155,0.0,0,1,2022-08-12 09:01:49
1660294910244109000,77.2,4,0.0,1115,0.0,0,1,2022-08-12 09:01:50
1660294912171865000,77.2,1,0.0,1114,0.0,0,1,2022-08-12 09:01:52
1660294916242256000,77.2,5,0.0,1108,0.0,0,1,2022-08-12 09:01:56
1660294918878220000,77.2,5,0.0,1103,0.0,0,1,2022-08-12 09:01:58
1660294918956499000,77.2,1,0.0,1102,0.0,0,1,2022-08-12 09:01:58
1660294927753630000,77.2,1,0.0,1101,0.0,0,1,2022-08-12 09:02:07
1660294928339868000,77.2,1,0.0,1100,0.0,0,1,2022-08-12 09:02:08
1660294929766062000,77.2,1,0.0,1099,0.0,0,1,2022-08-12 09:02:09
1660294929825267000,77.2,1,0.0,1098,0.0,0,1,2022-08-12 09:02:09
1660294931794081000,77.2,1,0.0,1098,0.0,0,1,2022-08-12 09:02:11
1660294932454076000,77.2,1,0.0,1097,0.0,0,1,2022-08-12 09:02:12
1660294933166226000,77.2,1,0.0,1096,0.0,0,1,2022-08-12 09:02:13
1660294937934660000,77.2,1,0.0,1095,0.0,0,1,2022-08-12 09:02:17
1660294937991577000,77.2,6,0.0,1096,0.0,0,1,2022-08-12 09:02:17
1660294939217126000,77.2,1,0.0,1088,0.0,0,1,2022-08-12 09:02:19
1660294942477115000,77.2,1,0.0,1087,0.0,0,1,2022-08-12 09:02:22
1660294946465146000,77.2,2,0.0,1085,0.0,0,1,2022-08-12 09:02:26
1660294948701353000,77.2,6,0.0,1079,0.0,0,1,2022-08-12 09:02:28
1660294950346152000,77.2,1,0.0,1079,0.0,0,1,2022-08-12 09:02:30
1660294955764119000,77.2,1,0.0,1080,0.0,0,1,2022-08-12 09:02:35
1660294959324851000,77.2,1,0.0,1080,0.0,0,1,2022-08-12 09:02:39
1660294961439117000,77.2,1,0.0,914,0.0,0,1,2022-08-12 09:02:41
1660294963342248000,77.2,1,0.0,915,0.0,0,1,2022-08-12 09:02:43
1660294973107695000,77.2,1,0.0,914,0.0,0,1,2022-08-12 09:02:53
1660294975437751000,77.2,1,0.0,913,0.0,0,1,2022-08-12 09:02:55
1660294979655232000,77.2,1,0.0,915,0.0,0,1,2022-08-12 09:02:59
1660294983251349000,77.2,1,0.0,914,0.0,0,1,2022-08-12 09:03:03
1660294983838092000,77.2,1,0.0,913,0.0,0,1,2022-08-12 09:03:03
1660294989032526000,77.2,3,0.0,907,0.0,0,1,2022-08-12 09:03:09
1660294991141643000,77.2,1,0.0,904,0.0,0,1,2022-08-12 09:03:11
1660294998584582000,77.2,10,0.0,530,0.0,0,1,2022-08-12 09:03:18
1660294999026543000,77.2,100,0.0,188,0.0,0,1,2022-08-12 09:03:19
1660294999037965000,77.2,13,0.0,175,0.0,0,1,2022-08-12 09:03:19
1660294999150068000,77.2,5,0.0,176,0.0,0,1,2022-08-12 09:03:19
1660294999200326000,77.2,1,0.0,175,0.0,0,1,2022-08-12 09:03:19
1660294999700375000,77.2,181,77.2,288,0.0,0,1,2022-08-12 09:03:19
1660294999734094000,77.2,6,77.2,282,0.0,0,1,2022-08-12 09:03:19
1660294999739359000,77.2,6,77.2,276,0.0,0,1,2022-08-12 09:03:19
1660294999754188000,77.2,1,77.2,275,0.0,0,1,2022-08-12 09:03:19
1660294999785768000,77.2,1,77.2,274,0.0,0,1,2022-08-12 09:03:19
1660294999932696000,77.2,5,0.0,1,0.0,0,1,2022-08-12 09:03:19
1660295000058800000,77.2,1,77.2,269,0.0,0,1,2022-08-12 09:03:20
1660295000160165000,77.2,3,77.2,266,0.0,0,1,2022-08-12 09:03:20
1660295000329527000,77.2,1,77.2,265,0.0,0,1,2022-08-12 09:03:20
1660295000532432000,77.2,50,77.2,215,0.0,0,1,2022-08-12 09:03:20
1660295000674554000,77.2,1,77.2,214,0.0,0,1,2022-08-12 09:03:20
1660295000865642000,77.2,1,77.2,213,0.0,0,1,2022-08-12 09:03:20
1660295001005248000,77.2,1,77.2,213,0.0,0,1,2022-08-12 09:03:21
1660295001065343000,77.2,60,77.2,153,0.0,0,1,2022-08-12 09:03:21
1660295001394513000,77.2,1,77.2,152,0.0,0,1,2022-08-12 09:03:21
1660295001541520000,77.2,5,77.2,147,0.0,0,1,2022-08-12 09:03:21
1660295001591274000,77.2,1,77.2,146,0.0,0,1,2022-08-12 09:03:21
1660295001770486000,77.2,15,77.2,131,0.0,0,1,2022-08-12 09:03:21
1660295002077406000,77.2,1,77.2,130,0.0,0,1,2022-08-12 09:03:22
1660295002476870000,77.2,3,77.2,127,0.0,0,1,2022-08-12 09:03:22
1660295002568557000,77.2,5,77.2,122,0.0,0,1,2022-08-12 09:03:22
1660295002815508000,77.2,1,77.2,121,0.0,0,1,2022-08-12 09:03:22
1660295003113892000,77.2,1,77.2,120,0.0,0,1,2022-08-12 09:03:23
1660295003134227000,77.2,1,77.2,119,0.0,0,1,2022-08-12 09:03:23
1660295003449308000,77.2,2,77.2,118,0.0,0,1,2022-08-12 09:03:23
1660295003456998000,77.2,1,77.2,117,0.0,0,1,2022-08-12 09:03:23
1660295004624442000,77.2,1,77.2,116,0.0,0,1,2022-08-12 09:03:24
1660295005652187000,77.2,1,77.2,115,0.0,0,1,2022-08-12 09:03:25
1660295006905940000,77.2,2,77.2,113,0.0,0,1,2022-08-12 09:03:26
1660295008285547000,77.2,5,77.2,108,0.0,0,1,2022-08-12 09:03:28
1660295008325207000,77.2,89,77.2,19,0.0,0,1,2022-08-12 09:03:28
1660295008549813000,77.2,1,77.2,18,0.0,0,1,2022-08-12 09:03:28
1660295008962308000,77.2,3,77.2,15,0.0,0,1,2022-08-12 09:03:28
1660295009130215000,77.2,10,0.0,26,0.0,0,1,2022-08-12 09:03:29
1660295009227163000,77.2,5,0.0,57,0.0,0,1,2022-08-12 09:03:29
1660295009245850000,77.2,10,0.0,47,0.0,0,1,2022-08-12 09:03:29
1660295009422033000,77.2,5,0.0,52,0.0,0,1,2022-08-12 09:03:29
1660295010097994000,77.2,10,0.0,105,0.0,0,1,2022-08-12 09:03:30
1660295010295278000,77.2,4,0.0,101,0.0,0,1,2022-08-12 09:03:30
1660295010317154000,77.2,1,0.0,100,0.0,0,1,2022-08-12 09:03:30
1660295010587060000,77.2,1,0.0,104,0.0,0,1,2022-08-12 09:03:30
1660295010738763000,77.2,36,0.0,68,0.0,0,1,2022-08-12 09:03:30
1660295010958298000,77.2,1,0.0,77,0.0,0,1,2022-08-12 09:03:30
1660295010969328000,77.2,3,0.0,74,0.0,0,1,2022-08-12 09:03:30
1660295011914011000,77.2,5,0.0,16,0.0,0,1,2022-08-12 09:03:31
1660295012061319000,77.2,1,0.0,10,0.0,0,1,2022-08-12 09:03:32
1660295012110441000,77.2,5,0.0,5,0.0,0,1,2022-08-12 09:03:32
1660295012318926000,77.2,1,0.0,4,0.0,0,1,2022-08-12 09:03:32
1660295012975294000,77.2,1,0.0,50,0.0,0,1,2022-08-12 09:03:32
1660295013317353000,77.2,1,0.0,49,0.0,0,1,2022-08-12 09:03:33
1660295014290385000,77.2,4,77.2,12,0.0,0,1,2022-08-12 09:03:34
1660295014392320000,77.2,1,77.2,16,0.0,0,1,2022-08-12 09:03:34
1660295015242331000,77.2,1,77.2,10,0.0,0,1,2022-08-12 09:03:35
1660295017396037000,77.2,1,77.2,9,0.0,0,1,2022-08-12 09:03:37
1660295019510537000,77.2,1,77.2,7,0.0,0,1,2022-08-12 09:03:39
1660295020112124000,77.2,1,77.2,6,0.0,0,1,2022-08-12 09:03:40
1660295021077740000,77.2,1,77.2,5,0.0,0,1,2022-08-12 09:03:41
1660295022368163000,77.2,5,76.5,5,0.0,0,1,2022-08-12 09:03:42
1660295022368163000,77.0,2,76.5,5,0.0,0,2,2022-08-12 09:03:42
1660295022368163000,76.8,1,76.5,5,0.0,0,2,2022-08-12 09:03:42
1660295022368163000,76.6,1,76.5,5,0.0,0,2,2022-08-12 09:03:42
1660295022368163000,76.5,1,76.5,5,0.0,0,2,2022-08-12 09:03:42
1660295022439903000,76.5,1,76.5,4,77.2,1,2,2022-08-12 09:03:42
1660295022452677000,76.5,2,76.5,2,77.2,1,2,2022-08-12 09:03:42
1660295022465537000,77.2,1,76.5,2,0.0,0,1,2022-08-12 09:03:42
1660295022503590000,76.5,1,76.5,1,0.0,0,2,2022-08-12 09:03:42
1660295022714003000,77.2,1,76.5,1,0.0,0,1,2022-08-12 09:03:42
1660295022716980000,76.5,1,77.2,1,0.0,0,2,2022-08-12 09:03:42
1660295028396917000,76.7,1,76.7,1,77.1,2,2,2022-08-12 09:03:48
1660295028667424000,76.6,1,76.5,11,77.1,8,2,2022-08-12 09:03:48
1660295029580603000,76.5,1,76.5,10,76.7,1,2,2022-08-12 09:03:49
1660295029606448000,76.5,10,76.4,7,76.7,1,2,2022-08-12 09:03:49
1660295030126898000,76.5,1,76.4,7,76.7,1,1,2022-08-12 09:03:50
1660295030600267000,76.5,1,76.4,5,76.7,1,2,2022-08-12 09:03:50
1660295030600267000,76.4,2,76.4,5,76.7,1,2,2022-08-12 09:03:50
1660295030671475000,76.4,1,76.4,4,76.7,1,2,2022-08-12 09:03:50
1660295030702316000,76.4,4,76.3,1,76.7,1,2,2022-08-12 09:03:50
1660295031759542000,76.3,1,76.2,1,76.5,1,2,2022-08-12 09:03:51
1660295032258663000,76.2,11,76.1,5,76.4,1,2,2022-08-12 09:03:52
1660295033243700000,76.3,1,76.1,5,76.4,1,2,2022-08-12 09:03:53
1660295033821609000,76.3,1,76.2,1,76.3,1,1,2022-08-12 09:03:53
1660295034261878000,76.2,1,76.1,5,76.3,1,2,2022-08-12 09:03:54
1660295034322732000,76.3,1,76.1,5,76.4,1,1,2022-08-12 09:03:54
1660295035062246000,76.3,1,76.1,5,76.4,1,2,2022-08-12 09:03:55
1660295035880016000,76.1,1,76.1,5,76.3,1,2,2022-08-12 09:03:55
1660295035923231000,76.1,1,76.1,3,76.3,1,2,2022-08-12 09:03:55
1660295035965264000,76.1,3,76.0,5,76.3,1,2,2022-08-12 09:03:55
1660295036068914000,76.3,1,76.0,5,76.6,5,1,2022-08-12 09:03:56
1660295036068914000,76.4,1,76.0,5,76.6,5,1,2022-08-12 09:03:56
1660295036068914000,76.5,3,76.0,5,76.6,5,1,2022-08-12 09:03:56
1660295036068914000,76.6,1,76.0,5,76.6,5,1,2022-08-12 09:03:56
1660295036102674000,76.1,1,76.0,5,76.6,5,1,2022-08-12 09:03:56
1660295037624498000,76.1,1,76.0,5,76.2,1,2,2022-08-12 09:03:57
1660295037898708000,76.0,1,76.0,5,76.2,1,2,2022-08-12 09:03:57
1660295039458766000,76.1,1,76.0,4,76.2,2,2,2022-08-12 09:03:59
1660295039741550000,76.2,1,76.0,4,76.2,1,1,2022-08-12 09:03:59
1660295039781424000,76.1,1,76.0,4,76.1,1,1,2022-08-12 09:03:59
1660295039812985000,76.1,1,76.0,4,77.0,9,1,2022-08-12 09:03:59
1660295042597442000,76.5,1,76.1,3,76.7,1,2,2022-08-12 09:04:02
1660295042986376000,76.1,3,76.0,4,76.7,1,2,2022-08-12 09:04:02
1660295042993779000,76.0,3,76.0,1,76.7,1,2,2022-08-12 09:04:02
1660295043024634000,76.0,1,75.9,5,76.7,1,2,2022-08-12 09:04:03
1660295043368852000,76.2,1,76.1,1,76.7,1,2,2022-08-12 09:04:03
1660295043396608000,76.1,1,76.2,1,76.7,1,2,2022-08-12 09:04:03
1660295043396608000,75.9,1,76.2,1,76.7,1,2,2022-08-12 09:04:03
1660295049095503000,76.2,1,76.2,6,76.3,1,2,2022-08-12 09:04:09
1660295050117483000,76.2,5,76.2,1,76.3,1,2,2022-08-12 09:04:10
1660295050479234000,76.2,1,76.1,14,76.3,1,2,2022-08-12 09:04:10
1660295051503897000,76.3,1,76.2,1,76.4,6,1,2022-08-12 09:04:11
1660295051969659000,76.2,1,76.1,14,76.4,6,2,2022-08-12 09:04:11
1660295054426965000,76.3,1,76.3,1,76.4,6,1,2022-08-12 09:04:14
1660295054656270000,76.3,1,76.2,2,76.4,6,2,2022-08-12 09:04:14
1660295055528929000,76.2,1,76.2,1,76.3,1,2,2022-08-12 09:04:15
1660295056940119000,76.2,1,76.1,14,76.3,1,2,2022-08-12 09:04:16
1660295060178133000,76.2,1,76.1,14,76.3,1,1,2022-08-12 09:04:20
1660295061148360000,76.1,1,76.1,13,76.3,1,2,2022-08-12 09:04:21
1660295061412027000,76.1,5,76.1,8,76.3,1,2,2022-08-12 09:04:21
1660295063560061000,76.1,1,76.1,7,76.3,1,2,2022-08-12 09:04:23
1660295064873133000,76.1,1,76.1,8,76.2,3,2,2022-08-12 09:04:24
1660295065182408000,76.1,7,76.0,9,76.1,4,2,2022-08-12 09:04:25
1660295065657714000,76.1,1,76.0,9,76.1,3,1,2022-08-12 09:04:25
1660295065842077000,76.1,3,76.0,9,76.2,3,1,2022-08-12 09:04:25
1660295066325849000,76.0,1,76.0,8,76.2,3,2,2022-08-12 09:04:26
1660295066815417000,76.1,1,76.0,8,76.1,8,1,2022-08-12 09:04:26
1660295067203867000,76.0,1,76.0,7,76.1,12,2,2022-08-12 09:04:27
1660295067326046000,76.1,1,76.0,7,76.1,11,1,2022-08-12 09:04:27
1660295068452190000,76.1,1,76.0,7,76.1,10,1,2022-08-12 09:04:28
1660295068889933000,76.1,6,76.0,7,76.1,4,1,2022-08-12 09:04:28
1660295070185541000,76.0,3,76.0,4,76.1,4,2,2022-08-12 09:04:30
1660295070211818000,76.1,1,76.0,4,76.1,3,1,2022-08-12 09:04:30
1660295070270639000,76.0,2,76.0,2,76.1,3,2,2022-08-12 09:04:30
1660295070339545000,76.0,1,76.0,1,76.1,3,2,2022-08-12 09:04:30
1660295071158031000,76.0,1,76.0,27,76.1,4,2,2022-08-12 09:04:31
1660295071375210000,76.1,4,76.1,1,76.2,3,1,2022-08-12 09:04:31
1660295071675432000,76.1,1,76.0,28,76.2,3,2,2022-08-12 09:04:31
1660295073522118000,76.1,1,76.0,29,76.2,3,1,2022-08-12 09:04:33
1660295074123262000,76.0,2,76.0,29,76.2,3,2,2022-08-12 09:04:34
1660295075140520000,76.0,1,76.0,29,76.1,1,2,2022-08-12 09:04:35
1660295075238744000,76.0,1,76.0,28,76.1,1,2,2022-08-12 09:04:35
1660295076905979000,76.1,1,76.0,40,76.2,3,1,2022-08-12 09:04:36
1660295076944115000,76.0,5,76.0,35,76.2,3,2,2022-08-12 09:04:36
1660295077233551000,76.0,5,76.0,35,76.2,5,2,2022-08-12 09:04:37
1660295077458769000,76.0,5,76.0,25,76.2,5,2,2022-08-12 09:04:37
1660295077677174000,76.0,5,76.0,20,76.2,5,2,2022-08-12 09:04:37
1660295077858516000,76.1,1,76.1,1,76.2,5,2,2022-08-12 09:04:37
1660295078081824000,76.1,2,76.0,18,76.2,5,2,2022-08-12 09:04:38
1660295078081824000,76.0,3,76.0,18,76.2,5,2,2022-08-12 09:04:38
1660295079231603000,76.0,2,76.0,17,76.1,6,2,2022-08-12 09:04:39
1660295079288557000,76.0,1,76.0,16,76.1,6,2,2022-08-12 09:04:39
1660295079911810000,76.1,2,76.0,17,76.1,6,1,2022-08-12 09:04:39
1660295079925354000,76.0,1,76.0,16,76.1,6,2,2022-08-12 09:04:39
1660295080817329000,76.0,1,76.0,15,76.1,6,2,2022-08-12 09:04:40
1660295081088514000,76.0,1,76.0,14,76.1,6,2,2022-08-12 09:04:41
1660295081285280000,76.0,1,76.0,13,76.1,6,2,2022-08-12 09:04:41
1660295081380552000,76.0,1,76.0,12,76.1,6,2,2022-08-12 09:04:41
1660295082362379000,76.0,5,76.0,8,76.1,7,2,2022-08-12 09:04:42
1660295082538139000,76.0,2,76.0,6,76.1,7,2,2022-08-12 09:04:42
1660295082628513000,76.0,4,76.0,2,76.1,7,2,2022-08-12 09:04:42
1660295082664131000,76.0,1,76.0,1,76.1,7,2,2022-08-12 09:04:42
1660295082664590000,76.0,1,75.9,10,76.1,7,2,2022-08-12 09:04:42
1660295082848902000,76.0,1,75.9,10,76.0,7,1,2022-08-12 09:04:42
1660295083151716000,75.9,5,75.9,5,76.0,12,2,2022-08-12 09:04:43
1660295083192097000,75.9,2,75.9,3,76.0,12,2,2022-08-12 09:04:43
1660295083192272000,75.9,3,75.8,35,76.0,12,2,2022-08-12 09:04:43
1660295083542453000,76.0,1,75.8,35,76.0,12,1,2022-08-12 09:04:43
1660295083930218000,75.9,3,75.8,33,76.0,12,2,2022-08-12 09:04:43
1660295083930218000,75.8,2,75.8,33,76.0,12,2,2022-08-12 09:04:43
1660295083998727000,76.0,1,75.8,33,76.0,11,1,2022-08-12 09:04:43
1660295084057287000,75.8,6,75.8,27,76.0,11,2,2022-08-12 09:04:44
1660295084082260000,75.8,27,75.7,8,76.0,11,2,2022-08-12 09:04:44
1660295084267155000,75.7,5,75.7,3,75.8,5,2,2022-08-12 09:04:44
1660295084281464000,75.7,3,75.6,10,75.8,5,2,2022-08-12 09:04:44
1660295084348099000,75.6,7,75.6,3,75.8,5,2,2022-08-12 09:04:44
1660295084366712000,75.6,3,75.5,8,75.8,5,2,2022-08-12 09:04:44
1660295084455320000,75.5,8,75.4,6,75.7,11,2,2022-08-12 09:04:44
1660295084658714000,75.5,1,75.4,5,75.7,16,2,2022-08-12 09:04:44
1660295084658714000,75.4,1,75.4,5,75.7,16,2,2022-08-12 09:04:44
1660295084818477000,75.4,2,75.4,3,75.7,16,2,2022-08-12 09:04:44
1660295084840173000,75.4,3,75.3,7,75.7,16,2,2022-08-12 09:04:44
1660295084851136000,75.7,1,75.3,7,75.7,15,1,2022-08-12 09:04:44
1660295085730070000,75.3,4,75.3,3,75.5,7,2,2022-08-12 09:04:45
1660295085761345000,75.3,3,75.2,6,75.5,7,2,2022-08-12 09:04:45
1660295087118077000,75.5,1,75.2,6,75.5,6,1,2022-08-12 09:04:47
1660295087422805000,75.2,1,75.2,5,75.5,6,2,2022-08-12 09:04:47
1660295087446126000,75.2,4,75.2,1,75.5,6,2,2022-08-12 09:04:47
1660295087625493000,75.2,1,75.1,6,75.5,6,2,2022-08-12 09:04:47
1660295088494754000,75.3,2,75.1,3,75.5,6,2,2022-08-12 09:04:48
1660295088494754000,75.1,3,75.1,3,75.5,6,2,2022-08-12 09:04:48
1660295088543664000,75.1,1,75.1,2,75.5,6,2,2022-08-12 09:04:48
1660295088689268000,75.1,1,75.1,1,75.5,6,2,2022-08-12 09:04:48
1660295088716044000,75.1,1,75.0,17,75.5,6,2,2022-08-12 09:04:48
1660295088769365000,75.4,1,75.1,1,75.4,6,1,2022-08-12 09:04:48
1660295088795682000,75.1,1,75.0,17,75.5,6,2,2022-08-12 09:04:48
1660295090367518000,75.3,1,75.0,15,75.4,5,2,2022-08-12 09:04:50
1660295090367518000,75.2,1,75.0,15,75.4,5,2,2022-08-12 09:04:50
1660295090367518000,75.0,2,75.0,15,75.4,5,2,2022-08-12 09:04:50
1660295091361547000,75.4,5,75.0,15,75.4,6,1,2022-08-12 09:04:51
1660295091496661000,75.4,1,75.1,1,75.4,5,1,2022-08-12 09:04:51
1660295091609077000,75.1,1,75.0,17,75.4,5,2,2022-08-12 09:04:51
1660295094442498000,75.0,1,75.0,18,75.1,1,2,2022-08-12 09:04:54
1660295095831054000,75.1,1,75.0,14,75.3,3,1,2022-08-12 09:04:55
1660295097537636000,75.1,1,75.1,4,75.3,3,2,2022-08-12 09:04:57
1660295098883043000,75.1,1,75.1,4,75.3,3,2,2022-08-12 09:04:58
1660295099568563000,75.1,1,75.1,3,75.3,3,2,2022-08-12 09:04:59
1660295101296008000,75.1,1,75.1,6,75.3,3,2,2022-08-12 09:05:01
1660295101477930000,75.1,1,75.1,5,75.3,3,2,2022-08-12 09:05:01
1660295101634877000,75.1,4,75.1,1,75.3,3,2,2022-08-12 09:05:01
1660295101781911000,75.1,1,75.0,21,75.1,1,2,2022-08-12 09:05:01
1660295101824850000,75.0,4,75.0,17,75.1,1,2,2022-08-12 09:05:01
1660295102397352000,75.1,1,75.0,16,75.3,2,1,2022-08-12 09:05:02
1660295103423531000,75.1,1,75.0,18,75.3,2,2,2022-08-12 09:05:03
1660295104151994000,75.0,1,75.0,18,75.1,1,2,2022-08-12 09:05:04
1660295104175320000,75.1,1,75.0,18,75.3,2,1,2022-08-12 09:05:04
1660295104381112000,75.0,2,75.0,19,75.3,2,2,2022-08-12 09:05:04
1660295106275797000,75.1,1,75.0,19,75.3,3,2,2022-08-12 09:05:06
1660295107705801000,75.3,3,75.0,19,75.4,7,1,2022-08-12 09:05:07
1660295108427970000,75.4,1,75.2,2,75.4,6,1,2022-08-12 09:05:08
1660295108540319000,75.2,2,75.0,16,75.4,6,2,2022-08-12 09:05:08
1660295108540319000,75.0,3,75.0,16,75.4,6,2,2022-08-12 09:05:08
1660295109617984000,75.1,1,75.1,1,75.4,7,2,2022-08-12 09:05:09
1660295111143419000,75.3,2,75.3,2,75.4,7,2,2022-08-12 09:05:11
1660295111143419000,75.1,3,75.3,2,75.4,7,2,2022-08-12 09:05:11
1660295113918704000,75.2,1,75.1,14,75.3,1,2,2022-08-12 09:05:13
1660295114121620000,75.3,1,75.1,14,75.4,7,1,2022-08-12 09:05:14
1660295117192137000,75.3,2,75.3,5,75.4,8,2,2022-08-12 09:05:17
1660295118178701000,75.3,1,75.3,4,75.4,8,2,2022-08-12 09:05:18
1660295120187755000,75.4,8,75.3,6,75.5,2,1,2022-08-12 09:05:20
1660295120472961000,75.4,1,75.3,6,75.5,2,1,2022-08-12 09:05:20
1660295120713929000,75.3,1,75.3,6,75.4,1,2,2022-08-12 09:05:20
1660295121964490000,75.3,6,75.2,5,75.5,2,2,2022-08-12 09:05:21
1660295123650215000,75.4,1,75.2,7,75.5,2,2,2022-08-12 09:05:23
1660295125445981000,75.5,1,75.3,2,75.5,1,1,2022-08-12 09:05:25
1660295125478244000,75.5,1,75.3,3,75.6,1,1,2022-08-12 09:05:25
1660295127784802000,75.5,1,75.5,3,75.6,1,2,2022-08-12 09:05:27
1660295128452143000,75.6,1,75.5,3,75.7,9,1,2022-08-12 09:05:28
1660295129145443000,75.6,1,75.5,3,75.6,4,1,2022-08-12 09:05:29
1660295129178179000,75.6,4,75.5,3,75.7,9,1,2022-08-12 09:05:29
1660295129566610000,75.7,3,75.5,3,75.7,6,1,2022-08-12 09:05:29
1660295129626359000,75.5,3,75.4,2,75.7,6,2,2022-08-12 09:05:29
1660295130531665000,75.6,1,75.5,1,75.6,4,1,2022-08-12 09:05:30
1660295131825735000,75.6,1,75.5,4,75.6,3,1,2022-08-12 09:05:31
1660295134211678000,75.6,1,75.5,6,75.6,2,1,2022-08-12 09:05:34
1660295134263921000,75.6,1,75.5,6,75.6,1,1,2022-08-12 09:05:34
1660295134756910000,75.6,1,75.5,6,75.7,6,1,2022-08-12 09:05:34
1660295135351468000,75.6,1,75.6,1,75.7,6,2,2022-08-12 09:05:35
1660295135730432000,75.7,1,75.5,9,75.7,5,1,2022-08-12 09:05:35
1660295135840701000,75.6,1,75.6,1,75.7,5,2,2022-08-12 09:05:35
1660295137219645000,75.7,5,75.6,40,75.8,7,1,2022-08-12 09:05:37
1660295137381794000,75.6,1,75.6,39,75.8,7,2,2022-08-12 09:05:37
1660295137571309000,75.8,7,75.6,43,76.0,1,1,2022-08-12 09:05:37
1660295137571309000,76.0,1,75.6,43,76.0,1,1,2022-08-12 09:05:37
1660295137649346000,76.0,1,75.6,43,76.1,6,1,2022-08-12 09:05:37
1660295138185510000,76.1,1,75.6,44,76.1,5,1,2022-08-12 09:05:38
1660295139384535000,76.1,5,75.7,3,76.2,3,1,2022-08-12 09:05:39
1660295140284756000,76.2,1,75.9,1,76.2,3,1,2022-08-12 09:05:40
1660295140609231000,76.2,3,75.9,1,76.5,1,1,2022-08-12 09:05:40
1660295140609231000,76.3,1,75.9,1,76.5,1,1,2022-08-12 09:05:40
1660295140764293000,76.5,1,76.0,1,76.5,1,1,2022-08-12 09:05:40
1660295142137107000,75.9,1,75.7,7,76.8,1,2,2022-08-12 09:05:42
1660295144270504000,76.5,1,76.1,14,76.6,1,1,2022-08-12 09:05:44
1660295147606057000,76.5,1,76.2,3,76.6,2,1,2022-08-12 09:05:47
1660295147786221000,76.6,1,76.2,3,76.6,1,1,2022-08-12 09:05:47
1660295147804741000,76.6,1,76.2,3,76.7,1,1,2022-08-12 09:05:47
1660295148237243000,76.7,1,76.2,4,76.8,1,1,2022-08-12 09:05:48
1660295148267155000,76.5,2,76.5,2,76.8,1,2,2022-08-12 09:05:48
1660295149266642000,76.8,1,76.3,1,76.9,6,1,2022-08-12 09:05:49
1660295149537430000,76.9,4,76.3,1,76.9,2,1,2022-08-12 09:05:49
1660295149713025000,76.9,2,76.3,1,77.0,6,1,2022-08-12 09:05:49
1660295149713025000,77.0,1,76.3,1,77.0,6,1,2022-08-12 09:05:49
1660295149740378000,77.0,3,76.5,1,77.0,3,1,2022-08-12 09:05:49
1660295149752652000,77.0,3,76.5,1,77.1,4,1,2022-08-12 09:05:49
1660295149752652000,77.1,1,76.5,1,77.1,4,1,2022-08-12 09:05:49
1660295150796327000,77.1,1,76.6,1,77.1,3,1,2022-08-12 09:05:50
1660295150904361000,77.1,1,76.5,1,77.1,2,1,2022-08-12 09:05:50
1660295151289889000,77.1,1,76.6,1,77.1,1,1,2022-08-12 09:05:51
1660295152034003000,76.5,1,76.4,3,77.1,1,2,2022-08-12 09:05:52
1660295152094815000,76.4,1,76.5,1,77.1,1,2,2022-08-12 09:05:52
1660295152710716000,77.1,1,76.5,1,77.2,69,1,2022-08-12 09:05:52
1660295152710716000,77.2,13,76.5,1,77.2,69,1,2022-08-12 09:05:52
1660295152725567000,77.2,4,76.5,1,77.2,65,1,2022-08-12 09:05:52
1660295152744232000,77.2,2,76.6,1,77.2,73,1,2022-08-12 09:05:52
1660295152797023000,77.2,1,76.6,1,77.2,74,1,2022-08-12 09:05:52
1660295153067757000,76.6,1,76.5,2,77.1,1,2,2022-08-12 09:05:53
1660295153079715000,77.1,1,76.5,2,77.2,73,1,2022-08-12 09:05:53
1660295153298769000,77.1,1,76.6,39,77.2,73,1,2022-08-12 09:05:53
1660295153897809000,76.8,1,76.7,1,77.0,1,2,2022-08-12 09:05:53
1660295154002050000,76.7,1,76.6,35,77.0,1,2,2022-08-12 09:05:54
1660295154002050000,76.6,4,76.6,35,77.0,1,2,2022-08-12 09:05:54
1660295154131387000,77.0,1,76.6,35,77.0,1,1,2022-08-12 09:05:54
1660295154160108000,77.0,1,76.6,35,77.0,2,1,2022-08-12 09:05:54
1660295155365240000,76.9,1,76.7,4,77.1,11,2,2022-08-12 09:05:55
1660295156221996000,76.9,1,76.7,2,76.9,1,1,2022-08-12 09:05:56
1660295157275938000,77.1,1,76.7,2,77.1,14,1,2022-08-12 09:05:57
1660295157503475000,76.8,1,76.7,2,77.1,13,2,2022-08-12 09:05:57
1660295158517666000,76.8,3,76.8,3,77.1,14,2,2022-08-12 09:05:58
1660295158554719000,76.8,3,76.7,2,77.1,14,2,2022-08-12 09:05:58
1660295159044796000,76.7,1,76.7,1,77.0,1,2,2022-08-12 09:05:59
1660295159076775000,76.7,1,76.6,35,77.0,1,2,2022-08-12 09:05:59
1660295159171246000,77.0,1,76.6,35,77.1,14,1,2022-08-12 09:05:59
1660295159383013000,76.6,10,76.6,25,77.1,14,2,2022-08-12 09:05:59
1660295159864577000,76.9,1,76.9,1,77.1,14,1,2022-08-12 09:05:59
1660295159897761000,76.9,1,76.6,25,77.1,15,2,2022-08-12 09:05:59
1660295160895589000,76.9,1,76.6,25,76.9,1,1,2022-08-12 09:06:00
1660295163629246000,76.9,1,76.6,11,76.9,1,1,2022-08-12 09:06:03
1660295164798071000,76.9,1,76.9,1,77.0,2,2,2022-08-12 09:06:04
1660295165967354000,76.9,1,76.7,5,76.9,9,1,2022-08-12 09:06:05
1660295168523748000,76.9,6,76.6,3,76.9,9,1,2022-08-12 09:06:08
1660295169473262000,76.9,1,76.6,3,76.9,17,1,2022-08-12 09:06:09
1660295171242379000,76.7,5,76.6,4,76.8,1,2,2022-08-12 09:06:11
1660295171332689000,76.6,2,76.6,2,76.8,1,2,2022-08-12 09:06:11
1660295171364954000,76.6,2,76.7,5,76.8,1,2,2022-08-12 09:06:11
1660295171675020000,76.5,3,76.5,6,76.8,14,2,2022-08-12 09:06:11
1660295171702797000,76.5,3,76.5,3,76.8,14,2,2022-08-12 09:06:11
1660295171741863000,76.5,1,76.5,2,76.8,14,2,2022-08-12 09:06:11
1660295171766187000,76.5,2,76.4,2,76.8,14,2,2022-08-12 09:06:11
1660295171799834000,76.4,1,76.4,1,76.8,14,2,2022-08-12 09:06:11
1660295172371495000,76.4,1,76.2,2,76.8,14,2,2022-08-12 09:06:12
1660295172371495000,76.3,2,76.2,2,76.8,14,2,2022-08-12 09:06:12
1660295172722370000,76.2,1,76.2,1,76.4,6,2,2022-08-12 09:06:12
1660295172783662000,76.4,5,76.2,2,76.4,6,1,2022-08-12 09:06:12
1660295173804106000,76.4,1,76.2,1,76.4,1,1,2022-08-12 09:06:13
1660295174506687000,76.2,1,76.2,1,76.4,6,2,2022-08-12 09:06:14
1660295176165649000,76.2,1,76.1,4,76.4,6,2,2022-08-12 09:06:16
1660295177160693000,76.4,2,76.1,4,76.4,4,1,2022-08-12 09:06:17
1660295177987026000,76.3,1,76.3,1,76.4,4,1,2022-08-12 09:06:17
1660295180848863000,76.4,1,76.3,2,76.4,5,1,2022-08-12 09:06:20
1660295182965160000,76.4,1,76.3,2,76.4,3,1,2022-08-12 09:06:22
1660295184899312000,76.4,1,76.3,2,76.4,3,1,2022-08-12 09:06:24
1660295185592332000,76.4,1,76.3,2,76.4,2,1,2022-08-12 09:06:25
1660295185661851000,76.4,2,76.3,2,76.5,1,1,2022-08-12 09:06:25
1660295185703386000,76.3,1,76.3,1,76.5,1,2,2022-08-12 09:06:25
1660295186218353000,76.4,1,76.3,1,76.5,1,1,2022-08-12 09:06:26
1660295188597956000,76.4,1,76.3,2,76.5,1,2,2022-08-12 09:06:28
1660295189485232000,76.4,1,76.3,3,76.4,1,1,2022-08-12 09:06:29
1660295190523816000,76.4,1,76.3,3,76.4,1,1,2022-08-12 09:06:30
1660295191505449000,76.4,1,76.3,3,76.6,2,1,2022-08-12 09:06:31
1660295192644843000,76.5,2,76.3,4,76.5,5,1,2022-08-12 09:06:32
1660295195809994000,76.5,5,76.3,4,76.6,1,1,2022-08-12 09:06:35
1660295195809994000,76.6,1,76.3,4,76.6,1,1,2022-08-12 09:06:35
1660295197849781000,76.5,3,76.3,5,76.5,13,1,2022-08-12 09:06:37
1660295199623852000,76.5,1,76.4,2,76.5,13,1,2022-08-12 09:06:39
1660295200114718000,76.5,1,76.4,2,76.5,11,1,2022-08-12 09:06:40
1660295200464146000,76.4,1,76.4,1,76.5,11,2,2022-08-12 09:06:40
1660295203173383000,76.5,1,76.4,2,76.5,11,1,2022-08-12 09:06:43
1660295203227978000,76.4,2,76.4,2,76.5,12,2,2022-08-12 09:06:43
1660295204760126000,76.3,3,76.3,5,76.4,7,2,2022-08-12 09:06:44
1660295204971038000,76.3,1,76.3,1,76.4,7,2,2022-08-12 09:06:44
1660295206061869000,76.3,1,76.3,1,76.4,7,2,2022-08-12 09:06:46
1660295206681925000,76.3,1,76.3,1,76.4,7,2,2022-08-12 09:06:46
1660295206997205000,76.3,1,76.3,1,76.4,7,2,2022-08-12 09:06:46
1660295207841625000,76.4,1,76.3,1,76.4,6,1,2022-08-12 09:06:47
1660295208710073000,76.3,1,76.3,1,76.4,7,2,2022-08-12 09:06:48
1660295208837882000,76.3,1,76.3,2,76.4,7,2,2022-08-12 09:06:48
1660295209287892000,76.2,2,76.1,5,76.3,2,2,2022-08-12 09:06:49
1660295210331750000,76.2,1,76.1,5,76.2,2,1,2022-08-12 09:06:50
1660295211727700000,76.1,5,76.0,19,76.1,1,2,2022-08-12 09:06:51
1660295211799567000,76.1,1,76.0,19,76.2,4,1,2022-08-12 09:06:51
1660295212284261000,76.0,1,76.0,20,76.2,4,2,2022-08-12 09:06:52
1660295212391777000,76.2,1,76.0,18,76.2,3,1,2022-08-12 09:06:52
1660295212900300000,76.2,1,76.0,18,76.2,2,1,2022-08-12 09:06:52
1660295214225446000,76.0,5,76.0,19,76.1,6,2,2022-08-12 09:06:54
1660295215606487000,76.1,1,76.0,19,76.1,5,1,2022-08-12 09:06:55
1660295216397649000,76.1,1,76.1,4,76.2,2,2,2022-08-12 09:06:56
1660295218280988000,76.2,1,76.1,5,76.2,7,1,2022-08-12 09:06:58
1660295219376390000,76.2,2,76.1,8,76.2,5,1,2022-08-12 09:06:59
1660295220226014000,76.1,1,76.1,7,76.2,5,2,2022-08-12 09:07:00
1660295220297157000,76.2,1,76.1,7,76.2,4,1,2022-08-12 09:07:00
1660295220514412000,76.1,1,76.1,6,76.2,4,2,2022-08-12 09:07:00
1660295220543463000,76.2,4,76.1,6,76.3,2,1,2022-08-12 09:07:00
1660295223263689000,76.1,1,76.1,14,76.2,6,2,2022-08-12 09:07:03
1660295223290450000,76.1,14,76.0,13,76.2,6,2,2022-08-12 09:07:03
1660295224632077000,76.2,1,76.0,13,76.2,5,1,2022-08-12 09:07:04
1660295224708179000,76.2,2,76.0,13,76.2,3,1,2022-08-12 09:07:04
1660295224804026000,76.2,1,76.0,13,76.2,2,1,2022-08-12 09:07:04
1660295225333467000,76.0,1,76.0,12,76.2,2,2,2022-08-12 09:07:05
1660295226353422000,76.0,1,76.0,13,76.2,3,2,2022-08-12 09:07:06
1660295226605685000,76.0,1,76.0,11,76.2,5,2,2022-08-12 09:07:06
1660295232155977000,76.1,1,76.1,1,76.2,5,2,2022-08-12 09:07:12
1660295237326387000,76.1,2,76.1,3,76.2,5,2,2022-08-12 09:07:17
1660295237604709000,76.1,1,76.1,2,76.2,5,2,2022-08-12 09:07:17
1660295238093349000,76.2,1,76.1,2,76.2,4,1,2022-08-12 09:07:18
1660295239022490000,76.1,2,76.0,25,76.2,4,2,2022-08-12 09:07:19
1660295242119626000,76.2,1,76.0,26,76.2,3,1,2022-08-12 09:07:22
1660295247406380000,76.1,2,76.0,30,76.1,3,2,2022-08-12 09:07:27
1660295247429813000,76.1,3,76.0,30,76.2,4,1,2022-08-12 09:07:27
1660295248882335000,76.2,1,76.0,30,76.2,3,1,2022-08-12 09:07:28
1660295249065086000,76.1,1,76.0,30,76.2,3,1,2022-08-12 09:07:29
1660295250915657000,76.2,4,76.0,30,76.3,4,1,2022-08-12 09:07:30
1660295257914381000,76.2,1,76.2,2,76.3,4,2,2022-08-12 09:07:37
1660295257956956000,76.3,1,76.2,2,76.3,3,1,2022-08-12 09:07:37
1660295258267605000,76.2,1,76.2,3,76.3,4,2,2022-08-12 09:07:38
1660295262784315000,76.2,1,76.2,1,76.3,3,2,2022-08-12 09:07:42
1660295262818219000,76.2,1,76.1,19,76.3,3,2,2022-08-12 09:07:42
1660295262838796000,76.2,1,76.1,19,76.2,1,1,2022-08-12 09:07:42
1660295262915730000,76.2,1,76.1,19,76.3,3,1,2022-08-12 09:07:42
1660295266123044000,76.3,1,76.2,1,76.3,4,1,2022-08-12 09:07:46
1660295267130802000,76.3,4,76.2,2,76.4,2,1,2022-08-12 09:07:47
1660295268473702000,76.2,1,76.2,1,76.4,4,2,2022-08-12 09:07:48
1660295269751300000,76.2,1,76.1,10,76.4,4,2,2022-08-12 09:07:49
1660295269891539000,76.1,1,76.1,9,76.4,4,2,2022-08-12 09:07:49
1660295274052248000,76.2,1,76.2,2,76.4,4,2,2022-08-12 09:07:54
1660295278037886000,76.2,2,76.2,10,76.4,4,2,2022-08-12 09:07:58
1660295283474921000,76.2,1,76.2,12,76.4,4,2,2022-08-12 09:08:03
1660295283492875000,76.2,1,76.2,11,76.4,4,2,2022-08-12 09:08:03
1660295286521798000,76.4,1,76.2,11,76.4,3,1,2022-08-12 09:08:06
1660295286827358000,76.2,1,76.2,10,76.4,3,2,2022-08-12 09:08:06
1660295287700871000,76.2,1,76.2,9,76.4,3,2,2022-08-12 09:08:07
1660295288073467000,76.2,2,76.2,7,76.4,3,2,2022-08-12 09:08:08
1660295288392444000,76.2,1,76.2,6,76.4,3,2,2022-08-12 09:08:08
1660295294367235000,76.4,1,76.2,9,76.4,2,1,2022-08-12 09:08:14
1660295295377352000,76.2,1,76.2,8,76.4,2,2,2022-08-12 09:08:15
1660295295501898000,76.2,1,76.2,7,76.4,2,2,2022-08-12 09:08:15
1660295296206955000,76.4,1,76.2,7,76.4,1,1,2022-08-12 09:08:16
1660295296716157000,76.2,1,76.2,7,76.4,1,2,2022-08-12 09:08:16
1660295297884025000,76.2,7,76.1,4,76.4,1,2,2022-08-12 09:08:17
1660295297884025000,76.1,10,76.1,4,76.4,1,2,2022-08-12 09:08:17
1660295300649249000,76.2,1,76.1,4,76.4,1,2,2022-08-12 09:08:20
1660295304869351000,76.2,2,76.2,5,76.4,1,2,2022-08-12 09:08:24
1660295306803569000,76.2,1,76.2,3,76.4,1,2,2022-08-12 09:08:26
1660295307171580000,76.2,1,76.2,2,76.4,1,2,2022-08-12 09:08:27
1660295309738735000,76.2,1,76.2,4,76.4,2,2,2022-08-12 09:08:29
1660295314212198000,76.2,2,76.2,4,76.4,4,2,2022-08-12 09:08:34
1660295316282675000,76.2,4,76.1,20,76.3,9,2,2022-08-12 09:08:36
1660295324920519000,76.3,4,76.2,2,76.3,9,1,2022-08-12 09:08:44
1660295329210848000,76.2,1,76.2,1,76.3,6,2,2022-08-12 09:08:49
1660295332895973000,76.2,1,76.1,21,76.3,6,1,2022-08-12 09:08:52
1660295332957869000,76.3,6,76.1,22,76.3,6,1,2022-08-12 09:08:52
1660295335756535000,76.2,1,76.1,21,76.4,4,1,2022-08-12 09:08:55
1660295339214750000,76.4,2,76.2,12,76.4,4,1,2022-08-12 09:08:59
1660295341545636000,76.4,2,76.2,13,76.5,3,1,2022-08-12 09:09:01
1660295343640576000,76.5,3,76.3,5,76.6,4,1,2022-08-12 09:09:03
1660295343723380000,76.6,1,76.3,5,76.6,3,1,2022-08-12 09:09:03
1660295343725985000,76.6,1,76.3,5,76.6,2,1,2022-08-12 09:09:03
1660295343754834000,76.6,2,76.3,5,76.7,1,1,2022-08-12 09:09:03
1660295343754834000,76.7,3,76.3,5,76.7,1,1,2022-08-12 09:09:03
1660295344901268000,76.5,1,76.5,4,76.7,1,2,2022-08-12 09:09:04
1660295347860234000,76.5,1,76.5,4,76.7,1,2,2022-08-12 09:09:07
1660295351865895000,76.6,1,76.5,5,76.7,2,2,2022-08-12 09:09:11
1660295351951599000,76.7,1,76.5,5,76.7,2,1,2022-08-12 09:09:11
1660295357494841000,76.7,1,76.5,5,76.8,1,1,2022-08-12 09:09:17
1660295357494841000,76.8,5,76.5,5,76.8,1,1,2022-08-12 09:09:17
1660295357740904000,76.8,1,76.7,2,76.9,5,1,2022-08-12 09:09:17
1660295357740904000,76.9,12,76.7,2,76.9,5,1,2022-08-12 09:09:17
1660295357826051000,76.9,1,76.7,2,76.9,4,1,2022-08-12 09:09:17
1660295357877996000,76.9,4,76.7,2,77.0,9,1,2022-08-12 09:09:17
1660295357877996000,77.0,2,76.7,2,77.0,9,1,2022-08-12 09:09:17
1660295357884525000,77.0,2,76.7,2,77.0,7,1,2022-08-12 09:09:17
1660295357979197000,77.0,1,76.7,2,77.0,6,1,2022-08-12 09:09:17
1660295358082434000,77.0,1,76.7,2,77.0,5,1,2022-08-12 09:09:18
1660295358603087000,77.0,1,76.7,2,77.0,4,1,2022-08-12 09:09:18
1660295359044419000,76.7,1,76.7,1,77.0,4,2,2022-08-12 09:09:19
1660295360385508000,77.0,4,76.7,1,77.1,5,1,2022-08-12 09:09:20
1660295360385508000,77.1,13,76.7,1,77.1,5,1,2022-08-12 09:09:20
1660295360414713000,77.1,5,76.7,1,77.2,183,1,2022-08-12 09:09:20
1660295360414713000,77.2,25,76.7,1,77.2,183,1,2022-08-12 09:09:20
1660295360434338000,77.2,183,0.0,117,0.0,0,1,2022-08-12 09:09:20
1660295360604225000,77.2,1,0.0,249,0.0,0,1,2022-08-12 09:09:20
1660295362127376000,77.2,1,0.0,185,0.0,0,1,2022-08-12 09:09:22
1660295363683963000,77.2,1,0.0,175,0.0,0,1,2022-08-12 09:09:23
1660295364904419000,77.2,1,0.0,178,0.0,0,1,2022-08-12 09:09:24
1660295365026065000,77.2,2,0.0,176,0.0,0,1,2022-08-12 09:09:25
1660295365147424000,77.2,1,0.0,175,0.0,0,1,2022-08-12 09:09:25
1660295365833934000,77.2,1,0.0,175,0.0,0,1,2022-08-12 09:09:25
1660295365990438000,77.2,1,0.0,174,0.0,0,1,2022-08-12 09:09:25
1660295366028719000,77.2,1,0.0,173,0.0,0,1,2022-08-12 09:09:26
1660295366399997000,77.2,1,0.0,172,0.0,0,1,2022-08-12 09:09:26
1660295367124224000,77.2,1,0.0,173,0.0,0,1,2022-08-12 09:09:27
1660295368230734000,77.2,3,0.0,174,0.0,0,1,2022-08-12 09:09:28
1660295369439164000,77.2,1,0.0,173,0.0,0,1,2022-08-12 09:09:29
1660295370038668000,77.2,1,0.0,178,0.0,0,1,2022-08-12 09:09:30
1660295371185178000,77.2,1,0.0,187,0.0,0,1,2022-08-12 09:09:31
1660295371291310000,77.2,20,0.0,169,0.0,0,1,2022-08-12 09:09:31
1660295372618322000,77.2,1,0.0,680,0.0,0,1,2022-08-12 09:09:32
1660295372729910000,77.2,1,0.0,679,0.0,0,1,2022-08-12 09:09:32
1660295373970856000,77.2,1,0.0,691,0.0,0,1,2022-08-12 09:09:33
1660295374514184000,77.2,1,0.0,692,0.0,0,1,2022-08-12 09:09:34
1660295374536704000,77.2,1,0.0,693,0.0,0,1,2022-08-12 09:09:34
1660295374773151000,77.2,5,0.0,687,0.0,0,1,2022-08-12 09:09:34
1660295374925398000,77.2,1,0.0,692,0.0,0,1,2022-08-12 09:09:34
1660295376017679000,77.2,1,0.0,686,0.0,0,1,2022-08-12 09:09:36
1660295376669806000,77.2,1,0.0,742,0.0,0,1,2022-08-12 09:09:36
1660295377191598000,77.2,1,0.0,744,0.0,0,1,2022-08-12 09:09:37
1660295377776523000,77.2,1,0.0,742,0.0,0,1,2022-08-12 09:09:37
1660295379174072000,77.2,1,0.0,783,0.0,0,1,2022-08-12 09:09:39
1660295379448558000,77.2,1,0.0,784,0.0,0,1,2022-08-12 09:09:39
1660295381452232000,77.2,1,0.0,871,0.0,0,1,2022-08-12 09:09:41
1660295382293483000,77.2,3,0.0,921,0.0,0,1,2022-08-12 09:09:42
1660295386393439000,77.2,1,0.0,839,0.0,0,1,2022-08-12 09:09:46
1660295387766258000,77.2,2,0.0,837,0.0,0,1,2022-08-12 09:09:47
1660295388969143000,77.2,1,0.0,836,0.0,0,1,2022-08-12 09:09:48
1660295389470472000,77.2,1,0.0,836,0.0,0,1,2022-08-12 09:09:49
1660295390583905000,77.2,4,0.0,837,0.0,0,1,2022-08-12 09:09:50
1660295392334339000,77.2,2,0.0,898,0.0,0,1,2022-08-12 09:09:52
1660295393154344000,77.2,5,0.0,898,0.0,0,1,2022-08-12 09:09:53
1660295395607150000,77.2,1,0.0,892,0.0,0,1,2022-08-12 09:09:55
1660295395616545000,77.2,17,0.0,875,0.0,0,1,2022-08-12 09:09:55
1660295395804786000,77.2,2,0.0,873,0.0,0,1,2022-08-12 09:09:55
1660295396521790000,77.2,5,0.0,868,0.0,0,1,2022-08-12 09:09:56
1660295398699400000,77.2,2,0.0,867,0.0,0,1,2022-08-12 09:09:58
1660295404946424000,77.2,2,0.0,965,0.0,0,1,2022-08-12 09:10:04
1660295406786429000,77.2,25,0.0,965,0.0,0,1,2022-08-12 09:10:06
1660295408067428000,77.2,2,0.0,939,0.0,0,1,2022-08-12 09:10:08
1660295411850294000,77.2,1,0.0,939,0.0,0,1,2022-08-12 09:10:11
1660295413035705000,77.2,3,0.0,936,0.0,0,1,2022-08-12 09:10:13
1660295418423348000,77.2,2,0.0,937,0.0,0,1,2022-08-12 09:10:18
1660295419826946000,77.2,1,0.0,936,0.0,0,1,2022-08-12 09:10:19
1660295420209588000,77.2,1,0.0,935,0.0,0,1,2022-08-12 09:10:20
1660295422506141000,77.2,3,0.0,935,0.0,0,1,2022-08-12 09:10:22
1660295426667300000,77.2,2,0.0,931,0.0,0,1,2022-08-12 09:10:26
1660295427291096000,77.2,3,0.0,928,0.0,0,1,2022-08-12 09:10:27
1660295428282701000,77.2,5,0.0,923,0.0,0,1,2022-08-12 09:10:28
1660295429209410000,77.2,1,0.0,934,0.0,0,1,2022-08-12 09:10:29
1660295430273200000,77.2,1,0.0,933,0.0,0,1,2022-08-12 09:10:30
1660295431282371000,77.2,2,0.0,931,0.0,0,1,2022-08-12 09:10:31
1660295433177525000,77.2,1,0.0,931,0.0,0,1,2022-08-12 09:10:33
1660295438555884000,77.2,1,0.0,931,0.0,0,1,2022-08-12 09:10:38
1660295442059211000,77.2,1,0.0,930,0.0,0,1,2022-08-12 09:10:42
1660295444623461000,77.2,1,0.0,929,0.0,0,1,2022-08-12 09:10:44
1660295445536837000,77.2,1,0.0,1469,0.0,0,1,2022-08-12 09:10:45
1660295449181978000,77.2,1,0.0,1469,0.0,0,1,2022-08-12 09:10:49
1660295450418152000,77.2,2,0.0,927,0.0,0,1,2022-08-12 09:10:50
1660295457322387000,77.2,20,0.0,1406,0.0,0,1,2022-08-12 09:10:57
1660295458364363000,77.2,2,0.0,1417,0.0,0,1,2022-08-12 09:10:58
1660295458906545000,77.2,1,0.0,1416,0.0,0,1,2022-08-12 09:10:58
1660295469419841000,77.2,5,0.0,1399,0.0,0,1,2022-08-12 09:11:09
1660295472666819000,77.2,1,0.0,1398,0.0,0,1,2022-08-12 09:11:12
1660295473140801000,77.2,1,0.0,1397,0.0,0,1,2022-08-12 09:11:13
1660295473247129000,77.2,3,0.0,1394,0.0,0,1,2022-08-12 09:11:13
1660295478218668000,77.2,1,0.0,1432,0.0,0,1,2022-08-12 09:11:18
1660295480434779000,77.2,1,0.0,1431,0.0,0,1,2022-08-12 09:11:20
1660295489790202000,77.2,34,0.0,1397,0.0,0,1,2022-08-12 09:11:29
1660295493860742000,77.2,9,0.0,1389,0.0,0,1,2022-08-12 09:11:33
1660295511204074000,77.2,13,0.0,1377,0.0,0,1,2022-08-12 09:11:51
1660295520575564000,77.2,2,0.0,1375,0.0,0,1,2022-08-12 09:12:00
1660295521689125000,77.2,1,0.0,1374,0.0,0,1,2022-08-12 09:12:01
1660295532296510000,77.2,1,0.0,1374,0.0,0,1,2022-08-12 09:12:12
1660295543603315000,77.2,2,0.0,1372,0.0,0,1,2022-08-12 09:12:23
1660295578779315000,77.2,1,0.0,1384,0.0,0,1,2022-08-12 09:12:58
1660295599009551000,77.2,10,0.0,1376,0.0,0,1,2022-08-12 09:13:19
1660295607261154000,77.2,1,0.0,1375,0.0,0,1,2022-08-12 09:13:27
1660295609540192000,77.2,1,0.0,1374,0.0,0,1,2022-08-12 09:13:29
1660295610060832000,77.2,1,0.0,1373,0.0,0,1,2022-08-12 09:13:30
1660295617873218000,77.2,2,0.0,1373,0.0,0,1,2022-08-12 09:13:37
1660295619027629000,77.2,2,0.0,1371,0.0,0,1,2022-08-12 09:13:39
1660295622520340000,77.2,1,0.0,1369,0.0,0,1,2022-08-12 09:13:42
1660295638767927000,77.2,1,0.0,1368,0.0,0,1,2022-08-12 09:13:58
1660295651294328000,77.2,1,0.0,1367,0.0,0,1,2022-08-12 09:14:11
1660295663400395000,77.2,1,0.0,1365,0.0,0,1,2022-08-12 09:14:23
1660295713480263000,77.2,1,0.0,1364,0.0,0,1,2022-08-12 09:15:13
1660295720070572000,77.2,1,0.0,1364,0.0,0,1,2022-08-12 09:15:20
1660295720486441000,77.2,1,0.0,1363,0.0,0,1,2022-08-12 09:15:20
1660295728076696000,77.2,1,0.0,1362,0.0,0,1,2022-08-12 09:15:28
1660295743348413000,77.2,3,0.0,1359,0.0,0,1,2022-08-12 09:15:43
1660295766807242000,77.2,6,0.0,1353,0.0,0,1,2022-08-12 09:16:06
1660295770580287000,77.2,1,0.0,1353,0.0,0,1,2022-08-12 09:16:10
1660295777964800000,77.2,1,0.0,1352,0.0,0,1,2022-08-12 09:16:17
1660295793051101000,77.2,1,0.0,1651,0.0,0,1,2022-08-12 09:16:33
1660295795436968000,77.2,5,0.0,1646,0.0,0,1,2022-08-12 09:16:35
1660295798372317000,77.2,1,0.0,1645,0.0,0,1,2022-08-12 09:16:38
1660295804890543000,77.2,1,0.0,1644,0.0,0,1,2022-08-12 09:16:44
1660295824363262000,77.2,1,0.0,1643,0.0,0,1,2022-08-12 09:17:04
1660295836988923000,77.2,25,0.0,1621,0.0,0,1,2022-08-12 09:17:16
1660295875939316000,77.2,1,0.0,1620,0.0,0,1,2022-08-12 09:17:55
1660295893073863000,77.2,1,0.0,1619,0.0,0,1,2022-08-12 09:18:13
1660295905820461000,77.2,1,0.0,1621,0.0,0,1,2022-08-12 09:18:25
1660295969420161000,77.2,3,0.0,1617,0.0,0,1,2022-08-12 09:19:29
1660296011144134000,77.2,1,0.0,1617,0.0,0,1,2022-08-12 09:20:11
1660296026545392000,77.2,1,0.0,1616,0.0,0,1,2022-08-12 09:20:26
1660296027299457000,77.2,2,0.0,1614,0.0,0,1,2022-08-12 09:20:27
1660296047973571000,77.2,2,0.0,1612,0.0,0,1,2022-08-12 09:20:47
1660296053552387000,77.2,1,0.0,1611,0.0,0,1,2022-08-12 09:20:53
1660296111555969000,77.2,1,0.0,1839,0.0,0,1,2022-08-12 09:21:51
1660296213573391000,77.2,1,0.0,1839,0.0,0,1,2022-08-12 09:23:33
1660296222472382000,77.2,1,0.0,1838,0.0,0,1,2022-08-12 09:23:42
1660296248935602000,77.2,1,0.0,1837,0.0,0,1,2022-08-12 09:24:08
1660296260356897000,77.2,1,0.0,1836,0.0,0,1,2022-08-12 09:24:20
1660296274051991000,77.2,1,0.0,1835,0.0,0,1,2022-08-12 09:24:34
1660296275169540000,77.2,1,0.0,1834,0.0,0,1,2022-08-12 09:24:35
1660296278818231000,77.2,7,0.0,1827,0.0,0,1,2022-08-12 09:24:38
1660296332410735000,77.2,2,0.0,1827,0.0,0,1,2022-08-12 09:25:32
1660296333808288000,77.2,1,0.0,1826,0.0,0,1,2022-08-12 09:25:33
1660296381812023000,77.2,1,0.0,1826,0.0,0,1,2022-08-12 09:26:21
1660296403421103000,77.2,2,0.0,1824,0.0,0,1,2022-08-12 09:26:43
1660296518143412000,77.2,3,0.0,1823,0.0,0,1,2022-08-12 09:28:38
1660296521222235000,77.2,3,0.0,1820,0.0,0,1,2022-08-12 09:28:41
1660296564599845000,77.2,1,0.0,1820,0.0,0,1,2022-08-12 09:29:24
1660297052007823000,77.2,5,0.0,1826,0.0,0,1,2022-08-12 09:37:32
1660297066369570000,77.2,1,0.0,1826,0.0,0,1,2022-08-12 09:37:46
1660297108952544000,77.2,1,0.0,1826,0.0,0,1,2022-08-12 09:38:28
1660297198254373000,77.2,5,0.0,1821,0.0,0,1,2022-08-12 09:39:58
1660297205219131000,77.2,1,0.0,1820,0.0,0,1,2022-08-12 09:40:05
1660297226848282000,77.2,1,0.0,1819,0.0,0,1,2022-08-12 09:40:26
1660297291708827000,77.2,1,0.0,1818,0.0,0,1,2022-08-12 09:41:31
1660297300687411000,77.2,2,0.0,1816,0.0,0,1,2022-08-12 09:41:40
1660297395409724000,77.2,3,0.0,1815,0.0,0,1,2022-08-12 09:43:15
1660297414880754000,77.2,2,0.0,1813,0.0,0,1,2022-08-12 09:43:34
1660297437808072000,77.2,480,0.0,1533,0.0,0,1,2022-08-12 09:43:57
1660297437840207000,77.2,5,0.0,173,0.0,0,1,2022-08-12 09:43:57
1660297437844810000,77.2,5,0.0,168,0.0,0,1,2022-08-12 09:43:57
1660297437850254000,77.2,2,0.0,166,0.0,0,1,2022-08-12 09:43:57
1660297437869753000,77.2,30,0.0,136,0.0,0,1,2022-08-12 09:43:57
1660297437869778000,77.2,13,0.0,123,0.0,0,1,2022-08-12 09:43:57
1660297437873228000,77.2,2,0.0,48,0.0,0,1,2022-08-12 09:43:57
1660297437906600000,77.2,112,77.0,7,77.2,188,1,2022-08-12 09:43:57
1660297437945477000,77.0,6,77.0,1,77.2,188,2,2022-08-12 09:43:57
1660297437967297000,77.0,1,76.6,1,77.0,3,2,2022-08-12 09:43:57
1660297438181876000,76.6,1,76.5,2,77.0,5,2,2022-08-12 09:43:58
1660297445117196000,76.5,5,76.5,7,76.9,7,2,2022-08-12 09:44:05
1660297445836296000,76.5,1,76.4,1,76.5,10,1,2022-08-12 09:44:05
1660297446617938000,76.4,1,76.4,1,76.5,10,2,2022-08-12 09:44:06
1660297446617938000,76.2,4,76.4,1,76.5,10,2,2022-08-12 09:44:06
1660297453344319000,76.2,1,76.2,9,76.5,10,2,2022-08-12 09:44:13
1660297453374753000,76.5,8,76.2,9,76.5,10,1,2022-08-12 09:44:13
1660297464771834000,76.5,3,76.5,2,76.8,1,1,2022-08-12 09:44:24
1660297473238931000,76.5,3,76.4,1,76.8,1,2,2022-08-12 09:44:33
1660297476187410000,76.5,3,76.5,1,76.8,1,2,2022-08-12 09:44:36
1660297476206189000,76.5,1,76.4,1,76.8,1,2,2022-08-12 09:44:36
1660297477172609000,76.4,3,76.3,8,76.8,3,2,2022-08-12 09:44:37
1660297477172609000,76.3,1,76.3,8,76.8,3,2,2022-08-12 09:44:37
1660297479830900000,76.3,1,76.3,7,76.7,2,2,2022-08-12 09:44:39
1660297481737388000,76.3,4,76.3,3,76.7,4,2,2022-08-12 09:44:41
1660297481769809000,76.3,3,76.2,14,76.7,4,2,2022-08-12 09:44:41
1660297482484304000,76.2,2,76.2,12,76.6,1,2,2022-08-12 09:44:42
1660297482638329000,76.2,10,76.2,2,76.6,1,2,2022-08-12 09:44:42
1660297482669131000,76.2,1,76.2,1,76.6,1,2,2022-08-12 09:44:42
1660297482669147000,76.2,1,76.1,2,76.6,1,2,2022-08-12 09:44:42
1660297484139166000,76.1,2,76.0,7,76.7,6,2,2022-08-12 09:44:44
1660297484139166000,76.0,8,76.0,7,76.7,6,2,2022-08-12 09:44:44
1660297484194348000,76.0,5,76.0,2,76.6,3,2,2022-08-12 09:44:44
1660297484230046000,76.0,1,76.0,1,76.5,1,2,2022-08-12 09:44:44
1660297484230072000,76.0,1,75.9,7,76.5,1,2,2022-08-12 09:44:44
1660297484410085000,75.9,1,75.9,6,76.5,3,2,2022-08-12 09:44:44
1660297486806077000,76.5,2,75.9,6,76.5,1,1,2022-08-12 09:44:46
1660297489308731000,76.0,2,75.9,7,76.3,5,2,2022-08-12 09:44:49
1660297495186007000,76.0,7,75.9,8,76.0,13,2,2022-08-12 09:44:55
1660297495216918000,75.9,1,75.9,7,76.0,13,2,2022-08-12 09:44:55
1660297495216936000,75.9,1,75.9,6,76.0,13,2,2022-08-12 09:44:55
1660297495216992000,75.9,1,75.9,5,76.0,13,2,2022-08-12 09:44:55
1660297495217009000,75.9,1,75.9,4,76.0,13,2,2022-08-12 09:44:55
1660297495217013000,75.9,1,75.9,3,76.0,13,2,2022-08-12 09:44:55
1660297495217049000,75.9,1,75.9,2,76.0,13,2,2022-08-12 09:44:55
1660297495217090000,75.9,1,75.9,1,76.0,13,2,2022-08-12 09:44:55
1660297495217116000,75.9,1,75.8,2,76.0,13,2,2022-08-12 09:44:55
1660297495247734000,75.8,1,75.8,1,76.0,13,2,2022-08-12 09:44:55
1660297495247799000,75.8,1,75.7,1,76.0,13,2,2022-08-12 09:44:55
1660297497361639000,76.0,1,75.7,1,76.0,19,1,2022-08-12 09:44:57
1660297499951882000,75.7,1,75.6,4,75.8,5,2,2022-08-12 09:44:59
1660297502728649000,75.8,1,75.7,3,75.8,4,1,2022-08-12 09:45:02
1660297503153801000,75.8,1,75.7,3,75.8,3,1,2022-08-12 09:45:03
1660297504015716000,75.8,1,75.7,4,75.8,2,1,2022-08-12 09:45:04
1660297505157421000,75.7,1,75.7,3,75.8,2,2,2022-08-12 09:45:05
1660297506140899000,75.7,13,75.7,92,75.8,2,2,2022-08-12 09:45:06
1660297507393645000,75.7,1,75.7,91,75.8,2,2,2022-08-12 09:45:07
1660297508311300000,75.8,1,75.7,91,75.8,1,1,2022-08-12 09:45:08
1660297509865674000,75.8,1,75.8,3,75.9,3,1,2022-08-12 09:45:09
1660297514034618000,75.9,2,75.8,5,75.9,2,1,2022-08-12 09:45:14
1660297514073417000,75.9,1,75.8,5,75.9,1,1,2022-08-12 09:45:14
1660297514417758000,75.8,6,75.7,94,75.9,1,2,2022-08-12 09:45:14
1660297514417758000,75.7,4,75.7,94,75.9,1,2,2022-08-12 09:45:14
1660297519346450000,75.8,3,75.8,1,75.9,1,2,2022-08-12 09:45:19
1660297519373832000,75.8,1,75.7,73,75.9,1,2,2022-08-12 09:45:19
1660297519373832000,75.7,35,75.7,73,75.9,1,2,2022-08-12 09:45:19
1660297522184354000,75.7,5,75.7,15,75.8,2,2,2022-08-12 09:45:22
1660297522734455000,75.7,2,75.7,9,75.8,2,2,2022-08-12 09:45:22
1660297522778891000,75.7,9,75.7,11,75.8,2,2,2022-08-12 09:45:22
1660297522810559000,75.6,1,75.6,3,75.7,42,2,2022-08-12 09:45:22
1660297522810576000,75.6,1,75.6,2,75.7,42,2,2022-08-12 09:45:22
1660297522810592000,75.6,1,75.6,1,75.7,42,2,2022-08-12 09:45:22
1660297522810615000,75.6,1,75.5,7,75.7,42,2,2022-08-12 09:45:22
1660297522841235000,75.5,1,75.5,6,75.7,42,2,2022-08-12 09:45:22
1660297522841254000,75.5,1,75.5,5,75.7,42,2,2022-08-12 09:45:22
1660297522841292000,75.5,1,75.5,4,75.7,42,2,2022-08-12 09:45:22
1660297522841308000,75.5,1,75.5,3,75.7,42,2,2022-08-12 09:45:22
1660297522841330000,75.5,1,75.5,2,75.7,42,2,2022-08-12 09:45:22
1660297522841349000,75.5,1,75.5,1,75.7,42,2,2022-08-12 09:45:22
1660297522848602000,75.5,1,75.4,2,75.7,42,2,2022-08-12 09:45:22
1660297525706998000,75.5,1,75.4,10,75.7,42,2,2022-08-12 09:45:25
1660297525706998000,75.4,2,75.4,10,75.7,42,2,2022-08-12 09:45:25
1660297525787082000,75.7,42,75.3,15,75.8,1,1,2022-08-12 09:45:25
1660297526955499000,75.5,1,75.3,14,75.7,1,2,2022-08-12 09:45:26
1660297526955499000,75.3,1,75.3,14,75.7,1,2,2022-08-12 09:45:26
1660297527523591000,75.5,1,75.4,3,75.5,1,1,2022-08-12 09:45:27
1660297528663195000,75.7,1,75.4,9,75.8,1,1,2022-08-12 09:45:28
1660297529579890000,75.5,1,75.4,3,75.8,1,2,2022-08-12 09:45:29
1660297529579890000,75.4,7,75.4,3,75.8,1,2,2022-08-12 09:45:29
1660297530710099000,75.4,1,75.4,2,75.7,2,2,2022-08-12 09:45:30
1660297530770471000,75.4,1,75.4,11,75.7,2,2,2022-08-12 09:45:30
1660297531552992000,75.4,1,75.4,10,75.7,2,2,2022-08-12 09:45:31
1660297532111005000,75.5,1,75.4,12,75.7,3,2,2022-08-12 09:45:32
1660297533316447000,75.5,2,75.5,2,75.7,3,2,2022-08-12 09:45:33
1660297533316564000,75.5,1,75.5,1,75.7,3,2,2022-08-12 09:45:33
1660297533316682000,75.5,1,75.4,11,75.7,3,2,2022-08-12 09:45:33
1660297533316682000,75.4,1,75.4,11,75.7,3,2,2022-08-12 09:45:33
1660297533587987000,75.4,1,75.4,2,75.7,3,2,2022-08-12 09:45:33
1660297533588114000,75.4,2,75.3,15,75.7,3,2,2022-08-12 09:45:33
1660297533588204000,75.3,2,75.3,13,75.7,3,2,2022-08-12 09:45:33
1660297533859961000,75.4,2,75.3,13,75.7,3,2,2022-08-12 09:45:33
1660297533860256000,75.3,1,75.3,12,75.7,3,2,2022-08-12 09:45:33
1660297533860476000,75.3,2,75.3,10,75.7,3,2,2022-08-12 09:45:33
1660297533875323000,75.3,2,75.3,8,75.7,3,2,2022-08-12 09:45:33
1660297533875418000,75.3,1,75.3,7,75.7,3,2,2022-08-12 09:45:33
1660297533875537000,75.3,2,75.3,5,75.7,3,2,2022-08-12 09:45:33
1660297534239916000,75.3,2,75.3,3,75.7,5,2,2022-08-12 09:45:34
1660297534240038000,75.3,1,75.3,2,75.7,5,2,2022-08-12 09:45:34
1660297534240172000,75.3,2,75.2,24,75.7,5,2,2022-08-12 09:45:34
1660297534438777000,75.2,1,75.2,25,75.7,5,2,2022-08-12 09:45:34
1660297535074144000,75.5,1,75.2,25,75.6,2,2,2022-08-12 09:45:35
1660297536670874000,75.5,2,75.4,1,75.5,1,1,2022-08-12 09:45:36
1660297536688824000,75.5,1,75.4,1,75.5,3,1,2022-08-12 09:45:36
1660297537803671000,75.4,4,75.2,22,75.6,1,2,2022-08-12 09:45:37
1660297537803671000,75.3,2,75.2,22,75.6,1,2,2022-08-12 09:45:37
1660297537803671000,75.2,4,75.2,22,75.6,1,2,2022-08-12 09:45:37
1660297541704556000,75.6,1,75.4,4,75.8,4,1,2022-08-12 09:45:41
1660297542624336000,75.4,15,75.2,30,75.8,4,2,2022-08-12 09:45:42
1660297542624336000,75.3,3,75.2,30,75.8,4,2,2022-08-12 09:45:42
1660297542624336000,75.2,2,75.2,30,75.8,4,2,2022-08-12 09:45:42
1660297549589510000,75.3,1,75.3,12,75.6,30,2,2022-08-12 09:45:49
1660297555481041000,75.3,1,75.3,4,75.5,1,2,2022-08-12 09:45:55
1660297558992147000,75.4,1,75.3,8,75.4,4,2,2022-08-12 09:45:58
1660297559078572000,75.4,4,75.3,20,75.6,35,1,2022-08-12 09:45:59
1660297562217668000,75.3,1,75.3,34,75.6,36,2,2022-08-12 09:46:02
1660297563292358000,75.5,1,75.4,3,75.6,36,2,2022-08-12 09:46:03
1660297563380959000,75.4,3,75.3,23,75.6,36,2,2022-08-12 09:46:03
1660297563380959000,75.3,12,75.3,23,75.6,36,2,2022-08-12 09:46:03
1660297563663849000,75.4,2,75.3,23,75.4,8,2,2022-08-12 09:46:03
1660297564947892000,75.4,1,75.3,12,75.4,7,1,2022-08-12 09:46:04
1660297565262437000,75.4,5,75.3,12,75.4,2,1,2022-08-12 09:46:05
1660297568870524000,75.4,2,75.4,1,75.5,20,1,2022-08-12 09:46:08
1660297568917575000,75.4,1,75.3,12,75.5,20,2,2022-08-12 09:46:08
1660297569942938000,75.4,1,75.3,12,75.5,20,2,2022-08-12 09:46:09
1660297574096808000,75.3,10,75.3,2,75.5,20,2,2022-08-12 09:46:14
1660297574119362000,75.3,2,75.2,34,75.5,20,2,2022-08-12 09:46:14
1660297574231167000,75.5,5,75.2,44,75.5,20,1,2022-08-12 09:46:14
1660297574673291000,75.3,1,75.2,42,75.3,5,1,2022-08-12 09:46:14
1660297574942794000,75.3,3,75.2,42,75.3,1,1,2022-08-12 09:46:14
1660297574963828000,75.3,1,75.2,42,75.5,15,1,2022-08-12 09:46:14
1660297576727190000,75.4,1,75.2,42,75.5,15,1,2022-08-12 09:46:16
1660297576836269000,75.4,1,75.4,2,75.5,15,2,2022-08-12 09:46:16
1660297576836290000,75.4,1,75.4,1,75.5,15,2,2022-08-12 09:46:16
1660297576836311000,75.4,1,75.2,42,75.5,15,2,2022-08-12 09:46:16
1660297577617377000,75.5,1,75.3,1,75.5,14,1,2022-08-12 09:46:17
1660297577774744000,75.5,1,75.3,1,75.5,14,1,2022-08-12 09:46:17
1660297580224580000,75.3,1,75.2,37,75.4,1,2,2022-08-12 09:46:20
1660297580434509000,75.4,1,75.3,1,75.5,9,1,2022-08-12 09:46:20
1660297580434509000,75.5,4,75.3,1,75.5,9,1,2022-08-12 09:46:20
1660297582353093000,75.3,1,75.2,28,75.5,9,2,2022-08-12 09:46:22
1660297582353093000,75.2,9,75.2,28,75.5,9,2,2022-08-12 09:46:22
1660297582550582000,75.5,1,75.2,28,75.5,8,1,2022-08-12 09:46:22
1660297582754158000,75.4,1,75.4,1,75.5,8,2,2022-08-12 09:46:22
1660297583783720000,75.3,1,75.2,28,75.4,1,2,2022-08-12 09:46:23
1660297584420336000,75.4,1,75.2,28,75.5,8,1,2022-08-12 09:46:24
1660297587776404000,75.4,1,75.4,1,75.5,9,2,2022-08-12 09:46:27
1660297589247078000,75.3,8,75.2,27,75.5,9,2,2022-08-12 09:46:29
1660297589247078000,75.2,2,75.2,27,75.5,9,2,2022-08-12 09:46:29
1660297592231749000,75.4,1,75.4,1,75.5,9,2,2022-08-12 09:46:32
1660297592743693000,75.2,10,75.2,19,75.5,9,2,2022-08-12 09:46:32
1660297593517831000,75.2,3,75.2,15,75.5,9,2,2022-08-12 09:46:33
1660297594707271000,75.2,2,75.2,7,75.3,2,2,2022-08-12 09:46:34
1660297594979640000,75.2,1,75.2,4,75.3,2,2,2022-08-12 09:46:34
1660297595359337000,75.2,1,75.2,3,75.3,12,2,2022-08-12 09:46:35
1660297595359383000,75.2,1,75.2,2,75.3,12,2,2022-08-12 09:46:35
1660297595359391000,75.2,1,75.2,1,75.3,12,2,2022-08-12 09:46:35
1660297595359409000,75.2,1,75.1,17,75.3,12,2,2022-08-12 09:46:35
1660297595389955000,75.1,1,75.1,16,75.3,12,2,2022-08-12 09:46:35
1660297595389977000,75.1,1,75.1,15,75.3,12,2,2022-08-12 09:46:35
1660297595389981000,75.1,1,75.1,14,75.3,12,2,2022-08-12 09:46:35
1660297595453317000,75.2,1,75.1,14,75.3,12,2,2022-08-12 09:46:35
1660297596229510000,75.2,2,75.1,14,75.2,2,1,2022-08-12 09:46:36
1660297596288283000,75.3,1,75.1,14,75.3,11,1,2022-08-12 09:46:36
1660297596684737000,75.1,10,75.1,4,75.3,11,2,2022-08-12 09:46:36
1660297596719469000,75.1,4,75.0,94,75.3,11,2,2022-08-12 09:46:36
1660297598717821000,75.0,10,75.0,87,75.1,2,2,2022-08-12 09:46:38
1660297598772132000,75.0,3,75.0,83,75.1,2,2,2022-08-12 09:46:38
1660297598774257000,75.0,3,75.0,80,75.1,2,2,2022-08-12 09:46:38
1660297598777634000,75.0,3,75.0,86,75.1,2,2,2022-08-12 09:46:38
1660297598942551000,75.0,2,75.0,75,75.1,2,2,2022-08-12 09:46:38
1660297598949141000,75.0,2,75.0,73,75.1,2,2,2022-08-12 09:46:38
1660297599260934000,75.0,2,75.0,71,75.1,2,2,2022-08-12 09:46:39
1660297599268217000,75.0,40,75.0,31,75.1,2,2,2022-08-12 09:46:39
1660297599292158000,75.0,4,75.0,27,75.1,2,2,2022-08-12 09:46:39
1660297599292173000,75.0,6,75.0,21,75.1,2,2,2022-08-12 09:46:39
1660297599292419000,75.0,21,74.9,30,75.1,2,2,2022-08-12 09:46:39
1660297599507933000,74.9,2,74.9,28,75.0,2,2,2022-08-12 09:46:39
1660297599540859000,74.9,1,74.9,27,75.0,2,2,2022-08-12 09:46:39
1660297599656471000,74.9,5,74.9,22,75.0,4,2,2022-08-12 09:46:39
1660297599685326000,74.9,3,74.9,19,75.0,4,2,2022-08-12 09:46:39
1660297599853166000,74.9,1,74.9,18,75.0,8,2,2022-08-12 09:46:39
1660297599900162000,74.9,2,74.9,16,75.0,10,2,2022-08-12 09:46:39
1660297599923852000,74.9,2,74.9,14,75.0,12,2,2022-08-12 09:46:39
1660297599925543000,75.0,1,74.9,14,75.0,11,1,2022-08-12 09:46:39
1660297599942536000,74.9,2,74.9,12,75.0,11,2,2022-08-12 09:46:39
1660297599975667000,74.9,2,74.9,10,75.0,11,2,2022-08-12 09:46:39
1660297600204893000,74.9,2,74.9,8,75.0,11,2,2022-08-12 09:46:40
1660297600210754000,74.9,2,74.9,16,75.0,12,2,2022-08-12 09:46:40
1660297600463037000,75.0,2,74.9,6,75.0,9,1,2022-08-12 09:46:40
1660297600494634000,74.9,2,74.9,4,75.0,6,2,2022-08-12 09:46:40
1660297600706405000,74.9,2,74.9,4,75.0,6,2,2022-08-12 09:46:40
1660297601367878000,74.9,1,74.9,2,75.0,7,2,2022-08-12 09:46:41
1660297602286010000,75.0,1,74.9,1,75.0,4,1,2022-08-12 09:46:42
1660297602775984000,75.0,2,75.0,3,75.2,2,1,2022-08-12 09:46:42
1660297603347771000,75.0,1,75.0,8,75.2,2,2,2022-08-12 09:46:43
1660297603569860000,75.0,1,75.0,7,75.2,2,2,2022-08-12 09:46:43
1660297603700524000,75.0,1,75.0,8,75.2,2,2,2022-08-12 09:46:43
1660297604689193000,75.1,2,74.9,4,75.2,2,2,2022-08-12 09:46:44
1660297604689193000,75.0,6,74.9,4,75.2,2,2,2022-08-12 09:46:44
1660297604689193000,74.9,4,74.9,4,75.2,2,2,2022-08-12 09:46:44
1660297605984922000,75.0,2,74.9,2,75.0,2,1,2022-08-12 09:46:45
1660297606033070000,74.9,4,74.8,2,75.0,2,2,2022-08-12 09:46:46
1660297606033070000,74.8,1,74.8,2,75.0,2,2,2022-08-12 09:46:46
1660297606140480000,74.8,1,74.8,4,75.0,2,2,2022-08-12 09:46:46
1660297606713970000,75.0,2,74.9,1,75.3,11,1,2022-08-12 09:46:46
1660297607022695000,75.0,2,74.9,16,75.3,11,2,2022-08-12 09:46:47
1660297607249086000,75.0,1,75.0,1,75.3,11,2,2022-08-12 09:46:47
1660297608253241000,75.0,2,75.0,4,75.3,11,2,2022-08-12 09:46:48
1660297609912676000,75.0,2,74.9,13,75.3,11,2,2022-08-12 09:46:49
1660297609912676000,74.9,1,74.9,13,75.3,11,2,2022-08-12 09:46:49
1660297611040378000,74.9,1,74.7,1,74.9,5,1,2022-08-12 09:46:51
1660297611059546000,74.7,1,74.5,12,74.9,5,2,2022-08-12 09:46:51
1660297611059546000,74.6,4,74.5,12,74.9,5,2,2022-08-12 09:46:51
1660297611059546000,74.5,2,74.5,12,74.9,5,2,2022-08-12 09:46:51
1660297611094269000,74.9,5,74.5,12,75.0,1,1,2022-08-12 09:46:51
1660297611858114000,74.9,1,74.6,4,74.9,2,1,2022-08-12 09:46:51
1660297612606341000,74.9,1,74.6,3,74.9,1,1,2022-08-12 09:46:52
1660297612759032000,74.9,1,74.6,3,74.9,2,1,2022-08-12 09:46:52
1660297612759032000,75.0,2,74.6,3,74.9,2,1,2022-08-12 09:46:52
1660297612809411000,75.0,1,75.0,1,75.2,3,2,2022-08-12 09:46:52
1660297613510776000,75.0,1,74.8,1,75.0,1,2,2022-08-12 09:46:53
1660297616743871000,74.8,1,74.8,1,74.9,3,2,2022-08-12 09:46:56
1660297616983233000,74.9,1,74.7,4,74.9,2,1,2022-08-12 09:46:56
1660297617135846000,74.7,4,74.5,9,74.9,2,2,2022-08-12 09:46:57
1660297617135846000,74.6,3,74.5,9,74.9,2,2,2022-08-12 09:46:57
1660297617135846000,74.5,5,74.5,9,74.9,2,2,2022-08-12 09:46:57
1660297619910557000,74.6,1,74.5,20,74.8,3,2,2022-08-12 09:46:59
1660297620959872000,74.6,1,74.5,7,74.7,1,2,2022-08-12 09:47:00
1660297621287712000,74.5,1,74.5,7,74.7,1,2,2022-08-12 09:47:01
1660297621454846000,74.5,1,74.5,6,74.7,1,2,2022-08-12 09:47:01
1660297622270724000,74.5,1,74.5,5,74.7,1,2,2022-08-12 09:47:02
1660297624153822000,74.7,1,74.6,1,74.8,3,1,2022-08-12 09:47:04
1660297624186161000,74.8,3,74.6,1,75.0,2,1,2022-08-12 09:47:04
1660297624186161000,75.0,2,74.6,1,75.0,2,1,2022-08-12 09:47:04
1660297627685042000,74.7,2,74.7,2,75.0,2,2,2022-08-12 09:47:07
1660297628203498000,74.7,1,74.7,6,75.0,2,2,2022-08-12 09:47:08
1660297628511253000,75.0,1,74.7,5,75.0,1,1,2022-08-12 09:47:08
1660297629097515000,74.7,1,74.7,5,75.0,2,2,2022-08-12 09:47:09
1660297629192019000,74.7,5,74.6,16,75.0,2,2,2022-08-12 09:47:09
1660297629192019000,74.6,2,74.6,16,75.0,2,2,2022-08-12 09:47:09
1660297629703772000,75.0,1,74.7,3,75.0,2,1,2022-08-12 09:47:09
1660297635110207000,74.7,1,74.7,4,74.9,10,2,2022-08-12 09:47:15
1660297637798486000,74.9,10,74.7,4,75.0,5,1,2022-08-12 09:47:17
1660297637922292000,75.0,1,74.7,17,75.0,4,1,2022-08-12 09:47:17
1660297638647031000,75.0,1,74.8,4,75.0,4,1,2022-08-12 09:47:18
1660297639081428000,74.8,1,74.8,5,75.0,3,2,2022-08-12 09:47:19
1660297640141540000,75.0,1,74.8,7,75.0,2,1,2022-08-12 09:47:20
1660297642245382000,75.0,2,74.8,8,75.0,2,1,2022-08-12 09:47:22
1660297643071497000,75.0,1,75.0,1,75.1,10,2,2022-08-12 09:47:23
1660297644577712000,75.0,1,74.8,10,75.1,10,2,2022-08-12 09:47:24
1660297649381069000,75.1,1,75.0,9,75.1,9,1,2022-08-12 09:47:29
1660297649402594000,75.1,9,75.0,9,75.2,11,1,2022-08-12 09:47:29
1660297649477954000,75.0,4,75.0,5,75.2,11,2,2022-08-12 09:47:29
1660297649606310000,75.2,5,75.0,5,75.2,11,1,2022-08-12 09:47:29
1660297655773807000,75.2,1,75.1,4,75.2,5,1,2022-08-12 09:47:35
1660297657429042000,75.2,1,75.1,4,75.2,4,1,2022-08-12 09:47:37
1660297658353189000,75.1,1,75.1,2,75.2,4,2,2022-08-12 09:47:38
1660297658867391000,75.2,1,75.1,3,75.2,3,1,2022-08-12 09:47:38
1660297660190917000,75.2,1,75.1,3,75.2,2,1,2022-08-12 09:47:40
1660297660761367000,75.2,1,75.1,3,75.2,1,1,2022-08-12 09:47:40
1660297660862998000,75.2,1,75.2,2,75.3,15,1,2022-08-12 09:47:40
1660297663532636000,75.2,1,75.2,3,75.3,15,2,2022-08-12 09:47:43
1660297666619050000,75.3,1,75.2,7,75.3,14,1,2022-08-12 09:47:46
1660297668166536000,75.3,1,75.2,10,75.3,12,1,2022-08-12 09:47:48
1660297668362768000,75.3,11,75.2,31,75.3,1,1,2022-08-12 09:47:48
1660297668382785000,75.3,1,75.2,31,75.4,10,1,2022-08-12 09:47:48
1660297672629363000,75.4,3,75.3,5,75.4,7,1,2022-08-12 09:47:52
1660297672672444000,75.4,1,75.3,5,75.4,6,1,2022-08-12 09:47:52
1660297674166268000,75.3,1,75.3,6,75.4,6,2,2022-08-12 09:47:54
1660297674401848000,75.4,1,75.3,7,75.4,5,1,2022-08-12 09:47:54
1660297674649711000,75.4,1,75.3,7,75.4,4,1,2022-08-12 09:47:54
1660297674739470000,75.4,1,75.3,7,75.4,3,1,2022-08-12 09:47:54
1660297676101679000,75.4,1,75.3,12,75.4,2,1,2022-08-12 09:47:56
1660297676205202000,75.4,1,75.3,12,75.4,3,1,2022-08-12 09:47:56
1660297676374591000,75.4,1,75.3,12,75.5,27,1,2022-08-12 09:47:56
1660297676682452000,75.3,2,75.3,10,75.4,1,2,2022-08-12 09:47:56
1660297676721214000,75.4,1,75.3,12,75.4,1,1,2022-08-12 09:47:56
1660297678898270000,75.4,1,75.4,5,75.5,27,2,2022-08-12 09:47:58
1660297679685092000,75.5,4,75.4,10,75.5,27,1,2022-08-12 09:47:59
1660297685021672000,75.5,1,75.4,18,75.5,20,1,2022-08-12 09:48:05
1660297685298323000,75.5,1,75.4,18,75.5,19,1,2022-08-12 09:48:05
1660297685885998000,75.5,2,75.4,19,75.5,17,1,2022-08-12 09:48:05
1660297686198418000,75.5,1,75.4,20,75.5,17,1,2022-08-12 09:48:06
1660297687333589000,75.5,1,75.4,20,75.5,15,1,2022-08-12 09:48:07
1660297688385004000,75.5,4,75.4,25,75.5,11,1,2022-08-12 09:48:08
1660297688504153000,75.5,1,75.4,26,75.5,10,1,2022-08-12 09:48:08
1660297688696939000,75.5,1,75.4,26,75.5,9,1,2022-08-12 09:48:08
1660297688729724000,75.5,9,75.4,26,75.6,32,1,2022-08-12 09:48:08
1660297689504693000,75.5,1,75.4,26,75.5,9,1,2022-08-12 09:48:09
1660297689979521000,75.5,1,75.4,26,75.5,9,1,2022-08-12 09:48:09
1660297690057765000,75.5,9,75.5,1,75.6,32,1,2022-08-12 09:48:10
1660297693520373000,75.5,1,75.5,10,75.6,32,2,2022-08-12 09:48:13
1660297696774291000,75.6,2,75.5,17,75.6,29,1,2022-08-12 09:48:16
1660297699898264000,75.6,10,75.5,21,75.6,19,1,2022-08-12 09:48:19
1660297701605596000,75.6,3,75.5,21,75.6,16,1,2022-08-12 09:48:21
1660297701626619000,75.6,16,75.5,21,75.7,13,1,2022-08-12 09:48:21
1660297702898156000,75.6,1,75.5,22,75.7,13,2,2022-08-12 09:48:22
1660297703441829000,75.7,3,75.5,23,75.7,10,1,2022-08-12 09:48:23
1660297703546627000,75.7,1,75.5,23,75.7,9,1,2022-08-12 09:48:23
1660297704952401000,75.6,1,75.6,4,75.7,9,1,2022-08-12 09:48:24
1660297705200991000,75.7,1,75.6,4,75.7,8,1,2022-08-12 09:48:25
1660297705432381000,75.7,1,75.6,4,75.7,7,1,2022-08-12 09:48:25
1660297705581923000,75.6,2,75.6,2,75.7,7,2,2022-08-12 09:48:25
1660297705613134000,75.6,2,75.5,22,75.7,7,2,2022-08-12 09:48:25
1660297705820382000,75.6,1,75.6,1,75.7,7,2,2022-08-12 09:48:25
1660297706850496000,75.6,2,75.6,5,75.7,10,2,2022-08-12 09:48:26
1660297706879031000,75.6,1,75.6,7,75.7,10,2,2022-08-12 09:48:26
1660297709501535000,75.6,1,75.6,6,75.7,10,2,2022-08-12 09:48:29
1660297709751733000,75.6,1,75.6,5,75.7,10,2,2022-08-12 09:48:29
1660297710262819000,75.6,1,75.6,4,75.7,10,2,2022-08-12 09:48:30
1660297710385888000,75.6,1,75.6,5,75.7,10,2,2022-08-12 09:48:30
1660297710586345000,75.6,1,75.6,3,75.7,10,2,2022-08-12 09:48:30
1660297711238915000,75.6,1,75.6,2,75.7,10,2,2022-08-12 09:48:31
1660297711274233000,75.6,2,75.5,25,75.7,10,2,2022-08-12 09:48:31
1660297711903794000,75.6,1,75.6,1,75.7,10,2,2022-08-12 09:48:31
1660297711983053000,75.7,1,75.6,1,75.7,9,1,2022-08-12 09:48:31
1660297712623854000,75.6,1,75.6,1,75.7,10,2,2022-08-12 09:48:32
1660297713117016000,75.6,1,75.5,32,75.7,10,2,2022-08-12 09:48:33
1660297713927524000,75.6,2,75.5,31,75.6,8,1,2022-08-12 09:48:33
1660297714219585000,75.6,1,75.5,31,75.6,8,1,2022-08-12 09:48:34
1660297714394166000,75.6,1,75.5,31,75.6,9,1,2022-08-12 09:48:34
1660297714517063000,75.6,5,75.5,31,75.6,2,1,2022-08-12 09:48:34
1660297714654906000,75.6,2,75.6,3,75.7,9,1,2022-08-12 09:48:34
1660297714694257000,75.6,1,75.6,2,75.7,9,2,2022-08-12 09:48:34
1660297714770089000,75.7,1,75.6,2,75.7,8,1,2022-08-12 09:48:34
1660297714844393000,75.6,1,75.6,1,75.7,8,2,2022-08-12 09:48:34
1660297715358580000,75.6,1,75.5,31,75.7,8,2,2022-08-12 09:48:35
1660297716401663000,75.7,1,75.6,2,75.7,11,1,2022-08-12 09:48:36
1660297717741367000,75.7,2,75.6,3,75.7,13,1,2022-08-12 09:48:37
1660297717901738000,75.7,1,75.6,3,75.7,12,1,2022-08-12 09:48:37
1660297723966531000,75.7,2,75.6,8,75.7,11,1,2022-08-12 09:48:43
1660297724043607000,75.7,1,75.6,8,75.7,10,1,2022-08-12 09:48:44
1660297724698336000,75.7,1,75.6,8,75.7,9,1,2022-08-12 09:48:44
1660297725924261000,75.7,3,75.6,8,75.7,26,1,2022-08-12 09:48:45
1660297727138771000,75.6,1,75.6,8,75.7,26,2,2022-08-12 09:48:47
1660297727567838000,75.7,1,75.6,8,75.7,26,1,2022-08-12 09:48:47
1660297729035796000,75.6,1,75.6,8,75.7,26,2,2022-08-12 09:48:49
1660297732529008000,75.6,20,75.6,8,75.7,28,2,2022-08-12 09:48:52
1660297733498869000,75.6,2,75.6,6,75.7,28,2,2022-08-12 09:48:53
1660297733509399000,75.6,2,75.6,4,75.7,28,2,2022-08-12 09:48:53
1660297734069888000,75.6,4,75.5,43,75.6,16,2,2022-08-12 09:48:54
1660297735907181000,75.6,1,75.5,43,75.6,19,1,2022-08-12 09:48:55
1660297736552243000,75.5,2,75.5,41,75.6,19,2,2022-08-12 09:48:56
1660297736734137000,75.6,1,75.5,41,75.6,18,1,2022-08-12 09:48:56
1660297740295487000,75.6,1,75.5,40,75.6,18,1,2022-08-12 09:49:00
1660297753041055000,75.5,1,75.5,137,75.6,19,2,2022-08-12 09:49:13
1660297753553799000,75.6,1,75.5,137,75.6,18,1,2022-08-12 09:49:13
1660297754694443000,75.6,3,75.5,137,75.6,15,1,2022-08-12 09:49:14
1660297756416050000,75.6,1,75.5,137,75.6,14,1,2022-08-12 09:49:16
1660297756920789000,75.6,1,75.5,137,75.6,13,1,2022-08-12 09:49:16
1660297756944549000,75.6,2,75.5,137,75.6,11,1,2022-08-12 09:49:16
1660297757554572000,75.6,2,75.5,137,75.6,9,1,2022-08-12 09:49:17
1660297757591510000,75.6,1,75.5,137,75.6,8,1,2022-08-12 09:49:17
1660297757683544000,75.6,2,75.5,137,75.6,6,1,2022-08-12 09:49:17
1660297757719380000,75.6,2,75.5,137,75.6,4,1,2022-08-12 09:49:17
1660297758065156000,75.6,1,75.5,137,75.6,3,1,2022-08-12 09:49:18
1660297760084711000,75.6,2,75.5,137,75.7,28,1,2022-08-12 09:49:20
1660297760991398000,75.6,1,75.6,2,75.7,29,2,2022-08-12 09:49:20
1660297763364274000,75.6,1,75.6,1,75.7,28,2,2022-08-12 09:49:23
1660297765058607000,75.6,1,75.6,1,75.7,28,2,2022-08-12 09:49:25
1660297767870918000,75.6,1,75.5,137,75.6,2,2,2022-08-12 09:49:27
1660297767912328000,75.6,2,75.6,3,75.7,28,1,2022-08-12 09:49:27
1660297769281675000,75.6,1,75.6,2,75.7,27,2,2022-08-12 09:49:29
1660297774420767000,75.6,1,75.6,12,75.7,26,2,2022-08-12 09:49:34
1660297776801040000,75.6,1,75.6,13,75.7,26,2,2022-08-12 09:49:36
1660297777247744000,75.6,1,75.6,12,75.7,26,2,2022-08-12 09:49:37
1660297777489486000,75.6,1,75.6,11,75.7,26,2,2022-08-12 09:49:37
1660297777781566000,75.6,1,75.6,10,75.7,26,2,2022-08-12 09:49:37
1660297778870259000,75.6,1,75.6,9,75.7,26,2,2022-08-12 09:49:38
1660297779575861000,75.6,1,75.6,8,75.7,26,2,2022-08-12 09:49:39
1660297779770272000,75.6,1,75.6,7,75.7,26,2,2022-08-12 09:49:39
1660297780370056000,75.6,1,75.6,6,75.7,26,2,2022-08-12 09:49:40
1660297783983631000,75.7,1,75.6,106,75.7,25,1,2022-08-12 09:49:43
1660297784462039000,75.6,4,75.6,102,75.7,25,2,2022-08-12 09:49:44
1660297797425706000,75.7,3,75.6,117,75.7,22,1,2022-08-12 09:49:57
1660297797460853000,75.7,2,75.6,117,75.7,25,1,2022-08-12 09:49:57
1660297797501696000,75.7,8,75.6,117,75.7,12,1,2022-08-12 09:49:57
1660297797544644000,75.7,5,75.6,117,75.7,7,1,2022-08-12 09:49:57
1660297798093747000,75.6,2,75.6,115,75.7,7,2,2022-08-12 09:49:58
1660297799393311000,75.7,2,75.6,118,75.7,5,1,2022-08-12 09:49:59
1660297801012169000,75.7,5,75.6,121,75.8,18,1,2022-08-12 09:50:01
1660297811947565000,75.8,2,75.7,14,75.8,13,1,2022-08-12 09:50:11
1660297811985963000,75.8,9,75.7,14,75.8,4,1,2022-08-12 09:50:11
1660297812023812000,75.8,4,75.7,14,75.9,13,1,2022-08-12 09:50:12
1660297814479577000,75.9,2,75.8,20,75.9,11,1,2022-08-12 09:50:14
1660297814718490000,75.9,1,75.8,20,75.9,10,1,2022-08-12 09:50:14
1660297815497142000,75.9,2,75.8,22,75.9,8,1,2022-08-12 09:50:15
1660297817593723000,75.9,3,75.8,23,75.9,13,1,2022-08-12 09:50:17
1660297818573332000,75.9,1,75.8,23,75.9,13,1,2022-08-12 09:50:18
1660297819492452000,75.9,5,75.8,23,75.9,8,1,2022-08-12 09:50:19
1660297822091472000,75.9,1,75.8,24,75.9,7,1,2022-08-12 09:50:22
1660297822613337000,75.9,1,75.8,28,75.9,6,1,2022-08-12 09:50:22
1660297822833365000,75.9,4,75.8,28,75.9,2,1,2022-08-12 09:50:22
1660297823581996000,75.9,4,75.8,28,75.9,28,1,2022-08-12 09:50:23
1660297824212315000,75.9,8,75.8,29,75.9,21,1,2022-08-12 09:50:24
1660297824264744000,75.9,1,75.8,29,75.9,20,1,2022-08-12 09:50:24
1660297824305602000,75.9,1,75.8,29,75.9,19,1,2022-08-12 09:50:24
1660297825389453000,75.9,1,75.8,29,75.9,18,1,2022-08-12 09:50:25
1660297825527824000,75.9,1,75.8,28,75.9,17,1,2022-08-12 09:50:25
1660297826398223000,75.9,1,75.8,28,75.9,18,1,2022-08-12 09:50:26
1660297826738835000,75.9,2,75.8,29,75.9,17,1,2022-08-12 09:50:26
1660297827845484000,75.9,2,75.8,30,75.9,16,1,2022-08-12 09:50:27
1660297829423024000,75.9,1,75.8,30,75.9,14,1,2022-08-12 09:50:29
1660297829534289000,75.9,4,75.8,30,75.9,10,1,2022-08-12 09:50:29
1660297829923879000,75.9,1,75.8,130,75.9,9,1,2022-08-12 09:50:29
1660297829954529000,75.9,1,75.8,130,75.9,10,1,2022-08-12 09:50:29
1660297831944986000,75.9,1,75.8,138,75.9,7,1,2022-08-12 09:50:31
1660297833324716000,75.9,6,75.8,138,75.9,1,1,2022-08-12 09:50:33
1660297833349485000,75.9,1,75.8,138,76.0,49,1,2022-08-12 09:50:33
1660297834466130000,76.0,9,75.9,6,76.0,40,1,2022-08-12 09:50:34
1660297834470175000,76.0,20,75.9,6,76.0,20,1,2022-08-12 09:50:34
1660297834487103000,76.0,1,75.9,6,76.0,19,1,2022-08-12 09:50:34
1660297834487151000,76.0,1,75.9,6,76.0,18,1,2022-08-12 09:50:34
1660297834487167000,76.0,1,75.9,6,76.0,17,1,2022-08-12 09:50:34
1660297834487185000,76.0,1,75.9,6,76.0,16,1,2022-08-12 09:50:34
1660297834487200000,76.0,1,75.9,6,76.0,15,1,2022-08-12 09:50:34
1660297834487242000,76.0,1,75.9,6,76.0,14,1,2022-08-12 09:50:34
1660297834487258000,76.0,1,75.9,6,76.0,13,1,2022-08-12 09:50:34
1660297834487274000,76.0,1,75.9,6,76.0,12,1,2022-08-12 09:50:34
1660297834487278000,76.0,1,75.9,6,76.0,11,1,2022-08-12 09:50:34
1660297834487279000,76.0,1,75.9,6,76.0,10,1,2022-08-12 09:50:34
1660297834487570000,76.0,3,75.9,6,76.0,7,1,2022-08-12 09:50:34
1660297834492835000,76.0,7,75.9,6,76.1,17,1,2022-08-12 09:50:34
1660297834796104000,76.1,1,75.9,13,76.1,16,1,2022-08-12 09:50:34
1660297834834429000,76.1,3,75.9,13,76.1,13,1,2022-08-12 09:50:34
1660297834860444000,76.1,6,75.9,13,76.1,7,1,2022-08-12 09:50:34
1660297835002154000,76.1,2,75.9,13,76.1,17,1,2022-08-12 09:50:35
1660297835035175000,76.1,5,75.9,13,76.2,3,1,2022-08-12 09:50:35
1660297835155866000,76.2,2,75.9,13,76.2,1,1,2022-08-12 09:50:35
1660297835195622000,76.2,1,75.9,15,76.4,10,1,2022-08-12 09:50:35
1660297835195622000,76.3,2,75.9,15,76.4,10,1,2022-08-12 09:50:35
1660297835249979000,76.4,3,76.0,1,76.4,16,1,2022-08-12 09:50:35
1660297835298667000,76.4,2,76.0,3,76.4,14,1,2022-08-12 09:50:35
1660297835398074000,76.4,2,76.0,3,76.4,12,1,2022-08-12 09:50:35
1660297835400681000,76.4,2,76.0,3,76.4,14,1,2022-08-12 09:50:35
1660297835503552000,76.4,1,76.0,3,76.4,9,1,2022-08-12 09:50:35
1660297835503882000,76.4,7,76.0,3,76.4,2,1,2022-08-12 09:50:35
1660297835541837000,76.4,2,76.0,3,76.5,3,1,2022-08-12 09:50:35
1660297835688351000,76.5,1,76.0,4,76.5,2,1,2022-08-12 09:50:35
1660297835949547000,76.5,2,76.0,4,76.8,1,1,2022-08-12 09:50:35
1660297835949547000,76.7,3,76.0,4,76.8,1,1,2022-08-12 09:50:35
1660297835949547000,76.8,1,76.0,4,76.8,1,1,2022-08-12 09:50:35
1660297835983891000,76.8,1,76.1,1,76.9,1,1,2022-08-12 09:50:35
1660297835983891000,76.9,3,76.1,1,76.9,1,1,2022-08-12 09:50:35
1660297836002601000,76.9,1,76.1,2,77.0,17,1,2022-08-12 09:50:36
1660297836002601000,77.0,1,76.1,2,77.0,17,1,2022-08-12 09:50:36
1660297836068790000,76.7,1,76.2,3,76.7,1,1,2022-08-12 09:50:36
1660297836555529000,76.7,1,76.3,7,76.8,3,1,2022-08-12 09:50:36
1660297836696700000,76.8,1,76.4,1,76.8,4,1,2022-08-12 09:50:36
1660297837096003000,76.8,1,76.4,3,76.8,3,1,2022-08-12 09:50:37
1660297837930774000,76.8,1,76.4,3,77.0,16,1,2022-08-12 09:50:37
1660297837930774000,77.0,1,76.4,3,77.0,16,1,2022-08-12 09:50:37
1660297838472880000,76.9,2,76.5,1,77.0,66,1,2022-08-12 09:50:38
1660297838954828000,77.0,2,76.6,1,77.0,64,1,2022-08-12 09:50:38
1660297839020867000,76.6,3,76.4,3,76.9,50,2,2022-08-12 09:50:39
1660297839715979000,76.4,1,76.4,7,76.8,1,2,2022-08-12 09:50:39
1660297840530500000,76.4,1,76.4,5,76.8,1,2,2022-08-12 09:50:40
1660297840616665000,76.8,2,76.4,5,76.8,10,1,2022-08-12 09:50:40
1660297840706279000,76.4,5,76.3,9,76.5,1,2,2022-08-12 09:50:40
1660297840728701000,76.3,1,76.3,8,76.5,1,2,2022-08-12 09:50:40
1660297849464822000,76.2,1,76.0,2,76.2,21,1,2022-08-12 09:50:49
1660297849673488000,76.2,2,76.0,2,76.2,18,1,2022-08-12 09:50:49
1660297850376565000,76.1,2,76.1,1,76.2,18,2,2022-08-12 09:50:50
1660297850406232000,76.1,1,76.0,2,76.2,18,2,2022-08-12 09:50:50
1660297850477819000,76.1,1,76.1,1,76.2,18,2,2022-08-12 09:50:50
1660297850619710000,76.2,1,76.0,2,76.2,17,1,2022-08-12 09:50:50
1660297851096520000,76.1,1,76.0,2,76.2,17,2,2022-08-12 09:50:51
1660297851895837000,76.0,1,76.0,1,76.2,17,2,2022-08-12 09:50:51
1660297851925086000,76.0,1,75.9,11,76.2,17,2,2022-08-12 09:50:51
1660297852550188000,76.2,5,75.9,6,76.2,12,1,2022-08-12 09:50:52
1660297861091906000,76.0,1,76.0,6,76.1,4,2,2022-08-12 09:51:01
1660297861621162000,76.0,1,76.0,10,76.1,4,2,2022-08-12 09:51:01
1660297865575578000,76.0,1,76.0,10,76.1,4,2,2022-08-12 09:51:05
1660297865742681000,76.1,1,76.0,10,76.1,3,1,2022-08-12 09:51:05
1660297866354886000,76.0,1,76.0,10,76.1,3,2,2022-08-12 09:51:06
1660297868936309000,76.0,1,76.0,116,76.1,4,2,2022-08-12 09:51:08
1660297869171132000,76.1,1,76.0,115,76.1,4,1,2022-08-12 09:51:09
1660297872149520000,76.1,1,76.0,121,76.1,2,1,2022-08-12 09:51:12
1660297872358907000,76.0,1,76.0,120,76.1,2,2,2022-08-12 09:51:12
1660297872527089000,76.1,1,76.0,119,76.1,1,1,2022-08-12 09:51:12
1660297872845218000,76.1,1,76.0,119,76.2,14,1,2022-08-12 09:51:12
1660297875624248000,76.1,1,76.1,4,76.2,14,2,2022-08-12 09:51:15
1660297879213144000,76.1,5,76.0,119,76.1,15,2,2022-08-12 09:51:19
1660297880199229000,76.1,10,76.0,119,76.1,6,1,2022-08-12 09:51:20
1660297881815018000,76.1,1,76.0,119,76.1,5,1,2022-08-12 09:51:21
1660297882602050000,76.1,1,76.0,119,76.1,4,1,2022-08-12 09:51:22
1660297883661618000,76.1,1,76.0,119,76.1,9,1,2022-08-12 09:51:23
1660297884765140000,76.1,1,76.0,121,76.1,8,1,2022-08-12 09:51:24
1660297886257901000,76.1,3,76.0,121,76.1,4,1,2022-08-12 09:51:26
1660297888005810000,76.1,1,76.0,121,76.1,3,1,2022-08-12 09:51:28
1660297888429598000,76.1,1,76.0,121,76.1,2,1,2022-08-12 09:51:28
1660297888571317000,76.1,2,76.1,8,76.2,12,1,2022-08-12 09:51:28
1660297890077130000,76.1,1,76.1,7,76.2,12,2,2022-08-12 09:51:30
1660297897838444000,76.1,1,76.1,12,76.2,12,2,2022-08-12 09:51:37
1660297899788296000,76.1,1,76.1,12,76.2,12,2,2022-08-12 09:51:39
1660297900425565000,76.1,1,76.1,11,76.2,12,2,2022-08-12 09:51:40
1660297900465906000,76.1,8,76.1,3,76.2,12,2,2022-08-12 09:51:40
1660297900486469000,76.1,3,76.0,126,76.2,12,2,2022-08-12 09:51:40
1660297902969235000,76.0,2,76.0,125,76.1,3,2,2022-08-12 09:51:42
1660297903234751000,76.1,1,76.0,125,76.1,2,1,2022-08-12 09:51:43
1660297904597867000,76.1,2,76.1,1,76.2,12,1,2022-08-12 09:51:44
1660297905341198000,76.1,1,76.0,124,76.1,1,2,2022-08-12 09:51:45
1660297906359967000,76.1,2,76.0,124,76.1,4,1,2022-08-12 09:51:46
1660297907150229000,76.1,1,76.0,124,76.1,3,1,2022-08-12 09:51:47
1660297908360733000,76.0,2,76.0,123,76.1,3,2,2022-08-12 09:51:48
1660297910765845000,76.1,1,76.0,122,76.1,12,1,2022-08-12 09:51:50
1660297912216963000,76.1,1,76.0,122,76.1,11,1,2022-08-12 09:51:52
1660297912839629000,76.1,1,76.0,129,76.1,10,1,2022-08-12 09:51:52
1660297913561092000,76.1,1,76.0,129,76.1,9,1,2022-08-12 09:51:53
1660297913805246000,76.1,1,76.0,129,76.1,8,1,2022-08-12 09:51:53
1660297915811076000,76.1,2,76.0,129,76.1,6,1,2022-08-12 09:51:55
1660297916147815000,76.1,6,76.0,129,76.2,18,1,2022-08-12 09:51:56
1660297918741608000,76.0,2,76.0,130,76.1,11,2,2022-08-12 09:51:58
1660297922470652000,76.0,2,76.0,128,76.1,11,2,2022-08-12 09:52:02
1660297924977170000,76.0,1,76.0,130,76.1,11,2,2022-08-12 09:52:04
1660297927790778000,76.1,1,76.0,130,76.1,10,1,2022-08-12 09:52:07
1660297928153539000,76.1,2,76.0,130,76.1,8,1,2022-08-12 09:52:08
1660297928636196000,76.1,7,76.0,130,76.1,1,1,2022-08-12 09:52:08
1660297932755691000,76.1,1,76.0,136,76.2,28,1,2022-08-12 09:52:12
1660297936509733000,76.1,2,76.1,8,76.2,28,2,2022-08-12 09:52:16
1660297937975188000,76.1,8,76.0,145,76.1,2,2,2022-08-12 09:52:17
1660297944334803000,76.0,1,76.0,154,76.1,2,2,2022-08-12 09:52:24
1660297946458037000,76.1,1,76.0,154,76.1,2,1,2022-08-12 09:52:26
1660297946486260000,76.1,1,76.0,154,76.1,1,1,2022-08-12 09:52:26
1660297952397216000,76.1,2,76.0,154,76.2,28,1,2022-08-12 09:52:32
1660297956222743000,76.1,2,76.0,152,76.2,28,1,2022-08-12 09:52:36
1660297960468623000,76.1,1,76.1,1,76.2,78,2,2022-08-12 09:52:40
1660297960498901000,76.1,1,76.0,153,76.2,78,2,2022-08-12 09:52:40
1660297961905927000,76.2,1,76.0,153,76.2,28,1,2022-08-12 09:52:41
1660297965286410000,76.2,2,76.0,153,76.2,25,1,2022-08-12 09:52:45
1660297967199395000,76.2,1,76.1,2,76.2,24,1,2022-08-12 09:52:47
1660297979149684000,76.1,2,76.1,1,76.2,14,2,2022-08-12 09:52:59
1660297980136568000,76.2,1,76.1,1,76.2,13,1,2022-08-12 09:53:00
1660297980563353000,76.2,2,76.1,1,76.2,11,1,2022-08-12 09:53:00
1660297982369180000,76.1,1,76.0,155,76.1,22,2,2022-08-12 09:53:02
1660297983141065000,76.1,1,76.0,155,76.1,21,1,2022-08-12 09:53:03
1660297983286818000,76.1,1,76.0,155,76.1,20,1,2022-08-12 09:53:03
1660297986907722000,76.1,1,76.0,154,76.1,19,1,2022-08-12 09:53:06
1660297990113299000,76.1,1,76.0,153,76.1,18,1,2022-08-12 09:53:10
1660297992924357000,76.1,2,76.0,153,76.1,16,1,2022-08-12 09:53:12
1660297994578290000,76.1,2,76.0,153,76.1,14,1,2022-08-12 09:53:14
1660297995744947000,76.1,2,76.0,154,76.1,12,1,2022-08-12 09:53:15
1660297996464295000,76.1,1,76.0,154,76.1,11,1,2022-08-12 09:53:16
1660297998346002000,76.1,1,76.0,154,76.1,11,1,2022-08-12 09:53:18
1660297998995535000,76.1,5,76.0,154,76.1,6,1,2022-08-12 09:53:18
1660297999048890000,76.1,2,76.0,154,76.1,4,1,2022-08-12 09:53:19
1660298001779569000,76.1,2,76.0,154,76.1,2,1,2022-08-12 09:53:21
1660298004254019000,76.1,2,76.0,154,76.2,13,1,2022-08-12 09:53:24
1660298004891461000,76.2,4,76.0,154,76.2,9,1,2022-08-12 09:53:24
1660298008123435000,76.1,1,76.0,52,76.1,1,1,2022-08-12 09:53:28
1660298009896270000,76.1,1,76.1,1,76.2,9,1,2022-08-12 09:53:29
1660298012864833000,76.2,1,76.1,3,76.2,17,1,2022-08-12 09:53:32
1660298014926614000,76.1,1,76.1,8,76.2,8,2,2022-08-12 09:53:34
1660298026080315000,76.2,2,76.1,8,76.2,6,1,2022-08-12 09:53:46
1660298033711718000,76.2,1,76.1,16,76.2,10,1,2022-08-12 09:53:53
1660298035948629000,76.2,1,76.1,27,76.2,7,1,2022-08-12 09:53:55
1660298035974659000,76.2,7,76.1,27,76.3,30,1,2022-08-12 09:53:55
1660298041021949000,76.2,1,76.2,6,76.3,31,2,2022-08-12 09:54:01
1660298051060490000,76.2,1,76.2,6,76.3,31,2,2022-08-12 09:54:11
1660298058093863000,76.2,5,76.2,11,76.3,31,2,2022-08-12 09:54:18
1660298061977204000,76.2,12,76.1,132,76.2,4,2,2022-08-12 09:54:21
1660298065804883000,76.2,1,76.1,132,76.2,16,1,2022-08-12 09:54:25
1660298070178583000,76.2,2,76.1,132,76.2,22,1,2022-08-12 09:54:30
1660298073094920000,76.2,1,76.1,131,76.2,20,1,2022-08-12 09:54:33
1660298076724153000,76.1,1,76.1,129,76.2,21,2,2022-08-12 09:54:36
1660298078808631000,76.2,1,76.1,129,76.2,20,1,2022-08-12 09:54:38
1660298079098334000,76.1,4,76.1,125,76.2,20,2,2022-08-12 09:54:39
1660298082139790000,76.2,1,76.1,125,76.2,20,1,2022-08-12 09:54:42
1660298085147812000,76.2,1,76.1,125,76.2,19,1,2022-08-12 09:54:45
1660298095007086000,76.2,5,76.1,125,76.2,13,1,2022-08-12 09:54:55
1660298097632955000,76.2,1,76.1,125,76.2,12,1,2022-08-12 09:54:57
1660298098683322000,76.2,1,76.1,125,76.2,11,1,2022-08-12 09:54:58
1660298107036441000,76.2,1,76.1,125,76.2,17,1,2022-08-12 09:55:07
1660298108475611000,76.2,1,76.1,125,76.2,16,1,2022-08-12 09:55:08
1660298117955320000,76.2,1,76.1,126,76.2,15,1,2022-08-12 09:55:17
1660298128853031000,76.2,2,76.1,127,76.2,16,1,2022-08-12 09:55:28
1660298129781708000,76.2,2,76.1,127,76.2,12,1,2022-08-12 09:55:29
1660298130565962000,76.2,3,76.1,127,76.2,9,1,2022-08-12 09:55:30
1660298130586274000,76.2,1,76.1,127,76.2,8,1,2022-08-12 09:55:30
1660298131163400000,76.2,8,76.1,127,76.3,30,1,2022-08-12 09:55:31
1660298139931701000,76.2,5,76.2,57,76.3,30,2,2022-08-12 09:55:39
1660298163749256000,76.3,1,76.2,59,76.3,29,1,2022-08-12 09:56:03
1660298164052166000,76.2,2,76.2,57,76.3,29,2,2022-08-12 09:56:04
1660298165475198000,76.2,1,76.2,56,76.3,29,2,2022-08-12 09:56:05
1660298166336242000,76.3,1,76.2,56,76.3,28,1,2022-08-12 09:56:06
1660298167770830000,76.3,11,76.2,106,76.3,17,1,2022-08-12 09:56:07
1660298167799952000,76.3,1,76.2,106,76.3,16,1,2022-08-12 09:56:07
1660298167828188000,76.3,4,76.2,106,76.3,12,1,2022-08-12 09:56:07
1660298167861427000,76.3,1,76.2,106,76.3,11,1,2022-08-12 09:56:07
1660298167861652000,76.3,1,76.2,106,76.3,10,1,2022-08-12 09:56:07
1660298167881597000,76.3,2,76.2,106,76.3,28,1,2022-08-12 09:56:07
1660298168176394000,76.3,8,76.2,106,76.4,20,1,2022-08-12 09:56:08
1660298169232316000,76.4,3,76.2,56,76.4,20,1,2022-08-12 09:56:09
1660298169441143000,76.4,1,76.2,56,76.4,16,1,2022-08-12 09:56:09
1660298169583138000,76.4,1,76.2,56,76.4,15,1,2022-08-12 09:56:09
1660298171652219000,76.4,1,76.3,1,76.4,14,1,2022-08-12 09:56:11
1660298172539348000,76.3,2,76.3,3,76.4,14,2,2022-08-12 09:56:12
1660298175197465000,76.3,1,76.2,57,76.3,4,2,2022-08-12 09:56:15
1660298193426725000,76.3,3,76.2,109,76.3,1,1,2022-08-12 09:56:33
1660298195791164000,76.3,1,76.2,110,76.4,14,1,2022-08-12 09:56:35
1660298199377529000,76.4,1,76.3,1,76.4,14,1,2022-08-12 09:56:39
1660298204461723000,76.3,1,76.3,20,76.4,13,2,2022-08-12 09:56:44
1660298213050569000,76.3,1,76.3,5,76.4,13,2,2022-08-12 09:56:53
1660298240167760000,76.3,1,76.3,55,76.4,14,2,2022-08-12 09:57:20
1660298241164833000,76.3,2,76.3,4,76.4,14,2,2022-08-12 09:57:21
1660298242208458000,76.3,1,76.3,3,76.4,16,2,2022-08-12 09:57:22
1660298244061863000,76.3,2,76.3,2,76.4,16,2,2022-08-12 09:57:24
1660298246391984000,76.3,2,76.2,113,76.3,3,2,2022-08-12 09:57:26
1660298249346813000,76.3,1,76.2,113,76.3,16,1,2022-08-12 09:57:29
1660298257828609000,76.3,1,76.2,113,76.3,6,1,2022-08-12 09:57:37
1660298259441124000,76.3,1,76.2,113,76.3,15,1,2022-08-12 09:57:39
1660298267109830000,76.2,1,76.2,111,76.3,15,2,2022-08-12 09:57:47
1660298267873851000,76.2,1,76.2,10,76.3,15,2,2022-08-12 09:57:47
1660298267893866000,76.2,10,76.1,117,76.3,15,2,2022-08-12 09:57:47
1660298268684381000,76.2,1,76.1,117,76.2,2,1,2022-08-12 09:57:48
1660298270044939000,76.1,30,76.1,87,76.2,2,2,2022-08-12 09:57:50
1660298272583013000,76.0,1,76.0,128,76.1,12,2,2022-08-12 09:57:52
1660298272672934000,76.0,2,76.0,126,76.1,16,2,2022-08-12 09:57:52
1660298272686420000,76.0,1,76.0,125,76.1,16,2,2022-08-12 09:57:52
1660298272686423000,76.0,1,76.0,124,76.1,16,2,2022-08-12 09:57:52
1660298272686440000,76.0,1,76.0,123,76.1,16,2,2022-08-12 09:57:52
1660298272686456000,76.0,1,76.0,122,76.1,16,2,2022-08-12 09:57:52
1660298272686481000,76.0,1,76.0,121,76.1,16,2,2022-08-12 09:57:52
1660298272686496000,76.0,1,76.0,120,76.1,16,2,2022-08-12 09:57:52
1660298272686512000,76.0,1,76.0,119,76.1,16,2,2022-08-12 09:57:52
1660298272686548000,76.0,1,76.0,118,76.1,16,2,2022-08-12 09:57:52
1660298272706276000,76.0,6,76.0,112,76.1,16,2,2022-08-12 09:57:52
1660298272737719000,76.0,3,76.0,12,76.1,16,2,2022-08-12 09:57:52
1660298273433996000,76.0,5,76.0,4,76.1,7,2,2022-08-12 09:57:53
1660298273704254000,76.0,1,76.0,3,76.1,7,2,2022-08-12 09:57:53
1660298274111343000,76.0,3,75.9,102,76.0,6,2,2022-08-12 09:57:54
1660298274471131000,75.9,10,75.9,92,76.0,6,2,2022-08-12 09:57:54
1660298276035160000,75.9,1,75.8,112,75.9,9,1,2022-08-12 09:57:56
1660298278025420000,75.8,1,75.8,111,75.9,9,2,2022-08-12 09:57:58
1660298278673388000,75.8,4,75.8,7,75.9,9,2,2022-08-12 09:57:58
1660298279754498000,75.8,2,75.8,5,75.9,9,2,2022-08-12 09:57:59
1660298280019347000,75.8,1,75.8,4,75.9,9,2,2022-08-12 09:58:00
1660298281689216000,75.8,4,75.7,105,75.8,1,2,2022-08-12 09:58:01
1660298285644715000,75.7,1,75.7,104,75.8,3,2,2022-08-12 09:58:05
1660298286513194000,75.7,2,75.7,2,75.8,3,2,2022-08-12 09:58:06
1660298286997730000,75.7,2,75.6,1,75.8,3,2,2022-08-12 09:58:06
1660298288373106000,75.6,1,75.5,11,75.8,7,2,2022-08-12 09:58:08
1660298290176523000,75.5,10,75.5,1,75.7,3,2,2022-08-12 09:58:10
1660298290204313000,75.5,1,75.4,5,75.7,3,2,2022-08-12 09:58:10
1660298290359124000,75.4,1,75.4,5,75.7,7,2,2022-08-12 09:58:10
1660298291497336000,75.5,1,75.6,19,75.7,7,1,2022-08-12 09:58:11
1660298292703150000,75.6,2,75.6,17,75.7,3,2,2022-08-12 09:58:12
1660298293624575000,75.6,1,75.6,16,75.7,24,2,2022-08-12 09:58:13
1660298295261779000,75.6,1,75.6,15,75.7,24,2,2022-08-12 09:58:15
1660298295819357000,75.6,1,75.6,14,75.7,24,2,2022-08-12 09:58:15
1660298297625004000,75.6,4,75.6,12,75.7,24,2,2022-08-12 09:58:17
1660298298606472000,75.6,10,75.6,2,75.7,24,2,2022-08-12 09:58:18
1660298298640140000,75.6,2,75.5,2,75.7,24,2,2022-08-12 09:58:18
1660298302107230000,75.6,1,75.5,1,75.6,6,1,2022-08-12 09:58:22
1660298302481570000,75.6,1,75.5,1,75.6,5,1,2022-08-12 09:58:22
1660298302778094000,75.6,2,75.5,1,75.6,3,1,2022-08-12 09:58:22
1660298304872597000,75.5,1,75.3,1,75.6,3,2,2022-08-12 09:58:24
1660298304872597000,75.4,3,75.3,1,75.6,3,2,2022-08-12 09:58:24
1660298304872597000,75.3,1,75.3,1,75.6,3,2,2022-08-12 09:58:24
1660298305070641000,75.6,1,75.4,11,75.6,2,1,2022-08-12 09:58:25
1660298305231217000,75.6,1,75.4,11,75.6,1,1,2022-08-12 09:58:25
1660298307658835000,75.5,1,75.5,1,75.6,1,2,2022-08-12 09:58:27
1660298307935528000,75.5,1,75.4,11,75.6,1,2,2022-08-12 09:58:27
1660298312992141000,75.5,1,75.4,12,75.6,2,2,2022-08-12 09:58:32
1660298313649132000,75.4,2,75.4,10,75.6,2,2,2022-08-12 09:58:33
1660298314980173000,75.6,2,75.4,10,75.7,24,1,2022-08-12 09:58:34
1660298317655892000,75.4,5,75.4,5,75.5,1,2,2022-08-12 09:58:37
1660298319361648000,75.4,1,75.4,5,75.5,1,2,2022-08-12 09:58:39
1660298322821457000,75.4,5,75.4,1,75.5,1,2,2022-08-12 09:58:42
1660298324378157000,75.4,1,75.4,2,75.5,1,2,2022-08-12 09:58:44
1660298325480566000,75.4,3,75.2,6,75.4,2,2,2022-08-12 09:58:45
1660298328964397000,75.4,1,75.3,11,75.4,1,1,2022-08-12 09:58:48
1660298329077986000,75.3,1,75.3,10,75.4,1,2,2022-08-12 09:58:49
1660298331989544000,75.3,1,75.3,9,75.4,1,2,2022-08-12 09:58:51
1660298334071699000,75.3,3,75.3,6,75.4,1,2,2022-08-12 09:58:54
1660298334936776000,75.4,1,75.3,10,75.4,1,1,2022-08-12 09:58:54
1660298335260531000,75.3,1,75.3,10,75.5,8,2,2022-08-12 09:58:55
1660298337025449000,75.3,3,75.3,6,75.5,8,2,2022-08-12 09:58:57
1660298338716807000,75.4,1,75.3,7,75.5,8,2,2022-08-12 09:58:58
1660298339653719000,75.4,1,75.4,1,75.5,8,2,2022-08-12 09:58:59
1660298343642521000,75.5,4,75.4,5,75.5,4,1,2022-08-12 09:59:03
1660298344393692000,75.4,2,75.4,3,75.5,4,2,2022-08-12 09:59:04
1660298344579303000,75.5,2,75.3,8,75.5,2,1,2022-08-12 09:59:04
1660298344605420000,75.5,2,75.3,8,75.6,10,1,2022-08-12 09:59:04
1660298344897859000,75.6,1,75.5,15,75.6,10,1,2022-08-12 09:59:04
1660298356744575000,75.6,1,75.5,15,75.6,13,1,2022-08-12 09:59:16
1660298356932706000,75.6,11,75.5,65,75.6,3,1,2022-08-12 09:59:16
1660298357025823000,75.6,1,75.5,65,75.6,3,1,2022-08-12 09:59:17
1660298357959555000,75.6,2,75.6,2,75.7,21,1,2022-08-12 09:59:17
1660298360332273000,75.7,13,75.6,51,75.7,8,1,2022-08-12 09:59:20
1660298360413870000,75.7,2,75.6,51,75.7,6,1,2022-08-12 09:59:20
1660298360543421000,75.7,2,75.6,51,75.7,21,1,2022-08-12 09:59:20
1660298362606919000,75.6,1,75.5,3,75.7,4,2,2022-08-12 09:59:22
1660298362606919000,75.5,1,75.5,3,75.7,4,2,2022-08-12 09:59:22
1660298365509232000,75.6,1,75.5,3,75.6,4,2,2022-08-12 09:59:25
1660298369574211000,75.5,1,75.5,4,75.6,4,2,2022-08-12 09:59:29
1660298371823022000,75.6,1,75.5,4,75.6,3,1,2022-08-12 09:59:31
1660298395345131000,75.5,5,75.5,9,75.6,4,2,2022-08-12 09:59:55
1660298397327395000,75.5,5,75.5,4,75.6,4,2,2022-08-12 09:59:57
1660298397399006000,75.6,1,75.5,4,75.6,3,1,2022-08-12 09:59:57
1660298397851831000,75.5,1,75.5,3,75.6,3,2,2022-08-12 09:59:57
1660298398241257000,75.5,3,75.4,7,75.6,4,2,2022-08-12 09:59:58
1660298418360274000,75.5,1,75.4,56,75.6,4,1,2022-08-12 10:00:18
1660298428516951000,75.5,1,75.5,2,75.6,4,2,2022-08-12 10:00:28
1660298429512651000,75.5,1,75.5,2,75.6,4,2,2022-08-12 10:00:29
1660298437935355000,75.6,5,75.5,58,75.7,10,1,2022-08-12 10:00:37
1660298451566150000,75.6,1,75.6,49,75.7,10,2,2022-08-12 10:00:51
1660298462297172000,75.5,1,75.5,7,75.6,5,2,2022-08-12 10:01:02
1660298467813431000,75.6,1,75.5,9,75.6,4,1,2022-08-12 10:01:07
1660298467889761000,75.5,4,75.5,5,75.6,4,2,2022-08-12 10:01:07
1660298468725156000,75.6,4,75.6,6,75.7,6,1,2022-08-12 10:01:08
1660298488116812000,75.6,10,75.6,50,75.7,6,2,2022-08-12 10:01:28
1660298490336078000,75.5,5,75.4,6,75.6,5,2,2022-08-12 10:01:30
1660298494095430000,75.5,1,75.4,7,75.5,1,1,2022-08-12 10:01:34
1660298494839711000,75.6,1,75.4,7,75.6,6,1,2022-08-12 10:01:34
1660298495417918000,75.6,1,75.4,7,75.6,5,1,2022-08-12 10:01:35
1660298498460391000,75.6,2,75.4,7,75.6,3,1,2022-08-12 10:01:38
1660298505716331000,75.4,5,75.4,2,75.5,10,2,2022-08-12 10:01:45
1660298505749787000,75.4,2,75.3,11,75.5,10,2,2022-08-12 10:01:45
1660298506517031000,75.5,1,75.3,11,75.5,9,1,2022-08-12 10:01:46
1660298512529084000,75.3,1,75.3,8,75.4,1,2,2022-08-12 10:01:52
1660298513340708000,75.4,1,75.3,8,75.5,8,1,2022-08-12 10:01:53
1660298513340708000,75.5,1,75.3,8,75.5,8,1,2022-08-12 10:01:53
1660298514236810000,75.4,3,75.4,7,75.5,8,2,2022-08-12 10:01:54
1660298522588692000,75.5,1,75.4,97,75.5,8,1,2022-08-12 10:02:02
1660298524215065000,75.4,5,75.4,2,75.5,7,2,2022-08-12 10:02:04
1660298525332493000,75.4,2,75.3,9,75.4,3,2,2022-08-12 10:02:05
1660298526226487000,75.3,5,75.3,4,75.4,13,2,2022-08-12 10:02:06
1660298527081370000,75.3,4,75.2,14,75.3,1,2,2022-08-12 10:02:07
1660298527240984000,75.3,1,75.2,14,75.4,13,1,2022-08-12 10:02:07
1660298528227490000,75.2,5,75.2,9,75.3,5,2,2022-08-12 10:02:08
1660298528288428000,75.2,3,75.2,6,75.3,5,2,2022-08-12 10:02:08
1660298528431524000,75.2,2,75.2,4,75.3,5,2,2022-08-12 10:02:08
1660298528449280000,75.2,4,75.2,6,75.3,5,2,2022-08-12 10:02:08
1660298532811293000,75.2,1,75.1,12,75.2,7,1,2022-08-12 10:02:12
1660298543657715000,75.1,12,74.5,16,75.2,8,2,2022-08-12 10:02:23
1660298543657715000,75.0,19,74.5,16,75.2,8,2,2022-08-12 10:02:23
1660298543657715000,74.8,13,74.5,16,75.2,8,2,2022-08-12 10:02:23
1660298543657715000,74.7,12,74.5,16,75.2,8,2,2022-08-12 10:02:23
1660298543657715000,74.6,10,74.5,16,75.2,8,2,2022-08-12 10:02:23
1660298543657715000,74.5,11,74.5,16,75.2,8,2,2022-08-12 10:02:23
1660298543711783000,74.5,2,74.5,18,75.1,1,2,2022-08-12 10:02:23
1660298543716506000,75.1,1,74.5,18,75.2,14,1,2022-08-12 10:02:23
1660298543716506000,75.2,1,74.5,18,75.2,14,1,2022-08-12 10:02:23
1660298543779667000,74.6,1,74.6,5,75.1,2,2,2022-08-12 10:02:23
1660298544048747000,74.6,1,74.6,8,75.1,6,2,2022-08-12 10:02:24
1660298544123445000,75.1,1,74.6,9,75.1,6,1,2022-08-12 10:02:24
1660298544245671000,74.6,7,74.6,1,75.1,5,2,2022-08-12 10:02:24
1660298548604713000,74.6,4,74.6,16,74.9,1,2,2022-08-12 10:02:28
1660298551672637000,74.7,8,74.6,13,74.7,4,2,2022-08-12 10:02:31
1660298552149286000,74.7,4,74.6,15,74.7,4,1,2022-08-12 10:02:32
1660298552639435000,74.6,5,74.6,19,74.9,2,2,2022-08-12 10:02:32
1660298555018306000,74.7,2,74.7,5,74.9,2,2,2022-08-12 10:02:35
1660298555880487000,74.7,1,74.6,12,74.9,2,2,2022-08-12 10:02:35
1660298557203056000,74.6,2,74.6,14,74.9,2,2,2022-08-12 10:02:37
1660298557699162000,74.6,1,74.6,9,74.9,2,2,2022-08-12 10:02:37
1660298559201107000,74.6,1,74.6,16,74.7,1,2,2022-08-12 10:02:39
1660298559639943000,74.6,1,74.6,12,74.7,1,2,2022-08-12 10:02:39
1660298560467712000,74.6,4,74.6,8,74.7,1,2,2022-08-12 10:02:40
1660298560983575000,74.6,1,74.6,7,74.7,1,2,2022-08-12 10:02:40
1660298561925941000,74.6,1,74.6,7,74.7,1,2,2022-08-12 10:02:41
1660298562109589000,74.6,1,74.6,6,74.7,1,2,2022-08-12 10:02:42
1660298562622458000,74.6,1,74.6,7,74.7,1,2,2022-08-12 10:02:42
1660298562692505000,74.6,1,74.6,8,74.7,1,2,2022-08-12 10:02:42
1660298563687192000,74.6,1,74.6,10,74.7,1,2,2022-08-12 10:02:43
1660298563782300000,74.7,1,74.6,11,74.8,1,1,2022-08-12 10:02:43
1660298565287897000,74.8,1,74.6,16,74.9,1,1,2022-08-12 10:02:45
1660298565890732000,74.6,1,74.6,17,74.9,1,2,2022-08-12 10:02:45
1660298571077664000,74.9,1,74.7,8,75.1,1,1,2022-08-12 10:02:51
1660298571189697000,75.1,1,74.7,8,75.1,8,1,2022-08-12 10:02:51
1660298572064772000,74.9,1,74.9,4,75.1,7,2,2022-08-12 10:02:52
1660298573494901000,75.1,1,74.9,3,75.1,6,1,2022-08-12 10:02:53
1660298574712738000,75.2,2,74.9,3,75.2,10,1,2022-08-12 10:02:54
1660298583221913000,75.0,1,75.0,7,75.2,3,2,2022-08-12 10:03:03
1660298587881220000,75.2,2,75.0,11,75.2,1,1,2022-08-12 10:03:07
1660298594187237000,75.2,1,75.1,13,75.2,1,1,2022-08-12 10:03:14
1660298597803733000,75.2,1,75.1,13,75.3,6,1,2022-08-12 10:03:17
1660298602285401000,75.2,1,75.2,2,75.3,6,2,2022-08-12 10:03:22
1660298604033265000,75.2,2,75.1,13,75.2,7,2,2022-08-12 10:03:24
1660298605443318000,75.1,1,75.1,13,75.2,7,2,2022-08-12 10:03:25
1660298607180361000,75.2,1,75.1,12,75.2,6,1,2022-08-12 10:03:27
1660298607310843000,75.1,1,75.1,11,75.2,6,2,2022-08-12 10:03:27
1660298609467971000,75.1,1,75.1,11,75.2,7,2,2022-08-12 10:03:29
1660298610604873000,75.1,2,75.1,10,75.2,7,2,2022-08-12 10:03:30
1660298611867346000,75.1,2,75.1,8,75.2,7,2,2022-08-12 10:03:31
1660298612337490000,75.1,1,75.1,7,75.2,7,2,2022-08-12 10:03:32
1660298612834568000,75.1,2,75.1,5,75.2,7,2,2022-08-12 10:03:32
1660298615477948000,75.1,1,75.1,4,75.2,7,2,2022-08-12 10:03:35
1660298617071615000,75.1,1,75.1,3,75.2,7,2,2022-08-12 10:03:37
1660298618461187000,75.1,1,75.1,3,75.2,7,2,2022-08-12 10:03:38
1660298620539577000,75.1,3,75.0,10,75.2,7,2,2022-08-12 10:03:40
1660298620685162000,75.2,1,75.0,10,75.2,6,1,2022-08-12 10:03:40
1660298625307268000,75.1,2,75.0,10,75.1,1,2,2022-08-12 10:03:45
1660298637064882000,75.0,2,75.0,12,75.1,6,2,2022-08-12 10:03:57
1660298645637803000,75.1,1,75.0,3,75.1,5,1,2022-08-12 10:04:05
1660298645720849000,75.0,2,75.0,1,75.1,5,2,2022-08-12 10:04:05
1660298646018634000,75.0,1,74.9,6,75.0,3,2,2022-08-12 10:04:06
1660298655631512000,75.0,1,74.9,7,75.0,4,1,2022-08-12 10:04:15
1660298656108231000,74.9,1,74.9,6,75.0,4,2,2022-08-12 10:04:16
1660298661002563000,75.0,2,74.9,12,75.0,2,1,2022-08-12 10:04:21
1660298661074865000,75.0,1,74.9,12,75.0,1,1,2022-08-12 10:04:21
1660298661100418000,75.0,1,74.9,12,75.1,5,1,2022-08-12 10:04:21
1660298663294153000,75.0,1,75.0,6,75.1,5,2,2022-08-12 10:04:23
1660298663414061000,75.0,1,75.0,5,75.1,5,2,2022-08-12 10:04:23
1660298666381248000,75.0,1,75.0,13,75.1,6,2,2022-08-12 10:04:26
1660298669838553000,75.0,2,75.0,11,75.1,6,2,2022-08-12 10:04:29
1660298670062076000,75.0,1,75.0,10,75.1,6,2,2022-08-12 10:04:30
1660298670792252000,75.1,1,75.0,10,75.1,5,1,2022-08-12 10:04:30
1660298674229779000,75.1,1,75.0,11,75.1,4,1,2022-08-12 10:04:34
1660298674292774000,75.1,1,75.0,11,75.1,3,1,2022-08-12 10:04:34
1660298675924555000,75.1,1,75.0,11,75.1,2,1,2022-08-12 10:04:35
1660298677161369000,75.1,2,75.1,3,75.2,7,1,2022-08-12 10:04:37
1660298684015828000,75.2,7,75.2,2,75.3,1,1,2022-08-12 10:04:44
1660298687147140000,75.2,1,75.2,2,75.3,1,2,2022-08-12 10:04:47
1660298698462401000,75.2,1,75.2,4,75.3,1,2,2022-08-12 10:04:58
1660298700014780000,75.2,1,75.2,3,75.3,3,2,2022-08-12 10:05:00
1660298701373039000,75.3,1,75.2,3,75.3,2,1,2022-08-12 10:05:01
1660298701417262000,75.3,1,75.2,3,75.3,1,1,2022-08-12 10:05:01
1660298702306211000,75.3,1,75.3,2,75.4,4,1,2022-08-12 10:05:02
1660298702343987000,75.3,2,75.2,3,75.4,4,2,2022-08-12 10:05:02
1660298720992238000,75.3,1,75.3,4,75.4,11,2,2022-08-12 10:05:20
1660298721028226000,75.3,4,75.2,3,75.4,11,2,2022-08-12 10:05:21
1660298721576991000,75.2,3,75.1,10,75.3,2,2,2022-08-12 10:05:21
1660298724504953000,75.3,1,75.1,10,75.3,1,1,2022-08-12 10:05:24
1660298734920407000,75.2,1,75.1,10,75.2,1,1,2022-08-12 10:05:34
1660298742214158000,75.2,1,75.1,10,75.2,1,1,2022-08-12 10:05:42
1660298755506066000,75.2,4,75.2,1,75.3,15,1,2022-08-12 10:05:55
1660298774982566000,75.3,4,75.2,3,75.3,13,1,2022-08-12 10:06:14
1660298776342204000,75.3,1,75.2,3,75.3,8,1,2022-08-12 10:06:16
1660298778310854000,75.3,4,75.2,3,75.3,4,1,2022-08-12 10:06:18
1660298780304778000,75.3,2,75.3,3,75.4,10,1,2022-08-12 10:06:20
1660298780329896000,75.3,3,75.2,3,75.4,10,2,2022-08-12 10:06:20
1660298785323744000,75.3,1,75.2,4,75.3,2,1,2022-08-12 10:06:25
1660298786356520000,75.3,1,75.2,4,75.4,10,1,2022-08-12 10:06:26
1660298798965503000,75.3,2,75.3,4,75.4,17,2,2022-08-12 10:06:38
1660298806779886000,75.3,1,75.3,5,75.4,16,2,2022-08-12 10:06:46
1660298832234814000,75.4,1,75.3,8,75.4,15,1,2022-08-12 10:07:12
1660298833608961000,75.3,1,75.3,7,75.4,15,2,2022-08-12 10:07:13
1660298865109696000,75.4,2,75.3,8,75.4,13,1,2022-08-12 10:07:45
1660298869300277000,75.4,1,75.3,9,75.4,13,1,2022-08-12 10:07:49
1660298869762476000,75.4,1,75.3,9,75.4,11,1,2022-08-12 10:07:49
1660298869973973000,75.4,1,75.3,9,75.4,10,1,2022-08-12 10:07:49
1660298870702314000,75.4,1,75.3,9,75.4,11,1,2022-08-12 10:07:50
1660298870837911000,75.4,2,75.3,9,75.4,9,1,2022-08-12 10:07:50
1660298871844433000,75.4,2,75.3,9,75.4,7,1,2022-08-12 10:07:51
1660298881813280000,75.4,1,75.3,10,75.4,6,1,2022-08-12 10:08:01
1660298883671479000,75.4,1,75.3,9,75.4,11,1,2022-08-12 10:08:03
1660298886750782000,75.4,1,75.3,29,75.4,10,1,2022-08-12 10:08:06
1660298887211015000,75.4,1,75.3,29,75.4,9,1,2022-08-12 10:08:07
1660298887416718000,75.4,1,75.3,29,75.4,8,1,2022-08-12 10:08:07
1660298888379492000,75.4,2,75.3,29,75.4,6,1,2022-08-12 10:08:08
1660298889475105000,75.5,2,75.3,29,75.7,7,1,2022-08-12 10:08:09
1660298889475105000,75.6,4,75.3,29,75.7,7,1,2022-08-12 10:08:09
1660298889526735000,75.7,1,75.3,29,75.7,6,1,2022-08-12 10:08:09
1660298897761163000,75.4,6,75.3,28,75.6,1,2,2022-08-12 10:08:17
1660298898919543000,75.6,1,75.3,27,75.6,2,1,2022-08-12 10:08:18
1660298912633246000,75.6,1,75.5,5,75.6,12,1,2022-08-12 10:08:32
1660298914825093000,75.6,3,75.5,15,75.6,9,1,2022-08-12 10:08:34
