ts,close,volume,bid_price,bid_volume,ask_price,ask_volume,tick_type,datetime
1660294807464808000,85.9,516,85.9,26,86.0,39,1,2022-08-12 09:00:07
1660294807530130000,85.9,2,85.9,24,86.0,39,2,2022-08-12 09:00:07
1660294807605886000,86.0,3,85.9,24,86.0,36,1,2022-08-12 09:00:07
1660294807611086000,85.9,1,85.9,23,86.0,36,2,2022-08-12 09:00:07
1660294807625173000,85.9,2,85.9,21,86.0,36,2,2022-08-12 09:00:07
1660294807651724000,86.0,6,85.9,21,86.0,38,1,2022-08-12 09:00:07
1660294808277491000,85.9,16,85.9,5,86.0,32,2,2022-08-12 09:00:08
1660294808311398000,85.9,2,85.9,3,86.0,32,2,2022-08-12 09:00:08
1660294808348308000,86.0,1,85.9,3,86.0,31,1,2022-08-12 09:00:08
1660294808386046000,86.0,17,85.9,3,86.0,14,1,2022-08-12 09:00:08
1660294808410135000,86.0,5,85.9,3,86.0,9,1,2022-08-12 09:00:08
1660294808435985000,86.0,9,85.9,3,86.1,10,1,2022-08-12 09:00:08
1660294808704222000,86.1,10,85.9,3,86.2,13,1,2022-08-12 09:00:08
1660294808799746000,86.2,1,85.9,3,86.2,15,1,2022-08-12 09:00:08
1660294808799787000,86.2,2,85.9,3,86.2,13,1,2022-08-12 09:00:08
1660294808838848000,86.2,8,85.9,3,86.2,5,1,2022-08-12 09:00:08
1660294808842097000,86.2,1,86.0,1,86.2,4,1,2022-08-12 09:00:08
1660294808860833000,86.2,2,86.0,1,86.2,2,1,2022-08-12 09:00:08
1660294808889352000,86.2,2,86.0,1,86.2,5,1,2022-08-12 09:00:08
1660294809171555000,86.0,1,85.9,3,86.3,2,2,2022-08-12 09:00:09
1660294809796815000,86.0,1,86.0,5,86.2,7,2,2022-08-12 09:00:09
1660294810949656000,86.1,1,86.0,5,86.1,1,1,2022-08-12 09:00:10
1660294810949656000,86.2,2,86.0,5,86.1,1,1,2022-08-12 09:00:10
1660294811016510000,86.2,1,86.1,1,86.2,4,1,2022-08-12 09:00:11
1660294811026217000,86.1,1,86.0,4,86.2,4,2,2022-08-12 09:00:11
1660294811026217000,86.0,4,86.0,4,86.2,4,2,2022-08-12 09:00:11
1660294811049863000,86.2,1,86.0,4,86.2,3,1,2022-08-12 09:00:11
1660294811131108000,86.0,3,86.0,1,86.2,3,2,2022-08-12 09:00:11
1660294811338874000,86.2,1,86.0,1,86.2,2,1,2022-08-12 09:00:11
1660294811405413000,86.2,1,86.1,1,86.2,4,1,2022-08-12 09:00:11
1660294811488535000,86.2,1,86.0,1,86.5,5,1,2022-08-12 09:00:11
1660294811488535000,86.3,2,86.0,1,86.5,5,1,2022-08-12 09:00:11
1660294811488535000,86.4,2,86.0,1,86.5,5,1,2022-08-12 09:00:11
1660294811488535000,86.5,5,86.0,1,86.5,5,1,2022-08-12 09:00:11
1660294811566284000,86.2,1,86.1,2,86.4,2,1,2022-08-12 09:00:11
1660294811640721000,86.4,1,86.1,2,86.4,1,1,2022-08-12 09:00:11
1660294811642546000,86.4,1,86.1,2,86.5,1,1,2022-08-12 09:00:11
1660294812599788000,86.4,1,86.2,1,86.4,2,1,2022-08-12 09:00:12
1660294812813039000,86.4,2,86.2,1,86.7,3,1,2022-08-12 09:00:12
1660294812813039000,86.5,1,86.2,1,86.7,3,1,2022-08-12 09:00:12
1660294812813039000,86.6,1,86.2,1,86.7,3,1,2022-08-12 09:00:12
1660294813147656000,86.7,1,86.3,1,86.7,3,1,2022-08-12 09:00:13
1660294813167815000,86.7,1,86.3,1,86.7,2,1,2022-08-12 09:00:13
1660294813197098000,86.7,2,86.3,1,86.8,6,1,2022-08-12 09:00:13
1660294813742063000,86.3,1,86.2,8,86.8,6,2,2022-08-12 09:00:13
1660294814092262000,86.5,2,86.5,3,86.7,2,2,2022-08-12 09:00:14
1660294814818357000,86.7,1,86.5,3,86.7,1,1,2022-08-12 09:00:14
1660294814929939000,86.7,1,86.5,3,86.7,2,1,2022-08-12 09:00:14
1660294815229901000,86.6,1,86.5,3,86.8,6,1,2022-08-12 09:00:15
1660294815784678000,86.7,1,86.5,3,86.7,3,1,2022-08-12 09:00:15
1660294815973777000,86.5,1,86.5,2,86.7,2,2,2022-08-12 09:00:15
1660294816201755000,86.5,1,86.5,1,86.6,2,2,2022-08-12 09:00:16
1660294816244788000,86.5,1,86.5,2,86.6,2,2,2022-08-12 09:00:16
1660294816902435000,86.6,1,86.4,1,86.6,2,1,2022-08-12 09:00:16
1660294817256688000,86.4,1,86.3,4,86.6,7,2,2022-08-12 09:00:17
1660294817284392000,86.6,3,86.3,4,86.6,4,1,2022-08-12 09:00:17
1660294817332459000,86.5,1,86.3,4,86.6,5,2,2022-08-12 09:00:17
1660294817504945000,86.6,1,86.3,4,86.6,4,1,2022-08-12 09:00:17
1660294817714918000,86.3,1,86.3,4,86.5,1,2,2022-08-12 09:00:17
1660294817784158000,86.5,1,86.3,4,86.6,5,1,2022-08-12 09:00:17
1660294818035115000,86.5,1,86.3,4,86.6,6,2,2022-08-12 09:00:18
1660294818050708000,86.3,2,86.3,2,86.6,6,2,2022-08-12 09:00:18
1660294818076206000,86.5,1,86.3,2,86.6,6,2,2022-08-12 09:00:18
1660294818256513000,86.6,1,86.3,2,86.6,6,1,2022-08-12 09:00:18
1660294818328117000,86.5,1,86.3,2,86.6,6,2,2022-08-12 09:00:18
1660294818443640000,86.6,6,86.3,2,86.7,14,1,2022-08-12 09:00:18
1660294818443640000,86.7,4,86.3,2,86.7,14,1,2022-08-12 09:00:18
1660294818486578000,86.6,1,86.3,4,86.7,15,2,2022-08-12 09:00:18
1660294818659613000,86.5,10,86.3,4,86.7,5,1,2022-08-12 09:00:18
1660294818659613000,86.7,10,86.3,4,86.7,5,1,2022-08-12 09:00:18
1660294818710238000,86.7,1,86.3,10,86.7,4,1,2022-08-12 09:00:18
1660294819127564000,86.5,1,86.3,4,86.6,1,1,2022-08-12 09:00:19
1660294819772782000,86.6,1,86.5,2,86.7,4,1,2022-08-12 09:00:19
1660294819773856000,86.5,1,86.5,1,86.7,4,2,2022-08-12 09:00:19
1660294819969361000,86.7,2,86.6,1,86.7,4,1,2022-08-12 09:00:19
1660294820381323000,86.6,1,86.6,1,86.7,2,2,2022-08-12 09:00:20
1660294820809559000,86.7,1,86.6,1,86.7,1,1,2022-08-12 09:00:20
1660294820997827000,86.6,1,86.5,6,86.7,1,2,2022-08-12 09:00:20
1660294820997827000,86.5,1,86.5,6,86.7,1,2,2022-08-12 09:00:20
1660294821074487000,86.7,1,86.5,6,86.8,11,1,2022-08-12 09:00:21
1660294821127890000,86.8,2,86.5,6,86.8,9,1,2022-08-12 09:00:21
1660294821747979000,86.5,1,86.5,6,86.8,11,2,2022-08-12 09:00:21
1660294821915642000,86.8,1,86.6,2,86.8,15,1,2022-08-12 09:00:21
1660294822199436000,86.6,2,86.6,1,86.7,1,2,2022-08-12 09:00:22
1660294822233760000,86.6,1,86.6,3,86.7,1,2,2022-08-12 09:00:22
1660294822746608000,86.7,1,86.5,6,86.8,15,1,2022-08-12 09:00:22
1660294822960248000,86.7,1,86.5,6,86.7,1,1,2022-08-12 09:00:22
1660294823355415000,86.8,2,86.7,3,86.8,13,1,2022-08-12 09:00:23
1660294823464534000,86.8,1,86.7,3,86.8,13,1,2022-08-12 09:00:23
1660294823492396000,86.8,1,86.7,3,86.8,11,1,2022-08-12 09:00:23
1660294823673798000,86.7,1,86.7,2,86.8,11,2,2022-08-12 09:00:23
1660294824659483000,86.8,5,86.7,2,86.8,6,1,2022-08-12 09:00:24
1660294824914393000,86.8,5,86.7,2,86.8,11,1,2022-08-12 09:00:24
1660294825190803000,86.8,1,86.7,2,86.9,23,1,2022-08-12 09:00:25
1660294825749611000,86.8,3,86.8,4,86.9,23,2,2022-08-12 09:00:25
1660294825915280000,86.8,1,86.8,7,86.9,23,2,2022-08-12 09:00:25
1660294826106559000,86.9,1,86.8,4,86.9,23,1,2022-08-12 09:00:26
1660294826281941000,86.8,5,86.6,6,86.7,3,2,2022-08-12 09:00:26
1660294826281941000,86.7,2,86.6,6,86.7,3,2,2022-08-12 09:00:26
1660294826360109000,86.7,1,86.6,6,86.7,2,1,2022-08-12 09:00:26
1660294826427420000,86.7,2,86.7,1,86.9,23,1,2022-08-12 09:00:26
1660294826639863000,86.7,1,86.6,7,86.9,23,2,2022-08-12 09:00:26
1660294826654257000,86.6,5,86.6,2,86.9,23,2,2022-08-12 09:00:26
1660294826696056000,86.6,1,86.6,1,86.9,23,2,2022-08-12 09:00:26
1660294826870496000,86.6,1,86.5,22,86.9,23,2,2022-08-12 09:00:26
1660294827110659000,86.9,2,86.7,1,86.9,21,1,2022-08-12 09:00:27
1660294827277120000,86.7,1,86.5,22,86.8,5,2,2022-08-12 09:00:27
1660294827294337000,86.8,2,86.5,22,86.8,3,1,2022-08-12 09:00:27
1660294827295220000,86.8,1,86.5,22,86.8,2,1,2022-08-12 09:00:27
1660294827395676000,86.6,1,86.5,25,86.8,34,1,2022-08-12 09:00:27
1660294827512841000,86.8,10,86.5,25,86.8,24,1,2022-08-12 09:00:27
1660294827817613000,86.7,1,86.6,1,86.7,4,1,2022-08-12 09:00:27
1660294827825194000,86.7,4,86.6,1,86.7,5,1,2022-08-12 09:00:27
1660294827825194000,86.8,3,86.6,1,86.7,5,1,2022-08-12 09:00:27
1660294828277844000,86.7,1,86.6,1,86.7,3,1,2022-08-12 09:00:28
1660294828519459000,86.7,1,86.6,2,86.7,2,1,2022-08-12 09:00:28
1660294828607865000,86.6,1,86.6,1,86.7,2,2,2022-08-12 09:00:28
1660294828629555000,86.6,1,86.5,26,86.7,2,2,2022-08-12 09:00:28
1660294829286065000,86.5,20,86.5,16,86.7,2,2,2022-08-12 09:00:29
1660294829310069000,86.5,3,86.5,13,86.7,2,2,2022-08-12 09:00:29
1660294829310488000,86.5,13,86.4,6,86.7,2,2,2022-08-12 09:00:29
1660294829343590000,86.7,1,86.4,6,86.7,1,1,2022-08-12 09:00:29
1660294829405622000,86.7,1,86.4,6,86.8,50,1,2022-08-12 09:00:29
1660294829405622000,86.8,2,86.4,6,86.8,50,1,2022-08-12 09:00:29
1660294829695764000,86.4,1,86.4,5,86.7,2,2,2022-08-12 09:00:29
1660294829782243000,86.7,1,86.4,5,86.7,1,1,2022-08-12 09:00:29
1660294830072608000,86.6,1,86.5,1,86.7,1,2,2022-08-12 09:00:30
1660294830155066000,86.7,1,86.7,1,86.8,50,1,2022-08-12 09:00:30
1660294830182997000,86.7,1,86.5,1,86.8,50,2,2022-08-12 09:00:30
1660294830229300000,86.7,1,86.5,1,86.8,50,2,2022-08-12 09:00:30
1660294830514369000,86.7,2,86.7,3,86.8,51,2,2022-08-12 09:00:30
1660294830522061000,86.7,1,86.7,2,86.8,51,2,2022-08-12 09:00:30
1660294830526073000,86.8,1,86.7,2,86.8,50,1,2022-08-12 09:00:30
1660294830546954000,86.7,2,86.5,1,86.8,50,2,2022-08-12 09:00:30
1660294830645693000,86.5,1,86.4,3,86.8,50,2,2022-08-12 09:00:30
1660294830920880000,86.6,1,86.4,3,86.7,2,2,2022-08-12 09:00:30
1660294831123547000,86.6,1,86.5,3,86.7,3,2,2022-08-12 09:00:31
1660294831692344000,86.5,1,86.5,2,86.7,3,2,2022-08-12 09:00:31
1660294831768329000,86.7,1,86.5,2,86.7,2,1,2022-08-12 09:00:31
1660294831860448000,86.7,2,86.5,4,86.7,2,1,2022-08-12 09:00:31
1660294831988592000,86.8,2,86.5,4,86.8,53,1,2022-08-12 09:00:31
1660294832092056000,86.5,4,86.4,3,86.7,2,2,2022-08-12 09:00:32
1660294832256862000,86.7,1,86.5,1,86.7,3,1,2022-08-12 09:00:32
1660294832353594000,86.7,7,86.5,1,86.8,50,1,2022-08-12 09:00:32
1660294832353594000,86.8,3,86.5,1,86.8,50,1,2022-08-12 09:00:32
1660294832500264000,86.7,1,86.5,1,86.8,50,1,2022-08-12 09:00:32
1660294832566180000,86.5,1,86.4,9,86.8,50,2,2022-08-12 09:00:32
1660294832603119000,86.7,1,86.4,9,86.8,50,2,2022-08-12 09:00:32
1660294832832843000,86.7,1,86.4,3,86.8,50,1,2022-08-12 09:00:32
1660294833364233000,86.7,1,86.6,2,86.8,50,1,2022-08-12 09:00:33
1660294833782727000,86.7,1,86.6,3,86.7,5,1,2022-08-12 09:00:33
1660294833964572000,86.7,3,86.6,3,86.7,5,1,2022-08-12 09:00:33
1660294834286015000,86.6,3,86.5,6,86.7,2,2,2022-08-12 09:00:34
1660294834286015000,86.5,5,86.5,6,86.7,2,2,2022-08-12 09:00:34
1660294834457496000,86.5,1,86.5,8,86.6,16,2,2022-08-12 09:00:34
1660294834836701000,86.6,2,86.5,11,86.6,16,1,2022-08-12 09:00:34
1660294834984225000,86.6,1,86.5,11,86.6,13,1,2022-08-12 09:00:34
1660294835001683000,86.6,1,86.5,11,86.6,12,1,2022-08-12 09:00:35
1660294835065055000,86.6,1,86.5,11,86.6,11,1,2022-08-12 09:00:35
1660294835239497000,86.5,1,86.5,11,86.6,11,2,2022-08-12 09:00:35
1660294835267956000,86.6,4,86.5,11,86.6,11,1,2022-08-12 09:00:35
1660294835713651000,86.6,1,86.5,11,86.6,6,1,2022-08-12 09:00:35
1660294835997642000,86.6,1,86.5,16,86.6,5,1,2022-08-12 09:00:35
1660294836211661000,86.6,1,86.5,20,86.6,4,1,2022-08-12 09:00:36
1660294836255933000,86.6,2,86.5,20,86.6,2,1,2022-08-12 09:00:36
1660294836484052000,86.6,2,86.6,3,86.7,8,1,2022-08-12 09:00:36
1660294836565939000,86.6,2,86.6,1,86.7,8,2,2022-08-12 09:00:36
1660294836904101000,86.6,1,86.6,2,86.7,11,2,2022-08-12 09:00:36
1660294837227833000,86.6,1,86.6,1,86.7,11,2,2022-08-12 09:00:37
1660294837270963000,86.6,1,86.5,30,86.7,11,2,2022-08-12 09:00:37
1660294837412620000,86.6,1,86.5,30,86.7,11,2,2022-08-12 09:00:37
1660294837608662000,86.6,2,86.7,21,86.8,39,1,2022-08-12 09:00:37
1660294837608662000,86.7,12,86.7,21,86.8,39,1,2022-08-12 09:00:37
1660294838497711000,86.7,2,86.7,19,86.8,38,2,2022-08-12 09:00:38
1660294838500663000,86.8,3,86.7,19,86.8,35,1,2022-08-12 09:00:38
1660294838555410000,86.8,5,86.7,19,86.8,30,1,2022-08-12 09:00:38
1660294838694708000,86.8,10,86.7,20,86.8,20,1,2022-08-12 09:00:38
1660294838722993000,86.8,12,86.7,20,86.8,8,1,2022-08-12 09:00:38
1660294838723009000,86.8,8,86.7,20,86.9,19,1,2022-08-12 09:00:38
1660294838906591000,86.7,1,86.7,19,86.9,19,2,2022-08-12 09:00:38
1660294839273476000,86.9,1,86.7,19,86.9,20,1,2022-08-12 09:00:39
1660294839312430000,86.9,3,86.7,19,86.9,17,1,2022-08-12 09:00:39
1660294839723956000,86.8,1,86.8,6,86.9,17,2,2022-08-12 09:00:39
1660294839749315000,86.9,2,86.8,6,86.9,15,1,2022-08-12 09:00:39
1660294839812812000,86.8,1,86.8,5,86.9,15,2,2022-08-12 09:00:39
1660294840020909000,86.9,2,86.8,9,86.9,13,1,2022-08-12 09:00:40
1660294840045570000,86.9,4,86.8,9,86.9,9,1,2022-08-12 09:00:40
1660294840079643000,86.9,3,86.8,9,86.9,6,1,2022-08-12 09:00:40
1660294840326266000,86.9,2,86.8,9,86.9,4,1,2022-08-12 09:00:40
1660294840352435000,86.9,1,86.8,9,86.9,6,1,2022-08-12 09:00:40
1660294840654409000,86.9,1,86.8,9,86.9,2,1,2022-08-12 09:00:40
1660294840764123000,86.9,1,86.8,9,86.9,1,1,2022-08-12 09:00:40
1660294840776573000,86.8,2,86.8,7,86.9,1,2,2022-08-12 09:00:40
1660294840941511000,86.9,1,86.9,4,87.0,19,1,2022-08-12 09:00:40
1660294841167059000,86.9,1,86.9,3,87.0,19,2,2022-08-12 09:00:41
1660294841465567000,86.9,10,86.9,13,87.0,22,2,2022-08-12 09:00:41
1660294841556610000,87.0,1,86.9,3,87.0,21,1,2022-08-12 09:00:41
1660294841581220000,86.9,1,86.9,2,87.0,21,2,2022-08-12 09:00:41
1660294841692777000,86.9,1,86.9,1,87.0,21,2,2022-08-12 09:00:41
1660294841723392000,86.9,1,86.8,6,87.0,21,2,2022-08-12 09:00:41
1660294841997604000,87.0,10,86.9,2,87.0,11,1,2022-08-12 09:00:41
1660294842392926000,87.0,1,86.9,22,87.0,11,1,2022-08-12 09:00:42
1660294842483401000,87.0,2,86.9,22,87.0,8,1,2022-08-12 09:00:42
1660294842600108000,87.0,1,86.9,22,87.0,7,1,2022-08-12 09:00:42
1660294843208880000,86.9,1,86.9,23,87.0,8,2,2022-08-12 09:00:43
1660294843291886000,86.9,1,86.9,22,87.0,9,2,2022-08-12 09:00:43
1660294843515752000,87.0,1,86.9,22,87.0,9,1,2022-08-12 09:00:43
1660294843567072000,87.0,2,86.9,22,87.0,7,1,2022-08-12 09:00:43
1660294843608910000,87.0,1,86.9,23,87.0,6,1,2022-08-12 09:00:43
1660294843891076000,87.0,2,86.9,28,87.0,14,1,2022-08-12 09:00:43
1660294843963046000,87.0,1,86.9,28,87.0,13,1,2022-08-12 09:00:43
1660294843982958000,87.0,1,86.9,28,87.0,16,1,2022-08-12 09:00:43
1660294844041187000,86.9,1,86.9,27,87.0,12,2,2022-08-12 09:00:44
1660294844075450000,87.0,1,86.9,27,87.0,11,1,2022-08-12 09:00:44
1660294844356984000,87.0,1,86.9,27,87.0,10,1,2022-08-12 09:00:44
1660294844396615000,86.9,2,86.9,27,87.0,11,2,2022-08-12 09:00:44
1660294844679300000,87.0,1,86.9,26,87.0,9,1,2022-08-12 09:00:44
1660294844824683000,87.0,1,86.9,26,87.0,10,1,2022-08-12 09:00:44
1660294845003311000,87.0,5,86.9,26,87.0,6,1,2022-08-12 09:00:45
1660294845273197000,87.0,1,86.9,26,87.0,6,1,2022-08-12 09:00:45
1660294845404521000,87.0,1,86.9,26,87.0,6,1,2022-08-12 09:00:45
1660294845666958000,87.0,5,87.0,5,87.1,6,1,2022-08-12 09:00:45
1660294845677155000,87.1,1,87.0,5,87.1,5,1,2022-08-12 09:00:45
1660294845782764000,87.1,3,87.0,5,87.1,5,1,2022-08-12 09:00:45
1660294845816153000,87.1,3,87.0,5,87.1,2,1,2022-08-12 09:00:45
1660294846009629000,87.1,2,87.0,5,87.2,1,1,2022-08-12 09:00:46
1660294846009629000,87.2,1,87.0,5,87.2,1,1,2022-08-12 09:00:46
1660294846077715000,87.2,1,87.0,5,87.4,6,1,2022-08-12 09:00:46
1660294846523412000,87.0,3,87.0,9,87.1,4,2,2022-08-12 09:00:46
1660294846588904000,87.0,2,87.0,12,87.1,4,2,2022-08-12 09:00:46
1660294846987910000,87.0,1,87.0,18,87.1,4,2,2022-08-12 09:00:46
1660294847168501000,87.1,2,87.0,18,87.1,2,1,2022-08-12 09:00:47
1660294847172787000,87.1,2,87.0,18,87.2,2,1,2022-08-12 09:00:47
1660294847172787000,87.2,1,87.0,18,87.2,2,1,2022-08-12 09:00:47
1660294847579535000,87.2,1,87.0,21,87.2,3,1,2022-08-12 09:00:47
1660294847625397000,87.2,1,87.0,21,87.2,2,1,2022-08-12 09:00:47
1660294847762054000,87.2,2,87.0,21,87.4,1,1,2022-08-12 09:00:47
1660294847762054000,87.3,3,87.0,21,87.4,1,1,2022-08-12 09:00:47
1660294847762054000,87.4,5,87.0,21,87.4,1,1,2022-08-12 09:00:47
1660294847876569000,87.2,1,87.0,12,87.4,1,2,2022-08-12 09:00:47
1660294847876569000,87.0,9,87.0,12,87.4,1,2,2022-08-12 09:00:47
1660294847887056000,87.0,3,87.0,9,87.4,1,2,2022-08-12 09:00:47
1660294848000596000,87.3,1,87.0,11,87.4,4,2,2022-08-12 09:00:48
1660294848028578000,87.4,1,87.0,11,87.4,3,1,2022-08-12 09:00:48
1660294848300750000,87.1,1,87.0,11,87.4,3,2,2022-08-12 09:00:48
1660294848300750000,87.0,2,87.0,11,87.4,3,2,2022-08-12 09:00:48
1660294848450551000,87.2,1,87.0,11,87.4,13,1,2022-08-12 09:00:48
1660294850619914000,87.2,1,87.1,9,87.2,3,1,2022-08-12 09:00:50
1660294850961920000,87.2,1,87.1,9,87.2,6,1,2022-08-12 09:00:50
1660294851091996000,87.2,5,87.3,1,87.4,15,1,2022-08-12 09:00:51
1660294851091996000,87.3,14,87.3,1,87.4,15,1,2022-08-12 09:00:51
1660294851390387000,87.4,11,87.3,1,87.4,15,1,2022-08-12 09:00:51
1660294851649466000,87.3,1,87.2,3,87.4,4,2,2022-08-12 09:00:51
1660294851649466000,87.2,1,87.2,3,87.4,4,2,2022-08-12 09:00:51
1660294852481952000,87.4,3,87.2,10,87.4,4,1,2022-08-12 09:00:52
1660294852620829000,87.3,2,87.2,10,87.4,1,1,2022-08-12 09:00:52
1660294853110303000,87.2,2,87.2,8,87.3,3,2,2022-08-12 09:00:53
1660294853366873000,87.3,2,87.2,9,87.3,3,1,2022-08-12 09:00:53
1660294853806109000,87.3,1,87.2,16,87.3,2,1,2022-08-12 09:00:53
1660294853824300000,87.3,2,87.2,16,87.4,2,1,2022-08-12 09:00:53
1660294853889547000,87.2,2,87.2,14,87.4,2,2,2022-08-12 09:00:53
1660294854385831000,87.2,1,87.2,27,87.4,3,2,2022-08-12 09:00:54
1660294854887369000,87.3,1,87.2,26,87.3,1,1,2022-08-12 09:00:54
1660294854968499000,87.3,1,87.2,28,87.3,1,1,2022-08-12 09:00:54
1660294854968499000,87.4,2,87.2,28,87.3,1,1,2022-08-12 09:00:54
1660294854996900000,87.2,2,87.2,26,87.4,1,2,2022-08-12 09:00:54
1660294855453594000,87.4,1,87.2,28,87.5,8,1,2022-08-12 09:00:55
1660294856044161000,87.3,3,87.3,7,87.4,4,2,2022-08-12 09:00:56
1660294856128216000,87.4,1,87.3,7,87.4,3,1,2022-08-12 09:00:56
1660294856325456000,87.4,1,87.3,8,87.4,2,1,2022-08-12 09:00:56
1660294856464252000,87.3,1,87.3,8,87.4,2,2,2022-08-12 09:00:56
1660294856777575000,87.4,2,87.3,8,87.4,4,1,2022-08-12 09:00:56
1660294856855296000,87.3,1,87.3,8,87.4,4,2,2022-08-12 09:00:56
1660294856944422000,87.3,1,87.3,7,87.4,4,2,2022-08-12 09:00:56
1660294857036706000,87.3,2,87.3,6,87.4,4,2,2022-08-12 09:00:57
1660294857106033000,87.3,1,87.3,5,87.4,4,2,2022-08-12 09:00:57
1660294857151398000,87.4,1,87.3,6,87.4,3,1,2022-08-12 09:00:57
1660294857208383000,87.3,1,87.3,5,87.4,3,2,2022-08-12 09:00:57
1660294857217319000,87.3,1,87.3,4,87.4,3,2,2022-08-12 09:00:57
1660294857287410000,87.4,2,87.3,4,87.4,1,1,2022-08-12 09:00:57
1660294857525897000,87.4,1,87.3,4,87.4,4,1,2022-08-12 09:00:57
1660294857588893000,87.4,1,87.3,4,87.4,3,1,2022-08-12 09:00:57
1660294857648828000,87.3,1,87.3,3,87.4,3,2,2022-08-12 09:00:57
1660294857792377000,87.4,5,87.3,3,87.5,10,1,2022-08-12 09:00:57
1660294857917351000,87.3,1,87.3,3,87.4,5,2,2022-08-12 09:00:57
1660294857922750000,87.3,1,87.3,2,87.4,5,2,2022-08-12 09:00:57
1660294858062543000,87.3,1,87.3,1,87.4,6,2,2022-08-12 09:00:58
1660294858239904000,87.3,1,87.2,37,87.4,8,2,2022-08-12 09:00:58
1660294858272604000,87.4,1,87.3,3,87.4,7,1,2022-08-12 09:00:58
1660294858831198000,87.3,1,87.3,6,87.4,18,2,2022-08-12 09:00:58
1660294859084419000,87.3,1,87.3,6,87.4,18,2,2022-08-12 09:00:59
1660294859169365000,87.3,3,87.3,3,87.4,18,2,2022-08-12 09:00:59
1660294859197673000,87.3,3,87.2,50,87.4,18,2,2022-08-12 09:00:59
1660294859325036000,87.3,2,87.2,51,87.4,18,1,2022-08-12 09:00:59
1660294859381284000,87.3,2,87.2,51,87.4,18,2,2022-08-12 09:00:59
1660294859477100000,87.4,1,87.2,51,87.4,18,1,2022-08-12 09:00:59
1660294859686556000,87.3,3,87.2,52,87.3,7,1,2022-08-12 09:00:59
1660294859745692000,87.3,3,87.2,52,87.3,4,1,2022-08-12 09:00:59
1660294859955631000,87.2,20,87.2,32,87.3,5,2,2022-08-12 09:00:59
1660294859973461000,87.2,10,87.2,22,87.3,5,2,2022-08-12 09:00:59
1660294859988564000,87.2,21,87.2,1,87.3,6,2,2022-08-12 09:00:59
1660294859988606000,87.2,1,87.2,22,87.3,6,2,2022-08-12 09:00:59
1660294859989511000,87.1,5,87.1,23,87.3,6,2,2022-08-12 09:00:59
1660294860043085000,87.3,1,87.1,23,87.3,5,1,2022-08-12 09:01:00
1660294860230496000,87.1,12,87.1,11,87.3,10,2,2022-08-12 09:01:00
1660294860249996000,87.2,1,87.1,10,87.3,13,2,2022-08-12 09:01:00
1660294860249996000,87.1,1,87.1,10,87.3,13,2,2022-08-12 09:01:00
1660294860262643000,87.1,10,87.0,58,87.3,13,2,2022-08-12 09:01:00
1660294860263487000,87.0,3,87.0,55,87.3,13,2,2022-08-12 09:01:00
1660294860449725000,87.0,3,87.0,52,87.3,17,2,2022-08-12 09:01:00
1660294860536645000,87.3,1,87.2,1,87.3,17,1,2022-08-12 09:01:00
1660294860553243000,87.2,1,87.0,52,87.3,17,2,2022-08-12 09:01:00
1660294860601205000,87.2,3,87.2,1,87.3,20,2,2022-08-12 09:01:00
1660294860615099000,87.2,1,87.0,52,87.3,20,2,2022-08-12 09:01:00
1660294860640184000,87.2,1,87.0,52,87.2,3,1,2022-08-12 09:01:00
1660294860649406000,87.0,2,87.0,50,87.2,3,2,2022-08-12 09:01:00
1660294860662301000,87.2,1,87.0,50,87.2,2,1,2022-08-12 09:01:00
1660294860771212000,87.0,1,87.0,49,87.2,2,2,2022-08-12 09:01:00
1660294860812608000,87.2,2,87.0,49,87.3,21,1,2022-08-12 09:01:00
1660294860875655000,87.2,1,87.0,49,87.2,3,1,2022-08-12 09:01:00
1660294860913978000,87.2,3,87.2,7,87.3,22,1,2022-08-12 09:01:00
1660294860938974000,87.2,1,87.2,6,87.3,22,2,2022-08-12 09:01:00
1660294860946250000,87.2,6,87.0,49,87.3,22,2,2022-08-12 09:01:00
1660294860983259000,87.0,1,87.0,48,87.2,1,2,2022-08-12 09:01:00
1660294861037445000,87.0,2,87.0,46,87.2,3,2,2022-08-12 09:01:01
1660294861089510000,87.0,1,87.0,45,87.2,4,2,2022-08-12 09:01:01
1660294861158943000,87.2,2,87.0,45,87.2,8,1,2022-08-12 09:01:01
1660294861298003000,87.0,1,87.0,44,87.1,2,2,2022-08-12 09:01:01
1660294861386118000,87.1,1,87.0,44,87.1,1,1,2022-08-12 09:01:01
1660294861426183000,87.0,1,87.0,43,87.1,1,2,2022-08-12 09:01:01
1660294861547580000,87.0,10,87.0,33,87.1,2,2,2022-08-12 09:01:01
1660294861583297000,87.0,33,86.9,31,87.1,2,2,2022-08-12 09:01:01
1660294861623412000,87.1,2,86.9,31,87.2,13,1,2022-08-12 09:01:01
1660294861630112000,86.9,1,86.9,30,87.2,13,2,2022-08-12 09:01:01
1660294861687721000,87.0,1,86.9,30,87.0,5,1,2022-08-12 09:01:01
1660294861745423000,86.9,4,86.9,26,87.0,5,2,2022-08-12 09:01:01
1660294861866089000,86.9,1,86.9,25,87.0,7,2,2022-08-12 09:01:01
1660294861942624000,86.9,25,86.8,5,87.0,2,2,2022-08-12 09:01:01
1660294862293122000,86.8,1,86.8,5,86.9,5,2,2022-08-12 09:01:02
1660294862337236000,86.9,1,86.8,5,86.9,4,1,2022-08-12 09:01:02
1660294862427951000,86.8,1,86.8,4,86.9,4,2,2022-08-12 09:01:02
1660294862596664000,86.9,1,86.8,4,86.9,1,1,2022-08-12 09:01:02
1660294862711843000,86.9,1,87.1,5,87.2,29,1,2022-08-12 09:01:02
1660294862711843000,87.0,2,87.1,5,87.2,29,1,2022-08-12 09:01:02
1660294862711843000,87.1,2,87.1,5,87.2,29,1,2022-08-12 09:01:02
1660294862757955000,87.1,5,86.8,4,87.2,25,2,2022-08-12 09:01:02
1660294862898622000,87.0,1,86.8,4,87.1,2,1,2022-08-12 09:01:02
1660294863258132000,87.0,1,86.8,3,87.0,3,1,2022-08-12 09:01:03
1660294863505889000,86.8,1,86.8,2,87.0,5,2,2022-08-12 09:01:03
1660294863709236000,87.0,1,86.8,2,87.0,4,1,2022-08-12 09:01:03
1660294863927166000,87.0,2,86.8,2,87.0,3,1,2022-08-12 09:01:03
1660294864279240000,87.0,5,86.8,2,87.1,1,1,2022-08-12 09:01:04
1660294864279240000,87.1,5,86.8,2,87.1,1,1,2022-08-12 09:01:04
1660294865045777000,87.0,2,86.9,3,87.1,1,1,2022-08-12 09:01:05
1660294865132161000,87.0,1,86.9,3,87.1,1,1,2022-08-12 09:01:05
1660294865182888000,86.9,1,86.9,2,87.1,1,2,2022-08-12 09:01:05
1660294865229549000,86.9,2,86.8,2,87.1,1,2,2022-08-12 09:01:05
1660294865696835000,87.0,1,86.8,2,87.1,7,2,2022-08-12 09:01:05
1660294866004903000,87.1,1,86.8,4,87.1,9,1,2022-08-12 09:01:06
1660294866012300000,87.1,1,86.8,4,87.1,8,1,2022-08-12 09:01:06
1660294866443705000,87.1,2,86.8,4,87.1,8,1,2022-08-12 09:01:06
1660294866927647000,86.9,1,86.8,3,87.0,5,2,2022-08-12 09:01:06
1660294867232292000,86.8,3,86.7,17,87.0,5,2,2022-08-12 09:01:07
1660294867232292000,86.7,10,86.7,17,87.0,5,2,2022-08-12 09:01:07
1660294867248967000,87.0,1,86.7,17,87.0,4,1,2022-08-12 09:01:07
1660294867320962000,86.7,1,86.7,16,87.0,5,2,2022-08-12 09:01:07
1660294867549130000,87.0,2,86.7,16,87.0,4,1,2022-08-12 09:01:07
1660294868059077000,87.0,2,86.8,1,87.0,2,1,2022-08-12 09:01:08
1660294868225953000,86.8,2,86.7,17,87.0,3,2,2022-08-12 09:01:08
1660294868414527000,86.9,1,86.7,17,87.0,3,2,2022-08-12 09:01:08
1660294868505042000,87.0,1,86.7,19,87.0,2,1,2022-08-12 09:01:08
1660294869029595000,86.9,1,86.7,19,87.0,5,2,2022-08-12 09:01:09
1660294869564219000,86.9,1,86.8,1,87.0,5,2,2022-08-12 09:01:09
1660294869691885000,86.8,1,86.7,19,87.0,5,2,2022-08-12 09:01:09
1660294870170508000,86.9,2,86.7,19,87.0,8,1,2022-08-12 09:01:10
1660294870170508000,87.0,3,86.7,19,87.0,8,1,2022-08-12 09:01:10
1660294870749691000,87.0,1,86.7,19,87.0,48,1,2022-08-12 09:01:10
1660294871079427000,86.8,1,86.7,19,87.0,50,2,2022-08-12 09:01:11
1660294871106482000,87.0,2,86.7,19,87.0,48,1,2022-08-12 09:01:11
1660294872168815000,86.7,1,86.7,23,86.9,4,2,2022-08-12 09:01:12
1660294872511663000,86.8,2,86.7,23,86.9,4,2,2022-08-12 09:01:12
1660294872571222000,86.9,1,86.7,23,86.9,3,1,2022-08-12 09:01:12
1660294872798769000,86.7,1,86.7,22,86.9,3,2,2022-08-12 09:01:12
1660294872899579000,86.9,1,86.7,23,86.9,3,1,2022-08-12 09:01:12
1660294873174361000,86.7,1,86.7,22,86.9,2,2,2022-08-12 09:01:13
1660294873575055000,86.8,1,86.8,1,86.9,2,2,2022-08-12 09:01:13
1660294873626479000,86.8,1,86.7,22,86.9,2,2,2022-08-12 09:01:13
1660294874215373000,86.8,2,86.7,22,86.8,2,1,2022-08-12 09:01:14
1660294874735017000,86.8,3,86.7,24,86.8,1,1,2022-08-12 09:01:14
1660294874854889000,86.8,1,86.7,24,86.9,2,1,2022-08-12 09:01:14
1660294875237670000,86.9,2,86.8,5,86.9,2,1,2022-08-12 09:01:15
1660294875364439000,86.9,1,86.8,5,86.9,1,1,2022-08-12 09:01:15
1660294875370354000,86.9,1,86.8,5,87.0,55,1,2022-08-12 09:01:15
1660294875846585000,86.8,1,86.8,8,87.0,55,2,2022-08-12 09:01:15
1660294875877987000,86.8,8,86.7,24,87.0,55,2,2022-08-12 09:01:15
1660294876597496000,86.8,1,86.7,25,86.9,4,2,2022-08-12 09:01:16
1660294876657816000,86.7,5,86.7,20,86.9,4,2,2022-08-12 09:01:16
1660294877287227000,86.7,1,86.7,20,86.9,8,2,2022-08-12 09:01:17
1660294878497721000,86.8,1,86.8,2,86.9,8,2,2022-08-12 09:01:18
1660294878510577000,86.8,1,86.8,2,86.9,8,2,2022-08-12 09:01:18
1660294878909988000,86.8,2,86.8,2,86.9,10,2,2022-08-12 09:01:18
1660294879144521000,86.8,1,86.8,1,86.9,10,2,2022-08-12 09:01:19
1660294879927605000,86.9,5,86.8,1,86.9,9,1,2022-08-12 09:01:19
1660294879931522000,86.8,1,86.7,27,86.9,9,2,2022-08-12 09:01:19
1660294879981659000,86.7,1,86.7,27,86.9,9,2,2022-08-12 09:01:19
1660294880615010000,86.8,1,86.8,1,86.9,10,2,2022-08-12 09:01:20
1660294881343741000,86.8,3,86.7,27,86.9,16,2,2022-08-12 09:01:21
1660294881897088000,86.9,17,86.8,4,87.0,22,1,2022-08-12 09:01:21
1660294883008199000,86.9,3,86.9,5,87.0,22,2,2022-08-12 09:01:23
1660294883008218000,86.9,1,86.9,8,87.0,22,2,2022-08-12 09:01:23
1660294883067079000,86.9,1,86.9,3,87.0,22,2,2022-08-12 09:01:23
1660294883143535000,86.9,2,86.9,1,87.0,22,2,2022-08-12 09:01:23
1660294884377851000,87.0,2,86.9,8,87.0,22,1,2022-08-12 09:01:24
1660294884999765000,86.9,1,86.9,8,87.0,20,2,2022-08-12 09:01:24
1660294885773105000,86.9,1,86.9,7,87.0,30,2,2022-08-12 09:01:25
1660294886869906000,87.0,1,86.9,7,87.0,31,1,2022-08-12 09:01:26
1660294887050965000,87.0,3,86.9,7,87.0,28,1,2022-08-12 09:01:27
1660294887074915000,86.9,1,86.9,6,87.0,28,2,2022-08-12 09:01:27
1660294887204382000,86.9,1,86.9,5,87.0,28,2,2022-08-12 09:01:27
1660294887801995000,86.9,3,86.9,2,87.0,28,2,2022-08-12 09:01:27
1660294887833475000,87.0,1,86.9,2,87.0,27,1,2022-08-12 09:01:27
1660294887856159000,86.9,1,86.9,2,87.0,28,2,2022-08-12 09:01:27
1660294888867332000,86.9,1,86.9,1,87.0,27,2,2022-08-12 09:01:28
1660294889353586000,87.0,1,86.9,1,87.0,28,1,2022-08-12 09:01:29
1660294889481376000,86.9,1,86.8,12,87.0,28,2,2022-08-12 09:01:29
1660294889714298000,86.9,1,86.8,12,87.0,27,2,2022-08-12 09:01:29
1660294889800031000,86.9,1,86.8,12,86.9,1,1,2022-08-12 09:01:29
1660294889870049000,86.9,1,86.8,12,86.9,1,1,2022-08-12 09:01:29
1660294890090224000,86.9,1,86.8,12,87.0,27,1,2022-08-12 09:01:30
1660294891101444000,86.8,5,86.8,7,86.9,3,2,2022-08-12 09:01:31
1660294891215537000,86.9,3,86.9,17,87.0,29,1,2022-08-12 09:01:31
1660294891263270000,86.9,1,86.9,16,87.0,29,2,2022-08-12 09:01:31
1660294891387427000,86.9,1,86.9,15,87.0,29,2,2022-08-12 09:01:31
1660294891529872000,86.9,1,86.9,14,87.0,29,2,2022-08-12 09:01:31
1660294891547813000,86.9,1,86.9,13,87.0,29,2,2022-08-12 09:01:31
1660294891564933000,86.9,2,86.9,11,87.0,29,2,2022-08-12 09:01:31
1660294891640172000,87.0,1,86.9,11,87.0,28,1,2022-08-12 09:01:31
1660294892238149000,86.9,1,86.9,12,87.0,28,2,2022-08-12 09:01:32
1660294892531028000,86.9,3,86.9,8,87.0,28,2,2022-08-12 09:01:32
1660294892649981000,87.0,1,86.9,8,87.0,27,1,2022-08-12 09:01:32
1660294892742949000,87.0,1,86.9,8,87.0,26,1,2022-08-12 09:01:32
1660294892805430000,86.9,1,86.9,7,87.0,32,2,2022-08-12 09:01:32
1660294892816517000,86.9,5,86.9,2,87.0,32,2,2022-08-12 09:01:32
1660294892852094000,86.9,1,86.9,8,87.0,32,2,2022-08-12 09:01:32
1660294893184293000,87.0,1,86.9,1,87.0,31,1,2022-08-12 09:01:33
1660294894354275000,86.9,2,86.8,12,87.0,31,2,2022-08-12 09:01:34
1660294894362562000,87.0,11,86.8,12,87.0,20,1,2022-08-12 09:01:34
1660294895460631000,86.9,1,86.8,19,87.0,20,2,2022-08-12 09:01:35
1660294895900594000,87.0,2,86.8,19,87.0,21,1,2022-08-12 09:01:35
1660294896087049000,87.0,2,86.8,19,87.0,17,1,2022-08-12 09:01:36
1660294896175266000,86.9,1,86.8,19,87.0,19,1,2022-08-12 09:01:36
1660294896243694000,86.8,3,86.8,16,86.9,3,2,2022-08-12 09:01:36
1660294896619223000,86.9,1,86.8,15,86.9,2,1,2022-08-12 09:01:36
1660294896649184000,86.9,1,86.8,15,86.9,1,1,2022-08-12 09:01:36
1660294896708213000,86.9,1,86.8,15,87.0,20,1,2022-08-12 09:01:36
1660294898669077000,86.9,1,86.8,18,87.0,35,1,2022-08-12 09:01:38
1660294898879733000,86.8,1,86.8,20,87.0,35,2,2022-08-12 09:01:38
1660294899292488000,87.0,1,86.8,23,87.0,34,1,2022-08-12 09:01:39
1660294900176851000,86.9,1,86.8,24,87.0,36,2,2022-08-12 09:01:40
1660294900744395000,87.0,4,86.8,24,87.0,38,1,2022-08-12 09:01:40
1660294901641560000,86.8,1,86.8,23,87.0,34,2,2022-08-12 09:01:41
1660294901671858000,87.0,1,86.8,23,87.0,33,1,2022-08-12 09:01:41
1660294901704180000,87.0,5,86.8,23,87.0,28,1,2022-08-12 09:01:41
1660294901866526000,87.0,2,86.8,24,87.0,28,1,2022-08-12 09:01:41
1660294903533449000,86.9,1,86.8,23,86.9,1,1,2022-08-12 09:01:43
1660294903995215000,86.9,1,86.8,23,86.9,1,1,2022-08-12 09:01:43
1660294903995215000,87.0,4,86.8,23,86.9,1,1,2022-08-12 09:01:43
1660294904368188000,86.8,1,86.8,23,86.9,34,2,2022-08-12 09:01:44
1660294904368561000,86.8,23,86.7,41,86.9,34,2,2022-08-12 09:01:44
1660294904413302000,86.7,1,86.7,40,86.8,1,2,2022-08-12 09:01:44
1660294904421250000,86.7,1,86.7,39,86.8,1,2,2022-08-12 09:01:44
1660294904478371000,86.7,1,86.7,38,86.8,1,2,2022-08-12 09:01:44
1660294904506323000,86.8,1,86.7,39,86.8,1,1,2022-08-12 09:01:44
1660294904506323000,86.9,1,86.7,39,86.8,1,1,2022-08-12 09:01:44
1660294905143073000,86.8,2,86.7,38,86.8,9,1,2022-08-12 09:01:45
1660294905370908000,86.8,1,86.7,38,86.8,12,1,2022-08-12 09:01:45
1660294905596854000,86.7,1,86.7,37,86.8,11,2,2022-08-12 09:01:45
1660294905880091000,86.7,1,86.7,37,86.8,13,2,2022-08-12 09:01:45
1660294906092279000,86.8,1,86.7,36,86.8,12,1,2022-08-12 09:01:46
1660294906897011000,86.8,1,86.7,35,86.8,11,1,2022-08-12 09:01:46
1660294907630104000,86.7,5,86.7,30,86.8,23,2,2022-08-12 09:01:47
1660294907653379000,86.7,15,86.7,15,86.8,23,2,2022-08-12 09:01:47
1660294907656167000,86.7,1,86.7,14,86.8,23,2,2022-08-12 09:01:47
1660294907684904000,86.7,11,86.7,3,86.8,23,2,2022-08-12 09:01:47
1660294907688433000,86.7,1,86.7,2,86.8,23,2,2022-08-12 09:01:47
1660294907719331000,86.7,2,86.6,33,86.8,23,2,2022-08-12 09:01:47
1660294908245377000,86.7,1,86.6,33,86.7,11,1,2022-08-12 09:01:48
1660294908455394000,86.6,1,86.6,32,86.7,12,2,2022-08-12 09:01:48
1660294908483387000,86.6,1,86.6,31,86.7,12,2,2022-08-12 09:01:48
1660294908486951000,86.6,1,86.6,30,86.7,12,2,2022-08-12 09:01:48
1660294908530633000,86.6,5,86.6,30,86.7,12,2,2022-08-12 09:01:48
1660294908559904000,86.6,3,86.6,22,86.7,12,2,2022-08-12 09:01:48
1660294908560252000,86.6,2,86.6,20,86.7,12,2,2022-08-12 09:01:48
1660294908563140000,86.6,1,86.6,19,86.7,12,2,2022-08-12 09:01:48
1660294908595988000,86.6,1,86.6,18,86.7,12,2,2022-08-12 09:01:48
1660294909232620000,86.6,1,86.6,17,86.7,7,2,2022-08-12 09:01:49
1660294910277731000,86.6,1,86.6,16,86.7,11,2,2022-08-12 09:01:50
1660294910673452000,86.6,16,86.5,70,86.7,13,2,2022-08-12 09:01:50
1660294910710525000,86.5,1,86.5,69,86.7,13,2,2022-08-12 09:01:50
1660294910747867000,86.6,1,86.5,69,86.6,1,1,2022-08-12 09:01:50
1660294910782634000,86.6,1,86.5,69,86.7,13,1,2022-08-12 09:01:50
1660294911374956000,86.5,26,86.5,43,86.6,22,2,2022-08-12 09:01:51
1660294911381523000,86.5,3,86.5,40,86.6,22,2,2022-08-12 09:01:51
1660294911409453000,86.5,1,86.5,39,86.6,22,2,2022-08-12 09:01:51
1660294912372040000,86.5,1,86.5,38,86.6,23,2,2022-08-12 09:01:52
1660294912463431000,86.5,2,86.5,38,86.6,23,2,2022-08-12 09:01:52
1660294913434437000,86.5,1,86.5,35,86.6,23,2,2022-08-12 09:01:53
1660294913460787000,86.5,1,86.5,35,86.6,23,2,2022-08-12 09:01:53
1660294913751991000,86.5,1,86.5,33,86.6,23,2,2022-08-12 09:01:53
1660294913908612000,86.5,1,86.5,32,86.6,23,2,2022-08-12 09:01:53
1660294913928987000,86.5,1,86.5,31,86.6,23,2,2022-08-12 09:01:53
1660294914189324000,86.5,1,86.5,32,86.6,23,2,2022-08-12 09:01:54
1660294914219057000,86.5,1,86.5,31,86.6,23,2,2022-08-12 09:01:54
1660294914224155000,86.6,2,86.5,31,86.6,21,1,2022-08-12 09:01:54
1660294914280117000,86.5,1,86.5,30,86.6,21,2,2022-08-12 09:01:54
1660294914324585000,86.5,1,86.5,29,86.6,21,2,2022-08-12 09:01:54
1660294915032947000,86.5,2,86.5,27,86.6,21,2,2022-08-12 09:01:55
1660294915066252000,86.5,1,86.5,26,86.6,21,2,2022-08-12 09:01:55
1660294915093647000,86.5,1,86.5,25,86.6,21,2,2022-08-12 09:01:55
1660294915226250000,86.5,25,86.4,4,86.6,25,2,2022-08-12 09:01:55
1660294915822628000,86.4,2,86.4,3,86.5,26,2,2022-08-12 09:01:55
1660294915854126000,86.4,1,86.4,2,86.5,26,2,2022-08-12 09:01:55
1660294916056805000,86.5,1,86.4,2,86.5,25,1,2022-08-12 09:01:56
1660294916068688000,86.5,1,86.4,2,86.5,24,1,2022-08-12 09:01:56
1660294916232375000,86.5,1,86.4,2,86.5,23,1,2022-08-12 09:01:56
1660294916614387000,86.4,1,86.4,1,86.5,25,2,2022-08-12 09:01:56
1660294916619008000,86.4,1,86.3,9,86.5,25,2,2022-08-12 09:01:56
1660294916666125000,86.5,1,86.3,9,86.5,24,1,2022-08-12 09:01:56
1660294916826104000,86.5,1,86.3,9,86.5,24,1,2022-08-12 09:01:56
1660294916982880000,86.4,1,86.3,9,86.5,22,1,2022-08-12 09:01:56
1660294916982880000,86.5,2,86.3,9,86.5,22,1,2022-08-12 09:01:56
1660294917149032000,86.4,1,86.3,11,86.5,23,1,2022-08-12 09:01:57
1660294917918942000,86.5,1,86.3,11,86.5,22,1,2022-08-12 09:01:57
1660294918131372000,86.4,1,86.3,11,86.5,21,1,2022-08-12 09:01:58
1660294918645539000,86.5,10,86.3,11,86.5,11,1,2022-08-12 09:01:58
1660294918990594000,86.4,5,86.4,1,86.5,11,2,2022-08-12 09:01:58
1660294919028214000,86.4,1,86.3,11,86.5,11,2,2022-08-12 09:01:59
1660294919039333000,86.4,1,86.3,11,86.5,1,1,2022-08-12 09:01:59
1660294919039333000,86.5,10,86.3,11,86.5,1,1,2022-08-12 09:01:59
1660294919130553000,86.4,1,86.3,11,86.5,1,1,2022-08-12 09:01:59
1660294920376591000,86.4,3,86.3,11,86.5,4,1,2022-08-12 09:02:00
1660294920419026000,86.4,1,86.3,11,86.4,3,1,2022-08-12 09:02:00
1660294920634943000,86.3,3,86.3,9,86.4,3,2,2022-08-12 09:02:00
1660294920675250000,86.4,3,86.3,9,86.5,4,1,2022-08-12 09:02:00
1660294920773678000,86.3,1,86.3,8,86.5,4,2,2022-08-12 09:02:00
1660294921095975000,86.5,1,86.4,1,86.5,3,1,2022-08-12 09:02:01
1660294921150237000,86.4,1,86.3,8,86.5,3,2,2022-08-12 09:02:01
1660294921222252000,86.4,1,86.3,8,86.5,3,1,2022-08-12 09:02:01
1660294921225658000,86.3,2,86.3,6,86.5,3,2,2022-08-12 09:02:01
1660294921374601000,86.3,6,86.0,60,86.5,4,2,2022-08-12 09:02:01
1660294921374601000,86.2,4,86.0,60,86.5,4,2,2022-08-12 09:02:01
1660294921374601000,86.1,8,86.0,60,86.5,4,2,2022-08-12 09:02:01
1660294921374601000,86.0,2,86.0,60,86.5,4,2,2022-08-12 09:02:01
1660294921653738000,86.3,1,86.0,50,86.4,2,1,2022-08-12 09:02:01
1660294921861826000,86.4,1,86.0,51,86.4,1,1,2022-08-12 09:02:01
1660294922034475000,86.4,1,86.0,51,86.4,1,1,2022-08-12 09:02:02
1660294922066266000,86.1,2,86.1,6,86.4,2,2,2022-08-12 09:02:02
1660294922590339000,86.4,1,86.0,51,86.4,1,1,2022-08-12 09:02:02
1660294922829368000,86.3,1,86.0,51,86.4,1,1,2022-08-12 09:02:02
1660294922859630000,86.4,1,86.0,51,86.5,5,1,2022-08-12 09:02:02
1660294923037925000,86.1,1,86.1,2,86.4,2,2,2022-08-12 09:02:03
1660294923050844000,86.4,1,86.1,1,86.4,1,1,2022-08-12 09:02:03
1660294923092487000,86.4,1,86.1,1,86.5,4,1,2022-08-12 09:02:03
1660294923310633000,86.3,3,86.1,7,86.5,4,1,2022-08-12 09:02:03
1660294923890045000,86.1,1,86.1,8,86.4,2,2,2022-08-12 09:02:03
1660294924064933000,86.1,1,86.1,6,86.4,2,2,2022-08-12 09:02:04
1660294926793617000,86.1,4,86.1,2,86.4,5,2,2022-08-12 09:02:06
1660294926862038000,86.3,1,86.1,4,86.4,5,1,2022-08-12 09:02:06
1660294926878382000,86.1,5,86.0,56,86.4,5,2,2022-08-12 09:02:06
1660294926878382000,86.0,5,86.0,56,86.4,5,2,2022-08-12 09:02:06
1660294927065813000,86.0,1,86.0,49,86.3,1,2,2022-08-12 09:02:07
1660294927849709000,86.1,1,86.0,49,86.3,5,2,2022-08-12 09:02:07
1660294928454578000,86.3,1,86.0,49,86.3,4,1,2022-08-12 09:02:08
1660294928801119000,86.0,2,86.0,47,86.3,5,2,2022-08-12 09:02:08
1660294929684106000,86.0,5,86.0,42,86.3,5,2,2022-08-12 09:02:09
1660294929883524000,86.0,1,86.0,41,86.2,1,2,2022-08-12 09:02:09
1660294930004189000,86.1,1,86.0,41,86.2,1,1,2022-08-12 09:02:10
1660294930013445000,86.0,14,86.0,26,86.2,1,2,2022-08-12 09:02:10
1660294930095073000,86.1,1,86.0,26,86.1,1,1,2022-08-12 09:02:10
1660294930421190000,86.1,5,86.1,1,86.2,1,1,2022-08-12 09:02:10
1660294930657263000,86.1,1,86.0,27,86.2,5,2,2022-08-12 09:02:10
1660294931358495000,86.2,1,86.1,14,86.2,4,1,2022-08-12 09:02:11
1660294931378880000,86.2,4,86.1,14,86.3,5,1,2022-08-12 09:02:11
1660294931817884000,86.1,3,86.1,14,86.2,1,2,2022-08-12 09:02:11
1660294932285192000,86.1,1,86.1,10,86.2,1,2,2022-08-12 09:02:12
1660294932769871000,86.2,1,86.1,11,86.3,5,1,2022-08-12 09:02:12
1660294933575551000,86.2,1,86.1,13,86.3,5,1,2022-08-12 09:02:13
1660294935383240000,86.3,4,86.2,3,86.3,6,1,2022-08-12 09:02:15
1660294935420151000,86.3,6,86.2,3,86.4,4,1,2022-08-12 09:02:15
1660294936421181000,86.2,2,86.2,2,86.3,1,2,2022-08-12 09:02:16
1660294936609196000,86.3,1,86.3,10,86.4,4,1,2022-08-12 09:02:16
1660294936853412000,86.4,2,86.3,10,86.4,2,1,2022-08-12 09:02:16
1660294936939890000,86.3,5,86.3,10,86.4,2,2,2022-08-12 09:02:16
1660294937963566000,86.3,4,86.3,2,86.4,2,2,2022-08-12 09:02:17
1660294938001843000,86.3,1,86.3,6,86.4,2,2,2022-08-12 09:02:18
1660294938193897000,86.3,1,86.3,3,86.4,2,2,2022-08-12 09:02:18
1660294938926318000,86.3,1,86.3,1,86.4,2,2,2022-08-12 09:02:18
1660294938996776000,86.4,2,86.3,1,86.5,8,1,2022-08-12 09:02:18
1660294938996776000,86.5,1,86.3,1,86.5,8,1,2022-08-12 09:02:18
1660294942435440000,86.4,1,86.4,4,86.5,9,2,2022-08-12 09:02:22
1660294942456207000,86.4,2,86.4,5,86.5,9,2,2022-08-12 09:02:22
1660294942636281000,86.5,1,86.4,2,86.5,8,1,2022-08-12 09:02:22
1660294943056305000,86.5,1,86.4,2,86.5,7,1,2022-08-12 09:02:23
1660294944774854000,86.5,5,86.4,3,86.5,2,1,2022-08-12 09:02:24
1660294944805092000,86.5,2,86.4,3,86.6,22,1,2022-08-12 09:02:24
1660294945294563000,86.5,1,86.4,6,86.5,1,1,2022-08-12 09:02:25
1660294945334986000,86.5,1,86.4,6,86.6,22,1,2022-08-12 09:02:25
1660294945346774000,86.6,2,86.4,6,86.6,20,1,2022-08-12 09:02:25
1660294945922548000,86.5,5,86.4,6,86.5,19,1,2022-08-12 09:02:25
1660294946103229000,86.5,1,86.4,5,86.5,18,1,2022-08-12 09:02:26
1660294947315186000,86.5,1,86.4,6,86.5,18,1,2022-08-12 09:02:27
1660294947444654000,86.5,1,86.4,6,86.5,18,1,2022-08-12 09:02:27
1660294947996395000,86.5,1,86.4,6,86.5,17,1,2022-08-12 09:02:27
1660294948910787000,86.5,1,86.4,6,86.5,15,1,2022-08-12 09:02:28
1660294949216273000,86.5,1,86.4,7,86.5,14,1,2022-08-12 09:02:29
1660294949252571000,86.5,3,86.4,7,86.5,11,1,2022-08-12 09:02:29
1660294949286568000,86.5,11,86.4,8,86.6,20,1,2022-08-12 09:02:29
1660294949517796000,86.6,1,86.4,8,86.6,20,1,2022-08-12 09:02:29
1660294950012437000,86.5,1,86.4,8,86.6,19,2,2022-08-12 09:02:30
1660294950543572000,86.6,1,86.5,4,86.6,23,1,2022-08-12 09:02:30
1660294951070088000,86.5,1,86.5,4,86.6,22,2,2022-08-12 09:02:31
1660294952105183000,86.5,1,86.5,3,86.6,22,2,2022-08-12 09:02:32
1660294953019032000,86.5,1,86.5,7,86.6,22,2,2022-08-12 09:02:33
1660294953027548000,86.6,1,86.5,8,86.6,22,1,2022-08-12 09:02:33
1660294953478107000,86.6,1,86.5,7,86.6,20,1,2022-08-12 09:02:33
1660294954133763000,86.5,1,86.5,6,86.6,20,2,2022-08-12 09:02:34
1660294954878533000,86.5,2,86.5,8,86.6,20,2,2022-08-12 09:02:34
1660294955989799000,86.5,7,86.4,8,86.6,20,2,2022-08-12 09:02:35
1660294956233528000,86.6,1,86.4,8,86.6,19,1,2022-08-12 09:02:36
1660294956774862000,86.5,1,86.4,9,86.6,19,1,2022-08-12 09:02:36
1660294956905222000,86.6,1,86.4,9,86.6,18,1,2022-08-12 09:02:36
1660294957237779000,86.5,1,86.5,1,86.6,18,1,2022-08-12 09:02:37
1660294957653013000,86.5,1,86.4,9,86.5,3,2,2022-08-12 09:02:37
1660294958279891000,86.5,1,86.4,9,86.5,3,1,2022-08-12 09:02:38
1660294958730286000,86.5,1,86.4,8,86.5,2,1,2022-08-12 09:02:38
1660294960408334000,86.5,2,86.4,8,86.5,3,1,2022-08-12 09:02:40
1660294960654358000,86.5,1,86.4,8,86.6,20,1,2022-08-12 09:02:40
1660294961424516000,86.5,1,86.4,8,86.6,20,2,2022-08-12 09:02:41
1660294961675763000,86.5,1,86.4,9,86.6,20,1,2022-08-12 09:02:41
1660294961706125000,86.6,1,86.4,9,86.6,19,1,2022-08-12 09:02:41
1660294965157032000,86.6,1,86.5,6,86.6,18,1,2022-08-12 09:02:45
1660294965178357000,86.6,11,86.5,6,86.6,7,1,2022-08-12 09:02:45
1660294965965270000,86.6,5,86.5,6,86.6,2,1,2022-08-12 09:02:45
1660294965986021000,86.6,2,86.5,6,86.7,5,1,2022-08-12 09:02:45
1660294966147090000,86.5,4,86.5,3,86.7,8,2,2022-08-12 09:02:46
1660294966740981000,86.6,1,86.6,2,86.7,8,2,2022-08-12 09:02:46
1660294966998553000,86.6,1,86.6,1,86.7,8,2,2022-08-12 09:02:46
1660294967647419000,86.7,1,86.6,1,86.7,7,1,2022-08-12 09:02:47
1660294969495144000,86.6,1,86.6,7,86.7,8,2,2022-08-12 09:02:49
1660294970504298000,86.6,10,86.6,12,86.7,8,2,2022-08-12 09:02:50
1660294970607591000,86.6,2,86.5,13,86.7,18,2,2022-08-12 09:02:50
1660294971486965000,86.5,1,86.5,11,86.7,19,2,2022-08-12 09:02:51
1660294971548206000,86.7,2,86.5,12,86.7,19,1,2022-08-12 09:02:51
1660294972013092000,86.6,2,86.5,11,86.7,17,2,2022-08-12 09:02:52
1660294973247859000,86.6,1,86.5,13,86.6,19,2,2022-08-12 09:02:53
1660294973326471000,86.6,10,86.5,13,86.6,9,1,2022-08-12 09:02:53
1660294973554673000,86.6,5,86.5,13,86.6,19,1,2022-08-12 09:02:53
1660294973734143000,86.6,3,86.5,13,86.6,1,1,2022-08-12 09:02:53
1660294973979545000,86.6,1,86.6,1,86.7,18,1,2022-08-12 09:02:53
1660294974461101000,86.7,1,86.6,1,86.7,19,1,2022-08-12 09:02:54
1660294975715275000,86.7,1,86.6,2,86.7,18,1,2022-08-12 09:02:55
1660294976235106000,86.6,1,86.6,1,86.7,17,2,2022-08-12 09:02:56
1660294977050317000,86.6,1,86.5,16,86.6,4,2,2022-08-12 09:02:57
1660294977472440000,86.6,1,86.5,17,86.6,5,1,2022-08-12 09:02:57
1660294977738574000,86.6,1,86.5,17,86.6,3,1,2022-08-12 09:02:57
1660294977742465000,86.6,2,86.5,15,86.6,1,1,2022-08-12 09:02:57
1660294978678795000,86.6,1,86.5,17,86.6,1,1,2022-08-12 09:02:58
1660294978993784000,86.6,1,86.5,17,86.7,16,1,2022-08-12 09:02:58
1660294978993784000,86.7,1,86.5,17,86.7,16,1,2022-08-12 09:02:58
1660294979551098000,86.6,1,86.6,1,86.7,16,1,2022-08-12 09:02:59
1660294980370069000,86.7,2,86.6,1,86.7,14,1,2022-08-12 09:03:00
1660294980435528000,86.6,1,86.5,17,86.6,2,2,2022-08-12 09:03:00
1660294981768687000,86.6,2,86.5,18,86.6,8,1,2022-08-12 09:03:01
1660294982084120000,86.6,1,86.5,18,86.6,7,1,2022-08-12 09:03:02
1660294982254276000,86.6,1,86.5,18,86.6,6,1,2022-08-12 09:03:02
1660294982643841000,86.6,1,86.5,18,86.6,6,1,2022-08-12 09:03:02
1660294982784165000,86.5,5,86.5,13,86.6,6,2,2022-08-12 09:03:02
1660294982790410000,86.5,4,86.5,9,86.6,6,2,2022-08-12 09:03:02
1660294982810638000,86.6,1,86.5,9,86.6,5,1,2022-08-12 09:03:02
1660294983671711000,86.5,1,86.5,13,86.6,8,2,2022-08-12 09:03:03
1660294983720366000,86.5,1,86.5,12,86.6,8,2,2022-08-12 09:03:03
1660294983821086000,86.5,2,86.5,10,86.6,8,2,2022-08-12 09:03:03
1660294984023726000,86.5,10,86.5,10,86.6,8,2,2022-08-12 09:03:04
1660294984065224000,86.4,9,86.4,5,86.6,8,2,2022-08-12 09:03:04
1660294984306836000,86.5,1,86.4,5,86.6,8,1,2022-08-12 09:03:04
1660294984830812000,86.5,1,86.4,5,86.5,8,1,2022-08-12 09:03:04
1660294984876937000,86.4,5,86.3,13,86.5,12,2,2022-08-12 09:03:04
1660294984950584000,86.4,1,86.3,13,86.5,8,1,2022-08-12 09:03:04
1660294984950584000,86.5,4,86.3,13,86.5,8,1,2022-08-12 09:03:04
1660294985559735000,86.3,2,86.3,12,86.4,4,2,2022-08-12 09:03:05
1660294986358480000,86.4,5,86.3,12,86.4,9,1,2022-08-12 09:03:06
1660294987396867000,86.4,1,86.3,12,86.4,5,1,2022-08-12 09:03:07
1660294987689862000,86.3,1,86.3,8,86.4,7,2,2022-08-12 09:03:07
1660294987825879000,86.3,1,86.3,7,86.4,8,2,2022-08-12 09:03:07
1660294988072780000,86.4,2,86.3,6,86.4,6,1,2022-08-12 09:03:08
1660294988376109000,86.4,6,86.3,6,86.5,8,1,2022-08-12 09:03:08
1660294988925988000,86.3,1,86.3,7,86.4,1,2,2022-08-12 09:03:08
1660294989057504000,86.3,1,86.3,5,86.4,1,2,2022-08-12 09:03:09
1660294989549018000,86.3,1,86.3,5,86.4,1,2,2022-08-12 09:03:09
1660294989597360000,86.3,1,86.3,4,86.4,1,2,2022-08-12 09:03:09
1660294990958522000,86.4,1,86.3,6,86.4,2,1,2022-08-12 09:03:10
1660294991888236000,86.3,1,86.3,5,86.4,5,2,2022-08-12 09:03:11
1660294994508616000,86.3,1,86.3,9,86.4,7,2,2022-08-12 09:03:14
1660294994549025000,86.3,1,86.3,8,86.4,7,2,2022-08-12 09:03:14
1660294995151938000,86.3,1,86.3,7,86.4,7,2,2022-08-12 09:03:15
1660294995391955000,86.3,2,86.3,5,86.4,7,2,2022-08-12 09:03:15
1660294996799142000,86.3,1,86.3,5,86.4,6,2,2022-08-12 09:03:16
1660294998196416000,86.3,1,86.3,3,86.4,6,2,2022-08-12 09:03:18
1660294999830646000,86.3,1,86.3,2,86.4,6,2,2022-08-12 09:03:19
1660295000276195000,86.3,1,86.3,5,86.4,6,2,2022-08-12 09:03:20
1660295001777264000,86.4,1,86.3,4,86.4,5,1,2022-08-12 09:03:21
1660295002874082000,86.4,5,86.3,7,86.4,1,1,2022-08-12 09:03:22
1660295002903316000,86.4,1,86.3,7,86.5,11,1,2022-08-12 09:03:22
1660295006084396000,86.5,1,86.3,8,86.5,9,1,2022-08-12 09:03:26
1660295007076447000,86.4,5,86.3,8,86.5,9,1,2022-08-12 09:03:27
1660295007139452000,86.4,1,86.3,9,86.5,9,1,2022-08-12 09:03:27
1660295010686475000,86.4,1,86.4,1,86.5,8,2,2022-08-12 09:03:30
1660295011326789000,86.5,2,86.4,1,86.5,10,1,2022-08-12 09:03:31
1660295012089246000,86.5,1,86.4,3,86.5,9,1,2022-08-12 09:03:32
1660295013571416000,86.4,2,86.4,2,86.5,11,2,2022-08-12 09:03:33
1660295013732871000,86.5,1,86.4,2,86.5,10,1,2022-08-12 09:03:33
1660295013765459000,86.5,10,86.4,2,86.6,9,1,2022-08-12 09:03:33
1660295015107246000,86.5,1,86.5,4,86.6,9,1,2022-08-12 09:03:35
1660295015131618000,86.5,2,86.5,2,86.6,9,2,2022-08-12 09:03:35
1660295015277093000,86.5,1,86.5,4,86.6,9,2,2022-08-12 09:03:35
1660295018988134000,86.6,1,86.5,7,86.6,9,1,2022-08-12 09:03:38
1660295019181958000,86.5,1,86.5,6,86.6,9,2,2022-08-12 09:03:39
1660295019620841000,86.6,1,86.5,6,86.6,8,1,2022-08-12 09:03:39
1660295021570525000,86.6,1,86.5,6,86.6,7,1,2022-08-12 09:03:41
1660295025428885000,86.6,5,86.5,24,86.6,7,1,2022-08-12 09:03:45
1660295025564054000,86.6,1,86.5,24,86.6,6,1,2022-08-12 09:03:45
1660295026564153000,86.6,6,86.6,4,86.7,16,1,2022-08-12 09:03:46
1660295028128819000,86.7,10,86.6,9,86.7,6,1,2022-08-12 09:03:48
1660295028164713000,86.7,6,86.6,9,86.8,9,1,2022-08-12 09:03:48
1660295029324220000,86.8,1,86.6,14,86.8,10,1,2022-08-12 09:03:49
1660295029445405000,86.8,2,86.6,14,86.8,7,1,2022-08-12 09:03:49
1660295029537787000,86.8,1,86.6,14,86.8,6,1,2022-08-12 09:03:49
1660295029549061000,86.8,2,86.6,16,86.8,4,1,2022-08-12 09:03:49
1660295029684765000,86.8,1,86.6,16,86.8,3,1,2022-08-12 09:03:49
1660295029727217000,86.8,1,86.6,16,86.8,3,1,2022-08-12 09:03:49
1660295030064603000,86.8,2,86.6,16,86.9,5,1,2022-08-12 09:03:50
1660295030064603000,86.9,2,86.6,16,86.9,5,1,2022-08-12 09:03:50
1660295030118501000,86.9,1,86.6,16,86.9,4,1,2022-08-12 09:03:50
1660295030247149000,86.9,4,86.6,16,86.9,1,1,2022-08-12 09:03:50
1660295030379804000,86.9,1,86.6,16,86.9,5,1,2022-08-12 09:03:50
1660295030868497000,87.0,25,86.7,2,87.0,17,1,2022-08-12 09:03:50
1660295031104137000,87.0,1,86.7,2,87.0,17,1,2022-08-12 09:03:51
1660295031543965000,87.0,10,86.7,2,87.1,12,1,2022-08-12 09:03:51
1660295031565965000,87.1,1,86.7,2,87.1,11,1,2022-08-12 09:03:51
1660295031871715000,87.1,1,86.8,2,87.1,6,1,2022-08-12 09:03:51
1660295032179375000,86.8,1,86.8,1,87.1,5,2,2022-08-12 09:03:52
1660295033203285000,87.1,6,86.8,6,87.2,21,1,2022-08-12 09:03:53
1660295033203285000,87.2,2,86.8,6,87.2,21,1,2022-08-12 09:03:53
1660295033547412000,86.9,1,86.8,6,87.2,16,1,2022-08-12 09:03:53
1660295033894796000,87.2,1,86.8,6,87.2,15,1,2022-08-12 09:03:53
1660295034964742000,87.1,1,86.8,14,87.2,15,2,2022-08-12 09:03:54
1660295035771858000,87.1,1,86.8,11,87.1,2,1,2022-08-12 09:03:55
1660295035779832000,87.1,1,86.8,11,87.1,3,1,2022-08-12 09:03:55
1660295036021242000,87.1,1,86.8,11,87.2,15,1,2022-08-12 09:03:56
1660295036182202000,87.2,1,86.9,3,87.2,14,1,2022-08-12 09:03:56
1660295036533425000,87.2,2,87.1,1,87.2,11,1,2022-08-12 09:03:56
1660295036592850000,87.2,1,87.1,1,87.2,11,1,2022-08-12 09:03:56
1660295036683272000,87.1,1,86.9,5,87.1,1,2,2022-08-12 09:03:56
1660295036883291000,87.1,1,86.9,5,87.1,3,1,2022-08-12 09:03:56
1660295037041787000,87.1,1,86.9,5,87.1,1,1,2022-08-12 09:03:57
1660295037539202000,87.2,1,86.9,6,87.2,11,1,2022-08-12 09:03:57
1660295037558020000,87.2,5,86.9,6,87.2,6,1,2022-08-12 09:03:57
1660295037741575000,87.1,1,87.0,1,87.1,2,1,2022-08-12 09:03:57
1660295038275923000,87.1,1,87.0,1,87.1,1,1,2022-08-12 09:03:58
1660295038390216000,87.1,1,87.0,1,87.1,2,1,2022-08-12 09:03:58
1660295038668599000,87.2,1,87.0,1,87.2,6,1,2022-08-12 09:03:58
1660295039191071000,87.2,1,87.0,2,87.2,7,1,2022-08-12 09:03:59
1660295039382545000,87.2,5,87.0,2,87.2,8,1,2022-08-12 09:03:59
1660295039498751000,87.2,1,87.0,2,87.2,1,1,2022-08-12 09:03:59
1660295039663199000,87.2,1,87.1,1,87.3,4,1,2022-08-12 09:03:59
1660295039663199000,87.3,10,87.1,1,87.3,4,1,2022-08-12 09:03:59
1660295039675279000,87.1,1,87.0,2,87.1,2,2,2022-08-12 09:03:59
1660295039699695000,87.1,2,87.0,2,87.3,4,1,2022-08-12 09:03:59
1660295039727493000,87.0,1,87.0,1,87.3,4,2,2022-08-12 09:03:59
1660295039836947000,87.1,1,87.0,1,87.3,4,2,2022-08-12 09:03:59
1660295039934428000,87.3,1,87.0,1,87.3,3,1,2022-08-12 09:03:59
1660295040588871000,87.1,1,87.0,1,87.1,2,1,2022-08-12 09:04:00
1660295040628421000,87.1,1,87.0,2,87.1,1,1,2022-08-12 09:04:00
1660295040819957000,87.0,1,87.0,1,87.1,1,2,2022-08-12 09:04:00
1660295040849828000,87.0,1,86.9,6,87.1,1,2,2022-08-12 09:04:00
1660295041143121000,87.1,1,86.9,4,87.2,3,1,2022-08-12 09:04:01
1660295041214550000,87.2,6,86.9,4,87.4,28,1,2022-08-12 09:04:01
1660295041214550000,87.3,3,86.9,4,87.4,28,1,2022-08-12 09:04:01
1660295041214550000,87.4,11,86.9,4,87.4,28,1,2022-08-12 09:04:01
1660295041260473000,87.3,2,87.2,1,87.4,24,1,2022-08-12 09:04:01
1660295041311902000,87.3,2,87.2,1,87.4,24,2,2022-08-12 09:04:01
1660295041430721000,87.4,1,87.2,1,87.4,23,1,2022-08-12 09:04:01
1660295041966801000,87.3,1,87.3,7,87.4,25,2,2022-08-12 09:04:01
1660295042012724000,87.3,1,87.3,6,87.4,25,2,2022-08-12 09:04:02
1660295042023725000,87.4,1,87.3,6,87.4,24,1,2022-08-12 09:04:02
1660295042156010000,87.3,1,87.3,5,87.4,24,2,2022-08-12 09:04:02
1660295042311681000,87.3,1,87.3,4,87.4,24,2,2022-08-12 09:04:02
1660295042863114000,87.3,1,87.3,7,87.4,23,2,2022-08-12 09:04:02
1660295043021461000,87.4,3,87.3,6,87.4,20,1,2022-08-12 09:04:03
1660295043417312000,87.3,1,87.3,5,87.4,20,2,2022-08-12 09:04:03
1660295043616382000,87.3,5,87.2,5,87.4,21,2,2022-08-12 09:04:03
1660295044243542000,87.3,1,87.3,3,87.4,21,2,2022-08-12 09:04:04
1660295044296558000,87.4,1,87.3,4,87.4,21,1,2022-08-12 09:04:04
1660295044659225000,87.3,2,87.3,1,87.4,20,2,2022-08-12 09:04:04
1660295044764010000,87.4,1,87.3,1,87.4,19,1,2022-08-12 09:04:04
1660295045157767000,87.3,1,87.3,1,87.4,19,2,2022-08-12 09:04:05
1660295045184247000,87.3,1,87.2,6,87.4,19,2,2022-08-12 09:04:05
1660295045537989000,87.4,1,87.2,6,87.4,18,1,2022-08-12 09:04:05
1660295045948062000,87.4,1,87.2,6,87.4,18,1,2022-08-12 09:04:05
1660295046014253000,87.4,10,87.3,2,87.4,8,1,2022-08-12 09:04:06
1660295046683736000,87.3,1,87.3,1,87.4,8,2,2022-08-12 09:04:06
1660295046899350000,87.4,2,87.3,1,87.4,6,1,2022-08-12 09:04:06
1660295047010841000,87.4,5,87.3,1,87.4,1,1,2022-08-12 09:04:07
1660295047013682000,87.4,1,87.4,9,87.5,35,1,2022-08-12 09:04:07
1660295047029810000,87.4,1,87.4,8,87.5,35,2,2022-08-12 09:04:07
1660295047062922000,87.4,6,87.4,2,87.5,35,2,2022-08-12 09:04:07
1660295047624228000,87.5,1,87.4,3,87.5,36,1,2022-08-12 09:04:07
1660295047728344000,87.5,1,87.4,3,87.5,35,1,2022-08-12 09:04:07
1660295047857517000,87.5,1,87.4,6,87.5,35,1,2022-08-12 09:04:07
1660295048355715000,87.4,1,87.4,7,87.5,34,2,2022-08-12 09:04:08
1660295048391367000,87.5,3,87.4,7,87.5,31,1,2022-08-12 09:04:08
1660295048792169000,87.5,4,87.4,10,87.5,27,1,2022-08-12 09:04:08
1660295048873596000,87.4,1,87.4,10,87.5,28,2,2022-08-12 09:04:08
1660295049070386000,87.5,1,87.4,9,87.5,27,1,2022-08-12 09:04:09
1660295049072704000,87.5,1,87.4,9,87.5,26,1,2022-08-12 09:04:09
1660295049310449000,87.5,1,87.4,12,87.5,25,1,2022-08-12 09:04:09
1660295049312945000,87.5,1,87.4,12,87.5,24,1,2022-08-12 09:04:09
1660295049339282000,87.5,2,87.4,12,87.5,26,1,2022-08-12 09:04:09
1660295049899344000,87.5,2,87.4,17,87.5,22,1,2022-08-12 09:04:09
1660295050112948000,87.5,2,87.4,17,87.5,18,1,2022-08-12 09:04:10
1660295050137649000,87.5,10,87.4,17,87.5,8,1,2022-08-12 09:04:10
1660295050170152000,87.5,8,87.4,17,87.6,10,1,2022-08-12 09:04:10
1660295051686426000,87.5,1,87.5,17,87.6,13,2,2022-08-12 09:04:11
1660295051715704000,87.6,2,87.5,17,87.6,11,1,2022-08-12 09:04:11
1660295051945245000,87.6,1,87.5,18,87.6,9,1,2022-08-12 09:04:11
1660295052196606000,87.6,1,87.5,18,87.6,8,1,2022-08-12 09:04:12
1660295052318996000,87.6,4,87.5,18,87.6,4,1,2022-08-12 09:04:12
1660295052681027000,87.5,1,87.5,18,87.6,3,2,2022-08-12 09:04:12
1660295052701547000,87.6,2,87.5,18,87.6,1,1,2022-08-12 09:04:12
1660295053028581000,87.6,2,87.5,18,87.7,11,1,2022-08-12 09:04:13
1660295053158274000,87.7,1,87.6,3,87.7,10,1,2022-08-12 09:04:13
1660295053279148000,87.7,1,87.6,3,87.7,10,1,2022-08-12 09:04:13
1660295053393094000,87.6,4,87.6,4,87.7,10,2,2022-08-12 09:04:13
1660295053393094000,87.5,1,87.6,4,87.7,10,2,2022-08-12 09:04:13
1660295053535099000,87.5,1,87.5,19,87.7,10,2,2022-08-12 09:04:13
1660295053691559000,87.6,1,87.5,20,87.7,10,2,2022-08-12 09:04:13
1660295053710127000,87.7,1,87.5,20,87.7,9,1,2022-08-12 09:04:13
1660295053774376000,87.5,1,87.5,19,87.7,9,2,2022-08-12 09:04:13
1660295053874877000,87.5,2,87.5,19,87.7,9,2,2022-08-12 09:04:13
1660295054016225000,87.7,1,87.6,1,87.7,8,1,2022-08-12 09:04:14
1660295054417152000,87.6,1,87.6,2,87.7,8,2,2022-08-12 09:04:14
1660295054639574000,87.7,3,87.6,8,87.7,5,1,2022-08-12 09:04:14
1660295054656357000,87.7,1,87.6,8,87.7,4,1,2022-08-12 09:04:14
1660295054714359000,87.7,4,87.6,8,87.8,14,1,2022-08-12 09:04:14
1660295054751374000,87.8,1,87.6,8,87.8,13,1,2022-08-12 09:04:14
1660295054868456000,87.6,1,87.6,8,87.8,13,2,2022-08-12 09:04:14
1660295054919077000,87.6,1,87.6,6,87.8,13,2,2022-08-12 09:04:14
1660295054967209000,87.8,1,87.6,6,87.8,12,1,2022-08-12 09:04:14
1660295055033038000,87.8,1,87.6,6,87.8,11,1,2022-08-12 09:04:15
1660295055640015000,87.8,1,87.7,1,87.8,11,1,2022-08-12 09:04:15
1660295055707484000,87.7,1,87.6,17,87.7,7,2,2022-08-12 09:04:15
1660295055780124000,87.7,1,87.6,19,87.7,6,1,2022-08-12 09:04:15
1660295055817959000,87.7,2,87.6,19,87.7,7,1,2022-08-12 09:04:15
1660295056000012000,87.7,1,87.6,19,87.7,3,1,2022-08-12 09:04:16
1660295056016308000,87.7,3,87.6,19,87.8,4,1,2022-08-12 09:04:16
1660295056016308000,87.8,7,87.6,19,87.8,4,1,2022-08-12 09:04:16
1660295056216580000,87.6,1,87.6,18,87.8,4,2,2022-08-12 09:04:16
1660295056593814000,87.7,1,87.6,18,87.8,4,2,2022-08-12 09:04:16
1660295057487312000,87.6,1,87.6,18,87.8,5,2,2022-08-12 09:04:17
1660295057681547000,87.7,1,87.6,19,87.8,5,2,2022-08-12 09:04:17
1660295057860399000,87.8,5,87.6,19,87.9,18,1,2022-08-12 09:04:17
1660295057874721000,87.9,1,87.6,19,87.9,17,1,2022-08-12 09:04:17
1660295057879242000,87.9,1,87.6,19,87.9,16,1,2022-08-12 09:04:17
1660295058673609000,87.8,1,87.6,21,87.9,16,2,2022-08-12 09:04:18
1660295059024414000,87.8,1,87.6,32,87.9,17,1,2022-08-12 09:04:19
1660295059036796000,87.8,1,87.6,32,87.8,2,1,2022-08-12 09:04:19
1660295059117404000,87.7,1,87.6,32,87.8,2,1,2022-08-12 09:04:19
1660295059161731000,87.8,2,87.6,32,87.9,9,1,2022-08-12 09:04:19
1660295059161731000,87.9,8,87.6,32,87.9,9,1,2022-08-12 09:04:19
1660295059367334000,87.8,2,87.7,1,87.9,9,2,2022-08-12 09:04:19
1660295060148980000,87.7,2,87.6,45,87.7,3,2,2022-08-12 09:04:20
1660295060310521000,87.7,3,87.6,45,87.7,1,1,2022-08-12 09:04:20
1660295060318769000,87.7,1,87.6,45,87.8,2,1,2022-08-12 09:04:20
1660295060428900000,87.6,2,87.6,43,87.8,3,2,2022-08-12 09:04:20
1660295060505885000,87.6,1,87.6,42,87.8,3,2,2022-08-12 09:04:20
1660295061121981000,87.8,1,87.6,42,87.8,2,1,2022-08-12 09:04:21
1660295061162425000,87.8,1,87.6,42,87.8,3,1,2022-08-12 09:04:21
1660295061419557000,87.8,1,87.6,42,87.9,9,1,2022-08-12 09:04:21
1660295061670505000,87.9,1,87.8,2,87.9,8,1,2022-08-12 09:04:21
1660295061686223000,87.8,2,87.7,1,87.9,8,2,2022-08-12 09:04:21
1660295062394509000,87.7,3,87.7,3,87.8,6,2,2022-08-12 09:04:22
1660295062525791000,87.8,3,87.6,45,87.8,3,1,2022-08-12 09:04:22
1660295062745925000,87.8,3,87.7,1,87.9,16,1,2022-08-12 09:04:22
1660295062933530000,87.8,1,87.7,1,87.9,12,1,2022-08-12 09:04:22
1660295062933530000,87.9,4,87.7,1,87.9,12,1,2022-08-12 09:04:22
1660295063000021000,87.9,1,87.7,1,87.9,12,1,2022-08-12 09:04:23
1660295063006235000,87.7,1,87.6,22,87.9,12,2,2022-08-12 09:04:23
1660295063006235000,87.6,23,87.6,22,87.9,12,2,2022-08-12 09:04:23
1660295063822105000,87.7,1,87.7,2,87.8,7,2,2022-08-12 09:04:23
1660295063852170000,87.7,2,87.6,24,87.8,7,2,2022-08-12 09:04:23
1660295063884330000,87.6,24,87.6,24,87.8,7,2,2022-08-12 09:04:23
1660295064208063000,87.7,1,87.5,46,87.8,3,1,2022-08-12 09:04:24
1660295064208063000,87.8,4,87.5,46,87.8,3,1,2022-08-12 09:04:24
1660295064406013000,87.8,1,87.5,46,87.8,2,1,2022-08-12 09:04:24
1660295064519294000,87.6,3,87.5,46,87.8,2,1,2022-08-12 09:04:24
1660295064674403000,87.7,1,87.5,46,87.8,2,2,2022-08-12 09:04:24
1660295064704047000,87.8,1,87.5,46,87.8,1,1,2022-08-12 09:04:24
1660295064842954000,87.6,5,87.5,27,87.8,1,2,2022-08-12 09:04:24
1660295064842954000,87.5,20,87.5,27,87.8,1,2,2022-08-12 09:04:24
1660295064925890000,87.5,10,87.5,17,87.7,1,2,2022-08-12 09:04:24
1660295064995912000,87.7,1,87.5,17,87.7,4,1,2022-08-12 09:04:24
1660295065454523000,87.6,1,87.5,17,88.0,31,1,2022-08-12 09:04:25
1660295065454523000,87.7,4,87.5,17,88.0,31,1,2022-08-12 09:04:25
1660295065454523000,87.8,3,87.5,17,88.0,31,1,2022-08-12 09:04:25
1660295065454523000,87.9,11,87.5,17,88.0,31,1,2022-08-12 09:04:25
1660295065454523000,88.0,31,87.5,17,88.0,31,1,2022-08-12 09:04:25
1660295065560899000,87.8,1,87.7,2,87.8,3,1,2022-08-12 09:04:25
1660295066010123000,87.7,2,87.5,18,87.8,4,2,2022-08-12 09:04:26
1660295066233813000,87.7,1,87.6,1,87.8,4,1,2022-08-12 09:04:26
1660295066233813000,87.8,1,87.6,1,87.8,4,1,2022-08-12 09:04:26
1660295066335410000,87.6,1,87.5,15,87.8,6,2,2022-08-12 09:04:26
1660295066335410000,87.5,3,87.5,15,87.8,6,2,2022-08-12 09:04:26
1660295066676990000,87.6,1,87.5,15,87.7,10,2,2022-08-12 09:04:26
1660295067294597000,87.7,1,87.5,14,87.7,11,1,2022-08-12 09:04:27
1660295067493178000,87.7,1,87.5,15,87.7,10,1,2022-08-12 09:04:27
1660295067564998000,87.7,2,87.5,16,87.7,8,1,2022-08-12 09:04:27
1660295067696433000,87.7,1,87.5,16,87.7,17,1,2022-08-12 09:04:27
1660295067742371000,87.5,1,87.5,15,87.7,17,2,2022-08-12 09:04:27
1660295067754534000,87.7,1,87.5,15,87.7,16,1,2022-08-12 09:04:27
1660295067876816000,87.5,1,87.5,15,87.7,16,2,2022-08-12 09:04:27
1660295067955181000,87.7,1,87.5,14,87.7,15,1,2022-08-12 09:04:27
1660295068148700000,87.5,5,87.5,9,87.7,15,2,2022-08-12 09:04:28
1660295068184554000,87.5,6,87.5,3,87.7,15,2,2022-08-12 09:04:28
1660295068238176000,87.5,3,87.4,19,87.6,1,2,2022-08-12 09:04:28
1660295068278397000,87.6,1,87.4,19,87.7,11,1,2022-08-12 09:04:28
1660295068278397000,87.7,4,87.4,19,87.7,11,1,2022-08-12 09:04:28
1660295068404918000,87.6,1,87.4,19,87.6,3,1,2022-08-12 09:04:28
1660295068494448000,87.6,1,87.4,19,87.6,2,1,2022-08-12 09:04:28
1660295068511259000,87.6,1,87.4,19,87.6,1,1,2022-08-12 09:04:28
1660295068823292000,87.6,1,87.4,20,87.7,12,1,2022-08-12 09:04:28
1660295068940370000,87.6,1,87.4,20,87.6,3,1,2022-08-12 09:04:28
1660295069718781000,87.6,1,87.4,20,87.6,6,1,2022-08-12 09:04:29
1660295070059246000,87.5,1,87.4,20,87.6,16,2,2022-08-12 09:04:30
1660295070139657000,87.6,1,87.4,20,87.6,15,1,2022-08-12 09:04:30
1660295070151061000,87.6,1,87.4,20,87.6,14,1,2022-08-12 09:04:30
1660295070231034000,87.6,2,87.4,19,87.6,16,1,2022-08-12 09:04:30
1660295070407702000,87.6,1,87.4,19,87.6,13,1,2022-08-12 09:04:30
1660295070521369000,87.4,1,87.4,18,87.6,13,2,2022-08-12 09:04:30
1660295070744101000,87.4,1,87.4,19,87.6,15,2,2022-08-12 09:04:30
1660295071018838000,87.5,1,87.5,1,87.6,15,1,2022-08-12 09:04:31
1660295071052445000,87.5,1,87.4,18,87.6,15,2,2022-08-12 09:04:31
1660295071077950000,87.6,1,87.4,18,87.6,17,1,2022-08-12 09:04:31
1660295071512027000,87.5,1,87.4,19,87.5,2,1,2022-08-12 09:04:31
1660295071930052000,87.5,2,87.4,19,87.6,19,1,2022-08-12 09:04:31
1660295072577461000,87.6,1,87.4,19,87.6,18,1,2022-08-12 09:04:32
1660295072829816000,87.6,4,87.4,19,87.6,14,1,2022-08-12 09:04:32
1660295072838556000,87.6,1,87.4,19,87.6,13,1,2022-08-12 09:04:32
1660295072891777000,87.5,1,87.5,1,87.6,13,2,2022-08-12 09:04:32
1660295073064519000,87.6,1,87.4,22,87.6,12,1,2022-08-12 09:04:33
1660295073354203000,87.6,1,87.5,3,87.6,11,1,2022-08-12 09:04:33
1660295074146229000,87.5,2,87.5,5,87.6,11,2,2022-08-12 09:04:34
1660295074619360000,87.5,2,87.5,5,87.6,11,2,2022-08-12 09:04:34
1660295074632099000,87.6,1,87.5,5,87.6,10,1,2022-08-12 09:04:34
1660295074834106000,87.6,5,87.5,6,87.6,11,1,2022-08-12 09:04:34
1660295074988200000,87.5,8,87.4,24,87.6,6,2,2022-08-12 09:04:34
1660295075177976000,87.6,1,87.5,5,87.6,5,1,2022-08-12 09:04:35
1660295075196575000,87.5,1,87.5,4,87.6,5,2,2022-08-12 09:04:35
1660295075384424000,87.6,2,87.5,5,87.6,3,1,2022-08-12 09:04:35
1660295075521423000,87.5,1,87.5,5,87.6,3,2,2022-08-12 09:04:35
1660295075571060000,87.6,2,87.5,5,87.6,1,1,2022-08-12 09:04:35
1660295075586120000,87.5,1,87.5,4,87.6,1,2,2022-08-12 09:04:35
1660295075599075000,87.6,1,87.6,1,87.7,28,1,2022-08-12 09:04:35
1660295075638323000,87.6,1,87.5,4,87.7,28,2,2022-08-12 09:04:35
1660295075950884000,87.6,1,87.5,4,87.7,28,2,2022-08-12 09:04:35
1660295076401810000,87.6,1,87.6,3,87.7,30,2,2022-08-12 09:04:36
1660295076402170000,87.6,1,87.6,2,87.7,30,2,2022-08-12 09:04:36
1660295076432113000,87.6,1,87.6,1,87.7,30,2,2022-08-12 09:04:36
1660295076487341000,87.6,1,87.5,5,87.7,30,2,2022-08-12 09:04:36
1660295076810087000,87.6,1,87.6,2,87.7,30,2,2022-08-12 09:04:36
1660295076823851000,87.7,2,87.6,3,87.7,30,1,2022-08-12 09:04:36
1660295077070203000,87.6,2,87.5,5,87.6,8,2,2022-08-12 09:04:37
1660295077580428000,87.6,1,87.5,6,87.6,7,1,2022-08-12 09:04:37
1660295077742149000,87.5,6,87.4,23,87.6,7,2,2022-08-12 09:04:37
1660295078342858000,87.5,1,87.4,23,87.6,7,2,2022-08-12 09:04:38
1660295079116898000,87.6,1,87.5,4,87.6,7,1,2022-08-12 09:04:39
1660295079320363000,87.6,1,87.5,4,87.6,6,1,2022-08-12 09:04:39
1660295079388741000,87.6,1,87.5,4,87.6,5,1,2022-08-12 09:04:39
1660295079471324000,87.5,4,87.4,24,87.5,6,2,2022-08-12 09:04:39
1660295079495711000,87.5,1,87.4,24,87.5,5,1,2022-08-12 09:04:39
1660295079681762000,87.5,5,87.4,23,87.5,1,1,2022-08-12 09:04:39
1660295079722424000,87.4,1,87.4,22,87.5,1,2,2022-08-12 09:04:39
1660295079849189000,87.5,1,87.4,22,87.6,4,1,2022-08-12 09:04:39
1660295080034724000,87.6,1,87.4,22,87.6,3,1,2022-08-12 09:04:40
1660295080267074000,87.6,1,87.4,22,87.6,2,1,2022-08-12 09:04:40
1660295081987221000,87.6,8,87.5,4,87.8,18,1,2022-08-12 09:04:41
1660295081987221000,87.7,30,87.5,4,87.8,18,1,2022-08-12 09:04:41
1660295081987221000,87.8,12,87.5,4,87.8,18,1,2022-08-12 09:04:41
1660295082027185000,87.8,5,87.5,4,87.8,9,1,2022-08-12 09:04:42
1660295082049009000,87.5,1,87.5,3,87.6,5,2,2022-08-12 09:04:42
1660295082082376000,87.6,5,87.5,3,87.8,9,1,2022-08-12 09:04:42
1660295083438634000,87.7,1,87.6,3,87.8,9,2,2022-08-12 09:04:43
1660295084474638000,87.6,5,87.5,7,87.7,6,2,2022-08-12 09:04:44
1660295084639370000,87.6,1,87.5,7,87.7,7,1,2022-08-12 09:04:44
1660295084891426000,87.7,1,87.5,7,87.7,6,1,2022-08-12 09:04:44
1660295085434731000,87.7,1,87.5,7,87.7,5,1,2022-08-12 09:04:45
1660295085607886000,87.7,1,87.5,7,87.7,4,1,2022-08-12 09:04:45
1660295086094941000,87.6,1,87.6,8,87.7,5,2,2022-08-12 09:04:46
1660295086428363000,87.7,1,87.6,8,87.7,4,1,2022-08-12 09:04:46
1660295088474129000,87.7,1,87.6,13,87.7,10,1,2022-08-12 09:04:48
1660295088481165000,87.7,1,87.6,13,87.7,9,1,2022-08-12 09:04:48
1660295088620184000,87.7,1,87.6,13,87.7,8,1,2022-08-12 09:04:48
1660295088645795000,87.7,3,87.6,13,87.7,5,1,2022-08-12 09:04:48
1660295089375756000,87.7,1,87.6,14,87.7,10,1,2022-08-12 09:04:49
1660295090247828000,87.7,2,87.6,19,87.7,10,1,2022-08-12 09:04:50
1660295090892014000,87.7,1,87.6,18,87.7,12,1,2022-08-12 09:04:50
1660295091249835000,87.7,2,87.6,18,87.7,9,1,2022-08-12 09:04:51
1660295091409482000,87.7,1,87.6,18,87.7,8,1,2022-08-12 09:04:51
1660295092655840000,87.7,1,87.6,19,87.7,11,1,2022-08-12 09:04:52
1660295093286591000,87.7,5,87.6,21,87.7,18,1,2022-08-12 09:04:53
1660295093452448000,87.7,10,87.6,21,87.7,3,1,2022-08-12 09:04:53
1660295093691018000,87.7,3,87.7,2,87.8,13,1,2022-08-12 09:04:53
1660295093717614000,87.7,2,87.6,21,87.8,13,2,2022-08-12 09:04:53
1660295094223817000,87.7,1,87.7,4,87.8,13,2,2022-08-12 09:04:54
1660295094239184000,87.7,1,87.7,3,87.8,13,2,2022-08-12 09:04:54
1660295094306409000,87.7,1,87.7,3,87.8,15,2,2022-08-12 09:04:54
1660295095437452000,87.8,3,87.7,3,87.8,11,1,2022-08-12 09:04:55
1660295096248874000,87.7,1,87.7,26,87.8,11,2,2022-08-12 09:04:56
1660295096420409000,87.7,1,87.7,24,87.8,10,2,2022-08-12 09:04:56
1660295096642154000,87.7,1,87.7,23,87.8,11,2,2022-08-12 09:04:56
1660295096679479000,87.7,1,87.7,23,87.8,11,2,2022-08-12 09:04:56
1660295097161986000,87.8,1,87.7,23,87.8,10,1,2022-08-12 09:04:57
1660295097296199000,87.7,5,87.7,24,87.8,10,2,2022-08-12 09:04:57
1660295097397378000,87.8,10,87.7,19,88.0,5,1,2022-08-12 09:04:57
1660295097397378000,87.9,15,87.7,19,88.0,5,1,2022-08-12 09:04:57
1660295097397378000,88.0,25,87.7,19,88.0,5,1,2022-08-12 09:04:57
1660295097565523000,87.8,1,87.7,19,88.0,6,2,2022-08-12 09:04:57
1660295097601190000,87.7,1,87.7,18,88.0,6,2,2022-08-12 09:04:57
1660295097698161000,87.7,1,87.7,17,88.0,6,2,2022-08-12 09:04:57
1660295098259225000,87.9,1,87.7,17,87.9,2,1,2022-08-12 09:04:58
1660295098360493000,87.9,2,87.7,17,87.9,2,1,2022-08-12 09:04:58
1660295098360493000,88.0,2,87.7,17,87.9,2,1,2022-08-12 09:04:58
1660295098790630000,87.9,1,87.8,5,88.0,4,2,2022-08-12 09:04:58
1660295099701291000,88.0,4,87.8,6,88.0,2,1,2022-08-12 09:04:59
1660295099737712000,87.8,1,87.8,5,88.0,2,2,2022-08-12 09:04:59
1660295100264412000,87.8,3,87.8,5,88.0,2,2,2022-08-12 09:05:00
1660295100494493000,87.8,2,87.7,33,88.0,3,2,2022-08-12 09:05:00
1660295100494493000,87.7,5,87.7,33,88.0,3,2,2022-08-12 09:05:00
1660295100502969000,87.7,3,87.7,30,88.0,3,2,2022-08-12 09:05:00
1660295100505747000,87.7,2,87.7,28,88.0,3,2,2022-08-12 09:05:00
1660295100510411000,87.7,6,87.7,22,88.0,3,2,2022-08-12 09:05:00
1660295100618277000,87.8,1,87.7,22,87.8,1,2,2022-08-12 09:05:00
1660295100659068000,87.7,5,87.7,17,87.8,1,2,2022-08-12 09:05:00
1660295100789096000,87.7,3,87.7,14,87.8,6,2,2022-08-12 09:05:00
1660295100850282000,87.7,2,87.7,15,87.8,6,2,2022-08-12 09:05:00
1660295100891883000,87.7,1,87.7,12,87.8,6,2,2022-08-12 09:05:00
1660295100976004000,87.8,1,87.7,12,87.8,5,1,2022-08-12 09:05:00
1660295101111674000,87.7,1,87.7,11,87.8,7,2,2022-08-12 09:05:01
1660295101724913000,87.7,11,87.6,22,87.8,8,2,2022-08-12 09:05:01
1660295102275498000,87.6,14,87.6,8,87.8,5,2,2022-08-12 09:05:02
1660295102285422000,87.6,5,87.6,3,87.8,5,2,2022-08-12 09:05:02
1660295102286884000,87.6,1,87.6,2,87.8,5,2,2022-08-12 09:05:02
1660295102288374000,87.6,2,87.5,21,87.7,5,2,2022-08-12 09:05:02
1660295102559350000,87.7,1,87.5,21,87.7,19,1,2022-08-12 09:05:02
1660295102824030000,87.7,1,87.5,21,87.7,20,1,2022-08-12 09:05:02
1660295102949001000,87.7,3,87.5,21,87.7,16,1,2022-08-12 09:05:02
1660295103172856000,87.5,1,87.5,21,87.7,17,2,2022-08-12 09:05:03
1660295103559086000,87.6,1,87.5,20,87.6,4,1,2022-08-12 09:05:03
1660295103569378000,87.5,10,87.5,10,87.6,4,2,2022-08-12 09:05:03
1660295103601998000,87.5,10,87.4,21,87.6,6,2,2022-08-12 09:05:03
1660295103684159000,87.4,5,87.4,15,87.5,13,2,2022-08-12 09:05:03
1660295103752376000,87.4,1,87.4,14,87.5,13,2,2022-08-12 09:05:03
1660295103780876000,87.4,14,87.3,13,87.5,13,2,2022-08-12 09:05:03
1660295103879705000,87.3,3,87.3,10,87.5,13,2,2022-08-12 09:05:03
1660295103881846000,87.5,3,87.4,20,87.5,13,1,2022-08-12 09:05:03
1660295103909276000,87.3,1,87.3,9,87.5,10,2,2022-08-12 09:05:03
1660295103956055000,87.4,1,87.3,9,87.5,10,1,2022-08-12 09:05:03
1660295104006976000,87.3,6,87.3,3,87.5,10,2,2022-08-12 09:05:04
1660295104051506000,87.3,1,87.3,2,87.4,1,2,2022-08-12 09:05:04
1660295104120235000,87.3,2,87.2,7,87.4,1,2,2022-08-12 09:05:04
1660295104401549000,87.3,1,87.2,7,87.3,7,1,2022-08-12 09:05:04
1660295104464108000,87.2,1,87.2,6,87.3,7,2,2022-08-12 09:05:04
1660295104491183000,87.2,6,87.1,8,87.3,7,2,2022-08-12 09:05:04
1660295104509030000,87.3,6,87.1,8,87.3,1,1,2022-08-12 09:05:04
1660295105032940000,87.1,2,87.1,6,87.3,2,2,2022-08-12 09:05:05
1660295105329307000,87.3,1,87.1,6,87.3,1,1,2022-08-12 09:05:05
1660295105379248000,87.3,1,87.1,8,87.3,2,1,2022-08-12 09:05:05
1660295105715242000,87.3,1,87.1,7,87.3,3,1,2022-08-12 09:05:05
1660295105808666000,87.3,3,87.1,7,87.4,5,1,2022-08-12 09:05:05
1660295105808666000,87.4,1,87.1,7,87.4,5,1,2022-08-12 09:05:05
1660295106349017000,87.4,1,87.1,7,87.6,1,1,2022-08-12 09:05:06
1660295106349017000,87.6,1,87.1,7,87.6,1,1,2022-08-12 09:05:06
1660295107704076000,87.2,1,87.2,1,87.5,1,2,2022-08-12 09:05:07
1660295107777049000,87.5,1,87.2,1,87.6,1,1,2022-08-12 09:05:07
1660295107867426000,87.2,1,87.2,7,87.6,1,2,2022-08-12 09:05:07
1660295108109570000,87.5,4,87.2,6,87.6,2,2,2022-08-12 09:05:08
1660295108602499000,87.4,1,87.2,6,87.6,2,1,2022-08-12 09:05:08
1660295108704064000,87.6,2,87.1,9,87.7,2,1,2022-08-12 09:05:08
1660295108704064000,87.7,4,87.1,9,87.7,2,1,2022-08-12 09:05:08
1660295109079202000,87.6,1,87.2,9,87.6,3,1,2022-08-12 09:05:09
1660295110275630000,87.3,1,87.3,1,87.6,4,2,2022-08-12 09:05:10
1660295110482211000,87.2,3,87.2,3,87.5,1,2,2022-08-12 09:05:10
1660295110690730000,87.2,3,87.1,10,87.5,3,2,2022-08-12 09:05:10
1660295110710467000,87.5,2,87.1,10,87.5,1,1,2022-08-12 09:05:10
1660295110886313000,87.1,1,87.1,10,87.5,1,2,2022-08-12 09:05:10
1660295110999060000,87.5,1,87.1,9,87.7,1,1,2022-08-12 09:05:10
1660295110999060000,87.6,3,87.1,9,87.7,1,1,2022-08-12 09:05:10
1660295110999060000,87.7,3,87.1,9,87.7,1,1,2022-08-12 09:05:10
1660295111130463000,87.6,2,87.3,3,87.7,1,2,2022-08-12 09:05:11
1660295111765050000,87.5,1,87.3,3,87.7,2,2,2022-08-12 09:05:11
1660295112338385000,87.7,1,87.3,4,87.7,4,1,2022-08-12 09:05:12
1660295114126034000,87.3,1,87.3,1,87.6,5,2,2022-08-12 09:05:14
1660295114193000000,87.3,1,87.2,4,87.5,4,2,2022-08-12 09:05:14
1660295117197982000,87.5,2,87.2,17,87.5,6,1,2022-08-12 09:05:17
1660295117235200000,87.5,2,87.2,17,87.5,4,1,2022-08-12 09:05:17
1660295117894863000,87.3,1,87.2,19,87.5,3,1,2022-08-12 09:05:17
1660295117894863000,87.5,1,87.2,19,87.5,3,1,2022-08-12 09:05:17
1660295119193984000,87.4,10,87.3,3,87.5,4,2,2022-08-12 09:05:19
1660295120457100000,87.4,1,87.3,8,87.5,5,2,2022-08-12 09:05:20
1660295121194919000,87.4,1,87.3,8,87.4,3,2,2022-08-12 09:05:21
1660295121268552000,87.3,8,87.2,22,87.4,3,2,2022-08-12 09:05:21
1660295121354391000,87.4,1,87.2,22,87.4,2,1,2022-08-12 09:05:21
1660295122445118000,87.5,1,87.3,1,87.5,5,1,2022-08-12 09:05:22
1660295122558937000,87.5,1,87.3,2,87.5,4,1,2022-08-12 09:05:22
1660295123457386000,87.3,2,87.2,62,87.5,5,2,2022-08-12 09:05:23
1660295124148049000,87.3,1,87.3,1,87.5,7,2,2022-08-12 09:05:24
1660295124153921000,87.5,2,87.3,1,87.5,5,1,2022-08-12 09:05:24
1660295124225159000,87.4,2,87.3,1,87.5,7,2,2022-08-12 09:05:24
1660295124276155000,87.3,1,87.2,62,87.5,7,2,2022-08-12 09:05:24
1660295124619501000,87.4,1,87.3,5,87.4,14,1,2022-08-12 09:05:24
1660295125824005000,87.4,1,87.3,6,87.4,16,1,2022-08-12 09:05:25
1660295126000346000,87.3,6,87.2,64,87.4,15,2,2022-08-12 09:05:26
1660295126000346000,87.2,4,87.2,64,87.4,15,2,2022-08-12 09:05:26
1660295126041842000,87.3,1,87.2,64,87.4,15,2,2022-08-12 09:05:26
1660295127631594000,87.4,1,87.3,1,87.4,14,1,2022-08-12 09:05:27
1660295127819502000,87.4,1,87.3,2,87.4,15,1,2022-08-12 09:05:27
1660295127911260000,87.3,1,87.3,1,87.4,14,2,2022-08-12 09:05:27
1660295127956423000,87.3,1,87.2,61,87.4,14,2,2022-08-12 09:05:27
1660295128111154000,87.3,1,87.2,61,87.4,12,1,2022-08-12 09:05:28
1660295128111154000,87.4,2,87.2,61,87.4,12,1,2022-08-12 09:05:28
1660295130806899000,87.3,1,87.2,61,87.3,25,1,2022-08-12 09:05:30
1660295131100709000,87.2,1,87.2,60,87.3,24,2,2022-08-12 09:05:31
1660295132239273000,87.2,60,87.1,8,87.3,31,2,2022-08-12 09:05:32
1660295132272490000,87.1,7,87.0,21,87.2,2,2,2022-08-12 09:05:32
1660295132681436000,87.2,1,87.0,21,87.2,2,1,2022-08-12 09:05:32
1660295133723310000,87.2,2,87.0,21,87.2,5,1,2022-08-12 09:05:33
1660295136195994000,87.0,1,87.0,20,87.1,7,2,2022-08-12 09:05:36
1660295136549717000,87.0,4,87.0,16,87.1,12,2,2022-08-12 09:05:36
1660295137246229000,87.0,2,87.0,14,87.1,12,2,2022-08-12 09:05:37
1660295137347528000,87.1,5,87.0,14,87.1,7,1,2022-08-12 09:05:37
1660295137385223000,87.0,1,87.0,13,87.1,9,2,2022-08-12 09:05:37
1660295137558157000,87.0,1,87.0,12,87.1,9,2,2022-08-12 09:05:37
1660295137607323000,87.0,1,87.0,11,87.1,9,2,2022-08-12 09:05:37
1660295137630234000,87.0,11,86.9,6,87.1,9,2,2022-08-12 09:05:37
1660295137723200000,87.0,1,86.9,6,87.1,12,1,2022-08-12 09:05:37
1660295137827390000,87.0,2,86.9,6,87.0,5,1,2022-08-12 09:05:37
1660295138016722000,87.0,2,86.9,6,87.0,1,1,2022-08-12 09:05:38
1660295138559009000,86.9,1,86.9,5,87.0,12,2,2022-08-12 09:05:38
1660295138659049000,86.9,5,86.8,16,86.9,5,2,2022-08-12 09:05:38
1660295139895481000,86.8,1,86.8,15,86.9,9,2,2022-08-12 09:05:39
1660295140165839000,86.8,1,86.8,14,86.9,10,2,2022-08-12 09:05:40
1660295140167837000,86.8,1,86.8,13,86.9,10,2,2022-08-12 09:05:40
1660295140181355000,86.8,1,86.8,15,86.9,10,2,2022-08-12 09:05:40
1660295140849241000,86.8,5,86.8,12,86.9,10,2,2022-08-12 09:05:40
1660295140885563000,86.8,1,86.8,6,86.9,10,2,2022-08-12 09:05:40
1660295141918951000,86.8,5,86.8,1,86.9,10,2,2022-08-12 09:05:41
1660295141955293000,86.8,1,86.7,6,86.9,10,2,2022-08-12 09:05:41
1660295141990042000,86.9,1,86.7,6,86.9,9,1,2022-08-12 09:05:41
1660295142180039000,86.7,2,86.7,5,86.8,1,2,2022-08-12 09:05:42
1660295142212941000,86.7,1,86.7,4,86.8,1,2,2022-08-12 09:05:42
1660295142275806000,86.7,1,86.7,7,86.8,1,2,2022-08-12 09:05:42
1660295142486390000,86.8,1,86.7,3,86.9,8,1,2022-08-12 09:05:42
1660295142486390000,86.9,1,86.7,3,86.9,8,1,2022-08-12 09:05:42
1660295143268115000,86.9,1,86.7,3,86.9,8,1,2022-08-12 09:05:43
1660295145651060000,86.9,1,86.8,1,86.9,13,1,2022-08-12 09:05:45
1660295145877849000,86.9,5,86.8,1,86.9,14,1,2022-08-12 09:05:45
1660295146063067000,86.8,1,86.7,1,86.9,8,2,2022-08-12 09:05:46
1660295146063067000,86.7,2,86.7,1,86.9,8,2,2022-08-12 09:05:46
1660295146206033000,86.7,1,86.6,3,86.9,8,2,2022-08-12 09:05:46
1660295146208617000,86.9,1,86.6,3,86.9,7,1,2022-08-12 09:05:46
1660295146945649000,86.6,1,86.6,2,86.9,5,2,2022-08-12 09:05:46
1660295147028005000,86.6,1,86.6,1,86.9,10,2,2022-08-12 09:05:47
1660295147230821000,86.9,6,86.8,1,86.9,10,1,2022-08-12 09:05:47
1660295147948688000,86.9,1,86.8,2,86.9,3,1,2022-08-12 09:05:47
1660295148647563000,86.9,1,86.8,2,86.9,2,1,2022-08-12 09:05:48
1660295149624672000,86.9,1,86.8,2,86.9,1,1,2022-08-12 09:05:49
1660295149929837000,86.9,1,86.8,2,87.0,11,1,2022-08-12 09:05:49
1660295150196380000,86.9,1,86.9,1,87.0,13,2,2022-08-12 09:05:50
1660295150375573000,86.8,1,86.8,1,87.0,13,2,2022-08-12 09:05:50
1660295150756278000,87.0,10,86.9,1,87.0,3,1,2022-08-12 09:05:50
1660295151290906000,87.0,3,86.9,4,87.0,3,1,2022-08-12 09:05:51
1660295151838764000,86.9,1,86.9,3,87.1,4,2,2022-08-12 09:05:51
1660295152376446000,86.9,1,86.9,2,87.1,4,2,2022-08-12 09:05:52
1660295152554497000,86.9,2,86.8,2,87.1,4,2,2022-08-12 09:05:52
1660295153152230000,86.8,1,86.8,4,87.1,4,2,2022-08-12 09:05:53
1660295155238749000,87.0,2,86.9,2,87.0,1,1,2022-08-12 09:05:55
1660295155286049000,87.0,1,86.9,2,87.1,4,1,2022-08-12 09:05:55
1660295156123442000,86.9,1,86.9,7,87.1,4,2,2022-08-12 09:05:56
1660295156127578000,87.1,4,86.9,7,87.2,5,1,2022-08-12 09:05:56
1660295156127578000,87.2,1,86.9,7,87.2,5,1,2022-08-12 09:05:56
1660295156189076000,87.0,1,86.9,7,87.0,1,1,2022-08-12 09:05:56
1660295156501225000,87.2,2,86.9,7,87.2,4,1,2022-08-12 09:05:56
1660295158446737000,87.0,1,87.0,4,87.1,3,2,2022-08-12 09:05:58
1660295159039485000,87.1,1,87.0,7,87.1,2,1,2022-08-12 09:05:59
1660295160572592000,87.0,1,87.0,7,87.1,2,2,2022-08-12 09:06:00
1660295160702498000,87.1,1,87.0,7,87.1,1,1,2022-08-12 09:06:00
1660295161465100000,87.1,1,87.0,13,87.1,2,1,2022-08-12 09:06:01
1660295161694062000,87.1,1,87.0,13,87.1,1,1,2022-08-12 09:06:01
1660295163140126000,87.1,1,87.0,15,87.1,5,1,2022-08-12 09:06:03
1660295163752115000,87.0,10,87.0,5,87.1,5,2,2022-08-12 09:06:03
1660295163878460000,87.0,1,87.0,5,87.1,5,2,2022-08-12 09:06:03
1660295163879912000,87.1,2,87.0,5,87.1,3,1,2022-08-12 09:06:03
1660295163910241000,87.1,1,87.0,5,87.1,2,1,2022-08-12 09:06:03
1660295166526418000,87.1,2,87.0,18,87.1,2,1,2022-08-12 09:06:06
1660295167095897000,87.0,1,87.0,17,87.1,3,2,2022-08-12 09:06:07
1660295167194955000,87.0,1,87.0,16,87.1,3,2,2022-08-12 09:06:07
1660295167410190000,87.1,2,87.0,16,87.1,1,1,2022-08-12 09:06:07
1660295168549233000,87.1,1,87.0,16,87.2,8,1,2022-08-12 09:06:08
1660295168837089000,87.1,1,87.0,16,87.1,2,1,2022-08-12 09:06:08
1660295169040488000,87.1,3,87.0,16,87.1,1,1,2022-08-12 09:06:09
1660295169247199000,87.1,1,87.0,16,87.2,8,1,2022-08-12 09:06:09
1660295169930731000,87.1,1,87.1,1,87.2,8,2,2022-08-12 09:06:09
1660295169959979000,87.1,1,87.0,16,87.2,8,2,2022-08-12 09:06:09
1660295170703904000,87.0,5,87.0,16,87.1,3,2,2022-08-12 09:06:10
1660295171153915000,87.1,1,87.0,11,87.1,2,1,2022-08-12 09:06:11
1660295171184202000,87.1,2,87.0,11,87.2,9,1,2022-08-12 09:06:11
1660295172999341000,87.1,1,87.0,12,87.2,10,2,2022-08-12 09:06:12
1660295173362391000,87.0,13,86.9,9,87.0,12,2,2022-08-12 09:06:13
1660295174045719000,87.0,1,86.9,10,87.0,11,1,2022-08-12 09:06:14
1660295174362546000,87.0,1,86.9,10,87.0,13,1,2022-08-12 09:06:14
1660295176392517000,86.9,10,86.8,18,87.0,32,2,2022-08-12 09:06:16
1660295177741171000,86.8,12,86.8,5,86.9,5,2,2022-08-12 09:06:17
1660295177774645000,86.8,1,86.8,4,86.9,5,2,2022-08-12 09:06:17
1660295177775195000,86.8,4,86.7,8,86.9,5,2,2022-08-12 09:06:17
1660295178603782000,86.8,1,86.7,8,86.8,1,1,2022-08-12 09:06:18
1660295178709314000,86.8,1,86.7,3,86.8,1,1,2022-08-12 09:06:18
1660295178709314000,86.9,2,86.7,3,86.8,1,1,2022-08-12 09:06:18
1660295180146178000,86.8,1,86.7,3,86.9,3,1,2022-08-12 09:06:20
1660295180817107000,86.8,1,86.7,3,86.9,3,2,2022-08-12 09:06:20
1660295180847774000,86.7,3,86.8,1,86.9,3,2,2022-08-12 09:06:20
1660295181640507000,86.7,1,86.6,5,86.9,3,2,2022-08-12 09:06:21
1660295182813019000,86.6,1,86.6,4,86.8,1,2,2022-08-12 09:06:22
1660295182846737000,86.8,1,86.6,4,87.0,48,1,2022-08-12 09:06:22
1660295182846737000,86.9,4,86.6,4,87.0,48,1,2022-08-12 09:06:22
1660295182912955000,86.6,5,86.5,15,86.7,1,2,2022-08-12 09:06:22
1660295182936996000,86.7,1,86.5,15,87.0,48,1,2022-08-12 09:06:22
1660295182957710000,86.6,1,86.5,15,87.0,48,1,2022-08-12 09:06:22
1660295184264486000,86.5,1,86.5,13,87.0,48,2,2022-08-12 09:06:24
1660295187473774000,86.7,1,86.6,1,86.7,1,1,2022-08-12 09:06:27
1660295187848490000,86.6,1,86.6,2,86.7,3,2,2022-08-12 09:06:27
1660295187861991000,86.6,1,86.5,9,86.7,3,2,2022-08-12 09:06:27
1660295187861991000,86.5,4,86.5,9,86.7,3,2,2022-08-12 09:06:27
1660295188087852000,86.6,1,86.5,9,86.6,1,2,2022-08-12 09:06:28
1660295188119582000,86.5,9,86.4,8,86.6,1,2,2022-08-12 09:06:28
1660295188846325000,86.5,1,86.4,14,86.6,1,1,2022-08-12 09:06:28
1660295189170641000,86.4,1,86.4,13,86.6,1,2,2022-08-12 09:06:29
1660295191806436000,86.5,1,86.4,14,86.5,1,1,2022-08-12 09:06:31
1660295191822892000,86.5,1,86.4,14,86.6,1,1,2022-08-12 09:06:31
1660295192020366000,86.4,1,86.4,13,86.6,1,2,2022-08-12 09:06:32
1660295192046716000,86.6,1,86.4,13,86.8,1,1,2022-08-12 09:06:32
1660295192046716000,86.7,3,86.4,13,86.8,1,1,2022-08-12 09:06:32
1660295192046716000,86.8,1,86.4,13,86.8,1,1,2022-08-12 09:06:32
1660295193081450000,86.5,1,86.5,2,86.6,1,2,2022-08-12 09:06:33
1660295193762100000,86.5,1,86.4,13,86.6,1,2,2022-08-12 09:06:33
1660295193762100000,86.4,2,86.4,13,86.6,1,2,2022-08-12 09:06:33
1660295193836844000,86.5,1,86.4,18,86.5,1,1,2022-08-12 09:06:33
1660295194020276000,86.5,1,86.4,18,86.6,1,1,2022-08-12 09:06:34
1660295194687248000,86.6,1,86.5,5,86.8,3,1,2022-08-12 09:06:34
1660295195052227000,86.5,2,86.5,5,86.8,3,2,2022-08-12 09:06:35
1660295195181122000,86.5,1,86.5,4,86.8,3,2,2022-08-12 09:06:35
1660295195373196000,86.6,1,86.5,4,86.8,3,2,2022-08-12 09:06:35
1660295196501571000,86.7,1,86.6,1,86.7,2,1,2022-08-12 09:06:36
1660295200443613000,86.6,1,86.6,6,86.7,16,2,2022-08-12 09:06:40
1660295202158694000,86.7,1,86.6,12,86.7,15,1,2022-08-12 09:06:42
1660295202171888000,86.6,5,86.6,7,86.7,15,2,2022-08-12 09:06:42
1660295202203858000,86.6,1,86.6,6,86.7,15,2,2022-08-12 09:06:42
1660295202204543000,86.6,1,86.6,5,86.7,15,2,2022-08-12 09:06:42
1660295203097485000,86.6,1,86.6,5,86.7,15,2,2022-08-12 09:06:43
1660295203097812000,86.6,1,86.6,4,86.7,15,2,2022-08-12 09:06:43
1660295203098049000,86.6,1,86.6,3,86.7,15,2,2022-08-12 09:06:43
1660295203098261000,86.6,1,86.6,2,86.7,15,2,2022-08-12 09:06:43
1660295203098532000,86.6,1,86.6,6,86.7,15,2,2022-08-12 09:06:43
1660295203929254000,86.6,1,86.5,18,86.6,19,2,2022-08-12 09:06:43
1660295205043109000,86.6,1,86.5,21,86.6,23,1,2022-08-12 09:06:45
1660295205114830000,86.6,1,86.5,31,86.6,22,1,2022-08-12 09:06:45
1660295205345260000,86.6,6,86.5,33,86.6,23,1,2022-08-12 09:06:45
1660295205405114000,86.5,1,86.5,32,86.6,17,2,2022-08-12 09:06:45
1660295205407330000,86.5,1,86.5,31,86.6,17,2,2022-08-12 09:06:45
1660295206060386000,86.6,18,86.6,2,86.7,11,1,2022-08-12 09:06:46
1660295206094411000,86.6,1,86.6,2,86.7,11,2,2022-08-12 09:06:46
1660295206274714000,86.6,2,86.6,3,86.7,11,2,2022-08-12 09:06:46
1660295207163429000,86.7,1,86.5,35,86.7,10,1,2022-08-12 09:06:47
1660295207665160000,86.6,1,86.5,35,86.7,10,2,2022-08-12 09:06:47
1660295208029221000,86.5,2,86.5,33,86.7,10,2,2022-08-12 09:06:48
1660295209165210000,86.6,1,86.5,34,86.6,2,1,2022-08-12 09:06:49
1660295209451691000,86.6,2,86.5,34,86.7,10,1,2022-08-12 09:06:49
1660295209607114000,86.6,1,86.5,34,86.7,10,1,2022-08-12 09:06:49
1660295209962229000,86.5,1,86.5,33,86.7,10,2,2022-08-12 09:06:49
1660295210320135000,86.7,1,86.5,33,86.7,9,1,2022-08-12 09:06:50
1660295211143602000,86.6,1,86.6,6,86.7,8,2,2022-08-12 09:06:51
1660295211456031000,86.6,2,86.6,6,86.7,8,2,2022-08-12 09:06:51
1660295212176989000,86.6,1,86.6,6,86.7,8,2,2022-08-12 09:06:52
1660295218980160000,86.6,1,86.6,21,86.7,10,2,2022-08-12 09:06:58
1660295218997576000,86.7,5,86.6,21,86.7,5,1,2022-08-12 09:06:58
1660295219030460000,86.7,5,86.6,21,86.8,8,1,2022-08-12 09:06:59
1660295219241511000,86.6,1,86.6,20,86.8,8,2,2022-08-12 09:06:59
1660295220174217000,86.6,2,86.6,19,86.8,13,2,2022-08-12 09:07:00
1660295221186479000,86.7,1,86.7,5,86.8,13,2,2022-08-12 09:07:01
1660295222304624000,86.7,1,86.7,5,86.8,13,2,2022-08-12 09:07:02
1660295223256627000,86.7,1,86.7,4,86.8,13,2,2022-08-12 09:07:03
1660295223506345000,86.7,4,86.6,23,86.8,13,2,2022-08-12 09:07:03
1660295225061176000,86.6,1,86.6,23,86.7,2,2,2022-08-12 09:07:05
1660295226257405000,86.7,1,86.6,25,86.7,1,1,2022-08-12 09:07:06
1660295226284488000,86.6,7,86.6,25,86.7,1,2,2022-08-12 09:07:06
1660295226429997000,86.7,1,86.6,18,86.8,15,1,2022-08-12 09:07:06
1660295227756566000,86.6,1,86.6,18,86.8,15,2,2022-08-12 09:07:07
1660295228806834000,86.7,1,86.6,17,86.8,15,2,2022-08-12 09:07:08
1660295228806834000,86.6,1,86.6,17,86.8,15,2,2022-08-12 09:07:08
1660295230898390000,86.7,1,86.6,17,86.8,15,2,2022-08-12 09:07:10
1660295233084249000,86.6,1,86.6,17,86.7,2,2,2022-08-12 09:07:13
1660295234640912000,86.7,4,86.7,1,86.8,16,1,2022-08-12 09:07:14
1660295236365544000,86.7,1,86.7,6,86.8,16,2,2022-08-12 09:07:16
1660295236682831000,86.7,1,86.7,5,86.8,16,2,2022-08-12 09:07:16
1660295238276381000,86.8,2,86.7,5,86.8,14,1,2022-08-12 09:07:18
1660295238333460000,86.8,5,86.7,5,86.8,15,1,2022-08-12 09:07:18
1660295240044622000,86.7,3,86.7,2,86.8,10,2,2022-08-12 09:07:20
1660295240679534000,86.7,2,86.6,25,86.8,10,2,2022-08-12 09:07:20
1660295240891162000,86.8,1,86.6,25,86.8,9,1,2022-08-12 09:07:20
1660295243915538000,86.7,3,86.6,25,86.7,1,1,2022-08-12 09:07:23
1660295244375568000,86.6,5,86.6,20,86.7,1,2,2022-08-12 09:07:24
1660295244600776000,86.7,1,86.6,20,86.8,9,1,2022-08-12 09:07:24
1660295245472236000,86.8,2,86.7,1,86.8,7,1,2022-08-12 09:07:25
1660295248443068000,86.8,2,86.7,3,86.8,5,1,2022-08-12 09:07:28
1660295250214942000,86.8,2,86.7,3,86.8,3,1,2022-08-12 09:07:30
1660295251206456000,86.7,1,86.7,2,86.8,3,2,2022-08-12 09:07:31
1660295251829804000,86.8,2,86.7,5,86.8,3,1,2022-08-12 09:07:31
1660295252578811000,86.7,1,86.7,7,86.8,1,2,2022-08-12 09:07:32
1660295252843598000,86.7,1,86.7,7,86.8,1,2,2022-08-12 09:07:32
1660295253008948000,86.8,1,86.7,6,86.9,6,1,2022-08-12 09:07:33
1660295254195567000,86.8,1,86.7,7,86.8,2,1,2022-08-12 09:07:34
1660295254265266000,86.8,2,86.8,13,86.9,6,1,2022-08-12 09:07:34
1660295257160492000,86.8,1,86.8,14,86.9,8,2,2022-08-12 09:07:37
1660295258103476000,86.8,8,86.8,6,86.9,23,2,2022-08-12 09:07:38
1660295258103538000,86.8,6,86.7,7,86.9,23,2,2022-08-12 09:07:38
1660295260650308000,86.7,7,86.6,19,86.8,2,2,2022-08-12 09:07:40
1660295262051602000,86.8,1,86.6,19,86.8,4,1,2022-08-12 09:07:42
1660295262267862000,86.8,2,86.6,19,86.8,5,1,2022-08-12 09:07:42
1660295263281152000,86.7,1,86.6,17,86.8,3,1,2022-08-12 09:07:43
1660295263672875000,86.7,1,86.6,17,86.8,3,1,2022-08-12 09:07:43
1660295264443304000,86.7,1,86.6,17,86.8,3,2,2022-08-12 09:07:44
1660295264566086000,86.6,4,86.6,12,86.7,1,2,2022-08-12 09:07:44
1660295265128548000,86.6,1,86.6,11,86.7,1,2,2022-08-12 09:07:45
1660295266156911000,86.7,1,86.6,11,86.7,1,1,2022-08-12 09:07:46
1660295266156911000,86.8,1,86.6,11,86.7,1,1,2022-08-12 09:07:46
1660295268660785000,86.8,4,86.6,11,86.8,5,1,2022-08-12 09:07:48
1660295273758111000,86.8,1,86.7,4,86.8,6,1,2022-08-12 09:07:53
1660295275780396000,86.7,5,86.6,28,86.8,10,2,2022-08-12 09:07:55
1660295276168640000,86.8,1,86.6,28,86.8,9,1,2022-08-12 09:07:56
1660295276325083000,86.8,1,86.6,28,86.8,8,1,2022-08-12 09:07:56
1660295276453432000,86.8,1,86.6,28,86.8,7,1,2022-08-12 09:07:56
1660295277755879000,86.8,1,86.7,1,86.8,9,1,2022-08-12 09:07:57
1660295278659682000,86.8,1,86.7,5,86.8,9,1,2022-08-12 09:07:58
1660295279009400000,86.8,2,86.7,5,86.8,7,1,2022-08-12 09:07:59
1660295280671536000,86.8,1,86.7,7,86.8,8,1,2022-08-12 09:08:00
1660295280860864000,86.7,3,86.7,4,86.8,7,2,2022-08-12 09:08:00
1660295280916888000,86.7,3,86.7,1,86.8,7,2,2022-08-12 09:08:00
1660295280974938000,86.7,1,86.6,31,86.7,2,2,2022-08-12 09:08:00
1660295281116754000,86.7,3,86.6,31,86.7,3,1,2022-08-12 09:08:01
1660295281116754000,86.8,7,86.6,31,86.7,3,1,2022-08-12 09:08:01
1660295282834331000,86.8,1,86.7,10,86.8,1,1,2022-08-12 09:08:02
1660295283842246000,86.7,10,86.7,1,86.8,10,2,2022-08-12 09:08:03
1660295283877172000,86.7,1,86.6,29,86.8,10,2,2022-08-12 09:08:03
1660295285069638000,86.7,1,86.6,29,86.8,11,1,2022-08-12 09:08:05
1660295287884085000,86.7,1,86.6,29,86.8,12,1,2022-08-12 09:08:07
1660295289805024000,86.7,1,86.6,29,86.8,12,2,2022-08-12 09:08:09
1660295289866025000,86.8,2,86.6,29,86.8,10,1,2022-08-12 09:08:09
1660295292274290000,86.8,5,86.7,6,86.8,5,1,2022-08-12 09:08:12
1660295292485982000,86.7,1,86.7,5,86.8,5,2,2022-08-12 09:08:12
1660295295375403000,86.7,6,86.7,6,86.8,8,2,2022-08-12 09:08:15
1660295296834939000,86.7,4,86.7,3,86.8,8,2,2022-08-12 09:08:16
1660295296878939000,86.7,1,86.7,2,86.8,8,2,2022-08-12 09:08:16
1660295296902620000,86.7,1,86.7,1,86.8,8,2,2022-08-12 09:08:16
1660295296936137000,86.7,1,86.6,31,86.8,8,2,2022-08-12 09:08:16
1660295298992425000,86.7,1,86.7,3,86.8,8,2,2022-08-12 09:08:18
1660295299019297000,86.7,3,86.6,32,86.8,8,2,2022-08-12 09:08:19
1660295300295998000,86.8,9,86.7,1,86.9,21,1,2022-08-12 09:08:20
1660295300295998000,86.9,1,86.7,1,86.9,21,1,2022-08-12 09:08:20
1660295302531516000,86.9,1,86.7,9,86.9,19,1,2022-08-12 09:08:22
1660295305037294000,86.9,2,86.7,13,86.9,17,1,2022-08-12 09:08:25
1660295307431476000,86.7,1,86.7,13,86.9,17,2,2022-08-12 09:08:27
1660295307865404000,86.8,1,86.7,13,86.9,17,2,2022-08-12 09:08:27
1660295314307222000,86.9,1,86.8,14,86.9,18,1,2022-08-12 09:08:34
1660295315406167000,86.8,2,86.8,12,86.9,17,2,2022-08-12 09:08:35
1660295315608006000,86.8,2,86.8,10,86.9,17,2,2022-08-12 09:08:35
1660295316684138000,86.9,2,86.8,11,86.9,15,1,2022-08-12 09:08:36
1660295317266455000,86.8,3,86.8,8,86.9,15,2,2022-08-12 09:08:37
1660295317820615000,86.9,1,86.8,8,86.9,14,1,2022-08-12 09:08:37
1660295318573805000,86.8,2,86.8,6,86.9,14,2,2022-08-12 09:08:38
1660295319081174000,86.9,1,86.8,6,86.9,13,1,2022-08-12 09:08:39
1660295320004290000,86.9,3,86.8,7,86.9,10,1,2022-08-12 09:08:40
1660295321034354000,86.9,1,86.8,9,86.9,9,1,2022-08-12 09:08:41
1660295321122996000,86.9,1,86.8,9,86.9,8,1,2022-08-12 09:08:41
1660295321570071000,86.9,1,86.8,11,86.9,7,1,2022-08-12 09:08:41
1660295321872600000,86.9,2,86.8,12,86.9,5,1,2022-08-12 09:08:41
1660295322414350000,86.9,5,86.8,12,87.0,60,1,2022-08-12 09:08:42
1660295323419593000,87.0,12,86.9,6,87.0,48,1,2022-08-12 09:08:43
1660295323458467000,87.0,1,86.9,6,87.0,49,1,2022-08-12 09:08:43
1660295324443845000,87.0,2,86.9,9,87.0,48,1,2022-08-12 09:08:44
1660295325569970000,86.9,3,86.9,7,87.0,46,2,2022-08-12 09:08:45
1660295325603485000,87.0,1,86.9,7,87.0,45,1,2022-08-12 09:08:45
1660295326041401000,87.0,1,86.9,7,87.0,44,1,2022-08-12 09:08:46
1660295326052480000,87.0,11,86.9,7,87.0,33,1,2022-08-12 09:08:46
1660295326846753000,87.0,4,86.9,17,87.0,29,1,2022-08-12 09:08:46
1660295326881720000,87.0,4,86.9,17,87.0,25,1,2022-08-12 09:08:46
1660295326924484000,87.0,6,86.9,17,87.0,19,1,2022-08-12 09:08:46
1660295326958902000,87.0,6,86.9,17,87.0,13,1,2022-08-12 09:08:46
1660295326989341000,87.0,6,86.9,17,87.0,7,1,2022-08-12 09:08:46
1660295327040127000,87.0,7,86.9,17,87.1,6,1,2022-08-12 09:08:47
1660295327274195000,87.1,1,86.9,19,87.1,5,1,2022-08-12 09:08:47
1660295327319039000,87.1,4,86.9,19,87.1,1,1,2022-08-12 09:08:47
1660295328073874000,87.1,1,87.0,4,87.2,12,1,2022-08-12 09:08:48
1660295328214456000,87.0,1,87.0,8,87.2,13,2,2022-08-12 09:08:48
1660295328338165000,87.2,2,87.0,8,87.2,11,1,2022-08-12 09:08:48
1660295328388691000,87.2,1,87.0,9,87.2,13,1,2022-08-12 09:08:48
1660295328522583000,87.2,2,87.0,8,87.2,8,1,2022-08-12 09:08:48
1660295329559643000,87.1,2,87.0,11,87.2,8,1,2022-08-12 09:08:49
1660295329834503000,87.2,1,87.0,11,87.2,9,1,2022-08-12 09:08:49
1660295330823546000,87.2,1,87.0,13,87.2,8,1,2022-08-12 09:08:50
1660295331008604000,87.2,1,87.0,13,87.2,7,1,2022-08-12 09:08:51
1660295332362326000,87.2,1,87.1,1,87.2,8,1,2022-08-12 09:08:52
1660295332905216000,87.2,5,87.1,1,87.2,3,1,2022-08-12 09:08:52
1660295333351650000,87.1,1,87.1,1,87.2,4,2,2022-08-12 09:08:53
1660295333878528000,87.1,1,87.0,9,87.2,4,2,2022-08-12 09:08:53
1660295334078489000,87.2,1,87.1,1,87.2,3,1,2022-08-12 09:08:54
1660295334240941000,87.2,1,87.1,1,87.2,2,1,2022-08-12 09:08:54
1660295334377618000,87.2,2,87.1,1,87.2,3,1,2022-08-12 09:08:54
1660295335147767000,87.2,1,87.1,1,87.2,2,1,2022-08-12 09:08:55
1660295335937818000,87.2,1,87.1,1,87.3,4,1,2022-08-12 09:08:55
1660295336313098000,87.2,1,87.1,1,87.2,5,1,2022-08-12 09:08:56
1660295338013039000,87.1,12,87.0,9,87.2,15,2,2022-08-12 09:08:58
1660295338501314000,87.2,3,87.0,9,87.2,16,1,2022-08-12 09:08:58
1660295339434898000,87.1,4,87.0,11,87.1,2,1,2022-08-12 09:08:59
1660295340631178000,87.1,1,87.0,8,87.1,1,1,2022-08-12 09:09:00
1660295340662272000,87.0,8,86.9,19,87.1,1,2,2022-08-12 09:09:00
1660295341639695000,86.9,1,86.9,18,87.0,6,2,2022-08-12 09:09:01
1660295341650240000,86.9,1,86.9,17,87.0,6,2,2022-08-12 09:09:01
1660295341677735000,86.9,3,86.9,14,87.0,6,2,2022-08-12 09:09:01
1660295341690169000,86.9,5,86.9,9,87.0,6,2,2022-08-12 09:09:01
1660295341693057000,86.9,9,86.8,15,87.0,6,2,2022-08-12 09:09:01
1660295342593424000,86.8,1,86.8,14,86.9,20,2,2022-08-12 09:09:02
1660295342735452000,86.8,12,86.8,2,86.9,23,2,2022-08-12 09:09:02
1660295342763400000,86.8,2,86.7,21,86.9,23,2,2022-08-12 09:09:02
1660295345093950000,86.7,1,86.7,19,86.8,6,2,2022-08-12 09:09:05
1660295345912223000,86.8,2,86.7,19,86.8,4,1,2022-08-12 09:09:05
1660295346649672000,86.8,1,86.7,19,86.8,3,1,2022-08-12 09:09:06
1660295348815461000,86.8,1,86.7,20,86.8,3,1,2022-08-12 09:09:08
1660295353879166000,86.8,1,86.7,22,86.8,1,1,2022-08-12 09:09:13
1660295354378534000,86.7,22,86.6,28,86.8,5,2,2022-08-12 09:09:14
1660295354409051000,86.6,11,86.6,17,86.8,6,2,2022-08-12 09:09:14
1660295354452247000,86.6,17,86.5,54,86.7,3,2,2022-08-12 09:09:14
1660295355919419000,86.6,2,86.5,54,86.6,1,1,2022-08-12 09:09:15
1660295356111475000,86.6,1,86.5,54,86.7,4,1,2022-08-12 09:09:16
1660295356167079000,86.7,3,86.5,52,86.7,1,1,2022-08-12 09:09:16
1660295356807984000,86.6,2,86.5,51,86.6,2,1,2022-08-12 09:09:16
1660295356996082000,86.6,1,86.5,51,86.6,4,1,2022-08-12 09:09:16
1660295357448422000,86.6,1,86.6,1,86.7,1,1,2022-08-12 09:09:17
1660295357487736000,86.6,1,86.5,50,86.7,1,2,2022-08-12 09:09:17
1660295357722025000,86.7,1,86.5,50,86.8,4,1,2022-08-12 09:09:17
1660295357847681000,86.8,1,86.5,50,86.8,3,1,2022-08-12 09:09:17
1660295357942503000,86.6,1,86.5,50,86.8,3,1,2022-08-12 09:09:17
1660295358320175000,86.7,1,86.7,1,86.8,3,2,2022-08-12 09:09:18
1660295359472368000,86.6,1,86.6,2,86.7,1,2,2022-08-12 09:09:19
1660295359735666000,86.6,1,86.5,49,86.6,1,2,2022-08-12 09:09:19
1660295360797260000,86.6,1,86.6,1,86.7,1,1,2022-08-12 09:09:20
1660295361005134000,86.7,1,86.6,1,86.8,1,1,2022-08-12 09:09:21
1660295361005134000,86.8,2,86.6,1,86.8,1,1,2022-08-12 09:09:21
1660295362024467000,86.8,2,86.6,1,86.9,6,1,2022-08-12 09:09:22
1660295362214457000,86.6,1,86.5,49,86.9,6,2,2022-08-12 09:09:22
1660295365951066000,86.8,1,86.6,3,86.8,4,1,2022-08-12 09:09:25
1660295367240925000,86.6,1,86.6,5,86.8,5,2,2022-08-12 09:09:27
1660295369712083000,86.8,10,86.6,11,86.9,9,1,2022-08-12 09:09:29
1660295373616435000,86.8,1,86.7,2,86.8,3,1,2022-08-12 09:09:33
1660295376119089000,86.7,1,86.7,1,86.8,7,2,2022-08-12 09:09:36
1660295376612993000,86.7,5,86.7,1,86.8,7,2,2022-08-12 09:09:36
1660295376699081000,86.7,2,86.6,43,86.8,7,2,2022-08-12 09:09:36
1660295376699081000,86.6,3,86.6,43,86.8,7,2,2022-08-12 09:09:36
1660295380088579000,86.7,1,86.7,2,86.8,14,2,2022-08-12 09:09:40
1660295380705071000,86.7,2,86.6,43,86.8,14,2,2022-08-12 09:09:40
1660295382615763000,86.7,1,86.7,2,86.8,15,2,2022-08-12 09:09:42
1660295382993023000,86.7,1,86.7,2,86.8,15,2,2022-08-12 09:09:42
1660295383667938000,86.8,5,86.7,1,86.8,10,1,2022-08-12 09:09:43
1660295385673072000,86.8,5,86.7,1,86.8,6,1,2022-08-12 09:09:45
1660295386178582000,86.7,1,86.6,46,86.8,6,2,2022-08-12 09:09:46
1660295394175125000,86.7,2,86.7,12,86.8,7,2,2022-08-12 09:09:54
1660295394212454000,86.7,1,86.7,11,86.8,7,2,2022-08-12 09:09:54
1660295396695723000,86.7,1,86.7,16,86.8,7,2,2022-08-12 09:09:56
1660295397828360000,86.7,1,86.7,17,86.8,7,2,2022-08-12 09:09:57
1660295397914990000,86.7,1,86.7,16,86.8,7,2,2022-08-12 09:09:57
1660295398704897000,86.7,10,86.7,6,86.8,8,2,2022-08-12 09:09:58
1660295398741049000,86.7,6,86.6,24,86.8,8,2,2022-08-12 09:09:58
1660295399266366000,86.8,1,86.6,24,86.8,7,1,2022-08-12 09:09:59
1660295403554372000,86.8,2,86.6,24,86.8,7,1,2022-08-12 09:10:03
1660295409031315000,86.7,1,86.7,1,86.8,22,2,2022-08-12 09:10:09
1660295411715532000,86.6,9,86.6,19,86.8,22,2,2022-08-12 09:10:11
1660295413019975000,86.7,1,86.6,19,86.8,21,1,2022-08-12 09:10:13
1660295413019975000,86.8,1,86.6,19,86.8,21,1,2022-08-12 09:10:13
1660295414544941000,86.6,2,86.6,17,86.8,20,2,2022-08-12 09:10:14
1660295416126043000,86.6,2,86.6,18,86.8,20,2,2022-08-12 09:10:16
1660295419630930000,86.7,1,86.6,18,86.8,20,2,2022-08-12 09:10:19
1660295420090087000,86.7,1,86.6,18,86.8,22,2,2022-08-12 09:10:20
1660295425190394000,86.6,1,86.6,17,86.7,6,2,2022-08-12 09:10:25
1660295426502358000,86.7,1,86.6,18,86.7,6,1,2022-08-12 09:10:26
1660295427266690000,86.6,2,86.6,27,86.7,5,2,2022-08-12 09:10:27
1660295433624230000,86.7,5,86.6,37,86.7,10,1,2022-08-12 09:10:33
1660295437947093000,86.6,5,86.6,33,86.7,11,2,2022-08-12 09:10:37
1660295441203746000,86.6,1,86.6,32,86.7,11,2,2022-08-12 09:10:41
1660295445684897000,86.6,2,86.6,30,86.7,13,2,2022-08-12 09:10:45
1660295446243462000,86.6,2,86.6,28,86.7,13,2,2022-08-12 09:10:46
1660295446791158000,86.6,1,86.6,27,86.7,13,2,2022-08-12 09:10:46
1660295451668914000,86.6,10,86.6,17,86.7,4,2,2022-08-12 09:10:51
1660295451750462000,86.6,2,86.6,15,86.7,4,2,2022-08-12 09:10:51
1660295451777125000,86.6,15,86.5,47,86.7,4,2,2022-08-12 09:10:51
1660295452504501000,86.5,3,86.5,44,86.6,3,2,2022-08-12 09:10:52
1660295452762119000,86.5,10,86.5,34,86.6,3,2,2022-08-12 09:10:52
1660295452819955000,86.5,1,86.5,33,86.6,3,2,2022-08-12 09:10:52
1660295453370516000,86.5,1,86.5,32,86.6,3,2,2022-08-12 09:10:53
1660295453505797000,86.5,2,86.5,30,86.6,3,2,2022-08-12 09:10:53
1660295453829554000,86.5,5,86.5,25,86.6,17,2,2022-08-12 09:10:53
1660295453882725000,86.5,1,86.5,24,86.6,17,2,2022-08-12 09:10:53
1660295453901480000,86.5,1,86.5,23,86.6,17,2,2022-08-12 09:10:53
1660295453908160000,86.5,1,86.5,22,86.6,16,2,2022-08-12 09:10:53
1660295453949465000,86.5,2,86.5,23,86.6,16,2,2022-08-12 09:10:53
1660295455045170000,86.5,2,86.5,17,86.6,16,2,2022-08-12 09:10:55
1660295455071874000,86.5,2,86.5,15,86.6,16,2,2022-08-12 09:10:55
1660295455072873000,86.5,2,86.5,13,86.6,16,2,2022-08-12 09:10:55
1660295455111037000,86.5,1,86.5,12,86.6,16,2,2022-08-12 09:10:55
1660295455227200000,86.5,1,86.5,11,86.6,16,2,2022-08-12 09:10:55
1660295455688711000,86.5,11,86.2,4,86.6,16,2,2022-08-12 09:10:55
1660295455688711000,86.4,35,86.2,4,86.6,16,2,2022-08-12 09:10:55
1660295455688711000,86.3,29,86.2,4,86.6,16,2,2022-08-12 09:10:55
1660295455688711000,86.2,25,86.2,4,86.6,16,2,2022-08-12 09:10:55
1660295455740606000,86.1,1,86.1,11,86.4,2,2,2022-08-12 09:10:55
1660295456284224000,86.1,1,86.1,10,86.3,2,2,2022-08-12 09:10:56
1660295457230505000,86.2,3,86.1,9,86.3,2,1,2022-08-12 09:10:57
1660295457250581000,86.1,1,86.1,8,86.3,2,2,2022-08-12 09:10:57
1660295457426609000,86.1,1,86.1,8,86.3,2,2,2022-08-12 09:10:57
1660295458020804000,86.1,1,86.1,6,86.3,2,2,2022-08-12 09:10:58
1660295458538210000,86.1,1,86.1,5,86.3,2,2,2022-08-12 09:10:58
1660295459468123000,86.1,2,86.1,3,86.3,2,2,2022-08-12 09:10:59
1660295459567142000,86.1,3,86.0,73,86.3,2,2,2022-08-12 09:10:59
1660295459756330000,86.0,3,86.0,70,86.3,2,2,2022-08-12 09:10:59
1660295459793288000,86.0,4,86.0,66,86.3,2,2,2022-08-12 09:10:59
1660295459992663000,86.1,1,86.0,64,86.3,2,2,2022-08-12 09:10:59
1660295459992663000,86.0,2,86.0,64,86.3,2,2,2022-08-12 09:10:59
1660295460127042000,86.1,1,86.0,64,86.3,2,1,2022-08-12 09:11:00
1660295460188707000,86.0,3,86.0,61,86.3,2,2,2022-08-12 09:11:00
1660295461744540000,86.1,1,86.1,4,86.2,3,2,2022-08-12 09:11:01
1660295464045208000,86.1,5,86.1,5,86.2,3,2,2022-08-12 09:11:04
1660295464217063000,86.0,1,86.0,61,86.2,3,2,2022-08-12 09:11:04
1660295466734689000,86.0,5,86.0,86,86.1,5,2,2022-08-12 09:11:06
1660295466761486000,86.0,1,86.0,85,86.1,5,2,2022-08-12 09:11:06
1660295466762712000,86.0,1,86.0,84,86.1,5,2,2022-08-12 09:11:06
1660295466821421000,86.1,1,86.0,84,86.1,4,1,2022-08-12 09:11:06
