ts,close,volume,bid_price,bid_volume,ask_price,ask_volume,tick_type,datetime
1648717330117510000,161.5,629,161.0,48,161.5,76,2,2022-03-31 09:02:10
1648717330286414000,161.0,4,161.0,44,161.5,79,2,2022-03-31 09:02:10
1648717330293441000,161.0,13,161.0,31,161.5,79,2,2022-03-31 09:02:10
1648717330313258000,161.0,31,160.5,55,161.5,79,2,2022-03-31 09:02:10
1648717330325449000,160.5,1,160.5,54,161.0,2,2,2022-03-31 09:02:10
1648717330329688000,160.5,1,160.5,53,161.0,3,2,2022-03-31 09:02:10
1648717330475149000,160.5,5,160.5,49,161.0,11,2,2022-03-31 09:02:10
1648717330578062000,160.5,1,160.5,48,161.0,11,2,2022-03-31 09:02:10
1648717330956886000,161.0,1,160.5,48,161.0,13,1,2022-03-31 09:02:10
1648717332145447000,161.0,1,160.5,48,161.0,17,1,2022-03-31 09:02:12
1648717334753749000,160.5,20,160.5,28,161.0,18,2,2022-03-31 09:02:14
1648717334779267000,160.5,1,160.5,27,161.0,18,2,2022-03-31 09:02:14
1648717334779306000,160.5,6,160.5,21,161.0,18,2,2022-03-31 09:02:14
1648717334785752000,160.5,1,160.5,20,161.0,18,2,2022-03-31 09:02:14
1648717334785911000,160.5,1,160.5,19,161.0,18,2,2022-03-31 09:02:14
1648717334786400000,160.5,1,160.5,18,161.0,18,2,2022-03-31 09:02:14
1648717334791603000,160.5,1,160.5,17,161.0,18,2,2022-03-31 09:02:14
1648717334808569000,160.5,2,160.5,15,161.0,18,2,2022-03-31 09:02:14
1648717334812446000,160.5,1,160.5,14,161.0,18,2,2022-03-31 09:02:14
1648717334812809000,160.5,1,160.5,13,161.0,18,2,2022-03-31 09:02:14
1648717334813044000,160.5,13,160.0,72,161.0,18,2,2022-03-31 09:02:14
1648717334831521000,160.5,1,160.0,72,161.0,18,1,2022-03-31 09:02:14
1648717335757548000,160.5,2,160.0,70,161.0,27,2,2022-03-31 09:02:15
1648717335956562000,160.5,1,160.0,70,161.0,18,1,2022-03-31 09:02:15
1648717336507998000,160.0,6,160.0,64,161.0,18,2,2022-03-31 09:02:16
1648717337516966000,160.5,1,160.0,64,160.5,11,1,2022-03-31 09:02:17
1648717337843395000,160.5,2,160.0,64,160.5,9,1,2022-03-31 09:02:17
1648717338074661000,160.0,1,160.0,63,160.5,9,2,2022-03-31 09:02:18
1648717338956965000,160.5,2,160.0,63,160.5,7,1,2022-03-31 09:02:18
1648717339144280000,160.5,2,160.0,63,160.5,6,1,2022-03-31 09:02:19
1648717339320744000,160.0,7,160.0,56,160.5,6,2,2022-03-31 09:02:19
1648717339353344000,160.0,1,160.0,55,160.5,7,2,2022-03-31 09:02:19
1648717339377474000,160.0,1,160.0,54,160.5,7,2,2022-03-31 09:02:19
1648717339657487000,160.0,6,160.0,48,160.5,10,2,2022-03-31 09:02:19
1648717339698921000,160.0,13,160.0,35,160.5,10,2,2022-03-31 09:02:19
1648717339738610000,160.0,7,160.0,28,160.5,10,2,2022-03-31 09:02:19
1648717339741437000,160.0,1,160.0,27,160.5,10,2,2022-03-31 09:02:19
1648717339745678000,160.0,1,160.0,26,160.5,19,2,2022-03-31 09:02:19
1648717339767943000,160.0,1,160.0,25,160.5,10,2,2022-03-31 09:02:19
1648717339770854000,160.0,12,160.0,13,160.5,10,2,2022-03-31 09:02:19
1648717339781579000,160.0,1,160.0,12,160.5,10,2,2022-03-31 09:02:19
1648717339812403000,160.0,1,160.0,11,160.5,10,2,2022-03-31 09:02:19
1648717339820618000,160.0,1,160.0,10,160.5,10,2,2022-03-31 09:02:19
1648717339827458000,160.0,1,160.0,9,160.5,10,2,2022-03-31 09:02:19
1648717339841611000,160.0,1,160.0,8,160.5,10,2,2022-03-31 09:02:19
1648717339849716000,160.0,8,159.5,28,160.5,10,2,2022-03-31 09:02:19
1648717340150554000,160.5,1,159.5,28,160.5,9,1,2022-03-31 09:02:20
1648717340613893000,160.5,1,160.0,1,160.5,8,1,2022-03-31 09:02:20
1648717340699794000,160.5,1,160.0,1,160.5,7,1,2022-03-31 09:02:20
1648717341352685000,160.0,1,159.5,28,160.5,8,2,2022-03-31 09:02:21
1648717342941175000,160.5,1,160.0,2,160.5,7,1,2022-03-31 09:02:22
1648717343245747000,160.0,1,160.0,1,160.5,7,2,2022-03-31 09:02:23
1648717343357568000,160.5,1,160.0,1,160.5,6,1,2022-03-31 09:02:23
1648717343650233000,160.5,1,160.0,1,160.5,10,1,2022-03-31 09:02:23
1648717343737387000,160.0,1,159.5,28,160.5,10,2,2022-03-31 09:02:23
1648717344642108000,160.0,1,159.5,28,160.0,6,1,2022-03-31 09:02:24
1648717344842927000,160.0,3,159.5,28,160.0,7,1,2022-03-31 09:02:24
1648717344906247000,159.5,1,159.5,27,160.0,7,2,2022-03-31 09:02:24
1648717344923275000,160.0,1,159.5,27,160.0,6,1,2022-03-31 09:02:24
1648717344971285000,159.5,12,159.5,15,160.0,6,2,2022-03-31 09:02:24
1648717345276652000,159.5,1,159.5,14,160.0,8,2,2022-03-31 09:02:25
1648717345879891000,160.0,1,159.5,14,160.0,7,1,2022-03-31 09:02:25
1648717346115061000,160.0,1,159.5,14,160.0,8,1,2022-03-31 09:02:26
1648717346389955000,159.5,1,159.5,13,160.0,8,2,2022-03-31 09:02:26
1648717346474656000,160.0,1,159.5,13,160.0,7,1,2022-03-31 09:02:26
1648717346571039000,159.5,1,159.5,12,160.0,7,2,2022-03-31 09:02:26
1648717346602084000,160.0,1,159.5,12,160.0,6,1,2022-03-31 09:02:26
1648717346709208000,159.5,2,159.5,10,160.0,6,2,2022-03-31 09:02:26
1648717346859459000,159.5,2,159.5,8,160.0,6,2,2022-03-31 09:02:26
1648717347391274000,159.5,1,159.5,7,160.0,7,2,2022-03-31 09:02:27
1648717347458747000,159.5,1,159.5,6,160.0,7,2,2022-03-31 09:02:27
1648717347601765000,160.0,1,159.5,6,160.0,6,1,2022-03-31 09:02:27
1648717348156821000,160.0,2,159.5,6,160.0,5,1,2022-03-31 09:02:28
1648717348188160000,159.5,1,159.5,6,160.0,5,2,2022-03-31 09:02:28
1648717348355157000,160.0,1,159.5,6,160.0,22,1,2022-03-31 09:02:28
1648717348641934000,160.0,1,159.5,5,160.0,21,1,2022-03-31 09:02:28
1648717350324778000,160.0,1,159.5,18,160.0,25,1,2022-03-31 09:02:30
1648717350399020000,159.5,2,159.5,16,160.0,26,2,2022-03-31 09:02:30
1648717350460377000,159.5,1,159.5,15,160.0,26,2,2022-03-31 09:02:30
1648717351065611000,160.0,1,159.5,15,160.0,27,1,2022-03-31 09:02:31
1648717352308898000,159.5,3,159.5,14,160.0,27,2,2022-03-31 09:02:32
1648717352524301000,159.5,6,159.5,8,160.0,27,2,2022-03-31 09:02:32
1648717352974618000,159.5,1,159.5,7,160.0,29,2,2022-03-31 09:02:32
1648717353854007000,160.0,1,159.5,8,160.0,28,1,2022-03-31 09:02:33
1648717354269601000,159.5,5,159.5,3,160.0,28,2,2022-03-31 09:02:34
1648717354472573000,159.5,1,159.5,3,160.0,28,2,2022-03-31 09:02:34
1648717354741190000,159.5,1,159.5,2,160.0,31,2,2022-03-31 09:02:34
1648717354811553000,159.5,1,159.5,1,160.0,31,2,2022-03-31 09:02:34
1648717354926329000,159.5,1,159.0,35,160.0,31,2,2022-03-31 09:02:34
1648717355329084000,159.5,1,159.0,35,159.5,9,2,2022-03-31 09:02:35
1648717355359150000,159.5,9,159.0,35,160.0,31,1,2022-03-31 09:02:35
1648717355437441000,159.5,1,159.0,35,159.5,1,1,2022-03-31 09:02:35
1648717355461872000,159.5,1,159.0,35,160.0,31,1,2022-03-31 09:02:35
1648717355560920000,159.0,1,159.0,34,160.0,31,2,2022-03-31 09:02:35
1648717355645299000,159.5,1,159.0,34,160.0,31,1,2022-03-31 09:02:35
1648717356046147000,159.0,3,159.0,29,160.0,31,2,2022-03-31 09:02:36
1648717356065096000,160.0,1,159.0,29,160.0,30,1,2022-03-31 09:02:36
1648717356162418000,160.0,1,159.0,29,160.0,29,1,2022-03-31 09:02:36
1648717356218092000,160.0,1,159.0,29,160.0,28,1,2022-03-31 09:02:36
1648717356543047000,159.5,1,159.0,29,160.0,28,1,2022-03-31 09:02:36
1648717356835826000,159.5,2,159.0,29,160.5,18,1,2022-03-31 09:02:36
1648717356835826000,160.0,26,159.0,29,160.5,18,1,2022-03-31 09:02:36
1648717357073761000,159.5,1,159.5,4,160.0,4,2,2022-03-31 09:02:37
1648717358458405000,159.5,10,159.5,25,160.0,6,2,2022-03-31 09:02:38
1648717358678635000,160.0,1,159.5,27,160.0,5,1,2022-03-31 09:02:38
1648717359765145000,160.0,5,159.5,28,160.5,28,1,2022-03-31 09:02:39
1648717360126723000,159.5,2,159.5,28,160.5,27,2,2022-03-31 09:02:40
1648717361893313000,160.0,1,159.5,32,160.0,5,1,2022-03-31 09:02:41
1648717362079676000,160.0,5,159.5,33,160.0,2,1,2022-03-31 09:02:42
1648717362111764000,160.0,2,159.5,33,160.5,28,1,2022-03-31 09:02:42
1648717362981443000,160.0,6,159.5,36,160.5,28,1,2022-03-31 09:02:42
1648717364656780000,160.5,1,160.0,6,160.5,27,1,2022-03-31 09:02:44
1648717365036584000,160.0,3,160.0,18,160.5,27,2,2022-03-31 09:02:45
1648717365779265000,160.0,11,159.5,71,160.0,27,2,2022-03-31 09:02:45
1648717366075769000,160.0,1,159.5,63,160.0,27,1,2022-03-31 09:02:46
1648717366239500000,160.0,1,159.5,63,160.0,27,1,2022-03-31 09:02:46
1648717366282137000,160.0,27,159.5,63,160.5,28,1,2022-03-31 09:02:46
1648717366651270000,159.5,1,159.5,62,160.5,28,2,2022-03-31 09:02:46
1648717366796849000,160.0,1,159.5,63,160.5,28,1,2022-03-31 09:02:46
1648717367004776000,160.0,1,159.5,63,160.5,28,1,2022-03-31 09:02:47
1648717367966811000,160.0,1,160.0,1,160.5,34,2,2022-03-31 09:02:47
1648717369151845000,160.0,2,160.0,5,160.5,36,2,2022-03-31 09:02:49
1648717370964915000,160.0,1,160.0,16,160.5,37,2,2022-03-31 09:02:50
1648717371438925000,160.5,1,160.0,18,160.5,38,1,2022-03-31 09:02:51
1648717371446534000,160.0,2,160.0,16,160.5,38,2,2022-03-31 09:02:51
1648717371617788000,160.0,2,160.0,16,160.5,38,2,2022-03-31 09:02:51
1648717372824960000,160.5,1,160.0,22,160.5,37,1,2022-03-31 09:02:52
1648717373127191000,160.0,1,160.0,22,160.5,38,2,2022-03-31 09:02:53
1648717373404458000,160.0,1,160.0,22,160.5,38,2,2022-03-31 09:02:53
1648717373550265000,160.0,1,160.0,22,160.5,38,2,2022-03-31 09:02:53
1648717375823414000,160.5,2,160.0,28,160.5,36,1,2022-03-31 09:02:55
1648717376582128000,160.0,1,160.0,28,160.5,36,2,2022-03-31 09:02:56
1648717376922754000,160.0,6,160.0,23,160.5,37,2,2022-03-31 09:02:56
1648717377460355000,160.0,1,160.0,22,160.5,37,2,2022-03-31 09:02:57
1648717378378341000,160.5,5,160.0,27,160.5,32,1,2022-03-31 09:02:58
1648717378592941000,160.0,1,160.0,26,160.5,32,2,2022-03-31 09:02:58
1648717380256160000,160.0,1,160.0,31,160.5,32,2,2022-03-31 09:03:00
1648717380617914000,160.0,2,160.0,30,160.5,32,2,2022-03-31 09:03:00
1648717380658545000,160.0,1,160.0,29,160.5,32,2,2022-03-31 09:03:00
1648717380687895000,160.0,1,160.0,28,160.5,32,2,2022-03-31 09:03:00
1648717380701840000,160.0,1,160.0,27,160.5,32,2,2022-03-31 09:03:00
1648717380726275000,160.0,1,160.0,26,160.5,32,2,2022-03-31 09:03:00
1648717380730475000,160.0,3,160.0,23,160.5,32,2,2022-03-31 09:03:00
1648717380735205000,160.0,3,160.0,20,160.5,32,2,2022-03-31 09:03:00
1648717380760426000,160.0,3,160.0,17,160.5,34,2,2022-03-31 09:03:00
1648717381328883000,160.0,1,160.0,21,160.5,34,2,2022-03-31 09:03:01
1648717382449230000,160.0,4,160.0,25,160.5,35,2,2022-03-31 09:03:02
1648717383112915000,160.0,1,160.0,24,160.5,35,2,2022-03-31 09:03:03
1648717383654225000,160.0,1,160.0,24,160.5,35,2,2022-03-31 09:03:03
1648717383753588000,160.0,2,160.0,22,160.5,35,2,2022-03-31 09:03:03
1648717383766909000,160.0,1,160.0,22,160.5,35,2,2022-03-31 09:03:03
1648717386331395000,160.0,1,160.0,22,160.5,41,2,2022-03-31 09:03:06
1648717386428889000,160.0,1,160.0,21,160.5,41,2,2022-03-31 09:03:06
1648717386472361000,160.0,1,160.0,20,160.5,41,2,2022-03-31 09:03:06
1648717386512370000,160.0,10,160.0,10,160.5,41,2,2022-03-31 09:03:06
1648717386547427000,160.0,10,159.5,121,160.5,41,2,2022-03-31 09:03:06
1648717387712959000,160.0,1,159.5,122,160.5,44,2,2022-03-31 09:03:07
1648717388296289000,160.0,1,159.5,122,160.5,44,2,2022-03-31 09:03:08
1648717389013695000,160.0,1,160.0,1,160.5,44,2,2022-03-31 09:03:09
1648717389050138000,160.0,1,159.5,122,160.5,44,2,2022-03-31 09:03:09
1648717390524103000,160.0,1,160.0,14,160.5,45,2,2022-03-31 09:03:10
1648717391147354000,160.0,5,160.0,9,160.5,45,2,2022-03-31 09:03:11
1648717391305196000,160.0,3,160.0,6,160.5,45,2,2022-03-31 09:03:11
1648717391362250000,160.0,2,160.0,4,160.5,45,2,2022-03-31 09:03:11
1648717393210353000,160.0,1,160.0,8,160.5,44,2,2022-03-31 09:03:13
1648717393427723000,160.0,1,160.0,7,160.5,44,2,2022-03-31 09:03:13
1648717393684597000,160.0,1,160.0,6,160.5,44,2,2022-03-31 09:03:13
1648717393772894000,160.0,1,160.0,5,160.5,44,2,2022-03-31 09:03:13
1648717393832496000,160.0,1,160.0,4,160.5,44,2,2022-03-31 09:03:13
1648717393860727000,160.0,1,160.0,3,160.5,44,2,2022-03-31 09:03:13
1648717394440975000,160.0,1,160.0,2,160.5,46,2,2022-03-31 09:03:14
1648717394641377000,160.0,2,159.5,130,160.5,52,2,2022-03-31 09:03:14
1648717394976144000,160.5,50,159.5,129,160.5,2,1,2022-03-31 09:03:14
1648717395268425000,160.0,1,160.0,12,160.5,2,2,2022-03-31 09:03:15
1648717395641510000,160.0,5,159.5,125,160.5,2,2,2022-03-31 09:03:15
1648717395641510000,159.5,5,159.5,125,160.5,2,2,2022-03-31 09:03:15
1648717395688512000,160.0,1,159.5,125,160.5,4,2,2022-03-31 09:03:15
1648717395715709000,160.0,1,159.5,125,160.5,4,1,2022-03-31 09:03:15
1648717395795111000,160.0,1,159.5,125,160.5,4,1,2022-03-31 09:03:15
1648717397245382000,160.5,4,160.0,23,161.0,41,1,2022-03-31 09:03:17
1648717399918578000,160.0,1,160.0,26,161.0,48,2,2022-03-31 09:03:19
1648717401434058000,161.0,1,160.0,58,161.0,47,1,2022-03-31 09:03:21
1648717405247078000,161.0,1,160.5,9,161.0,47,1,2022-03-31 09:03:25
1648717405429547000,160.5,4,160.5,6,161.0,47,2,2022-03-31 09:03:25
1648717407145267000,160.5,3,160.5,2,161.0,48,2,2022-03-31 09:03:27
1648717409684438000,160.5,1,160.5,11,161.0,51,2,2022-03-31 09:03:29
1648717410215920000,160.5,1,160.5,12,161.0,52,2,2022-03-31 09:03:30
1648717410266802000,160.5,2,160.5,10,161.0,57,2,2022-03-31 09:03:30
1648717410575166000,160.5,1,160.5,9,161.0,58,2,2022-03-31 09:03:30
1648717411810548000,161.0,1,160.5,12,161.0,58,1,2022-03-31 09:03:31
1648717413849586000,160.5,14,160.0,67,160.5,6,2,2022-03-31 09:03:33
1648717413919744000,160.5,1,160.0,67,160.5,13,1,2022-03-31 09:03:33
1648717414827974000,160.0,2,160.0,64,160.5,18,2,2022-03-31 09:03:34
1648717414855085000,160.0,1,160.0,62,160.5,18,2,2022-03-31 09:03:34
1648717415297058000,160.5,1,160.0,63,160.5,17,1,2022-03-31 09:03:35
1648717415498250000,160.5,1,160.0,64,160.5,16,1,2022-03-31 09:03:35
1648717415768116000,160.0,2,160.0,62,160.5,16,2,2022-03-31 09:03:35
1648717416110366000,160.5,1,160.0,61,160.5,15,1,2022-03-31 09:03:36
1648717416267297000,160.5,1,160.0,62,160.5,14,1,2022-03-31 09:03:36
1648717416350151000,160.0,10,160.0,52,160.5,15,2,2022-03-31 09:03:36
1648717416384400000,160.0,1,160.0,50,160.5,16,2,2022-03-31 09:03:36
1648717416404756000,160.0,1,160.0,49,160.5,16,2,2022-03-31 09:03:36
1648717416472299000,160.5,1,160.0,49,160.5,16,1,2022-03-31 09:03:36
1648717416877453000,160.5,1,160.0,49,160.5,14,1,2022-03-31 09:03:36
1648717418242017000,160.5,1,160.0,50,160.5,14,1,2022-03-31 09:03:38
1648717418443720000,160.5,10,160.0,50,160.5,3,1,2022-03-31 09:03:38
1648717418469753000,160.5,1,160.0,51,160.5,2,1,2022-03-31 09:03:38
1648717418979329000,160.5,1,160.0,51,160.5,2,1,2022-03-31 09:03:38
1648717419476894000,160.5,1,160.0,50,160.5,21,1,2022-03-31 09:03:39
1648717421272178000,160.5,1,160.0,52,160.5,23,1,2022-03-31 09:03:41
1648717421946029000,160.5,1,160.0,53,160.5,21,1,2022-03-31 09:03:41
1648717422744231000,160.5,1,160.0,63,160.5,19,1,2022-03-31 09:03:42
1648717425475589000,160.0,1,160.0,64,160.5,20,2,2022-03-31 09:03:45
1648717425534449000,160.5,1,160.0,64,160.5,21,1,2022-03-31 09:03:45
1648717425567476000,160.5,1,160.0,64,160.5,20,1,2022-03-31 09:03:45
1648717425619366000,160.5,5,160.0,64,160.5,14,1,2022-03-31 09:03:45
1648717426517806000,160.5,2,160.0,65,160.5,12,1,2022-03-31 09:03:46
1648717426538654000,160.5,1,160.0,65,160.5,11,1,2022-03-31 09:03:46
1648717427184328000,160.5,3,160.0,66,160.5,8,1,2022-03-31 09:03:47
1648717427411464000,160.5,1,160.0,66,160.5,7,1,2022-03-31 09:03:47
1648717427598080000,160.5,2,160.0,66,160.5,5,1,2022-03-31 09:03:47
1648717428646765000,160.5,1,160.0,67,160.5,5,1,2022-03-31 09:03:48
1648717429013148000,160.5,1,160.0,68,160.5,4,1,2022-03-31 09:03:49
1648717429098279000,160.0,1,160.0,67,160.5,4,2,2022-03-31 09:03:49
1648717429149354000,160.5,1,160.0,67,160.5,3,1,2022-03-31 09:03:49
1648717429216236000,160.5,3,160.5,2,161.0,58,1,2022-03-31 09:03:49
1648717429235893000,160.5,2,160.0,66,161.0,60,2,2022-03-31 09:03:49
1648717429436068000,160.5,1,160.0,67,161.0,59,1,2022-03-31 09:03:49
1648717429865306000,160.5,1,160.5,5,161.0,60,2,2022-03-31 09:03:49
1648717429865863000,160.5,5,160.0,67,160.5,1,2,2022-03-31 09:03:49
1648717430550708000,160.5,1,160.0,66,160.5,3,1,2022-03-31 09:03:50
1648717431466247000,160.5,1,160.0,68,160.5,1,1,2022-03-31 09:03:51
1648717432110948000,160.5,1,160.0,69,161.0,59,1,2022-03-31 09:03:52
1648717432411969000,160.5,1,160.0,69,161.0,58,1,2022-03-31 09:03:52
1648717432411969000,161.0,1,160.0,69,161.0,58,1,2022-03-31 09:03:52
1648717432914656000,160.5,1,160.0,69,161.0,58,2,2022-03-31 09:03:52
1648717432968883000,161.0,1,160.0,70,161.0,57,1,2022-03-31 09:03:52
1648717433805392000,160.5,2,160.0,71,161.0,57,1,2022-03-31 09:03:53
1648717435109219000,160.0,2,160.0,69,160.5,1,2,2022-03-31 09:03:55
1648717435284285000,160.5,1,160.5,1,161.0,57,1,2022-03-31 09:03:55
1648717435310385000,160.5,1,160.0,69,161.0,57,2,2022-03-31 09:03:55
1648717437090717000,160.5,1,160.0,69,161.0,57,2,2022-03-31 09:03:57
1648717437921268000,160.5,2,160.0,70,161.0,57,2,2022-03-31 09:03:57
1648717438768685000,160.5,1,160.5,1,161.0,56,1,2022-03-31 09:03:58
1648717438858760000,160.5,1,160.0,70,161.0,57,2,2022-03-31 09:03:58
1648717442174114000,160.5,1,160.0,70,161.0,57,1,2022-03-31 09:04:02
1648717442237879000,160.5,1,160.0,70,161.0,57,2,2022-03-31 09:04:02
1648717442643250000,160.5,1,160.0,70,161.0,57,2,2022-03-31 09:04:02
1648717444536153000,160.5,1,160.0,70,160.5,22,1,2022-03-31 09:04:04
1648717444818877000,160.0,13,160.0,57,160.5,23,2,2022-03-31 09:04:04
1648717444851305000,160.0,1,160.0,56,160.5,23,2,2022-03-31 09:04:04
1648717444893087000,160.0,1,160.0,55,160.5,23,2,2022-03-31 09:04:04
1648717444947602000,160.0,13,160.0,42,160.5,24,2,2022-03-31 09:04:04
1648717444967614000,160.0,24,160.0,18,160.5,24,2,2022-03-31 09:04:04
1648717444970387000,160.0,1,160.0,17,160.5,24,2,2022-03-31 09:04:04
1648717444976321000,160.0,1,160.0,16,160.5,24,2,2022-03-31 09:04:04
1648717444981338000,160.0,13,160.0,3,160.5,24,2,2022-03-31 09:04:04
1648717444998955000,160.0,1,160.0,2,160.5,24,2,2022-03-31 09:04:04
1648717445011698000,160.0,2,159.5,97,160.5,24,2,2022-03-31 09:04:05
1648717445131804000,160.0,1,159.5,98,160.5,24,2,2022-03-31 09:04:05
1648717445211785000,160.5,1,159.5,98,160.5,23,1,2022-03-31 09:04:05
1648717445767917000,160.0,1,160.0,1,160.5,15,2,2022-03-31 09:04:05
1648717445796768000,160.0,1,159.5,99,160.5,15,2,2022-03-31 09:04:05
1648717446033625000,160.0,1,159.5,98,160.0,1,1,2022-03-31 09:04:06
1648717447017584000,160.0,1,159.5,97,160.0,9,1,2022-03-31 09:04:07
1648717447190236000,160.0,1,159.5,97,160.0,8,1,2022-03-31 09:04:07
1648717448343311000,160.0,1,159.5,98,160.0,9,1,2022-03-31 09:04:08
1648717452499917000,160.0,1,159.5,98,160.0,12,1,2022-03-31 09:04:12
1648717453738136000,159.5,1,159.5,97,160.0,14,2,2022-03-31 09:04:13
1648717453776041000,159.5,1,159.5,96,160.0,14,2,2022-03-31 09:04:13
1648717459328139000,160.0,1,159.5,94,160.0,44,1,2022-03-31 09:04:19
1648717459521250000,159.5,1,159.5,93,160.0,44,2,2022-03-31 09:04:19
1648717461752028000,159.5,1,159.5,93,160.0,53,2,2022-03-31 09:04:21
1648717462629385000,160.0,3,159.5,93,160.0,51,1,2022-03-31 09:04:22
1648717468265261000,159.5,1,159.5,63,160.0,57,2,2022-03-31 09:04:28
1648717468413611000,159.5,2,159.5,61,160.0,57,2,2022-03-31 09:04:28
1648717468578049000,159.5,1,159.5,60,160.0,57,2,2022-03-31 09:04:28
1648717468782437000,159.5,4,159.5,55,160.0,58,2,2022-03-31 09:04:28
1648717468829445000,159.5,1,159.5,54,160.0,58,2,2022-03-31 09:04:28
1648717469419649000,159.5,20,159.5,36,160.0,58,2,2022-03-31 09:04:29
1648717469456444000,159.5,1,159.5,35,160.0,59,2,2022-03-31 09:04:29
1648717469510074000,159.5,10,159.5,22,160.0,59,2,2022-03-31 09:04:29
1648717469520362000,159.5,1,159.5,21,160.0,59,2,2022-03-31 09:04:29
1648717469541684000,159.5,4,159.5,17,160.0,59,2,2022-03-31 09:04:29
1648717469544659000,159.5,1,159.5,16,160.0,59,2,2022-03-31 09:04:29
1648717470236182000,160.0,2,159.5,16,160.0,57,1,2022-03-31 09:04:30
1648717470285698000,159.5,1,159.5,14,160.0,57,2,2022-03-31 09:04:30
1648717470527640000,159.5,1,159.5,13,160.0,57,2,2022-03-31 09:04:30
1648717471234075000,160.0,1,159.5,13,160.0,56,1,2022-03-31 09:04:31
1648717471426645000,159.5,1,159.5,12,160.0,55,2,2022-03-31 09:04:31
1648717471459128000,159.5,3,159.5,9,160.0,55,2,2022-03-31 09:04:31
1648717471735399000,159.5,1,159.5,9,160.0,55,2,2022-03-31 09:04:31
1648717472185294000,159.5,9,159.0,84,159.5,1,2,2022-03-31 09:04:32
1648717472519971000,159.0,1,159.0,99,159.5,9,2,2022-03-31 09:04:32
1648717475753484000,159.0,1,159.0,97,159.5,20,2,2022-03-31 09:04:35
1648717477365715000,159.0,1,159.0,95,159.5,28,2,2022-03-31 09:04:37
1648717477480250000,159.0,1,159.0,94,159.5,28,2,2022-03-31 09:04:37
1648717478441604000,159.5,1,159.0,95,159.5,28,1,2022-03-31 09:04:38
1648717478546601000,159.5,1,159.0,95,159.5,27,1,2022-03-31 09:04:38
1648717478919783000,159.5,1,159.0,94,159.5,26,1,2022-03-31 09:04:38
1648717480779103000,159.0,1,159.0,98,159.5,26,2,2022-03-31 09:04:40
1648717481140437000,159.0,2,159.0,95,159.5,26,2,2022-03-31 09:04:41
1648717481802458000,159.0,2,159.0,93,159.5,26,2,2022-03-31 09:04:41
1648717481905153000,159.0,1,159.0,92,159.5,26,2,2022-03-31 09:04:41
1648717484046005000,159.5,1,159.0,93,159.5,29,1,2022-03-31 09:04:44
1648717484072480000,159.5,1,159.0,93,159.5,28,1,2022-03-31 09:04:44
1648717484097209000,159.0,1,159.0,92,159.5,28,2,2022-03-31 09:04:44
1648717484968432000,159.0,1,159.0,91,159.5,28,2,2022-03-31 09:04:44
1648717485617624000,159.0,1,159.0,90,159.5,28,2,2022-03-31 09:04:45
1648717485666517000,159.0,1,159.0,89,159.5,28,2,2022-03-31 09:04:45
1648717486815036000,159.0,1,159.0,90,159.5,27,2,2022-03-31 09:04:46
1648717486831020000,159.0,1,159.0,89,159.5,27,2,2022-03-31 09:04:46
1648717487886955000,159.5,1,159.0,96,159.5,26,1,2022-03-31 09:04:47
1648717488853825000,159.5,1,159.0,95,159.5,26,1,2022-03-31 09:04:48
1648717489633891000,159.0,5,159.0,92,159.5,26,2,2022-03-31 09:04:49
1648717490083500000,159.0,1,159.0,92,159.5,25,2,2022-03-31 09:04:50
1648717490627197000,159.0,22,159.0,70,159.5,25,2,2022-03-31 09:04:50
1648717490761389000,159.0,1,159.0,69,159.5,25,2,2022-03-31 09:04:50
1648717491698921000,159.0,10,159.0,58,159.5,30,2,2022-03-31 09:04:51
1648717492329044000,159.0,1,159.0,57,159.5,32,2,2022-03-31 09:04:52
1648717492679661000,159.0,2,159.0,56,159.5,31,2,2022-03-31 09:04:52
1648717492756810000,159.0,1,159.0,55,159.5,31,2,2022-03-31 09:04:52
1648717493005266000,159.0,5,159.0,50,159.5,31,2,2022-03-31 09:04:53
1648717493136411000,159.0,1,159.0,49,159.5,32,2,2022-03-31 09:04:53
1648717493200506000,159.0,1,159.0,48,159.5,32,2,2022-03-31 09:04:53
1648717493505540000,159.5,1,159.0,48,159.5,32,1,2022-03-31 09:04:53
1648717493672713000,159.0,1,159.0,47,159.5,32,2,2022-03-31 09:04:53
1648717493740463000,159.0,10,159.0,37,159.5,32,2,2022-03-31 09:04:53
1648717493879762000,159.0,1,159.0,36,159.5,32,2,2022-03-31 09:04:53
1648717494185783000,159.0,5,159.0,32,159.5,34,2,2022-03-31 09:04:54
1648717494612667000,159.0,2,159.0,35,159.5,34,2,2022-03-31 09:04:54
1648717494832731000,159.0,1,159.0,35,159.5,33,2,2022-03-31 09:04:54
1648717495027851000,159.0,1,159.0,34,159.5,34,2,2022-03-31 09:04:55
1648717495039703000,159.0,1,159.0,33,159.5,34,2,2022-03-31 09:04:55
1648717495076216000,159.0,1,159.0,32,159.5,34,2,2022-03-31 09:04:55
1648717495200275000,159.0,1,159.0,31,159.5,34,2,2022-03-31 09:04:55
1648717495233359000,159.0,1,159.0,30,159.5,34,2,2022-03-31 09:04:55
1648717495473196000,159.0,2,159.0,28,159.5,35,2,2022-03-31 09:04:55
1648717495536004000,159.0,5,159.0,23,159.5,35,2,2022-03-31 09:04:55
1648717495629703000,159.0,2,159.0,21,159.5,35,2,2022-03-31 09:04:55
1648717495672132000,159.0,1,159.0,20,159.5,35,2,2022-03-31 09:04:55
1648717495750845000,159.0,1,159.0,19,159.5,35,2,2022-03-31 09:04:55
1648717495879402000,159.0,1,159.0,18,159.5,35,2,2022-03-31 09:04:55
1648717495928569000,159.0,15,159.0,3,159.5,35,2,2022-03-31 09:04:55
1648717495954851000,159.0,1,159.0,2,159.5,35,2,2022-03-31 09:04:55
1648717495955640000,159.0,2,158.5,53,159.5,35,2,2022-03-31 09:04:55
1648717496365536000,159.0,1,159.0,1,159.5,34,1,2022-03-31 09:04:56
1648717496454241000,159.0,1,158.5,67,159.5,35,2,2022-03-31 09:04:56
1648717497215573000,159.0,2,158.5,67,159.0,11,1,2022-03-31 09:04:57
1648717497257205000,158.5,1,158.5,66,159.0,11,2,2022-03-31 09:04:57
1648717499557445000,158.5,3,158.5,61,159.0,19,2,2022-03-31 09:04:59
1648717499592808000,158.5,1,158.5,60,159.0,29,2,2022-03-31 09:04:59
1648717500275035000,158.5,1,158.5,59,159.0,34,2,2022-03-31 09:05:00
1648717500760928000,158.5,1,158.5,58,159.0,38,2,2022-03-31 09:05:00
1648717500769743000,158.5,1,158.5,57,159.0,38,2,2022-03-31 09:05:00
1648717502329206000,158.5,2,158.5,56,159.0,45,2,2022-03-31 09:05:02
1648717502623461000,158.5,2,158.5,54,159.0,46,2,2022-03-31 09:05:02
1648717502677603000,158.5,1,158.5,53,159.0,46,2,2022-03-31 09:05:02
1648717504298907000,158.5,1,158.5,51,159.0,47,2,2022-03-31 09:05:04
1648717504422852000,158.5,1,158.5,50,159.0,47,2,2022-03-31 09:05:04
1648717504680615000,158.5,1,158.5,49,159.0,47,2,2022-03-31 09:05:04
1648717505771469000,158.5,1,158.5,49,159.0,48,2,2022-03-31 09:05:05
1648717506072032000,158.5,49,158.0,107,158.5,1,2,2022-03-31 09:05:06
1648717506119179000,158.5,3,158.0,106,159.0,32,1,2022-03-31 09:05:06
1648717506119179000,159.0,17,158.0,106,159.0,32,1,2022-03-31 09:05:06
1648717506167701000,158.5,8,158.0,106,159.0,32,1,2022-03-31 09:05:06
1648717506222432000,158.5,1,158.0,106,159.0,32,1,2022-03-31 09:05:06
1648717507322544000,159.0,1,158.5,1,159.0,31,1,2022-03-31 09:05:07
1648717507402375000,159.0,6,158.5,21,159.0,25,1,2022-03-31 09:05:07
1648717507423710000,159.0,20,158.5,13,159.0,5,1,2022-03-31 09:05:07
1648717507424240000,159.0,5,158.5,13,159.5,19,1,2022-03-31 09:05:07
1648717507846844000,158.5,1,158.5,13,159.5,16,2,2022-03-31 09:05:07
1648717508580487000,159.0,1,159.0,10,159.5,16,2,2022-03-31 09:05:08
1648717508882463000,159.5,1,159.0,10,159.5,18,1,2022-03-31 09:05:08
1648717509342071000,159.5,13,159.0,11,159.5,5,1,2022-03-31 09:05:09
1648717509395948000,159.5,5,159.0,13,160.0,45,1,2022-03-31 09:05:09
1648717510072849000,159.5,1,159.0,14,160.0,44,2,2022-03-31 09:05:10
1648717510130546000,159.5,9,159.0,14,160.0,44,2,2022-03-31 09:05:10
1648717510185639000,159.5,1,159.0,15,160.0,44,2,2022-03-31 09:05:10
1648717510521197000,159.0,1,159.0,15,160.0,44,2,2022-03-31 09:05:10
1648717511233009000,159.0,2,159.0,12,160.0,44,2,2022-03-31 09:05:11
1648717511523499000,159.0,1,159.0,12,160.0,44,2,2022-03-31 09:05:11
1648717513223899000,159.0,4,159.0,7,160.0,45,2,2022-03-31 09:05:13
1648717516489617000,159.5,1,159.0,10,159.5,2,1,2022-03-31 09:05:16
1648717516798194000,159.0,1,159.0,17,159.5,2,2,2022-03-31 09:05:16
1648717517418968000,159.0,2,159.0,16,159.5,2,2,2022-03-31 09:05:17
1648717517713909000,159.0,1,159.0,26,159.5,2,2,2022-03-31 09:05:17
1648717518608945000,159.5,4,159.5,11,160.0,45,1,2022-03-31 09:05:18
1648717523510640000,160.0,1,159.5,23,160.0,48,1,2022-03-31 09:05:23
1648717524922838000,159.5,1,159.5,15,160.0,50,2,2022-03-31 09:05:24
1648717525298345000,159.5,2,159.5,13,160.0,50,2,2022-03-31 09:05:25
1648717527973287000,159.5,1,159.5,15,160.0,51,2,2022-03-31 09:05:27
1648717530082043000,160.0,20,159.5,18,160.0,36,1,2022-03-31 09:05:30
1648717530088608000,159.5,1,159.5,17,160.0,36,2,2022-03-31 09:05:30
1648717531917250000,159.5,1,159.5,28,160.0,36,2,2022-03-31 09:05:31
1648717538678266000,160.0,1,159.5,28,160.0,49,1,2022-03-31 09:05:38
1648717539747926000,159.5,10,159.5,21,160.0,49,2,2022-03-31 09:05:39
1648717540550119000,160.0,1,159.5,25,160.0,48,1,2022-03-31 09:05:40
1648717540744589000,160.0,5,159.5,26,160.0,43,1,2022-03-31 09:05:40
1648717543485134000,159.5,1,159.5,29,160.0,46,2,2022-03-31 09:05:43
1648717552783558000,160.0,1,159.5,34,160.0,67,1,2022-03-31 09:05:52
1648717553886507000,159.5,1,159.5,34,160.0,67,2,2022-03-31 09:05:53
1648717555588602000,159.5,1,159.5,34,160.0,67,2,2022-03-31 09:05:55
1648717556232422000,159.5,1,159.5,33,160.0,67,2,2022-03-31 09:05:56
1648717558575989000,159.5,1,159.5,34,160.0,67,2,2022-03-31 09:05:58
1648717560276466000,159.5,1,159.5,33,160.0,67,2,2022-03-31 09:06:00
1648717561228509000,159.5,1,159.5,32,160.0,67,2,2022-03-31 09:06:01
1648717561253932000,159.5,1,159.5,31,160.0,67,2,2022-03-31 09:06:01
1648717561599292000,159.5,1,159.5,30,160.0,68,2,2022-03-31 09:06:01
1648717561636012000,159.5,1,159.5,29,160.0,68,2,2022-03-31 09:06:01
1648717564939121000,159.5,1,159.5,31,160.0,67,2,2022-03-31 09:06:04
1648717570590943000,159.5,1,159.5,30,160.0,78,2,2022-03-31 09:06:10
1648717571383469000,159.5,3,159.5,27,160.0,78,2,2022-03-31 09:06:11
1648717571416512000,159.5,1,159.5,26,160.0,78,2,2022-03-31 09:06:11
1648717572984715000,159.5,10,159.5,16,160.0,78,2,2022-03-31 09:06:12
1648717575281332000,159.5,1,159.5,26,160.0,85,2,2022-03-31 09:06:15
1648717575370759000,159.5,20,159.5,6,160.0,85,2,2022-03-31 09:06:15
1648717575402461000,159.5,6,159.0,107,160.0,85,2,2022-03-31 09:06:15
1648717578626567000,159.5,1,159.0,97,159.5,29,1,2022-03-31 09:06:18
1648717578792229000,159.5,1,159.0,97,159.5,28,1,2022-03-31 09:06:18
1648717584068131000,159.5,1,159.0,92,159.5,28,1,2022-03-31 09:06:24
1648717585072983000,159.5,1,159.0,93,159.5,27,1,2022-03-31 09:06:25
1648717585528199000,159.5,3,159.0,93,159.5,24,1,2022-03-31 09:06:25
1648717591219187000,159.5,40,159.5,10,160.0,79,1,2022-03-31 09:06:31
1648717591247416000,159.5,1,159.5,9,160.0,80,2,2022-03-31 09:06:31
1648717592115207000,159.5,1,159.5,14,160.0,80,2,2022-03-31 09:06:32
1648717592350569000,159.5,1,159.5,7,160.0,80,2,2022-03-31 09:06:32
1648717597470183000,160.0,1,159.5,19,160.0,83,1,2022-03-31 09:06:37
1648717599877620000,160.0,1,159.5,23,160.0,82,1,2022-03-31 09:06:39
1648717599935248000,160.0,13,159.5,23,160.0,69,1,2022-03-31 09:06:39
1648717599983180000,160.0,62,159.5,24,160.0,7,1,2022-03-31 09:06:39
1648717600003054000,160.0,7,159.5,24,160.5,47,1,2022-03-31 09:06:40
1648717601430245000,160.5,13,160.0,33,160.5,40,1,2022-03-31 09:06:41
1648717601464807000,160.5,16,160.0,33,160.5,24,1,2022-03-31 09:06:41
1648717601464933000,160.5,5,160.0,33,160.5,19,1,2022-03-31 09:06:41
1648717601465674000,160.5,19,160.0,33,161.0,48,1,2022-03-31 09:06:41
1648717601561124000,160.5,1,160.5,6,161.0,48,2,2022-03-31 09:06:41
1648717601763310000,161.0,1,160.0,11,161.0,47,1,2022-03-31 09:06:41
1648717601876396000,161.0,13,160.5,28,161.0,36,1,2022-03-31 09:06:41
1648717603059779000,161.0,2,160.5,24,161.0,34,1,2022-03-31 09:06:43
1648717603401608000,161.0,1,160.5,24,161.0,33,1,2022-03-31 09:06:43
1648717603421817000,161.0,1,160.5,24,161.0,32,1,2022-03-31 09:06:43
1648717605452752000,160.5,1,160.5,21,161.0,33,2,2022-03-31 09:06:45
1648717605487873000,161.0,1,160.5,21,161.0,32,1,2022-03-31 09:06:45
1648717605605490000,160.5,1,160.5,20,161.0,32,2,2022-03-31 09:06:45
1648717606278182000,160.5,2,160.5,18,161.0,26,2,2022-03-31 09:06:46
1648717607477907000,161.0,1,160.5,20,161.0,25,1,2022-03-31 09:06:47
1648717609800755000,161.0,1,160.5,22,161.0,24,1,2022-03-31 09:06:49
1648717610052419000,160.5,1,160.5,21,161.0,24,2,2022-03-31 09:06:50
1648717611866363000,161.0,1,160.5,22,161.0,23,1,2022-03-31 09:06:51
1648717614742240000,161.0,1,160.5,22,161.0,22,1,2022-03-31 09:06:54
1648717616736374000,160.5,1,160.5,21,161.0,24,2,2022-03-31 09:06:56
1648717617286017000,161.0,1,160.5,23,161.0,23,1,2022-03-31 09:06:57
1648717617474390000,160.5,10,160.5,13,161.0,51,2,2022-03-31 09:06:57
1648717617474636000,160.5,13,160.0,10,161.0,51,2,2022-03-31 09:06:57
1648717618075912000,160.5,1,160.0,7,160.5,2,1,2022-03-31 09:06:58
1648717618108187000,160.0,1,160.0,6,160.5,2,2,2022-03-31 09:06:58
1648717618504253000,160.5,1,160.0,6,160.5,1,1,2022-03-31 09:06:58
1648717620895618000,160.5,1,160.0,7,160.5,7,1,2022-03-31 09:07:00
1648717622612735000,160.5,1,160.0,7,160.5,17,1,2022-03-31 09:07:02
1648717623206832000,160.5,1,160.0,7,160.5,9,1,2022-03-31 09:07:03
1648717623871191000,160.5,1,160.0,7,160.5,8,1,2022-03-31 09:07:03
1648717624486878000,160.5,1,160.0,9,160.5,7,1,2022-03-31 09:07:04
1648717624912333000,160.5,1,160.0,10,160.5,6,1,2022-03-31 09:07:04
1648717627863153000,160.5,1,160.0,13,160.5,6,1,2022-03-31 09:07:07
1648717628708749000,160.5,3,160.0,16,160.5,3,1,2022-03-31 09:07:08
1648717628740407000,160.5,1,160.0,16,160.5,2,1,2022-03-31 09:07:08
1648717628974412000,160.5,1,160.0,16,160.5,1,1,2022-03-31 09:07:08
1648717629003896000,160.5,1,160.0,16,161.0,57,1,2022-03-31 09:07:09
1648717629585635000,160.5,1,160.0,16,161.0,51,2,2022-03-31 09:07:09
1648717630092435000,160.5,4,160.5,7,161.0,51,2,2022-03-31 09:07:10
1648717630135338000,160.5,7,160.5,3,161.0,51,2,2022-03-31 09:07:10
1648717630163616000,160.5,3,160.0,11,161.0,51,2,2022-03-31 09:07:10
1648717630163616000,160.0,2,160.0,11,161.0,51,2,2022-03-31 09:07:10
1648717630435668000,160.5,1,160.0,11,160.5,3,1,2022-03-31 09:07:10
1648717630793120000,160.0,5,160.0,7,160.5,2,2,2022-03-31 09:07:10
1648717635114175000,160.0,5,160.0,1,160.5,18,2,2022-03-31 09:07:15
1648717635138870000,160.0,1,159.5,61,160.5,18,2,2022-03-31 09:07:15
1648717636976128000,160.0,2,159.5,86,160.0,3,2,2022-03-31 09:07:16
1648717637321283000,160.0,1,159.5,86,160.0,2,1,2022-03-31 09:07:17
1648717637379453000,160.0,1,159.5,86,160.0,6,1,2022-03-31 09:07:17
1648717637414435000,160.0,1,159.5,84,160.0,5,1,2022-03-31 09:07:17
1648717639080201000,160.0,1,159.5,87,160.0,4,1,2022-03-31 09:07:19
1648717640105027000,160.0,1,159.5,88,160.0,3,1,2022-03-31 09:07:20
1648717640868112000,160.0,3,159.5,88,160.5,17,1,2022-03-31 09:07:20
1648717640868112000,160.5,2,159.5,88,160.5,17,1,2022-03-31 09:07:20
1648717641716618000,160.0,3,160.0,4,160.5,10,2,2022-03-31 09:07:21
1648717644038803000,160.0,1,160.0,7,160.5,10,2,2022-03-31 09:07:24
1648717644564562000,160.5,1,160.0,7,160.5,8,1,2022-03-31 09:07:24
1648717646861316000,160.5,10,160.0,9,160.5,9,1,2022-03-31 09:07:26
1648717650390411000,160.5,1,160.0,11,160.5,10,1,2022-03-31 09:07:30
1648717650794959000,160.5,1,160.0,11,160.5,9,1,2022-03-31 09:07:30
1648717651201820000,160.5,9,160.5,1,161.0,25,1,2022-03-31 09:07:31
1648717651263061000,160.5,1,160.0,12,161.0,25,2,2022-03-31 09:07:31
1648717659016169000,160.5,1,160.5,3,161.0,26,2,2022-03-31 09:07:39
1648717660388879000,160.5,1,160.5,3,161.0,26,2,2022-03-31 09:07:40
1648717660528894000,160.5,1,160.5,2,161.0,25,2,2022-03-31 09:07:40
1648717663242394000,160.5,1,160.5,2,161.0,26,2,2022-03-31 09:07:43
1648717663650482000,160.5,2,160.0,51,160.5,3,2,2022-03-31 09:07:43
1648717664024036000,160.5,3,160.5,7,161.0,26,1,2022-03-31 09:07:44
1648717668951481000,160.5,1,160.5,9,161.0,27,2,2022-03-31 09:07:48
1648717671075305000,160.5,1,160.5,8,161.0,27,2,2022-03-31 09:07:51
1648717672226387000,160.5,2,160.5,6,161.0,25,2,2022-03-31 09:07:52
1648717679787119000,160.5,5,160.5,6,161.0,27,2,2022-03-31 09:07:59
1648717680054017000,160.5,1,160.5,5,161.0,27,2,2022-03-31 09:08:00
1648717682976691000,160.5,2,160.5,3,161.0,27,2,2022-03-31 09:08:02
1648717683082357000,160.5,2,160.5,1,161.0,27,2,2022-03-31 09:08:03
1648717684488540000,160.5,1,160.0,65,161.0,27,2,2022-03-31 09:08:04
1648717685668482000,160.5,1,160.0,66,161.0,26,1,2022-03-31 09:08:05
1648717686810768000,160.5,5,160.5,5,161.0,26,1,2022-03-31 09:08:06
1648717687543369000,160.5,1,160.5,4,161.0,26,2,2022-03-31 09:08:07
1648717687586339000,160.5,1,160.5,3,161.0,25,2,2022-03-31 09:08:07
1648717688533168000,160.5,1,160.5,3,161.0,25,2,2022-03-31 09:08:08
1648717688880872000,160.5,2,160.5,1,161.0,25,2,2022-03-31 09:08:08
1648717693540477000,160.5,2,160.5,4,161.0,26,2,2022-03-31 09:08:13
1648717694776371000,160.5,1,160.5,10,161.0,26,2,2022-03-31 09:08:14
1648717695990618000,160.5,4,160.5,6,161.0,26,2,2022-03-31 09:08:15
1648717698253372000,160.5,1,160.5,6,161.0,25,2,2022-03-31 09:08:18
1648717698410082000,160.5,1,160.5,5,161.0,25,2,2022-03-31 09:08:18
1648717699067045000,160.5,1,160.5,4,161.0,25,2,2022-03-31 09:08:19
1648717700704717000,160.5,4,160.0,68,161.0,25,2,2022-03-31 09:08:20
1648717700704717000,160.0,1,160.0,68,161.0,25,2,2022-03-31 09:08:20
1648717702214516000,160.5,1,160.0,66,161.0,34,2,2022-03-31 09:08:22
1648717704785936000,160.5,1,160.0,66,161.0,28,2,2022-03-31 09:08:24
1648717706434897000,160.5,1,160.0,65,160.5,6,1,2022-03-31 09:08:26
1648717712369234000,160.0,6,160.0,62,160.5,23,2,2022-03-31 09:08:32
1648717712402301000,160.0,1,160.0,61,160.5,23,2,2022-03-31 09:08:32
1648717718232070000,160.0,1,160.0,63,160.5,26,2,2022-03-31 09:08:38
1648717719468711000,160.0,1,160.0,62,160.5,27,2,2022-03-31 09:08:39
1648717719506667000,160.0,13,160.0,49,160.5,27,2,2022-03-31 09:08:39
1648717719540993000,160.0,1,160.0,48,160.5,27,2,2022-03-31 09:08:39
1648717719541548000,160.0,1,160.0,47,160.5,27,2,2022-03-31 09:08:39
1648717719544070000,160.0,1,160.0,46,160.5,27,2,2022-03-31 09:08:39
1648717719550794000,160.0,5,160.0,41,160.5,27,2,2022-03-31 09:08:39
1648717719584143000,160.0,1,160.0,40,160.5,28,2,2022-03-31 09:08:39
1648717719619524000,160.0,5,160.0,35,160.5,28,2,2022-03-31 09:08:39
1648717719642507000,160.0,1,160.0,34,160.5,28,2,2022-03-31 09:08:39
1648717719656013000,160.0,6,160.0,28,160.5,28,2,2022-03-31 09:08:39
1648717719660246000,160.0,5,160.0,23,160.5,28,2,2022-03-31 09:08:39
1648717719688992000,160.0,2,160.0,21,160.5,28,2,2022-03-31 09:08:39
1648717719690237000,160.0,14,160.0,7,160.5,28,2,2022-03-31 09:08:39
1648717719708773000,160.0,7,159.5,88,160.5,20,2,2022-03-31 09:08:39
1648717719906378000,160.0,1,159.5,88,160.0,4,1,2022-03-31 09:08:39
1648717724877815000,159.5,1,159.5,88,160.0,21,2,2022-03-31 09:08:44
1648717724941885000,159.5,1,159.5,87,160.0,21,2,2022-03-31 09:08:44
1648717725190692000,160.0,3,159.5,87,160.0,18,1,2022-03-31 09:08:45
1648717727657410000,160.0,4,159.5,86,160.0,14,1,2022-03-31 09:08:47
1648717730731139000,160.0,1,159.5,86,160.0,15,1,2022-03-31 09:08:50
1648717731089917000,159.5,3,159.5,83,160.0,16,2,2022-03-31 09:08:51
1648717732630567000,160.0,1,159.5,83,160.0,16,1,2022-03-31 09:08:52
1648717734290879000,160.0,1,159.5,83,160.0,19,1,2022-03-31 09:08:54
1648717742243381000,160.0,1,159.5,85,160.0,38,1,2022-03-31 09:09:02
1648717742412928000,159.5,3,159.5,82,160.0,38,2,2022-03-31 09:09:02
1648717742447994000,159.5,1,159.5,81,160.0,38,2,2022-03-31 09:09:02
1648717742450438000,159.5,1,159.5,80,160.0,38,2,2022-03-31 09:09:02
1648717742450625000,159.5,1,159.5,79,160.0,38,2,2022-03-31 09:09:02
1648717743592842000,160.0,1,159.5,79,160.0,37,1,2022-03-31 09:09:03
1648717744254444000,160.0,5,159.5,79,160.0,32,1,2022-03-31 09:09:04
1648717745826817000,160.0,1,159.5,79,160.0,32,1,2022-03-31 09:09:05
1648717747085665000,160.0,1,159.5,79,160.0,31,1,2022-03-31 09:09:07
1648717750265657000,160.0,1,159.5,81,160.0,34,1,2022-03-31 09:09:10
1648717757223610000,160.0,5,159.5,88,160.0,33,1,2022-03-31 09:09:17
1648717757253355000,160.0,6,159.5,88,160.0,27,1,2022-03-31 09:09:17
1648717757857876000,160.0,2,159.5,88,160.0,25,1,2022-03-31 09:09:17
1648717759540593000,160.0,5,159.5,88,160.0,26,1,2022-03-31 09:09:19
1648717761159516000,160.0,1,159.5,88,160.0,26,1,2022-03-31 09:09:21
1648717761184236000,160.0,3,159.5,88,160.0,23,1,2022-03-31 09:09:21
1648717764621637000,160.0,1,159.5,88,160.0,23,1,2022-03-31 09:09:24
1648717765163750000,160.0,1,159.5,88,160.0,22,1,2022-03-31 09:09:25
1648717769381468000,160.0,2,159.5,89,160.0,19,1,2022-03-31 09:09:29
1648717770278934000,160.0,1,159.5,89,160.0,19,1,2022-03-31 09:09:30
1648717779030367000,160.0,1,159.5,89,160.0,19,1,2022-03-31 09:09:39
1648717779502703000,160.0,2,159.5,90,160.0,17,1,2022-03-31 09:09:39
1648717781229205000,160.0,5,159.5,90,160.0,12,1,2022-03-31 09:09:41
1648717782198618000,160.0,1,159.5,90,160.0,12,1,2022-03-31 09:09:42
1648717782568152000,160.0,1,159.5,90,160.0,11,1,2022-03-31 09:09:42
1648717784657673000,160.0,1,159.5,84,160.0,10,1,2022-03-31 09:09:44
1648717785749087000,160.0,1,159.5,84,160.0,9,1,2022-03-31 09:09:45
1648717786930280000,160.0,1,159.5,84,160.0,9,1,2022-03-31 09:09:46
1648717786959457000,160.0,1,159.5,84,160.0,8,1,2022-03-31 09:09:46
1648717787358853000,160.0,1,159.5,84,160.0,7,1,2022-03-31 09:09:47
1648717788704313000,160.0,1,159.5,84,160.0,7,1,2022-03-31 09:09:48
1648717789541129000,160.0,1,159.5,84,160.0,6,1,2022-03-31 09:09:49
1648717791821752000,160.0,1,159.5,85,160.0,7,1,2022-03-31 09:09:51
1648717792257498000,160.0,3,159.5,85,160.0,4,1,2022-03-31 09:09:52
1648717796353477000,160.0,1,159.5,84,160.0,6,1,2022-03-31 09:09:56
1648717802916370000,160.0,1,159.5,82,160.0,8,1,2022-03-31 09:10:02
1648717803212457000,160.0,1,159.5,82,160.0,7,1,2022-03-31 09:10:03
1648717808987403000,160.0,1,159.5,83,160.0,7,1,2022-03-31 09:10:08
1648717810039050000,160.0,1,159.5,83,160.0,6,1,2022-03-31 09:10:10
1648717811335567000,160.0,3,159.5,83,160.0,3,1,2022-03-31 09:10:11
1648717814876595000,160.0,1,159.5,83,160.0,3,1,2022-03-31 09:10:14
1648717815416375000,160.0,3,160.0,1,160.5,12,1,2022-03-31 09:10:15
1648717817939645000,160.0,5,159.5,79,160.5,15,2,2022-03-31 09:10:17
1648717817939645000,159.5,5,159.5,79,160.5,15,2,2022-03-31 09:10:17
1648717821514663000,160.0,1,159.5,79,160.0,1,1,2022-03-31 09:10:21
1648717822957701000,159.5,1,159.5,78,160.0,1,2,2022-03-31 09:10:22
1648717823405381000,160.0,1,159.5,78,160.5,25,1,2022-03-31 09:10:23
1648717825170830000,159.5,4,159.5,74,160.0,1,2,2022-03-31 09:10:25
1648717830744704000,159.5,2,159.5,71,160.0,18,2,2022-03-31 09:10:30
1648717830769711000,159.5,1,159.5,70,160.0,18,2,2022-03-31 09:10:30
1648717832904704000,159.5,1,159.5,69,160.0,21,2,2022-03-31 09:10:32
1648717832959983000,159.5,5,159.5,64,160.0,21,2,2022-03-31 09:10:32
1648717832997929000,159.5,1,159.5,63,160.0,21,2,2022-03-31 09:10:32
1648717833823742000,159.5,1,159.5,62,160.0,22,2,2022-03-31 09:10:33
1648717837668994000,159.5,1,159.5,62,160.0,25,2,2022-03-31 09:10:37
1648717840974603000,159.5,13,159.5,49,160.0,59,2,2022-03-31 09:10:40
1648717840993843000,159.5,49,159.0,112,160.0,59,2,2022-03-31 09:10:40
1648717841173119000,159.5,3,159.0,111,159.5,12,1,2022-03-31 09:10:41
1648717842805571000,159.0,10,159.0,101,159.5,47,2,2022-03-31 09:10:42
1648717842834802000,159.0,9,159.0,92,159.5,47,2,2022-03-31 09:10:42
1648717842856868000,159.0,1,159.0,91,159.5,47,2,2022-03-31 09:10:42
1648717842860386000,159.0,1,159.0,90,159.5,47,2,2022-03-31 09:10:42
1648717842861248000,159.0,1,159.0,89,159.5,47,2,2022-03-31 09:10:42
1648717844136320000,159.5,1,159.0,89,159.5,47,1,2022-03-31 09:10:44
1648717844728627000,159.5,1,159.0,89,159.5,46,1,2022-03-31 09:10:44
1648717846207189000,159.0,2,159.0,87,159.5,49,2,2022-03-31 09:10:46
1648717846937867000,159.5,20,159.0,87,159.5,29,1,2022-03-31 09:10:46
1648717846974521000,159.0,1,159.0,86,159.5,29,2,2022-03-31 09:10:46
1648717851593020000,159.5,2,159.0,87,159.5,31,1,2022-03-31 09:10:51
1648717853064081000,159.0,1,159.0,85,159.5,32,2,2022-03-31 09:10:53
1648717853480538000,159.0,1,159.0,84,159.5,32,2,2022-03-31 09:10:53
1648717859124104000,159.0,1,159.0,85,159.5,33,2,2022-03-31 09:10:59
1648717862659114000,159.0,1,159.0,86,159.5,33,2,2022-03-31 09:11:02
1648717864542873000,159.0,1,159.0,86,159.5,37,2,2022-03-31 09:11:04
1648717870441414000,159.0,1,159.0,75,159.5,38,2,2022-03-31 09:11:10
1648717871109934000,159.0,5,159.0,67,159.5,38,2,2022-03-31 09:11:11
1648717873887863000,159.0,1,159.0,69,159.5,38,2,2022-03-31 09:11:13
1648717874208226000,159.0,1,159.0,68,159.5,37,2,2022-03-31 09:11:14
1648717874549892000,159.0,1,159.0,67,159.5,37,2,2022-03-31 09:11:14
1648717876610372000,159.0,1,159.0,67,159.5,37,2,2022-03-31 09:11:16
1648717877932704000,159.0,1,159.0,66,159.5,38,2,2022-03-31 09:11:17
1648717880973605000,159.0,1,159.0,65,159.5,43,2,2022-03-31 09:11:20
1648717881670906000,159.5,1,159.0,64,159.5,42,1,2022-03-31 09:11:21
1648717881788851000,159.5,2,159.0,64,159.5,40,1,2022-03-31 09:11:21
1648717882950433000,159.0,30,159.0,34,159.5,41,2,2022-03-31 09:11:22
1648717882989308000,159.0,1,159.0,33,159.5,41,2,2022-03-31 09:11:22
1648717882989325000,159.0,1,159.0,32,159.5,41,2,2022-03-31 09:11:22
1648717882991708000,159.0,1,159.0,31,159.5,41,2,2022-03-31 09:11:22
1648717883011567000,159.0,1,159.0,30,159.5,41,2,2022-03-31 09:11:23
1648717883012468000,159.0,1,159.0,29,159.5,41,2,2022-03-31 09:11:23
1648717883012496000,159.0,1,159.0,28,159.5,41,2,2022-03-31 09:11:23
1648717884900957000,159.0,1,159.0,27,159.5,52,2,2022-03-31 09:11:24
1648717885058816000,159.0,2,159.0,24,159.5,52,2,2022-03-31 09:11:25
1648717885088834000,159.0,1,159.0,23,159.5,52,2,2022-03-31 09:11:25
1648717885477010000,159.0,5,159.0,18,159.5,52,2,2022-03-31 09:11:25
1648717885502180000,159.0,1,159.0,17,159.5,52,2,2022-03-31 09:11:25
1648717885574087000,159.0,1,159.0,16,159.5,53,2,2022-03-31 09:11:25
1648717885608657000,159.0,1,159.0,15,159.5,53,2,2022-03-31 09:11:25
1648717886061461000,159.0,5,159.0,9,159.5,53,2,2022-03-31 09:11:26
1648717886093302000,159.0,3,159.0,6,159.5,53,2,2022-03-31 09:11:26
1648717886173943000,159.0,2,159.0,4,159.5,53,2,2022-03-31 09:11:26
1648717886209053000,159.0,4,158.5,67,159.5,53,2,2022-03-31 09:11:26
1648717886628042000,159.0,1,158.5,71,159.0,1,1,2022-03-31 09:11:26
1648717886663233000,159.0,1,158.5,71,159.5,53,1,2022-03-31 09:11:26
1648717886692814000,159.0,1,158.5,71,159.0,1,1,2022-03-31 09:11:26
1648717886707861000,159.0,1,158.5,71,159.5,55,1,2022-03-31 09:11:26
1648717887103883000,159.0,1,158.5,71,159.5,55,1,2022-03-31 09:11:27
1648717887946919000,159.0,1,158.5,71,159.0,20,1,2022-03-31 09:11:27
1648717888363756000,159.0,1,158.5,71,159.0,19,1,2022-03-31 09:11:28
1648717889394286000,159.0,1,158.5,76,159.0,18,1,2022-03-31 09:11:29
1648717889429142000,159.0,18,158.5,76,159.5,44,1,2022-03-31 09:11:29
1648717890301731000,159.0,1,158.5,76,159.5,44,1,2022-03-31 09:11:30
1648717890859391000,159.5,1,159.0,11,159.5,43,1,2022-03-31 09:11:30
1648717890875906000,159.5,5,159.0,11,159.5,38,1,2022-03-31 09:11:30
1648717891898607000,159.5,13,159.0,16,159.5,29,1,2022-03-31 09:11:31
1648717891924133000,159.5,16,159.0,16,159.5,13,1,2022-03-31 09:11:31
1648717891924864000,159.5,13,159.0,16,160.0,26,1,2022-03-31 09:11:31
1648717895506289000,159.5,1,159.5,12,160.0,29,2,2022-03-31 09:11:35
1648717897243437000,159.5,1,159.5,11,160.0,29,2,2022-03-31 09:11:37
1648717897511682000,160.0,1,159.5,11,160.0,28,1,2022-03-31 09:11:37
1648717898318489000,159.5,1,159.5,11,160.0,28,2,2022-03-31 09:11:38
1648717900147076000,160.0,2,159.5,12,160.0,26,1,2022-03-31 09:11:40
1648717900949297000,159.5,6,159.5,8,160.0,26,2,2022-03-31 09:11:40
1648717902514829000,159.5,1,159.5,17,160.0,26,2,2022-03-31 09:11:42
1648717911983145000,159.5,1,159.5,22,160.0,29,2,2022-03-31 09:11:51
1648717912645432000,159.5,1,159.5,20,160.0,29,2,2022-03-31 09:11:52
1648717916829891000,159.5,1,159.5,21,160.0,31,2,2022-03-31 09:11:56
1648717917488151000,159.5,1,159.5,21,160.0,31,2,2022-03-31 09:11:57
1648717926262195000,159.5,1,159.5,14,160.0,40,2,2022-03-31 09:12:06
1648717930550802000,159.5,2,159.5,26,160.0,40,2,2022-03-31 09:12:10
1648717931708394000,159.5,1,159.5,16,160.0,40,2,2022-03-31 09:12:11
1648717953670011000,159.5,1,159.5,25,160.0,50,2,2022-03-31 09:12:33
1648717961464992000,159.5,2,159.5,14,160.0,51,2,2022-03-31 09:12:41
1648717973828590000,159.5,1,159.5,15,160.0,62,2,2022-03-31 09:12:53
1648717974646463000,159.5,1,159.5,14,160.0,62,2,2022-03-31 09:12:54
1648717974999036000,159.5,2,159.5,12,160.0,62,2,2022-03-31 09:12:54
1648717975439481000,159.5,1,159.5,11,160.0,62,2,2022-03-31 09:12:55
1648717976307607000,159.5,1,159.5,10,160.0,62,2,2022-03-31 09:12:56
1648717976654986000,159.5,4,159.5,6,160.0,62,2,2022-03-31 09:12:56
1648717978317587000,159.5,6,159.0,54,159.5,4,2,2022-03-31 09:12:58
1648717978347880000,159.5,4,159.0,54,160.0,62,1,2022-03-31 09:12:58
1648717979192817000,159.5,1,159.0,54,160.0,62,1,2022-03-31 09:12:59
1648717980685161000,160.0,1,159.5,1,160.0,61,1,2022-03-31 09:13:00
1648717980716432000,160.0,3,159.5,2,160.0,58,1,2022-03-31 09:13:00
1648717980960304000,159.5,1,159.5,2,160.0,58,2,2022-03-31 09:13:00
1648717983764200000,159.5,1,159.5,1,160.0,62,2,2022-03-31 09:13:03
1648717984678376000,159.5,1,159.5,1,160.0,62,2,2022-03-31 09:13:04
1648717986405804000,159.5,1,159.5,5,160.0,63,2,2022-03-31 09:13:06
1648717989638552000,159.5,8,159.0,49,160.0,63,2,2022-03-31 09:13:09
1648717993343386000,159.5,1,159.0,55,160.0,63,2,2022-03-31 09:13:13
1648717994639771000,159.5,1,159.0,55,160.0,63,1,2022-03-31 09:13:14
1648717996660236000,160.0,1,159.0,50,160.0,62,1,2022-03-31 09:13:16
1648717998522800000,159.5,2,159.5,1,160.0,62,2,2022-03-31 09:13:18
1648718005587606000,159.5,1,159.0,52,160.0,68,2,2022-03-31 09:13:25
1648718006043391000,159.0,5,159.0,47,160.0,68,2,2022-03-31 09:13:26
1648718006611832000,159.5,1,159.0,45,159.5,1,1,2022-03-31 09:13:26
1648718007516823000,159.5,1,159.0,45,160.0,69,1,2022-03-31 09:13:27
1648718009624764000,159.5,1,159.0,37,159.5,36,1,2022-03-31 09:13:29
1648718010761112000,159.5,1,159.0,37,159.5,36,1,2022-03-31 09:13:30
1648718022885501000,159.5,20,159.0,40,159.5,25,1,2022-03-31 09:13:42
1648718022930287000,159.0,1,159.0,39,159.5,25,2,2022-03-31 09:13:42
1648718029095956000,159.5,1,159.0,39,159.5,25,1,2022-03-31 09:13:49
1648718031899998000,159.5,1,159.0,40,159.5,25,1,2022-03-31 09:13:51
1648718038749137000,159.0,20,159.0,23,159.5,31,2,2022-03-31 09:13:58
1648718038781032000,159.0,1,159.0,22,159.5,32,2,2022-03-31 09:13:58
1648718039743971000,159.5,1,159.0,22,159.5,31,1,2022-03-31 09:13:59
1648718041824094000,159.0,10,159.0,12,159.5,31,2,2022-03-31 09:14:01
1648718043465675000,159.0,2,159.0,11,159.5,31,2,2022-03-31 09:14:03
1648718043594416000,159.0,1,159.0,10,159.5,31,2,2022-03-31 09:14:03
1648718043594726000,159.0,1,159.0,9,159.5,31,2,2022-03-31 09:14:03
1648718043631640000,159.0,1,159.0,8,159.5,32,2,2022-03-31 09:14:03
1648718045216848000,159.5,1,159.0,12,159.5,31,1,2022-03-31 09:14:05
1648718063684081000,159.0,2,159.0,29,159.5,33,2,2022-03-31 09:14:23
1648718069692237000,159.0,10,159.0,21,159.5,38,2,2022-03-31 09:14:29
1648718071755840000,159.0,1,159.0,19,159.5,38,2,2022-03-31 09:14:31
1648718074570049000,159.0,1,159.0,18,159.5,41,2,2022-03-31 09:14:34
1648718075641829000,159.5,1,159.0,19,159.5,40,1,2022-03-31 09:14:35
1648718077830644000,159.5,40,159.5,10,160.0,36,1,2022-03-31 09:14:37
1648718077862688000,160.0,13,159.5,10,160.0,23,1,2022-03-31 09:14:37
1648718077893424000,160.0,14,159.5,22,160.0,9,1,2022-03-31 09:14:37
1648718077924630000,160.0,9,159.5,22,160.5,15,1,2022-03-31 09:14:37
1648718078200281000,160.5,1,159.5,39,160.5,14,1,2022-03-31 09:14:38
1648718078232974000,160.5,5,159.5,39,160.5,9,1,2022-03-31 09:14:38
1648718078278494000,160.5,9,160.0,2,161.0,37,1,2022-03-31 09:14:38
1648718079226049000,161.0,1,160.5,16,161.0,36,1,2022-03-31 09:14:39
1648718079249024000,161.0,13,160.5,16,161.0,23,1,2022-03-31 09:14:39
1648718079804215000,160.5,1,160.5,27,161.0,23,2,2022-03-31 09:14:39
1648718081844994000,160.5,1,160.5,14,161.0,23,2,2022-03-31 09:14:41
1648718083138136000,160.5,1,160.5,13,161.0,25,2,2022-03-31 09:14:43
1648718083736577000,161.0,1,160.5,13,161.0,26,1,2022-03-31 09:14:43
1648718087955571000,161.0,1,160.5,13,161.0,28,1,2022-03-31 09:14:47
1648718088773425000,160.5,1,160.5,12,161.0,28,2,2022-03-31 09:14:48
1648718088802372000,160.5,2,160.5,10,161.0,28,2,2022-03-31 09:14:48
1648718090837669000,160.5,1,160.5,10,161.0,29,2,2022-03-31 09:14:50
1648718091414007000,160.5,2,160.5,8,161.0,29,2,2022-03-31 09:14:51
1648718091440175000,160.5,3,160.5,5,161.0,29,2,2022-03-31 09:14:51
1648718092212104000,161.0,1,160.5,6,161.0,28,1,2022-03-31 09:14:52
1648718092477262000,160.5,1,160.5,5,161.0,28,2,2022-03-31 09:14:52
1648718092982015000,160.5,1,160.5,4,161.0,28,2,2022-03-31 09:14:52
1648718095338044000,160.5,1,160.5,3,161.0,31,2,2022-03-31 09:14:55
1648718095369670000,160.5,1,160.5,2,161.0,31,2,2022-03-31 09:14:55
1648718095756797000,160.5,1,160.5,2,161.0,31,2,2022-03-31 09:14:55
1648718096852998000,160.5,1,160.5,5,161.0,30,2,2022-03-31 09:14:56
1648718098498122000,160.5,1,160.5,5,161.0,30,2,2022-03-31 09:14:58
1648718101406395000,160.5,2,160.5,7,161.0,34,2,2022-03-31 09:15:01
1648718102566850000,160.5,1,160.5,7,161.0,34,2,2022-03-31 09:15:02
1648718103517432000,160.5,1,160.5,6,161.0,34,2,2022-03-31 09:15:03
1648718106189913000,160.5,1,160.5,6,161.0,33,2,2022-03-31 09:15:06
1648718113219499000,160.5,1,160.5,6,161.0,39,2,2022-03-31 09:15:13
1648718118070853000,160.5,2,160.5,17,161.0,37,2,2022-03-31 09:15:18
1648718123408733000,160.5,1,160.5,15,161.0,41,2,2022-03-31 09:15:23
1648718124395022000,160.5,1,160.5,5,161.0,41,2,2022-03-31 09:15:24
1648718129318380000,160.5,1,160.5,14,161.0,41,2,2022-03-31 09:15:29
1648718131895390000,160.5,1,160.5,4,161.0,42,2,2022-03-31 09:15:31
1648718131941282000,160.5,1,160.5,3,161.0,42,2,2022-03-31 09:15:31
1648718132102418000,160.5,1,160.5,2,161.0,46,2,2022-03-31 09:15:32
1648718132379436000,160.5,1,160.5,1,161.0,46,2,2022-03-31 09:15:32
1648718137253453000,160.5,1,160.0,16,161.0,46,2,2022-03-31 09:15:37
1648718142897539000,161.0,1,160.0,31,161.0,46,1,2022-03-31 09:15:42
1648718144975868000,160.5,1,160.5,3,161.0,49,2,2022-03-31 09:15:44
1648718150007045000,161.0,1,160.5,4,161.0,50,1,2022-03-31 09:15:50
1648718155279467000,161.0,1,160.5,5,161.0,51,1,2022-03-31 09:15:55
1648718157984695000,160.5,1,160.5,15,161.0,54,2,2022-03-31 09:15:57
1648718161197692000,161.0,1,160.5,6,161.0,58,1,2022-03-31 09:16:01
1648718162587771000,161.0,5,160.5,6,161.0,54,1,2022-03-31 09:16:02
1648718162649420000,161.0,9,160.5,14,161.0,45,1,2022-03-31 09:16:02
1648718166614815000,161.0,2,160.5,16,161.0,45,1,2022-03-31 09:16:06
1648718166959154000,161.0,1,160.5,16,161.0,44,1,2022-03-31 09:16:06
1648718169541022000,160.5,3,160.5,14,161.0,44,2,2022-03-31 09:16:09
1648718169777908000,161.0,3,160.5,14,161.0,41,1,2022-03-31 09:16:09
1648718169924343000,161.0,2,160.5,14,161.0,39,1,2022-03-31 09:16:09
1648718172168720000,161.0,1,160.5,14,161.0,42,1,2022-03-31 09:16:12
1648718173233186000,161.0,1,160.5,14,161.0,41,1,2022-03-31 09:16:13
1648718173917332000,161.0,1,160.5,14,161.0,40,1,2022-03-31 09:16:13
1648718176214834000,161.0,1,160.5,14,161.0,38,1,2022-03-31 09:16:16
1648718176280512000,161.0,5,160.5,14,161.0,33,1,2022-03-31 09:16:16
1648718178553082000,161.0,1,160.5,14,161.0,33,1,2022-03-31 09:16:18
1648718180638738000,161.0,1,160.5,15,161.0,33,1,2022-03-31 09:16:20
1648718182085931000,161.0,1,160.5,17,161.0,36,1,2022-03-31 09:16:22
1648718182538899000,161.0,1,160.5,17,161.0,38,1,2022-03-31 09:16:22
1648718182954361000,161.0,1,160.5,18,161.0,38,1,2022-03-31 09:16:22
1648718184330306000,161.0,1,160.5,18,161.0,39,1,2022-03-31 09:16:24
1648718184487910000,161.0,5,160.5,18,161.0,34,1,2022-03-31 09:16:24
1648718187041533000,161.0,2,160.5,18,161.0,32,1,2022-03-31 09:16:27
1648718189223189000,160.5,1,160.5,19,161.0,33,2,2022-03-31 09:16:29
1648718189525538000,161.0,5,160.5,20,161.0,28,1,2022-03-31 09:16:29
1648718191183937000,161.0,1,160.5,21,161.0,29,1,2022-03-31 09:16:31
1648718191669613000,161.0,5,160.5,21,161.0,24,1,2022-03-31 09:16:31
1648718192429842000,160.5,1,160.5,20,161.0,24,2,2022-03-31 09:16:32
1648718193116463000,161.0,1,160.5,20,161.0,19,1,2022-03-31 09:16:33
1648718193416050000,160.5,1,160.5,19,161.0,19,2,2022-03-31 09:16:33
1648718193490663000,161.0,2,160.5,19,161.0,17,1,2022-03-31 09:16:33
1648718194329527000,161.0,1,160.5,19,161.0,16,1,2022-03-31 09:16:34
1648718194775762000,161.0,1,160.5,19,161.0,15,1,2022-03-31 09:16:34
1648718196794043000,161.0,1,160.5,19,161.0,14,1,2022-03-31 09:16:36
1648718196938496000,160.5,1,160.5,18,161.0,14,2,2022-03-31 09:16:36
1648718196972477000,160.5,1,160.5,17,161.0,14,2,2022-03-31 09:16:36
1648718197180563000,161.0,1,160.5,17,161.0,13,1,2022-03-31 09:16:37
1648718197386657000,161.0,2,160.5,17,161.0,11,1,2022-03-31 09:16:37
1648718200328003000,161.0,2,160.5,21,161.0,12,1,2022-03-31 09:16:40
1648718200789984000,161.0,5,160.5,24,161.0,8,1,2022-03-31 09:16:40
1648718203232458000,161.0,6,160.5,24,161.0,3,1,2022-03-31 09:16:43
1648718203558047000,161.0,1,160.5,24,161.0,2,1,2022-03-31 09:16:43
1648718204036227000,161.0,1,160.5,24,161.0,1,1,2022-03-31 09:16:44
1648718205805824000,161.0,1,160.5,18,161.0,13,1,2022-03-31 09:16:45
1648718207807344000,161.0,1,160.5,18,161.0,20,1,2022-03-31 09:16:47
1648718209066741000,161.0,1,160.5,18,161.0,21,1,2022-03-31 09:16:49
1648718209122326000,161.0,1,160.5,18,161.0,20,1,2022-03-31 09:16:49
1648718210728449000,161.0,1,160.5,18,161.0,28,1,2022-03-31 09:16:50
1648718216416657000,161.0,1,160.5,21,161.0,28,1,2022-03-31 09:16:56
1648718222398184000,161.0,1,160.5,37,161.0,32,1,2022-03-31 09:17:02
1648718231528734000,161.0,1,160.5,37,161.0,33,1,2022-03-31 09:17:11
1648718239028921000,161.0,1,160.5,36,161.0,32,1,2022-03-31 09:17:19
1648718239432706000,160.5,4,160.5,32,161.0,32,2,2022-03-31 09:17:19
1648718242939819000,161.0,1,160.5,23,161.0,33,1,2022-03-31 09:17:22
1648718247952978000,161.0,1,160.5,23,161.0,31,1,2022-03-31 09:17:27
1648718251070245000,161.0,1,160.5,24,161.0,32,1,2022-03-31 09:17:31
1648718255345946000,161.0,1,160.5,24,161.0,33,1,2022-03-31 09:17:35
1648718255532338000,161.0,1,160.5,24,161.0,32,1,2022-03-31 09:17:35
1648718258004292000,160.5,1,160.5,23,161.0,32,2,2022-03-31 09:17:38
1648718261417105000,161.0,3,160.5,23,161.0,31,1,2022-03-31 09:17:41
1648718264245333000,160.5,2,160.5,22,161.0,31,2,2022-03-31 09:17:44
1648718267931188000,160.5,2,160.5,24,161.0,32,2,2022-03-31 09:17:47
1648718269179009000,161.0,5,160.5,25,161.0,27,1,2022-03-31 09:17:49
1648718273479668000,161.0,1,160.5,25,161.0,28,1,2022-03-31 09:17:53
1648718280177558000,161.0,1,160.5,25,161.0,31,1,2022-03-31 09:18:00
1648718284439551000,161.0,3,160.5,25,161.0,29,1,2022-03-31 09:18:04
1648718284469764000,161.0,1,160.5,24,161.0,28,1,2022-03-31 09:18:04
1648718288171994000,161.0,1,160.5,24,161.0,26,1,2022-03-31 09:18:08
1648718289508779000,161.0,1,160.5,24,161.0,23,1,2022-03-31 09:18:09
1648718289658079000,161.0,1,160.5,24,161.0,22,1,2022-03-31 09:18:09
1648718297327597000,161.0,1,160.5,25,161.0,21,1,2022-03-31 09:18:17
1648718305017677000,161.0,1,160.5,25,161.0,19,1,2022-03-31 09:18:25
1648718310820276000,161.0,3,160.5,26,161.0,19,1,2022-03-31 09:18:30
1648718314208903000,161.0,1,160.5,22,161.0,17,1,2022-03-31 09:18:34
1648718316475635000,161.0,3,160.5,22,161.0,14,1,2022-03-31 09:18:36
1648718316574930000,161.0,5,160.5,22,161.0,9,1,2022-03-31 09:18:36
1648718317418623000,161.0,1,160.5,22,161.0,7,1,2022-03-31 09:18:37
1648718320330052000,161.0,3,160.5,22,161.0,7,1,2022-03-31 09:18:40
1648718325700281000,161.0,1,160.5,22,161.0,8,1,2022-03-31 09:18:45
1648718327409567000,161.0,1,160.5,22,161.0,8,1,2022-03-31 09:18:47
1648718328280899000,161.0,5,160.5,23,161.0,4,1,2022-03-31 09:18:48
1648718330184462000,160.5,4,160.5,19,161.0,4,2,2022-03-31 09:18:50
1648718330192176000,161.0,3,160.5,19,161.0,1,1,2022-03-31 09:18:50
1648718330217878000,160.5,3,160.5,16,161.0,2,2,2022-03-31 09:18:50
1648718330252859000,160.5,1,160.5,15,161.0,2,2,2022-03-31 09:18:50
1648718330436331000,161.0,1,160.5,15,161.0,1,1,2022-03-31 09:18:50
1648718330547573000,161.0,1,160.5,15,161.5,41,1,2022-03-31 09:18:50
1648718331423213000,161.0,1,160.5,14,161.0,3,1,2022-03-31 09:18:51
1648718331656881000,160.5,1,160.5,13,161.0,3,2,2022-03-31 09:18:51
1648718332052347000,161.0,1,160.5,13,161.0,3,1,2022-03-31 09:18:52
1648718334522095000,161.0,1,160.5,14,161.0,6,1,2022-03-31 09:18:54
1648718335407459000,161.0,1,160.5,14,161.0,6,1,2022-03-31 09:18:55
1648718337748854000,161.0,4,160.5,14,161.0,7,1,2022-03-31 09:18:57
1648718346294028000,160.5,1,160.5,14,161.0,10,2,2022-03-31 09:19:06
1648718347564576000,160.5,2,160.5,12,161.0,9,2,2022-03-31 09:19:07
1648718350126588000,160.5,5,160.5,8,161.0,8,2,2022-03-31 09:19:10
1648718350788338000,160.5,1,160.5,7,161.0,9,2,2022-03-31 09:19:10
1648718350823640000,160.5,3,160.5,4,161.0,9,2,2022-03-31 09:19:10
1648718350858615000,160.5,1,160.5,3,161.0,9,2,2022-03-31 09:19:10
1648718350885283000,160.5,3,160.0,31,161.0,9,2,2022-03-31 09:19:10
1648718356643050000,160.5,1,160.5,1,161.0,21,1,2022-03-31 09:19:16
1648718356671847000,160.5,1,160.0,25,161.0,21,2,2022-03-31 09:19:16
1648718364141813000,160.5,5,160.0,27,160.5,18,1,2022-03-31 09:19:24
1648718372485089000,160.5,1,160.0,28,160.5,19,1,2022-03-31 09:19:32
1648718376290818000,160.0,1,160.0,32,160.5,19,2,2022-03-31 09:19:36
1648718392337177000,160.0,1,160.0,34,160.5,22,2,2022-03-31 09:19:52
1648718394000632000,160.0,1,160.0,33,160.5,22,2,2022-03-31 09:19:54
1648718410211099000,160.0,1,160.0,36,160.5,22,2,2022-03-31 09:20:10
1648718421131353000,160.5,1,160.0,37,160.5,22,1,2022-03-31 09:20:21
1648718422641012000,160.5,14,160.0,42,160.5,7,1,2022-03-31 09:20:22
1648718422673335000,160.5,7,160.0,42,161.0,28,1,2022-03-31 09:20:22
1648718423543653000,160.5,1,160.5,11,161.0,29,2,2022-03-31 09:20:23
1648718427121712000,160.5,1,160.5,21,161.0,27,2,2022-03-31 09:20:27
1648718431594917000,160.5,1,160.5,21,161.0,27,2,2022-03-31 09:20:31
1648718432951634000,160.5,1,160.5,21,161.0,27,2,2022-03-31 09:20:32
1648718434016959000,160.5,1,160.5,19,161.0,27,2,2022-03-31 09:20:34
1648718457150246000,161.0,2,160.5,27,161.0,26,1,2022-03-31 09:20:57
1648718461401639000,161.0,1,160.5,28,161.0,25,1,2022-03-31 09:21:01
1648718461432960000,161.0,13,160.5,28,161.0,12,1,2022-03-31 09:21:01
1648718461460240000,161.0,6,160.5,28,161.0,6,1,2022-03-31 09:21:01
1648718461460258000,161.0,6,160.5,28,161.5,43,1,2022-03-31 09:21:01
1648718473231025000,161.0,1,161.0,15,161.5,41,2,2022-03-31 09:21:13
1648718474717689000,161.0,1,161.0,14,161.5,41,2,2022-03-31 09:21:14
1648718480073626000,161.0,1,161.0,5,161.5,52,2,2022-03-31 09:21:20
1648718483161072000,161.0,1,161.0,5,161.5,72,2,2022-03-31 09:21:23
1648718483483670000,161.0,1,161.0,4,161.5,72,2,2022-03-31 09:21:23
1648718494495169000,161.0,6,160.5,21,161.0,9,2,2022-03-31 09:21:34
1648718494700010000,161.0,1,160.5,15,161.0,9,1,2022-03-31 09:21:34
1648718504147338000,161.0,1,160.5,25,161.0,13,1,2022-03-31 09:21:44
1648718513764409000,161.0,1,160.5,28,161.0,25,1,2022-03-31 09:21:53
1648718530894601000,160.5,30,160.5,2,161.0,48,2,2022-03-31 09:22:10
1648718530918816000,160.5,2,160.0,59,161.0,48,2,2022-03-31 09:22:10
1648718531075729000,160.5,1,160.0,53,160.5,4,1,2022-03-31 09:22:11
1648718540952629000,160.0,1,160.0,52,160.5,38,2,2022-03-31 09:22:20
1648718543437372000,160.0,1,160.0,51,160.5,39,2,2022-03-31 09:22:23
1648718544514922000,160.0,10,160.0,41,160.5,39,2,2022-03-31 09:22:24
1648718544549251000,160.0,5,160.0,36,160.5,39,2,2022-03-31 09:22:24
1648718544586711000,160.0,1,160.0,35,160.5,39,2,2022-03-31 09:22:24
1648718544596038000,160.0,5,160.0,30,160.5,39,2,2022-03-31 09:22:24
1648718544630476000,160.0,1,160.0,29,160.5,39,2,2022-03-31 09:22:24
1648718544638257000,160.0,22,160.0,7,160.5,39,2,2022-03-31 09:22:24
1648718544671403000,160.0,6,160.0,1,160.5,39,2,2022-03-31 09:22:24
1648718544672141000,160.0,1,159.5,30,160.0,1,2,2022-03-31 09:22:24
1648718545279822000,159.5,1,159.5,24,160.0,4,2,2022-03-31 09:22:25
1648718545389913000,159.5,2,159.5,22,160.0,4,2,2022-03-31 09:22:25
1648718545417737000,160.0,1,159.5,22,160.0,3,1,2022-03-31 09:22:25
1648718546361076000,160.0,3,159.5,22,160.5,37,1,2022-03-31 09:22:26
1648718547971557000,159.5,2,159.5,21,160.0,2,2,2022-03-31 09:22:27
1648718548020653000,160.0,1,159.5,21,160.0,1,1,2022-03-31 09:22:28
1648718551014345000,159.5,1,159.5,21,160.0,12,2,2022-03-31 09:22:31
1648718551498960000,159.5,1,159.5,20,160.0,12,2,2022-03-31 09:22:31
1648718551560980000,159.5,1,159.5,19,160.0,12,2,2022-03-31 09:22:31
1648718561151110000,159.5,1,159.5,18,160.0,17,2,2022-03-31 09:22:41
1648718566431946000,159.5,1,159.5,17,160.0,19,2,2022-03-31 09:22:46
1648718579745746000,160.0,3,159.5,19,160.0,7,1,2022-03-31 09:22:59
1648718580506622000,159.5,10,159.5,9,160.0,7,2,2022-03-31 09:23:00
1648718580545943000,159.5,1,159.5,8,160.0,9,2,2022-03-31 09:23:00
1648718589158897000,159.5,2,159.5,10,160.0,12,2,2022-03-31 09:23:09
1648718593149449000,159.5,2,159.5,9,160.0,14,2,2022-03-31 09:23:13
1648718599455554000,159.5,9,159.0,81,159.5,1,2,2022-03-31 09:23:19
1648718600006537000,159.5,1,159.0,81,160.0,12,1,2022-03-31 09:23:20
1648718603968648000,159.5,1,159.0,81,159.5,1,1,2022-03-31 09:23:23
1648718605094225000,159.5,1,159.0,81,160.0,12,1,2022-03-31 09:23:25
1648718605126437000,160.0,5,159.0,81,160.0,7,1,2022-03-31 09:23:25
1648718612166970000,160.0,7,159.5,14,160.5,36,1,2022-03-31 09:23:32
1648718619424442000,160.0,1,159.5,35,160.0,2,1,2022-03-31 09:23:39
1648718620414533000,160.0,2,159.5,35,160.5,36,1,2022-03-31 09:23:40
1648718622463232000,160.0,1,159.5,35,160.5,35,1,2022-03-31 09:23:42
1648718640839998000,160.0,1,160.0,5,160.5,36,2,2022-03-31 09:24:00
1648718648046193000,160.0,1,160.0,5,160.5,37,2,2022-03-31 09:24:08
1648718655599420000,160.5,1,160.0,12,160.5,37,1,2022-03-31 09:24:15
1648718656142010000,160.0,3,160.0,9,160.5,37,2,2022-03-31 09:24:16
1648718666480524000,160.0,1,160.0,9,160.5,39,2,2022-03-31 09:24:26
1648718676358283000,160.0,1,160.0,8,160.5,39,2,2022-03-31 09:24:36
1648718676364505000,160.0,1,160.0,7,160.5,39,2,2022-03-31 09:24:36
1648718682195537000,160.0,1,160.0,6,160.5,39,2,2022-03-31 09:24:42
1648718682585744000,160.0,1,160.0,5,160.5,39,2,2022-03-31 09:24:42
1648718688279893000,160.0,2,160.0,4,160.5,40,2,2022-03-31 09:24:48
1648718692255673000,160.0,7,159.5,28,160.0,3,2,2022-03-31 09:24:52
1648718692292200000,160.0,3,159.5,28,160.5,40,1,2022-03-31 09:24:52
1648718692374131000,160.0,1,159.5,27,160.5,39,1,2022-03-31 09:24:52
1648718692456636000,160.0,1,159.5,27,160.5,39,1,2022-03-31 09:24:52
1648718692697528000,160.0,1,159.5,28,160.5,38,1,2022-03-31 09:24:52
1648718716806993000,160.0,1,159.5,30,160.0,3,1,2022-03-31 09:25:16
1648718717350945000,160.0,1,159.5,30,160.0,2,1,2022-03-31 09:25:17
1648718723448993000,160.0,3,160.0,2,160.5,37,1,2022-03-31 09:25:23
1648718725877317000,160.0,1,160.0,1,160.5,39,2,2022-03-31 09:25:25
1648718731187073000,160.0,2,159.5,31,160.0,1,2,2022-03-31 09:25:31
1648718741860427000,160.0,1,159.5,20,160.0,4,1,2022-03-31 09:25:41
1648718748931521000,160.0,1,159.5,21,160.0,4,1,2022-03-31 09:25:48
1648718755872424000,160.0,1,159.5,21,160.0,6,1,2022-03-31 09:25:55
1648718756287532000,160.0,3,159.5,21,160.0,3,1,2022-03-31 09:25:56
1648718795266755000,160.0,1,159.5,21,160.0,9,1,2022-03-31 09:26:35
1648718805792068000,160.0,4,159.5,22,160.0,4,1,2022-03-31 09:26:45
1648718806790993000,160.0,1,159.5,23,160.0,3,1,2022-03-31 09:26:46
1648718808818570000,160.0,3,160.0,7,160.5,43,1,2022-03-31 09:26:48
1648718814411697000,160.5,1,160.0,8,160.5,43,1,2022-03-31 09:26:54
1648718824553625000,160.5,1,160.0,10,160.5,43,1,2022-03-31 09:27:04
1648718833424900000,160.0,12,159.5,25,160.5,43,2,2022-03-31 09:27:13
1648718842271804000,160.0,1,159.5,22,160.0,2,1,2022-03-31 09:27:22
1648718846518407000,160.0,1,159.5,24,160.0,1,1,2022-03-31 09:27:26
1648718846543621000,160.0,1,159.5,24,160.5,47,1,2022-03-31 09:27:26
1648718900074844000,160.0,2,160.0,14,160.5,49,2,2022-03-31 09:28:20
1648718901333075000,160.0,2,160.0,12,160.5,49,2,2022-03-31 09:28:21
1648718908874216000,160.5,2,160.0,12,160.5,47,1,2022-03-31 09:28:28
1648718908937870000,160.5,12,160.0,12,160.5,35,1,2022-03-31 09:28:28
1648718908968738000,160.5,35,160.0,12,161.0,73,1,2022-03-31 09:28:28
1648718909040594000,160.0,3,160.0,16,161.0,73,2,2022-03-31 09:28:29
1648718910766846000,160.5,1,160.5,3,161.0,73,2,2022-03-31 09:28:30
1648718914075492000,160.5,1,160.5,7,161.0,73,2,2022-03-31 09:28:34
1648718933975608000,161.0,3,160.5,11,161.0,70,1,2022-03-31 09:28:53
1648718934031986000,161.0,12,160.5,11,161.0,58,1,2022-03-31 09:28:54
1648718934065777000,161.0,16,160.5,11,161.0,42,1,2022-03-31 09:28:54
1648718934066194000,161.0,15,160.5,11,161.0,27,1,2022-03-31 09:28:54
1648718934066401000,161.0,27,160.5,11,161.5,79,1,2022-03-31 09:28:54
1648718935965552000,161.0,1,161.0,6,161.5,78,2,2022-03-31 09:28:55
1648718944075921000,161.0,1,161.0,4,161.5,79,2,2022-03-31 09:29:04
1648718955549150000,161.0,2,161.0,3,161.5,79,2,2022-03-31 09:29:15
1648718956155979000,161.5,1,161.0,3,161.5,78,1,2022-03-31 09:29:16
1648718956400547000,161.5,1,161.0,7,161.5,77,1,2022-03-31 09:29:16
1648718968558784000,161.0,2,161.0,2,161.5,83,2,2022-03-31 09:29:28
1648718969367024000,161.0,1,161.0,1,161.5,83,2,2022-03-31 09:29:29
1648718970830854000,161.0,1,160.5,18,161.5,83,2,2022-03-31 09:29:30
1648718980332489000,161.0,1,160.5,11,161.0,4,1,2022-03-31 09:29:40
1648718982112547000,160.5,2,160.5,12,161.0,5,2,2022-03-31 09:29:42
1648718982411118000,161.0,1,160.5,12,161.0,4,1,2022-03-31 09:29:42
1648718984513020000,161.0,1,160.5,11,161.0,4,1,2022-03-31 09:29:44
1648718995210351000,161.0,1,160.5,12,161.0,3,1,2022-03-31 09:29:55
1648718999062213000,161.0,1,160.5,14,161.0,3,1,2022-03-31 09:29:59
1648719000466019000,161.0,3,160.5,14,161.5,84,1,2022-03-31 09:30:00
1648719003798870000,161.0,2,160.5,20,161.5,84,1,2022-03-31 09:30:03
1648719007195409000,161.0,1,161.0,1,161.5,84,2,2022-03-31 09:30:07
1648719008050451000,161.0,1,161.0,2,161.5,84,2,2022-03-31 09:30:08
1648719029317402000,161.0,1,161.0,13,161.5,84,2,2022-03-31 09:30:29
1648719030468972000,161.0,1,161.0,12,161.5,84,2,2022-03-31 09:30:30
1648719036911064000,161.0,1,161.0,21,161.5,85,2,2022-03-31 09:30:36
1648719088644541000,161.0,1,161.0,44,161.5,81,2,2022-03-31 09:31:28
1648719099318121000,161.5,1,161.0,46,161.5,79,1,2022-03-31 09:31:39
1648719099369368000,161.5,12,161.0,46,161.5,67,1,2022-03-31 09:31:39
1648719099401343000,161.5,9,161.0,46,161.5,58,1,2022-03-31 09:31:39
1648719099401626000,161.5,40,161.0,46,161.5,18,1,2022-03-31 09:31:39
1648719099435585000,161.5,2,161.0,46,161.5,16,1,2022-03-31 09:31:39
1648719099435638000,161.5,4,161.0,46,161.5,12,1,2022-03-31 09:31:39
1648719099435738000,161.5,12,161.0,46,162.0,50,1,2022-03-31 09:31:39
1648719104793021000,162.0,30,161.5,23,162.0,20,1,2022-03-31 09:31:44
1648719104843029000,162.0,1,161.5,29,162.0,19,1,2022-03-31 09:31:44
1648719104916102000,162.0,1,161.5,29,162.0,18,1,2022-03-31 09:31:44
1648719104954167000,162.0,16,161.5,29,162.0,2,1,2022-03-31 09:31:44
1648719104976725000,161.5,1,161.5,28,162.0,2,2,2022-03-31 09:31:44
1648719104979423000,162.0,2,161.5,28,162.5,74,1,2022-03-31 09:31:44
1648719105758553000,161.5,1,161.5,13,162.5,74,2,2022-03-31 09:31:45
1648719107977473000,162.0,1,162.0,1,162.5,74,2,2022-03-31 09:31:47
1648719107977564000,162.0,1,161.5,11,162.5,74,2,2022-03-31 09:31:47
1648719109566038000,162.5,2,161.5,12,162.5,72,1,2022-03-31 09:31:49
1648719109613771000,162.5,2,161.5,12,162.5,70,1,2022-03-31 09:31:49
1648719109794258000,161.5,1,161.5,13,162.5,70,2,2022-03-31 09:31:49
1648719109847224000,161.5,1,161.5,12,162.5,70,2,2022-03-31 09:31:49
1648719110124940000,162.5,1,161.5,14,162.5,69,1,2022-03-31 09:31:50
1648719110564484000,162.5,1,161.5,15,162.5,68,1,2022-03-31 09:31:50
1648719111733571000,162.0,1,161.5,7,162.5,68,2,2022-03-31 09:31:51
1648719111733571000,161.5,9,161.5,7,162.5,68,2,2022-03-31 09:31:51
1648719112615923000,162.5,1,161.5,7,162.5,68,1,2022-03-31 09:31:52
1648719114242833000,162.5,1,162.0,2,162.5,68,1,2022-03-31 09:31:54
1648719115485704000,162.0,1,162.0,1,162.5,68,2,2022-03-31 09:31:55
1648719119479333000,162.5,1,162.0,7,162.5,65,1,2022-03-31 09:31:59
1648719121487541000,162.0,1,162.0,10,162.5,66,2,2022-03-31 09:32:01
1648719127015898000,162.0,1,162.0,23,162.5,68,2,2022-03-31 09:32:07
1648719129134282000,162.0,27,162.0,1,162.5,74,2,2022-03-31 09:32:09
1648719129176897000,162.0,1,161.5,24,162.5,74,2,2022-03-31 09:32:09
1648719129308283000,161.5,1,161.5,19,162.0,2,2,2022-03-31 09:32:09
1648719129999077000,162.0,2,161.5,19,162.0,4,1,2022-03-31 09:32:09
1648719130375558000,162.0,2,161.5,19,162.0,5,1,2022-03-31 09:32:10
1648719130548248000,162.0,1,161.5,19,162.0,4,1,2022-03-31 09:32:10
1648719130717121000,162.0,4,161.5,19,162.0,2,1,2022-03-31 09:32:10
1648719131160541000,162.0,1,161.5,19,162.0,1,1,2022-03-31 09:32:11
1648719131238694000,162.0,1,161.5,19,162.5,99,1,2022-03-31 09:32:11
1648719132876845000,162.0,2,161.5,23,162.0,1,1,2022-03-31 09:32:12
1648719133062216000,162.0,2,161.5,19,162.0,2,1,2022-03-31 09:32:13
1648719133393714000,162.0,5,161.5,19,162.0,2,1,2022-03-31 09:32:13
1648719134263157000,162.0,1,161.5,19,162.0,5,1,2022-03-31 09:32:14
1648719135385824000,162.0,1,161.5,19,162.0,6,1,2022-03-31 09:32:15
1648719135891515000,162.0,2,161.5,19,162.0,4,1,2022-03-31 09:32:15
1648719136643996000,162.0,1,161.5,20,162.0,5,1,2022-03-31 09:32:16
1648719138386175000,162.0,1,161.5,21,162.0,13,1,2022-03-31 09:32:18
1648719139177477000,162.0,1,161.5,21,162.0,12,1,2022-03-31 09:32:19
1648719140207903000,162.0,1,161.5,18,162.0,13,1,2022-03-31 09:32:20
1648719140306615000,162.0,1,161.5,18,162.0,8,1,2022-03-31 09:32:20
1648719140393072000,162.0,1,161.5,18,162.0,7,1,2022-03-31 09:32:20
1648719141772880000,162.0,1,161.5,18,162.0,6,1,2022-03-31 09:32:21
1648719142193515000,162.0,1,161.5,18,162.0,5,1,2022-03-31 09:32:22
1648719142502331000,162.0,5,161.5,16,162.5,84,1,2022-03-31 09:32:22
1648719142502331000,162.5,35,161.5,16,162.5,84,1,2022-03-31 09:32:22
1648719146667077000,162.0,1,162.0,13,162.5,78,2,2022-03-31 09:32:26
1648719146830382000,162.5,10,162.0,13,162.5,72,1,2022-03-31 09:32:26
1648719148445415000,162.5,1,162.0,15,162.5,73,1,2022-03-31 09:32:28
1648719149074752000,162.5,5,162.0,18,162.5,69,1,2022-03-31 09:32:29
1648719151657086000,162.5,1,162.0,27,162.5,69,1,2022-03-31 09:32:31
1648719151823049000,162.5,1,162.0,27,162.5,68,1,2022-03-31 09:32:31
1648719152439438000,162.5,1,162.0,28,162.5,67,1,2022-03-31 09:32:32
1648719152446653000,162.5,1,162.0,28,162.5,66,1,2022-03-31 09:32:32
1648719153852538000,162.5,1,162.0,36,162.5,65,1,2022-03-31 09:32:33
1648719155120716000,162.5,4,162.0,46,162.5,62,1,2022-03-31 09:32:35
1648719155199711000,162.5,1,162.0,46,162.5,61,1,2022-03-31 09:32:35
1648719155711354000,162.5,1,162.0,48,162.5,60,1,2022-03-31 09:32:35
1648719155940827000,162.5,2,162.0,48,162.5,58,1,2022-03-31 09:32:35
1648719156130067000,162.5,8,162.0,49,162.5,50,1,2022-03-31 09:32:36
1648719157283062000,162.0,1,162.0,54,162.5,50,2,2022-03-31 09:32:37
1648719157468354000,162.5,1,162.0,55,162.5,49,1,2022-03-31 09:32:37
1648719157911793000,162.5,1,162.0,55,162.5,48,1,2022-03-31 09:32:37
1648719157940898000,162.0,10,162.0,45,162.5,48,2,2022-03-31 09:32:37
1648719157968600000,162.0,1,162.0,44,162.5,48,2,2022-03-31 09:32:37
1648719157998073000,162.5,1,162.0,44,162.5,47,1,2022-03-31 09:32:37
1648719158971699000,162.5,1,162.0,43,162.5,45,1,2022-03-31 09:32:38
1648719158993160000,162.5,1,162.0,43,162.5,44,1,2022-03-31 09:32:38
1648719159153261000,162.5,1,162.0,44,162.5,43,1,2022-03-31 09:32:39
1648719159387613000,162.5,1,162.0,46,162.5,42,1,2022-03-31 09:32:39
1648719160763168000,162.5,1,162.0,48,162.5,42,1,2022-03-31 09:32:40
1648719160944710000,162.5,1,162.0,48,162.5,42,1,2022-03-31 09:32:40
1648719161007735000,162.5,2,162.0,48,162.5,40,1,2022-03-31 09:32:41
1648719161862202000,162.5,1,162.0,48,162.5,39,1,2022-03-31 09:32:41
1648719161909464000,162.5,2,162.0,48,162.5,37,1,2022-03-31 09:32:41
1648719162182661000,162.5,1,162.0,48,162.5,36,1,2022-03-31 09:32:42
1648719162188430000,162.5,2,162.0,48,162.5,34,1,2022-03-31 09:32:42
1648719162482771000,162.5,1,162.0,48,162.5,33,1,2022-03-31 09:32:42
1648719162970303000,162.5,1,162.0,50,162.5,32,1,2022-03-31 09:32:42
1648719163501034000,162.0,1,162.0,49,162.5,33,2,2022-03-31 09:32:43
1648719163813995000,162.5,1,162.0,49,162.5,32,1,2022-03-31 09:32:43
1648719163876741000,162.5,1,162.0,49,162.5,31,1,2022-03-31 09:32:43
1648719164260899000,162.5,1,162.0,50,162.5,30,1,2022-03-31 09:32:44
1648719164582441000,162.5,10,162.0,50,162.5,20,1,2022-03-31 09:32:44
1648719164930385000,162.5,1,162.0,50,162.5,19,1,2022-03-31 09:32:44
1648719165259817000,162.5,1,162.0,50,162.5,20,1,2022-03-31 09:32:45
1648719165519738000,162.5,6,162.0,51,162.5,14,1,2022-03-31 09:32:45
1648719165564750000,162.5,2,162.0,51,162.5,12,1,2022-03-31 09:32:45
1648719165594629000,162.5,1,162.0,51,162.5,11,1,2022-03-31 09:32:45
1648719166045405000,162.5,1,162.0,52,162.5,10,1,2022-03-31 09:32:46
1648719166342396000,162.5,2,162.0,50,162.5,8,1,2022-03-31 09:32:46
1648719166448300000,162.5,1,162.0,51,162.5,7,1,2022-03-31 09:32:46
1648719166689624000,162.5,1,162.0,51,162.5,6,1,2022-03-31 09:32:46
1648719166841161000,162.5,2,162.0,52,162.5,4,1,2022-03-31 09:32:46
1648719166955833000,162.5,1,162.0,52,162.5,3,1,2022-03-31 09:32:46
1648719167035911000,162.5,1,162.0,52,162.5,2,1,2022-03-31 09:32:47
1648719167055302000,162.5,1,162.0,52,162.5,1,1,2022-03-31 09:32:47
1648719167069341000,162.5,1,162.0,52,163.0,100,1,2022-03-31 09:32:47
1648719167798547000,163.0,1,162.5,8,163.0,99,1,2022-03-31 09:32:47
1648719167843704000,163.0,1,162.5,8,163.0,98,1,2022-03-31 09:32:47
1648719167905324000,163.0,1,162.5,8,163.0,97,1,2022-03-31 09:32:47
1648719168065136000,163.0,1,162.5,10,163.0,96,1,2022-03-31 09:32:48
1648719168433741000,163.0,1,162.5,17,163.0,95,1,2022-03-31 09:32:48
1648719169057049000,162.5,1,162.5,21,163.0,95,2,2022-03-31 09:32:49
1648719169186532000,162.5,1,162.5,20,163.0,95,2,2022-03-31 09:32:49
1648719169214801000,162.5,20,162.0,57,163.0,95,2,2022-03-31 09:32:49
1648719169482957000,162.5,1,162.0,57,163.0,96,2,2022-03-31 09:32:49
1648719169788303000,162.5,1,162.0,58,163.0,96,2,2022-03-31 09:32:49
1648719170701149000,163.0,1,162.5,2,163.0,95,1,2022-03-31 09:32:50
1648719170729886000,162.5,2,162.0,57,163.0,95,2,2022-03-31 09:32:50
1648719171050071000,163.0,1,162.5,3,163.0,84,1,2022-03-31 09:32:51
1648719171384109000,162.5,2,162.5,1,163.0,84,2,2022-03-31 09:32:51
1648719171408131000,162.5,1,162.0,57,163.0,84,2,2022-03-31 09:32:51
1648719172075908000,162.5,1,162.0,57,162.5,1,2,2022-03-31 09:32:52
1648719172513754000,162.5,1,162.0,53,163.0,85,1,2022-03-31 09:32:52
1648719172837213000,162.0,1,162.0,52,163.0,85,2,2022-03-31 09:32:52
1648719173389469000,162.5,1,162.0,52,163.0,88,2,2022-03-31 09:32:53
1648719175760168000,162.5,1,162.0,56,162.5,4,1,2022-03-31 09:32:55
1648719176075771000,162.5,4,162.0,58,163.0,114,1,2022-03-31 09:32:56
1648719176609158000,162.5,1,162.0,59,162.5,8,1,2022-03-31 09:32:56
1648719177043715000,162.5,1,162.0,60,162.5,8,1,2022-03-31 09:32:57
1648719177443587000,162.5,2,162.0,62,162.5,11,1,2022-03-31 09:32:57
1648719177840130000,162.5,1,162.0,62,162.5,10,1,2022-03-31 09:32:57
1648719177924797000,162.5,2,162.0,62,162.5,8,1,2022-03-31 09:32:57
1648719178329135000,162.5,1,162.0,63,162.5,7,1,2022-03-31 09:32:58
1648719178587999000,162.5,4,162.0,64,162.5,8,1,2022-03-31 09:32:58
1648719178864151000,162.5,1,162.0,64,162.5,7,1,2022-03-31 09:32:58
1648719178895692000,162.5,1,162.0,64,162.5,6,1,2022-03-31 09:32:58
1648719178920929000,162.5,1,162.0,64,162.5,5,1,2022-03-31 09:32:58
1648719179157796000,162.5,1,162.0,65,162.5,5,1,2022-03-31 09:32:59
1648719179246450000,162.5,1,162.0,65,162.5,4,1,2022-03-31 09:32:59
1648719179348983000,162.5,1,162.0,65,162.5,3,1,2022-03-31 09:32:59
1648719179731233000,162.5,2,162.0,65,162.5,1,1,2022-03-31 09:32:59
1648719180890628000,162.5,1,162.0,66,162.5,3,1,2022-03-31 09:33:00
1648719180952427000,162.5,1,162.0,66,162.5,2,1,2022-03-31 09:33:00
1648719182021090000,162.5,1,162.0,68,162.5,1,1,2022-03-31 09:33:02
1648719182090137000,162.5,1,162.0,68,163.0,121,1,2022-03-31 09:33:02
1648719182124367000,162.5,1,162.0,69,163.0,122,2,2022-03-31 09:33:02
1648719182366501000,162.5,1,162.0,70,163.0,117,1,2022-03-31 09:33:02
1648719182366501000,163.0,2,162.0,70,163.0,117,1,2022-03-31 09:33:02
1648719183154516000,162.5,2,162.0,70,163.0,120,2,2022-03-31 09:33:03
1648719184013217000,162.5,1,162.5,3,163.0,112,2,2022-03-31 09:33:04
1648719186087028000,163.0,1,162.5,24,163.0,111,1,2022-03-31 09:33:06
1648719188472953000,162.5,2,162.5,31,163.0,160,2,2022-03-31 09:33:08
1648719188472997000,162.5,8,162.5,23,163.0,160,2,2022-03-31 09:33:08
1648719188549472000,162.5,16,162.5,7,163.0,160,2,2022-03-31 09:33:08
1648719188576534000,162.5,7,162.0,69,163.0,160,2,2022-03-31 09:33:08
1648719188787511000,162.5,1,162.0,69,163.0,151,1,2022-03-31 09:33:08
1648719188934620000,162.5,1,162.0,69,163.0,148,2,2022-03-31 09:33:08
1648719189256889000,162.5,1,162.0,68,163.0,151,2,2022-03-31 09:33:09
1648719189515844000,162.5,1,162.0,68,162.5,1,1,2022-03-31 09:33:09
1648719189693283000,162.5,1,162.0,67,162.5,4,1,2022-03-31 09:33:09
1648719189803976000,162.5,2,162.0,67,162.5,2,1,2022-03-31 09:33:09
1648719190110614000,162.5,1,162.0,68,162.5,9,1,2022-03-31 09:33:10
1648719190670671000,162.5,4,162.0,68,162.5,8,1,2022-03-31 09:33:10
1648719190806686000,162.5,1,162.0,68,162.5,4,1,2022-03-31 09:33:10
1648719190918200000,162.5,1,162.0,68,162.5,3,1,2022-03-31 09:33:10
1648719191334440000,162.5,1,162.0,68,162.5,2,1,2022-03-31 09:33:11
1648719191403931000,162.5,1,162.0,68,162.5,1,1,2022-03-31 09:33:11
1648719192224129000,162.5,1,162.0,69,162.5,2,1,2022-03-31 09:33:12
1648719193427992000,162.5,1,162.0,67,162.5,1,1,2022-03-31 09:33:13
1648719193796250000,162.5,1,162.0,67,163.0,150,1,2022-03-31 09:33:13
1648719194383544000,162.5,1,162.0,67,162.5,27,1,2022-03-31 09:33:14
1648719195039752000,162.5,10,162.0,69,162.5,18,1,2022-03-31 09:33:15
1648719195343216000,162.5,1,162.0,69,162.5,17,1,2022-03-31 09:33:15
1648719195542522000,162.5,1,162.0,69,162.5,16,1,2022-03-31 09:33:15
1648719196543586000,162.5,1,162.0,69,162.5,17,1,2022-03-31 09:33:16
1648719196983110000,162.5,1,162.0,70,162.5,16,1,2022-03-31 09:33:16
1648719197447612000,162.5,1,162.0,69,162.5,24,1,2022-03-31 09:33:17
1648719197527519000,162.5,2,162.0,69,162.5,22,1,2022-03-31 09:33:17
1648719198182900000,162.5,4,162.0,69,162.5,21,1,2022-03-31 09:33:18
1648719198403210000,162.5,1,162.0,69,162.5,20,1,2022-03-31 09:33:18
1648719198528619000,162.5,1,162.0,69,162.5,19,1,2022-03-31 09:33:18
1648719198872764000,162.5,1,162.0,70,162.5,18,1,2022-03-31 09:33:18
1648719199812114000,162.5,1,162.0,70,162.5,18,1,2022-03-31 09:33:19
1648719200239988000,162.5,1,162.0,70,162.5,17,1,2022-03-31 09:33:20
1648719200889150000,162.5,1,162.0,70,162.5,16,1,2022-03-31 09:33:20
1648719201156449000,162.5,1,162.0,70,162.5,16,1,2022-03-31 09:33:21
1648719202194079000,162.5,1,162.0,72,162.5,25,1,2022-03-31 09:33:22
1648719202383668000,162.5,1,162.0,72,162.5,24,1,2022-03-31 09:33:22
1648719202779379000,162.5,1,162.0,73,162.5,43,1,2022-03-31 09:33:22
1648719202952755000,162.5,1,162.0,73,162.5,42,1,2022-03-31 09:33:22
1648719203123553000,162.5,30,162.0,73,162.5,12,1,2022-03-31 09:33:23
1648719203520158000,162.5,1,162.0,73,162.5,11,1,2022-03-31 09:33:23
1648719204135568000,162.5,1,162.0,73,162.5,10,1,2022-03-31 09:33:24
1648719204250090000,162.5,1,162.0,73,162.5,9,1,2022-03-31 09:33:24
1648719204344004000,162.5,1,162.0,73,162.5,8,1,2022-03-31 09:33:24
1648719204350945000,162.5,1,162.0,73,162.5,7,1,2022-03-31 09:33:24
1648719204358618000,162.5,1,162.0,73,162.5,6,1,2022-03-31 09:33:24
1648719204676456000,162.5,1,162.0,73,162.5,6,1,2022-03-31 09:33:24
1648719205239227000,162.5,5,162.0,74,162.5,1,1,2022-03-31 09:33:25
1648719205586304000,162.5,1,162.0,74,163.0,164,1,2022-03-31 09:33:25
1648719205917160000,163.0,1,162.0,74,163.0,163,1,2022-03-31 09:33:25
1648719206380214000,162.5,1,162.5,1,163.0,159,2,2022-03-31 09:33:26
1648719207017803000,163.0,1,162.5,6,163.0,158,1,2022-03-31 09:33:27
1648719207377605000,162.5,1,162.5,6,163.0,158,2,2022-03-31 09:33:27
1648719209395533000,163.0,1,162.5,10,163.0,156,1,2022-03-31 09:33:29
1648719209477771000,163.0,1,162.5,10,163.0,155,1,2022-03-31 09:33:29
1648719210475511000,162.5,1,162.5,14,163.0,155,2,2022-03-31 09:33:30
1648719211086215000,162.5,1,162.5,13,163.0,155,2,2022-03-31 09:33:31
1648719211560422000,162.5,5,162.5,13,163.0,155,2,2022-03-31 09:33:31
1648719215177573000,162.5,1,162.5,34,163.0,156,2,2022-03-31 09:33:35
1648719215430099000,162.5,1,162.5,33,163.0,156,2,2022-03-31 09:33:35
1648719217430726000,163.0,1,162.5,40,163.0,155,1,2022-03-31 09:33:37
1648719217563368000,162.5,1,162.5,40,163.0,155,2,2022-03-31 09:33:37
1648719219243838000,163.0,1,162.5,42,163.0,155,1,2022-03-31 09:33:39
1648719220036567000,163.0,1,162.5,42,163.0,155,1,2022-03-31 09:33:40
1648719220978480000,162.5,1,162.5,46,163.0,154,2,2022-03-31 09:33:40
1648719222678882000,163.0,1,162.5,48,163.0,153,1,2022-03-31 09:33:42
1648719222755131000,163.0,1,162.5,48,163.0,152,1,2022-03-31 09:33:42
1648719225238199000,163.0,1,162.5,52,163.0,153,1,2022-03-31 09:33:45
1648719226312040000,163.0,1,162.5,54,163.0,152,1,2022-03-31 09:33:46
1648719226455196000,163.0,1,162.5,54,163.0,151,1,2022-03-31 09:33:46
1648719227328445000,163.0,1,162.5,66,163.0,150,1,2022-03-31 09:33:47
1648719228140503000,163.0,1,162.5,68,163.0,149,1,2022-03-31 09:33:48
1648719229105810000,163.0,1,162.5,72,163.0,148,1,2022-03-31 09:33:49
1648719230130333000,163.0,1,162.5,81,163.0,147,1,2022-03-31 09:33:50
1648719231044691000,163.0,1,162.5,83,163.0,146,1,2022-03-31 09:33:51
1648719231486468000,163.0,1,162.5,83,163.0,145,1,2022-03-31 09:33:51
1648719232076444000,163.0,1,162.5,83,163.0,144,1,2022-03-31 09:33:52
1648719232874085000,163.0,1,162.5,86,163.0,143,1,2022-03-31 09:33:52
1648719233404662000,162.5,1,162.5,87,163.0,143,2,2022-03-31 09:33:53
1648719233478805000,163.0,5,162.5,87,163.0,138,1,2022-03-31 09:33:53
1648719234022088000,163.0,1,162.5,87,163.0,138,1,2022-03-31 09:33:54
1648719234287535000,163.0,1,162.5,87,163.0,137,1,2022-03-31 09:33:54
1648719236749181000,163.0,1,162.5,87,163.0,139,1,2022-03-31 09:33:56
1648719237034603000,163.0,1,162.5,86,163.0,135,1,2022-03-31 09:33:57
1648719237934584000,163.0,1,162.5,86,163.0,134,1,2022-03-31 09:33:57
1648719239102252000,163.0,1,162.5,86,163.0,133,1,2022-03-31 09:33:59
1648719239507002000,163.0,1,162.5,87,163.0,132,1,2022-03-31 09:33:59
1648719240151339000,163.0,1,162.5,88,163.0,131,1,2022-03-31 09:34:00
1648719241174731000,163.0,1,162.5,86,163.0,130,1,2022-03-31 09:34:01
1648719243733373000,163.0,1,162.5,88,163.0,129,1,2022-03-31 09:34:03
1648719244289725000,163.0,1,162.5,87,163.0,128,1,2022-03-31 09:34:04
1648719244407271000,163.0,3,162.5,84,163.0,125,1,2022-03-31 09:34:04
1648719245723298000,163.0,1,162.5,83,163.0,124,1,2022-03-31 09:34:05
1648719247451758000,163.0,1,162.5,84,163.0,123,1,2022-03-31 09:34:07
1648719250823418000,163.0,1,162.5,121,163.0,125,1,2022-03-31 09:34:10
1648719252547083000,163.0,1,162.5,122,163.0,124,1,2022-03-31 09:34:12
1648719252760152000,163.0,1,162.5,122,163.0,123,1,2022-03-31 09:34:12
1648719253547723000,163.0,1,162.5,124,163.0,122,1,2022-03-31 09:34:13
1648719255011702000,163.0,1,162.5,126,163.0,121,1,2022-03-31 09:34:15
1648719255187453000,163.0,1,162.5,127,163.0,120,1,2022-03-31 09:34:15
1648719256745609000,163.0,1,162.5,128,163.0,119,1,2022-03-31 09:34:16
1648719258030228000,163.0,1,162.5,129,163.0,119,1,2022-03-31 09:34:18
1648719259488608000,163.0,1,162.5,130,163.0,118,1,2022-03-31 09:34:19
1648719259505175000,163.0,1,162.5,130,163.0,117,1,2022-03-31 09:34:19
1648719260039346000,163.0,1,162.5,130,163.0,116,1,2022-03-31 09:34:20
1648719260874392000,163.0,1,162.5,129,163.0,115,1,2022-03-31 09:34:20
1648719261394832000,163.0,1,162.5,129,163.0,114,1,2022-03-31 09:34:21
1648719261662095000,163.0,2,162.5,131,163.0,112,1,2022-03-31 09:34:21
1648719262969661000,163.0,1,162.5,130,163.0,110,1,2022-03-31 09:34:22
1648719264162608000,163.0,1,162.5,130,163.0,109,1,2022-03-31 09:34:24
1648719265371475000,163.0,1,162.5,135,163.0,108,1,2022-03-31 09:34:25
1648719265441390000,163.0,1,162.5,135,163.0,107,1,2022-03-31 09:34:25
1648719266832667000,163.0,1,162.5,135,163.0,106,1,2022-03-31 09:34:26
1648719268168505000,163.0,1,162.5,133,163.0,106,1,2022-03-31 09:34:28
1648719268503557000,163.0,1,162.5,136,163.0,105,1,2022-03-31 09:34:28
1648719268555373000,163.0,1,162.5,136,163.0,104,1,2022-03-31 09:34:28
1648719268949808000,163.0,10,162.5,138,163.0,94,1,2022-03-31 09:34:28
1648719269456065000,163.0,2,162.5,138,163.0,93,1,2022-03-31 09:34:29
1648719270004936000,163.0,1,162.5,137,163.0,92,1,2022-03-31 09:34:30
1648719270359122000,163.0,10,162.5,137,163.0,82,1,2022-03-31 09:34:30
1648719271293592000,163.0,1,162.5,137,163.0,82,1,2022-03-31 09:34:31
1648719271619679000,163.0,1,162.5,138,163.0,81,1,2022-03-31 09:34:31
1648719271660993000,163.0,1,162.5,138,163.0,80,1,2022-03-31 09:34:31
1648719271771548000,163.0,1,162.5,138,163.0,79,1,2022-03-31 09:34:31
1648719271890090000,163.0,10,162.5,138,163.0,69,1,2022-03-31 09:34:31
1648719272048485000,163.0,5,162.5,138,163.0,64,1,2022-03-31 09:34:32
1648719272121167000,163.0,1,162.5,139,163.0,63,1,2022-03-31 09:34:32
1648719272578319000,163.0,4,162.5,134,163.0,60,1,2022-03-31 09:34:32
1648719272614273000,163.0,1,162.5,135,163.0,59,1,2022-03-31 09:34:32
1648719272647436000,163.0,5,162.5,136,163.0,54,1,2022-03-31 09:34:32
1648719272732205000,163.0,1,162.5,136,163.0,53,1,2022-03-31 09:34:32
1648719272737463000,163.0,1,162.5,136,163.0,52,1,2022-03-31 09:34:32
1648719272908462000,163.0,3,162.5,136,163.0,49,1,2022-03-31 09:34:32
1648719272990003000,163.0,1,162.5,136,163.0,48,1,2022-03-31 09:34:32
1648719273013717000,163.0,10,162.5,126,163.0,38,1,2022-03-31 09:34:33
1648719273049046000,163.0,1,162.5,126,163.0,38,1,2022-03-31 09:34:33
1648719273049843000,163.0,1,162.5,126,163.0,37,1,2022-03-31 09:34:33
1648719273063584000,163.0,1,162.5,126,163.0,36,1,2022-03-31 09:34:33
1648719273167121000,163.0,1,162.5,124,163.0,35,1,2022-03-31 09:34:33
1648719273337214000,163.0,1,162.5,124,163.0,34,1,2022-03-31 09:34:33
1648719273484017000,163.0,1,162.5,124,163.0,33,1,2022-03-31 09:34:33
1648719273491278000,163.0,1,162.5,124,163.0,32,1,2022-03-31 09:34:33
1648719273546737000,163.0,1,162.5,124,163.0,31,1,2022-03-31 09:34:33
1648719273661455000,163.0,1,162.5,124,163.0,30,1,2022-03-31 09:34:33
1648719273677881000,163.0,2,162.5,124,163.0,28,1,2022-03-31 09:34:33
1648719273682282000,163.0,5,162.5,124,163.0,23,1,2022-03-31 09:34:33
1648719273795793000,163.0,2,162.5,124,163.0,21,1,2022-03-31 09:34:33
1648719274001772000,163.0,1,162.5,124,163.0,20,1,2022-03-31 09:34:34
1648719274104413000,163.0,1,162.5,124,163.0,19,1,2022-03-31 09:34:34
1648719274126065000,163.0,1,162.5,124,163.0,18,1,2022-03-31 09:34:34
1648719274556774000,163.0,1,162.5,125,163.0,17,1,2022-03-31 09:34:34
1648719274596777000,163.0,1,162.5,125,163.0,16,1,2022-03-31 09:34:34
1648719274662165000,163.0,1,162.5,125,163.0,15,1,2022-03-31 09:34:34
1648719274676679000,163.0,1,162.5,125,163.0,14,1,2022-03-31 09:34:34
1648719274690240000,163.0,1,162.5,125,163.0,13,1,2022-03-31 09:34:34
1648719274697415000,163.0,1,162.5,125,163.0,12,1,2022-03-31 09:34:34
1648719274727738000,163.0,1,162.5,125,163.0,11,1,2022-03-31 09:34:34
1648719274866249000,163.0,1,162.5,125,163.0,10,1,2022-03-31 09:34:34
1648719274949577000,163.0,4,162.5,125,163.0,6,1,2022-03-31 09:34:34
1648719274987357000,163.0,2,162.5,125,163.0,4,1,2022-03-31 09:34:34
1648719275134552000,163.0,1,162.5,125,163.0,4,1,2022-03-31 09:34:35
1648719275135928000,163.0,1,162.5,125,163.0,3,1,2022-03-31 09:34:35
1648719275141346000,163.0,3,162.5,125,163.5,132,1,2022-03-31 09:34:35
1648719275179220000,163.0,1,162.5,124,163.5,132,2,2022-03-31 09:34:35
1648719275380857000,163.5,1,162.5,124,163.5,149,1,2022-03-31 09:34:35
1648719275425519000,163.5,1,163.0,1,163.5,149,1,2022-03-31 09:34:35
1648719275438085000,163.5,1,163.0,1,163.5,148,1,2022-03-31 09:34:35
1648719275443271000,163.0,1,162.5,124,163.5,148,2,2022-03-31 09:34:35
1648719275506373000,163.0,1,163.0,1,163.5,148,2,2022-03-31 09:34:35
1648719275506737000,163.0,1,162.5,124,163.5,148,2,2022-03-31 09:34:35
1648719275570271000,163.0,1,162.5,124,163.5,148,2,2022-03-31 09:34:35
1648719275746768000,163.0,1,162.5,123,163.5,148,1,2022-03-31 09:34:35
1648719275877094000,163.0,1,162.5,123,163.0,4,1,2022-03-31 09:34:35
1648719275997531000,163.0,2,162.5,123,163.0,2,1,2022-03-31 09:34:35
1648719276301853000,163.0,1,163.0,2,163.5,148,1,2022-03-31 09:34:36
1648719276329266000,163.0,2,162.5,123,163.5,148,2,2022-03-31 09:34:36
1648719276452021000,163.0,1,163.0,5,163.5,148,2,2022-03-31 09:34:36
1648719276521965000,163.0,4,163.0,1,163.5,148,2,2022-03-31 09:34:36
1648719276523972000,163.0,1,162.5,123,163.5,148,2,2022-03-31 09:34:36
1648719276602865000,163.0,4,162.5,120,163.0,1,1,2022-03-31 09:34:36
1648719276629716000,163.0,1,162.5,120,163.5,148,1,2022-03-31 09:34:36
1648719276818671000,163.0,2,162.5,120,163.5,148,2,2022-03-31 09:34:36
1648719277087831000,163.0,2,163.0,1,163.5,148,2,2022-03-31 09:34:37
1648719277111649000,163.0,1,162.5,120,163.5,148,2,2022-03-31 09:34:37
1648719277344843000,163.0,2,163.0,2,163.5,148,2,2022-03-31 09:34:37
1648719279006349000,163.5,5,163.0,11,163.5,138,1,2022-03-31 09:34:39
1648719279597298000,163.0,8,163.0,4,163.5,140,2,2022-03-31 09:34:39
1648719279722666000,163.0,1,163.0,3,163.5,127,2,2022-03-31 09:34:39
1648719279890576000,163.0,2,163.0,1,163.5,136,2,2022-03-31 09:34:39
1648719280492781000,163.5,1,163.0,2,163.5,140,1,2022-03-31 09:34:40
1648719280555501000,163.0,1,163.0,2,163.5,135,2,2022-03-31 09:34:40
1648719280657975000,163.0,1,163.0,1,163.5,135,2,2022-03-31 09:34:40
1648719280873578000,163.0,1,163.0,2,163.5,135,2,2022-03-31 09:34:40
1648719280888145000,163.0,1,163.0,1,163.5,135,2,2022-03-31 09:34:40
1648719281666579000,163.0,1,163.0,8,163.5,129,2,2022-03-31 09:34:41
1648719283439648000,163.0,1,163.0,22,163.5,129,2,2022-03-31 09:34:43
1648719283542420000,163.0,1,163.0,21,163.5,130,2,2022-03-31 09:34:43
1648719283658369000,163.5,1,163.0,21,163.5,129,1,2022-03-31 09:34:43
1648719284834289000,163.0,1,163.0,22,163.5,127,2,2022-03-31 09:34:44
1648719285192041000,163.0,32,162.5,109,163.5,127,2,2022-03-31 09:34:45
1648719285225234000,162.5,15,162.5,94,163.5,127,2,2022-03-31 09:34:45
1648719285361292000,163.0,1,162.5,94,163.0,11,1,2022-03-31 09:34:45
1648719285904023000,163.0,1,162.5,95,163.0,10,1,2022-03-31 09:34:45
1648719286134723000,163.0,1,162.5,95,163.0,9,1,2022-03-31 09:34:46
1648719286446195000,163.0,1,162.5,95,163.0,8,1,2022-03-31 09:34:46
1648719286449895000,163.0,1,162.5,94,163.0,7,1,2022-03-31 09:34:46
1648719286729537000,163.0,1,162.5,94,163.0,7,1,2022-03-31 09:34:46
1648719286881481000,163.0,1,162.5,94,163.0,11,1,2022-03-31 09:34:46
1648719287261560000,163.0,1,162.5,94,163.0,12,1,2022-03-31 09:34:47
1648719287968001000,163.0,1,162.5,94,163.0,13,1,2022-03-31 09:34:47
1648719288038403000,163.0,1,162.5,94,163.0,7,1,2022-03-31 09:34:48
1648719288141253000,163.0,1,162.5,94,163.0,7,1,2022-03-31 09:34:48
1648719289057730000,163.0,10,163.0,5,163.5,132,1,2022-03-31 09:34:49
1648719289081255000,163.0,5,162.5,94,163.5,132,2,2022-03-31 09:34:49
1648719289749638000,163.0,1,162.5,95,163.0,1,1,2022-03-31 09:34:49
1648719289766197000,163.0,1,162.5,95,163.5,132,1,2022-03-31 09:34:49
1648719290537319000,163.0,1,162.5,96,163.5,132,1,2022-03-31 09:34:50
1648719291176618000,163.0,1,162.5,97,163.5,132,2,2022-03-31 09:34:51
1648719291426585000,163.0,1,162.5,97,163.5,132,1,2022-03-31 09:34:51
1648719291986879000,163.0,1,162.5,97,163.0,5,1,2022-03-31 09:34:51
1648719291996103000,163.0,1,162.5,97,163.0,4,1,2022-03-31 09:34:51
1648719292048291000,163.0,1,162.5,97,163.0,4,1,2022-03-31 09:34:52
1648719292096825000,163.0,1,162.5,97,163.0,4,2,2022-03-31 09:34:52
1648719293113128000,163.0,1,162.5,98,163.0,6,1,2022-03-31 09:34:53
1648719294084355000,163.0,1,162.5,102,163.0,1,1,2022-03-31 09:34:54
1648719294263992000,163.0,1,162.5,104,163.5,133,1,2022-03-31 09:34:54
1648719295420844000,163.0,1,162.5,105,163.0,7,1,2022-03-31 09:34:55
1648719295756637000,163.0,2,162.5,105,163.5,128,1,2022-03-31 09:34:55
1648719295876242000,163.0,1,162.5,105,163.0,8,2,2022-03-31 09:34:55
1648719296134640000,163.0,1,162.5,105,163.0,7,1,2022-03-31 09:34:56
1648719296236023000,163.0,1,162.5,105,163.0,11,1,2022-03-31 09:34:56
1648719296294850000,163.0,1,162.5,105,163.0,5,1,2022-03-31 09:34:56
1648719296485159000,163.0,1,162.5,106,163.0,4,1,2022-03-31 09:34:56
1648719296938695000,163.0,2,162.5,106,163.0,3,1,2022-03-31 09:34:56
1648719298274697000,163.0,1,162.5,107,163.0,2,1,2022-03-31 09:34:58
1648719299660410000,163.0,1,162.5,110,163.0,12,1,2022-03-31 09:34:59
1648719299699322000,163.0,1,162.5,110,163.0,6,1,2022-03-31 09:34:59
1648719299889185000,163.0,1,162.5,110,163.0,5,1,2022-03-31 09:34:59
1648719300677657000,163.0,1,162.5,110,163.0,10,1,2022-03-31 09:35:00
1648719300729097000,163.0,1,162.5,110,163.0,8,1,2022-03-31 09:35:00
1648719301113409000,163.0,1,162.5,111,163.0,9,1,2022-03-31 09:35:01
1648719301159147000,163.0,1,162.5,111,163.0,4,1,2022-03-31 09:35:01
1648719302192079000,163.0,2,162.5,111,163.0,7,1,2022-03-31 09:35:02
1648719302443651000,163.0,1,162.5,111,163.0,5,1,2022-03-31 09:35:02
1648719302776307000,163.0,1,162.5,111,163.0,4,1,2022-03-31 09:35:02
1648719303307211000,163.0,2,162.5,111,163.0,2,1,2022-03-31 09:35:03
1648719303310386000,163.0,2,162.5,111,163.5,126,1,2022-03-31 09:35:03
1648719303310386000,163.5,8,162.5,111,163.5,126,1,2022-03-31 09:35:03
1648719303621350000,163.0,1,162.5,111,163.0,1,2,2022-03-31 09:35:03
1648719303712786000,163.0,1,162.5,111,163.5,126,1,2022-03-31 09:35:03
1648719304034583000,163.5,1,163.0,1,163.5,125,1,2022-03-31 09:35:04
1648719304110782000,163.0,2,163.0,4,163.5,120,2,2022-03-31 09:35:04
1648719304137360000,163.0,4,162.5,111,163.5,120,2,2022-03-31 09:35:04
1648719305329006000,163.0,1,162.5,114,163.0,1,1,2022-03-31 09:35:05
1648719305643359000,163.5,1,162.5,114,163.5,123,1,2022-03-31 09:35:05
1648719306065214000,163.0,1,162.5,114,163.5,123,1,2022-03-31 09:35:06
1648719309089597000,163.0,1,162.5,102,163.0,7,1,2022-03-31 09:35:09
1648719309572618000,163.0,1,162.5,102,163.0,6,1,2022-03-31 09:35:09
1648719309677997000,163.0,1,162.5,102,163.0,6,1,2022-03-31 09:35:09
1648719310262474000,163.0,2,162.5,102,163.0,4,1,2022-03-31 09:35:10
1648719310299854000,163.0,1,162.5,102,163.0,3,1,2022-03-31 09:35:10
1648719310439077000,163.0,1,162.5,102,163.0,2,1,2022-03-31 09:35:10
1648719310599801000,163.0,1,162.5,101,163.0,1,1,2022-03-31 09:35:10
1648719310834822000,163.0,1,163.0,9,163.5,122,1,2022-03-31 09:35:10
1648719310953695000,163.0,1,163.0,8,163.5,118,2,2022-03-31 09:35:10
1648719311356178000,163.0,1,163.0,7,163.5,119,2,2022-03-31 09:35:11
1648719311414323000,163.0,5,163.0,2,163.5,119,2,2022-03-31 09:35:11
1648719311449407000,163.0,2,162.5,104,163.5,119,2,2022-03-31 09:35:11
1648719311710278000,163.0,1,162.5,105,163.0,5,1,2022-03-31 09:35:11
1648719311745053000,163.0,1,162.5,104,163.0,4,1,2022-03-31 09:35:11
1648719312449697000,163.0,1,162.5,104,163.5,123,2,2022-03-31 09:35:12
1648719313489917000,163.0,1,162.5,104,163.5,118,2,2022-03-31 09:35:13
1648719314906324000,163.5,1,163.0,4,163.5,117,1,2022-03-31 09:35:14
1648719316232313000,163.0,1,163.0,4,163.5,117,2,2022-03-31 09:35:16
1648719317699967000,163.0,1,163.0,5,163.5,117,2,2022-03-31 09:35:17
1648719323476324000,163.0,1,163.0,12,163.5,119,2,2022-03-31 09:35:23
1648719324539840000,163.0,1,163.0,13,163.5,125,2,2022-03-31 09:35:24
1648719324604692000,163.0,12,163.0,1,163.5,125,2,2022-03-31 09:35:24
1648719324642687000,163.0,1,162.5,110,163.5,125,2,2022-03-31 09:35:24
1648719325417937000,163.0,1,163.0,3,163.5,125,2,2022-03-31 09:35:25
1648719325840192000,163.5,1,163.0,8,163.5,124,1,2022-03-31 09:35:25
1648719327302088000,163.0,1,163.0,12,163.5,125,2,2022-03-31 09:35:27
1648719328044709000,163.0,6,163.0,7,163.5,126,2,2022-03-31 09:35:28
1648719328673344000,163.0,1,163.0,7,163.5,126,2,2022-03-31 09:35:28
1648719328675473000,163.0,7,162.5,106,163.0,5,2,2022-03-31 09:35:28
1648719328796233000,163.0,5,162.5,106,163.5,126,1,2022-03-31 09:35:28
1648719329128901000,163.0,1,162.5,106,163.5,126,1,2022-03-31 09:35:29
1648719329265137000,162.5,1,162.5,105,163.5,127,2,2022-03-31 09:35:29
1648719330050177000,163.0,1,163.0,1,163.5,127,1,2022-03-31 09:35:30
1648719330209435000,163.0,1,162.5,105,163.5,127,2,2022-03-31 09:35:30
1648719331183095000,162.5,18,162.5,87,163.0,9,2,2022-03-31 09:35:31
1648719331220275000,162.5,1,162.5,87,163.0,10,2,2022-03-31 09:35:31
1648719331379705000,163.0,1,162.5,87,163.0,9,1,2022-03-31 09:35:31
1648719332551916000,163.0,1,162.5,87,163.0,22,1,2022-03-31 09:35:32
1648719333915089000,163.0,3,162.5,86,163.0,25,1,2022-03-31 09:35:33
1648719337036766000,163.0,1,162.5,87,163.0,57,1,2022-03-31 09:35:37
1648719337804398000,163.0,3,162.5,90,163.0,60,1,2022-03-31 09:35:37
1648719338441246000,163.0,2,162.5,90,163.0,59,1,2022-03-31 09:35:38
1648719338679312000,162.5,1,162.5,89,163.0,59,2,2022-03-31 09:35:38
1648719338742929000,162.5,12,162.5,77,163.0,59,2,2022-03-31 09:35:38
1648719338778782000,162.5,35,162.5,42,163.0,63,2,2022-03-31 09:35:38
1648719338778800000,162.5,25,162.5,17,163.0,63,2,2022-03-31 09:35:38
1648719338809800000,162.5,3,162.5,14,163.0,59,2,2022-03-31 09:35:38
1648719338809816000,162.5,14,162.0,81,163.0,59,2,2022-03-31 09:35:38
1648719341017511000,162.0,1,162.0,79,162.5,26,2,2022-03-31 09:35:41
1648719341164009000,162.0,1,162.0,78,162.5,26,2,2022-03-31 09:35:41
1648719341312696000,162.0,1,162.0,77,162.5,27,2,2022-03-31 09:35:41
1648719341451102000,162.0,1,162.0,76,162.5,27,2,2022-03-31 09:35:41
1648719341613576000,162.0,1,162.0,75,162.5,27,2,2022-03-31 09:35:41
1648719341727364000,162.0,1,162.0,74,162.5,27,2,2022-03-31 09:35:41
