ts,close,volume,bid_price,bid_volume,ask_price,ask_volume,tick_type,datetime
1660122008194069000,52.3,1011,52.2,17,52.3,17,1,2022-08-10 09:00:08
1660122008787504000,52.3,1,52.2,17,52.3,20,1,2022-08-10 09:00:08
1660122009240590000,52.3,1,52.2,17,52.3,18,1,2022-08-10 09:00:09
1660122009669028000,52.3,1,52.2,17,52.3,19,1,2022-08-10 09:00:09
1660122009671435000,52.3,6,52.2,17,52.3,13,1,2022-08-10 09:00:09
1660122009868566000,52.3,2,52.2,17,52.3,11,1,2022-08-10 09:00:09
1660122010225449000,52.2,3,52.2,11,52.3,11,2,2022-08-10 09:00:10
1660122010253506000,52.3,1,52.2,11,52.3,10,1,2022-08-10 09:00:10
1660122010262481000,52.2,11,52.1,21,52.3,10,2,2022-08-10 09:00:10
1660122010347692000,52.3,2,52.1,21,52.3,8,1,2022-08-10 09:00:10
1660122010635735000,52.3,1,52.1,21,52.3,7,1,2022-08-10 09:00:10
1660122010756230000,52.1,1,52.1,20,52.3,7,2,2022-08-10 09:00:10
1660122010882522000,52.2,2,52.1,20,52.2,2,1,2022-08-10 09:00:10
1660122010921238000,52.2,2,52.1,20,52.5,132,1,2022-08-10 09:00:10
1660122010921238000,52.3,5,52.1,20,52.5,132,1,2022-08-10 09:00:10
1660122010921238000,52.4,31,52.1,20,52.5,132,1,2022-08-10 09:00:10
1660122010921238000,52.5,2,52.1,20,52.5,132,1,2022-08-10 09:00:10
1660122011115829000,52.4,10,52.1,20,52.4,16,1,2022-08-10 09:00:11
1660122011117936000,52.4,1,52.1,20,52.4,15,1,2022-08-10 09:00:11
1660122011540590000,52.1,20,52.1,20,52.3,3,2,2022-08-10 09:00:11
1660122011540590000,52.0,18,52.1,20,52.3,3,2,2022-08-10 09:00:11
1660122011557378000,52.3,1,52.0,56,52.3,2,1,2022-08-10 09:00:11
1660122011656525000,52.0,1,52.0,55,52.3,2,2,2022-08-10 09:00:11
1660122011766977000,52.3,1,52.0,56,52.3,2,1,2022-08-10 09:00:11
1660122012399259000,52.3,1,52.1,2,52.5,118,1,2022-08-10 09:00:12
1660122012399259000,52.4,15,52.1,2,52.5,118,1,2022-08-10 09:00:12
1660122012399259000,52.5,14,52.1,2,52.5,118,1,2022-08-10 09:00:12
1660122012467430000,52.1,2,52.0,55,52.5,118,2,2022-08-10 09:00:12
1660122012752390000,52.2,1,52.0,55,52.2,6,1,2022-08-10 09:00:12
1660122012754827000,52.2,1,52.0,55,52.2,5,1,2022-08-10 09:00:12
1660122012768705000,52.2,1,52.0,55,52.2,4,1,2022-08-10 09:00:12
1660122012786703000,52.2,2,52.0,55,52.2,2,1,2022-08-10 09:00:12
1660122012990831000,52.2,9,52.0,55,52.3,4,1,2022-08-10 09:00:12
1660122012990831000,52.3,1,52.0,55,52.3,4,1,2022-08-10 09:00:12
1660122013335729000,52.3,4,52.1,3,52.4,7,1,2022-08-10 09:00:13
1660122013335729000,52.4,1,52.1,3,52.4,7,1,2022-08-10 09:00:13
1660122013347770000,52.4,1,52.1,23,52.4,6,1,2022-08-10 09:00:13
1660122013580610000,52.3,2,52.2,1,52.4,6,1,2022-08-10 09:00:13
1660122013870361000,52.3,1,52.2,1,52.4,8,2,2022-08-10 09:00:13
1660122013932083000,52.4,2,52.2,1,52.4,6,1,2022-08-10 09:00:13
1660122013944966000,52.4,1,52.2,1,52.4,5,1,2022-08-10 09:00:13
1660122014036751000,52.2,1,52.2,8,52.4,5,2,2022-08-10 09:00:14
1660122014047183000,52.4,3,52.2,8,52.4,2,1,2022-08-10 09:00:14
1660122014051660000,52.4,2,52.2,9,52.4,5,1,2022-08-10 09:00:14
1660122014051660000,52.5,8,52.2,9,52.4,5,1,2022-08-10 09:00:14
1660122014302699000,52.3,3,52.2,8,52.3,9,1,2022-08-10 09:00:14
1660122014304746000,52.3,8,52.2,8,52.3,1,1,2022-08-10 09:00:14
1660122014338945000,52.3,1,52.2,8,52.5,115,1,2022-08-10 09:00:14
1660122014459684000,52.5,3,52.2,8,52.5,112,1,2022-08-10 09:00:14
1660122014558973000,52.3,2,52.2,8,52.5,114,1,2022-08-10 09:00:14
1660122014794220000,52.3,1,52.2,5,52.5,119,2,2022-08-10 09:00:14
1660122014925719000,52.3,1,52.3,3,52.5,119,2,2022-08-10 09:00:14
1660122014986780000,52.5,2,52.3,4,52.5,119,1,2022-08-10 09:00:14
1660122015284138000,52.5,1,52.3,3,52.5,116,1,2022-08-10 09:00:15
1660122015513220000,52.3,4,52.1,6,52.5,116,2,2022-08-10 09:00:15
1660122015513220000,52.2,5,52.1,6,52.5,116,2,2022-08-10 09:00:15
1660122015513220000,52.1,21,52.1,6,52.5,116,2,2022-08-10 09:00:15
1660122015643851000,52.5,1,52.1,6,52.5,115,1,2022-08-10 09:00:15
1660122015669085000,52.1,5,52.1,1,52.5,115,2,2022-08-10 09:00:15
1660122015739757000,52.3,1,52.1,2,52.5,115,1,2022-08-10 09:00:15
1660122016002141000,52.3,1,52.3,1,52.5,115,2,2022-08-10 09:00:16
1660122016108472000,52.3,4,52.2,2,52.5,115,2,2022-08-10 09:00:16
1660122016153690000,52.4,1,52.4,2,52.5,115,2,2022-08-10 09:00:16
1660122016153748000,52.4,2,52.2,2,52.5,115,2,2022-08-10 09:00:16
1660122016419408000,52.4,5,52.2,5,52.4,4,1,2022-08-10 09:00:16
1660122016775384000,52.2,1,52.2,6,52.4,17,2,2022-08-10 09:00:16
1660122017292149000,52.3,1,52.2,6,52.4,17,2,2022-08-10 09:00:17
1660122017292149000,52.2,1,52.2,6,52.4,17,2,2022-08-10 09:00:17
1660122017457245000,52.3,1,52.2,6,52.3,1,2,2022-08-10 09:00:17
1660122017510450000,52.3,1,52.2,11,52.4,24,1,2022-08-10 09:00:17
1660122017946425000,52.4,5,52.3,1,52.4,29,1,2022-08-10 09:00:17
1660122017982272000,52.4,15,52.3,1,52.4,14,1,2022-08-10 09:00:17
1660122018061277000,52.3,1,52.2,10,52.4,14,2,2022-08-10 09:00:18
1660122018539076000,52.3,1,52.3,1,52.4,14,2,2022-08-10 09:00:18
1660122018585110000,52.3,2,52.2,21,52.3,8,1,2022-08-10 09:00:18
1660122018654359000,52.3,1,52.2,22,52.3,7,1,2022-08-10 09:00:18
1660122018686857000,52.3,7,52.2,22,52.4,15,1,2022-08-10 09:00:18
1660122019023801000,52.3,2,52.3,5,52.4,15,2,2022-08-10 09:00:19
1660122019253566000,52.4,10,52.3,3,52.4,6,1,2022-08-10 09:00:19
1660122019299960000,52.4,3,52.3,3,52.4,3,1,2022-08-10 09:00:19
1660122019335540000,52.4,1,52.3,3,52.4,3,1,2022-08-10 09:00:19
1660122019629312000,52.4,1,52.3,3,52.4,12,1,2022-08-10 09:00:19
1660122019742608000,52.3,8,52.3,5,52.4,12,2,2022-08-10 09:00:19
1660122020047752000,52.3,5,52.3,1,52.4,13,2,2022-08-10 09:00:20
1660122020118104000,52.3,1,52.2,22,52.4,13,2,2022-08-10 09:00:20
1660122020118104000,52.2,1,52.2,22,52.4,13,2,2022-08-10 09:00:20
1660122020170265000,52.4,10,52.3,3,52.4,3,1,2022-08-10 09:00:20
1660122020195764000,52.4,3,52.3,3,52.5,124,1,2022-08-10 09:00:20
1660122020202147000,52.5,20,52.3,3,52.5,104,1,2022-08-10 09:00:20
1660122020244306000,52.3,1,52.3,2,52.5,104,2,2022-08-10 09:00:20
1660122020267012000,52.3,2,52.3,5,52.5,104,2,2022-08-10 09:00:20
1660122020289874000,52.5,2,52.3,5,52.5,102,1,2022-08-10 09:00:20
1660122020455142000,52.5,1,52.3,7,52.5,101,1,2022-08-10 09:00:20
1660122020699484000,52.3,5,52.3,2,52.5,101,2,2022-08-10 09:00:20
1660122020939194000,52.3,1,52.3,1,52.5,102,2,2022-08-10 09:00:20
1660122021052012000,52.5,5,52.3,8,52.5,97,1,2022-08-10 09:00:21
1660122021063825000,52.3,5,52.3,8,52.5,102,2,2022-08-10 09:00:21
1660122021270315000,52.4,1,52.3,3,52.5,97,2,2022-08-10 09:00:21
1660122021330384000,52.5,1,52.4,1,52.5,96,1,2022-08-10 09:00:21
1660122021510682000,52.5,1,52.4,5,52.5,97,1,2022-08-10 09:00:21
1660122021583071000,52.4,1,52.4,4,52.5,97,2,2022-08-10 09:00:21
1660122021599814000,52.5,1,52.4,4,52.5,96,1,2022-08-10 09:00:21
1660122021644946000,52.5,1,52.4,4,52.5,95,1,2022-08-10 09:00:21
1660122021757323000,52.5,1,52.4,4,52.5,94,1,2022-08-10 09:00:21
1660122022055055000,52.4,5,52.4,5,52.5,94,2,2022-08-10 09:00:22
1660122022065193000,52.5,5,52.3,18,52.5,89,1,2022-08-10 09:00:22
1660122022092522000,52.3,10,52.3,8,52.5,89,2,2022-08-10 09:00:22
1660122022192658000,52.4,1,52.3,8,52.5,89,1,2022-08-10 09:00:22
1660122022243985000,52.5,20,52.3,9,52.5,69,1,2022-08-10 09:00:22
1660122022521065000,52.5,1,52.4,60,52.5,71,1,2022-08-10 09:00:22
1660122022584958000,52.4,5,52.4,55,52.5,70,2,2022-08-10 09:00:22
1660122022585320000,52.5,1,52.4,55,52.5,69,1,2022-08-10 09:00:22
1660122022592450000,52.5,1,52.4,55,52.5,68,1,2022-08-10 09:00:22
1660122022876133000,52.5,20,52.4,55,52.5,48,1,2022-08-10 09:00:22
1660122022911558000,52.5,1,52.4,55,52.5,47,1,2022-08-10 09:00:22
1660122022911975000,52.5,3,52.4,55,52.5,44,1,2022-08-10 09:00:22
1660122022942261000,52.5,1,52.4,55,52.5,43,1,2022-08-10 09:00:22
1660122022956986000,52.4,2,52.4,53,52.5,43,2,2022-08-10 09:00:22
1660122022975512000,52.5,4,52.4,53,52.5,39,1,2022-08-10 09:00:22
1660122023010809000,52.5,10,52.4,68,52.5,29,1,2022-08-10 09:00:23
1660122023046810000,52.5,8,52.4,68,52.5,21,1,2022-08-10 09:00:23
1660122023046827000,52.5,21,52.4,68,52.6,37,1,2022-08-10 09:00:23
1660122023059068000,52.5,1,52.5,1,52.6,37,2,2022-08-10 09:00:23
1660122023202441000,52.6,1,52.5,2,52.6,36,1,2022-08-10 09:00:23
1660122023413623000,52.5,2,52.5,11,52.6,36,2,2022-08-10 09:00:23
1660122023551404000,52.5,2,52.5,11,52.6,36,2,2022-08-10 09:00:23
1660122023608458000,52.6,2,52.5,10,52.6,41,1,2022-08-10 09:00:23
1660122023706500000,52.6,1,52.5,21,52.6,40,1,2022-08-10 09:00:23
1660122023833443000,52.5,1,52.5,20,52.6,40,2,2022-08-10 09:00:23
1660122023853833000,52.5,1,52.5,19,52.6,40,2,2022-08-10 09:00:23
1660122023860009000,52.5,2,52.5,17,52.6,40,2,2022-08-10 09:00:23
1660122023881897000,52.6,2,52.5,17,52.6,38,1,2022-08-10 09:00:23
1660122024009657000,52.5,2,52.5,15,52.6,38,2,2022-08-10 09:00:24
1660122024032759000,52.5,1,52.5,14,52.6,38,2,2022-08-10 09:00:24
1660122024100055000,52.6,3,52.5,14,52.6,35,1,2022-08-10 09:00:24
1660122024154109000,52.6,3,52.5,15,52.6,32,1,2022-08-10 09:00:24
1660122024278476000,52.5,2,52.5,14,52.6,32,2,2022-08-10 09:00:24
1660122024536573000,52.6,2,52.5,24,52.6,30,1,2022-08-10 09:00:24
1660122024548564000,52.5,2,52.5,24,52.6,30,2,2022-08-10 09:00:24
1660122024610819000,52.6,1,52.5,22,52.6,29,1,2022-08-10 09:00:24
1660122024659910000,52.5,1,52.5,21,52.6,29,2,2022-08-10 09:00:24
1660122024819110000,52.6,1,52.5,23,52.6,28,1,2022-08-10 09:00:24
1660122024861721000,52.6,1,52.5,23,52.6,27,1,2022-08-10 09:00:24
1660122024884133000,52.5,1,52.5,22,52.6,27,2,2022-08-10 09:00:24
1660122024925187000,52.6,5,52.5,23,52.6,27,1,2022-08-10 09:00:24
1660122025071113000,52.5,1,52.5,22,52.6,22,2,2022-08-10 09:00:25
1660122025112397000,52.5,1,52.5,21,52.6,24,2,2022-08-10 09:00:25
1660122025195573000,52.6,5,52.5,21,52.6,19,1,2022-08-10 09:00:25
1660122025293975000,52.6,1,52.5,21,52.6,18,1,2022-08-10 09:00:25
1660122025331349000,52.6,18,52.5,21,52.7,37,1,2022-08-10 09:00:25
1660122025442571000,52.5,1,52.5,21,52.7,37,2,2022-08-10 09:00:25
1660122025556100000,52.5,1,52.5,21,52.7,37,2,2022-08-10 09:00:25
1660122025779681000,52.7,8,52.5,22,52.7,29,1,2022-08-10 09:00:25
1660122025861780000,52.5,5,52.5,18,52.7,29,2,2022-08-10 09:00:25
1660122026179891000,52.6,1,52.6,9,52.7,29,1,2022-08-10 09:00:26
1660122026355437000,52.6,1,52.6,8,52.7,29,2,2022-08-10 09:00:26
1660122026552801000,52.6,8,52.6,8,52.7,33,2,2022-08-10 09:00:26
1660122026573646000,52.5,5,52.5,20,52.6,2,2,2022-08-10 09:00:26
1660122026627584000,52.6,2,52.5,20,52.7,33,1,2022-08-10 09:00:26
1660122026651856000,52.7,2,52.5,20,52.7,31,1,2022-08-10 09:00:26
1660122026692273000,52.7,2,52.5,20,52.7,29,1,2022-08-10 09:00:26
1660122026769157000,52.7,1,52.5,20,52.7,28,1,2022-08-10 09:00:26
1660122027035912000,52.6,1,52.5,22,52.6,19,1,2022-08-10 09:00:27
1660122027123860000,52.6,1,52.5,34,52.6,18,1,2022-08-10 09:00:27
1660122027129035000,52.6,3,52.5,34,52.6,15,1,2022-08-10 09:00:27
1660122027174768000,52.6,1,52.5,34,52.6,14,1,2022-08-10 09:00:27
1660122027205667000,52.6,1,52.5,34,52.6,13,1,2022-08-10 09:00:27
1660122027237763000,52.5,1,52.5,33,52.6,13,2,2022-08-10 09:00:27
1660122027327189000,52.5,1,52.5,35,52.6,13,2,2022-08-10 09:00:27
1660122027377042000,52.6,1,52.5,35,52.6,12,1,2022-08-10 09:00:27
1660122027446300000,52.6,1,52.5,38,52.6,11,1,2022-08-10 09:00:27
1660122027482274000,52.5,1,52.5,37,52.6,11,2,2022-08-10 09:00:27
1660122027484593000,52.5,1,52.5,36,52.6,11,2,2022-08-10 09:00:27
1660122027488746000,52.5,1,52.5,35,52.6,11,2,2022-08-10 09:00:27
1660122027492871000,52.5,1,52.5,34,52.6,11,2,2022-08-10 09:00:27
1660122027504025000,52.6,1,52.5,34,52.6,10,1,2022-08-10 09:00:27
1660122027549920000,52.6,1,52.5,34,52.6,9,1,2022-08-10 09:00:27
1660122027713610000,52.6,1,52.5,38,52.6,8,1,2022-08-10 09:00:27
1660122027757597000,52.6,4,52.5,39,52.6,7,1,2022-08-10 09:00:27
1660122027839043000,52.6,1,52.5,41,52.6,6,1,2022-08-10 09:00:27
1660122027871820000,52.6,1,52.5,43,52.6,5,1,2022-08-10 09:00:27
1660122027874532000,52.5,20,52.5,23,52.6,5,2,2022-08-10 09:00:27
1660122027901772000,52.6,5,52.5,24,52.7,29,1,2022-08-10 09:00:27
1660122028198244000,52.6,2,52.6,7,52.7,29,2,2022-08-10 09:00:28
1660122028208856000,52.7,1,52.6,7,52.7,28,1,2022-08-10 09:00:28
1660122028642906000,52.7,10,52.6,18,52.7,18,1,2022-08-10 09:00:28
1660122028734340000,52.7,1,52.6,18,52.7,17,1,2022-08-10 09:00:28
1660122028799420000,52.6,1,52.6,17,52.7,17,2,2022-08-10 09:00:28
1660122029002022000,52.7,1,52.6,20,52.7,16,1,2022-08-10 09:00:29
1660122029111696000,52.7,1,52.6,20,52.7,15,1,2022-08-10 09:00:29
1660122029124447000,52.7,6,52.6,20,52.7,9,1,2022-08-10 09:00:29
1660122029149529000,52.7,3,52.6,20,52.7,6,1,2022-08-10 09:00:29
1660122029184686000,52.7,6,52.7,4,52.8,48,1,2022-08-10 09:00:29
1660122029249211000,52.8,1,52.7,4,52.8,47,1,2022-08-10 09:00:29
1660122029270719000,52.8,1,52.7,4,52.8,46,1,2022-08-10 09:00:29
1660122029441659000,52.8,1,52.7,4,52.8,45,1,2022-08-10 09:00:29
1660122029486251000,52.7,2,52.7,2,52.8,45,2,2022-08-10 09:00:29
1660122029610777000,52.8,6,52.7,2,52.8,39,1,2022-08-10 09:00:29
1660122029687196000,52.7,1,52.7,1,52.8,39,2,2022-08-10 09:00:29
1660122030031302000,52.8,5,52.7,3,52.8,34,1,2022-08-10 09:00:30
1660122030084723000,52.7,2,52.7,1,52.8,34,2,2022-08-10 09:00:30
1660122030173602000,52.8,1,52.7,1,52.8,33,1,2022-08-10 09:00:30
1660122030768163000,52.7,1,52.7,4,52.8,33,2,2022-08-10 09:00:30
1660122030870577000,52.8,1,52.7,4,52.8,32,1,2022-08-10 09:00:30
1660122030874872000,52.7,1,52.7,3,52.8,32,2,2022-08-10 09:00:30
1660122031029723000,52.8,2,52.7,13,52.8,32,1,2022-08-10 09:00:31
1660122031114959000,52.8,2,52.7,13,52.8,28,1,2022-08-10 09:00:31
1660122031408954000,52.8,2,52.7,21,52.8,27,1,2022-08-10 09:00:31
1660122031418573000,52.8,12,52.7,21,52.8,15,1,2022-08-10 09:00:31
1660122031442133000,52.8,15,52.7,21,52.9,63,1,2022-08-10 09:00:31
1660122031449083000,52.7,5,52.7,16,52.9,63,2,2022-08-10 09:00:31
1660122031984229000,52.9,10,52.8,1,52.9,58,1,2022-08-10 09:00:31
1660122032301887000,52.8,3,52.8,4,52.9,58,2,2022-08-10 09:00:32
1660122032311149000,52.8,4,52.7,40,52.9,58,2,2022-08-10 09:00:32
1660122032370876000,52.7,1,52.7,39,52.8,8,2,2022-08-10 09:00:32
1660122032409539000,52.8,4,52.7,39,52.8,4,1,2022-08-10 09:00:32
1660122032440476000,52.8,1,52.7,39,52.8,5,1,2022-08-10 09:00:32
1660122032476262000,52.8,1,52.7,39,52.8,4,1,2022-08-10 09:00:32
1660122032657485000,52.8,1,52.7,39,52.8,6,1,2022-08-10 09:00:32
1660122032657896000,52.8,6,52.7,39,52.9,45,1,2022-08-10 09:00:32
1660122032657896000,52.9,13,52.7,39,52.9,45,1,2022-08-10 09:00:32
1660122032685736000,52.9,1,52.7,39,52.9,44,1,2022-08-10 09:00:32
1660122032714450000,52.7,1,52.7,38,52.9,44,2,2022-08-10 09:00:32
1660122032762928000,52.7,2,52.7,37,52.9,44,2,2022-08-10 09:00:32
1660122032855272000,52.8,2,52.7,38,52.8,8,1,2022-08-10 09:00:32
1660122033066935000,52.8,10,52.7,41,52.9,45,1,2022-08-10 09:00:33
1660122033095151000,52.9,1,52.7,41,52.9,44,1,2022-08-10 09:00:33
1660122033216081000,52.8,1,52.7,41,52.9,44,1,2022-08-10 09:00:33
1660122033390570000,52.9,3,52.8,11,52.9,41,1,2022-08-10 09:00:33
1660122033453251000,52.9,1,52.8,11,52.9,40,1,2022-08-10 09:00:33
1660122033495290000,52.8,10,52.8,3,52.9,40,2,2022-08-10 09:00:33
1660122033554281000,52.8,1,52.8,3,52.9,40,2,2022-08-10 09:00:33
1660122033579061000,52.9,1,52.8,2,52.9,39,1,2022-08-10 09:00:33
1660122033685445000,52.8,2,52.7,69,52.8,3,2,2022-08-10 09:00:33
1660122033714121000,52.8,1,52.7,69,52.8,2,1,2022-08-10 09:00:33
1660122033797380000,52.8,1,52.7,70,52.8,1,1,2022-08-10 09:00:33
1660122033834974000,52.8,1,52.7,70,52.9,39,1,2022-08-10 09:00:33
1660122033968637000,52.8,2,52.7,71,52.8,8,2,2022-08-10 09:00:33
1660122034111526000,52.8,3,52.7,71,52.8,15,1,2022-08-10 09:00:34
1660122034203959000,52.8,1,52.7,71,52.8,14,1,2022-08-10 09:00:34
1660122034621467000,52.8,1,52.7,81,52.8,21,1,2022-08-10 09:00:34
1660122034625103000,52.8,5,52.7,81,52.8,16,1,2022-08-10 09:00:34
1660122034845148000,52.8,1,52.7,83,52.8,25,1,2022-08-10 09:00:34
1660122034876810000,52.8,3,52.7,83,52.8,22,1,2022-08-10 09:00:34
1660122035037872000,52.8,4,52.7,83,52.8,22,1,2022-08-10 09:00:35
1660122035191806000,52.8,1,52.7,85,52.8,22,1,2022-08-10 09:00:35
1660122035198852000,52.8,1,52.7,85,52.8,21,1,2022-08-10 09:00:35
1660122035202966000,52.8,1,52.7,85,52.8,20,1,2022-08-10 09:00:35
1660122035205468000,52.8,1,52.7,85,52.8,19,1,2022-08-10 09:00:35
1660122035251800000,52.8,5,52.7,86,52.8,14,1,2022-08-10 09:00:35
1660122035262412000,52.8,1,52.7,86,52.8,13,1,2022-08-10 09:00:35
1660122035315478000,52.8,3,52.7,86,52.8,10,1,2022-08-10 09:00:35
1660122035359913000,52.8,1,52.7,86,52.8,9,1,2022-08-10 09:00:35
1660122035401082000,52.8,1,52.7,86,52.8,8,1,2022-08-10 09:00:35
1660122035510094000,52.8,1,52.7,87,52.8,7,1,2022-08-10 09:00:35
1660122035551065000,52.8,2,52.7,87,52.8,7,1,2022-08-10 09:00:35
1660122035688172000,52.8,1,52.7,87,52.8,9,1,2022-08-10 09:00:35
1660122035745794000,52.8,1,52.7,87,52.8,8,1,2022-08-10 09:00:35
1660122035835705000,52.8,1,52.7,90,52.8,7,1,2022-08-10 09:00:35
1660122035895118000,52.8,1,52.7,90,52.8,6,1,2022-08-10 09:00:35
1660122035901805000,52.8,5,52.7,90,52.8,1,1,2022-08-10 09:00:35
1660122035916973000,52.8,1,52.7,90,52.9,60,1,2022-08-10 09:00:35
1660122036069911000,52.8,1,52.7,90,52.8,11,1,2022-08-10 09:00:36
1660122036076189000,52.8,1,52.7,90,52.8,9,1,2022-08-10 09:00:36
1660122036294920000,52.8,1,52.7,90,52.8,18,1,2022-08-10 09:00:36
1660122036301468000,52.8,18,52.8,26,52.9,60,1,2022-08-10 09:00:36
1660122036415123000,52.8,2,52.8,26,52.9,62,2,2022-08-10 09:00:36
1660122036612072000,52.9,1,52.8,29,52.9,62,1,2022-08-10 09:00:36
1660122036625497000,52.9,10,52.8,29,52.9,52,1,2022-08-10 09:00:36
1660122036737751000,52.9,20,52.8,30,52.9,32,1,2022-08-10 09:00:36
1660122036761083000,52.9,2,52.8,30,52.9,30,1,2022-08-10 09:00:36
1660122036821506000,52.8,5,52.8,26,52.9,30,2,2022-08-10 09:00:36
1660122036843759000,52.9,1,52.8,27,52.9,29,1,2022-08-10 09:00:36
1660122036991217000,52.9,2,52.8,28,52.9,27,1,2022-08-10 09:00:36
1660122037013189000,52.9,2,52.8,28,52.9,25,1,2022-08-10 09:00:37
1660122037016653000,52.9,1,52.8,28,52.9,24,1,2022-08-10 09:00:37
1660122037045860000,52.9,1,52.8,28,52.9,27,1,2022-08-10 09:00:37
1660122037512609000,52.9,20,52.8,39,52.9,3,1,2022-08-10 09:00:37
1660122037542269000,52.9,3,52.8,39,53.0,142,1,2022-08-10 09:00:37
1660122037549969000,53.0,3,52.8,39,53.0,139,1,2022-08-10 09:00:37
1660122037668014000,52.8,5,52.8,36,53.0,139,2,2022-08-10 09:00:37
1660122037915794000,52.8,1,52.8,46,52.9,1,2,2022-08-10 09:00:37
1660122038056822000,52.9,1,52.8,47,52.9,1,1,2022-08-10 09:00:38
1660122038332786000,53.0,3,52.8,75,53.0,136,1,2022-08-10 09:00:38
1660122038350009000,53.0,2,52.8,75,53.0,134,1,2022-08-10 09:00:38
1660122038402082000,52.9,1,52.8,75,53.0,134,2,2022-08-10 09:00:38
1660122038417938000,52.9,1,52.8,74,53.0,134,2,2022-08-10 09:00:38
1660122038417938000,52.8,1,52.8,74,53.0,134,2,2022-08-10 09:00:38
1660122038437791000,52.8,1,52.8,73,53.0,134,2,2022-08-10 09:00:38
1660122038533048000,53.0,1,52.8,74,53.0,133,1,2022-08-10 09:00:38
1660122038573423000,52.8,7,52.8,75,53.0,133,2,2022-08-10 09:00:38
1660122038619611000,52.9,1,52.8,68,52.9,1,2,2022-08-10 09:00:38
1660122038637125000,52.9,1,52.8,68,53.0,133,1,2022-08-10 09:00:38
1660122038738172000,52.8,1,52.8,67,53.0,133,2,2022-08-10 09:00:38
1660122039170081000,53.0,1,52.8,77,53.0,132,1,2022-08-10 09:00:39
1660122039210325000,53.0,1,52.8,77,53.0,131,1,2022-08-10 09:00:39
1660122039223446000,53.0,2,52.8,77,53.0,129,1,2022-08-10 09:00:39
1660122039301400000,52.8,6,52.8,71,53.0,130,2,2022-08-10 09:00:39
1660122039338179000,53.0,1,52.8,71,53.0,129,1,2022-08-10 09:00:39
1660122039572302000,52.9,1,52.8,67,53.0,129,2,2022-08-10 09:00:39
1660122039572302000,52.8,4,52.8,67,53.0,129,2,2022-08-10 09:00:39
1660122039772848000,53.0,1,52.9,1,53.0,128,1,2022-08-10 09:00:39
1660122039793747000,53.0,53,52.9,1,53.0,75,1,2022-08-10 09:00:39
1660122039979630000,52.9,1,52.8,81,53.0,75,2,2022-08-10 09:00:39
1660122040032178000,52.9,1,52.9,3,53.0,75,2,2022-08-10 09:00:40
1660122040078950000,52.9,1,52.9,1,53.0,75,2,2022-08-10 09:00:40
1660122040096911000,53.0,2,52.9,1,53.0,73,1,2022-08-10 09:00:40
1660122040155094000,52.9,1,52.8,72,53.0,73,2,2022-08-10 09:00:40
1660122040155094000,52.8,9,52.8,72,53.0,73,2,2022-08-10 09:00:40
1660122040280020000,53.0,5,52.8,73,53.0,68,1,2022-08-10 09:00:40
1660122040449277000,53.0,1,52.9,2,53.0,68,1,2022-08-10 09:00:40
1660122040524882000,53.0,3,52.9,3,53.0,65,1,2022-08-10 09:00:40
1660122040551029000,53.0,1,52.9,3,53.0,64,1,2022-08-10 09:00:40
1660122040691245000,53.0,1,52.9,8,53.0,63,1,2022-08-10 09:00:40
1660122040719726000,52.9,1,52.9,7,53.0,63,2,2022-08-10 09:00:40
1660122040720619000,52.9,7,52.8,82,53.0,54,2,2022-08-10 09:00:40
1660122040720619000,52.8,2,52.8,82,53.0,54,2,2022-08-10 09:00:40
1660122040817846000,52.9,1,52.8,84,53.0,53,1,2022-08-10 09:00:40
1660122040817846000,53.0,1,52.8,84,53.0,53,1,2022-08-10 09:00:40
1660122040865622000,53.0,11,52.8,84,53.0,42,1,2022-08-10 09:00:40
1660122040894135000,53.0,1,52.8,85,53.0,41,1,2022-08-10 09:00:40
1660122040966394000,53.0,10,52.9,3,53.0,31,1,2022-08-10 09:00:40
1660122040966480000,52.9,3,52.8,84,53.0,31,2,2022-08-10 09:00:40
1660122040966480000,52.8,2,52.8,84,53.0,31,2,2022-08-10 09:00:40
1660122041117989000,52.9,2,52.8,91,52.9,1,1,2022-08-10 09:00:41
1660122041154974000,52.9,1,52.8,91,53.0,28,1,2022-08-10 09:00:41
1660122041154974000,53.0,3,52.8,91,53.0,28,1,2022-08-10 09:00:41
1660122041321223000,52.9,1,52.9,1,53.0,38,1,2022-08-10 09:00:41
1660122041419769000,53.0,5,52.9,1,53.0,33,1,2022-08-10 09:00:41
1660122041423947000,52.9,1,52.8,94,53.0,33,2,2022-08-10 09:00:41
1660122041517032000,52.9,1,52.8,94,53.0,33,2,2022-08-10 09:00:41
1660122041517032000,52.8,1,52.8,94,53.0,33,2,2022-08-10 09:00:41
1660122041583931000,52.8,1,52.8,93,53.0,33,2,2022-08-10 09:00:41
1660122041599920000,53.0,20,52.8,94,53.0,13,1,2022-08-10 09:00:41
1660122041613670000,53.0,1,52.8,94,53.0,12,1,2022-08-10 09:00:41
1660122041641020000,53.0,1,52.8,94,53.0,11,1,2022-08-10 09:00:41
1660122041818154000,52.9,1,52.8,97,53.0,12,1,2022-08-10 09:00:41
1660122041921111000,53.0,1,52.9,3,53.0,16,1,2022-08-10 09:00:41
1660122041973386000,52.9,1,52.9,2,53.0,16,2,2022-08-10 09:00:41
1660122042017880000,53.0,1,52.9,3,53.0,16,1,2022-08-10 09:00:42
1660122042146254000,52.9,2,52.9,1,53.0,15,2,2022-08-10 09:00:42
1660122042291468000,53.0,2,52.9,4,53.0,13,1,2022-08-10 09:00:42
1660122042403690000,53.0,13,53.0,12,53.1,44,1,2022-08-10 09:00:42
1660122042406992000,53.1,1,53.0,12,53.1,43,1,2022-08-10 09:00:42
1660122042448143000,53.0,1,53.0,11,53.1,43,2,2022-08-10 09:00:42
1660122042550638000,53.0,1,53.0,11,53.1,43,2,2022-08-10 09:00:42
1660122042589984000,53.1,1,53.0,10,53.1,42,1,2022-08-10 09:00:42
1660122042631940000,53.0,1,53.0,9,53.1,42,2,2022-08-10 09:00:42
1660122042663704000,53.0,9,52.9,6,53.1,42,2,2022-08-10 09:00:42
1660122042814372000,53.1,2,53.0,1,53.1,40,1,2022-08-10 09:00:42
1660122042848124000,53.1,8,53.0,1,53.1,32,1,2022-08-10 09:00:42
1660122043181618000,53.1,5,53.0,9,53.1,28,1,2022-08-10 09:00:43
1660122043218899000,53.0,10,52.9,24,53.1,28,2,2022-08-10 09:00:43
1660122043304093000,53.0,1,52.9,24,53.1,28,1,2022-08-10 09:00:43
1660122043505751000,53.0,1,53.0,12,53.1,28,2,2022-08-10 09:00:43
1660122043535190000,53.0,5,53.0,7,53.1,28,2,2022-08-10 09:00:43
1660122043840248000,53.0,3,53.0,10,53.1,28,2,2022-08-10 09:00:43
1660122043928657000,53.0,2,53.0,8,53.1,28,2,2022-08-10 09:00:43
1660122043954256000,53.1,1,53.0,8,53.1,27,1,2022-08-10 09:00:43
1660122044149146000,53.0,2,53.0,16,53.1,27,2,2022-08-10 09:00:44
1660122044214057000,53.0,5,53.0,11,53.1,29,2,2022-08-10 09:00:44
1660122044365512000,53.1,1,53.0,12,53.1,28,1,2022-08-10 09:00:44
1660122044462213000,53.0,1,53.0,16,53.1,28,2,2022-08-10 09:00:44
1660122044567625000,53.1,1,53.0,16,53.1,28,1,2022-08-10 09:00:44
1660122044586045000,53.0,2,53.0,14,53.1,27,2,2022-08-10 09:00:44
1660122044725053000,53.1,1,53.0,16,53.1,26,1,2022-08-10 09:00:44
1660122044833507000,53.0,1,53.0,18,53.1,26,2,2022-08-10 09:00:44
1660122044898314000,53.1,1,53.0,19,53.1,26,1,2022-08-10 09:00:44
1660122045078178000,53.0,10,53.0,20,53.1,26,2,2022-08-10 09:00:45
1660122045234627000,53.0,2,53.0,35,53.1,26,2,2022-08-10 09:00:45
1660122045234763000,53.0,1,53.0,34,53.1,26,2,2022-08-10 09:00:45
1660122045262319000,53.0,32,53.0,2,53.1,26,2,2022-08-10 09:00:45
1660122045262714000,53.0,2,52.9,49,53.0,8,2,2022-08-10 09:00:45
1660122045270938000,53.0,1,52.9,50,53.0,7,1,2022-08-10 09:00:45
1660122045400929000,53.0,3,52.9,50,53.0,6,1,2022-08-10 09:00:45
1660122045414791000,53.0,1,52.9,50,53.0,5,1,2022-08-10 09:00:45
1660122045416214000,53.0,1,52.9,50,53.0,4,1,2022-08-10 09:00:45
1660122045471096000,52.9,1,52.9,50,53.0,4,2,2022-08-10 09:00:45
1660122045575470000,53.0,1,52.9,50,53.0,4,1,2022-08-10 09:00:45
1660122045830886000,53.0,1,52.9,72,53.0,2,1,2022-08-10 09:00:45
1660122045860719000,53.0,2,52.9,72,53.1,26,1,2022-08-10 09:00:45
1660122046052218000,53.0,8,52.9,72,53.0,68,1,2022-08-10 09:00:46
1660122046084904000,52.9,20,52.9,52,53.0,60,2,2022-08-10 09:00:46
1660122046091102000,53.0,1,52.9,52,53.0,59,1,2022-08-10 09:00:46
1660122046137681000,53.0,5,52.9,52,53.0,54,1,2022-08-10 09:00:46
1660122046231385000,53.0,8,52.9,52,53.0,50,1,2022-08-10 09:00:46
1660122046235006000,53.0,1,52.9,52,53.0,49,1,2022-08-10 09:00:46
1660122046339015000,53.0,6,52.9,52,53.0,43,1,2022-08-10 09:00:46
1660122046473486000,53.0,1,52.9,55,53.0,42,1,2022-08-10 09:00:46
1660122046489976000,53.0,1,52.9,55,53.0,41,1,2022-08-10 09:00:46
1660122046557651000,53.0,1,52.9,55,53.0,40,1,2022-08-10 09:00:46
1660122046560395000,53.0,1,52.9,55,53.0,43,1,2022-08-10 09:00:46
1660122046755334000,53.0,3,52.9,53,53.0,37,1,2022-08-10 09:00:46
1660122046845027000,53.0,2,52.9,53,53.0,35,1,2022-08-10 09:00:46
1660122047049792000,53.0,1,52.9,53,53.0,59,1,2022-08-10 09:00:47
1660122047116838000,52.9,3,52.9,50,53.0,69,2,2022-08-10 09:00:47
1660122047186399000,52.9,3,52.9,47,53.0,69,2,2022-08-10 09:00:47
1660122047377659000,53.0,2,52.9,47,53.0,69,1,2022-08-10 09:00:47
1660122047428313000,52.9,20,52.9,27,53.0,69,2,2022-08-10 09:00:47
1660122047454366000,52.9,1,52.9,26,53.0,69,2,2022-08-10 09:00:47
1660122047454388000,52.9,26,52.8,154,53.0,69,2,2022-08-10 09:00:47
1660122047488876000,53.0,5,52.8,154,53.0,64,1,2022-08-10 09:00:47
1660122047761568000,52.9,1,52.8,154,52.9,8,1,2022-08-10 09:00:47
1660122047824471000,52.9,8,52.8,154,53.0,64,1,2022-08-10 09:00:47
1660122047824471000,53.0,2,52.8,154,53.0,64,1,2022-08-10 09:00:47
1660122048095904000,52.8,2,52.8,152,52.9,59,2,2022-08-10 09:00:48
1660122048102793000,52.9,1,52.8,152,52.9,58,1,2022-08-10 09:00:48
1660122048190567000,52.9,1,52.8,152,52.9,62,1,2022-08-10 09:00:48
1660122048211005000,52.8,20,52.8,132,52.9,67,2,2022-08-10 09:00:48
1660122048243010000,52.8,1,52.8,133,52.9,67,2,2022-08-10 09:00:48
1660122048260514000,52.9,1,52.8,133,52.9,71,1,2022-08-10 09:00:48
1660122048341354000,52.9,1,52.8,134,52.9,102,1,2022-08-10 09:00:48
1660122048409975000,52.8,1,52.8,135,52.9,107,2,2022-08-10 09:00:48
1660122048417852000,52.9,10,52.8,135,52.9,97,1,2022-08-10 09:00:48
1660122048523352000,52.9,1,52.8,136,52.9,96,1,2022-08-10 09:00:48
1660122048538245000,52.8,2,52.8,135,52.9,96,2,2022-08-10 09:00:48
1660122048538891000,52.9,3,52.8,135,52.9,93,1,2022-08-10 09:00:48
1660122048576828000,52.8,13,52.8,123,52.9,93,2,2022-08-10 09:00:48
1660122048616054000,52.8,20,52.8,103,52.9,94,2,2022-08-10 09:00:48
1660122048718362000,52.8,29,52.8,74,52.9,104,2,2022-08-10 09:00:48
1660122048826758000,52.8,7,52.8,67,52.9,105,2,2022-08-10 09:00:48
1660122048840483000,52.9,1,52.8,66,52.9,104,1,2022-08-10 09:00:48
1660122048874107000,52.9,2,52.8,66,52.9,102,1,2022-08-10 09:00:48
1660122048902669000,52.8,1,52.8,65,52.9,105,2,2022-08-10 09:00:48
1660122048905892000,52.9,2,52.8,65,52.9,103,1,2022-08-10 09:00:48
1660122048938281000,52.8,10,52.8,55,52.9,103,2,2022-08-10 09:00:48
1660122048968768000,52.8,5,52.8,50,52.9,103,2,2022-08-10 09:00:48
1660122048974928000,52.8,40,52.8,10,52.9,103,2,2022-08-10 09:00:48
1660122049005208000,52.8,1,52.8,9,52.9,103,2,2022-08-10 09:00:49
1660122049005239000,52.8,3,52.8,6,52.9,103,2,2022-08-10 09:00:49
1660122049005788000,52.8,4,52.8,2,52.9,103,2,2022-08-10 09:00:49
1660122049037018000,52.8,2,52.7,121,52.9,103,2,2022-08-10 09:00:49
1660122049056087000,52.9,1,52.7,121,52.9,102,1,2022-08-10 09:00:49
1660122049071241000,52.9,1,52.7,121,52.9,102,1,2022-08-10 09:00:49
1660122049116855000,52.9,1,52.7,121,52.9,100,1,2022-08-10 09:00:49
1660122049203084000,52.8,1,52.7,121,52.8,4,1,2022-08-10 09:00:49
1660122049210805000,52.8,3,52.7,121,52.8,1,1,2022-08-10 09:00:49
1660122049267696000,52.8,1,52.7,121,52.8,10,1,2022-08-10 09:00:49
1660122049355214000,52.8,1,52.7,121,52.8,27,1,2022-08-10 09:00:49
1660122049361432000,52.8,1,52.7,121,52.8,26,1,2022-08-10 09:00:49
1660122049388057000,52.8,2,52.7,121,52.8,24,1,2022-08-10 09:00:49
1660122049421319000,52.7,5,52.7,116,52.8,24,2,2022-08-10 09:00:49
1660122049430809000,52.7,1,52.7,115,52.8,24,2,2022-08-10 09:00:49
1660122049449953000,52.8,2,52.7,115,52.8,22,1,2022-08-10 09:00:49
1660122049684003000,52.8,2,52.7,115,52.8,38,1,2022-08-10 09:00:49
1660122049741353000,52.7,20,52.7,95,52.8,38,2,2022-08-10 09:00:49
1660122049765699000,52.7,35,52.7,60,52.8,38,2,2022-08-10 09:00:49
1660122049781044000,52.7,5,52.7,55,52.8,38,2,2022-08-10 09:00:49
1660122049798891000,52.7,5,52.7,50,52.8,38,2,2022-08-10 09:00:49
1660122049808514000,52.8,5,52.7,50,52.8,34,1,2022-08-10 09:00:49
1660122049814146000,52.7,43,52.7,7,52.8,34,2,2022-08-10 09:00:49
1660122049843249000,52.7,3,52.7,4,52.8,39,2,2022-08-10 09:00:49
1660122049864934000,52.8,2,52.7,4,52.8,42,1,2022-08-10 09:00:49
1660122049866049000,52.8,1,52.7,4,52.8,41,1,2022-08-10 09:00:49
1660122049981907000,52.8,10,52.7,4,52.8,31,1,2022-08-10 09:00:49
1660122050066189000,52.8,10,52.7,4,52.8,35,1,2022-08-10 09:00:50
1660122050139571000,52.7,1,52.7,3,52.8,25,2,2022-08-10 09:00:50
1660122050156539000,52.7,3,52.6,44,52.7,2,2,2022-08-10 09:00:50
1660122050265981000,52.7,1,52.6,44,52.7,1,1,2022-08-10 09:00:50
1660122050361296000,52.6,1,52.6,43,52.7,3,2,2022-08-10 09:00:50
1660122050488888000,52.7,1,52.6,43,52.7,8,1,2022-08-10 09:00:50
1660122050495129000,52.7,1,52.6,43,52.7,7,1,2022-08-10 09:00:50
1660122050592437000,52.7,1,52.6,43,52.7,11,1,2022-08-10 09:00:50
1660122050609732000,52.6,5,52.6,38,52.7,11,2,2022-08-10 09:00:50
1660122050690465000,52.7,2,52.6,38,52.7,10,1,2022-08-10 09:00:50
1660122050748223000,52.7,1,52.6,38,52.7,16,1,2022-08-10 09:00:50
1660122050771625000,52.6,3,52.6,35,52.7,16,2,2022-08-10 09:00:50
1660122050773546000,52.7,1,52.6,35,52.7,15,1,2022-08-10 09:00:50
1660122050817496000,52.6,2,52.6,33,52.7,15,2,2022-08-10 09:00:50
1660122051015320000,52.6,1,52.6,32,52.7,20,2,2022-08-10 09:00:51
1660122051050501000,52.7,1,52.6,32,52.7,19,1,2022-08-10 09:00:51
1660122051230988000,52.7,1,52.6,32,52.7,23,1,2022-08-10 09:00:51
1660122051633901000,52.6,5,52.6,27,52.7,29,2,2022-08-10 09:00:51
1660122051671220000,52.7,2,52.6,27,52.7,27,1,2022-08-10 09:00:51
1660122051730075000,52.7,1,52.6,27,52.7,26,1,2022-08-10 09:00:51
1660122051837678000,52.7,1,52.6,27,52.7,30,1,2022-08-10 09:00:51
1660122051886207000,52.7,5,52.6,27,52.7,25,1,2022-08-10 09:00:51
1660122052026618000,52.7,1,52.6,27,52.7,39,1,2022-08-10 09:00:52
1660122052154109000,52.7,1,52.6,27,52.7,38,1,2022-08-10 09:00:52
1660122052168567000,52.7,1,52.6,27,52.7,37,1,2022-08-10 09:00:52
1660122052361265000,52.7,1,52.6,27,52.7,40,1,2022-08-10 09:00:52
1660122052463575000,52.6,5,52.6,22,52.7,46,2,2022-08-10 09:00:52
1660122052528696000,52.7,20,52.6,22,52.7,26,1,2022-08-10 09:00:52
1660122052575635000,52.6,1,52.6,22,52.7,31,2,2022-08-10 09:00:52
1660122052833678000,52.6,4,52.6,17,52.7,35,2,2022-08-10 09:00:52
1660122052848504000,52.7,1,52.6,17,52.7,34,1,2022-08-10 09:00:52
1660122052928637000,52.7,2,52.6,17,52.7,37,1,2022-08-10 09:00:52
1660122053006911000,52.6,17,52.5,54,52.6,33,2,2022-08-10 09:00:53
1660122053025545000,52.6,1,52.5,54,52.6,32,1,2022-08-10 09:00:53
1660122053379737000,52.5,2,52.5,52,52.6,32,2,2022-08-10 09:00:53
1660122053382320000,52.6,1,52.5,52,52.6,31,1,2022-08-10 09:00:53
1660122053437905000,52.6,20,52.5,52,52.6,11,1,2022-08-10 09:00:53
1660122053593508000,52.6,5,52.5,52,52.6,11,1,2022-08-10 09:00:53
1660122053659545000,52.6,1,52.5,52,52.6,6,1,2022-08-10 09:00:53
1660122053764139000,52.6,2,52.5,52,52.6,4,1,2022-08-10 09:00:53
1660122053766575000,52.6,3,52.5,52,52.6,1,1,2022-08-10 09:00:53
1660122053795549000,52.6,1,52.5,52,52.6,1,1,2022-08-10 09:00:53
1660122053874816000,52.6,1,52.5,55,52.7,53,1,2022-08-10 09:00:53
1660122053874816000,52.7,1,52.5,55,52.7,53,1,2022-08-10 09:00:53
1660122054051711000,52.5,2,52.5,52,52.6,2,2,2022-08-10 09:00:54
1660122054152587000,52.6,2,52.6,18,52.7,64,1,2022-08-10 09:00:54
1660122054179860000,52.7,5,52.6,18,52.7,66,1,2022-08-10 09:00:54
1660122054186074000,52.6,1,52.6,17,52.7,66,2,2022-08-10 09:00:54
1660122054219402000,52.6,13,52.6,4,52.7,66,2,2022-08-10 09:00:54
1660122054349851000,52.6,4,52.5,46,52.7,66,2,2022-08-10 09:00:54
1660122054349851000,52.5,6,52.5,46,52.7,66,2,2022-08-10 09:00:54
1660122054710636000,52.7,1,52.6,5,52.7,72,1,2022-08-10 09:00:54
1660122054785809000,52.6,5,52.5,46,52.7,72,2,2022-08-10 09:00:54
1660122055229532000,52.5,23,52.5,23,52.6,70,2,2022-08-10 09:00:55
1660122055291705000,52.6,3,52.5,38,52.6,67,1,2022-08-10 09:00:55
1660122055293409000,52.6,1,52.5,38,52.6,66,1,2022-08-10 09:00:55
1660122055295810000,52.6,1,52.5,38,52.6,65,1,2022-08-10 09:00:55
1660122055338544000,52.6,1,52.5,38,52.6,64,1,2022-08-10 09:00:55
1660122055458152000,52.6,3,52.5,38,52.6,63,1,2022-08-10 09:00:55
1660122055724944000,52.5,1,52.5,37,52.6,70,2,2022-08-10 09:00:55
1660122055739947000,52.6,2,52.5,37,52.6,68,1,2022-08-10 09:00:55
1660122055760930000,52.6,1,52.5,37,52.6,67,1,2022-08-10 09:00:55
1660122056208643000,52.6,1,52.5,37,52.6,68,1,2022-08-10 09:00:56
1660122056360882000,52.6,30,52.5,41,52.6,38,1,2022-08-10 09:00:56
1660122056361380000,52.6,1,52.5,41,52.6,37,1,2022-08-10 09:00:56
1660122056414011000,52.6,3,52.5,41,52.6,34,1,2022-08-10 09:00:56
1660122056459330000,52.5,5,52.5,38,52.6,34,2,2022-08-10 09:00:56
1660122056464628000,52.6,10,52.5,38,52.6,24,1,2022-08-10 09:00:56
1660122056565704000,52.6,1,52.5,38,52.6,25,1,2022-08-10 09:00:56
1660122056579332000,52.6,2,52.5,38,52.6,26,1,2022-08-10 09:00:56
1660122056778471000,52.6,5,52.5,39,52.6,19,1,2022-08-10 09:00:56
1660122056808157000,52.5,10,52.5,29,52.6,19,2,2022-08-10 09:00:56
1660122056812235000,52.6,1,52.5,29,52.6,18,1,2022-08-10 09:00:56
1660122056880245000,52.6,18,52.5,29,52.7,38,1,2022-08-10 09:00:56
1660122056880245000,52.7,32,52.5,29,52.7,38,1,2022-08-10 09:00:56
1660122057093424000,52.6,1,52.5,37,52.7,38,1,2022-08-10 09:00:57
1660122057500078000,52.6,5,52.6,15,52.7,38,1,2022-08-10 09:00:57
1660122057623960000,52.6,1,52.6,16,52.7,43,2,2022-08-10 09:00:57
1660122057857190000,52.6,1,52.6,20,52.7,44,2,2022-08-10 09:00:57
1660122057901441000,52.6,2,52.6,19,52.7,44,2,2022-08-10 09:00:57
1660122057936747000,52.6,3,52.6,17,52.7,44,2,2022-08-10 09:00:57
1660122057938219000,52.7,1,52.6,17,52.7,43,1,2022-08-10 09:00:57
1660122058118932000,52.6,1,52.6,17,52.7,32,2,2022-08-10 09:00:58
1660122058258647000,52.6,3,52.6,14,52.7,32,2,2022-08-10 09:00:58
1660122058361869000,52.6,3,52.6,16,52.7,32,2,2022-08-10 09:00:58
1660122058413671000,52.6,1,52.6,16,52.7,32,2,2022-08-10 09:00:58
1660122058672720000,52.7,1,52.6,15,52.7,31,1,2022-08-10 09:00:58
1660122058811875000,52.7,1,52.6,17,52.7,30,1,2022-08-10 09:00:58
1660122058831246000,52.6,3,52.6,14,52.7,30,2,2022-08-10 09:00:58
1660122058870045000,52.6,1,52.6,14,52.7,30,2,2022-08-10 09:00:58
1660122058901225000,52.6,5,52.6,9,52.7,30,2,2022-08-10 09:00:58
1660122059034939000,52.6,1,52.6,8,52.7,30,2,2022-08-10 09:00:59
1660122059074190000,52.7,3,52.6,8,52.7,27,1,2022-08-10 09:00:59
1660122059087514000,52.6,1,52.6,8,52.7,30,2,2022-08-10 09:00:59
1660122059312713000,52.7,1,52.6,10,52.7,26,1,2022-08-10 09:00:59
1660122059556402000,52.7,3,52.6,11,52.7,23,1,2022-08-10 09:00:59
1660122059580909000,52.6,1,52.6,10,52.7,23,2,2022-08-10 09:00:59
1660122059720635000,52.6,10,52.6,3,52.7,23,2,2022-08-10 09:00:59
1660122059882579000,52.6,1,52.6,3,52.7,23,2,2022-08-10 09:00:59
1660122059925140000,52.6,5,52.6,3,52.7,23,2,2022-08-10 09:00:59
1660122060240348000,52.6,12,52.6,14,52.7,23,2,2022-08-10 09:01:00
1660122060281688000,52.7,1,52.6,14,52.7,22,1,2022-08-10 09:01:00
1660122060399343000,52.6,10,52.6,5,52.7,22,2,2022-08-10 09:01:00
1660122060444227000,52.6,3,52.6,2,52.7,22,2,2022-08-10 09:01:00
1660122060514926000,52.7,1,52.6,2,52.7,21,1,2022-08-10 09:01:00
1660122060712189000,52.7,1,52.6,6,52.7,20,1,2022-08-10 09:01:00
1660122060720537000,52.7,1,52.6,6,52.7,19,1,2022-08-10 09:01:00
1660122060725671000,52.6,6,52.5,46,52.7,19,2,2022-08-10 09:01:00
1660122060725671000,52.5,8,52.5,46,52.7,19,2,2022-08-10 09:01:00
1660122060886222000,52.6,1,52.5,51,52.7,10,1,2022-08-10 09:01:00
1660122060886222000,52.7,9,52.5,51,52.7,10,1,2022-08-10 09:01:00
1660122060972054000,52.6,5,52.6,2,52.7,10,2,2022-08-10 09:01:00
1660122061175791000,52.7,1,52.6,3,52.7,9,1,2022-08-10 09:01:01
1660122061197785000,52.7,1,52.6,13,52.7,8,1,2022-08-10 09:01:01
1660122061228638000,52.7,8,52.6,13,52.8,77,1,2022-08-10 09:01:01
1660122061398377000,52.6,1,52.6,13,52.7,2,2,2022-08-10 09:01:01
1660122061407269000,52.7,1,52.6,13,52.7,1,1,2022-08-10 09:01:01
1660122061554321000,52.6,1,52.6,12,52.7,1,2,2022-08-10 09:01:01
1660122061604368000,52.6,5,52.6,13,52.7,2,2,2022-08-10 09:01:01
1660122061897613000,52.6,7,52.6,7,52.7,2,2,2022-08-10 09:01:01
1660122061949316000,52.7,1,52.6,7,52.7,1,1,2022-08-10 09:01:01
1660122062049266000,52.6,5,52.6,13,52.7,2,2,2022-08-10 09:01:02
1660122062117750000,52.6,1,52.6,8,52.7,2,2,2022-08-10 09:01:02
1660122062322575000,52.7,3,52.7,7,52.8,78,1,2022-08-10 09:01:02
1660122062455765000,52.8,5,52.7,8,52.8,73,1,2022-08-10 09:01:02
1660122062576669000,52.7,1,52.7,8,52.8,73,2,2022-08-10 09:01:02
1660122062636057000,52.7,1,52.7,6,52.8,73,2,2022-08-10 09:01:02
1660122062696088000,52.7,1,52.7,5,52.8,73,2,2022-08-10 09:01:02
1660122062780803000,52.7,1,52.7,4,52.8,73,2,2022-08-10 09:01:02
1660122062782659000,52.8,1,52.7,4,52.8,72,1,2022-08-10 09:01:02
1660122062790784000,52.7,3,52.7,1,52.8,72,2,2022-08-10 09:01:02
1660122062996312000,52.7,2,52.6,20,52.8,72,2,2022-08-10 09:01:02
1660122063165119000,52.8,5,52.6,21,52.8,67,1,2022-08-10 09:01:03
1660122063483383000,52.7,1,52.6,22,52.7,4,1,2022-08-10 09:01:03
1660122063505729000,52.7,4,52.6,22,52.8,67,1,2022-08-10 09:01:03
1660122063514653000,52.7,1,52.7,1,52.8,67,1,2022-08-10 09:01:03
1660122063528534000,52.7,1,52.6,17,52.8,67,2,2022-08-10 09:01:03
1660122063528534000,52.6,5,52.6,17,52.8,67,2,2022-08-10 09:01:03
1660122063698220000,52.7,1,52.6,20,52.7,1,1,2022-08-10 09:01:03
1660122063735258000,52.7,1,52.6,20,52.8,67,1,2022-08-10 09:01:03
1660122064121457000,52.8,20,52.6,22,52.8,42,1,2022-08-10 09:01:04
1660122064198010000,52.6,1,52.6,21,52.8,42,2,2022-08-10 09:01:04
1660122064266013000,52.6,2,52.6,19,52.8,42,2,2022-08-10 09:01:04
1660122064308412000,52.7,1,52.6,19,52.7,7,1,2022-08-10 09:01:04
1660122064308446000,52.7,1,52.6,19,52.7,6,1,2022-08-10 09:01:04
1660122064363278000,52.7,7,52.6,21,52.8,42,1,2022-08-10 09:01:04
1660122064433581000,52.6,21,52.5,64,52.7,5,2,2022-08-10 09:01:04
1660122064433581000,52.5,7,52.5,64,52.7,5,2,2022-08-10 09:01:04
1660122064747338000,52.6,1,52.5,64,52.7,18,2,2022-08-10 09:01:04
1660122064824926000,52.7,2,52.5,65,52.7,16,1,2022-08-10 09:01:04
1660122064843108000,52.7,11,52.5,65,52.7,5,1,2022-08-10 09:01:04
1660122064958249000,52.7,1,52.5,65,52.7,6,1,2022-08-10 09:01:04
1660122065255072000,52.6,5,52.5,66,52.7,6,1,2022-08-10 09:01:05
1660122065670839000,52.7,1,52.6,4,52.7,6,1,2022-08-10 09:01:05
1660122065806082000,52.6,1,52.6,3,52.7,7,2,2022-08-10 09:01:05
1660122065958969000,52.7,5,52.6,4,52.7,3,1,2022-08-10 09:01:05
1660122066230225000,52.7,3,52.6,10,52.7,1,1,2022-08-10 09:01:06
1660122066256247000,52.7,1,52.6,10,52.8,45,1,2022-08-10 09:01:06
1660122066273930000,52.6,7,52.6,3,52.8,45,2,2022-08-10 09:01:06
1660122066383431000,52.6,1,52.6,2,52.7,41,2,2022-08-10 09:01:06
1660122066662685000,52.7,1,52.6,8,52.7,40,1,2022-08-10 09:01:06
1660122066745551000,52.6,1,52.6,8,52.7,41,2,2022-08-10 09:01:06
1660122066793467000,52.6,6,52.6,2,52.7,41,2,2022-08-10 09:01:06
1660122066921579000,52.7,2,52.6,2,52.7,39,1,2022-08-10 09:01:06
1660122067331619000,52.7,1,52.6,7,52.7,40,1,2022-08-10 09:01:07
1660122067548000000,52.7,1,52.6,7,52.7,45,1,2022-08-10 09:01:07
1660122067719517000,52.7,2,52.6,7,52.7,42,1,2022-08-10 09:01:07
1660122067791660000,52.7,1,52.6,8,52.7,41,1,2022-08-10 09:01:07
1660122067799266000,52.7,2,52.6,8,52.7,39,1,2022-08-10 09:01:07
1660122067869663000,52.6,8,52.5,46,52.7,40,2,2022-08-10 09:01:07
1660122067869663000,52.5,32,52.5,46,52.7,40,2,2022-08-10 09:01:07
1660122067924157000,52.7,3,52.5,48,52.7,37,1,2022-08-10 09:01:07
1660122068123939000,52.7,3,52.6,44,52.7,34,1,2022-08-10 09:01:08
1660122068447046000,52.7,1,52.6,48,52.7,34,1,2022-08-10 09:01:08
1660122068599304000,52.6,1,52.6,47,52.7,34,2,2022-08-10 09:01:08
1660122068744358000,52.7,1,52.6,50,52.7,36,1,2022-08-10 09:01:08
1660122068810164000,52.6,4,52.6,50,52.7,36,2,2022-08-10 09:01:08
1660122068815926000,52.7,1,52.6,50,52.7,35,1,2022-08-10 09:01:08
1660122069030498000,52.7,1,52.6,51,52.7,34,1,2022-08-10 09:01:09
1660122069054795000,52.6,10,52.6,41,52.7,34,2,2022-08-10 09:01:09
1660122069076613000,52.7,2,52.6,51,52.7,35,1,2022-08-10 09:01:09
1660122069281541000,52.7,1,52.6,41,52.7,32,1,2022-08-10 09:01:09
1660122070016444000,52.7,2,52.6,42,52.7,39,1,2022-08-10 09:01:10
1660122070350181000,52.6,1,52.6,41,52.7,38,2,2022-08-10 09:01:10
1660122070402162000,52.7,10,52.6,41,52.7,28,1,2022-08-10 09:01:10
1660122070536676000,52.6,5,52.6,37,52.7,29,2,2022-08-10 09:01:10
1660122070586938000,52.7,29,52.6,37,53.0,10,1,2022-08-10 09:01:10
1660122070586938000,52.8,44,52.6,37,53.0,10,1,2022-08-10 09:01:10
1660122070586938000,52.9,18,52.6,37,53.0,10,1,2022-08-10 09:01:10
1660122070586938000,53.0,59,52.6,37,53.0,10,1,2022-08-10 09:01:10
1660122070590561000,52.6,1,52.6,42,52.7,29,2,2022-08-10 09:01:10
1660122070849293000,52.9,1,52.7,12,52.9,41,1,2022-08-10 09:01:10
1660122070867525000,52.9,1,52.7,13,52.9,40,1,2022-08-10 09:01:10
1660122071152946000,52.9,2,52.7,16,52.9,38,1,2022-08-10 09:01:11
1660122071317580000,52.7,1,52.7,16,52.9,38,2,2022-08-10 09:01:11
1660122071537923000,52.9,6,52.8,3,52.9,38,1,2022-08-10 09:01:11
1660122071612754000,52.8,2,52.8,1,52.9,32,2,2022-08-10 09:01:11
1660122071674370000,52.8,1,52.7,11,52.9,32,2,2022-08-10 09:01:11
1660122071674370000,52.7,9,52.7,11,52.9,32,2,2022-08-10 09:01:11
1660122071926706000,52.9,4,52.8,13,52.9,78,1,2022-08-10 09:01:11
1660122072050747000,52.9,1,52.8,13,52.9,77,1,2022-08-10 09:01:12
1660122072103760000,52.9,2,52.8,18,52.9,75,1,2022-08-10 09:01:12
1660122072351004000,52.9,1,52.8,28,52.9,74,1,2022-08-10 09:01:12
1660122072361152000,52.8,1,52.8,27,52.9,74,2,2022-08-10 09:01:12
1660122072442982000,52.9,7,52.8,27,52.9,67,1,2022-08-10 09:01:12
1660122072644052000,52.9,5,52.8,30,52.9,62,1,2022-08-10 09:01:12
1660122072714064000,52.9,1,52.8,30,52.9,61,1,2022-08-10 09:01:12
1660122073167392000,52.9,61,52.8,30,53.0,9,1,2022-08-10 09:01:13
1660122073190837000,53.0,3,52.9,1,53.0,6,1,2022-08-10 09:01:13
1660122073270843000,52.9,1,52.8,28,53.0,10,2,2022-08-10 09:01:13
1660122073270843000,52.8,2,52.8,28,53.0,10,2,2022-08-10 09:01:13
1660122073309138000,53.0,3,52.8,28,53.0,7,1,2022-08-10 09:01:13
1660122073434968000,53.0,5,52.8,28,53.0,2,1,2022-08-10 09:01:13
1660122073560266000,53.0,2,52.8,28,53.1,23,1,2022-08-10 09:01:13
1660122073560266000,53.1,8,52.8,28,53.1,23,1,2022-08-10 09:01:13
1660122073713126000,53.0,7,52.9,5,53.0,43,2,2022-08-10 09:01:13
1660122073888948000,52.9,1,52.9,6,53.0,43,2,2022-08-10 09:01:13
1660122074042514000,52.9,1,52.9,9,53.0,43,2,2022-08-10 09:01:14
1660122074482493000,53.0,2,52.9,9,53.0,44,1,2022-08-10 09:01:14
1660122074673751000,52.9,2,52.9,7,53.0,42,2,2022-08-10 09:01:14
1660122074788487000,52.9,1,52.9,7,53.0,42,2,2022-08-10 09:01:14
1660122074949718000,53.0,1,52.9,13,53.0,41,1,2022-08-10 09:01:14
1660122075356525000,53.0,1,52.9,13,53.0,45,1,2022-08-10 09:01:15
1660122075656904000,53.0,3,52.9,13,53.0,42,1,2022-08-10 09:01:15
1660122076028697000,52.9,5,52.9,10,53.0,47,2,2022-08-10 09:01:16
1660122076061819000,52.9,1,52.9,10,53.0,47,2,2022-08-10 09:01:16
1660122076129217000,53.0,1,52.9,9,53.0,46,1,2022-08-10 09:01:16
1660122076194729000,52.9,1,52.9,8,53.0,46,2,2022-08-10 09:01:16
1660122076221975000,53.0,1,52.9,8,53.0,45,1,2022-08-10 09:01:16
1660122076261260000,52.9,1,52.9,7,53.0,45,2,2022-08-10 09:01:16
1660122076437415000,53.0,1,52.9,7,53.0,44,1,2022-08-10 09:01:16
1660122076919237000,52.9,1,52.9,6,53.0,44,2,2022-08-10 09:01:16
1660122077281482000,53.0,1,52.9,6,53.0,43,1,2022-08-10 09:01:17
1660122077522971000,53.0,1,52.9,6,53.0,43,1,2022-08-10 09:01:17
1660122077708575000,52.9,2,52.9,4,53.0,42,2,2022-08-10 09:01:17
1660122077744369000,52.9,1,52.9,3,53.0,42,2,2022-08-10 09:01:17
1660122077848476000,53.0,1,52.9,3,53.0,41,1,2022-08-10 09:01:17
1660122078024454000,53.0,1,52.9,3,53.0,40,1,2022-08-10 09:01:18
1660122078229806000,52.9,1,52.9,7,53.0,42,2,2022-08-10 09:01:18
1660122078336858000,52.9,6,52.9,2,53.0,42,2,2022-08-10 09:01:18
1660122078377135000,52.9,1,52.9,1,53.0,42,2,2022-08-10 09:01:18
1660122078930529000,53.0,1,52.9,1,53.0,44,1,2022-08-10 09:01:18
1660122078945833000,53.0,5,52.9,1,53.0,39,1,2022-08-10 09:01:18
1660122078975551000,53.0,1,52.9,1,53.0,38,1,2022-08-10 09:01:18
1660122079134453000,53.0,1,52.9,12,53.0,37,1,2022-08-10 09:01:19
1660122079427275000,53.0,15,52.9,13,53.0,30,1,2022-08-10 09:01:19
1660122079456583000,53.0,5,52.9,13,53.0,25,1,2022-08-10 09:01:19
1660122079476706000,53.0,1,52.9,13,53.0,24,1,2022-08-10 09:01:19
1660122079832164000,52.9,1,52.9,12,53.0,59,2,2022-08-10 09:01:19
1660122080003003000,53.0,2,52.9,12,53.0,57,1,2022-08-10 09:01:20
1660122080018568000,53.0,1,52.9,12,53.0,56,1,2022-08-10 09:01:20
1660122080041917000,53.0,2,52.9,12,53.0,54,1,2022-08-10 09:01:20
1660122080085305000,53.0,1,52.9,15,53.0,53,1,2022-08-10 09:01:20
1660122080361516000,53.0,1,52.9,16,53.0,52,1,2022-08-10 09:01:20
1660122080681759000,52.9,2,52.9,18,53.0,53,2,2022-08-10 09:01:20
1660122080707012000,52.9,3,52.9,16,53.0,53,2,2022-08-10 09:01:20
1660122080720038000,52.9,1,52.9,16,53.0,53,2,2022-08-10 09:01:20
1660122080747324000,53.0,1,52.9,16,53.0,52,1,2022-08-10 09:01:20
1660122080890698000,53.0,10,52.9,17,53.0,42,1,2022-08-10 09:01:20
1660122080917119000,52.9,1,52.9,16,53.0,42,2,2022-08-10 09:01:20
1660122081217269000,53.0,2,52.9,17,53.0,41,1,2022-08-10 09:01:21
1660122081601300000,53.0,2,52.9,18,53.0,43,1,2022-08-10 09:01:21
1660122081605217000,53.0,1,52.9,18,53.0,42,1,2022-08-10 09:01:21
1660122081858786000,52.9,1,52.9,18,53.0,42,2,2022-08-10 09:01:21
1660122081963673000,53.0,1,52.9,18,53.0,41,1,2022-08-10 09:01:21
1660122081981118000,53.0,3,52.9,18,53.0,38,1,2022-08-10 09:01:21
1660122082006477000,53.0,1,52.9,19,53.0,42,1,2022-08-10 09:01:22
1660122082182916000,53.0,2,52.9,18,53.0,35,1,2022-08-10 09:01:22
1660122082198930000,53.0,1,52.9,18,53.0,34,1,2022-08-10 09:01:22
1660122082309441000,53.0,1,52.9,18,53.0,33,1,2022-08-10 09:01:22
1660122082319460000,53.0,5,52.9,18,53.0,28,1,2022-08-10 09:01:22
1660122082485567000,53.0,2,52.9,19,53.0,26,1,2022-08-10 09:01:22
1660122082723533000,53.0,10,52.9,21,53.0,16,1,2022-08-10 09:01:22
1660122082751964000,53.0,15,52.9,21,53.0,1,1,2022-08-10 09:01:22
1660122082828434000,53.0,1,52.9,23,53.1,27,1,2022-08-10 09:01:22
1660122083034841000,53.1,10,53.0,1,53.1,28,1,2022-08-10 09:01:23
1660122083227161000,53.0,1,52.9,23,53.1,18,2,2022-08-10 09:01:23
1660122083285815000,53.1,1,52.9,23,53.1,17,1,2022-08-10 09:01:23
1660122083550484000,53.0,1,53.0,3,53.1,17,2,2022-08-10 09:01:23
1660122083685597000,53.0,1,53.0,1,53.1,17,2,2022-08-10 09:01:23
1660122083936084000,53.0,1,53.0,14,53.1,17,2,2022-08-10 09:01:23
1660122084021024000,53.0,1,53.0,19,53.1,17,2,2022-08-10 09:01:24
1660122084123153000,53.0,3,53.0,17,53.1,15,2,2022-08-10 09:01:24
1660122084141838000,53.0,10,53.0,7,53.1,15,2,2022-08-10 09:01:24
1660122084421153000,53.0,2,53.0,6,53.1,15,2,2022-08-10 09:01:24
1660122084568069000,53.1,1,53.0,18,53.1,14,1,2022-08-10 09:01:24
1660122084650533000,53.0,1,53.0,19,53.1,14,2,2022-08-10 09:01:24
1660122084759608000,53.1,1,53.0,19,53.1,13,1,2022-08-10 09:01:24
1660122085034539000,53.1,2,53.0,22,53.1,13,1,2022-08-10 09:01:25
1660122085150009000,53.1,1,53.0,23,53.1,10,1,2022-08-10 09:01:25
1660122085346828000,53.1,1,53.0,28,53.1,9,1,2022-08-10 09:01:25
1660122085351326000,53.0,2,53.0,26,53.1,9,2,2022-08-10 09:01:25
1660122085464619000,53.1,3,53.0,38,53.1,6,1,2022-08-10 09:01:25
1660122085667382000,53.1,2,53.0,38,53.1,4,1,2022-08-10 09:01:25
1660122085766590000,53.1,4,53.0,38,53.2,21,1,2022-08-10 09:01:25
1660122085766590000,53.2,6,53.0,38,53.2,21,1,2022-08-10 09:01:25
1660122086047068000,53.2,1,53.1,1,53.2,20,1,2022-08-10 09:01:26
1660122086114144000,53.1,1,53.0,43,53.2,20,2,2022-08-10 09:01:26
1660122086163075000,53.0,1,53.0,42,53.2,20,2,2022-08-10 09:01:26
1660122086318817000,53.0,1,53.0,41,53.1,50,2,2022-08-10 09:01:26
1660122086330143000,53.0,2,53.0,39,53.1,50,2,2022-08-10 09:01:26
1660122086355782000,53.0,39,52.9,31,53.1,50,2,2022-08-10 09:01:26
1660122086451171000,53.0,3,52.9,31,53.0,68,1,2022-08-10 09:01:26
1660122086475823000,52.9,31,52.8,14,53.0,68,2,2022-08-10 09:01:26
1660122086552804000,52.9,1,52.8,14,52.9,5,1,2022-08-10 09:01:26
1660122086681626000,52.9,2,52.8,14,52.9,3,1,2022-08-10 09:01:26
1660122086793828000,52.9,3,52.8,14,53.0,68,1,2022-08-10 09:01:26
1660122087028859000,53.0,1,52.9,8,53.0,68,1,2022-08-10 09:01:27
1660122087085080000,53.0,1,52.9,8,53.0,67,1,2022-08-10 09:01:27
1660122087162186000,53.0,2,52.9,8,53.0,68,1,2022-08-10 09:01:27
1660122087174916000,52.9,8,52.8,14,52.9,2,2,2022-08-10 09:01:27
1660122087178174000,52.9,1,52.8,14,52.9,1,1,2022-08-10 09:01:27
1660122087180522000,52.9,1,52.8,14,53.0,68,1,2022-08-10 09:01:27
1660122087237370000,52.8,9,52.8,5,53.0,68,2,2022-08-10 09:01:27
1660122087251862000,53.0,1,52.9,1,53.0,67,1,2022-08-10 09:01:27
1660122087257123000,52.9,1,52.8,5,53.0,67,2,2022-08-10 09:01:27
1660122087317897000,52.8,3,52.8,2,52.9,3,2,2022-08-10 09:01:27
1660122087321872000,52.9,2,52.8,2,52.9,1,1,2022-08-10 09:01:27
1660122087344791000,52.9,1,52.8,2,53.0,73,1,2022-08-10 09:01:27
1660122087344791000,53.0,4,52.8,2,53.0,73,1,2022-08-10 09:01:27
1660122087443628000,52.9,1,52.8,2,52.9,1,1,2022-08-10 09:01:27
1660122087451377000,52.9,1,52.8,2,53.0,73,1,2022-08-10 09:01:27
1660122087582125000,52.8,2,52.8,1,52.9,2,2,2022-08-10 09:01:27
1660122087597104000,52.9,2,52.8,1,52.9,2,1,2022-08-10 09:01:27
1660122087597104000,53.0,28,52.8,1,52.9,2,1,2022-08-10 09:01:27
1660122087654286000,52.9,2,52.8,1,52.9,7,1,2022-08-10 09:01:27
1660122087773917000,52.9,1,52.8,1,52.9,13,1,2022-08-10 09:01:27
1660122087820250000,52.9,1,52.8,1,52.9,14,1,2022-08-10 09:01:27
1660122087880777000,52.9,1,52.8,1,52.9,17,1,2022-08-10 09:01:27
1660122087963154000,52.9,3,52.8,1,52.9,15,1,2022-08-10 09:01:27
1660122088066129000,52.9,10,52.8,1,52.9,15,1,2022-08-10 09:01:28
1660122088107538000,52.8,1,52.8,2,52.9,15,2,2022-08-10 09:01:28
1660122088259670000,52.8,6,52.7,105,52.8,62,1,2022-08-10 09:01:28
1660122088368280000,52.8,10,52.7,105,52.8,52,1,2022-08-10 09:01:28
1660122088397805000,52.7,1,52.7,104,52.8,52,2,2022-08-10 09:01:28
1660122088400183000,52.7,1,52.7,103,52.8,52,2,2022-08-10 09:01:28
1660122088402674000,52.7,1,52.7,102,52.8,52,2,2022-08-10 09:01:28
1660122088443146000,52.7,1,52.7,101,52.8,52,2,2022-08-10 09:01:28
1660122088612902000,52.8,18,52.7,101,52.8,52,1,2022-08-10 09:01:28
1660122088641221000,52.7,1,52.7,100,52.8,34,2,2022-08-10 09:01:28
1660122088645717000,52.8,3,52.7,100,52.8,31,1,2022-08-10 09:01:28
1660122088651528000,52.7,1,52.7,99,52.8,31,2,2022-08-10 09:01:28
1660122088659611000,52.8,2,52.7,99,52.8,29,1,2022-08-10 09:01:28
1660122088812125000,52.8,2,52.7,99,52.8,37,1,2022-08-10 09:01:28
1660122088834433000,52.8,8,52.7,99,52.8,29,1,2022-08-10 09:01:28
1660122088882352000,52.8,1,52.7,99,52.8,28,1,2022-08-10 09:01:28
1660122088884277000,52.8,2,52.7,99,52.8,26,1,2022-08-10 09:01:28
1660122089184579000,52.7,10,52.7,89,52.8,38,2,2022-08-10 09:01:29
1660122089221039000,52.7,1,52.7,88,52.8,38,2,2022-08-10 09:01:29
1660122089222824000,52.7,1,52.7,87,52.8,38,2,2022-08-10 09:01:29
1660122089256126000,52.7,1,52.7,86,52.8,38,2,2022-08-10 09:01:29
1660122089420919000,52.8,1,52.7,86,52.8,39,1,2022-08-10 09:01:29
1660122089479403000,52.8,1,52.7,86,52.8,39,1,2022-08-10 09:01:29
1660122089593254000,52.8,1,52.7,86,52.8,40,1,2022-08-10 09:01:29
1660122089723603000,52.8,1,52.7,86,52.8,39,1,2022-08-10 09:01:29
1660122090191045000,52.8,1,52.7,86,52.8,28,1,2022-08-10 09:01:30
1660122090415122000,52.7,65,52.7,21,52.8,39,2,2022-08-10 09:01:30
1660122090448530000,52.7,1,52.7,20,52.8,39,2,2022-08-10 09:01:30
1660122090452647000,52.7,13,52.7,7,52.8,39,2,2022-08-10 09:01:30
1660122090454833000,52.7,7,52.6,102,52.8,39,2,2022-08-10 09:01:30
1660122090484010000,52.6,1,52.6,101,52.7,5,2,2022-08-10 09:01:30
1660122090517869000,52.7,1,52.6,101,52.7,4,1,2022-08-10 09:01:30
1660122090519424000,52.6,1,52.6,101,52.7,5,2,2022-08-10 09:01:30
1660122090667817000,52.7,1,52.6,100,52.7,3,1,2022-08-10 09:01:30
1660122090717257000,52.7,1,52.6,100,52.7,2,1,2022-08-10 09:01:30
1660122090802061000,52.7,2,52.6,100,52.8,39,1,2022-08-10 09:01:30
1660122090865787000,52.7,1,52.6,100,52.7,9,2,2022-08-10 09:01:30
1660122090901213000,52.6,1,52.6,99,52.7,9,2,2022-08-10 09:01:30
1660122090929454000,52.6,28,52.6,71,52.7,9,2,2022-08-10 09:01:30
1660122090960980000,52.6,1,52.6,70,52.7,12,2,2022-08-10 09:01:30
1660122090961085000,52.6,1,52.6,69,52.7,12,2,2022-08-10 09:01:30
1660122090961164000,52.6,1,52.6,68,52.7,12,2,2022-08-10 09:01:30
1660122091178484000,52.7,2,52.6,68,52.7,10,1,2022-08-10 09:01:31
1660122091191506000,52.7,8,52.6,68,52.7,2,1,2022-08-10 09:01:31
1660122091227465000,52.7,1,52.6,68,52.7,1,1,2022-08-10 09:01:31
1660122091262715000,52.7,1,52.6,68,52.8,55,1,2022-08-10 09:01:31
1660122091301077000,52.8,1,52.6,68,52.8,54,1,2022-08-10 09:01:31
1660122091513376000,52.7,1,52.6,68,52.7,2,1,2022-08-10 09:01:31
1660122091624478000,52.7,2,52.6,83,52.7,1,1,2022-08-10 09:01:31
1660122091851010000,52.6,10,52.6,73,52.7,9,2,2022-08-10 09:01:31
1660122091938111000,52.7,1,52.6,73,52.7,13,1,2022-08-10 09:01:31
1660122092165620000,52.7,1,52.6,73,52.7,12,1,2022-08-10 09:01:32
1660122092261438000,52.7,1,52.6,73,52.7,11,1,2022-08-10 09:01:32
1660122092531404000,52.6,1,52.6,72,52.7,22,2,2022-08-10 09:01:32
1660122092554001000,52.6,72,52.5,126,52.7,22,2,2022-08-10 09:01:32
1660122092561423000,52.7,1,52.5,126,52.7,21,1,2022-08-10 09:01:32
1660122092721657000,52.6,1,52.5,126,52.6,7,1,2022-08-10 09:01:32
1660122092871940000,52.6,1,52.5,126,52.6,6,1,2022-08-10 09:01:32
1660122093085312000,52.6,1,52.5,126,52.6,6,1,2022-08-10 09:01:33
1660122093365890000,52.6,1,52.5,127,52.6,4,1,2022-08-10 09:01:33
1660122093511982000,52.5,1,52.5,127,52.6,4,2,2022-08-10 09:01:33
1660122093616230000,52.6,4,52.5,126,52.7,46,1,2022-08-10 09:01:33
1660122093616230000,52.7,1,52.5,126,52.7,46,1,2022-08-10 09:01:33
1660122093759223000,52.6,3,52.5,129,52.6,18,1,2022-08-10 09:01:33
1660122093781019000,52.6,18,52.5,129,52.7,46,1,2022-08-10 09:01:33
1660122094041038000,52.7,1,52.5,129,52.7,37,1,2022-08-10 09:01:34
1660122094090624000,52.5,1,52.5,128,52.7,37,2,2022-08-10 09:01:34
1660122094263577000,52.7,1,52.5,129,52.7,36,1,2022-08-10 09:01:34
1660122094590089000,52.6,2,52.5,129,52.6,64,1,2022-08-10 09:01:34
1660122094840770000,52.5,5,52.5,125,52.6,70,2,2022-08-10 09:01:34
1660122094977183000,52.6,1,52.5,125,52.6,69,1,2022-08-10 09:01:34
1660122095405395000,52.6,2,52.5,134,52.6,80,1,2022-08-10 09:01:35
1660122095421105000,52.6,1,52.5,134,52.6,79,1,2022-08-10 09:01:35
1660122095809419000,52.6,1,52.5,134,52.6,78,1,2022-08-10 09:01:35
1660122095886636000,52.5,10,52.5,123,52.6,78,2,2022-08-10 09:01:35
1660122095923086000,52.5,1,52.5,122,52.6,78,2,2022-08-10 09:01:35
1660122095928284000,52.5,1,52.5,121,52.6,78,2,2022-08-10 09:01:35
1660122095973825000,52.5,1,52.5,120,52.6,78,2,2022-08-10 09:01:35
1660122096090490000,52.5,1,52.5,139,52.6,78,2,2022-08-10 09:01:36
1660122096216675000,52.6,4,52.5,139,52.6,75,1,2022-08-10 09:01:36
1660122096248376000,52.5,1,52.5,138,52.6,75,2,2022-08-10 09:01:36
1660122096283397000,52.5,1,52.5,137,52.6,75,2,2022-08-10 09:01:36
1660122096346868000,52.6,1,52.5,137,52.6,76,1,2022-08-10 09:01:36
1660122096408571000,52.6,1,52.5,137,52.6,76,1,2022-08-10 09:01:36
1660122096414908000,52.6,2,52.5,137,52.6,74,1,2022-08-10 09:01:36
1660122096441347000,52.6,1,52.5,137,52.6,73,1,2022-08-10 09:01:36
1660122096555058000,52.5,1,52.5,137,52.6,73,2,2022-08-10 09:01:36
1660122096680260000,52.5,1,52.5,135,52.6,73,2,2022-08-10 09:01:36
1660122096816878000,52.6,1,52.5,135,52.6,72,1,2022-08-10 09:01:36
1660122096997273000,52.5,1,52.5,134,52.6,75,2,2022-08-10 09:01:36
1660122097231074000,52.6,1,52.5,134,52.6,69,1,2022-08-10 09:01:37
1660122097312272000,52.6,1,52.5,134,52.6,68,1,2022-08-10 09:01:37
1660122097500061000,52.5,5,52.5,131,52.6,68,2,2022-08-10 09:01:37
1660122097546749000,52.6,1,52.5,132,52.6,68,1,2022-08-10 09:01:37
1660122097672111000,52.5,1,52.5,131,52.6,67,2,2022-08-10 09:01:37
1660122097755703000,52.6,1,52.5,133,52.6,66,1,2022-08-10 09:01:37
1660122097828472000,52.6,1,52.5,133,52.6,65,1,2022-08-10 09:01:37
1660122098021277000,52.6,2,52.5,133,52.6,64,1,2022-08-10 09:01:38
1660122098039053000,52.6,2,52.5,133,52.6,62,1,2022-08-10 09:01:38
1660122098042188000,52.5,1,52.5,133,52.6,66,2,2022-08-10 09:01:38
1660122098210100000,52.5,2,52.5,130,52.6,62,2,2022-08-10 09:01:38
1660122098252159000,52.5,1,52.5,129,52.6,62,2,2022-08-10 09:01:38
1660122098333098000,52.5,10,52.5,119,52.6,63,2,2022-08-10 09:01:38
1660122098333785000,52.5,1,52.5,118,52.6,63,2,2022-08-10 09:01:38
1660122098447306000,52.5,1,52.5,118,52.6,64,2,2022-08-10 09:01:38
1660122098579891000,52.5,1,52.5,119,52.6,64,2,2022-08-10 09:01:38
1660122098701163000,52.5,1,52.5,118,52.6,64,2,2022-08-10 09:01:38
1660122098811548000,52.6,1,52.5,117,52.6,66,1,2022-08-10 09:01:38
1660122098831634000,52.5,1,52.5,116,52.6,66,2,2022-08-10 09:01:38
1660122098841122000,52.6,2,52.5,116,52.6,64,1,2022-08-10 09:01:38
1660122098946661000,52.5,3,52.5,113,52.6,64,2,2022-08-10 09:01:38
1660122098984818000,52.6,5,52.5,113,52.6,59,1,2022-08-10 09:01:38
1660122099067125000,52.5,1,52.5,112,52.6,59,2,2022-08-10 09:01:39
1660122099071202000,52.6,2,52.5,112,52.6,57,1,2022-08-10 09:01:39
1660122099104660000,52.5,1,52.5,116,52.6,64,2,2022-08-10 09:01:39
1660122099204023000,52.6,1,52.5,111,52.6,56,1,2022-08-10 09:01:39
1660122099318017000,52.5,1,52.5,110,52.6,56,2,2022-08-10 09:01:39
1660122099487938000,52.6,1,52.5,112,52.6,55,1,2022-08-10 09:01:39
1660122099542037000,52.6,2,52.5,112,52.6,53,1,2022-08-10 09:01:39
1660122099599337000,52.6,2,52.5,112,52.6,51,1,2022-08-10 09:01:39
1660122099600094000,52.5,1,52.5,112,52.6,53,2,2022-08-10 09:01:39
1660122099639618000,52.6,1,52.5,111,52.6,50,1,2022-08-10 09:01:39
1660122099758169000,52.5,1,52.5,110,52.6,50,2,2022-08-10 09:01:39
1660122099886247000,52.6,3,52.5,102,52.6,47,1,2022-08-10 09:01:39
1660122099917029000,52.6,1,52.5,102,52.6,46,1,2022-08-10 09:01:39
1660122099956986000,52.6,1,52.5,103,52.6,45,1,2022-08-10 09:01:39
1660122100294035000,52.6,2,52.5,108,52.6,43,1,2022-08-10 09:01:40
1660122100464318000,52.6,3,52.5,108,52.6,37,1,2022-08-10 09:01:40
1660122100494197000,52.5,1,52.5,107,52.6,37,2,2022-08-10 09:01:40
1660122100501663000,52.6,3,52.5,107,52.6,34,1,2022-08-10 09:01:40
1660122100825230000,52.5,5,52.5,102,52.6,36,2,2022-08-10 09:01:40
1660122100862209000,52.5,1,52.5,101,52.6,36,2,2022-08-10 09:01:40
1660122100952999000,52.5,1,52.5,100,52.6,36,2,2022-08-10 09:01:40
1660122100960795000,52.6,1,52.5,100,52.6,35,1,2022-08-10 09:01:40
1660122100986002000,52.6,1,52.5,100,52.6,34,1,2022-08-10 09:01:40
1660122101030263000,52.6,1,52.5,100,52.6,33,1,2022-08-10 09:01:41
1660122101119360000,52.6,1,52.5,102,52.6,32,1,2022-08-10 09:01:41
1660122101144762000,52.6,2,52.5,102,52.6,30,1,2022-08-10 09:01:41
1660122101208932000,52.5,4,52.5,98,52.6,30,2,2022-08-10 09:01:41
1660122101298517000,52.5,1,52.5,97,52.6,30,2,2022-08-10 09:01:41
1660122101401357000,52.6,1,52.5,97,52.6,29,1,2022-08-10 09:01:41
1660122101417087000,52.6,2,52.5,97,52.6,17,1,2022-08-10 09:01:41
1660122101520786000,52.6,2,52.5,98,52.6,15,1,2022-08-10 09:01:41
1660122101565916000,52.5,1,52.5,97,52.6,15,2,2022-08-10 09:01:41
1660122101700405000,52.6,2,52.5,97,52.6,14,1,2022-08-10 09:01:41
1660122101823588000,52.5,7,52.5,91,52.6,14,2,2022-08-10 09:01:41
1660122101843177000,52.5,1,52.5,90,52.6,14,2,2022-08-10 09:01:41
1660122101880261000,52.5,1,52.5,89,52.6,14,2,2022-08-10 09:01:41
1660122101956546000,52.6,1,52.5,89,52.6,13,1,2022-08-10 09:01:41
1660122101956570000,52.6,10,52.5,89,52.6,3,1,2022-08-10 09:01:41
1660122102003200000,52.5,7,52.5,82,52.6,3,2,2022-08-10 09:01:42
1660122102074432000,52.5,1,52.5,81,52.6,4,2,2022-08-10 09:01:42
1660122102280820000,52.6,4,52.6,4,52.7,20,1,2022-08-10 09:01:42
1660122102347204000,52.6,1,52.6,3,52.7,21,2,2022-08-10 09:01:42
1660122102480628000,52.6,2,52.6,9,52.7,21,2,2022-08-10 09:01:42
1660122102723232000,52.6,5,52.6,2,52.7,21,2,2022-08-10 09:01:42
1660122102934398000,52.6,1,52.6,12,52.7,21,2,2022-08-10 09:01:42
1660122102956562000,52.6,1,52.6,11,52.7,21,2,2022-08-10 09:01:42
1660122103379272000,52.6,1,52.6,12,52.7,20,2,2022-08-10 09:01:43
1660122103479738000,52.6,10,52.6,2,52.7,10,2,2022-08-10 09:01:43
1660122103489987000,52.6,2,52.5,190,52.7,10,2,2022-08-10 09:01:43
1660122103489987000,52.5,1,52.5,190,52.7,10,2,2022-08-10 09:01:43
1660122103504656000,52.7,1,52.5,190,52.7,9,1,2022-08-10 09:01:43
1660122104107758000,52.6,1,52.6,14,52.7,14,2,2022-08-10 09:01:44
1660122104300280000,52.6,10,52.6,4,52.7,14,2,2022-08-10 09:01:44
1660122104368426000,52.6,3,52.5,197,52.7,15,2,2022-08-10 09:01:44
1660122104368426000,52.5,7,52.5,197,52.7,15,2,2022-08-10 09:01:44
1660122104472871000,52.6,1,52.5,197,52.7,17,1,2022-08-10 09:01:44
1660122104562897000,52.7,1,52.5,198,52.7,17,1,2022-08-10 09:01:44
1660122104866113000,52.7,1,52.5,198,52.7,15,1,2022-08-10 09:01:44
1660122105345459000,52.6,1,52.6,4,52.7,10,2,2022-08-10 09:01:45
1660122106180563000,52.7,1,52.6,8,52.7,11,1,2022-08-10 09:01:46
1660122106418959000,52.6,1,52.6,7,52.7,12,2,2022-08-10 09:01:46
1660122106493658000,52.7,1,52.6,11,52.7,11,1,2022-08-10 09:01:46
1660122106548131000,52.6,1,52.6,10,52.7,11,2,2022-08-10 09:01:46
1660122106778396000,52.6,10,52.6,5,52.7,12,2,2022-08-10 09:01:46
1660122106872139000,52.6,5,52.6,2,52.7,12,2,2022-08-10 09:01:46
1660122107030262000,52.7,1,52.6,6,52.7,11,1,2022-08-10 09:01:47
1660122107052483000,52.6,1,52.6,5,52.7,11,2,2022-08-10 09:01:47
1660122107141720000,52.7,1,52.6,5,52.7,11,1,2022-08-10 09:01:47
1660122107169199000,52.6,3,52.6,2,52.7,11,2,2022-08-10 09:01:47
1660122107268198000,52.6,1,52.6,1,52.7,11,2,2022-08-10 09:01:47
1660122107347634000,52.6,1,52.5,229,52.6,1,2,2022-08-10 09:01:47
1660122107594465000,52.6,1,52.5,230,52.6,1,1,2022-08-10 09:01:47
1660122107805339000,52.7,1,52.6,5,52.7,12,1,2022-08-10 09:01:47
1660122107827900000,52.6,5,52.5,230,52.7,12,2,2022-08-10 09:01:47
1660122107860894000,52.6,1,52.6,4,52.7,12,2,2022-08-10 09:01:47
1660122107890687000,52.6,1,52.6,9,52.7,14,2,2022-08-10 09:01:47
1660122108500093000,52.6,1,52.6,10,52.7,13,2,2022-08-10 09:01:48
1660122108756067000,52.7,8,52.6,11,52.7,5,1,2022-08-10 09:01:48
1660122109016636000,52.6,1,52.6,29,52.7,15,2,2022-08-10 09:01:49
1660122109043079000,52.6,1,52.6,48,52.7,15,2,2022-08-10 09:01:49
1660122109343698000,52.6,1,52.6,47,52.7,15,2,2022-08-10 09:01:49
1660122109600941000,52.6,5,52.6,52,52.7,15,2,2022-08-10 09:01:49
1660122109604190000,52.7,2,52.6,57,52.7,15,1,2022-08-10 09:01:49
1660122109630947000,52.6,1,52.6,51,52.7,13,2,2022-08-10 09:01:49
1660122109996367000,52.6,2,52.6,51,52.7,13,2,2022-08-10 09:01:49
1660122110109814000,52.6,5,52.6,48,52.7,13,2,2022-08-10 09:01:50
1660122110117124000,52.6,1,52.6,53,52.7,13,2,2022-08-10 09:01:50
1660122110125694000,52.6,2,52.6,45,52.7,13,2,2022-08-10 09:01:50
1660122110541766000,52.7,1,52.6,47,52.7,12,1,2022-08-10 09:01:50
1660122111170199000,52.6,1,52.6,49,52.7,12,2,2022-08-10 09:01:51
1660122111621849000,52.6,1,52.6,50,52.7,17,2,2022-08-10 09:01:51
1660122111636268000,52.7,1,52.6,49,52.7,16,1,2022-08-10 09:01:51
1660122111762408000,52.7,1,52.6,49,52.7,15,1,2022-08-10 09:01:51
1660122112078381000,52.6,2,52.6,51,52.7,15,2,2022-08-10 09:01:52
1660122112203201000,52.7,10,52.6,49,52.7,8,1,2022-08-10 09:01:52
1660122112351603000,52.7,1,52.6,59,52.7,22,1,2022-08-10 09:01:52
1660122112415986000,52.7,15,52.6,60,52.7,7,1,2022-08-10 09:01:52
1660122112584761000,52.7,1,52.6,60,52.7,12,1,2022-08-10 09:01:52
1660122112901347000,52.7,4,52.6,61,52.7,7,1,2022-08-10 09:01:52
1660122112976696000,52.7,1,52.6,61,52.7,6,1,2022-08-10 09:01:52
1660122113008008000,52.7,5,52.6,61,52.7,1,1,2022-08-10 09:01:53
1660122113473185000,52.6,2,52.6,67,52.7,1,2,2022-08-10 09:01:53
1660122113519872000,52.6,1,52.6,66,52.7,1,2,2022-08-10 09:01:53
1660122113676131000,52.7,1,52.6,66,52.7,1,1,2022-08-10 09:01:53
1660122113864209000,52.7,1,52.6,66,52.8,13,1,2022-08-10 09:01:53
1660122114083667000,52.7,1,52.6,68,52.8,18,1,2022-08-10 09:01:54
1660122114242685000,52.7,1,52.6,69,52.8,18,1,2022-08-10 09:01:54
1660122114688629000,52.8,3,52.7,1,52.8,17,1,2022-08-10 09:01:54
1660122114826212000,52.7,1,52.7,2,52.8,15,2,2022-08-10 09:01:54
1660122114865418000,52.7,2,52.6,71,52.8,17,2,2022-08-10 09:01:54
1660122115404910000,52.7,1,52.7,2,52.8,10,2,2022-08-10 09:01:55
1660122115514226000,52.7,2,52.7,3,52.8,12,2,2022-08-10 09:01:55
1660122115559319000,52.7,1,52.7,2,52.8,12,2,2022-08-10 09:01:55
1660122115908269000,52.8,1,52.7,5,52.8,10,1,2022-08-10 09:01:55
1660122116590199000,52.7,1,52.7,14,52.8,11,2,2022-08-10 09:01:56
1660122117019855000,52.7,5,52.7,11,52.8,11,2,2022-08-10 09:01:57
1660122117037694000,52.7,5,52.7,6,52.8,11,2,2022-08-10 09:01:57
1660122117196188000,52.7,6,52.6,77,52.8,63,2,2022-08-10 09:01:57
1660122117196188000,52.6,4,52.6,77,52.8,63,2,2022-08-10 09:01:57
1660122117228073000,52.7,1,52.7,19,52.8,63,2,2022-08-10 09:01:57
1660122117883877000,52.7,1,52.7,23,52.8,63,2,2022-08-10 09:01:57
1660122118238035000,52.7,1,52.7,26,52.8,63,2,2022-08-10 09:01:58
1660122118540722000,52.7,1,52.7,28,52.8,63,2,2022-08-10 09:01:58
1660122118908676000,52.8,1,52.7,29,52.8,61,1,2022-08-10 09:01:58
1660122119274076000,52.7,5,52.7,24,52.8,61,2,2022-08-10 09:01:59
1660122119409033000,52.8,1,52.7,24,52.8,60,1,2022-08-10 09:01:59
1660122119522938000,52.8,1,52.7,24,52.8,59,1,2022-08-10 09:01:59
1660122120155122000,52.7,5,52.7,43,52.8,59,2,2022-08-10 09:02:00
1660122120428387000,52.8,4,52.7,43,52.8,61,1,2022-08-10 09:02:00
1660122120536732000,52.7,5,52.7,43,52.8,61,2,2022-08-10 09:02:00
1660122121311420000,52.8,1,52.7,147,52.8,61,1,2022-08-10 09:02:01
1660122121543068000,52.8,1,52.7,199,52.8,60,1,2022-08-10 09:02:01
1660122121629065000,52.8,2,52.7,200,52.8,58,1,2022-08-10 09:02:01
1660122121718380000,52.8,2,52.7,251,52.8,56,1,2022-08-10 09:02:01
1660122121827345000,52.8,1,52.7,251,52.8,55,1,2022-08-10 09:02:01
1660122122006210000,52.8,10,52.7,251,52.8,45,1,2022-08-10 09:02:02
1660122122042749000,52.8,1,52.7,251,52.8,44,1,2022-08-10 09:02:02
1660122122043259000,52.8,1,52.7,251,52.8,43,1,2022-08-10 09:02:02
1660122122274947000,52.8,1,52.7,252,52.8,43,1,2022-08-10 09:02:02
1660122122321349000,52.8,1,52.7,253,52.8,42,1,2022-08-10 09:02:02
1660122122458148000,52.8,5,52.7,54,52.8,37,1,2022-08-10 09:02:02
1660122122486603000,52.8,1,52.7,54,52.8,36,1,2022-08-10 09:02:02
1660122122522930000,52.8,20,52.7,54,52.8,16,1,2022-08-10 09:02:02
1660122122666861000,52.8,10,52.7,55,52.8,6,1,2022-08-10 09:02:02
1660122122699320000,52.8,6,52.7,55,52.9,20,1,2022-08-10 09:02:02
1660122122706219000,52.7,1,52.7,54,52.9,20,2,2022-08-10 09:02:02
1660122122725467000,52.9,7,52.7,54,52.9,13,1,2022-08-10 09:02:02
1660122122820460000,52.7,1,52.7,58,52.9,13,2,2022-08-10 09:02:02
1660122122885191000,52.9,7,52.8,5,52.9,6,1,2022-08-10 09:02:02
1660122123055646000,52.9,2,52.8,5,52.9,4,1,2022-08-10 09:02:03
1660122123126809000,52.8,5,52.8,5,52.9,4,2,2022-08-10 09:02:03
1660122123126809000,52.7,15,52.8,5,52.9,4,2,2022-08-10 09:02:03
1660122123248670000,52.9,2,52.7,46,52.9,4,1,2022-08-10 09:02:03
1660122124067622000,52.8,3,52.7,80,52.9,4,2,2022-08-10 09:02:04
1660122124067622000,52.7,7,52.7,80,52.9,4,2,2022-08-10 09:02:04
1660122124105800000,52.8,1,52.7,80,52.9,8,1,2022-08-10 09:02:04
1660122124727385000,52.8,3,52.7,86,52.9,61,2,2022-08-10 09:02:04
1660122124887911000,52.8,1,52.7,85,52.9,61,2,2022-08-10 09:02:04
1660122124887911000,52.7,1,52.7,85,52.9,61,2,2022-08-10 09:02:04
1660122124983029000,52.9,1,52.7,87,52.9,60,1,2022-08-10 09:02:04
1660122125239312000,52.8,1,52.8,1,52.9,60,2,2022-08-10 09:02:05
1660122125249810000,52.8,1,52.7,88,52.9,60,2,2022-08-10 09:02:05
1660122125300180000,52.8,1,52.7,88,52.9,56,1,2022-08-10 09:02:05
1660122125300180000,52.9,4,52.7,88,52.9,56,1,2022-08-10 09:02:05
1660122125448432000,52.8,2,52.7,89,52.8,8,1,2022-08-10 09:02:05
1660122125517784000,52.8,2,52.7,89,52.8,6,1,2022-08-10 09:02:05
1660122125659738000,52.8,2,52.7,89,52.8,5,1,2022-08-10 09:02:05
1660122125706460000,52.8,1,52.7,89,52.8,4,1,2022-08-10 09:02:05
1660122125787141000,52.8,1,52.7,90,52.8,3,1,2022-08-10 09:02:05
1660122126224331000,52.8,1,52.7,90,52.8,2,1,2022-08-10 09:02:06
1660122126487958000,52.7,1,52.7,92,52.8,3,2,2022-08-10 09:02:06
1660122126960158000,52.8,1,52.7,93,52.8,2,1,2022-08-10 09:02:06
1660122127051189000,52.8,1,52.7,93,52.8,1,1,2022-08-10 09:02:07
1660122127073577000,52.8,1,52.7,93,52.9,67,1,2022-08-10 09:02:07
1660122127083417000,52.7,2,52.7,91,52.9,67,2,2022-08-10 09:02:07
1660122127176737000,52.8,1,52.7,91,52.9,66,1,2022-08-10 09:02:07
1660122127176737000,52.9,1,52.7,91,52.9,66,1,2022-08-10 09:02:07
1660122127243666000,52.9,1,52.7,97,52.9,66,1,2022-08-10 09:02:07
1660122127346805000,52.9,2,52.7,97,52.9,64,1,2022-08-10 09:02:07
1660122127358043000,52.9,1,52.7,97,52.9,63,1,2022-08-10 09:02:07
1660122127688786000,52.8,2,52.8,1,52.9,63,2,2022-08-10 09:02:07
1660122127725205000,52.8,1,52.7,100,52.9,63,2,2022-08-10 09:02:07
1660122127891491000,52.9,10,52.7,100,52.9,58,1,2022-08-10 09:02:07
1660122128873294000,52.8,3,52.8,11,52.9,58,2,2022-08-10 09:02:08
1660122129318756000,52.9,1,52.8,12,52.9,62,1,2022-08-10 09:02:09
1660122130031810000,52.8,1,52.8,18,52.9,63,2,2022-08-10 09:02:10
1660122130109605000,52.9,1,52.8,20,52.9,62,1,2022-08-10 09:02:10
1660122130155558000,52.8,1,52.8,19,52.9,62,2,2022-08-10 09:02:10
1660122130447995000,52.9,2,52.8,23,52.9,60,1,2022-08-10 09:02:10
1660122130468823000,52.9,1,52.8,23,52.9,59,1,2022-08-10 09:02:10
1660122130514244000,52.9,2,52.8,23,52.9,57,1,2022-08-10 09:02:10
1660122130530991000,52.9,16,52.8,23,52.9,41,1,2022-08-10 09:02:10
1660122130690484000,52.9,1,52.8,24,52.9,40,1,2022-08-10 09:02:10
1660122130879282000,52.9,3,52.8,26,52.9,37,1,2022-08-10 09:02:10
1660122131024292000,52.9,1,52.8,27,52.9,36,1,2022-08-10 09:02:11
1660122131033980000,52.8,1,52.8,26,52.9,36,2,2022-08-10 09:02:11
1660122131251382000,52.8,2,52.8,26,52.9,36,2,2022-08-10 09:02:11
1660122131317574000,52.9,10,52.8,26,52.9,26,1,2022-08-10 09:02:11
1660122131869868000,52.8,1,52.8,26,52.9,26,2,2022-08-10 09:02:11
1660122132561811000,52.9,2,52.8,29,52.9,24,1,2022-08-10 09:02:12
1660122132627470000,52.9,1,52.8,29,52.9,23,1,2022-08-10 09:02:12
1660122132629364000,52.8,13,52.8,29,52.9,24,2,2022-08-10 09:02:12
1660122132667252000,52.8,1,52.8,16,52.9,23,2,2022-08-10 09:02:12
1660122132668264000,52.8,1,52.8,15,52.9,23,2,2022-08-10 09:02:12
1660122133135843000,52.8,1,52.8,15,52.9,23,2,2022-08-10 09:02:13
1660122133170702000,52.9,3,52.8,15,52.9,20,1,2022-08-10 09:02:13
1660122133190205000,52.9,1,52.8,15,52.9,19,1,2022-08-10 09:02:13
1660122133725027000,52.9,1,52.8,24,52.9,20,1,2022-08-10 09:02:13
1660122134009074000,52.9,1,52.8,26,52.9,19,1,2022-08-10 09:02:14
1660122134155643000,52.9,10,52.8,26,52.9,9,1,2022-08-10 09:02:14
1660122134330877000,52.9,1,52.8,27,52.9,8,1,2022-08-10 09:02:14
1660122134368185000,52.9,5,52.8,27,52.9,3,1,2022-08-10 09:02:14
1660122134622381000,52.9,2,52.8,30,52.9,3,1,2022-08-10 09:02:14
1660122134684417000,52.9,1,52.8,30,53.0,119,1,2022-08-10 09:02:14
1660122135078940000,52.9,1,52.8,38,53.0,120,1,2022-08-10 09:02:15
1660122135424402000,52.9,1,52.8,39,53.0,119,2,2022-08-10 09:02:15
1660122135522642000,52.8,1,52.8,38,53.0,119,2,2022-08-10 09:02:15
1660122135881504000,52.9,1,52.8,44,53.0,119,2,2022-08-10 09:02:15
1660122136205890000,52.8,1,52.8,45,53.0,119,2,2022-08-10 09:02:16
1660122136289096000,52.9,1,52.8,45,53.0,119,2,2022-08-10 09:02:16
1660122136321929000,52.9,1,52.8,46,53.0,119,2,2022-08-10 09:02:16
1660122136715805000,52.9,1,52.8,48,52.9,1,1,2022-08-10 09:02:16
1660122136789461000,52.9,1,52.9,1,53.0,119,1,2022-08-10 09:02:16
1660122136817218000,52.9,1,52.8,47,53.0,119,2,2022-08-10 09:02:16
1660122136874176000,52.9,1,52.8,47,53.0,119,2,2022-08-10 09:02:16
1660122137007221000,52.9,10,52.8,47,53.0,119,2,2022-08-10 09:02:17
1660122137052351000,52.9,1,52.8,47,53.0,119,2,2022-08-10 09:02:17
1660122137077898000,53.0,1,52.8,48,53.0,118,1,2022-08-10 09:02:17
1660122137357642000,53.0,1,52.8,46,53.0,117,1,2022-08-10 09:02:17
1660122137495019000,52.8,17,52.8,29,53.0,120,2,2022-08-10 09:02:17
1660122137579027000,52.8,2,52.8,23,52.9,4,2,2022-08-10 09:02:17
1660122137605675000,52.8,1,52.8,23,52.9,4,2,2022-08-10 09:02:17
1660122137876372000,52.9,1,52.8,26,52.9,4,1,2022-08-10 09:02:17
1660122138134124000,52.8,2,52.8,28,52.9,4,2,2022-08-10 09:02:18
1660122138427366000,52.9,1,52.8,30,52.9,3,1,2022-08-10 09:02:18
1660122138614724000,52.8,2,52.8,30,52.9,9,2,2022-08-10 09:02:18
1660122138925062000,52.9,1,52.8,28,52.9,8,1,2022-08-10 09:02:18
1660122139285077000,52.9,1,52.8,29,52.9,7,1,2022-08-10 09:02:19
1660122139333452000,52.9,2,52.8,29,52.9,5,1,2022-08-10 09:02:19
1660122139470792000,52.9,2,52.8,38,52.9,13,1,2022-08-10 09:02:19
1660122139746697000,52.8,28,52.8,10,52.9,13,2,2022-08-10 09:02:19
1660122139790154000,52.8,1,52.8,9,52.9,13,2,2022-08-10 09:02:19
1660122139795599000,52.8,1,52.8,8,52.9,13,2,2022-08-10 09:02:19
1660122139991798000,52.8,2,52.8,6,52.9,34,2,2022-08-10 09:02:19
1660122140025418000,52.8,1,52.8,5,52.9,34,2,2022-08-10 09:02:20
1660122140065751000,52.8,5,52.7,131,52.9,34,2,2022-08-10 09:02:20
1660122140307636000,52.9,1,52.7,131,52.9,34,1,2022-08-10 09:02:20
1660122140574564000,52.8,1,52.7,131,52.8,44,1,2022-08-10 09:02:20
1660122140660701000,52.8,2,52.7,131,52.8,54,1,2022-08-10 09:02:20
1660122140662381000,52.8,10,52.7,131,52.8,44,1,2022-08-10 09:02:20
1660122140871869000,52.8,1,52.7,131,52.8,44,1,2022-08-10 09:02:20
1660122140925782000,52.8,1,52.7,131,52.8,43,1,2022-08-10 09:02:20
1660122140966084000,52.7,4,52.7,127,52.8,43,2,2022-08-10 09:02:20
1660122141022349000,52.8,1,52.7,127,52.8,42,1,2022-08-10 09:02:21
1660122141078070000,52.8,1,52.7,127,52.8,41,1,2022-08-10 09:02:21
1660122141142042000,52.8,1,52.7,127,52.8,40,1,2022-08-10 09:02:21
1660122141384617000,52.8,1,52.7,126,52.8,42,1,2022-08-10 09:02:21
1660122141431059000,52.8,1,52.7,127,52.8,48,1,2022-08-10 09:02:21
1660122141633864000,52.8,2,52.7,127,52.8,48,1,2022-08-10 09:02:21
1660122141691894000,52.8,1,52.7,127,52.8,45,1,2022-08-10 09:02:21
1660122141717941000,52.8,10,52.7,127,52.8,36,1,2022-08-10 09:02:21
1660122141831262000,52.8,3,52.7,127,52.8,33,1,2022-08-10 09:02:21
1660122141921111000,52.8,1,52.7,127,52.8,35,1,2022-08-10 09:02:21
1660122142049516000,52.8,1,52.7,127,52.8,35,1,2022-08-10 09:02:22
1660122142213383000,52.8,1,52.7,127,52.8,33,1,2022-08-10 09:02:22
1660122142704007000,52.8,1,52.7,129,52.8,37,1,2022-08-10 09:02:22
1660122142733092000,52.7,1,52.7,128,52.8,37,2,2022-08-10 09:02:22
1660122143113648000,52.8,5,52.7,128,52.8,33,1,2022-08-10 09:02:23
1660122143119615000,52.8,3,52.7,128,52.8,30,1,2022-08-10 09:02:23
1660122143120770000,52.7,48,52.7,80,52.8,30,2,2022-08-10 09:02:23
1660122143143420000,52.8,2,52.7,80,52.8,28,1,2022-08-10 09:02:23
1660122143144206000,52.7,80,52.6,139,52.8,28,2,2022-08-10 09:02:23
1660122143152289000,52.7,2,52.6,139,52.7,3,1,2022-08-10 09:02:23
1660122143176215000,52.6,139,52.5,301,52.7,7,2,2022-08-10 09:02:23
1660122143243587000,52.6,1,52.5,301,52.6,5,1,2022-08-10 09:02:23
1660122143602147000,52.5,3,52.5,298,52.6,5,2,2022-08-10 09:02:23
1660122143609644000,52.6,1,52.5,298,52.6,4,1,2022-08-10 09:02:23
1660122143756825000,52.6,1,52.5,298,52.6,4,1,2022-08-10 09:02:23
1660122143781275000,52.6,4,52.5,298,52.7,14,1,2022-08-10 09:02:23
1660122143781275000,52.7,1,52.5,298,52.7,14,1,2022-08-10 09:02:23
1660122143925036000,52.7,1,52.5,298,52.7,13,1,2022-08-10 09:02:23
1660122144165398000,52.7,1,52.5,299,52.7,13,1,2022-08-10 09:02:24
1660122144381034000,52.7,10,52.5,300,52.7,33,1,2022-08-10 09:02:24
1660122144400848000,52.7,3,52.5,300,52.7,30,1,2022-08-10 09:02:24
1660122144511847000,52.5,10,52.5,290,52.7,30,2,2022-08-10 09:02:24
1660122144883378000,52.6,2,52.6,1,52.7,30,1,2022-08-10 09:02:24
1660122144891901000,52.6,1,52.5,285,52.7,30,2,2022-08-10 09:02:24
1660122144891901000,52.5,4,52.5,285,52.7,30,2,2022-08-10 09:02:24
1660122144936643000,52.6,1,52.5,284,52.6,1,1,2022-08-10 09:02:24
1660122145072554000,52.6,1,52.5,284,52.7,30,1,2022-08-10 09:02:25
1660122145093001000,52.6,3,52.5,284,52.6,2,2,2022-08-10 09:02:25
1660122145145080000,52.6,1,52.5,284,52.6,2,1,2022-08-10 09:02:25
1660122145293520000,52.5,1,52.5,283,52.6,1,2,2022-08-10 09:02:25
1660122145306113000,52.6,1,52.5,283,52.7,33,1,2022-08-10 09:02:25
1660122145482199000,52.6,1,52.6,1,52.7,34,2,2022-08-10 09:02:25
1660122145550405000,52.7,5,52.6,1,52.7,28,1,2022-08-10 09:02:25
1660122145874951000,52.6,1,52.5,284,52.6,6,2,2022-08-10 09:02:25
1660122145983968000,52.6,1,52.5,284,52.6,5,1,2022-08-10 09:02:25
1660122146373796000,52.6,2,52.5,313,52.6,10,1,2022-08-10 09:02:26
1660122146439609000,52.6,2,52.5,313,52.6,8,1,2022-08-10 09:02:26
1660122146543504000,52.5,5,52.5,308,52.6,8,2,2022-08-10 09:02:26
1660122146587102000,52.6,1,52.5,308,52.6,8,1,2022-08-10 09:02:26
1660122146625854000,52.5,10,52.5,308,52.6,9,2,2022-08-10 09:02:26
1660122146667373000,52.5,1,52.5,297,52.6,8,2,2022-08-10 09:02:26
1660122146735326000,52.5,3,52.5,294,52.6,8,2,2022-08-10 09:02:26
1660122146751635000,52.6,2,52.5,294,52.6,6,1,2022-08-10 09:02:26
1660122146752528000,52.6,1,52.5,294,52.6,5,1,2022-08-10 09:02:26
1660122146879780000,52.6,1,52.5,295,52.6,5,1,2022-08-10 09:02:26
1660122147156738000,52.6,1,52.5,295,52.6,7,1,2022-08-10 09:02:27
1660122147272496000,52.6,1,52.5,295,52.6,9,1,2022-08-10 09:02:27
1660122147448277000,52.5,3,52.5,292,52.6,9,2,2022-08-10 09:02:27
1660122147540908000,52.6,9,52.5,289,52.7,43,1,2022-08-10 09:02:27
1660122147564716000,52.7,1,52.5,289,52.7,42,1,2022-08-10 09:02:27
1660122147604791000,52.5,1,52.5,288,52.6,1,2,2022-08-10 09:02:27
1660122147846126000,52.6,1,52.5,288,52.7,42,1,2022-08-10 09:02:27
1660122147876804000,52.7,3,52.5,288,52.7,39,1,2022-08-10 09:02:27
1660122147938946000,52.5,10,52.5,278,52.7,39,2,2022-08-10 09:02:27
1660122147940630000,52.5,1,52.5,277,52.7,39,2,2022-08-10 09:02:27
1660122148067089000,52.6,1,52.5,274,52.7,35,1,2022-08-10 09:02:28
1660122148067089000,52.7,4,52.5,274,52.7,35,1,2022-08-10 09:02:28
1660122148255217000,52.7,7,52.6,2,52.7,28,1,2022-08-10 09:02:28
1660122148436784000,52.7,2,52.6,2,52.7,27,1,2022-08-10 09:02:28
1660122148646219000,52.6,1,52.6,2,52.7,27,2,2022-08-10 09:02:28
1660122148664649000,52.7,10,52.6,2,52.7,17,1,2022-08-10 09:02:28
1660122148682213000,52.7,1,52.6,1,52.7,17,1,2022-08-10 09:02:28
1660122148845781000,52.6,5,52.6,15,52.7,16,2,2022-08-10 09:02:28
1660122148849877000,52.7,2,52.6,15,52.7,14,1,2022-08-10 09:02:28
1660122149185962000,52.7,10,52.6,14,52.7,4,1,2022-08-10 09:02:29
1660122149356892000,52.7,3,52.6,16,52.7,1,1,2022-08-10 09:02:29
1660122149600462000,52.7,6,52.6,18,52.8,28,1,2022-08-10 09:02:29
1660122149646016000,52.6,2,52.6,15,52.8,28,2,2022-08-10 09:02:29
1660122149877963000,52.7,1,52.6,16,52.8,28,1,2022-08-10 09:02:29
1660122149982392000,52.6,1,52.6,15,52.8,28,2,2022-08-10 09:02:29
1660122150588714000,52.8,1,52.6,16,52.8,25,1,2022-08-10 09:02:30
1660122150973430000,52.6,1,52.6,15,52.7,2,2,2022-08-10 09:02:30
1660122151731748000,52.7,2,52.6,18,52.8,26,1,2022-08-10 09:02:31
1660122152277558000,52.6,2,52.6,17,52.8,16,2,2022-08-10 09:02:32
1660122152406843000,52.7,1,52.6,17,52.8,17,2,2022-08-10 09:02:32
1660122152501891000,52.7,1,52.6,47,52.8,16,2,2022-08-10 09:02:32
1660122152501891000,52.6,1,52.6,47,52.8,16,2,2022-08-10 09:02:32
1660122152680111000,52.7,1,52.6,49,52.7,29,1,2022-08-10 09:02:32
1660122153396207000,52.7,5,52.6,52,52.7,24,1,2022-08-10 09:02:33
1660122153508212000,52.6,5,52.6,55,52.7,34,2,2022-08-10 09:02:33
1660122153548183000,52.6,1,52.6,55,52.7,35,2,2022-08-10 09:02:33
1660122154592319000,52.7,16,52.6,83,52.7,29,1,2022-08-10 09:02:34
1660122154626410000,52.7,29,52.6,83,52.8,17,1,2022-08-10 09:02:34
1660122154629969000,52.6,1,52.6,82,52.8,17,2,2022-08-10 09:02:34
1660122154632107000,52.6,1,52.6,83,52.7,29,2,2022-08-10 09:02:34
1660122154690244000,52.8,5,52.6,81,52.8,12,1,2022-08-10 09:02:34
1660122154720063000,52.6,1,52.6,81,52.8,12,2,2022-08-10 09:02:34
1660122154802399000,52.7,1,52.6,83,52.8,12,1,2022-08-10 09:02:34
1660122154924374000,52.7,2,52.7,1,52.8,12,2,2022-08-10 09:02:34
1660122155064395000,52.6,2,52.6,81,52.8,12,2,2022-08-10 09:02:35
1660122155288121000,52.8,2,52.6,81,52.8,10,1,2022-08-10 09:02:35
1660122155438657000,52.7,2,52.7,1,52.8,15,2,2022-08-10 09:02:35
1660122156806945000,52.7,1,52.6,91,52.7,9,2,2022-08-10 09:02:36
1660122157026873000,52.6,1,52.6,92,52.7,9,2,2022-08-10 09:02:37
1660122157081207000,52.7,1,52.6,93,52.7,8,1,2022-08-10 09:02:37
1660122157569275000,52.7,5,52.6,93,52.7,3,1,2022-08-10 09:02:37
1660122157623520000,52.6,1,52.6,93,52.7,13,2,2022-08-10 09:02:37
1660122157670129000,52.7,1,52.6,93,52.7,12,1,2022-08-10 09:02:37
1660122157774957000,52.7,1,52.6,98,52.7,12,1,2022-08-10 09:02:37
1660122157901395000,52.7,1,52.6,99,52.7,11,1,2022-08-10 09:02:37
1660122158132595000,52.7,5,52.6,99,52.7,11,1,2022-08-10 09:02:38
1660122158364997000,52.7,2,52.6,100,52.7,4,1,2022-08-10 09:02:38
1660122158634744000,52.7,1,52.6,100,52.7,5,1,2022-08-10 09:02:38
1660122158908109000,52.7,3,52.6,100,52.7,1,1,2022-08-10 09:02:38
1660122158945029000,52.6,1,52.6,100,52.7,1,2,2022-08-10 09:02:38
1660122159254398000,52.7,1,52.6,102,52.8,29,1,2022-08-10 09:02:39
1660122159475202000,52.8,1,52.7,2,52.8,28,1,2022-08-10 09:02:39
1660122159595864000,52.7,1,52.7,1,52.8,28,2,2022-08-10 09:02:39
1660122160039052000,52.8,2,52.7,2,52.8,29,1,2022-08-10 09:02:40
1660122160421236000,52.7,1,52.7,9,52.8,27,2,2022-08-10 09:02:40
1660122160646578000,52.7,3,52.7,11,52.8,27,2,2022-08-10 09:02:40
1660122161138640000,52.7,1,52.7,13,52.8,27,2,2022-08-10 09:02:41
1660122161540187000,52.7,1,52.7,11,52.8,29,2,2022-08-10 09:02:41
1660122161612576000,52.8,2,52.7,11,52.8,27,1,2022-08-10 09:02:41
1660122161992737000,52.8,3,52.7,11,52.8,24,1,2022-08-10 09:02:41
1660122162446396000,52.8,1,52.7,19,52.8,23,1,2022-08-10 09:02:42
1660122162597199000,52.8,2,52.7,21,52.8,23,1,2022-08-10 09:02:42
1660122163144099000,52.7,1,52.7,24,52.8,21,2,2022-08-10 09:02:43
1660122163520732000,52.7,2,52.7,24,52.8,21,2,2022-08-10 09:02:43
1660122163731130000,52.8,1,52.7,25,52.8,20,1,2022-08-10 09:02:43
1660122163920282000,52.8,5,52.7,25,52.8,15,1,2022-08-10 09:02:43
1660122164435546000,52.8,1,52.7,27,52.8,14,1,2022-08-10 09:02:44
1660122164745382000,52.8,1,52.7,28,52.8,14,1,2022-08-10 09:02:44
1660122164927962000,52.7,2,52.7,26,52.8,14,2,2022-08-10 09:02:44
1660122165047995000,52.7,1,52.7,25,52.8,14,2,2022-08-10 09:02:45
1660122165049245000,52.7,5,52.7,26,52.8,14,2,2022-08-10 09:02:45
1660122165780146000,52.7,1,52.7,28,52.8,15,2,2022-08-10 09:02:45
1660122166951854000,52.8,2,52.7,63,52.8,13,1,2022-08-10 09:02:46
1660122167264990000,52.8,5,52.7,65,52.8,8,1,2022-08-10 09:02:47
1660122167407390000,52.8,1,52.7,65,52.8,7,1,2022-08-10 09:02:47
1660122167411625000,52.8,7,52.8,3,52.9,63,1,2022-08-10 09:02:47
1660122167459954000,52.8,1,52.8,2,52.9,63,2,2022-08-10 09:02:47
1660122167474074000,52.8,2,52.7,65,52.9,63,2,2022-08-10 09:02:47
1660122167538110000,52.8,1,52.7,65,52.9,63,1,2022-08-10 09:02:47
1660122167800271000,52.8,1,52.8,3,52.9,63,1,2022-08-10 09:02:47
1660122168122998000,52.8,4,52.7,77,52.8,6,2,2022-08-10 09:02:48
1660122168306752000,52.8,1,52.7,77,52.8,5,1,2022-08-10 09:02:48
1660122168416092000,52.8,1,52.7,77,52.8,4,1,2022-08-10 09:02:48
1660122168606724000,52.8,5,52.7,78,52.8,1,1,2022-08-10 09:02:48
1660122168662765000,52.8,1,52.7,78,52.8,6,1,2022-08-10 09:02:48
1660122168705227000,52.8,2,52.7,75,52.9,63,2,2022-08-10 09:02:48
1660122168705227000,52.7,3,52.7,75,52.9,63,2,2022-08-10 09:02:48
1660122169408753000,52.8,1,52.7,75,52.9,63,2,2022-08-10 09:02:49
1660122170139727000,52.7,5,52.7,72,52.9,43,2,2022-08-10 09:02:50
1660122170664298000,52.8,1,52.7,78,52.8,49,1,2022-08-10 09:02:50
1660122170897463000,52.8,1,52.7,79,52.8,48,1,2022-08-10 09:02:50
1660122171646466000,52.8,1,52.7,84,52.8,50,1,2022-08-10 09:02:51
1660122171899277000,52.8,5,52.7,102,52.8,54,1,2022-08-10 09:02:51
1660122172170687000,52.8,5,52.7,102,52.8,44,1,2022-08-10 09:02:52
1660122172213929000,52.8,1,52.7,102,52.8,43,1,2022-08-10 09:02:52
1660122172411386000,52.8,13,52.7,103,52.8,30,1,2022-08-10 09:02:52
1660122172454744000,52.8,30,52.7,103,52.9,46,1,2022-08-10 09:02:52
1660122172530744000,52.9,4,52.7,103,52.9,46,1,2022-08-10 09:02:52
1660122172876254000,52.9,1,52.7,105,52.9,41,1,2022-08-10 09:02:52
1660122172942344000,52.8,1,52.7,105,52.9,41,1,2022-08-10 09:02:52
1660122173658188000,52.8,1,52.8,4,52.9,47,2,2022-08-10 09:02:53
1660122173902977000,52.9,5,52.8,4,52.9,42,1,2022-08-10 09:02:53
1660122175005240000,52.8,1,52.8,3,52.9,41,2,2022-08-10 09:02:55
1660122175221784000,52.9,10,52.8,5,52.9,31,1,2022-08-10 09:02:55
1660122175659827000,52.9,5,52.8,8,52.9,27,1,2022-08-10 09:02:55
1660122175767915000,52.8,1,52.8,7,52.9,27,2,2022-08-10 09:02:55
1660122176157707000,52.9,2,52.8,12,52.9,27,1,2022-08-10 09:02:56
1660122176195957000,52.9,1,52.8,12,52.9,24,1,2022-08-10 09:02:56
1660122176280898000,52.9,1,52.8,12,52.9,33,1,2022-08-10 09:02:56
1660122176420047000,52.9,5,52.8,13,52.9,28,1,2022-08-10 09:02:56
1660122176542184000,52.9,10,52.8,23,52.9,18,1,2022-08-10 09:02:56
1660122176568901000,52.9,9,52.8,23,52.9,9,1,2022-08-10 09:02:56
1660122177058087000,52.9,10,52.8,29,53.0,173,1,2022-08-10 09:02:57
1660122177128073000,53.0,1,52.9,1,53.0,166,1,2022-08-10 09:02:57
1660122177177351000,52.9,1,52.8,29,53.0,166,2,2022-08-10 09:02:57
1660122178784766000,52.9,1,52.9,4,53.0,166,2,2022-08-10 09:02:58
1660122179122279000,53.0,1,52.9,24,53.0,166,1,2022-08-10 09:02:59
1660122179351480000,53.0,1,52.9,24,53.0,165,1,2022-08-10 09:02:59
1660122179354234000,53.0,5,52.9,24,53.0,160,1,2022-08-10 09:02:59
1660122179550240000,52.9,18,52.9,6,53.0,160,2,2022-08-10 09:02:59
1660122179765950000,53.0,1,52.9,7,53.0,159,1,2022-08-10 09:02:59
1660122180586838000,53.0,1,52.9,8,53.0,172,1,2022-08-10 09:03:00
1660122180760856000,52.9,1,52.9,7,53.0,171,2,2022-08-10 09:03:00
1660122180802070000,52.9,7,52.8,49,53.0,171,2,2022-08-10 09:03:00
1660122180888902000,52.9,1,52.8,49,52.9,4,1,2022-08-10 09:03:00
1660122180943831000,52.9,1,52.8,49,52.9,22,1,2022-08-10 09:03:00
1660122181002712000,52.9,18,52.8,49,52.9,9,1,2022-08-10 09:03:01
1660122181136122000,52.9,2,52.8,84,52.9,12,1,2022-08-10 09:03:01
1660122181189438000,52.8,1,52.8,83,52.9,10,2,2022-08-10 09:03:01
1660122181222277000,52.8,1,52.8,82,52.9,10,2,2022-08-10 09:03:01
1660122181245407000,52.9,1,52.8,82,52.9,9,1,2022-08-10 09:03:01
1660122181577050000,52.9,1,52.8,83,52.9,11,1,2022-08-10 09:03:01
1660122181891234000,52.9,3,52.8,83,52.9,7,1,2022-08-10 09:03:01
1660122181903782000,52.9,2,52.8,83,52.9,6,1,2022-08-10 09:03:01
1660122182097212000,52.8,18,52.8,65,52.9,6,2,2022-08-10 09:03:02
1660122182128684000,52.9,2,52.8,65,52.9,10,1,2022-08-10 09:03:02
1660122182142033000,52.8,1,52.8,64,52.9,9,2,2022-08-10 09:03:02
1660122182142897000,52.8,1,52.8,63,52.9,9,2,2022-08-10 09:03:02
1660122182517842000,52.8,1,52.8,63,52.9,11,2,2022-08-10 09:03:02
1660122182692003000,52.9,2,52.8,62,52.9,9,1,2022-08-10 09:03:02
1660122183215680000,52.9,1,52.8,66,52.9,19,1,2022-08-10 09:03:03
1660122183515662000,52.8,1,52.8,65,52.9,16,2,2022-08-10 09:03:03
1660122183523526000,52.8,1,52.8,64,52.9,16,2,2022-08-10 09:03:03
1660122183727109000,52.9,1,52.8,64,52.9,15,1,2022-08-10 09:03:03
1660122183851250000,52.8,1,52.8,63,52.9,15,2,2022-08-10 09:03:03
1660122183946609000,52.9,1,52.8,63,52.9,14,1,2022-08-10 09:03:03
1660122184216564000,52.9,1,52.8,63,52.9,13,1,2022-08-10 09:03:04
1660122184245891000,52.9,1,52.8,62,52.9,14,1,2022-08-10 09:03:04
1660122184495473000,52.9,1,52.8,62,52.9,35,1,2022-08-10 09:03:04
1660122184615054000,52.9,1,52.8,62,52.9,36,1,2022-08-10 09:03:04
1660122184857515000,52.9,1,52.8,62,52.9,38,1,2022-08-10 09:03:04
1660122185060145000,52.9,1,52.8,62,52.9,37,1,2022-08-10 09:03:05
1660122185068665000,52.8,4,52.8,63,52.9,37,2,2022-08-10 09:03:05
1660122185222506000,52.9,9,52.8,60,52.9,28,1,2022-08-10 09:03:05
1660122185580535000,52.9,1,52.8,61,52.9,30,1,2022-08-10 09:03:05
1660122185637401000,52.9,1,52.8,61,52.9,28,1,2022-08-10 09:03:05
1660122185689573000,52.9,2,52.8,61,52.9,31,1,2022-08-10 09:03:05
1660122186021601000,52.9,1,52.8,62,52.9,30,1,2022-08-10 09:03:06
1660122186076986000,52.9,1,52.8,62,52.9,31,1,2022-08-10 09:03:06
1660122186173990000,52.9,2,52.8,63,52.9,27,1,2022-08-10 09:03:06
1660122186221239000,52.9,1,52.8,63,52.9,31,1,2022-08-10 09:03:06
1660122186393817000,52.9,2,52.8,64,52.9,35,1,2022-08-10 09:03:06
1660122186859159000,52.9,5,52.8,64,52.9,28,1,2022-08-10 09:03:06
1660122187077042000,52.9,1,52.8,64,52.9,28,1,2022-08-10 09:03:07
1660122187079280000,52.9,1,52.8,64,52.9,27,1,2022-08-10 09:03:07
1660122187122700000,52.9,1,52.8,64,52.9,28,1,2022-08-10 09:03:07
1660122187123265000,52.9,1,52.8,64,52.9,27,1,2022-08-10 09:03:07
1660122187153347000,52.9,1,52.8,64,52.9,26,1,2022-08-10 09:03:07
1660122187256377000,52.9,3,52.8,64,52.9,24,1,2022-08-10 09:03:07
1660122187505902000,52.8,1,52.8,64,52.9,24,2,2022-08-10 09:03:07
1660122187543341000,52.8,1,52.8,65,52.9,24,2,2022-08-10 09:03:07
1660122187990673000,52.9,5,52.8,65,52.9,19,1,2022-08-10 09:03:07
1660122188227951000,52.8,5,52.8,61,52.9,22,2,2022-08-10 09:03:08
1660122188253750000,52.8,1,52.8,60,52.9,25,2,2022-08-10 09:03:08
1660122188255846000,52.8,1,52.8,59,52.9,25,2,2022-08-10 09:03:08
1660122188687436000,52.9,1,52.8,64,52.9,26,1,2022-08-10 09:03:08
1660122189369258000,52.9,3,52.8,65,52.9,33,1,2022-08-10 09:03:09
1660122189457303000,52.9,2,52.8,83,52.9,31,1,2022-08-10 09:03:09
1660122189804757000,52.8,3,52.8,80,52.9,32,2,2022-08-10 09:03:09
1660122189885993000,52.9,30,52.8,80,52.9,2,1,2022-08-10 09:03:09
1660122189890770000,52.9,1,52.8,80,52.9,1,1,2022-08-10 09:03:09
1660122190177480000,52.9,2,52.9,13,53.0,174,1,2022-08-10 09:03:10
1660122190205297000,52.9,8,52.9,5,53.0,174,2,2022-08-10 09:03:10
1660122190226396000,52.9,5,52.8,80,53.0,174,2,2022-08-10 09:03:10
1660122190349934000,52.8,90,52.7,112,52.9,94,2,2022-08-10 09:03:10
1660122190362565000,52.9,1,52.7,112,52.9,93,1,2022-08-10 09:03:10
1660122190439375000,52.8,1,52.7,112,52.8,5,1,2022-08-10 09:03:10
1660122190501061000,52.7,78,52.7,34,52.8,5,2,2022-08-10 09:03:10
1660122190526117000,52.7,34,52.6,201,52.8,5,2,2022-08-10 09:03:10
1660122190529919000,52.8,1,52.6,201,52.8,4,1,2022-08-10 09:03:10
1660122190542354000,52.7,1,52.6,201,52.7,1,1,2022-08-10 09:03:10
1660122190595542000,52.7,1,52.6,201,52.7,1,1,2022-08-10 09:03:10
1660122190644015000,52.6,5,52.6,196,52.7,1,2,2022-08-10 09:03:10
1660122190677406000,52.6,1,52.6,195,52.7,2,2,2022-08-10 09:03:10
1660122190730722000,52.6,1,52.6,194,52.7,2,2,2022-08-10 09:03:10
1660122190762029000,52.6,1,52.6,193,52.7,2,2,2022-08-10 09:03:10
1660122190964380000,52.7,2,52.6,195,52.8,8,1,2022-08-10 09:03:10
1660122190964380000,52.8,1,52.6,195,52.8,8,1,2022-08-10 09:03:10
1660122191246005000,52.7,4,52.6,195,52.7,22,1,2022-08-10 09:03:11
1660122191270235000,52.7,1,52.6,195,52.7,21,1,2022-08-10 09:03:11
1660122191401455000,52.7,5,52.6,195,52.7,16,1,2022-08-10 09:03:11
1660122191479999000,52.7,1,52.6,195,52.7,19,1,2022-08-10 09:03:11
1660122191596719000,52.7,1,52.6,195,52.7,18,1,2022-08-10 09:03:11
1660122192085486000,52.7,1,52.6,195,52.7,32,1,2022-08-10 09:03:12
1660122192172908000,52.7,1,52.6,195,52.7,31,1,2022-08-10 09:03:12
1660122192220282000,52.6,1,52.6,194,52.7,31,2,2022-08-10 09:03:12
1660122192228518000,52.7,5,52.6,194,52.7,26,1,2022-08-10 09:03:12
1660122192302857000,52.7,1,52.6,194,52.7,25,1,2022-08-10 09:03:12
1660122192497915000,52.6,2,52.6,192,52.7,25,2,2022-08-10 09:03:12
1660122192577697000,52.7,5,52.6,192,52.7,35,1,2022-08-10 09:03:12
1660122192738435000,52.7,1,52.6,192,52.7,29,1,2022-08-10 09:03:12
1660122192790432000,52.6,5,52.6,187,52.7,29,2,2022-08-10 09:03:12
1660122192900784000,52.7,1,52.6,187,52.7,28,1,2022-08-10 09:03:12
1660122192903793000,52.7,1,52.6,187,52.7,27,1,2022-08-10 09:03:12
1660122192986315000,52.7,1,52.6,187,52.7,26,1,2022-08-10 09:03:12
1660122193062529000,52.7,2,52.6,187,52.7,27,1,2022-08-10 09:03:13
1660122193197697000,52.7,1,52.6,187,52.7,23,1,2022-08-10 09:03:13
1660122193660997000,52.7,2,52.6,187,52.7,22,1,2022-08-10 09:03:13
1660122193756627000,52.7,2,52.6,187,52.7,20,1,2022-08-10 09:03:13
1660122193852154000,52.6,3,52.6,183,52.7,20,2,2022-08-10 09:03:13
1660122194039255000,52.6,5,52.6,178,52.7,20,2,2022-08-10 09:03:14
1660122194043996000,52.7,1,52.6,183,52.7,20,1,2022-08-10 09:03:14
1660122194213567000,52.7,1,52.6,177,52.7,18,1,2022-08-10 09:03:14
1660122194415853000,52.7,1,52.6,177,52.7,17,1,2022-08-10 09:03:14
1660122194565136000,52.6,5,52.6,178,52.7,18,2,2022-08-10 09:03:14
1660122194678209000,52.7,1,52.6,173,52.7,17,1,2022-08-10 09:03:14
1660122194826948000,52.7,3,52.6,173,52.7,14,1,2022-08-10 09:03:14
1660122194887336000,52.7,1,52.6,173,52.7,13,1,2022-08-10 09:03:14
1660122194974774000,52.7,1,52.6,173,52.7,12,1,2022-08-10 09:03:14
1660122195044847000,52.7,1,52.6,173,52.7,11,1,2022-08-10 09:03:15
1660122195999951000,52.7,3,52.6,174,52.7,13,1,2022-08-10 09:03:15
1660122196130485000,52.7,1,52.6,174,52.7,9,1,2022-08-10 09:03:16
1660122196692441000,52.7,1,52.6,174,52.7,8,1,2022-08-10 09:03:16
1660122196823623000,52.7,1,52.6,174,52.7,7,1,2022-08-10 09:03:16
1660122196915581000,52.7,7,52.7,3,52.8,27,1,2022-08-10 09:03:16
1660122196972406000,52.7,2,52.7,2,52.8,27,2,2022-08-10 09:03:16
1660122197051178000,52.7,2,52.7,1,52.8,27,2,2022-08-10 09:03:17
1660122197056592000,52.7,1,52.7,3,52.8,27,2,2022-08-10 09:03:17
1660122197270001000,52.7,2,52.6,172,52.8,27,1,2022-08-10 09:03:17
1660122197684565000,52.6,2,52.6,171,52.8,27,2,2022-08-10 09:03:17
1660122197799718000,52.7,1,52.6,170,52.8,27,2,2022-08-10 09:03:17
1660122197799718000,52.6,1,52.6,170,52.8,27,2,2022-08-10 09:03:17
1660122197903134000,52.7,1,52.6,171,52.8,27,1,2022-08-10 09:03:17
1660122198487046000,52.8,1,52.6,174,52.8,26,1,2022-08-10 09:03:18
1660122198675944000,52.7,1,52.7,10,52.8,26,2,2022-08-10 09:03:18
1660122198984426000,52.7,1,52.7,11,52.8,26,2,2022-08-10 09:03:18
1660122199094506000,52.7,5,52.7,5,52.8,26,2,2022-08-10 09:03:19
1660122199308235000,52.7,1,52.7,5,52.8,26,2,2022-08-10 09:03:19
1660122199703546000,52.7,2,52.7,8,52.8,28,2,2022-08-10 09:03:19
1660122200114148000,52.7,9,52.6,174,52.7,9,2,2022-08-10 09:03:20
1660122200139260000,52.7,1,52.6,174,52.7,8,1,2022-08-10 09:03:20
1660122200548243000,52.7,1,52.6,174,52.7,7,1,2022-08-10 09:03:20
1660122200773955000,52.7,1,52.6,174,52.7,6,1,2022-08-10 09:03:20
1660122201191255000,52.7,6,52.7,44,52.8,44,1,2022-08-10 09:03:21
1660122201612484000,52.8,1,52.7,44,52.8,43,1,2022-08-10 09:03:21
1660122201780815000,52.7,10,52.7,34,52.8,43,2,2022-08-10 09:03:21
1660122202160666000,52.7,1,52.7,45,52.8,43,2,2022-08-10 09:03:22
1660122202422353000,52.8,10,52.7,45,52.8,28,1,2022-08-10 09:03:22
1660122202621304000,52.8,1,52.7,47,52.8,27,1,2022-08-10 09:03:22
1660122203306443000,52.7,1,52.7,46,52.8,27,2,2022-08-10 09:03:23
1660122203435808000,52.8,1,52.7,49,52.8,26,1,2022-08-10 09:03:23
1660122203496882000,52.7,1,52.7,48,52.8,26,2,2022-08-10 09:03:23
1660122204045468000,52.8,10,52.7,48,52.8,17,1,2022-08-10 09:03:24
1660122204384382000,52.7,5,52.7,46,52.8,17,2,2022-08-10 09:03:24
1660122204445620000,52.7,5,52.7,41,52.8,17,2,2022-08-10 09:03:24
1660122205354729000,52.8,2,52.7,43,52.8,16,1,2022-08-10 09:03:25
1660122205559495000,52.7,1,52.7,43,52.8,16,2,2022-08-10 09:03:25
1660122205680094000,52.7,1,52.7,43,52.8,16,2,2022-08-10 09:03:25
1660122206035054000,52.8,1,52.7,42,52.8,15,1,2022-08-10 09:03:26
1660122207889316000,52.8,1,52.7,53,52.8,17,1,2022-08-10 09:03:27
1660122208198182000,52.7,5,52.7,50,52.8,18,2,2022-08-10 09:03:28
1660122208909553000,52.8,1,52.7,50,52.8,20,1,2022-08-10 09:03:28
1660122209947745000,52.8,1,52.7,53,52.8,27,1,2022-08-10 09:03:29
1660122211765154000,52.8,2,52.7,64,52.8,31,1,2022-08-10 09:03:31
1660122211851931000,52.8,1,52.7,64,52.8,31,1,2022-08-10 09:03:31
1660122212323484000,52.7,2,52.7,62,52.8,31,2,2022-08-10 09:03:32
1660122212376840000,52.8,1,52.7,62,52.8,30,1,2022-08-10 09:03:32
1660122212935943000,52.8,5,52.7,69,52.8,31,1,2022-08-10 09:03:32
1660122213175943000,52.8,1,52.7,70,52.8,25,1,2022-08-10 09:03:33
1660122213241856000,52.7,1,52.7,69,52.8,25,2,2022-08-10 09:03:33
1660122213652291000,52.7,5,52.7,65,52.8,25,2,2022-08-10 09:03:33
1660122213872430000,52.8,3,52.7,70,52.8,25,1,2022-08-10 09:03:33
1660122214277601000,52.8,1,52.7,67,52.8,25,1,2022-08-10 09:03:34
1660122214460616000,52.7,1,52.7,66,52.8,26,2,2022-08-10 09:03:34
1660122214485920000,52.7,1,52.7,65,52.8,26,2,2022-08-10 09:03:34
1660122214496831000,52.7,1,52.7,66,52.8,26,2,2022-08-10 09:03:34
1660122214740052000,52.8,5,52.7,66,52.8,21,1,2022-08-10 09:03:34
1660122215022880000,52.8,4,52.7,72,52.8,22,1,2022-08-10 09:03:35
1660122215431383000,52.8,1,52.7,72,52.8,17,1,2022-08-10 09:03:35
1660122215826963000,52.7,1,52.7,72,52.8,18,2,2022-08-10 09:03:35
1660122215986240000,52.8,5,52.7,73,52.8,18,1,2022-08-10 09:03:35
1660122216022585000,52.8,3,52.7,69,52.8,10,1,2022-08-10 09:03:36
1660122216069024000,52.8,10,52.7,69,52.9,67,1,2022-08-10 09:03:36
1660122216220783000,52.8,1,52.7,76,52.8,8,1,2022-08-10 09:03:36
1660122216359418000,52.8,3,52.7,76,52.8,5,1,2022-08-10 09:03:36
1660122216361145000,52.8,1,52.7,76,52.8,4,1,2022-08-10 09:03:36
1660122216673606000,52.8,2,52.7,79,52.8,2,1,2022-08-10 09:03:36
1660122217122517000,52.8,1,52.7,81,52.8,6,1,2022-08-10 09:03:37
1660122217220613000,52.8,2,52.7,81,52.8,4,1,2022-08-10 09:03:37
1660122217243549000,52.8,1,52.7,81,52.8,3,1,2022-08-10 09:03:37
1660122217258443000,52.8,3,52.8,19,52.9,58,1,2022-08-10 09:03:37
1660122217516032000,52.8,10,52.8,19,52.9,58,2,2022-08-10 09:03:37
1660122217562747000,52.8,6,52.8,4,52.9,58,2,2022-08-10 09:03:37
1660122217616655000,52.8,3,52.8,1,52.9,58,2,2022-08-10 09:03:37
1660122218138306000,52.9,1,52.8,12,52.9,57,1,2022-08-10 09:03:38
1660122218164730000,52.9,1,52.8,12,52.9,56,1,2022-08-10 09:03:38
1660122218532705000,52.8,5,52.8,16,52.9,61,2,2022-08-10 09:03:38
1660122218843241000,52.8,16,52.7,87,52.8,4,2,2022-08-10 09:03:38
1660122218978486000,52.8,1,52.7,92,52.8,4,1,2022-08-10 09:03:38
1660122219034856000,52.8,1,52.7,92,52.8,2,1,2022-08-10 09:03:39
1660122219056360000,52.8,2,52.7,92,52.9,61,1,2022-08-10 09:03:39
1660122219883912000,52.8,1,52.8,3,52.9,63,2,2022-08-10 09:03:39
1660122220361402000,52.9,1,52.8,4,52.9,62,1,2022-08-10 09:03:40
1660122220487072000,52.8,2,52.8,2,52.9,62,2,2022-08-10 09:03:40
1660122220519951000,52.8,2,52.7,126,52.9,62,2,2022-08-10 09:03:40
1660122221212230000,52.8,1,52.7,126,52.8,3,1,2022-08-10 09:03:41
1660122221760866000,52.8,1,52.7,126,52.8,2,1,2022-08-10 09:03:41
1660122221767138000,52.8,2,52.8,2,52.9,66,1,2022-08-10 09:03:41
1660122222001019000,52.8,1,52.8,2,52.9,66,2,2022-08-10 09:03:42
1660122222664286000,52.8,4,52.7,136,52.8,1,2,2022-08-10 09:03:42
1660122222696332000,52.7,1,52.7,135,52.8,1,2,2022-08-10 09:03:42
1660122222835473000,52.8,1,52.8,4,52.9,67,1,2022-08-10 09:03:42
