ts,close,volume,bid_price,bid_volume,ask_price,ask_volume,tick_type,datetime
1660122132630501000,23.2,1812,23.2,168,23.25,18,1,2022-08-10 09:02:12
1660122132672743000,23.25,18,23.2,168,23.3,3,1,2022-08-10 09:02:12
1660122132718597000,23.2,11,23.2,157,23.3,3,2,2022-08-10 09:02:12
1660122132724258000,23.3,3,23.2,157,23.4,5,1,2022-08-10 09:02:12
1660122132724258000,23.35,6,23.2,157,23.4,5,1,2022-08-10 09:02:12
1660122132724258000,23.4,1,23.2,157,23.4,5,1,2022-08-10 09:02:12
1660122133087175000,23.2,20,23.2,157,23.4,5,2,2022-08-10 09:02:13
1660122133419941000,23.4,5,23.2,137,23.45,11,1,2022-08-10 09:02:13
1660122133840157000,23.25,12,23.2,135,23.45,8,2,2022-08-10 09:02:13
1660122133840157000,23.2,5,23.2,135,23.45,8,2,2022-08-10 09:02:13
1660122133847152000,23.2,43,23.2,92,23.45,8,2,2022-08-10 09:02:13
1660122133850299000,23.2,86,23.2,6,23.45,8,2,2022-08-10 09:02:13
1660122133888620000,23.2,2,23.2,1,23.45,8,2,2022-08-10 09:02:13
1660122135614300000,23.25,5,23.25,8,23.35,25,2,2022-08-10 09:02:15
1660122136390308000,23.3,3,23.25,3,23.3,47,1,2022-08-10 09:02:16
1660122136789584000,23.25,1,23.25,2,23.3,47,2,2022-08-10 09:02:16
1660122137064226000,23.25,2,23.2,10,23.25,3,2,2022-08-10 09:02:17
1660122137428885000,23.25,3,23.2,5,23.25,19,1,2022-08-10 09:02:17
1660122137468575000,23.25,1,23.2,5,23.25,18,1,2022-08-10 09:02:17
1660122137655732000,23.2,5,23.15,10,23.25,18,2,2022-08-10 09:02:17
1660122137655732000,23.15,10,23.15,10,23.25,18,2,2022-08-10 09:02:17
1660122137967473000,23.15,10,23.1,38,23.25,18,2,2022-08-10 09:02:17
1660122138285335000,23.1,31,23.05,11,23.1,19,2,2022-08-10 09:02:18
1660122138590805000,23.05,3,23.0,195,23.05,47,2,2022-08-10 09:02:18
1660122138803964000,23.0,50,23.0,145,23.05,57,2,2022-08-10 09:02:18
1660122138855894000,23.0,30,23.0,115,23.05,57,2,2022-08-10 09:02:18
1660122139091339000,23.0,50,23.0,65,23.05,57,2,2022-08-10 09:02:19
1660122139143892000,23.0,1,23.0,65,23.05,57,2,2022-08-10 09:02:19
1660122139437003000,23.0,10,23.0,54,23.05,57,2,2022-08-10 09:02:19
1660122139595628000,23.0,5,23.0,49,23.05,57,2,2022-08-10 09:02:19
1660122139614056000,23.0,15,23.0,64,23.05,57,2,2022-08-10 09:02:19
1660122139664352000,23.0,1,23.0,33,23.05,57,2,2022-08-10 09:02:19
1660122139722222000,23.05,1,23.0,33,23.05,56,1,2022-08-10 09:02:19
1660122139870403000,23.0,5,23.0,28,23.05,56,2,2022-08-10 09:02:19
1660122139910256000,23.0,5,23.0,28,23.05,56,2,2022-08-10 09:02:19
1660122140191157000,23.0,5,23.0,18,23.05,56,2,2022-08-10 09:02:20
1660122140304537000,23.0,2,23.0,16,23.05,56,2,2022-08-10 09:02:20
1660122140473810000,23.0,10,23.0,6,23.05,56,2,2022-08-10 09:02:20
1660122140507162000,23.05,3,23.0,6,23.05,53,1,2022-08-10 09:02:20
1660122140567722000,23.0,1,23.0,5,23.05,53,2,2022-08-10 09:02:20
1660122140635750000,23.0,5,22.95,12,23.0,5,2,2022-08-10 09:02:20
1660122140669828000,23.0,5,22.95,12,23.05,53,1,2022-08-10 09:02:20
1660122140793225000,22.95,3,22.95,9,23.05,53,2,2022-08-10 09:02:20
1660122140841720000,22.95,4,22.95,5,23.0,2,2,2022-08-10 09:02:20
1660122140856522000,22.95,5,22.9,25,23.0,2,2,2022-08-10 09:02:20
1660122140856522000,22.9,2,22.9,25,23.0,2,2,2022-08-10 09:02:20
1660122140882824000,22.9,16,22.9,9,23.0,2,2,2022-08-10 09:02:20
1660122140890515000,22.9,9,22.8,121,22.9,16,2,2022-08-10 09:02:20
1660122140924224000,22.9,16,22.8,121,23.0,13,1,2022-08-10 09:02:20
1660122140958559000,22.85,3,22.8,121,22.85,5,2,2022-08-10 09:02:20
1660122141001143000,22.8,3,22.8,118,22.85,5,2,2022-08-10 09:02:21
1660122141005352000,22.8,1,22.8,117,22.85,5,2,2022-08-10 09:02:21
1660122141189950000,22.8,26,22.8,91,22.85,5,2,2022-08-10 09:02:21
1660122141223044000,22.8,1,22.8,90,22.85,5,2,2022-08-10 09:02:21
1660122141564686000,22.8,2,22.8,88,22.85,5,2,2022-08-10 09:02:21
1660122141602848000,22.8,7,22.8,81,22.85,5,2,2022-08-10 09:02:21
1660122141631303000,22.8,1,22.8,88,22.85,5,2,2022-08-10 09:02:21
1660122141930342000,22.85,5,22.8,80,22.9,10,1,2022-08-10 09:02:21
1660122142122083000,22.8,6,22.8,80,22.9,10,2,2022-08-10 09:02:22
1660122142729077000,22.8,5,22.8,69,22.85,1,2,2022-08-10 09:02:22
1660122142778796000,22.8,4,22.8,65,22.85,1,2,2022-08-10 09:02:22
1660122142795710000,22.85,1,22.8,65,22.9,10,1,2022-08-10 09:02:22
1660122143190108000,22.8,10,22.8,55,22.9,10,2,2022-08-10 09:02:23
1660122143491537000,22.9,1,22.8,55,22.9,9,1,2022-08-10 09:02:23
1660122143848438000,22.9,9,22.85,5,22.95,33,1,2022-08-10 09:02:23
1660122143848438000,22.95,16,22.85,5,22.95,33,1,2022-08-10 09:02:23
1660122144279535000,22.85,1,22.85,4,22.95,24,2,2022-08-10 09:02:24
1660122144302818000,22.85,1,22.85,3,22.95,24,2,2022-08-10 09:02:24
1660122144474512000,22.85,3,22.8,38,22.95,31,2,2022-08-10 09:02:24
1660122144474512000,22.8,17,22.8,38,22.95,31,2,2022-08-10 09:02:24
1660122144522075000,22.9,2,22.9,3,22.95,31,2,2022-08-10 09:02:24
1660122145089897000,22.9,1,22.9,2,22.95,31,2,2022-08-10 09:02:25
1660122145145718000,22.95,2,22.9,3,22.95,31,1,2022-08-10 09:02:25
1660122145293259000,22.95,10,22.9,2,22.95,19,1,2022-08-10 09:02:25
1660122145318653000,22.9,2,22.8,45,22.95,19,2,2022-08-10 09:02:25
1660122145318653000,22.85,5,22.8,45,22.95,19,2,2022-08-10 09:02:25
1660122145318653000,22.8,5,22.8,45,22.95,19,2,2022-08-10 09:02:25
1660122145473463000,22.95,4,22.8,35,22.95,15,1,2022-08-10 09:02:25
1660122145542337000,22.8,1,22.8,35,22.95,15,2,2022-08-10 09:02:25
1660122145664496000,22.95,2,22.8,32,22.95,13,1,2022-08-10 09:02:25
1660122145930459000,22.95,1,22.85,2,22.95,12,1,2022-08-10 09:02:25
1660122146760687000,22.9,10,22.9,40,22.95,62,2,2022-08-10 09:02:26
1660122147360723000,22.9,2,22.9,38,22.95,62,2,2022-08-10 09:02:27
1660122147419846000,22.95,1,22.9,38,22.95,61,1,2022-08-10 09:02:27
1660122147661407000,22.9,15,22.9,28,22.95,61,2,2022-08-10 09:02:27
1660122148067586000,22.9,29,22.85,23,22.9,21,2,2022-08-10 09:02:28
1660122148137015000,22.85,1,22.85,23,22.9,21,2,2022-08-10 09:02:28
1660122148198859000,22.9,1,22.85,23,22.9,20,1,2022-08-10 09:02:28
1660122148915557000,22.9,1,22.85,47,22.9,26,1,2022-08-10 09:02:28
1660122149009997000,22.85,3,22.85,44,22.9,26,2,2022-08-10 09:02:29
1660122149126882000,22.85,1,22.85,47,22.9,27,2,2022-08-10 09:02:29
1660122149743665000,22.85,5,22.85,39,22.9,26,2,2022-08-10 09:02:29
1660122149819481000,22.85,3,22.85,36,22.9,26,2,2022-08-10 09:02:29
1660122149844342000,22.9,2,22.85,36,22.9,24,1,2022-08-10 09:02:29
1660122149983339000,22.9,2,22.85,36,22.9,22,1,2022-08-10 09:02:29
1660122150442937000,22.9,14,22.85,36,22.9,58,1,2022-08-10 09:02:30
1660122150599386000,22.9,2,22.85,36,22.9,56,1,2022-08-10 09:02:30
1660122150829202000,22.9,3,22.85,36,22.9,53,1,2022-08-10 09:02:30
1660122150982570000,22.9,3,22.85,36,22.9,50,1,2022-08-10 09:02:30
1660122151038884000,22.9,1,22.85,36,22.9,49,1,2022-08-10 09:02:31
1660122151294279000,22.9,2,22.85,36,22.9,47,1,2022-08-10 09:02:31
1660122151637729000,22.9,10,22.85,38,22.9,47,1,2022-08-10 09:02:31
1660122152011003000,22.85,10,22.85,28,22.9,37,2,2022-08-10 09:02:32
1660122152991374000,22.9,2,22.85,29,22.9,41,1,2022-08-10 09:02:32
1660122153016220000,22.85,11,22.85,18,22.9,41,2,2022-08-10 09:02:33
1660122153052320000,22.85,1,22.85,17,22.9,41,2,2022-08-10 09:02:33
1660122153053971000,22.85,1,22.85,29,22.9,43,2,2022-08-10 09:02:33
1660122153403074000,22.9,2,22.85,18,22.9,39,1,2022-08-10 09:02:33
1660122153421313000,22.9,1,22.85,18,22.9,41,1,2022-08-10 09:02:33
1660122153860125000,22.85,10,22.85,8,22.9,39,2,2022-08-10 09:02:33
1660122153895107000,22.85,1,22.85,7,22.9,39,2,2022-08-10 09:02:33
1660122154037588000,22.85,2,22.85,6,22.9,39,2,2022-08-10 09:02:34
1660122154044056000,22.85,2,22.85,4,22.9,39,2,2022-08-10 09:02:34
1660122154109433000,22.9,1,22.85,8,22.9,39,1,2022-08-10 09:02:34
1660122154210589000,22.85,2,22.85,8,22.9,38,2,2022-08-10 09:02:34
1660122154819834000,22.9,1,22.85,10,22.9,37,1,2022-08-10 09:02:34
1660122154828806000,22.9,2,22.85,10,22.9,35,1,2022-08-10 09:02:34
1660122154877690000,22.85,10,22.8,41,22.9,35,2,2022-08-10 09:02:34
1660122155191156000,22.85,1,22.8,41,22.9,35,1,2022-08-10 09:02:35
1660122155321000000,22.85,1,22.8,41,22.9,76,1,2022-08-10 09:02:35
1660122155321000000,22.9,9,22.8,41,22.9,76,1,2022-08-10 09:02:35
1660122155868726000,22.8,15,22.8,26,22.85,11,2,2022-08-10 09:02:35
1660122156095757000,22.85,1,22.8,26,22.85,11,1,2022-08-10 09:02:36
1660122156213285000,22.85,1,22.8,26,22.85,10,1,2022-08-10 09:02:36
1660122156333271000,22.85,1,22.8,26,22.85,9,1,2022-08-10 09:02:36
1660122156333729000,22.85,2,22.8,26,22.85,7,1,2022-08-10 09:02:36
1660122156495233000,22.85,1,22.8,26,22.85,6,1,2022-08-10 09:02:36
1660122156587473000,22.85,1,22.8,26,22.85,5,1,2022-08-10 09:02:36
1660122157148856000,22.85,5,22.8,28,22.85,5,1,2022-08-10 09:02:37
1660122157286976000,22.85,1,22.8,28,22.85,4,1,2022-08-10 09:02:37
1660122157653173000,22.8,1,22.8,28,22.85,9,2,2022-08-10 09:02:37
1660122157667063000,22.8,15,22.8,12,22.85,9,2,2022-08-10 09:02:37
1660122157945890000,22.85,1,22.8,17,22.85,8,1,2022-08-10 09:02:37
1660122158771897000,22.85,1,22.8,37,22.85,12,1,2022-08-10 09:02:38
1660122159444106000,22.8,5,22.8,32,22.85,14,2,2022-08-10 09:02:39
1660122159523167000,22.85,1,22.8,37,22.85,14,1,2022-08-10 09:02:39
1660122159793800000,22.85,2,22.8,32,22.85,11,1,2022-08-10 09:02:39
1660122160067744000,22.8,2,22.8,31,22.85,11,2,2022-08-10 09:02:40
1660122160107284000,22.8,1,22.8,30,22.85,11,2,2022-08-10 09:02:40
1660122160116962000,22.85,11,22.8,30,22.9,76,1,2022-08-10 09:02:40
1660122160116962000,22.9,1,22.8,30,22.9,76,1,2022-08-10 09:02:40
1660122160304853000,22.9,1,22.8,30,22.9,125,1,2022-08-10 09:02:40
1660122160527991000,22.8,5,22.8,27,22.9,125,2,2022-08-10 09:02:40
1660122160702495000,22.9,3,22.8,30,22.9,122,1,2022-08-10 09:02:40
1660122160714891000,22.8,1,22.8,29,22.9,122,2,2022-08-10 09:02:40
1660122160767816000,22.9,2,22.8,29,22.9,120,1,2022-08-10 09:02:40
1660122160981208000,22.85,1,22.85,3,22.9,120,2,2022-08-10 09:02:40
1660122162148528000,22.85,1,22.85,21,22.9,120,2,2022-08-10 09:02:42
1660122162581813000,22.85,2,22.85,24,22.9,120,2,2022-08-10 09:02:42
1660122163953779000,22.9,1,22.85,31,22.9,120,1,2022-08-10 09:02:43
1660122164339992000,22.85,1,22.85,30,22.9,119,2,2022-08-10 09:02:44
1660122164726660000,22.9,20,22.85,31,22.9,100,1,2022-08-10 09:02:44
1660122164787874000,22.9,100,22.9,20,22.95,83,1,2022-08-10 09:02:44
1660122164979218000,22.9,1,22.9,19,22.95,73,2,2022-08-10 09:02:44
1660122165056526000,22.9,10,22.9,9,22.95,73,2,2022-08-10 09:02:45
1660122165179020000,22.9,1,22.9,8,22.95,73,2,2022-08-10 09:02:45
1660122165193512000,22.9,2,22.9,6,22.95,73,2,2022-08-10 09:02:45
1660122165257899000,22.95,10,22.9,6,22.95,63,1,2022-08-10 09:02:45
1660122165635949000,22.95,10,22.9,6,22.95,113,1,2022-08-10 09:02:45
1660122165702135000,22.9,1,22.9,5,22.95,103,2,2022-08-10 09:02:45
1660122166272401000,22.9,1,22.9,18,22.95,103,2,2022-08-10 09:02:46
1660122166355647000,22.95,5,22.9,19,22.95,98,1,2022-08-10 09:02:46
1660122166444954000,22.95,2,22.9,19,22.95,103,1,2022-08-10 09:02:46
1660122166925876000,22.95,2,22.9,19,22.95,94,1,2022-08-10 09:02:46
1660122166965510000,22.95,2,22.9,19,22.95,92,1,2022-08-10 09:02:46
1660122166982256000,22.95,2,22.9,19,22.95,96,1,2022-08-10 09:02:46
1660122167623165000,22.95,1,22.9,29,22.95,90,1,2022-08-10 09:02:47
1660122167672683000,22.9,15,22.9,14,22.95,89,2,2022-08-10 09:02:47
1660122167893485000,22.95,1,22.9,15,22.95,98,1,2022-08-10 09:02:47
1660122167995568000,22.95,1,22.9,15,22.95,97,1,2022-08-10 09:02:47
1660122168401735000,22.9,1,22.9,15,22.95,97,2,2022-08-10 09:02:48
1660122169022000000,22.95,3,22.9,20,22.95,97,1,2022-08-10 09:02:49
1660122169315062000,22.95,1,22.9,20,22.95,93,1,2022-08-10 09:02:49
1660122169479267000,22.95,1,22.9,21,22.95,92,1,2022-08-10 09:02:49
1660122169865973000,22.95,1,22.9,21,22.95,91,1,2022-08-10 09:02:49
1660122169874095000,22.95,1,22.9,21,22.95,90,1,2022-08-10 09:02:49
1660122170444943000,22.95,4,22.9,61,22.95,136,1,2022-08-10 09:02:50
1660122170962515000,22.9,1,22.9,73,22.95,136,2,2022-08-10 09:02:50
1660122171090644000,22.95,1,22.9,73,22.95,135,1,2022-08-10 09:02:51
1660122171135435000,22.95,2,22.9,73,22.95,133,1,2022-08-10 09:02:51
1660122171582245000,22.95,10,22.9,76,22.95,123,1,2022-08-10 09:02:51
1660122171794436000,22.9,1,22.9,82,22.95,123,2,2022-08-10 09:02:51
1660122171899027000,22.95,1,22.9,108,22.95,122,1,2022-08-10 09:02:51
1660122171977341000,22.95,1,22.9,108,22.95,121,1,2022-08-10 09:02:51
1660122172264406000,22.95,17,22.9,109,22.95,104,1,2022-08-10 09:02:52
1660122172599713000,22.95,104,22.95,25,23.0,67,1,2022-08-10 09:02:52
1660122172729055000,23.0,4,22.95,25,23.0,73,1,2022-08-10 09:02:52
1660122172905234000,23.0,2,22.95,25,23.0,71,1,2022-08-10 09:02:52
1660122173646084000,23.0,5,22.95,31,23.0,71,1,2022-08-10 09:02:53
1660122174144088000,22.95,1,22.95,35,23.0,66,2,2022-08-10 09:02:54
1660122174444907000,23.0,10,22.95,41,23.0,56,1,2022-08-10 09:02:54
1660122175174887000,23.0,7,22.95,50,23.0,49,1,2022-08-10 09:02:55
1660122176136433000,23.0,2,22.95,57,23.0,99,1,2022-08-10 09:02:56
1660122176926318000,23.0,1,22.95,58,23.0,96,1,2022-08-10 09:02:56
1660122177100813000,23.0,1,22.95,58,23.0,97,1,2022-08-10 09:02:57
1660122177177665000,23.0,5,22.95,58,23.0,90,1,2022-08-10 09:02:57
1660122177310192000,23.0,10,22.95,58,23.0,80,1,2022-08-10 09:02:57
1660122177678301000,22.95,15,22.95,43,23.0,80,2,2022-08-10 09:02:57
1660122177922582000,23.0,10,22.95,44,23.0,70,1,2022-08-10 09:02:57
1660122177972947000,23.0,1,22.95,44,23.0,80,1,2022-08-10 09:02:57
1660122178247774000,23.0,1,22.95,44,23.0,68,1,2022-08-10 09:02:58
1660122178305798000,23.0,1,22.95,39,23.0,67,1,2022-08-10 09:02:58
1660122178463598000,23.0,9,22.95,40,23.0,58,1,2022-08-10 09:02:58
1660122178547163000,23.0,2,22.95,40,23.0,56,1,2022-08-10 09:02:58
1660122178625807000,23.0,1,22.95,40,23.0,67,1,2022-08-10 09:02:58
1660122178964344000,23.0,20,22.95,40,23.0,35,1,2022-08-10 09:02:58
1660122178966560000,23.0,1,22.95,40,23.0,34,1,2022-08-10 09:02:58
1660122179146937000,23.0,4,22.95,40,23.0,34,1,2022-08-10 09:02:59
1660122179327482000,23.0,1,22.95,40,23.0,29,1,2022-08-10 09:02:59
1660122179450714000,23.0,6,22.95,40,23.0,24,1,2022-08-10 09:02:59
1660122179937261000,22.95,1,22.95,39,23.0,24,2,2022-08-10 09:02:59
1660122179952544000,23.0,10,22.95,39,23.0,14,1,2022-08-10 09:02:59
1660122179980884000,23.0,1,22.95,39,23.0,13,1,2022-08-10 09:02:59
1660122180248238000,23.0,1,22.95,40,23.0,15,1,2022-08-10 09:03:00
1660122180447431000,23.0,1,22.95,40,23.0,14,1,2022-08-10 09:03:00
1660122180535132000,23.0,1,22.95,39,23.0,13,1,2022-08-10 09:03:00
1660122180584355000,23.0,2,22.95,39,23.0,11,1,2022-08-10 09:03:00
1660122180605125000,23.0,2,22.95,39,23.0,14,1,2022-08-10 09:03:00
1660122180668266000,23.0,1,22.95,39,23.0,8,1,2022-08-10 09:03:00
1660122180873366000,23.0,1,22.95,39,23.0,7,1,2022-08-10 09:03:00
1660122181260766000,23.0,5,22.95,39,23.0,2,1,2022-08-10 09:03:01
1660122181285352000,23.0,2,22.95,39,23.05,80,1,2022-08-10 09:03:01
1660122181429206000,22.95,2,22.95,37,23.05,80,2,2022-08-10 09:03:01
1660122181718432000,23.0,1,22.95,30,23.05,100,2,2022-08-10 09:03:01
1660122181718432000,22.95,7,22.95,30,23.05,100,2,2022-08-10 09:03:01
1660122181742860000,23.05,1,23.0,1,23.05,99,1,2022-08-10 09:03:01
1660122181764333000,23.0,1,22.95,30,23.05,99,2,2022-08-10 09:03:01
1660122181908903000,23.05,1,22.95,33,23.05,98,1,2022-08-10 09:03:01
1660122182566170000,23.05,3,23.0,5,23.05,95,1,2022-08-10 09:03:02
1660122182579167000,23.05,20,23.0,5,23.05,75,1,2022-08-10 09:03:02
1660122182660623000,23.0,5,22.95,38,23.0,5,2,2022-08-10 09:03:02
1660122182812502000,22.95,1,22.95,37,23.0,5,2,2022-08-10 09:03:02
1660122182838770000,23.0,1,22.95,37,23.0,4,1,2022-08-10 09:03:02
1660122182880407000,23.0,4,23.0,6,23.05,75,1,2022-08-10 09:03:02
1660122182965235000,23.05,3,23.0,6,23.05,72,1,2022-08-10 09:03:02
1660122184059035000,23.0,1,23.0,9,23.05,72,2,2022-08-10 09:03:04
1660122184514433000,23.05,1,23.0,8,23.05,71,1,2022-08-10 09:03:04
1660122184536477000,23.05,1,23.0,8,23.05,70,1,2022-08-10 09:03:04
1660122185040397000,23.0,2,23.0,8,23.05,70,2,2022-08-10 09:03:05
1660122185524212000,23.0,14,22.95,58,23.0,36,2,2022-08-10 09:03:05
1660122185697080000,23.0,1,22.95,60,23.0,35,1,2022-08-10 09:03:05
1660122186054996000,23.0,1,22.95,60,23.0,34,1,2022-08-10 09:03:06
1660122186244272000,23.0,2,22.95,62,23.0,32,1,2022-08-10 09:03:06
1660122186285727000,23.0,2,22.95,62,23.0,30,1,2022-08-10 09:03:06
1660122186294312000,23.0,1,22.95,62,23.0,29,1,2022-08-10 09:03:06
1660122186421898000,23.0,1,22.95,62,23.0,28,1,2022-08-10 09:03:06
1660122186695362000,23.0,1,22.95,62,23.0,28,1,2022-08-10 09:03:06
1660122186717930000,23.0,1,22.95,62,23.0,27,1,2022-08-10 09:03:06
1660122186954425000,22.95,1,22.95,61,23.0,29,2,2022-08-10 09:03:06
1660122187533095000,23.0,1,22.95,57,23.0,28,1,2022-08-10 09:03:07
1660122187551692000,22.95,15,22.95,42,23.0,28,2,2022-08-10 09:03:07
1660122187609733000,22.95,15,22.95,27,23.0,78,2,2022-08-10 09:03:07
1660122187761914000,23.0,2,22.95,40,23.0,76,1,2022-08-10 09:03:07
1660122187877793000,23.0,1,22.95,40,23.0,75,1,2022-08-10 09:03:07
1660122187966957000,23.0,1,22.95,40,23.0,78,1,2022-08-10 09:03:07
1660122188251962000,22.95,20,22.95,20,23.0,84,2,2022-08-10 09:03:08
1660122188266166000,22.95,4,22.95,16,23.0,84,2,2022-08-10 09:03:08
1660122188404172000,23.0,1,22.95,16,23.0,83,1,2022-08-10 09:03:08
1660122188405468000,23.0,2,22.95,16,23.0,81,1,2022-08-10 09:03:08
1660122188489489000,22.95,2,22.95,14,23.0,81,2,2022-08-10 09:03:08
1660122188510932000,23.0,1,22.95,14,23.0,80,1,2022-08-10 09:03:08
1660122188520137000,23.0,5,22.95,14,23.0,75,1,2022-08-10 09:03:08
1660122188527823000,23.0,1,22.95,40,23.0,84,1,2022-08-10 09:03:08
1660122188723170000,23.0,1,22.95,14,23.0,73,1,2022-08-10 09:03:08
1660122188754607000,22.95,12,22.95,2,23.0,73,2,2022-08-10 09:03:08
1660122189001542000,23.0,3,22.95,2,23.0,70,1,2022-08-10 09:03:09
1660122189023451000,22.95,2,22.9,128,22.95,1,2,2022-08-10 09:03:09
1660122189114617000,22.95,1,22.9,128,23.0,70,1,2022-08-10 09:03:09
1660122189194739000,22.95,1,22.9,128,22.95,9,1,2022-08-10 09:03:09
1660122189231251000,22.95,3,22.9,128,22.95,6,1,2022-08-10 09:03:09
1660122189634218000,22.95,10,22.9,128,22.95,48,1,2022-08-10 09:03:09
1660122189673955000,22.9,2,22.9,126,22.95,48,2,2022-08-10 09:03:09
1660122189694527000,22.9,1,22.9,125,22.95,48,2,2022-08-10 09:03:09
1660122189715943000,22.95,1,22.9,125,22.95,47,1,2022-08-10 09:03:09
1660122189729429000,22.9,13,22.9,112,22.95,47,2,2022-08-10 09:03:09
1660122189967429000,22.95,1,22.9,112,22.95,46,1,2022-08-10 09:03:09
1660122190054048000,22.95,2,22.9,112,22.95,47,1,2022-08-10 09:03:10
1660122190269482000,22.95,21,22.9,112,22.95,23,1,2022-08-10 09:03:10
1660122190302467000,22.9,3,22.9,109,22.95,23,2,2022-08-10 09:03:10
1660122190343045000,22.9,1,22.9,107,22.95,23,2,2022-08-10 09:03:10
1660122190521554000,22.9,1,22.9,107,22.95,26,2,2022-08-10 09:03:10
1660122190961171000,22.95,2,22.9,78,22.95,24,1,2022-08-10 09:03:10
1660122191027914000,22.95,1,22.9,78,22.95,26,1,2022-08-10 09:03:11
1660122191245179000,22.95,5,22.9,78,22.95,18,1,2022-08-10 09:03:11
1660122191350068000,22.9,5,22.9,73,22.95,12,2,2022-08-10 09:03:11
1660122191685655000,22.95,10,22.9,73,22.95,2,1,2022-08-10 09:03:11
1660122191793893000,22.95,1,22.9,73,22.95,1,1,2022-08-10 09:03:11
1660122191908094000,22.95,1,22.9,73,23.0,46,1,2022-08-10 09:03:11
1660122192052413000,22.9,73,22.9,73,23.0,46,2,2022-08-10 09:03:12
1660122192146262000,22.9,15,22.85,68,22.9,12,1,2022-08-10 09:03:12
1660122192519384000,22.9,1,22.85,78,22.9,11,1,2022-08-10 09:03:12
1660122192595394000,22.85,2,22.85,76,22.9,23,2,2022-08-10 09:03:12
1660122192595882000,22.9,2,22.85,76,22.9,21,1,2022-08-10 09:03:12
1660122192651947000,22.9,1,22.85,76,22.9,20,1,2022-08-10 09:03:12
1660122192972600000,22.9,1,22.85,76,22.9,19,1,2022-08-10 09:03:12
1660122192994208000,22.9,2,22.85,76,22.9,17,1,2022-08-10 09:03:12
1660122193024522000,22.85,2,22.85,76,22.9,20,2,2022-08-10 09:03:13
1660122193087821000,22.9,2,22.85,74,22.9,15,1,2022-08-10 09:03:13
1660122193421675000,22.9,1,22.85,74,22.9,21,1,2022-08-10 09:03:13
1660122193481244000,22.85,1,22.85,73,22.9,21,2,2022-08-10 09:03:13
1660122193564591000,22.85,1,22.85,73,22.9,71,2,2022-08-10 09:03:13
1660122193581047000,22.85,72,22.8,33,22.9,71,2,2022-08-10 09:03:13
1660122193858561000,22.8,1,22.8,32,22.85,3,2,2022-08-10 09:03:13
1660122194494416000,22.8,2,22.8,30,22.85,20,2,2022-08-10 09:03:14
1660122194604793000,22.85,1,22.8,30,22.85,19,1,2022-08-10 09:03:14
1660122194644149000,22.85,1,22.8,30,22.85,18,1,2022-08-10 09:03:14
1660122194655031000,22.8,1,22.8,29,22.85,18,2,2022-08-10 09:03:14
1660122194835477000,22.8,3,22.8,26,22.85,18,2,2022-08-10 09:03:14
1660122195077976000,22.8,3,22.8,23,22.85,18,2,2022-08-10 09:03:15
1660122195127980000,22.85,1,22.8,23,22.85,17,1,2022-08-10 09:03:15
1660122195165173000,22.8,23,22.75,42,22.85,17,2,2022-08-10 09:03:15
1660122195308492000,22.8,1,22.8,1,22.85,17,1,2022-08-10 09:03:15
1660122195783284000,22.8,1,22.75,21,22.8,4,2,2022-08-10 09:03:15
1660122196289086000,22.8,6,22.75,21,22.8,26,1,2022-08-10 09:03:16
1660122196338942000,22.75,1,22.75,20,22.8,26,2,2022-08-10 09:03:16
1660122196900665000,22.8,2,22.75,20,22.8,24,1,2022-08-10 09:03:16
1660122196978786000,22.8,10,22.75,20,22.8,14,1,2022-08-10 09:03:16
1660122197024080000,22.75,1,22.75,20,22.8,24,2,2022-08-10 09:03:17
1660122197300705000,22.75,1,22.75,18,22.8,19,2,2022-08-10 09:03:17
1660122197356286000,22.75,1,22.75,17,22.8,19,2,2022-08-10 09:03:17
1660122197451211000,22.8,19,22.75,17,22.85,22,1,2022-08-10 09:03:17
1660122197451211000,22.85,1,22.75,17,22.85,22,1,2022-08-10 09:03:17
1660122197564199000,22.75,15,22.75,2,22.85,22,2,2022-08-10 09:03:17
1660122197597422000,22.85,22,22.85,8,22.9,93,1,2022-08-10 09:03:17
1660122197622433000,22.85,1,22.85,7,22.9,93,2,2022-08-10 09:03:17
1660122197915732000,22.85,1,22.85,6,22.9,75,2,2022-08-10 09:03:17
1660122198031059000,22.9,1,22.85,7,22.9,75,1,2022-08-10 09:03:18
1660122198431160000,22.85,1,22.85,5,22.9,74,2,2022-08-10 09:03:18
1660122199703305000,22.85,5,22.8,19,22.9,74,2,2022-08-10 09:03:19
1660122199823803000,22.8,2,22.8,19,22.9,74,2,2022-08-10 09:03:19
1660122200236554000,22.8,11,22.8,7,22.85,5,2,2022-08-10 09:03:20
1660122200277498000,22.8,7,22.75,21,22.85,5,2,2022-08-10 09:03:20
1660122200277498000,22.75,1,22.75,21,22.85,5,2,2022-08-10 09:03:20
1660122200556852000,22.8,1,22.8,1,22.85,5,1,2022-08-10 09:03:20
1660122200864838000,22.85,2,22.8,2,22.85,4,1,2022-08-10 09:03:20
1660122200883415000,22.8,2,22.75,3,22.8,1,2,2022-08-10 09:03:20
1660122202759730000,22.8,2,22.75,13,22.8,2,1,2022-08-10 09:03:22
1660122202883797000,22.75,5,22.75,8,22.8,2,2,2022-08-10 09:03:22
1660122202930523000,22.75,1,22.75,8,22.8,2,2,2022-08-10 09:03:22
1660122203132565000,22.8,2,22.75,7,22.85,56,1,2022-08-10 09:03:23
1660122203132565000,22.85,3,22.75,7,22.85,56,1,2022-08-10 09:03:23
1660122203648072000,22.85,2,22.8,13,22.85,54,1,2022-08-10 09:03:23
1660122203734311000,22.8,1,22.8,14,22.85,54,2,2022-08-10 09:03:23
1660122204156353000,22.85,10,22.8,13,22.85,44,1,2022-08-10 09:03:24
1660122204761571000,22.8,1,22.8,12,22.85,44,2,2022-08-10 09:03:24
1660122205227455000,22.85,8,22.8,14,22.85,36,1,2022-08-10 09:03:25
1660122206307037000,22.8,17,22.75,17,22.8,4,2,2022-08-10 09:03:26
1660122206421393000,22.75,3,22.75,18,22.8,5,2,2022-08-10 09:03:26
1660122207089357000,22.8,2,22.75,16,22.8,3,1,2022-08-10 09:03:27
1660122207231069000,22.8,2,22.75,16,22.8,8,1,2022-08-10 09:03:27
1660122207538140000,22.75,15,22.75,1,22.8,6,2,2022-08-10 09:03:27
1660122207692724000,22.8,1,22.75,1,22.8,5,1,2022-08-10 09:03:27
1660122208147948000,22.8,5,22.75,2,22.85,36,1,2022-08-10 09:03:28
1660122208228085000,22.75,2,22.7,9,22.8,1,2,2022-08-10 09:03:28
1660122208228085000,22.7,8,22.7,9,22.8,1,2,2022-08-10 09:03:28
1660122208284950000,22.7,1,22.7,8,22.8,1,2,2022-08-10 09:03:28
1660122208285195000,22.8,1,22.7,8,22.85,36,1,2022-08-10 09:03:28
1660122208292475000,22.7,5,22.7,3,22.85,36,2,2022-08-10 09:03:28
1660122208325399000,22.8,1,22.7,3,22.85,36,2,2022-08-10 09:03:28
1660122208478770000,22.85,2,22.8,3,22.85,37,1,2022-08-10 09:03:28
1660122208650416000,22.8,3,22.75,1,22.8,2,2,2022-08-10 09:03:28
1660122208787762000,22.8,1,22.75,2,22.8,2,1,2022-08-10 09:03:28
1660122209005194000,22.8,2,22.75,3,22.85,35,1,2022-08-10 09:03:29
1660122209020276000,22.75,1,22.75,3,22.8,2,2,2022-08-10 09:03:29
1660122209296943000,22.75,2,22.7,3,22.75,48,2,2022-08-10 09:03:29
1660122209334200000,22.7,1,22.7,2,22.75,58,2,2022-08-10 09:03:29
1660122209358364000,22.7,1,22.7,1,22.75,58,2,2022-08-10 09:03:29
1660122209807484000,22.75,1,22.7,7,22.75,57,1,2022-08-10 09:03:29
1660122209814356000,22.75,2,22.7,7,22.75,55,1,2022-08-10 09:03:29
1660122209853099000,22.75,4,22.7,7,22.75,51,1,2022-08-10 09:03:29
1660122210166959000,22.7,3,22.65,9,22.7,7,2,2022-08-10 09:03:30
1660122210247078000,22.7,2,22.65,9,22.7,5,1,2022-08-10 09:03:30
1660122210571972000,22.7,10,22.65,10,22.7,5,1,2022-08-10 09:03:30
1660122210738207000,22.65,2,22.65,8,22.7,5,2,2022-08-10 09:03:30
1660122211436290000,22.65,10,22.65,1,22.7,35,2,2022-08-10 09:03:31
1660122211481575000,22.65,1,22.6,37,22.7,35,2,2022-08-10 09:03:31
1660122211484564000,22.7,5,22.6,37,22.7,30,1,2022-08-10 09:03:31
1660122211656900000,22.65,1,22.6,37,22.65,19,1,2022-08-10 09:03:31
1660122211746911000,22.6,20,22.6,17,22.65,29,2,2022-08-10 09:03:31
1660122211788042000,22.6,1,22.6,16,22.65,29,2,2022-08-10 09:03:31
1660122211903677000,22.6,16,22.55,13,22.6,4,2,2022-08-10 09:03:31
1660122211992196000,22.6,1,22.55,13,22.6,3,1,2022-08-10 09:03:31
1660122212014482000,22.6,3,22.55,13,22.65,29,1,2022-08-10 09:03:32
1660122212019804000,22.55,13,22.55,13,22.6,4,2,2022-08-10 09:03:32
1660122212084172000,22.5,1,22.5,224,22.55,7,2,2022-08-10 09:03:32
1660122213111884000,22.55,1,22.5,224,22.55,16,1,2022-08-10 09:03:33
1660122213188493000,22.5,20,22.5,204,22.55,16,2,2022-08-10 09:03:33
1660122213237156000,22.5,1,22.5,203,22.55,16,2,2022-08-10 09:03:33
1660122213304901000,22.5,20,22.5,183,22.55,16,2,2022-08-10 09:03:33
1660122213347233000,22.5,1,22.5,182,22.55,16,2,2022-08-10 09:03:33
1660122213363041000,22.55,7,22.5,182,22.55,9,1,2022-08-10 09:03:33
1660122213414334000,22.5,20,22.5,162,22.55,9,2,2022-08-10 09:03:33
1660122213444789000,22.5,1,22.5,161,22.55,9,2,2022-08-10 09:03:33
1660122213507970000,22.55,9,22.5,161,22.6,9,1,2022-08-10 09:03:33
1660122213507970000,22.6,1,22.5,161,22.6,9,1,2022-08-10 09:03:33
1660122214003504000,22.5,1,22.5,161,22.6,19,2,2022-08-10 09:03:34
1660122214077135000,22.6,5,22.5,160,22.6,14,1,2022-08-10 09:03:34
1660122214136880000,22.5,2,22.5,158,22.6,14,2,2022-08-10 09:03:34
1660122214807472000,22.5,8,22.5,150,22.6,14,2,2022-08-10 09:03:34
1660122214856217000,22.55,1,22.5,150,22.6,14,2,2022-08-10 09:03:34
1660122215269068000,22.5,1,22.5,150,22.6,14,2,2022-08-10 09:03:35
1660122215372562000,22.5,150,22.45,39,22.5,38,2,2022-08-10 09:03:35
1660122215440059000,22.45,1,22.45,20,22.5,48,2,2022-08-10 09:03:35
1660122215700138000,22.5,2,22.45,19,22.5,46,1,2022-08-10 09:03:35
1660122215767653000,22.5,2,22.45,21,22.5,44,1,2022-08-10 09:03:35
1660122215963309000,22.5,5,22.45,21,22.5,39,1,2022-08-10 09:03:35
1660122215989693000,22.45,3,22.45,18,22.5,39,2,2022-08-10 09:03:35
1660122216091579000,22.5,5,22.45,23,22.5,34,1,2022-08-10 09:03:36
1660122216107485000,22.45,20,22.45,3,22.5,34,2,2022-08-10 09:03:36
1660122216237394000,22.45,3,22.4,151,22.45,17,2,2022-08-10 09:03:36
1660122216582554000,22.45,1,22.4,151,22.45,26,1,2022-08-10 09:03:36
1660122216697336000,22.45,14,22.4,151,22.45,12,1,2022-08-10 09:03:36
1660122216704569000,22.4,1,22.4,150,22.45,12,2,2022-08-10 09:03:36
1660122216742240000,22.4,1,22.4,149,22.45,12,2,2022-08-10 09:03:36
1660122216745416000,22.45,2,22.4,149,22.45,10,1,2022-08-10 09:03:36
1660122216930313000,22.4,5,22.4,144,22.45,10,2,2022-08-10 09:03:36
1660122217509810000,22.45,5,22.4,144,22.45,13,1,2022-08-10 09:03:37
1660122217522391000,22.4,15,22.4,129,22.45,8,2,2022-08-10 09:03:37
1660122217563006000,22.4,1,22.4,128,22.45,8,2,2022-08-10 09:03:37
1660122217692886000,22.4,15,22.4,113,22.45,8,2,2022-08-10 09:03:37
1660122217799056000,22.4,1,22.4,112,22.45,8,2,2022-08-10 09:03:37
1660122217813463000,22.4,36,22.4,76,22.45,8,2,2022-08-10 09:03:37
1660122217844287000,22.45,1,22.4,76,22.45,7,1,2022-08-10 09:03:37
1660122217853366000,22.4,1,22.4,75,22.45,7,2,2022-08-10 09:03:37
1660122218013629000,22.4,2,22.4,73,22.45,7,2,2022-08-10 09:03:38
1660122218325202000,22.45,1,22.4,73,22.45,6,1,2022-08-10 09:03:38
1660122218409968000,22.4,24,22.4,49,22.45,6,2,2022-08-10 09:03:38
1660122218441256000,22.4,2,22.4,47,22.45,11,2,2022-08-10 09:03:38
1660122218446010000,22.4,1,22.4,49,22.45,11,2,2022-08-10 09:03:38
1660122218674683000,22.4,10,22.4,36,22.45,11,2,2022-08-10 09:03:38
1660122218715500000,22.4,5,22.4,31,22.45,11,2,2022-08-10 09:03:38
1660122218765685000,22.4,1,22.4,30,22.45,11,2,2022-08-10 09:03:38
1660122218861662000,22.45,11,22.4,30,22.5,13,1,2022-08-10 09:03:38
1660122218861662000,22.5,9,22.4,30,22.5,13,1,2022-08-10 09:03:38
1660122218962194000,22.4,1,22.4,30,22.5,13,2,2022-08-10 09:03:38
1660122219192394000,22.45,2,22.45,1,22.5,13,2,2022-08-10 09:03:39
1660122219218180000,22.5,1,22.45,1,22.5,12,1,2022-08-10 09:03:39
1660122219232630000,22.45,1,22.4,29,22.5,12,2,2022-08-10 09:03:39
1660122219408469000,22.4,10,22.4,19,22.5,12,2,2022-08-10 09:03:39
1660122219493482000,22.4,19,22.4,29,22.5,12,2,2022-08-10 09:03:39
1660122219813277000,22.45,3,22.45,2,22.5,12,2,2022-08-10 09:03:39
1660122220078051000,22.45,3,22.35,33,22.4,1,2,2022-08-10 09:03:40
1660122220361213000,22.4,2,22.35,14,22.4,11,1,2022-08-10 09:03:40
1660122220982436000,22.4,5,22.35,14,22.4,9,1,2022-08-10 09:03:40
1660122221252300000,22.4,1,22.35,14,22.4,3,1,2022-08-10 09:03:41
1660122221323478000,22.4,1,22.35,14,22.4,2,1,2022-08-10 09:03:41
1660122221365215000,22.4,1,22.35,14,22.4,1,1,2022-08-10 09:03:41
1660122341903447000,22.45,372,22.45,60,22.5,3,1,2022-08-10 09:05:41
1660122342073157000,22.45,2,22.45,58,22.5,3,2,2022-08-10 09:05:42
1660122342841109000,22.45,1,22.45,82,22.5,3,2,2022-08-10 09:05:42
1660122343180449000,22.5,13,22.5,12,22.6,2,1,2022-08-10 09:05:43
1660122343329340000,22.6,1,22.5,14,22.6,1,1,2022-08-10 09:05:43
1660122343610679000,22.5,2,22.5,16,22.6,4,2,2022-08-10 09:05:43
1660122344833253000,22.5,1,22.5,20,22.6,4,2,2022-08-10 09:05:44
1660122344888157000,22.6,2,22.55,2,22.6,2,1,2022-08-10 09:05:44
1660122345678786000,22.55,3,22.5,23,22.6,2,2,2022-08-10 09:05:45
1660122346235615000,22.55,2,22.55,3,22.6,2,2,2022-08-10 09:05:46
1660122346821441000,22.6,2,22.55,3,22.65,5,1,2022-08-10 09:05:46
1660122346944457000,22.55,3,22.55,3,22.65,8,2,2022-08-10 09:05:46
1660122347753658000,22.5,20,22.45,10,22.6,10,2,2022-08-10 09:05:47
1660122347753658000,22.45,66,22.45,10,22.6,10,2,2022-08-10 09:05:47
1660122348282283000,22.5,1,22.45,11,22.5,19,2,2022-08-10 09:05:48
1660122348470738000,22.45,10,22.45,1,22.5,19,2,2022-08-10 09:05:48
1660122348494563000,22.5,6,22.45,1,22.5,13,1,2022-08-10 09:05:48
1660122348500346000,22.45,1,22.4,278,22.5,13,2,2022-08-10 09:05:48
1660122348936635000,22.4,5,22.4,278,22.45,31,2,2022-08-10 09:05:48
1660122349004782000,22.4,1,22.4,272,22.45,31,2,2022-08-10 09:05:49
1660122349036056000,22.4,10,22.4,262,22.45,31,2,2022-08-10 09:05:49
1660122349082583000,22.4,5,22.4,257,22.45,31,2,2022-08-10 09:05:49
1660122349117590000,22.4,1,22.4,256,22.45,31,2,2022-08-10 09:05:49
1660122349148415000,22.4,2,22.4,254,22.45,31,2,2022-08-10 09:05:49
1660122349177651000,22.4,15,22.4,239,22.45,31,2,2022-08-10 09:05:49
1660122349208889000,22.4,1,22.4,238,22.45,31,2,2022-08-10 09:05:49
1660122349238875000,22.4,1,22.4,237,22.45,31,2,2022-08-10 09:05:49
1660122349245620000,22.4,5,22.4,232,22.45,31,2,2022-08-10 09:05:49
1660122349281008000,22.4,5,22.4,217,22.45,31,2,2022-08-10 09:05:49
1660122349373856000,22.4,2,22.4,215,22.45,31,2,2022-08-10 09:05:49
1660122349373889000,22.4,15,22.4,200,22.45,31,2,2022-08-10 09:05:49
1660122349448106000,22.4,10,22.4,190,22.45,31,2,2022-08-10 09:05:49
1660122349489330000,22.4,1,22.4,189,22.45,31,2,2022-08-10 09:05:49
1660122349532999000,22.4,5,22.4,184,22.45,31,2,2022-08-10 09:05:49
1660122349533624000,22.4,2,22.4,182,22.45,31,2,2022-08-10 09:05:49
1660122349537423000,22.4,25,22.4,157,22.45,31,2,2022-08-10 09:05:49
1660122349560164000,22.4,20,22.4,137,22.45,31,2,2022-08-10 09:05:49
1660122349597841000,22.4,5,22.4,132,22.45,31,2,2022-08-10 09:05:49
1660122349604252000,22.4,1,22.4,131,22.45,31,2,2022-08-10 09:05:49
1660122349607688000,22.45,1,22.4,131,22.45,30,1,2022-08-10 09:05:49
1660122349675221000,22.4,2,22.4,129,22.45,30,2,2022-08-10 09:05:49
1660122349694636000,22.4,25,22.4,104,22.45,30,2,2022-08-10 09:05:49
1660122349753893000,22.4,2,22.4,102,22.45,30,2,2022-08-10 09:05:49
1660122349769696000,22.45,1,22.4,102,22.45,29,1,2022-08-10 09:05:49
1660122349835832000,22.4,2,22.4,100,22.45,19,2,2022-08-10 09:05:49
1660122349897602000,22.4,5,22.4,95,22.45,19,2,2022-08-10 09:05:49
1660122349897607000,22.4,25,22.4,70,22.45,19,2,2022-08-10 09:05:49
1660122349904799000,22.4,4,22.4,102,22.45,19,2,2022-08-10 09:05:49
1660122349954595000,22.4,20,22.4,46,22.45,19,2,2022-08-10 09:05:49
1660122349972556000,22.4,2,22.4,44,22.45,19,2,2022-08-10 09:05:49
1660122350028012000,22.4,20,22.4,24,22.45,19,2,2022-08-10 09:05:50
1660122350035112000,22.4,5,22.4,19,22.45,19,2,2022-08-10 09:05:50
1660122350059513000,22.4,12,22.4,7,22.45,19,2,2022-08-10 09:05:50
1660122350059981000,22.4,5,22.4,2,22.45,19,2,2022-08-10 09:05:50
1660122350103876000,22.4,2,22.35,45,22.45,19,2,2022-08-10 09:05:50
1660122350147847000,22.35,20,22.35,25,22.4,7,2,2022-08-10 09:05:50
1660122350177441000,22.35,1,22.35,24,22.4,12,2,2022-08-10 09:05:50
1660122350188086000,22.35,1,22.35,23,22.4,12,2,2022-08-10 09:05:50
1660122350310099000,22.35,1,22.35,22,22.4,67,2,2022-08-10 09:05:50
1660122350330865000,22.35,2,22.35,23,22.4,67,2,2022-08-10 09:05:50
1660122350715680000,22.35,1,22.35,19,22.4,67,2,2022-08-10 09:05:50
1660122350790986000,22.35,2,22.35,17,22.4,68,2,2022-08-10 09:05:50
1660122350871533000,22.35,2,22.35,15,22.4,68,2,2022-08-10 09:05:50
1660122350918199000,22.35,1,22.35,19,22.4,68,2,2022-08-10 09:05:50
1660122350978572000,22.35,2,22.35,12,22.4,68,2,2022-08-10 09:05:50
1660122351020152000,22.4,2,22.35,12,22.4,66,1,2022-08-10 09:05:51
1660122351117721000,22.4,1,22.35,12,22.4,25,1,2022-08-10 09:05:51
1660122351185470000,22.35,2,22.35,10,22.4,25,2,2022-08-10 09:05:51
1660122352198475000,22.35,1,22.35,9,22.4,23,2,2022-08-10 09:05:52
1660122352421451000,22.35,9,22.3,41,22.35,3,2,2022-08-10 09:05:52
1660122352541930000,22.3,1,22.3,38,22.35,3,2,2022-08-10 09:05:52
1660122353027128000,22.3,2,22.3,36,22.35,7,2,2022-08-10 09:05:53
1660122353138411000,22.35,4,22.3,36,22.35,3,1,2022-08-10 09:05:53
1660122353175567000,22.35,3,22.3,36,22.4,20,1,2022-08-10 09:05:53
1660122353175567000,22.4,2,22.3,36,22.4,20,1,2022-08-10 09:05:53
1660122353601195000,22.3,15,22.3,21,22.4,20,2,2022-08-10 09:05:53
1660122353872191000,22.3,1,22.3,21,22.35,1,2,2022-08-10 09:05:53
1660122354081023000,22.35,1,22.3,20,22.4,10,1,2022-08-10 09:05:54
1660122354081023000,22.4,2,22.3,20,22.4,10,1,2022-08-10 09:05:54
1660122354321140000,22.4,1,22.3,20,22.4,9,1,2022-08-10 09:05:54
1660122354431254000,22.3,10,22.3,10,22.4,9,2,2022-08-10 09:05:54
1660122354452798000,22.4,9,22.3,20,22.4,10,1,2022-08-10 09:05:54
1660122354501995000,22.5,1,22.3,10,22.55,18,2,2022-08-10 09:05:54
1660122354614483000,22.35,1,22.35,9,22.5,1,2,2022-08-10 09:05:54
1660122355295846000,22.35,8,22.35,46,22.45,2,2,2022-08-10 09:05:55
1660122356280094000,22.45,2,22.45,10,22.5,2,1,2022-08-10 09:05:56
1660122356977847000,22.5,2,22.5,18,22.55,16,1,2022-08-10 09:05:56
1660122357145671000,22.5,1,22.5,17,22.55,16,2,2022-08-10 09:05:57
1660122357622528000,22.55,16,22.55,4,22.6,4,1,2022-08-10 09:05:57
1660122358087985000,22.6,1,22.55,16,22.6,3,1,2022-08-10 09:05:58
1660122358602643000,22.55,2,22.55,16,22.6,3,2,2022-08-10 09:05:58
1660122359051189000,22.6,1,22.55,16,22.6,2,1,2022-08-10 09:05:59
1660122359159117000,22.6,2,22.55,16,22.8,17,1,2022-08-10 09:05:59
1660122359159117000,22.65,2,22.55,16,22.8,17,1,2022-08-10 09:05:59
1660122359159117000,22.75,10,22.55,16,22.8,17,1,2022-08-10 09:05:59
1660122359159117000,22.8,11,22.55,16,22.8,17,1,2022-08-10 09:05:59
1660122359191582000,22.6,4,22.6,4,22.8,2,2,2022-08-10 09:05:59
1660122360087976000,22.6,3,22.6,4,22.75,11,2,2022-08-10 09:06:00
1660122360401115000,22.6,1,22.6,3,22.75,14,2,2022-08-10 09:06:00
1660122361699430000,22.6,1,22.6,5,22.75,15,2,2022-08-10 09:06:01
1660122362468272000,22.6,6,22.55,6,22.65,19,2,2022-08-10 09:06:02
1660122362468272000,22.55,9,22.55,6,22.65,19,2,2022-08-10 09:06:02
1660122363306583000,22.65,1,22.6,2,22.65,21,1,2022-08-10 09:06:03
1660122363908997000,22.65,7,22.6,2,22.65,13,1,2022-08-10 09:06:03
1660122364353260000,22.6,2,22.5,16,22.65,13,2,2022-08-10 09:06:04
1660122364353260000,22.55,6,22.5,16,22.65,13,2,2022-08-10 09:06:04
1660122364353260000,22.5,2,22.5,16,22.65,13,2,2022-08-10 09:06:04
1660122365402236000,22.6,1,22.5,16,22.6,21,1,2022-08-10 09:06:05
1660122365578273000,22.6,12,22.5,18,22.6,8,1,2022-08-10 09:06:05
1660122366077362000,22.6,10,22.5,18,22.6,1,1,2022-08-10 09:06:06
1660122367185619000,22.6,1,22.5,19,22.65,5,1,2022-08-10 09:06:07
1660122368059675000,22.6,3,22.55,2,22.6,1,2,2022-08-10 09:06:08
1660122369508713000,22.6,1,22.55,2,22.6,1,1,2022-08-10 09:06:09
1660122370746287000,22.6,1,22.55,12,22.6,2,1,2022-08-10 09:06:10
1660122370870984000,22.6,2,22.6,4,22.65,5,1,2022-08-10 09:06:10
1660122370891669000,22.6,4,22.55,15,22.65,5,2,2022-08-10 09:06:10
1660122371604772000,22.55,3,22.55,13,22.6,2,2,2022-08-10 09:06:11
1660122371604836000,22.55,1,22.55,12,22.6,1,2,2022-08-10 09:06:11
1660122372876639000,22.6,1,22.55,14,22.6,6,1,2022-08-10 09:06:12
1660122373572558000,22.6,2,22.55,16,22.6,5,1,2022-08-10 09:06:13
1660122374053107000,22.6,2,22.55,16,22.6,8,1,2022-08-10 09:06:14
1660122375632415000,22.55,11,22.55,12,22.6,10,2,2022-08-10 09:06:15
1660122375952646000,22.6,10,22.55,12,22.6,10,1,2022-08-10 09:06:15
1660122376444035000,22.6,5,22.6,11,22.65,9,2,2022-08-10 09:06:16
1660122376715384000,22.6,5,22.6,1,22.65,9,2,2022-08-10 09:06:16
1660122377151728000,22.65,1,22.6,2,22.65,8,1,2022-08-10 09:06:17
1660122377537261000,22.65,1,22.6,2,22.65,7,1,2022-08-10 09:06:17
1660122378491296000,22.6,1,22.6,2,22.65,7,2,2022-08-10 09:06:18
1660122379081473000,22.6,1,22.6,11,22.65,7,2,2022-08-10 09:06:19
1660122379840124000,22.65,3,22.6,11,22.65,4,1,2022-08-10 09:06:19
1660122380263883000,22.65,2,22.6,11,22.65,2,1,2022-08-10 09:06:20
1660122380729581000,22.65,2,22.6,13,22.7,2,1,2022-08-10 09:06:20
1660122380729581000,22.7,3,22.6,13,22.7,2,1,2022-08-10 09:06:20
1660122381282018000,22.65,1,22.65,1,22.7,2,1,2022-08-10 09:06:21
1660122382901606000,22.7,2,22.65,6,22.7,3,1,2022-08-10 09:06:22
1660122383735917000,22.7,1,22.65,16,22.8,19,1,2022-08-10 09:06:23
1660122383735917000,22.75,8,22.65,16,22.8,19,1,2022-08-10 09:06:23
1660122384119399000,22.7,1,22.65,17,22.75,20,2,2022-08-10 09:06:24
1660122384534565000,22.75,6,22.7,10,22.75,14,1,2022-08-10 09:06:24
1660122385878306000,22.75,10,22.7,11,22.75,14,1,2022-08-10 09:06:25
1660122386156940000,22.7,1,22.7,10,22.75,4,2,2022-08-10 09:06:26
1660122386350065000,22.7,1,22.65,26,22.75,4,2,2022-08-10 09:06:26
1660122387132145000,22.7,1,22.65,25,22.7,2,2,2022-08-10 09:06:27
1660122387840776000,22.7,1,22.65,25,22.7,1,1,2022-08-10 09:06:27
1660122388200483000,22.7,2,22.65,25,22.7,1,1,2022-08-10 09:06:28
1660122388325567000,22.7,1,22.65,25,22.8,19,1,2022-08-10 09:06:28
1660122388325567000,22.75,4,22.65,25,22.8,19,1,2022-08-10 09:06:28
1660122389176204000,22.75,3,22.65,25,22.75,4,1,2022-08-10 09:06:29
1660122389187702000,22.75,2,22.65,25,22.75,2,1,2022-08-10 09:06:29
1660122389392658000,22.75,1,22.7,4,22.75,3,1,2022-08-10 09:06:29
1660122389853938000,22.7,4,22.65,25,22.75,22,2,2022-08-10 09:06:29
1660122390028366000,22.65,17,22.65,8,22.75,42,2,2022-08-10 09:06:30
1660122390141174000,22.75,1,22.65,8,22.75,61,1,2022-08-10 09:06:30
1660122390278857000,22.75,1,22.65,8,22.75,80,1,2022-08-10 09:06:30
1660122390639681000,22.7,1,22.65,8,22.7,39,1,2022-08-10 09:06:30
1660122390796147000,22.7,1,22.65,8,22.7,58,1,2022-08-10 09:06:30
1660122390808330000,22.7,1,22.65,8,22.7,57,1,2022-08-10 09:06:30
1660122390862357000,22.65,8,22.6,19,22.65,2,2,2022-08-10 09:06:30
1660122391302121000,22.6,10,22.6,9,22.65,13,2,2022-08-10 09:06:31
1660122391447605000,22.6,1,22.6,8,22.65,13,2,2022-08-10 09:06:31
1660122391717996000,22.65,1,22.6,8,22.65,12,1,2022-08-10 09:06:31
1660122391737293000,22.6,1,22.6,7,22.65,13,2,2022-08-10 09:06:31
1660122391891473000,22.6,1,22.6,6,22.65,13,2,2022-08-10 09:06:31
1660122392085309000,22.6,1,22.6,5,22.65,15,2,2022-08-10 09:06:32
1660122392443352000,22.6,5,22.55,11,22.65,15,2,2022-08-10 09:06:32
1660122392534509000,22.6,1,22.55,11,22.65,12,1,2022-08-10 09:06:32
1660122392534509000,22.65,3,22.55,11,22.65,12,1,2022-08-10 09:06:32
1660122392759692000,22.6,1,22.55,11,22.65,12,1,2022-08-10 09:06:32
1660122392759692000,22.65,1,22.55,11,22.65,12,1,2022-08-10 09:06:32
1660122392832709000,22.65,1,22.55,11,22.65,12,1,2022-08-10 09:06:32
1660122392952473000,22.65,3,22.55,11,22.65,8,1,2022-08-10 09:06:32
1660122393114944000,22.55,11,22.5,27,22.6,4,2,2022-08-10 09:06:33
1660122393114944000,22.5,9,22.5,27,22.6,4,2,2022-08-10 09:06:33
1660122393790034000,22.6,3,22.5,28,22.6,3,1,2022-08-10 09:06:33
1660122393992040000,22.55,1,22.5,28,22.55,1,1,2022-08-10 09:06:33
1660122394015308000,22.55,1,22.6,1,22.65,9,1,2022-08-10 09:06:34
1660122394015308000,22.6,3,22.6,1,22.65,9,1,2022-08-10 09:06:34
1660122394274752000,22.65,1,22.6,1,22.65,8,1,2022-08-10 09:06:34
1660122394428119000,22.6,1,22.6,1,22.65,8,2,2022-08-10 09:06:34
1660122394428119000,22.5,28,22.6,1,22.65,8,2,2022-08-10 09:06:34
1660122394428119000,22.45,4,22.6,1,22.65,8,2,2022-08-10 09:06:34
1660122394428119000,22.4,17,22.6,1,22.65,8,2,2022-08-10 09:06:34
1660122394464508000,22.6,1,22.4,18,22.6,1,1,2022-08-10 09:06:34
1660122394492412000,22.4,1,22.4,17,22.6,3,2,2022-08-10 09:06:34
1660122395018633000,22.6,2,22.45,1,22.6,1,1,2022-08-10 09:06:35
1660122395093177000,22.6,1,22.45,1,22.65,21,1,2022-08-10 09:06:35
1660122396188034000,22.6,1,22.45,4,22.6,5,1,2022-08-10 09:06:36
1660122396441626000,22.45,1,22.45,4,22.6,5,2,2022-08-10 09:06:36
1660122396484838000,22.6,1,22.45,3,22.6,4,1,2022-08-10 09:06:36
1660122396523609000,22.6,1,22.45,3,22.6,3,1,2022-08-10 09:06:36
1660122396666818000,22.6,3,22.45,3,22.65,5,1,2022-08-10 09:06:36
1660122396666818000,22.65,2,22.45,3,22.65,5,1,2022-08-10 09:06:36
1660122396698539000,22.65,1,22.5,2,22.65,4,1,2022-08-10 09:06:36
1660122397466895000,22.6,1,22.5,1,22.6,1,1,2022-08-10 09:06:37
1660122397866145000,22.5,4,22.5,13,22.6,2,2,2022-08-10 09:06:37
1660122398475672000,22.6,1,22.5,10,22.6,2,1,2022-08-10 09:06:38
1660122398587013000,22.6,1,22.5,10,22.6,1,1,2022-08-10 09:06:38
1660122399527892000,22.55,1,22.5,10,22.6,4,1,2022-08-10 09:06:39
1660122401960303000,22.55,2,22.5,11,22.55,8,1,2022-08-10 09:06:41
1660122402324083000,22.55,8,22.55,2,22.6,8,1,2022-08-10 09:06:42
1660122402355717000,22.55,1,22.55,1,22.6,8,2,2022-08-10 09:06:42
1660122402357086000,22.55,1,22.5,21,22.6,8,2,2022-08-10 09:06:42
1660122402665084000,22.5,3,22.5,18,22.55,1,2,2022-08-10 09:06:42
1660122403104570000,22.5,2,22.5,16,22.55,1,2,2022-08-10 09:06:43
1660122403263155000,22.55,1,22.5,16,22.6,8,1,2022-08-10 09:06:43
1660122404092771000,22.55,1,22.55,2,22.6,8,2,2022-08-10 09:06:44
1660122406321901000,22.55,2,22.5,22,22.6,7,2,2022-08-10 09:06:46
1660122407003816000,22.6,1,22.5,27,22.6,7,1,2022-08-10 09:06:47
1660122407419819000,22.6,1,22.55,5,22.6,7,1,2022-08-10 09:06:47
1660122407575887000,22.55,1,22.55,4,22.6,6,2,2022-08-10 09:06:47
1660122408614660000,22.55,7,22.5,37,22.6,17,2,2022-08-10 09:06:48
1660122412026812000,22.55,8,22.5,37,22.6,19,2,2022-08-10 09:06:52
1660122412026812000,22.5,2,22.5,37,22.6,19,2,2022-08-10 09:06:52
1660122412770654000,22.55,1,22.5,37,22.6,19,2,2022-08-10 09:06:52
1660122413664948000,22.55,2,22.5,37,22.55,3,2,2022-08-10 09:06:53
1660122415169807000,22.55,2,22.5,37,22.55,6,1,2022-08-10 09:06:55
1660122415660845000,22.5,22,22.5,15,22.55,6,2,2022-08-10 09:06:55
1660122415684979000,22.5,1,22.5,14,22.55,6,2,2022-08-10 09:06:55
1660122415696563000,22.5,1,22.5,13,22.55,6,2,2022-08-10 09:06:55
1660122415850297000,22.5,2,22.5,11,22.55,6,2,2022-08-10 09:06:55
1660122416707029000,22.55,1,22.5,11,22.55,6,1,2022-08-10 09:06:56
1660122417058190000,22.5,11,22.45,53,22.55,5,2,2022-08-10 09:06:57
1660122417058190000,22.45,7,22.45,53,22.55,5,2,2022-08-10 09:06:57
1660122417289372000,22.5,1,22.45,53,22.55,5,1,2022-08-10 09:06:57
1660122418036022000,22.5,4,22.5,12,22.55,5,2,2022-08-10 09:06:58
1660122419076455000,22.55,5,22.55,5,22.6,20,1,2022-08-10 09:06:59
1660122419200283000,22.55,5,22.5,12,22.6,20,2,2022-08-10 09:06:59
1660122420413483000,22.5,1,22.5,13,22.6,20,2,2022-08-10 09:07:00
1660122421077732000,22.5,2,22.5,10,22.6,20,2,2022-08-10 09:07:01
1660122422757249000,22.55,5,22.5,11,22.6,20,2,2022-08-10 09:07:02
1660122422946376000,22.6,1,22.5,11,22.6,19,1,2022-08-10 09:07:02
1660122423319341000,22.5,6,22.5,7,22.55,1,2,2022-08-10 09:07:03
1660122423374122000,22.5,1,22.5,7,22.55,6,2,2022-08-10 09:07:03
1660122425656482000,22.5,5,22.5,18,22.55,6,2,2022-08-10 09:07:05
1660122426319742000,22.5,6,22.5,13,22.55,12,2,2022-08-10 09:07:06
1660122426708763000,22.55,1,22.5,14,22.55,11,1,2022-08-10 09:07:06
1660122427207386000,22.5,1,22.5,13,22.55,11,2,2022-08-10 09:07:07
1660122427317235000,22.5,1,22.5,12,22.55,11,2,2022-08-10 09:07:07
1660122427966047000,22.55,3,22.5,20,22.55,8,1,2022-08-10 09:07:07
1660122428302653000,22.5,5,22.5,15,22.55,8,2,2022-08-10 09:07:08
1660122428338013000,22.5,1,22.5,20,22.55,8,2,2022-08-10 09:07:08
1660122428462693000,22.55,8,22.55,1,22.6,24,1,2022-08-10 09:07:08
1660122429055885000,22.6,1,22.55,1,22.6,23,1,2022-08-10 09:07:09
1660122429729981000,22.55,1,22.5,16,22.6,23,2,2022-08-10 09:07:09
1660122429729981000,22.5,1,22.5,16,22.6,23,2,2022-08-10 09:07:09
1660122431834721000,22.55,1,22.5,23,22.6,23,2,2022-08-10 09:07:11
1660122431846144000,22.6,1,22.5,23,22.6,22,1,2022-08-10 09:07:11
1660122433059320000,22.6,1,22.5,23,22.6,21,1,2022-08-10 09:07:13
1660122435119033000,22.6,15,22.55,6,22.6,11,1,2022-08-10 09:07:15
1660122435736273000,22.6,11,22.65,3,22.7,13,1,2022-08-10 09:07:15
1660122435736273000,22.65,6,22.65,3,22.7,13,1,2022-08-10 09:07:15
1660122435781456000,22.65,2,22.65,1,22.7,13,2,2022-08-10 09:07:15
1660122435879991000,22.65,1,22.55,6,22.7,13,2,2022-08-10 09:07:15
1660122436677269000,22.6,4,22.55,7,22.7,13,2,2022-08-10 09:07:16
1660122436677269000,22.55,1,22.55,7,22.7,13,2,2022-08-10 09:07:16
1660122441730250000,22.65,3,22.55,22,22.7,11,1,2022-08-10 09:07:21
1660122441730250000,22.7,2,22.55,22,22.7,11,1,2022-08-10 09:07:21
1660122441807103000,22.55,24,22.5,20,22.7,11,2,2022-08-10 09:07:21
1660122441807103000,22.5,16,22.5,20,22.7,11,2,2022-08-10 09:07:21
1660122443821757000,22.65,2,22.6,10,22.65,3,1,2022-08-10 09:07:23
1660122447115871000,22.6,15,22.55,8,22.6,5,2,2022-08-10 09:07:27
1660122447842372000,22.6,1,22.55,10,22.6,5,1,2022-08-10 09:07:27
1660122447950934000,22.6,1,22.55,10,22.6,3,1,2022-08-10 09:07:27
1660122449916169000,22.6,1,22.55,10,22.6,2,1,2022-08-10 09:07:29
1660122451964546000,22.6,1,22.55,21,22.6,1,1,2022-08-10 09:07:31
1660122452095270000,22.6,1,22.55,21,22.65,4,1,2022-08-10 09:07:32
1660122452095270000,22.65,1,22.55,21,22.65,4,1,2022-08-10 09:07:32
1660122452798702000,22.65,2,22.55,22,22.65,2,1,2022-08-10 09:07:32
1660122453895031000,22.65,1,22.6,1,22.65,1,1,2022-08-10 09:07:33
1660122455538376000,22.65,1,22.6,11,22.7,11,1,2022-08-10 09:07:35
1660122458633265000,22.65,2,22.65,13,22.7,11,1,2022-08-10 09:07:38
1660122459863885000,22.7,10,22.65,13,22.7,1,1,2022-08-10 09:07:39
1660122460783567000,22.7,1,22.65,26,22.75,3,1,2022-08-10 09:07:40
1660122461739965000,22.75,2,22.65,26,22.8,32,1,2022-08-10 09:07:41
1660122462805478000,22.8,5,22.65,13,22.8,27,1,2022-08-10 09:07:42
1660122462998435000,22.8,5,22.65,13,22.8,22,1,2022-08-10 09:07:42
1660122463000680000,22.8,22,22.65,13,22.85,24,1,2022-08-10 09:07:43
1660122463000680000,22.85,8,22.65,13,22.85,24,1,2022-08-10 09:07:43
1660122463029195000,22.85,4,22.7,1,22.85,20,1,2022-08-10 09:07:43
1660122463044706000,22.85,2,22.7,1,22.85,18,1,2022-08-10 09:07:43
1660122464320522000,22.85,1,22.75,1,22.85,17,1,2022-08-10 09:07:44
1660122464559842000,22.85,1,22.75,1,22.85,16,1,2022-08-10 09:07:44
1660122464566291000,22.85,5,22.75,1,22.85,11,1,2022-08-10 09:07:44
1660122467037433000,22.85,1,22.75,1,22.85,11,1,2022-08-10 09:07:47
1660122467662074000,22.85,1,22.75,2,22.85,25,1,2022-08-10 09:07:47
1660122468372185000,22.75,2,22.7,1,22.8,10,2,2022-08-10 09:07:48
1660122469442235000,22.8,4,22.75,7,22.8,67,1,2022-08-10 09:07:49
1660122469792058000,22.75,5,22.75,7,22.8,2,2,2022-08-10 09:07:49
1660122469965796000,22.8,2,22.75,2,22.85,31,1,2022-08-10 09:07:49
1660122471037329000,22.85,1,22.75,2,22.85,30,1,2022-08-10 09:07:51
1660122473324296000,22.75,1,22.75,5,22.8,5,2,2022-08-10 09:07:53
1660122474589355000,22.8,1,22.75,4,22.8,15,1,2022-08-10 09:07:54
1660122475056438000,22.75,1,22.75,3,22.8,14,2,2022-08-10 09:07:55
1660122475572820000,22.8,1,22.75,3,22.8,13,1,2022-08-10 09:07:55
1660122475603172000,22.75,3,22.7,10,22.8,13,2,2022-08-10 09:07:55
1660122476545401000,22.8,1,22.75,2,22.8,12,1,2022-08-10 09:07:56
1660122479974791000,22.75,1,22.75,3,22.8,14,2,2022-08-10 09:07:59
1660122480192331000,22.75,1,22.75,2,22.8,14,2,2022-08-10 09:08:00
1660122480226048000,22.75,2,22.7,14,22.8,14,2,2022-08-10 09:08:00
1660122481143802000,22.75,9,22.75,1,22.8,14,1,2022-08-10 09:08:01
1660122481158986000,22.8,5,22.75,1,22.8,9,1,2022-08-10 09:08:01
1660122481588812000,22.75,1,22.7,14,22.75,3,2,2022-08-10 09:08:01
1660122482636211000,22.75,2,22.7,14,22.75,3,1,2022-08-10 09:08:02
1660122483360734000,22.75,1,22.7,16,22.75,6,1,2022-08-10 09:08:03
1660122483956023000,22.75,1,22.7,16,22.75,25,1,2022-08-10 09:08:03
1660122483972095000,22.75,1,22.7,16,22.75,23,1,2022-08-10 09:08:03
1660122484044762000,22.7,1,22.7,15,22.75,23,2,2022-08-10 09:08:04
1660122484476482000,22.75,1,22.7,15,22.75,34,1,2022-08-10 09:08:04
1660122485725946000,22.7,3,22.7,12,22.75,34,2,2022-08-10 09:08:05
1660122486601963000,22.7,5,22.7,7,22.75,36,2,2022-08-10 09:08:06
1660122486862755000,22.7,5,22.7,2,22.75,36,2,2022-08-10 09:08:06
1660122486892001000,22.7,1,22.7,1,22.75,36,2,2022-08-10 09:08:06
1660122487215182000,22.7,1,22.6,22,22.65,8,2,2022-08-10 09:08:07
1660122487215182000,22.65,21,22.6,22,22.65,8,2,2022-08-10 09:08:07
1660122487257796000,22.6,1,22.6,21,22.65,8,2,2022-08-10 09:08:07
1660122487282215000,22.6,1,22.6,20,22.65,8,2,2022-08-10 09:08:07
1660122487396762000,22.65,2,22.6,20,22.65,6,1,2022-08-10 09:08:07
1660122487436868000,22.65,1,22.6,20,22.65,5,1,2022-08-10 09:08:07
1660122487466485000,22.65,1,22.6,21,22.65,8,1,2022-08-10 09:08:07
1660122488039139000,22.65,4,22.6,20,22.7,18,1,2022-08-10 09:08:08
1660122488039139000,22.7,6,22.6,20,22.7,18,1,2022-08-10 09:08:08
1660122488209113000,22.6,1,22.6,19,22.65,1,2,2022-08-10 09:08:08
1660122488387592000,22.65,1,22.6,19,22.7,18,1,2022-08-10 09:08:08
1660122488631105000,22.7,1,22.6,19,22.7,18,1,2022-08-10 09:08:08
1660122489019614000,22.65,1,22.6,19,22.7,17,1,2022-08-10 09:08:09
1660122489019614000,22.7,1,22.6,19,22.7,17,1,2022-08-10 09:08:09
1660122491271340000,22.6,2,22.6,21,22.65,1,2,2022-08-10 09:08:11
1660122492589911000,22.65,1,22.6,19,22.7,13,1,2022-08-10 09:08:12
1660122492589911000,22.7,1,22.6,19,22.7,13,1,2022-08-10 09:08:12
1660122492743862000,22.65,1,22.6,19,22.7,13,2,2022-08-10 09:08:12
1660122497444980000,22.65,4,22.65,8,22.7,16,2,2022-08-10 09:08:17
1660122497498335000,22.65,1,22.65,12,22.7,16,2,2022-08-10 09:08:17
1660122499372921000,22.65,1,22.65,8,22.7,6,2,2022-08-10 09:08:19
1660122502895565000,22.7,1,22.65,10,22.7,5,1,2022-08-10 09:08:22
1660122503212607000,22.7,2,22.65,11,22.7,3,1,2022-08-10 09:08:23
1660122505183243000,22.65,2,22.65,9,22.7,6,2,2022-08-10 09:08:25
1660122507899091000,22.65,1,22.65,22,22.7,7,2,2022-08-10 09:08:27
1660122511381019000,22.7,9,22.7,1,22.75,23,1,2022-08-10 09:08:31
1660122513993999000,22.7,1,22.65,27,22.7,1,2,2022-08-10 09:08:33
1660122516161983000,22.7,1,22.65,27,22.7,2,1,2022-08-10 09:08:36
1660122516283024000,22.7,1,22.65,27,22.7,1,1,2022-08-10 09:08:36
1660122518475265000,22.7,2,22.7,8,22.75,28,1,2022-08-10 09:08:38
1660122518534741000,22.7,1,22.7,8,22.75,28,2,2022-08-10 09:08:38
1660122518981474000,22.75,1,22.7,9,22.75,27,1,2022-08-10 09:08:38
1660122519715193000,22.7,4,22.7,5,22.75,23,2,2022-08-10 09:08:39
1660122520308983000,22.7,1,22.7,4,22.75,23,2,2022-08-10 09:08:40
1660122520841921000,22.75,10,22.7,4,22.75,13,1,2022-08-10 09:08:40
1660122521597016000,22.7,10,22.65,21,22.75,14,2,2022-08-10 09:08:41
1660122521597016000,22.65,5,22.65,21,22.75,14,2,2022-08-10 09:08:41
1660122522015083000,22.7,1,22.65,21,22.8,19,1,2022-08-10 09:08:42
1660122522015083000,22.75,14,22.65,21,22.8,19,1,2022-08-10 09:08:42
1660122522015083000,22.8,5,22.65,21,22.8,19,1,2022-08-10 09:08:42
1660122522967824000,22.7,5,22.7,9,22.8,19,2,2022-08-10 09:08:42
1660122523840316000,22.8,1,22.7,14,22.8,18,1,2022-08-10 09:08:43
1660122523920709000,22.7,10,22.7,4,22.8,18,2,2022-08-10 09:08:43
1660122526170532000,22.75,1,22.7,5,22.75,1,1,2022-08-10 09:08:46
1660122527134706000,22.7,1,22.7,4,22.75,1,2,2022-08-10 09:08:47
1660122527449522000,22.7,2,22.7,12,22.75,1,2,2022-08-10 09:08:47
1660122528443124000,22.75,1,22.7,12,22.8,20,1,2022-08-10 09:08:48
1660122530413760000,22.75,2,22.75,18,22.8,21,2,2022-08-10 09:08:50
1660122530477456000,22.75,5,22.75,13,22.8,21,2,2022-08-10 09:08:50
1660122532098272000,22.8,1,22.75,13,22.8,20,1,2022-08-10 09:08:52
1660122533307347000,22.8,1,22.75,14,22.8,20,1,2022-08-10 09:08:53
1660122535616984000,22.8,2,22.75,14,22.8,18,1,2022-08-10 09:08:55
1660122536150553000,22.75,1,22.75,14,22.8,18,2,2022-08-10 09:08:56
1660122541314812000,22.8,2,22.75,20,22.8,24,1,2022-08-10 09:09:01
1660122541725766000,22.8,1,22.75,20,22.8,23,1,2022-08-10 09:09:01
1660122542111783000,22.75,21,22.7,17,22.8,23,2,2022-08-10 09:09:02
1660122543748626000,22.75,1,22.7,18,22.75,4,1,2022-08-10 09:09:03
1660122544388269000,22.75,2,22.7,17,22.75,2,1,2022-08-10 09:09:04
1660122545926162000,22.75,10,22.7,17,22.75,12,1,2022-08-10 09:09:05
1660122546438249000,22.75,1,22.7,17,22.75,11,1,2022-08-10 09:09:06
1660122547395708000,22.75,3,22.7,17,22.75,9,1,2022-08-10 09:09:07
1660122549505520000,22.75,2,22.7,17,22.75,8,1,2022-08-10 09:09:09
1660122550202176000,22.75,1,22.7,16,22.75,7,1,2022-08-10 09:09:10
1660122550590333000,22.75,5,22.7,16,22.75,2,1,2022-08-10 09:09:10
1660122550620732000,22.75,2,22.7,16,22.8,24,1,2022-08-10 09:09:10
1660122551705292000,22.75,1,22.75,6,22.8,24,2,2022-08-10 09:09:11
1660122554605922000,22.8,24,22.75,7,22.8,24,1,2022-08-10 09:09:14
1660122554764140000,22.75,1,22.75,6,22.85,16,2,2022-08-10 09:09:14
1660122555439261000,22.85,10,22.75,8,22.85,6,1,2022-08-10 09:09:15
1660122556663452000,22.85,2,22.8,9,22.85,4,1,2022-08-10 09:09:16
1660122557306624000,22.85,3,22.8,9,22.85,1,1,2022-08-10 09:09:17
1660122558005934000,22.85,1,22.8,9,22.9,65,1,2022-08-10 09:09:18
1660122559541332000,22.9,2,22.8,9,22.9,63,1,2022-08-10 09:09:19
1660122559735605000,22.9,5,22.8,9,22.9,58,1,2022-08-10 09:09:19
1660122559759366000,22.9,30,22.8,9,22.9,28,1,2022-08-10 09:09:19
1660122561198411000,22.85,1,22.8,9,22.9,28,1,2022-08-10 09:09:21
1660122561308096000,22.9,10,22.8,9,22.9,28,1,2022-08-10 09:09:21
1660122562301016000,22.9,1,22.8,9,22.9,17,1,2022-08-10 09:09:22
1660122563312908000,22.85,1,22.8,9,22.9,17,2,2022-08-10 09:09:23
1660122563717837000,22.9,5,22.8,9,22.9,12,1,2022-08-10 09:09:23
1660122564078302000,22.9,5,22.8,9,22.9,7,1,2022-08-10 09:09:24
1660122564441086000,22.9,3,22.8,9,22.9,4,1,2022-08-10 09:09:24
1660122565112342000,22.85,2,22.8,9,22.85,3,1,2022-08-10 09:09:25
1660122565680083000,22.85,3,22.8,9,22.95,17,1,2022-08-10 09:09:25
1660122565680083000,22.9,4,22.8,9,22.95,17,1,2022-08-10 09:09:25
1660122565680083000,22.95,3,22.8,9,22.95,17,1,2022-08-10 09:09:25
1660122565844784000,22.95,6,22.8,9,22.95,17,1,2022-08-10 09:09:25
1660122568962815000,22.95,5,22.9,1,22.95,6,1,2022-08-10 09:09:28
1660122570357683000,22.95,4,22.9,2,22.95,2,1,2022-08-10 09:09:30
1660122570453276000,22.9,1,22.9,1,22.95,2,2,2022-08-10 09:09:30
1660122570921102000,22.95,2,22.9,1,23.0,87,1,2022-08-10 09:09:30
1660122572078976000,22.95,1,22.9,1,22.95,2,1,2022-08-10 09:09:32
1660122572691185000,22.95,1,22.9,6,23.0,87,1,2022-08-10 09:09:32
1660122574474372000,22.95,1,22.9,6,22.95,4,1,2022-08-10 09:09:34
1660122574641458000,22.95,1,22.9,6,22.95,2,1,2022-08-10 09:09:34
1660122574802893000,22.95,1,22.9,6,22.95,1,1,2022-08-10 09:09:34
1660122576140149000,22.95,1,22.9,7,22.95,1,1,2022-08-10 09:09:36
1660122576610906000,22.95,1,22.9,7,23.0,86,1,2022-08-10 09:09:36
1660122577429691000,22.95,2,22.9,8,22.95,12,1,2022-08-10 09:09:37
1660122578429243000,22.95,1,22.9,8,22.95,10,1,2022-08-10 09:09:38
1660122579000713000,22.95,2,22.9,8,22.95,6,1,2022-08-10 09:09:39
1660122579978034000,22.95,1,22.9,8,22.95,9,1,2022-08-10 09:09:39
1660122580409683000,22.95,1,22.9,10,22.95,9,1,2022-08-10 09:09:40
1660122582473887000,22.95,2,22.9,13,22.95,7,1,2022-08-10 09:09:42
1660122582716275000,22.95,1,22.9,13,22.95,6,1,2022-08-10 09:09:42
1660122583537567000,22.95,5,22.9,14,22.95,7,1,2022-08-10 09:09:43
1660122584351659000,22.95,1,22.9,14,22.95,7,1,2022-08-10 09:09:44
1660122584494912000,22.95,1,22.9,14,22.95,6,1,2022-08-10 09:09:44
1660122584613678000,22.95,1,22.9,14,22.95,5,1,2022-08-10 09:09:44
1660122584862648000,22.95,1,22.9,15,22.95,8,1,2022-08-10 09:09:44
1660122584905112000,22.95,5,22.9,15,22.95,9,1,2022-08-10 09:09:44
1660122585798599000,22.95,5,22.9,15,23.0,70,1,2022-08-10 09:09:45
1660122586764361000,22.9,1,22.9,14,22.95,5,2,2022-08-10 09:09:46
1660122587014673000,22.95,2,22.9,14,22.95,3,1,2022-08-10 09:09:47
1660122587105375000,22.95,1,22.9,14,22.95,2,1,2022-08-10 09:09:47
1660122588146109000,22.9,14,22.85,8,22.9,35,2,2022-08-10 09:09:48
1660122588343969000,22.9,1,22.85,8,22.9,34,1,2022-08-10 09:09:48
1660122588907025000,22.85,8,22.8,23,22.85,2,2,2022-08-10 09:09:48
1660122588941750000,22.8,1,22.8,22,22.85,2,2,2022-08-10 09:09:48
1660122589352314000,22.85,1,22.8,22,22.85,1,1,2022-08-10 09:09:49
1660122590728632000,22.85,3,22.8,26,22.85,14,1,2022-08-10 09:09:50
1660122591942355000,22.85,1,22.8,26,22.85,13,1,2022-08-10 09:09:51
1660122594116309000,22.85,1,22.8,26,22.85,12,1,2022-08-10 09:09:54
1660122594455701000,22.85,1,22.8,26,22.85,11,1,2022-08-10 09:09:54
1660122597006498000,22.85,2,22.8,28,22.85,4,1,2022-08-10 09:09:57
1660122597700706000,22.85,1,22.8,28,22.85,6,1,2022-08-10 09:09:57
1660122598296638000,22.8,3,22.8,25,22.85,6,2,2022-08-10 09:09:58
1660122599109955000,22.85,1,22.8,25,22.85,7,1,2022-08-10 09:09:59
1660122599225194000,22.85,1,22.8,25,22.85,5,1,2022-08-10 09:09:59
1660122599988477000,22.85,5,22.8,25,22.9,45,1,2022-08-10 09:09:59
1660122601482520000,22.8,2,22.8,23,22.85,3,2,2022-08-10 09:10:01
1660122601543581000,22.8,5,22.8,18,22.85,3,2,2022-08-10 09:10:01
1660122601582229000,22.8,1,22.8,17,22.85,3,2,2022-08-10 09:10:01
1660122601707711000,22.85,3,22.8,17,22.9,45,1,2022-08-10 09:10:01
1660122603895357000,22.85,1,22.8,19,22.85,5,1,2022-08-10 09:10:03
1660122604960725000,22.8,1,22.8,23,22.85,10,2,2022-08-10 09:10:04
1660122605028159000,22.8,1,22.8,22,22.85,10,2,2022-08-10 09:10:05
1660122605670445000,22.85,1,22.8,22,22.85,9,1,2022-08-10 09:10:05
1660122606162678000,22.85,2,22.8,22,22.85,7,1,2022-08-10 09:10:06
1660122608809899000,22.8,5,22.8,16,22.85,20,2,2022-08-10 09:10:08
1660122608834880000,22.8,1,22.8,15,22.85,20,2,2022-08-10 09:10:08
1660122608895292000,22.8,6,22.8,9,22.85,20,2,2022-08-10 09:10:08
1660122608923507000,22.8,1,22.8,8,22.85,20,2,2022-08-10 09:10:08
1660122608954658000,22.8,1,22.8,7,22.85,20,2,2022-08-10 09:10:08
1660122608989693000,22.85,2,22.8,21,22.85,20,1,2022-08-10 09:10:08
1660122610123663000,22.8,5,22.8,2,22.85,19,2,2022-08-10 09:10:10
1660122610138914000,22.8,2,22.8,7,22.85,19,2,2022-08-10 09:10:10
1660122610172042000,22.75,1,22.75,26,22.8,13,2,2022-08-10 09:10:10
1660122610497817000,22.8,5,22.75,26,22.8,13,1,2022-08-10 09:10:10
1660122610825551000,22.75,3,22.75,23,22.8,11,2,2022-08-10 09:10:10
1660122612002625000,22.75,1,22.75,22,22.8,21,2,2022-08-10 09:10:12
1660122613495612000,22.75,3,22.75,27,22.8,26,2,2022-08-10 09:10:13
1660122613786219000,22.75,1,22.75,23,22.8,26,2,2022-08-10 09:10:13
1660122614319816000,22.75,20,22.75,3,22.8,26,2,2022-08-10 09:10:14
1660122614344459000,22.75,1,22.75,2,22.8,26,2,2022-08-10 09:10:14
1660122614351688000,22.75,1,22.75,1,22.8,21,2,2022-08-10 09:10:14
1660122614786938000,22.75,1,22.7,59,22.8,26,2,2022-08-10 09:10:14
1660122616112086000,22.75,2,22.7,59,22.75,10,1,2022-08-10 09:10:16
1660122616232700000,22.75,1,22.7,59,22.75,7,1,2022-08-10 09:10:16
1660122616981864000,22.7,1,22.7,58,22.75,7,2,2022-08-10 09:10:16
1660122617143089000,22.7,2,22.7,56,22.75,7,2,2022-08-10 09:10:17
1660122617350868000,22.75,5,22.7,56,22.75,2,1,2022-08-10 09:10:17
1660122617390606000,22.7,1,22.7,55,22.75,2,2,2022-08-10 09:10:17
1660122617395841000,22.7,1,22.7,54,22.75,2,2,2022-08-10 09:10:17
1660122617453918000,22.7,1,22.7,53,22.75,2,2,2022-08-10 09:10:17
1660122617929671000,22.7,2,22.7,51,22.75,2,2,2022-08-10 09:10:17
1660122618014049000,22.75,2,22.7,51,22.8,25,1,2022-08-10 09:10:18
1660122618204841000,22.7,5,22.7,46,22.8,25,2,2022-08-10 09:10:18
1660122622113246000,22.75,5,22.75,13,22.8,25,2,2022-08-10 09:10:22
1660122624413005000,22.75,2,22.75,8,22.8,26,2,2022-08-10 09:10:24
1660122626418995000,22.75,7,22.7,46,22.75,3,2,2022-08-10 09:10:26
1660122626453218000,22.7,1,22.7,45,22.75,3,2,2022-08-10 09:10:26
1660122626632376000,22.75,1,22.7,45,22.75,3,1,2022-08-10 09:10:26
1660122626996315000,22.75,5,22.7,45,22.75,48,1,2022-08-10 09:10:26
1660122627026307000,22.7,1,22.7,44,22.75,48,2,2022-08-10 09:10:27
1660122627480388000,22.75,1,22.7,44,22.75,57,1,2022-08-10 09:10:27
1660122627503780000,22.7,40,22.7,4,22.75,57,2,2022-08-10 09:10:27
1660122627549773000,22.7,1,22.7,3,22.75,57,2,2022-08-10 09:10:27
1660122627550254000,22.7,1,22.7,2,22.75,57,2,2022-08-10 09:10:27
1660122627556249000,22.7,1,22.7,1,22.75,57,2,2022-08-10 09:10:27
1660122627564810000,22.7,1,22.65,13,22.75,57,2,2022-08-10 09:10:27
1660122629770165000,22.7,1,22.65,13,22.7,15,1,2022-08-10 09:10:29
1660122629856584000,22.65,10,22.65,3,22.7,15,2,2022-08-10 09:10:29
1660122629910872000,22.65,1,22.65,2,22.7,15,2,2022-08-10 09:10:29
1660122631176847000,22.65,1,22.65,4,22.7,95,2,2022-08-10 09:10:31
1660122631333245000,22.65,1,22.65,2,22.7,95,2,2022-08-10 09:10:31
1660122631886855000,22.65,1,22.65,1,22.7,95,2,2022-08-10 09:10:31
1660122632489789000,22.65,1,22.6,66,22.7,96,2,2022-08-10 09:10:32
1660122633578315000,22.65,5,22.6,65,22.65,1,1,2022-08-10 09:10:33
1660122633631257000,22.6,2,22.6,63,22.65,1,2,2022-08-10 09:10:33
1660122633663209000,22.6,1,22.6,65,22.65,6,2,2022-08-10 09:10:33
1660122633932667000,22.65,1,22.65,2,22.7,96,1,2022-08-10 09:10:33
1660122634416007000,22.65,2,22.6,62,22.65,18,2,2022-08-10 09:10:34
1660122634627704000,22.65,1,22.6,62,22.65,18,1,2022-08-10 09:10:34
1660122634733268000,22.65,1,22.6,62,22.65,16,1,2022-08-10 09:10:34
1660122635399258000,22.6,1,22.6,61,22.65,16,2,2022-08-10 09:10:35
1660122635422719000,22.65,1,22.6,61,22.65,15,1,2022-08-10 09:10:35
1660122635465564000,22.6,1,22.6,60,22.65,15,2,2022-08-10 09:10:35
1660122636511932000,22.6,2,22.6,58,22.65,15,2,2022-08-10 09:10:36
1660122637456019000,22.65,1,22.6,59,22.65,14,1,2022-08-10 09:10:37
1660122638178147000,22.65,1,22.6,59,22.65,13,1,2022-08-10 09:10:38
1660122642085912000,22.6,3,22.6,58,22.65,15,2,2022-08-10 09:10:42
1660122642088695000,22.6,1,22.6,57,22.65,15,2,2022-08-10 09:10:42
1660122642338492000,22.6,1,22.6,56,22.65,16,2,2022-08-10 09:10:42
1660122642960168000,22.65,1,22.6,56,22.65,15,1,2022-08-10 09:10:42
1660122643205164000,22.6,1,22.6,55,22.65,15,2,2022-08-10 09:10:43
1660122643223671000,22.6,1,22.6,54,22.65,15,2,2022-08-10 09:10:43
1660122644639255000,22.65,1,22.6,42,22.65,14,1,2022-08-10 09:10:44
1660122644987207000,22.6,1,22.6,41,22.65,14,2,2022-08-10 09:10:44
1660122645691710000,22.6,12,22.6,29,22.65,14,2,2022-08-10 09:10:45
1660122645729491000,22.6,1,22.6,28,22.65,14,2,2022-08-10 09:10:45
1660122645730737000,22.6,1,22.6,27,22.65,14,2,2022-08-10 09:10:45
1660122645757745000,22.6,1,22.6,26,22.65,14,2,2022-08-10 09:10:45
1660122645815040000,22.6,1,22.6,25,22.65,14,2,2022-08-10 09:10:45
1660122646332624000,22.6,10,22.6,15,22.65,14,2,2022-08-10 09:10:46
1660122646775715000,22.6,10,22.6,5,22.65,14,2,2022-08-10 09:10:46
1660122646782530000,22.6,5,22.55,36,22.65,14,2,2022-08-10 09:10:46
1660122649341595000,22.55,5,22.55,31,22.6,81,2,2022-08-10 09:10:49
1660122651726677000,22.6,1,22.55,33,22.6,80,1,2022-08-10 09:10:51
1660122651776636000,22.55,1,22.55,32,22.6,80,2,2022-08-10 09:10:51
1660122652461435000,22.6,1,22.55,32,22.6,79,1,2022-08-10 09:10:52
1660122652577606000,22.55,1,22.55,31,22.6,79,2,2022-08-10 09:10:52
1660122653501305000,22.6,2,22.55,38,22.6,79,1,2022-08-10 09:10:53
1660122655825002000,22.55,1,22.55,42,22.6,77,2,2022-08-10 09:10:55
1660122657393764000,22.6,5,22.55,42,22.6,72,1,2022-08-10 09:10:57
1660122657431659000,22.55,1,22.55,41,22.6,72,2,2022-08-10 09:10:57
1660122657449273000,22.55,1,22.55,40,22.6,72,2,2022-08-10 09:10:57
1660122658101719000,22.6,1,22.55,40,22.6,71,1,2022-08-10 09:10:58
1660122658132766000,22.55,1,22.55,39,22.6,71,2,2022-08-10 09:10:58
1660122660776430000,22.55,14,22.55,27,22.6,71,2,2022-08-10 09:11:00
1660122660814836000,22.55,1,22.55,41,22.6,71,2,2022-08-10 09:11:00
1660122661501921000,22.55,1,22.55,26,22.6,72,2,2022-08-10 09:11:01
1660122663810335000,22.55,1,22.55,30,22.6,72,2,2022-08-10 09:11:03
1660122664007955000,22.55,2,22.55,29,22.6,72,2,2022-08-10 09:11:04
1660122664048257000,22.55,1,22.55,28,22.6,72,2,2022-08-10 09:11:04
1660122664051084000,22.55,1,22.55,27,22.6,72,2,2022-08-10 09:11:04
1660122664400450000,22.55,1,22.55,27,22.6,72,2,2022-08-10 09:11:04
1660122664834136000,22.55,1,22.55,26,22.6,72,2,2022-08-10 09:11:04
1660122665040928000,22.55,1,22.55,25,22.6,72,2,2022-08-10 09:11:05
1660122666555630000,22.6,1,22.55,48,22.6,71,1,2022-08-10 09:11:06
1660122667542760000,22.6,5,22.55,48,22.6,66,1,2022-08-10 09:11:07
1660122669254843000,22.6,1,22.55,48,22.6,65,1,2022-08-10 09:11:09
1660122670153812000,22.55,1,22.55,47,22.6,65,2,2022-08-10 09:11:10
1660122675255447000,22.55,15,22.55,42,22.6,65,2,2022-08-10 09:11:15
1660122675279994000,22.55,1,22.55,41,22.6,65,2,2022-08-10 09:11:15
1660122677093235000,22.55,1,22.55,40,22.6,65,2,2022-08-10 09:11:17
1660122677144216000,22.55,2,22.55,38,22.6,65,2,2022-08-10 09:11:17
1660122677190396000,22.55,1,22.55,37,22.6,65,2,2022-08-10 09:11:17
1660122677699059000,22.55,2,22.55,35,22.6,65,2,2022-08-10 09:11:17
1660122678476260000,22.55,10,22.55,25,22.6,65,2,2022-08-10 09:11:18
1660122678518373000,22.55,14,22.55,11,22.6,65,2,2022-08-10 09:11:18
1660122678548025000,22.55,1,22.55,10,22.6,65,2,2022-08-10 09:11:18
1660122678583808000,22.55,2,22.55,8,22.6,65,2,2022-08-10 09:11:18
1660122678644522000,22.55,1,22.55,7,22.6,65,2,2022-08-10 09:11:18
1660122678644545000,22.55,1,22.55,6,22.6,65,2,2022-08-10 09:11:18
1660122679399835000,22.55,1,22.55,5,22.6,65,2,2022-08-10 09:11:19
1660122679427119000,22.55,1,22.55,4,22.6,65,2,2022-08-10 09:11:19
1660122679948596000,22.55,1,22.55,3,22.6,65,2,2022-08-10 09:11:19
1660122680350712000,22.55,2,22.55,1,22.6,65,2,2022-08-10 09:11:20
1660122680615037000,22.55,1,22.5,94,22.55,2,2,2022-08-10 09:11:20
1660122682194645000,22.55,1,22.5,94,22.55,16,1,2022-08-10 09:11:22
1660122682434788000,22.55,1,22.5,94,22.55,15,1,2022-08-10 09:11:22
1660122685463920000,22.55,1,22.5,96,22.55,14,1,2022-08-10 09:11:25
1660122685947857000,22.5,3,22.5,93,22.55,14,2,2022-08-10 09:11:25
1660122686472086000,22.55,2,22.5,93,22.55,14,1,2022-08-10 09:11:26
1660122686614799000,22.55,6,22.5,93,22.55,8,1,2022-08-10 09:11:26
1660122686655357000,22.5,1,22.5,93,22.55,14,2,2022-08-10 09:11:26
1660122693092295000,22.5,10,22.5,80,22.55,78,2,2022-08-10 09:11:33
1660122694157759000,22.5,1,22.5,71,22.55,78,2,2022-08-10 09:11:34
1660122694671847000,22.5,3,22.5,67,22.55,78,2,2022-08-10 09:11:34
1660122695470725000,22.5,10,22.5,57,22.55,78,2,2022-08-10 09:11:35
1660122695501275000,22.5,1,22.5,67,22.55,78,2,2022-08-10 09:11:35
1660122696531019000,22.5,1,22.5,56,22.55,79,2,2022-08-10 09:11:36
1660122696580181000,22.5,1,22.5,55,22.55,79,2,2022-08-10 09:11:36
1660122697239602000,22.5,10,22.5,45,22.55,79,2,2022-08-10 09:11:37
1660122697650823000,22.55,2,22.5,50,22.55,77,1,2022-08-10 09:11:37
1660122698963675000,22.5,1,22.5,48,22.55,77,2,2022-08-10 09:11:38
1660122699176041000,22.5,1,22.5,47,22.55,77,2,2022-08-10 09:11:39
1660122699448127000,22.5,5,22.5,42,22.55,77,2,2022-08-10 09:11:39
1660122699509947000,22.5,1,22.5,41,22.55,77,2,2022-08-10 09:11:39
1660122699755623000,22.5,10,22.5,31,22.55,77,2,2022-08-10 09:11:39
1660122699758369000,22.5,1,22.5,30,22.55,77,2,2022-08-10 09:11:39
1660122699798759000,22.5,1,22.5,29,22.55,77,2,2022-08-10 09:11:39
1660122699799009000,22.5,1,22.5,28,22.55,77,2,2022-08-10 09:11:39
1660122699799258000,22.5,1,22.5,27,22.55,77,2,2022-08-10 09:11:39
1660122700016860000,22.5,3,22.5,24,22.55,77,2,2022-08-10 09:11:40
1660122700451057000,22.5,1,22.5,23,22.55,77,2,2022-08-10 09:11:40
1660122701380346000,22.5,1,22.5,22,22.55,77,2,2022-08-10 09:11:41
1660122701392772000,22.5,22,22.45,30,22.5,42,2,2022-08-10 09:11:41
1660122701418793000,22.45,1,22.45,29,22.5,42,2,2022-08-10 09:11:41
1660122701449417000,22.45,1,22.45,29,22.5,43,2,2022-08-10 09:11:41
1660122701987741000,22.5,1,22.45,28,22.5,42,1,2022-08-10 09:11:41
1660122702921602000,22.5,1,22.45,28,22.5,43,1,2022-08-10 09:11:42
1660122703329586000,22.45,1,22.45,27,22.5,43,2,2022-08-10 09:11:43
1660122708495746000,22.45,1,22.45,27,22.5,46,2,2022-08-10 09:11:48
1660122708792068000,22.45,1,22.45,26,22.5,46,2,2022-08-10 09:11:48
1660122708794866000,22.45,1,22.45,25,22.5,46,2,2022-08-10 09:11:48
1660122708830009000,22.45,1,22.45,24,22.5,46,2,2022-08-10 09:11:48
1660122713149900000,22.5,10,22.45,24,22.5,40,1,2022-08-10 09:11:53
1660122713183144000,22.5,40,22.45,24,22.55,5,1,2022-08-10 09:11:53
1660122714995392000,22.5,1,22.5,4,22.55,5,1,2022-08-10 09:11:54
1660122717381891000,22.55,2,22.5,24,22.55,4,1,2022-08-10 09:11:57
1660122717448261000,22.55,1,22.5,25,22.55,4,1,2022-08-10 09:11:57
1660122717931805000,22.55,3,22.5,27,22.65,4,1,2022-08-10 09:11:57
1660122717931805000,22.6,2,22.5,27,22.65,4,1,2022-08-10 09:11:57
1660122721358741000,22.65,3,22.6,1,22.65,1,1,2022-08-10 09:12:01
1660122723503905000,22.6,1,22.55,12,22.6,4,2,2022-08-10 09:12:03
1660122724660001000,22.6,1,22.55,11,22.6,4,1,2022-08-10 09:12:04
1660122726705777000,22.6,3,22.6,1,22.65,2,1,2022-08-10 09:12:06
1660122726711234000,22.65,1,22.6,1,22.65,1,1,2022-08-10 09:12:06
1660122727767988000,22.65,1,22.6,1,22.7,6,1,2022-08-10 09:12:07
1660122727767988000,22.7,3,22.6,1,22.7,6,1,2022-08-10 09:12:07
1660122729735496000,22.7,1,22.6,1,22.7,4,1,2022-08-10 09:12:09
1660122734660499000,22.7,1,22.65,1,22.7,2,1,2022-08-10 09:12:14
1660122734842524000,22.7,1,22.65,1,22.7,1,1,2022-08-10 09:12:14
1660122736892034000,22.7,1,22.65,7,22.75,46,1,2022-08-10 09:12:16
1660122737276512000,22.7,1,22.65,7,22.7,2,1,2022-08-10 09:12:17
1660122737869185000,22.7,1,22.65,7,22.7,1,1,2022-08-10 09:12:17
1660122742026700000,22.7,5,22.65,10,22.7,1,1,2022-08-10 09:12:22
1660122743786672000,22.65,1,22.65,9,22.7,2,2,2022-08-10 09:12:23
1660122743827877000,22.7,1,22.65,9,22.7,1,1,2022-08-10 09:12:23
1660122744110479000,22.7,1,22.65,9,22.75,46,1,2022-08-10 09:12:24
1660122748429547000,22.7,1,22.7,2,22.75,46,2,2022-08-10 09:12:28
1660122759301540000,22.7,5,22.7,4,22.75,46,2,2022-08-10 09:12:39
1660122761041924000,22.7,1,22.7,8,22.75,46,2,2022-08-10 09:12:41
1660122761358026000,22.7,1,22.7,7,22.75,46,2,2022-08-10 09:12:41
1660122762416048000,22.75,2,22.7,7,22.75,44,1,2022-08-10 09:12:42
1660122764625427000,22.7,1,22.7,6,22.75,44,2,2022-08-10 09:12:44
1660122777446433000,22.75,1,22.7,23,22.75,43,1,2022-08-10 09:12:57
1660122779273437000,22.75,5,22.7,25,22.75,44,1,2022-08-10 09:12:59
1660122781507846000,22.75,1,22.7,25,22.75,38,1,2022-08-10 09:13:01
1660122783637259000,22.75,5,22.7,25,22.75,33,1,2022-08-10 09:13:03
1660122784012731000,22.75,5,22.7,20,22.75,28,1,2022-08-10 09:13:04
1660122785176412000,22.75,1,22.7,20,22.75,27,1,2022-08-10 09:13:05
1660122785741774000,22.7,1,22.7,19,22.75,27,2,2022-08-10 09:13:05
1660122791662083000,22.7,1,22.7,28,22.75,27,2,2022-08-10 09:13:11
1660122802152319000,22.7,5,22.7,34,22.75,56,2,2022-08-10 09:13:22
1660122803278792000,22.7,1,22.7,33,22.75,56,2,2022-08-10 09:13:23
1660122804116374000,22.75,5,22.7,33,22.75,51,1,2022-08-10 09:13:24
1660122805764128000,22.7,5,22.7,28,22.75,51,2,2022-08-10 09:13:25
1660122805989530000,22.75,2,22.7,28,22.75,49,1,2022-08-10 09:13:25
1660122807418018000,22.7,2,22.7,26,22.75,49,2,2022-08-10 09:13:27
1660122807595165000,22.7,2,22.7,24,22.75,49,2,2022-08-10 09:13:27
1660122808052932000,22.7,1,22.7,23,22.75,49,2,2022-08-10 09:13:28
1660122808902378000,22.7,1,22.7,23,22.75,49,2,2022-08-10 09:13:28
1660122809011301000,22.7,1,22.7,22,22.75,49,2,2022-08-10 09:13:29
1660122810336193000,22.7,20,22.7,2,22.75,49,2,2022-08-10 09:13:30
1660122810949575000,22.7,2,22.65,8,22.75,49,2,2022-08-10 09:13:30
1660122810949575000,22.65,3,22.65,8,22.75,49,2,2022-08-10 09:13:30
1660122813091444000,22.65,2,22.65,6,22.7,13,2,2022-08-10 09:13:33
1660122814192888000,22.65,3,22.65,3,22.7,12,2,2022-08-10 09:13:34
1660122814485853000,22.65,2,22.65,1,22.7,12,2,2022-08-10 09:13:34
1660122815033134000,22.65,1,22.6,10,22.7,14,2,2022-08-10 09:13:35
1660122820460636000,22.65,1,22.6,10,22.7,24,2,2022-08-10 09:13:40
1660122823436266000,22.6,5,22.6,5,22.7,24,2,2022-08-10 09:13:43
1660122829086999000,22.6,1,22.6,5,22.65,23,2,2022-08-10 09:13:49
1660122829106557000,22.6,3,22.6,2,22.65,23,2,2022-08-10 09:13:49
1660122829715721000,22.6,2,22.55,10,22.65,23,2,2022-08-10 09:13:49
1660122829715721000,22.55,1,22.55,10,22.65,23,2,2022-08-10 09:13:49
1660122830759345000,22.55,10,22.5,70,22.6,3,2,2022-08-10 09:13:50
1660122830939921000,22.55,1,22.5,70,22.6,3,1,2022-08-10 09:13:50
1660122834724499000,22.55,1,22.55,1,22.6,3,1,2022-08-10 09:13:54
1660122843445232000,22.6,1,22.55,16,22.6,2,1,2022-08-10 09:14:03
1660122848899558000,22.6,3,22.55,17,22.6,3,1,2022-08-10 09:14:08
1660122852777150000,22.6,1,22.55,18,22.6,4,1,2022-08-10 09:14:12
1660122855341434000,22.6,1,22.55,18,22.6,3,1,2022-08-10 09:14:15
1660122857233357000,22.6,1,22.55,18,22.6,3,1,2022-08-10 09:14:17
1660122858281653000,22.6,3,22.55,18,22.65,21,1,2022-08-10 09:14:18
1660122861894843000,22.6,2,22.55,18,22.6,3,2,2022-08-10 09:14:21
1660122863233486000,22.6,1,22.55,18,22.6,2,1,2022-08-10 09:14:23
1660122865934042000,22.6,1,22.55,20,22.6,4,1,2022-08-10 09:14:25
1660122865975529000,22.55,1,22.55,19,22.6,4,2,2022-08-10 09:14:25
1660122868617188000,22.6,1,22.55,19,22.6,3,1,2022-08-10 09:14:28
1660122873203044000,22.6,1,22.55,20,22.6,2,1,2022-08-10 09:14:33
1660122877917020000,22.6,3,22.6,2,22.65,21,1,2022-08-10 09:14:37
1660122881678766000,22.65,1,22.6,2,22.65,20,1,2022-08-10 09:14:41
1660122882052163000,22.65,1,22.6,2,22.65,19,1,2022-08-10 09:14:42
1660122884173897000,22.65,1,22.6,4,22.65,18,1,2022-08-10 09:14:44
1660122884378155000,22.6,1,22.6,3,22.65,18,2,2022-08-10 09:14:44
1660122887207045000,22.6,1,22.6,2,22.65,19,2,2022-08-10 09:14:47
1660122890360163000,22.65,3,22.6,8,22.65,16,1,2022-08-10 09:14:50
1660122890880487000,22.6,5,22.6,3,22.65,16,2,2022-08-10 09:14:50
1660122890907112000,22.6,1,22.6,2,22.65,16,2,2022-08-10 09:14:50
1660122892710913000,22.6,2,22.55,32,22.6,1,2,2022-08-10 09:14:52
1660122892758864000,22.55,1,22.55,31,22.6,1,2,2022-08-10 09:14:52
1660122896261192000,22.6,1,22.6,4,22.65,16,1,2022-08-10 09:14:56
1660122897301915000,22.6,1,22.6,3,22.65,16,2,2022-08-10 09:14:57
1660122900719514000,22.6,1,22.6,3,22.65,16,2,2022-08-10 09:15:00
1660122900807361000,22.6,1,22.6,2,22.65,16,2,2022-08-10 09:15:00
1660122900843247000,22.6,1,22.6,1,22.65,16,2,2022-08-10 09:15:00
1660122901037790000,22.6,1,22.55,28,22.65,16,2,2022-08-10 09:15:01
1660122901037790000,22.55,2,22.55,28,22.65,16,2,2022-08-10 09:15:01
1660122903584982000,22.6,1,22.55,28,22.65,16,1,2022-08-10 09:15:03
1660122905498512000,22.65,1,22.55,28,22.65,15,1,2022-08-10 09:15:05
1660122915661462000,22.6,1,22.55,30,22.6,1,2,2022-08-10 09:15:15
1660122919610172000,22.6,1,22.55,35,22.6,5,1,2022-08-10 09:15:19
1660122919661739000,22.55,1,22.55,34,22.6,5,2,2022-08-10 09:15:19
1660122934076955000,22.6,6,22.55,36,22.65,22,1,2022-08-10 09:15:34
1660122934076955000,22.65,4,22.55,36,22.65,22,1,2022-08-10 09:15:34
1660122939308260000,22.6,1,22.55,40,22.6,3,1,2022-08-10 09:15:39
1660122939634129000,22.55,20,22.55,20,22.6,3,2,2022-08-10 09:15:39
1660122939791600000,22.6,1,22.55,20,22.6,2,1,2022-08-10 09:15:39
1660122939951253000,22.6,1,22.55,20,22.6,1,1,2022-08-10 09:15:39
1660122943693383000,22.55,1,22.55,19,22.6,6,2,2022-08-10 09:15:43
1660122947340474000,22.6,1,22.55,20,22.6,7,1,2022-08-10 09:15:47
1660122952616631000,22.6,5,22.55,18,22.6,2,1,2022-08-10 09:15:52
1660122953337744000,22.6,2,22.55,18,22.65,29,1,2022-08-10 09:15:53
1660122956941178000,22.6,1,22.6,4,22.65,29,2,2022-08-10 09:15:56
1660122958214360000,22.6,1,22.6,3,22.65,29,2,2022-08-10 09:15:58
1660122959083325000,22.6,3,22.55,18,22.6,2,2,2022-08-10 09:15:59
1660122960838630000,22.6,2,22.55,18,22.65,11,1,2022-08-10 09:16:00
1660122960838630000,22.65,18,22.55,18,22.65,11,1,2022-08-10 09:16:00
1660122965401197000,22.6,1,22.55,18,22.6,4,1,2022-08-10 09:16:05
1660122966198488000,22.6,1,22.55,18,22.6,3,1,2022-08-10 09:16:06
1660122967190016000,22.6,3,22.6,1,22.65,11,1,2022-08-10 09:16:07
1660122970230148000,22.6,3,22.55,19,22.65,11,2,2022-08-10 09:16:10
1660122973659825000,22.6,1,22.55,18,22.65,16,2,2022-08-10 09:16:13
1660122980062388000,22.6,1,22.55,20,22.65,10,1,2022-08-10 09:16:20
1660122980062388000,22.65,4,22.55,20,22.65,10,1,2022-08-10 09:16:20
1660122996070256000,22.65,1,22.6,12,22.65,10,1,2022-08-10 09:16:36
1660122997297610000,22.65,1,22.6,12,22.65,9,1,2022-08-10 09:16:37
1660122998012171000,22.65,5,22.6,13,22.65,4,1,2022-08-10 09:16:38
1660122998876501000,22.65,2,22.6,13,22.65,2,1,2022-08-10 09:16:38
1660123000532309000,22.65,2,22.65,14,22.7,64,1,2022-08-10 09:16:40
1660123003511982000,22.65,3,22.65,15,22.7,64,2,2022-08-10 09:16:43
1660123006458490000,22.65,13,22.6,13,22.65,7,2,2022-08-10 09:16:46
1660123009739221000,22.65,5,22.6,13,22.65,2,1,2022-08-10 09:16:49
1660123015425414000,22.6,5,22.6,14,22.65,4,2,2022-08-10 09:16:55
1660123016461891000,22.65,2,22.6,14,22.65,2,1,2022-08-10 09:16:56
1660123024259136000,22.65,5,22.65,15,22.7,52,1,2022-08-10 09:17:04
1660123030934459000,22.65,1,22.65,15,22.7,52,2,2022-08-10 09:17:10
1660123037245627000,22.65,1,22.65,21,22.7,52,2,2022-08-10 09:17:17
1660123038362939000,22.65,1,22.65,20,22.7,52,2,2022-08-10 09:17:18
1660123041537645000,22.65,1,22.65,29,22.7,52,2,2022-08-10 09:17:21
1660123041578033000,22.65,1,22.65,28,22.7,52,2,2022-08-10 09:17:21
1660123042150916000,22.65,1,22.65,27,22.7,52,2,2022-08-10 09:17:22
1660123048869940000,22.65,5,22.65,22,22.7,66,2,2022-08-10 09:17:28
1660123048977425000,22.65,1,22.65,21,22.7,66,2,2022-08-10 09:17:28
1660123058261855000,22.65,4,22.65,17,22.7,72,2,2022-08-10 09:17:38
1660123061505935000,22.65,2,22.65,15,22.7,72,2,2022-08-10 09:17:41
1660123061613963000,22.65,15,22.6,17,22.7,72,2,2022-08-10 09:17:41
1660123068135801000,22.65,1,22.65,6,22.7,72,1,2022-08-10 09:17:48
1660123069635878000,22.65,1,22.65,5,22.7,77,2,2022-08-10 09:17:49
1660123069743400000,22.65,5,22.6,17,22.7,77,2,2022-08-10 09:17:49
1660123083975050000,22.65,6,22.6,33,22.65,14,1,2022-08-10 09:18:03
1660123093816807000,22.65,2,22.6,37,22.65,18,1,2022-08-10 09:18:13
1660123124231095000,22.65,1,22.6,45,22.65,21,1,2022-08-10 09:18:44
1660123128950919000,22.6,1,22.6,44,22.65,21,2,2022-08-10 09:18:48
1660123130931032000,22.65,1,22.6,44,22.65,20,1,2022-08-10 09:18:50
1660123131037954000,22.65,1,22.6,44,22.65,19,1,2022-08-10 09:18:51
1660123131921061000,22.65,3,22.6,44,22.65,16,1,2022-08-10 09:18:51
1660123133985020000,22.65,2,22.6,44,22.65,14,1,2022-08-10 09:18:53
1660123134162395000,22.65,1,22.6,44,22.65,13,1,2022-08-10 09:18:54
1660123144364617000,22.65,1,22.6,45,22.65,13,1,2022-08-10 09:19:04
1660123149515105000,22.65,12,22.7,4,22.75,31,1,2022-08-10 09:19:09
1660123149515105000,22.7,34,22.7,4,22.75,31,1,2022-08-10 09:19:09
1660123150018614000,22.75,3,22.7,4,22.75,28,1,2022-08-10 09:19:10
1660123152666468000,22.75,1,22.7,4,22.75,27,1,2022-08-10 09:19:12
1660123153329563000,22.75,15,22.7,4,22.75,12,1,2022-08-10 09:19:13
1660123154018592000,22.75,5,22.7,4,22.75,7,1,2022-08-10 09:19:14
1660123154689981000,22.7,2,22.7,2,22.75,7,2,2022-08-10 09:19:14
1660123156448770000,22.75,2,22.7,4,22.8,26,1,2022-08-10 09:19:16
1660123156448770000,22.8,1,22.7,4,22.8,26,1,2022-08-10 09:19:16
1660123156512264000,22.8,5,22.7,4,22.8,21,1,2022-08-10 09:19:16
1660123161436556000,22.8,1,22.75,4,22.8,20,1,2022-08-10 09:19:21
1660123161752507000,22.8,1,22.75,4,22.8,19,1,2022-08-10 09:19:21
1660123161908892000,22.8,2,22.75,4,22.8,17,1,2022-08-10 09:19:21
1660123162690833000,22.75,1,22.75,3,22.8,17,2,2022-08-10 09:19:22
1660123162878665000,22.8,2,22.75,3,22.8,15,1,2022-08-10 09:19:22
1660123163918570000,22.8,1,22.75,8,22.8,14,1,2022-08-10 09:19:23
1660123164108340000,22.8,2,22.75,8,22.8,12,1,2022-08-10 09:19:24
1660123164775398000,22.8,1,22.75,8,22.8,6,1,2022-08-10 09:19:24
1660123164928891000,22.8,2,22.75,8,22.8,11,1,2022-08-10 09:19:24
1660123165482463000,22.8,1,22.75,8,22.8,8,1,2022-08-10 09:19:25
1660123165659660000,22.8,2,22.75,8,22.8,6,1,2022-08-10 09:19:25
1660123165964633000,22.8,2,22.75,8,22.8,4,1,2022-08-10 09:19:25
1660123165998543000,22.8,2,22.75,8,22.8,2,1,2022-08-10 09:19:25
1660123166179420000,22.8,2,22.8,3,22.85,41,1,2022-08-10 09:19:26
1660123166318432000,22.85,2,22.8,3,22.85,39,1,2022-08-10 09:19:26
1660123166360248000,22.85,2,22.8,3,22.85,37,1,2022-08-10 09:19:26
1660123166390922000,22.85,2,22.8,3,22.85,35,1,2022-08-10 09:19:26
1660123166576666000,22.85,1,22.8,3,22.85,39,1,2022-08-10 09:19:26
1660123167441349000,22.85,20,22.8,6,22.85,14,1,2022-08-10 09:19:27
1660123167931488000,22.8,1,22.8,13,22.85,14,2,2022-08-10 09:19:27
1660123168293748000,22.85,5,22.8,12,22.85,9,1,2022-08-10 09:19:28
1660123168942807000,22.85,7,22.8,13,22.85,7,1,2022-08-10 09:19:28
1660123169778406000,22.85,5,22.8,13,22.85,2,1,2022-08-10 09:19:29
1660123170752359000,22.85,2,22.85,8,22.9,65,1,2022-08-10 09:19:30
1660123173692070000,22.85,4,22.85,4,22.9,70,2,2022-08-10 09:19:33
1660123174111295000,22.9,8,22.85,12,22.9,62,1,2022-08-10 09:19:34
1660123174192195000,22.9,5,22.85,12,22.9,70,1,2022-08-10 09:19:34
1660123174738662000,22.9,2,22.85,12,22.9,55,1,2022-08-10 09:19:34
1660123175388874000,22.85,18,22.8,16,22.85,2,2,2022-08-10 09:19:35
1660123176612433000,22.85,3,22.8,16,22.85,4,1,2022-08-10 09:19:36
1660123176769938000,22.85,1,22.8,16,22.85,3,1,2022-08-10 09:19:36
1660123176956576000,22.85,1,22.8,16,22.85,2,1,2022-08-10 09:19:36
1660123178122737000,22.85,1,22.8,14,22.85,2,1,2022-08-10 09:19:38
1660123178218494000,22.85,2,22.8,14,22.9,55,1,2022-08-10 09:19:38
1660123180100581000,22.9,1,22.85,6,22.9,54,1,2022-08-10 09:19:40
1660123180421407000,22.9,5,22.85,6,22.9,49,1,2022-08-10 09:19:40
1660123180764940000,22.85,5,22.85,1,22.9,49,2,2022-08-10 09:19:40
1660123180806653000,22.85,1,22.8,15,22.9,49,2,2022-08-10 09:19:40
1660123182792957000,22.85,1,22.8,26,22.85,11,1,2022-08-10 09:19:42
1660123182869559000,22.85,10,22.8,26,22.85,1,1,2022-08-10 09:19:42
1660123183422338000,22.85,1,22.8,26,22.9,49,1,2022-08-10 09:19:43
1660123183943568000,22.85,1,22.8,26,22.85,5,1,2022-08-10 09:19:43
1660123184946678000,22.85,6,22.85,4,22.9,49,1,2022-08-10 09:19:44
1660123185182246000,22.85,1,22.85,4,22.9,49,2,2022-08-10 09:19:45
1660123185408711000,22.9,1,22.85,3,22.9,48,1,2022-08-10 09:19:45
1660123186325249000,22.85,5,22.8,25,22.85,13,2,2022-08-10 09:19:46
1660123187096322000,22.8,1,22.8,25,22.85,13,2,2022-08-10 09:19:47
1660123187159019000,22.85,1,22.8,26,22.85,13,1,2022-08-10 09:19:47
1660123188360998000,22.8,1,22.8,24,22.85,18,2,2022-08-10 09:19:48
1660123188663648000,22.8,24,22.75,19,22.8,1,2,2022-08-10 09:19:48
1660123188695034000,22.75,1,22.75,18,22.8,1,2,2022-08-10 09:19:48
1660123188723921000,22.75,1,22.75,18,22.8,1,2,2022-08-10 09:19:48
1660123189416647000,22.8,2,22.75,17,22.8,9,1,2022-08-10 09:19:49
1660123189457299000,22.75,1,22.75,16,22.8,9,2,2022-08-10 09:19:49
1660123189547088000,22.75,5,22.75,11,22.8,9,2,2022-08-10 09:19:49
1660123189934903000,22.8,2,22.75,11,22.8,8,1,2022-08-10 09:19:49
1660123190194345000,22.75,11,22.7,5,22.75,1,2,2022-08-10 09:19:50
1660123190227151000,22.7,1,22.7,4,22.75,1,2,2022-08-10 09:19:50
1660123190234012000,22.7,1,22.7,5,22.75,1,2,2022-08-10 09:19:50
1660123190300472000,22.7,1,22.7,2,22.75,1,2,2022-08-10 09:19:50
1660123190820207000,22.75,1,22.7,2,22.75,7,1,2022-08-10 09:19:50
1660123191456713000,22.7,1,22.7,1,22.75,7,2,2022-08-10 09:19:51
1660123193444043000,22.75,2,22.7,1,22.75,10,1,2022-08-10 09:19:53
1660123197663856000,22.75,1,22.7,2,22.75,9,1,2022-08-10 09:19:57
1660123200405885000,22.75,2,22.7,2,22.75,16,1,2022-08-10 09:20:00
1660123204446293000,22.75,1,22.7,6,22.75,20,1,2022-08-10 09:20:04
1660123211627289000,22.7,1,22.7,7,22.75,29,2,2022-08-10 09:20:11
1660123214652160000,22.7,1,22.7,7,22.75,29,2,2022-08-10 09:20:14
1660123217378644000,22.7,1,22.7,8,22.75,29,2,2022-08-10 09:20:17
1660123218545314000,22.75,1,22.7,9,22.75,28,1,2022-08-10 09:20:18
1660123219381308000,22.7,5,22.7,4,22.75,28,2,2022-08-10 09:20:19
1660123219435655000,22.7,1,22.7,3,22.75,28,2,2022-08-10 09:20:19
1660123219901735000,22.7,5,22.7,3,22.75,28,2,2022-08-10 09:20:19
1660123221544001000,22.7,1,22.7,2,22.75,28,2,2022-08-10 09:20:21
1660123223961717000,22.7,1,22.7,12,22.75,28,2,2022-08-10 09:20:23
1660123230079776000,22.75,1,22.7,17,22.75,32,1,2022-08-10 09:20:30
1660123234715099000,22.75,1,22.7,17,22.75,31,1,2022-08-10 09:20:34
1660123235105857000,22.75,1,22.7,17,22.75,30,1,2022-08-10 09:20:35
1660123236265569000,22.7,5,22.7,12,22.75,30,2,2022-08-10 09:20:36
1660123236292045000,22.7,1,22.7,11,22.75,30,2,2022-08-10 09:20:36
1660123236316639000,22.7,1,22.7,10,22.75,30,2,2022-08-10 09:20:36
1660123237566589000,22.75,5,22.7,10,22.75,25,1,2022-08-10 09:20:37
1660123239346362000,22.7,5,22.7,5,22.75,20,2,2022-08-10 09:20:39
1660123242317743000,22.7,5,22.65,23,22.75,21,2,2022-08-10 09:20:42
1660123248670186000,22.7,1,22.65,23,22.7,5,1,2022-08-10 09:20:48
1660123248724846000,22.65,1,22.65,22,22.7,5,2,2022-08-10 09:20:48
1660123251387392000,22.7,2,22.65,22,22.7,3,1,2022-08-10 09:20:51
1660123251523837000,22.65,2,22.65,20,22.7,15,2,2022-08-10 09:20:51
1660123254935742000,22.65,1,22.65,19,22.7,15,2,2022-08-10 09:20:54
1660123256103332000,22.65,1,22.65,18,22.7,15,2,2022-08-10 09:20:56
1660123257742600000,22.65,1,22.65,17,22.7,15,2,2022-08-10 09:20:57
1660123257766227000,22.65,2,22.65,15,22.7,15,2,2022-08-10 09:20:57
1660123257804491000,22.65,1,22.65,14,22.7,15,2,2022-08-10 09:20:57
1660123259488523000,22.65,1,22.65,13,22.7,15,2,2022-08-10 09:20:59
1660123259670232000,22.65,1,22.65,12,22.7,15,2,2022-08-10 09:20:59
1660123260325405000,22.65,1,22.65,11,22.7,15,2,2022-08-10 09:21:00
1660123260364674000,22.65,1,22.65,10,22.7,15,2,2022-08-10 09:21:00
1660123260684320000,22.65,5,22.65,5,22.7,15,2,2022-08-10 09:21:00
1660123261979504000,22.65,1,22.65,7,22.7,15,2,2022-08-10 09:21:01
1660123262961007000,22.65,2,22.65,5,22.7,15,2,2022-08-10 09:21:02
1660123263497153000,22.65,1,22.65,4,22.7,15,2,2022-08-10 09:21:03
1660123264186412000,22.65,4,22.6,62,22.65,6,2,2022-08-10 09:21:04
1660123267568488000,22.65,5,22.6,57,22.65,3,1,2022-08-10 09:21:07
1660123269801381000,22.6,1,22.6,56,22.65,8,2,2022-08-10 09:21:09
1660123269940591000,22.6,2,22.6,54,22.65,8,2,2022-08-10 09:21:09
1660123271771386000,22.6,2,22.6,51,22.65,8,2,2022-08-10 09:21:11
1660123275490766000,22.6,1,22.6,53,22.65,8,2,2022-08-10 09:21:15
1660123277931918000,22.65,5,22.6,53,22.65,3,1,2022-08-10 09:21:17
1660123285131448000,22.65,1,22.6,66,22.65,13,1,2022-08-10 09:21:25
1660123285429950000,22.65,10,22.6,66,22.65,3,1,2022-08-10 09:21:25
1660123289426424000,22.65,1,22.6,66,22.65,2,1,2022-08-10 09:21:29
1660123290195906000,22.65,1,22.6,66,22.65,1,1,2022-08-10 09:21:30
1660123292408569000,22.65,1,22.6,65,22.7,52,1,2022-08-10 09:21:32
1660123293331174000,22.65,1,22.6,65,22.65,3,1,2022-08-10 09:21:33
1660123293396506000,22.6,1,22.6,64,22.65,3,2,2022-08-10 09:21:33
1660123294320777000,22.65,3,22.65,1,22.7,52,1,2022-08-10 09:21:34
1660123298718422000,22.65,1,22.65,3,22.7,51,2,2022-08-10 09:21:38
1660123303993700000,22.65,3,22.65,2,22.7,51,2,2022-08-10 09:21:43
1660123305932505000,22.65,1,22.65,1,22.7,51,2,2022-08-10 09:21:45
1660123306457485000,22.65,1,22.6,68,22.65,3,2,2022-08-10 09:21:46
1660123330970975000,22.65,2,22.6,115,22.65,14,1,2022-08-10 09:22:10
1660123335265946000,22.65,1,22.6,115,22.65,13,1,2022-08-10 09:22:15
1660123342860583000,22.65,1,22.6,115,22.65,18,1,2022-08-10 09:22:22
1660123347773333000,22.65,2,22.6,115,22.65,16,1,2022-08-10 09:22:27
1660123360175906000,22.65,2,22.6,115,22.65,14,1,2022-08-10 09:22:40
1660123363090037000,22.65,3,22.6,115,22.65,11,1,2022-08-10 09:22:43
1660123368611093000,22.65,1,22.6,116,22.65,10,1,2022-08-10 09:22:48
1660123368832624000,22.65,5,22.6,116,22.65,5,1,2022-08-10 09:22:48
1660123370190253000,22.65,5,22.6,116,22.7,51,1,2022-08-10 09:22:50
1660123385956656000,22.65,5,22.65,12,22.7,51,2,2022-08-10 09:23:05
1660123395804932000,22.65,1,22.65,12,22.7,51,2,2022-08-10 09:23:15
1660123416104060000,22.7,3,22.65,22,22.7,48,1,2022-08-10 09:23:36
1660123417058400000,22.7,4,22.65,22,22.7,44,1,2022-08-10 09:23:37
1660123419716833000,22.7,3,22.65,23,22.7,41,1,2022-08-10 09:23:39
1660123424432071000,22.7,1,22.65,25,22.7,40,1,2022-08-10 09:23:44
1660123428402710000,22.7,1,22.65,27,22.7,39,1,2022-08-10 09:23:48
1660123430918387000,22.7,25,22.65,27,22.7,14,1,2022-08-10 09:23:50
1660123431023787000,22.7,1,22.65,27,22.7,13,1,2022-08-10 09:23:51
1660123432851184000,22.7,5,22.65,25,22.7,8,1,2022-08-10 09:23:52
1660123432942415000,22.7,8,22.65,25,22.75,1,1,2022-08-10 09:23:52
1660123432942415000,22.75,2,22.65,25,22.75,1,1,2022-08-10 09:23:52
1660123432970750000,22.75,1,22.65,25,22.8,6,1,2022-08-10 09:23:52
1660123432970750000,22.8,4,22.65,25,22.8,6,1,2022-08-10 09:23:52
1660123433419509000,22.8,1,22.65,25,22.8,5,1,2022-08-10 09:23:53
1660123438979459000,22.8,5,22.75,6,22.85,34,1,2022-08-10 09:23:58
1660123440302674000,22.8,1,22.75,6,22.8,1,1,2022-08-10 09:24:00
1660123440604358000,22.8,1,22.75,6,22.85,34,1,2022-08-10 09:24:00
1660123443084065000,22.8,2,22.8,5,22.85,34,2,2022-08-10 09:24:03
1660123453487183000,22.8,1,22.8,9,22.85,34,2,2022-08-10 09:24:13
1660123455700957000,22.8,2,22.8,7,22.85,34,2,2022-08-10 09:24:15
1660123456173581000,22.8,5,22.8,2,22.85,34,2,2022-08-10 09:24:16
1660123456207175000,22.8,2,22.75,5,22.85,34,2,2022-08-10 09:24:16
1660123457153310000,22.8,1,22.75,5,22.85,34,2,2022-08-10 09:24:17
1660123457882281000,22.75,2,22.75,5,22.85,32,2,2022-08-10 09:24:17
1660123460841452000,22.8,1,22.7,5,22.8,11,1,2022-08-10 09:24:20
1660123466469136000,22.75,1,22.7,6,22.8,12,1,2022-08-10 09:24:26
1660123471302254000,22.75,2,22.7,9,22.8,19,1,2022-08-10 09:24:31
1660123471302254000,22.8,8,22.7,9,22.8,19,1,2022-08-10 09:24:31
1660123474242337000,22.75,1,22.7,9,22.8,20,1,2022-08-10 09:24:34
1660123477437972000,22.8,5,22.75,5,22.8,15,1,2022-08-10 09:24:37
1660123481811003000,22.75,1,22.75,5,22.8,15,2,2022-08-10 09:24:41
1660123501320480000,22.75,1,22.75,9,22.8,19,2,2022-08-10 09:25:01
1660123502163093000,22.75,1,22.75,8,22.8,19,2,2022-08-10 09:25:02
1660123503780999000,22.8,1,22.75,8,22.8,18,1,2022-08-10 09:25:03
1660123508977263000,22.8,5,22.75,18,22.8,14,1,2022-08-10 09:25:08
1660123511032086000,22.8,3,22.75,18,22.8,11,1,2022-08-10 09:25:11
1660123516288360000,22.75,5,22.75,14,22.8,48,2,2022-08-10 09:25:16
1660123516322745000,22.75,14,22.7,9,22.8,48,2,2022-08-10 09:25:16
1660123520443204000,22.75,4,22.7,8,22.75,7,1,2022-08-10 09:25:20
1660123521199389000,22.7,1,22.7,7,22.75,7,2,2022-08-10 09:25:21
1660123522008784000,22.75,1,22.7,7,22.75,7,1,2022-08-10 09:25:22
1660123523481777000,22.7,3,22.7,4,22.75,7,2,2022-08-10 09:25:23
1660123526613178000,22.7,3,22.65,16,22.75,10,2,2022-08-10 09:25:26
1660123529132885000,22.7,1,22.65,16,22.75,15,1,2022-08-10 09:25:29
1660123537177733000,22.65,20,22.6,127,22.7,24,2,2022-08-10 09:25:37
1660123542473573000,22.6,1,22.6,127,22.65,10,2,2022-08-10 09:25:42
1660123544239827000,22.65,5,22.6,127,22.65,11,1,2022-08-10 09:25:44
1660123544271172000,22.6,1,22.6,126,22.65,11,2,2022-08-10 09:25:44
1660123544330499000,22.6,1,22.6,125,22.65,11,2,2022-08-10 09:25:44
1660123544719166000,22.6,1,22.6,124,22.65,11,2,2022-08-10 09:25:44
1660123544758683000,22.6,1,22.6,123,22.65,11,2,2022-08-10 09:25:44
1660123544877742000,22.6,10,22.6,113,22.65,11,2,2022-08-10 09:25:44
1660123544938073000,22.6,1,22.6,112,22.65,11,2,2022-08-10 09:25:44
1660123545402968000,22.6,2,22.6,110,22.65,11,2,2022-08-10 09:25:45
1660123545579668000,22.6,2,22.6,108,22.65,11,2,2022-08-10 09:25:45
1660123545596953000,22.6,1,22.6,107,22.65,11,2,2022-08-10 09:25:45
1660123546098569000,22.6,10,22.6,97,22.65,11,2,2022-08-10 09:25:46
1660123546134226000,22.6,1,22.6,96,22.65,11,2,2022-08-10 09:25:46
1660123546134417000,22.6,1,22.6,95,22.65,11,2,2022-08-10 09:25:46
1660123546364169000,22.6,3,22.6,92,22.65,11,2,2022-08-10 09:25:46
1660123546600958000,22.6,7,22.6,85,22.65,11,2,2022-08-10 09:25:46
1660123546649327000,22.6,4,22.6,81,22.65,11,2,2022-08-10 09:25:46
1660123546729009000,22.6,40,22.6,41,22.65,11,2,2022-08-10 09:25:46
1660123546730805000,22.65,1,22.6,41,22.65,10,1,2022-08-10 09:25:46
1660123546767365000,22.6,10,22.6,31,22.65,10,2,2022-08-10 09:25:46
1660123546782123000,22.6,1,22.6,30,22.65,10,2,2022-08-10 09:25:46
1660123546782532000,22.6,1,22.6,29,22.65,10,2,2022-08-10 09:25:46
1660123546832215000,22.6,2,22.6,27,22.65,10,2,2022-08-10 09:25:46
1660123546833622000,22.6,3,22.6,24,22.65,10,2,2022-08-10 09:25:46
1660123547031453000,22.6,10,22.6,14,22.65,10,2,2022-08-10 09:25:47
1660123547092968000,22.6,4,22.6,10,22.65,10,2,2022-08-10 09:25:47
1660123547185826000,22.6,3,22.6,7,22.65,10,2,2022-08-10 09:25:47
1660123547263947000,22.6,7,22.55,37,22.6,3,2,2022-08-10 09:25:47
1660123547347992000,22.55,10,22.55,27,22.6,3,2,2022-08-10 09:25:47
1660123547373034000,22.55,1,22.55,26,22.6,3,2,2022-08-10 09:25:47
1660123547377004000,22.55,1,22.55,25,22.6,3,2,2022-08-10 09:25:47
1660123547384952000,22.55,5,22.55,20,22.6,3,2,2022-08-10 09:25:47
1660123547459082000,22.55,2,22.55,18,22.6,5,2,2022-08-10 09:25:47
1660123547630404000,22.6,1,22.55,18,22.6,8,1,2022-08-10 09:25:47
1660123547852168000,22.55,3,22.55,18,22.6,32,2,2022-08-10 09:25:47
1660123548277557000,22.55,2,22.55,13,22.6,32,2,2022-08-10 09:25:48
1660123548797941000,22.55,3,22.55,10,22.6,32,2,2022-08-10 09:25:48
1660123549164817000,22.55,2,22.55,8,22.6,12,2,2022-08-10 09:25:49
1660123549510775000,22.55,5,22.55,3,22.6,12,2,2022-08-10 09:25:49
1660123549550493000,22.55,1,22.55,2,22.6,12,2,2022-08-10 09:25:49
1660123549724421000,22.55,2,22.5,75,22.6,12,2,2022-08-10 09:25:49
1660123551019158000,22.55,1,22.5,75,22.55,11,1,2022-08-10 09:25:51
1660123552697941000,22.5,15,22.5,60,22.55,13,2,2022-08-10 09:25:52
1660123552746458000,22.5,5,22.5,55,22.55,13,2,2022-08-10 09:25:52
1660123552762073000,22.5,1,22.5,54,22.55,13,2,2022-08-10 09:25:52
1660123552762089000,22.5,1,22.5,53,22.55,13,2,2022-08-10 09:25:52
1660123552802950000,22.5,2,22.5,51,22.55,13,2,2022-08-10 09:25:52
1660123552837509000,22.5,3,22.5,48,22.55,13,2,2022-08-10 09:25:52
1660123552859781000,22.5,1,22.5,47,22.55,13,2,2022-08-10 09:25:52
1660123553139129000,22.5,2,22.5,47,22.55,13,2,2022-08-10 09:25:53
1660123553628727000,22.5,1,22.5,45,22.55,7,2,2022-08-10 09:25:53
1660123553682060000,22.5,1,22.5,43,22.55,7,2,2022-08-10 09:25:53
1660123553774912000,22.55,2,22.5,43,22.55,5,1,2022-08-10 09:25:53
1660123553818871000,22.5,4,22.5,39,22.55,5,2,2022-08-10 09:25:53
1660123553870569000,22.5,20,22.5,19,22.55,5,2,2022-08-10 09:25:53
1660123553916581000,22.5,1,22.5,18,22.55,5,2,2022-08-10 09:25:53
1660123553918385000,22.5,1,22.5,17,22.55,5,2,2022-08-10 09:25:53
1660123554164360000,22.55,1,22.5,43,22.55,5,1,2022-08-10 09:25:54
1660123555580762000,22.5,4,22.5,13,22.55,4,2,2022-08-10 09:25:55
1660123555622670000,22.5,1,22.5,12,22.55,4,2,2022-08-10 09:25:55
1660123556025626000,22.5,1,22.5,11,22.55,4,2,2022-08-10 09:25:56
1660123556764535000,22.5,1,22.5,10,22.55,4,2,2022-08-10 09:25:56
1660123556942044000,22.5,1,22.5,9,22.55,4,2,2022-08-10 09:25:56
1660123557019725000,22.5,5,22.5,4,22.55,4,2,2022-08-10 09:25:57
1660123557119597000,22.5,1,22.5,3,22.55,4,2,2022-08-10 09:25:57
1660123557225327000,22.5,3,22.45,25,22.5,2,2,2022-08-10 09:25:57
1660123558132140000,22.5,1,22.45,25,22.5,3,1,2022-08-10 09:25:58
1660123560977428000,22.5,6,22.45,26,22.55,4,1,2022-08-10 09:26:00
1660123564009715000,22.5,2,22.5,6,22.55,3,2,2022-08-10 09:26:04
1660123565573477000,22.5,1,22.5,6,22.55,3,2,2022-08-10 09:26:05
1660123567661265000,22.5,5,22.5,3,22.55,3,2,2022-08-10 09:26:07
1660123567931572000,22.5,1,22.5,2,22.55,3,2,2022-08-10 09:26:07
1660123567974813000,22.5,1,22.5,1,22.55,3,2,2022-08-10 09:26:07
1660123569118509000,22.5,1,22.45,26,22.5,5,2,2022-08-10 09:26:09
1660123569157522000,22.45,1,22.45,25,22.5,5,2,2022-08-10 09:26:09
1660123569211963000,22.45,5,22.45,20,22.5,5,2,2022-08-10 09:26:09
1660123569282216000,22.45,1,22.45,19,22.5,5,2,2022-08-10 09:26:09
1660123569282378000,22.45,1,22.45,18,22.5,5,2,2022-08-10 09:26:09
1660123569339396000,22.45,3,22.45,25,22.5,5,2,2022-08-10 09:26:09
1660123570147459000,22.5,1,22.45,15,22.5,11,1,2022-08-10 09:26:10
1660123571946009000,22.5,5,22.45,15,22.5,5,1,2022-08-10 09:26:11
1660123572823085000,22.5,1,22.45,19,22.5,4,1,2022-08-10 09:26:12
1660123572892095000,22.5,1,22.45,19,22.5,3,1,2022-08-10 09:26:12
1660123576450746000,22.45,1,22.45,35,22.5,5,2,2022-08-10 09:26:16
1660123578310376000,22.5,1,22.45,35,22.5,4,1,2022-08-10 09:26:18
1660123578764441000,22.5,1,22.45,35,22.5,3,1,2022-08-10 09:26:18
1660123581046561000,22.5,2,22.45,36,22.5,7,1,2022-08-10 09:26:21
1660123585681464000,22.45,2,22.45,55,22.5,6,2,2022-08-10 09:26:25
1660123586134803000,22.5,1,22.45,55,22.5,5,1,2022-08-10 09:26:26
1660123588101320000,22.5,1,22.45,58,22.5,14,1,2022-08-10 09:26:28
1660123588867311000,22.5,2,22.45,58,22.5,13,1,2022-08-10 09:26:28
1660123592287634000,22.5,10,22.45,57,22.5,3,1,2022-08-10 09:26:32
1660123593538459000,22.5,1,22.5,1,22.55,5,1,2022-08-10 09:26:33
1660123594379130000,22.5,2,22.5,2,22.55,5,2,2022-08-10 09:26:34
1660123598642804000,22.5,1,22.5,21,22.55,5,2,2022-08-10 09:26:38
1660123603307624000,22.5,1,22.5,32,22.55,5,2,2022-08-10 09:26:43
1660123603600913000,22.55,2,22.5,32,22.55,3,1,2022-08-10 09:26:43
1660123605565549000,22.55,1,22.5,33,22.55,2,1,2022-08-10 09:26:45
1660123606653533000,22.55,2,22.5,33,22.6,2,1,2022-08-10 09:26:46
1660123612745564000,22.55,1,22.55,2,22.6,2,2,2022-08-10 09:26:52
1660123620217559000,22.55,5,22.55,2,22.6,27,2,2022-08-10 09:27:00
1660123620236174000,22.55,2,22.5,42,22.6,27,2,2022-08-10 09:27:00
1660123620236174000,22.5,3,22.5,42,22.6,27,2,2022-08-10 09:27:00
1660123624875720000,22.55,1,22.55,4,22.6,27,2,2022-08-10 09:27:04
1660123630763447000,22.55,1,22.55,3,22.6,28,2,2022-08-10 09:27:10
1660123631362197000,22.55,1,22.55,2,22.6,28,2,2022-08-10 09:27:11
1660123632275771000,22.55,1,22.55,4,22.6,28,2,2022-08-10 09:27:12
1660123633329238000,22.6,3,22.55,4,22.6,25,1,2022-08-10 09:27:13
1660123635549651000,22.55,1,22.55,1,22.6,25,2,2022-08-10 09:27:15
1660123637057544000,22.55,1,22.5,47,22.6,25,2,2022-08-10 09:27:17
1660123637057544000,22.5,1,22.5,47,22.6,25,2,2022-08-10 09:27:17
1660123642400537000,22.55,3,22.5,57,22.55,2,2,2022-08-10 09:27:22
1660123648551290000,22.55,5,22.5,58,22.55,12,1,2022-08-10 09:27:28
1660123649457250000,22.55,1,22.5,58,22.55,6,1,2022-08-10 09:27:29
1660123649689639000,22.55,1,22.5,58,22.55,5,1,2022-08-10 09:27:29
