ts,close,volume,bid_price,bid_volume,ask_price,ask_volume,tick_type,datetime
1660122004348510000,22.95,378,22.9,16,22.95,40,1,2022-08-10 09:00:04
1660122004391122000,22.9,16,22.8,13,22.95,40,2,2022-08-10 09:00:04
1660122004440485000,22.8,11,22.8,2,22.9,6,2,2022-08-10 09:00:04
1660122004463349000,22.8,2,22.75,29,22.9,6,2,2022-08-10 09:00:04
1660122004833645000,22.75,1,22.75,29,22.9,6,2,2022-08-10 09:00:04
1660122005141267000,22.75,2,22.75,26,22.85,43,2,2022-08-10 09:00:05
1660122005141383000,22.75,26,22.7,1,22.85,43,2,2022-08-10 09:00:05
1660122005727250000,22.85,2,22.7,1,22.85,41,1,2022-08-10 09:00:05
1660122008145571000,22.85,1,22.7,1,22.85,40,1,2022-08-10 09:00:08
1660122008829757000,22.85,1,22.7,1,22.85,39,1,2022-08-10 09:00:08
1660122009134580000,22.85,2,22.7,1,22.85,37,1,2022-08-10 09:00:09
1660122010579370000,22.85,1,22.75,3,22.85,37,1,2022-08-10 09:00:10
1660122010653569000,22.85,1,22.75,3,22.85,36,1,2022-08-10 09:00:10
1660122010724450000,22.85,1,22.75,3,22.85,35,1,2022-08-10 09:00:10
1660122010733527000,22.75,1,22.75,2,22.85,35,2,2022-08-10 09:00:10
1660122010757385000,22.75,1,22.75,1,22.85,35,2,2022-08-10 09:00:10
1660122010952242000,22.85,2,22.75,1,22.85,33,1,2022-08-10 09:00:10
1660122011140211000,22.85,2,22.75,1,22.85,31,1,2022-08-10 09:00:11
1660122011196490000,22.85,1,22.75,1,22.85,30,1,2022-08-10 09:00:11
1660122011930038000,22.85,8,22.75,1,22.85,22,1,2022-08-10 09:00:11
1660122012077911000,22.85,1,22.75,1,22.85,21,1,2022-08-10 09:00:12
1660122013002438000,22.85,21,22.75,2,22.9,6,1,2022-08-10 09:00:13
1660122013034731000,22.9,1,22.75,2,22.9,6,1,2022-08-10 09:00:13
1660122013121337000,22.85,1,22.75,2,22.9,5,2,2022-08-10 09:00:13
1660122013155287000,22.9,5,22.75,2,22.95,40,1,2022-08-10 09:00:13
1660122013675257000,22.8,1,22.75,2,22.95,40,2,2022-08-10 09:00:13
1660122014132714000,22.9,3,22.75,2,22.9,2,1,2022-08-10 09:00:14
1660122014194315000,22.8,3,22.75,2,22.9,2,2,2022-08-10 09:00:14
1660122014282465000,22.85,1,22.75,2,22.9,2,2,2022-08-10 09:00:14
1660122014651628000,22.8,3,22.75,2,22.9,5,1,2022-08-10 09:00:14
1660122014784806000,22.75,1,22.75,1,22.9,1,2,2022-08-10 09:00:14
1660122015411957000,22.9,8,22.75,1,22.9,1,1,2022-08-10 09:00:15
1660122015594934000,22.85,2,22.75,1,22.9,1,1,2022-08-10 09:00:15
1660122015926685000,22.85,3,22.75,1,22.9,1,2,2022-08-10 09:00:15
1660122016382019000,22.8,2,22.75,1,22.85,5,2,2022-08-10 09:00:16
1660122016628425000,22.85,1,22.75,1,22.85,4,1,2022-08-10 09:00:16
1660122016906393000,22.85,1,22.8,2,22.85,4,1,2022-08-10 09:00:16
1660122016946693000,22.8,2,22.75,1,22.85,4,2,2022-08-10 09:00:16
1660122017387150000,22.85,1,22.8,1,22.85,3,1,2022-08-10 09:00:17
1660122017417648000,22.85,3,22.8,1,22.9,1,1,2022-08-10 09:00:17
1660122018241941000,22.8,4,22.75,6,22.8,4,2,2022-08-10 09:00:18
1660122018283443000,22.8,2,22.75,6,22.8,2,1,2022-08-10 09:00:18
1660122018323719000,22.8,1,22.75,6,22.8,1,1,2022-08-10 09:00:18
1660122018474611000,22.8,1,22.75,6,22.9,1,1,2022-08-10 09:00:18
1660122019192441000,22.85,1,22.8,2,22.85,4,2,2022-08-10 09:00:19
1660122020089832000,22.85,4,22.9,7,22.95,40,1,2022-08-10 09:00:20
1660122020089832000,22.9,2,22.9,7,22.95,40,1,2022-08-10 09:00:20
1660122020120691000,22.9,2,22.9,5,22.95,40,2,2022-08-10 09:00:20
1660122020120768000,22.9,5,22.8,3,22.95,40,2,2022-08-10 09:00:20
1660122020200099000,22.8,2,22.8,3,22.95,40,2,2022-08-10 09:00:20
1660122020716773000,22.85,1,22.85,9,22.95,40,2,2022-08-10 09:00:20
1660122020791150000,22.85,1,22.85,8,22.95,40,2,2022-08-10 09:00:20
1660122021762852000,22.9,1,22.85,10,22.9,1,1,2022-08-10 09:00:21
1660122021887972000,22.9,1,22.85,10,22.95,37,1,2022-08-10 09:00:21
1660122021887972000,22.95,3,22.85,10,22.95,37,1,2022-08-10 09:00:21
1660122022015900000,22.95,1,22.85,20,22.95,36,1,2022-08-10 09:00:22
1660122022053358000,22.85,5,22.85,20,22.95,36,2,2022-08-10 09:00:22
1660122022151937000,22.85,1,22.85,14,22.95,36,2,2022-08-10 09:00:22
1660122022536590000,22.95,10,22.85,25,22.95,36,1,2022-08-10 09:00:22
1660122022614009000,22.85,2,22.85,23,22.95,26,2,2022-08-10 09:00:22
1660122022839079000,22.9,1,22.85,23,22.95,26,1,2022-08-10 09:00:22
1660122022898887000,22.95,3,22.85,23,22.95,26,1,2022-08-10 09:00:22
1660122023087635000,22.85,1,22.85,22,22.95,23,2,2022-08-10 09:00:23
1660122023757771000,22.95,1,22.9,4,22.95,22,1,2022-08-10 09:00:23
1660122023797316000,22.95,8,22.9,4,22.95,23,1,2022-08-10 09:00:23
1660122024556498000,22.9,1,22.9,6,22.95,14,2,2022-08-10 09:00:24
1660122025111857000,22.9,1,22.9,9,22.95,14,2,2022-08-10 09:00:25
1660122025402254000,22.95,1,22.9,9,22.95,13,1,2022-08-10 09:00:25
1660122026630128000,22.95,1,22.9,20,22.95,14,1,2022-08-10 09:00:26
1660122026998466000,22.95,2,22.9,25,22.95,12,1,2022-08-10 09:00:26
1660122027351825000,22.95,10,22.9,28,22.95,2,1,2022-08-10 09:00:27
1660122027382948000,22.95,1,22.9,28,22.95,1,1,2022-08-10 09:00:27
1660122028037030000,22.95,1,22.9,43,22.95,1,1,2022-08-10 09:00:28
1660122028367972000,23.0,1,22.95,2,23.0,40,1,2022-08-10 09:00:28
1660122028459595000,23.0,2,22.95,2,23.0,38,1,2022-08-10 09:00:28
1660122028581159000,22.95,2,22.9,40,23.0,33,2,2022-08-10 09:00:28
1660122028581159000,22.9,3,22.9,40,23.0,33,2,2022-08-10 09:00:28
1660122029150548000,22.95,1,22.9,40,23.0,33,1,2022-08-10 09:00:29
1660122030022916000,23.0,1,22.95,2,23.0,33,1,2022-08-10 09:00:30
1660122030096931000,22.95,1,22.95,1,23.0,32,2,2022-08-10 09:00:30
1660122030510294000,23.0,2,22.95,1,23.0,30,1,2022-08-10 09:00:30
1660122030712937000,23.0,4,22.95,4,23.0,31,1,2022-08-10 09:00:30
1660122030804401000,23.0,1,22.95,5,23.0,30,1,2022-08-10 09:00:30
1660122030976224000,23.0,16,22.95,5,23.0,31,1,2022-08-10 09:00:30
1660122031524508000,23.0,1,22.95,6,23.0,13,1,2022-08-10 09:00:31
1660122031738779000,23.0,1,22.95,7,23.0,12,1,2022-08-10 09:00:31
1660122032495491000,23.0,14,23.0,16,23.05,14,1,2022-08-10 09:00:32
1660122032728724000,23.0,1,23.0,15,23.05,14,2,2022-08-10 09:00:32
1660122032905237000,23.05,1,23.0,18,23.05,13,1,2022-08-10 09:00:32
1660122032991562000,23.05,1,23.0,18,23.05,12,1,2022-08-10 09:00:32
1660122033852616000,23.05,1,23.0,29,23.05,11,1,2022-08-10 09:00:33
1660122034063054000,23.05,6,23.0,29,23.05,11,1,2022-08-10 09:00:34
1660122034174318000,23.05,5,23.0,29,23.1,12,1,2022-08-10 09:00:34
1660122035092964000,23.1,1,23.05,6,23.1,11,1,2022-08-10 09:00:35
1660122035318088000,23.05,1,23.05,6,23.1,11,2,2022-08-10 09:00:35
1660122035593465000,23.1,1,23.05,7,23.1,10,1,2022-08-10 09:00:35
1660122036689049000,23.1,1,23.05,9,23.1,9,1,2022-08-10 09:00:36
1660122036771126000,23.1,5,23.05,9,23.1,4,1,2022-08-10 09:00:36
1660122037220735000,23.1,1,23.05,9,23.1,3,1,2022-08-10 09:00:37
1660122037945738000,23.1,3,23.05,12,23.1,1,1,2022-08-10 09:00:37
1660122038042498000,23.1,1,23.05,13,23.15,10,1,2022-08-10 09:00:38
1660122038042498000,23.15,19,23.05,13,23.15,10,1,2022-08-10 09:00:38
1660122038574676000,23.15,10,23.1,5,23.25,16,1,2022-08-10 09:00:38
1660122038574676000,23.2,6,23.1,5,23.25,16,1,2022-08-10 09:00:38
1660122038574676000,23.25,4,23.1,5,23.25,16,1,2022-08-10 09:00:38
1660122038744429000,23.1,1,23.1,4,23.25,16,2,2022-08-10 09:00:38
1660122038920033000,23.25,2,23.1,4,23.25,14,1,2022-08-10 09:00:38
1660122039006447000,23.25,1,23.1,5,23.25,16,1,2022-08-10 09:00:39
1660122039077484000,23.25,10,23.1,4,23.25,3,1,2022-08-10 09:00:39
1660122039107994000,23.25,3,23.1,4,23.3,11,1,2022-08-10 09:00:39
1660122039308481000,23.25,1,23.15,6,23.3,2,1,2022-08-10 09:00:39
1660122039308481000,23.3,9,23.15,6,23.3,2,1,2022-08-10 09:00:39
1660122039527391000,23.15,1,23.15,5,23.3,2,2,2022-08-10 09:00:39
1660122039871381000,23.25,1,23.15,5,23.35,1,1,2022-08-10 09:00:39
1660122039871381000,23.3,2,23.15,5,23.35,1,1,2022-08-10 09:00:39
1660122039902465000,23.2,4,23.15,4,23.35,1,2,2022-08-10 09:00:39
1660122039902465000,23.15,1,23.15,4,23.35,1,2,2022-08-10 09:00:39
1660122040309221000,23.3,2,23.15,6,23.3,9,1,2022-08-10 09:00:40
1660122041093760000,23.3,1,23.2,3,23.3,8,1,2022-08-10 09:00:41
1660122041264020000,23.3,1,23.2,3,23.3,7,1,2022-08-10 09:00:41
1660122041951153000,23.3,3,23.2,3,23.3,4,1,2022-08-10 09:00:41
1660122042542657000,23.25,1,23.2,3,23.3,6,2,2022-08-10 09:00:42
1660122042555437000,23.3,5,23.2,3,23.3,1,1,2022-08-10 09:00:42
1660122042927528000,23.3,1,23.2,3,23.35,2,1,2022-08-10 09:00:42
1660122043166254000,23.35,2,23.25,1,23.4,6,1,2022-08-10 09:00:43
1660122043611348000,23.35,1,23.3,6,23.4,6,2,2022-08-10 09:00:43
1660122044384278000,23.35,5,23.3,7,23.4,6,1,2022-08-10 09:00:44
1660122044486788000,23.3,2,23.3,7,23.4,6,2,2022-08-10 09:00:44
1660122044660824000,23.4,1,23.3,5,23.4,5,1,2022-08-10 09:00:44
1660122045366971000,23.4,1,23.3,6,23.4,16,1,2022-08-10 09:00:45
1660122045428316000,23.4,1,23.3,6,23.4,15,1,2022-08-10 09:00:45
1660122045592480000,23.3,1,23.3,5,23.4,15,2,2022-08-10 09:00:45
1660122045749698000,23.4,2,23.3,5,23.4,13,1,2022-08-10 09:00:45
1660122045807461000,23.35,1,23.35,1,23.4,13,2,2022-08-10 09:00:45
1660122045827390000,23.35,1,23.3,5,23.4,13,2,2022-08-10 09:00:45
1660122046234178000,23.4,6,23.3,9,23.4,7,1,2022-08-10 09:00:46
1660122046686445000,23.35,1,23.35,6,23.4,12,2,2022-08-10 09:00:46
1660122046787492000,23.35,1,23.35,5,23.4,12,2,2022-08-10 09:00:46
1660122047149581000,23.35,1,23.35,5,23.4,13,2,2022-08-10 09:00:47
1660122047989909000,23.35,1,23.35,7,23.4,15,2,2022-08-10 09:00:47
1660122048049087000,23.4,1,23.35,8,23.4,15,1,2022-08-10 09:00:48
1660122048216849000,23.35,5,23.35,2,23.4,14,2,2022-08-10 09:00:48
1660122048432465000,23.4,5,23.35,2,23.4,9,1,2022-08-10 09:00:48
1660122048483346000,23.35,2,23.3,18,23.35,8,2,2022-08-10 09:00:48
1660122048533662000,23.35,2,23.3,18,23.35,9,1,2022-08-10 09:00:48
1660122048728956000,23.35,5,23.3,20,23.35,2,1,2022-08-10 09:00:48
1660122048879429000,23.35,1,23.3,20,23.35,1,1,2022-08-10 09:00:48
1660122049028804000,23.3,2,23.3,23,23.35,1,2,2022-08-10 09:00:49
1660122049299619000,23.35,5,23.3,24,23.35,1,1,2022-08-10 09:00:49
1660122049733690000,23.35,1,23.3,25,23.35,7,1,2022-08-10 09:00:49
1660122049836704000,23.35,1,23.3,29,23.35,7,1,2022-08-10 09:00:49
1660122050119577000,23.3,1,23.3,28,23.35,7,2,2022-08-10 09:00:50
1660122050127040000,23.35,2,23.3,28,23.35,5,1,2022-08-10 09:00:50
1660122050569784000,23.3,2,23.3,28,23.35,6,2,2022-08-10 09:00:50
1660122050896289000,23.35,4,23.3,32,23.35,15,1,2022-08-10 09:00:50
1660122051254673000,23.3,5,23.3,27,23.35,16,2,2022-08-10 09:00:51
1660122051259938000,23.35,2,23.3,27,23.35,14,1,2022-08-10 09:00:51
1660122051560630000,23.35,8,23.3,32,23.35,6,1,2022-08-10 09:00:51
1660122051857124000,23.35,10,23.3,33,23.35,4,1,2022-08-10 09:00:51
1660122051931109000,23.3,1,23.3,32,23.35,4,2,2022-08-10 09:00:51
1660122051942035000,23.3,10,23.3,22,23.35,4,2,2022-08-10 09:00:51
1660122052027380000,23.35,1,23.3,23,23.35,3,1,2022-08-10 09:00:52
1660122052356129000,23.35,1,23.3,24,23.35,2,1,2022-08-10 09:00:52
1660122052373239000,23.35,1,23.3,24,23.35,1,1,2022-08-10 09:00:52
1660122052390071000,23.3,5,23.3,24,23.35,3,2,2022-08-10 09:00:52
1660122052633931000,23.35,1,23.3,19,23.4,5,1,2022-08-10 09:00:52
1660122052633931000,23.4,1,23.3,19,23.4,5,1,2022-08-10 09:00:52
1660122052807440000,23.35,1,23.3,19,23.4,5,1,2022-08-10 09:00:52
1660122052886376000,23.35,1,23.3,19,23.4,5,2,2022-08-10 09:00:52
1660122052973057000,23.4,1,23.35,3,23.4,5,1,2022-08-10 09:00:52
1660122053108720000,23.35,1,23.35,2,23.4,4,2,2022-08-10 09:00:53
1660122053211934000,23.35,2,23.3,11,23.4,4,2,2022-08-10 09:00:53
1660122053211934000,23.3,8,23.3,11,23.4,4,2,2022-08-10 09:00:53
1660122053275820000,23.35,1,23.3,11,23.4,4,2,2022-08-10 09:00:53
1660122053449193000,23.3,2,23.3,9,23.4,4,2,2022-08-10 09:00:53
1660122053598134000,23.4,1,23.3,9,23.4,3,1,2022-08-10 09:00:53
1660122053758582000,23.3,9,23.25,21,23.4,4,2,2022-08-10 09:00:53
1660122053945007000,23.25,1,23.25,21,23.4,4,2,2022-08-10 09:00:53
1660122054303275000,23.35,3,23.25,20,23.4,4,2,2022-08-10 09:00:54
1660122054333576000,23.4,1,23.35,1,23.4,3,1,2022-08-10 09:00:54
1660122054344066000,23.35,1,23.25,20,23.4,3,2,2022-08-10 09:00:54
1660122054410128000,23.25,5,23.25,15,23.4,3,2,2022-08-10 09:00:54
1660122054559478000,23.35,1,23.35,2,23.4,3,2,2022-08-10 09:00:54
1660122054820500000,23.35,2,23.3,11,23.4,4,2,2022-08-10 09:00:54
1660122054858965000,23.4,1,23.3,11,23.4,3,1,2022-08-10 09:00:54
1660122054974830000,23.3,1,23.3,10,23.4,3,2,2022-08-10 09:00:54
1660122054991377000,23.35,1,23.3,10,23.35,2,1,2022-08-10 09:00:54
1660122055104912000,23.35,1,23.3,10,23.45,8,1,2022-08-10 09:00:55
1660122055104912000,23.4,3,23.3,10,23.45,8,1,2022-08-10 09:00:55
1660122055104912000,23.45,6,23.3,10,23.45,8,1,2022-08-10 09:00:55
1660122055276803000,23.35,10,23.3,11,23.35,2,1,2022-08-10 09:00:55
1660122055279555000,23.35,2,23.4,1,23.45,8,1,2022-08-10 09:00:55
1660122055301721000,23.45,1,23.4,1,23.45,7,1,2022-08-10 09:00:55
1660122055314681000,23.4,1,23.3,11,23.45,7,2,2022-08-10 09:00:55
1660122055475703000,23.35,1,23.3,11,23.45,7,2,2022-08-10 09:00:55
1660122056404661000,23.35,3,23.3,29,23.45,7,2,2022-08-10 09:00:56
1660122056588572000,23.35,1,23.3,29,23.45,7,2,2022-08-10 09:00:56
1660122056655182000,23.3,5,23.3,24,23.45,7,2,2022-08-10 09:00:56
1660122056791307000,23.45,2,23.3,24,23.45,5,1,2022-08-10 09:00:56
1660122056953662000,23.45,2,23.3,24,23.45,3,1,2022-08-10 09:00:56
1660122057057054000,23.35,1,23.35,10,23.45,3,2,2022-08-10 09:00:57
1660122057445066000,23.35,1,23.35,9,23.45,3,2,2022-08-10 09:00:57
1660122057900198000,23.4,1,23.35,9,23.45,3,2,2022-08-10 09:00:57
1660122058058356000,23.45,1,23.35,11,23.45,2,1,2022-08-10 09:00:58
1660122058498228000,23.4,1,23.35,11,23.45,5,2,2022-08-10 09:00:58
1660122058684344000,23.35,1,23.35,11,23.45,5,2,2022-08-10 09:00:58
1660122058825456000,23.35,1,23.35,10,23.45,5,2,2022-08-10 09:00:58
1660122059497732000,23.45,1,23.35,11,23.45,4,1,2022-08-10 09:00:59
1660122059665227000,23.45,4,23.35,12,23.5,29,1,2022-08-10 09:00:59
1660122059665227000,23.5,2,23.35,12,23.5,29,1,2022-08-10 09:00:59
1660122059672475000,23.35,1,23.35,11,23.5,29,2,2022-08-10 09:00:59
1660122059870638000,23.35,8,23.35,3,23.5,29,2,2022-08-10 09:00:59
1660122060186350000,23.35,4,23.3,46,23.35,8,2,2022-08-10 09:01:00
1660122060187955000,23.35,1,23.3,46,23.35,7,1,2022-08-10 09:01:00
1660122060211609000,23.35,1,23.3,46,23.35,6,1,2022-08-10 09:01:00
1660122060240111000,23.35,1,23.3,46,23.35,5,1,2022-08-10 09:01:00
1660122060290381000,23.35,1,23.3,46,23.35,5,1,2022-08-10 09:01:00
1660122060816719000,23.35,1,23.3,46,23.35,4,1,2022-08-10 09:01:00
1660122060864659000,23.3,10,23.3,36,23.35,4,2,2022-08-10 09:01:00
1660122060994600000,23.35,1,23.3,36,23.35,3,1,2022-08-10 09:01:00
1660122061022343000,23.3,1,23.3,35,23.35,3,2,2022-08-10 09:01:01
1660122061062833000,23.3,1,23.3,35,23.35,3,2,2022-08-10 09:01:01
1660122061194360000,23.35,1,23.3,34,23.35,5,1,2022-08-10 09:01:01
1660122061223501000,23.35,5,23.35,15,23.45,2,1,2022-08-10 09:01:01
1660122061277373000,23.45,1,23.35,15,23.45,1,1,2022-08-10 09:01:01
1660122061403453000,23.4,1,23.35,15,23.45,1,2,2022-08-10 09:01:01
1660122061403453000,23.35,4,23.35,15,23.45,1,2,2022-08-10 09:01:01
1660122061482581000,23.45,1,23.45,1,23.5,34,1,2022-08-10 09:01:01
1660122061518930000,23.45,1,23.35,15,23.5,34,2,2022-08-10 09:01:01
1660122061980139000,23.4,1,23.35,11,23.45,1,2,2022-08-10 09:01:01
1660122061980139000,23.35,9,23.35,11,23.45,1,2,2022-08-10 09:01:01
1660122061990774000,23.35,1,23.35,10,23.45,1,2,2022-08-10 09:01:01
1660122062260416000,23.35,1,23.35,4,23.45,2,2,2022-08-10 09:01:02
1660122062657968000,23.4,1,23.35,5,23.45,2,1,2022-08-10 09:01:02
1660122062953528000,23.4,1,23.35,5,23.45,7,2,2022-08-10 09:01:02
1660122063838821000,23.35,7,23.3,39,23.4,7,2,2022-08-10 09:01:03
1660122063838821000,23.3,8,23.3,39,23.4,7,2,2022-08-10 09:01:03
1660122064108579000,23.3,35,23.25,25,23.35,3,2,2022-08-10 09:01:04
1660122064208594000,23.35,3,23.25,20,23.4,6,1,2022-08-10 09:01:04
1660122064208594000,23.4,1,23.25,20,23.4,6,1,2022-08-10 09:01:04
1660122064307862000,23.35,1,23.25,20,23.4,6,2,2022-08-10 09:01:04
1660122064373474000,23.4,2,23.3,1,23.4,4,1,2022-08-10 09:01:04
1660122064378126000,23.3,1,23.25,20,23.4,4,2,2022-08-10 09:01:04
1660122064471340000,23.35,4,23.25,20,23.4,4,2,2022-08-10 09:01:04
1660122064596270000,23.4,1,23.25,20,23.4,6,1,2022-08-10 09:01:04
1660122064626317000,23.25,2,23.25,18,23.4,6,2,2022-08-10 09:01:04
1660122064713663000,23.35,2,23.25,18,23.35,3,1,2022-08-10 09:01:04
1660122064964359000,23.3,1,23.25,18,23.35,1,1,2022-08-10 09:01:04
1660122064964359000,23.35,2,23.25,18,23.35,1,1,2022-08-10 09:01:04
1660122065410511000,23.3,1,23.25,18,23.35,1,2,2022-08-10 09:01:05
1660122065497321000,23.35,1,23.3,1,23.4,11,1,2022-08-10 09:01:05
1660122065788795000,23.3,1,23.25,17,23.35,1,2,2022-08-10 09:01:05
1660122065788795000,23.25,1,23.25,17,23.35,1,2,2022-08-10 09:01:05
1660122065850915000,23.35,3,23.35,2,23.4,8,1,2022-08-10 09:01:05
1660122065893282000,23.35,2,23.25,17,23.4,8,2,2022-08-10 09:01:05
1660122066013215000,23.25,1,23.25,16,23.35,2,2,2022-08-10 09:01:06
1660122066021301000,23.35,2,23.3,3,23.4,8,1,2022-08-10 09:01:06
1660122066047689000,23.3,1,23.3,2,23.4,8,2,2022-08-10 09:01:06
1660122066194063000,23.3,1,23.3,1,23.4,8,2,2022-08-10 09:01:06
1660122066492337000,23.35,1,23.3,2,23.4,8,2,2022-08-10 09:01:06
1660122066627993000,23.4,1,23.3,2,23.4,7,1,2022-08-10 09:01:06
1660122066703513000,23.35,1,23.3,2,23.35,9,1,2022-08-10 09:01:06
1660122067002897000,23.3,1,23.3,1,23.35,9,2,2022-08-10 09:01:07
1660122067035123000,23.3,1,23.25,21,23.35,9,2,2022-08-10 09:01:07
1660122067420868000,23.35,5,23.3,2,23.35,4,1,2022-08-10 09:01:07
1660122067975056000,23.35,2,23.3,12,23.35,3,1,2022-08-10 09:01:07
1660122068115423000,23.3,5,23.3,7,23.35,3,2,2022-08-10 09:01:08
1660122068206709000,23.3,5,23.3,2,23.35,4,2,2022-08-10 09:01:08
1660122068468446000,23.35,3,23.3,7,23.35,4,1,2022-08-10 09:01:08
1660122068601122000,23.3,2,23.25,21,23.35,1,2,2022-08-10 09:01:08
1660122068762185000,23.35,1,23.35,1,23.4,9,1,2022-08-10 09:01:08
1660122068796530000,23.35,1,23.3,4,23.4,9,2,2022-08-10 09:01:08
1660122069181378000,23.35,1,23.3,4,23.35,1,1,2022-08-10 09:01:09
1660122069364904000,23.35,1,23.3,4,23.35,1,1,2022-08-10 09:01:09
1660122069548230000,23.3,1,23.3,18,23.35,1,2,2022-08-10 09:01:09
1660122069929425000,23.3,1,23.3,18,23.35,1,2,2022-08-10 09:01:09
1660122070009178000,23.35,1,23.3,18,23.4,14,1,2022-08-10 09:01:10
1660122070054563000,23.3,3,23.3,15,23.4,14,2,2022-08-10 09:01:10
1660122070152529000,23.3,10,23.3,5,23.4,14,2,2022-08-10 09:01:10
1660122070757937000,23.35,1,23.3,6,23.35,3,1,2022-08-10 09:01:10
1660122070760172000,23.3,3,23.3,6,23.35,4,2,2022-08-10 09:01:10
1660122071198427000,23.3,1,23.3,2,23.35,3,2,2022-08-10 09:01:11
1660122071582373000,23.35,1,23.3,3,23.35,3,1,2022-08-10 09:01:11
1660122071794875000,23.3,3,23.25,29,23.3,2,2,2022-08-10 09:01:11
1660122071981642000,23.25,1,23.25,24,23.3,2,2,2022-08-10 09:01:11
1660122072579399000,23.25,5,23.25,18,23.3,2,2,2022-08-10 09:01:12
1660122072800198000,23.25,1,23.25,17,23.3,2,2,2022-08-10 09:01:12
1660122072891149000,23.25,1,23.25,16,23.3,2,2,2022-08-10 09:01:12
1660122073101965000,23.25,14,23.25,2,23.3,22,2,2022-08-10 09:01:13
1660122073104780000,23.25,2,23.2,112,23.25,8,2,2022-08-10 09:01:13
1660122073158561000,23.25,1,23.2,112,23.25,7,1,2022-08-10 09:01:13
1660122073342031000,23.25,1,23.2,112,23.25,6,1,2022-08-10 09:01:13
1660122073427419000,23.25,1,23.2,112,23.25,5,1,2022-08-10 09:01:13
1660122073528548000,23.25,5,23.25,5,23.3,26,1,2022-08-10 09:01:13
1660122073567845000,23.3,5,23.25,5,23.3,26,1,2022-08-10 09:01:13
1660122073760038000,23.3,1,23.25,5,23.3,20,1,2022-08-10 09:01:13
1660122073773496000,23.25,5,23.2,112,23.3,20,2,2022-08-10 09:01:13
1660122073918945000,23.25,1,23.2,112,23.25,1,1,2022-08-10 09:01:13
1660122074463833000,23.25,1,23.25,4,23.3,20,1,2022-08-10 09:01:14
1660122074726714000,23.25,1,23.25,3,23.3,20,2,2022-08-10 09:01:14
1660122074760680000,23.3,2,23.25,3,23.3,18,1,2022-08-10 09:01:14
1660122074784826000,23.25,2,23.25,1,23.3,18,2,2022-08-10 09:01:14
1660122075128692000,23.25,1,23.2,109,23.3,18,2,2022-08-10 09:01:15
1660122075128692000,23.2,1,23.2,109,23.3,18,2,2022-08-10 09:01:15
1660122075237270000,23.2,1,23.2,108,23.3,18,2,2022-08-10 09:01:15
1660122075404124000,23.25,1,23.2,108,23.25,4,1,2022-08-10 09:01:15
1660122075435222000,23.2,1,23.2,107,23.25,4,2,2022-08-10 09:01:15
1660122075709787000,23.2,1,23.2,106,23.25,4,2,2022-08-10 09:01:15
1660122075876193000,23.2,2,23.2,104,23.25,4,2,2022-08-10 09:01:15
1660122076797567000,23.2,8,23.2,96,23.25,6,2,2022-08-10 09:01:16
1660122076882340000,23.2,1,23.2,95,23.25,6,2,2022-08-10 09:01:16
1660122077117201000,23.25,2,23.2,95,23.25,5,1,2022-08-10 09:01:17
1660122077526089000,23.2,2,23.2,93,23.25,10,2,2022-08-10 09:01:17
1660122077563298000,23.2,1,23.2,95,23.25,10,2,2022-08-10 09:01:17
1660122077669909000,23.2,1,23.2,91,23.25,10,2,2022-08-10 09:01:17
1660122078191205000,23.2,5,23.2,88,23.25,17,2,2022-08-10 09:01:18
1660122078933598000,23.2,1,23.2,88,23.25,19,2,2022-08-10 09:01:18
1660122079199252000,23.2,5,23.2,82,23.25,19,2,2022-08-10 09:01:19
1660122079968308000,23.25,1,23.2,83,23.25,24,1,2022-08-10 09:01:19
1660122080339738000,23.2,1,23.2,82,23.25,23,2,2022-08-10 09:01:20
1660122080789753000,23.2,1,23.2,81,23.25,23,2,2022-08-10 09:01:20
1660122081138545000,23.2,1,23.2,81,23.25,23,2,2022-08-10 09:01:21
1660122081150438000,23.2,8,23.2,73,23.25,23,2,2022-08-10 09:01:21
1660122081505853000,23.2,1,23.2,72,23.25,18,2,2022-08-10 09:01:21
1660122081528355000,23.2,1,23.2,73,23.25,18,2,2022-08-10 09:01:21
1660122081895011000,23.2,1,23.2,70,23.25,18,2,2022-08-10 09:01:21
1660122082391710000,23.2,7,23.2,63,23.25,18,2,2022-08-10 09:01:22
1660122082467640000,23.2,1,23.2,70,23.25,18,2,2022-08-10 09:01:22
1660122082636516000,23.2,2,23.2,60,23.25,18,2,2022-08-10 09:01:22
1660122082746139000,23.2,4,23.2,56,23.25,18,2,2022-08-10 09:01:22
1660122082772824000,23.2,12,23.2,44,23.25,18,2,2022-08-10 09:01:22
1660122082773410000,23.2,44,23.15,19,23.25,18,2,2022-08-10 09:01:22
1660122082903740000,23.25,2,23.15,14,23.25,16,1,2022-08-10 09:01:22
1660122082933263000,23.15,14,23.1,20,23.25,16,2,2022-08-10 09:01:22
1660122082933263000,23.1,1,23.1,20,23.25,16,2,2022-08-10 09:01:22
1660122082934044000,23.1,15,23.1,5,23.25,16,2,2022-08-10 09:01:22
1660122082934266000,23.1,5,23.0,77,23.25,16,2,2022-08-10 09:01:22
1660122082934266000,23.05,5,23.0,77,23.25,16,2,2022-08-10 09:01:22
1660122082934266000,23.0,5,23.0,77,23.25,16,2,2022-08-10 09:01:22
1660122082934512000,23.0,15,23.0,62,23.25,16,2,2022-08-10 09:01:22
1660122083149867000,23.0,1,23.0,61,23.2,6,2,2022-08-10 09:01:23
1660122083494043000,23.2,1,23.0,61,23.2,13,1,2022-08-10 09:01:23
1660122083524198000,23.05,1,23.05,3,23.2,13,2,2022-08-10 09:01:23
1660122083545578000,23.05,3,23.05,1,23.2,13,2,2022-08-10 09:01:23
1660122083963789000,23.05,1,23.0,66,23.15,4,2,2022-08-10 09:01:23
1660122084041041000,23.15,1,23.0,61,23.15,3,1,2022-08-10 09:01:24
1660122084067668000,23.15,3,23.0,61,23.15,3,1,2022-08-10 09:01:24
1660122084067668000,23.2,7,23.0,61,23.15,3,1,2022-08-10 09:01:24
1660122084281805000,23.2,3,23.05,2,23.2,28,1,2022-08-10 09:01:24
1660122084802744000,23.2,3,23.05,4,23.2,34,1,2022-08-10 09:01:24
1660122084919286000,23.2,1,23.05,4,23.2,38,1,2022-08-10 09:01:24
1660122085274959000,23.2,3,23.05,14,23.2,35,1,2022-08-10 09:01:25
1660122085860096000,23.2,1,23.05,14,23.2,42,1,2022-08-10 09:01:25
1660122086979826000,23.15,1,23.1,1,23.15,2,1,2022-08-10 09:01:26
1660122088624218000,23.1,1,23.1,3,23.15,1,2,2022-08-10 09:01:28
1660122088768394000,23.1,1,23.1,2,23.15,1,2,2022-08-10 09:01:28
1660122088797115000,23.15,1,23.1,2,23.2,44,1,2022-08-10 09:01:28
1660122088877886000,23.1,1,23.1,1,23.2,39,2,2022-08-10 09:01:28
1660122089075185000,23.2,5,23.1,1,23.2,39,1,2022-08-10 09:01:29
1660122089426389000,23.1,1,23.05,20,23.2,35,2,2022-08-10 09:01:29
1660122089925012000,23.1,1,23.05,24,23.2,30,2,2022-08-10 09:01:29
1660122089925012000,23.05,1,23.05,24,23.2,30,2,2022-08-10 09:01:29
1660122090190468000,23.2,10,23.05,19,23.2,20,1,2022-08-10 09:01:30
1660122090244743000,23.2,1,23.05,19,23.2,19,1,2022-08-10 09:01:30
1660122090270732000,23.05,4,23.05,15,23.2,19,2,2022-08-10 09:01:30
1660122092364031000,23.1,1,23.05,22,23.15,1,2,2022-08-10 09:01:32
1660122093800027000,23.1,1,23.05,29,23.1,2,1,2022-08-10 09:01:33
1660122094015675000,23.05,1,23.05,28,23.1,2,2,2022-08-10 09:01:34
1660122094303984000,23.05,1,23.05,28,23.1,2,2,2022-08-10 09:01:34
1660122094352489000,23.05,1,23.05,27,23.1,2,2,2022-08-10 09:01:34
1660122094603865000,23.1,2,23.05,28,23.1,2,1,2022-08-10 09:01:34
1660122094603865000,23.15,1,23.05,28,23.1,2,1,2022-08-10 09:01:34
1660122095198915000,23.1,1,23.1,2,23.2,51,2,2022-08-10 09:01:35
1660122095211429000,23.1,1,23.1,1,23.2,51,2,2022-08-10 09:01:35
1660122095249043000,23.1,1,23.05,51,23.2,51,2,2022-08-10 09:01:35
1660122095249043000,23.05,2,23.05,51,23.2,51,2,2022-08-10 09:01:35
1660122097293179000,23.15,1,23.1,4,23.15,1,1,2022-08-10 09:01:37
1660122098084335000,23.15,2,23.1,15,23.15,2,1,2022-08-10 09:01:38
1660122098870917000,23.15,1,23.1,18,23.15,1,2,2022-08-10 09:01:38
1660122098911067000,23.1,15,23.1,3,23.15,1,2,2022-08-10 09:01:38
1660122099056935000,23.15,1,23.1,3,23.2,43,1,2022-08-10 09:01:39
1660122099611275000,23.15,1,23.1,2,23.2,44,2,2022-08-10 09:01:39
1660122099611275000,23.1,1,23.1,2,23.2,44,2,2022-08-10 09:01:39
1660122100016687000,23.1,1,23.1,1,23.2,44,2,2022-08-10 09:01:40
1660122100081659000,23.1,1,23.05,50,23.2,44,2,2022-08-10 09:01:40
1660122100417745000,23.05,9,23.05,35,23.2,35,2,2022-08-10 09:01:40
1660122100955492000,23.1,3,23.1,7,23.2,35,2,2022-08-10 09:01:40
1660122101059954000,23.1,7,23.05,51,23.1,3,2,2022-08-10 09:01:41
1660122101322777000,23.1,1,23.05,45,23.1,2,1,2022-08-10 09:01:41
1660122101713501000,23.05,1,23.05,44,23.1,3,2,2022-08-10 09:01:41
1660122102141381000,23.1,1,23.05,44,23.1,2,1,2022-08-10 09:01:42
1660122102319998000,23.1,1,23.05,44,23.1,1,1,2022-08-10 09:01:42
1660122102767144000,23.1,1,23.05,44,23.15,2,1,2022-08-10 09:01:42
1660122102796329000,23.05,1,23.05,43,23.15,2,2,2022-08-10 09:01:42
1660122102812261000,23.05,1,23.05,42,23.15,2,2,2022-08-10 09:01:42
1660122103291746000,23.1,2,23.1,2,23.15,2,2,2022-08-10 09:01:43
1660122103318882000,23.1,2,23.05,42,23.15,2,2,2022-08-10 09:01:43
1660122104017731000,23.1,1,23.05,43,23.15,2,1,2022-08-10 09:01:44
1660122104054047000,23.05,15,23.05,28,23.15,2,2,2022-08-10 09:01:44
1660122104732261000,23.05,1,23.05,27,23.15,2,2,2022-08-10 09:01:44
1660122104740157000,23.15,2,23.05,27,23.2,47,1,2022-08-10 09:01:44
1660122104740157000,23.2,1,23.05,27,23.2,47,1,2022-08-10 09:01:44
1660122105273961000,23.05,5,23.05,22,23.2,42,2,2022-08-10 09:01:45
1660122106082957000,23.1,1,23.05,29,23.1,2,2,2022-08-10 09:01:46
1660122107120239000,23.1,1,23.05,27,23.1,2,1,2022-08-10 09:01:47
1660122107495296000,23.1,1,23.05,27,23.15,10,1,2022-08-10 09:01:47
1660122108751587000,23.15,1,23.1,1,23.15,9,1,2022-08-10 09:01:48
1660122109273199000,23.1,2,23.05,31,23.1,8,2,2022-08-10 09:01:49
1660122109649111000,23.05,1,23.05,31,23.1,8,2,2022-08-10 09:01:49
1660122110078035000,23.1,5,23.05,31,23.1,12,1,2022-08-10 09:01:50
1660122110114746000,23.05,1,23.05,31,23.1,17,2,2022-08-10 09:01:50
1660122110217940000,23.1,1,23.05,30,23.1,11,1,2022-08-10 09:01:50
1660122110528847000,23.1,2,23.05,30,23.1,9,1,2022-08-10 09:01:50
1660122110569120000,23.1,8,23.05,30,23.1,1,1,2022-08-10 09:01:50
1660122110569174000,23.1,1,23.05,30,23.15,10,1,2022-08-10 09:01:50
1660122110615930000,23.1,1,23.1,1,23.15,10,2,2022-08-10 09:01:50
1660122111319163000,23.15,1,23.1,1,23.15,9,1,2022-08-10 09:01:51
1660122111983816000,23.1,1,23.05,31,23.15,10,2,2022-08-10 09:01:51
1660122111983816000,23.05,4,23.05,31,23.15,10,2,2022-08-10 09:01:51
1660122112474775000,23.15,1,23.05,33,23.15,9,1,2022-08-10 09:01:52
1660122113509216000,23.15,5,23.1,1,23.15,9,1,2022-08-10 09:01:53
1660122115609332000,23.15,1,23.1,7,23.15,7,1,2022-08-10 09:01:55
1660122115990905000,23.1,1,23.1,12,23.15,6,2,2022-08-10 09:01:55
1660122116692999000,23.15,6,23.1,11,23.2,41,1,2022-08-10 09:01:56
1660122116692999000,23.2,4,23.1,11,23.2,41,1,2022-08-10 09:01:56
1660122116781397000,23.1,1,23.1,10,23.2,43,2,2022-08-10 09:01:56
1660122117544023000,23.15,2,23.1,20,23.15,3,1,2022-08-10 09:01:57
1660122117563570000,23.1,1,23.1,20,23.15,5,2,2022-08-10 09:01:57
1660122118045113000,23.15,1,23.1,19,23.15,4,1,2022-08-10 09:01:58
1660122118529619000,23.15,2,23.1,19,23.15,2,1,2022-08-10 09:01:58
1660122118565379000,23.15,2,23.15,3,23.2,42,1,2022-08-10 09:01:58
1660122120186293000,23.15,3,23.15,2,23.2,42,2,2022-08-10 09:02:00
1660122120453056000,23.15,1,23.15,1,23.2,42,2,2022-08-10 09:02:00
1660122120786006000,23.2,1,23.15,1,23.2,41,1,2022-08-10 09:02:00
1660122121203686000,23.15,1,23.15,4,23.2,36,2,2022-08-10 09:02:01
1660122121444772000,23.15,1,23.15,3,23.2,36,2,2022-08-10 09:02:01
1660122121462051000,23.15,1,23.15,2,23.2,36,2,2022-08-10 09:02:01
1660122121773027000,23.15,2,23.15,1,23.2,36,2,2022-08-10 09:02:01
1660122122293914000,23.15,1,23.1,27,23.2,36,2,2022-08-10 09:02:02
1660122122488472000,23.1,1,23.1,27,23.2,36,2,2022-08-10 09:02:02
1660122123169167000,23.15,1,23.1,26,23.15,1,1,2022-08-10 09:02:03
1660122123575232000,23.1,5,23.1,21,23.15,1,2,2022-08-10 09:02:03
1660122123613432000,23.1,1,23.1,20,23.15,1,2,2022-08-10 09:02:03
1660122124438436000,23.15,6,23.15,4,23.2,31,1,2022-08-10 09:02:04
1660122124455609000,23.2,5,23.15,4,23.2,26,1,2022-08-10 09:02:04
1660122124722210000,23.2,9,23.15,4,23.2,17,1,2022-08-10 09:02:04
1660122125964080000,23.15,4,23.1,20,23.15,6,2,2022-08-10 09:02:05
1660122127144559000,23.15,7,23.15,3,23.2,18,1,2022-08-10 09:02:07
1660122127324018000,23.15,1,23.15,4,23.2,18,2,2022-08-10 09:02:07
1660122127701269000,23.2,1,23.15,4,23.2,17,1,2022-08-10 09:02:07
1660122127720165000,23.2,1,23.15,4,23.2,16,1,2022-08-10 09:02:07
1660122127809369000,23.15,1,23.15,3,23.2,16,2,2022-08-10 09:02:07
1660122128295471000,23.2,1,23.15,5,23.2,16,1,2022-08-10 09:02:08
1660122131735173000,23.2,2,23.15,21,23.2,14,1,2022-08-10 09:02:11
1660122131763833000,23.2,14,23.15,21,23.25,21,1,2022-08-10 09:02:11
1660122132086268000,23.25,2,23.2,2,23.25,21,1,2022-08-10 09:02:12
1660122132893551000,23.2,10,23.2,12,23.25,19,2,2022-08-10 09:02:12
1660122133681460000,23.2,1,23.2,1,23.25,22,2,2022-08-10 09:02:13
1660122135316666000,23.25,2,23.2,14,23.25,21,1,2022-08-10 09:02:15
1660122136577596000,23.25,1,23.2,24,23.25,21,1,2022-08-10 09:02:16
1660122137788570000,23.25,1,23.2,25,23.25,24,1,2022-08-10 09:02:17
1660122137797526000,23.25,5,23.2,25,23.25,19,1,2022-08-10 09:02:17
1660122137849325000,23.25,2,23.2,25,23.25,17,1,2022-08-10 09:02:17
1660122138022782000,23.25,1,23.2,25,23.25,18,1,2022-08-10 09:02:18
1660122138323872000,23.25,10,23.2,25,23.25,8,1,2022-08-10 09:02:18
1660122138354416000,23.25,8,23.2,26,23.3,62,1,2022-08-10 09:02:18
1660122138532052000,23.3,10,23.2,26,23.3,46,1,2022-08-10 09:02:18
1660122138778731000,23.25,1,23.2,26,23.25,9,1,2022-08-10 09:02:18
1660122138806354000,23.25,1,23.2,26,23.25,10,1,2022-08-10 09:02:18
1660122140067582000,23.2,2,23.2,24,23.25,9,2,2022-08-10 09:02:20
1660122141290702000,23.25,1,23.2,25,23.25,8,1,2022-08-10 09:02:21
1660122141358373000,23.25,2,23.2,29,23.25,6,1,2022-08-10 09:02:21
1660122142606313000,23.2,5,23.2,25,23.25,6,2,2022-08-10 09:02:22
1660122142812104000,23.25,1,23.2,25,23.25,5,1,2022-08-10 09:02:22
1660122142998554000,23.25,5,23.2,25,23.3,47,1,2022-08-10 09:02:22
1660122144298036000,23.3,3,23.25,22,23.3,44,1,2022-08-10 09:02:24
1660122144783158000,23.3,2,23.25,22,23.3,42,1,2022-08-10 09:02:24
1660122145754352000,23.3,1,23.25,27,23.3,41,1,2022-08-10 09:02:25
1660122146311340000,23.3,1,23.25,27,23.3,40,1,2022-08-10 09:02:26
1660122147479301000,23.3,1,23.25,30,23.3,37,1,2022-08-10 09:02:27
1660122147782118000,23.3,4,23.25,30,23.3,32,1,2022-08-10 09:02:27
1660122147804414000,23.25,1,23.25,31,23.3,32,2,2022-08-10 09:02:27
1660122147857749000,23.3,10,23.25,31,23.3,22,1,2022-08-10 09:02:27
1660122147889376000,23.3,7,23.25,31,23.3,15,1,2022-08-10 09:02:27
1660122147919732000,23.3,5,23.25,31,23.3,10,1,2022-08-10 09:02:27
1660122147951582000,23.3,10,23.25,31,23.3,5,1,2022-08-10 09:02:27
1660122147982032000,23.3,1,23.25,31,23.3,4,1,2022-08-10 09:02:27
1660122148024129000,23.3,1,23.25,31,23.3,15,1,2022-08-10 09:02:28
1660122148177917000,23.3,3,23.3,17,23.35,32,1,2022-08-10 09:02:28
1660122148408655000,23.3,5,23.3,16,23.35,26,2,2022-08-10 09:02:28
1660122149205986000,23.35,1,23.3,27,23.35,25,1,2022-08-10 09:02:29
1660122151183145000,23.3,4,23.3,44,23.35,25,2,2022-08-10 09:02:31
1660122152822443000,23.35,1,23.3,45,23.35,24,1,2022-08-10 09:02:32
1660122152838477000,23.35,1,23.3,45,23.35,23,1,2022-08-10 09:02:32
1660122153114122000,23.35,2,23.3,45,23.35,21,1,2022-08-10 09:02:33
1660122153190547000,23.3,2,23.3,43,23.35,21,2,2022-08-10 09:02:33
1660122153206622000,23.35,10,23.3,43,23.35,11,1,2022-08-10 09:02:33
1660122153934691000,23.35,1,23.3,43,23.35,10,1,2022-08-10 09:02:33
1660122153955311000,23.35,3,23.3,43,23.35,7,1,2022-08-10 09:02:33
1660122154043924000,23.35,2,23.3,43,23.35,5,1,2022-08-10 09:02:34
1660122154120325000,23.35,1,23.3,44,23.35,4,1,2022-08-10 09:02:34
1660122154224768000,23.3,1,23.3,44,23.35,4,2,2022-08-10 09:02:34
1660122154359948000,23.35,4,23.35,1,23.4,7,1,2022-08-10 09:02:34
1660122154555942000,23.4,1,23.35,1,23.4,6,1,2022-08-10 09:02:34
1660122155341602000,23.4,5,23.35,2,23.4,1,1,2022-08-10 09:02:35
1660122155537401000,23.4,1,23.35,2,23.45,10,1,2022-08-10 09:02:35
1660122155537401000,23.45,2,23.35,2,23.45,10,1,2022-08-10 09:02:35
1660122156032736000,23.4,1,23.35,4,23.4,1,1,2022-08-10 09:02:36
1660122156218877000,23.4,1,23.35,16,23.45,5,1,2022-08-10 09:02:36
1660122156286722000,23.35,2,23.35,14,23.45,5,2,2022-08-10 09:02:36
1660122156824498000,23.35,1,23.35,17,23.45,5,2,2022-08-10 09:02:36
1660122157017481000,23.35,1,23.35,26,23.45,5,2,2022-08-10 09:02:37
1660122157814069000,23.45,1,23.35,26,23.45,4,1,2022-08-10 09:02:37
1660122158053490000,23.4,1,23.35,25,23.45,4,2,2022-08-10 09:02:38
1660122158053490000,23.35,1,23.35,25,23.45,4,2,2022-08-10 09:02:38
1660122158145860000,23.35,1,23.35,25,23.45,4,2,2022-08-10 09:02:38
1660122158204366000,23.45,1,23.35,24,23.45,3,1,2022-08-10 09:02:38
1660122159453071000,23.45,1,23.4,14,23.45,7,1,2022-08-10 09:02:39
1660122160141556000,23.4,1,23.4,14,23.45,7,2,2022-08-10 09:02:40
1660122160476681000,23.45,3,23.4,14,23.45,7,1,2022-08-10 09:02:40
1660122161437157000,23.45,1,23.4,14,23.45,11,1,2022-08-10 09:02:41
1660122162297147000,23.45,5,23.4,16,23.45,7,1,2022-08-10 09:02:42
1660122163016979000,23.45,1,23.4,19,23.45,7,1,2022-08-10 09:02:43
1660122163341964000,23.45,1,23.4,19,23.45,6,1,2022-08-10 09:02:43
1660122163626976000,23.45,2,23.4,19,23.45,6,1,2022-08-10 09:02:43
1660122164139376000,23.45,1,23.4,19,23.45,9,1,2022-08-10 09:02:44
1660122164366005000,23.45,1,23.4,23,23.45,7,1,2022-08-10 09:02:44
1660122164489979000,23.45,1,23.4,23,23.45,6,1,2022-08-10 09:02:44
1660122164513153000,23.45,1,23.4,23,23.45,5,1,2022-08-10 09:02:44
1660122164513213000,23.45,1,23.4,23,23.45,4,1,2022-08-10 09:02:44
1660122164693394000,23.45,2,23.4,23,23.45,4,1,2022-08-10 09:02:44
1660122164760487000,23.45,1,23.4,23,23.45,3,1,2022-08-10 09:02:44
1660122164957081000,23.45,2,23.4,23,23.45,11,1,2022-08-10 09:02:44
1660122165646302000,23.45,4,23.4,23,23.45,13,1,2022-08-10 09:02:45
1660122165656622000,23.45,1,23.4,23,23.45,8,1,2022-08-10 09:02:45
1660122165690183000,23.4,1,23.4,22,23.45,8,2,2022-08-10 09:02:45
1660122166081815000,23.45,1,23.4,22,23.45,7,1,2022-08-10 09:02:46
1660122166111254000,23.4,10,23.4,22,23.45,8,2,2022-08-10 09:02:46
1660122166150056000,23.4,12,23.35,32,23.45,7,2,2022-08-10 09:02:46
1660122166398494000,23.45,1,23.35,32,23.45,6,1,2022-08-10 09:02:46
1660122166589019000,23.35,1,23.35,31,23.4,10,2,2022-08-10 09:02:46
1660122167130541000,23.4,1,23.35,32,23.4,10,1,2022-08-10 09:02:47
1660122167553737000,23.4,5,23.35,32,23.4,11,1,2022-08-10 09:02:47
1660122168330160000,23.4,1,23.35,29,23.4,5,1,2022-08-10 09:02:48
1660122168391082000,23.4,2,23.35,29,23.4,13,1,2022-08-10 09:02:48
1660122168589767000,23.35,1,23.35,28,23.4,12,2,2022-08-10 09:02:48
1660122168780859000,23.4,1,23.35,27,23.4,11,1,2022-08-10 09:02:48
1660122169018141000,23.4,2,23.35,27,23.4,9,1,2022-08-10 09:02:49
1660122169212116000,23.4,1,23.35,30,23.4,8,1,2022-08-10 09:02:49
1660122169366556000,23.4,2,23.35,30,23.4,10,1,2022-08-10 09:02:49
1660122169667643000,23.4,8,23.4,7,23.45,17,1,2022-08-10 09:02:49
1660122169769166000,23.4,3,23.4,4,23.45,17,2,2022-08-10 09:02:49
1660122169875996000,23.4,4,23.35,19,23.45,17,2,2022-08-10 09:02:49
1660122169875996000,23.35,11,23.35,19,23.45,17,2,2022-08-10 09:02:49
1660122170141232000,23.4,1,23.4,10,23.45,17,2,2022-08-10 09:02:50
1660122170702765000,23.4,3,23.4,7,23.45,17,2,2022-08-10 09:02:50
1660122170843488000,23.4,2,23.4,5,23.45,22,2,2022-08-10 09:02:50
1660122170868999000,23.4,3,23.4,2,23.45,22,2,2022-08-10 09:02:50
1660122170869319000,23.4,2,23.35,20,23.45,22,2,2022-08-10 09:02:50
1660122171097167000,23.45,1,23.35,21,23.45,22,1,2022-08-10 09:02:51
1660122172292151000,23.4,1,23.35,21,23.45,21,2,2022-08-10 09:02:52
1660122172565343000,23.4,1,23.4,4,23.45,21,2,2022-08-10 09:02:52
1660122172756952000,23.4,1,23.4,4,23.45,21,2,2022-08-10 09:02:52
1660122173619505000,23.4,3,23.4,6,23.45,25,2,2022-08-10 09:02:53
1660122173707605000,23.4,6,23.35,24,23.45,26,2,2022-08-10 09:02:53
1660122173724579000,23.35,1,23.35,23,23.45,26,2,2022-08-10 09:02:53
1660122173942754000,23.45,1,23.35,23,23.45,30,1,2022-08-10 09:02:53
1660122174075512000,23.35,1,23.35,22,23.45,30,2,2022-08-10 09:02:54
1660122174129024000,23.4,1,23.4,1,23.45,30,2,2022-08-10 09:02:54
1660122174486171000,23.4,10,23.35,22,23.4,1,1,2022-08-10 09:02:54
1660122174655069000,23.35,1,23.35,23,23.4,2,2,2022-08-10 09:02:54
1660122174663824000,23.35,1,23.35,21,23.4,2,2,2022-08-10 09:02:54
1660122174812211000,23.4,2,23.35,21,23.45,25,1,2022-08-10 09:02:54
1660122174812211000,23.45,8,23.35,21,23.45,25,1,2022-08-10 09:02:54
1660122174905725000,23.35,2,23.35,19,23.45,25,2,2022-08-10 09:02:54
1660122175037022000,23.4,1,23.35,19,23.4,1,1,2022-08-10 09:02:55
1660122175052510000,23.4,1,23.35,19,23.45,25,1,2022-08-10 09:02:55
1660122175148546000,23.4,1,23.4,1,23.45,25,2,2022-08-10 09:02:55
1660122175231866000,23.4,1,23.35,19,23.4,9,2,2022-08-10 09:02:55
1660122175459963000,23.4,3,23.35,19,23.4,6,1,2022-08-10 09:02:55
1660122176214450000,23.35,10,23.35,9,23.4,21,2,2022-08-10 09:02:56
1660122176240069000,23.35,9,23.3,42,23.4,21,2,2022-08-10 09:02:56
1660122176918831000,23.35,5,23.3,42,23.35,9,1,2022-08-10 09:02:56
1660122177168427000,23.35,1,23.3,42,23.35,8,1,2022-08-10 09:02:57
1660122177401242000,23.35,1,23.3,42,23.35,8,1,2022-08-10 09:02:57
1660122177510927000,23.3,1,23.3,41,23.35,8,2,2022-08-10 09:02:57
1660122178193777000,23.35,1,23.3,41,23.35,8,1,2022-08-10 09:02:58
1660122178365483000,23.35,4,23.3,41,23.35,4,1,2022-08-10 09:02:58
1660122178744085000,23.3,1,23.3,40,23.35,4,2,2022-08-10 09:02:58
1660122178792387000,23.35,2,23.3,40,23.35,2,1,2022-08-10 09:02:58
1660122178992840000,23.35,1,23.3,40,23.35,1,1,2022-08-10 09:02:58
1660122180061035000,23.35,1,23.3,40,23.4,22,1,2022-08-10 09:03:00
1660122180274651000,23.35,1,23.3,40,23.35,3,1,2022-08-10 09:03:00
1660122181149782000,23.35,1,23.3,35,23.35,2,1,2022-08-10 09:03:01
1660122181569550000,23.35,2,23.3,35,23.4,29,1,2022-08-10 09:03:01
1660122181569550000,23.4,3,23.3,35,23.4,29,1,2022-08-10 09:03:01
1660122181867099000,23.35,1,23.3,35,23.35,9,2,2022-08-10 09:03:01
1660122182261279000,23.35,1,23.3,35,23.35,18,1,2022-08-10 09:03:02
1660122182292383000,23.35,5,23.3,35,23.35,13,1,2022-08-10 09:03:02
1660122182348494000,23.3,2,23.3,33,23.35,13,2,2022-08-10 09:03:02
1660122182383995000,23.35,3,23.3,33,23.35,10,1,2022-08-10 09:03:02
1660122182672409000,23.35,1,23.3,33,23.35,13,1,2022-08-10 09:03:02
1660122183230724000,23.3,3,23.3,29,23.35,13,2,2022-08-10 09:03:03
1660122183726461000,23.3,28,23.25,18,23.35,18,2,2022-08-10 09:03:03
1660122183749209000,23.25,1,23.25,17,23.35,18,2,2022-08-10 09:03:03
1660122183804372000,23.3,3,23.25,17,23.35,18,2,2022-08-10 09:03:03
1660122184744017000,23.35,5,23.25,17,23.35,18,1,2022-08-10 09:03:04
1660122185798207000,23.25,4,23.25,14,23.3,2,2,2022-08-10 09:03:05
1660122185877399000,23.3,2,23.25,14,23.35,19,1,2022-08-10 09:03:05
1660122185942440000,23.25,4,23.25,10,23.35,29,2,2022-08-10 09:03:05
1660122185953611000,23.25,3,23.25,7,23.35,29,2,2022-08-10 09:03:05
1660122185970409000,23.25,7,23.2,36,23.35,29,2,2022-08-10 09:03:05
1660122186224806000,23.35,3,23.2,30,23.35,28,1,2022-08-10 09:03:06
1660122186531410000,23.3,1,23.2,30,23.3,1,2,2022-08-10 09:03:06
1660122186542081000,23.3,1,23.2,30,23.35,28,1,2022-08-10 09:03:06
1660122186785059000,23.3,3,23.3,1,23.35,28,2,2022-08-10 09:03:06
1660122186786901000,23.3,1,23.2,30,23.25,9,2,2022-08-10 09:03:06
1660122188061314000,23.25,3,23.2,30,23.25,6,1,2022-08-10 09:03:08
1660122188103532000,23.2,1,23.2,29,23.25,6,2,2022-08-10 09:03:08
1660122188162358000,23.2,1,23.2,28,23.25,6,2,2022-08-10 09:03:08
1660122188689981000,23.25,1,23.2,28,23.25,5,1,2022-08-10 09:03:08
1660122189411595000,23.25,5,23.2,24,23.35,44,1,2022-08-10 09:03:09
1660122189411595000,23.3,2,23.2,24,23.35,44,1,2022-08-10 09:03:09
1660122189411595000,23.35,3,23.2,24,23.35,44,1,2022-08-10 09:03:09
1660122189532831000,23.2,10,23.2,24,23.35,38,2,2022-08-10 09:03:09
1660122189894705000,23.35,2,23.2,14,23.35,36,1,2022-08-10 09:03:09
1660122191330916000,23.2,2,23.2,14,23.35,38,2,2022-08-10 09:03:11
1660122191595306000,23.2,2,23.2,12,23.35,38,2,2022-08-10 09:03:11
1660122191603550000,23.2,4,23.2,9,23.35,38,2,2022-08-10 09:03:11
1660122191667344000,23.2,1,23.2,8,23.35,38,2,2022-08-10 09:03:11
1660122191985237000,23.2,1,23.2,13,23.35,38,2,2022-08-10 09:03:11
1660122193104011000,23.2,4,23.2,4,23.3,1,2,2022-08-10 09:03:13
1660122193882568000,23.2,1,23.2,4,23.3,1,2,2022-08-10 09:03:13
1660122194033964000,23.2,4,23.15,24,23.3,2,2,2022-08-10 09:03:14
1660122195385784000,23.3,5,23.2,3,23.3,12,1,2022-08-10 09:03:15
1660122196891579000,23.3,2,23.2,7,23.3,7,1,2022-08-10 09:03:16
1660122197095122000,23.2,1,23.2,6,23.3,5,2,2022-08-10 09:03:17
1660122197375446000,23.2,1,23.2,5,23.3,5,2,2022-08-10 09:03:17
1660122197436237000,23.3,1,23.2,5,23.3,4,1,2022-08-10 09:03:17
1660122197480780000,23.3,1,23.2,5,23.3,3,1,2022-08-10 09:03:17
1660122198480987000,23.3,3,23.3,7,23.35,50,1,2022-08-10 09:03:18
1660122198851501000,23.3,7,23.2,8,23.35,44,2,2022-08-10 09:03:18
1660122198851501000,23.2,7,23.2,8,23.35,44,2,2022-08-10 09:03:18
1660122199584990000,23.2,1,23.15,37,23.3,20,2,2022-08-10 09:03:19
1660122199584990000,23.15,2,23.15,37,23.3,20,2,2022-08-10 09:03:19
1660122199858617000,23.15,2,23.15,28,23.3,20,2,2022-08-10 09:03:19
1660122200874023000,23.3,1,23.2,3,23.3,19,1,2022-08-10 09:03:20
1660122201098437000,23.3,1,23.2,3,23.3,18,1,2022-08-10 09:03:21
1660122201323764000,23.2,3,23.15,35,23.2,2,2,2022-08-10 09:03:21
1660122201435804000,23.2,1,23.15,28,23.2,1,1,2022-08-10 09:03:21
1660122201460953000,23.15,2,23.15,28,23.2,2,2,2022-08-10 09:03:21
1660122201669090000,23.15,1,23.15,25,23.2,1,2,2022-08-10 09:03:21
1660122202336011000,23.2,1,23.15,25,23.25,1,1,2022-08-10 09:03:22
1660122204059637000,23.2,15,23.15,17,23.2,12,2,2022-08-10 09:03:24
1660122205261575000,23.2,1,23.15,20,23.2,12,1,2022-08-10 09:03:25
1660122205987752000,23.15,10,23.15,20,23.2,11,2,2022-08-10 09:03:25
1660122206232610000,23.2,1,23.15,10,23.2,10,1,2022-08-10 09:03:26
1660122206334288000,23.15,3,23.15,7,23.2,10,2,2022-08-10 09:03:26
1660122206682763000,23.2,5,23.15,7,23.2,8,1,2022-08-10 09:03:26
1660122207166339000,23.2,6,23.15,7,23.2,8,1,2022-08-10 09:03:27
1660122208413788000,23.15,1,23.15,16,23.2,2,2,2022-08-10 09:03:28
1660122208424649000,23.2,1,23.15,16,23.2,1,1,2022-08-10 09:03:28
1660122208531832000,23.2,1,23.15,16,23.2,1,1,2022-08-10 09:03:28
1660122209644901000,23.25,2,23.2,2,23.25,4,1,2022-08-10 09:03:29
1660122209671324000,23.2,2,23.15,5,23.25,4,2,2022-08-10 09:03:29
1660122209671324000,23.15,12,23.15,5,23.25,4,2,2022-08-10 09:03:29
1660122210771221000,23.2,2,23.15,5,23.25,4,1,2022-08-10 09:03:30
1660122212231680000,23.2,1,23.15,3,23.25,6,2,2022-08-10 09:03:32
1660122212231680000,23.15,2,23.15,3,23.25,6,2,2022-08-10 09:03:32
1660122212679551000,23.2,1,23.2,2,23.25,6,2,2022-08-10 09:03:32
1660122213083599000,23.2,1,23.15,3,23.2,2,2,2022-08-10 09:03:33
1660122214905263000,23.2,8,23.15,7,23.25,4,1,2022-08-10 09:03:34
1660122214905263000,23.25,2,23.15,7,23.25,4,1,2022-08-10 09:03:34
1660122215094179000,23.25,1,23.15,6,23.25,3,1,2022-08-10 09:03:35
1660122215170706000,23.15,5,23.15,1,23.25,3,2,2022-08-10 09:03:35
1660122215410742000,23.15,1,23.1,39,23.25,3,2,2022-08-10 09:03:35
1660122215410742000,23.1,2,23.1,39,23.25,3,2,2022-08-10 09:03:35
1660122215989431000,23.15,9,23.15,9,23.25,3,2,2022-08-10 09:03:35
1660122216526121000,23.1,2,23.1,34,23.15,1,2,2022-08-10 09:03:36
1660122216540388000,23.15,1,23.15,4,23.25,9,1,2022-08-10 09:03:36
1660122216854454000,23.15,1,23.15,3,23.25,3,2,2022-08-10 09:03:36
1660122217206732000,23.15,1,23.15,3,23.25,3,2,2022-08-10 09:03:37
1660122217439222000,23.15,3,23.1,28,23.25,3,2,2022-08-10 09:03:37
1660122217439222000,23.1,12,23.1,28,23.25,3,2,2022-08-10 09:03:37
1660122217554977000,23.2,1,23.2,9,23.25,9,1,2022-08-10 09:03:37
1660122217654878000,23.2,1,23.2,8,23.25,3,2,2022-08-10 09:03:37
1660122217886152000,23.2,2,23.2,8,23.25,3,2,2022-08-10 09:03:37
1660122218198971000,23.2,2,23.2,4,23.25,3,2,2022-08-10 09:03:38
1660122218234442000,23.2,4,23.15,1,23.25,3,2,2022-08-10 09:03:38
1660122219239915000,23.2,1,23.2,9,23.25,5,1,2022-08-10 09:03:39
1660122219651461000,23.2,1,23.2,8,23.25,5,2,2022-08-10 09:03:39
1660122221665192000,23.2,1,23.2,8,23.25,5,2,2022-08-10 09:03:41
1660122222685391000,23.2,4,23.2,5,23.25,5,2,2022-08-10 09:03:42
1660122222868009000,23.2,1,23.2,5,23.25,5,2,2022-08-10 09:03:42
1660122223570152000,23.2,2,23.2,2,23.25,5,2,2022-08-10 09:03:43
1660122223603697000,23.2,2,23.15,2,23.25,5,2,2022-08-10 09:03:43
1660122224342098000,23.2,1,23.15,2,23.2,3,1,2022-08-10 09:03:44
1660122225499423000,23.15,1,23.15,2,23.2,4,2,2022-08-10 09:03:45
1660122225929267000,23.2,1,23.15,1,23.2,3,1,2022-08-10 09:03:45
1660122228418613000,23.15,1,23.15,2,23.2,4,2,2022-08-10 09:03:48
1660122228767590000,23.2,1,23.15,2,23.2,3,1,2022-08-10 09:03:48
1660122228851582000,23.2,1,23.15,2,23.2,4,1,2022-08-10 09:03:48
1660122229382203000,23.2,1,23.15,2,23.2,1,1,2022-08-10 09:03:49
1660122229891638000,23.15,1,23.15,1,23.2,1,2,2022-08-10 09:03:49
1660122230108466000,23.15,1,23.1,24,23.2,1,2,2022-08-10 09:03:50
1660122230108466000,23.1,1,23.1,24,23.2,1,2,2022-08-10 09:03:50
1660122230567922000,23.2,1,23.1,18,23.25,7,1,2022-08-10 09:03:50
1660122230567922000,23.25,1,23.1,18,23.25,7,1,2022-08-10 09:03:50
1660122230780896000,23.1,1,23.1,17,23.25,7,2,2022-08-10 09:03:50
1660122230851584000,23.15,1,23.1,17,23.15,4,1,2022-08-10 09:03:50
1660122230879403000,23.15,1,23.1,17,23.15,4,1,2022-08-10 09:03:50
1660122231326375000,23.15,1,23.1,17,23.15,2,1,2022-08-10 09:03:51
1660122231391398000,23.15,1,23.1,17,23.15,1,1,2022-08-10 09:03:51
1660122232137652000,23.15,1,23.1,17,23.2,1,1,2022-08-10 09:03:52
1660122235260931000,23.1,2,23.1,16,23.15,3,2,2022-08-10 09:03:55
1660122236066589000,23.15,2,23.1,16,23.15,1,1,2022-08-10 09:03:56
1660122236792910000,23.15,1,23.1,17,23.2,7,1,2022-08-10 09:03:56
1660122236945625000,23.1,17,23.05,65,23.1,3,2,2022-08-10 09:03:56
1660122236967716000,23.05,30,23.05,29,23.1,3,2,2022-08-10 09:03:56
1660122236976801000,23.05,1,23.05,28,23.1,3,2,2022-08-10 09:03:56
1660122237271401000,23.1,1,23.05,28,23.1,2,1,2022-08-10 09:03:57
1660122237937610000,23.1,1,23.05,28,23.1,2,1,2022-08-10 09:03:57
1660122238094928000,23.1,1,23.05,28,23.1,10,1,2022-08-10 09:03:58
1660122238965949000,23.1,4,23.05,28,23.1,10,1,2022-08-10 09:03:58
1660122240658507000,23.1,10,23.05,27,23.1,12,1,2022-08-10 09:04:00
1660122240685986000,23.1,5,23.05,22,23.1,7,1,2022-08-10 09:04:00
1660122240724456000,23.05,1,23.05,21,23.1,7,2,2022-08-10 09:04:00
1660122240806410000,23.1,1,23.05,21,23.1,8,1,2022-08-10 09:04:00
1660122241564636000,23.1,1,23.05,20,23.1,8,1,2022-08-10 09:04:01
1660122241750960000,23.05,1,23.05,20,23.1,8,2,2022-08-10 09:04:01
1660122242685025000,23.05,1,23.05,18,23.1,8,2,2022-08-10 09:04:02
1660122242796162000,23.1,8,23.1,2,23.15,2,1,2022-08-10 09:04:02
1660122242877665000,23.1,2,23.05,18,23.15,2,2,2022-08-10 09:04:02
1660122243031791000,23.15,1,23.05,18,23.15,1,1,2022-08-10 09:04:03
1660122243493061000,23.15,1,23.1,1,23.15,1,1,2022-08-10 09:04:03
1660122244085880000,23.1,1,23.05,20,23.1,1,2,2022-08-10 09:04:04
1660122244449973000,23.1,1,23.05,20,23.2,19,1,2022-08-10 09:04:04
1660122245449798000,23.05,9,23.05,21,23.2,14,2,2022-08-10 09:04:05
1660122245664165000,23.15,1,23.1,2,23.2,14,2,2022-08-10 09:04:05
1660122246082735000,23.2,2,23.15,1,23.2,16,1,2022-08-10 09:04:06
1660122246253427000,23.15,1,23.05,16,23.2,16,2,2022-08-10 09:04:06
1660122246253427000,23.1,2,23.05,16,23.2,16,2,2022-08-10 09:04:06
1660122246253427000,23.05,2,23.05,16,23.2,16,2,2022-08-10 09:04:06
1660122246380085000,23.1,2,23.05,9,23.15,1,2,2022-08-10 09:04:06
1660122246380085000,23.05,1,23.05,9,23.15,1,2,2022-08-10 09:04:06
1660122248336623000,23.05,1,23.05,11,23.15,17,2,2022-08-10 09:04:08
1660122253821981000,23.05,10,23.05,3,23.1,5,2,2022-08-10 09:04:13
1660122253940569000,23.05,1,23.05,6,23.1,15,2,2022-08-10 09:04:13
1660122253972368000,23.1,1,23.05,7,23.1,15,1,2022-08-10 09:04:13
1660122254863025000,23.05,2,23.05,9,23.1,14,2,2022-08-10 09:04:14
1660122254896753000,23.05,1,23.05,8,23.1,14,2,2022-08-10 09:04:14
1660122255150575000,23.05,8,23.0,226,23.05,2,2,2022-08-10 09:04:15
1660122255869754000,23.0,3,23.0,217,23.05,2,2,2022-08-10 09:04:15
1660122255972386000,23.05,1,23.0,217,23.05,1,1,2022-08-10 09:04:15
1660122256374674000,23.05,1,23.0,217,23.1,15,1,2022-08-10 09:04:16
1660122256374674000,23.1,1,23.0,217,23.1,15,1,2022-08-10 09:04:16
1660122257122478000,23.05,1,23.0,217,23.05,2,2,2022-08-10 09:04:17
1660122257648562000,23.05,1,23.0,219,23.05,1,1,2022-08-10 09:04:17
1660122258027230000,23.05,1,23.0,220,23.1,17,1,2022-08-10 09:04:18
1660122258985815000,23.0,1,23.0,219,23.05,22,2,2022-08-10 09:04:18
1660122259869238000,23.05,1,23.0,218,23.05,23,1,2022-08-10 09:04:19
1660122260249546000,23.05,6,23.0,218,23.05,19,1,2022-08-10 09:04:20
1660122260315615000,23.0,1,23.0,217,23.05,19,2,2022-08-10 09:04:20
1660122260682153000,23.0,10,23.0,207,23.05,19,2,2022-08-10 09:04:20
1660122260838917000,23.0,1,23.0,205,23.05,19,2,2022-08-10 09:04:20
1660122262616223000,23.0,1,23.0,206,23.05,33,2,2022-08-10 09:04:22
1660122262981645000,23.0,2,23.0,204,23.05,33,2,2022-08-10 09:04:22
1660122263134943000,23.05,1,23.0,204,23.05,32,1,2022-08-10 09:04:23
1660122264396867000,23.0,1,23.0,203,23.05,32,2,2022-08-10 09:04:24
1660122264804479000,23.0,1,23.0,202,23.05,32,2,2022-08-10 09:04:24
1660122264840493000,23.05,1,23.0,202,23.05,31,1,2022-08-10 09:04:24
1660122264926279000,23.0,3,23.0,199,23.05,31,2,2022-08-10 09:04:24
1660122265093563000,23.05,1,23.0,199,23.05,30,1,2022-08-10 09:04:25
1660122265251979000,23.05,1,23.0,199,23.05,29,1,2022-08-10 09:04:25
1660122265855994000,23.0,10,23.0,194,23.05,29,2,2022-08-10 09:04:25
1660122266864683000,23.0,80,23.0,115,23.05,30,2,2022-08-10 09:04:26
1660122266894837000,23.0,36,23.0,79,23.05,31,2,2022-08-10 09:04:26
1660122266894995000,23.0,36,23.0,43,23.05,31,2,2022-08-10 09:04:26
1660122266897636000,23.05,18,23.0,43,23.05,13,1,2022-08-10 09:04:26
1660122266899355000,23.0,1,23.0,42,23.05,13,2,2022-08-10 09:04:26
1660122266906731000,23.0,1,23.0,41,23.05,13,2,2022-08-10 09:04:26
1660122266913679000,23.0,1,23.0,40,23.05,13,2,2022-08-10 09:04:26
1660122266922054000,23.0,1,23.0,39,23.05,13,2,2022-08-10 09:04:26
1660122266928459000,23.0,2,23.0,37,23.05,13,2,2022-08-10 09:04:26
1660122266933289000,23.0,1,23.0,36,23.05,12,2,2022-08-10 09:04:26
1660122266962613000,23.0,11,23.0,36,23.05,13,2,2022-08-10 09:04:26
1660122266994960000,23.0,2,23.0,23,23.05,13,2,2022-08-10 09:04:26
1660122267029154000,23.0,5,23.0,19,23.05,13,2,2022-08-10 09:04:27
1660122267059353000,23.0,2,23.0,17,23.05,13,2,2022-08-10 09:04:27
1660122267453842000,23.0,2,23.0,17,23.05,14,2,2022-08-10 09:04:27
1660122267535710000,23.0,1,23.0,14,23.05,14,2,2022-08-10 09:04:27
1660122267803982000,23.0,1,23.0,16,23.05,14,2,2022-08-10 09:04:27
1660122267908988000,23.0,1,23.0,15,23.05,14,2,2022-08-10 09:04:27
1660122267954309000,23.0,5,23.0,10,23.05,14,2,2022-08-10 09:04:27
1660122268017127000,23.0,10,22.95,7,23.05,14,2,2022-08-10 09:04:28
1660122268017127000,22.95,5,22.95,7,23.05,14,2,2022-08-10 09:04:28
1660122268243320000,23.05,5,22.95,7,23.05,9,1,2022-08-10 09:04:28
1660122268273399000,22.95,5,22.95,2,23.05,9,2,2022-08-10 09:04:28
1660122268304373000,22.95,2,22.9,26,23.05,9,2,2022-08-10 09:04:28
1660122268304373000,22.9,3,22.9,26,23.05,9,2,2022-08-10 09:04:28
1660122268804856000,23.0,2,22.9,20,23.05,15,1,2022-08-10 09:04:28
1660122268868336000,22.9,10,22.9,10,23.05,9,2,2022-08-10 09:04:28
1660122269756163000,23.05,1,22.9,10,23.05,9,1,2022-08-10 09:04:29
1660122269836774000,22.9,1,22.9,9,23.05,9,2,2022-08-10 09:04:29
1660122269957684000,23.0,1,22.9,9,23.05,9,2,2022-08-10 09:04:29
1660122270531409000,23.0,1,22.9,9,23.0,1,1,2022-08-10 09:04:30
1660122270958364000,22.9,1,22.9,9,23.0,20,2,2022-08-10 09:04:30
1660122271125568000,22.9,1,22.9,7,23.0,20,2,2022-08-10 09:04:31
1660122271954828000,22.95,1,22.9,8,23.0,21,2,2022-08-10 09:04:31
1660122271954828000,22.9,1,22.9,8,23.0,21,2,2022-08-10 09:04:31
1660122272180898000,22.9,1,22.9,7,23.0,21,2,2022-08-10 09:04:32
1660122273578850000,22.9,7,22.85,19,22.95,3,2,2022-08-10 09:04:33
1660122273578850000,22.85,3,22.85,19,22.95,3,2,2022-08-10 09:04:33
1660122274048539000,22.9,2,22.85,13,22.95,5,1,2022-08-10 09:04:34
1660122274048539000,22.95,8,22.85,13,22.95,5,1,2022-08-10 09:04:34
1660122274631660000,22.9,1,22.85,15,22.9,6,1,2022-08-10 09:04:34
1660122275010256000,22.9,1,22.85,15,22.9,4,1,2022-08-10 09:04:35
1660122275043441000,22.9,4,22.85,15,22.95,5,1,2022-08-10 09:04:35
1660122275343035000,22.9,1,22.9,1,22.95,5,1,2022-08-10 09:04:35
1660122275841090000,22.9,1,22.9,8,23.0,25,2,2022-08-10 09:04:35
1660122276120629000,22.9,2,22.9,6,22.95,1,2,2022-08-10 09:04:36
1660122277169831000,22.9,1,22.9,9,22.95,1,2,2022-08-10 09:04:37
1660122277393720000,22.95,1,22.95,3,23.0,15,1,2022-08-10 09:04:37
1660122278126530000,22.95,1,22.95,2,23.0,15,2,2022-08-10 09:04:38
1660122280086246000,22.95,2,22.95,2,23.0,16,2,2022-08-10 09:04:40
1660122281005912000,22.95,2,22.95,11,23.0,35,2,2022-08-10 09:04:41
1660122281040856000,22.95,1,22.95,10,23.0,35,2,2022-08-10 09:04:41
1660122281123321000,22.95,1,22.95,9,23.0,35,2,2022-08-10 09:04:41
1660122281895751000,23.0,1,22.95,10,23.0,55,1,2022-08-10 09:04:41
1660122282588904000,22.95,1,22.95,10,23.0,50,2,2022-08-10 09:04:42
1660122282773191000,22.95,1,22.95,9,23.0,50,2,2022-08-10 09:04:42
1660122283593733000,22.95,5,22.95,5,23.0,60,2,2022-08-10 09:04:43
1660122284194366000,22.95,3,22.95,2,23.0,60,2,2022-08-10 09:04:44
1660122284436879000,22.95,1,22.95,2,23.0,60,2,2022-08-10 09:04:44
1660122285632932000,22.95,1,22.95,7,23.0,50,2,2022-08-10 09:04:45
1660122285659974000,22.95,1,22.95,6,23.0,50,2,2022-08-10 09:04:45
1660122287491347000,22.95,1,22.95,12,23.0,51,2,2022-08-10 09:04:47
1660122287608352000,22.95,1,22.95,13,23.0,51,2,2022-08-10 09:04:47
1660122288487300000,22.95,1,22.95,12,23.0,60,2,2022-08-10 09:04:48
1660122288957321000,22.95,2,22.95,10,23.0,60,2,2022-08-10 09:04:48
1660122288993260000,22.95,1,22.95,9,23.0,60,2,2022-08-10 09:04:48
1660122289051255000,22.95,1,22.95,8,23.0,60,2,2022-08-10 09:04:49
1660122289303591000,22.95,8,22.9,29,22.95,2,2,2022-08-10 09:04:49
1660122289847940000,22.95,1,22.9,34,22.95,11,1,2022-08-10 09:04:49
1660122290446754000,22.95,1,22.9,34,22.95,10,1,2022-08-10 09:04:50
1660122290457629000,22.95,1,22.9,34,22.95,9,1,2022-08-10 09:04:50
1660122291409266000,22.95,1,22.9,34,22.95,21,1,2022-08-10 09:04:51
1660122293042011000,22.95,1,22.9,39,22.95,19,1,2022-08-10 09:04:53
1660122293227673000,22.95,1,22.9,39,22.95,18,1,2022-08-10 09:04:53
1660122293625301000,22.95,10,22.9,31,22.95,14,1,2022-08-10 09:04:53
1660122293660580000,22.9,1,22.9,30,22.95,14,2,2022-08-10 09:04:53
1660122293919039000,22.9,1,22.9,41,22.95,24,2,2022-08-10 09:04:53
1660122294128597000,22.95,5,22.9,29,22.95,9,1,2022-08-10 09:04:54
1660122294631384000,22.95,1,22.9,30,22.95,8,1,2022-08-10 09:04:54
1660122294661256000,22.95,8,22.9,30,23.0,54,1,2022-08-10 09:04:54
1660122294754829000,23.0,5,22.9,30,23.0,49,1,2022-08-10 09:04:54
1660122294835511000,22.95,1,22.95,1,23.0,49,1,2022-08-10 09:04:54
1660122295789911000,22.95,1,22.95,3,23.0,55,2,2022-08-10 09:04:55
1660122295923582000,22.95,1,22.95,4,23.0,55,2,2022-08-10 09:04:55
1660122297002055000,22.95,2,22.95,8,23.0,55,2,2022-08-10 09:04:57
1660122297655651000,22.95,1,22.95,7,23.0,55,2,2022-08-10 09:04:57
1660122298014470000,23.0,5,22.95,7,23.0,50,1,2022-08-10 09:04:58
1660122298382016000,23.0,1,22.95,7,23.0,49,1,2022-08-10 09:04:58
1660122301087867000,23.0,1,22.95,25,23.0,51,1,2022-08-10 09:05:01
1660122301236775000,22.95,2,22.95,23,23.0,51,2,2022-08-10 09:05:01
1660122301450961000,22.95,1,22.95,23,23.0,51,2,2022-08-10 09:05:01
1660122301459004000,22.95,1,22.95,24,23.0,51,2,2022-08-10 09:05:01
1660122301477881000,22.95,1,22.95,21,23.0,51,2,2022-08-10 09:05:01
1660122302002118000,22.95,1,22.95,27,23.0,51,2,2022-08-10 09:05:02
1660122302592621000,22.95,20,22.95,15,23.0,51,2,2022-08-10 09:05:02
1660122302626113000,22.95,1,22.95,14,23.0,51,2,2022-08-10 09:05:02
1660122302776767000,22.95,1,22.95,13,23.0,51,2,2022-08-10 09:05:02
1660122304096504000,22.95,2,22.95,24,23.0,51,2,2022-08-10 09:05:04
1660122305383670000,22.95,1,22.95,28,23.0,61,2,2022-08-10 09:05:05
1660122306341291000,22.95,2,22.95,26,23.0,61,2,2022-08-10 09:05:06
1660122307331546000,22.95,2,22.95,27,23.0,61,2,2022-08-10 09:05:07
1660122309052145000,22.95,1,22.95,29,23.0,41,2,2022-08-10 09:05:09
1660122310093398000,23.0,1,22.95,29,23.0,34,1,2022-08-10 09:05:10
1660122310674608000,23.0,2,22.95,29,23.0,32,1,2022-08-10 09:05:10
1660122310705729000,23.0,32,22.95,29,23.05,7,1,2022-08-10 09:05:10
1660122311435950000,23.05,1,22.95,32,23.05,5,1,2022-08-10 09:05:11
1660122311457587000,23.05,5,22.95,32,23.1,3,1,2022-08-10 09:05:11
1660122311552791000,23.1,3,22.95,41,23.15,2,1,2022-08-10 09:05:11
1660122311552791000,23.15,17,22.95,41,23.15,2,1,2022-08-10 09:05:11
1660122311603959000,23.15,1,22.95,41,23.15,1,1,2022-08-10 09:05:11
1660122311604188000,23.15,1,22.95,41,23.2,16,1,2022-08-10 09:05:11
1660122311604188000,23.2,2,22.95,41,23.2,16,1,2022-08-10 09:05:11
1660122311928373000,23.2,1,23.0,7,23.2,16,1,2022-08-10 09:05:11
1660122313613569000,23.0,3,23.0,3,23.2,15,2,2022-08-10 09:05:13
1660122313718022000,23.15,1,23.0,3,23.2,14,1,2022-08-10 09:05:13
1660122313718022000,23.2,1,23.0,3,23.2,14,1,2022-08-10 09:05:13
1660122316926017000,23.15,1,23.0,14,23.2,14,1,2022-08-10 09:05:16
1660122317638398000,23.0,2,23.0,13,23.2,14,2,2022-08-10 09:05:17
1660122318197709000,23.0,1,23.0,13,23.05,1,2,2022-08-10 09:05:18
1660122319106015000,23.05,1,23.1,9,23.15,11,1,2022-08-10 09:05:19
1660122319116518000,23.1,9,23.0,14,23.15,11,2,2022-08-10 09:05:19
1660122319166428000,23.0,2,23.0,12,23.15,11,2,2022-08-10 09:05:19
1660122319171179000,23.0,1,23.0,14,23.15,11,2,2022-08-10 09:05:19
1660122325019123000,23.1,1,23.05,8,23.1,4,1,2022-08-10 09:05:25
1660122325075505000,23.05,3,23.05,7,23.1,4,2,2022-08-10 09:05:25
1660122325283841000,23.05,3,23.05,4,23.1,4,2,2022-08-10 09:05:25
1660122327382009000,23.05,2,23.05,8,23.1,4,2,2022-08-10 09:05:27
1660122327702142000,23.05,5,23.05,1,23.1,4,2,2022-08-10 09:05:27
1660122328113106000,23.1,2,23.05,1,23.1,2,1,2022-08-10 09:05:28
1660122328830446000,23.05,1,23.0,30,23.1,2,2,2022-08-10 09:05:28
1660122328830446000,23.0,1,23.0,30,23.1,2,2,2022-08-10 09:05:28
1660122328885519000,23.0,2,23.0,28,23.1,2,2,2022-08-10 09:05:28
1660122329715368000,23.1,1,23.0,28,23.1,1,1,2022-08-10 09:05:29
1660122329751053000,23.1,1,23.0,28,23.15,3,1,2022-08-10 09:05:29
1660122330074695000,23.15,3,23.0,28,23.2,17,1,2022-08-10 09:05:30
1660122330074695000,23.2,2,23.0,28,23.2,17,1,2022-08-10 09:05:30
1660122332784321000,23.1,1,23.0,30,23.1,4,1,2022-08-10 09:05:32
1660122332894243000,23.1,4,23.0,31,23.15,5,1,2022-08-10 09:05:32
1660122332894243000,23.15,1,23.0,31,23.15,5,1,2022-08-10 09:05:32
1660122333006114000,23.15,1,23.1,1,23.15,4,1,2022-08-10 09:05:33
1660122339184740000,23.15,6,23.15,44,23.2,18,1,2022-08-10 09:05:39
1660122340084893000,23.15,1,23.15,43,23.2,18,2,2022-08-10 09:05:40
1660122340087747000,23.2,12,23.15,43,23.2,6,1,2022-08-10 09:05:40
1660122340123796000,23.2,4,23.15,43,23.2,2,1,2022-08-10 09:05:40
1660122340124327000,23.2,2,23.15,43,23.25,10,1,2022-08-10 09:05:40
1660122340316877000,23.15,5,23.15,53,23.25,10,2,2022-08-10 09:05:40
1660122342071966000,23.2,10,23.2,2,23.25,10,1,2022-08-10 09:05:42
1660122343453512000,23.2,2,23.2,2,23.25,10,2,2022-08-10 09:05:43
1660122343453512000,23.15,3,23.2,2,23.25,10,2,2022-08-10 09:05:43
1660122347702884000,23.15,10,23.15,42,23.2,3,2,2022-08-10 09:05:47
1660122347719115000,23.2,1,23.15,42,23.2,2,1,2022-08-10 09:05:47
1660122349113479000,23.15,1,23.15,48,23.2,2,2,2022-08-10 09:05:49
1660122349904535000,23.15,2,23.15,51,23.2,4,2,2022-08-10 09:05:49
1660122350085590000,23.2,4,23.2,1,23.25,11,1,2022-08-10 09:05:50
1660122350106463000,23.2,1,23.15,49,23.25,11,2,2022-08-10 09:05:50
1660122351607230000,23.2,3,23.2,2,23.25,12,1,2022-08-10 09:05:51
1660122351809748000,23.2,1,23.2,2,23.25,12,2,2022-08-10 09:05:51
1660122353998921000,23.2,3,23.15,59,23.25,23,2,2022-08-10 09:05:53
1660122354314835000,23.25,1,23.15,61,23.25,23,1,2022-08-10 09:05:54
1660122354620838000,23.25,1,23.15,61,23.25,21,1,2022-08-10 09:05:54
1660122355277565000,23.25,1,23.2,1,23.25,20,1,2022-08-10 09:05:55
1660122355380232000,23.2,1,23.15,61,23.2,1,2,2022-08-10 09:05:55
1660122355792353000,23.2,1,23.2,3,23.25,20,1,2022-08-10 09:05:55
1660122356379189000,23.2,1,23.2,5,23.25,20,2,2022-08-10 09:05:56
1660122357358873000,23.2,1,23.2,7,23.25,20,2,2022-08-10 09:05:57
1660122357682577000,23.2,1,23.2,13,23.25,20,2,2022-08-10 09:05:57
1660122358111367000,23.2,1,23.2,11,23.25,20,2,2022-08-10 09:05:58
1660122358708102000,23.25,1,23.2,16,23.25,19,1,2022-08-10 09:05:58
1660122359651822000,23.2,20,23.2,1,23.25,22,2,2022-08-10 09:05:59
1660122359687757000,23.2,1,23.15,55,23.25,22,2,2022-08-10 09:05:59
1660122359964657000,23.2,1,23.15,55,23.2,1,1,2022-08-10 09:05:59
1660122360544588000,23.2,1,23.15,55,23.2,3,1,2022-08-10 09:06:00
1660122361172785000,23.2,1,23.15,55,23.2,3,1,2022-08-10 09:06:01
1660122361801512000,23.15,10,23.15,45,23.2,3,2,2022-08-10 09:06:01
1660122362969107000,23.2,1,23.15,48,23.2,2,1,2022-08-10 09:06:02
1660122363514219000,23.15,28,23.15,20,23.2,16,2,2022-08-10 09:06:03
1660122363544649000,23.15,13,23.15,7,23.2,16,2,2022-08-10 09:06:03
1660122363545008000,23.15,2,23.15,5,23.2,16,2,2022-08-10 09:06:03
1660122363545098000,23.15,5,23.1,19,23.2,16,2,2022-08-10 09:06:03
1660122363548055000,23.1,12,23.1,7,23.2,16,2,2022-08-10 09:06:03
1660122363844615000,23.15,1,23.1,7,23.2,16,1,2022-08-10 09:06:03
1660122364148396000,23.15,1,23.1,7,23.2,16,1,2022-08-10 09:06:04
1660122364361773000,23.2,3,23.1,7,23.2,13,1,2022-08-10 09:06:04
1660122364813867000,23.15,1,23.1,7,23.15,20,1,2022-08-10 09:06:04
1660122365294407000,23.15,1,23.1,7,23.15,20,1,2022-08-10 09:06:05
1660122365322860000,23.15,5,23.1,8,23.15,21,1,2022-08-10 09:06:05
1660122367080744000,23.1,2,23.1,5,23.15,15,2,2022-08-10 09:06:07
1660122369154479000,23.15,1,23.1,5,23.15,24,1,2022-08-10 09:06:09
1660122369639260000,23.1,1,23.1,4,23.15,24,2,2022-08-10 09:06:09
1660122370713569000,23.15,1,23.1,4,23.15,23,1,2022-08-10 09:06:10
1660122371219812000,23.1,1,23.1,4,23.15,23,2,2022-08-10 09:06:11
1660122373561477000,23.1,4,23.1,3,23.15,25,2,2022-08-10 09:06:13
1660122373877688000,23.1,1,23.1,3,23.15,25,2,2022-08-10 09:06:13
1660122375357091000,23.1,2,23.1,4,23.15,26,2,2022-08-10 09:06:15
1660122375360700000,23.1,2,23.1,2,23.15,26,2,2022-08-10 09:06:15
1660122375384160000,23.1,1,23.1,6,23.15,26,2,2022-08-10 09:06:15
1660122376791584000,23.15,3,23.1,2,23.15,25,1,2022-08-10 09:06:16
1660122377431053000,23.1,1,23.1,1,23.15,25,2,2022-08-10 09:06:17
1660122378095126000,23.1,1,23.05,20,23.1,9,2,2022-08-10 09:06:18
1660122378722317000,23.1,1,23.05,41,23.1,9,1,2022-08-10 09:06:18
1660122379505869000,23.1,1,23.05,41,23.1,18,1,2022-08-10 09:06:19
1660122380136464000,23.1,1,23.05,41,23.1,17,1,2022-08-10 09:06:20
1660122380825714000,23.05,1,23.05,40,23.1,17,2,2022-08-10 09:06:20
1660122380931320000,23.1,5,23.05,40,23.1,12,1,2022-08-10 09:06:20
1660122381110023000,23.1,1,23.05,40,23.1,11,1,2022-08-10 09:06:21
1660122388706937000,23.1,1,23.05,41,23.1,11,1,2022-08-10 09:06:28
1660122389139487000,23.05,1,23.05,40,23.1,11,2,2022-08-10 09:06:29
1660122389343163000,23.1,3,23.05,40,23.1,8,1,2022-08-10 09:06:29
1660122389397855000,23.05,1,23.05,40,23.1,11,2,2022-08-10 09:06:29
1660122391251338000,23.05,1,23.05,38,23.1,8,2,2022-08-10 09:06:31
1660122392492548000,23.05,20,23.05,19,23.1,9,2,2022-08-10 09:06:32
1660122392494413000,23.1,2,23.05,19,23.1,7,1,2022-08-10 09:06:32
1660122392527142000,23.05,9,23.05,10,23.1,7,2,2022-08-10 09:06:32
1660122392531796000,23.05,1,23.05,9,23.1,7,2,2022-08-10 09:06:32
1660122392577580000,23.05,1,23.05,8,23.1,7,2,2022-08-10 09:06:32
1660122392616175000,23.05,1,23.05,7,23.1,7,2,2022-08-10 09:06:32
1660122392679081000,23.05,1,23.05,6,23.1,7,2,2022-08-10 09:06:32
1660122392816282000,23.1,2,23.05,6,23.1,5,1,2022-08-10 09:06:32
1660122393323018000,23.05,1,23.05,5,23.1,7,2,2022-08-10 09:06:33
1660122393801677000,23.05,5,23.0,66,23.05,3,2,2022-08-10 09:06:33
1660122394917529000,23.05,1,23.0,66,23.05,2,1,2022-08-10 09:06:34
1660122395000874000,23.0,5,23.0,61,23.05,2,2,2022-08-10 09:06:35
1660122395006342000,23.05,2,23.05,3,23.1,9,1,2022-08-10 09:06:35
1660122398237171000,23.05,1,23.05,5,23.1,21,2,2022-08-10 09:06:38
1660122398831220000,23.05,1,23.05,4,23.1,21,2,2022-08-10 09:06:38
1660122399759385000,23.05,1,23.05,10,23.1,19,2,2022-08-10 09:06:39
1660122402740519000,23.05,2,23.05,8,23.1,20,2,2022-08-10 09:06:42
1660122403546044000,23.05,8,23.0,61,23.05,2,2,2022-08-10 09:06:43
1660122403570371000,23.05,2,23.0,61,23.05,2,1,2022-08-10 09:06:43
1660122403579511000,23.0,1,23.0,60,23.1,20,2,2022-08-10 09:06:43
1660122404519976000,23.1,2,23.0,60,23.1,18,1,2022-08-10 09:06:44
1660122407475909000,23.0,5,23.0,60,23.1,14,2,2022-08-10 09:06:47
1660122408175824000,23.0,10,23.0,50,23.1,14,2,2022-08-10 09:06:48
1660122409164666000,23.0,10,23.0,50,23.05,2,2,2022-08-10 09:06:49
1660122410410653000,23.0,2,23.0,40,23.05,6,2,2022-08-10 09:06:50
1660122410748103000,23.0,10,23.0,30,23.05,6,2,2022-08-10 09:06:50
1660122410777464000,23.0,1,23.0,29,23.05,6,2,2022-08-10 09:06:50
1660122411009058000,23.0,10,23.0,19,23.05,7,2,2022-08-10 09:06:51
1660122411046000000,23.0,1,23.0,18,23.05,7,2,2022-08-10 09:06:51
1660122411407282000,23.0,3,23.0,15,23.05,7,2,2022-08-10 09:06:51
1660122411429437000,23.0,1,23.0,14,23.05,7,2,2022-08-10 09:06:51
1660122411782300000,23.0,1,23.0,13,23.05,7,2,2022-08-10 09:06:51
1660122411820751000,23.0,5,23.0,8,23.05,7,2,2022-08-10 09:06:51
1660122411852450000,23.0,1,23.0,7,23.05,7,2,2022-08-10 09:06:51
1660122411890120000,23.0,7,22.95,23,23.05,8,2,2022-08-10 09:06:51
1660122413044506000,23.0,1,22.95,21,23.0,3,1,2022-08-10 09:06:53
1660122413451560000,23.0,1,22.95,21,23.0,2,1,2022-08-10 09:06:53
1660122415936999000,22.95,1,22.95,22,23.0,20,2,2022-08-10 09:06:55
1660122420030854000,22.95,5,22.95,16,23.0,20,2,2022-08-10 09:07:00
1660122420256319000,23.0,10,22.95,16,23.0,10,1,2022-08-10 09:07:00
1660122420285308000,23.0,10,22.95,16,23.05,8,1,2022-08-10 09:07:00
1660122420826074000,22.95,1,22.95,15,23.0,1,2,2022-08-10 09:07:00
1660122421067784000,22.95,10,22.95,5,23.0,1,2,2022-08-10 09:07:01
1660122421096744000,22.95,1,22.95,4,23.0,1,2,2022-08-10 09:07:01
1660122421126836000,22.95,1,22.95,3,23.0,1,2,2022-08-10 09:07:01
1660122421198608000,22.95,1,22.95,2,23.0,1,2,2022-08-10 09:07:01
1660122422188379000,22.95,2,22.9,30,22.95,1,2,2022-08-10 09:07:02
1660122422224965000,22.95,1,22.9,30,23.0,1,1,2022-08-10 09:07:02
1660122422669273000,22.9,4,22.9,26,23.0,1,2,2022-08-10 09:07:02
1660122422960988000,22.9,13,22.9,13,23.0,1,2,2022-08-10 09:07:02
1660122423415061000,22.95,3,22.9,13,22.95,3,1,2022-08-10 09:07:03
1660122425471671000,22.95,3,22.95,6,23.0,12,2,2022-08-10 09:07:05
1660122429695922000,22.95,8,22.9,13,23.0,15,2,2022-08-10 09:07:09
1660122429695922000,22.9,2,22.9,13,23.0,15,2,2022-08-10 09:07:09
1660122431418561000,22.9,1,22.9,13,22.95,1,2,2022-08-10 09:07:11
1660122431787878000,22.95,1,22.9,12,23.0,20,1,2022-08-10 09:07:11
1660122433564470000,22.95,1,22.9,12,23.0,20,1,2022-08-10 09:07:13
1660122433564470000,23.0,2,22.9,12,23.0,20,1,2022-08-10 09:07:13
1660122434934787000,22.9,3,22.9,10,22.95,8,2,2022-08-10 09:07:14
1660122436289715000,22.95,1,22.9,11,22.95,7,1,2022-08-10 09:07:16
1660122436325448000,22.9,10,22.9,1,22.95,7,2,2022-08-10 09:07:16
1660122440145359000,22.9,5,22.9,2,22.95,7,2,2022-08-10 09:07:20
1660122440264815000,22.9,1,22.9,1,22.95,7,2,2022-08-10 09:07:20
1660122440651589000,22.9,1,22.85,41,22.9,2,2,2022-08-10 09:07:20
1660122440677540000,22.9,2,22.85,41,22.95,7,1,2022-08-10 09:07:20
1660122440682267000,22.85,1,22.85,40,22.95,7,2,2022-08-10 09:07:20
1660122442420881000,22.9,1,22.9,1,22.95,8,1,2022-08-10 09:07:22
1660122442797264000,22.9,1,22.85,40,22.9,9,2,2022-08-10 09:07:22
1660122444710448000,22.85,10,22.85,41,22.9,9,2,2022-08-10 09:07:24
1660122447215939000,22.85,2,22.85,29,22.9,9,2,2022-08-10 09:07:27
1660122448696130000,22.9,1,22.85,29,22.9,8,1,2022-08-10 09:07:28
1660122448945278000,22.85,2,22.85,27,22.9,8,2,2022-08-10 09:07:28
1660122449259087000,22.85,1,22.85,26,22.9,8,2,2022-08-10 09:07:29
1660122450096689000,22.85,1,22.85,25,22.9,9,2,2022-08-10 09:07:30
1660122450173825000,22.9,3,22.85,25,22.9,6,1,2022-08-10 09:07:30
1660122452577787000,22.85,2,22.85,23,22.9,7,2,2022-08-10 09:07:32
1660122452851885000,22.9,2,22.85,23,22.9,5,1,2022-08-10 09:07:32
1660122452887120000,22.85,7,22.85,16,22.9,5,2,2022-08-10 09:07:32
1660122452928350000,22.85,1,22.85,15,22.9,5,2,2022-08-10 09:07:32
1660122454774619000,22.85,10,22.85,5,22.9,15,2,2022-08-10 09:07:34
1660122454813121000,22.85,2,22.85,3,22.9,15,2,2022-08-10 09:07:34
1660122454816932000,22.85,1,22.85,2,22.9,15,2,2022-08-10 09:07:34
1660122455482232000,22.85,1,22.85,11,22.9,15,2,2022-08-10 09:07:35
1660122455662540000,22.85,11,22.8,58,22.85,3,2,2022-08-10 09:07:35
1660122455687772000,22.8,1,22.8,57,22.85,3,2,2022-08-10 09:07:35
1660122455711765000,22.8,1,22.8,56,22.85,3,2,2022-08-10 09:07:35
1660122456375318000,22.8,4,22.8,52,22.85,3,2,2022-08-10 09:07:36
1660122457614975000,22.85,1,22.8,52,22.85,14,1,2022-08-10 09:07:37
1660122457653986000,22.8,1,22.8,51,22.85,14,2,2022-08-10 09:07:37
1660122458849384000,22.8,10,22.8,41,22.85,14,2,2022-08-10 09:07:38
1660122458874364000,22.8,1,22.8,40,22.85,14,2,2022-08-10 09:07:38
1660122460478862000,22.8,5,22.8,35,22.85,15,2,2022-08-10 09:07:40
1660122460866423000,22.8,5,22.8,30,22.85,15,2,2022-08-10 09:07:40
1660122460885468000,22.85,15,22.85,15,22.9,17,1,2022-08-10 09:07:40
1660122460900785000,22.85,5,22.85,10,22.9,17,2,2022-08-10 09:07:40
1660122460935843000,22.85,1,22.85,9,22.9,17,2,2022-08-10 09:07:40
1660122462805970000,22.85,5,22.85,7,22.9,17,2,2022-08-10 09:07:42
1660122463453504000,22.85,2,22.85,5,22.9,17,2,2022-08-10 09:07:43
1660122464000108000,22.85,1,22.85,7,22.9,17,2,2022-08-10 09:07:44
1660122467844204000,22.85,1,22.85,16,22.9,23,2,2022-08-10 09:07:47
1660122469430388000,22.85,6,22.85,19,22.9,26,2,2022-08-10 09:07:49
1660122470808565000,22.85,1,22.85,20,22.9,20,2,2022-08-10 09:07:50
1660122472449715000,22.9,10,22.85,20,22.9,11,1,2022-08-10 09:07:52
1660122473191109000,22.85,10,22.85,10,22.9,11,2,2022-08-10 09:07:53
1660122473210553000,22.85,1,22.85,9,22.9,11,2,2022-08-10 09:07:53
1660122473287310000,22.9,2,22.85,9,22.9,9,1,2022-08-10 09:07:53
1660122473418942000,22.85,5,22.85,4,22.9,9,2,2022-08-10 09:07:53
1660122473784465000,22.9,1,22.85,4,22.9,8,1,2022-08-10 09:07:53
1660122474919613000,22.85,2,22.85,2,22.9,8,2,2022-08-10 09:07:54
1660122476263438000,22.85,5,22.85,13,22.9,8,2,2022-08-10 09:07:56
1660122481519285000,22.9,4,22.85,59,22.9,4,1,2022-08-10 09:08:01
1660122481545618000,22.9,4,22.85,59,22.95,9,1,2022-08-10 09:08:01
1660122482471503000,22.9,5,22.85,64,22.95,9,1,2022-08-10 09:08:02
1660122483316781000,22.9,4,22.85,61,22.95,9,2,2022-08-10 09:08:03
1660122483316781000,22.85,1,22.85,61,22.95,9,2,2022-08-10 09:08:03
1660122484018584000,22.9,1,22.85,63,22.95,9,2,2022-08-10 09:08:04
1660122484069113000,22.95,5,22.85,62,22.95,4,1,2022-08-10 09:08:04
1660122484103983000,22.95,4,22.85,62,23.0,27,1,2022-08-10 09:08:04
1660122487985169000,22.9,5,22.9,5,23.0,27,2,2022-08-10 09:08:07
1660122487985169000,22.85,5,22.9,5,23.0,27,2,2022-08-10 09:08:07
1660122488139611000,23.0,1,22.85,80,23.0,27,1,2022-08-10 09:08:08
1660122488523060000,23.0,4,22.85,80,23.0,22,1,2022-08-10 09:08:08
1660122491066726000,22.95,2,22.9,2,23.0,22,1,2022-08-10 09:08:11
1660122493916728000,22.95,3,22.95,5,23.0,22,1,2022-08-10 09:08:13
1660122494479822000,22.95,1,22.95,5,23.0,22,2,2022-08-10 09:08:14
1660122497717426000,22.95,1,22.95,3,23.0,25,2,2022-08-10 09:08:17
1660122498610483000,23.0,2,22.95,4,23.0,23,1,2022-08-10 09:08:18
1660122500713652000,22.95,1,22.95,4,23.0,23,2,2022-08-10 09:08:20
1660122504993483000,23.0,2,22.95,9,23.0,71,1,2022-08-10 09:08:24
1660122505205122000,22.95,5,22.95,4,23.0,71,2,2022-08-10 09:08:25
1660122505444570000,23.0,6,22.95,4,23.0,65,1,2022-08-10 09:08:25
1660122511287402000,23.0,2,22.95,4,23.0,64,1,2022-08-10 09:08:31
1660122514582198000,23.0,1,22.95,5,23.0,83,1,2022-08-10 09:08:34
1660122515975984000,23.0,1,22.95,5,23.0,82,1,2022-08-10 09:08:35
1660122516038113000,23.0,1,22.95,5,23.0,81,1,2022-08-10 09:08:36
1660122516182258000,22.95,1,22.95,4,23.0,81,2,2022-08-10 09:08:36
1660122517297226000,23.0,1,22.95,4,23.0,80,1,2022-08-10 09:08:37
1660122519366089000,22.95,2,22.95,5,23.0,80,2,2022-08-10 09:08:39
1660122519464871000,23.0,1,22.95,7,23.0,80,1,2022-08-10 09:08:39
1660122521903039000,22.95,5,22.9,26,22.95,15,2,2022-08-10 09:08:41
1660122521930840000,22.95,1,22.9,26,22.95,14,1,2022-08-10 09:08:41
1660122528018114000,22.9,1,22.9,22,22.95,14,2,2022-08-10 09:08:48
1660122529669797000,22.95,1,22.9,22,22.95,15,1,2022-08-10 09:08:49
1660122533629539000,22.95,15,22.9,23,23.0,75,1,2022-08-10 09:08:53
1660122533629539000,23.0,5,22.9,23,23.0,75,1,2022-08-10 09:08:53
1660122536618322000,22.9,2,22.9,24,23.0,75,2,2022-08-10 09:08:56
1660122538256701000,23.0,2,22.9,24,23.0,73,1,2022-08-10 09:08:58
1660122541130036000,22.95,1,22.9,26,22.95,1,1,2022-08-10 09:09:01
1660122541161539000,22.95,1,22.9,26,23.0,73,1,2022-08-10 09:09:01
1660122545363851000,22.95,1,22.95,1,23.0,87,2,2022-08-10 09:09:05
1660122559335217000,22.95,10,22.95,16,23.0,83,2,2022-08-10 09:09:19
1660122559381463000,22.95,1,22.95,15,23.0,83,2,2022-08-10 09:09:19
1660122559382287000,22.95,1,22.95,14,23.0,83,2,2022-08-10 09:09:19
1660122561265431000,22.95,10,22.95,4,23.0,83,2,2022-08-10 09:09:21
1660122561340234000,22.95,4,22.9,42,23.0,83,2,2022-08-10 09:09:21
1660122570002423000,22.95,1,22.9,46,22.95,3,1,2022-08-10 09:09:30
1660122570990490000,22.95,1,22.9,46,22.95,2,1,2022-08-10 09:09:30
1660122571010219000,22.95,2,22.9,46,23.0,39,1,2022-08-10 09:09:31
1660122571998531000,22.95,1,22.9,48,23.0,39,1,2022-08-10 09:09:31
1660122576820680000,22.95,1,22.95,1,23.0,39,1,2022-08-10 09:09:36
1660122578651272000,22.95,2,22.9,50,22.95,13,2,2022-08-10 09:09:38
1660122579358019000,22.95,10,22.9,50,22.95,3,1,2022-08-10 09:09:39
1660122582621175000,22.95,2,22.9,49,22.95,2,1,2022-08-10 09:09:42
1660122583386171000,22.95,1,22.9,49,22.95,1,1,2022-08-10 09:09:43
1660122584188328000,22.95,1,22.9,49,23.0,39,1,2022-08-10 09:09:44
1660122584900187000,22.95,1,22.95,3,23.0,39,2,2022-08-10 09:09:44
1660122586495718000,22.95,1,22.95,1,23.0,39,2,2022-08-10 09:09:46
1660122589499550000,23.0,19,22.95,12,23.0,20,1,2022-08-10 09:09:49
1660122589527586000,23.0,9,22.95,12,23.0,11,1,2022-08-10 09:09:49
1660122589559639000,23.0,8,22.95,12,23.0,3,1,2022-08-10 09:09:49
1660122589594132000,23.0,3,22.95,12,23.05,8,1,2022-08-10 09:09:49
1660122591586293000,23.0,1,23.0,9,23.05,8,2,2022-08-10 09:09:51
1660122593824980000,23.0,1,23.0,8,23.05,8,2,2022-08-10 09:09:53
1660122600632099000,23.05,5,23.0,19,23.05,1,1,2022-08-10 09:10:00
1660122602808349000,23.0,10,23.0,13,23.05,1,2,2022-08-10 09:10:02
1660122603395663000,23.0,1,23.0,12,23.05,1,2,2022-08-10 09:10:03
1660122605709093000,23.05,1,23.0,14,23.1,24,1,2022-08-10 09:10:05
1660122606428923000,23.05,1,23.0,14,23.1,24,2,2022-08-10 09:10:06
1660122607767257000,23.05,2,23.0,14,23.1,24,1,2022-08-10 09:10:07
1660122610172966000,23.05,1,23.0,14,23.1,24,1,2022-08-10 09:10:10
1660122615394599000,23.0,1,23.0,14,23.05,6,2,2022-08-10 09:10:15
1660122616220383000,23.0,15,22.95,31,23.05,7,2,2022-08-10 09:10:16
1660122616220383000,22.95,5,22.95,31,23.05,7,2,2022-08-10 09:10:16
1660122625406222000,22.95,10,22.95,26,23.0,2,2,2022-08-10 09:10:25
1660122625432330000,22.95,1,22.95,25,23.0,2,2,2022-08-10 09:10:25
1660122625455263000,22.95,1,22.95,24,23.0,2,2,2022-08-10 09:10:25
1660122629324414000,22.95,1,22.95,20,23.0,13,2,2022-08-10 09:10:29
1660122630699657000,23.0,1,22.95,20,23.0,14,1,2022-08-10 09:10:30
1660122639069340000,22.95,10,22.95,18,23.0,15,2,2022-08-10 09:10:39
1660122639598886000,23.0,1,22.95,17,23.0,14,1,2022-08-10 09:10:39
1660122649436663000,22.95,10,22.95,14,23.0,17,2,2022-08-10 09:10:49
1660122649469773000,22.95,1,22.95,13,23.0,17,2,2022-08-10 09:10:49
1660122652154363000,22.95,10,22.95,13,23.0,17,2,2022-08-10 09:10:52
1660122652191659000,22.95,3,22.9,76,23.0,17,2,2022-08-10 09:10:52
1660122657829457000,23.0,2,22.9,76,23.0,15,1,2022-08-10 09:10:57
1660122659170199000,22.9,22,22.9,54,23.0,15,2,2022-08-10 09:10:59
1660122662112395000,22.9,3,22.9,51,22.95,45,2,2022-08-10 09:11:02
1660122662148290000,22.9,1,22.9,50,22.95,45,2,2022-08-10 09:11:02
1660122663884060000,22.9,10,22.9,40,22.95,46,2,2022-08-10 09:11:03
1660122664871828000,22.9,3,22.9,39,22.95,46,2,2022-08-10 09:11:04
1660122664936943000,22.9,1,22.9,38,22.95,46,2,2022-08-10 09:11:04
1660122667366829000,22.9,1,22.9,37,22.95,89,2,2022-08-10 09:11:07
1660122667397675000,22.9,10,22.9,27,22.95,89,2,2022-08-10 09:11:07
1660122667437156000,22.9,1,22.9,26,22.95,89,2,2022-08-10 09:11:07
1660122667452604000,22.9,1,22.9,25,22.95,89,2,2022-08-10 09:11:07
1660122667514264000,22.9,1,22.9,24,22.95,89,2,2022-08-10 09:11:07
1660122668308874000,22.9,1,22.9,23,22.95,89,2,2022-08-10 09:11:08
1660122668880208000,22.9,2,22.9,21,22.95,89,2,2022-08-10 09:11:08
1660122669386019000,22.9,7,22.9,14,22.95,89,2,2022-08-10 09:11:09
1660122669425134000,22.9,1,22.9,13,22.95,89,2,2022-08-10 09:11:09
1660122669711122000,22.9,1,22.9,2,22.95,89,2,2022-08-10 09:11:09
1660122669743514000,22.9,2,22.85,66,22.95,89,2,2022-08-10 09:11:09
1660122669831994000,22.85,1,22.85,66,22.9,10,2,2022-08-10 09:11:09
1660122671050255000,22.85,5,22.85,60,22.9,20,2,2022-08-10 09:11:11
1660122671227057000,22.85,1,22.85,59,22.9,22,2,2022-08-10 09:11:11
1660122672157760000,22.85,10,22.85,49,22.9,27,2,2022-08-10 09:11:12
1660122672196672000,22.85,1,22.85,48,22.9,27,2,2022-08-10 09:11:12
1660122672500210000,22.85,10,22.85,38,22.9,27,2,2022-08-10 09:11:12
1660122672537199000,22.85,12,22.85,26,22.9,27,2,2022-08-10 09:11:12
1660122672544199000,22.85,1,22.85,25,22.9,27,2,2022-08-10 09:11:12
1660122672576384000,22.85,1,22.85,24,22.9,27,2,2022-08-10 09:11:12
1660122672601949000,22.85,11,22.85,13,22.9,27,2,2022-08-10 09:11:12
1660122672639863000,22.85,1,22.85,12,22.9,27,2,2022-08-10 09:11:12
1660122672667249000,22.85,5,22.85,7,22.9,27,2,2022-08-10 09:11:12
1660122672699651000,22.85,2,22.85,5,22.9,27,2,2022-08-10 09:11:12
1660122673294703000,22.85,1,22.85,4,22.9,27,2,2022-08-10 09:11:13
1660122673305992000,22.85,4,22.8,71,22.85,6,2,2022-08-10 09:11:13
1660122673362140000,22.8,1,22.8,70,22.85,6,2,2022-08-10 09:11:13
1660122676297881000,22.8,10,22.8,60,22.85,10,2,2022-08-10 09:11:16
1660122676328361000,22.8,1,22.8,59,22.85,10,2,2022-08-10 09:11:16
1660122676340402000,22.8,1,22.8,58,22.85,10,2,2022-08-10 09:11:16
1660122676348549000,22.8,1,22.8,57,22.85,10,2,2022-08-10 09:11:16
1660122677271162000,22.85,5,22.8,57,22.85,5,1,2022-08-10 09:11:17
1660122677332793000,22.8,1,22.8,56,22.85,5,2,2022-08-10 09:11:17
1660122677985916000,22.8,1,22.8,55,22.85,5,2,2022-08-10 09:11:17
1660122679839835000,22.8,5,22.8,50,22.85,5,2,2022-08-10 09:11:19
1660122679969237000,22.8,1,22.8,49,22.85,5,2,2022-08-10 09:11:19
1660122679992759000,22.85,5,22.8,49,22.9,17,1,2022-08-10 09:11:19
1660122680881248000,22.8,1,22.8,48,22.9,17,2,2022-08-10 09:11:20
1660122682987049000,22.8,1,22.8,47,22.85,5,2,2022-08-10 09:11:22
1660122683393125000,22.8,5,22.8,42,22.85,5,2,2022-08-10 09:11:23
1660122684203997000,22.85,5,22.85,15,22.9,17,1,2022-08-10 09:11:24
1660122684236958000,22.85,1,22.85,14,22.9,17,2,2022-08-10 09:11:24
1660122684536676000,22.85,10,22.85,14,22.9,17,2,2022-08-10 09:11:24
1660122685636782000,22.85,1,22.85,3,22.9,17,2,2022-08-10 09:11:25
1660122686767929000,22.85,6,22.8,34,22.9,17,2,2022-08-10 09:11:26
1660122686767929000,22.8,9,22.8,34,22.9,17,2,2022-08-10 09:11:26
1660122687527212000,22.8,1,22.8,33,22.85,2,2,2022-08-10 09:11:27
1660122688129404000,22.8,15,22.8,18,22.85,2,2,2022-08-10 09:11:28
1660122688181493000,22.8,1,22.8,17,22.85,2,2,2022-08-10 09:11:28
1660122688931473000,22.85,2,22.85,1,22.9,17,1,2022-08-10 09:11:28
1660122689730822000,22.85,1,22.8,17,22.9,17,2,2022-08-10 09:11:29
1660122689730822000,22.8,1,22.8,17,22.9,17,2,2022-08-10 09:11:29
1660122690091084000,22.8,1,22.8,17,22.9,17,2,2022-08-10 09:11:30
1660122690659947000,22.9,1,22.8,16,22.9,16,1,2022-08-10 09:11:30
1660122693596015000,22.8,4,22.8,19,22.9,14,2,2022-08-10 09:11:33
1660122693636829000,22.8,6,22.8,19,22.85,1,2,2022-08-10 09:11:33
1660122694519926000,22.85,1,22.8,14,22.9,10,1,2022-08-10 09:11:34
1660122694519926000,22.9,4,22.8,14,22.9,10,1,2022-08-10 09:11:34
1660122695700777000,22.8,4,22.8,10,22.9,10,2,2022-08-10 09:11:35
1660122696936651000,22.8,2,22.8,9,22.9,10,2,2022-08-10 09:11:36
1660122697214186000,22.8,5,22.8,4,22.9,10,2,2022-08-10 09:11:37
1660122699281388000,22.85,1,22.8,20,22.9,16,1,2022-08-10 09:11:39
1660122699855155000,22.8,4,22.8,17,22.9,16,2,2022-08-10 09:11:39
1660122700075532000,22.8,1,22.8,16,22.9,16,2,2022-08-10 09:11:40
1660122700517223000,22.85,1,22.85,4,22.9,16,2,2022-08-10 09:11:40
1660122701690187000,22.85,1,22.85,8,22.9,17,2,2022-08-10 09:11:41
1660122704139903000,22.85,1,22.85,8,22.9,17,2,2022-08-10 09:11:44
1660122705387708000,22.85,7,22.8,33,22.85,23,2,2022-08-10 09:11:45
1660122705428574000,22.85,16,22.8,33,22.85,7,1,2022-08-10 09:11:45
1660122705505555000,22.85,7,22.8,33,22.9,17,1,2022-08-10 09:11:45
1660122706220866000,22.85,1,22.8,38,22.85,1,1,2022-08-10 09:11:46
1660122706651026000,22.85,1,22.85,1,22.9,17,2,2022-08-10 09:11:46
1660122710178555000,22.85,1,22.85,4,22.9,27,2,2022-08-10 09:11:50
1660122714548494000,22.85,5,22.85,6,22.9,24,2,2022-08-10 09:11:54
1660122718455441000,22.85,2,22.85,4,22.9,24,2,2022-08-10 09:11:58
1660122724394333000,22.9,6,22.85,4,22.9,16,1,2022-08-10 09:12:04
1660122724583704000,22.85,4,22.85,1,22.9,16,2,2022-08-10 09:12:04
1660122725988815000,22.85,1,22.85,29,22.9,16,1,2022-08-10 09:12:05
1660122730806109000,22.9,15,22.85,32,22.9,1,1,2022-08-10 09:12:10
1660122730836382000,22.9,1,22.85,32,22.95,87,1,2022-08-10 09:12:10
1660122731060555000,22.85,1,22.85,32,22.95,87,2,2022-08-10 09:12:11
1660122732835678000,22.9,10,22.9,2,22.95,87,2,2022-08-10 09:12:12
1660122733629541000,22.95,1,22.9,2,22.95,86,1,2022-08-10 09:12:13
1660122737422382000,22.9,1,22.9,5,22.95,86,2,2022-08-10 09:12:17
1660122738533611000,22.9,2,22.9,5,22.95,86,2,2022-08-10 09:12:18
1660122740414166000,22.9,1,22.9,2,22.95,86,2,2022-08-10 09:12:20
1660122740652241000,22.9,1,22.9,1,22.95,86,2,2022-08-10 09:12:20
1660122743891701000,22.9,1,22.85,33,22.95,86,2,2022-08-10 09:12:23
1660122745655803000,22.9,1,22.85,32,22.9,1,1,2022-08-10 09:12:25
1660122745700984000,22.9,1,22.85,32,22.95,86,1,2022-08-10 09:12:25
1660122746351737000,22.9,1,22.9,1,22.95,86,1,2022-08-10 09:12:26
1660122748963316000,22.9,1,22.9,4,22.95,86,2,2022-08-10 09:12:28
1660122748995474000,22.9,1,22.9,3,22.95,86,2,2022-08-10 09:12:28
1660122749087119000,22.9,5,22.85,22,22.95,86,2,2022-08-10 09:12:29
1660122749087119000,22.85,10,22.85,22,22.95,86,2,2022-08-10 09:12:29
1660122751456542000,22.9,2,22.85,22,22.9,3,2,2022-08-10 09:12:31
1660122755314211000,22.9,1,22.85,20,22.9,5,1,2022-08-10 09:12:35
1660122758093988000,22.9,1,22.85,21,22.9,5,1,2022-08-10 09:12:38
1660122772471814000,22.9,8,22.9,2,22.95,86,1,2022-08-10 09:12:52
1660122776336370000,22.9,2,22.85,39,22.9,2,2,2022-08-10 09:12:56
1660122781553750000,22.9,2,22.85,39,22.9,3,1,2022-08-10 09:13:01
1660122783777771000,22.9,6,22.9,4,22.95,86,1,2022-08-10 09:13:03
1660122783788688000,22.9,1,22.9,3,22.95,86,2,2022-08-10 09:13:03
1660122791335508000,22.9,1,22.9,9,22.95,86,2,2022-08-10 09:13:11
1660122794622518000,22.95,2,22.9,9,22.95,84,1,2022-08-10 09:13:14
1660122800938126000,22.95,1,22.9,13,22.95,83,1,2022-08-10 09:13:20
1660122802757990000,22.95,1,22.9,13,22.95,82,1,2022-08-10 09:13:22
1660122807776232000,22.95,2,22.9,14,22.95,81,1,2022-08-10 09:13:27
1660122811637055000,22.95,10,22.9,14,22.95,81,1,2022-08-10 09:13:31
1660122811766105000,22.9,1,22.9,13,22.95,80,2,2022-08-10 09:13:31
1660122823086149000,22.9,9,22.9,8,22.95,81,2,2022-08-10 09:13:43
1660122824984913000,22.9,1,22.9,7,22.95,81,2,2022-08-10 09:13:44
1660122825132206000,22.9,1,22.9,6,22.95,81,2,2022-08-10 09:13:45
1660122825273278000,22.9,1,22.9,5,22.95,81,2,2022-08-10 09:13:45
1660122825853197000,22.9,5,22.85,41,22.9,1,2,2022-08-10 09:13:45
1660122827503704000,22.9,3,22.85,41,22.9,6,1,2022-08-10 09:13:47
1660122831123197000,22.9,1,22.85,41,22.9,3,1,2022-08-10 09:13:51
1660122835592439000,22.9,1,22.85,41,22.9,4,1,2022-08-10 09:13:55
1660122843797218000,22.9,5,22.85,43,22.9,11,1,2022-08-10 09:14:03
1660122844391751000,22.9,2,22.85,43,22.9,11,1,2022-08-10 09:14:04
1660122845005860000,22.9,1,22.85,43,22.9,14,1,2022-08-10 09:14:05
1660122845533942000,22.9,1,22.85,42,22.9,13,1,2022-08-10 09:14:05
1660122845786561000,22.9,1,22.85,42,22.9,18,1,2022-08-10 09:14:05
1660122849017133000,22.85,27,22.85,15,22.9,19,2,2022-08-10 09:14:09
1660122849058596000,22.85,1,22.85,14,22.9,19,2,2022-08-10 09:14:09
1660122849085846000,22.85,1,22.85,13,22.9,19,2,2022-08-10 09:14:09
1660122850016459000,22.85,5,22.85,8,22.9,19,2,2022-08-10 09:14:10
1660122850049461000,22.85,8,22.8,61,22.9,19,2,2022-08-10 09:14:10
1660122851755523000,22.85,3,22.8,61,22.9,2,1,2022-08-10 09:14:11
1660122851755523000,22.9,17,22.8,61,22.9,2,1,2022-08-10 09:14:11
1660122852545459000,22.85,1,22.8,61,22.9,2,1,2022-08-10 09:14:12
1660122857471441000,22.8,2,22.8,57,22.85,7,2,2022-08-10 09:14:17
1660122858620695000,22.8,43,22.8,14,22.85,7,2,2022-08-10 09:14:18
1660122858658833000,22.8,1,22.8,13,22.85,7,2,2022-08-10 09:14:18
1660122858660522000,22.8,1,22.8,12,22.85,7,2,2022-08-10 09:14:18
1660122858667665000,22.8,1,22.8,11,22.85,7,2,2022-08-10 09:14:18
1660122858670253000,22.8,1,22.8,10,22.85,7,2,2022-08-10 09:14:18
1660122858688302000,22.8,1,22.8,9,22.85,7,2,2022-08-10 09:14:18
1660122858719572000,22.8,1,22.8,8,22.85,7,2,2022-08-10 09:14:18
1660122859510951000,22.8,1,22.8,7,22.85,7,2,2022-08-10 09:14:19
1660122859744052000,22.8,2,22.8,5,22.85,7,2,2022-08-10 09:14:19
1660122859777013000,22.8,5,22.75,116,22.85,7,2,2022-08-10 09:14:19
1660122862557465000,22.75,1,22.75,115,22.85,9,2,2022-08-10 09:14:22
1660122862736885000,22.8,2,22.75,80,22.85,9,2,2022-08-10 09:14:22
1660122862736885000,22.75,35,22.75,80,22.85,9,2,2022-08-10 09:14:22
1660122862779246000,22.75,3,22.75,77,22.8,2,2,2022-08-10 09:14:22
1660122863584783000,22.75,1,22.75,76,22.8,3,2,2022-08-10 09:14:23
1660122863673229000,22.75,15,22.75,61,22.8,3,2,2022-08-10 09:14:23
1660122863703505000,22.75,1,22.75,60,22.8,3,2,2022-08-10 09:14:23
1660122863705667000,22.75,1,22.75,59,22.8,3,2,2022-08-10 09:14:23
1660122863732636000,22.75,1,22.75,58,22.8,3,2,2022-08-10 09:14:23
1660122864035935000,22.75,1,22.75,57,22.8,3,2,2022-08-10 09:14:24
1660122864278878000,22.75,1,22.75,56,22.8,4,2,2022-08-10 09:14:24
1660122864293354000,22.75,1,22.75,55,22.8,4,2,2022-08-10 09:14:24
1660122865165471000,22.75,2,22.75,58,22.8,4,2,2022-08-10 09:14:25
1660122865556109000,22.8,1,22.75,58,22.8,3,1,2022-08-10 09:14:25
1660122866082980000,22.75,1,22.75,57,22.8,3,2,2022-08-10 09:14:26
1660122866835813000,22.8,3,22.75,57,22.8,2,1,2022-08-10 09:14:26
1660122866867629000,22.75,1,22.75,56,22.8,2,2,2022-08-10 09:14:26
1660122869043720000,22.75,1,22.75,55,22.8,2,2,2022-08-10 09:14:29
1660122871544400000,22.8,1,22.75,55,22.8,5,1,2022-08-10 09:14:31
1660122871663980000,22.75,1,22.75,54,22.8,5,2,2022-08-10 09:14:31
1660122871856384000,22.8,1,22.75,54,22.8,4,1,2022-08-10 09:14:31
1660122877135759000,22.75,2,22.75,52,22.8,5,2,2022-08-10 09:14:37
1660122880233515000,22.8,1,22.75,63,22.8,5,1,2022-08-10 09:14:40
1660122880527596000,22.8,1,22.75,63,22.8,4,1,2022-08-10 09:14:40
1660122882812667000,22.75,1,22.75,62,22.8,4,2,2022-08-10 09:14:42
1660122882853616000,22.75,1,22.75,61,22.8,4,2,2022-08-10 09:14:42
1660122885946384000,22.8,4,22.75,62,22.8,15,1,2022-08-10 09:14:45
1660122886910863000,22.8,1,22.75,65,22.8,11,1,2022-08-10 09:14:46
1660122888035670000,22.8,14,22.8,6,22.85,10,1,2022-08-10 09:14:48
1660122888051011000,22.8,2,22.8,4,22.85,10,2,2022-08-10 09:14:48
1660122889503772000,22.8,3,22.8,7,22.85,10,2,2022-08-10 09:14:49
1660122889733172000,22.8,4,22.75,65,22.8,3,2,2022-08-10 09:14:49
1660122889757937000,22.8,3,22.75,65,22.85,3,1,2022-08-10 09:14:49
1660122890019099000,22.75,2,22.75,65,22.85,3,2,2022-08-10 09:14:50
1660122891565958000,22.85,3,22.8,1,22.9,19,1,2022-08-10 09:14:51
1660122891565958000,22.9,2,22.8,1,22.9,19,1,2022-08-10 09:14:51
1660122892884646000,22.9,3,22.85,3,22.9,16,1,2022-08-10 09:14:52
1660122892945079000,22.85,1,22.85,3,22.9,19,2,2022-08-10 09:14:52
1660122893298859000,22.85,1,22.85,3,22.9,16,2,2022-08-10 09:14:53
1660122901538112000,22.85,1,22.85,18,22.9,17,2,2022-08-10 09:15:01
1660122903123051000,22.85,18,22.8,24,22.85,8,2,2022-08-10 09:15:03
1660122903285994000,22.85,5,22.8,24,22.85,3,1,2022-08-10 09:15:03
1660122903308848000,22.85,3,22.8,24,22.9,21,1,2022-08-10 09:15:03
1660122904235407000,22.8,1,22.8,24,22.85,5,2,2022-08-10 09:15:04
1660122908761111000,22.85,3,22.8,6,22.85,17,1,2022-08-10 09:15:08
1660122909894843000,22.8,1,22.8,5,22.85,17,2,2022-08-10 09:15:09
1660122910199111000,22.8,5,22.75,78,22.8,2,2,2022-08-10 09:15:10
1660122910248863000,22.8,1,22.75,78,22.8,1,1,2022-08-10 09:15:10
1660122910281260000,22.8,1,22.75,78,22.85,17,1,2022-08-10 09:15:10
1660122915598807000,22.8,4,22.8,11,22.85,21,2,2022-08-10 09:15:15
1660122916595418000,22.8,2,22.8,9,22.85,21,2,2022-08-10 09:15:16
1660122917758615000,22.8,5,22.8,4,22.85,21,2,2022-08-10 09:15:17
1660122920975407000,22.8,1,22.8,3,22.85,21,2,2022-08-10 09:15:20
1660122921318851000,22.8,1,22.8,2,22.85,21,2,2022-08-10 09:15:21
1660122921355787000,22.8,1,22.8,1,22.85,21,2,2022-08-10 09:15:21
1660122922141953000,22.8,1,22.75,81,22.85,23,2,2022-08-10 09:15:22
1660122922810327000,22.8,4,22.75,81,22.8,11,2,2022-08-10 09:15:22
1660122927835632000,22.75,5,22.75,76,22.8,14,2,2022-08-10 09:15:27
1660122928236579000,22.75,5,22.75,71,22.8,14,2,2022-08-10 09:15:28
1660122928295888000,22.75,1,22.75,70,22.8,14,2,2022-08-10 09:15:28
1660122931297141000,22.75,15,22.75,55,22.8,17,2,2022-08-10 09:15:31
1660122931318797000,22.75,1,22.75,54,22.8,17,2,2022-08-10 09:15:31
1660122931324064000,22.75,1,22.75,53,22.8,17,2,2022-08-10 09:15:31
1660122931341217000,22.75,1,22.75,52,22.8,17,2,2022-08-10 09:15:31
1660122931348754000,22.75,1,22.75,51,22.8,17,2,2022-08-10 09:15:31
1660122931953936000,22.75,2,22.75,49,22.8,17,2,2022-08-10 09:15:31
1660122932574434000,22.75,24,22.75,25,22.8,18,2,2022-08-10 09:15:32
1660122932595578000,22.75,16,22.75,9,22.8,18,2,2022-08-10 09:15:32
1660122932599395000,22.75,1,22.75,8,22.8,18,2,2022-08-10 09:15:32
1660122932600661000,22.75,1,22.75,7,22.8,18,2,2022-08-10 09:15:32
1660122932626768000,22.75,1,22.75,6,22.8,18,2,2022-08-10 09:15:32
1660122933099233000,22.75,2,22.75,4,22.8,18,2,2022-08-10 09:15:33
1660122933124212000,22.75,4,22.7,41,22.75,11,2,2022-08-10 09:15:33
1660122936393053000,22.75,3,22.7,41,22.75,13,1,2022-08-10 09:15:36
1660122945484788000,22.7,4,22.7,38,22.75,34,2,2022-08-10 09:15:45
1660122945656090000,22.7,10,22.7,28,22.75,34,2,2022-08-10 09:15:45
1660122945691581000,22.7,1,22.7,27,22.75,34,2,2022-08-10 09:15:45
1660122945706881000,22.7,1,22.7,26,22.75,34,2,2022-08-10 09:15:45
1660122945869870000,22.7,4,22.7,22,22.75,34,2,2022-08-10 09:15:45
1660122945924583000,22.7,1,22.7,21,22.75,34,2,2022-08-10 09:15:45
1660122945998971000,22.75,3,22.7,22,22.75,31,1,2022-08-10 09:15:45
1660122946692107000,22.7,1,22.7,19,22.75,31,2,2022-08-10 09:15:46
1660122948514708000,22.7,1,22.7,20,22.75,31,2,2022-08-10 09:15:48
1660122948890773000,22.7,1,22.7,19,22.75,31,2,2022-08-10 09:15:48
1660122950389745000,22.7,2,22.7,17,22.75,29,2,2022-08-10 09:15:50
1660122951161484000,22.7,18,22.65,14,22.75,29,2,2022-08-10 09:15:51
1660122951161484000,22.65,3,22.65,14,22.75,29,2,2022-08-10 09:15:51
1660122952465730000,22.7,1,22.65,27,22.7,7,1,2022-08-10 09:15:52
1660122955586601000,22.7,3,22.65,28,22.7,4,1,2022-08-10 09:15:55
1660122955616120000,22.7,4,22.65,28,22.75,24,1,2022-08-10 09:15:55
1660122956579533000,22.7,5,22.65,48,22.7,45,1,2022-08-10 09:15:56
1660122959935593000,22.65,3,22.65,45,22.7,53,2,2022-08-10 09:15:59
1660122959972231000,22.65,1,22.65,44,22.7,53,2,2022-08-10 09:15:59
1660122959995576000,22.65,1,22.65,43,22.7,53,2,2022-08-10 09:15:59
1660122962519713000,22.65,24,22.65,43,22.7,49,2,2022-08-10 09:16:02
1660122962559903000,22.65,1,22.65,18,22.7,49,2,2022-08-10 09:16:02
1660122962560872000,22.65,1,22.65,17,22.7,49,2,2022-08-10 09:16:02
1660122963081174000,22.65,1,22.65,16,22.7,49,2,2022-08-10 09:16:03
1660122963716102000,22.65,5,22.65,11,22.7,49,2,2022-08-10 09:16:03
1660122963816942000,22.65,5,22.65,6,22.7,49,2,2022-08-10 09:16:03
1660122963854205000,22.65,1,22.65,5,22.7,49,2,2022-08-10 09:16:03
1660122963854670000,22.65,1,22.65,4,22.7,49,2,2022-08-10 09:16:03
1660122964330140000,22.65,2,22.65,2,22.7,49,2,2022-08-10 09:16:04
1660122964381110000,22.65,1,22.65,1,22.7,49,2,2022-08-10 09:16:04
1660122964690297000,22.65,1,22.6,57,22.7,49,2,2022-08-10 09:16:04
1660122967353413000,22.65,2,22.6,57,22.65,7,1,2022-08-10 09:16:07
1660122967781020000,22.65,1,22.6,61,22.65,6,1,2022-08-10 09:16:07
1660122967817426000,22.65,6,22.6,61,22.7,50,1,2022-08-10 09:16:07
1660122969166182000,22.6,5,22.6,55,22.7,55,2,2022-08-10 09:16:09
1660122970098990000,22.65,2,22.65,3,22.7,55,1,2022-08-10 09:16:10
1660122974616006000,22.65,1,22.65,29,22.7,55,2,2022-08-10 09:16:14
1660122974671898000,22.65,3,22.65,26,22.7,55,2,2022-08-10 09:16:14
1660122976823411000,22.65,4,22.65,23,22.7,55,2,2022-08-10 09:16:16
1660122977179544000,22.65,1,22.65,22,22.7,56,2,2022-08-10 09:16:17
1660122979835179000,22.65,1,22.65,23,22.7,56,2,2022-08-10 09:16:19
1660122981259644000,22.65,2,22.65,23,22.7,56,2,2022-08-10 09:16:21
1660122982400107000,22.65,1,22.65,23,22.7,56,2,2022-08-10 09:16:22
1660122982431527000,22.65,1,22.65,23,22.7,56,2,2022-08-10 09:16:22
1660122983183248000,22.65,1,22.65,22,22.7,56,2,2022-08-10 09:16:23
1660122984017032000,22.65,2,22.65,22,22.7,62,2,2022-08-10 09:16:24
1660122985448952000,22.65,2,22.65,20,22.7,62,2,2022-08-10 09:16:25
1660122986241113000,22.65,1,22.65,23,22.7,62,2,2022-08-10 09:16:26
1660122986360463000,22.65,1,22.65,23,22.7,63,2,2022-08-10 09:16:26
1660122987574163000,22.7,1,22.65,30,22.7,63,1,2022-08-10 09:16:27
1660122989224792000,22.65,2,22.65,28,22.7,62,2,2022-08-10 09:16:29
1660122991000768000,22.65,1,22.65,27,22.7,61,2,2022-08-10 09:16:31
1660122993043729000,22.65,1,22.65,27,22.7,63,2,2022-08-10 09:16:33
1660122993200998000,22.65,1,22.65,26,22.7,63,2,2022-08-10 09:16:33
1660122993900016000,22.65,4,22.65,22,22.7,63,2,2022-08-10 09:16:33
1660122993971413000,22.65,1,22.65,21,22.7,63,2,2022-08-10 09:16:33
1660122995335752000,22.7,2,22.65,21,22.7,61,1,2022-08-10 09:16:35
1660122996269487000,22.65,1,22.65,23,22.7,61,2,2022-08-10 09:16:36
1660122996602504000,22.65,1,22.65,23,22.7,61,2,2022-08-10 09:16:36
1660122997714531000,22.65,1,22.65,24,22.7,61,2,2022-08-10 09:16:37
1660122998452891000,22.65,1,22.65,25,22.7,61,2,2022-08-10 09:16:38
1660122999388773000,22.65,2,22.65,32,22.7,61,2,2022-08-10 09:16:39
1660122999899582000,22.65,1,22.65,31,22.7,61,2,2022-08-10 09:16:39
1660122999997592000,22.65,2,22.65,29,22.7,61,2,2022-08-10 09:16:39
1660123001729751000,22.65,1,22.65,31,22.7,61,2,2022-08-10 09:16:41
1660123002258088000,22.65,1,22.65,31,22.7,61,2,2022-08-10 09:16:42
1660123002293585000,22.65,2,22.65,29,22.7,61,2,2022-08-10 09:16:42
1660123005457553000,22.7,61,22.65,52,22.75,19,1,2022-08-10 09:16:45
1660123006974277000,22.7,1,22.7,11,22.75,19,2,2022-08-10 09:16:46
1660123007002949000,22.75,5,22.7,11,22.75,14,1,2022-08-10 09:16:47
1660123007027268000,22.75,13,22.7,16,22.75,1,1,2022-08-10 09:16:47
1660123007027791000,22.75,1,22.7,11,22.8,13,1,2022-08-10 09:16:47
1660123007732632000,22.75,1,22.75,3,22.8,13,2,2022-08-10 09:16:47
1660123009007987000,22.8,2,22.7,13,22.8,12,1,2022-08-10 09:16:49
1660123011181747000,22.8,1,22.7,13,22.8,9,1,2022-08-10 09:16:51
1660123013096479000,22.8,2,22.7,15,22.8,7,1,2022-08-10 09:16:53
1660123013129830000,22.8,7,22.7,16,22.85,28,1,2022-08-10 09:16:53
1660123016183774000,22.8,2,22.7,23,22.85,28,2,2022-08-10 09:16:56
1660123022738328000,22.85,8,22.8,4,22.85,22,1,2022-08-10 09:17:02
1660123024666608000,22.85,1,22.8,5,22.85,21,1,2022-08-10 09:17:04
1660123027416539000,22.85,2,22.8,13,22.85,20,1,2022-08-10 09:17:07
1660123027434999000,22.8,2,22.8,13,22.85,22,2,2022-08-10 09:17:07
1660123029498787000,22.8,11,22.75,33,22.85,42,2,2022-08-10 09:17:09
1660123030288459000,22.8,2,22.8,3,22.85,42,2,2022-08-10 09:17:10
1660123030439212000,22.8,1,22.8,2,22.85,42,2,2022-08-10 09:17:10
1660123030468166000,22.8,2,22.75,33,22.85,42,2,2022-08-10 09:17:10
1660123032677677000,22.8,1,22.8,1,22.85,40,2,2022-08-10 09:17:12
1660123032734815000,22.8,1,22.75,35,22.85,40,2,2022-08-10 09:17:12
1660123034864116000,22.8,1,22.75,36,22.8,4,1,2022-08-10 09:17:14
1660123035487433000,22.75,1,22.75,35,22.8,3,2,2022-08-10 09:17:15
1660123040277569000,22.8,1,22.75,36,22.8,7,1,2022-08-10 09:17:20
1660123040516347000,22.75,5,22.75,36,22.8,8,2,2022-08-10 09:17:20
1660123040662395000,22.75,1,22.75,30,22.8,8,2,2022-08-10 09:17:20
1660123045710689000,22.8,1,22.75,30,22.8,14,1,2022-08-10 09:17:25
1660123048454997000,22.8,2,22.75,30,22.8,13,1,2022-08-10 09:17:28
1660123048575658000,22.75,22,22.75,8,22.8,28,2,2022-08-10 09:17:28
1660123048608415000,22.75,8,22.7,25,22.8,28,2,2022-08-10 09:17:28
1660123050115031000,22.75,1,22.7,23,22.8,28,1,2022-08-10 09:17:30
1660123056760995000,22.75,4,22.7,23,22.75,3,1,2022-08-10 09:17:36
1660123056968392000,22.75,1,22.7,23,22.75,2,1,2022-08-10 09:17:36
1660123059558335000,22.75,1,22.7,23,22.75,2,1,2022-08-10 09:17:39
1660123060987193000,22.75,2,22.7,23,22.8,12,1,2022-08-10 09:17:40
1660123065348125000,22.75,1,22.7,17,22.75,4,1,2022-08-10 09:17:45
1660123067034565000,22.75,4,22.7,17,22.8,12,1,2022-08-10 09:17:47
1660123067034565000,22.8,1,22.7,17,22.8,12,1,2022-08-10 09:17:47
1660123068341227000,22.8,1,22.75,1,22.8,11,1,2022-08-10 09:17:48
1660123068786887000,22.75,1,22.7,17,22.75,1,2,2022-08-10 09:17:48
1660123069846218000,22.75,2,22.7,17,22.8,17,1,2022-08-10 09:17:49
1660123070809365000,22.75,5,22.75,5,22.8,17,1,2022-08-10 09:17:50
1660123075904035000,22.8,2,22.75,5,22.8,22,1,2022-08-10 09:17:55
1660123079345507000,22.75,1,22.75,8,22.8,22,2,2022-08-10 09:17:59
1660123081736822000,22.75,1,22.75,7,22.8,26,2,2022-08-10 09:18:01
1660123082391280000,22.75,2,22.75,5,22.8,26,2,2022-08-10 09:18:02
1660123082425381000,22.75,5,22.7,17,22.8,26,2,2022-08-10 09:18:02
1660123082852796000,22.75,1,22.75,4,22.8,20,1,2022-08-10 09:18:02
