ts,close,volume,bid_price,bid_volume,ask_price,ask_volume,tick_type,datetime
1647594008432152000,127.0,497,127.0,41,127.5,14,2,2022-03-18 09:00:08
1647594008449200000,127.0,5,127.0,36,127.5,14,2,2022-03-18 09:00:08
1647594008456629000,127.0,15,127.0,21,127.5,14,2,2022-03-18 09:00:08
1647594008461383000,127.5,14,127.0,21,128.0,68,1,2022-03-18 09:00:08
1647594008465699000,127.0,2,127.0,19,128.0,68,2,2022-03-18 09:00:08
1647594008545432000,127.0,1,127.0,20,128.0,68,2,2022-03-18 09:00:08
1647594008551730000,127.0,5,127.0,15,128.0,68,2,2022-03-18 09:00:08
1647594008565438000,127.0,2,127.0,13,128.0,68,2,2022-03-18 09:00:08
1647594008577375000,127.0,1,127.0,12,128.0,68,2,2022-03-18 09:00:08
1647594008776019000,127.0,1,127.0,11,128.0,68,2,2022-03-18 09:00:08
1647594010219575000,128.0,1,127.0,18,128.0,67,1,2022-03-18 09:00:10
1647594010617955000,127.0,1,127.0,17,128.0,67,2,2022-03-18 09:00:10
1647594011602339000,127.0,5,127.0,12,128.0,67,2,2022-03-18 09:00:11
1647594012351400000,127.0,1,127.0,11,128.0,67,2,2022-03-18 09:00:12
1647594012399119000,128.0,67,127.0,11,128.5,17,1,2022-03-18 09:00:12
1647594012399119000,128.5,3,127.0,11,128.5,17,1,2022-03-18 09:00:12
1647594012740959000,127.5,1,127.5,1,128.5,17,2,2022-03-18 09:00:12
1647594012906166000,127.0,1,127.0,10,128.0,1,2,2022-03-18 09:00:12
1647594013976137000,128.0,1,127.5,2,128.5,16,1,2022-03-18 09:00:13
1647594013976137000,128.5,1,127.5,2,128.5,16,1,2022-03-18 09:00:13
1647594014767913000,128.0,1,128.0,1,128.5,16,2,2022-03-18 09:00:14
1647594016879071000,128.5,1,128.0,2,128.5,21,1,2022-03-18 09:00:16
1647594017878648000,128.0,1,128.0,2,128.5,21,2,2022-03-18 09:00:17
1647594018149289000,128.0,1,128.0,2,128.5,21,2,2022-03-18 09:00:18
1647594018196658000,128.5,1,128.0,3,128.5,20,1,2022-03-18 09:00:18
1647594018544377000,128.5,1,128.0,4,128.5,19,1,2022-03-18 09:00:18
1647594019084412000,128.0,1,128.0,4,128.5,19,2,2022-03-18 09:00:19
1647594019330245000,128.0,6,127.5,27,128.0,4,2,2022-03-18 09:00:19
1647594019363695000,128.0,4,127.5,27,128.5,19,1,2022-03-18 09:00:19
1647594020103630000,128.5,5,128.0,2,128.5,17,1,2022-03-18 09:00:20
1647594020163489000,128.0,2,127.5,19,128.0,10,2,2022-03-18 09:00:20
1647594020169677000,128.0,2,127.5,19,128.0,11,1,2022-03-18 09:00:20
1647594020200838000,128.0,11,127.5,20,128.5,17,1,2022-03-18 09:00:20
1647594020533930000,128.0,1,128.0,1,128.5,17,2,2022-03-18 09:00:20
1647594020668929000,128.5,1,128.0,1,128.5,16,1,2022-03-18 09:00:20
1647594021599340000,128.5,1,128.0,4,128.5,25,1,2022-03-18 09:00:21
1647594021742468000,128.0,5,127.5,20,128.0,45,2,2022-03-18 09:00:21
1647594021750759000,128.0,2,127.5,20,128.0,43,1,2022-03-18 09:00:21
1647594021773963000,128.0,43,127.5,19,128.5,25,1,2022-03-18 09:00:21
1647594022135837000,128.5,3,128.0,4,128.5,22,1,2022-03-18 09:00:22
1647594022189518000,128.0,3,128.0,1,128.5,22,2,2022-03-18 09:00:22
1647594022317777000,128.5,1,128.0,1,128.5,21,1,2022-03-18 09:00:22
1647594022498823000,128.5,1,128.0,1,128.5,21,1,2022-03-18 09:00:22
1647594022565950000,128.5,1,128.0,3,128.5,20,1,2022-03-18 09:00:22
1647594022663824000,128.0,4,127.5,20,128.0,1,2,2022-03-18 09:00:22
1647594022700001000,128.0,1,127.5,20,128.5,70,1,2022-03-18 09:00:22
1647594022928681000,128.0,1,127.5,21,128.0,49,2,2022-03-18 09:00:22
1647594022992095000,128.0,1,127.5,21,128.0,48,1,2022-03-18 09:00:22
1647594023128809000,128.0,2,127.5,21,128.0,46,1,2022-03-18 09:00:23
1647594023227427000,128.0,1,127.5,23,128.0,45,1,2022-03-18 09:00:23
1647594023276554000,128.0,10,127.5,23,128.0,35,1,2022-03-18 09:00:23
1647594023310809000,128.0,35,127.5,23,128.5,70,1,2022-03-18 09:00:23
1647594023372936000,128.0,1,127.5,23,128.5,70,1,2022-03-18 09:00:23
1647594023588904000,128.5,1,128.0,2,128.5,70,1,2022-03-18 09:00:23
1647594023713801000,128.5,3,128.0,3,128.5,67,1,2022-03-18 09:00:23
1647594023784340000,128.0,4,127.5,23,128.0,11,2,2022-03-18 09:00:23
1647594024087074000,128.0,1,127.5,23,128.0,15,1,2022-03-18 09:00:24
1647594024165899000,128.0,1,127.5,23,128.0,14,1,2022-03-18 09:00:24
1647594024293737000,128.0,1,127.5,21,128.0,13,1,2022-03-18 09:00:24
1647594024611924000,128.0,1,127.5,21,128.0,64,1,2022-03-18 09:00:24
1647594025022893000,128.0,1,127.5,21,128.0,63,1,2022-03-18 09:00:25
1647594025248863000,128.0,2,127.5,22,128.0,63,1,2022-03-18 09:00:25
1647594025446989000,128.0,5,127.5,22,128.0,58,1,2022-03-18 09:00:25
1647594025532994000,128.0,1,127.5,22,128.0,57,1,2022-03-18 09:00:25
1647594025670067000,128.0,1,127.5,23,128.0,56,1,2022-03-18 09:00:25
1647594025700271000,128.0,1,127.5,23,128.0,55,1,2022-03-18 09:00:25
1647594025769447000,127.5,1,127.5,22,128.0,55,2,2022-03-18 09:00:25
1647594025781001000,128.0,1,127.5,22,128.0,54,1,2022-03-18 09:00:25
1647594025911942000,128.0,1,127.5,22,128.0,53,1,2022-03-18 09:00:25
1647594026368618000,128.0,1,127.5,22,128.0,53,1,2022-03-18 09:00:26
1647594026606971000,128.0,10,127.5,22,128.0,43,1,2022-03-18 09:00:26
1647594026968664000,128.0,1,127.5,24,128.0,60,1,2022-03-18 09:00:26
1647594026976622000,128.0,1,127.5,24,128.0,59,1,2022-03-18 09:00:26
1647594027176401000,128.0,5,127.5,24,128.0,54,1,2022-03-18 09:00:27
1647594027181924000,128.0,2,127.5,24,128.0,52,1,2022-03-18 09:00:27
1647594027525409000,128.0,3,127.5,26,128.0,50,1,2022-03-18 09:00:27
1647594027535448000,128.0,1,127.5,26,128.0,49,1,2022-03-18 09:00:27
1647594027791017000,127.5,6,127.5,20,128.0,52,2,2022-03-18 09:00:27
1647594028067557000,128.0,1,127.5,20,128.0,57,1,2022-03-18 09:00:28
1647594028134260000,128.0,2,127.5,20,128.0,55,1,2022-03-18 09:00:28
1647594028178066000,128.0,1,127.5,20,128.0,54,1,2022-03-18 09:00:28
1647594028251082000,128.0,1,127.5,21,128.0,53,1,2022-03-18 09:00:28
1647594028739709000,128.0,1,127.5,21,128.0,56,1,2022-03-18 09:00:28
1647594029017018000,128.0,3,127.5,21,128.0,56,1,2022-03-18 09:00:29
1647594029257935000,128.0,1,127.5,21,128.0,56,1,2022-03-18 09:00:29
1647594029364837000,128.0,1,127.5,21,128.0,55,1,2022-03-18 09:00:29
1647594029496395000,127.5,1,127.5,21,128.0,65,2,2022-03-18 09:00:29
1647594029699181000,128.0,1,127.5,21,128.0,64,1,2022-03-18 09:00:29
1647594029885311000,128.0,1,127.5,23,128.0,63,1,2022-03-18 09:00:29
1647594030117901000,127.5,1,127.5,22,128.0,63,2,2022-03-18 09:00:30
1647594030651637000,128.0,1,127.5,22,128.0,63,1,2022-03-18 09:00:30
1647594030770230000,127.5,1,127.5,21,128.0,63,2,2022-03-18 09:00:30
1647594031039056000,128.0,3,127.5,21,128.0,61,1,2022-03-18 09:00:31
1647594031211558000,128.0,1,127.5,21,128.0,60,1,2022-03-18 09:00:31
1647594031272979000,127.5,11,127.5,10,128.0,60,2,2022-03-18 09:00:31
1647594031301943000,127.5,10,127.0,73,128.0,60,2,2022-03-18 09:00:31
1647594031415821000,127.5,1,127.5,4,128.0,60,1,2022-03-18 09:00:31
1647594031453571000,128.0,1,127.5,4,128.0,59,1,2022-03-18 09:00:31
1647594031546542000,127.5,3,127.5,2,128.0,62,2,2022-03-18 09:00:31
1647594031643920000,128.0,1,127.5,2,128.0,68,1,2022-03-18 09:00:31
1647594032357132000,127.5,1,127.5,2,128.0,68,2,2022-03-18 09:00:32
1647594032360102000,128.0,1,127.5,2,128.0,67,1,2022-03-18 09:00:32
1647594032481363000,127.5,1,127.5,1,128.0,70,2,2022-03-18 09:00:32
1647594032824099000,128.0,7,127.5,1,128.0,63,1,2022-03-18 09:00:32
1647594033022091000,127.5,1,127.5,3,128.0,64,2,2022-03-18 09:00:33
1647594033183515000,127.5,1,127.5,2,128.0,64,2,2022-03-18 09:00:33
1647594033659484000,127.5,1,127.5,3,128.0,64,2,2022-03-18 09:00:33
1647594033852768000,127.5,1,127.5,2,128.0,64,2,2022-03-18 09:00:33
1647594033953635000,127.5,1,127.5,1,128.0,65,2,2022-03-18 09:00:33
1647594034117075000,127.5,1,127.0,73,128.0,65,2,2022-03-18 09:00:34
1647594034312293000,127.5,1,127.0,73,127.5,4,2,2022-03-18 09:00:34
1647594034454904000,127.5,1,127.0,73,127.5,4,1,2022-03-18 09:00:34
1647594034458160000,127.5,1,127.0,73,127.5,3,1,2022-03-18 09:00:34
1647594035019648000,127.5,1,127.0,73,127.5,2,1,2022-03-18 09:00:35
1647594035709593000,127.5,1,127.0,73,127.5,1,1,2022-03-18 09:00:35
1647594035740258000,127.0,1,127.0,72,127.5,1,2,2022-03-18 09:00:35
1647594036006486000,127.5,1,127.0,72,127.5,1,1,2022-03-18 09:00:36
1647594036240612000,127.5,1,127.0,72,128.0,72,1,2022-03-18 09:00:36
1647594036259314000,128.0,1,127.0,72,128.0,71,1,2022-03-18 09:00:36
1647594036496105000,127.5,1,127.0,72,128.0,71,1,2022-03-18 09:00:36
1647594036658862000,127.5,1,127.0,72,128.0,71,2,2022-03-18 09:00:36
1647594036946727000,127.5,3,127.0,62,128.0,64,1,2022-03-18 09:00:36
1647594036946727000,128.0,7,127.0,62,128.0,64,1,2022-03-18 09:00:36
1647594037467176000,128.0,1,127.5,4,128.0,64,1,2022-03-18 09:00:37
1647594037653177000,127.5,1,127.5,3,128.0,64,2,2022-03-18 09:00:37
1647594037912246000,127.5,1,127.5,2,128.0,64,2,2022-03-18 09:00:37
1647594038418133000,127.5,1,127.5,18,128.0,64,2,2022-03-18 09:00:38
1647594038566947000,128.0,3,127.5,18,128.0,61,1,2022-03-18 09:00:38
1647594038636312000,127.5,4,127.5,14,128.0,61,2,2022-03-18 09:00:38
1647594041661496000,127.5,1,127.5,30,128.0,66,2,2022-03-18 09:00:41
1647594041908297000,127.5,5,127.5,25,128.0,69,2,2022-03-18 09:00:41
1647594043140004000,128.0,1,127.5,30,128.0,97,1,2022-03-18 09:00:43
1647594043340038000,127.5,1,127.5,29,128.0,96,2,2022-03-18 09:00:43
1647594044432887000,127.5,1,127.5,31,128.0,100,2,2022-03-18 09:00:44
1647594045928528000,127.5,1,127.5,40,128.0,101,2,2022-03-18 09:00:45
1647594046025346000,127.5,1,127.5,58,128.0,101,2,2022-03-18 09:00:46
1647594046336616000,127.5,3,127.5,56,128.0,98,2,2022-03-18 09:00:46
1647594046368010000,127.5,1,127.5,56,128.0,98,2,2022-03-18 09:00:46
1647594046477917000,127.5,1,127.5,55,128.0,98,2,2022-03-18 09:00:46
1647594047306805000,127.5,1,127.5,62,128.0,99,2,2022-03-18 09:00:47
1647594047395572000,128.0,1,127.5,62,128.0,98,1,2022-03-18 09:00:47
1647594047772519000,127.5,1,127.5,61,128.0,100,2,2022-03-18 09:00:47
1647594047976768000,128.0,1,127.5,62,128.0,99,1,2022-03-18 09:00:47
1647594048574014000,128.0,1,127.5,62,128.0,98,1,2022-03-18 09:00:48
1647594049465787000,127.5,1,127.5,63,128.0,102,2,2022-03-18 09:00:49
1647594050839288000,127.5,1,127.5,64,128.0,106,2,2022-03-18 09:00:50
1647594051323484000,127.5,2,127.5,62,128.0,110,2,2022-03-18 09:00:51
1647594051436616000,127.5,2,127.5,60,128.0,110,2,2022-03-18 09:00:51
1647594051895784000,127.5,1,127.5,60,128.0,113,2,2022-03-18 09:00:51
1647594053372080000,128.0,2,127.5,61,128.0,112,1,2022-03-18 09:00:53
1647594053752373000,127.5,2,127.5,59,128.0,112,2,2022-03-18 09:00:53
1647594053791845000,127.5,10,127.5,49,128.0,112,2,2022-03-18 09:00:53
1647594053847759000,127.5,5,127.5,44,128.0,112,2,2022-03-18 09:00:53
1647594053953803000,127.5,10,127.5,36,128.0,112,2,2022-03-18 09:00:53
1647594054410534000,127.5,2,127.5,35,128.0,112,2,2022-03-18 09:00:54
1647594055131529000,127.5,1,127.5,35,128.0,111,2,2022-03-18 09:00:55
1647594055193658000,127.5,2,127.5,33,128.0,111,2,2022-03-18 09:00:55
1647594055365908000,127.5,1,127.5,32,128.0,112,2,2022-03-18 09:00:55
1647594055860680000,127.5,2,127.5,30,128.0,113,2,2022-03-18 09:00:55
1647594055959816000,127.5,1,127.5,29,128.0,113,2,2022-03-18 09:00:55
1647594056235522000,127.5,28,127.5,1,128.0,113,2,2022-03-18 09:00:56
1647594056278345000,127.5,1,127.0,70,128.0,113,2,2022-03-18 09:00:56
1647594056552190000,127.0,1,127.0,69,127.5,16,2,2022-03-18 09:00:56
1647594056609356000,127.5,2,127.0,69,127.5,15,1,2022-03-18 09:00:56
1647594056806706000,127.5,1,127.0,69,127.5,15,1,2022-03-18 09:00:56
1647594056905695000,127.0,1,127.0,66,127.5,15,2,2022-03-18 09:00:56
1647594057167278000,127.0,1,127.0,65,127.5,16,2,2022-03-18 09:00:57
1647594057293284000,127.5,1,127.0,64,127.5,21,1,2022-03-18 09:00:57
1647594058303003000,127.5,1,127.0,66,127.5,27,1,2022-03-18 09:00:58
1647594059120630000,127.0,1,127.0,65,127.5,35,2,2022-03-18 09:00:59
1647594059635199000,127.5,1,127.0,65,127.5,35,1,2022-03-18 09:00:59
1647594060481999000,127.0,1,127.0,90,127.5,40,2,2022-03-18 09:01:00
1647594061542430000,127.5,2,127.0,94,127.5,59,1,2022-03-18 09:01:01
1647594061903487000,127.0,10,127.0,84,127.5,59,2,2022-03-18 09:01:01
1647594062068686000,127.0,84,126.5,86,127.5,60,2,2022-03-18 09:01:02
1647594062086258000,126.5,2,126.5,84,127.5,60,2,2022-03-18 09:01:02
1647594062292793000,127.5,1,126.5,84,127.5,65,1,2022-03-18 09:01:02
1647594062490034000,127.5,1,126.5,83,127.5,65,1,2022-03-18 09:01:02
1647594062769104000,127.0,2,126.5,83,127.5,67,2,2022-03-18 09:01:02
1647594062897022000,127.0,1,126.5,83,127.5,77,1,2022-03-18 09:01:02
1647594062897022000,127.5,9,126.5,83,127.5,77,1,2022-03-18 09:01:02
1647594062921147000,127.5,1,126.5,83,127.5,76,1,2022-03-18 09:01:02
1647594063392772000,127.0,1,126.5,82,127.5,77,1,2022-03-18 09:01:03
1647594063392772000,127.5,2,126.5,82,127.5,77,1,2022-03-18 09:01:03
1647594064287489000,127.0,3,126.5,81,127.5,83,2,2022-03-18 09:01:04
1647594064287489000,126.5,3,126.5,81,127.5,83,2,2022-03-18 09:01:04
1647594065031578000,127.5,1,126.5,81,127.5,81,1,2022-03-18 09:01:05
1647594065218376000,127.5,1,126.5,81,127.5,80,1,2022-03-18 09:01:05
1647594065344205000,127.0,1,126.5,81,127.5,80,2,2022-03-18 09:01:05
1647594065816627000,126.5,2,126.5,79,127.0,1,2,2022-03-18 09:01:05
1647594065925841000,127.0,1,126.5,79,127.5,80,1,2022-03-18 09:01:05
1647594067378087000,126.5,2,126.5,77,127.0,11,2,2022-03-18 09:01:07
1647594067427065000,127.0,1,126.5,77,127.0,10,1,2022-03-18 09:01:07
1647594067854940000,126.5,1,126.5,76,127.0,15,2,2022-03-18 09:01:07
1647594067980608000,127.0,1,126.5,76,127.0,14,1,2022-03-18 09:01:07
1647594068753211000,126.5,1,126.5,76,127.0,20,2,2022-03-18 09:01:08
1647594070502386000,126.5,1,126.5,81,127.0,41,2,2022-03-18 09:01:10
1647594070552588000,126.5,1,126.5,80,127.0,41,2,2022-03-18 09:01:10
1647594070743476000,126.5,20,126.5,61,127.0,41,2,2022-03-18 09:01:10
1647594072076843000,126.5,2,126.5,60,127.0,49,2,2022-03-18 09:01:12
1647594073171941000,126.5,1,126.5,59,127.0,52,2,2022-03-18 09:01:13
1647594073218499000,126.5,1,126.5,58,127.0,52,2,2022-03-18 09:01:13
1647594073558526000,126.5,5,126.5,53,127.0,52,2,2022-03-18 09:01:13
1647594073712048000,126.5,1,126.5,52,127.0,102,2,2022-03-18 09:01:13
1647594073754061000,126.5,52,126.0,300,127.0,102,2,2022-03-18 09:01:13
1647594073844651000,126.5,1,126.0,300,127.0,108,1,2022-03-18 09:01:13
1647594073847423000,126.0,1,126.0,299,127.0,108,2,2022-03-18 09:01:13
1647594073916999000,127.0,1,126.0,299,127.0,107,1,2022-03-18 09:01:13
1647594073934933000,126.0,1,126.0,298,127.0,107,2,2022-03-18 09:01:13
1647594074004752000,126.0,1,126.0,297,127.0,108,2,2022-03-18 09:01:14
1647594074988629000,126.5,1,126.0,299,126.5,2,1,2022-03-18 09:01:14
1647594075201425000,126.0,13,126.0,286,126.5,3,2,2022-03-18 09:01:15
1647594075245656000,126.0,1,126.0,285,126.5,3,2,2022-03-18 09:01:15
1647594075553396000,126.5,1,126.0,285,126.5,4,1,2022-03-18 09:01:15
1647594076659083000,126.5,1,126.0,285,126.5,8,1,2022-03-18 09:01:16
1647594077198588000,126.5,1,126.0,285,126.5,7,1,2022-03-18 09:01:17
1647594077279439000,126.5,1,126.0,285,126.5,6,1,2022-03-18 09:01:17
1647594077849211000,126.5,1,126.0,284,126.5,6,1,2022-03-18 09:01:17
1647594077934791000,126.0,50,126.0,234,126.5,6,2,2022-03-18 09:01:17
1647594077971281000,126.0,1,126.0,232,126.5,6,2,2022-03-18 09:01:17
1647594077972161000,126.0,1,126.0,231,126.5,6,2,2022-03-18 09:01:17
1647594077975656000,126.0,1,126.0,230,126.5,6,2,2022-03-18 09:01:17
1647594077979988000,126.0,1,126.0,229,126.5,6,2,2022-03-18 09:01:17
1647594077989383000,126.0,1,126.0,228,126.5,6,2,2022-03-18 09:01:17
1647594077995450000,126.0,1,126.0,227,126.5,6,2,2022-03-18 09:01:17
1647594077995519000,126.0,1,126.0,226,126.5,6,2,2022-03-18 09:01:17
1647594078342188000,126.5,1,126.0,227,126.5,10,1,2022-03-18 09:01:18
1647594078632754000,126.0,1,126.0,226,126.5,9,2,2022-03-18 09:01:18
1647594078673436000,126.0,1,126.0,225,126.5,9,2,2022-03-18 09:01:18
1647594078695411000,126.5,1,126.0,225,126.5,8,1,2022-03-18 09:01:18
1647594078973268000,126.5,1,126.0,225,126.5,7,1,2022-03-18 09:01:18
1647594079297934000,126.0,2,126.0,222,126.5,15,2,2022-03-18 09:01:19
1647594079345015000,126.5,1,126.0,222,126.5,14,1,2022-03-18 09:01:19
1647594079556857000,126.0,1,126.0,221,126.5,24,2,2022-03-18 09:01:19
1647594079611779000,126.5,1,126.0,221,126.5,23,1,2022-03-18 09:01:19
1647594080208254000,126.0,1,126.0,221,126.5,24,2,2022-03-18 09:01:20
1647594080317771000,126.5,2,126.0,222,126.5,22,1,2022-03-18 09:01:20
1647594080635001000,126.5,1,126.0,222,126.5,22,1,2022-03-18 09:01:20
1647594080939652000,126.5,1,126.0,223,126.5,23,1,2022-03-18 09:01:20
1647594081618624000,126.5,1,126.0,227,126.5,31,1,2022-03-18 09:01:21
1647594081688127000,126.5,2,126.0,227,126.5,29,1,2022-03-18 09:01:21
1647594083452609000,126.5,1,126.0,227,126.5,38,1,2022-03-18 09:01:23
1647594083461500000,126.5,10,126.0,227,126.5,28,1,2022-03-18 09:01:23
1647594083503006000,126.5,4,126.0,227,126.5,24,1,2022-03-18 09:01:23
1647594083503307000,126.5,24,126.0,227,127.0,125,1,2022-03-18 09:01:23
1647594083941717000,126.5,1,126.0,239,127.0,129,1,2022-03-18 09:01:23
1647594084199954000,127.0,1,126.5,1,127.0,127,1,2022-03-18 09:01:24
1647594084390145000,126.5,1,126.0,238,127.0,127,2,2022-03-18 09:01:24
1647594084503860000,126.5,1,126.0,238,127.0,128,1,2022-03-18 09:01:24
1647594084859651000,127.0,1,126.0,238,127.0,126,1,2022-03-18 09:01:24
1647594085499375000,126.5,17,126.0,236,127.0,137,2,2022-03-18 09:01:25
1647594085641278000,126.0,1,126.0,235,127.0,141,2,2022-03-18 09:01:25
1647594086036242000,126.5,1,126.5,4,127.0,141,2,2022-03-18 09:01:26
1647594086334776000,126.5,1,126.5,10,127.0,140,2,2022-03-18 09:01:26
1647594086357030000,126.5,1,126.5,9,127.0,140,2,2022-03-18 09:01:26
1647594087042525000,126.5,2,126.5,16,127.0,140,2,2022-03-18 09:01:27
1647594087956957000,127.0,1,126.5,19,127.0,150,1,2022-03-18 09:01:27
1647594088581435000,126.5,2,126.5,23,127.0,150,2,2022-03-18 09:01:28
1647594089279492000,126.5,1,126.5,24,127.0,151,2,2022-03-18 09:01:29
1647594089464848000,127.0,1,126.5,24,127.0,150,1,2022-03-18 09:01:29
1647594089499553000,126.5,1,126.5,23,127.0,150,2,2022-03-18 09:01:29
1647594089546300000,126.5,1,126.5,22,127.0,150,2,2022-03-18 09:01:29
1647594089620424000,126.5,1,126.5,21,127.0,150,2,2022-03-18 09:01:29
1647594090468785000,126.5,10,126.5,13,127.0,152,2,2022-03-18 09:01:30
1647594090635084000,127.0,2,126.5,13,127.0,151,1,2022-03-18 09:01:30
1647594090960300000,126.5,3,126.5,11,127.0,151,2,2022-03-18 09:01:30
1647594090965574000,126.5,1,126.5,10,127.0,151,2,2022-03-18 09:01:30
1647594091465066000,126.5,1,126.5,10,127.0,158,2,2022-03-18 09:01:31
1647594091538195000,126.5,2,126.5,8,127.0,155,2,2022-03-18 09:01:31
1647594091983674000,126.5,1,126.5,9,127.0,156,2,2022-03-18 09:01:31
1647594092563941000,126.5,2,126.5,12,127.0,171,2,2022-03-18 09:01:32
1647594092602845000,126.5,1,126.5,11,127.0,171,2,2022-03-18 09:01:32
1647594093163451000,127.0,1,126.5,12,127.0,175,1,2022-03-18 09:01:33
1647594093272040000,126.5,1,126.5,15,127.0,175,2,2022-03-18 09:01:33
1647594093432366000,126.5,1,126.5,14,127.0,175,2,2022-03-18 09:01:33
1647594094381661000,126.5,1,126.5,26,127.0,177,2,2022-03-18 09:01:34
1647594095033769000,126.5,1,126.5,31,127.0,177,2,2022-03-18 09:01:35
1647594095162327000,126.5,1,126.5,30,127.0,177,2,2022-03-18 09:01:35
1647594095665387000,127.0,1,126.5,35,127.0,176,1,2022-03-18 09:01:35
1647594095755956000,126.5,1,126.5,34,127.0,176,2,2022-03-18 09:01:35
1647594095978239000,126.5,4,126.5,33,127.0,176,2,2022-03-18 09:01:35
1647594098611898000,126.5,5,126.5,38,127.0,176,2,2022-03-18 09:01:38
1647594100260780000,126.5,1,126.5,58,127.0,176,2,2022-03-18 09:01:40
1647594101036863000,126.5,4,126.5,55,127.0,178,2,2022-03-18 09:01:41
1647594101644058000,126.5,1,126.5,57,127.0,178,2,2022-03-18 09:01:41
1647594102260429000,126.5,1,126.5,58,127.0,179,2,2022-03-18 09:01:42
1647594102985236000,126.5,1,126.5,57,127.0,179,2,2022-03-18 09:01:42
1647594105430726000,126.5,1,126.5,88,127.0,177,2,2022-03-18 09:01:45
1647594105533749000,126.5,1,126.5,87,127.0,177,2,2022-03-18 09:01:45
1647594106568592000,126.5,10,126.5,78,127.0,178,2,2022-03-18 09:01:46
1647594110207131000,126.5,1,126.5,91,127.0,172,2,2022-03-18 09:01:50
1647594110739655000,126.5,20,126.5,74,127.0,172,2,2022-03-18 09:01:50
1647594110801041000,126.5,1,126.5,73,127.0,172,2,2022-03-18 09:01:50
1647594111206096000,126.5,5,126.5,69,127.0,167,2,2022-03-18 09:01:51
1647594111535696000,126.5,1,126.5,68,127.0,167,2,2022-03-18 09:01:51
1647594111712741000,126.5,2,126.5,66,127.0,167,2,2022-03-18 09:01:51
1647594111918446000,126.5,3,126.5,63,127.0,167,2,2022-03-18 09:01:51
1647594112240136000,126.5,3,126.5,60,127.0,167,2,2022-03-18 09:01:52
1647594112244466000,126.5,1,126.5,59,127.0,167,2,2022-03-18 09:01:52
1647594113483643000,126.5,2,126.5,57,127.0,167,2,2022-03-18 09:01:53
1647594114127947000,126.5,1,126.5,57,127.0,168,2,2022-03-18 09:01:54
1647594114312472000,126.5,1,126.5,56,127.0,168,2,2022-03-18 09:01:54
1647594114939002000,126.5,2,126.5,54,127.0,169,2,2022-03-18 09:01:54
1647594114987658000,126.5,1,126.5,53,127.0,169,2,2022-03-18 09:01:54
1647594115461230000,126.5,10,126.5,43,127.0,174,2,2022-03-18 09:01:55
1647594115642905000,126.5,1,126.5,43,127.0,174,2,2022-03-18 09:01:55
1647594116212661000,126.5,3,126.5,41,127.0,174,2,2022-03-18 09:01:56
1647594116405188000,126.5,2,126.5,39,127.0,174,2,2022-03-18 09:01:56
1647594116596640000,126.5,5,126.5,34,127.0,169,2,2022-03-18 09:01:56
1647594116713367000,126.5,2,126.5,32,127.0,169,2,2022-03-18 09:01:56
1647594116756827000,126.5,32,126.0,273,127.0,169,2,2022-03-18 09:01:56
1647594116837910000,126.0,2,126.0,272,126.5,2,2,2022-03-18 09:01:56
1647594116869191000,126.0,1,126.0,271,126.5,2,2,2022-03-18 09:01:56
1647594117328890000,126.0,1,126.0,269,126.5,3,2,2022-03-18 09:01:57
1647594118301017000,126.5,1,126.0,269,126.5,16,1,2022-03-18 09:01:58
1647594119060064000,126.0,1,126.0,268,126.5,21,2,2022-03-18 09:01:59
1647594119095249000,126.0,1,126.0,267,126.5,21,2,2022-03-18 09:01:59
1647594120015259000,126.0,1,126.0,268,126.5,23,2,2022-03-18 09:02:00
1647594120537735000,126.0,1,126.0,267,126.5,31,2,2022-03-18 09:02:00
1647594120538524000,126.0,1,126.0,266,126.5,31,2,2022-03-18 09:02:00
1647594120609331000,126.0,1,126.0,265,126.5,32,2,2022-03-18 09:02:00
1647594120903396000,126.5,1,126.0,258,126.5,31,1,2022-03-18 09:02:00
1647594120930557000,126.5,9,126.0,258,126.5,22,1,2022-03-18 09:02:00
1647594121105616000,126.5,2,126.0,259,126.5,15,1,2022-03-18 09:02:01
1647594121731788000,126.5,1,126.0,259,126.5,15,1,2022-03-18 09:02:01
1647594123337901000,126.5,1,126.0,263,126.5,32,1,2022-03-18 09:02:03
1647594124138894000,126.0,5,126.0,260,126.5,52,2,2022-03-18 09:02:04
1647594124809405000,126.5,1,126.0,262,126.5,57,1,2022-03-18 09:02:04
1647594126178090000,126.5,1,126.0,266,126.5,55,1,2022-03-18 09:02:06
1647594126551623000,126.5,1,126.0,266,126.5,79,1,2022-03-18 09:02:06
1647594127190302000,126.5,1,126.0,266,126.5,80,1,2022-03-18 09:02:07
1647594127478876000,126.5,1,126.0,266,126.5,79,1,2022-03-18 09:02:07
1647594128168753000,126.0,1,126.0,265,126.5,82,2,2022-03-18 09:02:08
1647594128185584000,126.5,1,126.0,265,126.5,81,1,2022-03-18 09:02:08
1647594128684477000,126.5,1,126.0,265,126.5,82,1,2022-03-18 09:02:08
1647594129816976000,126.0,6,126.0,262,126.5,84,2,2022-03-18 09:02:09
1647594130894529000,126.5,1,126.0,271,126.5,83,1,2022-03-18 09:02:10
1647594131011351000,126.5,1,126.0,271,126.5,82,1,2022-03-18 09:02:11
1647594131075597000,126.0,3,126.0,269,126.5,82,2,2022-03-18 09:02:11
1647594134892198000,126.0,1,126.0,275,126.5,91,2,2022-03-18 09:02:14
1647594134959508000,126.0,2,126.0,273,126.5,91,2,2022-03-18 09:02:14
1647594138686134000,126.0,2,126.0,277,126.5,103,2,2022-03-18 09:02:18
1647594138747891000,126.0,1,126.0,276,126.5,103,2,2022-03-18 09:02:18
1647594138906105000,126.0,1,126.0,275,126.5,103,2,2022-03-18 09:02:18
1647594139025410000,126.0,4,126.0,271,126.5,103,2,2022-03-18 09:02:19
1647594142270393000,126.0,1,126.0,271,126.5,106,2,2022-03-18 09:02:22
1647594143515070000,126.0,1,126.0,270,126.5,112,2,2022-03-18 09:02:23
1647594143573376000,126.0,1,126.0,269,126.5,111,2,2022-03-18 09:02:23
1647594143583849000,126.0,1,126.0,268,126.5,111,2,2022-03-18 09:02:23
1647594143993034000,126.0,2,126.0,267,126.5,111,2,2022-03-18 09:02:23
1647594144030054000,126.0,1,126.0,266,126.5,111,2,2022-03-18 09:02:24
1647594144611528000,126.5,5,126.0,272,126.5,106,1,2022-03-18 09:02:24
1647594144617023000,126.5,10,126.0,272,126.5,96,1,2022-03-18 09:02:24
1647594145213086000,126.5,1,126.0,273,126.5,100,1,2022-03-18 09:02:25
1647594145331113000,126.5,10,126.0,273,126.5,90,1,2022-03-18 09:02:25
1647594146977766000,126.5,3,126.0,273,126.5,93,1,2022-03-18 09:02:26
1647594147014024000,126.5,1,126.0,273,126.5,92,1,2022-03-18 09:02:27
1647594147418197000,126.5,1,126.0,273,126.5,91,1,2022-03-18 09:02:27
1647594147910292000,126.5,1,126.0,274,126.5,90,1,2022-03-18 09:02:27
1647594148451883000,126.5,1,126.0,274,126.5,89,1,2022-03-18 09:02:28
1647594148567121000,126.0,2,126.0,272,126.5,89,2,2022-03-18 09:02:28
1647594148753130000,126.5,1,126.0,273,126.5,88,1,2022-03-18 09:02:28
1647594149740975000,126.5,10,126.0,272,126.5,80,1,2022-03-18 09:02:29
1647594149997974000,126.0,1,126.0,271,126.5,85,2,2022-03-18 09:02:29
1647594150276827000,126.5,5,126.0,271,126.5,80,1,2022-03-18 09:02:30
1647594150376544000,126.5,1,126.0,272,126.5,79,1,2022-03-18 09:02:30
1647594151226397000,126.5,5,126.0,273,126.5,75,1,2022-03-18 09:02:31
1647594152626031000,126.5,1,126.0,278,126.5,79,1,2022-03-18 09:02:32
1647594152642791000,126.5,1,126.0,278,126.5,78,1,2022-03-18 09:02:32
1647594152735895000,126.5,1,126.0,279,126.5,78,1,2022-03-18 09:02:32
1647594153415070000,126.5,3,126.0,279,126.5,77,1,2022-03-18 09:02:33
1647594153474581000,126.5,1,126.0,280,126.5,76,1,2022-03-18 09:02:33
1647594153714246000,126.5,1,126.0,280,126.5,75,1,2022-03-18 09:02:33
1647594153872001000,126.0,1,126.0,279,126.5,75,2,2022-03-18 09:02:33
1647594154034272000,126.5,1,126.0,278,126.5,74,1,2022-03-18 09:02:34
1647594154389196000,126.5,1,126.0,277,126.5,78,1,2022-03-18 09:02:34
1647594154799469000,126.5,1,126.0,279,126.5,84,1,2022-03-18 09:02:34
1647594155137686000,126.5,1,126.0,279,126.5,87,1,2022-03-18 09:02:35
1647594155159184000,126.5,2,126.0,279,126.5,85,1,2022-03-18 09:02:35
1647594155212027000,126.0,1,126.0,278,126.5,85,2,2022-03-18 09:02:35
1647594155509120000,126.5,2,126.0,278,126.5,83,1,2022-03-18 09:02:35
1647594156096303000,126.5,1,126.0,279,126.5,82,1,2022-03-18 09:02:36
1647594157214902000,126.0,3,126.0,280,126.5,92,2,2022-03-18 09:02:37
1647594158177189000,126.0,5,126.0,276,126.5,107,2,2022-03-18 09:02:38
1647594158216639000,126.0,1,126.0,275,126.5,107,2,2022-03-18 09:02:38
1647594159703943000,126.5,1,126.0,276,126.5,109,1,2022-03-18 09:02:39
1647594159818602000,126.0,1,126.0,275,126.5,104,2,2022-03-18 09:02:39
1647594159900586000,126.5,1,126.0,274,126.5,104,1,2022-03-18 09:02:39
1647594165341261000,126.5,1,126.0,338,126.5,110,1,2022-03-18 09:02:45
1647594166615383000,126.5,1,126.0,342,126.5,114,1,2022-03-18 09:02:46
1647594166887972000,126.5,1,126.0,343,126.5,113,1,2022-03-18 09:02:46
1647594167833525000,126.0,1,126.0,347,126.5,113,2,2022-03-18 09:02:47
1647594169446518000,126.5,1,126.0,349,126.5,115,1,2022-03-18 09:02:49
1647594171749656000,126.0,1,126.0,348,126.5,121,2,2022-03-18 09:02:51
1647594172283224000,126.0,1,126.0,349,126.5,124,2,2022-03-18 09:02:52
1647594172902727000,126.0,1,126.0,348,126.5,125,2,2022-03-18 09:02:52
1647594172915294000,126.0,1,126.0,347,126.5,125,2,2022-03-18 09:02:52
1647594173527255000,126.0,2,126.0,346,126.5,125,2,2022-03-18 09:02:53
1647594173708191000,126.0,1,126.0,345,126.5,125,2,2022-03-18 09:02:53
1647594173796592000,126.5,3,126.0,345,126.5,122,1,2022-03-18 09:02:53
1647594177474076000,126.5,1,126.0,350,126.5,127,1,2022-03-18 09:02:57
1647594178027865000,126.0,1,126.0,350,126.5,127,2,2022-03-18 09:02:58
1647594178143099000,126.0,3,126.0,347,126.5,127,2,2022-03-18 09:02:58
1647594179668624000,126.5,1,126.0,346,126.5,126,1,2022-03-18 09:02:59
1647594180474821000,126.5,2,126.0,346,126.5,127,1,2022-03-18 09:03:00
1647594181038373000,126.0,3,126.0,344,126.5,127,2,2022-03-18 09:03:01
1647594181824723000,126.5,1,126.0,345,126.5,138,1,2022-03-18 09:03:01
1647594182561455000,126.0,1,126.0,345,126.5,138,2,2022-03-18 09:03:02
1647594182910165000,126.5,3,126.0,346,126.5,136,1,2022-03-18 09:03:02
1647594183013240000,126.0,4,126.0,342,126.5,136,2,2022-03-18 09:03:03
1647594183137006000,126.0,1,126.0,340,126.5,136,2,2022-03-18 09:03:03
1647594184245657000,126.0,1,126.0,340,126.5,139,2,2022-03-18 09:03:04
1647594185012275000,126.5,1,126.0,341,126.5,139,1,2022-03-18 09:03:05
1647594185264883000,126.0,1,126.0,340,126.5,139,2,2022-03-18 09:03:05
1647594186059365000,126.0,1,126.0,340,126.5,141,2,2022-03-18 09:03:06
1647594188056010000,126.0,10,126.0,332,126.5,140,2,2022-03-18 09:03:08
1647594188094747000,126.0,1,126.0,331,126.5,140,2,2022-03-18 09:03:08
1647594188100095000,126.0,1,126.0,330,126.5,140,2,2022-03-18 09:03:08
1647594188246570000,126.0,1,126.0,329,126.5,140,2,2022-03-18 09:03:08
1647594189545102000,126.5,1,126.0,329,126.5,140,1,2022-03-18 09:03:09
1647594190016953000,126.0,3,126.0,323,126.5,140,2,2022-03-18 09:03:10
1647594190134151000,126.5,1,126.0,323,126.5,139,1,2022-03-18 09:03:10
1647594190464128000,126.5,1,126.0,323,126.5,138,1,2022-03-18 09:03:10
1647594190915520000,126.5,1,126.0,323,126.5,137,1,2022-03-18 09:03:10
1647594191024830000,126.5,1,126.0,323,126.5,136,1,2022-03-18 09:03:11
1647594191135779000,126.5,3,126.0,323,126.5,133,1,2022-03-18 09:03:11
1647594193351375000,126.0,1,126.0,324,126.5,131,2,2022-03-18 09:03:13
1647594194400151000,126.5,1,126.0,324,126.5,130,1,2022-03-18 09:03:14
1647594194786345000,126.5,1,126.0,324,126.5,129,1,2022-03-18 09:03:14
1647594195485529000,126.0,6,126.0,318,126.5,127,2,2022-03-18 09:03:15
1647594195932910000,126.5,1,126.0,327,126.5,127,1,2022-03-18 09:03:15
1647594196537006000,126.5,1,126.0,327,126.5,132,1,2022-03-18 09:03:16
1647594196691480000,126.0,2,126.0,325,126.5,132,2,2022-03-18 09:03:16
1647594196958250000,126.5,1,126.0,326,126.5,131,1,2022-03-18 09:03:16
1647594198382666000,126.5,2,126.0,329,126.5,131,1,2022-03-18 09:03:18
1647594198458141000,126.0,1,126.0,328,126.5,131,2,2022-03-18 09:03:18
1647594201443047000,126.0,1,126.0,327,126.5,133,2,2022-03-18 09:03:21
1647594201827728000,126.5,5,126.0,327,126.5,128,1,2022-03-18 09:03:21
1647594203234241000,126.0,1,126.0,329,126.5,129,2,2022-03-18 09:03:23
1647594203573856000,126.0,1,126.0,335,126.5,129,2,2022-03-18 09:03:23
1647594203986365000,126.5,1,126.0,335,126.5,128,1,2022-03-18 09:03:23
1647594204175989000,126.5,1,126.0,336,126.5,127,1,2022-03-18 09:03:24
1647594206048398000,126.5,1,126.0,336,126.5,127,1,2022-03-18 09:03:26
1647594206155319000,126.5,1,126.0,336,126.5,126,1,2022-03-18 09:03:26
1647594207135122000,126.5,3,126.0,336,126.5,125,1,2022-03-18 09:03:27
1647594208659639000,126.0,1,126.0,338,126.5,126,2,2022-03-18 09:03:28
1647594210610384000,126.0,9,126.0,328,126.5,128,2,2022-03-18 09:03:30
1647594210685734000,126.0,1,126.0,325,126.5,128,2,2022-03-18 09:03:30
1647594210941547000,126.0,1,126.0,324,126.5,128,2,2022-03-18 09:03:30
1647594211494541000,126.5,3,126.0,324,126.5,125,1,2022-03-18 09:03:31
1647594211545480000,126.5,1,126.0,324,126.5,125,1,2022-03-18 09:03:31
1647594212892486000,126.5,2,126.0,328,126.5,125,1,2022-03-18 09:03:32
1647594213761809000,126.0,1,126.0,326,126.5,125,2,2022-03-18 09:03:33
1647594215615943000,126.5,1,126.0,334,126.5,124,1,2022-03-18 09:03:35
1647594216584303000,126.0,2,126.0,332,126.5,124,2,2022-03-18 09:03:36
1647594216664687000,126.5,1,126.0,332,126.5,123,1,2022-03-18 09:03:36
1647594217895633000,126.5,1,126.0,329,126.5,128,1,2022-03-18 09:03:37
1647594218864879000,126.0,1,126.0,331,126.5,128,2,2022-03-18 09:03:38
1647594219613182000,126.5,1,126.0,329,126.5,130,1,2022-03-18 09:03:39
1647594221203678000,126.5,1,126.0,333,126.5,128,1,2022-03-18 09:03:41
1647594221490628000,126.5,1,126.0,333,126.5,127,1,2022-03-18 09:03:41
1647594223807375000,126.0,1,126.0,332,126.5,130,2,2022-03-18 09:03:43
1647594223923335000,126.5,1,126.0,330,126.5,129,1,2022-03-18 09:03:43
1647594223969335000,126.0,1,126.0,329,126.5,129,2,2022-03-18 09:03:43
1647594224395855000,126.0,3,126.0,327,126.5,129,2,2022-03-18 09:03:44
1647594224692969000,126.5,1,126.0,327,126.5,128,1,2022-03-18 09:03:44
1647594226856891000,126.5,1,126.0,338,126.5,130,1,2022-03-18 09:03:46
1647594227219472000,126.5,1,126.0,338,126.5,130,1,2022-03-18 09:03:47
1647594227256473000,126.5,1,126.0,338,126.5,129,1,2022-03-18 09:03:47
1647594227732030000,126.5,1,126.0,341,126.5,129,1,2022-03-18 09:03:47
1647594229073658000,126.0,1,126.0,342,126.5,129,2,2022-03-18 09:03:49
1647594233263775000,126.5,1,126.0,340,126.5,141,1,2022-03-18 09:03:53
1647594234171172000,126.0,1,126.0,339,126.5,144,2,2022-03-18 09:03:54
1647594236654326000,126.0,1,126.0,340,126.5,148,2,2022-03-18 09:03:56
1647594237307980000,126.0,1,126.0,340,126.5,148,2,2022-03-18 09:03:57
1647594239068155000,126.5,1,126.0,343,126.5,148,1,2022-03-18 09:03:59
1647594239283197000,126.0,1,126.0,342,126.5,148,2,2022-03-18 09:03:59
1647594239532660000,126.5,4,126.0,337,126.5,144,1,2022-03-18 09:03:59
1647594241060500000,126.0,1,126.0,340,126.5,156,2,2022-03-18 09:04:01
1647594244375814000,126.0,1,126.0,340,126.5,159,2,2022-03-18 09:04:04
1647594246858489000,126.5,1,126.0,341,126.5,159,1,2022-03-18 09:04:06
1647594249482138000,126.0,1,126.0,339,126.5,160,2,2022-03-18 09:04:09
1647594250265429000,126.5,1,126.0,337,126.5,159,1,2022-03-18 09:04:10
1647594254584100000,126.0,1,126.0,338,126.5,159,2,2022-03-18 09:04:14
1647594255368986000,126.5,1,126.0,338,126.5,158,1,2022-03-18 09:04:15
1647594256110933000,126.0,1,126.0,337,126.5,158,2,2022-03-18 09:04:16
1647594256171786000,126.0,1,126.0,336,126.5,158,2,2022-03-18 09:04:16
1647594256533252000,126.5,7,126.0,328,126.5,151,1,2022-03-18 09:04:16
1647594257298753000,126.5,1,126.0,329,126.5,150,1,2022-03-18 09:04:17
1647594257994426000,126.5,1,126.0,330,126.5,149,1,2022-03-18 09:04:17
1647594259689930000,126.0,1,126.0,331,126.5,161,2,2022-03-18 09:04:19
1647594261165965000,126.0,6,126.0,325,126.5,161,2,2022-03-18 09:04:21
1647594261366712000,126.5,1,126.0,325,126.5,160,1,2022-03-18 09:04:21
1647594262229124000,126.5,5,126.0,325,126.5,155,1,2022-03-18 09:04:22
1647594263098636000,126.0,4,126.0,324,126.5,157,2,2022-03-18 09:04:23
1647594264279889000,126.5,1,126.0,327,126.5,165,1,2022-03-18 09:04:24
1647594264788412000,126.0,1,126.0,326,126.5,165,2,2022-03-18 09:04:24
1647594265762231000,126.5,1,126.0,327,126.5,162,1,2022-03-18 09:04:25
1647594268146664000,126.5,1,126.0,327,126.5,162,1,2022-03-18 09:04:28
1647594268570167000,126.5,3,126.0,324,126.5,159,1,2022-03-18 09:04:28
1647594269893024000,126.0,1,126.0,2818,126.5,159,2,2022-03-18 09:04:29
1647594269955548000,126.0,1,126.0,2817,126.5,159,2,2022-03-18 09:04:29
1647594270373701000,126.0,6,126.0,316,126.5,159,2,2022-03-18 09:04:30
1647594270373720000,126.0,4,126.0,312,126.5,159,2,2022-03-18 09:04:30
1647594270408461000,126.0,31,126.0,281,126.5,167,2,2022-03-18 09:04:30
1647594270451784000,126.0,12,126.0,269,126.5,167,2,2022-03-18 09:04:30
1647594270455378000,126.0,1,126.0,268,126.5,167,2,2022-03-18 09:04:30
1647594271709340000,126.0,1,126.0,268,126.5,172,2,2022-03-18 09:04:31
1647594272608123000,126.0,54,126.0,215,126.5,172,2,2022-03-18 09:04:32
1647594272633899000,126.0,100,126.0,115,126.5,172,2,2022-03-18 09:04:32
1647594272633979000,126.0,3,126.0,112,126.5,172,2,2022-03-18 09:04:32
1647594272634339000,126.0,17,126.0,95,126.5,172,2,2022-03-18 09:04:32
1647594272654519000,126.0,12,126.0,83,126.5,172,2,2022-03-18 09:04:32
1647594272654936000,126.0,83,125.5,96,126.5,172,2,2022-03-18 09:04:32
1647594272749583000,126.0,1,125.5,96,126.0,4,1,2022-03-18 09:04:32
1647594273148109000,126.0,1,125.5,104,126.0,16,1,2022-03-18 09:04:33
1647594273662333000,126.0,1,125.5,104,126.0,14,1,2022-03-18 09:04:33
1647594273931060000,126.0,1,125.5,104,126.0,14,1,2022-03-18 09:04:33
1647594275365457000,125.5,1,125.5,103,126.0,50,2,2022-03-18 09:04:35
1647594275471168000,125.5,1,125.5,102,126.0,50,2,2022-03-18 09:04:35
1647594277030715000,126.0,1,125.5,101,126.0,54,1,2022-03-18 09:04:37
1647594277153757000,125.5,1,125.5,99,126.0,54,2,2022-03-18 09:04:37
1647594277203036000,126.0,1,125.5,99,126.0,53,1,2022-03-18 09:04:37
1647594277791036000,125.5,1,125.5,98,126.0,51,2,2022-03-18 09:04:37
1647594278898953000,126.0,2,125.5,98,126.0,60,1,2022-03-18 09:04:38
1647594279536324000,125.5,1,125.5,97,126.0,59,2,2022-03-18 09:04:39
1647594280309335000,126.0,5,125.5,98,126.0,54,1,2022-03-18 09:04:40
1647594281984997000,125.5,3,125.5,95,126.0,57,2,2022-03-18 09:04:41
1647594282053130000,125.5,1,125.5,86,126.0,57,2,2022-03-18 09:04:42
1647594282290182000,125.5,1,125.5,85,126.0,60,2,2022-03-18 09:04:42
1647594282453746000,126.0,1,125.5,85,126.0,59,1,2022-03-18 09:04:42
1647594283457558000,125.5,1,125.5,84,126.0,65,2,2022-03-18 09:04:43
1647594284136252000,125.5,2,125.5,84,126.0,66,2,2022-03-18 09:04:44
1647594284482363000,125.5,1,125.5,84,126.0,66,2,2022-03-18 09:04:44
1647594284664235000,125.5,1,125.5,83,126.0,69,2,2022-03-18 09:04:44
1647594285699398000,125.5,1,125.5,82,126.0,80,2,2022-03-18 09:04:45
1647594285814383000,125.5,2,125.5,81,126.0,80,2,2022-03-18 09:04:45
1647594285860959000,125.5,1,125.5,80,126.0,60,2,2022-03-18 09:04:45
1647594286041866000,125.5,1,125.5,78,126.0,60,2,2022-03-18 09:04:46
1647594286092171000,126.0,1,125.5,78,126.0,59,1,2022-03-18 09:04:46
1647594286203764000,125.5,20,125.5,58,126.0,59,2,2022-03-18 09:04:46
1647594286238302000,125.5,30,125.5,28,126.0,59,2,2022-03-18 09:04:46
1647594286267607000,125.5,1,125.5,27,126.0,67,2,2022-03-18 09:04:46
1647594286271484000,125.5,4,125.5,23,126.0,67,2,2022-03-18 09:04:46
1647594286271896000,125.5,23,125.0,195,126.0,67,2,2022-03-18 09:04:46
1647594286585285000,125.5,1,125.0,195,125.5,9,1,2022-03-18 09:04:46
1647594287136022000,125.0,1,125.0,194,125.5,15,2,2022-03-18 09:04:47
1647594287194971000,125.0,1,125.0,193,125.5,15,2,2022-03-18 09:04:47
1647594287223872000,125.5,5,125.0,193,125.5,10,1,2022-03-18 09:04:47
1647594287241787000,125.0,6,125.0,187,125.5,10,2,2022-03-18 09:04:47
1647594287295069000,125.0,1,125.0,185,125.5,10,2,2022-03-18 09:04:47
1647594287880214000,125.0,1,125.0,183,125.5,10,2,2022-03-18 09:04:47
1647594288083447000,125.0,1,125.0,182,125.5,10,2,2022-03-18 09:04:48
1647594288146212000,125.0,3,125.0,179,125.5,11,2,2022-03-18 09:04:48
1647594288199763000,125.0,2,125.0,177,125.5,11,2,2022-03-18 09:04:48
1647594288882365000,125.5,1,125.0,178,125.5,13,1,2022-03-18 09:04:48
1647594288921019000,125.0,1,125.0,177,125.5,13,2,2022-03-18 09:04:48
1647594289398750000,125.0,5,125.0,171,125.5,13,2,2022-03-18 09:04:49
1647594289570676000,125.0,1,125.0,169,125.5,14,2,2022-03-18 09:04:49
1647594291818097000,125.5,1,125.0,169,125.5,51,1,2022-03-18 09:04:51
1647594292255886000,125.0,1,125.0,170,125.5,52,2,2022-03-18 09:04:52
1647594292318899000,125.0,2,125.0,168,125.5,52,2,2022-03-18 09:04:52
1647594292392972000,125.5,2,125.0,168,125.5,50,1,2022-03-18 09:04:52
1647594292670342000,125.0,32,125.0,136,125.5,53,2,2022-03-18 09:04:52
1647594293112523000,125.0,1,125.0,135,125.5,82,2,2022-03-18 09:04:53
1647594293323673000,125.0,1,125.0,134,125.5,83,2,2022-03-18 09:04:53
1647594293651462000,125.0,1,125.0,133,125.5,86,2,2022-03-18 09:04:53
1647594294063976000,125.0,2,125.0,131,125.5,86,2,2022-03-18 09:04:54
1647594294430112000,125.0,2,125.0,129,125.5,91,2,2022-03-18 09:04:54
1647594294742362000,125.0,5,125.0,124,125.5,92,2,2022-03-18 09:04:54
1647594295852208000,125.0,1,125.0,133,125.5,94,2,2022-03-18 09:04:55
1647594296227801000,125.0,3,125.0,130,125.5,95,2,2022-03-18 09:04:56
1647594296368380000,125.0,1,125.0,129,125.5,96,2,2022-03-18 09:04:56
1647594296601346000,125.5,1,125.0,129,125.5,94,1,2022-03-18 09:04:56
1647594296997473000,125.0,1,125.0,128,125.5,94,2,2022-03-18 09:04:56
1647594297290227000,125.0,2,125.0,125,125.5,94,2,2022-03-18 09:04:57
1647594297741209000,125.5,1,125.0,135,125.5,95,1,2022-03-18 09:04:57
1647594297844961000,125.0,1,125.0,134,125.5,95,2,2022-03-18 09:04:57
1647594298117542000,125.0,5,125.0,130,125.5,96,2,2022-03-18 09:04:58
1647594298139368000,125.0,3,125.0,127,125.5,96,2,2022-03-18 09:04:58
1647594298172266000,125.0,1,125.0,126,125.5,96,2,2022-03-18 09:04:58
1647594298548346000,125.0,1,125.0,125,125.5,96,2,2022-03-18 09:04:58
1647594298778733000,125.0,1,125.0,124,125.5,96,2,2022-03-18 09:04:58
1647594299094619000,125.5,2,125.0,124,125.5,94,1,2022-03-18 09:04:59
1647594300289178000,125.0,2,125.0,124,125.5,99,2,2022-03-18 09:05:00
1647594300381119000,125.0,4,125.0,119,125.5,99,2,2022-03-18 09:05:00
1647594300389720000,125.0,1,125.0,118,125.5,99,2,2022-03-18 09:05:00
1647594300639448000,125.0,6,125.0,112,125.5,99,2,2022-03-18 09:05:00
1647594301204666000,125.0,1,125.0,110,125.5,104,2,2022-03-18 09:05:01
1647594301377116000,125.5,5,125.0,110,125.5,99,1,2022-03-18 09:05:01
1647594301848821000,125.5,1,125.0,109,125.5,78,1,2022-03-18 09:05:01
1647594301904856000,125.5,1,125.0,109,125.5,77,1,2022-03-18 09:05:01
1647594302043362000,125.0,1,125.0,107,125.5,74,2,2022-03-18 09:05:02
1647594302123417000,125.0,1,125.0,106,125.5,74,2,2022-03-18 09:05:02
1647594302339524000,125.0,1,125.0,105,125.5,76,2,2022-03-18 09:05:02
1647594303245578000,125.0,2,125.0,103,125.5,79,2,2022-03-18 09:05:03
1647594303407414000,125.0,2,125.0,101,125.5,79,2,2022-03-18 09:05:03
1647594303928416000,125.0,1,125.0,102,125.5,81,2,2022-03-18 09:05:03
1647594306246123000,125.0,1,125.0,102,125.5,95,2,2022-03-18 09:05:06
1647594306578588000,125.0,8,125.0,94,125.5,95,2,2022-03-18 09:05:06
1647594306990358000,125.0,1,125.0,95,125.5,98,2,2022-03-18 09:05:06
1647594307939356000,125.5,2,125.0,98,125.5,86,1,2022-03-18 09:05:07
1647594308196480000,125.0,1,125.0,98,125.5,83,2,2022-03-18 09:05:08
1647594308539622000,125.5,2,125.0,98,125.5,81,1,2022-03-18 09:05:08
1647594308643980000,125.0,1,125.0,97,125.5,81,2,2022-03-18 09:05:08
1647594308836137000,125.0,1,125.0,96,125.5,81,2,2022-03-18 09:05:08
1647594308914160000,125.0,1,125.0,95,125.5,81,2,2022-03-18 09:05:08
1647594308996127000,125.0,5,125.0,90,125.5,81,2,2022-03-18 09:05:08
1647594309084696000,125.0,1,125.0,89,125.5,84,2,2022-03-18 09:05:09
1647594309753343000,125.0,1,125.0,90,125.5,83,2,2022-03-18 09:05:09
1647594309929115000,125.0,2,125.0,90,125.5,83,2,2022-03-18 09:05:09
1647594310255414000,125.0,2,125.0,89,125.5,83,2,2022-03-18 09:05:10
1647594310333020000,125.0,20,125.0,74,125.5,80,2,2022-03-18 09:05:10
1647594311281608000,125.0,1,125.0,74,125.5,84,2,2022-03-18 09:05:11
1647594311513063000,125.0,2,125.0,75,125.5,84,2,2022-03-18 09:05:11
1647594311591580000,125.0,1,125.0,74,125.5,84,2,2022-03-18 09:05:11
1647594311830922000,125.0,2,125.0,77,125.5,84,2,2022-03-18 09:05:11
1647594311870858000,125.5,1,125.0,77,125.5,83,1,2022-03-18 09:05:11
1647594312181434000,125.0,5,125.0,73,125.5,80,2,2022-03-18 09:05:12
1647594312312221000,125.0,2,125.0,71,125.5,83,2,2022-03-18 09:05:12
1647594312376340000,125.0,1,125.0,70,125.5,83,2,2022-03-18 09:05:12
1647594312379469000,125.0,1,125.0,69,125.5,83,2,2022-03-18 09:05:12
1647594312665045000,125.0,1,125.0,69,125.5,85,2,2022-03-18 09:05:12
1647594312761645000,125.0,6,125.0,63,125.5,85,2,2022-03-18 09:05:12
1647594312994268000,125.0,10,125.0,58,125.5,89,2,2022-03-18 09:05:12
1647594313043660000,125.0,7,125.0,51,125.5,89,2,2022-03-18 09:05:13
1647594313050154000,125.0,1,125.0,50,125.5,89,2,2022-03-18 09:05:13
1647594313213047000,125.0,3,125.0,47,125.5,95,2,2022-03-18 09:05:13
1647594313465208000,125.0,1,125.0,47,125.5,95,2,2022-03-18 09:05:13
1647594313651132000,125.0,5,125.0,42,125.5,95,2,2022-03-18 09:05:13
1647594313666964000,125.0,2,125.0,40,125.5,95,2,2022-03-18 09:05:13
1647594313771573000,125.0,1,125.0,39,125.5,95,2,2022-03-18 09:05:13
1647594313899203000,125.0,2,125.0,43,125.5,95,2,2022-03-18 09:05:13
1647594314068233000,125.0,43,124.5,99,125.0,7,2,2022-03-18 09:05:14
1647594314103422000,125.0,7,124.5,97,125.0,9,1,2022-03-18 09:05:14
1647594314195437000,125.0,1,124.5,96,125.0,15,1,2022-03-18 09:05:14
1647594314488104000,124.5,1,124.5,95,125.0,19,2,2022-03-18 09:05:14
1647594314614251000,124.5,1,124.5,94,125.0,19,2,2022-03-18 09:05:14
1647594314619258000,124.5,1,124.5,93,125.0,19,2,2022-03-18 09:05:14
1647594314635336000,124.5,1,124.5,92,125.0,19,2,2022-03-18 09:05:14
1647594314723089000,124.5,2,124.5,87,125.0,22,2,2022-03-18 09:05:14
1647594314770652000,124.5,10,124.5,77,125.0,22,2,2022-03-18 09:05:14
1647594314853424000,125.0,2,124.5,77,125.0,30,1,2022-03-18 09:05:14
1647594315708447000,124.5,1,124.5,86,125.0,42,2,2022-03-18 09:05:15
1647594316811036000,125.0,1,124.5,88,125.0,51,1,2022-03-18 09:05:16
1647594316827982000,124.5,1,124.5,87,125.0,51,2,2022-03-18 09:05:16
1647594317687652000,125.0,1,124.5,87,125.0,54,1,2022-03-18 09:05:17
1647594318368273000,124.5,3,124.5,85,125.0,59,2,2022-03-18 09:05:18
1647594318371266000,124.5,1,124.5,84,125.0,59,2,2022-03-18 09:05:18
1647594318399520000,124.5,1,124.5,83,125.0,59,2,2022-03-18 09:05:18
1647594318866145000,124.5,1,124.5,93,125.0,61,2,2022-03-18 09:05:18
1647594319148125000,124.5,2,124.5,91,125.0,62,2,2022-03-18 09:05:19
1647594319206565000,124.5,1,124.5,90,125.0,62,2,2022-03-18 09:05:19
1647594319775111000,124.5,2,124.5,86,125.0,66,2,2022-03-18 09:05:19
1647594319830647000,125.0,2,124.5,86,125.0,64,1,2022-03-18 09:05:19
1647594321029138000,125.0,3,124.5,72,125.0,67,1,2022-03-18 09:05:21
1647594321058246000,125.0,67,124.5,72,125.5,83,1,2022-03-18 09:05:21
1647594321449652000,124.5,1,124.5,81,125.5,90,2,2022-03-18 09:05:21
1647594321679689000,125.0,10,124.5,82,125.5,90,1,2022-03-18 09:05:21
1647594321886454000,125.0,1,125.0,7,125.5,90,2,2022-03-18 09:05:21
1647594322213391000,125.0,1,125.0,16,125.5,81,2,2022-03-18 09:05:22
1647594322292861000,125.0,1,125.0,18,125.5,81,2,2022-03-18 09:05:22
1647594322733575000,125.0,5,125.0,14,125.5,81,2,2022-03-18 09:05:22
1647594323062168000,125.0,1,125.0,13,125.5,81,2,2022-03-18 09:05:23
1647594323272855000,125.0,1,125.0,14,125.5,81,2,2022-03-18 09:05:23
1647594323746464000,125.0,9,125.0,7,125.5,72,2,2022-03-18 09:05:23
1647594324156224000,125.0,1,125.0,15,125.5,72,2,2022-03-18 09:05:24
1647594324241365000,125.0,1,125.0,14,125.5,72,2,2022-03-18 09:05:24
1647594325278779000,125.0,1,125.0,15,125.5,77,2,2022-03-18 09:05:25
1647594325530939000,125.0,20,124.5,113,125.5,77,2,2022-03-18 09:05:25
1647594326116003000,125.0,2,125.0,7,125.5,85,2,2022-03-18 09:05:26
1647594326166837000,125.0,1,125.0,6,125.5,85,2,2022-03-18 09:05:26
1647594327180075000,125.0,1,125.0,25,125.5,83,2,2022-03-18 09:05:27
1647594327362820000,125.0,2,125.0,23,125.5,83,2,2022-03-18 09:05:27
1647594327998219000,125.0,1,125.0,24,125.5,82,2,2022-03-18 09:05:27
1647594328346912000,125.0,1,125.0,31,125.5,77,2,2022-03-18 09:05:28
1647594328432725000,125.0,1,125.0,30,125.5,79,2,2022-03-18 09:05:28
1647594328433539000,125.0,1,125.0,29,125.5,79,2,2022-03-18 09:05:28
1647594328482665000,125.0,2,125.0,28,125.5,79,2,2022-03-18 09:05:28
1647594328584170000,125.0,1,125.0,27,125.5,79,2,2022-03-18 09:05:28
1647594329089880000,125.0,1,125.0,26,125.5,86,2,2022-03-18 09:05:29
1647594329131367000,125.0,1,125.0,27,125.5,86,2,2022-03-18 09:05:29
1647594329250321000,125.0,10,125.0,23,125.5,89,2,2022-03-18 09:05:29
1647594329782991000,125.5,1,125.0,24,125.5,88,1,2022-03-18 09:05:29
1647594329824436000,125.0,1,125.0,23,125.5,88,2,2022-03-18 09:05:29
1647594330509305000,125.0,20,125.0,18,125.5,88,2,2022-03-18 09:05:30
1647594331016984000,125.0,2,125.0,18,125.5,91,2,2022-03-18 09:05:31
1647594331737029000,125.0,1,125.0,30,125.5,97,2,2022-03-18 09:05:31
1647594331950575000,125.0,1,125.0,29,125.5,97,2,2022-03-18 09:05:31
1647594332451861000,125.0,1,125.0,26,125.5,105,2,2022-03-18 09:05:32
1647594332455690000,125.0,1,125.0,25,125.5,105,2,2022-03-18 09:05:32
1647594332616706000,125.0,5,125.0,21,125.5,105,2,2022-03-18 09:05:32
1647594332804652000,125.0,1,125.0,114,125.5,104,2,2022-03-18 09:05:32
1647594333461231000,125.0,2,125.0,127,125.5,104,2,2022-03-18 09:05:33
1647594333499238000,125.0,1,125.0,123,125.5,104,2,2022-03-18 09:05:33
1647594333643730000,125.0,3,125.0,124,125.5,104,2,2022-03-18 09:05:33
1647594335809373000,125.5,1,125.0,136,125.5,105,1,2022-03-18 09:05:35
1647594335905041000,125.0,1,125.0,135,125.5,105,2,2022-03-18 09:05:35
1647594336013416000,125.5,2,125.0,135,125.5,103,1,2022-03-18 09:05:36
1647594336042540000,125.5,39,125.0,135,125.5,64,1,2022-03-18 09:05:36
1647594336065801000,125.5,6,125.0,135,125.5,58,1,2022-03-18 09:05:36
1647594336065945000,125.5,48,125.0,135,125.5,10,1,2022-03-18 09:05:36
1647594336066099000,125.5,10,125.0,137,126.0,61,1,2022-03-18 09:05:36
1647594336130549000,125.5,1,125.5,2,126.0,61,2,2022-03-18 09:05:36
1647594336289814000,125.5,2,125.5,1,126.0,61,2,2022-03-18 09:05:36
1647594336333336000,126.0,1,125.5,1,126.0,60,1,2022-03-18 09:05:36
1647594336335844000,125.5,1,125.0,140,126.0,60,2,2022-03-18 09:05:36
1647594336618284000,125.0,3,125.0,137,126.0,62,2,2022-03-18 09:05:36
1647594337894108000,125.5,1,125.5,2,126.0,70,2,2022-03-18 09:05:37
1647594338244027000,125.5,2,125.0,151,126.0,69,2,2022-03-18 09:05:38
1647594338490635000,125.5,1,125.0,154,126.0,68,2,2022-03-18 09:05:38
1647594338731337000,125.5,2,125.0,154,126.0,68,1,2022-03-18 09:05:38
1647594338892372000,125.0,1,125.0,150,126.0,68,2,2022-03-18 09:05:38
1647594340439706000,125.5,1,125.5,5,126.0,72,2,2022-03-18 09:05:40
1647594342429171000,125.5,1,125.5,6,126.0,93,2,2022-03-18 09:05:42
1647594343013755000,125.5,1,125.5,8,126.0,93,2,2022-03-18 09:05:43
1647594344076475000,125.5,1,125.5,14,126.0,94,2,2022-03-18 09:05:44
1647594344625416000,125.5,1,125.5,13,126.0,94,2,2022-03-18 09:05:44
1647594344725618000,125.5,10,125.5,3,126.0,94,2,2022-03-18 09:05:44
1647594344757175000,125.5,3,125.0,211,126.0,99,2,2022-03-18 09:05:44
1647594344979398000,125.5,1,125.0,207,126.0,94,1,2022-03-18 09:05:44
1647594345102858000,125.0,1,125.0,208,126.0,94,2,2022-03-18 09:05:45
1647594345170727000,125.5,1,125.0,208,126.0,94,1,2022-03-18 09:05:45
1647594345211767000,125.5,2,125.5,2,126.0,94,1,2022-03-18 09:05:45
1647594345555305000,125.5,1,125.5,2,126.0,95,2,2022-03-18 09:05:45
1647594346067327000,125.5,2,125.0,202,126.0,95,2,2022-03-18 09:05:46
1647594346067327000,125.0,8,125.0,202,126.0,95,2,2022-03-18 09:05:46
1647594347027687000,125.5,1,125.5,2,126.0,98,2,2022-03-18 09:05:47
1647594347112315000,125.5,1,125.5,2,126.0,95,2,2022-03-18 09:05:47
1647594347853320000,125.5,2,125.5,1,126.0,96,2,2022-03-18 09:05:47
1647594348114087000,125.5,1,125.0,217,125.5,2,2,2022-03-18 09:05:48
1647594348149309000,125.5,2,125.0,217,126.0,96,1,2022-03-18 09:05:48
1647594348613796000,125.5,2,125.0,216,125.5,8,2,2022-03-18 09:05:48
1647594348644080000,125.5,8,125.0,216,126.0,96,1,2022-03-18 09:05:48
1647594349321777000,125.5,1,125.0,218,125.5,1,2,2022-03-18 09:05:49
1647594349345725000,125.5,1,125.0,218,126.0,96,1,2022-03-18 09:05:49
1647594349787073000,125.5,1,125.0,219,125.5,1,1,2022-03-18 09:05:49
1647594349948996000,125.5,1,125.0,219,125.5,1,1,2022-03-18 09:05:49
1647594350221014000,125.5,1,125.0,219,126.0,96,1,2022-03-18 09:05:50
1647594350901381000,125.5,1,125.0,219,126.0,97,2,2022-03-18 09:05:50
1647594351642781000,125.5,1,125.0,219,126.0,108,2,2022-03-18 09:05:51
1647594354695818000,125.5,1,125.5,9,126.0,109,2,2022-03-18 09:05:54
1647594354875366000,125.5,4,125.5,5,126.0,109,2,2022-03-18 09:05:54
1647594355375897000,126.0,1,125.5,8,126.0,108,1,2022-03-18 09:05:55
1647594356088018000,125.5,2,125.5,9,126.0,110,2,2022-03-18 09:05:56
1647594356621248000,125.5,1,125.5,11,126.0,110,2,2022-03-18 09:05:56
1647594357548203000,125.5,17,125.0,235,126.0,110,2,2022-03-18 09:05:57
1647594360337687000,125.5,1,125.5,20,126.0,111,2,2022-03-18 09:06:00
1647594361448988000,125.5,1,125.5,27,126.0,112,2,2022-03-18 09:06:01
1647594361940708000,125.5,1,125.5,27,126.0,113,2,2022-03-18 09:06:01
1647594362017073000,125.5,2,125.5,25,126.0,113,2,2022-03-18 09:06:02
1647594363365995000,125.5,1,125.5,26,126.0,113,2,2022-03-18 09:06:03
1647594363396399000,125.5,1,125.5,25,126.0,113,2,2022-03-18 09:06:03
1647594363847273000,125.5,2,125.5,23,126.0,113,2,2022-03-18 09:06:03
1647594363917811000,125.5,1,125.5,22,126.0,113,2,2022-03-18 09:06:03
1647594364192263000,125.5,10,125.5,12,126.0,113,2,2022-03-18 09:06:04
1647594364478938000,125.5,10,125.5,2,126.0,116,2,2022-03-18 09:06:04
1647594365125051000,125.5,1,125.5,1,126.0,131,2,2022-03-18 09:06:05
1647594365160696000,125.5,1,125.0,253,126.0,131,2,2022-03-18 09:06:05
1647594365609458000,126.0,1,125.5,1,126.0,129,1,2022-03-18 09:06:05
1647594366759601000,125.5,1,125.5,6,126.0,130,2,2022-03-18 09:06:06
1647594366799447000,125.5,1,125.5,5,126.0,130,2,2022-03-18 09:06:06
1647594366846732000,126.0,2,125.5,5,126.0,128,1,2022-03-18 09:06:06
1647594367114822000,125.5,1,125.5,4,126.0,128,2,2022-03-18 09:06:07
1647594367608617000,125.5,2,125.5,5,126.0,126,2,2022-03-18 09:06:07
1647594367796572000,125.5,3,125.5,2,126.0,129,2,2022-03-18 09:06:07
1647594367920385000,125.5,1,125.5,1,126.0,132,2,2022-03-18 09:06:07
1647594370147518000,126.0,1,125.5,11,126.0,136,1,2022-03-18 09:06:10
1647594370823635000,125.5,1,125.5,13,126.0,136,2,2022-03-18 09:06:10
1647594371825115000,125.5,1,125.5,12,126.0,135,2,2022-03-18 09:06:11
1647594371970812000,125.5,17,125.0,249,126.0,135,2,2022-03-18 09:06:11
1647594374873641000,125.5,1,125.5,52,126.0,132,2,2022-03-18 09:06:14
1647594378375578000,125.5,1,125.5,53,126.0,134,2,2022-03-18 09:06:18
1647594378812348000,126.0,5,125.5,55,126.0,130,1,2022-03-18 09:06:18
1647594378922723000,125.5,1,125.5,56,126.0,130,2,2022-03-18 09:06:18
1647594378972177000,125.5,2,125.5,54,126.0,130,2,2022-03-18 09:06:18
1647594378993491000,125.5,54,125.0,348,125.5,46,2,2022-03-18 09:06:18
1647594379031531000,125.5,46,125.0,346,126.0,130,1,2022-03-18 09:06:19
1647594380334105000,125.5,1,125.0,344,125.5,7,1,2022-03-18 09:06:20
1647594380662656000,125.0,1,125.0,344,125.5,7,2,2022-03-18 09:06:20
1647594381149942000,125.5,1,125.0,344,125.5,6,1,2022-03-18 09:06:21
1647594381317380000,125.0,5,125.0,339,125.5,6,2,2022-03-18 09:06:21
1647594382188261000,125.5,1,125.0,339,125.5,12,1,2022-03-18 09:06:22
1647594382461424000,125.5,1,125.0,338,125.5,11,1,2022-03-18 09:06:22
1647594382463039000,125.5,1,125.0,338,125.5,10,1,2022-03-18 09:06:22
1647594384624274000,125.5,1,125.0,352,125.5,12,1,2022-03-18 09:06:24
1647594385184850000,125.5,5,125.0,352,125.5,7,1,2022-03-18 09:06:25
1647594385217878000,125.5,7,125.0,352,126.0,130,1,2022-03-18 09:06:25
1647594385680677000,125.5,1,125.0,353,126.0,120,1,2022-03-18 09:06:25
1647594385960012000,126.0,1,125.5,4,126.0,119,1,2022-03-18 09:06:25
1647594390557368000,125.5,17,125.0,365,126.0,128,2,2022-03-18 09:06:30
1647594391586502000,125.5,1,125.0,367,126.0,129,2,2022-03-18 09:06:31
1647594392238221000,126.0,1,125.5,5,126.0,133,1,2022-03-18 09:06:32
1647594392966023000,125.5,1,125.5,5,126.0,133,2,2022-03-18 09:06:32
1647594393169300000,125.5,1,125.5,4,126.0,133,2,2022-03-18 09:06:33
1647594394958055000,126.0,1,125.5,7,126.0,135,1,2022-03-18 09:06:34
1647594396062388000,125.5,6,125.5,4,126.0,134,2,2022-03-18 09:06:36
1647594397277678000,126.0,9,125.5,9,126.0,125,1,2022-03-18 09:06:37
1647594398080047000,125.5,1,125.5,12,126.0,124,2,2022-03-18 09:06:38
1647594402363284000,125.5,1,125.5,23,126.0,144,2,2022-03-18 09:06:42
1647594402483207000,125.5,1,125.5,23,126.0,144,2,2022-03-18 09:06:42
1647594402643206000,125.5,25,125.0,389,126.0,144,2,2022-03-18 09:06:42
1647594402880261000,126.0,1,125.0,385,126.0,143,1,2022-03-18 09:06:42
1647594405081258000,125.5,1,125.5,2,126.0,145,2,2022-03-18 09:06:45
1647594406044190000,126.0,1,125.5,2,126.0,197,1,2022-03-18 09:06:46
1647594407104734000,125.5,1,125.5,6,126.0,206,2,2022-03-18 09:06:47
1647594407490963000,125.5,1,125.5,6,126.0,206,2,2022-03-18 09:06:47
1647594407615874000,126.0,1,125.5,6,126.0,207,1,2022-03-18 09:06:47
1647594409465492000,126.0,1,125.5,20,126.0,209,1,2022-03-18 09:06:49
1647594409862286000,125.5,10,125.5,12,126.0,211,2,2022-03-18 09:06:49
1647594410844620000,126.0,1,125.5,13,126.0,210,1,2022-03-18 09:06:50
1647594411564946000,125.5,17,125.0,393,126.0,212,2,2022-03-18 09:06:51
1647594411643755000,125.0,2,125.0,386,125.5,3,2,2022-03-18 09:06:51
1647594411742763000,125.5,1,125.0,386,125.5,2,1,2022-03-18 09:06:51
1647594411952945000,125.5,1,125.0,386,125.5,1,1,2022-03-18 09:06:51
1647594412221340000,125.5,1,125.0,390,125.5,9,1,2022-03-18 09:06:52
1647594412289236000,125.5,1,125.0,390,125.5,8,1,2022-03-18 09:06:52
1647594412828954000,125.5,1,125.0,392,125.5,7,1,2022-03-18 09:06:52
1647594413928450000,125.5,2,125.0,392,125.5,8,1,2022-03-18 09:06:53
1647594414379285000,125.5,1,125.0,392,125.5,7,1,2022-03-18 09:06:54
1647594415101627000,125.5,1,125.0,392,125.5,6,1,2022-03-18 09:06:55
1647594415451470000,125.0,1,125.0,391,125.5,7,2,2022-03-18 09:06:55
1647594415627293000,125.5,1,125.0,391,125.5,6,1,2022-03-18 09:06:55
1647594415674516000,125.5,1,125.0,391,125.5,5,1,2022-03-18 09:06:55
1647594416396168000,125.5,1,125.0,392,125.5,5,1,2022-03-18 09:06:56
1647594416693984000,125.5,1,125.0,393,125.5,7,1,2022-03-18 09:06:56
1647594417003642000,125.5,1,125.0,393,125.5,6,1,2022-03-18 09:06:57
1647594417016589000,125.5,4,125.0,393,125.5,2,1,2022-03-18 09:06:57
1647594417608545000,125.5,1,125.0,393,125.5,1,1,2022-03-18 09:06:57
1647594417707893000,125.5,1,125.0,393,126.0,207,1,2022-03-18 09:06:57
1647594418317894000,126.0,1,125.5,1,126.0,219,1,2022-03-18 09:06:58
1647594419611661000,125.5,1,125.5,2,126.0,212,2,2022-03-18 09:06:59
1647594420758113000,126.0,1,125.5,8,126.0,213,1,2022-03-18 09:07:00
1647594421325686000,125.5,1,125.5,11,126.0,211,2,2022-03-18 09:07:01
1647594421890481000,126.0,10,125.5,11,126.0,201,1,2022-03-18 09:07:01
1647594422353957000,126.0,1,125.5,16,126.0,200,1,2022-03-18 09:07:02
1647594426299911000,125.5,1,125.5,45,126.0,203,2,2022-03-18 09:07:06
1647594427849127000,126.0,1,125.5,47,126.0,202,1,2022-03-18 09:07:07
1647594431001934000,126.0,1,125.5,66,126.0,202,1,2022-03-18 09:07:11
1647594431213469000,126.0,1,125.5,66,126.0,201,1,2022-03-18 09:07:11
1647594432426429000,126.0,5,125.5,71,126.0,197,1,2022-03-18 09:07:12
1647594432536398000,125.5,3,125.5,68,126.0,197,2,2022-03-18 09:07:12
1647594433592695000,126.0,1,125.5,82,126.0,198,1,2022-03-18 09:07:13
1647594434434582000,126.0,1,125.5,82,126.0,197,1,2022-03-18 09:07:14
1647594437291578000,125.5,10,125.5,78,126.0,195,2,2022-03-18 09:07:17
1647594439628895000,126.0,1,125.5,80,126.0,201,1,2022-03-18 09:07:19
1647594439780860000,126.0,3,125.5,81,126.0,198,1,2022-03-18 09:07:19
1647594440230145000,125.5,2,125.5,79,126.0,198,2,2022-03-18 09:07:20
1647594441143991000,126.0,1,125.5,82,126.0,197,1,2022-03-18 09:07:21
1647594442475718000,125.5,2,125.5,83,126.0,203,2,2022-03-18 09:07:22
1647594444666014000,126.0,1,125.5,92,126.0,203,1,2022-03-18 09:07:24
1647594447043596000,126.0,1,125.5,106,126.0,206,1,2022-03-18 09:07:27
1647594447934186000,126.0,1,125.5,106,126.0,203,1,2022-03-18 09:07:27
1647594450871594000,126.0,1,125.5,112,126.0,204,1,2022-03-18 09:07:30
1647594450940192000,126.0,1,125.5,112,126.0,203,1,2022-03-18 09:07:30
1647594452040908000,126.0,2,125.5,113,126.0,203,1,2022-03-18 09:07:32
1647594452318016000,126.0,1,125.5,113,126.0,203,1,2022-03-18 09:07:32
1647594452678650000,126.0,1,125.5,113,126.0,202,1,2022-03-18 09:07:32
1647594454312333000,126.0,1,125.5,120,126.0,201,1,2022-03-18 09:07:34
1647594458640511000,126.0,1,125.5,122,126.0,199,1,2022-03-18 09:07:38
1647594459137877000,126.0,1,125.5,120,126.0,203,1,2022-03-18 09:07:39
1647594460658568000,126.0,3,125.5,126,126.0,201,1,2022-03-18 09:07:40
1647594461269852000,126.0,1,125.5,126,126.0,200,1,2022-03-18 09:07:41
1647594462917350000,126.0,3,125.5,134,126.0,198,1,2022-03-18 09:07:42
1647594465103246000,126.0,1,125.5,139,126.0,198,1,2022-03-18 09:07:45
1647594465171576000,126.0,1,125.5,139,126.0,197,1,2022-03-18 09:07:45
1647594469570792000,126.0,1,125.5,141,126.0,183,1,2022-03-18 09:07:49
1647594469674316000,126.0,1,125.5,142,126.0,182,1,2022-03-18 09:07:49
1647594470855822000,126.0,2,125.5,143,126.0,180,1,2022-03-18 09:07:50
1647594470909702000,126.0,1,125.5,143,126.0,189,1,2022-03-18 09:07:50
1647594472185374000,126.0,4,125.5,137,126.0,190,1,2022-03-18 09:07:52
1647594474829115000,126.0,1,125.5,141,126.0,203,1,2022-03-18 09:07:54
1647594475697427000,126.0,10,125.5,141,126.0,192,1,2022-03-18 09:07:55
1647594477320012000,126.0,1,125.5,147,126.0,191,1,2022-03-18 09:07:57
1647594478026860000,126.0,1,125.5,147,126.0,190,1,2022-03-18 09:07:58
1647594479794609000,126.0,1,125.5,149,126.0,189,1,2022-03-18 09:07:59
1647594480219081000,126.0,1,125.5,149,126.0,190,1,2022-03-18 09:08:00
1647594480390374000,126.0,1,125.5,148,126.0,189,1,2022-03-18 09:08:00
1647594480552408000,126.0,1,125.5,148,126.0,189,1,2022-03-18 09:08:00
1647594481030053000,126.0,2,125.5,148,126.0,187,1,2022-03-18 09:08:01
1647594482464683000,126.0,1,125.5,154,126.0,186,1,2022-03-18 09:08:02
1647594482641277000,126.0,1,125.5,154,126.0,185,1,2022-03-18 09:08:02
1647594482904280000,125.5,1,125.5,153,126.0,185,2,2022-03-18 09:08:02
1647594483990446000,126.0,2,125.5,153,126.0,183,1,2022-03-18 09:08:03
1647594485392083000,126.0,1,125.5,159,126.0,182,1,2022-03-18 09:08:05
1647594487123519000,126.0,1,125.5,162,126.0,181,1,2022-03-18 09:08:07
1647594487796172000,126.0,1,125.5,167,126.0,180,1,2022-03-18 09:08:07
1647594490324480000,126.0,1,125.5,166,126.0,181,1,2022-03-18 09:08:10
1647594490675189000,126.0,1,125.5,167,126.0,180,1,2022-03-18 09:08:10
1647594491595466000,126.0,1,125.5,169,126.0,180,1,2022-03-18 09:08:11
1647594493119038000,126.0,1,125.5,170,126.0,178,1,2022-03-18 09:08:13
1647594493364828000,126.0,1,125.5,170,126.0,177,1,2022-03-18 09:08:13
1647594494376534000,126.0,1,125.5,172,126.0,177,1,2022-03-18 09:08:14
1647594494402069000,126.0,10,125.5,172,126.0,167,1,2022-03-18 09:08:14
1647594494417394000,126.0,5,125.5,172,126.0,162,1,2022-03-18 09:08:14
1647594495196150000,126.0,1,125.5,174,126.0,162,1,2022-03-18 09:08:15
1647594496474432000,126.0,1,125.5,173,126.0,161,1,2022-03-18 09:08:16
1647594497001988000,126.0,1,125.5,174,126.0,160,1,2022-03-18 09:08:17
1647594497861742000,125.5,1,125.5,174,126.0,162,2,2022-03-18 09:08:17
1647594497894805000,126.0,1,125.5,174,126.0,161,1,2022-03-18 09:08:17
1647594497936212000,126.0,2,125.5,184,126.0,159,1,2022-03-18 09:08:17
1647594498064604000,125.5,1,125.5,183,126.0,159,2,2022-03-18 09:08:18
1647594498538612000,126.0,1,125.5,183,126.0,158,1,2022-03-18 09:08:18
1647594499186002000,126.0,1,125.5,184,126.0,157,1,2022-03-18 09:08:19
1647594501501855000,126.0,2,125.5,185,126.0,158,1,2022-03-18 09:08:21
1647594501710715000,126.0,1,125.5,185,126.0,157,1,2022-03-18 09:08:21
1647594505614554000,126.0,1,125.5,189,126.0,147,1,2022-03-18 09:08:25
1647594506201078000,126.0,1,125.5,189,126.0,146,1,2022-03-18 09:08:26
1647594506501571000,126.0,50,125.5,189,126.0,96,1,2022-03-18 09:08:26
1647594506521765000,126.0,11,125.5,189,126.0,85,1,2022-03-18 09:08:26
1647594506522473000,126.0,17,125.5,189,126.0,68,1,2022-03-18 09:08:26
1647594506553068000,126.0,68,125.5,189,126.5,163,1,2022-03-18 09:08:26
1647594506939225000,126.5,1,126.0,7,126.5,157,1,2022-03-18 09:08:26
1647594506980926000,126.5,1,126.0,7,126.5,156,1,2022-03-18 09:08:26
1647594507019300000,126.0,1,126.0,6,126.5,156,2,2022-03-18 09:08:27
1647594508889098000,126.0,3,126.0,10,126.5,165,2,2022-03-18 09:08:28
1647594509413772000,126.0,8,125.5,196,126.0,2,2,2022-03-18 09:08:29
1647594509621045000,126.0,1,125.5,189,126.0,16,1,2022-03-18 09:08:29
1647594509797259000,126.0,1,125.5,189,126.0,15,1,2022-03-18 09:08:29
1647594509897843000,126.0,1,125.5,189,126.0,14,1,2022-03-18 09:08:29
1647594510248155000,126.0,1,125.5,189,126.0,6,1,2022-03-18 09:08:30
1647594510634290000,126.0,4,125.5,189,126.0,2,1,2022-03-18 09:08:30
1647594510978391000,126.0,1,125.5,190,126.0,3,1,2022-03-18 09:08:30
1647594511232105000,126.0,1,125.5,190,126.0,2,1,2022-03-18 09:08:31
1647594511726525000,126.0,1,125.5,190,126.0,1,1,2022-03-18 09:08:31
1647594511793897000,126.0,1,125.5,190,126.5,165,1,2022-03-18 09:08:31
1647594511975655000,126.0,2,125.5,190,126.5,191,2,2022-03-18 09:08:31
1647594512437400000,126.0,4,125.5,193,126.5,191,2,2022-03-18 09:08:32
1647594512470524000,126.5,5,125.5,191,126.5,186,1,2022-03-18 09:08:32
1647594512913154000,126.0,1,125.5,191,126.5,186,2,2022-03-18 09:08:32
1647594517199899000,126.5,2,126.0,6,126.5,185,1,2022-03-18 09:08:37
1647594517239887000,126.0,6,125.5,206,126.5,185,2,2022-03-18 09:08:37
1647594519421622000,126.0,1,126.0,8,126.5,185,2,2022-03-18 09:08:39
1647594519535404000,126.0,18,125.5,198,126.5,185,2,2022-03-18 09:08:39
1647594519708959000,126.0,5,125.5,193,126.5,185,2,2022-03-18 09:08:39
1647594521659933000,126.5,2,126.0,2,126.5,183,1,2022-03-18 09:08:41
1647594521731039000,126.0,2,126.0,1,126.5,183,2,2022-03-18 09:08:41
1647594521970526000,126.0,1,125.5,199,126.0,1,2,2022-03-18 09:08:41
1647594522001129000,126.0,1,125.5,199,126.5,183,1,2022-03-18 09:08:42
1647594523061591000,126.0,1,125.5,196,126.0,7,1,2022-03-18 09:08:43
1647594524115145000,126.0,1,125.5,196,126.0,8,1,2022-03-18 09:08:44
1647594525435053000,126.0,1,125.5,197,126.0,7,1,2022-03-18 09:08:45
1647594526360133000,126.0,1,125.5,196,126.0,43,1,2022-03-18 09:08:46
1647594527287019000,126.0,7,125.5,197,126.0,38,1,2022-03-18 09:08:47
1647594528688943000,126.0,1,125.5,200,126.0,40,1,2022-03-18 09:08:48
1647594530230700000,126.0,1,125.5,206,126.0,44,1,2022-03-18 09:08:50
1647594532412036000,126.0,1,125.5,205,126.0,44,1,2022-03-18 09:08:52
1647594534388443000,126.0,1,125.5,205,126.0,44,1,2022-03-18 09:08:54
1647594535172766000,126.0,1,125.5,206,126.0,43,1,2022-03-18 09:08:55
1647594535313296000,126.0,1,125.5,206,126.0,42,1,2022-03-18 09:08:55
1647594535725478000,126.0,1,125.5,206,126.0,41,1,2022-03-18 09:08:55
1647594536087988000,126.0,2,125.5,205,126.0,39,1,2022-03-18 09:08:56
1647594536138338000,126.0,1,125.5,205,126.0,38,1,2022-03-18 09:08:56
1647594537649208000,126.0,1,125.5,207,126.0,42,1,2022-03-18 09:08:57
1647594537922708000,126.0,5,125.5,207,126.0,37,1,2022-03-18 09:08:57
1647594538159812000,126.0,1,125.5,207,126.0,36,1,2022-03-18 09:08:58
1647594538322338000,126.0,1,125.5,207,126.0,35,1,2022-03-18 09:08:58
1647594539408137000,126.0,1,125.5,207,126.0,36,1,2022-03-18 09:08:59
1647594539641219000,126.0,1,125.5,207,126.0,42,1,2022-03-18 09:08:59
1647594540327576000,126.0,1,125.5,207,126.0,41,1,2022-03-18 09:09:00
1647594541225742000,126.0,5,125.5,207,126.0,37,1,2022-03-18 09:09:01
1647594541985390000,126.0,3,125.5,207,126.0,34,1,2022-03-18 09:09:01
1647594542099366000,126.0,1,125.5,207,126.0,33,1,2022-03-18 09:09:02
1647594542568310000,126.0,1,125.5,207,126.0,32,1,2022-03-18 09:09:02
1647594543049066000,126.0,5,125.5,207,126.0,27,1,2022-03-18 09:09:03
1647594543424515000,126.0,1,125.5,209,126.0,26,1,2022-03-18 09:09:03
1647594543805723000,126.0,2,125.5,207,126.0,40,1,2022-03-18 09:09:03
1647594544068279000,126.0,2,125.5,207,126.0,38,1,2022-03-18 09:09:04
1647594544221089000,126.0,2,125.5,207,126.0,36,1,2022-03-18 09:09:04
1647594544864392000,126.0,1,125.5,207,126.0,35,1,2022-03-18 09:09:04
1647594545053245000,126.0,3,125.5,208,126.0,32,1,2022-03-18 09:09:05
1647594545191368000,126.0,1,125.5,210,126.0,31,1,2022-03-18 09:09:05
1647594545992885000,126.0,2,125.5,208,126.0,29,1,2022-03-18 09:09:05
1647594547662286000,126.0,1,125.5,210,126.0,28,1,2022-03-18 09:09:07
1647594547668681000,126.0,5,125.5,210,126.0,23,1,2022-03-18 09:09:07
1647594548741845000,126.0,3,125.5,210,126.0,20,1,2022-03-18 09:09:08
1647594548776774000,126.0,1,125.5,210,126.0,19,1,2022-03-18 09:09:08
1647594548863752000,126.0,1,125.5,210,126.0,18,1,2022-03-18 09:09:08
1647594549521012000,126.0,1,125.5,210,126.0,18,1,2022-03-18 09:09:09
1647594549718763000,126.0,1,125.5,208,126.0,18,1,2022-03-18 09:09:09
1647594549741508000,126.0,1,125.5,208,126.0,17,1,2022-03-18 09:09:09
1647594550702742000,126.0,1,125.5,209,126.0,25,1,2022-03-18 09:09:10
1647594550752248000,126.0,1,125.5,209,126.0,24,1,2022-03-18 09:09:10
1647594550892617000,126.0,1,125.5,209,126.0,23,1,2022-03-18 09:09:10
1647594551297028000,126.0,1,125.5,209,126.0,22,1,2022-03-18 09:09:11
1647594551347004000,126.0,1,125.5,209,126.0,21,1,2022-03-18 09:09:11
1647594551519699000,126.0,1,125.5,209,126.0,20,1,2022-03-18 09:09:11
1647594551755423000,126.0,1,125.5,209,126.0,19,1,2022-03-18 09:09:11
1647594551952218000,126.0,1,125.5,209,126.0,28,1,2022-03-18 09:09:11
1647594552709514000,126.0,1,125.5,209,126.0,29,1,2022-03-18 09:09:12
1647594553318652000,126.0,1,125.5,209,126.0,31,1,2022-03-18 09:09:13
1647594553513199000,126.0,1,125.5,209,126.0,30,1,2022-03-18 09:09:13
1647594554168427000,126.0,1,125.5,208,126.0,34,1,2022-03-18 09:09:14
1647594554226766000,126.0,1,125.5,208,126.0,33,1,2022-03-18 09:09:14
1647594554579199000,126.0,2,125.5,208,126.0,33,1,2022-03-18 09:09:14
1647594554655542000,125.5,4,125.5,204,126.0,53,2,2022-03-18 09:09:14
1647594554700169000,125.5,1,125.5,203,126.0,55,2,2022-03-18 09:09:14
1647594554901049000,126.0,1,125.5,204,126.0,54,1,2022-03-18 09:09:14
1647594555839183000,126.0,2,125.5,203,126.0,53,1,2022-03-18 09:09:15
1647594555870392000,125.5,22,125.5,181,126.0,53,2,2022-03-18 09:09:15
1647594555905464000,125.5,168,125.5,13,126.0,53,2,2022-03-18 09:09:15
1647594555925519000,125.5,12,125.5,1,126.0,53,2,2022-03-18 09:09:15
1647594555925819000,125.5,1,125.0,509,126.0,53,2,2022-03-18 09:09:15
1647594557290668000,125.5,20,125.0,503,125.5,39,1,2022-03-18 09:09:17
1647594557871032000,125.5,1,125.0,502,125.5,33,1,2022-03-18 09:09:17
1647594558158887000,125.0,1,125.0,501,125.5,38,2,2022-03-18 09:09:18
1647594560760643000,125.5,30,125.0,503,125.5,21,1,2022-03-18 09:09:20
1647594563910639000,125.5,5,125.0,503,125.5,41,1,2022-03-18 09:09:23
1647594566519242000,125.5,1,125.0,493,125.5,52,1,2022-03-18 09:09:26
1647594568861097000,125.5,1,125.0,493,125.5,52,1,2022-03-18 09:09:28
1647594572190115000,125.5,1,125.0,495,125.5,51,1,2022-03-18 09:09:32
1647594573913585000,125.5,1,125.0,495,125.5,50,1,2022-03-18 09:09:33
1647594574465688000,125.5,1,125.0,495,125.5,46,1,2022-03-18 09:09:34
1647594577961610000,125.5,1,125.0,496,125.5,61,1,2022-03-18 09:09:37
1647594578454715000,125.5,1,125.0,497,125.5,60,1,2022-03-18 09:09:38
1647594580059750000,125.5,2,125.0,497,125.5,60,1,2022-03-18 09:09:40
1647594580134949000,125.5,1,125.0,497,125.5,56,1,2022-03-18 09:09:40
1647594580677779000,125.0,1,125.0,496,125.5,56,2,2022-03-18 09:09:40
1647594580719610000,125.0,1,125.0,495,125.5,59,2,2022-03-18 09:09:40
1647594580981979000,125.5,1,125.0,495,125.5,58,1,2022-03-18 09:09:40
1647594581068755000,125.5,1,125.0,495,125.5,57,1,2022-03-18 09:09:41
1647594581355061000,125.5,3,125.0,495,125.5,51,1,2022-03-18 09:09:41
1647594583101932000,125.5,5,125.0,496,125.5,54,1,2022-03-18 09:09:43
1647594584947408000,125.5,1,125.0,496,125.5,50,1,2022-03-18 09:09:44
1647594585182644000,125.5,1,125.0,496,125.5,49,1,2022-03-18 09:09:45
1647594586683767000,125.5,1,125.0,496,125.5,54,1,2022-03-18 09:09:46
1647594586757782000,125.5,1,125.0,496,125.5,50,1,2022-03-18 09:09:46
1647594591076016000,125.5,1,125.0,502,125.5,64,1,2022-03-18 09:09:51
1647594591481646000,125.5,1,125.0,502,125.5,63,1,2022-03-18 09:09:51
1647594591589947000,125.0,1,125.0,501,125.5,63,2,2022-03-18 09:09:51
1647594591614768000,125.5,2,125.0,499,125.5,61,1,2022-03-18 09:09:51
1647594591683551000,125.5,1,125.0,499,125.5,60,1,2022-03-18 09:09:51
1647594591807315000,125.5,1,125.0,499,125.5,56,1,2022-03-18 09:09:51
1647594592856114000,125.5,1,125.0,499,125.5,60,1,2022-03-18 09:09:52
1647594593665831000,125.5,2,125.0,499,125.5,58,1,2022-03-18 09:09:53
1647594598056741000,125.5,30,125.0,486,125.5,33,1,2022-03-18 09:09:58
1647594598427692000,125.5,1,125.0,488,125.5,48,1,2022-03-18 09:09:58
1647594599051450000,125.5,2,125.0,488,125.5,49,1,2022-03-18 09:09:59
1647594599181875000,125.5,1,125.0,488,125.5,47,1,2022-03-18 09:09:59
1647594599794277000,125.5,1,125.0,486,125.5,49,1,2022-03-18 09:09:59
1647594600392286000,125.5,1,125.0,486,125.5,48,1,2022-03-18 09:10:00
1647594601363624000,125.5,1,125.0,487,125.5,47,1,2022-03-18 09:10:01
1647594602526583000,125.5,1,125.0,489,125.5,47,1,2022-03-18 09:10:02
1647594602824480000,125.0,1,125.0,488,125.5,47,2,2022-03-18 09:10:02
1647594602910477000,125.5,10,125.0,488,125.5,37,1,2022-03-18 09:10:02
1647594603027607000,125.0,1,125.0,489,125.5,34,2,2022-03-18 09:10:03
1647594603118987000,125.5,2,125.0,487,125.5,32,1,2022-03-18 09:10:03
1647594604429653000,125.5,1,125.0,487,125.5,38,1,2022-03-18 09:10:04
1647594604696510000,125.5,1,125.0,487,125.5,37,1,2022-03-18 09:10:04
1647594604702692000,125.5,1,125.0,487,125.5,36,1,2022-03-18 09:10:04
1647594604970979000,125.5,1,125.0,487,125.5,41,1,2022-03-18 09:10:04
1647594606037361000,125.5,1,125.0,487,125.5,40,1,2022-03-18 09:10:06
1647594607545578000,125.5,1,125.0,487,125.5,44,1,2022-03-18 09:10:07
1647594608213865000,125.5,1,125.0,487,125.5,44,1,2022-03-18 09:10:08
1647594608268302000,125.5,5,125.0,487,125.5,36,1,2022-03-18 09:10:08
1647594608485802000,125.5,1,125.0,486,125.5,35,1,2022-03-18 09:10:08
1647594608836311000,125.5,1,125.0,488,125.5,34,1,2022-03-18 09:10:08
1647594610570280000,125.5,2,125.0,487,125.5,32,1,2022-03-18 09:10:10
1647594611467845000,125.5,1,125.0,490,125.5,31,1,2022-03-18 09:10:11
1647594613495072000,125.5,1,125.0,489,125.5,34,1,2022-03-18 09:10:13
1647594614647627000,125.5,1,125.0,489,125.5,35,1,2022-03-18 09:10:14
1647594615193252000,125.5,2,125.0,489,125.5,33,1,2022-03-18 09:10:15
1647594615388338000,125.5,2,125.0,491,125.5,31,1,2022-03-18 09:10:15
1647594615461610000,125.5,1,125.0,491,125.5,30,1,2022-03-18 09:10:15
1647594615662745000,125.0,1,125.0,490,125.5,30,2,2022-03-18 09:10:15
1647594618519549000,125.5,1,125.0,491,125.5,30,1,2022-03-18 09:10:18
1647594619615544000,125.5,5,125.0,490,125.5,32,1,2022-03-18 09:10:19
1647594621658228000,125.5,1,125.0,488,125.5,34,1,2022-03-18 09:10:21
1647594622100374000,125.5,2,125.0,488,125.5,32,1,2022-03-18 09:10:22
1647594622148683000,125.5,1,125.0,488,125.5,31,1,2022-03-18 09:10:22
1647594623050159000,125.5,1,125.0,487,125.5,32,1,2022-03-18 09:10:23
1647594626456681000,125.5,1,125.0,488,125.5,35,1,2022-03-18 09:10:26
1647594626643440000,125.5,2,125.0,488,125.5,33,1,2022-03-18 09:10:26
1647594626898827000,125.5,1,125.0,488,125.5,32,1,2022-03-18 09:10:26
1647594628417168000,125.0,1,125.0,506,125.5,35,2,2022-03-18 09:10:28
1647594628716808000,125.5,2,125.0,504,125.5,38,1,2022-03-18 09:10:28
1647594630223523000,125.5,1,125.0,503,125.5,42,1,2022-03-18 09:10:30
1647594630699026000,125.5,1,125.0,503,125.5,41,1,2022-03-18 09:10:30
1647594631523198000,125.5,1,125.0,509,125.5,37,1,2022-03-18 09:10:31
1647594631604379000,125.5,1,125.0,509,125.5,36,1,2022-03-18 09:10:31
1647594632272859000,125.5,1,125.0,509,125.5,32,1,2022-03-18 09:10:32
1647594633200712000,125.5,1,125.0,508,125.5,32,1,2022-03-18 09:10:33
1647594638148929000,125.5,1,125.0,508,125.5,50,1,2022-03-18 09:10:38
1647594640177256000,125.0,1,125.0,508,125.5,51,2,2022-03-18 09:10:40
1647594641420385000,125.5,1,125.0,409,125.5,61,1,2022-03-18 09:10:41
1647594641443403000,125.0,78,125.0,331,125.5,61,2,2022-03-18 09:10:41
1647594641477912000,125.0,27,125.0,304,125.5,63,2,2022-03-18 09:10:41
1647594641478252000,125.0,18,125.0,286,125.5,63,2,2022-03-18 09:10:41
1647594641479264000,125.0,25,125.0,261,125.5,63,2,2022-03-18 09:10:41
1647594641500928000,125.0,1,125.0,260,125.5,63,2,2022-03-18 09:10:41
1647594641500945000,125.0,1,125.0,259,125.5,63,2,2022-03-18 09:10:41
1647594641507154000,125.0,11,125.0,248,125.5,63,2,2022-03-18 09:10:41
1647594641510501000,125.0,33,125.0,215,125.5,63,2,2022-03-18 09:10:41
1647594641510794000,125.0,5,125.0,210,125.5,66,2,2022-03-18 09:10:41
1647594641516584000,125.0,11,125.0,199,125.5,61,2,2022-03-18 09:10:41
1647594641521611000,125.0,8,125.0,191,125.5,61,2,2022-03-18 09:10:41
1647594641531638000,125.0,1,125.0,190,125.5,61,2,2022-03-18 09:10:41
1647594641533868000,125.0,1,125.0,189,125.5,61,2,2022-03-18 09:10:41
1647594641545777000,125.0,10,125.0,179,125.5,61,2,2022-03-18 09:10:41
1647594641555504000,125.0,25,125.0,154,125.5,61,2,2022-03-18 09:10:41
1647594641590455000,125.0,3,125.0,151,125.5,85,2,2022-03-18 09:10:41
1647594641606204000,125.0,25,125.0,126,125.5,85,2,2022-03-18 09:10:41
1647594641782678000,125.0,2,125.0,124,125.5,85,2,2022-03-18 09:10:41
1647594641820492000,125.0,25,125.0,99,125.5,85,2,2022-03-18 09:10:41
1647594642713370000,125.5,1,125.0,100,125.5,86,1,2022-03-18 09:10:42
1647594642764526000,125.0,2,125.0,98,125.5,62,2,2022-03-18 09:10:42
1647594642855102000,125.0,54,125.0,44,125.5,62,2,2022-03-18 09:10:42
1647594642898465000,125.0,25,125.0,19,125.5,62,2,2022-03-18 09:10:42
1647594642939502000,125.0,6,125.0,13,125.5,86,2,2022-03-18 09:10:42
1647594644137756000,125.0,4,125.0,10,125.5,66,2,2022-03-18 09:10:44
1647594644748822000,125.0,5,125.0,5,125.5,66,2,2022-03-18 09:10:44
1647594644768871000,125.0,1,125.0,4,125.5,66,2,2022-03-18 09:10:44
1647594644778512000,125.0,4,124.5,128,125.5,66,2,2022-03-18 09:10:44
1647594644896621000,125.0,1,124.5,125,125.5,63,1,2022-03-18 09:10:44
1647594645013525000,124.5,10,124.5,115,125.5,66,2,2022-03-18 09:10:45
1647594646350545000,125.0,2,124.5,118,125.0,6,1,2022-03-18 09:10:46
1647594646370975000,124.5,1,124.5,117,125.0,6,2,2022-03-18 09:10:46
1647594649098814000,125.0,1,124.5,117,125.0,41,1,2022-03-18 09:10:49
1647594651257700000,125.0,41,124.5,118,125.5,64,1,2022-03-18 09:10:51
1647594651490920000,125.0,1,124.5,123,125.5,56,1,2022-03-18 09:10:51
1647594651942498000,124.5,2,124.5,122,125.5,54,2,2022-03-18 09:10:51
1647594654258959000,125.0,1,125.0,1,125.5,60,2,2022-03-18 09:10:54
1647594654612762000,125.0,2,124.5,127,125.5,60,2,2022-03-18 09:10:54
1647594655008359000,125.0,1,124.5,124,125.0,4,2,2022-03-18 09:10:55
1647594655037481000,125.0,4,124.5,124,125.5,60,1,2022-03-18 09:10:55
1647594655297851000,125.5,5,124.5,124,125.5,52,1,2022-03-18 09:10:55
1647594655401916000,125.0,2,125.0,7,125.5,50,2,2022-03-18 09:10:55
1647594655418985000,125.0,2,125.0,5,125.5,50,2,2022-03-18 09:10:55
1647594655751860000,125.0,1,124.5,124,125.5,54,2,2022-03-18 09:10:55
1647594655751860000,124.5,1,124.5,124,125.5,54,2,2022-03-18 09:10:55
1647594656371049000,125.0,50,124.5,122,125.5,48,1,2022-03-18 09:10:56
1647594657309843000,125.0,1,124.5,131,125.0,17,1,2022-03-18 09:10:57
1647594658483881000,124.5,2,124.5,128,125.0,19,2,2022-03-18 09:10:58
1647594658919955000,125.0,1,124.5,128,125.0,18,1,2022-03-18 09:10:58
1647594660655550000,125.0,5,124.5,129,125.0,20,1,2022-03-18 09:11:00
1647594660959470000,125.0,19,124.5,131,125.5,49,1,2022-03-18 09:11:00
1647594663116083000,125.0,1,124.5,133,125.5,50,1,2022-03-18 09:11:03
1647594664232183000,125.0,1,124.5,138,125.5,57,2,2022-03-18 09:11:04
1647594666462250000,125.5,1,125.0,22,125.5,56,1,2022-03-18 09:11:06
1647594667160691000,125.0,2,125.0,20,125.5,56,2,2022-03-18 09:11:07
1647594667906739000,125.0,1,125.0,21,125.5,55,2,2022-03-18 09:11:07
1647594668083202000,125.5,1,125.0,21,125.5,56,1,2022-03-18 09:11:08
1647594668191035000,125.0,1,125.0,20,125.5,55,2,2022-03-18 09:11:08
1647594673426477000,125.0,7,125.0,22,125.5,66,2,2022-03-18 09:11:13
1647594674673526000,125.0,1,125.0,22,125.5,66,2,2022-03-18 09:11:14
1647594678865810000,125.0,1,125.0,30,125.5,67,2,2022-03-18 09:11:18
1647594679283054000,125.0,1,125.0,29,125.5,68,2,2022-03-18 09:11:19
1647594680344863000,125.0,1,125.0,29,125.5,68,2,2022-03-18 09:11:20
1647594684457471000,125.0,1,125.0,31,125.5,69,2,2022-03-18 09:11:24
1647594685020850000,125.0,1,125.0,30,125.5,71,2,2022-03-18 09:11:25
1647594685232241000,125.0,10,125.0,20,125.5,71,2,2022-03-18 09:11:25
1647594685533494000,125.0,1,125.0,19,125.5,71,2,2022-03-18 09:11:25
1647594686815671000,125.0,1,125.0,18,125.5,72,2,2022-03-18 09:11:26
1647594687129301000,125.0,1,125.0,17,125.5,72,2,2022-03-18 09:11:27
1647594687565346000,125.5,1,125.0,17,125.5,71,1,2022-03-18 09:11:27
1647594687677125000,125.0,1,125.0,16,125.5,71,2,2022-03-18 09:11:27
1647594687723289000,125.0,5,125.0,11,125.5,71,2,2022-03-18 09:11:27
1647594687839444000,125.0,1,125.0,30,125.5,71,2,2022-03-18 09:11:27
1647594688197781000,125.0,1,125.0,29,125.5,71,2,2022-03-18 09:11:28
1647594688319100000,125.0,1,125.0,28,125.5,71,2,2022-03-18 09:11:28
1647594691437761000,125.0,1,125.0,27,125.5,72,2,2022-03-18 09:11:31
1647594691853984000,125.5,1,125.0,27,125.5,71,1,2022-03-18 09:11:31
1647594692453412000,125.5,1,125.0,27,125.5,71,1,2022-03-18 09:11:32
1647594692963427000,125.5,19,125.0,28,125.5,54,1,2022-03-18 09:11:32
1647594692997086000,125.5,39,125.0,31,125.5,15,1,2022-03-18 09:11:32
1647594693030330000,125.5,15,125.0,36,126.0,179,1,2022-03-18 09:11:33
1647594693155638000,125.5,1,125.5,2,126.0,171,1,2022-03-18 09:11:33
1647594694357763000,125.0,1,125.0,62,126.0,173,2,2022-03-18 09:11:34
1647594696010283000,125.0,10,125.0,52,125.5,2,2,2022-03-18 09:11:36
1647594697645528000,125.5,1,125.0,55,125.5,4,1,2022-03-18 09:11:37
1647594699490599000,125.5,5,125.5,2,126.0,174,1,2022-03-18 09:11:39
1647594699803571000,125.5,1,125.5,1,126.0,177,2,2022-03-18 09:11:39
1647594699825181000,125.5,1,125.0,57,126.0,177,2,2022-03-18 09:11:39
1647594699916780000,126.0,1,125.0,56,126.0,176,1,2022-03-18 09:11:39
1647594702438690000,125.5,1,125.0,69,125.5,9,2,2022-03-18 09:11:42
1647594702469917000,125.5,9,125.0,67,126.0,172,1,2022-03-18 09:11:42
1647594705406237000,125.5,3,125.0,69,126.0,169,1,2022-03-18 09:11:45
1647594706503972000,125.5,1,125.0,72,126.0,172,2,2022-03-18 09:11:46
1647594710469467000,125.5,1,125.0,73,125.5,21,1,2022-03-18 09:11:50
1647594710816180000,125.5,1,125.0,73,125.5,20,1,2022-03-18 09:11:50
1647594710925917000,125.5,20,125.0,74,126.0,169,1,2022-03-18 09:11:50
1647594713608583000,125.5,1,125.0,77,126.0,160,1,2022-03-18 09:11:53
1647594717640050000,125.5,2,125.5,7,126.0,174,2,2022-03-18 09:11:57
1647594719223729000,125.5,1,125.5,6,126.0,176,2,2022-03-18 09:11:59
1647594725329009000,125.5,1,125.5,5,126.0,158,2,2022-03-18 09:12:05
1647594725461510000,125.5,1,125.5,4,126.0,158,2,2022-03-18 09:12:05
1647594727196321000,125.5,1,125.5,17,126.0,154,2,2022-03-18 09:12:07
1647594730611237000,125.5,5,125.5,18,126.0,160,2,2022-03-18 09:12:10
1647594731384737000,125.5,10,125.5,8,126.0,160,2,2022-03-18 09:12:11
1647594731465976000,125.5,1,125.5,7,126.0,160,2,2022-03-18 09:12:11
1647594731482878000,126.0,1,125.5,7,126.0,159,1,2022-03-18 09:12:11
1647594734101950000,125.5,2,125.5,11,126.0,160,2,2022-03-18 09:12:14
1647594734817979000,126.0,1,125.5,12,126.0,160,1,2022-03-18 09:12:14
1647594738239372000,125.5,1,125.5,12,126.0,164,2,2022-03-18 09:12:18
1647594742976143000,125.5,1,125.5,15,126.0,164,2,2022-03-18 09:12:22
1647594743234222000,125.5,1,125.5,14,126.0,163,2,2022-03-18 09:12:23
1647594744242751000,125.5,5,125.5,9,126.0,165,2,2022-03-18 09:12:24
1647594747705464000,125.5,2,125.5,6,126.0,165,2,2022-03-18 09:12:27
1647594749030832000,125.5,1,125.5,6,126.0,165,2,2022-03-18 09:12:29
1647594749588834000,125.5,7,125.0,92,126.0,165,2,2022-03-18 09:12:29
1647594749636918000,125.5,3,125.0,96,126.0,165,1,2022-03-18 09:12:29
1647594750890254000,125.5,5,125.0,115,126.0,162,1,2022-03-18 09:12:30
1647594751264582000,125.5,1,125.0,115,126.0,162,2,2022-03-18 09:12:31
1647594752182810000,125.0,1,125.0,114,126.0,164,2,2022-03-18 09:12:32
1647594752833226000,125.5,1,125.0,114,126.0,165,1,2022-03-18 09:12:32
1647594755386740000,125.5,1,125.0,100,125.5,4,1,2022-03-18 09:12:35
1647594755932033000,125.5,1,125.0,100,125.5,3,1,2022-03-18 09:12:35
1647594759238542000,125.5,1,125.0,102,125.5,10,1,2022-03-18 09:12:39
1647594761335133000,125.5,6,125.0,102,126.0,165,1,2022-03-18 09:12:41
1647594761935425000,125.5,2,125.0,102,125.5,14,1,2022-03-18 09:12:41
1647594762196984000,125.5,1,125.0,102,125.5,14,1,2022-03-18 09:12:42
1647594764471777000,125.5,1,125.0,102,125.5,14,1,2022-03-18 09:12:44
1647594766623972000,125.5,2,125.0,103,125.5,14,1,2022-03-18 09:12:46
1647594771277576000,125.5,1,125.0,98,125.5,15,1,2022-03-18 09:12:51
1647594771282027000,125.5,15,125.0,98,126.0,153,1,2022-03-18 09:12:51
1647594773652783000,126.0,1,125.0,98,126.0,153,1,2022-03-18 09:12:53
1647594774902643000,125.5,1,125.5,2,126.0,153,1,2022-03-18 09:12:54
1647594775826287000,125.0,3,125.0,96,126.0,155,2,2022-03-18 09:12:55
1647594779160212000,125.5,2,125.5,1,126.0,158,2,2022-03-18 09:12:59
1647594780802696000,125.5,1,125.5,3,126.0,159,2,2022-03-18 09:13:00
1647594787874505000,125.5,5,125.5,6,126.0,163,2,2022-03-18 09:13:07
1647594788617992000,125.5,4,125.5,2,126.0,166,2,2022-03-18 09:13:08
1647594789786903000,125.5,2,125.0,122,125.5,2,2,2022-03-18 09:13:09
1647594789813764000,125.5,2,125.0,124,126.0,166,1,2022-03-18 09:13:09
1647594792343838000,125.5,1,125.0,120,125.5,12,1,2022-03-18 09:13:12
1647594792370345000,125.5,12,125.0,122,126.0,168,1,2022-03-18 09:13:12
1647594793436846000,125.5,2,125.0,136,125.5,3,2,2022-03-18 09:13:13
1647594793852843000,125.5,1,125.0,132,125.5,2,1,2022-03-18 09:13:13
1647594793938275000,125.5,1,125.0,132,125.5,1,1,2022-03-18 09:13:13
1647594794315168000,125.5,1,125.0,132,125.5,1,1,2022-03-18 09:13:14
1647594794755536000,125.5,1,125.0,132,126.0,163,1,2022-03-18 09:13:14
1647594800077006000,125.0,3,125.0,129,125.5,26,2,2022-03-18 09:13:20
1647594812176266000,125.0,1,125.0,133,125.5,46,2,2022-03-18 09:13:32
1647594812973821000,125.0,1,125.0,132,125.5,48,2,2022-03-18 09:13:32
1647594814450732000,125.0,1,125.0,127,125.5,48,2,2022-03-18 09:13:34
1647594814583213000,125.0,3,125.0,124,125.5,48,2,2022-03-18 09:13:34
1647594825778232000,125.0,1,125.0,130,125.5,57,2,2022-03-18 09:13:45
1647594831532094000,125.0,1,125.0,130,125.5,64,2,2022-03-18 09:13:51
1647594831663162000,125.0,1,125.0,129,125.5,64,2,2022-03-18 09:13:51
1647594847063279000,125.0,2,125.0,132,125.5,71,2,2022-03-18 09:14:07
1647594854567392000,125.0,1,125.0,132,125.5,74,2,2022-03-18 09:14:14
1647594859588290000,125.0,1,125.0,130,125.5,75,2,2022-03-18 09:14:19
1647594859636583000,125.0,1,125.0,129,125.5,75,2,2022-03-18 09:14:19
1647594861133144000,125.0,1,125.0,126,125.5,75,2,2022-03-18 09:14:21
1647594861847598000,125.0,50,125.0,76,125.5,75,2,2022-03-18 09:14:21
1647594861902879000,125.0,1,125.0,75,125.5,77,2,2022-03-18 09:14:21
1647594861958089000,125.0,25,125.0,50,125.5,77,2,2022-03-18 09:14:21
1647594861994174000,125.0,14,125.0,36,125.5,85,2,2022-03-18 09:14:21
1647594863141791000,125.0,1,125.0,40,125.5,87,2,2022-03-18 09:14:23
1647594863866628000,125.0,1,125.0,39,125.5,93,2,2022-03-18 09:14:23
1647594864179686000,125.0,5,125.0,33,125.5,93,2,2022-03-18 09:14:24
1647594864254327000,125.0,33,124.5,149,125.5,293,2,2022-03-18 09:14:24
1647594864617821000,124.5,4,124.5,142,125.0,4,2,2022-03-18 09:14:24
1647594864735942000,124.5,2,124.5,140,125.0,4,2,2022-03-18 09:14:24
1647594864796431000,124.5,1,124.5,139,125.0,4,2,2022-03-18 09:14:24
1647594866953388000,125.0,1,124.5,139,125.0,15,1,2022-03-18 09:14:26
1647594869123206000,125.0,5,124.5,139,125.0,56,1,2022-03-18 09:14:29
1647594869947689000,125.0,1,124.5,139,125.0,63,1,2022-03-18 09:14:29
1647594870227748000,124.5,1,124.5,138,125.0,63,2,2022-03-18 09:14:30
1647594870656551000,124.5,1,124.5,137,125.0,62,2,2022-03-18 09:14:30
1647594873345359000,125.0,5,124.5,135,125.0,82,1,2022-03-18 09:14:33
1647594876213088000,125.0,1,124.5,137,125.0,84,1,2022-03-18 09:14:36
1647594876628477000,124.5,2,124.5,135,125.0,84,2,2022-03-18 09:14:36
1647594877287960000,124.5,4,124.5,129,125.0,84,2,2022-03-18 09:14:37
1647594878053809000,125.0,2,124.5,129,125.0,82,1,2022-03-18 09:14:38
1647594879258944000,125.0,10,124.5,131,125.0,72,1,2022-03-18 09:14:39
1647594879680206000,124.5,5,124.5,126,125.0,72,2,2022-03-18 09:14:39
1647594880694905000,124.5,2,124.5,123,125.0,71,2,2022-03-18 09:14:40
1647594883483239000,124.5,1,124.5,123,125.0,78,2,2022-03-18 09:14:43
1647594883734203000,125.0,1,124.5,123,125.0,78,1,2022-03-18 09:14:43
1647594887003806000,124.5,1,124.5,126,125.0,92,2,2022-03-18 09:14:47
1647594887385617000,124.5,1,124.5,125,125.0,92,2,2022-03-18 09:14:47
1647594892097539000,124.5,1,124.5,122,125.0,96,2,2022-03-18 09:14:52
1647594892660197000,124.5,2,124.5,120,125.0,96,2,2022-03-18 09:14:52
1647594895010083000,124.5,3,124.5,115,125.0,200,2,2022-03-18 09:14:55
1647594895546305000,124.5,2,124.5,115,125.0,203,2,2022-03-18 09:14:55
1647594896751335000,124.5,1,124.5,114,125.0,205,2,2022-03-18 09:14:56
1647594896884938000,124.5,1,124.5,114,125.0,205,2,2022-03-18 09:14:56
1647594897358423000,124.5,10,124.5,104,125.0,205,2,2022-03-18 09:14:57
1647594898066297000,124.5,1,124.5,107,125.0,206,2,2022-03-18 09:14:58
1647594898370318000,124.5,1,124.5,106,125.0,208,2,2022-03-18 09:14:58
1647594898497967000,124.5,10,124.5,97,125.0,206,2,2022-03-18 09:14:58
1647594898867410000,124.5,2,124.5,95,125.0,208,2,2022-03-18 09:14:58
1647594899255353000,124.5,95,124.0,312,124.5,5,2,2022-03-18 09:14:59
1647594899276915000,124.5,5,124.0,312,124.5,9,1,2022-03-18 09:14:59
1647594899863412000,124.5,10,124.0,307,124.5,4,1,2022-03-18 09:14:59
1647594902725147000,124.5,1,124.0,305,124.5,50,1,2022-03-18 09:15:02
1647594903377804000,124.5,1,124.0,305,124.5,50,1,2022-03-18 09:15:03
1647594904214756000,124.5,8,124.0,306,124.5,50,1,2022-03-18 09:15:04
1647594905036765000,124.5,1,124.0,305,124.5,43,1,2022-03-18 09:15:05
1647594905655369000,124.5,1,124.0,305,124.5,51,1,2022-03-18 09:15:05
1647594906522602000,124.5,1,124.0,306,124.5,52,1,2022-03-18 09:15:06
1647594907168212000,124.5,4,124.0,306,124.5,42,1,2022-03-18 09:15:07
1647594907278700000,124.5,11,124.0,306,124.5,31,1,2022-03-18 09:15:07
1647594907315310000,124.5,31,124.0,306,125.0,163,1,2022-03-18 09:15:07
1647594909069186000,124.5,1,124.5,4,125.0,163,2,2022-03-18 09:15:09
1647594909659258000,124.5,1,124.5,6,125.0,169,2,2022-03-18 09:15:09
1647594912827835000,124.5,2,124.5,36,125.0,172,2,2022-03-18 09:15:12
1647594916100463000,124.5,2,124.5,48,125.0,173,2,2022-03-18 09:15:16
1647594917258343000,124.5,1,124.5,48,125.0,172,2,2022-03-18 09:15:17
1647594917468497000,124.5,1,124.5,49,125.0,172,2,2022-03-18 09:15:17
1647594917646978000,124.5,1,124.5,48,125.0,172,2,2022-03-18 09:15:17
1647594918055796000,124.5,1,124.5,50,125.0,172,2,2022-03-18 09:15:18
1647594922644076000,124.5,1,124.5,55,125.0,176,2,2022-03-18 09:15:22
1647594927071420000,124.5,1,124.5,61,125.0,180,2,2022-03-18 09:15:27
1647594927847799000,124.5,1,124.5,54,125.0,180,2,2022-03-18 09:15:27
1647594929958293000,124.5,1,124.5,56,125.0,183,2,2022-03-18 09:15:29
1647594931562108000,124.5,1,124.5,58,125.0,184,2,2022-03-18 09:15:31
1647594934381582000,124.5,1,124.5,69,125.0,184,2,2022-03-18 09:15:34
1647594935838190000,124.5,1,124.5,69,125.0,185,2,2022-03-18 09:15:35
1647594937569502000,124.5,5,124.5,64,125.0,180,2,2022-03-18 09:15:37
1647594938609424000,124.5,1,124.5,65,125.0,181,2,2022-03-18 09:15:38
1647594939122877000,124.5,4,124.5,62,125.0,181,2,2022-03-18 09:15:39
1647594942763889000,124.5,2,124.5,60,125.0,186,2,2022-03-18 09:15:42
1647594944328981000,124.5,1,124.5,59,125.0,186,2,2022-03-18 09:15:44
1647594944522143000,124.5,1,124.5,58,125.0,186,2,2022-03-18 09:15:44
1647594947893097000,124.5,1,124.5,58,125.0,187,2,2022-03-18 09:15:47
1647594948528412000,124.5,2,124.5,56,125.0,189,2,2022-03-18 09:15:48
1647594948878600000,124.5,1,124.5,55,125.0,189,2,2022-03-18 09:15:48
1647594950170283000,124.5,1,124.5,57,125.0,188,2,2022-03-18 09:15:50
1647594953036597000,125.0,1,124.5,59,125.0,189,1,2022-03-18 09:15:53
1647594953075043000,124.5,1,124.5,58,125.0,189,2,2022-03-18 09:15:53
1647594953683426000,124.5,1,124.5,57,125.0,189,2,2022-03-18 09:15:53
1647594954829443000,124.5,1,124.5,58,125.0,194,2,2022-03-18 09:15:54
1647594956109977000,124.5,1,124.5,57,125.0,194,2,2022-03-18 09:15:56
1647594956649080000,124.5,3,124.5,55,125.0,194,2,2022-03-18 09:15:56
1647594956815631000,124.5,1,124.5,54,125.0,194,2,2022-03-18 09:15:56
1647594957702717000,124.5,5,124.5,49,125.0,195,2,2022-03-18 09:15:57
1647594959515022000,124.5,1,124.5,43,125.0,195,2,2022-03-18 09:15:59
1647594959925990000,124.5,1,124.5,42,125.0,195,2,2022-03-18 09:15:59
1647594960755905000,124.5,18,124.5,35,125.0,193,2,2022-03-18 09:16:00
1647594960795724000,124.5,1,124.5,34,125.0,195,2,2022-03-18 09:16:00
1647594961536399000,124.5,1,124.5,34,125.0,195,2,2022-03-18 09:16:01
1647594962590091000,124.5,1,124.5,36,125.0,195,2,2022-03-18 09:16:02
1647594962910758000,124.5,1,124.5,36,125.0,195,2,2022-03-18 09:16:02
1647594964043786000,124.5,3,124.5,37,125.0,193,2,2022-03-18 09:16:04
1647594964223647000,124.5,1,124.5,36,125.0,193,2,2022-03-18 09:16:04
1647594965709707000,124.5,1,124.5,35,125.0,193,2,2022-03-18 09:16:05
1647594968072972000,124.5,3,124.5,61,125.0,194,2,2022-03-18 09:16:08
1647594968186766000,124.5,1,124.5,58,125.0,194,2,2022-03-18 09:16:08
1647594969306860000,124.5,2,124.5,32,125.0,195,2,2022-03-18 09:16:09
1647594970108422000,124.5,1,124.5,31,125.0,195,2,2022-03-18 09:16:10
1647594970562884000,124.5,3,124.5,32,125.0,195,2,2022-03-18 09:16:10
1647594972570894000,124.5,1,124.5,32,125.0,195,2,2022-03-18 09:16:12
1647594973417974000,124.5,2,124.5,30,125.0,195,2,2022-03-18 09:16:13
1647594973929858000,124.5,1,124.5,30,125.0,194,2,2022-03-18 09:16:13
1647594975069724000,124.5,3,124.5,27,125.0,195,2,2022-03-18 09:16:15
1647594975510344000,125.0,1,124.5,27,125.0,194,1,2022-03-18 09:16:15
1647594975929088000,124.5,2,124.5,51,125.0,192,2,2022-03-18 09:16:15
1647594976334583000,124.5,4,124.5,47,125.0,192,2,2022-03-18 09:16:16
1647594977152187000,124.5,9,124.5,38,125.0,183,2,2022-03-18 09:16:17
1647594980282826000,124.5,1,124.5,47,125.0,184,2,2022-03-18 09:16:20
1647594981183571000,124.5,2,124.5,47,125.0,184,2,2022-03-18 09:16:21
1647594982980116000,124.5,1,124.5,46,125.0,184,2,2022-03-18 09:16:22
1647594984093424000,124.5,3,124.5,43,125.0,184,2,2022-03-18 09:16:24
1647594987877352000,124.5,1,124.5,55,125.0,186,2,2022-03-18 09:16:27
1647594990591868000,124.5,1,124.5,58,125.0,186,2,2022-03-18 09:16:30
1647594991355656000,125.0,1,124.5,58,125.0,185,1,2022-03-18 09:16:31
1647594997317580000,124.5,2,124.5,68,125.0,187,2,2022-03-18 09:16:37
1647595007247398000,124.5,1,124.5,83,125.0,194,2,2022-03-18 09:16:47
1647595012107952000,124.5,1,124.5,89,125.0,200,2,2022-03-18 09:16:52
1647595014247293000,124.5,1,124.5,90,125.0,203,2,2022-03-18 09:16:54
1647595016657828000,124.5,1,124.5,82,125.0,203,2,2022-03-18 09:16:56
1647595017066060000,124.5,9,124.5,74,125.0,203,2,2022-03-18 09:16:57
1647595022329583000,124.5,1,124.5,73,125.0,203,2,2022-03-18 09:17:02
1647595023127000000,124.5,1,124.5,72,125.0,204,2,2022-03-18 09:17:03
1647595027558700000,124.5,9,124.5,61,125.0,208,2,2022-03-18 09:17:07
1647595030555860000,124.5,1,124.5,65,125.0,208,2,2022-03-18 09:17:10
1647595036357927000,125.0,1,124.5,65,125.0,208,1,2022-03-18 09:17:16
1647595036474132000,124.5,1,124.5,66,125.0,208,2,2022-03-18 09:17:16
1647595043174820000,124.5,1,124.5,75,125.0,208,2,2022-03-18 09:17:23
1647595052645147000,124.5,1,124.5,81,125.0,214,2,2022-03-18 09:17:32
1647595053424818000,124.5,1,124.5,80,125.0,214,2,2022-03-18 09:17:33
1647595053483433000,125.0,1,124.5,80,125.0,213,1,2022-03-18 09:17:33
1647595068499833000,124.5,1,124.5,108,125.0,220,2,2022-03-18 09:17:48
1647595069235630000,125.0,1,124.5,109,125.0,219,1,2022-03-18 09:17:49
1647595071670453000,124.5,1,124.5,118,125.0,219,2,2022-03-18 09:17:51
1647595072399890000,124.5,1,124.5,116,125.0,219,2,2022-03-18 09:17:52
1647595076335698000,124.5,1,124.5,116,125.0,218,2,2022-03-18 09:17:56
1647595087224571000,124.5,10,124.5,108,125.0,223,2,2022-03-18 09:18:07
1647595093824830000,124.5,1,124.5,109,125.0,223,2,2022-03-18 09:18:13
1647595094121642000,124.5,1,124.5,108,125.0,223,2,2022-03-18 09:18:14
1647595095825463000,124.5,2,124.5,111,125.0,223,2,2022-03-18 09:18:15
1647595096624769000,125.0,1,124.5,111,125.0,222,1,2022-03-18 09:18:16
1647595096796723000,124.5,1,124.5,110,125.0,222,2,2022-03-18 09:18:16
1647595097109498000,124.5,1,124.5,109,125.0,222,2,2022-03-18 09:18:17
1647595098683203000,124.5,2,124.5,108,125.0,222,2,2022-03-18 09:18:18
1647595100088915000,124.5,1,124.5,107,125.0,223,2,2022-03-18 09:18:20
1647595100337847000,124.5,1,124.5,106,125.0,222,2,2022-03-18 09:18:20
1647595103051837000,124.5,1,124.5,99,125.0,222,2,2022-03-18 09:18:23
1647595105559951000,124.5,3,124.5,103,125.0,224,2,2022-03-18 09:18:25
1647595106193053000,124.5,2,124.5,101,125.0,226,2,2022-03-18 09:18:26
1647595109789578000,125.0,1,124.5,107,125.0,222,1,2022-03-18 09:18:29
1647595116201495000,124.5,3,124.5,107,125.0,224,2,2022-03-18 09:18:36
1647595122171200000,125.0,5,124.5,112,125.0,219,1,2022-03-18 09:18:42
1647595122280615000,124.5,2,124.5,112,125.0,217,2,2022-03-18 09:18:42
1647595123683044000,124.5,1,124.5,109,125.0,226,2,2022-03-18 09:18:43
1647595127179332000,124.5,1,124.5,109,125.0,225,2,2022-03-18 09:18:47
1647595127339701000,124.5,1,124.5,108,125.0,233,2,2022-03-18 09:18:47
1647595127975802000,124.5,1,124.5,107,125.0,234,2,2022-03-18 09:18:47
1647595132271716000,124.5,2,124.5,126,125.0,230,2,2022-03-18 09:18:52
1647595135278128000,125.0,2,124.5,127,125.0,226,1,2022-03-18 09:18:55
1647595135714963000,124.5,1,124.5,128,125.0,226,2,2022-03-18 09:18:55
1647595136598450000,125.0,1,124.5,128,125.0,225,1,2022-03-18 09:18:56
1647595138363006000,124.5,1,124.5,128,125.0,225,2,2022-03-18 09:18:58
1647595139300955000,125.0,1,124.5,129,125.0,224,1,2022-03-18 09:18:59
1647595141283833000,124.5,4,124.5,126,125.0,220,2,2022-03-18 09:19:01
1647595150261973000,124.5,1,124.5,136,125.0,225,2,2022-03-18 09:19:10
1647595150494770000,124.5,2,124.5,135,125.0,225,2,2022-03-18 09:19:10
1647595153355550000,124.5,2,124.5,134,125.0,225,2,2022-03-18 09:19:13
1647595159337746000,124.5,4,124.5,137,125.0,222,2,2022-03-18 09:19:19
1647595160114168000,124.5,1,124.5,136,125.0,222,2,2022-03-18 09:19:20
1647595163445850000,124.5,1,124.5,135,125.0,242,2,2022-03-18 09:19:23
1647595164215661000,124.5,2,124.5,131,125.0,242,2,2022-03-18 09:19:24
1647595166286277000,124.5,1,124.5,132,125.0,252,2,2022-03-18 09:19:26
1647595172306978000,124.5,2,124.5,138,125.0,262,2,2022-03-18 09:19:32
1647595174101044000,124.5,1,124.5,140,125.0,262,2,2022-03-18 09:19:34
1647595174175843000,125.0,3,124.5,140,125.0,259,1,2022-03-18 09:19:34
1647595177342713000,124.5,3,124.5,139,125.0,258,2,2022-03-18 09:19:37
1647595178765258000,124.5,1,124.5,138,125.0,287,2,2022-03-18 09:19:38
1647595183317851000,124.5,2,124.5,137,125.0,288,2,2022-03-18 09:19:43
1647595184302485000,125.0,1,124.5,136,125.0,287,1,2022-03-18 09:19:44
1647595192374365000,124.5,2,124.5,139,125.0,291,2,2022-03-18 09:19:52
1647595193236958000,125.0,1,124.5,139,125.0,290,1,2022-03-18 09:19:53
1647595199347919000,124.5,2,124.5,147,125.0,290,2,2022-03-18 09:19:59
1647595207222723000,125.0,5,124.5,154,125.0,285,1,2022-03-18 09:20:07
1647595207248009000,125.0,51,124.5,154,125.0,234,1,2022-03-18 09:20:07
1647595207279061000,125.0,15,124.5,154,125.0,219,1,2022-03-18 09:20:07
1647595207279152000,125.0,82,124.5,154,125.0,137,1,2022-03-18 09:20:07
1647595207279184000,125.0,24,124.5,159,125.0,113,1,2022-03-18 09:20:07
1647595207279430000,125.0,29,124.5,159,125.0,78,1,2022-03-18 09:20:07
1647595207307099000,125.0,25,124.5,159,125.0,53,1,2022-03-18 09:20:07
1647595207307718000,125.0,53,124.5,159,125.5,67,1,2022-03-18 09:20:07
1647595208205150000,125.5,3,125.0,32,125.5,64,1,2022-03-18 09:20:08
1647595208545816000,125.5,1,125.0,32,125.5,63,1,2022-03-18 09:20:08
1647595209235056000,125.0,1,125.0,31,125.5,65,2,2022-03-18 09:20:09
1647595214631829000,125.5,5,125.0,57,125.5,78,1,2022-03-18 09:20:14
1647595215212966000,125.5,1,125.0,58,125.5,77,1,2022-03-18 09:20:15
1647595216074333000,125.5,1,125.0,57,125.5,76,1,2022-03-18 09:20:16
1647595216169973000,125.5,1,125.0,58,125.5,75,1,2022-03-18 09:20:16
1647595216263389000,125.5,1,125.0,59,125.5,74,1,2022-03-18 09:20:16
1647595218600658000,125.5,1,125.0,63,125.5,63,1,2022-03-18 09:20:18
1647595218995792000,125.5,1,125.0,64,125.5,62,1,2022-03-18 09:20:18
1647595220797684000,125.5,1,125.0,65,125.5,62,1,2022-03-18 09:20:20
1647595221196446000,125.5,10,125.0,67,125.5,54,1,2022-03-18 09:20:21
1647595223020032000,125.5,2,125.0,68,125.5,55,1,2022-03-18 09:20:23
1647595223544619000,125.5,2,125.0,68,125.5,52,1,2022-03-18 09:20:23
1647595224171449000,125.5,1,125.0,68,125.5,51,1,2022-03-18 09:20:24
1647595224641626000,125.5,1,125.0,69,125.5,51,1,2022-03-18 09:20:24
1647595224869002000,125.5,1,125.0,70,125.5,51,1,2022-03-18 09:20:24
