ts,close,volume,bid_price,bid_volume,ask_price,ask_volume,tick_type,datetime
1647594137802169000,317.0,479,317.0,88,317.5,13,0,2022-03-18 09:02:17
1647594137824272000,317.5,13,317.0,88,318.0,24,1,2022-03-18 09:02:17
1647594137850785000,318.0,1,317.0,88,318.0,23,1,2022-03-18 09:02:17
1647594137915461000,318.0,23,317.0,88,318.5,4,1,2022-03-18 09:02:17
1647594139013159000,317.5,1,317.0,93,317.5,1,2,2022-03-18 09:02:19
1647594139038522000,317.5,1,317.0,93,318.5,7,1,2022-03-18 09:02:19
1647594139324717000,318.5,1,317.5,1,318.5,6,1,2022-03-18 09:02:19
1647594139364080000,318.5,6,317.5,2,319.0,10,1,2022-03-18 09:02:19
1647594140163260000,319.0,11,317.5,7,319.5,3,1,2022-03-18 09:02:20
1647594140298418000,318.5,2,318.0,3,319.5,4,1,2022-03-18 09:02:20
1647594140298563000,318.5,1,318.0,3,319.5,4,1,2022-03-18 09:02:20
1647594140322382000,318.0,2,317.5,6,319.5,4,2,2022-03-18 09:02:20
1647594140332873000,319.5,4,317.5,6,320.0,16,1,2022-03-18 09:02:20
1647594141295086000,318.5,1,318.0,5,318.5,1,2,2022-03-18 09:02:21
1647594141326807000,318.5,1,318.0,6,319.0,3,1,2022-03-18 09:02:21
1647594141360097000,319.0,3,318.5,1,319.5,2,1,2022-03-18 09:02:21
1647594141586575000,319.5,1,318.5,2,319.5,1,1,2022-03-18 09:02:21
1647594142375339000,319.5,1,318.5,6,320.0,17,1,2022-03-18 09:02:22
1647594142976038000,319.0,2,318.5,6,320.0,17,2,2022-03-18 09:02:22
1647594143011940000,320.0,17,318.5,6,320.5,1,1,2022-03-18 09:02:23
1647594143088595000,320.0,1,319.0,3,320.0,1,1,2022-03-18 09:02:23
1647594143125666000,320.0,1,319.5,1,320.5,1,1,2022-03-18 09:02:23
1647594143174049000,320.0,1,319.5,1,320.5,1,2,2022-03-18 09:02:23
1647594143382086000,320.0,2,320.0,1,320.5,1,2,2022-03-18 09:02:23
1647594143389485000,320.0,1,319.5,1,320.5,1,2,2022-03-18 09:02:23
1647594144058175000,320.5,1,320.0,1,321.0,3,1,2022-03-18 09:02:24
1647594144146509000,321.0,1,320.0,1,321.0,2,1,2022-03-18 09:02:24
1647594144347411000,321.0,2,320.0,1,321.5,4,1,2022-03-18 09:02:24
1647594144409704000,320.0,1,319.5,1,320.0,1,2,2022-03-18 09:02:24
1647594145169559000,320.0,1,319.5,1,321.5,4,1,2022-03-18 09:02:25
1647594145354224000,320.0,1,319.5,1,321.5,4,2,2022-03-18 09:02:25
1647594145354224000,319.5,1,319.5,1,321.5,4,2,2022-03-18 09:02:25
1647594145855507000,321.0,1,319.5,1,321.0,3,1,2022-03-18 09:02:25
1647594146184261000,321.0,2,320.0,1,321.5,4,1,2022-03-18 09:02:26
1647594147427621000,320.0,1,320.0,2,321.5,9,2,2022-03-18 09:02:27
1647594147827200000,321.5,1,320.0,4,321.5,8,1,2022-03-18 09:02:27
1647594148094623000,320.0,2,320.0,3,321.5,8,2,2022-03-18 09:02:28
1647594148366918000,321.5,1,320.0,4,321.5,7,1,2022-03-18 09:02:28
1647594149412393000,321.5,1,320.5,1,321.5,6,1,2022-03-18 09:02:29
1647594149467340000,320.5,1,320.0,5,321.5,6,2,2022-03-18 09:02:29
1647594149467340000,320.0,1,320.0,5,321.5,6,2,2022-03-18 09:02:29
1647594149838958000,321.0,1,320.0,6,321.0,1,1,2022-03-18 09:02:29
1647594149852191000,321.0,1,320.0,6,321.5,6,1,2022-03-18 09:02:29
1647594150042458000,321.5,1,321.0,1,321.5,5,1,2022-03-18 09:02:30
1647594150085692000,321.0,1,320.0,7,321.5,5,2,2022-03-18 09:02:30
1647594150724061000,321.0,1,320.0,10,321.5,5,2,2022-03-18 09:02:30
1647594151100933000,321.0,1,320.0,11,321.0,9,1,2022-03-18 09:02:31
1647594151113147000,321.0,1,320.0,11,321.0,8,1,2022-03-18 09:02:31
1647594151282253000,321.0,1,320.0,11,321.0,7,1,2022-03-18 09:02:31
1647594151436821000,321.0,1,320.0,11,321.0,6,1,2022-03-18 09:02:31
1647594151534182000,321.0,1,320.5,1,321.0,5,1,2022-03-18 09:02:31
1647594151594004000,321.0,1,320.5,1,321.0,4,1,2022-03-18 09:02:31
1647594151650522000,321.0,1,320.5,1,321.0,3,1,2022-03-18 09:02:31
1647594152236945000,320.5,1,320.0,13,321.0,12,2,2022-03-18 09:02:32
1647594152236945000,320.0,2,320.0,13,321.0,12,2,2022-03-18 09:02:32
1647594152293861000,320.0,1,320.0,12,320.5,1,2,2022-03-18 09:02:32
1647594152312075000,320.5,1,320.0,12,321.0,12,1,2022-03-18 09:02:32
1647594152342743000,320.0,9,320.0,3,321.0,12,2,2022-03-18 09:02:32
1647594152382131000,320.0,3,320.0,1,321.0,17,2,2022-03-18 09:02:32
1647594152393634000,320.0,1,319.5,7,321.0,17,2,2022-03-18 09:02:32
1647594152393634000,319.5,1,319.5,7,321.0,17,2,2022-03-18 09:02:32
1647594152445712000,321.0,1,320.0,1,321.0,16,1,2022-03-18 09:02:32
1647594152597177000,321.0,1,320.0,1,321.0,15,1,2022-03-18 09:02:32
1647594152718046000,321.0,1,320.0,1,321.0,14,1,2022-03-18 09:02:32
1647594152823616000,321.0,3,320.0,1,321.0,14,1,2022-03-18 09:02:32
1647594153020116000,321.0,1,320.0,1,321.0,13,1,2022-03-18 09:02:33
1647594153293940000,321.0,1,320.0,1,321.0,12,1,2022-03-18 09:02:33
1647594153313741000,321.0,1,320.0,1,321.0,11,1,2022-03-18 09:02:33
1647594153434802000,321.0,1,320.0,1,321.0,10,1,2022-03-18 09:02:33
1647594153613922000,321.0,1,320.0,1,321.0,9,1,2022-03-18 09:02:33
1647594153824350000,320.0,1,319.5,7,320.0,3,2,2022-03-18 09:02:33
1647594153905843000,320.0,1,319.5,7,320.0,2,1,2022-03-18 09:02:33
1647594153988950000,320.0,1,319.5,7,320.0,1,1,2022-03-18 09:02:33
1647594154063646000,320.0,1,319.5,7,320.5,1,1,2022-03-18 09:02:34
1647594154127748000,320.5,1,319.5,7,320.5,2,1,2022-03-18 09:02:34
1647594154135923000,320.5,1,319.5,7,320.5,1,1,2022-03-18 09:02:34
1647594154246615000,320.5,1,319.5,7,321.0,9,1,2022-03-18 09:02:34
1647594154246615000,321.0,1,319.5,7,321.0,9,1,2022-03-18 09:02:34
1647594154277763000,321.0,1,319.5,7,321.0,8,1,2022-03-18 09:02:34
1647594154505399000,321.0,1,319.5,7,321.0,7,1,2022-03-18 09:02:34
1647594154662313000,320.5,1,320.0,1,321.0,7,1,2022-03-18 09:02:34
1647594155020032000,321.0,1,320.0,4,321.0,6,1,2022-03-18 09:02:35
1647594155141120000,321.0,1,320.0,4,321.0,5,1,2022-03-18 09:02:35
1647594155490878000,321.0,5,320.0,5,322.0,8,1,2022-03-18 09:02:35
1647594155490878000,321.5,5,320.0,5,322.0,8,1,2022-03-18 09:02:35
1647594155524192000,322.0,1,320.0,5,322.0,7,1,2022-03-18 09:02:35
1647594155657393000,320.5,1,320.0,5,322.0,7,2,2022-03-18 09:02:35
1647594155891619000,321.0,2,321.0,1,321.5,1,2,2022-03-18 09:02:35
1647594155927725000,321.0,1,320.0,6,321.5,1,2,2022-03-18 09:02:35
1647594155968335000,320.0,5,320.0,1,321.5,2,2,2022-03-18 09:02:35
1647594156005157000,320.0,1,319.5,7,321.5,2,2,2022-03-18 09:02:36
1647594156145427000,321.0,2,320.0,1,321.5,3,2,2022-03-18 09:02:36
1647594156481635000,321.5,1,320.5,2,321.5,2,1,2022-03-18 09:02:36
1647594156563496000,320.5,1,320.5,1,321.5,2,2,2022-03-18 09:02:36
1647594157432318000,321.5,1,321.0,2,321.5,1,1,2022-03-18 09:02:37
1647594157481670000,321.5,1,321.0,2,322.0,7,1,2022-03-18 09:02:37
1647594157580742000,321.0,2,320.5,1,322.0,7,2,2022-03-18 09:02:37
1647594157760539000,321.5,2,320.5,1,322.0,7,2,2022-03-18 09:02:37
1647594158101700000,320.5,1,320.0,6,322.0,7,2,2022-03-18 09:02:38
1647594158230906000,322.0,1,321.0,1,322.0,6,1,2022-03-18 09:02:38
1647594158302955000,322.0,1,321.0,1,322.0,5,1,2022-03-18 09:02:38
1647594159007345000,322.0,1,321.0,1,322.0,4,1,2022-03-18 09:02:39
1647594159044259000,322.0,1,321.0,1,322.0,3,1,2022-03-18 09:02:39
1647594159157355000,321.0,1,321.0,1,322.0,3,2,2022-03-18 09:02:39
1647594159360158000,321.0,1,320.0,8,322.0,4,2,2022-03-18 09:02:39
1647594159393250000,321.5,1,320.0,9,322.0,4,2,2022-03-18 09:02:39
1647594159402931000,322.0,1,320.0,9,322.0,3,1,2022-03-18 09:02:39
1647594159701815000,322.0,1,321.0,1,322.0,2,1,2022-03-18 09:02:39
1647594160320423000,321.5,1,321.5,1,322.0,2,2,2022-03-18 09:02:40
1647594160490293000,322.0,1,321.5,1,322.0,1,1,2022-03-18 09:02:40
1647594160816244000,321.5,1,321.0,3,322.0,2,2,2022-03-18 09:02:40
1647594161050602000,321.0,1,321.0,2,322.0,2,2,2022-03-18 09:02:41
1647594161079389000,321.0,1,321.0,1,322.0,2,2,2022-03-18 09:02:41
1647594161243172000,322.0,1,321.0,1,322.0,1,1,2022-03-18 09:02:41
1647594161595012000,321.0,7,320.5,3,322.0,3,2,2022-03-18 09:02:41
1647594161913648000,320.5,1,320.5,2,321.5,1,2,2022-03-18 09:02:41
1647594161947435000,321.5,1,320.5,2,322.0,3,1,2022-03-18 09:02:41
1647594162028163000,322.0,1,320.5,2,322.0,2,1,2022-03-18 09:02:42
1647594162170114000,322.0,3,320.5,2,322.0,1,1,2022-03-18 09:02:42
1647594162273805000,322.0,1,321.0,1,322.5,3,1,2022-03-18 09:02:42
1647594162321442000,322.5,1,321.0,1,322.5,2,1,2022-03-18 09:02:42
1647594162354233000,322.5,2,322.5,1,323.0,66,1,2022-03-18 09:02:42
1647594162381291000,322.5,1,321.0,1,323.0,66,2,2022-03-18 09:02:42
1647594162577898000,323.0,1,321.0,1,323.0,65,1,2022-03-18 09:02:42
1647594162604661000,323.0,1,321.5,1,323.0,64,1,2022-03-18 09:02:42
1647594162797967000,321.5,1,321.0,1,323.0,64,2,2022-03-18 09:02:42
1647594163112953000,322.0,1,321.0,3,322.5,2,2,2022-03-18 09:02:43
1647594163249657000,322.5,2,321.0,3,323.0,63,1,2022-03-18 09:02:43
1647594163249657000,323.0,1,321.0,3,323.0,63,1,2022-03-18 09:02:43
1647594163401425000,322.0,1,322.0,1,323.0,63,2,2022-03-18 09:02:43
1647594163430702000,322.0,1,321.0,3,323.0,63,2,2022-03-18 09:02:43
1647594164261342000,323.0,1,322.0,2,323.0,62,1,2022-03-18 09:02:44
1647594164652559000,323.0,1,322.0,2,323.0,61,1,2022-03-18 09:02:44
1647594164672247000,322.0,1,322.0,1,323.0,61,2,2022-03-18 09:02:44
1647594165171445000,323.0,1,322.0,11,323.0,60,1,2022-03-18 09:02:45
1647594165609418000,322.5,1,322.5,1,323.0,60,2,2022-03-18 09:02:45
1647594165795116000,322.5,1,322.0,12,323.0,60,2,2022-03-18 09:02:45
1647594166026777000,323.0,1,322.0,13,323.0,59,1,2022-03-18 09:02:46
1647594166462313000,322.0,9,322.0,4,323.0,59,2,2022-03-18 09:02:46
1647594166546235000,323.0,1,322.0,4,323.0,58,1,2022-03-18 09:02:46
1647594167097184000,323.0,1,322.0,5,323.0,58,1,2022-03-18 09:02:47
1647594167269320000,323.0,1,322.0,6,323.0,57,1,2022-03-18 09:02:47
1647594167477879000,322.5,1,322.0,6,322.5,1,1,2022-03-18 09:02:47
1647594167891990000,322.5,1,322.0,6,323.0,57,1,2022-03-18 09:02:47
1647594167921801000,323.0,1,322.0,6,323.0,56,1,2022-03-18 09:02:47
1647594168068443000,323.0,5,322.5,1,323.0,51,1,2022-03-18 09:02:48
1647594169186889000,323.0,1,322.5,1,323.0,52,1,2022-03-18 09:02:49
1647594169265325000,323.0,1,322.5,1,323.0,51,1,2022-03-18 09:02:49
1647594169335258000,323.0,1,322.5,1,323.0,50,1,2022-03-18 09:02:49
1647594169452579000,323.0,1,322.5,1,323.0,49,1,2022-03-18 09:02:49
1647594169453094000,323.0,1,322.5,1,323.0,48,1,2022-03-18 09:02:49
1647594169551232000,323.0,1,322.5,1,323.0,47,1,2022-03-18 09:02:49
1647594169632979000,323.0,1,322.5,1,323.0,46,1,2022-03-18 09:02:49
1647594169793933000,322.5,1,322.0,15,323.0,46,2,2022-03-18 09:02:49
1647594169847650000,322.0,11,322.0,4,323.0,46,2,2022-03-18 09:02:49
1647594169874979000,322.0,4,322.0,1,323.0,46,2,2022-03-18 09:02:49
1647594169909914000,322.5,1,322.0,1,323.0,46,2,2022-03-18 09:02:49
1647594170037767000,323.0,1,322.0,1,323.0,45,1,2022-03-18 09:02:50
1647594170117642000,323.0,1,322.0,1,323.0,44,1,2022-03-18 09:02:50
1647594170573013000,322.5,1,322.0,2,323.0,44,2,2022-03-18 09:02:50
1647594170618115000,322.5,1,322.0,2,323.0,44,2,2022-03-18 09:02:50
1647594170654489000,323.0,2,322.0,2,323.0,42,1,2022-03-18 09:02:50
1647594170841595000,322.5,1,322.0,2,322.5,3,1,2022-03-18 09:02:50
1647594171436861000,322.5,2,322.0,2,322.5,2,1,2022-03-18 09:02:51
1647594171461171000,322.5,1,322.0,2,322.5,1,1,2022-03-18 09:02:51
1647594171580347000,322.5,1,322.0,2,323.0,42,1,2022-03-18 09:02:51
1647594171649791000,323.0,1,322.0,2,323.0,41,1,2022-03-18 09:02:51
1647594171934199000,322.5,1,322.0,2,322.5,1,1,2022-03-18 09:02:51
1647594172027839000,322.5,1,322.0,2,323.0,42,1,2022-03-18 09:02:52
1647594172041671000,322.0,1,322.0,1,323.0,42,2,2022-03-18 09:02:52
1647594172086548000,322.5,1,321.5,6,323.0,42,2,2022-03-18 09:02:52
1647594172300543000,323.0,1,322.0,1,323.0,41,1,2022-03-18 09:02:52
1647594172446784000,323.0,1,322.5,1,323.0,40,1,2022-03-18 09:02:52
1647594172466914000,322.5,1,322.0,1,323.0,40,2,2022-03-18 09:02:52
1647594172922851000,322.0,1,322.0,1,323.0,43,2,2022-03-18 09:02:52
1647594173100845000,322.0,1,321.5,8,323.0,43,2,2022-03-18 09:02:53
1647594173108560000,323.0,1,321.5,8,323.0,42,1,2022-03-18 09:02:53
1647594173522654000,323.0,1,322.5,2,323.0,41,1,2022-03-18 09:02:53
1647594173540023000,322.5,2,322.0,1,323.0,41,2,2022-03-18 09:02:53
1647594174177946000,322.5,1,322.0,7,323.0,42,2,2022-03-18 09:02:54
1647594174187614000,323.0,1,322.0,7,323.0,41,1,2022-03-18 09:02:54
1647594174264701000,323.0,1,322.0,7,323.0,40,1,2022-03-18 09:02:54
1647594174725766000,322.5,1,322.0,10,322.5,4,1,2022-03-18 09:02:54
1647594174737155000,322.5,1,322.0,10,322.5,3,1,2022-03-18 09:02:54
1647594174758691000,322.5,1,322.0,10,322.5,2,1,2022-03-18 09:02:54
1647594174800618000,322.5,2,322.0,10,323.0,41,1,2022-03-18 09:02:54
1647594175041458000,322.5,1,322.0,11,322.5,2,1,2022-03-18 09:02:55
1647594175072285000,322.5,1,322.0,11,322.5,1,1,2022-03-18 09:02:55
1647594175111473000,322.5,1,322.0,11,323.0,41,1,2022-03-18 09:02:55
1647594175243586000,322.5,1,322.0,11,323.0,41,2,2022-03-18 09:02:55
1647594175491362000,322.5,3,322.0,12,323.0,62,2,2022-03-18 09:02:55
1647594175523790000,322.0,12,321.5,7,323.0,62,2,2022-03-18 09:02:55
1647594175907399000,322.5,1,321.5,7,322.5,1,1,2022-03-18 09:02:55
1647594176558541000,322.0,1,322.0,1,322.5,1,2,2022-03-18 09:02:56
1647594176739396000,322.5,1,322.5,12,323.0,64,1,2022-03-18 09:02:56
1647594176859596000,322.5,5,322.5,7,323.0,64,2,2022-03-18 09:02:56
1647594177626330000,322.5,2,322.5,9,323.0,65,2,2022-03-18 09:02:57
1647594177727943000,323.0,1,322.5,9,323.0,69,1,2022-03-18 09:02:57
1647594177754097000,323.0,5,322.5,10,323.0,64,1,2022-03-18 09:02:57
1647594177793731000,323.0,1,322.5,10,323.0,64,1,2022-03-18 09:02:57
1647594177794375000,322.5,7,322.5,3,323.0,64,2,2022-03-18 09:02:57
1647594178042268000,322.5,1,322.5,2,323.0,64,2,2022-03-18 09:02:58
1647594178459303000,322.5,1,322.5,2,323.0,65,2,2022-03-18 09:02:58
1647594178624388000,322.5,1,322.5,1,323.0,65,2,2022-03-18 09:02:58
1647594178718706000,322.5,1,322.0,15,323.0,65,2,2022-03-18 09:02:58
1647594178834577000,322.0,4,322.0,11,323.0,65,2,2022-03-18 09:02:58
1647594178858685000,322.0,11,321.5,10,323.0,66,2,2022-03-18 09:02:58
1647594179087864000,322.5,2,321.5,10,322.5,1,1,2022-03-18 09:02:59
1647594179973865000,322.0,1,322.0,1,322.5,1,2,2022-03-18 09:02:59
1647594180115374000,322.5,1,321.5,13,322.5,1,1,2022-03-18 09:03:00
1647594180242946000,322.0,1,321.5,13,322.5,3,1,2022-03-18 09:03:00
1647594180272611000,321.5,12,321.0,13,322.5,3,2,2022-03-18 09:03:00
1647594180295764000,321.5,1,321.0,13,322.5,3,2,2022-03-18 09:03:00
1647594180316607000,321.5,1,321.0,14,322.5,4,2,2022-03-18 09:03:00
1647594180923086000,322.0,1,321.5,2,322.0,2,1,2022-03-18 09:03:00
1647594180943214000,321.5,2,321.0,14,322.0,2,2,2022-03-18 09:03:00
1647594180947357000,322.0,1,321.0,14,322.0,1,1,2022-03-18 09:03:00
1647594181069423000,322.0,1,321.0,14,322.5,10,1,2022-03-18 09:03:01
1647594181272967000,321.0,10,321.0,4,321.5,3,2,2022-03-18 09:03:01
1647594181285816000,321.0,1,321.0,3,321.5,3,2,2022-03-18 09:03:01
1647594181308602000,321.0,3,320.5,8,321.5,3,2,2022-03-18 09:03:01
1647594181379702000,320.5,7,320.0,21,321.0,5,2,2022-03-18 09:03:01
1647594181387324000,321.0,1,320.0,21,321.0,4,1,2022-03-18 09:03:01
1647594181819859000,320.5,1,320.0,21,321.0,4,1,2022-03-18 09:03:01
1647594181827963000,321.0,1,320.0,21,321.0,3,1,2022-03-18 09:03:01
1647594181984840000,321.0,1,320.0,21,321.0,1,1,2022-03-18 09:03:01
1647594181998205000,321.0,1,320.0,21,323.0,52,1,2022-03-18 09:03:01
1647594181998205000,321.5,6,320.0,21,323.0,52,1,2022-03-18 09:03:01
1647594181998205000,322.0,16,320.0,21,323.0,52,1,2022-03-18 09:03:01
1647594181998205000,322.5,14,320.0,21,323.0,52,1,2022-03-18 09:03:01
1647594181998205000,323.0,13,320.0,21,323.0,52,1,2022-03-18 09:03:01
1647594182035752000,322.0,1,320.0,21,323.0,52,2,2022-03-18 09:03:02
1647594182189698000,321.0,2,320.5,4,322.5,2,1,2022-03-18 09:03:02
1647594182287476000,321.0,3,320.5,2,322.0,2,2,2022-03-18 09:03:02
1647594182289821000,322.0,2,320.5,2,322.5,1,1,2022-03-18 09:03:02
1647594182513935000,321.5,1,320.5,2,323.0,54,1,2022-03-18 09:03:02
1647594182672817000,322.0,1,321.5,1,322.5,2,2,2022-03-18 09:03:02
1647594182852544000,321.0,1,320.5,2,322.0,4,2,2022-03-18 09:03:02
1647594182861580000,322.0,1,320.5,2,322.0,3,1,2022-03-18 09:03:02
1647594183197026000,321.5,1,320.5,1,322.0,5,1,2022-03-18 09:03:03
1647594183203253000,322.0,1,320.5,1,322.0,4,1,2022-03-18 09:03:03
1647594183273106000,322.0,1,320.5,2,322.0,3,1,2022-03-18 09:03:03
1647594183434428000,320.5,2,320.0,4,322.0,3,2,2022-03-18 09:03:03
1647594183434428000,320.0,18,320.0,4,322.0,3,2,2022-03-18 09:03:03
1647594183491702000,321.0,1,320.0,5,322.0,9,2,2022-03-18 09:03:03
1647594183833126000,321.5,1,320.5,1,321.5,1,1,2022-03-18 09:03:03
1647594184133243000,321.0,1,320.5,1,321.5,1,2,2022-03-18 09:03:04
1647594184135552000,321.5,1,320.5,1,322.0,10,1,2022-03-18 09:03:04
1647594184346626000,321.5,1,320.5,2,322.0,10,2,2022-03-18 09:03:04
1647594184349730000,322.0,6,320.5,2,322.0,4,1,2022-03-18 09:03:04
1647594184449710000,322.0,4,320.5,2,322.5,9,1,2022-03-18 09:03:04
1647594184449710000,322.5,4,320.5,2,322.5,9,1,2022-03-18 09:03:04
1647594184597802000,322.5,1,321.0,1,322.5,9,1,2022-03-18 09:03:04
1647594184702871000,322.5,1,321.0,1,322.5,9,1,2022-03-18 09:03:04
1647594185074505000,321.5,1,321.0,1,322.5,12,2,2022-03-18 09:03:05
1647594185092895000,322.5,1,321.0,1,322.5,11,1,2022-03-18 09:03:05
1647594185403915000,320.5,4,320.0,3,322.0,1,2,2022-03-18 09:03:05
1647594185403915000,320.0,1,320.0,3,322.0,1,2,2022-03-18 09:03:05
1647594185485067000,321.5,1,320.5,1,322.0,7,1,2022-03-18 09:03:05
1647594186398108000,322.0,1,320.5,2,322.0,10,1,2022-03-18 09:03:06
1647594187057850000,320.5,1,320.5,1,322.0,13,2,2022-03-18 09:03:07
1647594187487660000,321.0,1,320.5,3,322.0,13,2,2022-03-18 09:03:07
1647594187733565000,321.5,1,320.5,3,322.0,13,1,2022-03-18 09:03:07
1647594187927465000,321.5,1,320.5,3,322.0,13,2,2022-03-18 09:03:07
1647594188387907000,320.5,1,320.5,3,322.0,16,2,2022-03-18 09:03:08
1647594189216361000,321.5,1,320.5,4,322.0,16,2,2022-03-18 09:03:09
1647594189490559000,321.5,1,320.5,9,321.5,2,1,2022-03-18 09:03:09
1647594189778048000,321.5,1,320.5,9,321.5,6,1,2022-03-18 09:03:09
1647594190859188000,321.5,1,320.5,11,321.5,7,1,2022-03-18 09:03:10
1647594190951208000,321.5,3,320.5,11,321.5,5,1,2022-03-18 09:03:10
1647594191045637000,321.0,1,320.5,11,321.5,6,1,2022-03-18 09:03:11
1647594191067133000,320.5,8,320.5,3,321.5,6,2,2022-03-18 09:03:11
1647594191096790000,320.5,3,320.0,9,321.5,6,2,2022-03-18 09:03:11
1647594191715545000,320.5,1,320.0,7,321.0,2,2,2022-03-18 09:03:11
1647594192019759000,321.0,1,320.0,7,321.0,1,1,2022-03-18 09:03:12
1647594192261234000,321.0,1,320.0,7,321.5,9,1,2022-03-18 09:03:12
1647594193304584000,321.0,1,320.0,7,321.5,8,2,2022-03-18 09:03:13
1647594194143524000,321.0,1,321.0,1,321.5,9,2,2022-03-18 09:03:14
1647594194176836000,321.0,1,320.0,8,321.5,9,2,2022-03-18 09:03:14
1647594194572699000,321.0,1,320.5,1,321.5,9,2,2022-03-18 09:03:14
1647594194596761000,320.5,1,320.0,7,321.5,9,2,2022-03-18 09:03:14
1647594195370093000,321.0,1,320.0,7,321.5,9,2,2022-03-18 09:03:15
1647594195709159000,321.5,3,320.0,7,321.5,13,1,2022-03-18 09:03:15
1647594196160470000,321.0,1,320.0,7,321.5,13,2,2022-03-18 09:03:16
1647594196331318000,321.5,1,320.0,7,321.5,12,1,2022-03-18 09:03:16
1647594196882968000,321.0,1,320.5,7,321.5,11,2,2022-03-18 09:03:16
1647594197364331000,321.0,1,320.5,7,321.5,14,1,2022-03-18 09:03:17
1647594197383926000,320.5,5,320.5,2,321.5,14,2,2022-03-18 09:03:17
1647594197417068000,320.5,2,320.0,9,321.5,14,2,2022-03-18 09:03:17
1647594197758464000,321.5,1,320.5,1,321.5,13,1,2022-03-18 09:03:17
1647594198198959000,321.0,1,320.5,2,321.0,1,1,2022-03-18 09:03:18
1647594198307386000,320.5,2,320.0,16,320.5,18,2,2022-03-18 09:03:18
1647594198432975000,320.5,1,320.0,15,320.5,17,1,2022-03-18 09:03:18
1647594198515653000,320.5,1,320.0,15,320.5,16,1,2022-03-18 09:03:18
1647594198821120000,320.0,1,320.0,14,320.5,16,2,2022-03-18 09:03:18
1647594200457974000,320.0,13,320.0,5,320.5,16,2,2022-03-18 09:03:20
1647594200498831000,320.0,5,319.5,3,320.5,16,2,2022-03-18 09:03:20
1647594200609496000,319.5,1,319.5,2,320.0,2,2,2022-03-18 09:03:20
1647594200624015000,320.0,1,319.5,2,320.0,1,1,2022-03-18 09:03:20
1647594200792524000,320.0,1,319.5,2,320.5,17,1,2022-03-18 09:03:20
1647594200804573000,320.5,1,319.5,2,320.5,16,1,2022-03-18 09:03:20
1647594200828468000,320.5,1,319.5,2,320.5,15,1,2022-03-18 09:03:20
1647594200879087000,320.0,1,319.5,2,320.5,14,1,2022-03-18 09:03:20
1647594201135559000,320.5,1,320.0,2,320.5,13,1,2022-03-18 09:03:21
1647594201878710000,320.5,1,320.0,2,320.5,12,1,2022-03-18 09:03:21
1647594202877952000,320.0,3,319.5,3,320.5,17,2,2022-03-18 09:03:22
1647594203004298000,320.5,1,319.5,2,320.5,16,1,2022-03-18 09:03:23
1647594203687155000,320.0,1,320.0,1,320.5,16,2,2022-03-18 09:03:23
1647594203961643000,320.5,1,320.0,1,320.5,15,1,2022-03-18 09:03:23
1647594204104110000,320.5,1,320.0,1,320.5,14,1,2022-03-18 09:03:24
1647594204106248000,320.0,1,319.5,2,320.5,14,2,2022-03-18 09:03:24
1647594204180775000,320.5,1,319.5,2,320.5,13,1,2022-03-18 09:03:24
1647594204251439000,320.0,1,319.5,2,320.5,13,1,2022-03-18 09:03:24
1647594204577889000,320.5,1,319.5,2,320.5,12,1,2022-03-18 09:03:24
1647594204630104000,320.5,1,319.5,2,320.5,11,1,2022-03-18 09:03:24
1647594204930040000,319.5,1,319.5,1,320.5,13,2,2022-03-18 09:03:24
1647594204976966000,320.5,2,319.5,1,320.5,12,1,2022-03-18 09:03:24
1647594205040030000,319.5,1,319.0,10,320.5,11,2,2022-03-18 09:03:25
1647594205207899000,319.5,1,319.0,10,319.5,14,1,2022-03-18 09:03:25
1647594205400553000,319.5,1,319.0,10,319.5,13,1,2022-03-18 09:03:25
1647594205572246000,319.5,1,319.0,10,319.5,12,1,2022-03-18 09:03:25
1647594205830087000,319.5,1,319.0,8,319.5,11,1,2022-03-18 09:03:25
1647594205863330000,319.5,5,319.0,8,319.5,6,1,2022-03-18 09:03:25
1647594205925491000,319.5,1,319.0,8,319.5,6,1,2022-03-18 09:03:25
1647594205932737000,319.5,3,319.0,9,319.5,3,1,2022-03-18 09:03:25
1647594205964690000,319.5,2,319.0,9,319.5,1,1,2022-03-18 09:03:25
1647594205997606000,319.5,1,319.0,9,320.0,2,1,2022-03-18 09:03:25
1647594206096834000,320.0,2,319.0,9,320.0,1,1,2022-03-18 09:03:26
1647594206376796000,320.0,1,319.5,1,320.5,14,1,2022-03-18 09:03:26
1647594206436499000,319.5,1,319.0,9,320.5,14,2,2022-03-18 09:03:26
1647594206613049000,320.5,6,319.0,9,320.5,8,1,2022-03-18 09:03:26
1647594206678621000,319.0,10,318.5,3,320.5,8,2,2022-03-18 09:03:26
1647594206881283000,319.0,1,318.5,4,320.0,1,2,2022-03-18 09:03:26
1647594207051398000,318.5,1,318.5,2,319.5,1,2,2022-03-18 09:03:27
1647594207057338000,318.5,1,318.5,1,319.5,1,2,2022-03-18 09:03:27
1647594207099562000,318.0,1,318.0,13,319.5,2,2,2022-03-18 09:03:27
1647594207145742000,319.0,1,318.0,14,319.0,1,1,2022-03-18 09:03:27
1647594207198694000,318.5,1,318.0,12,319.0,1,2,2022-03-18 09:03:27
1647594207198694000,318.0,1,318.0,12,319.0,1,2,2022-03-18 09:03:27
1647594207218378000,318.0,1,318.0,11,319.0,1,2,2022-03-18 09:03:27
1647594207329095000,319.0,1,318.0,12,319.5,3,1,2022-03-18 09:03:27
1647594207577382000,319.5,1,318.0,12,319.5,1,1,2022-03-18 09:03:27
1647594208168044000,318.5,1,318.0,12,318.5,4,2,2022-03-18 09:03:28
1647594208193222000,318.5,2,318.0,12,318.5,2,1,2022-03-18 09:03:28
1647594208194392000,318.5,2,318.0,11,319.5,1,1,2022-03-18 09:03:28
1647594208218199000,318.0,9,318.0,2,319.5,1,2,2022-03-18 09:03:28
1647594208343372000,318.0,1,318.0,1,319.5,7,2,2022-03-18 09:03:28
1647594208371066000,318.0,1,317.5,8,319.5,6,2,2022-03-18 09:03:28
1647594208785363000,319.5,1,317.5,9,319.5,6,1,2022-03-18 09:03:28
1647594208957531000,319.5,1,318.0,1,319.5,5,1,2022-03-18 09:03:28
1647594209573638000,319.0,1,318.0,2,319.5,5,2,2022-03-18 09:03:29
1647594209611420000,319.5,5,318.0,2,320.5,7,1,2022-03-18 09:03:29
1647594209611420000,320.0,2,318.0,2,320.5,7,1,2022-03-18 09:03:29
1647594209611420000,320.5,3,318.0,2,320.5,7,1,2022-03-18 09:03:29
1647594209923840000,318.5,1,318.5,3,320.0,1,2,2022-03-18 09:03:29
1647594210291572000,318.5,2,317.5,7,319.5,1,2,2022-03-18 09:03:30
1647594210291572000,318.0,2,317.5,7,319.5,1,2,2022-03-18 09:03:30
1647594210291572000,317.5,1,317.5,7,319.5,1,2,2022-03-18 09:03:30
1647594211083648000,319.5,1,317.5,7,319.5,4,1,2022-03-18 09:03:31
1647594211214274000,318.5,1,318.0,1,319.5,4,1,2022-03-18 09:03:31
1647594211353484000,319.5,1,318.0,1,319.5,3,1,2022-03-18 09:03:31
1647594211600525000,319.5,1,318.0,3,319.5,1,1,2022-03-18 09:03:31
1647594211615292000,319.5,1,318.0,3,320.0,3,1,2022-03-18 09:03:31
1647594212884369000,318.5,2,318.0,4,319.0,1,2,2022-03-18 09:03:32
1647594213469023000,318.5,2,318.0,5,319.0,1,2,2022-03-18 09:03:33
1647594213715216000,318.0,1,318.0,4,319.0,3,2,2022-03-18 09:03:33
1647594213818548000,318.0,1,318.0,2,319.0,3,2,2022-03-18 09:03:33
1647594213894141000,318.0,1,318.0,1,319.0,3,2,2022-03-18 09:03:33
1647594213994006000,318.0,1,317.5,7,319.0,4,2,2022-03-18 09:03:33
1647594214054620000,318.5,1,317.5,7,319.0,4,2,2022-03-18 09:03:34
1647594214110015000,317.5,1,317.5,6,319.0,4,2,2022-03-18 09:03:34
1647594214223158000,317.5,1,317.5,5,319.0,4,2,2022-03-18 09:03:34
1647594214470919000,317.5,1,317.5,4,319.0,4,2,2022-03-18 09:03:34
1647594214594376000,318.5,2,317.5,4,319.0,4,2,2022-03-18 09:03:34
1647594215721695000,318.0,1,317.5,3,318.5,3,2,2022-03-18 09:03:35
1647594215799759000,318.5,1,317.5,3,318.5,3,1,2022-03-18 09:03:35
1647594216914459000,318.0,1,317.5,3,318.5,3,2,2022-03-18 09:03:36
1647594217483794000,318.5,1,317.5,4,318.5,2,1,2022-03-18 09:03:37
1647594218402383000,317.5,1,317.5,7,318.5,2,2,2022-03-18 09:03:38
1647594218403689000,317.5,1,317.5,6,318.5,2,2,2022-03-18 09:03:38
1647594219401652000,318.5,1,317.5,7,318.5,1,1,2022-03-18 09:03:39
1647594220647491000,317.5,5,317.5,4,318.5,1,2,2022-03-18 09:03:40
1647594220954195000,318.0,1,317.5,4,318.5,3,2,2022-03-18 09:03:40
1647594221904331000,318.0,1,317.5,5,318.5,3,2,2022-03-18 09:03:41
1647594222535422000,318.5,3,318.5,7,319.0,4,1,2022-03-18 09:03:42
1647594222599745000,318.5,5,318.5,2,319.0,3,2,2022-03-18 09:03:42
1647594222632886000,318.5,1,318.5,1,319.0,4,2,2022-03-18 09:03:42
1647594222665354000,318.5,1,317.5,5,319.0,5,2,2022-03-18 09:03:42
1647594223189042000,319.0,4,317.5,6,319.0,1,1,2022-03-18 09:03:43
1647594223565185000,318.0,1,318.0,1,319.5,9,2,2022-03-18 09:03:43
1647594223876250000,318.0,1,317.5,7,319.5,10,2,2022-03-18 09:03:43
1647594224580572000,318.0,2,317.5,12,318.5,2,2,2022-03-18 09:03:44
1647594224840877000,317.5,1,317.5,10,318.5,3,2,2022-03-18 09:03:44
1647594225669286000,318.0,1,318.0,1,318.5,3,2,2022-03-18 09:03:45
1647594225690890000,318.0,1,317.5,10,318.5,3,2,2022-03-18 09:03:45
1647594226161823000,318.0,1,317.5,10,318.5,4,2,2022-03-18 09:03:46
1647594226643533000,318.0,1,317.5,11,318.5,4,2,2022-03-18 09:03:46
1647594226858385000,318.0,3,318.0,7,318.5,4,2,2022-03-18 09:03:46
1647594228749241000,318.0,9,318.0,4,318.5,6,2,2022-03-18 09:03:48
1647594228909866000,318.5,7,319.0,2,319.5,8,1,2022-03-18 09:03:48
1647594228909866000,319.0,1,319.0,2,319.5,8,1,2022-03-18 09:03:48
1647594228938716000,319.0,2,318.0,5,319.5,8,2,2022-03-18 09:03:48
1647594229407467000,318.0,1,318.0,5,319.5,8,2,2022-03-18 09:03:49
1647594229441954000,319.5,1,318.0,5,319.5,8,1,2022-03-18 09:03:49
1647594229456377000,318.0,5,317.5,15,319.5,8,2,2022-03-18 09:03:49
1647594230015717000,318.5,1,318.0,2,319.5,10,2,2022-03-18 09:03:50
1647594230629101000,319.5,1,318.0,4,319.5,8,1,2022-03-18 09:03:50
1647594231817104000,318.0,5,317.5,21,318.5,1,2,2022-03-18 09:03:51
1647594232307409000,318.0,1,317.5,21,318.5,1,1,2022-03-18 09:03:52
1647594232470257000,318.5,1,318.0,1,319.0,4,1,2022-03-18 09:03:52
1647594232470257000,319.0,1,318.0,1,319.0,4,1,2022-03-18 09:03:52
1647594232481392000,318.0,1,317.5,22,319.0,4,2,2022-03-18 09:03:52
1647594232985170000,318.0,1,318.0,1,319.0,3,2,2022-03-18 09:03:52
1647594233869779000,318.0,1,317.5,22,319.0,4,2,2022-03-18 09:03:53
1647594235504231000,319.0,1,318.0,4,319.0,3,1,2022-03-18 09:03:55
1647594235977860000,318.0,1,318.0,5,319.0,3,2,2022-03-18 09:03:55
1647594236666978000,318.5,1,318.0,8,319.0,2,2,2022-03-18 09:03:56
1647594238288558000,319.0,1,318.0,14,319.0,4,1,2022-03-18 09:03:58
1647594241527262000,318.0,1,318.0,19,319.0,9,2,2022-03-18 09:04:01
1647594241896254000,318.5,1,318.0,27,319.0,9,2,2022-03-18 09:04:01
1647594242491224000,319.0,1,318.0,29,319.0,10,1,2022-03-18 09:04:02
1647594242651750000,319.0,2,318.0,29,319.0,8,1,2022-03-18 09:04:02
1647594244740118000,319.0,2,318.0,35,319.0,7,1,2022-03-18 09:04:04
1647594244872240000,318.5,1,318.0,35,319.0,7,2,2022-03-18 09:04:04
1647594245314876000,318.5,1,318.0,32,319.0,7,2,2022-03-18 09:04:05
1647594245314876000,318.0,5,318.0,32,319.0,7,2,2022-03-18 09:04:05
1647594245348243000,318.0,3,318.0,29,319.0,7,2,2022-03-18 09:04:05
1647594245408734000,318.0,22,318.0,6,318.5,1,2,2022-03-18 09:04:05
1647594245841288000,318.5,2,318.0,8,319.0,9,1,2022-03-18 09:04:05
1647594246493919000,319.0,1,318.0,9,319.0,6,1,2022-03-18 09:04:06
1647594247336116000,318.5,1,318.0,3,319.0,6,2,2022-03-18 09:04:07
1647594247336116000,318.0,9,318.0,3,319.0,6,2,2022-03-18 09:04:07
1647594247345599000,318.0,3,317.5,17,319.0,6,2,2022-03-18 09:04:07
1647594247345599000,317.5,7,317.5,17,319.0,6,2,2022-03-18 09:04:07
1647594247401118000,317.5,9,317.5,8,318.5,13,2,2022-03-18 09:04:07
1647594247401713000,317.5,8,317.0,70,318.5,13,2,2022-03-18 09:04:07
1647594247407924000,317.0,20,317.0,50,318.5,13,2,2022-03-18 09:04:07
1647594247408078000,317.0,10,317.0,40,318.5,13,2,2022-03-18 09:04:07
1647594247442782000,318.0,2,317.0,40,318.5,14,1,2022-03-18 09:04:07
1647594247553747000,318.0,2,317.0,40,318.0,4,1,2022-03-18 09:04:07
1647594247624964000,318.0,1,317.0,40,318.0,2,1,2022-03-18 09:04:07
1647594247685203000,318.0,2,317.0,40,318.0,1,1,2022-03-18 09:04:07
1647594247795832000,318.0,1,317.0,41,318.5,15,2,2022-03-18 09:04:07
1647594247853333000,318.0,1,318.0,1,318.5,14,2,2022-03-18 09:04:07
1647594247866166000,318.0,1,317.0,41,318.5,14,2,2022-03-18 09:04:07
1647594248384391000,318.0,2,317.5,1,318.5,15,2,2022-03-18 09:04:08
1647594248497628000,318.0,2,317.5,1,318.5,15,2,2022-03-18 09:04:08
1647594248622712000,318.0,1,318.0,1,318.5,14,1,2022-03-18 09:04:08
1647594249196256000,318.0,2,317.5,2,318.5,13,2,2022-03-18 09:04:09
1647594249484794000,318.0,2,317.5,2,318.5,17,2,2022-03-18 09:04:09
1647594250325346000,318.0,1,317.5,2,318.5,19,2,2022-03-18 09:04:10
1647594251104280000,317.5,2,317.0,42,318.5,20,2,2022-03-18 09:04:11
1647594251562347000,317.5,1,317.0,42,318.0,1,2,2022-03-18 09:04:11
1647594253118043000,317.5,1,317.0,42,318.0,5,2,2022-03-18 09:04:13
1647594253118068000,317.0,7,317.0,35,318.0,5,2,2022-03-18 09:04:13
1647594253147330000,317.0,8,317.0,27,318.0,6,2,2022-03-18 09:04:13
1647594253303473000,317.0,10,317.0,17,317.5,1,2,2022-03-18 09:04:13
1647594253303618000,317.0,10,317.0,7,317.5,1,2,2022-03-18 09:04:13
1647594253303816000,317.0,7,316.0,7,317.5,1,2,2022-03-18 09:04:13
1647594253303816000,316.5,9,316.0,7,317.5,1,2,2022-03-18 09:04:13
1647594253303816000,316.0,4,316.0,7,317.5,1,2,2022-03-18 09:04:13
1647594253384836000,316.0,7,315.5,6,317.0,4,2,2022-03-18 09:04:13
1647594253384836000,315.5,3,315.5,6,317.0,4,2,2022-03-18 09:04:13
1647594253406016000,317.0,4,315.5,6,317.5,2,1,2022-03-18 09:04:13
1647594253498062000,317.0,1,316.0,2,317.0,3,1,2022-03-18 09:04:13
1647594253553837000,317.0,3,316.0,2,317.5,6,1,2022-03-18 09:04:13
1647594253653955000,316.0,2,315.5,1,317.5,7,2,2022-03-18 09:04:13
1647594253975681000,317.0,3,316.0,2,317.5,7,1,2022-03-18 09:04:13
1647594254091043000,317.5,1,316.0,2,317.5,6,1,2022-03-18 09:04:14
1647594254105963000,316.0,1,316.0,1,317.5,6,2,2022-03-18 09:04:14
1647594254512570000,316.0,7,315.0,22,315.5,2,2,2022-03-18 09:04:14
1647594254545697000,315.5,2,315.0,22,317.5,5,1,2022-03-18 09:04:14
1647594254580807000,315.5,1,315.5,3,317.0,3,2,2022-03-18 09:04:14
1647594254830583000,317.0,3,315.5,4,317.0,1,1,2022-03-18 09:04:14
1647594254971384000,317.0,1,315.5,4,317.5,5,1,2022-03-18 09:04:14
1647594255324134000,316.0,8,315.5,3,317.5,5,2,2022-03-18 09:04:15
1647594255641824000,317.5,1,315.5,4,317.5,5,1,2022-03-18 09:04:15
1647594255952125000,317.5,1,315.5,4,317.5,5,1,2022-03-18 09:04:15
1647594256187312000,317.0,1,315.5,4,317.5,5,1,2022-03-18 09:04:16
1647594256496698000,317.0,1,315.5,4,317.0,1,1,2022-03-18 09:04:16
1647594256604992000,317.0,1,315.5,4,317.5,5,1,2022-03-18 09:04:16
1647594257803503000,317.0,1,315.5,4,317.5,6,1,2022-03-18 09:04:17
1647594258050635000,317.0,1,315.5,4,317.5,6,1,2022-03-18 09:04:18
1647594260299480000,317.0,1,316.0,5,317.5,8,1,2022-03-18 09:04:20
1647594260436892000,317.0,1,316.0,3,317.5,8,2,2022-03-18 09:04:20
1647594260662457000,317.0,1,316.0,2,317.5,8,1,2022-03-18 09:04:20
1647594260755686000,316.0,1,316.0,1,317.5,8,2,2022-03-18 09:04:20
1647594261323530000,316.0,10,315.5,4,317.0,2,1,2022-03-18 09:04:21
1647594262861533000,315.5,6,315.0,23,316.0,1,2,2022-03-18 09:04:22
1647594263773145000,316.0,1,315.5,1,316.5,1,1,2022-03-18 09:04:23
1647594264885359000,315.5,2,315.5,1,316.0,1,2,2022-03-18 09:04:24
1647594264977301000,315.0,1,315.0,22,316.0,1,2,2022-03-18 09:04:24
1647594265006781000,316.0,1,315.0,23,317.0,14,1,2022-03-18 09:04:25
1647594265551813000,316.5,1,315.5,2,316.5,2,1,2022-03-18 09:04:25
1647594266941534000,315.5,2,315.0,24,316.0,16,2,2022-03-18 09:04:26
1647594267179658000,315.0,1,315.0,22,316.0,17,2,2022-03-18 09:04:27
1647594267756211000,315.5,1,315.0,22,316.0,16,2,2022-03-18 09:04:27
1647594268684122000,315.5,1,315.0,22,316.0,18,1,2022-03-18 09:04:28
1647594268859755000,316.0,1,315.0,22,316.0,17,1,2022-03-18 09:04:28
1647594269475320000,315.5,1,315.0,22,315.5,4,1,2022-03-18 09:04:29
1647594269668196000,315.5,1,315.0,22,315.5,4,1,2022-03-18 09:04:29
1647594269976649000,315.0,1,315.0,21,315.5,6,2,2022-03-18 09:04:29
1647594269988665000,315.0,5,315.0,16,315.5,6,2,2022-03-18 09:04:29
1647594270041852000,315.0,16,314.5,1,315.5,8,2,2022-03-18 09:04:30
1647594271685769000,315.0,1,314.5,2,315.5,8,1,2022-03-18 09:04:31
1647594271990518000,315.5,1,314.5,2,315.5,7,1,2022-03-18 09:04:31
1647594273240374000,315.0,1,314.5,2,315.5,7,2,2022-03-18 09:04:33
1647594274287058000,314.5,1,314.5,2,315.0,1,2,2022-03-18 09:04:34
1647594274408546000,315.0,1,314.5,2,315.5,8,1,2022-03-18 09:04:34
1647594274423417000,314.5,1,314.5,1,315.5,8,2,2022-03-18 09:04:34
1647594275396777000,314.5,1,314.0,18,315.0,2,2,2022-03-18 09:04:35
1647594275412186000,314.0,1,314.0,17,315.0,2,2,2022-03-18 09:04:35
1647594275722614000,314.0,1,314.0,16,315.0,3,2,2022-03-18 09:04:35
1647594275745045000,315.0,1,314.0,16,315.0,2,1,2022-03-18 09:04:35
1647594275844949000,314.0,1,314.0,15,315.0,5,2,2022-03-18 09:04:35
1647594276873492000,314.5,1,314.0,15,315.0,5,1,2022-03-18 09:04:36
1647594277147865000,314.0,1,314.0,14,315.0,6,2,2022-03-18 09:04:37
1647594277306027000,314.0,5,314.0,9,315.0,6,2,2022-03-18 09:04:37
1647594277388347000,314.0,2,314.0,7,315.0,6,2,2022-03-18 09:04:37
1647594277989334000,314.5,1,314.0,7,315.0,6,1,2022-03-18 09:04:37
1647594278404458000,314.0,4,314.0,3,315.0,6,2,2022-03-18 09:04:38
1647594278508686000,314.0,1,314.0,2,315.0,7,2,2022-03-18 09:04:38
1647594278547337000,314.0,1,313.5,8,315.0,6,2,2022-03-18 09:04:38
1647594279548544000,314.0,1,313.5,8,314.5,2,1,2022-03-18 09:04:39
1647594280297546000,313.5,1,313.5,8,314.0,1,2,2022-03-18 09:04:40
1647594280489178000,314.0,1,313.5,8,314.5,2,1,2022-03-18 09:04:40
1647594280546730000,313.5,1,313.5,7,314.5,1,2,2022-03-18 09:04:40
1647594280959250000,314.0,1,313.5,7,314.5,2,2,2022-03-18 09:04:40
1647594280966037000,314.5,1,313.5,7,314.5,1,1,2022-03-18 09:04:40
1647594281306776000,314.5,1,313.5,6,315.0,15,1,2022-03-18 09:04:41
1647594281306776000,315.0,9,313.5,6,315.0,15,1,2022-03-18 09:04:41
1647594281451385000,314.0,1,313.5,7,315.0,14,1,2022-03-18 09:04:41
1647594281529255000,314.0,1,313.5,7,315.0,14,1,2022-03-18 09:04:41
1647594282391568000,313.5,1,313.5,6,315.0,14,2,2022-03-18 09:04:42
1647594282676740000,313.5,1,313.5,5,315.0,14,2,2022-03-18 09:04:42
1647594282818792000,313.5,1,313.5,4,315.0,15,2,2022-03-18 09:04:42
1647594282878505000,314.0,2,313.5,3,315.0,15,1,2022-03-18 09:04:42
1647594283406771000,313.5,3,313.0,21,315.0,15,2,2022-03-18 09:04:43
1647594283406771000,313.0,2,313.0,21,315.0,15,2,2022-03-18 09:04:43
1647594283495098000,313.0,1,313.0,20,314.5,1,2,2022-03-18 09:04:43
1647594283499394000,313.0,1,313.0,19,314.5,1,2,2022-03-18 09:04:43
1647594283513864000,314.5,1,313.0,19,315.0,14,1,2022-03-18 09:04:43
1647594283513864000,315.0,1,313.0,19,315.0,14,1,2022-03-18 09:04:43
1647594285037747000,314.0,1,314.0,3,315.0,14,2,2022-03-18 09:04:45
1647594285067593000,314.0,1,314.0,2,315.0,14,2,2022-03-18 09:04:45
1647594285272196000,314.0,2,313.5,6,315.0,15,2,2022-03-18 09:04:45
1647594285294068000,313.5,1,313.5,5,315.0,15,2,2022-03-18 09:04:45
1647594285324052000,313.5,1,313.5,4,315.0,15,2,2022-03-18 09:04:45
1647594285750657000,314.5,1,313.5,5,315.0,15,1,2022-03-18 09:04:45
1647594287628293000,315.0,1,314.0,2,315.0,14,1,2022-03-18 09:04:47
1647594287765414000,314.5,1,314.0,2,315.0,13,1,2022-03-18 09:04:47
1647594289216119000,314.5,1,314.0,5,315.0,13,1,2022-03-18 09:04:49
1647594289238937000,315.0,13,314.0,6,315.5,10,1,2022-03-18 09:04:49
1647594290113206000,314.5,1,314.0,6,315.0,1,2,2022-03-18 09:04:50
1647594290494570000,315.0,1,314.0,10,315.5,9,1,2022-03-18 09:04:50
1647594290594646000,314.5,1,314.0,9,315.5,9,2,2022-03-18 09:04:50
1647594293419720000,315.0,3,314.5,6,315.0,12,1,2022-03-18 09:04:53
1647594293555926000,314.5,1,314.5,5,315.0,12,2,2022-03-18 09:04:53
1647594294071816000,315.0,2,314.5,8,315.0,10,1,2022-03-18 09:04:54
1647594294323055000,315.0,10,314.5,8,315.5,9,1,2022-03-18 09:04:54
1647594294352819000,315.5,9,314.5,8,316.0,4,1,2022-03-18 09:04:54
1647594294425939000,314.5,1,314.5,10,316.0,4,2,2022-03-18 09:04:54
1647594294853163000,314.5,1,314.5,9,316.0,4,2,2022-03-18 09:04:54
1647594295281193000,316.0,3,314.5,10,316.0,1,1,2022-03-18 09:04:55
1647594296232405000,315.0,1,314.5,11,316.0,1,2,2022-03-18 09:04:56
1647594296395944000,315.0,1,314.5,11,316.0,2,1,2022-03-18 09:04:56
1647594296632520000,314.5,1,314.5,10,316.0,2,2,2022-03-18 09:04:56
1647594296789260000,315.0,1,314.5,5,316.0,2,2,2022-03-18 09:04:56
1647594296789260000,314.5,5,314.5,5,316.0,2,2,2022-03-18 09:04:56
1647594296864192000,315.0,1,314.5,5,316.0,3,1,2022-03-18 09:04:56
1647594298693732000,316.0,1,315.0,13,316.0,2,1,2022-03-18 09:04:58
1647594298725173000,316.0,2,315.0,13,316.5,6,1,2022-03-18 09:04:58
1647594299049444000,316.0,1,315.0,14,316.5,6,2,2022-03-18 09:04:59
1647594300009537000,315.0,1,315.0,14,316.5,6,2,2022-03-18 09:05:00
1647594300293090000,315.5,1,315.0,14,316.5,6,2,2022-03-18 09:05:00
1647594300591608000,316.0,1,315.0,14,316.0,1,1,2022-03-18 09:05:00
1647594300752663000,315.0,1,315.0,13,316.0,1,2,2022-03-18 09:05:00
1647594300845265000,316.0,1,315.0,13,316.5,8,1,2022-03-18 09:05:00
1647594301496604000,315.5,1,315.0,14,316.5,7,2,2022-03-18 09:05:01
1647594301836612000,315.0,14,314.5,3,316.0,1,2,2022-03-18 09:05:01
1647594301836612000,314.5,6,314.5,3,316.0,1,2,2022-03-18 09:05:01
1647594302904799000,315.0,1,314.5,3,315.0,1,1,2022-03-18 09:05:02
1647594303195867000,314.5,1,314.5,1,315.0,1,2,2022-03-18 09:05:03
1647594303366074000,315.0,1,314.5,1,315.0,1,1,2022-03-18 09:05:03
1647594303908630000,315.0,1,314.0,10,315.0,1,1,2022-03-18 09:05:03
1647594304538658000,315.0,1,315.0,4,315.5,2,1,2022-03-18 09:05:04
1647594305915596000,315.0,1,315.0,5,315.5,1,2,2022-03-18 09:05:05
1647594305962649000,315.5,1,315.0,5,316.0,4,1,2022-03-18 09:05:05
1647594306130599000,316.0,1,315.0,5,316.0,2,1,2022-03-18 09:05:06
1647594306546832000,315.0,3,315.0,2,316.0,2,2,2022-03-18 09:05:06
1647594306654086000,316.0,2,315.0,2,316.5,9,1,2022-03-18 09:05:06
1647594310114735000,316.0,1,315.0,18,316.5,8,1,2022-03-18 09:05:10
1647594312350110000,316.0,1,315.5,11,316.5,8,1,2022-03-18 09:05:12
1647594312372776000,315.5,8,315.5,3,316.5,8,2,2022-03-18 09:05:12
1647594312406854000,315.5,3,315.0,18,316.5,8,2,2022-03-18 09:05:12
1647594314521067000,316.5,2,316.0,5,316.5,7,1,2022-03-18 09:05:14
1647594315439150000,316.0,4,316.0,2,316.5,7,2,2022-03-18 09:05:15
1647594318224680000,316.5,2,316.0,4,316.5,5,1,2022-03-18 09:05:18
1647594318515776000,316.0,3,316.0,1,316.5,5,2,2022-03-18 09:05:18
1647594319416356000,316.0,1,316.0,1,316.5,5,2,2022-03-18 09:05:19
1647594321577771000,316.0,3,316.0,2,316.5,5,2,2022-03-18 09:05:21
1647594321842508000,316.5,1,316.0,2,316.5,4,1,2022-03-18 09:05:21
1647594322219151000,316.5,1,316.0,2,316.5,3,1,2022-03-18 09:05:22
1647594322322475000,316.5,3,316.0,2,317.0,10,1,2022-03-18 09:05:22
1647594322468191000,317.0,10,316.5,2,318.0,4,1,2022-03-18 09:05:22
1647594323632909000,316.5,1,316.5,4,317.0,3,2,2022-03-18 09:05:23
1647594324466978000,317.0,1,316.5,3,317.0,4,1,2022-03-18 09:05:24
1647594324628717000,316.5,2,316.5,1,317.0,4,2,2022-03-18 09:05:24
1647594325054841000,317.0,1,316.5,1,317.0,3,1,2022-03-18 09:05:25
1647594325122591000,316.5,1,316.0,5,317.0,3,2,2022-03-18 09:05:25
1647594325238586000,317.0,3,316.0,6,317.5,1,1,2022-03-18 09:05:25
1647594325833936000,317.5,1,316.5,1,318.0,5,1,2022-03-18 09:05:25
1647594325833936000,318.0,1,316.5,1,318.0,5,1,2022-03-18 09:05:25
1647594326880422000,318.0,2,317.0,1,318.0,2,1,2022-03-18 09:05:26
1647594327443064000,318.0,1,317.0,1,318.5,5,1,2022-03-18 09:05:27
1647594328033223000,317.0,1,316.5,3,318.5,5,2,2022-03-18 09:05:28
1647594328647926000,318.5,1,316.5,5,318.5,4,1,2022-03-18 09:05:28
1647594329504462000,317.0,1,316.5,6,318.0,1,1,2022-03-18 09:05:29
1647594329528068000,316.5,4,316.5,2,318.0,1,2,2022-03-18 09:05:29
1647594329550166000,316.5,2,316.0,8,318.0,2,2,2022-03-18 09:05:29
1647594330166471000,317.5,1,317.0,2,318.0,2,1,2022-03-18 09:05:30
1647594330411917000,317.5,1,317.0,12,318.0,2,1,2022-03-18 09:05:30
1647594330628138000,318.0,1,317.0,15,318.0,1,1,2022-03-18 09:05:30
1647594332607165000,317.0,10,317.0,4,317.5,1,2,2022-03-18 09:05:32
1647594334251987000,317.5,1,317.0,5,318.0,4,1,2022-03-18 09:05:34
1647594334426983000,317.5,1,317.0,5,318.0,4,1,2022-03-18 09:05:34
1647594336466262000,318.0,1,317.5,1,318.0,4,1,2022-03-18 09:05:36
1647594336657569000,318.0,1,317.5,1,318.0,3,1,2022-03-18 09:05:36
1647594336746428000,317.5,2,317.5,1,318.0,3,2,2022-03-18 09:05:36
1647594336813775000,318.0,1,317.5,1,318.0,2,1,2022-03-18 09:05:36
1647594338147137000,317.5,1,317.5,2,318.0,2,2,2022-03-18 09:05:38
1647594339825430000,317.5,3,317.5,1,318.0,4,2,2022-03-18 09:05:39
1647594341045158000,318.0,1,317.5,28,318.0,3,1,2022-03-18 09:05:41
1647594341080419000,318.0,3,317.5,28,318.5,5,1,2022-03-18 09:05:41
1647594341182059000,318.0,1,317.5,29,318.5,1,1,2022-03-18 09:05:41
1647594341182059000,318.5,4,317.5,29,318.5,1,1,2022-03-18 09:05:41
1647594342890359000,318.0,3,318.0,1,318.5,1,2,2022-03-18 09:05:42
1647594344489663000,318.5,3,318.5,5,319.0,8,1,2022-03-18 09:05:44
1647594344898669000,318.5,1,318.5,4,319.0,8,2,2022-03-18 09:05:44
1647594345115281000,319.0,8,318.5,4,319.5,9,1,2022-03-18 09:05:45
1647594345615712000,319.5,1,319.0,1,319.5,8,1,2022-03-18 09:05:45
1647594345941980000,319.0,1,319.0,1,319.5,8,2,2022-03-18 09:05:45
1647594345945778000,319.0,1,318.5,4,319.5,8,2,2022-03-18 09:05:45
1647594347018811000,319.5,1,319.0,1,319.5,7,1,2022-03-18 09:05:47
1647594347221204000,319.0,1,318.5,6,319.5,7,2,2022-03-18 09:05:47
1647594347921016000,319.5,5,319.0,1,319.5,2,1,2022-03-18 09:05:47
1647594347953690000,319.5,2,319.0,1,320.0,30,1,2022-03-18 09:05:47
1647594347972789000,320.0,1,319.0,1,320.0,29,1,2022-03-18 09:05:47
1647594348509873000,320.0,1,319.0,22,320.0,28,1,2022-03-18 09:05:48
1647594348670979000,320.0,1,319.0,22,320.0,27,1,2022-03-18 09:05:48
1647594348929041000,319.5,1,319.0,22,320.0,27,1,2022-03-18 09:05:48
1647594349328990000,320.0,1,319.0,22,320.0,26,1,2022-03-18 09:05:49
1647594350559849000,320.0,1,319.0,23,320.0,26,1,2022-03-18 09:05:50
1647594352497100000,320.0,2,319.5,1,320.0,24,1,2022-03-18 09:05:52
1647594352513779000,320.0,1,319.5,1,320.0,23,1,2022-03-18 09:05:52
1647594352907729000,320.0,1,319.5,1,320.0,23,1,2022-03-18 09:05:52
1647594353376427000,320.0,1,319.5,1,320.0,22,1,2022-03-18 09:05:53
1647594353468473000,320.0,1,319.5,1,320.0,21,1,2022-03-18 09:05:53
1647594353652382000,320.0,1,319.5,1,320.0,20,1,2022-03-18 09:05:53
1647594354145371000,320.0,1,319.5,1,320.0,19,1,2022-03-18 09:05:54
1647594354354934000,319.5,2,319.5,1,320.0,19,2,2022-03-18 09:05:54
1647594355602550000,320.0,1,319.5,1,320.0,18,1,2022-03-18 09:05:55
1647594356094033000,320.0,1,319.5,1,320.0,17,1,2022-03-18 09:05:56
1647594356580476000,320.0,1,319.5,1,320.0,16,1,2022-03-18 09:05:56
1647594356672140000,320.0,1,319.5,1,320.0,15,1,2022-03-18 09:05:56
1647594357427654000,319.5,2,319.5,1,320.0,16,2,2022-03-18 09:05:57
1647594357811630000,320.0,1,319.5,1,320.0,15,1,2022-03-18 09:05:57
1647594358033057000,320.0,2,319.5,1,320.0,11,1,2022-03-18 09:05:58
1647594358077353000,320.0,1,319.5,1,320.0,10,1,2022-03-18 09:05:58
1647594358257754000,320.0,10,319.5,2,320.5,5,1,2022-03-18 09:05:58
1647594358388911000,319.5,2,319.0,28,320.5,5,2,2022-03-18 09:05:58
1647594358425593000,320.5,1,319.5,1,320.5,5,1,2022-03-18 09:05:58
1647594358858384000,320.5,1,319.5,1,320.5,3,1,2022-03-18 09:05:58
1647594359391447000,320.5,1,320.0,1,320.5,2,1,2022-03-18 09:05:59
1647594359612585000,320.0,1,319.0,28,320.5,2,2,2022-03-18 09:05:59
1647594359612585000,319.5,2,319.0,28,320.5,2,2,2022-03-18 09:05:59
1647594359855587000,320.0,1,319.0,28,320.5,4,1,2022-03-18 09:05:59
1647594359990835000,320.5,1,319.0,28,320.5,2,1,2022-03-18 09:05:59
1647594360040891000,319.0,2,319.0,27,320.5,2,2,2022-03-18 09:06:00
1647594360386167000,320.0,1,319.0,27,320.5,4,2,2022-03-18 09:06:00
1647594361454930000,319.5,2,319.5,1,320.0,1,2,2022-03-18 09:06:01
1647594361755434000,320.0,1,320.0,9,320.5,6,1,2022-03-18 09:06:01
1647594362350711000,320.0,1,320.0,8,320.5,5,2,2022-03-18 09:06:02
1647594362579914000,320.0,1,320.0,9,320.5,5,2,2022-03-18 09:06:02
1647594362585994000,320.0,1,320.0,8,320.5,5,2,2022-03-18 09:06:02
1647594362607576000,320.0,8,319.5,2,320.5,5,2,2022-03-18 09:06:02
1647594362848063000,320.5,3,319.5,2,320.5,3,1,2022-03-18 09:06:02
1647594363403342000,320.5,1,319.5,2,320.5,1,1,2022-03-18 09:06:03
1647594363602895000,319.5,1,319.5,1,320.5,1,2,2022-03-18 09:06:03
1647594364386172000,320.5,1,320.0,1,321.0,9,1,2022-03-18 09:06:04
1647594364445067000,320.5,1,320.0,1,321.0,8,2,2022-03-18 09:06:04
1647594364940006000,320.5,1,320.0,1,320.5,1,1,2022-03-18 09:06:04
1647594365736618000,320.5,1,320.0,5,321.0,8,2,2022-03-18 09:06:05
1647594366152560000,321.0,1,320.0,6,321.0,7,1,2022-03-18 09:06:06
1647594366559674000,320.0,4,320.0,4,320.5,1,2,2022-03-18 09:06:06
1647594366723485000,320.5,1,320.0,4,321.0,7,1,2022-03-18 09:06:06
1647594366723485000,321.0,1,320.0,4,321.0,7,1,2022-03-18 09:06:06
1647594367101897000,321.0,1,320.0,4,321.0,5,1,2022-03-18 09:06:07
1647594367855815000,320.5,1,320.0,6,320.5,2,1,2022-03-18 09:06:07
1647594368963974000,320.5,15,320.0,7,321.0,10,1,2022-03-18 09:06:08
1647594369028063000,320.0,1,320.0,6,321.0,9,2,2022-03-18 09:06:09
1647594369629725000,321.0,1,320.0,8,321.0,8,1,2022-03-18 09:06:09
1647594370771458000,320.0,6,320.0,3,320.5,1,2,2022-03-18 09:06:10
1647594371116723000,320.5,1,320.0,4,321.0,7,1,2022-03-18 09:06:11
1647594371116723000,321.0,3,320.0,4,321.0,7,1,2022-03-18 09:06:11
1647594371864970000,321.0,1,320.0,4,321.0,6,1,2022-03-18 09:06:11
1647594372499205000,320.5,1,320.0,6,321.0,6,2,2022-03-18 09:06:12
1647594373646258000,321.0,1,320.5,1,321.0,8,1,2022-03-18 09:06:13
1647594374213278000,320.5,2,320.5,1,321.0,8,2,2022-03-18 09:06:14
1647594374286674000,320.5,1,320.0,20,321.0,8,2,2022-03-18 09:06:14
1647594374443193000,321.0,3,320.0,20,321.0,5,1,2022-03-18 09:06:14
1647594374837283000,320.5,1,320.0,20,321.0,6,1,2022-03-18 09:06:14
1647594374979100000,321.0,1,320.0,25,321.0,4,1,2022-03-18 09:06:14
1647594375109211000,320.0,1,320.0,25,321.0,4,2,2022-03-18 09:06:15
1647594375323309000,321.0,1,320.0,25,321.0,3,1,2022-03-18 09:06:15
1647594375679061000,321.0,2,320.0,26,321.0,1,1,2022-03-18 09:06:15
1647594376709922000,320.5,1,320.0,29,321.0,1,2,2022-03-18 09:06:16
1647594378211449000,320.5,1,320.5,1,321.0,3,2,2022-03-18 09:06:18
1647594378418503000,321.0,1,320.5,1,321.0,2,1,2022-03-18 09:06:18
1647594378538238000,321.0,1,320.5,2,321.0,1,1,2022-03-18 09:06:18
1647594379156923000,321.0,1,320.5,3,321.0,4,1,2022-03-18 09:06:19
1647594379397990000,320.5,1,320.5,2,321.0,4,2,2022-03-18 09:06:19
1647594379495302000,320.5,2,320.0,29,321.0,5,2,2022-03-18 09:06:19
1647594379569666000,321.0,1,320.0,29,321.0,5,1,2022-03-18 09:06:19
1647594379885343000,321.0,1,320.0,29,321.0,3,1,2022-03-18 09:06:19
1647594380266795000,321.0,1,320.0,29,321.0,2,1,2022-03-18 09:06:20
1647594380461803000,320.5,1,320.0,29,321.0,2,2,2022-03-18 09:06:20
1647594380717922000,321.0,1,320.0,29,321.0,1,1,2022-03-18 09:06:20
1647594381272882000,320.5,1,320.5,1,321.0,2,2,2022-03-18 09:06:21
1647594381335394000,320.5,1,320.0,29,321.0,3,2,2022-03-18 09:06:21
1647594381389911000,320.0,10,320.0,19,321.0,3,2,2022-03-18 09:06:21
1647594381425594000,320.0,4,320.0,15,321.0,4,2,2022-03-18 09:06:21
1647594381426104000,320.0,15,319.5,12,321.0,5,2,2022-03-18 09:06:21
1647594381448756000,319.5,10,319.5,2,320.5,1,2,2022-03-18 09:06:21
1647594381449075000,319.5,2,318.5,9,320.5,1,2,2022-03-18 09:06:21
1647594381449075000,319.0,14,318.5,9,320.5,1,2,2022-03-18 09:06:21
1647594381449075000,318.5,4,318.5,9,320.5,1,2,2022-03-18 09:06:21
1647594381449227000,318.5,9,318.0,17,320.5,1,2,2022-03-18 09:06:21
1647594381449227000,318.0,1,318.0,17,320.5,1,2,2022-03-18 09:06:21
1647594381715893000,319.5,1,318.0,16,320.0,1,1,2022-03-18 09:06:21
1647594381715893000,320.0,1,318.0,16,320.0,1,1,2022-03-18 09:06:21
1647594382343258000,319.5,2,318.5,1,320.0,1,1,2022-03-18 09:06:22
1647594382556702000,320.0,1,318.5,1,320.0,1,1,2022-03-18 09:06:22
1647594382648430000,320.0,1,318.5,3,320.5,9,1,2022-03-18 09:06:22
1647594382733527000,320.5,1,318.5,5,320.5,9,1,2022-03-18 09:06:22
1647594382863460000,320.5,1,319.0,1,320.5,8,1,2022-03-18 09:06:22
1647594382987131000,320.5,1,319.0,2,320.5,7,1,2022-03-18 09:06:22
1647594383896972000,320.0,2,319.0,2,320.5,7,1,2022-03-18 09:06:23
1647594383896972000,320.5,1,319.0,2,320.5,7,1,2022-03-18 09:06:23
1647594384507649000,320.5,1,319.0,1,320.5,6,1,2022-03-18 09:06:24
1647594385930066000,320.5,1,320.0,1,320.5,5,1,2022-03-18 09:06:25
1647594387218207000,320.0,1,320.0,1,320.5,4,2,2022-03-18 09:06:27
1647594387900679000,320.5,1,320.0,3,320.5,3,1,2022-03-18 09:06:27
1647594388075299000,320.5,1,320.0,3,320.5,7,1,2022-03-18 09:06:28
1647594388302613000,320.0,3,319.5,3,320.0,7,2,2022-03-18 09:06:28
1647594388600966000,320.0,1,319.5,2,320.0,6,1,2022-03-18 09:06:28
1647594388891467000,320.0,2,319.5,2,320.0,5,1,2022-03-18 09:06:28
1647594389620412000,320.0,1,319.5,3,320.0,4,1,2022-03-18 09:06:29
1647594390220066000,320.0,1,319.5,4,320.0,3,1,2022-03-18 09:06:30
1647594390299556000,319.5,3,319.5,1,320.0,3,2,2022-03-18 09:06:30
1647594390337187000,319.5,1,319.0,1,320.0,3,2,2022-03-18 09:06:30
1647594391772401000,320.0,1,319.0,1,320.0,6,1,2022-03-18 09:06:31
1647594393366322000,319.0,3,319.0,1,319.5,1,2,2022-03-18 09:06:33
1647594394749543000,319.5,1,319.0,1,319.5,2,1,2022-03-18 09:06:34
1647594395681068000,319.5,1,319.0,1,319.5,1,1,2022-03-18 09:06:35
1647594396561697000,320.0,3,319.0,1,320.0,3,1,2022-03-18 09:06:36
1647594397080894000,319.0,1,319.0,1,319.5,1,2,2022-03-18 09:06:37
1647594400157363000,319.0,2,319.0,1,319.5,2,2,2022-03-18 09:06:40
1647594402059216000,318.5,5,318.0,18,319.0,1,2,2022-03-18 09:06:42
1647594402254105000,319.0,1,318.0,18,319.0,1,1,2022-03-18 09:06:42
1647594402720115000,319.0,2,318.0,18,319.5,2,1,2022-03-18 09:06:42
1647594404806383000,319.5,1,318.5,2,319.5,4,1,2022-03-18 09:06:44
1647594404813611000,318.5,1,318.5,1,319.5,4,2,2022-03-18 09:06:44
1647594408919846000,319.0,1,318.0,19,319.0,9,1,2022-03-18 09:06:48
1647594410423106000,318.5,1,318.0,21,318.5,5,2,2022-03-18 09:06:50
1647594411112956000,318.0,1,318.0,20,318.5,6,2,2022-03-18 09:06:51
1647594411778716000,318.0,1,318.0,19,318.5,6,2,2022-03-18 09:06:51
1647594412361048000,318.0,13,318.0,4,318.5,7,2,2022-03-18 09:06:52
1647594412392108000,318.0,2,318.0,2,318.5,7,2,2022-03-18 09:06:52
1647594412392745000,318.0,2,317.5,4,318.5,7,2,2022-03-18 09:06:52
1647594412492227000,317.5,2,317.5,2,318.0,2,2,2022-03-18 09:06:52
1647594412504324000,318.0,1,317.5,2,318.0,1,1,2022-03-18 09:06:52
1647594412528684000,317.5,2,317.0,17,318.0,1,2,2022-03-18 09:06:52
1647594412537292000,317.0,2,317.0,15,318.0,1,2,2022-03-18 09:06:52
1647594412966853000,318.0,1,317.0,15,318.0,1,1,2022-03-18 09:06:52
1647594412986757000,318.0,1,317.0,15,318.5,8,1,2022-03-18 09:06:52
1647594413072303000,317.5,1,317.5,1,318.5,9,1,2022-03-18 09:06:53
1647594413804670000,317.5,1,317.0,16,318.5,9,2,2022-03-18 09:06:53
1647594413805139000,318.5,1,317.0,16,318.5,8,1,2022-03-18 09:06:53
1647594415748544000,317.5,1,317.0,14,318.0,1,1,2022-03-18 09:06:55
1647594418772504000,317.5,1,317.0,16,318.0,3,2,2022-03-18 09:06:58
1647594421595068000,317.5,1,317.0,19,317.5,2,1,2022-03-18 09:07:01
1647594421880664000,317.0,1,317.0,18,317.5,2,2,2022-03-18 09:07:01
1647594422066409000,317.5,1,317.0,18,317.5,2,1,2022-03-18 09:07:02
1647594423655799000,317.5,1,317.0,19,317.5,1,1,2022-03-18 09:07:03
1647594423842564000,317.0,2,317.0,17,317.5,1,2,2022-03-18 09:07:03
1647594425191887000,317.5,1,317.0,18,317.5,6,1,2022-03-18 09:07:05
1647594426261303000,317.5,1,317.0,20,317.5,5,1,2022-03-18 09:07:06
1647594426792726000,317.5,1,317.0,20,317.5,5,1,2022-03-18 09:07:06
1647594429266446000,317.5,1,317.0,24,317.5,5,1,2022-03-18 09:07:09
1647594429411796000,317.5,1,317.0,24,317.5,4,1,2022-03-18 09:07:09
1647594429458718000,317.0,1,317.0,23,317.5,4,2,2022-03-18 09:07:09
1647594429501920000,317.0,23,316.5,6,317.5,4,2,2022-03-18 09:07:09
1647594429629011000,317.0,2,317.0,1,317.5,6,1,2022-03-18 09:07:09
1647594429661522000,317.0,1,316.5,7,317.5,6,2,2022-03-18 09:07:09
1647594430962554000,317.5,1,316.5,7,317.5,4,1,2022-03-18 09:07:10
1647594432188348000,317.5,2,317.0,1,317.5,2,1,2022-03-18 09:07:12
1647594432316334000,317.5,1,317.0,1,317.5,1,1,2022-03-18 09:07:12
1647594432349072000,317.5,1,317.0,1,318.0,5,1,2022-03-18 09:07:12
1647594436852549000,317.5,1,317.0,2,318.0,5,2,2022-03-18 09:07:16
1647594439290248000,317.5,1,317.0,12,317.5,3,1,2022-03-18 09:07:19
1647594440592129000,317.5,1,317.0,12,317.5,2,1,2022-03-18 09:07:20
1647594440796488000,317.5,1,317.0,12,317.5,1,1,2022-03-18 09:07:20
1647594441227273000,317.5,1,317.0,15,318.0,5,1,2022-03-18 09:07:21
1647594443316418000,317.5,1,317.0,19,318.0,5,1,2022-03-18 09:07:23
1647594443771393000,317.5,3,317.0,12,318.0,5,2,2022-03-18 09:07:23
1647594443771393000,317.0,7,317.0,12,318.0,5,2,2022-03-18 09:07:23
1647594448028612000,317.5,1,317.5,1,318.0,6,2,2022-03-18 09:07:28
1647594450328914000,317.5,1,317.5,2,318.0,6,2,2022-03-18 09:07:30
1647594451437586000,317.5,2,317.0,19,318.0,6,2,2022-03-18 09:07:31
1647594458859494000,317.5,1,317.5,12,318.0,5,2,2022-03-18 09:07:38
1647594459566221000,318.0,2,317.5,12,318.0,4,1,2022-03-18 09:07:39
1647594460244657000,317.5,9,317.5,3,318.0,5,2,2022-03-18 09:07:40
1647594461151225000,318.0,1,317.5,4,318.0,4,1,2022-03-18 09:07:41
1647594462523731000,317.5,1,317.5,7,318.0,4,2,2022-03-18 09:07:42
1647594468686860000,318.0,1,317.5,10,318.0,4,1,2022-03-18 09:07:48
1647594468984885000,317.5,1,317.5,9,318.0,5,2,2022-03-18 09:07:48
1647594476933074000,317.5,2,317.5,17,318.0,8,2,2022-03-18 09:07:56
1647594476992380000,317.5,1,317.5,16,318.0,8,2,2022-03-18 09:07:56
1647594479044433000,318.0,1,317.5,16,318.0,7,1,2022-03-18 09:07:59
1647594479844799000,318.0,1,317.5,16,318.0,7,1,2022-03-18 09:07:59
1647594480131764000,318.0,7,317.5,17,318.5,15,1,2022-03-18 09:08:00
1647594480227207000,318.5,10,317.5,18,318.5,5,1,2022-03-18 09:08:00
1647594480260716000,318.5,3,317.5,17,318.5,2,1,2022-03-18 09:08:00
1647594480294547000,318.5,1,317.5,19,318.5,1,1,2022-03-18 09:08:00
1647594480295756000,318.5,1,318.0,1,319.0,12,1,2022-03-18 09:08:00
1647594481133364000,318.5,1,318.0,1,319.0,12,1,2022-03-18 09:08:01
1647594484264967000,319.0,1,318.5,3,319.0,11,1,2022-03-18 09:08:04
1647594485504111000,319.0,7,318.5,6,319.0,5,1,2022-03-18 09:08:05
1647594485504583000,319.0,5,318.5,6,319.5,12,1,2022-03-18 09:08:05
1647594490844639000,319.0,1,319.0,5,319.5,11,2,2022-03-18 09:08:10
1647594492137549000,319.5,10,319.0,6,319.5,1,1,2022-03-18 09:08:12
1647594492152688000,319.5,1,319.0,6,320.0,18,1,2022-03-18 09:08:12
1647594492862899000,319.5,1,319.5,1,320.0,17,2,2022-03-18 09:08:12
1647594494058514000,320.0,1,319.5,1,320.0,16,1,2022-03-18 09:08:14
1647594495601921000,319.5,1,319.0,11,320.0,20,2,2022-03-18 09:08:15
1647594497165490000,319.0,1,319.0,11,319.5,1,2,2022-03-18 09:08:17
1647594497310326000,319.5,1,319.0,10,320.0,20,1,2022-03-18 09:08:17
1647594498732138000,320.0,1,319.0,12,320.0,19,1,2022-03-18 09:08:18
1647594501429155000,320.0,1,319.5,5,320.0,18,1,2022-03-18 09:08:21
1647594501762150000,320.0,2,319.5,5,320.0,16,1,2022-03-18 09:08:21
1647594502220633000,320.0,1,319.5,8,320.0,16,1,2022-03-18 09:08:22
1647594504169561000,320.0,5,319.5,10,320.0,11,1,2022-03-18 09:08:24
1647594504668770000,320.0,1,319.5,10,320.0,11,1,2022-03-18 09:08:24
1647594505711714000,320.0,1,319.5,11,320.0,11,1,2022-03-18 09:08:25
1647594506077981000,320.0,1,319.5,15,320.0,10,1,2022-03-18 09:08:26
1647594506343604000,320.0,5,319.5,15,320.0,5,1,2022-03-18 09:08:26
1647594506595765000,320.0,1,319.5,15,320.0,5,1,2022-03-18 09:08:26
1647594506994659000,320.0,1,319.5,15,320.0,4,1,2022-03-18 09:08:26
1647594507991846000,320.0,1,319.5,15,320.0,4,1,2022-03-18 09:08:27
1647594508029141000,320.0,1,319.5,15,320.0,3,1,2022-03-18 09:08:28
1647594508295631000,320.0,1,319.5,15,320.0,2,1,2022-03-18 09:08:28
1647594508528480000,320.0,1,319.5,15,320.0,1,1,2022-03-18 09:08:28
1647594509233057000,320.0,1,319.5,15,320.0,3,1,2022-03-18 09:08:29
1647594509244424000,320.0,1,319.5,15,320.0,2,1,2022-03-18 09:08:29
1647594509557850000,320.0,1,319.5,16,320.0,1,1,2022-03-18 09:08:29
1647594509586853000,320.0,1,319.5,16,320.5,3,1,2022-03-18 09:08:29
1647594509795319000,320.0,1,320.0,1,320.5,3,2,2022-03-18 09:08:29
1647594509825527000,320.0,1,319.5,16,320.5,3,2,2022-03-18 09:08:29
1647594510233848000,320.5,1,319.5,15,320.5,4,1,2022-03-18 09:08:30
1647594510343585000,319.5,1,319.5,15,320.5,4,2,2022-03-18 09:08:30
1647594510515731000,320.5,1,319.5,14,320.5,3,1,2022-03-18 09:08:30
1647594512796376000,320.0,1,319.5,15,320.0,3,1,2022-03-18 09:08:32
1647594513798630000,320.0,1,319.5,15,320.0,7,1,2022-03-18 09:08:33
1647594515127886000,320.0,1,319.5,14,320.0,6,1,2022-03-18 09:08:35
1647594516688160000,320.0,1,319.5,15,320.0,5,1,2022-03-18 09:08:36
1647594517755014000,320.0,1,319.5,15,320.0,4,1,2022-03-18 09:08:37
1647594517837371000,320.0,1,319.5,15,320.0,3,1,2022-03-18 09:08:37
1647594518027666000,320.0,1,319.5,15,320.0,2,1,2022-03-18 09:08:38
1647594519088870000,319.5,12,319.5,1,320.0,2,2,2022-03-18 09:08:39
1647594519110751000,319.5,1,319.0,16,320.0,2,2,2022-03-18 09:08:39
1647594519212515000,319.0,15,318.5,8,319.5,3,2,2022-03-18 09:08:39
1647594519314633000,318.5,1,318.5,7,319.5,5,2,2022-03-18 09:08:39
1647594519348143000,318.5,7,318.0,5,319.5,5,2,2022-03-18 09:08:39
1647594519896599000,319.0,1,318.0,20,319.0,2,1,2022-03-18 09:08:39
1647594520083801000,319.0,1,318.0,21,319.0,1,1,2022-03-18 09:08:40
1647594520429769000,319.0,1,318.0,21,319.5,7,1,2022-03-18 09:08:40
1647594520454050000,319.5,1,318.0,21,319.5,6,1,2022-03-18 09:08:40
1647594523923802000,319.0,1,318.0,20,319.5,8,2,2022-03-18 09:08:43
1647594525775141000,319.0,1,318.0,20,319.5,8,2,2022-03-18 09:08:45
1647594526375244000,319.0,1,318.0,20,319.0,3,1,2022-03-18 09:08:46
1647594531990389000,319.0,1,318.5,1,319.0,1,1,2022-03-18 09:08:51
1647594534256067000,319.0,1,318.5,1,319.0,2,1,2022-03-18 09:08:54
1647594535205865000,318.5,1,318.5,1,319.0,4,2,2022-03-18 09:08:55
1647594536725931000,319.0,1,318.5,2,319.0,3,1,2022-03-18 09:08:56
1647594538272723000,318.5,1,318.5,1,319.0,3,2,2022-03-18 09:08:58
1647594539892148000,319.0,2,318.5,2,319.0,1,1,2022-03-18 09:08:59
1647594540912860000,319.0,1,318.5,2,319.5,6,1,2022-03-18 09:09:00
1647594541323345000,318.5,1,318.5,1,319.5,5,2,2022-03-18 09:09:01
1647594549559636000,319.0,4,319.0,2,319.5,9,2,2022-03-18 09:09:09
1647594550771419000,319.0,1,319.0,1,319.5,9,2,2022-03-18 09:09:10
1647594551963763000,319.5,1,319.0,1,319.5,8,1,2022-03-18 09:09:11
1647594552031720000,319.5,1,319.0,1,319.5,7,1,2022-03-18 09:09:12
1647594552166520000,319.0,1,318.5,12,319.5,7,2,2022-03-18 09:09:12
1647594556726833000,319.0,1,318.5,13,319.0,3,1,2022-03-18 09:09:16
1647594557001203000,319.0,1,318.5,13,319.0,2,1,2022-03-18 09:09:17
1647594559561136000,318.5,1,318.5,12,319.0,2,2,2022-03-18 09:09:19
1647594560340495000,319.0,2,319.0,1,319.5,9,1,2022-03-18 09:09:20
1647594560573076000,319.0,1,319.0,1,319.5,8,2,2022-03-18 09:09:20
1647594562645045000,319.0,1,318.5,13,319.5,8,2,2022-03-18 09:09:22
1647594563567385000,319.0,1,319.0,1,319.5,8,2,2022-03-18 09:09:23
1647594563626470000,319.0,1,318.5,13,319.5,8,2,2022-03-18 09:09:23
1647594566471295000,319.0,1,319.0,1,319.5,9,1,2022-03-18 09:09:26
1647594567794539000,319.0,1,318.5,15,319.5,9,2,2022-03-18 09:09:27
1647594569179252000,319.0,1,318.5,15,319.5,10,1,2022-03-18 09:09:29
1647594573162445000,319.5,1,319.0,1,319.5,9,1,2022-03-18 09:09:33
1647594573196843000,319.0,1,318.5,16,319.5,9,2,2022-03-18 09:09:33
1647594573973052000,319.0,1,318.5,16,319.5,9,2,2022-03-18 09:09:33
1647594576428164000,318.5,2,318.5,16,319.5,9,2,2022-03-18 09:09:36
1647594576536191000,318.5,10,318.5,6,319.5,9,2,2022-03-18 09:09:36
1647594576565997000,318.5,6,318.0,31,319.5,11,2,2022-03-18 09:09:36
1647594578083918000,319.0,1,318.0,31,319.0,2,1,2022-03-18 09:09:38
1647594578746412000,319.0,1,318.5,1,319.5,11,1,2022-03-18 09:09:38
1647594580199470000,318.5,1,318.0,32,319.5,11,2,2022-03-18 09:09:40
1647594584058335000,319.0,2,318.0,31,319.0,3,1,2022-03-18 09:09:44
1647594585388424000,319.0,1,318.0,31,319.0,4,1,2022-03-18 09:09:45
1647594587491703000,319.0,1,318.0,31,319.0,2,1,2022-03-18 09:09:47
1647594590230750000,319.0,1,318.0,31,319.0,2,1,2022-03-18 09:09:50
1647594594920669000,319.0,1,318.5,2,319.0,2,1,2022-03-18 09:09:54
1647594598023468000,319.0,1,318.5,6,319.0,2,1,2022-03-18 09:09:58
1647594602420615000,319.0,1,318.5,6,319.0,6,1,2022-03-18 09:10:02
1647594603191396000,319.0,1,318.5,6,319.0,6,1,2022-03-18 09:10:03
1647594604390136000,319.0,2,318.5,6,319.0,5,1,2022-03-18 09:10:04
1647594604633778000,319.0,1,318.5,6,319.0,5,1,2022-03-18 09:10:04
1647594611188912000,319.0,1,318.5,12,319.0,6,1,2022-03-18 09:10:11
1647594612948186000,319.0,1,318.5,12,319.0,5,1,2022-03-18 09:10:12
1647594614507823000,319.0,1,318.5,12,319.0,4,1,2022-03-18 09:10:14
1647594615677196000,319.0,1,318.5,13,319.0,3,1,2022-03-18 09:10:15
1647594617835804000,319.0,1,318.5,13,319.0,2,1,2022-03-18 09:10:17
1647594620153439000,319.0,2,318.5,13,319.0,2,1,2022-03-18 09:10:20
1647594620443725000,319.0,1,318.5,13,319.0,1,1,2022-03-18 09:10:20
1647594621206760000,318.5,1,318.5,12,319.0,1,2,2022-03-18 09:10:21
1647594625898251000,319.0,1,318.5,14,319.0,1,1,2022-03-18 09:10:25
1647594633062760000,319.0,1,318.5,17,319.0,3,1,2022-03-18 09:10:33
1647594637666313000,319.0,1,318.5,20,319.0,4,1,2022-03-18 09:10:37
1647594637981735000,319.0,2,318.5,20,319.0,2,1,2022-03-18 09:10:37
1647594640241472000,319.0,1,318.5,20,319.0,1,1,2022-03-18 09:10:40
1647594643219478000,319.0,1,319.0,1,319.5,11,1,2022-03-18 09:10:43
1647594645077449000,319.0,3,319.0,1,319.5,9,2,2022-03-18 09:10:45
1647594645119222000,319.0,1,318.5,17,319.5,9,2,2022-03-18 09:10:45
1647594648347477000,319.0,1,318.5,18,319.5,10,2,2022-03-18 09:10:48
1647594650263117000,319.5,4,318.5,18,319.5,7,1,2022-03-18 09:10:50
1647594650420394000,319.0,1,319.0,18,319.5,6,2,2022-03-18 09:10:50
1647594650476875000,319.5,4,319.0,18,319.5,2,1,2022-03-18 09:10:50
1647594650652247000,319.5,1,319.0,18,319.5,1,1,2022-03-18 09:10:50
1647594650691591000,319.0,1,319.0,17,319.5,1,2,2022-03-18 09:10:50
1647594655948350000,319.5,1,319.0,23,319.5,1,1,2022-03-18 09:10:55
1647594655971184000,319.5,1,319.0,23,320.0,20,1,2022-03-18 09:10:55
1647594660501603000,319.5,1,319.0,24,320.0,20,1,2022-03-18 09:11:00
1647594664218926000,319.5,2,319.0,27,320.0,22,2,2022-03-18 09:11:04
1647594665416063000,319.5,1,319.0,27,319.5,9,1,2022-03-18 09:11:05
1647594668225806000,319.5,1,319.0,27,319.5,11,1,2022-03-18 09:11:08
1647594668895669000,319.5,10,319.0,27,319.5,1,1,2022-03-18 09:11:08
1647594669134605000,319.5,1,319.0,27,319.5,1,1,2022-03-18 09:11:09
1647594669887447000,319.5,1,319.5,2,320.0,21,1,2022-03-18 09:11:09
1647594674654828000,319.5,1,319.5,5,320.0,21,2,2022-03-18 09:11:14
1647594680760021000,320.0,8,319.5,17,320.0,14,1,2022-03-18 09:11:20
1647594680824755000,320.0,8,319.5,18,320.0,6,1,2022-03-18 09:11:20
1647594680844270000,320.0,6,319.5,19,320.5,10,1,2022-03-18 09:11:20
1647594680901357000,320.5,2,320.0,1,320.5,8,1,2022-03-18 09:11:20
1647594680940246000,320.5,8,320.0,1,321.0,21,1,2022-03-18 09:11:20
1647594681229404000,321.0,5,320.5,6,321.0,15,1,2022-03-18 09:11:21
1647594681267527000,321.0,15,320.5,7,321.5,10,1,2022-03-18 09:11:21
1647594681389667000,321.5,2,321.0,1,321.5,8,1,2022-03-18 09:11:21
1647594681534250000,321.5,1,321.0,1,321.5,7,1,2022-03-18 09:11:21
1647594682552147000,321.5,1,321.0,1,321.5,7,1,2022-03-18 09:11:22
1647594683572319000,321.5,1,320.5,9,321.5,10,1,2022-03-18 09:11:23
1647594684591004000,321.5,1,320.5,9,321.5,9,1,2022-03-18 09:11:24
1647594685608902000,321.5,1,320.5,9,321.5,8,1,2022-03-18 09:11:25
1647594686200788000,321.5,1,320.5,7,321.5,8,1,2022-03-18 09:11:26
1647594686643108000,321.5,1,320.5,8,321.5,7,1,2022-03-18 09:11:26
1647594686770405000,321.5,1,320.5,8,321.5,7,1,2022-03-18 09:11:26
1647594686827737000,320.5,1,320.5,7,321.5,7,2,2022-03-18 09:11:26
1647594691187045000,321.0,1,320.5,6,321.0,4,1,2022-03-18 09:11:31
1647594692555777000,321.0,1,320.5,8,321.0,3,1,2022-03-18 09:11:32
1647594693021936000,321.0,2,320.5,8,321.0,1,1,2022-03-18 09:11:33
1647594693558022000,321.0,1,320.5,10,321.5,12,1,2022-03-18 09:11:33
1647594694562864000,321.5,1,320.5,10,321.5,11,1,2022-03-18 09:11:34
1647594695127814000,321.5,1,320.5,10,321.5,10,1,2022-03-18 09:11:35
1647594698186146000,321.5,10,321.0,12,322.0,62,1,2022-03-18 09:11:38
1647594699493645000,322.0,1,321.5,1,322.0,63,1,2022-03-18 09:11:39
1647594699755659000,321.5,1,321.0,14,322.0,63,2,2022-03-18 09:11:39
1647594700488234000,321.5,1,321.5,2,322.0,62,2,2022-03-18 09:11:40
1647594700742887000,321.5,2,321.5,2,322.0,62,2,2022-03-18 09:11:40
1647594701571831000,321.5,1,321.5,3,322.0,61,2,2022-03-18 09:11:41
1647594702846194000,321.5,1,321.5,2,322.0,61,2,2022-03-18 09:11:42
1647594702895224000,321.5,1,321.5,1,322.0,61,2,2022-03-18 09:11:42
1647594703266810000,321.5,2,321.0,15,321.5,1,2,2022-03-18 09:11:43
1647594703852946000,321.5,1,321.0,15,321.5,1,1,2022-03-18 09:11:43
1647594704134132000,321.5,1,321.0,15,322.0,61,1,2022-03-18 09:11:44
1647594705530134000,321.5,1,321.0,15,322.0,61,2,2022-03-18 09:11:45
1647594705996465000,321.5,1,321.0,15,322.0,61,2,2022-03-18 09:11:45
1647594707027527000,321.5,1,321.0,15,321.5,1,1,2022-03-18 09:11:47
1647594709319405000,322.0,1,321.5,17,322.0,63,1,2022-03-18 09:11:49
1647594710050841000,322.0,1,321.5,17,322.0,63,1,2022-03-18 09:11:50
1647594710508447000,321.5,1,321.5,17,322.0,64,2,2022-03-18 09:11:50
1647594710659213000,321.5,2,321.5,15,322.0,64,2,2022-03-18 09:11:50
1647594710685822000,321.5,15,321.0,17,322.0,64,2,2022-03-18 09:11:50
1647594710971654000,321.5,2,321.0,16,322.0,63,2,2022-03-18 09:11:50
1647594711061730000,321.5,1,321.0,16,322.0,63,2,2022-03-18 09:11:51
1647594711534324000,322.0,1,321.0,16,322.0,62,1,2022-03-18 09:11:51
1647594712157322000,321.0,17,321.0,1,322.0,62,2,2022-03-18 09:11:52
1647594712256229000,321.0,1,320.5,15,321.5,4,2,2022-03-18 09:11:52
1647594712552878000,321.5,1,320.5,15,321.5,3,1,2022-03-18 09:11:52
1647594713534237000,321.5,1,320.5,15,321.5,2,1,2022-03-18 09:11:53
1647594715612204000,321.5,1,320.5,14,321.5,6,1,2022-03-18 09:11:55
1647594716289060000,321.5,1,320.5,13,321.5,11,1,2022-03-18 09:11:56
1647594716915198000,321.5,1,321.0,2,321.5,13,1,2022-03-18 09:11:56
1647594717017223000,321.5,1,321.0,2,321.5,12,1,2022-03-18 09:11:57
1647594718414871000,321.5,1,321.0,2,321.5,13,1,2022-03-18 09:11:58
1647594718540615000,321.5,1,321.0,2,321.5,12,1,2022-03-18 09:11:58
1647594719490006000,321.5,1,321.0,2,321.5,12,1,2022-03-18 09:11:59
1647594720619663000,321.5,1,321.0,2,321.5,11,1,2022-03-18 09:12:00
1647594720826021000,321.5,2,321.0,2,321.5,9,1,2022-03-18 09:12:00
1647594721734949000,321.0,1,321.0,5,321.5,12,2,2022-03-18 09:12:01
1647594722307173000,321.0,1,321.0,5,321.5,12,2,2022-03-18 09:12:02
1647594722368009000,321.5,1,321.0,5,321.5,11,1,2022-03-18 09:12:02
1647594723529612000,321.0,1,321.0,4,321.5,12,2,2022-03-18 09:12:03
1647594723536046000,321.0,1,321.0,3,321.5,12,2,2022-03-18 09:12:03
1647594723784401000,321.5,1,321.0,3,321.5,11,1,2022-03-18 09:12:03
1647594724250052000,321.0,2,321.0,1,321.5,11,2,2022-03-18 09:12:04
1647594724305420000,321.5,1,321.0,1,321.5,10,1,2022-03-18 09:12:04
1647594724961163000,321.5,1,321.0,1,321.5,9,1,2022-03-18 09:12:04
1647594725169368000,321.0,1,320.5,14,321.5,11,2,2022-03-18 09:12:05
1647594725386272000,321.5,1,320.5,13,321.5,10,1,2022-03-18 09:12:05
1647594725413149000,320.5,1,320.5,12,321.5,10,2,2022-03-18 09:12:05
1647594726671581000,321.0,1,320.5,12,321.5,13,2,2022-03-18 09:12:06
1647594726820970000,321.0,1,320.5,12,321.5,14,2,2022-03-18 09:12:06
1647594726909653000,321.0,2,320.5,12,321.5,13,2,2022-03-18 09:12:06
1647594728041636000,321.5,5,320.5,12,321.5,13,1,2022-03-18 09:12:08
1647594731003525000,321.0,2,320.5,12,321.5,20,1,2022-03-18 09:12:11
1647594731924073000,321.0,1,320.5,12,321.5,22,2,2022-03-18 09:12:11
1647594732152472000,321.0,1,320.5,12,321.5,23,2,2022-03-18 09:12:12
1647594732262584000,321.5,1,320.5,12,321.5,23,1,2022-03-18 09:12:12
1647594736699668000,321.5,2,320.5,11,321.5,21,1,2022-03-18 09:12:16
1647594738655620000,321.5,2,320.5,14,321.5,19,1,2022-03-18 09:12:18
1647594740529827000,321.0,2,321.0,1,321.5,20,2,2022-03-18 09:12:20
1647594741928007000,321.5,1,321.0,1,321.5,19,1,2022-03-18 09:12:21
1647594741995347000,321.5,1,321.0,1,321.5,18,1,2022-03-18 09:12:21
1647594742634434000,321.5,1,321.0,1,321.5,17,1,2022-03-18 09:12:22
1647594743400462000,321.5,1,321.0,1,321.5,16,1,2022-03-18 09:12:23
1647594743826935000,321.0,1,321.0,1,321.5,21,2,2022-03-18 09:12:23
1647594743834090000,321.5,1,321.0,1,321.5,20,1,2022-03-18 09:12:23
1647594743874519000,321.5,1,321.0,1,321.5,19,1,2022-03-18 09:12:23
1647594745492787000,321.0,1,321.0,5,321.5,20,2,2022-03-18 09:12:25
1647594745533832000,321.0,1,321.0,4,321.5,20,2,2022-03-18 09:12:25
1647594746923286000,321.0,6,321.0,2,321.5,22,2,2022-03-18 09:12:26
1647594746954891000,321.0,1,321.0,1,321.5,22,2,2022-03-18 09:12:26
1647594749536639000,321.0,5,321.0,10,321.5,22,2,2022-03-18 09:12:29
1647594749991524000,321.0,7,321.0,3,321.5,22,2,2022-03-18 09:12:29
1647594750736713000,321.0,1,321.0,2,321.5,22,2,2022-03-18 09:12:30
1647594752701886000,321.0,1,321.0,13,321.5,23,2,2022-03-18 09:12:32
1647594753062689000,321.0,9,321.0,4,321.5,23,2,2022-03-18 09:12:33
1647594753185733000,321.5,5,321.0,4,321.5,19,1,2022-03-18 09:12:33
1647594753289574000,321.0,1,321.0,3,321.5,19,2,2022-03-18 09:12:33
1647594753951030000,321.0,1,321.0,2,321.5,20,2,2022-03-18 09:12:33
1647594757520827000,321.0,1,321.0,3,321.5,22,2,2022-03-18 09:12:37
1647594758286750000,321.0,1,321.0,3,321.5,23,2,2022-03-18 09:12:38
1647594759925867000,321.0,1,321.0,3,321.5,24,2,2022-03-18 09:12:39
1647594761067584000,321.5,1,321.0,3,321.5,24,1,2022-03-18 09:12:41
1647594761143137000,321.0,1,321.0,2,321.5,24,2,2022-03-18 09:12:41
1647594763317640000,321.0,1,321.0,2,321.5,26,2,2022-03-18 09:12:43
1647594763621339000,321.0,1,321.0,1,321.5,26,2,2022-03-18 09:12:43
1647594763953556000,321.0,1,320.5,17,321.5,26,2,2022-03-18 09:12:43
1647594764661058000,321.0,1,320.5,16,321.5,26,2,2022-03-18 09:12:44
1647594765817124000,321.0,1,320.5,17,321.5,27,2,2022-03-18 09:12:45
1647594768083031000,321.0,1,320.5,23,321.5,27,1,2022-03-18 09:12:48
1647594772581221000,321.0,1,321.0,1,321.5,29,2,2022-03-18 09:12:52
1647594774245454000,321.0,1,320.5,24,321.5,30,2,2022-03-18 09:12:54
1647594774463517000,320.5,1,320.5,23,321.5,30,2,2022-03-18 09:12:54
1647594777532846000,320.5,21,320.5,1,321.0,7,2,2022-03-18 09:12:57
1647594777569156000,320.5,1,320.0,16,321.0,7,2,2022-03-18 09:12:57
1647594778476702000,320.5,1,320.0,16,321.0,13,1,2022-03-18 09:12:58
1647594780864725000,320.0,4,320.0,12,320.5,7,2,2022-03-18 09:13:00
1647594781558644000,320.5,7,320.0,15,321.0,8,1,2022-03-18 09:13:01
1647594783763270000,320.5,1,320.0,14,321.0,9,1,2022-03-18 09:13:03
1647594793828303000,320.5,1,320.0,16,321.0,15,1,2022-03-18 09:13:13
1647594794735924000,320.5,1,320.0,15,321.0,14,2,2022-03-18 09:13:14
1647594798871028000,320.0,1,320.0,16,320.5,1,2,2022-03-18 09:13:18
1647594803231844000,320.5,1,320.0,15,320.5,2,1,2022-03-18 09:13:23
1647594811634790000,320.5,1,320.0,17,320.5,2,1,2022-03-18 09:13:31
1647594813871747000,320.5,1,320.0,20,320.5,1,1,2022-03-18 09:13:33
1647594814122632000,320.0,1,320.0,19,320.5,1,2,2022-03-18 09:13:34
1647594815924821000,320.0,1,320.0,18,320.5,3,2,2022-03-18 09:13:35
1647594817292762000,320.5,1,320.0,18,320.5,2,1,2022-03-18 09:13:37
1647594817650561000,320.0,1,320.0,17,320.5,2,2,2022-03-18 09:13:37
1647594818348648000,320.5,1,320.0,17,320.5,1,1,2022-03-18 09:13:38
1647594819214859000,320.5,1,320.5,1,321.0,14,1,2022-03-18 09:13:39
1647594821690709000,320.5,1,320.5,1,321.0,16,2,2022-03-18 09:13:41
1647594821880200000,320.5,1,320.0,21,320.5,4,2,2022-03-18 09:13:41
1647594821928368000,320.5,4,320.0,20,321.0,11,1,2022-03-18 09:13:41
1647594827275202000,320.5,1,320.0,21,321.0,10,1,2022-03-18 09:13:47
1647594827686929000,320.0,1,320.0,21,321.0,9,2,2022-03-18 09:13:47
1647594830924254000,320.5,1,320.0,23,321.0,7,1,2022-03-18 09:13:50
1647594830924254000,321.0,1,320.0,23,321.0,7,1,2022-03-18 09:13:50
1647594830954570000,321.0,7,320.0,23,321.5,24,1,2022-03-18 09:13:50
1647594832310167000,320.5,1,320.5,3,321.5,21,2,2022-03-18 09:13:52
1647594834712425000,321.5,7,320.5,3,321.5,15,1,2022-03-18 09:13:54
1647594834750568000,320.5,1,320.5,6,321.5,15,2,2022-03-18 09:13:54
1647594834773178000,321.5,8,321.0,1,321.5,7,1,2022-03-18 09:13:54
1647594834777625000,321.5,2,321.0,1,321.5,5,1,2022-03-18 09:13:54
1647594834814474000,321.5,2,320.5,6,321.5,3,1,2022-03-18 09:13:54
1647594834814804000,321.5,3,321.0,1,322.0,60,1,2022-03-18 09:13:54
1647594834871632000,321.5,3,321.5,3,322.0,60,2,2022-03-18 09:13:54
1647594837080179000,322.0,2,321.5,2,322.0,58,1,2022-03-18 09:13:57
1647594837107648000,322.0,19,321.5,4,322.0,39,1,2022-03-18 09:13:57
1647594837139463000,322.0,17,321.5,5,322.0,22,1,2022-03-18 09:13:57
1647594837153427000,322.0,2,321.5,5,322.0,20,1,2022-03-18 09:13:57
1647594837174120000,322.0,7,321.5,5,322.0,13,1,2022-03-18 09:13:57
1647594837174206000,322.0,13,321.5,6,322.5,11,1,2022-03-18 09:13:57
1647594837506297000,322.5,1,322.0,3,322.5,10,1,2022-03-18 09:13:57
1647594837581267000,322.5,8,322.0,3,322.5,2,1,2022-03-18 09:13:57
1647594837584236000,322.0,1,322.0,2,322.5,2,2,2022-03-18 09:13:57
1647594837611837000,322.5,2,322.0,3,323.0,51,1,2022-03-18 09:13:57
1647594837884916000,322.5,1,322.0,4,323.0,51,1,2022-03-18 09:13:57
1647594837923094000,322.0,3,321.5,6,323.0,51,2,2022-03-18 09:13:57
1647594840504688000,323.0,1,322.5,1,323.0,60,1,2022-03-18 09:14:00
1647594841034730000,322.5,1,322.0,7,323.0,59,2,2022-03-18 09:14:01
1647594841075668000,322.0,5,322.0,1,323.0,59,2,2022-03-18 09:14:01
1647594845838163000,322.5,1,322.0,4,322.5,3,1,2022-03-18 09:14:05
1647594847427443000,322.5,1,322.0,4,322.5,4,1,2022-03-18 09:14:07
1647594847914989000,322.0,1,322.0,5,322.5,4,2,2022-03-18 09:14:07
1647594848748309000,322.5,1,322.0,5,322.5,3,1,2022-03-18 09:14:08
1647594850051453000,322.5,1,322.0,5,322.5,2,1,2022-03-18 09:14:10
1647594851060449000,322.5,2,322.0,9,323.0,58,1,2022-03-18 09:14:11
1647594852459082000,322.5,1,322.0,8,322.5,1,1,2022-03-18 09:14:12
1647594853890546000,322.5,1,322.0,7,323.0,58,1,2022-03-18 09:14:13
1647594854133294000,322.5,2,322.5,2,323.0,58,2,2022-03-18 09:14:14
1647594855155808000,322.5,1,322.5,2,323.0,58,2,2022-03-18 09:14:15
1647594856286213000,323.0,1,322.5,2,323.0,56,1,2022-03-18 09:14:16
1647594856866275000,323.0,1,322.5,3,323.0,55,1,2022-03-18 09:14:16
1647594858506328000,323.0,1,322.5,6,323.0,53,1,2022-03-18 09:14:18
1647594858673773000,323.0,1,322.5,6,323.0,52,1,2022-03-18 09:14:18
1647594858875092000,323.0,1,322.5,6,323.0,51,1,2022-03-18 09:14:18
1647594859127885000,323.0,1,322.5,6,323.0,50,1,2022-03-18 09:14:19
1647594861480494000,323.0,1,322.5,9,323.0,50,1,2022-03-18 09:14:21
1647594861650056000,323.0,1,322.5,8,323.0,49,1,2022-03-18 09:14:21
1647594862207352000,323.0,1,322.5,8,323.0,48,1,2022-03-18 09:14:22
1647594863917134000,323.0,2,322.5,8,323.0,47,1,2022-03-18 09:14:23
1647594863936772000,323.0,3,322.5,8,323.0,44,1,2022-03-18 09:14:23
1647594864116802000,323.0,1,322.5,9,323.0,43,1,2022-03-18 09:14:24
1647594864134933000,323.0,1,322.5,9,323.0,42,1,2022-03-18 09:14:24
1647594864538923000,323.0,2,322.5,9,323.0,40,1,2022-03-18 09:14:24
1647594865012882000,323.0,1,322.5,9,323.0,39,1,2022-03-18 09:14:25
1647594865951106000,323.0,1,322.5,9,323.0,39,1,2022-03-18 09:14:25
1647594866009480000,323.0,5,322.5,9,323.0,34,1,2022-03-18 09:14:26
1647594866082033000,323.0,1,322.5,9,323.0,33,1,2022-03-18 09:14:26
1647594866145643000,322.5,6,322.5,3,323.0,33,2,2022-03-18 09:14:26
1647594866146415000,323.0,1,322.5,3,323.0,32,1,2022-03-18 09:14:26
1647594866567550000,323.0,1,322.5,3,323.0,32,1,2022-03-18 09:14:26
1647594866695184000,323.0,10,322.5,3,323.0,22,1,2022-03-18 09:14:26
1647594866830156000,323.0,2,322.5,3,323.0,20,1,2022-03-18 09:14:26
1647594866894276000,323.0,1,322.5,3,323.0,19,1,2022-03-18 09:14:26
1647594866960324000,323.0,19,323.0,7,323.5,7,1,2022-03-18 09:14:26
1647594867051735000,323.5,1,323.0,8,323.5,5,1,2022-03-18 09:14:27
1647594867086604000,323.5,1,323.0,8,323.5,4,1,2022-03-18 09:14:27
1647594867086653000,323.5,1,323.0,8,323.5,3,1,2022-03-18 09:14:27
1647594867099019000,323.5,1,323.0,8,323.5,2,1,2022-03-18 09:14:27
1647594867195669000,323.5,1,323.0,9,323.5,1,1,2022-03-18 09:14:27
1647594867227631000,323.5,1,323.0,9,324.0,17,1,2022-03-18 09:14:27
1647594869210049000,324.0,2,323.5,1,324.0,16,1,2022-03-18 09:14:29
1647594870109261000,324.0,1,323.5,4,324.0,15,1,2022-03-18 09:14:30
1647594871142653000,323.5,1,323.5,5,324.0,13,2,2022-03-18 09:14:31
1647594871775517000,324.0,1,323.5,7,324.0,12,1,2022-03-18 09:14:31
1647594871819275000,324.0,1,323.5,7,324.0,11,1,2022-03-18 09:14:31
1647594872135061000,324.0,1,323.5,7,324.0,9,1,2022-03-18 09:14:32
1647594872385507000,324.0,1,323.5,7,324.0,8,1,2022-03-18 09:14:32
1647594872454658000,324.0,1,323.5,6,324.0,7,1,2022-03-18 09:14:32
1647594872771675000,324.0,1,323.5,6,324.0,6,1,2022-03-18 09:14:32
1647594872773483000,324.0,1,323.5,6,324.0,5,1,2022-03-18 09:14:32
1647594872808146000,324.0,1,323.5,6,324.0,4,1,2022-03-18 09:14:32
1647594872851351000,324.0,1,323.5,7,324.0,3,1,2022-03-18 09:14:32
1647594872886034000,324.0,3,323.5,7,324.5,4,1,2022-03-18 09:14:32
1647594873320831000,324.5,1,324.0,1,324.5,4,1,2022-03-18 09:14:33
1647594873336252000,324.5,1,324.0,1,324.5,3,1,2022-03-18 09:14:33
1647594873984577000,324.5,1,324.0,6,324.5,2,1,2022-03-18 09:14:33
1647594874113656000,324.5,1,324.0,6,325.0,42,1,2022-03-18 09:14:34
1647594874389887000,325.0,5,324.0,7,325.0,38,1,2022-03-18 09:14:34
1647594874496307000,324.0,2,324.0,6,325.0,38,2,2022-03-18 09:14:34
1647594874555854000,324.0,4,324.0,3,325.0,38,2,2022-03-18 09:14:34
1647594875995106000,325.0,1,324.5,2,325.0,38,1,2022-03-18 09:14:35
1647594876355592000,324.5,1,324.5,1,325.0,37,2,2022-03-18 09:14:36
1647594876866064000,324.5,1,324.5,2,325.0,39,2,2022-03-18 09:14:36
1647594877083198000,324.5,1,324.5,2,325.0,39,2,2022-03-18 09:14:37
1647594877794634000,325.0,3,324.5,2,325.0,36,1,2022-03-18 09:14:37
1647594878109662000,324.5,1,324.5,2,325.0,36,2,2022-03-18 09:14:38
1647594878178015000,325.0,2,324.5,2,325.0,34,1,2022-03-18 09:14:38
1647594878929605000,325.0,1,324.5,4,325.0,32,1,2022-03-18 09:14:38
1647594879190385000,325.0,1,324.5,5,325.0,30,1,2022-03-18 09:14:39
1647594879259729000,325.0,2,324.5,6,325.0,28,1,2022-03-18 09:14:39
1647594880123734000,325.0,5,324.5,9,325.0,22,1,2022-03-18 09:14:40
1647594880582341000,325.0,1,324.5,10,325.0,22,1,2022-03-18 09:14:40
1647594880775425000,325.0,1,324.5,10,325.0,21,1,2022-03-18 09:14:40
1647594880816165000,324.5,1,324.5,9,325.0,21,2,2022-03-18 09:14:40
1647594880853861000,324.5,1,324.5,8,325.0,21,2,2022-03-18 09:14:40
1647594880889317000,324.5,1,324.5,7,325.0,21,2,2022-03-18 09:14:40
1647594880929489000,324.5,5,324.5,2,325.0,21,2,2022-03-18 09:14:40
1647594881919834000,325.0,1,324.5,3,325.0,20,1,2022-03-18 09:14:41
1647594882055781000,325.0,1,324.5,5,325.0,19,1,2022-03-18 09:14:42
1647594882141510000,325.0,1,324.5,5,325.0,18,1,2022-03-18 09:14:42
1647594882218693000,325.0,1,324.5,5,325.0,18,1,2022-03-18 09:14:42
1647594882425053000,324.5,1,324.5,6,325.0,19,2,2022-03-18 09:14:42
1647594882463268000,325.0,1,324.5,6,325.0,18,1,2022-03-18 09:14:42
1647594882637442000,325.0,1,324.5,7,325.0,17,1,2022-03-18 09:14:42
1647594882748918000,325.0,1,324.5,8,325.0,16,1,2022-03-18 09:14:42
1647594882818219000,324.5,1,324.5,7,325.0,16,2,2022-03-18 09:14:42
1647594883214093000,325.0,1,324.5,8,325.0,16,1,2022-03-18 09:14:43
1647594883521105000,325.0,1,324.5,9,325.0,15,1,2022-03-18 09:14:43
1647594883548077000,324.5,1,324.5,8,325.0,15,2,2022-03-18 09:14:43
1647594884083360000,324.5,2,324.5,6,325.0,15,2,2022-03-18 09:14:44
1647594884101557000,325.0,1,324.5,6,325.0,14,1,2022-03-18 09:14:44
1647594884266216000,325.0,1,324.5,6,325.0,13,1,2022-03-18 09:14:44
1647594884294003000,325.0,1,324.5,6,325.0,12,1,2022-03-18 09:14:44
1647594884354072000,325.0,12,325.5,2,326.0,31,1,2022-03-18 09:14:44
1647594884354072000,325.5,6,325.5,2,326.0,31,1,2022-03-18 09:14:44
1647594885038940000,325.5,1,325.5,2,326.0,33,2,2022-03-18 09:14:45
1647594885065500000,325.5,1,325.5,1,326.0,33,2,2022-03-18 09:14:45
1647594885201719000,325.5,1,325.0,3,326.0,34,2,2022-03-18 09:14:45
1647594885201719000,325.0,2,325.0,3,326.0,34,2,2022-03-18 09:14:45
1647594885393479000,326.0,1,325.0,3,326.0,34,1,2022-03-18 09:14:45
1647594885671574000,325.5,1,325.0,10,326.0,33,1,2022-03-18 09:14:45
1647594885671574000,326.0,1,325.0,10,326.0,33,1,2022-03-18 09:14:45
1647594886226975000,326.0,1,325.5,1,326.0,32,1,2022-03-18 09:14:46
1647594886914676000,326.0,1,325.5,11,326.0,29,1,2022-03-18 09:14:46
1647594887157493000,325.5,1,325.5,10,326.0,29,2,2022-03-18 09:14:47
1647594887338711000,326.0,1,325.5,11,326.0,28,1,2022-03-18 09:14:47
1647594887483162000,326.0,1,325.5,11,326.0,25,1,2022-03-18 09:14:47
1647594887557273000,325.5,1,325.5,10,326.0,25,2,2022-03-18 09:14:47
1647594887863874000,326.0,1,325.5,10,326.0,24,1,2022-03-18 09:14:47
1647594888032114000,326.0,1,325.5,10,326.0,24,1,2022-03-18 09:14:48
1647594888303112000,326.0,1,325.5,10,326.0,23,1,2022-03-18 09:14:48
1647594888309876000,325.5,10,325.0,24,325.5,17,2,2022-03-18 09:14:48
1647594888317836000,325.5,1,325.0,24,325.5,16,1,2022-03-18 09:14:48
1647594888415139000,325.0,1,325.0,22,325.5,16,2,2022-03-18 09:14:48
1647594888904124000,325.5,2,325.0,22,325.5,14,1,2022-03-18 09:14:48
1647594888978824000,325.5,1,325.0,22,325.5,13,1,2022-03-18 09:14:48
1647594889127140000,325.5,1,325.0,22,325.5,12,1,2022-03-18 09:14:49
1647594889273355000,325.5,1,325.0,22,325.5,11,1,2022-03-18 09:14:49
1647594889410795000,325.5,3,325.0,21,325.5,8,1,2022-03-18 09:14:49
1647594889891886000,325.5,1,325.0,22,325.5,7,1,2022-03-18 09:14:49
1647594890352174000,325.5,1,325.0,22,325.5,7,1,2022-03-18 09:14:50
1647594890386565000,325.5,1,325.0,22,325.5,6,1,2022-03-18 09:14:50
1647594890801332000,325.5,2,325.0,22,325.5,5,1,2022-03-18 09:14:50
1647594890823138000,325.5,1,325.0,22,325.5,4,1,2022-03-18 09:14:50
1647594891201523000,325.5,1,325.0,22,325.5,3,1,2022-03-18 09:14:51
1647594891236103000,325.0,1,325.0,21,325.5,3,2,2022-03-18 09:14:51
1647594891317840000,325.5,1,325.0,21,325.5,2,1,2022-03-18 09:14:51
1647594891331736000,325.5,1,325.0,21,325.5,1,1,2022-03-18 09:14:51
1647594891392361000,325.5,1,325.0,21,326.0,24,1,2022-03-18 09:14:51
1647594891464173000,326.0,1,325.5,1,326.0,24,1,2022-03-18 09:14:51
1647594891639081000,326.0,1,325.5,1,326.0,23,1,2022-03-18 09:14:51
1647594891955560000,325.5,1,325.5,1,326.0,23,2,2022-03-18 09:14:51
1647594892100876000,325.5,1,325.0,35,326.0,24,2,2022-03-18 09:14:52
1647594892107746000,325.0,2,325.0,33,326.0,24,2,2022-03-18 09:14:52
1647594892328498000,326.0,3,325.0,33,326.0,22,1,2022-03-18 09:14:52
1647594892728980000,326.0,1,325.5,1,326.0,26,1,2022-03-18 09:14:52
1647594892824468000,325.5,1,325.0,33,326.0,26,2,2022-03-18 09:14:52
1647594892963352000,326.0,1,325.5,1,326.0,25,1,2022-03-18 09:14:52
1647594893511024000,326.0,1,325.5,4,326.0,25,1,2022-03-18 09:14:53
1647594893791811000,325.5,1,325.5,3,326.0,25,2,2022-03-18 09:14:53
1647594893896165000,326.0,2,325.5,4,326.0,23,1,2022-03-18 09:14:53
1647594894421967000,326.0,1,325.5,9,326.0,22,1,2022-03-18 09:14:54
1647594894482946000,325.5,1,325.5,8,326.0,22,2,2022-03-18 09:14:54
1647594894575027000,326.0,2,325.5,9,326.0,20,1,2022-03-18 09:14:54
1647594894868094000,326.0,5,325.5,10,326.0,16,1,2022-03-18 09:14:54
1647594895036489000,325.5,8,325.5,3,326.0,21,2,2022-03-18 09:14:55
1647594895062258000,326.0,2,325.5,4,326.0,19,1,2022-03-18 09:14:55
1647594895075159000,325.5,1,325.5,3,326.0,19,2,2022-03-18 09:14:55
1647594895324787000,326.0,1,325.5,6,326.0,18,1,2022-03-18 09:14:55
1647594895369797000,326.0,1,325.5,7,326.0,17,1,2022-03-18 09:14:55
1647594895892768000,325.5,1,325.5,11,326.0,18,2,2022-03-18 09:14:55
1647594896488924000,326.0,1,325.5,16,326.0,17,1,2022-03-18 09:14:56
1647594896633761000,326.0,1,325.5,16,326.0,17,1,2022-03-18 09:14:56
1647594897127164000,325.5,1,325.5,18,326.0,17,2,2022-03-18 09:14:57
1647594897499420000,326.0,1,325.5,18,326.0,16,1,2022-03-18 09:14:57
1647594897561304000,326.0,1,325.5,18,326.0,15,1,2022-03-18 09:14:57
1647594897568433000,326.0,1,325.5,18,326.0,14,1,2022-03-18 09:14:57
1647594898045161000,325.5,1,325.5,20,326.0,14,2,2022-03-18 09:14:58
1647594898059501000,326.0,1,325.5,20,326.0,13,1,2022-03-18 09:14:58
1647594898274607000,326.0,1,325.5,19,326.0,12,1,2022-03-18 09:14:58
1647594898323164000,326.0,7,325.5,19,326.0,5,1,2022-03-18 09:14:58
1647594898501364000,325.5,2,325.5,19,326.0,5,2,2022-03-18 09:14:58
1647594898520016000,326.0,1,325.5,19,326.0,4,1,2022-03-18 09:14:58
1647594898790482000,326.0,4,326.0,6,326.5,12,1,2022-03-18 09:14:58
1647594898856250000,326.0,4,326.0,5,326.5,13,2,2022-03-18 09:14:58
1647594899376159000,326.0,1,326.0,6,326.5,14,2,2022-03-18 09:14:59
1647594899741513000,326.0,1,326.0,8,326.5,14,2,2022-03-18 09:14:59
1647594900160424000,326.5,1,326.0,8,326.5,13,1,2022-03-18 09:15:00
1647594900294705000,326.0,5,326.0,5,326.5,13,2,2022-03-18 09:15:00
1647594901099316000,326.0,1,326.0,5,326.5,14,2,2022-03-18 09:15:01
1647594901212566000,326.5,1,326.0,5,326.5,13,1,2022-03-18 09:15:01
1647594901327943000,326.0,5,325.5,29,326.5,13,2,2022-03-18 09:15:01
1647594901420650000,326.5,1,326.0,1,326.5,12,1,2022-03-18 09:15:01
1647594902249478000,326.0,1,325.5,31,326.5,12,2,2022-03-18 09:15:02
1647594902505614000,326.5,1,325.5,31,326.5,12,1,2022-03-18 09:15:02
1647594903438377000,326.0,1,326.0,1,326.5,14,1,2022-03-18 09:15:03
1647594903759070000,326.0,2,326.0,1,326.5,13,2,2022-03-18 09:15:03
1647594903841896000,326.0,1,325.5,27,326.5,12,2,2022-03-18 09:15:03
1647594904159838000,326.0,1,325.5,27,326.5,12,2,2022-03-18 09:15:04
1647594904306224000,325.5,13,325.5,14,326.0,15,2,2022-03-18 09:15:04
1647594904337785000,325.5,14,325.0,35,326.0,15,2,2022-03-18 09:15:04
1647594904372585000,325.0,6,325.0,29,325.5,16,2,2022-03-18 09:15:04
1647594904373735000,325.0,29,324.5,9,325.5,16,2,2022-03-18 09:15:04
1647594904462626000,324.5,6,324.5,3,325.0,4,2,2022-03-18 09:15:04
1647594904484009000,324.5,3,324.0,16,325.0,4,2,2022-03-18 09:15:04
1647594904577550000,325.0,1,324.0,16,325.0,7,1,2022-03-18 09:15:04
1647594904661714000,325.0,1,324.0,16,325.0,6,1,2022-03-18 09:15:04
1647594904784759000,324.5,1,324.0,16,324.5,10,1,2022-03-18 09:15:04
1647594905005269000,324.0,11,324.0,5,324.5,14,2,2022-03-18 09:15:05
1647594905040181000,324.0,2,324.0,3,324.5,14,2,2022-03-18 09:15:05
1647594905042829000,324.0,1,324.0,2,324.5,14,2,2022-03-18 09:15:05
1647594905069668000,324.0,2,323.5,9,324.5,3,2,2022-03-18 09:15:05
1647594905183572000,324.0,1,323.5,9,324.0,2,1,2022-03-18 09:15:05
1647594905399359000,324.0,1,323.5,9,324.0,9,1,2022-03-18 09:15:05
1647594905414251000,323.5,6,323.5,3,324.0,9,2,2022-03-18 09:15:05
1647594905424068000,324.0,1,323.5,3,324.0,8,1,2022-03-18 09:15:05
1647594905443954000,323.5,3,323.0,26,324.0,9,2,2022-03-18 09:15:05
1647594905961387000,324.0,1,323.0,26,324.0,10,1,2022-03-18 09:15:05
1647594906363659000,323.5,1,323.0,26,323.5,4,1,2022-03-18 09:15:06
1647594906534057000,323.5,1,323.0,26,323.5,6,1,2022-03-18 09:15:06
1647594906658782000,323.5,1,323.0,26,323.5,5,1,2022-03-18 09:15:06
1647594906878384000,323.5,1,323.0,26,323.5,4,1,2022-03-18 09:15:06
1647594907167744000,323.5,1,323.0,26,323.5,3,1,2022-03-18 09:15:07
1647594907374264000,323.5,2,323.0,19,323.5,1,1,2022-03-18 09:15:07
1647594907601681000,323.0,4,323.0,14,323.5,1,2,2022-03-18 09:15:07
1647594907677830000,323.0,14,322.0,6,323.5,2,2,2022-03-18 09:15:07
1647594907677830000,322.5,4,322.0,6,323.5,2,2,2022-03-18 09:15:07
1647594908794499000,323.0,1,322.0,8,323.5,5,1,2022-03-18 09:15:08
1647594908941720000,323.5,5,322.0,8,324.0,9,1,2022-03-18 09:15:08
1647594909026111000,323.5,2,322.5,2,324.0,10,2,2022-03-18 09:15:09
1647594909172999000,324.0,1,322.5,2,324.0,8,1,2022-03-18 09:15:09
1647594911640208000,324.0,1,323.5,2,324.0,9,1,2022-03-18 09:15:11
1647594911813802000,324.0,1,323.5,2,324.0,8,1,2022-03-18 09:15:11
1647594912326017000,323.5,1,323.5,1,324.0,9,2,2022-03-18 09:15:12
1647594912394682000,323.5,1,323.0,1,324.0,9,2,2022-03-18 09:15:12
1647594912963292000,324.0,1,323.0,1,324.0,9,1,2022-03-18 09:15:12
1647594913134001000,324.0,1,323.0,1,324.0,8,1,2022-03-18 09:15:13
1647594913722104000,324.0,2,323.0,1,324.0,15,1,2022-03-18 09:15:13
1647594914901910000,324.0,1,323.0,2,324.0,15,1,2022-03-18 09:15:14
1647594915357134000,324.0,1,323.0,2,324.0,14,1,2022-03-18 09:15:15
1647594916902549000,323.5,1,323.0,4,324.0,16,1,2022-03-18 09:15:16
1647594916948916000,324.0,1,323.0,4,324.0,15,1,2022-03-18 09:15:16
1647594917347116000,323.5,1,323.5,1,324.0,14,2,2022-03-18 09:15:17
1647594917754159000,323.5,1,323.0,4,324.0,15,2,2022-03-18 09:15:17
1647594918394561000,324.0,5,323.0,4,324.0,11,1,2022-03-18 09:15:18
1647594918763444000,324.0,1,323.0,4,324.0,9,1,2022-03-18 09:15:18
1647594919069982000,324.0,1,323.5,1,324.0,10,1,2022-03-18 09:15:19
1647594921319183000,324.0,1,323.5,1,324.0,7,1,2022-03-18 09:15:21
1647594922177100000,323.5,1,323.0,6,324.0,7,2,2022-03-18 09:15:22
1647594923168867000,323.5,1,323.0,5,324.0,8,1,2022-03-18 09:15:23
1647594923168867000,324.0,1,323.0,5,324.0,8,1,2022-03-18 09:15:23
1647594923612586000,323.5,1,323.0,5,323.5,1,2,2022-03-18 09:15:23
1647594924483168000,323.5,1,323.0,6,324.0,8,1,2022-03-18 09:15:24
1647594925844165000,323.5,1,323.5,1,324.0,9,2,2022-03-18 09:15:25
1647594925943989000,323.5,1,323.0,11,324.0,9,2,2022-03-18 09:15:25
1647594926236818000,323.5,1,323.0,11,324.0,9,1,2022-03-18 09:15:26
1647594926334444000,324.0,1,323.0,11,324.0,8,1,2022-03-18 09:15:26
1647594926358416000,324.0,1,323.0,11,324.0,7,1,2022-03-18 09:15:26
1647594930235169000,324.0,1,323.5,3,324.0,14,1,2022-03-18 09:15:30
1647594930363229000,324.0,3,323.5,3,324.0,11,1,2022-03-18 09:15:30
1647594930385366000,323.5,2,323.5,1,324.0,11,2,2022-03-18 09:15:30
1647594930688448000,324.0,1,323.5,2,324.0,10,1,2022-03-18 09:15:30
1647594931466301000,324.0,1,323.5,4,324.0,9,1,2022-03-18 09:15:31
1647594932316384000,323.5,2,323.5,2,324.0,10,2,2022-03-18 09:15:32
1647594932952415000,323.5,1,323.5,1,324.0,10,2,2022-03-18 09:15:32
1647594933805302000,324.0,1,323.5,2,324.0,14,1,2022-03-18 09:15:33
1647594934058794000,323.5,1,323.5,1,324.0,15,2,2022-03-18 09:15:34
1647594934591518000,323.5,1,323.0,20,324.0,15,2,2022-03-18 09:15:34
1647594935137145000,323.5,2,323.0,22,324.0,15,2,2022-03-18 09:15:35
1647594935527665000,323.5,1,323.0,22,324.0,15,2,2022-03-18 09:15:35
1647594935655078000,324.0,1,323.0,22,324.0,14,1,2022-03-18 09:15:35
1647594936543023000,323.5,1,323.5,1,324.0,15,2,2022-03-18 09:15:36
1647594937295340000,324.0,1,323.5,1,324.0,15,1,2022-03-18 09:15:37
1647594938423562000,323.5,1,323.5,1,324.0,17,2,2022-03-18 09:15:38
1647594941491440000,323.5,2,323.5,2,324.0,19,2,2022-03-18 09:15:41
1647594942118190000,324.0,19,324.0,1,324.5,5,1,2022-03-18 09:15:42
1647594943183500000,324.0,1,323.5,4,324.5,6,2,2022-03-18 09:15:43
1647594944923431000,323.5,1,323.5,7,324.5,7,2,2022-03-18 09:15:44
1647594945557843000,324.0,1,323.5,6,324.5,7,1,2022-03-18 09:15:45
1647594946604306000,324.0,1,324.0,2,324.5,7,2,2022-03-18 09:15:46
1647594947408653000,324.0,13,323.5,12,324.5,7,2,2022-03-18 09:15:47
1647594948564539000,324.0,1,323.5,14,324.5,8,2,2022-03-18 09:15:48
1647594951496322000,324.5,1,324.0,1,324.5,8,1,2022-03-18 09:15:51
1647594951584900000,324.0,1,324.0,1,324.5,8,2,2022-03-18 09:15:51
1647594951888928000,324.0,1,323.5,20,324.5,8,2,2022-03-18 09:15:51
1647594952100458000,324.5,1,323.5,21,324.5,7,1,2022-03-18 09:15:52
1647594952758708000,324.5,1,324.0,5,324.5,6,1,2022-03-18 09:15:52
1647594952798400000,324.5,5,324.0,5,324.5,1,1,2022-03-18 09:15:52
1647594952859979000,324.5,1,324.0,6,325.0,12,1,2022-03-18 09:15:52
1647594953711345000,324.0,1,324.0,6,325.0,12,2,2022-03-18 09:15:53
1647594954374010000,325.0,1,324.0,7,325.0,12,1,2022-03-18 09:15:54
1647594956315940000,324.0,1,324.0,10,324.5,3,2,2022-03-18 09:15:56
1647594957235129000,324.0,1,324.0,10,324.5,5,2,2022-03-18 09:15:57
1647594957788706000,324.5,1,324.0,11,324.5,4,1,2022-03-18 09:15:57
1647594957951806000,324.5,1,324.0,11,324.5,3,1,2022-03-18 09:15:57
1647594959035423000,324.5,1,324.0,14,324.5,3,1,2022-03-18 09:15:59
1647594960487805000,324.5,1,324.0,21,324.5,7,1,2022-03-18 09:16:00
1647594960526777000,324.5,1,324.0,21,324.5,6,1,2022-03-18 09:16:00
1647594960716725000,324.5,1,324.0,22,324.5,5,1,2022-03-18 09:16:00
1647594961598941000,324.5,3,324.0,22,324.5,3,1,2022-03-18 09:16:01
1647594961628506000,324.5,1,324.0,22,324.5,2,1,2022-03-18 09:16:01
1647594961723712000,324.5,1,324.0,22,324.5,1,1,2022-03-18 09:16:01
1647594962634484000,324.5,2,324.5,3,325.0,11,2,2022-03-18 09:16:02
1647594962694459000,324.5,2,324.5,2,325.0,11,2,2022-03-18 09:16:02
1647594964405275000,324.5,2,324.5,7,325.0,11,2,2022-03-18 09:16:04
1647594964859727000,324.5,1,324.5,10,325.0,10,2,2022-03-18 09:16:04
1647594966038387000,325.0,1,324.5,12,325.0,10,1,2022-03-18 09:16:06
1647594967789117000,324.5,13,324.5,4,325.0,10,2,2022-03-18 09:16:07
1647594968009928000,324.5,3,324.0,22,325.0,10,2,2022-03-18 09:16:08
1647594968131094000,324.0,1,324.0,20,325.0,11,2,2022-03-18 09:16:08
1647594968846823000,324.5,1,324.0,20,324.5,1,1,2022-03-18 09:16:08
1647594968901099000,324.0,2,324.0,18,324.5,1,2,2022-03-18 09:16:08
1647594969926742000,324.5,1,324.0,18,324.5,2,1,2022-03-18 09:16:09
1647594969981305000,324.5,2,324.5,1,325.0,14,1,2022-03-18 09:16:09
1647594970166832000,324.5,1,324.0,19,325.0,13,2,2022-03-18 09:16:10
1647594970943962000,324.0,5,324.0,14,325.0,14,2,2022-03-18 09:16:10
1647594971004710000,324.0,10,324.0,4,325.0,14,2,2022-03-18 09:16:11
1647594971035374000,324.0,4,323.5,17,325.0,14,2,2022-03-18 09:16:11
1647594971608341000,324.5,1,323.5,17,324.5,4,1,2022-03-18 09:16:11
1647594972113003000,324.5,2,324.0,2,324.5,4,1,2022-03-18 09:16:12
1647594972288373000,324.0,2,324.0,3,324.5,2,2,2022-03-18 09:16:12
1647594972885459000,324.5,2,324.0,5,324.5,2,1,2022-03-18 09:16:12
1647594973125759000,324.5,1,324.0,5,324.5,1,1,2022-03-18 09:16:13
1647594973301331000,324.5,1,324.0,5,325.0,13,1,2022-03-18 09:16:13
1647594975943563000,324.5,1,324.5,3,325.0,13,2,2022-03-18 09:16:15
1647594978507987000,324.5,2,324.5,5,325.0,14,2,2022-03-18 09:16:18
1647594981011842000,324.5,2,324.5,9,325.0,14,2,2022-03-18 09:16:21
1647594981336716000,325.0,2,324.5,9,325.0,13,1,2022-03-18 09:16:21
1647594981470047000,324.5,1,324.5,8,325.0,13,2,2022-03-18 09:16:21
1647594982448324000,324.5,1,324.5,7,325.0,13,2,2022-03-18 09:16:22
1647594982503888000,324.5,5,324.5,2,325.0,13,2,2022-03-18 09:16:22
1647594983165985000,324.5,1,324.5,1,325.0,13,2,2022-03-18 09:16:23
1647594985095267000,324.5,1,324.0,8,325.0,13,2,2022-03-18 09:16:25
1647594985940708000,324.5,1,324.0,8,324.5,3,1,2022-03-18 09:16:25
1647594987622421000,324.5,8,324.5,2,325.0,14,1,2022-03-18 09:16:27
1647594988529818000,324.5,5,324.0,6,325.0,12,2,2022-03-18 09:16:28
1647594988529818000,324.0,5,324.0,6,325.0,12,2,2022-03-18 09:16:28
1647594989923724000,324.5,1,324.0,5,325.0,13,2,2022-03-18 09:16:29
1647594990268639000,324.5,1,324.5,4,325.0,13,2,2022-03-18 09:16:30
1647594990655803000,325.0,3,324.5,4,325.0,10,1,2022-03-18 09:16:30
1647594990842931000,324.5,1,324.5,3,325.0,11,2,2022-03-18 09:16:30
1647594991531778000,324.5,1,324.5,2,325.0,12,2,2022-03-18 09:16:31
1647594992933380000,324.5,1,324.5,1,325.0,12,2,2022-03-18 09:16:32
1647594993248742000,325.0,1,324.5,1,325.0,11,1,2022-03-18 09:16:33
1647594993308024000,324.5,1,324.0,6,325.0,10,2,2022-03-18 09:16:33
1647594994312570000,324.5,1,324.0,5,324.5,5,1,2022-03-18 09:16:34
1647594995003389000,324.5,1,324.0,6,324.5,4,1,2022-03-18 09:16:35
1647594995602979000,324.5,1,324.0,6,324.5,4,1,2022-03-18 09:16:35
1647594996173544000,324.5,1,324.0,6,324.5,3,1,2022-03-18 09:16:36
1647594997519565000,324.5,1,324.0,6,324.5,3,1,2022-03-18 09:16:37
1647594997608753000,324.5,1,324.0,6,324.5,2,1,2022-03-18 09:16:37
1647594999093765000,324.5,1,324.0,8,325.0,12,1,2022-03-18 09:16:39
1647595001429629000,325.0,1,324.5,1,325.0,11,1,2022-03-18 09:16:41
1647595001993139000,324.5,1,324.0,9,325.0,11,2,2022-03-18 09:16:41
1647595004323444000,324.0,1,324.0,9,324.5,3,2,2022-03-18 09:16:44
1647595004757349000,324.5,1,324.0,11,324.5,2,1,2022-03-18 09:16:44
1647595004863765000,324.0,5,324.0,6,324.5,2,2,2022-03-18 09:16:44
1647595008125581000,324.0,1,324.0,14,324.5,7,2,2022-03-18 09:16:48
1647595008884365000,324.0,14,323.5,16,324.5,8,2,2022-03-18 09:16:48
1647595009020799000,323.5,15,323.0,26,324.5,13,2,2022-03-18 09:16:49
1647595009373322000,324.0,1,323.0,26,324.0,3,1,2022-03-18 09:16:49
1647595010462773000,324.0,2,323.0,26,324.0,2,1,2022-03-18 09:16:50
1647595012672355000,324.0,1,323.0,26,324.0,3,1,2022-03-18 09:16:52
1647595012776270000,323.0,1,323.0,25,324.0,5,2,2022-03-18 09:16:52
1647595012893895000,323.5,3,323.5,2,324.0,4,2,2022-03-18 09:16:52
1647595012933963000,323.5,2,323.0,25,324.0,6,2,2022-03-18 09:16:52
1647595013437527000,324.0,1,323.0,25,324.0,7,1,2022-03-18 09:16:53
1647595013532500000,323.0,1,323.0,24,324.0,7,2,2022-03-18 09:16:53
1647595013842155000,323.0,1,323.0,23,324.0,9,2,2022-03-18 09:16:53
1647595016258815000,323.0,1,323.0,22,324.0,11,2,2022-03-18 09:16:56
1647595017247789000,323.0,1,323.0,21,324.0,13,2,2022-03-18 09:16:57
1647595017283071000,323.0,20,323.0,1,324.0,13,2,2022-03-18 09:16:57
1647595017303973000,323.0,1,322.5,11,324.0,13,2,2022-03-18 09:16:57
1647595017736269000,322.5,8,322.5,3,323.0,1,2,2022-03-18 09:16:57
1647595017935106000,322.5,1,322.5,2,323.0,3,2,2022-03-18 09:16:57
1647595017951269000,322.5,2,322.0,17,323.0,3,2,2022-03-18 09:16:57
1647595020201331000,322.5,1,322.5,1,323.0,6,2,2022-03-18 09:17:00
1647595021710615000,323.0,1,322.5,1,323.0,5,1,2022-03-18 09:17:01
1647595023299450000,323.0,1,322.5,5,323.0,5,1,2022-03-18 09:17:03
1647595023712160000,322.5,1,322.5,4,323.0,5,2,2022-03-18 09:17:03
1647595024480344000,323.0,1,322.5,5,323.0,2,1,2022-03-18 09:17:04
1647595024517434000,323.0,2,322.5,5,323.5,4,1,2022-03-18 09:17:04
1647595029413278000,322.5,6,322.0,12,323.0,6,2,2022-03-18 09:17:09
1647595029413278000,322.0,4,322.0,12,323.0,6,2,2022-03-18 09:17:09
1647595030534543000,322.5,1,322.0,12,322.5,2,1,2022-03-18 09:17:10
1647595032219664000,322.0,1,322.0,11,322.5,3,2,2022-03-18 09:17:12
