ts,close,volume,bid_price,bid_volume,ask_price,ask_volume,tick_type,datetime
1647594015451327000,986.0,47,986.0,1,987.0,2,0,2022-03-18 09:00:15
1647594015481893000,986.0,1,985.0,4,987.0,2,2,2022-03-18 09:00:15
1647594015629738000,985.0,4,984.0,1,987.0,6,2,2022-03-18 09:00:15
1647594015657837000,984.0,1,982.0,1,986.0,3,2,2022-03-18 09:00:15
1647594017467797000,982.0,1,982.0,1,985.0,2,2,2022-03-18 09:00:17
1647594018600313000,982.0,1,980.0,8,985.0,2,2,2022-03-18 09:00:18
1647594022017595000,980.0,1,980.0,8,983.0,1,2,2022-03-18 09:00:22
1647594022017637000,980.0,1,980.0,7,983.0,1,2,2022-03-18 09:00:22
1647594023809221000,980.0,1,980.0,6,983.0,3,2,2022-03-18 09:00:23
1647594025551500000,980.0,1,980.0,6,983.0,3,2,2022-03-18 09:00:25
1647594027370881000,980.0,1,980.0,6,983.0,3,2,2022-03-18 09:00:27
1647594030001652000,980.0,1,980.0,5,982.0,2,2,2022-03-18 09:00:30
1647594030041703000,980.0,5,978.0,1,982.0,2,2,2022-03-18 09:00:30
1647594030717381000,978.0,1,976.0,5,981.0,2,2,2022-03-18 09:00:30
1647594030717381000,977.0,1,976.0,5,981.0,2,2,2022-03-18 09:00:30
1647594031757023000,979.0,1,976.0,5,979.0,1,1,2022-03-18 09:00:31
1647594033393135000,976.0,1,976.0,3,979.0,3,2,2022-03-18 09:00:33
1647594033426847000,976.0,3,975.0,3,979.0,3,2,2022-03-18 09:00:33
1647594035557911000,979.0,1,975.0,2,979.0,2,1,2022-03-18 09:00:35
1647594040621012000,975.0,1,975.0,6,977.0,1,2,2022-03-18 09:00:40
1647594041599181000,975.0,1,975.0,6,977.0,3,2,2022-03-18 09:00:41
1647594041743373000,977.0,1,975.0,6,977.0,2,1,2022-03-18 09:00:41
1647594046383026000,976.0,1,975.0,6,977.0,6,2,2022-03-18 09:00:46
1647594048677744000,975.0,1,975.0,6,977.0,9,2,2022-03-18 09:00:48
1647594048756334000,976.0,1,975.0,6,977.0,9,2,2022-03-18 09:00:48
1647594050566002000,975.0,1,975.0,5,977.0,10,2,2022-03-18 09:00:50
1647594050603817000,975.0,2,975.0,3,977.0,10,2,2022-03-18 09:00:50
1647594050631388000,975.0,3,973.0,1,977.0,10,2,2022-03-18 09:00:50
1647594051300045000,976.0,2,973.0,1,977.0,5,2,2022-03-18 09:00:51
1647594052014829000,975.0,1,973.0,1,977.0,5,2,2022-03-18 09:00:52
1647594057148139000,974.0,2,974.0,2,976.0,6,2,2022-03-18 09:00:57
1647594058014859000,975.0,1,973.0,1,975.0,2,1,2022-03-18 09:00:58
1647594058428765000,975.0,1,973.0,5,975.0,1,1,2022-03-18 09:00:58
1647594058694150000,973.0,1,973.0,4,975.0,1,2,2022-03-18 09:00:58
1647594061724663000,973.0,1,973.0,3,974.0,9,2,2022-03-18 09:01:01
1647594061742489000,973.0,1,973.0,2,974.0,9,2,2022-03-18 09:01:01
1647594061742531000,973.0,2,972.0,4,974.0,9,2,2022-03-18 09:01:01
1647594062422305000,974.0,9,972.0,4,975.0,3,1,2022-03-18 09:01:02
1647594066572106000,974.0,1,974.0,5,975.0,6,2,2022-03-18 09:01:06
1647594067970009000,974.0,1,974.0,4,975.0,6,2,2022-03-18 09:01:07
1647594068620211000,975.0,1,974.0,4,975.0,5,1,2022-03-18 09:01:08
1647594071744844000,974.0,1,974.0,4,975.0,7,2,2022-03-18 09:01:11
1647594071952292000,975.0,1,974.0,4,975.0,6,1,2022-03-18 09:01:11
1647594080332910000,974.0,1,974.0,6,975.0,8,2,2022-03-18 09:01:20
1647594081722684000,975.0,1,974.0,6,975.0,7,1,2022-03-18 09:01:21
1647594085114977000,974.0,3,974.0,3,975.0,8,2,2022-03-18 09:01:25
1647594085154834000,974.0,1,974.0,2,975.0,9,2,2022-03-18 09:01:25
1647594085194403000,974.0,2,973.0,1,975.0,9,2,2022-03-18 09:01:25
1647594086239700000,975.0,1,973.0,1,975.0,9,1,2022-03-18 09:01:26
1647594088683604000,975.0,1,973.0,1,975.0,11,1,2022-03-18 09:01:28
1647594090079624000,973.0,1,972.0,4,975.0,14,2,2022-03-18 09:01:30
1647594098800358000,973.0,1,972.0,6,974.0,5,1,2022-03-18 09:01:38
1647594107284824000,972.0,5,972.0,2,973.0,10,2,2022-03-18 09:01:47
1647594107314577000,972.0,2,971.0,5,973.0,10,2,2022-03-18 09:01:47
1647594107380200000,971.0,5,970.0,10,972.0,6,2,2022-03-18 09:01:47
1647594107440238000,970.0,4,970.0,6,971.0,3,2,2022-03-18 09:01:47
1647594107471730000,970.0,1,970.0,5,971.0,3,2,2022-03-18 09:01:47
1647594107475177000,970.0,1,970.0,4,971.0,3,2,2022-03-18 09:01:47
1647594107502478000,970.0,1,970.0,3,971.0,3,2,2022-03-18 09:01:47
1647594107503052000,970.0,3,969.0,2,971.0,3,2,2022-03-18 09:01:47
1647594108422822000,969.0,2,968.0,2,971.0,5,2,2022-03-18 09:01:48
1647594108534412000,971.0,1,968.0,2,971.0,5,1,2022-03-18 09:01:48
1647594109367214000,968.0,2,966.0,3,971.0,5,2,2022-03-18 09:01:49
1647594109790883000,967.0,1,965.0,2,970.0,2,2,2022-03-18 09:01:49
1647594109790883000,966.0,4,965.0,2,970.0,2,2,2022-03-18 09:01:49
1647594109790883000,965.0,1,965.0,2,970.0,2,2,2022-03-18 09:01:49
1647594110269506000,969.0,1,965.0,2,969.0,1,1,2022-03-18 09:01:50
1647594110291079000,965.0,1,965.0,1,969.0,1,2,2022-03-18 09:01:50
1647594111221610000,965.0,1,961.0,3,964.0,4,2,2022-03-18 09:01:51
1647594111245506000,964.0,4,961.0,3,968.0,4,1,2022-03-18 09:01:51
1647594111382481000,964.0,1,962.0,4,968.0,3,1,2022-03-18 09:01:51
1647594112303416000,966.0,1,962.0,4,968.0,3,2,2022-03-18 09:01:52
1647594113585782000,966.0,1,964.0,4,968.0,1,1,2022-03-18 09:01:53
1647594118761727000,966.0,1,966.0,2,968.0,4,2,2022-03-18 09:01:58
1647594121315453000,966.0,2,966.0,3,968.0,4,2,2022-03-18 09:02:01
1647594122434641000,966.0,1,966.0,5,968.0,7,2,2022-03-18 09:02:02
1647594123125659000,966.0,1,966.0,1,968.0,7,2,2022-03-18 09:02:03
1647594124389399000,966.0,1,966.0,6,968.0,8,2,2022-03-18 09:02:04
1647594126360590000,966.0,1,966.0,5,968.0,8,2,2022-03-18 09:02:06
1647594126689909000,966.0,1,966.0,4,968.0,9,2,2022-03-18 09:02:06
1647594127105123000,966.0,1,966.0,4,968.0,9,2,2022-03-18 09:02:07
1647594127625118000,966.0,1,966.0,3,968.0,9,2,2022-03-18 09:02:07
1647594130335306000,966.0,1,966.0,2,967.0,5,2,2022-03-18 09:02:10
1647594130677793000,966.0,1,966.0,1,967.0,6,2,2022-03-18 09:02:10
1647594130711685000,966.0,1,965.0,2,967.0,6,2,2022-03-18 09:02:10
1647594131479710000,965.0,1,965.0,1,966.0,1,2,2022-03-18 09:02:11
1647594131541752000,966.0,1,966.0,1,967.0,11,1,2022-03-18 09:02:11
1647594132156862000,966.0,1,964.0,3,967.0,12,2,2022-03-18 09:02:12
1647594132156862000,965.0,1,964.0,3,967.0,12,2,2022-03-18 09:02:12
1647594135742548000,966.0,1,965.0,2,966.0,1,1,2022-03-18 09:02:15
1647594137102380000,966.0,5,965.0,4,967.0,11,1,2022-03-18 09:02:17
1647594140324645000,966.0,1,965.0,4,966.0,1,1,2022-03-18 09:02:20
1647594140357285000,966.0,1,965.0,4,967.0,11,1,2022-03-18 09:02:20
1647594141159821000,966.0,1,966.0,1,967.0,11,2,2022-03-18 09:02:21
1647594141458751000,966.0,1,966.0,1,967.0,11,2,2022-03-18 09:02:21
1647594141709790000,966.0,1,964.0,2,967.0,11,2,2022-03-18 09:02:21
1647594141709790000,965.0,4,964.0,2,967.0,11,2,2022-03-18 09:02:21
1647594146895038000,965.0,6,964.0,2,966.0,3,2,2022-03-18 09:02:26
1647594147621799000,965.0,1,964.0,3,965.0,2,1,2022-03-18 09:02:27
1647594148614730000,965.0,1,964.0,3,965.0,1,1,2022-03-18 09:02:28
1647594148785437000,965.0,1,964.0,3,965.0,1,1,2022-03-18 09:02:28
1647594148974696000,965.0,1,964.0,3,966.0,6,1,2022-03-18 09:02:28
1647594149443473000,964.0,1,964.0,2,966.0,6,2,2022-03-18 09:02:29
1647594150523159000,964.0,1,964.0,1,965.0,1,2,2022-03-18 09:02:30
1647594150580037000,964.0,1,963.0,1,964.0,2,2,2022-03-18 09:02:30
1647594150750328000,964.0,1,963.0,1,964.0,1,1,2022-03-18 09:02:30
1647594152185757000,964.0,1,963.0,1,965.0,2,1,2022-03-18 09:02:32
1647594154076352000,963.0,1,963.0,1,965.0,2,2,2022-03-18 09:02:34
1647594154591353000,963.0,1,960.0,5,964.0,1,2,2022-03-18 09:02:34
1647594154591353000,962.0,1,960.0,5,964.0,1,2,2022-03-18 09:02:34
1647594154591353000,961.0,1,960.0,5,964.0,1,2,2022-03-18 09:02:34
1647594156468445000,963.0,1,960.0,6,964.0,3,1,2022-03-18 09:02:36
1647594159166563000,960.0,3,960.0,3,964.0,4,2,2022-03-18 09:02:39
1647594160609103000,961.0,1,960.0,4,961.0,1,2,2022-03-18 09:02:40
1647594161575412000,960.0,2,960.0,1,961.0,1,2,2022-03-18 09:02:41
1647594162398412000,960.0,1,958.0,2,961.0,1,2,2022-03-18 09:02:42
1647594163038960000,960.0,1,958.0,2,961.0,1,2,2022-03-18 09:02:43
1647594163569887000,958.0,2,956.0,3,961.0,1,2,2022-03-18 09:02:43
1647594163569887000,957.0,1,956.0,3,961.0,1,2,2022-03-18 09:02:43
1647594163704520000,960.0,1,957.0,1,961.0,1,1,2022-03-18 09:02:43
1647594164480544000,960.0,1,957.0,1,961.0,1,1,2022-03-18 09:02:44
1647594164956834000,960.0,1,957.0,1,961.0,2,2,2022-03-18 09:02:44
1647594165216267000,960.0,1,957.0,1,961.0,2,1,2022-03-18 09:02:45
1647594165504340000,959.0,3,957.0,1,960.0,4,1,2022-03-18 09:02:45
1647594165504340000,960.0,1,957.0,1,960.0,4,1,2022-03-18 09:02:45
1647594165758565000,960.0,4,957.0,1,961.0,2,1,2022-03-18 09:02:45
1647594166633945000,960.0,1,957.0,3,961.0,5,1,2022-03-18 09:02:46
1647594167304179000,961.0,3,958.0,1,961.0,2,1,2022-03-18 09:02:47
1647594167347562000,961.0,2,958.0,1,962.0,1,1,2022-03-18 09:02:47
1647594167459944000,960.0,1,959.0,3,962.0,2,1,2022-03-18 09:02:47
1647594168479931000,962.0,1,959.0,1,962.0,1,1,2022-03-18 09:02:48
1647594171398831000,962.0,4,960.0,1,963.0,4,1,2022-03-18 09:02:51
1647594174266399000,962.0,1,962.0,3,963.0,8,2,2022-03-18 09:02:54
1647594175757590000,962.0,3,961.0,1,963.0,8,2,2022-03-18 09:02:55
1647594177192973000,961.0,1,960.0,3,963.0,8,2,2022-03-18 09:02:57
1647594177732900000,962.0,1,960.0,4,963.0,8,2,2022-03-18 09:02:57
1647594181178108000,962.0,1,960.0,5,962.0,2,1,2022-03-18 09:03:01
1647594183527972000,961.0,1,960.0,6,962.0,6,2,2022-03-18 09:03:03
1647594184880052000,961.0,1,960.0,5,962.0,8,1,2022-03-18 09:03:04
1647594187744389000,961.0,1,961.0,4,962.0,9,2,2022-03-18 09:03:07
1647594187801128000,961.0,1,961.0,3,962.0,9,2,2022-03-18 09:03:07
1647594189575376000,961.0,1,961.0,5,962.0,9,2,2022-03-18 09:03:09
1647594191715602000,961.0,1,961.0,4,962.0,10,2,2022-03-18 09:03:11
1647594193304563000,961.0,3,961.0,2,962.0,10,2,2022-03-18 09:03:13
1647594194364399000,962.0,1,961.0,2,962.0,10,1,2022-03-18 09:03:14
1647594195107868000,961.0,1,961.0,1,962.0,10,2,2022-03-18 09:03:15
1647594195211619000,961.0,1,960.0,9,961.0,1,2,2022-03-18 09:03:15
1647594198689884000,960.0,3,960.0,8,961.0,5,2,2022-03-18 09:03:18
1647594199059032000,960.0,1,960.0,7,961.0,7,2,2022-03-18 09:03:19
1647594199839139000,960.0,1,960.0,6,961.0,9,2,2022-03-18 09:03:19
1647594199872280000,960.0,6,959.0,1,961.0,9,2,2022-03-18 09:03:19
1647594199987343000,960.0,4,959.0,1,961.0,9,1,2022-03-18 09:03:19
1647594201893580000,960.0,1,959.0,1,961.0,11,1,2022-03-18 09:03:21
1647594203426863000,960.0,1,959.0,1,961.0,11,2,2022-03-18 09:03:23
1647594203536621000,960.0,1,959.0,1,961.0,11,1,2022-03-18 09:03:23
1647594203633464000,959.0,1,958.0,3,959.0,1,2,2022-03-18 09:03:23
1647594203759300000,959.0,1,958.0,2,961.0,11,1,2022-03-18 09:03:23
1647594204849581000,960.0,1,958.0,2,961.0,12,1,2022-03-18 09:03:24
1647594206046895000,960.0,1,958.0,2,961.0,13,1,2022-03-18 09:03:26
1647594206237824000,960.0,1,958.0,2,961.0,13,1,2022-03-18 09:03:26
1647594208286620000,960.0,1,958.0,3,961.0,14,2,2022-03-18 09:03:28
1647594211929437000,960.0,1,959.0,2,961.0,17,1,2022-03-18 09:03:31
1647594212484947000,960.0,1,959.0,2,961.0,18,1,2022-03-18 09:03:32
1647594214095492000,960.0,1,959.0,3,961.0,20,1,2022-03-18 09:03:34
1647594214145330000,959.0,1,959.0,2,960.0,1,2,2022-03-18 09:03:34
1647594214315672000,960.0,1,959.0,2,961.0,20,1,2022-03-18 09:03:34
1647594215656497000,960.0,1,959.0,4,961.0,19,1,2022-03-18 09:03:35
1647594216248477000,960.0,1,959.0,4,961.0,19,1,2022-03-18 09:03:36
1647594216359767000,959.0,1,959.0,3,961.0,19,2,2022-03-18 09:03:36
1647594217896785000,959.0,1,959.0,2,961.0,20,2,2022-03-18 09:03:37
1647594219575819000,960.0,1,959.0,2,961.0,19,1,2022-03-18 09:03:39
1647594220103916000,960.0,1,959.0,2,961.0,19,1,2022-03-18 09:03:40
1647594221125387000,960.0,1,959.0,2,961.0,18,1,2022-03-18 09:03:41
1647594221332947000,960.0,1,959.0,2,960.0,3,1,2022-03-18 09:03:41
1647594221357786000,960.0,3,959.0,2,961.0,15,1,2022-03-18 09:03:41
1647594221402839000,960.0,1,959.0,2,961.0,15,1,2022-03-18 09:03:41
1647594222055422000,960.0,1,959.0,2,961.0,15,1,2022-03-18 09:03:42
1647594222503667000,959.0,1,959.0,1,961.0,15,2,2022-03-18 09:03:42
1647594222531184000,959.0,1,958.0,4,961.0,15,2,2022-03-18 09:03:42
1647594223692902000,960.0,2,958.0,5,961.0,15,1,2022-03-18 09:03:43
1647594224712333000,960.0,1,958.0,5,961.0,15,1,2022-03-18 09:03:44
1647594225124783000,960.0,1,958.0,5,961.0,15,1,2022-03-18 09:03:45
1647594229127366000,960.0,1,958.0,4,961.0,15,1,2022-03-18 09:03:49
1647594234093837000,960.0,1,958.0,5,961.0,16,1,2022-03-18 09:03:54
1647594236318483000,960.0,1,958.0,7,961.0,16,1,2022-03-18 09:03:56
1647594238204373000,960.0,1,959.0,1,961.0,16,1,2022-03-18 09:03:58
1647594239148704000,960.0,1,959.0,1,961.0,16,1,2022-03-18 09:03:59
1647594242301591000,960.0,1,959.0,2,961.0,17,2,2022-03-18 09:04:02
1647594246296909000,960.0,1,959.0,1,961.0,17,2,2022-03-18 09:04:06
1647594246296909000,959.0,2,959.0,1,961.0,17,2,2022-03-18 09:04:06
1647594246402199000,960.0,1,959.0,1,961.0,17,1,2022-03-18 09:04:06
1647594249419566000,960.0,1,959.0,1,961.0,16,1,2022-03-18 09:04:09
1647594250211509000,960.0,1,959.0,1,961.0,16,1,2022-03-18 09:04:10
1647594250578825000,960.0,1,959.0,1,961.0,16,1,2022-03-18 09:04:10
1647594250951007000,959.0,1,958.0,7,961.0,17,2,2022-03-18 09:04:10
1647594251666428000,959.0,1,958.0,7,961.0,17,1,2022-03-18 09:04:11
1647594251930755000,960.0,1,958.0,7,961.0,17,1,2022-03-18 09:04:11
1647594253343788000,960.0,1,958.0,7,961.0,17,2,2022-03-18 09:04:13
1647594254292374000,960.0,1,958.0,7,961.0,17,1,2022-03-18 09:04:14
1647594254721623000,958.0,1,958.0,6,961.0,17,2,2022-03-18 09:04:14
1647594254830994000,958.0,4,958.0,2,960.0,2,2,2022-03-18 09:04:14
1647594254853158000,960.0,2,958.0,2,961.0,17,1,2022-03-18 09:04:14
1647594254865769000,958.0,2,957.0,4,961.0,17,2,2022-03-18 09:04:14
1647594255076243000,960.0,2,957.0,3,960.0,1,1,2022-03-18 09:04:15
1647594263728295000,958.0,1,957.0,6,960.0,1,2,2022-03-18 09:04:23
1647594269673353000,958.0,2,957.0,4,959.0,6,2,2022-03-18 09:04:29
1647594270710625000,957.0,4,956.0,4,958.0,5,2,2022-03-18 09:04:30
1647594271627898000,956.0,1,956.0,3,957.0,1,2,2022-03-18 09:04:31
1647594271663327000,956.0,1,956.0,2,957.0,1,2,2022-03-18 09:04:31
1647594271683201000,956.0,1,956.0,1,957.0,1,2,2022-03-18 09:04:31
1647594271705079000,956.0,1,955.0,7,957.0,1,2,2022-03-18 09:04:31
1647594273075470000,956.0,1,955.0,6,957.0,4,1,2022-03-18 09:04:33
1647594273442775000,955.0,1,955.0,5,957.0,2,2,2022-03-18 09:04:33
1647594273548032000,955.0,3,955.0,2,957.0,4,2,2022-03-18 09:04:33
1647594273583105000,955.0,2,954.0,1,957.0,4,2,2022-03-18 09:04:33
1647594273883463000,954.0,1,953.0,1,956.0,2,2,2022-03-18 09:04:33
1647594274414043000,956.0,1,953.0,2,956.0,1,1,2022-03-18 09:04:34
1647594278087129000,953.0,2,952.0,7,955.0,6,2,2022-03-18 09:04:38
1647594279793033000,952.0,1,952.0,6,955.0,7,2,2022-03-18 09:04:39
1647594279925259000,952.0,6,951.0,2,952.0,14,2,2022-03-18 09:04:39
1647594279949175000,952.0,0,0.0,0,0.0,0,1,2022-03-18 09:04:39
1647594400483070000,955.0,31,955.0,4,956.0,1,1,2022-03-18 09:06:40
1647594400624687000,956.0,1,955.0,4,956.0,2,1,2022-03-18 09:06:40
1647594401977082000,956.0,1,955.0,4,956.0,1,1,2022-03-18 09:06:41
1647594402007339000,956.0,1,955.0,4,957.0,5,1,2022-03-18 09:06:42
1647594402065776000,957.0,1,956.0,2,957.0,4,1,2022-03-18 09:06:42
1647594402067640000,957.0,4,956.0,2,958.0,8,1,2022-03-18 09:06:42
1647594404018475000,956.0,2,955.0,3,958.0,8,2,2022-03-18 09:06:44
1647594404018475000,955.0,1,955.0,3,958.0,8,2,2022-03-18 09:06:44
1647594407871142000,956.0,2,955.0,6,957.0,1,2,2022-03-18 09:06:47
1647594407871142000,955.0,1,955.0,6,957.0,1,2,2022-03-18 09:06:47
1647594410353448000,957.0,1,956.0,1,958.0,7,1,2022-03-18 09:06:50
1647594410353448000,958.0,1,956.0,1,958.0,7,1,2022-03-18 09:06:50
1647594410553644000,957.0,1,956.0,1,958.0,7,2,2022-03-18 09:06:50
1647594411336797000,958.0,7,956.0,1,959.0,2,1,2022-03-18 09:06:51
1647594413641792000,959.0,1,956.0,2,959.0,5,1,2022-03-18 09:06:53
1647594416154746000,959.0,5,958.0,3,960.0,4,1,2022-03-18 09:06:56
1647594418310754000,960.0,1,958.0,3,960.0,7,1,2022-03-18 09:06:58
1647594418675157000,960.0,1,958.0,3,960.0,6,1,2022-03-18 09:06:58
1647594418979052000,960.0,1,958.0,3,960.0,5,1,2022-03-18 09:06:58
1647594419222876000,959.0,1,958.0,1,960.0,5,2,2022-03-18 09:06:59
1647594419222876000,958.0,2,958.0,1,960.0,5,2,2022-03-18 09:06:59
1647594419340692000,960.0,5,958.0,2,961.0,5,1,2022-03-18 09:06:59
1647594419505308000,961.0,1,958.0,2,961.0,4,1,2022-03-18 09:06:59
1647594423130289000,961.0,1,960.0,2,961.0,2,1,2022-03-18 09:07:03
1647594423671896000,961.0,1,960.0,2,961.0,2,1,2022-03-18 09:07:03
1647594425041359000,960.0,1,960.0,4,961.0,3,2,2022-03-18 09:07:05
1647594425910390000,960.0,2,960.0,2,961.0,3,2,2022-03-18 09:07:05
1647594425911191000,961.0,1,960.0,2,961.0,2,1,2022-03-18 09:07:05
1647594426301508000,960.0,1,960.0,1,961.0,2,2,2022-03-18 09:07:06
1647594426313049000,961.0,2,960.0,1,962.0,4,1,2022-03-18 09:07:06
1647594428739522000,961.0,1,960.0,1,962.0,4,1,2022-03-18 09:07:08
1647594428951608000,961.0,1,960.0,2,962.0,5,2,2022-03-18 09:07:08
1647594429164253000,961.0,1,961.0,1,962.0,5,2,2022-03-18 09:07:09
1647594429919149000,961.0,2,960.0,1,962.0,5,2,2022-03-18 09:07:09
1647594429919149000,960.0,1,960.0,1,962.0,5,2,2022-03-18 09:07:09
1647594430016149000,961.0,1,960.0,1,962.0,5,2,2022-03-18 09:07:10
1647594430888981000,960.0,1,959.0,2,960.0,3,2,2022-03-18 09:07:10
1647594432317863000,960.0,2,959.0,2,960.0,1,1,2022-03-18 09:07:12
1647594432523881000,960.0,2,960.0,3,961.0,1,1,2022-03-18 09:07:12
1647594432531217000,960.0,2,960.0,1,961.0,1,2,2022-03-18 09:07:12
1647594432564556000,960.0,1,959.0,2,961.0,1,2,2022-03-18 09:07:12
1647594432704798000,961.0,1,959.0,2,961.0,2,1,2022-03-18 09:07:12
1647594434331019000,961.0,2,959.0,3,962.0,5,1,2022-03-18 09:07:14
1647594434564657000,960.0,1,959.0,3,961.0,2,2,2022-03-18 09:07:14
1647594435178034000,961.0,1,959.0,3,961.0,1,1,2022-03-18 09:07:15
1647594435656390000,959.0,3,958.0,2,961.0,1,2,2022-03-18 09:07:15
1647594435725557000,961.0,1,958.0,2,962.0,5,1,2022-03-18 09:07:15
1647594436534190000,961.0,1,960.0,1,961.0,1,1,2022-03-18 09:07:16
1647594437281776000,961.0,1,960.0,6,962.0,5,1,2022-03-18 09:07:17
1647594438712587000,961.0,1,960.0,7,962.0,5,1,2022-03-18 09:07:18
1647594439904696000,962.0,1,961.0,1,962.0,4,1,2022-03-18 09:07:19
1647594440441814000,961.0,1,960.0,7,962.0,4,2,2022-03-18 09:07:20
1647594441343910000,962.0,4,961.0,3,963.0,4,1,2022-03-18 09:07:21
1647594441794993000,963.0,1,961.0,3,963.0,3,1,2022-03-18 09:07:21
1647594443814695000,962.0,1,961.0,2,963.0,3,2,2022-03-18 09:07:23
1647594443814695000,961.0,2,961.0,2,963.0,3,2,2022-03-18 09:07:23
1647594444201985000,961.0,2,960.0,5,963.0,3,2,2022-03-18 09:07:24
1647594444201985000,960.0,3,960.0,5,963.0,3,2,2022-03-18 09:07:24
1647594445805336000,963.0,1,961.0,1,963.0,2,1,2022-03-18 09:07:25
1647594445826802000,963.0,2,961.0,1,964.0,3,1,2022-03-18 09:07:25
1647594448765786000,961.0,2,960.0,11,964.0,4,2,2022-03-18 09:07:28
1647594448765786000,960.0,1,960.0,11,964.0,4,2,2022-03-18 09:07:28
1647594449350954000,964.0,4,960.0,11,965.0,2,1,2022-03-18 09:07:29
1647594449792119000,963.0,1,960.0,12,964.0,1,2,2022-03-18 09:07:29
1647594453066155000,962.0,1,961.0,1,964.0,2,2,2022-03-18 09:07:33
1647594453066155000,961.0,2,961.0,1,964.0,2,2,2022-03-18 09:07:33
1647594457183609000,962.0,1,962.0,2,963.0,6,2,2022-03-18 09:07:37
1647594462077371000,962.0,2,962.0,2,963.0,11,2,2022-03-18 09:07:42
1647594462112045000,962.0,2,961.0,6,963.0,11,2,2022-03-18 09:07:42
1647594462886722000,961.0,3,961.0,3,962.0,6,2,2022-03-18 09:07:42
1647594462909146000,961.0,1,961.0,2,962.0,6,2,2022-03-18 09:07:42
1647594462920933000,961.0,2,960.0,16,962.0,6,2,2022-03-18 09:07:42
1647594463367085000,960.0,1,960.0,14,961.0,1,2,2022-03-18 09:07:43
1647594463634196000,960.0,3,960.0,11,961.0,2,2,2022-03-18 09:07:43
1647594463655869000,960.0,1,960.0,10,961.0,2,2,2022-03-18 09:07:43
1647594463676546000,960.0,1,960.0,9,961.0,2,2,2022-03-18 09:07:43
1647594463697196000,960.0,2,960.0,7,961.0,2,2,2022-03-18 09:07:43
1647594465091129000,960.0,2,960.0,6,961.0,2,2,2022-03-18 09:07:45
1647594465217601000,960.0,1,960.0,5,961.0,2,2,2022-03-18 09:07:45
1647594466283901000,960.0,1,960.0,4,961.0,2,2,2022-03-18 09:07:46
1647594466468917000,960.0,1,960.0,3,961.0,3,2,2022-03-18 09:07:46
1647594467372278000,960.0,1,960.0,4,961.0,3,2,2022-03-18 09:07:47
1647594467480243000,960.0,1,960.0,3,961.0,3,2,2022-03-18 09:07:47
1647594467485151000,960.0,3,959.0,2,961.0,3,2,2022-03-18 09:07:47
1647594467485151000,959.0,2,959.0,2,961.0,3,2,2022-03-18 09:07:47
1647594469897147000,960.0,2,959.0,2,960.0,2,1,2022-03-18 09:07:49
1647594474315875000,959.0,2,958.0,3,960.0,4,2,2022-03-18 09:07:54
1647594475429236000,960.0,1,958.0,2,960.0,7,1,2022-03-18 09:07:55
1647594478088076000,960.0,2,958.0,2,960.0,6,1,2022-03-18 09:07:58
1647594483311126000,958.0,1,958.0,1,960.0,10,2,2022-03-18 09:08:03
1647594486035361000,959.0,1,958.0,1,960.0,10,1,2022-03-18 09:08:06
1647594490254126000,958.0,1,957.0,2,958.0,3,2,2022-03-18 09:08:10
1647594491164340000,958.0,1,957.0,2,958.0,2,1,2022-03-18 09:08:11
1647594492602064000,958.0,1,957.0,2,958.0,1,1,2022-03-18 09:08:12
1647594492895018000,957.0,1,957.0,1,958.0,1,2,2022-03-18 09:08:12
1647594493163592000,958.0,1,957.0,1,959.0,1,1,2022-03-18 09:08:13
1647594495272873000,958.0,1,957.0,3,959.0,6,2,2022-03-18 09:08:15
1647594495330200000,957.0,3,956.0,3,957.0,2,2,2022-03-18 09:08:15
1647594501816393000,956.0,4,954.0,5,957.0,7,2,2022-03-18 09:08:21
1647594501816393000,955.0,11,954.0,5,957.0,7,2,2022-03-18 09:08:21
1647594505471372000,954.0,1,954.0,3,956.0,2,2,2022-03-18 09:08:25
1647594505813758000,954.0,1,954.0,2,956.0,2,2,2022-03-18 09:08:25
1647594506592579000,955.0,1,954.0,2,955.0,1,1,2022-03-18 09:08:26
1647594514821788000,953.0,1,953.0,5,954.0,6,2,2022-03-18 09:08:34
1647594514859106000,953.0,1,953.0,4,954.0,6,2,2022-03-18 09:08:34
1647594517504819000,953.0,1,953.0,3,954.0,6,2,2022-03-18 09:08:37
1647594518250797000,953.0,3,952.0,10,954.0,6,2,2022-03-18 09:08:38
1647594519287837000,953.0,1,952.0,10,953.0,2,1,2022-03-18 09:08:39
1647594522620922000,952.0,1,952.0,9,953.0,6,2,2022-03-18 09:08:42
1647594523959177000,952.0,1,952.0,8,953.0,6,2,2022-03-18 09:08:43
1647594524619005000,952.0,1,952.0,7,953.0,6,2,2022-03-18 09:08:44
1647594525411528000,952.0,1,952.0,5,953.0,6,2,2022-03-18 09:08:45
1647594525619174000,952.0,1,952.0,4,953.0,6,2,2022-03-18 09:08:45
1647594525923477000,952.0,4,951.0,12,952.0,6,2,2022-03-18 09:08:45
1647594525966139000,951.0,1,951.0,11,952.0,7,2,2022-03-18 09:08:45
1647594525987911000,951.0,1,951.0,10,952.0,7,2,2022-03-18 09:08:45
1647594529187311000,952.0,1,951.0,10,952.0,22,1,2022-03-18 09:08:49
1647594529376926000,951.0,1,951.0,9,952.0,22,2,2022-03-18 09:08:49
1647594529690364000,952.0,1,951.0,9,952.0,22,1,2022-03-18 09:08:49
1647594529909399000,951.0,9,950.0,6,952.0,22,2,2022-03-18 09:08:49
1647594529909399000,950.0,26,950.0,6,952.0,22,2,2022-03-18 09:08:49
1647594530302595000,950.0,1,950.0,5,951.0,10,2,2022-03-18 09:08:50
1647594530460017000,950.0,1,950.0,5,951.0,10,2,2022-03-18 09:08:50
1647594531613150000,950.0,3,950.0,2,951.0,11,2,2022-03-18 09:08:51
1647594531669168000,950.0,1,950.0,1,951.0,11,2,2022-03-18 09:08:51
1647594531765627000,950.0,1,949.0,3,951.0,21,2,2022-03-18 09:08:51
1647594532121991000,950.0,1,949.0,3,950.0,10,1,2022-03-18 09:08:52
1647594532694189000,949.0,1,949.0,2,950.0,11,2,2022-03-18 09:08:52
1647594533271681000,949.0,1,949.0,1,950.0,10,2,2022-03-18 09:08:53
1647594533932331000,949.0,1,948.0,6,949.0,9,2,2022-03-18 09:08:53
1647594534691318000,949.0,5,948.0,6,949.0,4,1,2022-03-18 09:08:54
1647594534725472000,949.0,4,948.0,6,950.0,10,1,2022-03-18 09:08:54
1647594535348921000,948.0,1,948.0,4,949.0,2,2,2022-03-18 09:08:55
1647594535435909000,948.0,2,948.0,2,949.0,7,2,2022-03-18 09:08:55
1647594535462157000,948.0,1,948.0,1,949.0,7,2,2022-03-18 09:08:55
1647594536710792000,948.0,1,947.0,6,949.0,11,2,2022-03-18 09:08:56
1647594537423129000,947.0,1,947.0,5,949.0,12,2,2022-03-18 09:08:57
1647594537745355000,947.0,1,947.0,4,949.0,12,2,2022-03-18 09:08:57
1647594541043205000,947.0,2,945.0,6,947.0,2,1,2022-03-18 09:09:01
1647594541082272000,947.0,2,945.0,6,948.0,4,1,2022-03-18 09:09:01
1647594541578428000,945.0,6,943.0,2,945.0,3,2,2022-03-18 09:09:01
1647594541617160000,945.0,3,943.0,2,947.0,2,1,2022-03-18 09:09:01
1647594542556987000,943.0,1,943.0,1,946.0,1,2,2022-03-18 09:09:02
1647594543918928000,946.0,1,943.0,1,946.0,4,1,2022-03-18 09:09:03
1647594544124690000,943.0,1,941.0,4,946.0,4,2,2022-03-18 09:09:04
1647594544124690000,942.0,3,941.0,4,946.0,4,2,2022-03-18 09:09:04
1647594544350952000,945.0,1,942.0,1,945.0,1,1,2022-03-18 09:09:04
1647594544864754000,943.0,1,942.0,1,945.0,2,2,2022-03-18 09:09:04
1647594546252305000,943.0,1,942.0,3,945.0,7,2,2022-03-18 09:09:06
1647594546332904000,942.0,1,941.0,7,945.0,7,2,2022-03-18 09:09:06
1647594546898515000,943.0,1,941.0,7,945.0,8,2,2022-03-18 09:09:06
1647594547487739000,942.0,1,942.0,3,945.0,8,2,2022-03-18 09:09:07
1647594547489284000,945.0,2,942.0,3,945.0,6,1,2022-03-18 09:09:07
1647594547490080000,945.0,6,942.0,3,946.0,5,1,2022-03-18 09:09:07
1647594547544388000,946.0,1,942.0,5,946.0,4,1,2022-03-18 09:09:07
1647594547574380000,946.0,4,943.0,3,947.0,3,1,2022-03-18 09:09:07
1647594547929237000,946.0,1,943.0,3,947.0,3,1,2022-03-18 09:09:07
1647594548230386000,945.0,1,943.0,3,947.0,3,2,2022-03-18 09:09:08
1647594548719800000,944.0,1,943.0,2,946.0,1,1,2022-03-18 09:09:08
1647594548997921000,946.0,1,944.0,5,947.0,3,1,2022-03-18 09:09:08
1647594549010428000,945.0,2,944.0,4,947.0,3,2,2022-03-18 09:09:09
1647594549010428000,944.0,1,944.0,4,947.0,3,2,2022-03-18 09:09:09
1647594550549858000,947.0,1,945.0,3,948.0,7,1,2022-03-18 09:09:10
1647594554406394000,947.0,1,946.0,1,948.0,5,2,2022-03-18 09:09:14
1647594558589315000,945.0,1,945.0,1,947.0,1,2,2022-03-18 09:09:18
1647594560405928000,946.0,1,946.0,1,947.0,3,2,2022-03-18 09:09:20
1647594563845040000,946.0,1,945.0,3,947.0,4,2,2022-03-18 09:09:23
1647594565908740000,946.0,1,945.0,6,947.0,4,1,2022-03-18 09:09:25
1647594566780733000,947.0,1,945.0,4,947.0,3,1,2022-03-18 09:09:26
1647594567854565000,946.0,1,945.0,6,947.0,3,1,2022-03-18 09:09:27
1647594571202051000,947.0,4,946.0,3,948.0,3,1,2022-03-18 09:09:31
1647594576039863000,948.0,1,947.0,5,948.0,3,1,2022-03-18 09:09:36
1647594576738229000,948.0,1,947.0,4,948.0,2,1,2022-03-18 09:09:36
1647594576769494000,948.0,1,947.0,4,948.0,1,1,2022-03-18 09:09:36
1647594577334517000,948.0,1,947.0,6,949.0,2,1,2022-03-18 09:09:37
1647594580977278000,948.0,2,948.0,1,949.0,3,2,2022-03-18 09:09:40
1647594583920004000,948.0,1,947.0,7,949.0,3,2,2022-03-18 09:09:43
1647594584770380000,947.0,1,947.0,5,949.0,3,2,2022-03-18 09:09:44
1647594585906073000,948.0,1,947.0,5,948.0,1,1,2022-03-18 09:09:45
1647594588519523000,948.0,1,947.0,5,948.0,2,1,2022-03-18 09:09:48
1647594590685252000,948.0,1,947.0,5,948.0,3,1,2022-03-18 09:09:50
1647594593813900000,948.0,1,947.0,5,948.0,5,1,2022-03-18 09:09:53
1647594596954811000,947.0,1,947.0,4,948.0,5,2,2022-03-18 09:09:56
1647594599962326000,947.0,3,947.0,2,948.0,5,2,2022-03-18 09:09:59
1647594600000037000,947.0,2,946.0,3,948.0,5,2,2022-03-18 09:10:00
1647594601544902000,948.0,1,946.0,3,948.0,4,1,2022-03-18 09:10:01
1647594603565787000,946.0,1,946.0,2,948.0,6,2,2022-03-18 09:10:03
1647594603599262000,946.0,2,945.0,11,948.0,6,2,2022-03-18 09:10:03
1647594606716910000,945.0,2,945.0,8,947.0,1,2,2022-03-18 09:10:06
1647594606747748000,945.0,4,945.0,4,947.0,1,2,2022-03-18 09:10:06
1647594606779927000,945.0,1,945.0,3,947.0,1,2,2022-03-18 09:10:06
1647594606816945000,945.0,3,944.0,3,947.0,4,2,2022-03-18 09:10:06
1647594606885073000,944.0,1,944.0,2,947.0,6,2,2022-03-18 09:10:06
1647594610050772000,946.0,1,944.0,2,946.0,1,1,2022-03-18 09:10:10
1647594611469877000,944.0,1,944.0,1,946.0,5,2,2022-03-18 09:10:11
1647594611793790000,944.0,1,943.0,4,946.0,6,2,2022-03-18 09:10:11
1647594613661822000,945.0,1,944.0,1,946.0,6,1,2022-03-18 09:10:13
1647594614172882000,944.0,1,944.0,1,946.0,6,2,2022-03-18 09:10:14
1647594618200089000,944.0,1,943.0,5,945.0,4,2,2022-03-18 09:10:18
1647594628368771000,944.0,1,943.0,5,944.0,3,1,2022-03-18 09:10:28
1647594628954335000,944.0,1,943.0,5,944.0,2,1,2022-03-18 09:10:28
1647594630767519000,944.0,1,943.0,5,944.0,1,1,2022-03-18 09:10:30
1647594632849011000,943.0,5,942.0,3,944.0,2,2,2022-03-18 09:10:32
1647594633511965000,944.0,1,942.0,3,944.0,2,1,2022-03-18 09:10:33
1647594634393672000,942.0,1,942.0,1,944.0,2,2,2022-03-18 09:10:34
1647594634417153000,942.0,1,941.0,6,944.0,2,2,2022-03-18 09:10:34
1647594637412592000,944.0,1,942.0,1,944.0,2,1,2022-03-18 09:10:37
1647594641658991000,942.0,1,941.0,3,944.0,6,2,2022-03-18 09:10:41
1647594641658991000,941.0,4,941.0,3,944.0,6,2,2022-03-18 09:10:41
1647594641722925000,943.0,1,941.0,1,944.0,7,1,2022-03-18 09:10:41
1647594641862442000,944.0,1,941.0,1,944.0,6,1,2022-03-18 09:10:41
1647594645152220000,943.0,2,941.0,2,943.0,1,1,2022-03-18 09:10:45
1647594645340823000,943.0,1,941.0,2,943.0,1,1,2022-03-18 09:10:45
1647594647747625000,943.0,1,941.0,4,944.0,7,1,2022-03-18 09:10:47
1647594649717901000,944.0,1,943.0,1,944.0,6,1,2022-03-18 09:10:49
1647594649763371000,944.0,4,943.0,1,944.0,2,1,2022-03-18 09:10:49
1647594652480398000,943.0,3,941.0,5,942.0,3,2,2022-03-18 09:10:52
1647594652496376000,942.0,3,941.0,4,944.0,2,1,2022-03-18 09:10:52
1647594660044940000,942.0,3,941.0,2,944.0,2,2,2022-03-18 09:11:00
1647594660044940000,941.0,2,941.0,2,944.0,2,2,2022-03-18 09:11:00
1647594662288961000,942.0,1,942.0,1,943.0,1,2,2022-03-18 09:11:02
1647594663910597000,942.0,1,942.0,1,943.0,1,2,2022-03-18 09:11:03
1647594666427329000,942.0,1,942.0,1,943.0,3,2,2022-03-18 09:11:06
1647594666509640000,942.0,1,941.0,4,943.0,3,2,2022-03-18 09:11:06
1647594669639087000,942.0,1,941.0,2,943.0,4,2,2022-03-18 09:11:09
1647594672476642000,941.0,2,940.0,1,942.0,6,2,2022-03-18 09:11:12
1647594672476642000,940.0,8,940.0,1,942.0,6,2,2022-03-18 09:11:12
1647594674972127000,942.0,3,941.0,1,942.0,6,1,2022-03-18 09:11:14
1647594677620832000,941.0,1,940.0,1,942.0,8,2,2022-03-18 09:11:17
1647594678725213000,941.0,1,940.0,1,942.0,11,2,2022-03-18 09:11:18
1647594679016432000,942.0,1,940.0,1,942.0,10,1,2022-03-18 09:11:19
1647594679741053000,940.0,1,939.0,2,942.0,10,2,2022-03-18 09:11:19
1647594684128196000,940.0,1,939.0,2,941.0,4,2,2022-03-18 09:11:24
1647594684181907000,939.0,1,939.0,1,941.0,4,2,2022-03-18 09:11:24
1647594686936632000,940.0,1,938.0,6,941.0,5,2,2022-03-18 09:11:26
1647594688698358000,938.0,1,938.0,5,939.0,1,2,2022-03-18 09:11:28
1647594688728379000,938.0,5,937.0,5,938.0,5,2,2022-03-18 09:11:28
1647594689250612000,938.0,5,937.0,5,939.0,2,1,2022-03-18 09:11:29
1647594693133113000,937.0,1,937.0,4,939.0,4,2,2022-03-18 09:11:33
1647594699137393000,938.0,1,937.0,3,939.0,8,2,2022-03-18 09:11:39
1647594701672359000,937.0,1,937.0,1,939.0,10,2,2022-03-18 09:11:41
1647594702669519000,938.0,1,937.0,2,938.0,2,1,2022-03-18 09:11:42
1647594703125682000,937.0,2,936.0,5,937.0,8,2,2022-03-18 09:11:43
1647594703217339000,936.0,1,936.0,4,937.0,8,2,2022-03-18 09:11:43
1647594704141225000,937.0,1,936.0,4,937.0,7,1,2022-03-18 09:11:44
1647594707353500000,936.0,1,936.0,4,937.0,9,2,2022-03-18 09:11:47
1647594707730530000,936.0,2,936.0,2,937.0,9,2,2022-03-18 09:11:47
1647594709401863000,937.0,1,936.0,3,937.0,9,1,2022-03-18 09:11:49
1647594709433324000,937.0,9,936.0,4,938.0,3,1,2022-03-18 09:11:49
1647594709635080000,936.0,1,936.0,3,937.0,1,2,2022-03-18 09:11:49
1647594710573480000,937.0,1,936.0,3,938.0,3,1,2022-03-18 09:11:50
1647594711122347000,936.0,3,935.0,13,936.0,2,2,2022-03-18 09:11:51
1647594711159738000,936.0,1,935.0,13,936.0,1,1,2022-03-18 09:11:51
1647594711244746000,936.0,1,935.0,13,937.0,1,1,2022-03-18 09:11:51
1647594713288056000,937.0,1,936.0,2,937.0,1,1,2022-03-18 09:11:53
1647594713313188000,937.0,1,936.0,3,938.0,4,1,2022-03-18 09:11:53
1647594713455926000,936.0,2,936.0,1,938.0,4,2,2022-03-18 09:11:53
1647594713502962000,936.0,1,935.0,13,938.0,4,2,2022-03-18 09:11:53
1647594713661400000,936.0,1,935.0,14,937.0,1,2,2022-03-18 09:11:53
1647594714268775000,937.0,1,936.0,1,938.0,4,1,2022-03-18 09:11:54
1647594714806182000,936.0,1,935.0,14,937.0,2,2,2022-03-18 09:11:54
1647594715374796000,936.0,1,935.0,13,937.0,2,1,2022-03-18 09:11:55
1647594715390997000,936.0,1,935.0,13,937.0,2,2,2022-03-18 09:11:55
1647594716660402000,936.0,1,935.0,13,937.0,2,2,2022-03-18 09:11:56
1647594719458494000,936.0,1,935.0,14,936.0,1,1,2022-03-18 09:11:59
1647594720836776000,936.0,3,935.0,15,937.0,2,1,2022-03-18 09:12:00
1647594720957401000,937.0,2,936.0,1,938.0,5,1,2022-03-18 09:12:00
1647594724360146000,936.0,1,936.0,6,938.0,6,2,2022-03-18 09:12:04
1647594724395637000,936.0,1,936.0,5,938.0,6,2,2022-03-18 09:12:04
1647594724463735000,936.0,1,936.0,9,938.0,6,2,2022-03-18 09:12:04
1647594726746758000,937.0,1,936.0,5,938.0,7,2,2022-03-18 09:12:06
1647594726923849000,938.0,1,936.0,5,938.0,6,1,2022-03-18 09:12:06
1647594728887582000,938.0,3,937.0,6,938.0,3,1,2022-03-18 09:12:08
1647594728908878000,938.0,3,937.0,6,939.0,8,1,2022-03-18 09:12:08
1647594730857055000,938.0,1,937.0,10,939.0,9,2,2022-03-18 09:12:10
1647594733646480000,938.0,1,938.0,1,939.0,8,2,2022-03-18 09:12:13
1647594734435450000,938.0,1,937.0,3,939.0,8,2,2022-03-18 09:12:14
1647594734435450000,937.0,1,937.0,3,939.0,8,2,2022-03-18 09:12:14
1647594734504138000,937.0,1,937.0,2,939.0,8,2,2022-03-18 09:12:14
1647594735413721000,938.0,1,937.0,2,939.0,8,2,2022-03-18 09:12:15
1647594736633651000,938.0,1,937.0,4,939.0,7,2,2022-03-18 09:12:16
1647594740413816000,938.0,1,937.0,5,939.0,6,1,2022-03-18 09:12:20
1647594742938348000,938.0,1,937.0,5,939.0,6,1,2022-03-18 09:12:22
1647594745370067000,938.0,1,938.0,1,939.0,6,2,2022-03-18 09:12:25
1647594746425632000,939.0,1,938.0,3,939.0,5,1,2022-03-18 09:12:26
1647594747199025000,938.0,1,938.0,2,939.0,5,2,2022-03-18 09:12:27
1647594752805484000,938.0,1,938.0,5,939.0,8,2,2022-03-18 09:12:32
1647594764933983000,938.0,1,938.0,5,939.0,13,2,2022-03-18 09:12:44
1647594768428622000,938.0,1,938.0,6,939.0,13,2,2022-03-18 09:12:48
1647594774976802000,939.0,1,938.0,7,939.0,12,1,2022-03-18 09:12:54
1647594776032099000,938.0,1,938.0,6,939.0,12,2,2022-03-18 09:12:56
1647594776645493000,938.0,1,938.0,6,939.0,12,2,2022-03-18 09:12:56
1647594777723168000,939.0,1,938.0,5,939.0,12,1,2022-03-18 09:12:57
1647594779799212000,938.0,1,938.0,4,939.0,13,2,2022-03-18 09:12:59
1647594781110530000,938.0,4,937.0,5,939.0,13,2,2022-03-18 09:13:01
1647594781607328000,937.0,1,937.0,4,939.0,13,2,2022-03-18 09:13:01
1647594782294433000,937.0,1,937.0,3,938.0,2,2,2022-03-18 09:13:02
1647594782322158000,937.0,3,936.0,7,938.0,2,2,2022-03-18 09:13:02
1647594782393345000,938.0,1,936.0,7,938.0,1,1,2022-03-18 09:13:02
1647594783424855000,936.0,1,936.0,6,938.0,1,2,2022-03-18 09:13:03
1647594786213810000,936.0,1,936.0,5,938.0,4,2,2022-03-18 09:13:06
1647594790939497000,936.0,2,936.0,4,938.0,6,2,2022-03-18 09:13:10
1647594790959824000,936.0,2,936.0,2,938.0,6,2,2022-03-18 09:13:10
1647594790960238000,936.0,1,936.0,1,938.0,6,2,2022-03-18 09:13:10
1647594790960658000,936.0,1,935.0,14,938.0,6,2,2022-03-18 09:13:10
1647594792862698000,936.0,1,935.0,14,938.0,6,2,2022-03-18 09:13:12
1647594793009862000,935.0,7,935.0,7,936.0,1,2,2022-03-18 09:13:13
1647594793184969000,935.0,7,933.0,5,936.0,2,2,2022-03-18 09:13:13
1647594798037981000,933.0,1,933.0,5,936.0,3,2,2022-03-18 09:13:18
1647594799517278000,933.0,1,933.0,4,935.0,1,2,2022-03-18 09:13:19
1647594802501343000,933.0,5,933.0,1,935.0,4,2,2022-03-18 09:13:22
1647594802536382000,933.0,1,932.0,2,935.0,4,2,2022-03-18 09:13:22
1647594804689952000,932.0,1,932.0,1,935.0,5,2,2022-03-18 09:13:24
1647594806852991000,932.0,1,931.0,3,935.0,6,2,2022-03-18 09:13:26
1647594808938948000,931.0,1,931.0,2,935.0,8,2,2022-03-18 09:13:28
1647594811582475000,931.0,1,930.0,8,932.0,3,2,2022-03-18 09:13:31
1647594811919573000,931.0,1,930.0,8,932.0,2,1,2022-03-18 09:13:31
1647594812449572000,930.0,7,929.0,2,930.0,3,2,2022-03-18 09:13:32
1647594812809589000,930.0,1,929.0,2,930.0,3,1,2022-03-18 09:13:32
1647594813382311000,930.0,1,929.0,2,930.0,3,1,2022-03-18 09:13:33
1647594815327885000,930.0,1,929.0,2,930.0,2,1,2022-03-18 09:13:35
1647594815932326000,930.0,1,929.0,2,930.0,3,1,2022-03-18 09:13:35
1647594816997638000,930.0,3,930.0,1,931.0,5,1,2022-03-18 09:13:36
1647594818776569000,930.0,1,929.0,2,931.0,3,2,2022-03-18 09:13:38
1647594819091015000,929.0,2,929.0,1,931.0,4,2,2022-03-18 09:13:39
1647594819566330000,930.0,1,929.0,1,931.0,4,1,2022-03-18 09:13:39
1647594820405259000,930.0,1,929.0,1,931.0,4,1,2022-03-18 09:13:40
1647594821610393000,929.0,1,928.0,1,931.0,3,1,2022-03-18 09:13:41
1647594823675606000,930.0,1,930.0,1,931.0,3,1,2022-03-18 09:13:43
1647594824729720000,930.0,1,928.0,1,931.0,2,2,2022-03-18 09:13:44
1647594827110365000,930.0,1,929.0,4,931.0,4,2,2022-03-18 09:13:47
1647594828539312000,931.0,1,929.0,4,931.0,3,1,2022-03-18 09:13:48
1647594828578039000,931.0,2,929.0,4,931.0,1,1,2022-03-18 09:13:48
1647594829917067000,930.0,1,929.0,4,931.0,1,2,2022-03-18 09:13:49
1647594829977115000,929.0,1,929.0,3,931.0,1,2,2022-03-18 09:13:49
1647594831381587000,930.0,1,929.0,2,932.0,4,1,2022-03-18 09:13:51
1647594832536580000,929.0,1,929.0,2,932.0,4,2,2022-03-18 09:13:52
1647594834374930000,930.0,3,929.0,3,932.0,4,2,2022-03-18 09:13:54
1647594834421231000,929.0,3,928.0,3,929.0,7,2,2022-03-18 09:13:54
1647594834504511000,929.0,5,928.0,3,929.0,2,1,2022-03-18 09:13:54
1647594834540342000,929.0,2,928.0,3,932.0,4,1,2022-03-18 09:13:54
1647594839791689000,930.0,1,930.0,1,932.0,4,2,2022-03-18 09:13:59
1647594840371640000,930.0,1,929.0,3,932.0,4,2,2022-03-18 09:14:00
1647594841360961000,931.0,1,931.0,1,932.0,4,2,2022-03-18 09:14:01
1647594843489183000,930.0,1,930.0,5,932.0,4,2,2022-03-18 09:14:03
1647594847135046000,930.0,1,930.0,5,932.0,4,2,2022-03-18 09:14:07
1647594850182159000,931.0,2,929.0,5,930.0,8,2,2022-03-18 09:14:10
1647594850182159000,930.0,7,929.0,5,930.0,8,2,2022-03-18 09:14:10
1647594850832813000,930.0,1,929.0,5,930.0,8,1,2022-03-18 09:14:10
1647594857036527000,930.0,1,929.0,7,930.0,11,1,2022-03-18 09:14:17
1647594858338662000,929.0,1,929.0,6,930.0,12,2,2022-03-18 09:14:18
1647594860714672000,930.0,1,929.0,7,930.0,11,1,2022-03-18 09:14:20
1647594862245526000,929.0,1,929.0,6,930.0,11,2,2022-03-18 09:14:22
1647594865373644000,929.0,1,929.0,5,930.0,11,2,2022-03-18 09:14:25
1647594866002636000,929.0,1,929.0,3,930.0,11,2,2022-03-18 09:14:26
1647594867073446000,929.0,1,929.0,2,930.0,11,2,2022-03-18 09:14:27
1647594870123077000,930.0,3,929.0,2,930.0,9,1,2022-03-18 09:14:30
1647594870546327000,929.0,1,929.0,1,930.0,10,2,2022-03-18 09:14:30
1647594870915586000,930.0,2,929.0,1,930.0,8,1,2022-03-18 09:14:30
1647594870935873000,930.0,1,929.0,1,930.0,7,1,2022-03-18 09:14:30
1647594871239250000,929.0,1,929.0,1,930.0,7,2,2022-03-18 09:14:31
1647594871361396000,929.0,1,928.0,4,930.0,6,2,2022-03-18 09:14:31
1647594871698121000,930.0,1,928.0,4,930.0,5,1,2022-03-18 09:14:31
1647594872669669000,930.0,1,928.0,4,930.0,5,1,2022-03-18 09:14:32
1647594873370855000,929.0,1,928.0,4,930.0,5,1,2022-03-18 09:14:33
1647594877608684000,929.0,1,929.0,2,930.0,6,2,2022-03-18 09:14:37
1647594877913992000,930.0,1,929.0,2,930.0,6,1,2022-03-18 09:14:37
1647594878657700000,929.0,2,929.0,1,930.0,6,2,2022-03-18 09:14:38
1647594879263055000,930.0,1,929.0,1,930.0,5,1,2022-03-18 09:14:39
1647594880111569000,930.0,1,929.0,1,930.0,5,1,2022-03-18 09:14:40
1647594880432399000,930.0,1,929.0,1,930.0,4,1,2022-03-18 09:14:40
1647594881040714000,930.0,1,929.0,1,930.0,3,1,2022-03-18 09:14:41
1647594881457509000,930.0,1,929.0,2,930.0,2,1,2022-03-18 09:14:41
1647594881487966000,930.0,2,929.0,3,931.0,1,1,2022-03-18 09:14:41
1647594883514129000,930.0,1,930.0,3,931.0,1,2,2022-03-18 09:14:43
1647594883563951000,930.0,1,930.0,2,931.0,1,2,2022-03-18 09:14:43
1647594883776943000,931.0,1,930.0,7,932.0,7,1,2022-03-18 09:14:43
1647594884253502000,930.0,1,930.0,2,932.0,7,2,2022-03-18 09:14:44
1647594884587496000,932.0,1,931.0,1,932.0,6,1,2022-03-18 09:14:44
1647594885532975000,932.0,1,931.0,3,932.0,6,1,2022-03-18 09:14:45
1647594887026454000,932.0,1,931.0,3,932.0,5,1,2022-03-18 09:14:47
1647594888323810000,932.0,1,931.0,3,932.0,4,1,2022-03-18 09:14:48
1647594890290118000,932.0,1,931.0,3,932.0,3,1,2022-03-18 09:14:50
1647594891385317000,932.0,1,931.0,3,932.0,2,1,2022-03-18 09:14:51
1647594892783601000,932.0,1,931.0,2,932.0,1,1,2022-03-18 09:14:52
1647594893359375000,932.0,1,931.0,2,933.0,3,1,2022-03-18 09:14:53
1647594895306173000,932.0,1,931.0,3,933.0,3,2,2022-03-18 09:14:55
1647594896945108000,932.0,1,931.0,3,933.0,3,2,2022-03-18 09:14:56
1647594897651286000,933.0,1,931.0,3,933.0,3,1,2022-03-18 09:14:57
1647594900350425000,932.0,1,932.0,2,933.0,3,2,2022-03-18 09:15:00
1647594900383878000,932.0,2,931.0,4,933.0,3,2,2022-03-18 09:15:00
1647594901337594000,931.0,4,930.0,3,932.0,2,2,2022-03-18 09:15:01
1647594902999718000,931.0,1,930.0,3,931.0,4,1,2022-03-18 09:15:02
1647594903006218000,930.0,3,929.0,3,931.0,4,2,2022-03-18 09:15:03
1647594903069658000,931.0,1,929.0,3,931.0,3,1,2022-03-18 09:15:03
1647594903636169000,929.0,1,929.0,2,931.0,4,2,2022-03-18 09:15:03
1647594903651057000,929.0,2,928.0,4,931.0,4,2,2022-03-18 09:15:03
1647594903658576000,928.0,1,928.0,3,930.0,1,2,2022-03-18 09:15:03
1647594903659909000,928.0,1,928.0,2,931.0,4,2,2022-03-18 09:15:03
1647594904240089000,930.0,1,928.0,2,931.0,4,1,2022-03-18 09:15:04
1647594904272238000,928.0,1,928.0,1,931.0,4,2,2022-03-18 09:15:04
1647594904305902000,928.0,1,927.0,3,930.0,1,2,2022-03-18 09:15:04
1647594905331171000,927.0,2,927.0,1,929.0,4,2,2022-03-18 09:15:05
1647594905356272000,927.0,1,926.0,3,929.0,5,2,2022-03-18 09:15:05
1647594907471288000,926.0,3,925.0,7,928.0,2,2,2022-03-18 09:15:07
1647594907488681000,928.0,1,925.0,7,928.0,1,1,2022-03-18 09:15:07
1647594908351646000,925.0,1,925.0,6,928.0,2,2,2022-03-18 09:15:08
1647594908373036000,925.0,3,925.0,3,928.0,2,2,2022-03-18 09:15:08
1647594908390707000,925.0,3,924.0,1,928.0,2,2,2022-03-18 09:15:08
1647594911368330000,924.0,1,924.0,1,927.0,2,2,2022-03-18 09:15:11
1647594913530534000,923.0,1,922.0,6,924.0,1,2,2022-03-18 09:15:13
1647594915168577000,923.0,1,922.0,6,924.0,2,1,2022-03-18 09:15:15
1647594921065407000,922.0,3,922.0,3,923.0,3,2,2022-03-18 09:15:21
1647594921788284000,922.0,1,922.0,2,923.0,3,2,2022-03-18 09:15:21
1647594922009262000,922.0,1,922.0,1,923.0,3,2,2022-03-18 09:15:22
1647594922052441000,923.0,1,922.0,1,923.0,2,1,2022-03-18 09:15:22
1647594922058901000,922.0,1,921.0,2,922.0,1,2,2022-03-18 09:15:22
1647594922073910000,922.0,1,921.0,2,923.0,2,1,2022-03-18 09:15:22
1647594922422279000,921.0,3,920.0,10,923.0,2,2,2022-03-18 09:15:22
1647594924377849000,920.0,1,920.0,9,921.0,1,2,2022-03-18 09:15:24
1647594924407768000,920.0,3,920.0,6,921.0,1,2,2022-03-18 09:15:24
1647594925074895000,920.0,2,920.0,4,921.0,1,2,2022-03-18 09:15:25
1647594925636484000,920.0,2,920.0,2,921.0,1,2,2022-03-18 09:15:25
1647594925859526000,920.0,1,920.0,1,921.0,2,2,2022-03-18 09:15:25
1647594926066251000,920.0,1,919.0,1,921.0,2,2,2022-03-18 09:15:26
1647594926500723000,919.0,1,918.0,6,920.0,5,2,2022-03-18 09:15:26
1647594927580934000,918.0,1,918.0,5,920.0,9,2,2022-03-18 09:15:27
1647594928103773000,918.0,1,918.0,5,920.0,9,2,2022-03-18 09:15:28
1647594929165940000,918.0,1,918.0,4,920.0,10,2,2022-03-18 09:15:29
1647594929264952000,918.0,1,918.0,3,920.0,10,2,2022-03-18 09:15:29
1647594929302081000,918.0,1,918.0,2,920.0,10,2,2022-03-18 09:15:29
1647594930521080000,918.0,2,916.0,2,920.0,10,2,2022-03-18 09:15:30
1647594930881587000,918.0,1,916.0,2,920.0,9,1,2022-03-18 09:15:30
1647594934512571000,916.0,2,915.0,2,916.0,1,2,2022-03-18 09:15:34
1647594934573947000,915.0,1,915.0,1,916.0,1,2,2022-03-18 09:15:34
1647594934735151000,916.0,1,915.0,1,918.0,3,1,2022-03-18 09:15:34
1647594935057589000,916.0,1,915.0,1,918.0,3,1,2022-03-18 09:15:35
1647594937093713000,918.0,1,916.0,1,918.0,5,1,2022-03-18 09:15:37
1647594937199884000,916.0,1,913.0,1,918.0,5,2,2022-03-18 09:15:37
1647594937199884000,915.0,2,913.0,1,918.0,5,2,2022-03-18 09:15:37
1647594939671514000,917.0,1,916.0,3,917.0,1,1,2022-03-18 09:15:39
1647594939862960000,916.0,1,916.0,2,917.0,1,2,2022-03-18 09:15:39
1647594941036655000,917.0,2,916.0,1,918.0,7,1,2022-03-18 09:15:41
1647594941250021000,916.0,1,914.0,1,918.0,8,2,2022-03-18 09:15:41
1647594941250021000,915.0,2,914.0,1,918.0,8,2,2022-03-18 09:15:41
1647594941620629000,915.0,1,914.0,1,916.0,1,1,2022-03-18 09:15:41
1647594942966186000,915.0,1,914.0,3,916.0,1,1,2022-03-18 09:15:42
1647594943043830000,916.0,1,914.0,5,917.0,1,1,2022-03-18 09:15:43
1647594943950311000,915.0,1,914.0,5,916.0,1,2,2022-03-18 09:15:43
1647594944095940000,916.0,1,914.0,7,917.0,2,1,2022-03-18 09:15:44
1647594944365442000,917.0,2,916.0,3,918.0,7,1,2022-03-18 09:15:44
1647594944615661000,918.0,3,916.0,3,918.0,4,1,2022-03-18 09:15:44
1647594944646214000,918.0,4,916.0,3,919.0,1,1,2022-03-18 09:15:44
1647594945401312000,919.0,1,918.0,2,920.0,20,1,2022-03-18 09:15:45
1647594945463699000,920.0,3,918.0,2,920.0,17,1,2022-03-18 09:15:45
1647594945497627000,920.0,5,918.0,2,920.0,12,1,2022-03-18 09:15:45
1647594945530137000,920.0,12,918.0,3,923.0,1,1,2022-03-18 09:15:45
1647594945640663000,923.0,1,919.0,1,925.0,2,1,2022-03-18 09:15:45
1647594945640663000,924.0,1,919.0,1,925.0,2,1,2022-03-18 09:15:45
1647594945719456000,924.0,1,920.0,1,925.0,3,1,2022-03-18 09:15:45
1647594946287841000,920.0,1,920.0,1,925.0,3,2,2022-03-18 09:15:46
1647594947143664000,924.0,1,919.0,4,925.0,3,1,2022-03-18 09:15:47
1647594954891522000,920.0,2,920.0,3,923.0,2,2,2022-03-18 09:15:54
1647594955932090000,920.0,1,920.0,3,923.0,2,2,2022-03-18 09:15:55
1647594956869329000,920.0,2,919.0,1,923.0,2,2,2022-03-18 09:15:56
1647594956869329000,919.0,1,919.0,1,923.0,2,2,2022-03-18 09:15:56
1647594958901485000,920.0,1,918.0,1,923.0,2,1,2022-03-18 09:15:58
1647594962223719000,921.0,1,920.0,2,923.0,2,2,2022-03-18 09:16:02
1647594963402909000,920.0,1,920.0,2,923.0,2,2,2022-03-18 09:16:03
1647594966164263000,920.0,1,918.0,3,922.0,3,2,2022-03-18 09:16:06
1647594971922898000,920.0,1,918.0,3,922.0,3,2,2022-03-18 09:16:11
1647594976344415000,920.0,1,918.0,4,921.0,1,1,2022-03-18 09:16:16
1647594980688045000,920.0,1,918.0,4,921.0,1,1,2022-03-18 09:16:20
1647594984548723000,921.0,1,920.0,2,921.0,1,1,2022-03-18 09:16:24
1647594987203101000,920.0,1,920.0,5,921.0,1,2,2022-03-18 09:16:27
1647594988700602000,921.0,1,920.0,4,922.0,7,1,2022-03-18 09:16:28
1647594990125876000,920.0,2,920.0,1,921.0,1,2,2022-03-18 09:16:30
1647594990328460000,921.0,1,920.0,2,922.0,6,1,2022-03-18 09:16:30
1647594993880441000,920.0,1,920.0,3,922.0,5,2,2022-03-18 09:16:33
1647594997086760000,922.0,1,921.0,2,922.0,4,1,2022-03-18 09:16:37
1647594997128245000,922.0,4,921.0,2,923.0,4,1,2022-03-18 09:16:37
1647594997331733000,921.0,1,921.0,1,923.0,4,2,2022-03-18 09:16:37
1647595006356473000,921.0,1,921.0,4,923.0,4,2,2022-03-18 09:16:46
1647595017693933000,922.0,1,921.0,7,922.0,1,1,2022-03-18 09:16:57
1647595017918238000,922.0,1,921.0,8,923.0,5,1,2022-03-18 09:16:57
1647595019112544000,923.0,5,921.0,8,924.0,3,1,2022-03-18 09:16:59
1647595019664033000,922.0,1,921.0,7,924.0,3,2,2022-03-18 09:16:59
1647595024601578000,924.0,3,924.0,2,925.0,5,1,2022-03-18 09:17:04
1647595026861550000,925.0,1,924.0,3,925.0,3,1,2022-03-18 09:17:06
1647595027273164000,925.0,1,924.0,3,925.0,2,1,2022-03-18 09:17:07
1647595028870252000,925.0,1,924.0,3,925.0,1,1,2022-03-18 09:17:08
1647595029397161000,925.0,1,924.0,3,926.0,1,1,2022-03-18 09:17:09
1647595031643187000,926.0,1,925.0,3,927.0,2,1,2022-03-18 09:17:11
1647595032687755000,927.0,1,926.0,1,927.0,1,1,2022-03-18 09:17:12
1647595032722505000,927.0,1,926.0,1,928.0,2,1,2022-03-18 09:17:12
1647595033570843000,926.0,1,925.0,4,928.0,2,2,2022-03-18 09:17:13
1647595033611295000,928.0,2,925.0,4,929.0,4,1,2022-03-18 09:17:13
1647595034668550000,928.0,1,926.0,1,929.0,4,1,2022-03-18 09:17:14
1647595035703471000,929.0,1,926.0,1,929.0,3,1,2022-03-18 09:17:15
1647595037140570000,928.0,3,926.0,2,929.0,52,2,2022-03-18 09:17:17
1647595038707894000,926.0,2,925.0,4,928.0,2,2,2022-03-18 09:17:18
1647595040145515000,928.0,1,925.0,4,928.0,2,1,2022-03-18 09:17:20
1647595040447962000,927.0,1,925.0,4,928.0,3,1,2022-03-18 09:17:20
1647595041678510000,927.0,1,925.0,5,927.0,1,1,2022-03-18 09:17:21
1647595041925691000,927.0,1,925.0,5,927.0,1,1,2022-03-18 09:17:21
1647595045811463000,927.0,1,925.0,6,927.0,1,1,2022-03-18 09:17:25
1647595045867902000,927.0,1,925.0,5,928.0,3,1,2022-03-18 09:17:25
1647595047341498000,927.0,1,927.0,1,928.0,2,1,2022-03-18 09:17:27
1647595047368487000,927.0,1,925.0,5,928.0,2,2,2022-03-18 09:17:27
1647595048720508000,927.0,1,925.0,5,927.0,1,1,2022-03-18 09:17:28
1647595054998135000,928.0,1,928.0,1,929.0,2,1,2022-03-18 09:17:34
1647595058170942000,929.0,1,928.0,3,930.0,2,1,2022-03-18 09:17:38
1647595061372120000,930.0,1,929.0,2,931.0,2,1,2022-03-18 09:17:41
1647595064676967000,931.0,1,930.0,3,931.0,1,1,2022-03-18 09:17:44
1647595065601113000,930.0,1,930.0,2,931.0,1,2,2022-03-18 09:17:45
1647595066815798000,931.0,1,930.0,7,932.0,2,1,2022-03-18 09:17:46
1647595067158488000,930.0,1,930.0,6,932.0,2,2,2022-03-18 09:17:47
1647595067292580000,932.0,1,930.0,6,932.0,2,1,2022-03-18 09:17:47
1647595072986026000,932.0,2,930.0,10,933.0,3,1,2022-03-18 09:17:52
1647595074440635000,932.0,1,932.0,1,933.0,4,1,2022-03-18 09:17:54
1647595074479781000,932.0,1,930.0,11,933.0,3,2,2022-03-18 09:17:54
1647595075171010000,930.0,1,930.0,10,932.0,2,2,2022-03-18 09:17:55
1647595076653985000,931.0,1,930.0,10,932.0,3,2,2022-03-18 09:17:56
1647595078300177000,931.0,1,930.0,11,932.0,3,2,2022-03-18 09:17:58
1647595078659363000,932.0,1,930.0,11,932.0,3,1,2022-03-18 09:17:58
1647595078795395000,932.0,2,930.0,11,932.0,1,1,2022-03-18 09:17:58
1647595078806094000,932.0,1,932.0,1,933.0,3,1,2022-03-18 09:17:58
1647595078845620000,932.0,1,930.0,11,933.0,4,2,2022-03-18 09:17:58
1647595080185349000,930.0,1,930.0,11,931.0,1,2,2022-03-18 09:18:00
1647595082255084000,931.0,1,930.0,11,932.0,3,1,2022-03-18 09:18:02
1647595082525471000,931.0,1,930.0,11,932.0,3,2,2022-03-18 09:18:02
1647595084127086000,931.0,1,930.0,12,932.0,3,1,2022-03-18 09:18:04
1647595085508563000,931.0,1,930.0,12,932.0,2,2,2022-03-18 09:18:05
1647595086256813000,931.0,1,930.0,12,932.0,2,1,2022-03-18 09:18:06
1647595087771947000,931.0,1,930.0,13,932.0,3,2,2022-03-18 09:18:07
1647595088008324000,930.0,5,930.0,8,932.0,3,2,2022-03-18 09:18:08
1647595088038358000,931.0,1,930.0,8,932.0,3,2,2022-03-18 09:18:08
1647595088072645000,930.0,8,928.0,1,932.0,4,2,2022-03-18 09:18:08
1647595088903079000,931.0,1,928.0,1,931.0,2,1,2022-03-18 09:18:08
1647595089070555000,928.0,1,927.0,3,931.0,3,2,2022-03-18 09:18:09
1647595089081264000,931.0,2,927.0,3,931.0,1,1,2022-03-18 09:18:09
1647595089284905000,931.0,1,927.0,4,932.0,3,2,2022-03-18 09:18:09
1647595090718094000,931.0,1,931.0,1,932.0,3,2,2022-03-18 09:18:10
1647595093312175000,931.0,2,930.0,1,932.0,4,2,2022-03-18 09:18:13
1647595093346649000,930.0,1,927.0,4,932.0,4,2,2022-03-18 09:18:13
1647595094242258000,930.0,1,927.0,3,931.0,2,1,2022-03-18 09:18:14
1647595094511567000,931.0,1,927.0,3,931.0,1,1,2022-03-18 09:18:14
1647595101829002000,929.0,1,927.0,4,930.0,3,2,2022-03-18 09:18:21
1647595101974617000,930.0,1,927.0,4,930.0,2,1,2022-03-18 09:18:21
1647595104209691000,928.0,1,927.0,5,930.0,1,2,2022-03-18 09:18:24
1647595109086979000,929.0,1,927.0,5,930.0,2,1,2022-03-18 09:18:29
1647595109086979000,930.0,1,927.0,5,930.0,2,1,2022-03-18 09:18:29
1647595111520396000,930.0,1,927.0,5,930.0,3,1,2022-03-18 09:18:31
1647595124344232000,930.0,1,928.0,1,930.0,8,1,2022-03-18 09:18:44
1647595134536432000,928.0,1,927.0,6,928.0,1,1,2022-03-18 09:18:54
1647595134574651000,928.0,1,927.0,6,929.0,5,1,2022-03-18 09:18:54
1647595135006272000,927.0,1,927.0,5,929.0,5,2,2022-03-18 09:18:55
1647595139205963000,927.0,1,927.0,4,928.0,1,2,2022-03-18 09:18:59
1647595141623006000,928.0,1,927.0,4,928.0,1,1,2022-03-18 09:19:01
1647595143233934000,928.0,1,927.0,4,929.0,5,1,2022-03-18 09:19:03
1647595146565556000,927.0,1,927.0,4,929.0,5,2,2022-03-18 09:19:06
1647595158372856000,928.0,1,928.0,1,929.0,4,2,2022-03-18 09:19:18
1647595159142236000,928.0,1,927.0,6,929.0,4,2,2022-03-18 09:19:19
1647595162599536000,928.0,1,927.0,6,929.0,4,2,2022-03-18 09:19:22
1647595167228871000,928.0,1,927.0,6,929.0,4,1,2022-03-18 09:19:27
1647595171771333000,929.0,4,928.0,1,930.0,7,1,2022-03-18 09:19:31
1647595172476243000,929.0,1,928.0,1,930.0,6,1,2022-03-18 09:19:32
1647595182380621000,930.0,1,928.0,2,930.0,5,1,2022-03-18 09:19:42
1647595183171567000,930.0,2,928.0,2,930.0,3,1,2022-03-18 09:19:43
1647595186634714000,930.0,1,929.0,3,930.0,2,1,2022-03-18 09:19:46
1647595188585356000,930.0,2,930.0,1,931.0,4,1,2022-03-18 09:19:48
1647595190612255000,931.0,1,930.0,2,931.0,2,1,2022-03-18 09:19:50
1647595191230640000,931.0,1,930.0,2,931.0,1,1,2022-03-18 09:19:51
1647595191316186000,931.0,1,930.0,1,932.0,20,1,2022-03-18 09:19:51
1647595194952168000,931.0,1,930.0,3,932.0,20,2,2022-03-18 09:19:54
1647595195249011000,932.0,1,930.0,3,932.0,19,1,2022-03-18 09:19:55
1647595195306126000,932.0,4,930.0,3,932.0,15,1,2022-03-18 09:19:55
1647595196720017000,932.0,3,931.0,2,932.0,12,1,2022-03-18 09:19:56
1647595196786271000,932.0,4,931.0,2,932.0,8,1,2022-03-18 09:19:56
1647595196816698000,932.0,1,931.0,2,932.0,7,1,2022-03-18 09:19:56
1647595196816776000,932.0,7,931.0,2,933.0,1,1,2022-03-18 09:19:56
1647595196817602000,933.0,1,931.0,2,934.0,3,1,2022-03-18 09:19:56
1647595197899663000,934.0,1,931.0,4,934.0,2,1,2022-03-18 09:19:57
1647595197921141000,934.0,2,931.0,4,935.0,3,1,2022-03-18 09:19:57
1647595198247637000,935.0,1,932.0,7,935.0,2,1,2022-03-18 09:19:58
1647595200964579000,935.0,1,933.0,1,935.0,1,1,2022-03-18 09:20:00
1647595201039542000,933.0,1,932.0,7,935.0,1,2,2022-03-18 09:20:01
1647595201887382000,935.0,1,932.0,7,937.0,1,1,2022-03-18 09:20:01
1647595204433171000,932.0,1,932.0,7,937.0,2,2,2022-03-18 09:20:04
1647595208199390000,935.0,1,933.0,4,936.0,3,2,2022-03-18 09:20:08
1647595211647394000,935.0,1,933.0,2,936.0,4,2,2022-03-18 09:20:11
1647595211647394000,933.0,2,933.0,2,936.0,4,2,2022-03-18 09:20:11
1647595211698929000,936.0,1,933.0,2,936.0,3,1,2022-03-18 09:20:11
1647595214139083000,933.0,2,932.0,7,935.0,4,2,2022-03-18 09:20:14
1647595214863163000,933.0,1,932.0,7,934.0,1,2,2022-03-18 09:20:14
1647595214944990000,934.0,1,934.0,2,935.0,4,1,2022-03-18 09:20:14
1647595214974849000,934.0,2,932.0,7,935.0,4,2,2022-03-18 09:20:14
1647595216245696000,935.0,1,932.0,8,935.0,3,1,2022-03-18 09:20:16
1647595221409349000,935.0,1,934.0,1,936.0,2,1,2022-03-18 09:20:21
1647595222977910000,934.0,1,933.0,2,936.0,4,2,2022-03-18 09:20:22
1647595225935984000,934.0,2,933.0,3,935.0,3,2,2022-03-18 09:20:25
1647595226018727000,934.0,1,933.0,2,935.0,3,2,2022-03-18 09:20:26
1647595228491558000,934.0,1,933.0,2,935.0,3,2,2022-03-18 09:20:28
1647595240397198000,934.0,4,934.0,3,935.0,5,2,2022-03-18 09:20:40
1647595240426550000,934.0,3,933.0,2,935.0,5,2,2022-03-18 09:20:40
1647595240662226000,933.0,2,932.0,7,934.0,1,2,2022-03-18 09:20:40
1647595250035919000,933.0,2,932.0,3,934.0,5,1,2022-03-18 09:20:50
1647595252184144000,934.0,1,932.0,3,934.0,4,1,2022-03-18 09:20:52
1647595254019653000,933.0,1,932.0,3,934.0,4,1,2022-03-18 09:20:54
1647595259680407000,933.0,1,933.0,2,934.0,1,2,2022-03-18 09:20:59
1647595260928302000,934.0,1,933.0,3,935.0,7,1,2022-03-18 09:21:00
1647595263758405000,934.0,1,933.0,5,935.0,6,1,2022-03-18 09:21:03
1647595273799763000,934.0,1,933.0,6,935.0,6,2,2022-03-18 09:21:13
1647595280458219000,935.0,1,934.0,3,935.0,5,1,2022-03-18 09:21:20
1647595280490889000,935.0,4,934.0,3,935.0,1,1,2022-03-18 09:21:20
1647595283831864000,935.0,1,934.0,5,936.0,8,1,2022-03-18 09:21:23
1647595288843457000,936.0,3,936.0,2,937.0,9,1,2022-03-18 09:21:28
1647595289427295000,937.0,1,936.0,3,937.0,7,1,2022-03-18 09:21:29
1647595289463813000,937.0,5,936.0,3,937.0,2,1,2022-03-18 09:21:29
1647595289489246000,937.0,2,936.0,3,938.0,2,1,2022-03-18 09:21:29
1647595293224376000,938.0,1,936.0,4,938.0,1,1,2022-03-18 09:21:33
1647595293290980000,938.0,1,936.0,4,939.0,8,1,2022-03-18 09:21:33
1647595300935409000,938.0,1,938.0,2,939.0,5,2,2022-03-18 09:21:40
1647595302866593000,939.0,1,938.0,3,939.0,5,1,2022-03-18 09:21:42
1647595303824115000,939.0,1,938.0,5,939.0,4,1,2022-03-18 09:21:43
1647595303842864000,939.0,4,938.0,5,940.0,9,1,2022-03-18 09:21:43
1647595303941080000,939.0,1,938.0,5,940.0,9,1,2022-03-18 09:21:43
1647595304376341000,938.0,1,938.0,4,940.0,9,2,2022-03-18 09:21:44
1647595305715363000,939.0,1,938.0,4,940.0,8,1,2022-03-18 09:21:45
1647595305715363000,940.0,1,938.0,4,940.0,8,1,2022-03-18 09:21:45
1647595306423217000,940.0,1,938.0,4,940.0,7,1,2022-03-18 09:21:46
1647595306792419000,939.0,1,938.0,6,940.0,6,1,2022-03-18 09:21:46
1647595306792419000,940.0,1,938.0,6,940.0,6,1,2022-03-18 09:21:46
1647595308056484000,940.0,1,938.0,6,940.0,5,1,2022-03-18 09:21:48
1647595309955545000,940.0,1,939.0,3,940.0,1,1,2022-03-18 09:21:49
1647595310041088000,940.0,1,939.0,3,942.0,2,1,2022-03-18 09:21:50
1647595310218249000,939.0,1,939.0,2,942.0,3,2,2022-03-18 09:21:50
1647595314438504000,940.0,1,940.0,5,941.0,3,2,2022-03-18 09:21:54
1647595316212918000,941.0,2,940.0,8,941.0,1,1,2022-03-18 09:21:56
1647595317200556000,941.0,1,940.0,8,941.0,1,1,2022-03-18 09:21:57
1647595318519429000,941.0,1,940.0,15,942.0,5,1,2022-03-18 09:21:58
1647595319929485000,941.0,1,940.0,16,941.0,4,2,2022-03-18 09:21:59
1647595320253779000,941.0,1,940.0,16,941.0,3,1,2022-03-18 09:22:00
1647595320680047000,941.0,2,940.0,16,941.0,3,1,2022-03-18 09:22:00
1647595320786114000,940.0,2,940.0,14,941.0,3,2,2022-03-18 09:22:00
1647595321215919000,940.0,2,940.0,12,941.0,3,2,2022-03-18 09:22:01
1647595322615998000,941.0,1,940.0,14,941.0,2,1,2022-03-18 09:22:02
1647595322828768000,941.0,1,940.0,14,941.0,2,1,2022-03-18 09:22:02
1647595323227850000,940.0,1,940.0,13,941.0,2,2,2022-03-18 09:22:03
1647595323570826000,941.0,1,940.0,13,941.0,2,1,2022-03-18 09:22:03
1647595324595327000,940.0,1,940.0,13,941.0,2,2,2022-03-18 09:22:04
1647595324777140000,941.0,1,940.0,13,941.0,1,1,2022-03-18 09:22:04
1647595324824101000,941.0,1,940.0,13,942.0,5,1,2022-03-18 09:22:04
1647595327345021000,941.0,1,941.0,6,942.0,6,2,2022-03-18 09:22:07
1647595334419064000,941.0,1,941.0,18,942.0,8,2,2022-03-18 09:22:14
1647595334492560000,941.0,1,941.0,17,942.0,8,2,2022-03-18 09:22:14
1647595335229076000,941.0,1,941.0,17,942.0,8,2,2022-03-18 09:22:15
1647595338469423000,942.0,6,941.0,20,942.0,4,1,2022-03-18 09:22:18
1647595340343154000,942.0,1,941.0,22,942.0,4,1,2022-03-18 09:22:20
1647595341036844000,942.0,1,941.0,22,942.0,3,1,2022-03-18 09:22:21
1647595341322522000,942.0,1,941.0,25,942.0,2,1,2022-03-18 09:22:21
1647595341680153000,942.0,1,941.0,27,942.0,1,1,2022-03-18 09:22:21
1647595341714578000,942.0,1,941.0,27,943.0,7,1,2022-03-18 09:22:21
1647595342519412000,942.0,1,942.0,2,943.0,7,2,2022-03-18 09:22:22
1647595346987756000,943.0,4,942.0,8,943.0,4,1,2022-03-18 09:22:26
1647595347706620000,943.0,2,942.0,9,943.0,2,1,2022-03-18 09:22:27
1647595347790842000,943.0,1,942.0,9,943.0,1,1,2022-03-18 09:22:27
1647595348746752000,942.0,1,942.0,10,943.0,1,2,2022-03-18 09:22:28
1647595349973991000,943.0,1,942.0,12,944.0,6,1,2022-03-18 09:22:29
1647595353077200000,943.0,1,943.0,4,944.0,8,2,2022-03-18 09:22:33
1647595354746746000,943.0,1,943.0,7,944.0,7,2,2022-03-18 09:22:34
1647595356676305000,943.0,1,943.0,7,944.0,7,2,2022-03-18 09:22:36
1647595356863480000,943.0,1,943.0,6,944.0,7,2,2022-03-18 09:22:36
1647595357205968000,944.0,1,943.0,7,944.0,6,1,2022-03-18 09:22:37
1647595357462183000,943.0,1,943.0,6,944.0,6,2,2022-03-18 09:22:37
1647595358983225000,944.0,1,943.0,11,944.0,5,1,2022-03-18 09:22:38
1647595359517193000,943.0,1,943.0,10,944.0,5,2,2022-03-18 09:22:39
1647595360842148000,944.0,1,943.0,14,944.0,7,1,2022-03-18 09:22:40
1647595362709755000,944.0,2,943.0,14,944.0,5,1,2022-03-18 09:22:42
1647595364530594000,944.0,1,943.0,14,944.0,4,1,2022-03-18 09:22:44
1647595365150459000,944.0,4,943.0,15,945.0,6,1,2022-03-18 09:22:45
1647595366095816000,944.0,1,943.0,16,945.0,6,2,2022-03-18 09:22:46
1647595367150956000,944.0,1,943.0,16,945.0,7,1,2022-03-18 09:22:47
1647595367884508000,944.0,1,943.0,17,945.0,7,2,2022-03-18 09:22:47
1647595369339430000,944.0,1,943.0,17,944.0,1,1,2022-03-18 09:22:49
1647595370912157000,943.0,16,942.0,14,944.0,4,2,2022-03-18 09:22:50
1647595370912390000,944.0,1,942.0,14,944.0,3,1,2022-03-18 09:22:50
1647595371150229000,943.0,1,942.0,14,944.0,3,1,2022-03-18 09:22:51
1647595372138581000,943.0,1,942.0,14,943.0,3,1,2022-03-18 09:22:52
1647595372432984000,943.0,1,942.0,14,943.0,3,1,2022-03-18 09:22:52
1647595373041591000,943.0,1,942.0,14,943.0,2,1,2022-03-18 09:22:53
1647595373083533000,942.0,1,942.0,13,943.0,2,2,2022-03-18 09:22:53
1647595373239287000,943.0,2,942.0,13,944.0,2,1,2022-03-18 09:22:53
1647595373239287000,944.0,1,942.0,13,944.0,2,1,2022-03-18 09:22:53
1647595373304303000,942.0,8,942.0,5,944.0,2,2,2022-03-18 09:22:53
1647595373306054000,942.0,1,942.0,4,944.0,2,2,2022-03-18 09:22:53
1647595373374555000,942.0,4,941.0,17,944.0,4,2,2022-03-18 09:22:53
1647595373691004000,941.0,17,940.0,8,943.0,1,2,2022-03-18 09:22:53
1647595373735189000,940.0,1,940.0,7,943.0,2,2,2022-03-18 09:22:53
1647595373768204000,940.0,2,940.0,5,943.0,2,2,2022-03-18 09:22:53
1647595373799132000,940.0,5,939.0,2,943.0,2,2,2022-03-18 09:22:53
1647595375010534000,939.0,1,938.0,3,942.0,5,2,2022-03-18 09:22:55
1647595377292665000,939.0,1,938.0,3,941.0,4,2,2022-03-18 09:22:57
1647595378776149000,939.0,1,938.0,2,941.0,7,2,2022-03-18 09:22:58
1647595380841192000,939.0,1,938.0,2,941.0,5,2,2022-03-18 09:23:00
1647595383080211000,938.0,3,937.0,1,939.0,2,2,2022-03-18 09:23:03
1647595384145948000,938.0,1,937.0,5,939.0,2,1,2022-03-18 09:23:04
1647595386301295000,939.0,1,938.0,2,939.0,2,1,2022-03-18 09:23:06
1647595391295563000,939.0,2,938.0,2,940.0,3,1,2022-03-18 09:23:11
1647595393929844000,938.0,1,937.0,4,938.0,4,2,2022-03-18 09:23:13
1647595394101447000,938.0,1,937.0,3,938.0,3,1,2022-03-18 09:23:14
1647595394128737000,938.0,3,937.0,3,939.0,2,1,2022-03-18 09:23:14
1647595397304615000,939.0,4,938.0,1,940.0,4,1,2022-03-18 09:23:17
1647595398972684000,938.0,1,937.0,4,940.0,5,2,2022-03-18 09:23:18
1647595399799302000,938.0,1,937.0,3,938.0,4,1,2022-03-18 09:23:19
1647595400657195000,938.0,1,937.0,3,938.0,3,1,2022-03-18 09:23:20
1647595405197179000,937.0,1,937.0,3,938.0,6,2,2022-03-18 09:23:25
1647595405594142000,937.0,3,936.0,5,938.0,6,2,2022-03-18 09:23:25
1647595406119253000,938.0,1,936.0,5,938.0,6,1,2022-03-18 09:23:26
1647595407378377000,936.0,1,936.0,4,938.0,6,2,2022-03-18 09:23:27
1647595408151926000,938.0,1,936.0,4,938.0,5,1,2022-03-18 09:23:28
1647595408411296000,938.0,1,936.0,4,938.0,4,1,2022-03-18 09:23:28
1647595408436794000,938.0,1,936.0,4,938.0,3,1,2022-03-18 09:23:28
1647595414470429000,938.0,1,936.0,7,938.0,3,1,2022-03-18 09:23:34
1647595414583123000,938.0,3,936.0,7,940.0,5,1,2022-03-18 09:23:34
1647595422156443000,938.0,1,938.0,2,939.0,2,2,2022-03-18 09:23:42
1647595423211694000,938.0,1,938.0,1,939.0,2,2,2022-03-18 09:23:43
1647595424485739000,938.0,1,937.0,5,939.0,2,2,2022-03-18 09:23:44
1647595431682296000,938.0,1,937.0,5,939.0,2,1,2022-03-18 09:23:51
1647595455091749000,938.0,1,937.0,4,938.0,6,1,2022-03-18 09:24:15
1647595456168554000,938.0,1,937.0,4,938.0,5,1,2022-03-18 09:24:16
1647595458033117000,938.0,1,937.0,4,938.0,4,1,2022-03-18 09:24:18
1647595462101999000,938.0,3,937.0,4,938.0,1,1,2022-03-18 09:24:22
1647595463124467000,938.0,1,937.0,4,938.0,2,1,2022-03-18 09:24:23
1647595463311922000,938.0,1,937.0,4,938.0,1,1,2022-03-18 09:24:23
1647595467419709000,937.0,1,937.0,3,938.0,5,2,2022-03-18 09:24:27
1647595481838171000,937.0,3,936.0,5,938.0,6,2,2022-03-18 09:24:41
1647595483169970000,936.0,4,936.0,1,937.0,5,2,2022-03-18 09:24:43
1647595483200629000,936.0,1,935.0,2,937.0,5,2,2022-03-18 09:24:43
1647595502483520000,936.0,3,935.0,2,936.0,2,2,2022-03-18 09:25:02
1647595507443662000,935.0,1,935.0,1,936.0,4,2,2022-03-18 09:25:07
1647595507468219000,935.0,1,934.0,3,936.0,4,2,2022-03-18 09:25:07
1647595515321719000,934.0,3,933.0,6,934.0,2,2,2022-03-18 09:25:15
1647595527152374000,933.0,1,933.0,5,934.0,4,2,2022-03-18 09:25:27
1647595530038491000,933.0,2,933.0,3,934.0,4,2,2022-03-18 09:25:30
1647595530675076000,933.0,1,933.0,2,934.0,5,2,2022-03-18 09:25:30
1647595532426940000,933.0,1,933.0,1,934.0,5,2,2022-03-18 09:25:32
1647595532521319000,933.0,1,932.0,2,934.0,5,2,2022-03-18 09:25:32
1647595542880316000,932.0,1,932.0,1,933.0,5,2,2022-03-18 09:25:42
1647595546098796000,932.0,1,932.0,1,933.0,6,2,2022-03-18 09:25:46
1647595546864328000,932.0,1,931.0,3,933.0,6,2,2022-03-18 09:25:46
1647595551984931000,931.0,3,929.0,1,932.0,1,2,2022-03-18 09:25:51
1647595551984931000,930.0,24,929.0,1,932.0,1,2,2022-03-18 09:25:51
1647595551984931000,929.0,3,929.0,1,932.0,1,2,2022-03-18 09:25:51
1647595552017006000,929.0,1,928.0,2,932.0,1,2,2022-03-18 09:25:52
1647595552347709000,931.0,1,928.0,2,932.0,1,2,2022-03-18 09:25:52
1647595557287329000,929.0,1,928.0,5,931.0,3,2,2022-03-18 09:25:57
1647595557871264000,928.0,1,928.0,4,931.0,3,2,2022-03-18 09:25:57
1647595558751967000,928.0,1,928.0,1,930.0,2,2,2022-03-18 09:25:58
1647595558815058000,928.0,1,927.0,5,930.0,2,2,2022-03-18 09:25:58
1647595561721764000,927.0,1,927.0,4,930.0,4,2,2022-03-18 09:26:01
1647595561822308000,927.0,4,926.0,2,927.0,5,2,2022-03-18 09:26:01
1647595561852475000,927.0,5,926.0,2,930.0,4,1,2022-03-18 09:26:01
1647595563059568000,930.0,1,927.0,2,930.0,3,1,2022-03-18 09:26:03
1647595567474292000,928.0,1,928.0,1,930.0,8,2,2022-03-18 09:26:07
1647595572403167000,928.0,1,927.0,1,929.0,1,2,2022-03-18 09:26:12
1647595573787072000,927.0,1,926.0,3,929.0,2,2,2022-03-18 09:26:13
1647595576810658000,928.0,1,926.0,2,929.0,2,1,2022-03-18 09:26:16
1647595578585295000,926.0,1,926.0,1,928.0,4,2,2022-03-18 09:26:18
1647595581336919000,927.0,1,926.0,1,928.0,6,2,2022-03-18 09:26:21
1647595583186124000,926.0,2,924.0,2,925.0,3,2,2022-03-18 09:26:23
1647595583186124000,925.0,5,924.0,2,925.0,3,2,2022-03-18 09:26:23
1647595583376649000,925.0,1,924.0,2,925.0,2,1,2022-03-18 09:26:23
1647595584305065000,925.0,2,924.0,3,926.0,1,1,2022-03-18 09:26:24
1647595586202337000,925.0,1,924.0,3,926.0,1,1,2022-03-18 09:26:26
1647595591097589000,925.0,1,924.0,3,926.0,1,2,2022-03-18 09:26:31
1647595599062459000,925.0,1,925.0,1,926.0,2,2,2022-03-18 09:26:39
1647595607620371000,925.0,1,925.0,2,926.0,2,2,2022-03-18 09:26:47
1647595607817387000,925.0,1,925.0,1,926.0,2,2,2022-03-18 09:26:47
1647595609177065000,925.0,1,925.0,1,926.0,2,2,2022-03-18 09:26:49
1647595611116851000,925.0,1,924.0,3,926.0,2,2,2022-03-18 09:26:51
1647595611678283000,925.0,1,924.0,3,926.0,2,2,2022-03-18 09:26:51
1647595612547940000,925.0,1,924.0,3,926.0,2,1,2022-03-18 09:26:52
1647595613482683000,926.0,1,924.0,5,926.0,1,1,2022-03-18 09:26:53
1647595613516885000,926.0,1,924.0,5,927.0,1,1,2022-03-18 09:26:53
1647595614820912000,925.0,1,924.0,4,927.0,4,2,2022-03-18 09:26:54
1647595622787801000,925.0,1,925.0,1,927.0,4,2,2022-03-18 09:27:02
1647595641464475000,926.0,1,925.0,3,927.0,4,2,2022-03-18 09:27:21
1647595645772945000,927.0,1,925.0,4,927.0,3,1,2022-03-18 09:27:25
1647595648493955000,927.0,1,925.0,4,927.0,2,1,2022-03-18 09:27:28
1647595651205188000,927.0,1,925.0,5,927.0,1,1,2022-03-18 09:27:31
1647595651242671000,927.0,1,925.0,5,929.0,1,1,2022-03-18 09:27:31
1647595652366749000,928.0,1,925.0,6,929.0,1,1,2022-03-18 09:27:32
1647595655803384000,929.0,2,927.0,1,930.0,7,1,2022-03-18 09:27:35
1647595669159227000,928.0,1,928.0,3,932.0,3,2,2022-03-18 09:27:49
1647595683250488000,930.0,3,930.0,2,931.0,1,2,2022-03-18 09:28:03
1647595683269609000,930.0,2,929.0,2,931.0,1,2,2022-03-18 09:28:03
1647595686576832000,930.0,1,929.0,2,931.0,1,1,2022-03-18 09:28:06
1647595699712886000,931.0,1,930.0,2,932.0,6,1,2022-03-18 09:28:19
1647595700526281000,930.0,1,930.0,1,932.0,6,2,2022-03-18 09:28:20
1647595702715616000,930.0,1,929.0,4,932.0,6,2,2022-03-18 09:28:22
1647595718391000000,929.0,1,929.0,2,931.0,4,2,2022-03-18 09:28:38
1647595718620864000,929.0,2,928.0,4,931.0,5,2,2022-03-18 09:28:38
1647595727218260000,930.0,1,928.0,3,931.0,4,1,2022-03-18 09:28:47
1647595730231487000,930.0,1,928.0,4,931.0,4,1,2022-03-18 09:28:50
1647595762890210000,931.0,1,930.0,4,931.0,1,1,2022-03-18 09:29:22
1647595771059728000,931.0,1,930.0,5,932.0,8,1,2022-03-18 09:29:31
1647595815544048000,932.0,1,931.0,3,932.0,5,1,2022-03-18 09:30:15
1647595816731302000,931.0,1,931.0,2,932.0,5,2,2022-03-18 09:30:16
1647595821329777000,931.0,1,931.0,1,932.0,5,2,2022-03-18 09:30:21
1647595822504463000,931.0,1,930.0,4,932.0,5,2,2022-03-18 09:30:22
1647595827732523000,930.0,4,929.0,3,930.0,1,2,2022-03-18 09:30:27
1647595832952475000,930.0,3,929.0,2,932.0,5,1,2022-03-18 09:30:32
1647595845649812000,929.0,3,928.0,3,929.0,2,2,2022-03-18 09:30:45
1647595845800563000,929.0,2,928.0,3,930.0,3,1,2022-03-18 09:30:45
1647595879739210000,929.0,1,928.0,5,930.0,3,1,2022-03-18 09:31:19
1647595885555355000,930.0,2,929.0,2,930.0,2,1,2022-03-18 09:31:25
1647595885586472000,930.0,2,929.0,2,931.0,1,1,2022-03-18 09:31:25
1647595908465812000,931.0,1,930.0,4,933.0,1,1,2022-03-18 09:31:48
1647595908465812000,932.0,6,930.0,4,933.0,1,1,2022-03-18 09:31:48
1647595935428462000,933.0,1,932.0,4,933.0,1,1,2022-03-18 09:32:15
1647595939362754000,933.0,1,932.0,4,936.0,2,1,2022-03-18 09:32:19
1647595971110249000,936.0,1,935.0,1,936.0,2,1,2022-03-18 09:32:51
1647595975960207000,936.0,2,936.0,3,937.0,1,1,2022-03-18 09:32:55
1647595983882492000,937.0,1,936.0,5,938.0,1,1,2022-03-18 09:33:03
1647595988807546000,937.0,1,936.0,5,938.0,1,1,2022-03-18 09:33:08
1647595993108607000,938.0,1,937.0,4,939.0,3,1,2022-03-18 09:33:13
1647595997730687000,939.0,1,938.0,1,940.0,4,1,2022-03-18 09:33:17
1647596000693568000,938.0,1,938.0,1,940.0,4,2,2022-03-18 09:33:20
1647596005040273000,940.0,1,938.0,2,940.0,3,1,2022-03-18 09:33:25
1647596015338951000,940.0,1,938.0,3,940.0,5,1,2022-03-18 09:33:35
1647596024547192000,939.0,1,938.0,2,940.0,6,1,2022-03-18 09:33:44
1647596034235838000,938.0,2,937.0,2,939.0,3,2,2022-03-18 09:33:54
1647596037563982000,937.0,1,937.0,1,939.0,6,2,2022-03-18 09:33:57
1647596037585652000,937.0,1,936.0,4,939.0,6,2,2022-03-18 09:33:57
1647596041564129000,936.0,1,936.0,3,938.0,4,2,2022-03-18 09:34:01
1647596041607800000,936.0,3,935.0,1,938.0,4,2,2022-03-18 09:34:01
1647596041708857000,935.0,1,934.0,1,936.0,3,2,2022-03-18 09:34:01
1647596045114023000,935.0,1,934.0,1,936.0,5,1,2022-03-18 09:34:05
1647596063303482000,934.0,1,933.0,1,935.0,4,2,2022-03-18 09:34:23
1647596064742540000,934.0,1,933.0,3,935.0,4,2,2022-03-18 09:34:24
1647596066639419000,934.0,1,934.0,2,935.0,4,2,2022-03-18 09:34:26
1647596069071256000,935.0,1,934.0,3,935.0,2,1,2022-03-18 09:34:29
1647596069115782000,935.0,2,934.0,3,936.0,2,1,2022-03-18 09:34:29
1647596069947584000,936.0,1,935.0,1,938.0,5,1,2022-03-18 09:34:29
1647596070698855000,935.0,2,933.0,2,934.0,1,2,2022-03-18 09:34:30
1647596070698855000,934.0,2,933.0,2,934.0,1,2,2022-03-18 09:34:30
1647596070724287000,934.0,1,933.0,2,938.0,5,1,2022-03-18 09:34:30
1647596073300756000,934.0,1,934.0,3,938.0,4,2,2022-03-18 09:34:33
1647596074288893000,935.0,1,934.0,4,938.0,3,1,2022-03-18 09:34:34
1647596081915414000,935.0,1,934.0,3,937.0,2,1,2022-03-18 09:34:41
1647596088050893000,935.0,1,934.0,3,936.0,1,2,2022-03-18 09:34:48
1647596148503320000,934.0,1,934.0,5,935.0,5,2,2022-03-18 09:35:48
1647596150981829000,934.0,5,933.0,2,935.0,5,2,2022-03-18 09:35:50
1647596154926238000,934.0,2,933.0,1,934.0,3,1,2022-03-18 09:35:54
1647596154956695000,934.0,3,933.0,1,935.0,1,1,2022-03-18 09:35:54
1647596154992181000,935.0,1,933.0,1,936.0,1,1,2022-03-18 09:35:54
1647596167306601000,934.0,1,933.0,2,936.0,1,2,2022-03-18 09:36:07
1647596177869753000,933.0,1,932.0,2,936.0,5,2,2022-03-18 09:36:17
1647596184589220000,934.0,2,932.0,2,934.0,3,1,2022-03-18 09:36:24
1647596184617495000,934.0,3,932.0,2,935.0,1,1,2022-03-18 09:36:24
1647596194862564000,935.0,1,932.0,2,936.0,3,1,2022-03-18 09:36:34
1647596198393108000,936.0,2,933.0,2,937.0,1,1,2022-03-18 09:36:38
1647596211845337000,936.0,1,935.0,3,938.0,2,2,2022-03-18 09:36:51
1647596231166093000,937.0,1,936.0,10,937.0,1,1,2022-03-18 09:37:11
1647596231191080000,937.0,1,936.0,10,938.0,2,1,2022-03-18 09:37:11
1647596234151392000,938.0,2,937.0,2,939.0,3,1,2022-03-18 09:37:14
1647596236890982000,939.0,2,937.0,5,940.0,10,1,2022-03-18 09:37:16
1647596236914301000,940.0,8,937.0,5,940.0,1,1,2022-03-18 09:37:16
1647596236945098000,940.0,1,938.0,1,941.0,7,1,2022-03-18 09:37:16
1647596237985976000,939.0,1,938.0,2,941.0,7,2,2022-03-18 09:37:17
1647596237985976000,938.0,1,938.0,2,941.0,7,2,2022-03-18 09:37:17
1647596237986152000,938.0,1,938.0,1,941.0,7,2,2022-03-18 09:37:17
1647596255925162000,940.0,1,939.0,3,941.0,6,1,2022-03-18 09:37:35
1647596260239817000,939.0,1,939.0,3,941.0,6,2,2022-03-18 09:37:40
1647596269911874000,940.0,1,940.0,2,941.0,7,2,2022-03-18 09:37:49
1647596269943514000,940.0,1,940.0,1,941.0,7,2,2022-03-18 09:37:49
1647596271920134000,941.0,1,940.0,1,941.0,6,1,2022-03-18 09:37:51
1647596285681494000,941.0,1,940.0,3,941.0,7,1,2022-03-18 09:38:05
1647596290360748000,941.0,1,940.0,3,941.0,7,1,2022-03-18 09:38:10
1647596290995538000,941.0,7,941.0,2,942.0,1,1,2022-03-18 09:38:10
1647596312194788000,942.0,1,942.0,3,943.0,4,2,2022-03-18 09:38:32
1647596313367270000,943.0,1,942.0,3,943.0,3,1,2022-03-18 09:38:33
1647596315242907000,943.0,1,942.0,4,943.0,2,1,2022-03-18 09:38:35
1647596318282984000,943.0,2,942.0,5,943.0,1,1,2022-03-18 09:38:38
1647596318312396000,943.0,1,942.0,5,944.0,1,1,2022-03-18 09:38:38
1647596323561913000,944.0,1,943.0,2,944.0,2,1,2022-03-18 09:38:43
1647596324290664000,943.0,1,943.0,1,944.0,3,2,2022-03-18 09:38:44
1647596324525075000,943.0,1,942.0,5,944.0,3,2,2022-03-18 09:38:44
1647596327864505000,943.0,1,942.0,5,944.0,3,2,2022-03-18 09:38:47
1647596329873566000,943.0,1,942.0,5,944.0,3,1,2022-03-18 09:38:49
1647596330598376000,944.0,1,942.0,5,944.0,3,1,2022-03-18 09:38:50
1647596333901698000,943.0,1,942.0,5,944.0,3,1,2022-03-18 09:38:53
1647596337651560000,944.0,4,942.0,5,946.0,2,1,2022-03-18 09:38:57
1647596337651560000,945.0,6,942.0,5,946.0,2,1,2022-03-18 09:38:57
1647596341978962000,944.0,1,943.0,2,944.0,1,1,2022-03-18 09:39:01
1647596347468979000,944.0,1,943.0,6,944.0,1,1,2022-03-18 09:39:07
1647596347569777000,944.0,1,943.0,6,946.0,4,1,2022-03-18 09:39:07
1647596349437027000,944.0,1,944.0,1,945.0,1,2,2022-03-18 09:39:09
1647596355236311000,945.0,2,944.0,6,946.0,2,1,2022-03-18 09:39:15
1647596358012474000,946.0,1,944.0,6,946.0,1,1,2022-03-18 09:39:18
1647596358039904000,946.0,1,944.0,6,947.0,1,1,2022-03-18 09:39:18
1647596359472753000,947.0,1,944.0,7,947.0,1,1,2022-03-18 09:39:19
1647596369555076000,947.0,1,945.0,2,947.0,4,1,2022-03-18 09:39:29
1647596370230030000,947.0,1,946.0,2,947.0,2,1,2022-03-18 09:39:30
1647596370770323000,947.0,2,946.0,3,948.0,1,1,2022-03-18 09:39:30
1647596371017103000,946.0,1,946.0,2,948.0,1,2,2022-03-18 09:39:31
1647596371438114000,948.0,2,946.0,2,949.0,1,1,2022-03-18 09:39:31
1647596371438114000,949.0,1,946.0,2,949.0,1,1,2022-03-18 09:39:31
1647596372591617000,949.0,1,947.0,2,949.0,1,1,2022-03-18 09:39:32
1647596372778124000,947.0,1,947.0,1,950.0,7,2,2022-03-18 09:39:32
1647596372864487000,947.0,1,946.0,2,947.0,4,2,2022-03-18 09:39:32
1647596375285394000,947.0,4,947.0,12,949.0,1,1,2022-03-18 09:39:35
1647596380923467000,948.0,1,947.0,14,949.0,4,2,2022-03-18 09:39:40
1647596386309256000,949.0,1,947.0,15,949.0,3,1,2022-03-18 09:39:46
1647596388498924000,949.0,1,947.0,16,949.0,2,1,2022-03-18 09:39:48
1647596390024950000,948.0,1,947.0,17,948.0,1,1,2022-03-18 09:39:50
1647596392342369000,948.0,1,947.0,17,949.0,2,1,2022-03-18 09:39:52
1647596392788930000,947.0,1,947.0,16,949.0,2,2,2022-03-18 09:39:52
1647596393631311000,948.0,1,947.0,16,949.0,3,1,2022-03-18 09:39:53
1647596394209698000,948.0,1,947.0,16,949.0,2,1,2022-03-18 09:39:54
1647596396605192000,948.0,1,947.0,17,949.0,2,1,2022-03-18 09:39:56
1647596397278364000,949.0,1,947.0,17,949.0,1,1,2022-03-18 09:39:57
1647596398889420000,948.0,1,948.0,2,949.0,1,1,2022-03-18 09:39:58
1647596406731132000,948.0,5,947.0,18,949.0,4,2,2022-03-18 09:40:06
1647596420089309000,948.0,1,947.0,19,948.0,4,1,2022-03-18 09:40:20
1647596422962010000,947.0,1,947.0,17,948.0,5,2,2022-03-18 09:40:22
1647596422990857000,947.0,2,947.0,15,948.0,5,2,2022-03-18 09:40:22
1647596423022909000,947.0,1,947.0,14,948.0,5,2,2022-03-18 09:40:23
1647596423023291000,947.0,13,947.0,1,948.0,5,2,2022-03-18 09:40:23
1647596423023307000,947.0,1,946.0,3,948.0,5,2,2022-03-18 09:40:23
1647596423174827000,948.0,1,946.0,3,948.0,5,1,2022-03-18 09:40:23
1647596423356096000,946.0,3,946.0,1,948.0,6,2,2022-03-18 09:40:23
1647596423758074000,946.0,1,945.0,1,948.0,6,2,2022-03-18 09:40:23
1647596426690411000,945.0,1,944.0,1,947.0,4,2,2022-03-18 09:40:26
1647596435785244000,944.0,2,943.0,2,945.0,6,1,2022-03-18 09:40:35
1647596437615709000,945.0,1,944.0,4,945.0,9,1,2022-03-18 09:40:37
1647596440917904000,944.0,2,944.0,2,945.0,10,2,2022-03-18 09:40:40
1647596442385366000,944.0,1,944.0,3,945.0,10,1,2022-03-18 09:40:42
1647596443213402000,945.0,4,944.0,3,945.0,6,1,2022-03-18 09:40:43
1647596443330798000,945.0,3,943.0,2,945.0,3,1,2022-03-18 09:40:43
1647596443353287000,945.0,2,943.0,2,945.0,1,1,2022-03-18 09:40:43
1647596443445500000,945.0,1,943.0,3,946.0,2,1,2022-03-18 09:40:43
1647596443721242000,944.0,1,943.0,3,946.0,3,1,2022-03-18 09:40:43
1647596443805174000,944.0,1,943.0,3,946.0,3,1,2022-03-18 09:40:43
1647596443960135000,943.0,1,943.0,3,945.0,1,2,2022-03-18 09:40:43
1647596446404920000,944.0,1,944.0,2,945.0,1,2,2022-03-18 09:40:46
1647596447391661000,944.0,1,944.0,2,945.0,1,2,2022-03-18 09:40:47
1647596448790676000,944.0,1,944.0,1,945.0,2,2,2022-03-18 09:40:48
1647596449640680000,945.0,1,943.0,3,945.0,2,1,2022-03-18 09:40:49
1647596453291472000,945.0,1,944.0,4,945.0,1,1,2022-03-18 09:40:53
1647596456951307000,945.0,1,944.0,4,946.0,2,1,2022-03-18 09:40:56
1647596458892038000,946.0,1,945.0,3,947.0,4,1,2022-03-18 09:40:58
1647596459667905000,945.0,1,945.0,2,947.0,4,2,2022-03-18 09:40:59
1647596468226898000,945.0,1,944.0,3,946.0,4,2,2022-03-18 09:41:08
1647596477646243000,945.0,1,944.0,2,945.0,2,1,2022-03-18 09:41:17
1647596477982840000,945.0,2,944.0,2,946.0,4,1,2022-03-18 09:41:17
1647596480675090000,945.0,1,944.0,2,945.0,4,1,2022-03-18 09:41:20
1647596481305863000,945.0,1,944.0,2,945.0,5,1,2022-03-18 09:41:21
1647596484773174000,944.0,1,944.0,1,945.0,5,2,2022-03-18 09:41:24
1647596486959578000,944.0,1,943.0,3,945.0,5,2,2022-03-18 09:41:26
1647596496201348000,943.0,1,943.0,1,944.0,3,2,2022-03-18 09:41:36
1647596496230434000,944.0,3,943.0,1,945.0,3,1,2022-03-18 09:41:36
1647596506720903000,944.0,1,944.0,1,945.0,3,2,2022-03-18 09:41:46
1647596506753054000,944.0,1,943.0,2,945.0,3,2,2022-03-18 09:41:46
1647596516104521000,943.0,1,942.0,2,944.0,1,2,2022-03-18 09:41:56
1647596517434364000,942.0,2,941.0,2,944.0,5,2,2022-03-18 09:41:57
1647596534804161000,942.0,1,941.0,4,943.0,1,1,2022-03-18 09:42:14
1647596534835128000,943.0,1,941.0,4,944.0,5,1,2022-03-18 09:42:14
1647596536343566000,944.0,1,942.0,3,944.0,3,1,2022-03-18 09:42:16
1647596541696844000,944.0,3,942.0,4,945.0,5,1,2022-03-18 09:42:21
1647596545668948000,944.0,1,942.0,5,945.0,4,1,2022-03-18 09:42:25
1647596545694557000,945.0,4,942.0,5,946.0,2,1,2022-03-18 09:42:25
1647596546260918000,946.0,1,944.0,3,946.0,1,1,2022-03-18 09:42:26
1647596546266293000,946.0,1,944.0,3,947.0,2,1,2022-03-18 09:42:26
1647596546339679000,947.0,1,945.0,1,948.0,2,1,2022-03-18 09:42:26
1647596547753756000,948.0,1,946.0,2,949.0,3,1,2022-03-18 09:42:27
1647596564728759000,948.0,1,946.0,3,948.0,3,1,2022-03-18 09:42:44
1647596566266697000,948.0,1,946.0,3,948.0,3,1,2022-03-18 09:42:46
1647596569886698000,948.0,2,946.0,3,948.0,2,1,2022-03-18 09:42:49
1647596573301669000,947.0,1,946.0,4,947.0,1,1,2022-03-18 09:42:53
1647596573323947000,947.0,1,946.0,4,948.0,2,1,2022-03-18 09:42:53
1647596584852075000,948.0,1,947.0,3,948.0,1,1,2022-03-18 09:43:04
1647596586320943000,948.0,1,947.0,3,949.0,4,1,2022-03-18 09:43:06
1647596593624349000,948.0,1,948.0,1,949.0,2,2,2022-03-18 09:43:13
1647596597184659000,948.0,1,948.0,1,949.0,3,2,2022-03-18 09:43:17
1647596600723141000,948.0,1,948.0,4,949.0,3,2,2022-03-18 09:43:20
1647596605130710000,949.0,1,948.0,5,949.0,3,1,2022-03-18 09:43:25
1647596610062172000,949.0,2,948.0,3,949.0,1,1,2022-03-18 09:43:30
1647596611941513000,948.0,1,948.0,2,949.0,1,2,2022-03-18 09:43:31
1647596622011103000,949.0,1,948.0,4,949.0,2,1,2022-03-18 09:43:42
1647596628587901000,948.0,2,948.0,1,949.0,7,2,2022-03-18 09:43:48
1647596628606664000,948.0,1,947.0,1,949.0,7,2,2022-03-18 09:43:48
1647596631364661000,947.0,3,946.0,4,948.0,4,2,2022-03-18 09:43:51
1647596635393164000,946.0,1,946.0,3,948.0,7,2,2022-03-18 09:43:55
1647596635679718000,948.0,1,946.0,3,948.0,7,1,2022-03-18 09:43:55
1647596643603633000,946.0,3,943.0,3,948.0,8,2,2022-03-18 09:44:03
1647596644579446000,946.0,1,943.0,3,948.0,8,2,2022-03-18 09:44:04
1647596653822782000,945.0,1,943.0,3,947.0,6,2,2022-03-18 09:44:13
1647596653854016000,943.0,2,943.0,1,947.0,6,2,2022-03-18 09:44:13
1647596656436122000,944.0,1,943.0,1,947.0,6,2,2022-03-18 09:44:16
1647596694499613000,944.0,4,943.0,3,947.0,8,2,2022-03-18 09:44:54
1647596697112747000,944.0,1,944.0,1,947.0,8,2,2022-03-18 09:44:57
1647596698622352000,944.0,1,944.0,1,947.0,8,2,2022-03-18 09:44:58
1647596721637956000,943.0,1,942.0,2,946.0,7,2,2022-03-18 09:45:21
1647596730724395000,942.0,1,942.0,3,943.0,1,2,2022-03-18 09:45:30
1647596730796435000,943.0,3,941.0,1,943.0,1,1,2022-03-18 09:45:30
1647596730822611000,943.0,1,941.0,1,945.0,1,1,2022-03-18 09:45:30
1647596751818108000,943.0,1,942.0,1,945.0,4,2,2022-03-18 09:45:51
1647596758208286000,942.0,1,941.0,3,943.0,1,2,2022-03-18 09:45:58
1647596770050306000,941.0,2,941.0,1,942.0,3,2,2022-03-18 09:46:10
1647596775202810000,941.0,1,940.0,3,942.0,4,2,2022-03-18 09:46:15
1647596776366131000,940.0,1,940.0,2,942.0,3,2,2022-03-18 09:46:16
1647596780482244000,940.0,1,939.0,3,941.0,6,2,2022-03-18 09:46:20
1647596789873573000,939.0,1,939.0,3,940.0,4,2,2022-03-18 09:46:29
1647596792468956000,939.0,1,939.0,3,940.0,4,2,2022-03-18 09:46:32
1647596792677798000,939.0,1,939.0,2,940.0,4,2,2022-03-18 09:46:32
1647596792822046000,939.0,1,939.0,1,940.0,4,2,2022-03-18 09:46:32
1647596795199850000,939.0,1,938.0,3,939.0,1,2,2022-03-18 09:46:35
1647596803538584000,938.0,1,936.0,3,939.0,5,2,2022-03-18 09:46:43
1647596818320711000,936.0,1,936.0,2,938.0,5,2,2022-03-18 09:46:58
1647596820569461000,936.0,2,935.0,7,938.0,5,2,2022-03-18 09:47:00
1647596822419876000,935.0,1,935.0,6,938.0,5,2,2022-03-18 09:47:02
1647596835439246000,936.0,1,935.0,5,938.0,4,2,2022-03-18 09:47:15
1647596848263827000,938.0,5,936.0,2,940.0,1,1,2022-03-18 09:47:28
1647596849899492000,940.0,1,937.0,3,941.0,1,1,2022-03-18 09:47:29
1647596851465369000,941.0,1,938.0,1,941.0,1,1,2022-03-18 09:47:31
1647596852463245000,941.0,1,938.0,1,943.0,1,1,2022-03-18 09:47:32
1647596874473539000,941.0,1,937.0,2,943.0,2,2,2022-03-18 09:47:54
1647596899776774000,940.0,1,938.0,1,941.0,4,2,2022-03-18 09:48:19
1647596913184433000,940.0,1,938.0,1,941.0,4,1,2022-03-18 09:48:33
1647596920182766000,941.0,4,938.0,1,942.0,1,1,2022-03-18 09:48:40
1647596927176915000,943.0,1,940.0,2,945.0,3,1,2022-03-18 09:48:47
1647596937134724000,943.0,1,940.0,3,945.0,4,1,2022-03-18 09:48:57
1647596954733867000,943.0,1,941.0,2,944.0,3,2,2022-03-18 09:49:14
1647596969962609000,941.0,1,941.0,1,944.0,3,2,2022-03-18 09:49:29
1647596970002816000,941.0,1,940.0,2,944.0,4,2,2022-03-18 09:49:30
1647596975859755000,940.0,1,938.0,2,943.0,5,2,2022-03-18 09:49:35
1647596979239448000,938.0,1,937.0,2,942.0,3,2,2022-03-18 09:49:39
1647596982921637000,937.0,1,937.0,1,941.0,3,2,2022-03-18 09:49:42
1647596982940587000,937.0,1,936.0,7,941.0,4,2,2022-03-18 09:49:42
1647596989046584000,938.0,1,936.0,7,940.0,3,2,2022-03-18 09:49:49
1647596999189317000,937.0,2,936.0,6,939.0,1,2,2022-03-18 09:49:59
1647597007233171000,936.0,2,936.0,3,939.0,7,2,2022-03-18 09:50:07
1647597007254092000,936.0,3,935.0,10,939.0,7,2,2022-03-18 09:50:07
1647597011442476000,935.0,2,935.0,8,938.0,1,2,2022-03-18 09:50:11
1647597012350372000,935.0,1,935.0,7,938.0,4,2,2022-03-18 09:50:12
1647597012381958000,935.0,1,935.0,6,938.0,4,2,2022-03-18 09:50:12
1647597012382234000,935.0,6,934.0,1,938.0,4,2,2022-03-18 09:50:12
1647597013559987000,934.0,1,933.0,4,935.0,2,2,2022-03-18 09:50:13
1647597014276109000,934.0,3,933.0,4,935.0,1,1,2022-03-18 09:50:14
1647597014276109000,935.0,1,933.0,4,935.0,1,1,2022-03-18 09:50:14
1647597018950908000,933.0,1,933.0,3,935.0,1,2,2022-03-18 09:50:18
1647597020331311000,935.0,1,933.0,3,935.0,2,1,2022-03-18 09:50:20
1647597026607316000,934.0,1,933.0,3,935.0,5,2,2022-03-18 09:50:26
1647597033221040000,934.0,1,933.0,3,935.0,6,2,2022-03-18 09:50:33
1647597038327382000,933.0,1,933.0,3,935.0,6,2,2022-03-18 09:50:38
1647597065507284000,933.0,3,933.0,1,934.0,6,2,2022-03-18 09:51:05
1647597066454003000,933.0,1,932.0,3,934.0,6,2,2022-03-18 09:51:06
1647597081185536000,933.0,1,933.0,1,934.0,5,2,2022-03-18 09:51:21
1647597089713798000,933.0,1,933.0,1,934.0,7,2,2022-03-18 09:51:29
1647597089745446000,933.0,1,932.0,3,934.0,7,2,2022-03-18 09:51:29
1647597106161439000,934.0,2,933.0,2,934.0,5,1,2022-03-18 09:51:46
1647597107277889000,934.0,1,933.0,3,934.0,4,1,2022-03-18 09:51:47
1647597107309071000,934.0,1,933.0,3,934.0,3,1,2022-03-18 09:51:47
1647597107339750000,934.0,1,933.0,3,934.0,2,1,2022-03-18 09:51:47
1647597107372107000,934.0,2,933.0,3,935.0,1,1,2022-03-18 09:51:47
1647597118269196000,935.0,1,934.0,6,937.0,2,1,2022-03-18 09:51:58
1647597122067286000,937.0,1,934.0,6,937.0,1,1,2022-03-18 09:52:02
1647597136227788000,938.0,1,935.0,1,938.0,2,1,2022-03-18 09:52:16
1647597139343237000,938.0,3,935.0,1,939.0,3,1,2022-03-18 09:52:19
1647597153165620000,936.0,1,935.0,3,938.0,2,2,2022-03-18 09:52:33
1647597177775036000,937.0,1,936.0,3,938.0,4,2,2022-03-18 09:52:57
1647597178583017000,936.0,2,935.0,4,938.0,5,2,2022-03-18 09:52:58
1647597181960351000,935.0,1,935.0,3,937.0,3,2,2022-03-18 09:53:01
1647597181998309000,935.0,1,935.0,2,937.0,3,2,2022-03-18 09:53:01
1647597181998499000,935.0,2,934.0,5,937.0,3,2,2022-03-18 09:53:01
1647597182085990000,934.0,1,934.0,3,936.0,1,2,2022-03-18 09:53:02
1647597182118739000,934.0,1,934.0,2,936.0,1,2,2022-03-18 09:53:02
1647597182175160000,934.0,2,933.0,9,936.0,1,2,2022-03-18 09:53:02
1647597214076961000,934.0,2,934.0,1,935.0,4,2,2022-03-18 09:53:34
1647597214108038000,934.0,1,933.0,7,935.0,4,2,2022-03-18 09:53:34
1647597248984163000,934.0,1,933.0,7,934.0,1,2,2022-03-18 09:54:08
1647597257552693000,933.0,1,933.0,7,934.0,7,2,2022-03-18 09:54:17
1647597257581365000,933.0,7,932.0,7,934.0,7,2,2022-03-18 09:54:17
1647597264660190000,932.0,1,932.0,6,933.0,6,2,2022-03-18 09:54:24
1647597264677050000,932.0,5,932.0,1,933.0,6,2,2022-03-18 09:54:24
1647597264705911000,932.0,1,931.0,11,933.0,6,2,2022-03-18 09:54:24
1647597265396867000,931.0,1,931.0,10,933.0,8,2,2022-03-18 09:54:25
1647597269026725000,931.0,1,931.0,9,933.0,7,2,2022-03-18 09:54:29
1647597275161628000,931.0,3,931.0,6,933.0,9,2,2022-03-18 09:54:35
1647597275928687000,933.0,1,931.0,6,933.0,8,1,2022-03-18 09:54:35
1647597276482105000,931.0,2,931.0,4,933.0,6,2,2022-03-18 09:54:36
1647597279667416000,931.0,1,931.0,4,933.0,6,2,2022-03-18 09:54:39
1647597280669545000,931.0,1,931.0,3,933.0,6,2,2022-03-18 09:54:40
1647597284315449000,931.0,1,931.0,2,933.0,7,2,2022-03-18 09:54:44
1647597289954402000,931.0,2,930.0,17,931.0,2,2,2022-03-18 09:54:49
1647597293960144000,930.0,1,930.0,16,931.0,2,2,2022-03-18 09:54:53
1647597302143308000,931.0,1,930.0,16,931.0,7,1,2022-03-18 09:55:02
1647597303927995000,931.0,2,930.0,15,931.0,5,1,2022-03-18 09:55:03
1647597306943435000,931.0,2,930.0,15,931.0,3,1,2022-03-18 09:55:06
1647597308248464000,931.0,1,930.0,15,931.0,2,1,2022-03-18 09:55:08
1647597308598349000,931.0,2,930.0,15,932.0,1,1,2022-03-18 09:55:08
1647597315241827000,932.0,1,931.0,2,936.0,2,2,2022-03-18 09:55:15
1647597338360627000,933.0,1,933.0,1,934.0,1,2,2022-03-18 09:55:38
1647597344405073000,934.0,1,933.0,6,934.0,2,1,2022-03-18 09:55:44
1647597344877637000,934.0,1,933.0,6,934.0,1,1,2022-03-18 09:55:44
1647597352618757000,935.0,1,934.0,6,935.0,2,1,2022-03-18 09:55:52
1647597357956109000,935.0,1,934.0,7,935.0,2,1,2022-03-18 09:55:57
1647597360581732000,935.0,2,934.0,9,936.0,1,1,2022-03-18 09:56:00
1647597370701092000,936.0,1,935.0,5,936.0,2,1,2022-03-18 09:56:10
1647597373226231000,936.0,2,935.0,5,937.0,1,1,2022-03-18 09:56:13
1647597373379304000,935.0,1,935.0,4,937.0,1,2,2022-03-18 09:56:13
1647597410373720000,935.0,1,935.0,7,936.0,1,2,2022-03-18 09:56:50
1647597416820546000,936.0,2,935.0,7,936.0,2,1,2022-03-18 09:56:56
1647597421308875000,936.0,1,935.0,7,936.0,1,1,2022-03-18 09:57:01
1647597424179176000,936.0,1,936.0,1,937.0,3,1,2022-03-18 09:57:04
1647597424342655000,936.0,1,935.0,7,937.0,4,2,2022-03-18 09:57:04
1647597424448085000,935.0,1,935.0,6,937.0,3,2,2022-03-18 09:57:04
1647597424673568000,936.0,1,935.0,6,937.0,3,2,2022-03-18 09:57:04
1647597432812987000,937.0,3,937.0,2,938.0,1,1,2022-03-18 09:57:12
1647597432844406000,937.0,2,936.0,1,938.0,1,2,2022-03-18 09:57:12
1647597437519766000,937.0,1,935.0,6,938.0,4,2,2022-03-18 09:57:17
1647597437646260000,935.0,1,935.0,5,938.0,3,2,2022-03-18 09:57:17
1647597440289999000,935.0,5,934.0,1,936.0,1,2,2022-03-18 09:57:20
1647597440566564000,934.0,1,933.0,3,936.0,2,2,2022-03-18 09:57:20
1647597440852047000,933.0,1,933.0,2,936.0,2,2,2022-03-18 09:57:20
1647597443145884000,933.0,2,932.0,4,935.0,2,2,2022-03-18 09:57:23
1647597466056910000,933.0,2,933.0,1,935.0,3,2,2022-03-18 09:57:46
1647597514949021000,935.0,1,934.0,6,935.0,5,1,2022-03-18 09:58:34
1647597532322422000,935.0,4,934.0,6,935.0,1,1,2022-03-18 09:58:52
1647597536521995000,935.0,1,934.0,6,936.0,2,1,2022-03-18 09:58:56
1647597556004566000,935.0,1,935.0,3,936.0,4,2,2022-03-18 09:59:16
1647597573946090000,936.0,4,935.0,6,938.0,2,1,2022-03-18 09:59:33
1647597592505758000,936.0,1,935.0,6,937.0,1,2,2022-03-18 09:59:52
1647597596409342000,937.0,1,935.0,6,937.0,2,1,2022-03-18 09:59:56
1647597597278691000,937.0,1,935.0,6,937.0,1,1,2022-03-18 09:59:57
1647597600502770000,935.0,2,935.0,4,937.0,2,2,2022-03-18 10:00:00
1647597600505491000,935.0,3,935.0,1,937.0,2,2,2022-03-18 10:00:00
1647597600538442000,935.0,1,934.0,1,937.0,3,2,2022-03-18 10:00:00
1647597600579421000,934.0,1,933.0,11,937.0,3,2,2022-03-18 10:00:00
1647597613857812000,934.0,5,933.0,12,936.0,3,2,2022-03-18 10:00:13
1647597616585464000,935.0,1,933.0,12,935.0,1,1,2022-03-18 10:00:16
1647597618757962000,935.0,1,933.0,12,935.0,1,1,2022-03-18 10:00:18
1647597627674634000,936.0,3,934.0,2,937.0,3,1,2022-03-18 10:00:27
1647597659902227000,935.0,1,935.0,1,936.0,2,2,2022-03-18 10:00:59
1647597663591633000,935.0,1,935.0,1,936.0,2,2,2022-03-18 10:01:03
1647597686197802000,935.0,1,934.0,5,936.0,3,2,2022-03-18 10:01:26
1647597706250678000,936.0,1,935.0,4,936.0,3,1,2022-03-18 10:01:46
1647597718816596000,936.0,1,935.0,4,936.0,3,1,2022-03-18 10:01:58
1647597724428162000,936.0,1,935.0,5,936.0,2,1,2022-03-18 10:02:04
1647597724446581000,936.0,2,935.0,5,937.0,1,1,2022-03-18 10:02:04
1647597725430022000,937.0,1,935.0,6,938.0,1,1,2022-03-18 10:02:05
1647597792347737000,938.0,1,937.0,2,938.0,4,1,2022-03-18 10:03:12
1647597796562495000,938.0,1,937.0,3,938.0,3,1,2022-03-18 10:03:16
1647597799971098000,938.0,1,937.0,3,938.0,2,1,2022-03-18 10:03:19
1647597804286067000,938.0,1,937.0,3,939.0,3,1,2022-03-18 10:03:24
1647597805058484000,937.0,1,937.0,2,939.0,2,2,2022-03-18 10:03:25
1647597821841991000,938.0,1,937.0,3,939.0,3,2,2022-03-18 10:03:41
1647597827705792000,938.0,1,937.0,4,938.0,1,1,2022-03-18 10:03:47
1647597848459100000,938.0,1,937.0,4,938.0,2,1,2022-03-18 10:04:08
1647597849004076000,937.0,1,937.0,3,938.0,2,2,2022-03-18 10:04:09
1647597853266319000,938.0,1,937.0,3,939.0,2,1,2022-03-18 10:04:13
1647597867142413000,939.0,1,937.0,2,939.0,2,1,2022-03-18 10:04:27
1647597880346423000,938.0,1,938.0,1,939.0,2,2,2022-03-18 10:04:40
1647597880385841000,938.0,1,937.0,2,939.0,2,2,2022-03-18 10:04:40
1647597884555243000,937.0,2,936.0,4,939.0,6,2,2022-03-18 10:04:44
1647597895780732000,937.0,2,937.0,2,938.0,4,2,2022-03-18 10:04:55
1647597895810339000,937.0,2,936.0,4,938.0,4,2,2022-03-18 10:04:55
1647597899395652000,936.0,4,935.0,6,937.0,3,2,2022-03-18 10:04:59
1647597905367154000,936.0,1,935.0,6,937.0,7,2,2022-03-18 10:05:05
1647597953166787000,935.0,6,934.0,7,936.0,7,2,2022-03-18 10:05:53
1647597967207462000,935.0,1,934.0,6,936.0,9,2,2022-03-18 10:06:07
1647597973030867000,935.0,1,934.0,6,936.0,9,1,2022-03-18 10:06:13
1647597986117697000,934.0,1,934.0,5,935.0,7,2,2022-03-18 10:06:26
1647597987865866000,934.0,3,934.0,2,935.0,7,2,2022-03-18 10:06:27
1647597987901751000,934.0,2,933.0,12,935.0,7,2,2022-03-18 10:06:27
1647597991316114000,935.0,1,933.0,12,935.0,6,1,2022-03-18 10:06:31
1647597991387145000,933.0,1,933.0,11,935.0,6,2,2022-03-18 10:06:31
1647598009870358000,933.0,1,933.0,9,935.0,7,2,2022-03-18 10:06:49
1647598022192880000,933.0,1,933.0,8,934.0,8,2,2022-03-18 10:07:02
1647598023459171000,933.0,1,933.0,7,934.0,10,2,2022-03-18 10:07:03
1647598026905699000,933.0,1,933.0,6,934.0,11,2,2022-03-18 10:07:06
1647598030913556000,933.0,1,933.0,5,934.0,11,2,2022-03-18 10:07:10
1647598032436601000,934.0,1,933.0,5,934.0,10,1,2022-03-18 10:07:12
1647598054559444000,933.0,1,933.0,5,934.0,11,2,2022-03-18 10:07:34
1647598054848813000,934.0,1,933.0,5,934.0,10,1,2022-03-18 10:07:34
1647598076934143000,933.0,1,933.0,4,934.0,10,2,2022-03-18 10:07:56
1647598088973476000,933.0,1,933.0,3,934.0,10,2,2022-03-18 10:08:08
1647598097487590000,933.0,1,933.0,2,934.0,9,2,2022-03-18 10:08:17
1647598110758942000,933.0,2,932.0,3,934.0,10,2,2022-03-18 10:08:30
1647598118176544000,932.0,1,932.0,2,933.0,10,2,2022-03-18 10:08:38
1647598130379550000,932.0,1,931.0,11,933.0,12,2,2022-03-18 10:08:50
1647598132571848000,932.0,1,931.0,11,932.0,2,1,2022-03-18 10:08:52
1647598137907054000,932.0,2,931.0,9,932.0,3,1,2022-03-18 10:08:57
1647598140885940000,932.0,1,931.0,9,932.0,8,1,2022-03-18 10:09:00
1647598143956357000,932.0,1,931.0,9,932.0,8,1,2022-03-18 10:09:03
1647598150560048000,931.0,1,931.0,8,932.0,8,2,2022-03-18 10:09:10
1647598155915401000,931.0,1,931.0,7,932.0,9,2,2022-03-18 10:09:15
1647598156281014000,931.0,1,931.0,6,932.0,9,2,2022-03-18 10:09:16
1647598158309935000,931.0,1,931.0,5,932.0,9,2,2022-03-18 10:09:18
1647598158657617000,931.0,1,931.0,4,932.0,9,2,2022-03-18 10:09:18
1647598166862267000,931.0,1,931.0,3,932.0,10,2,2022-03-18 10:09:26
1647598168391007000,931.0,1,931.0,2,932.0,9,2,2022-03-18 10:09:28
1647598170249458000,931.0,1,931.0,1,932.0,9,2,2022-03-18 10:09:30
1647598173202755000,932.0,1,931.0,1,932.0,8,1,2022-03-18 10:09:33
1647598177730409000,932.0,2,931.0,1,932.0,4,1,2022-03-18 10:09:37
1647598178077994000,932.0,1,931.0,1,932.0,3,1,2022-03-18 10:09:38
1647598178172480000,932.0,1,931.0,1,932.0,2,1,2022-03-18 10:09:38
1647598184092630000,932.0,1,931.0,3,932.0,2,1,2022-03-18 10:09:44
1647598186144198000,932.0,1,931.0,3,932.0,1,1,2022-03-18 10:09:46
1647598189042394000,932.0,1,931.0,3,933.0,4,1,2022-03-18 10:09:49
1647598211603046000,932.0,1,932.0,1,933.0,4,2,2022-03-18 10:10:11
1647598253008961000,932.0,4,932.0,2,933.0,8,2,2022-03-18 10:10:53
1647598275511601000,932.0,2,931.0,7,933.0,8,2,2022-03-18 10:11:15
1647598276212001000,933.0,1,931.0,7,933.0,6,1,2022-03-18 10:11:16
1647598294160938000,932.0,1,932.0,1,933.0,7,2,2022-03-18 10:11:34
1647598294754543000,933.0,1,931.0,7,933.0,6,1,2022-03-18 10:11:34
1647598311484803000,931.0,1,931.0,7,932.0,3,2,2022-03-18 10:11:51
1647598321062885000,931.0,1,931.0,6,932.0,6,2,2022-03-18 10:12:01
1647598321820178000,931.0,1,931.0,6,932.0,6,2,2022-03-18 10:12:01
1647598322481438000,931.0,1,931.0,5,932.0,6,2,2022-03-18 10:12:02
1647598326393022000,931.0,4,931.0,2,932.0,6,2,2022-03-18 10:12:06
1647598333647975000,931.0,1,930.0,19,932.0,7,2,2022-03-18 10:12:13
1647598335937172000,931.0,1,930.0,19,932.0,7,1,2022-03-18 10:12:15
1647598347323765000,930.0,1,930.0,18,931.0,10,2,2022-03-18 10:12:27
1647598357937873000,930.0,1,930.0,17,931.0,10,2,2022-03-18 10:12:37
1647598358972508000,930.0,10,930.0,7,931.0,9,2,2022-03-18 10:12:38
1647598359005616000,930.0,2,930.0,5,931.0,9,2,2022-03-18 10:12:39
1647598359036159000,930.0,1,930.0,4,931.0,9,2,2022-03-18 10:12:39
1647598359065105000,930.0,4,929.0,8,931.0,9,2,2022-03-18 10:12:39
1647598360415398000,931.0,1,929.0,8,931.0,10,1,2022-03-18 10:12:40
1647598373012252000,929.0,8,928.0,30,930.0,12,2,2022-03-18 10:12:53
1647598379955550000,928.0,1,928.0,30,929.0,5,2,2022-03-18 10:12:59
1647598380954150000,929.0,1,928.0,30,929.0,7,1,2022-03-18 10:13:00
1647598381318234000,929.0,1,928.0,30,929.0,6,1,2022-03-18 10:13:01
1647598382957873000,928.0,2,928.0,27,929.0,7,2,2022-03-18 10:13:02
1647598388998102000,929.0,1,928.0,25,929.0,6,1,2022-03-18 10:13:08
1647598389169791000,928.0,22,928.0,4,929.0,6,2,2022-03-18 10:13:09
1647598389420178000,929.0,2,928.0,2,929.0,4,1,2022-03-18 10:13:09
1647598391584217000,928.0,1,928.0,1,929.0,5,2,2022-03-18 10:13:11
1647598392212029000,928.0,1,927.0,10,929.0,5,2,2022-03-18 10:13:12
1647598395629948000,928.0,1,927.0,10,928.0,1,1,2022-03-18 10:13:15
1647598400304230000,928.0,1,927.0,10,928.0,3,1,2022-03-18 10:13:20
1647598400323859000,928.0,3,927.0,10,929.0,2,1,2022-03-18 10:13:20
1647598405357877000,928.0,1,927.0,7,929.0,2,2,2022-03-18 10:13:25
1647598405357877000,927.0,2,927.0,7,929.0,2,2,2022-03-18 10:13:25
1647598408449768000,929.0,1,928.0,2,929.0,1,1,2022-03-18 10:13:28
1647598408485419000,929.0,1,928.0,2,930.0,4,1,2022-03-18 10:13:28
1647598409364258000,928.0,1,928.0,1,930.0,4,2,2022-03-18 10:13:29
1647598411009508000,928.0,1,927.0,8,930.0,4,2,2022-03-18 10:13:31
1647598417937744000,928.0,2,927.0,7,928.0,4,2,2022-03-18 10:13:37
1647598417995972000,928.0,1,927.0,6,928.0,3,1,2022-03-18 10:13:37
1647598418037251000,928.0,3,927.0,6,930.0,4,1,2022-03-18 10:13:38
1647598424081711000,929.0,1,928.0,3,930.0,6,1,2022-03-18 10:13:44
1647598432768312000,928.0,1,928.0,2,929.0,1,2,2022-03-18 10:13:52
1647598443433470000,928.0,1,928.0,6,929.0,3,2,2022-03-18 10:14:03
1647598463751567000,928.0,1,928.0,3,929.0,6,2,2022-03-18 10:14:23
1647598464755547000,928.0,1,928.0,2,929.0,6,2,2022-03-18 10:14:24
1647598469591224000,928.0,1,928.0,1,929.0,6,2,2022-03-18 10:14:29
1647598491537892000,928.0,1,928.0,2,929.0,6,2,2022-03-18 10:14:51
1647598502672572000,928.0,1,927.0,5,929.0,8,2,2022-03-18 10:15:02
1647598513484394000,928.0,1,927.0,5,928.0,3,1,2022-03-18 10:15:13
1647598526635404000,928.0,1,927.0,4,928.0,6,1,2022-03-18 10:15:26
1647598527804695000,928.0,1,927.0,4,928.0,5,1,2022-03-18 10:15:27
1647598534107676000,928.0,1,927.0,5,928.0,4,1,2022-03-18 10:15:34
1647598535906785000,928.0,2,927.0,5,928.0,2,1,2022-03-18 10:15:35
1647598536773955000,928.0,1,927.0,5,928.0,1,1,2022-03-18 10:15:36
1647598537691820000,928.0,1,927.0,5,929.0,3,1,2022-03-18 10:15:37
1647598544329111000,929.0,1,928.0,3,930.0,7,1,2022-03-18 10:15:44
1647598561436798000,930.0,1,929.0,2,930.0,7,1,2022-03-18 10:16:01
1647598573155512000,930.0,1,929.0,2,930.0,6,1,2022-03-18 10:16:13
1647598583069536000,929.0,1,929.0,1,930.0,6,2,2022-03-18 10:16:23
1647598618396316000,930.0,8,929.0,4,930.0,1,1,2022-03-18 10:16:58
1647598618415873000,930.0,1,929.0,5,931.0,1,1,2022-03-18 10:16:58
1647598647042226000,932.0,2,930.0,1,932.0,3,1,2022-03-18 10:17:27
1647598652198484000,932.0,4,930.0,1,934.0,1,1,2022-03-18 10:17:32
1647598672845766000,932.0,1,930.0,6,933.0,2,2,2022-03-18 10:17:52
1647598691677374000,932.0,1,931.0,1,933.0,2,1,2022-03-18 10:18:11
1647598701570179000,931.0,1,930.0,5,932.0,1,2,2022-03-18 10:18:21
1647598714408414000,932.0,2,930.0,7,933.0,4,1,2022-03-18 10:18:34
1647598729801276000,932.0,1,930.0,7,933.0,5,2,2022-03-18 10:18:49
1647598836635286000,931.0,2,931.0,1,932.0,8,2,2022-03-18 10:20:36
1647598836667945000,931.0,1,930.0,5,932.0,8,2,2022-03-18 10:20:36
1647598846277966000,931.0,1,930.0,5,932.0,9,1,2022-03-18 10:20:46
1647598863268411000,931.0,1,930.0,5,932.0,10,2,2022-03-18 10:21:03
1647598864043667000,930.0,1,930.0,4,932.0,10,2,2022-03-18 10:21:04
1647598893826103000,930.0,1,930.0,2,932.0,10,2,2022-03-18 10:21:33
