ts,close,volume,bid_price,bid_volume,ask_price,ask_volume,tick_type,datetime
1647594009830551000,63.0,1590,62.8,9,63.0,33,1,2022-03-18 09:00:09
1647594009885207000,63.0,1,62.8,9,63.0,32,1,2022-03-18 09:00:09
1647594010033600000,62.8,4,62.8,5,63.0,32,2,2022-03-18 09:00:10
1647594010350497000,63.0,1,62.8,5,63.0,31,1,2022-03-18 09:00:10
1647594010351319000,62.8,3,62.8,2,63.0,31,2,2022-03-18 09:00:10
1647594010363052000,63.0,5,62.8,2,63.0,26,1,2022-03-18 09:00:10
1647594010593749000,62.8,2,62.7,4,63.0,26,2,2022-03-18 09:00:10
1647594010796970000,62.7,4,62.6,3,63.0,26,2,2022-03-18 09:00:10
1647594010796970000,62.6,1,62.6,3,63.0,26,2,2022-03-18 09:00:10
1647594011011385000,62.6,1,62.6,2,62.9,12,2,2022-03-18 09:00:11
1647594011213284000,62.6,1,62.6,1,62.9,12,2,2022-03-18 09:00:11
1647594011613652000,62.9,2,62.6,1,62.9,10,1,2022-03-18 09:00:11
1647594011836886000,62.9,5,62.7,2,62.9,5,1,2022-03-18 09:00:11
1647594011877449000,62.9,5,62.7,7,63.0,26,1,2022-03-18 09:00:11
1647594011913202000,62.7,4,62.7,8,63.0,26,2,2022-03-18 09:00:11
1647594011954776000,63.0,1,62.7,8,63.0,25,1,2022-03-18 09:00:11
1647594012022019000,62.7,1,62.7,7,63.0,25,2,2022-03-18 09:00:12
1647594012688950000,62.7,5,62.7,2,63.0,25,2,2022-03-18 09:00:12
1647594012866972000,62.7,1,62.7,1,63.0,25,2,2022-03-18 09:00:12
1647594013126800000,62.7,1,62.6,1,63.0,25,2,2022-03-18 09:00:13
1647594013126800000,62.6,2,62.6,1,63.0,25,2,2022-03-18 09:00:13
1647594013384678000,62.7,1,62.5,7,62.9,1,2,2022-03-18 09:00:13
1647594013384678000,62.6,1,62.5,7,62.9,1,2,2022-03-18 09:00:13
1647594013384678000,62.5,11,62.5,7,62.9,1,2,2022-03-18 09:00:13
1647594014009958000,62.5,2,62.5,5,62.9,13,2,2022-03-18 09:00:14
1647594014061696000,62.5,1,62.5,4,62.9,13,2,2022-03-18 09:00:14
1647594014144429000,62.8,1,62.5,4,62.9,13,1,2022-03-18 09:00:14
1647594014223702000,62.9,5,62.5,4,62.9,9,1,2022-03-18 09:00:14
1647594014322053000,62.9,1,62.6,4,62.9,8,1,2022-03-18 09:00:14
1647594014427925000,62.6,1,62.6,4,62.8,2,2,2022-03-18 09:00:14
1647594014452122000,62.8,2,62.6,4,62.9,8,1,2022-03-18 09:00:14
1647594015409125000,62.8,1,62.7,1,62.8,4,1,2022-03-18 09:00:15
1647594015440585000,62.8,4,62.7,1,62.9,2,1,2022-03-18 09:00:15
1647594015940576000,62.8,1,62.7,1,62.8,6,1,2022-03-18 09:00:15
1647594016547280000,62.7,1,62.6,8,62.8,7,2,2022-03-18 09:00:16
1647594016547280000,62.6,2,62.6,8,62.8,7,2,2022-03-18 09:00:16
1647594016602801000,62.6,1,62.6,7,62.8,7,2,2022-03-18 09:00:16
1647594016839010000,62.6,7,62.4,5,62.8,7,2,2022-03-18 09:00:16
1647594016839010000,62.5,6,62.4,5,62.8,7,2,2022-03-18 09:00:16
1647594016839010000,62.4,7,62.4,5,62.8,7,2,2022-03-18 09:00:16
1647594017060845000,62.7,1,62.5,1,62.8,7,1,2022-03-18 09:00:17
1647594017132198000,62.5,1,62.4,3,62.8,7,2,2022-03-18 09:00:17
1647594017132198000,62.4,2,62.4,3,62.8,7,2,2022-03-18 09:00:17
1647594017351199000,62.7,1,62.5,1,62.8,7,1,2022-03-18 09:00:17
1647594017356083000,62.8,1,62.6,1,62.8,6,1,2022-03-18 09:00:17
1647594017389719000,62.6,1,62.5,1,62.8,6,2,2022-03-18 09:00:17
1647594017424145000,62.8,1,62.5,1,62.8,5,1,2022-03-18 09:00:17
1647594017639838000,62.6,1,62.5,1,62.8,5,2,2022-03-18 09:00:17
1647594017830591000,62.7,1,62.6,1,62.8,6,2,2022-03-18 09:00:17
1647594017947049000,62.6,1,62.3,1,62.8,6,2,2022-03-18 09:00:17
1647594017947049000,62.5,1,62.3,1,62.8,6,2,2022-03-18 09:00:17
1647594017947049000,62.4,3,62.3,1,62.8,6,2,2022-03-18 09:00:17
1647594017947049000,62.3,4,62.3,1,62.8,6,2,2022-03-18 09:00:17
1647594017999030000,62.7,1,62.3,1,62.8,6,1,2022-03-18 09:00:17
1647594018057920000,62.6,1,62.4,1,62.8,3,1,2022-03-18 09:00:18
1647594018057920000,62.8,3,62.4,1,62.8,3,1,2022-03-18 09:00:18
1647594018103739000,62.8,4,62.4,1,62.9,16,1,2022-03-18 09:00:18
1647594018222301000,62.4,1,62.3,3,62.8,2,2,2022-03-18 09:00:18
1647594018232439000,62.3,1,62.3,2,62.8,2,2,2022-03-18 09:00:18
1647594018299645000,62.7,1,62.4,1,62.7,1,1,2022-03-18 09:00:18
1647594018326875000,62.7,1,62.4,1,62.8,3,1,2022-03-18 09:00:18
1647594018436579000,62.8,1,62.4,1,62.8,2,1,2022-03-18 09:00:18
1647594018751836000,62.5,1,62.4,3,62.8,12,2,2022-03-18 09:00:18
1647594018807084000,62.6,1,62.4,3,62.6,4,1,2022-03-18 09:00:18
1647594019364189000,62.6,1,62.4,3,62.6,3,1,2022-03-18 09:00:19
1647594019405968000,62.6,1,62.4,3,62.6,2,1,2022-03-18 09:00:19
1647594019429842000,62.4,1,62.4,2,62.6,6,2,2022-03-18 09:00:19
1647594019436113000,62.6,2,62.4,2,62.6,4,1,2022-03-18 09:00:19
1647594019755756000,62.5,1,62.4,1,62.6,4,2,2022-03-18 09:00:19
1647594019850017000,62.6,1,62.4,1,62.6,3,1,2022-03-18 09:00:19
1647594019852124000,62.6,1,62.4,1,62.6,2,1,2022-03-18 09:00:19
1647594019890196000,62.6,2,62.4,1,62.7,22,1,2022-03-18 09:00:19
1647594019955438000,62.7,2,62.6,1,62.7,20,1,2022-03-18 09:00:19
1647594019971456000,62.6,1,62.4,1,62.7,20,2,2022-03-18 09:00:19
1647594020232104000,62.6,1,62.3,2,62.7,19,1,2022-03-18 09:00:20
1647594020232104000,62.7,1,62.3,2,62.7,19,1,2022-03-18 09:00:20
1647594020279479000,62.6,1,62.4,1,62.7,19,1,2022-03-18 09:00:20
1647594020292364000,62.7,7,62.4,1,62.7,12,1,2022-03-18 09:00:20
1647594020330344000,62.7,12,62.4,1,62.8,18,1,2022-03-18 09:00:20
1647594020342556000,62.8,1,62.4,1,62.8,17,1,2022-03-18 09:00:20
1647594020496803000,62.8,1,62.4,1,62.8,19,1,2022-03-18 09:00:20
1647594020643740000,62.6,1,62.4,1,62.6,9,1,2022-03-18 09:00:20
1647594020681112000,62.6,2,62.4,1,62.6,7,1,2022-03-18 09:00:20
1647594020872149000,62.6,1,62.4,2,62.6,6,1,2022-03-18 09:00:20
1647594020898142000,62.6,6,62.4,2,62.7,1,1,2022-03-18 09:00:20
1647594021153215000,62.7,1,62.4,3,62.8,15,1,2022-03-18 09:00:21
1647594021153215000,62.8,1,62.4,3,62.8,15,1,2022-03-18 09:00:21
1647594021168218000,62.4,1,62.4,2,62.8,15,2,2022-03-18 09:00:21
1647594021387602000,62.5,1,62.5,1,62.7,1,2,2022-03-18 09:00:21
1647594021440164000,62.7,1,62.5,1,62.8,15,1,2022-03-18 09:00:21
1647594021498754000,62.5,1,62.3,1,62.6,2,2,2022-03-18 09:00:21
1647594021498754000,62.4,2,62.3,1,62.6,2,2,2022-03-18 09:00:21
1647594021498754000,62.3,1,62.3,1,62.6,2,2,2022-03-18 09:00:21
1647594021508283000,62.6,1,62.3,1,62.6,1,1,2022-03-18 09:00:21
1647594021541890000,62.6,1,62.3,1,62.8,15,1,2022-03-18 09:00:21
1647594021573631000,62.7,2,62.4,1,62.7,38,1,2022-03-18 09:00:21
1647594021626842000,62.7,15,62.4,1,62.7,23,1,2022-03-18 09:00:21
1647594021637443000,62.7,1,62.4,1,62.7,22,1,2022-03-18 09:00:21
1647594021674754000,62.7,2,62.4,1,62.7,20,1,2022-03-18 09:00:21
1647594021823764000,62.6,1,62.5,2,62.7,20,2,2022-03-18 09:00:21
1647594022273915000,62.6,2,62.3,2,62.7,23,2,2022-03-18 09:00:22
1647594022273915000,62.5,2,62.3,2,62.7,23,2,2022-03-18 09:00:22
1647594022273915000,62.4,3,62.3,2,62.7,23,2,2022-03-18 09:00:22
1647594022273915000,62.3,3,62.3,2,62.7,23,2,2022-03-18 09:00:22
1647594022354776000,62.4,1,62.4,1,62.7,24,2,2022-03-18 09:00:22
1647594022633164000,62.6,1,62.4,16,62.7,27,1,2022-03-18 09:00:22
1647594022709121000,62.6,1,62.4,16,62.6,29,1,2022-03-18 09:00:22
1647594022832706000,62.6,3,62.5,1,62.6,27,1,2022-03-18 09:00:22
1647594022892200000,62.5,1,62.4,14,62.6,27,2,2022-03-18 09:00:22
1647594022892200000,62.4,2,62.4,14,62.6,27,2,2022-03-18 09:00:22
1647594022940540000,62.4,2,62.4,12,62.6,27,2,2022-03-18 09:00:22
1647594023406915000,62.5,3,62.4,13,62.6,27,2,2022-03-18 09:00:23
1647594023406915000,62.4,2,62.4,13,62.6,27,2,2022-03-18 09:00:23
1647594023577582000,62.6,10,62.4,13,62.6,17,1,2022-03-18 09:00:23
1647594023604964000,62.6,17,62.4,13,62.7,31,1,2022-03-18 09:00:23
1647594023675010000,62.7,2,62.5,1,62.7,29,1,2022-03-18 09:00:23
1647594023707878000,62.7,4,62.5,1,62.7,25,1,2022-03-18 09:00:23
1647594023774422000,62.7,1,62.5,1,62.7,24,1,2022-03-18 09:00:23
1647594024038586000,62.7,1,62.6,1,62.7,23,1,2022-03-18 09:00:24
1647594024165994000,62.6,2,62.3,2,62.7,23,2,2022-03-18 09:00:24
1647594024165994000,62.5,1,62.3,2,62.7,23,2,2022-03-18 09:00:24
1647594024165994000,62.4,15,62.3,2,62.7,23,2,2022-03-18 09:00:24
1647594024165994000,62.3,2,62.3,2,62.7,23,2,2022-03-18 09:00:24
1647594024191246000,62.6,1,62.3,2,62.7,23,2,2022-03-18 09:00:24
1647594024203724000,62.4,1,62.3,1,62.6,12,2,2022-03-18 09:00:24
1647594024203724000,62.3,1,62.3,1,62.6,12,2,2022-03-18 09:00:24
1647594024348737000,62.6,1,62.4,2,62.6,1,1,2022-03-18 09:00:24
1647594024376772000,62.6,1,62.4,2,62.7,23,1,2022-03-18 09:00:24
1647594024391202000,62.6,1,62.4,2,62.7,23,1,2022-03-18 09:00:24
1647594024561176000,62.4,1,62.4,11,62.7,23,2,2022-03-18 09:00:24
1647594024754777000,62.6,1,62.4,11,62.6,10,1,2022-03-18 09:00:24
1647594024826121000,62.6,2,62.4,11,62.6,8,1,2022-03-18 09:00:24
1647594024925235000,62.6,8,62.4,11,62.7,21,1,2022-03-18 09:00:24
1647594024925235000,62.7,2,62.4,11,62.7,21,1,2022-03-18 09:00:24
1647594024930889000,62.7,4,62.4,11,62.7,17,1,2022-03-18 09:00:24
1647594025207648000,62.6,1,62.5,5,62.6,4,2,2022-03-18 09:00:25
1647594025284503000,62.6,3,62.5,5,62.6,1,1,2022-03-18 09:00:25
1647594025320376000,62.6,1,62.5,5,62.7,17,1,2022-03-18 09:00:25
1647594025354572000,62.5,1,62.5,4,62.7,17,2,2022-03-18 09:00:25
1647594025456515000,62.7,1,62.6,2,62.7,16,1,2022-03-18 09:00:25
1647594025520965000,62.6,2,62.5,4,62.6,2,2,2022-03-18 09:00:25
1647594025628542000,62.6,3,62.5,4,62.7,14,1,2022-03-18 09:00:25
1647594025628542000,62.7,2,62.5,4,62.7,14,1,2022-03-18 09:00:25
1647594025811826000,62.6,1,62.5,4,62.6,9,1,2022-03-18 09:00:25
1647594025824895000,62.6,1,62.5,4,62.6,8,1,2022-03-18 09:00:25
1647594025920614000,62.6,5,62.5,4,62.6,5,1,2022-03-18 09:00:25
1647594025995466000,62.6,2,62.5,4,62.6,3,1,2022-03-18 09:00:25
1647594026083356000,62.6,1,62.5,4,62.6,3,1,2022-03-18 09:00:26
1647594026131599000,62.6,3,62.6,2,62.7,14,1,2022-03-18 09:00:26
1647594026134345000,62.7,1,62.6,2,62.7,13,1,2022-03-18 09:00:26
1647594026248460000,62.7,1,62.6,2,62.7,13,1,2022-03-18 09:00:26
1647594026463193000,62.6,1,62.6,6,62.7,13,2,2022-03-18 09:00:26
1647594026538375000,62.7,2,62.6,6,62.7,11,1,2022-03-18 09:00:26
1647594026663945000,62.7,2,62.6,6,62.7,9,1,2022-03-18 09:00:26
1647594026769831000,62.7,1,62.6,7,62.7,8,1,2022-03-18 09:00:26
1647594026803178000,62.7,5,62.6,7,62.7,3,1,2022-03-18 09:00:26
1647594026833504000,62.7,3,62.6,7,62.8,28,1,2022-03-18 09:00:26
1647594026919446000,62.6,1,62.6,6,62.8,28,2,2022-03-18 09:00:26
1647594027173510000,62.7,1,62.7,9,62.8,28,2,2022-03-18 09:00:27
1647594027366380000,62.7,1,62.7,8,62.8,28,2,2022-03-18 09:00:27
1647594027450088000,62.8,20,62.7,8,62.8,8,1,2022-03-18 09:00:27
1647594027466107000,62.7,5,62.7,3,62.8,8,2,2022-03-18 09:00:27
1647594027470514000,62.8,8,62.7,3,63.0,128,1,2022-03-18 09:00:27
1647594027470514000,62.9,8,62.7,3,63.0,128,1,2022-03-18 09:00:27
1647594027470514000,63.0,14,62.7,3,63.0,128,1,2022-03-18 09:00:27
1647594027712106000,63.0,10,62.7,5,63.0,118,1,2022-03-18 09:00:27
1647594027944749000,62.8,1,62.8,3,63.0,118,2,2022-03-18 09:00:27
1647594028013218000,63.0,5,62.8,6,63.0,113,1,2022-03-18 09:00:28
1647594028127088000,63.0,2,62.8,12,63.0,111,1,2022-03-18 09:00:28
1647594028174256000,63.0,5,62.8,12,63.0,106,1,2022-03-18 09:00:28
1647594028374376000,63.0,1,62.8,17,63.0,105,1,2022-03-18 09:00:28
1647594028399842000,62.9,2,62.8,17,63.0,99,1,2022-03-18 09:00:28
1647594028399842000,63.0,6,62.8,17,63.0,99,1,2022-03-18 09:00:28
1647594028485794000,62.9,1,62.9,1,63.0,99,2,2022-03-18 09:00:28
1647594028581547000,63.0,3,62.9,2,63.0,96,1,2022-03-18 09:00:28
1647594028683176000,62.9,1,62.9,2,63.0,96,2,2022-03-18 09:00:28
1647594028685952000,63.0,67,62.9,2,63.0,29,1,2022-03-18 09:00:28
1647594028717198000,63.0,17,62.9,2,63.0,12,1,2022-03-18 09:00:28
1647594028732356000,63.0,1,62.9,2,63.0,11,1,2022-03-18 09:00:28
1647594028766820000,63.0,10,62.9,2,63.0,1,1,2022-03-18 09:00:28
1647594028798879000,63.0,1,62.9,4,63.1,2,1,2022-03-18 09:00:28
1647594028910346000,62.9,1,62.9,4,63.1,2,2,2022-03-18 09:00:28
1647594029015321000,63.1,1,63.0,1,63.1,1,1,2022-03-18 09:00:29
1647594029015942000,63.1,1,63.0,1,63.3,9,1,2022-03-18 09:00:29
1647594029015942000,63.2,1,63.0,1,63.3,9,1,2022-03-18 09:00:29
1647594029015942000,63.3,3,63.0,1,63.3,9,1,2022-03-18 09:00:29
1647594029253950000,63.0,1,63.0,18,63.3,9,2,2022-03-18 09:00:29
1647594029366934000,63.1,1,63.0,23,63.3,9,2,2022-03-18 09:00:29
1647594029366934000,63.0,1,63.0,23,63.3,9,2,2022-03-18 09:00:29
1647594029386874000,63.0,2,63.0,21,63.3,9,2,2022-03-18 09:00:29
1647594029523884000,63.3,1,63.0,22,63.3,8,1,2022-03-18 09:00:29
1647594029702366000,63.3,1,63.0,23,63.3,7,1,2022-03-18 09:00:29
1647594029728143000,63.0,3,63.0,20,63.3,7,2,2022-03-18 09:00:29
1647594029756766000,63.3,2,63.0,20,63.3,5,1,2022-03-18 09:00:29
1647594029798788000,63.3,2,63.1,4,63.3,3,1,2022-03-18 09:00:29
1647594029826386000,63.3,1,63.1,4,63.3,2,1,2022-03-18 09:00:29
1647594029992366000,63.3,1,63.2,1,63.3,1,1,2022-03-18 09:00:29
1647594030117438000,63.2,1,63.1,7,63.3,1,2,2022-03-18 09:00:30
1647594030242291000,63.3,1,63.1,7,63.4,27,1,2022-03-18 09:00:30
1647594030264555000,63.4,5,63.1,7,63.4,22,1,2022-03-18 09:00:30
1647594030278405000,63.4,5,63.1,7,63.4,17,1,2022-03-18 09:00:30
1647594030599068000,63.3,1,63.1,7,63.4,15,1,2022-03-18 09:00:30
1647594030599068000,63.4,2,63.1,7,63.4,15,1,2022-03-18 09:00:30
1647594030683732000,63.4,1,63.1,19,63.4,14,1,2022-03-18 09:00:30
1647594031214191000,63.4,1,63.3,2,63.4,13,1,2022-03-18 09:00:31
1647594031315424000,63.3,1,63.3,1,63.4,14,2,2022-03-18 09:00:31
1647594031354218000,63.3,1,63.2,1,63.4,14,2,2022-03-18 09:00:31
1647594031523798000,63.4,2,63.2,1,63.4,12,1,2022-03-18 09:00:31
1647594031546176000,63.2,1,63.1,18,63.4,12,2,2022-03-18 09:00:31
1647594031546176000,63.1,1,63.1,18,63.4,12,2,2022-03-18 09:00:31
1647594031625364000,63.4,1,63.1,18,63.4,11,1,2022-03-18 09:00:31
1647594031664306000,63.4,1,63.1,18,63.4,10,1,2022-03-18 09:00:31
1647594031780105000,63.1,1,63.1,4,63.3,1,2,2022-03-18 09:00:31
1647594032057780000,63.3,1,63.1,4,63.3,15,1,2022-03-18 09:00:32
1647594032057796000,63.1,4,63.0,15,63.3,15,2,2022-03-18 09:00:32
1647594032132064000,63.3,1,63.0,12,63.3,14,1,2022-03-18 09:00:32
1647594032181136000,63.2,1,63.0,12,63.3,14,2,2022-03-18 09:00:32
1647594032456349000,63.3,1,63.0,21,63.3,20,1,2022-03-18 09:00:32
1647594032462551000,63.0,1,63.0,20,63.3,20,2,2022-03-18 09:00:32
1647594032463738000,63.3,1,63.0,20,63.3,19,1,2022-03-18 09:00:32
1647594032481795000,63.3,5,63.0,20,63.3,15,1,2022-03-18 09:00:32
1647594032637199000,63.3,10,63.0,18,63.3,5,1,2022-03-18 09:00:32
1647594032682501000,63.3,1,63.0,18,63.3,4,1,2022-03-18 09:00:32
1647594032777473000,63.2,1,63.2,9,63.3,4,1,2022-03-18 09:00:32
1647594032803115000,63.3,1,63.2,9,63.3,3,1,2022-03-18 09:00:32
1647594032806492000,63.2,9,63.0,18,63.3,3,2,2022-03-18 09:00:32
1647594032873611000,63.3,1,63.0,18,63.3,2,1,2022-03-18 09:00:32
1647594033009102000,63.2,1,63.1,1,63.2,5,1,2022-03-18 09:00:33
1647594033063111000,63.2,1,63.1,1,63.2,4,1,2022-03-18 09:00:33
1647594033189830000,63.2,1,63.1,1,63.2,3,1,2022-03-18 09:00:33
1647594033272088000,63.2,1,63.1,1,63.2,7,1,2022-03-18 09:00:33
1647594033300864000,63.1,1,63.0,18,63.2,7,2,2022-03-18 09:00:33
1647594033457193000,63.2,1,63.1,1,63.2,11,1,2022-03-18 09:00:33
1647594033584996000,63.2,1,63.1,2,63.2,11,1,2022-03-18 09:00:33
1647594033599121000,63.2,1,63.1,2,63.2,10,1,2022-03-18 09:00:33
1647594033631834000,63.2,1,63.1,2,63.2,9,1,2022-03-18 09:00:33
1647594033632463000,63.2,9,63.1,2,63.3,3,1,2022-03-18 09:00:33
1647594033632463000,63.3,11,63.1,2,63.3,3,1,2022-03-18 09:00:33
1647594033664966000,63.3,1,63.1,2,63.3,2,1,2022-03-18 09:00:33
1647594033677287000,63.1,2,63.0,19,63.3,2,2,2022-03-18 09:00:33
1647594033726074000,63.3,1,63.0,19,63.3,1,1,2022-03-18 09:00:33
1647594033779566000,63.3,1,63.1,1,63.4,16,1,2022-03-18 09:00:33
1647594033835084000,63.3,5,63.1,1,63.4,16,2,2022-03-18 09:00:33
1647594033842565000,63.1,5,63.1,8,63.4,16,2,2022-03-18 09:00:33
1647594033902841000,63.1,4,63.0,20,63.1,1,2,2022-03-18 09:00:33
1647594034160419000,63.1,3,63.0,22,63.1,1,1,2022-03-18 09:00:34
1647594034263645000,63.1,1,63.0,22,63.2,2,1,2022-03-18 09:00:34
1647594034263645000,63.2,2,63.0,22,63.2,2,1,2022-03-18 09:00:34
1647594034397652000,63.2,1,63.1,1,63.2,1,1,2022-03-18 09:00:34
1647594034454974000,63.2,1,63.1,1,63.3,20,1,2022-03-18 09:00:34
1647594034723707000,63.3,10,63.1,1,63.3,10,1,2022-03-18 09:00:34
1647594034883347000,63.3,1,63.1,2,63.3,9,1,2022-03-18 09:00:34
1647594035066038000,63.1,2,63.0,9,63.3,10,2,2022-03-18 09:00:35
1647594035066038000,63.0,18,63.0,9,63.3,10,2,2022-03-18 09:00:35
1647594035109107000,63.3,4,63.0,9,63.3,6,1,2022-03-18 09:00:35
1647594035437795000,63.3,2,63.2,5,63.3,4,1,2022-03-18 09:00:35
1647594035593240000,63.3,1,63.2,5,63.3,3,1,2022-03-18 09:00:35
1647594035788224000,63.2,1,63.2,4,63.3,3,2,2022-03-18 09:00:35
1647594035879947000,63.3,1,63.2,4,63.3,2,1,2022-03-18 09:00:35
1647594035973676000,63.2,1,63.2,3,63.3,2,2,2022-03-18 09:00:35
1647594035977036000,63.3,2,63.3,3,63.4,20,1,2022-03-18 09:00:35
1647594036010891000,63.3,3,63.2,3,63.4,20,2,2022-03-18 09:00:36
1647594036193316000,63.3,1,63.2,3,63.4,20,1,2022-03-18 09:00:36
1647594036584968000,63.4,1,63.2,24,63.4,19,1,2022-03-18 09:00:36
1647594036625306000,63.2,1,63.2,23,63.4,19,2,2022-03-18 09:00:36
1647594036710266000,63.4,5,63.2,23,63.4,14,1,2022-03-18 09:00:36
1647594036929114000,63.4,2,63.2,23,63.4,14,1,2022-03-18 09:00:36
1647594037162295000,63.4,1,63.2,23,63.4,13,1,2022-03-18 09:00:37
1647594037303008000,63.4,1,63.3,1,63.4,12,1,2022-03-18 09:00:37
1647594037385343000,63.4,12,63.3,4,63.5,113,1,2022-03-18 09:00:37
1647594037385343000,63.5,8,63.3,4,63.5,113,1,2022-03-18 09:00:37
1647594037505669000,63.4,1,63.2,39,63.5,113,2,2022-03-18 09:00:37
1647594037505669000,63.3,4,63.2,39,63.5,113,2,2022-03-18 09:00:37
1647594037505669000,63.2,5,63.2,39,63.5,113,2,2022-03-18 09:00:37
1647594037789381000,63.5,2,63.3,1,63.5,111,1,2022-03-18 09:00:37
1647594037965601000,63.4,1,63.3,3,63.5,114,2,2022-03-18 09:00:37
1647594038158278000,63.5,1,63.3,6,63.5,113,1,2022-03-18 09:00:38
1647594038162170000,63.5,20,63.3,6,63.5,93,1,2022-03-18 09:00:38
1647594038211737000,63.5,2,63.3,8,63.5,91,1,2022-03-18 09:00:38
1647594038317453000,63.3,1,63.3,7,63.5,91,2,2022-03-18 09:00:38
1647594038329526000,63.5,1,63.3,7,63.5,90,1,2022-03-18 09:00:38
1647594038433016000,63.5,2,63.3,9,63.5,88,1,2022-03-18 09:00:38
1647594038545422000,63.5,10,63.3,9,63.5,78,1,2022-03-18 09:00:38
1647594038647624000,63.5,1,63.3,9,63.5,77,1,2022-03-18 09:00:38
1647594038650412000,63.5,10,63.3,9,63.5,67,1,2022-03-18 09:00:38
1647594038680002000,63.4,1,63.3,7,63.5,67,2,2022-03-18 09:00:38
1647594038680002000,63.3,2,63.3,7,63.5,67,2,2022-03-18 09:00:38
1647594038743250000,63.5,1,63.3,7,63.5,66,1,2022-03-18 09:00:38
1647594038799949000,63.5,10,63.3,7,63.5,56,1,2022-03-18 09:00:38
1647594039013890000,63.5,10,63.4,12,63.5,46,1,2022-03-18 09:00:39
1647594039041899000,63.5,3,63.4,12,63.5,43,1,2022-03-18 09:00:39
1647594039043163000,63.4,1,63.4,11,63.5,43,2,2022-03-18 09:00:39
1647594039053767000,63.5,10,63.4,11,63.5,33,1,2022-03-18 09:00:39
1647594039110073000,63.5,10,63.4,14,63.5,23,1,2022-03-18 09:00:39
1647594039281481000,63.5,2,63.4,14,63.5,21,1,2022-03-18 09:00:39
1647594039287488000,63.5,1,63.4,14,63.5,20,1,2022-03-18 09:00:39
1647594039298668000,63.5,2,63.4,14,63.5,18,1,2022-03-18 09:00:39
1647594039380238000,63.5,2,63.4,14,63.5,16,1,2022-03-18 09:00:39
1647594039395743000,63.4,1,63.4,13,63.5,16,2,2022-03-18 09:00:39
1647594039444287000,63.4,2,63.4,11,63.5,16,2,2022-03-18 09:00:39
1647594039489024000,63.5,2,63.4,11,63.5,79,1,2022-03-18 09:00:39
1647594039548982000,63.5,3,63.4,11,63.5,76,1,2022-03-18 09:00:39
1647594039549360000,63.5,15,63.4,11,63.5,61,1,2022-03-18 09:00:39
1647594039550390000,63.5,1,63.4,11,63.5,60,1,2022-03-18 09:00:39
1647594039629371000,63.5,2,63.4,11,63.5,58,1,2022-03-18 09:00:39
1647594039635715000,63.5,1,63.4,11,63.5,57,1,2022-03-18 09:00:39
1647594039643825000,63.4,1,63.4,10,63.5,57,2,2022-03-18 09:00:39
1647594039781235000,63.4,10,63.3,13,63.5,58,2,2022-03-18 09:00:39
1647594039809409000,63.5,2,63.3,14,63.5,56,1,2022-03-18 09:00:39
1647594039855340000,63.5,2,63.3,14,63.5,54,1,2022-03-18 09:00:39
1647594039927121000,63.5,2,63.3,15,63.5,52,1,2022-03-18 09:00:39
1647594039937189000,63.3,1,63.3,14,63.5,52,2,2022-03-18 09:00:39
1647594039993615000,63.5,2,63.4,1,63.5,50,1,2022-03-18 09:00:39
1647594040047990000,63.5,6,63.4,1,63.5,44,1,2022-03-18 09:00:40
1647594040070473000,63.5,2,63.4,1,63.5,42,1,2022-03-18 09:00:40
1647594040090330000,63.4,1,63.3,14,63.5,42,2,2022-03-18 09:00:40
1647594040130653000,63.5,2,63.3,14,63.5,40,1,2022-03-18 09:00:40
1647594040197851000,63.4,1,63.3,16,63.5,40,2,2022-03-18 09:00:40
1647594040208058000,63.5,2,63.4,1,63.5,38,1,2022-03-18 09:00:40
1647594040265172000,63.5,1,63.4,1,63.5,37,1,2022-03-18 09:00:40
1647594040327362000,63.5,5,63.4,1,63.5,32,1,2022-03-18 09:00:40
1647594040355571000,63.5,1,63.4,1,63.5,31,1,2022-03-18 09:00:40
1647594040361157000,63.5,2,63.4,1,63.5,29,1,2022-03-18 09:00:40
1647594040385728000,63.5,1,63.4,1,63.5,28,1,2022-03-18 09:00:40
1647594040403180000,63.5,1,63.4,3,63.5,27,1,2022-03-18 09:00:40
1647594040413570000,63.5,1,63.4,3,63.5,26,1,2022-03-18 09:00:40
1647594040456875000,63.5,1,63.4,3,63.5,25,1,2022-03-18 09:00:40
1647594040509008000,63.5,2,63.4,3,63.5,23,1,2022-03-18 09:00:40
1647594040563806000,63.5,3,63.4,3,63.5,20,1,2022-03-18 09:00:40
1647594040687123000,63.4,4,63.3,10,63.5,20,2,2022-03-18 09:00:40
1647594040687123000,63.3,7,63.3,10,63.5,20,2,2022-03-18 09:00:40
1647594040721773000,63.5,2,63.3,10,63.5,18,1,2022-03-18 09:00:40
1647594040972295000,63.4,1,63.3,10,63.5,18,1,2022-03-18 09:00:40
1647594041077458000,63.4,1,63.3,8,63.5,18,2,2022-03-18 09:00:41
1647594041077458000,63.3,2,63.3,8,63.5,18,2,2022-03-18 09:00:41
1647594041138607000,63.5,1,63.4,1,63.5,17,1,2022-03-18 09:00:41
1647594041393802000,63.5,1,63.4,2,63.5,66,1,2022-03-18 09:00:41
1647594041530196000,63.5,1,63.4,7,63.5,65,1,2022-03-18 09:00:41
1647594041534209000,63.5,1,63.4,7,63.5,64,1,2022-03-18 09:00:41
1647594041616602000,63.4,2,63.4,5,63.5,64,2,2022-03-18 09:00:41
1647594041772837000,63.5,1,63.4,5,63.5,63,1,2022-03-18 09:00:41
1647594041840389000,63.4,1,63.4,4,63.5,63,2,2022-03-18 09:00:41
1647594041912556000,63.5,9,63.4,4,63.5,54,1,2022-03-18 09:00:41
1647594041924731000,63.4,1,63.4,3,63.5,54,2,2022-03-18 09:00:41
1647594042009201000,63.5,5,63.4,3,63.5,49,1,2022-03-18 09:00:42
1647594042017250000,63.5,2,63.4,3,63.5,47,1,2022-03-18 09:00:42
1647594042022671000,63.5,1,63.4,3,63.5,46,1,2022-03-18 09:00:42
1647594042040996000,63.5,20,63.4,3,63.5,26,1,2022-03-18 09:00:42
1647594042063507000,63.4,3,63.3,13,63.4,2,2,2022-03-18 09:00:42
1647594042197480000,63.4,1,63.3,13,63.4,4,1,2022-03-18 09:00:42
1647594042211897000,63.4,1,63.3,13,63.4,3,1,2022-03-18 09:00:42
1647594042275278000,63.4,1,63.3,13,63.4,12,1,2022-03-18 09:00:42
1647594042311980000,63.4,3,63.3,13,63.4,24,1,2022-03-18 09:00:42
1647594042315265000,63.4,1,63.3,13,63.4,23,1,2022-03-18 09:00:42
1647594042316959000,63.4,1,63.3,13,63.4,22,1,2022-03-18 09:00:42
1647594042343879000,63.4,1,63.3,13,63.4,22,1,2022-03-18 09:00:42
1647594042384315000,63.3,1,63.3,12,63.4,22,2,2022-03-18 09:00:42
1647594042420393000,63.4,4,63.3,12,63.4,18,1,2022-03-18 09:00:42
1647594042615803000,63.4,1,63.3,16,63.4,18,1,2022-03-18 09:00:42
1647594042627082000,63.3,2,63.3,14,63.4,18,2,2022-03-18 09:00:42
1647594042655641000,63.3,10,63.3,4,63.4,19,2,2022-03-18 09:00:42
1647594042687461000,63.4,3,63.3,4,63.4,16,1,2022-03-18 09:00:42
1647594042689223000,63.3,4,63.2,106,63.4,16,2,2022-03-18 09:00:42
1647594042713419000,63.4,1,63.2,106,63.4,15,1,2022-03-18 09:00:42
1647594042784597000,63.4,1,63.3,1,63.4,17,1,2022-03-18 09:00:42
1647594042828515000,63.4,1,63.3,1,63.4,16,1,2022-03-18 09:00:42
1647594042851899000,63.4,1,63.3,1,63.4,15,1,2022-03-18 09:00:42
1647594042911574000,63.4,1,63.3,3,63.4,14,1,2022-03-18 09:00:42
1647594042916831000,63.4,1,63.3,3,63.4,13,1,2022-03-18 09:00:42
1647594042927464000,63.3,1,63.3,2,63.4,13,2,2022-03-18 09:00:42
1647594042935760000,63.4,1,63.3,2,63.4,15,1,2022-03-18 09:00:42
1647594042942328000,63.4,15,63.3,2,63.5,15,1,2022-03-18 09:00:42
1647594042942328000,63.5,15,63.3,2,63.5,15,1,2022-03-18 09:00:42
1647594042942960000,63.3,2,63.2,78,63.5,15,2,2022-03-18 09:00:42
1647594042942960000,63.2,28,63.2,78,63.5,15,2,2022-03-18 09:00:42
1647594043024664000,63.4,1,63.4,2,63.5,15,1,2022-03-18 09:00:43
1647594043041456000,63.5,3,63.4,2,63.5,12,1,2022-03-18 09:00:43
1647594043081842000,63.4,2,63.2,78,63.3,13,2,2022-03-18 09:00:43
1647594043082085000,63.3,2,63.2,78,63.3,11,1,2022-03-18 09:00:43
1647594043109251000,63.3,1,63.2,78,63.3,10,1,2022-03-18 09:00:43
1647594043211994000,63.3,1,63.2,78,63.3,12,1,2022-03-18 09:00:43
1647594043216313000,63.3,2,63.2,78,63.3,10,1,2022-03-18 09:00:43
1647594043280439000,63.3,1,63.2,78,63.3,12,1,2022-03-18 09:00:43
1647594043327574000,63.3,1,63.2,78,63.3,11,1,2022-03-18 09:00:43
1647594043520146000,63.3,10,63.2,78,63.3,1,1,2022-03-18 09:00:43
1647594043695170000,63.2,1,63.2,77,63.3,1,2,2022-03-18 09:00:43
1647594043716657000,63.3,1,63.2,77,63.4,28,1,2022-03-18 09:00:43
1647594043779611000,63.3,1,63.2,77,63.3,1,1,2022-03-18 09:00:43
1647594043783512000,63.3,1,63.2,77,63.4,28,1,2022-03-18 09:00:43
1647594043783512000,63.4,1,63.2,77,63.4,28,1,2022-03-18 09:00:43
1647594043867383000,63.3,1,63.3,2,63.4,28,1,2022-03-18 09:00:43
1647594043938900000,63.3,1,63.3,1,63.4,28,2,2022-03-18 09:00:43
1647594043976739000,63.3,1,63.2,77,63.4,28,2,2022-03-18 09:00:43
1647594043999302000,63.2,5,63.2,72,63.4,28,2,2022-03-18 09:00:43
1647594044040330000,63.4,10,63.2,72,63.4,18,1,2022-03-18 09:00:44
1647594044052816000,63.4,2,63.2,72,63.4,16,1,2022-03-18 09:00:44
1647594044097402000,63.2,2,63.2,70,63.3,2,2,2022-03-18 09:00:44
1647594044105421000,63.3,2,63.2,70,63.4,7,1,2022-03-18 09:00:44
1647594044105421000,63.4,9,63.2,70,63.4,7,1,2022-03-18 09:00:44
1647594044122538000,63.4,2,63.2,70,63.4,6,1,2022-03-18 09:00:44
1647594044195693000,63.3,1,63.2,70,63.3,9,1,2022-03-18 09:00:44
1647594044198037000,63.3,4,63.2,70,63.3,5,1,2022-03-18 09:00:44
1647594044214759000,63.3,5,63.2,70,63.4,6,1,2022-03-18 09:00:44
1647594044272924000,63.3,2,63.3,8,63.4,6,2,2022-03-18 09:00:44
1647594044305048000,63.3,2,63.3,6,63.4,6,2,2022-03-18 09:00:44
1647594044452981000,63.3,2,63.3,4,63.4,6,2,2022-03-18 09:00:44
1647594044509974000,63.4,1,63.3,4,63.4,5,1,2022-03-18 09:00:44
1647594044520567000,63.3,1,63.3,3,63.4,5,2,2022-03-18 09:00:44
1647594044531987000,63.4,3,63.3,3,63.4,2,1,2022-03-18 09:00:44
1647594044650482000,63.4,1,63.3,5,63.4,1,1,2022-03-18 09:00:44
1647594044657004000,63.3,5,63.2,80,63.4,1,2,2022-03-18 09:00:44
1647594044682993000,63.3,2,63.2,80,63.4,1,1,2022-03-18 09:00:44
1647594044854592000,63.4,1,63.3,1,63.5,16,1,2022-03-18 09:00:44
1647594044855130000,63.5,1,63.3,1,63.5,15,1,2022-03-18 09:00:44
1647594044862825000,63.3,1,63.2,80,63.3,1,2,2022-03-18 09:00:44
1647594044867770000,63.3,1,63.4,1,63.5,15,1,2022-03-18 09:00:44
1647594044887217000,63.4,1,63.2,80,63.5,15,2,2022-03-18 09:00:44
1647594044969105000,63.4,4,63.2,81,63.5,15,2,2022-03-18 09:00:44
1647594044992005000,63.5,1,63.2,81,63.5,14,1,2022-03-18 09:00:44
1647594045294356000,63.3,1,63.2,76,63.5,14,2,2022-03-18 09:00:45
1647594045294356000,63.2,9,63.2,76,63.5,14,2,2022-03-18 09:00:45
1647594045356053000,63.2,1,63.2,75,63.3,2,2,2022-03-18 09:00:45
1647594045360331000,63.3,1,63.2,75,63.3,1,1,2022-03-18 09:00:45
1647594045520333000,63.3,1,63.3,2,63.4,4,1,2022-03-18 09:00:45
1647594045585965000,63.4,2,63.3,2,63.4,2,1,2022-03-18 09:00:45
1647594045674447000,63.4,1,63.3,2,63.4,1,1,2022-03-18 09:00:45
1647594045785778000,63.4,1,63.3,2,63.4,1,1,2022-03-18 09:00:45
1647594046049986000,63.4,5,63.4,5,63.5,15,1,2022-03-18 09:00:46
1647594046099862000,63.5,1,63.4,5,63.5,14,1,2022-03-18 09:00:46
1647594046472992000,63.4,1,63.4,4,63.5,17,2,2022-03-18 09:00:46
1647594046473479000,63.4,4,63.3,6,63.5,17,2,2022-03-18 09:00:46
1647594046473479000,63.3,1,63.3,6,63.5,17,2,2022-03-18 09:00:46
1647594046502401000,63.3,1,63.3,5,63.5,17,2,2022-03-18 09:00:46
1647594046614929000,63.5,1,63.3,6,63.5,18,1,2022-03-18 09:00:46
1647594046647871000,63.3,1,63.3,5,63.5,18,2,2022-03-18 09:00:46
1647594046661668000,63.5,2,63.3,5,63.5,16,1,2022-03-18 09:00:46
1647594046728854000,63.5,2,63.3,5,63.5,14,1,2022-03-18 09:00:46
1647594046830544000,63.3,5,63.2,79,63.5,14,2,2022-03-18 09:00:46
1647594046943856000,63.3,3,63.2,79,63.3,7,2,2022-03-18 09:00:46
1647594047057807000,63.3,1,63.2,79,63.3,6,1,2022-03-18 09:00:47
1647594047145391000,63.3,2,63.2,79,63.3,4,1,2022-03-18 09:00:47
1647594047163017000,63.3,2,63.2,79,63.3,2,1,2022-03-18 09:00:47
1647594047190148000,63.3,2,63.2,79,63.4,17,1,2022-03-18 09:00:47
1647594047200321000,63.4,12,63.2,79,63.4,5,1,2022-03-18 09:00:47
1647594047384010000,63.4,2,63.2,80,63.4,3,1,2022-03-18 09:00:47
1647594047493611000,63.4,1,63.3,5,63.4,2,1,2022-03-18 09:00:47
1647594047598137000,63.3,1,63.3,5,63.4,2,2,2022-03-18 09:00:47
1647594047611154000,63.4,2,63.3,5,63.5,6,1,2022-03-18 09:00:47
1647594047611154000,63.5,8,63.3,5,63.5,6,1,2022-03-18 09:00:47
1647594047711786000,63.4,1,63.3,6,63.5,6,2,2022-03-18 09:00:47
1647594047759474000,63.4,2,63.4,8,63.5,6,2,2022-03-18 09:00:47
1647594047784393000,63.4,1,63.4,7,63.5,6,2,2022-03-18 09:00:47
1647594047798707000,63.4,7,63.2,81,63.5,6,2,2022-03-18 09:00:47
1647594047798707000,63.3,7,63.2,81,63.5,6,2,2022-03-18 09:00:47
1647594047798707000,63.2,1,63.2,81,63.5,6,2,2022-03-18 09:00:47
1647594047929667000,63.4,1,63.3,6,63.5,7,2,2022-03-18 09:00:47
1647594047999101000,63.5,2,63.3,6,63.5,5,1,2022-03-18 09:00:47
1647594048181182000,63.4,2,63.3,7,63.5,10,2,2022-03-18 09:00:48
1647594048274619000,63.5,1,63.4,2,63.5,9,1,2022-03-18 09:00:48
1647594048284698000,63.5,3,63.4,2,63.5,6,1,2022-03-18 09:00:48
1647594048451400000,63.5,10,63.4,7,63.7,6,1,2022-03-18 09:00:48
1647594048451400000,63.6,10,63.4,7,63.7,6,1,2022-03-18 09:00:48
1647594048586372000,63.7,5,63.4,21,63.7,1,1,2022-03-18 09:00:48
1647594048828377000,63.5,1,63.4,13,63.9,44,1,2022-03-18 09:00:48
1647594048828377000,63.7,1,63.4,13,63.9,44,1,2022-03-18 09:00:48
1647594048828377000,63.8,6,63.4,13,63.9,44,1,2022-03-18 09:00:48
1647594048828377000,63.9,2,63.4,13,63.9,44,1,2022-03-18 09:00:48
1647594048854561000,63.5,2,63.4,13,63.5,3,1,2022-03-18 09:00:48
1647594048854669000,63.5,3,63.5,9,63.8,2,1,2022-03-18 09:00:48
1647594048870663000,63.8,5,63.5,1,63.9,44,1,2022-03-18 09:00:48
1647594048890069000,63.5,1,63.4,13,63.5,1,2,2022-03-18 09:00:48
1647594048895493000,63.5,1,63.6,1,63.8,2,1,2022-03-18 09:00:48
1647594048914565000,63.6,1,63.4,13,63.5,48,2,2022-03-18 09:00:48
1647594048914565000,63.5,1,63.4,13,63.5,48,2,2022-03-18 09:00:48
1647594048925927000,63.4,1,63.4,12,63.5,48,2,2022-03-18 09:00:48
1647594048929251000,63.5,1,63.4,12,63.5,47,1,2022-03-18 09:00:48
1647594049065158000,63.5,2,63.4,12,63.5,45,1,2022-03-18 09:00:49
1647594049086831000,63.5,1,63.4,12,63.5,44,1,2022-03-18 09:00:49
1647594049224359000,63.5,1,63.4,12,63.5,43,1,2022-03-18 09:00:49
1647594049235499000,63.5,1,63.4,12,63.5,42,1,2022-03-18 09:00:49
1647594049270938000,63.4,12,63.3,16,63.4,8,2,2022-03-18 09:00:49
1647594049349100000,63.4,1,63.3,19,63.4,7,1,2022-03-18 09:00:49
1647594049396996000,63.4,2,63.3,20,63.4,5,1,2022-03-18 09:00:49
1647594049400763000,63.4,5,63.3,20,63.5,42,1,2022-03-18 09:00:49
1647594049416547000,63.5,1,63.3,20,63.5,41,1,2022-03-18 09:00:49
1647594049453260000,63.4,1,63.3,20,63.4,3,1,2022-03-18 09:00:49
1647594049525070000,63.4,3,63.3,22,63.5,51,1,2022-03-18 09:00:49
1647594049657281000,63.5,1,63.3,24,63.5,50,1,2022-03-18 09:00:49
1647594049963888000,63.4,1,63.4,1,63.5,50,2,2022-03-18 09:00:49
1647594049986556000,63.4,1,63.4,2,63.5,50,2,2022-03-18 09:00:49
1647594049995527000,63.4,5,63.3,20,63.5,50,2,2022-03-18 09:00:49
1647594049995527000,63.3,5,63.3,20,63.5,50,2,2022-03-18 09:00:49
1647594050065277000,63.5,5,63.3,20,63.5,45,1,2022-03-18 09:00:50
1647594050160684000,63.4,2,63.4,2,63.5,45,2,2022-03-18 09:00:50
1647594050193259000,63.4,2,63.3,20,63.5,45,2,2022-03-18 09:00:50
1647594050565745000,63.5,5,63.3,25,63.5,40,1,2022-03-18 09:00:50
1647594050812958000,63.3,1,63.3,28,63.5,43,2,2022-03-18 09:00:50
1647594051029876000,63.4,2,63.3,29,63.5,43,1,2022-03-18 09:00:51
1647594051041001000,63.3,2,63.3,27,63.5,43,2,2022-03-18 09:00:51
1647594051096980000,63.4,1,63.3,27,63.5,43,2,2022-03-18 09:00:51
1647594051124810000,63.5,2,63.3,27,63.5,41,1,2022-03-18 09:00:51
1647594051201971000,63.4,1,63.3,27,63.4,6,2,2022-03-18 09:00:51
1647594051246678000,63.4,5,63.3,27,63.4,1,1,2022-03-18 09:00:51
1647594051588991000,63.4,1,63.3,29,63.4,10,1,2022-03-18 09:00:51
1647594051730497000,63.4,1,63.3,36,63.4,9,1,2022-03-18 09:00:51
1647594051926597000,63.3,1,63.3,40,63.4,13,2,2022-03-18 09:00:51
1647594052009030000,63.4,1,63.3,40,63.4,12,1,2022-03-18 09:00:52
1647594052076101000,63.4,3,63.3,40,63.4,9,1,2022-03-18 09:00:52
1647594052313589000,63.4,1,63.3,41,63.4,8,1,2022-03-18 09:00:52
1647594052438081000,63.4,1,63.3,44,63.4,9,1,2022-03-18 09:00:52
1647594052445137000,63.3,1,63.3,43,63.4,9,2,2022-03-18 09:00:52
1647594052612415000,63.3,3,63.3,40,63.4,12,2,2022-03-18 09:00:52
1647594052720604000,63.4,1,63.3,41,63.4,11,1,2022-03-18 09:00:52
1647594052970915000,63.4,1,63.3,55,63.4,22,1,2022-03-18 09:00:52
1647594052972649000,63.4,3,63.3,55,63.4,19,1,2022-03-18 09:00:52
1647594052992679000,63.3,3,63.3,52,63.4,19,2,2022-03-18 09:00:52
1647594053166079000,63.4,1,63.3,52,63.4,28,1,2022-03-18 09:00:53
1647594053181298000,63.4,1,63.3,54,63.4,27,1,2022-03-18 09:00:53
1647594053411024000,63.4,1,63.3,56,63.4,26,1,2022-03-18 09:00:53
1647594053515457000,63.4,4,63.3,56,63.4,22,1,2022-03-18 09:00:53
1647594053565672000,63.4,1,63.3,57,63.4,21,1,2022-03-18 09:00:53
1647594053739027000,63.4,1,63.3,57,63.4,20,1,2022-03-18 09:00:53
1647594053869480000,63.4,3,63.3,62,63.4,27,1,2022-03-18 09:00:53
1647594053936326000,63.4,2,63.3,62,63.4,25,1,2022-03-18 09:00:53
1647594054145782000,63.3,1,63.3,64,63.4,25,2,2022-03-18 09:00:54
1647594054181117000,63.3,1,63.3,66,63.4,25,2,2022-03-18 09:00:54
1647594054285229000,63.3,7,63.3,59,63.4,25,2,2022-03-18 09:00:54
1647594054310449000,63.4,1,63.3,59,63.4,24,1,2022-03-18 09:00:54
1647594054389915000,63.4,2,63.3,59,63.4,22,1,2022-03-18 09:00:54
1647594054438797000,63.4,1,63.3,59,63.4,21,1,2022-03-18 09:00:54
1647594054441909000,63.3,20,63.3,39,63.4,21,2,2022-03-18 09:00:54
1647594054558762000,63.4,3,63.3,39,63.4,18,1,2022-03-18 09:00:54
1647594054593514000,63.4,1,63.3,39,63.4,17,1,2022-03-18 09:00:54
1647594055330749000,63.4,1,63.3,48,63.4,47,1,2022-03-18 09:00:55
1647594055348692000,63.4,1,63.3,48,63.4,46,1,2022-03-18 09:00:55
1647594055385070000,63.4,1,63.3,49,63.4,45,1,2022-03-18 09:00:55
1647594055408063000,63.4,4,63.3,49,63.4,41,1,2022-03-18 09:00:55
1647594055585478000,63.4,1,63.3,60,63.4,42,1,2022-03-18 09:00:55
1647594055646555000,63.4,1,63.3,60,63.4,41,1,2022-03-18 09:00:55
1647594055744281000,63.3,4,63.3,56,63.4,41,2,2022-03-18 09:00:55
1647594055775939000,63.4,1,63.3,56,63.4,40,1,2022-03-18 09:00:55
1647594055981457000,63.3,2,63.3,55,63.4,40,2,2022-03-18 09:00:55
1647594056121430000,63.4,1,63.3,57,63.4,39,1,2022-03-18 09:00:56
1647594056476681000,63.4,1,63.3,59,63.4,41,1,2022-03-18 09:00:56
1647594056542402000,63.4,1,63.3,61,63.4,41,1,2022-03-18 09:00:56
1647594056560858000,63.3,1,63.3,60,63.4,41,2,2022-03-18 09:00:56
1647594056584850000,63.4,5,63.3,60,63.4,36,1,2022-03-18 09:00:56
1647594056697438000,63.4,10,63.3,81,63.4,28,1,2022-03-18 09:00:56
1647594056717499000,63.3,1,63.3,80,63.4,28,2,2022-03-18 09:00:56
1647594056776958000,63.4,2,63.3,81,63.4,27,1,2022-03-18 09:00:56
1647594056792532000,63.3,1,63.3,80,63.4,27,2,2022-03-18 09:00:56
1647594056847212000,63.4,3,63.3,80,63.4,24,1,2022-03-18 09:00:56
1647594056957724000,63.3,80,63.0,97,63.4,25,2,2022-03-18 09:00:56
1647594056957724000,63.2,120,63.0,97,63.4,25,2,2022-03-18 09:00:56
1647594056957724000,63.1,48,63.0,97,63.4,25,2,2022-03-18 09:00:56
1647594056957724000,63.0,2,63.0,97,63.4,25,2,2022-03-18 09:00:56
1647594057037478000,63.3,1,63.0,97,63.4,25,2,2022-03-18 09:00:57
1647594057143395000,63.4,2,63.0,98,63.4,23,1,2022-03-18 09:00:57
1647594057234314000,63.4,1,63.1,12,63.4,22,1,2022-03-18 09:00:57
1647594057381983000,63.4,1,63.1,12,63.4,21,1,2022-03-18 09:00:57
1647594057398978000,63.4,1,63.1,12,63.4,20,1,2022-03-18 09:00:57
1647594057456568000,63.3,1,63.1,12,63.3,1,1,2022-03-18 09:00:57
1647594057683933000,63.3,1,63.0,101,63.3,41,1,2022-03-18 09:00:57
1647594057691315000,63.0,2,63.0,99,63.3,41,2,2022-03-18 09:00:57
1647594057701445000,63.0,66,63.0,33,63.3,41,2,2022-03-18 09:00:57
1647594057731422000,63.0,10,63.0,23,63.3,42,2,2022-03-18 09:00:57
1647594057760627000,63.0,9,63.0,14,63.3,43,2,2022-03-18 09:00:57
1647594057764631000,63.0,14,62.9,4,63.3,43,2,2022-03-18 09:00:57
1647594057857608000,63.1,1,62.9,4,63.3,65,1,2022-03-18 09:00:57
1647594057964638000,63.3,2,62.9,4,63.3,71,1,2022-03-18 09:00:57
1647594057999604000,63.3,1,63.0,1,63.3,82,1,2022-03-18 09:00:57
1647594058018320000,63.0,1,62.9,4,63.0,249,2,2022-03-18 09:00:58
1647594058024086000,63.0,1,62.9,4,63.0,248,1,2022-03-18 09:00:58
1647594058051313000,63.0,1,62.9,4,63.0,247,1,2022-03-18 09:00:58
1647594058086056000,62.9,2,62.9,2,63.0,247,2,2022-03-18 09:00:58
1647594058100493000,63.0,3,62.9,2,63.0,244,1,2022-03-18 09:00:58
1647594058271327000,63.0,2,62.9,2,63.0,242,1,2022-03-18 09:00:58
1647594058409028000,62.9,2,62.7,32,63.0,242,2,2022-03-18 09:00:58
1647594058409028000,62.8,8,62.7,32,63.0,242,2,2022-03-18 09:00:58
1647594058415485000,62.7,1,62.7,31,63.0,252,2,2022-03-18 09:00:58
1647594058448735000,63.0,1,62.7,31,63.0,251,1,2022-03-18 09:00:58
1647594058528487000,63.0,1,62.7,31,63.0,250,1,2022-03-18 09:00:58
1647594058547291000,62.7,1,62.7,30,63.0,255,2,2022-03-18 09:00:58
1647594058667260000,63.0,1,62.7,30,63.0,254,1,2022-03-18 09:00:58
1647594058710371000,63.0,1,62.7,30,63.0,253,1,2022-03-18 09:00:58
1647594058721169000,63.0,1,62.8,1,63.0,252,1,2022-03-18 09:00:58
1647594058742811000,62.8,1,62.7,30,63.0,252,2,2022-03-18 09:00:58
1647594058764807000,62.7,1,62.7,29,63.0,252,2,2022-03-18 09:00:58
1647594058809990000,63.0,1,62.7,29,63.0,251,1,2022-03-18 09:00:58
1647594058959248000,62.7,1,62.7,28,63.0,253,2,2022-03-18 09:00:58
1647594059115775000,62.9,4,62.7,28,63.0,247,1,2022-03-18 09:00:59
1647594059115775000,63.0,6,62.7,28,63.0,247,1,2022-03-18 09:00:59
1647594059258925000,62.8,1,62.7,28,62.8,6,1,2022-03-18 09:00:59
1647594059381619000,62.8,1,62.7,28,62.8,5,1,2022-03-18 09:00:59
1647594059619716000,62.8,1,62.7,28,62.8,5,1,2022-03-18 09:00:59
1647594059691010000,62.7,5,62.7,23,62.8,10,2,2022-03-18 09:00:59
1647594059694988000,62.8,1,62.7,23,62.8,9,1,2022-03-18 09:00:59
1647594059710943000,62.8,1,62.7,24,62.8,8,1,2022-03-18 09:00:59
1647594059722783000,62.8,8,62.7,24,62.9,11,1,2022-03-18 09:00:59
1647594059764779000,62.7,11,62.7,13,62.9,14,2,2022-03-18 09:00:59
1647594059906622000,62.9,1,62.7,13,62.9,15,1,2022-03-18 09:00:59
1647594059948045000,62.7,10,62.7,3,62.9,17,2,2022-03-18 09:00:59
1647594060046948000,62.7,1,62.7,2,62.9,17,2,2022-03-18 09:01:00
1647594060084255000,62.7,2,62.6,35,62.7,1,2,2022-03-18 09:01:00
1647594060088932000,62.6,1,62.6,34,62.7,1,2,2022-03-18 09:01:00
1647594060122005000,62.7,1,62.6,36,62.9,24,1,2022-03-18 09:01:00
1647594060164274000,62.6,3,62.6,33,62.7,5,2,2022-03-18 09:01:00
1647594060191154000,62.6,2,62.6,31,62.7,5,2,2022-03-18 09:01:00
1647594060198188000,62.7,1,62.6,31,62.7,4,1,2022-03-18 09:01:00
1647594060213097000,62.7,1,62.6,31,62.7,3,1,2022-03-18 09:01:00
1647594060224472000,62.7,3,62.6,31,62.9,24,1,2022-03-18 09:01:00
1647594060331028000,62.8,1,62.6,31,62.9,28,1,2022-03-18 09:01:00
1647594060352749000,62.9,3,62.6,31,62.9,25,1,2022-03-18 09:01:00
1647594060409083000,62.9,5,62.6,31,62.9,20,1,2022-03-18 09:01:00
1647594060438217000,62.9,1,62.6,31,62.9,19,1,2022-03-18 09:01:00
1647594060446514000,62.9,1,62.6,31,62.9,18,1,2022-03-18 09:01:00
1647594060722073000,62.9,1,62.6,31,62.9,16,1,2022-03-18 09:01:00
1647594060729048000,62.6,6,62.6,25,62.9,16,2,2022-03-18 09:01:00
1647594060752085000,62.9,1,62.6,25,62.9,15,1,2022-03-18 09:01:00
1647594060932153000,62.6,5,62.6,20,62.9,15,2,2022-03-18 09:01:00
1647594061307786000,62.8,1,62.6,20,62.9,5,1,2022-03-18 09:01:01
1647594061307786000,62.9,9,62.6,20,62.9,5,1,2022-03-18 09:01:01
1647594061522437000,62.9,1,62.6,23,62.9,4,1,2022-03-18 09:01:01
1647594061636677000,62.6,2,62.6,21,62.9,4,2,2022-03-18 09:01:01
1647594061657933000,62.9,1,62.6,21,62.9,3,1,2022-03-18 09:01:01
1647594061691360000,62.9,1,62.6,21,62.9,2,1,2022-03-18 09:01:01
1647594061854535000,62.9,1,62.6,21,62.9,13,1,2022-03-18 09:01:01
1647594061929428000,62.9,1,62.6,21,62.9,12,1,2022-03-18 09:01:01
1647594062067008000,62.8,1,62.6,21,62.8,1,1,2022-03-18 09:01:02
1647594062102036000,62.6,1,62.6,20,62.8,1,2,2022-03-18 09:01:02
1647594062269854000,62.8,1,62.6,20,62.9,12,1,2022-03-18 09:01:02
1647594062425236000,62.8,1,62.7,4,62.8,1,1,2022-03-18 09:01:02
1647594062429357000,62.7,3,62.7,1,62.8,1,2,2022-03-18 09:01:02
1647594062458810000,62.8,1,62.7,1,63.0,12,1,2022-03-18 09:01:02
1647594062531593000,62.8,1,62.7,1,63.0,12,1,2022-03-18 09:01:02
1647594062599425000,63.0,2,62.7,3,63.0,10,1,2022-03-18 09:01:02
1647594062662836000,62.7,6,62.7,4,63.0,10,2,2022-03-18 09:01:02
1647594062743040000,62.8,2,62.7,4,63.0,10,1,2022-03-18 09:01:02
1647594062863495000,62.7,6,62.6,19,63.0,10,2,2022-03-18 09:01:02
1647594062863495000,62.6,4,62.6,19,63.0,10,2,2022-03-18 09:01:02
1647594062896548000,63.0,1,62.7,3,63.0,9,1,2022-03-18 09:01:02
1647594062968437000,62.7,2,62.7,1,63.0,19,2,2022-03-18 09:01:02
1647594062982367000,62.7,6,62.6,19,62.7,24,2,2022-03-18 09:01:02
1647594063020585000,62.7,12,62.6,16,62.7,12,1,2022-03-18 09:01:03
1647594063149453000,62.7,12,62.6,16,63.0,19,1,2022-03-18 09:01:03
1647594063241179000,62.7,1,62.6,2,63.0,19,2,2022-03-18 09:01:03
1647594063241179000,62.6,14,62.6,2,63.0,19,2,2022-03-18 09:01:03
1647594063389950000,62.7,3,62.5,76,62.9,1,2,2022-03-18 09:01:03
1647594063389950000,62.6,2,62.5,76,62.9,1,2,2022-03-18 09:01:03
1647594063389950000,62.5,5,62.5,76,62.9,1,2,2022-03-18 09:01:03
1647594063392338000,62.9,1,62.5,76,63.0,18,1,2022-03-18 09:01:03
1647594063392338000,63.0,1,62.5,76,63.0,18,1,2022-03-18 09:01:03
1647594063463644000,62.7,1,62.6,2,63.0,30,1,2022-03-18 09:01:03
1647594063743520000,63.0,1,62.7,3,63.0,18,1,2022-03-18 09:01:03
1647594063863134000,63.0,5,62.7,3,63.0,13,1,2022-03-18 09:01:03
1647594064062366000,62.9,1,62.9,1,63.0,13,2,2022-03-18 09:01:04
1647594064130908000,63.0,5,62.9,1,63.0,47,1,2022-03-18 09:01:04
1647594064158695000,63.0,1,62.9,1,63.0,46,1,2022-03-18 09:01:04
1647594064196246000,62.9,1,62.7,5,63.0,46,2,2022-03-18 09:01:04
1647594064209844000,62.7,1,62.7,4,63.0,47,2,2022-03-18 09:01:04
1647594064379042000,62.7,4,62.6,5,63.0,49,2,2022-03-18 09:01:04
1647594064379042000,62.6,2,62.6,5,63.0,49,2,2022-03-18 09:01:04
1647594064759271000,62.9,1,62.7,5,62.9,1,1,2022-03-18 09:01:04
1647594065004790000,62.9,1,62.7,7,62.9,2,1,2022-03-18 09:01:05
1647594065190370000,62.8,1,62.6,12,62.9,4,2,2022-03-18 09:01:05
1647594065190370000,62.7,8,62.6,12,62.9,4,2,2022-03-18 09:01:05
1647594065190370000,62.6,1,62.6,12,62.9,4,2,2022-03-18 09:01:05
1647594065261915000,62.9,1,62.6,13,62.9,15,1,2022-03-18 09:01:05
1647594065401123000,62.6,5,62.6,9,62.9,17,2,2022-03-18 09:01:05
1647594065496482000,62.9,19,62.6,9,63.0,49,1,2022-03-18 09:01:05
1647594065496482000,63.0,1,62.6,9,63.0,49,1,2022-03-18 09:01:05
1647594065507722000,62.8,1,62.6,9,62.8,9,1,2022-03-18 09:01:05
1647594065524375000,62.6,4,62.6,5,62.8,9,2,2022-03-18 09:01:05
1647594065683633000,62.8,1,62.7,12,62.8,8,1,2022-03-18 09:01:05
1647594065895734000,62.8,1,62.7,12,62.8,11,1,2022-03-18 09:01:05
1647594066075344000,62.8,1,62.7,12,62.8,10,1,2022-03-18 09:01:06
1647594066293299000,62.7,1,62.7,16,62.8,11,2,2022-03-18 09:01:06
1647594066449901000,62.7,5,62.7,11,62.8,21,2,2022-03-18 09:01:06
1647594066492775000,62.7,5,62.7,18,62.8,21,2,2022-03-18 09:01:06
1647594067326382000,62.7,3,62.7,23,62.8,21,2,2022-03-18 09:01:07
1647594067993948000,62.7,1,62.7,22,62.8,21,2,2022-03-18 09:01:07
1647594068131381000,62.8,3,62.7,22,62.8,18,1,2022-03-18 09:01:08
1647594068172337000,62.8,1,62.7,24,62.8,17,1,2022-03-18 09:01:08
1647594068463406000,62.8,10,62.7,17,62.8,7,1,2022-03-18 09:01:08
1647594068504394000,62.8,7,62.7,17,62.9,16,1,2022-03-18 09:01:08
1647594068569150000,62.9,1,62.7,19,62.9,15,1,2022-03-18 09:01:08
1647594068611690000,62.7,4,62.7,15,62.9,15,2,2022-03-18 09:01:08
1647594068671782000,62.7,1,62.7,14,62.9,17,2,2022-03-18 09:01:08
1647594068817430000,62.9,1,62.7,14,62.9,17,1,2022-03-18 09:01:08
1647594068894769000,62.9,10,62.8,1,62.9,7,1,2022-03-18 09:01:08
1647594068979314000,62.9,1,62.8,1,62.9,6,1,2022-03-18 09:01:08
1647594069002946000,62.8,1,62.7,14,62.8,1,2,2022-03-18 09:01:09
1647594069029146000,62.8,1,62.7,14,62.9,6,1,2022-03-18 09:01:09
1647594069194624000,62.8,1,62.8,1,62.9,6,2,2022-03-18 09:01:09
1647594069462989000,62.9,5,62.8,3,62.9,1,1,2022-03-18 09:01:09
1647594069512684000,62.8,1,62.8,2,62.9,1,2,2022-03-18 09:01:09
1647594069599649000,62.8,1,62.8,1,62.9,1,2,2022-03-18 09:01:09
1647594069740918000,62.8,1,62.7,15,62.8,3,2,2022-03-18 09:01:09
1647594069954088000,62.7,4,62.7,13,62.8,3,2,2022-03-18 09:01:09
1647594069993801000,62.7,7,62.7,6,62.8,3,2,2022-03-18 09:01:09
1647594070066183000,62.8,2,62.7,6,62.8,1,1,2022-03-18 09:01:10
1647594070122214000,62.8,1,62.7,6,63.0,69,1,2022-03-18 09:01:10
1647594070122214000,62.9,2,62.7,6,63.0,69,1,2022-03-18 09:01:10
1647594070122214000,63.0,7,62.7,6,63.0,69,1,2022-03-18 09:01:10
1647594070213475000,62.7,1,62.7,5,63.0,69,2,2022-03-18 09:01:10
1647594070274570000,62.9,2,62.7,8,63.0,51,1,2022-03-18 09:01:10
1647594070274570000,63.0,18,62.7,8,63.0,51,1,2022-03-18 09:01:10
1647594070498451000,62.9,1,62.8,2,62.9,29,1,2022-03-18 09:01:10
1647594070600646000,62.9,2,62.8,2,62.9,28,1,2022-03-18 09:01:10
1647594070658883000,62.8,2,62.6,18,62.9,28,2,2022-03-18 09:01:10
1647594070658883000,62.7,9,62.6,18,62.9,28,2,2022-03-18 09:01:10
1647594070658883000,62.6,19,62.6,18,62.9,28,2,2022-03-18 09:01:10
1647594070790482000,62.6,5,62.6,13,62.9,28,2,2022-03-18 09:01:10
1647594070860922000,62.6,1,62.6,12,62.9,28,2,2022-03-18 09:01:10
1647594071507808000,62.9,3,62.8,2,62.9,30,1,2022-03-18 09:01:11
1647594071576339000,62.9,1,62.8,2,62.9,29,1,2022-03-18 09:01:11
1647594071993435000,62.8,1,62.8,2,62.9,30,2,2022-03-18 09:01:11
1647594072052070000,62.8,2,62.7,16,62.9,30,2,2022-03-18 09:01:12
1647594072052070000,62.7,1,62.7,16,62.9,30,2,2022-03-18 09:01:12
1647594072180162000,62.9,1,62.7,16,62.9,29,1,2022-03-18 09:01:12
1647594072513169000,62.9,1,62.8,1,62.9,30,1,2022-03-18 09:01:12
1647594073155696000,62.9,4,62.8,3,62.9,26,1,2022-03-18 09:01:13
1647594073230900000,62.8,2,62.8,1,62.9,26,2,2022-03-18 09:01:13
1647594073240117000,62.9,1,62.8,1,62.9,25,1,2022-03-18 09:01:13
1647594073272344000,62.8,1,62.7,16,62.9,25,2,2022-03-18 09:01:13
1647594073321331000,62.7,1,62.7,15,62.9,25,2,2022-03-18 09:01:13
1647594073817119000,62.7,10,62.7,9,62.9,35,2,2022-03-18 09:01:13
1647594073835984000,62.7,9,62.6,44,62.7,1,2,2022-03-18 09:01:13
1647594073848842000,62.7,1,62.6,44,62.9,35,1,2022-03-18 09:01:13
1647594074314932000,62.8,3,62.6,55,62.7,17,2,2022-03-18 09:01:14
1647594074314932000,62.7,6,62.6,55,62.7,17,2,2022-03-18 09:01:14
1647594074465357000,62.7,1,62.6,55,62.7,16,1,2022-03-18 09:01:14
1647594074885772000,62.7,1,62.6,60,62.7,15,1,2022-03-18 09:01:14
1647594074917216000,62.7,1,62.6,60,62.7,14,1,2022-03-18 09:01:14
1647594075027926000,62.7,1,62.6,60,62.7,13,1,2022-03-18 09:01:15
1647594075058135000,62.7,3,62.6,60,62.7,10,1,2022-03-18 09:01:15
1647594075078488000,62.7,1,62.6,60,62.7,9,1,2022-03-18 09:01:15
1647594075134847000,62.7,1,62.6,60,62.7,8,1,2022-03-18 09:01:15
1647594075162352000,62.7,5,62.6,60,62.7,3,1,2022-03-18 09:01:15
1647594075266590000,62.7,3,62.6,59,62.8,3,1,2022-03-18 09:01:15
1647594075485873000,62.8,2,62.7,3,62.8,1,1,2022-03-18 09:01:15
1647594075551052000,62.8,1,62.7,3,62.9,37,1,2022-03-18 09:01:15
1647594075737600000,62.7,1,62.7,2,62.9,37,2,2022-03-18 09:01:15
1647594075934627000,62.8,2,62.7,2,62.8,3,2,2022-03-18 09:01:15
1647594076059368000,62.7,1,62.7,1,62.8,3,2,2022-03-18 09:01:16
1647594076201399000,62.7,1,62.7,1,62.8,6,2,2022-03-18 09:01:16
1647594076207079000,62.7,1,62.6,60,62.8,6,2,2022-03-18 09:01:16
1647594076282871000,62.8,1,62.7,5,62.8,5,1,2022-03-18 09:01:16
1647594076347140000,62.7,1,62.7,4,62.8,5,2,2022-03-18 09:01:16
1647594076473558000,62.7,5,62.6,61,62.8,5,2,2022-03-18 09:01:16
1647594076536884000,62.6,1,62.6,60,62.8,5,2,2022-03-18 09:01:16
1647594076847465000,62.7,1,62.6,52,62.8,5,2,2022-03-18 09:01:16
1647594076847465000,62.6,9,62.6,52,62.8,5,2,2022-03-18 09:01:16
1647594077387420000,62.8,1,62.7,3,62.8,8,1,2022-03-18 09:01:17
1647594077387645000,62.7,2,62.7,1,62.8,8,2,2022-03-18 09:01:17
1647594077915385000,62.8,3,62.7,13,62.8,5,1,2022-03-18 09:01:17
1647594078084602000,62.8,1,62.7,14,62.8,4,1,2022-03-18 09:01:18
1647594078176960000,62.8,2,62.7,18,62.8,2,1,2022-03-18 09:01:18
1647594078247384000,62.7,10,62.7,8,62.8,2,2,2022-03-18 09:01:18
1647594078291436000,62.8,1,62.7,8,62.8,1,1,2022-03-18 09:01:18
1647594078385019000,62.8,1,62.7,9,62.9,38,1,2022-03-18 09:01:18
1647594078524822000,62.9,1,62.7,10,62.9,37,1,2022-03-18 09:01:18
1647594078898111000,62.7,2,62.7,11,62.9,38,2,2022-03-18 09:01:18
1647594079121024000,62.8,1,62.7,11,62.9,38,1,2022-03-18 09:01:19
1647594079903485000,62.8,2,62.7,13,62.9,39,1,2022-03-18 09:01:19
1647594079927151000,62.7,1,62.7,12,62.9,39,2,2022-03-18 09:01:19
1647594080120655000,62.9,1,62.8,2,62.9,38,1,2022-03-18 09:01:20
1647594080201679000,62.9,1,62.8,2,62.9,37,1,2022-03-18 09:01:20
1647594080397092000,62.9,2,62.8,3,62.9,81,1,2022-03-18 09:01:20
1647594080637784000,62.9,1,62.8,3,62.9,80,1,2022-03-18 09:01:20
1647594080705531000,62.8,3,62.7,12,62.9,80,2,2022-03-18 09:01:20
1647594080708894000,62.9,1,62.7,12,62.9,79,1,2022-03-18 09:01:20
1647594081070197000,62.9,1,62.7,14,62.9,79,1,2022-03-18 09:01:21
1647594081875538000,62.8,1,62.8,1,62.9,79,2,2022-03-18 09:01:21
1647594082201837000,62.9,1,62.8,2,62.9,78,1,2022-03-18 09:01:22
1647594082213357000,62.9,1,62.8,2,62.9,77,1,2022-03-18 09:01:22
1647594082263902000,62.8,2,62.7,29,62.9,77,2,2022-03-18 09:01:22
1647594082263902000,62.7,3,62.7,29,62.9,77,2,2022-03-18 09:01:22
1647594082362893000,62.9,1,62.7,29,62.9,76,1,2022-03-18 09:01:22
1647594082397739000,62.9,3,62.7,29,62.9,73,1,2022-03-18 09:01:22
1647594082945701000,62.9,1,62.8,3,62.9,72,1,2022-03-18 09:01:22
1647594083127837000,62.9,7,62.8,3,62.9,65,1,2022-03-18 09:01:23
1647594083311405000,62.8,1,62.8,4,62.9,65,2,2022-03-18 09:01:23
1647594083414593000,62.9,1,62.8,4,62.9,64,1,2022-03-18 09:01:23
1647594083497813000,62.8,1,62.8,3,62.9,64,2,2022-03-18 09:01:23
1647594083506920000,62.9,1,62.8,3,62.9,63,1,2022-03-18 09:01:23
1647594083781506000,62.9,4,62.8,3,62.9,59,1,2022-03-18 09:01:23
1647594083807549000,62.8,1,62.8,2,62.9,59,2,2022-03-18 09:01:23
1647594084023325000,62.8,1,62.8,1,62.9,59,2,2022-03-18 09:01:24
1647594084166278000,62.9,1,62.8,3,62.9,58,1,2022-03-18 09:01:24
1647594084325355000,62.9,1,62.8,3,62.9,57,1,2022-03-18 09:01:24
1647594084364053000,62.9,5,62.8,3,62.9,52,1,2022-03-18 09:01:24
1647594084542059000,62.8,8,62.7,43,62.8,2,2,2022-03-18 09:01:24
1647594084589391000,62.8,2,62.7,49,62.9,82,1,2022-03-18 09:01:24
1647594084992740000,62.8,1,62.7,49,62.8,9,1,2022-03-18 09:01:24
1647594085041489000,62.8,1,62.7,49,62.8,8,1,2022-03-18 09:01:25
1647594085108943000,62.7,1,62.7,48,62.8,8,2,2022-03-18 09:01:25
1647594085303818000,62.8,1,62.7,48,62.8,7,1,2022-03-18 09:01:25
1647594085397974000,62.8,1,62.7,48,62.8,16,1,2022-03-18 09:01:25
1647594085772813000,62.8,1,62.7,48,62.8,16,1,2022-03-18 09:01:25
1647594085773284000,62.8,1,62.7,48,62.8,15,1,2022-03-18 09:01:25
1647594085940931000,62.8,1,62.7,48,62.8,14,1,2022-03-18 09:01:25
1647594085964778000,62.7,5,62.7,43,62.8,14,2,2022-03-18 09:01:25
1647594086209160000,62.8,1,62.7,44,62.8,13,1,2022-03-18 09:01:26
1647594086835667000,62.7,3,62.7,44,62.8,16,2,2022-03-18 09:01:26
1647594086927117000,62.8,1,62.7,44,62.8,16,1,2022-03-18 09:01:26
1647594086933650000,62.8,1,62.7,44,62.8,15,1,2022-03-18 09:01:26
1647594086953781000,62.8,2,62.7,42,62.8,13,1,2022-03-18 09:01:26
1647594087027178000,62.8,1,62.7,43,62.8,12,1,2022-03-18 09:01:27
1647594087118711000,62.8,10,62.7,43,62.8,2,1,2022-03-18 09:01:27
1647594087293101000,62.8,1,62.7,43,62.8,1,1,2022-03-18 09:01:27
1647594087325674000,62.8,1,62.8,1,62.9,87,1,2022-03-18 09:01:27
1647594087487069000,62.9,2,62.8,1,62.9,85,1,2022-03-18 09:01:27
1647594087515065000,62.9,12,62.8,2,62.9,73,1,2022-03-18 09:01:27
1647594087648492000,62.8,5,62.7,44,62.8,5,2,2022-03-18 09:01:27
1647594087675880000,62.8,2,62.7,44,62.8,3,1,2022-03-18 09:01:27
1647594087691625000,62.8,2,62.7,44,62.8,1,1,2022-03-18 09:01:27
1647594087695956000,62.7,1,62.7,43,62.8,1,2,2022-03-18 09:01:27
1647594087746961000,62.8,1,62.7,43,62.9,73,1,2022-03-18 09:01:27
1647594087813491000,62.9,1,62.7,43,62.9,72,1,2022-03-18 09:01:27
1647594087851635000,62.8,2,62.8,3,62.9,72,1,2022-03-18 09:01:27
1647594088292973000,62.9,2,62.8,4,62.9,70,1,2022-03-18 09:01:28
1647594088380962000,62.9,1,62.8,7,62.9,69,1,2022-03-18 09:01:28
1647594088401882000,62.8,1,62.8,6,62.9,69,2,2022-03-18 09:01:28
1647594088448943000,62.9,1,62.8,11,62.9,68,1,2022-03-18 09:01:28
1647594088693940000,62.9,1,62.8,12,62.9,67,1,2022-03-18 09:01:28
1647594088937890000,62.8,1,62.8,12,62.9,67,2,2022-03-18 09:01:28
1647594089032474000,62.9,1,62.8,12,62.9,66,1,2022-03-18 09:01:29
1647594089066429000,62.9,1,62.8,12,62.9,65,1,2022-03-18 09:01:29
1647594089131017000,62.8,1,62.8,11,62.9,65,2,2022-03-18 09:01:29
1647594089445788000,62.8,1,62.8,11,62.9,65,2,2022-03-18 09:01:29
1647594089732015000,62.8,1,62.8,21,62.9,65,2,2022-03-18 09:01:29
1647594089888919000,62.9,1,62.8,21,62.9,64,1,2022-03-18 09:01:29
1647594089970097000,62.9,5,62.8,21,62.9,59,1,2022-03-18 09:01:29
1647594090062604000,62.8,1,62.8,20,62.9,59,2,2022-03-18 09:01:30
1647594090247640000,62.8,1,62.8,19,62.9,59,2,2022-03-18 09:01:30
1647594090475790000,62.9,4,62.8,21,62.9,55,1,2022-03-18 09:01:30
1647594090879531000,62.8,1,62.8,23,62.9,55,2,2022-03-18 09:01:30
1647594091226997000,62.8,1,62.8,26,62.9,67,2,2022-03-18 09:01:31
1647594091364832000,62.9,1,62.8,28,62.9,66,1,2022-03-18 09:01:31
1647594091427446000,62.8,2,62.8,26,62.9,71,2,2022-03-18 09:01:31
1647594091500562000,62.9,4,62.8,26,62.9,70,1,2022-03-18 09:01:31
1647594091573503000,62.9,1,62.8,27,62.9,69,1,2022-03-18 09:01:31
1647594092111713000,62.9,3,62.8,30,62.9,68,1,2022-03-18 09:01:32
1647594092181309000,62.8,30,62.7,70,62.8,20,2,2022-03-18 09:01:32
1647594092198988000,62.8,3,62.7,70,62.8,17,1,2022-03-18 09:01:32
1647594092330318000,62.7,2,62.7,68,62.8,17,2,2022-03-18 09:01:32
1647594092466822000,62.8,1,62.7,68,62.8,16,1,2022-03-18 09:01:32
1647594092524845000,62.8,1,62.7,68,62.8,15,1,2022-03-18 09:01:32
1647594092595368000,62.8,1,62.7,68,62.8,14,1,2022-03-18 09:01:32
1647594092676570000,62.8,4,62.7,68,62.8,16,1,2022-03-18 09:01:32
1647594092942939000,62.8,4,62.7,68,62.8,12,1,2022-03-18 09:01:32
1647594093005322000,62.8,1,62.7,68,62.8,11,1,2022-03-18 09:01:33
1647594093086161000,62.8,5,62.7,68,62.8,6,1,2022-03-18 09:01:33
1647594093236214000,62.8,1,62.7,72,62.8,5,1,2022-03-18 09:01:33
1647594093304414000,62.8,1,62.7,72,62.8,4,1,2022-03-18 09:01:33
1647594093500194000,62.8,1,62.7,74,62.8,3,1,2022-03-18 09:01:33
1647594093529414000,62.8,1,62.7,74,62.8,3,1,2022-03-18 09:01:33
1647594093529982000,62.8,1,62.7,74,62.8,2,1,2022-03-18 09:01:33
1647594093642799000,62.8,2,62.7,74,62.8,1,1,2022-03-18 09:01:33
1647594093767036000,62.8,1,62.7,74,62.9,71,1,2022-03-18 09:01:33
1647594093767036000,62.9,1,62.7,74,62.9,71,1,2022-03-18 09:01:33
1647594094116222000,62.8,3,62.7,74,62.9,70,1,2022-03-18 09:01:34
1647594094116222000,62.9,2,62.7,74,62.9,70,1,2022-03-18 09:01:34
1647594094420914000,62.8,1,62.7,74,62.9,70,1,2022-03-18 09:01:34
1647594094631888000,62.7,1,62.7,73,62.9,70,2,2022-03-18 09:01:34
1647594094942172000,62.8,1,62.7,74,62.9,71,2,2022-03-18 09:01:34
1647594094947214000,62.7,1,62.7,73,62.9,71,2,2022-03-18 09:01:34
1647594095271572000,62.7,2,62.7,71,62.9,72,2,2022-03-18 09:01:35
1647594095496883000,62.8,1,62.7,70,62.9,72,2,2022-03-18 09:01:35
1647594095496883000,62.7,1,62.7,70,62.9,72,2,2022-03-18 09:01:35
1647594095730387000,62.9,10,62.7,71,62.9,62,1,2022-03-18 09:01:35
1647594096060598000,62.8,2,62.7,73,62.9,62,2,2022-03-18 09:01:36
1647594096060598000,62.7,1,62.7,73,62.9,62,2,2022-03-18 09:01:36
1647594096520546000,62.8,1,62.7,75,62.8,4,1,2022-03-18 09:01:36
1647594096527646000,62.7,1,62.7,74,62.8,4,2,2022-03-18 09:01:36
1647594096528315000,62.8,1,62.7,74,62.8,3,1,2022-03-18 09:01:36
1647594096844551000,62.8,1,62.7,76,62.8,2,1,2022-03-18 09:01:36
1647594097065435000,62.7,1,62.7,75,62.8,3,2,2022-03-18 09:01:37
1647594097088119000,62.8,1,62.7,75,62.8,2,1,2022-03-18 09:01:37
1647594097238454000,62.8,2,62.7,75,62.9,61,1,2022-03-18 09:01:37
1647594097238454000,62.9,3,62.7,75,62.9,61,1,2022-03-18 09:01:37
1647594097282218000,62.9,1,62.7,75,62.9,60,1,2022-03-18 09:01:37
1647594097357122000,62.9,2,62.8,5,62.9,58,1,2022-03-18 09:01:37
1647594097459349000,62.8,1,62.8,4,62.9,58,2,2022-03-18 09:01:37
1647594097888335000,62.8,1,62.8,3,62.9,59,2,2022-03-18 09:01:37
1647594098015920000,62.9,1,62.8,5,62.9,60,1,2022-03-18 09:01:38
1647594098041947000,62.9,4,62.8,5,62.9,56,1,2022-03-18 09:01:38
1647594098057530000,62.9,1,62.8,5,62.9,55,1,2022-03-18 09:01:38
1647594098076515000,62.9,1,62.8,5,62.9,54,1,2022-03-18 09:01:38
1647594098081057000,62.9,1,62.8,5,62.9,53,1,2022-03-18 09:01:38
1647594098142130000,62.8,5,62.7,83,62.8,1,2,2022-03-18 09:01:38
1647594098196177000,62.8,1,62.7,83,62.9,53,1,2022-03-18 09:01:38
1647594098228016000,62.7,1,62.7,82,62.9,53,2,2022-03-18 09:01:38
1647594098371823000,62.8,2,62.7,83,62.8,8,1,2022-03-18 09:01:38
1647594098445508000,62.7,2,62.7,81,62.8,9,2,2022-03-18 09:01:38
1647594098527209000,62.7,10,62.7,72,62.8,9,2,2022-03-18 09:01:38
1647594098592763000,62.8,9,62.8,1,62.9,51,1,2022-03-18 09:01:38
1647594098645787000,62.8,1,62.7,72,62.9,51,2,2022-03-18 09:01:38
1647594098750267000,62.7,3,62.7,69,62.9,51,2,2022-03-18 09:01:38
1647594098814003000,62.9,2,62.7,72,62.9,49,1,2022-03-18 09:01:38
1647594098841142000,62.8,1,62.8,1,62.9,49,2,2022-03-18 09:01:38
1647594099042516000,62.9,1,62.8,1,62.9,48,1,2022-03-18 09:01:39
1647594099178171000,62.9,2,62.8,4,62.9,47,1,2022-03-18 09:01:39
1647594099222195000,62.8,1,62.8,3,62.9,47,2,2022-03-18 09:01:39
1647594099280470000,62.9,3,62.8,3,62.9,44,1,2022-03-18 09:01:39
1647594099470068000,62.9,2,62.8,19,62.9,45,1,2022-03-18 09:01:39
1647594099830658000,62.9,1,62.8,19,62.9,59,1,2022-03-18 09:01:39
1647594099897118000,62.8,3,62.8,16,62.9,59,2,2022-03-18 09:01:39
1647594100174919000,62.8,1,62.8,16,62.9,59,2,2022-03-18 09:01:40
1647594100264214000,62.9,1,62.8,16,62.9,58,1,2022-03-18 09:01:40
1647594100597057000,62.9,1,62.8,16,62.9,57,1,2022-03-18 09:01:40
1647594100742875000,62.8,1,62.8,18,62.9,57,2,2022-03-18 09:01:40
1647594101015614000,62.9,1,62.8,18,62.9,56,1,2022-03-18 09:01:41
1647594101666800000,62.8,2,62.8,18,62.9,58,2,2022-03-18 09:01:41
1647594101811636000,62.9,1,62.8,18,62.9,57,1,2022-03-18 09:01:41
1647594102010528000,62.8,1,62.8,18,62.9,57,2,2022-03-18 09:01:42
1647594102517511000,62.9,2,62.8,18,62.9,65,1,2022-03-18 09:01:42
1647594102648077000,62.8,18,62.7,100,62.8,2,2,2022-03-18 09:01:42
1647594102653123000,62.8,1,62.7,100,62.8,1,1,2022-03-18 09:01:42
1647594102842317000,62.7,10,62.7,95,62.8,1,2,2022-03-18 09:01:42
1647594102925426000,62.8,1,62.7,95,62.9,67,1,2022-03-18 09:01:42
1647594103310228000,62.9,1,62.8,5,62.9,66,1,2022-03-18 09:01:43
1647594103388335000,62.9,10,62.8,6,62.9,56,1,2022-03-18 09:01:43
1647594103417033000,62.9,2,62.8,6,62.9,54,1,2022-03-18 09:01:43
1647594103456364000,62.8,6,62.7,97,62.9,54,2,2022-03-18 09:01:43
1647594103456364000,62.7,4,62.7,97,62.9,54,2,2022-03-18 09:01:43
1647594103534399000,62.9,1,62.7,98,62.9,53,1,2022-03-18 09:01:43
1647594103552095000,62.8,1,62.7,98,62.8,1,1,2022-03-18 09:01:43
1647594103604886000,62.8,1,62.7,98,62.9,53,1,2022-03-18 09:01:43
1647594103770231000,62.8,1,62.7,100,62.9,53,1,2022-03-18 09:01:43
1647594104236354000,62.8,2,62.7,97,62.9,68,2,2022-03-18 09:01:44
1647594104236354000,62.7,3,62.7,97,62.9,68,2,2022-03-18 09:01:44
1647594104331463000,62.7,1,62.7,96,62.8,3,2,2022-03-18 09:01:44
1647594104391824000,62.8,1,62.7,96,62.8,2,1,2022-03-18 09:01:44
1647594104421174000,62.8,2,62.7,96,62.9,63,1,2022-03-18 09:01:44
1647594104525223000,62.7,3,62.7,93,62.8,1,2,2022-03-18 09:01:44
1647594104701485000,62.8,2,62.7,95,62.8,2,1,2022-03-18 09:01:44
1647594104718876000,62.8,1,62.7,95,62.8,1,1,2022-03-18 09:01:44
1647594104741551000,62.8,1,62.7,95,62.9,63,1,2022-03-18 09:01:44
1647594105375937000,62.8,2,62.7,98,62.8,4,1,2022-03-18 09:01:45
1647594105463180000,62.8,1,62.7,98,62.8,5,1,2022-03-18 09:01:45
1647594105753391000,62.8,1,62.7,97,62.8,5,1,2022-03-18 09:01:45
1647594105757114000,62.8,1,62.7,97,62.8,4,1,2022-03-18 09:01:45
1647594105912117000,62.7,3,62.7,93,62.8,4,2,2022-03-18 09:01:45
1647594106010891000,62.8,4,62.8,6,62.9,65,1,2022-03-18 09:01:46
1647594106045262000,62.8,6,62.7,93,62.9,65,2,2022-03-18 09:01:46
1647594106120387000,62.9,1,62.7,93,62.9,64,1,2022-03-18 09:01:46
1647594106480272000,62.8,15,62.8,5,62.9,66,1,2022-03-18 09:01:46
1647594106498762000,62.8,1,62.8,4,62.9,66,2,2022-03-18 09:01:46
1647594106922769000,62.8,1,62.8,4,62.9,66,2,2022-03-18 09:01:46
1647594107769933000,62.8,1,62.8,4,62.9,68,2,2022-03-18 09:01:47
1647594108078804000,62.8,1,62.8,4,62.9,71,2,2022-03-18 09:01:48
1647594108509761000,62.8,4,62.7,121,62.8,6,2,2022-03-18 09:01:48
1647594108707512000,62.8,2,62.7,125,62.8,4,1,2022-03-18 09:01:48
1647594109043470000,62.8,1,62.7,127,62.8,5,1,2022-03-18 09:01:49
1647594109079358000,62.7,1,62.7,129,62.8,5,2,2022-03-18 09:01:49
1647594109219605000,62.8,1,62.7,129,62.8,4,1,2022-03-18 09:01:49
1647594109465975000,62.8,1,62.7,129,62.8,6,1,2022-03-18 09:01:49
1647594109499185000,62.8,1,62.7,129,62.8,5,1,2022-03-18 09:01:49
1647594109713953000,62.8,1,62.7,129,62.8,4,1,2022-03-18 09:01:49
1647594109896696000,62.8,1,62.7,129,62.8,4,1,2022-03-18 09:01:49
1647594110017337000,62.8,2,62.7,129,62.8,2,1,2022-03-18 09:01:50
1647594110070839000,62.8,3,62.8,7,62.9,71,1,2022-03-18 09:01:50
1647594110230760000,62.8,1,62.8,7,62.9,71,2,2022-03-18 09:01:50
1647594110538999000,62.9,1,62.8,12,62.9,70,1,2022-03-18 09:01:50
1647594110745012000,62.8,1,62.8,11,62.9,70,2,2022-03-18 09:01:50
1647594110745786000,62.9,2,62.8,11,62.9,68,1,2022-03-18 09:01:50
1647594110966856000,62.9,1,62.8,11,62.9,67,1,2022-03-18 09:01:50
1647594111173476000,62.8,1,62.8,11,62.9,67,2,2022-03-18 09:01:51
1647594111318718000,62.9,1,62.8,12,62.9,66,1,2022-03-18 09:01:51
1647594111535156000,62.8,1,62.8,16,62.9,66,2,2022-03-18 09:01:51
1647594111633193000,62.8,1,62.8,15,62.9,76,2,2022-03-18 09:01:51
1647594111795472000,62.9,1,62.8,20,62.9,75,1,2022-03-18 09:01:51
1647594112335454000,62.9,2,62.8,23,62.9,73,1,2022-03-18 09:01:52
1647594112483904000,62.9,5,62.8,24,62.9,68,1,2022-03-18 09:01:52
1647594112601372000,62.8,24,62.7,181,62.8,11,2,2022-03-18 09:01:52
1647594112663860000,62.8,1,62.7,181,62.8,10,1,2022-03-18 09:01:52
1647594112729485000,62.8,1,62.7,181,62.8,9,1,2022-03-18 09:01:52
1647594112737202000,62.8,2,62.7,181,62.8,7,1,2022-03-18 09:01:52
1647594112988470000,62.8,1,62.7,181,62.8,16,1,2022-03-18 09:01:52
1647594113022641000,62.8,1,62.7,181,62.8,15,1,2022-03-18 09:01:53
1647594113080935000,62.8,1,62.7,181,62.8,14,1,2022-03-18 09:01:53
1647594113340526000,62.8,3,62.7,181,62.8,12,1,2022-03-18 09:01:53
1647594113360180000,62.8,5,62.7,181,62.8,7,1,2022-03-18 09:01:53
1647594113762017000,62.8,1,62.7,188,62.8,28,1,2022-03-18 09:01:53
1647594114089342000,62.8,1,62.7,188,62.8,38,1,2022-03-18 09:01:54
1647594114199283000,62.8,1,62.7,188,62.8,40,1,2022-03-18 09:01:54
1647594114201059000,62.8,2,62.7,188,62.8,38,1,2022-03-18 09:01:54
1647594114249367000,62.8,1,62.7,188,62.8,38,1,2022-03-18 09:01:54
1647594114455834000,62.7,20,62.7,168,62.8,38,2,2022-03-18 09:01:54
1647594114474501000,62.7,15,62.7,153,62.8,38,2,2022-03-18 09:01:54
1647594114503606000,62.7,38,62.7,115,62.8,38,2,2022-03-18 09:01:54
1647594114766181000,62.8,10,62.7,115,62.8,33,1,2022-03-18 09:01:54
1647594114996346000,62.7,5,62.7,110,62.8,35,2,2022-03-18 09:01:54
1647594115018803000,62.7,58,62.7,52,62.8,35,2,2022-03-18 09:01:55
1647594115090378000,62.8,20,62.7,52,62.8,18,1,2022-03-18 09:01:55
1647594115093232000,62.8,1,62.7,52,62.8,17,1,2022-03-18 09:01:55
1647594115102210000,62.7,10,62.7,42,62.8,17,2,2022-03-18 09:01:55
1647594115150711000,62.8,1,62.7,42,62.8,16,1,2022-03-18 09:01:55
1647594115222176000,62.7,5,62.7,37,62.8,16,2,2022-03-18 09:01:55
1647594115269495000,62.7,10,62.7,28,62.8,16,2,2022-03-18 09:01:55
1647594115303544000,62.8,5,62.7,28,62.8,11,1,2022-03-18 09:01:55
1647594115367569000,62.8,2,62.7,28,62.8,9,1,2022-03-18 09:01:55
1647594115401717000,62.7,10,62.7,18,62.8,9,2,2022-03-18 09:01:55
1647594115438593000,62.8,1,62.7,18,62.8,8,1,2022-03-18 09:01:55
1647594115451824000,62.8,2,62.7,18,62.8,6,1,2022-03-18 09:01:55
1647594115527757000,62.8,1,62.7,18,62.8,5,1,2022-03-18 09:01:55
1647594115542331000,62.7,1,62.7,17,62.8,5,2,2022-03-18 09:01:55
1647594115560116000,62.7,3,62.7,14,62.8,5,2,2022-03-18 09:01:55
1647594115573374000,62.7,3,62.7,11,62.8,5,2,2022-03-18 09:01:55
1647594115593331000,62.7,3,62.7,8,62.8,5,2,2022-03-18 09:01:55
1647594115675964000,62.7,3,62.7,5,62.8,5,2,2022-03-18 09:01:55
1647594115676993000,62.7,1,62.7,4,62.8,5,2,2022-03-18 09:01:55
1647594115733413000,62.7,5,62.6,76,62.7,5,2,2022-03-18 09:01:55
1647594115832670000,62.7,10,62.6,75,62.7,13,1,2022-03-18 09:01:55
1647594116117567000,62.7,1,62.6,75,62.7,40,1,2022-03-18 09:01:56
1647594116154993000,62.6,1,62.6,74,62.7,40,2,2022-03-18 09:01:56
1647594116196115000,62.7,1,62.6,74,62.7,42,1,2022-03-18 09:01:56
1647594116232356000,62.6,5,62.6,69,62.7,42,2,2022-03-18 09:01:56
1647594116283450000,62.7,3,62.6,69,62.7,39,1,2022-03-18 09:01:56
1647594116346509000,62.7,1,62.6,70,62.7,40,1,2022-03-18 09:01:56
1647594116348613000,62.7,10,62.6,70,62.7,30,1,2022-03-18 09:01:56
1647594116527920000,62.6,4,62.6,66,62.7,30,2,2022-03-18 09:01:56
1647594116534270000,62.7,1,62.6,66,62.7,29,1,2022-03-18 09:01:56
1647594116572342000,62.6,2,62.6,64,62.7,29,2,2022-03-18 09:01:56
1647594116665540000,62.6,1,62.6,63,62.7,29,2,2022-03-18 09:01:56
1647594116737630000,62.6,2,62.6,61,62.7,29,2,2022-03-18 09:01:56
1647594116740723000,62.7,3,62.6,61,62.7,26,1,2022-03-18 09:01:56
1647594116753472000,62.6,61,62.4,39,62.5,32,2,2022-03-18 09:01:56
1647594116753472000,62.5,107,62.4,39,62.5,32,2,2022-03-18 09:01:56
1647594116776464000,62.5,1,62.4,39,62.5,31,1,2022-03-18 09:01:56
1647594116837991000,62.5,1,62.4,39,62.5,37,1,2022-03-18 09:01:56
1647594116870052000,62.4,1,62.4,38,62.5,37,2,2022-03-18 09:01:56
1647594116923926000,62.5,2,62.4,38,62.5,35,1,2022-03-18 09:01:56
1647594117132137000,62.5,1,62.4,38,62.5,36,1,2022-03-18 09:01:57
1647594117256843000,62.5,1,62.4,38,62.5,35,1,2022-03-18 09:01:57
1647594117337913000,62.4,3,62.4,35,62.5,35,2,2022-03-18 09:01:57
1647594117351520000,62.4,1,62.4,34,62.5,35,2,2022-03-18 09:01:57
1647594117391923000,62.5,1,62.4,34,62.5,34,1,2022-03-18 09:01:57
1647594117462088000,62.4,34,62.3,15,62.5,34,2,2022-03-18 09:01:57
1647594117462088000,62.3,16,62.3,15,62.5,34,2,2022-03-18 09:01:57
1647594117480514000,62.3,1,62.3,14,62.5,34,2,2022-03-18 09:01:57
1647594117515763000,62.5,1,62.3,14,62.5,33,1,2022-03-18 09:01:57
1647594117517662000,62.3,14,62.2,27,62.3,16,2,2022-03-18 09:01:57
1647594117993446000,62.3,1,62.2,27,62.3,22,1,2022-03-18 09:01:57
1647594118240135000,62.2,2,62.2,25,62.3,22,2,2022-03-18 09:01:58
1647594118285857000,62.2,11,62.2,14,62.3,22,2,2022-03-18 09:01:58
1647594118411025000,62.2,2,62.2,12,62.3,22,2,2022-03-18 09:01:58
1647594118427634000,62.3,1,62.2,12,62.3,21,1,2022-03-18 09:01:58
1647594118430128000,62.3,1,62.2,12,62.3,20,1,2022-03-18 09:01:58
1647594118553436000,62.2,1,62.2,11,62.3,20,2,2022-03-18 09:01:58
1647594118727185000,62.3,1,62.2,11,62.3,19,1,2022-03-18 09:01:58
1647594118970002000,62.2,6,62.2,5,62.3,19,2,2022-03-18 09:01:58
1647594119008766000,62.2,1,62.2,4,62.3,19,2,2022-03-18 09:01:59
1647594119012929000,62.2,1,62.2,3,62.3,19,2,2022-03-18 09:01:59
1647594119070144000,62.3,2,62.2,3,62.3,17,1,2022-03-18 09:01:59
1647594119268801000,62.3,1,62.2,3,62.3,16,1,2022-03-18 09:01:59
1647594119291573000,62.2,1,62.2,2,62.3,16,2,2022-03-18 09:01:59
1647594119437444000,62.2,1,62.2,11,62.3,16,2,2022-03-18 09:01:59
1647594119468956000,62.3,1,62.2,11,62.3,15,1,2022-03-18 09:01:59
1647594119481856000,62.2,1,62.2,10,62.3,15,2,2022-03-18 09:01:59
1647594119570945000,62.2,1,62.2,9,62.3,15,2,2022-03-18 09:01:59
1647594119623555000,62.2,3,62.2,6,62.3,15,2,2022-03-18 09:01:59
1647594119872651000,62.3,1,62.2,6,62.3,14,1,2022-03-18 09:01:59
1647594119908604000,62.2,2,62.2,4,62.3,14,2,2022-03-18 09:01:59
1647594119958260000,62.2,1,62.2,3,62.3,14,2,2022-03-18 09:01:59
1647594119963035000,62.2,3,62.1,14,62.3,14,2,2022-03-18 09:01:59
1647594119963035000,62.1,7,62.1,14,62.3,14,2,2022-03-18 09:01:59
1647594120026022000,62.3,2,62.1,14,62.3,12,1,2022-03-18 09:02:00
1647594120086870000,62.2,1,62.1,18,62.3,12,1,2022-03-18 09:02:00
1647594120087759000,62.1,2,62.1,16,62.3,12,2,2022-03-18 09:02:00
1647594120305898000,62.3,12,62.2,5,62.4,5,1,2022-03-18 09:02:00
1647594120310731000,62.4,1,62.2,5,62.4,4,1,2022-03-18 09:02:00
1647594120427565000,62.4,2,62.2,5,62.4,9,1,2022-03-18 09:02:00
1647594120601098000,62.2,1,62.2,5,62.4,9,2,2022-03-18 09:02:00
1647594120621373000,62.4,1,62.2,5,62.4,8,1,2022-03-18 09:02:00
1647594120725602000,62.2,1,62.2,4,62.4,8,2,2022-03-18 09:02:00
1647594120771135000,62.2,1,62.2,3,62.4,8,2,2022-03-18 09:02:00
1647594120936593000,62.2,2,62.2,2,62.3,1,2,2022-03-18 09:02:00
1647594120950569000,62.3,1,62.2,2,62.4,8,1,2022-03-18 09:02:00
1647594121477616000,62.3,2,62.2,13,62.4,8,2,2022-03-18 09:02:01
1647594121501629000,62.3,3,62.3,2,62.4,8,2,2022-03-18 09:02:01
1647594121689059000,62.4,8,62.3,2,62.5,41,1,2022-03-18 09:02:01
1647594121689059000,62.5,3,62.3,2,62.5,41,1,2022-03-18 09:02:01
1647594121689405000,62.5,1,62.3,2,62.5,40,1,2022-03-18 09:02:01
1647594121746931000,62.5,2,62.3,2,62.5,38,1,2022-03-18 09:02:01
1647594121976226000,62.3,1,62.3,11,62.5,38,2,2022-03-18 09:02:01
1647594122120243000,62.5,1,62.3,16,62.5,37,1,2022-03-18 09:02:02
1647594122155410000,62.3,2,62.3,14,62.5,37,2,2022-03-18 09:02:02
1647594122197228000,62.5,12,62.3,14,62.5,25,1,2022-03-18 09:02:02
1647594122298412000,62.3,10,62.3,4,62.5,25,2,2022-03-18 09:02:02
1647594122398126000,62.5,3,62.3,4,62.5,22,1,2022-03-18 09:02:02
1647594123122364000,62.5,1,62.4,2,62.5,21,1,2022-03-18 09:02:03
1647594123155516000,62.4,2,62.3,5,62.4,1,2,2022-03-18 09:02:03
1647594123184793000,62.4,1,62.3,5,62.5,21,1,2022-03-18 09:02:03
1647594123252356000,62.4,2,62.3,6,62.4,1,1,2022-03-18 09:02:03
1647594123258519000,62.4,1,62.3,6,62.5,21,1,2022-03-18 09:02:03
1647594123446882000,62.3,6,62.2,40,62.5,23,2,2022-03-18 09:02:03
1647594123667375000,62.3,1,62.3,4,62.5,23,2,2022-03-18 09:02:03
1647594123730313000,62.3,4,62.2,37,62.5,23,2,2022-03-18 09:02:03
1647594123730313000,62.2,5,62.2,37,62.5,23,2,2022-03-18 09:02:03
1647594123812324000,62.3,2,62.3,1,62.5,23,2,2022-03-18 09:02:03
1647594124108797000,62.4,2,62.3,12,62.5,23,1,2022-03-18 09:02:04
1647594124320644000,62.3,1,62.3,11,62.4,12,2,2022-03-18 09:02:04
1647594124808678000,62.4,1,62.3,23,62.4,11,1,2022-03-18 09:02:04
1647594124830336000,62.4,1,62.3,23,62.4,10,1,2022-03-18 09:02:04
1647594124870485000,62.4,10,62.3,23,62.4,1,1,2022-03-18 09:02:04
1647594124994439000,62.4,1,62.3,23,62.5,23,1,2022-03-18 09:02:04
1647594125308136000,62.3,10,62.3,15,62.5,23,2,2022-03-18 09:02:05
1647594125500408000,62.3,4,62.3,11,62.5,23,2,2022-03-18 09:02:05
1647594126087620000,62.3,2,62.3,12,62.4,2,2,2022-03-18 09:02:06
1647594126317189000,62.4,5,62.3,15,62.5,9,1,2022-03-18 09:02:06
1647594126317189000,62.5,15,62.3,15,62.5,9,1,2022-03-18 09:02:06
1647594127047277000,62.5,1,62.3,17,62.5,16,1,2022-03-18 09:02:07
1647594127359642000,62.4,2,62.3,17,62.4,2,2,2022-03-18 09:02:07
1647594127462561000,62.4,1,62.3,17,62.4,1,1,2022-03-18 09:02:07
1647594127503650000,62.3,4,62.3,13,62.4,1,2,2022-03-18 09:02:07
1647594127511930000,62.3,5,62.3,8,62.4,1,2,2022-03-18 09:02:07
1647594127704607000,62.4,1,62.3,18,62.5,28,1,2022-03-18 09:02:07
1647594127704607000,62.5,1,62.3,18,62.5,28,1,2022-03-18 09:02:07
1647594127741560000,62.3,1,62.3,23,62.5,28,2,2022-03-18 09:02:07
1647594127814085000,62.5,1,62.3,23,62.5,27,1,2022-03-18 09:02:07
1647594127974133000,62.4,3,62.3,11,62.5,28,2,2022-03-18 09:02:07
1647594127974133000,62.3,12,62.3,11,62.5,28,2,2022-03-18 09:02:07
1647594128029702000,62.5,1,62.4,1,62.5,27,1,2022-03-18 09:02:08
1647594128750467000,62.5,20,62.4,10,62.5,7,1,2022-03-18 09:02:08
1647594128778449000,62.5,7,62.4,10,62.6,4,1,2022-03-18 09:02:08
1647594128900217000,62.6,1,62.4,12,62.6,3,1,2022-03-18 09:02:08
1647594128951978000,62.4,3,62.4,9,62.6,3,2,2022-03-18 09:02:08
1647594128970515000,62.4,2,62.4,7,62.5,1,2,2022-03-18 09:02:08
1647594129067689000,62.4,5,62.4,2,62.5,1,2,2022-03-18 09:02:09
1647594129319040000,62.4,1,62.4,7,62.5,1,2,2022-03-18 09:02:09
1647594129322378000,62.5,1,62.4,7,62.6,3,1,2022-03-18 09:02:09
1647594129376551000,62.6,2,62.5,5,62.6,1,1,2022-03-18 09:02:09
1647594129785263000,62.5,5,62.4,19,62.6,8,2,2022-03-18 09:02:09
1647594129855640000,62.4,10,62.4,10,62.6,8,2,2022-03-18 09:02:09
1647594130108406000,62.5,1,62.4,10,62.5,4,2,2022-03-18 09:02:10
1647594130136164000,62.4,1,62.4,9,62.5,4,2,2022-03-18 09:02:10
1647594130306514000,62.5,2,62.4,10,62.5,12,1,2022-03-18 09:02:10
1647594130350890000,62.4,5,62.4,5,62.5,12,2,2022-03-18 09:02:10
1647594130456107000,62.5,1,62.4,5,62.5,11,1,2022-03-18 09:02:10
1647594130650430000,62.5,10,62.4,15,62.5,1,1,2022-03-18 09:02:10
1647594131296844000,62.4,1,62.4,14,62.5,5,2,2022-03-18 09:02:11
1647594131410973000,62.4,1,62.4,13,62.5,5,2,2022-03-18 09:02:11
1647594131414275000,62.4,5,62.4,8,62.5,5,2,2022-03-18 09:02:11
1647594131954174000,62.5,2,62.4,18,62.5,6,1,2022-03-18 09:02:11
1647594132297644000,62.5,2,62.4,18,62.5,4,1,2022-03-18 09:02:12
1647594132344035000,62.5,1,62.4,18,62.5,3,1,2022-03-18 09:02:12
1647594132554902000,62.5,1,62.4,18,62.5,2,1,2022-03-18 09:02:12
1647594132856093000,62.5,1,62.4,22,62.5,1,1,2022-03-18 09:02:12
1647594133242673000,62.5,2,62.4,22,62.6,10,1,2022-03-18 09:02:13
1647594133242673000,62.6,8,62.4,22,62.6,10,1,2022-03-18 09:02:13
1647594133414019000,62.5,1,62.5,1,62.6,10,2,2022-03-18 09:02:13
1647594133728906000,62.6,4,62.5,1,62.6,6,1,2022-03-18 09:02:13
1647594133979738000,62.5,4,62.4,46,62.6,6,2,2022-03-18 09:02:13
1647594133979738000,62.4,1,62.4,46,62.6,6,2,2022-03-18 09:02:13
1647594134322915000,62.5,4,62.5,9,62.6,8,2,2022-03-18 09:02:14
1647594134390824000,62.5,1,62.5,8,62.6,8,2,2022-03-18 09:02:14
1647594134545891000,62.5,1,62.5,7,62.6,8,2,2022-03-18 09:02:14
1647594134558643000,62.5,2,62.5,5,62.6,8,2,2022-03-18 09:02:14
1647594134632216000,62.6,1,62.5,5,62.6,7,1,2022-03-18 09:02:14
1647594134728213000,62.6,2,62.5,5,62.6,5,1,2022-03-18 09:02:14
1647594135021793000,62.5,1,62.5,5,62.6,9,2,2022-03-18 09:02:15
1647594135055456000,62.5,1,62.5,4,62.6,9,2,2022-03-18 09:02:15
1647594135822857000,62.5,5,62.5,1,62.6,10,2,2022-03-18 09:02:15
1647594136041493000,62.5,1,62.5,1,62.6,10,2,2022-03-18 09:02:16
1647594136196812000,62.5,1,62.4,45,62.6,11,2,2022-03-18 09:02:16
1647594136362140000,62.4,1,62.4,44,62.6,11,2,2022-03-18 09:02:16
1647594136610462000,62.4,2,62.4,42,62.6,11,2,2022-03-18 09:02:16
1647594136697414000,62.6,1,62.4,43,62.6,10,1,2022-03-18 09:02:16
1647594136727162000,62.6,2,62.4,43,62.6,8,1,2022-03-18 09:02:16
1647594136797980000,62.6,2,62.4,46,62.6,6,1,2022-03-18 09:02:16
1647594136896849000,62.6,6,62.6,4,62.7,32,1,2022-03-18 09:02:16
1647594136931257000,62.6,2,62.6,2,62.7,32,2,2022-03-18 09:02:16
1647594137102446000,62.7,1,62.6,3,62.7,31,1,2022-03-18 09:02:17
1647594137158735000,62.6,1,62.6,2,62.7,31,2,2022-03-18 09:02:17
1647594137608663000,62.6,1,62.6,1,62.7,31,2,2022-03-18 09:02:17
1647594137729062000,62.7,1,62.6,1,62.7,30,1,2022-03-18 09:02:17
1647594137806466000,62.6,1,62.5,20,62.7,30,2,2022-03-18 09:02:17
1647594137806466000,62.5,4,62.5,20,62.7,30,2,2022-03-18 09:02:17
1647594138547182000,62.5,1,62.5,26,62.6,2,2,2022-03-18 09:02:18
1647594138823811000,62.6,5,62.5,28,62.6,7,1,2022-03-18 09:02:18
1647594138969204000,62.6,1,62.5,28,62.6,6,1,2022-03-18 09:02:18
1647594139111812000,62.6,1,62.5,28,62.6,5,1,2022-03-18 09:02:19
1647594139298130000,62.6,1,62.5,28,62.6,4,1,2022-03-18 09:02:19
1647594140172577000,62.6,2,62.5,30,62.6,2,1,2022-03-18 09:02:20
1647594140334229000,62.6,1,62.5,30,62.6,1,1,2022-03-18 09:02:20
1647594140460548000,62.6,1,62.5,32,62.7,32,1,2022-03-18 09:02:20
1647594140811153000,62.6,5,62.5,32,62.6,5,2,2022-03-18 09:02:20
1647594140872817000,62.6,1,62.5,32,62.6,4,1,2022-03-18 09:02:20
1647594141073912000,62.6,2,62.5,32,62.6,2,1,2022-03-18 09:02:21
1647594141387179000,62.6,1,62.5,34,62.6,2,1,2022-03-18 09:02:21
1647594142258689000,62.5,1,62.5,36,62.6,13,2,2022-03-18 09:02:22
1647594142511404000,62.6,1,62.5,42,62.6,15,1,2022-03-18 09:02:22
1647594142633414000,62.6,15,62.6,5,62.7,32,1,2022-03-18 09:02:22
1647594143049132000,62.7,3,62.6,8,62.7,29,1,2022-03-18 09:02:23
1647594143122712000,62.7,2,62.6,8,62.7,27,1,2022-03-18 09:02:23
1647594143553150000,62.6,10,62.6,1,62.7,27,2,2022-03-18 09:02:23
1647594143770814000,62.6,1,62.5,41,62.6,2,2,2022-03-18 09:02:23
1647594143934554000,62.6,1,62.5,41,62.6,1,1,2022-03-18 09:02:23
1647594143960423000,62.6,1,62.5,41,62.7,37,1,2022-03-18 09:02:23
1647594144062932000,62.6,2,62.5,41,62.6,4,1,2022-03-18 09:02:24
1647594144120119000,62.5,2,62.5,39,62.6,8,2,2022-03-18 09:02:24
1647594144273049000,62.6,1,62.5,39,62.6,7,1,2022-03-18 09:02:24
1647594144289821000,62.5,1,62.5,38,62.6,7,2,2022-03-18 09:02:24
1647594144435388000,62.6,5,62.5,39,62.6,2,1,2022-03-18 09:02:24
1647594144775458000,62.6,2,62.5,40,62.7,39,1,2022-03-18 09:02:24
1647594144914381000,62.7,1,62.5,43,62.7,38,1,2022-03-18 09:02:24
1647594145390133000,62.6,1,62.6,1,62.7,38,2,2022-03-18 09:02:25
1647594146980987000,62.6,4,62.6,19,62.7,48,2,2022-03-18 09:02:26
1647594147150886000,62.7,5,62.6,19,62.7,43,1,2022-03-18 09:02:27
1647594147270149000,62.7,1,62.6,19,62.7,42,1,2022-03-18 09:02:27
1647594147285791000,62.6,1,62.6,18,62.7,42,2,2022-03-18 09:02:27
1647594147304881000,62.6,6,62.6,12,62.7,42,2,2022-03-18 09:02:27
1647594147664150000,62.7,1,62.6,16,62.7,42,1,2022-03-18 09:02:27
1647594147867709000,62.6,18,62.5,62,62.6,32,2,2022-03-18 09:02:27
1647594147868978000,62.6,3,62.5,62,62.6,29,1,2022-03-18 09:02:27
1647594147907411000,62.6,1,62.5,62,62.6,28,1,2022-03-18 09:02:27
1647594147928092000,62.6,2,62.5,62,62.6,26,1,2022-03-18 09:02:27
1647594148469504000,62.6,1,62.5,64,62.6,28,1,2022-03-18 09:02:28
1647594148550207000,62.5,2,62.5,62,62.6,28,2,2022-03-18 09:02:28
1647594148638166000,62.6,2,62.5,63,62.6,26,1,2022-03-18 09:02:28
1647594148726821000,62.6,1,62.5,63,62.6,29,1,2022-03-18 09:02:28
1647594148745038000,62.6,3,62.5,63,62.6,26,1,2022-03-18 09:02:28
1647594149139779000,62.6,1,62.5,66,62.6,29,1,2022-03-18 09:02:29
1647594149187335000,62.6,1,62.5,66,62.6,30,1,2022-03-18 09:02:29
1647594149446498000,62.6,1,62.5,76,62.6,27,1,2022-03-18 09:02:29
1647594149446527000,62.6,5,62.5,76,62.6,22,1,2022-03-18 09:02:29
1647594149542931000,62.6,1,62.5,76,62.6,21,1,2022-03-18 09:02:29
1647594149894362000,62.6,1,62.5,77,62.6,20,1,2022-03-18 09:02:29
1647594149921360000,62.6,2,62.5,76,62.6,18,1,2022-03-18 09:02:29
1647594150096296000,62.6,1,62.5,76,62.6,17,1,2022-03-18 09:02:30
1647594150280364000,62.6,1,62.5,77,62.6,17,1,2022-03-18 09:02:30
1647594150368910000,62.6,1,62.5,77,62.6,16,1,2022-03-18 09:02:30
1647594150960093000,62.6,1,62.5,77,62.6,13,1,2022-03-18 09:02:30
1647594151144493000,62.6,2,62.5,77,62.6,11,1,2022-03-18 09:02:31
1647594151272661000,62.6,1,62.5,78,62.6,10,1,2022-03-18 09:02:31
1647594151313809000,62.6,1,62.5,78,62.6,9,1,2022-03-18 09:02:31
1647594151326746000,62.6,2,62.5,78,62.6,7,1,2022-03-18 09:02:31
1647594151335072000,62.6,1,62.5,78,62.6,6,1,2022-03-18 09:02:31
1647594151562758000,62.6,6,62.6,4,62.7,51,1,2022-03-18 09:02:31
1647594151566107000,62.6,1,62.6,3,62.7,51,2,2022-03-18 09:02:31
1647594151649558000,62.6,1,62.6,2,62.7,51,2,2022-03-18 09:02:31
1647594151852483000,62.6,1,62.6,2,62.7,51,2,2022-03-18 09:02:31
1647594152697609000,62.6,4,62.6,11,62.7,53,2,2022-03-18 09:02:32
1647594152819228000,62.7,2,62.6,11,62.7,51,1,2022-03-18 09:02:32
1647594152966767000,62.7,2,62.6,11,62.7,49,1,2022-03-18 09:02:32
1647594153076057000,62.6,1,62.6,15,62.7,49,2,2022-03-18 09:02:33
1647594153652038000,62.7,10,62.6,18,62.7,39,1,2022-03-18 09:02:33
1647594153744656000,62.7,2,62.6,18,62.7,37,1,2022-03-18 09:02:33
1647594153778371000,62.7,37,62.6,18,62.8,61,1,2022-03-18 09:02:33
1647594153879946000,62.8,10,62.6,19,62.8,51,1,2022-03-18 09:02:33
1647594154006858000,62.7,2,62.6,19,62.8,49,1,2022-03-18 09:02:34
1647594154006858000,62.8,8,62.6,19,62.8,49,1,2022-03-18 09:02:34
1647594154090995000,62.6,1,62.6,20,62.8,49,2,2022-03-18 09:02:34
1647594154679475000,62.8,3,62.7,1,62.8,46,1,2022-03-18 09:02:34
1647594154806807000,62.7,1,62.6,24,62.8,46,2,2022-03-18 09:02:34
1647594154806807000,62.6,4,62.6,24,62.8,46,2,2022-03-18 09:02:34
1647594154993267000,62.8,1,62.7,6,62.8,45,1,2022-03-18 09:02:34
1647594155172016000,62.8,3,62.7,8,62.8,42,1,2022-03-18 09:02:35
1647594155198730000,62.8,1,62.7,8,62.8,41,1,2022-03-18 09:02:35
1647594155532312000,62.7,2,62.7,9,62.8,41,2,2022-03-18 09:02:35
1647594155539138000,62.7,1,62.7,8,62.8,41,2,2022-03-18 09:02:35
1647594155992538000,62.8,3,62.7,8,62.8,38,1,2022-03-18 09:02:35
1647594156152003000,62.8,1,62.7,8,62.8,37,1,2022-03-18 09:02:36
1647594156347417000,62.8,3,62.7,8,62.8,34,1,2022-03-18 09:02:36
1647594157019397000,62.8,1,62.7,8,62.8,33,1,2022-03-18 09:02:37
1647594157033120000,62.7,6,62.7,2,62.8,33,2,2022-03-18 09:02:37
1647594158019254000,62.7,1,62.7,4,62.8,33,2,2022-03-18 09:02:38
1647594158407908000,62.8,10,62.7,7,62.8,23,1,2022-03-18 09:02:38
1647594158527796000,62.8,1,62.7,4,62.8,22,1,2022-03-18 09:02:38
1647594159190371000,62.8,2,62.7,5,62.8,20,1,2022-03-18 09:02:39
1647594159346166000,62.8,2,62.7,5,62.8,18,1,2022-03-18 09:02:39
1647594159356382000,62.7,5,62.6,36,62.8,18,2,2022-03-18 09:02:39
1647594159371112000,62.8,1,62.6,36,62.8,17,1,2022-03-18 09:02:39
1647594159469449000,62.8,11,62.6,36,62.8,6,1,2022-03-18 09:02:39
1647594159497299000,62.8,1,62.6,36,62.8,5,1,2022-03-18 09:02:39
1647594159648587000,62.7,2,62.6,36,62.7,3,1,2022-03-18 09:02:39
1647594159688296000,62.7,1,62.6,35,62.7,2,1,2022-03-18 09:02:39
1647594159789864000,62.7,1,62.6,36,62.7,1,1,2022-03-18 09:02:39
1647594159836945000,62.7,1,62.7,1,62.8,6,1,2022-03-18 09:02:39
1647594160102313000,62.8,3,62.7,2,62.8,3,1,2022-03-18 09:02:40
1647594160180494000,62.8,2,62.7,3,62.8,1,1,2022-03-18 09:02:40
1647594160248677000,62.8,1,62.8,5,62.9,58,1,2022-03-18 09:02:40
1647594160486395000,62.8,5,62.6,30,62.9,59,2,2022-03-18 09:02:40
1647594160486395000,62.7,8,62.6,30,62.9,59,2,2022-03-18 09:02:40
1647594160486395000,62.6,7,62.6,30,62.9,59,2,2022-03-18 09:02:40
1647594161095437000,62.7,2,62.7,11,62.9,65,2,2022-03-18 09:02:41
1647594161481854000,62.7,4,62.7,9,62.9,65,2,2022-03-18 09:02:41
1647594161913660000,62.7,1,62.7,9,62.9,69,2,2022-03-18 09:02:41
1647594162327400000,62.7,3,62.7,10,62.9,69,2,2022-03-18 09:02:42
1647594162745679000,62.7,1,62.7,10,62.9,69,2,2022-03-18 09:02:42
1647594163327394000,62.9,2,62.7,11,62.9,67,1,2022-03-18 09:02:43
1647594164059843000,62.8,2,62.7,19,62.8,5,1,2022-03-18 09:02:44
1647594164090554000,62.8,3,62.7,19,62.8,2,1,2022-03-18 09:02:44
1647594164185534000,62.8,2,62.7,20,62.9,66,1,2022-03-18 09:02:44
1647594164185534000,62.9,1,62.7,20,62.9,66,1,2022-03-18 09:02:44
1647594164224191000,62.9,1,62.7,20,62.9,65,1,2022-03-18 09:02:44
1647594164353217000,62.8,1,62.8,9,62.9,65,1,2022-03-18 09:02:44
1647594164474619000,62.8,2,62.8,7,62.9,65,2,2022-03-18 09:02:44
1647594165148166000,62.9,1,62.8,8,62.9,64,1,2022-03-18 09:02:45
1647594165615382000,62.8,2,62.8,7,62.9,64,2,2022-03-18 09:02:45
1647594165973740000,62.8,1,62.8,6,62.9,64,2,2022-03-18 09:02:45
1647594166140552000,62.9,1,62.8,6,62.9,63,1,2022-03-18 09:02:46
1647594166455403000,62.9,2,62.8,8,62.9,56,1,2022-03-18 09:02:46
1647594166485741000,62.9,1,62.8,8,62.9,55,1,2022-03-18 09:02:46
1647594167414740000,62.9,1,62.8,13,62.9,54,1,2022-03-18 09:02:47
1647594167472932000,62.8,1,62.8,16,62.9,54,2,2022-03-18 09:02:47
1647594167601932000,62.9,1,62.8,16,62.9,53,1,2022-03-18 09:02:47
1647594167953739000,62.8,1,62.8,16,62.9,54,2,2022-03-18 09:02:47
1647594168306276000,62.9,1,62.8,16,62.9,55,1,2022-03-18 09:02:48
1647594168630835000,62.9,1,62.8,19,62.9,55,1,2022-03-18 09:02:48
1647594168821606000,62.9,2,62.8,22,62.9,53,1,2022-03-18 09:02:48
1647594168976458000,62.8,10,62.8,13,62.9,53,2,2022-03-18 09:02:48
1647594169131832000,62.8,5,62.8,11,62.9,53,2,2022-03-18 09:02:49
1647594169352716000,62.9,1,62.8,11,62.9,52,1,2022-03-18 09:02:49
1647594169575237000,62.9,1,62.8,11,62.9,51,1,2022-03-18 09:02:49
1647594169907431000,62.9,1,62.8,13,62.9,50,1,2022-03-18 09:02:49
1647594170121624000,62.9,1,62.8,15,62.9,49,1,2022-03-18 09:02:50
1647594170219454000,62.8,1,62.8,16,62.9,49,2,2022-03-18 09:02:50
1647594170261224000,62.9,1,62.8,16,62.9,48,1,2022-03-18 09:02:50
1647594170420952000,62.9,2,62.8,16,62.9,46,1,2022-03-18 09:02:50
1647594170423549000,62.9,10,62.8,16,62.9,36,1,2022-03-18 09:02:50
1647594170592966000,62.9,1,62.8,16,62.9,35,1,2022-03-18 09:02:50
1647594170638683000,62.8,16,62.7,44,62.9,37,2,2022-03-18 09:02:50
1647594170638683000,62.7,14,62.7,44,62.9,37,2,2022-03-18 09:02:50
1647594170748233000,62.8,1,62.7,44,62.9,37,1,2022-03-18 09:02:50
1647594171111712000,62.9,1,62.8,3,62.9,36,1,2022-03-18 09:02:51
1647594171295644000,62.9,1,62.8,3,62.9,35,1,2022-03-18 09:02:51
1647594171347259000,62.9,1,62.8,3,62.9,34,1,2022-03-18 09:02:51
1647594171362212000,62.8,2,62.8,2,62.9,34,2,2022-03-18 09:02:51
1647594171580585000,62.9,1,62.8,2,62.9,35,1,2022-03-18 09:02:51
1647594171789440000,62.8,2,62.7,43,62.9,37,2,2022-03-18 09:02:51
1647594171789440000,62.7,1,62.7,43,62.9,37,2,2022-03-18 09:02:51
1647594172162699000,62.9,3,62.7,44,62.9,49,1,2022-03-18 09:02:52
1647594172230987000,62.9,1,62.7,44,62.9,48,1,2022-03-18 09:02:52
1647594172317540000,62.9,1,62.8,1,62.9,47,1,2022-03-18 09:02:52
1647594172632876000,62.8,3,62.7,47,62.9,47,2,2022-03-18 09:02:52
1647594172780443000,62.9,1,62.7,47,62.9,46,1,2022-03-18 09:02:52
1647594172957536000,62.8,1,62.7,49,62.8,1,1,2022-03-18 09:02:52
1647594172988266000,62.7,1,62.7,48,62.8,1,2,2022-03-18 09:02:52
1647594173011588000,62.8,1,62.7,48,62.9,48,1,2022-03-18 09:02:53
1647594173215919000,62.9,2,62.7,48,62.9,46,1,2022-03-18 09:02:53
1647594173395755000,62.7,3,62.7,55,62.9,46,2,2022-03-18 09:02:53
1647594173703077000,62.8,1,62.7,56,62.9,47,1,2022-03-18 09:02:53
1647594173839901000,62.9,1,62.7,57,62.9,46,1,2022-03-18 09:02:53
1647594173932554000,62.9,1,62.7,57,62.9,45,1,2022-03-18 09:02:53
1647594174250647000,62.8,1,62.7,67,62.8,1,1,2022-03-18 09:02:54
1647594174252742000,62.8,1,62.7,67,62.9,45,1,2022-03-18 09:02:54
1647594174295613000,62.9,2,62.7,68,62.9,43,1,2022-03-18 09:02:54
1647594174383187000,62.8,2,62.7,68,62.8,3,2,2022-03-18 09:02:54
1647594174502553000,62.8,1,62.7,68,62.8,3,1,2022-03-18 09:02:54
1647594174859878000,62.8,3,62.7,64,62.8,4,1,2022-03-18 09:02:54
1647594175085719000,62.8,2,62.7,64,62.8,4,1,2022-03-18 09:02:55
1647594175706410000,62.8,1,62.7,70,62.8,8,1,2022-03-18 09:02:55
1647594176428511000,62.8,1,62.7,69,62.8,10,1,2022-03-18 09:02:56
1647594176684390000,62.8,1,62.7,70,62.8,9,1,2022-03-18 09:02:56
1647594176931682000,62.8,2,62.7,72,62.8,7,1,2022-03-18 09:02:56
1647594176931940000,62.8,1,62.7,72,62.8,6,1,2022-03-18 09:02:56
1647594177114810000,62.8,1,62.7,71,62.8,5,1,2022-03-18 09:02:57
1647594177247887000,62.8,1,62.7,71,62.8,4,1,2022-03-18 09:02:57
1647594177248934000,62.8,4,62.7,71,62.9,45,1,2022-03-18 09:02:57
1647594177248934000,62.9,1,62.7,71,62.9,45,1,2022-03-18 09:02:57
1647594177426320000,62.9,5,62.8,1,62.9,40,1,2022-03-18 09:02:57
1647594177472457000,62.9,1,62.8,1,62.9,39,1,2022-03-18 09:02:57
1647594177516443000,62.8,1,62.7,72,62.9,39,2,2022-03-18 09:02:57
1647594177723848000,62.8,1,62.7,73,62.9,39,1,2022-03-18 09:02:57
1647594177799975000,62.9,2,62.8,1,62.9,37,1,2022-03-18 09:02:57
1647594178495198000,62.8,2,62.8,1,62.9,37,2,2022-03-18 09:02:58
1647594178693409000,62.8,2,62.8,1,62.9,37,2,2022-03-18 09:02:58
1647594179280312000,62.8,1,62.8,7,62.9,37,2,2022-03-18 09:02:59
1647594179819320000,62.8,1,62.8,11,62.9,38,2,2022-03-18 09:02:59
1647594179918255000,62.9,1,62.8,13,62.9,37,1,2022-03-18 09:02:59
1647594180080952000,62.8,1,62.8,12,62.9,39,2,2022-03-18 09:03:00
1647594180113866000,62.9,1,62.8,13,62.9,38,1,2022-03-18 09:03:00
1647594181338722000,62.8,1,62.8,21,62.9,49,2,2022-03-18 09:03:01
1647594182069746000,62.9,1,62.8,27,62.9,49,1,2022-03-18 09:03:02
1647594183370225000,62.8,1,62.8,40,62.9,47,2,2022-03-18 09:03:03
1647594183842805000,62.8,2,62.8,40,62.9,52,2,2022-03-18 09:03:03
1647594183926369000,62.9,1,62.8,40,62.9,51,1,2022-03-18 09:03:03
1647594184314277000,62.9,1,62.8,41,62.9,50,1,2022-03-18 09:03:04
1647594184337912000,62.9,2,62.8,41,62.9,48,1,2022-03-18 09:03:04
1647594184657467000,62.8,5,62.8,37,62.9,49,2,2022-03-18 09:03:04
1647594184868242000,62.9,1,62.8,37,62.9,50,1,2022-03-18 09:03:04
1647594184872545000,62.9,1,62.8,38,62.9,49,1,2022-03-18 09:03:04
1647594184896215000,62.9,2,62.8,38,62.9,47,1,2022-03-18 09:03:04
1647594185641898000,62.9,1,62.8,41,62.9,46,1,2022-03-18 09:03:05
1647594185644283000,62.9,1,62.8,41,62.9,45,1,2022-03-18 09:03:05
1647594185738145000,62.8,2,62.8,40,62.9,45,2,2022-03-18 09:03:05
1647594185760256000,62.8,1,62.8,39,62.9,45,2,2022-03-18 09:03:05
1647594185921479000,62.9,3,62.8,39,62.9,42,1,2022-03-18 09:03:05
1647594186018090000,62.8,1,62.8,48,62.9,45,2,2022-03-18 09:03:06
1647594186232602000,62.9,1,62.8,49,62.9,45,1,2022-03-18 09:03:06
1647594186317884000,62.8,1,62.8,48,62.9,45,2,2022-03-18 09:03:06
1647594187019045000,62.9,1,62.8,60,62.9,44,1,2022-03-18 09:03:07
1647594187165281000,62.8,2,62.8,58,62.9,44,2,2022-03-18 09:03:07
1647594187494361000,62.9,1,62.8,62,62.9,48,1,2022-03-18 09:03:07
1647594187849446000,62.9,2,62.8,67,62.9,46,1,2022-03-18 09:03:07
1647594188174213000,62.9,2,62.8,68,62.9,44,1,2022-03-18 09:03:08
1647594188843722000,62.9,1,62.8,70,62.9,43,1,2022-03-18 09:03:08
1647594189153512000,62.9,1,62.8,70,62.9,42,1,2022-03-18 09:03:09
1647594189156821000,62.8,2,62.8,68,62.9,42,2,2022-03-18 09:03:09
1647594189463361000,62.9,1,62.8,71,62.9,41,1,2022-03-18 09:03:09
1647594189561086000,62.9,2,62.8,71,62.9,39,1,2022-03-18 09:03:09
1647594189652079000,62.9,1,62.8,72,62.9,38,1,2022-03-18 09:03:09
1647594190103406000,62.9,2,62.8,84,62.9,38,1,2022-03-18 09:03:10
1647594190377402000,62.9,1,62.8,84,62.9,37,1,2022-03-18 09:03:10
1647594190716765000,62.9,2,62.8,85,62.9,35,1,2022-03-18 09:03:10
1647594191082041000,62.9,2,62.8,86,62.9,38,1,2022-03-18 09:03:11
1647594191395267000,62.9,2,62.8,86,62.9,43,1,2022-03-18 09:03:11
1647594191466461000,62.9,3,62.8,86,62.9,40,1,2022-03-18 09:03:11
1647594191628718000,62.9,1,62.8,86,62.9,39,1,2022-03-18 09:03:11
1647594191795447000,62.9,3,62.8,91,62.9,43,1,2022-03-18 09:03:11
1647594192344245000,62.9,1,62.8,84,62.9,41,1,2022-03-18 09:03:12
1647594192479689000,62.9,1,62.8,83,62.9,40,1,2022-03-18 09:03:12
1647594192604224000,62.9,2,62.8,83,62.9,48,1,2022-03-18 09:03:12
1647594192620242000,62.9,3,62.8,83,62.9,45,1,2022-03-18 09:03:12
1647594192810234000,62.9,1,62.8,83,62.9,44,1,2022-03-18 09:03:12
1647594193449849000,62.9,1,62.8,85,62.9,58,1,2022-03-18 09:03:13
1647594193467087000,62.9,1,62.8,85,62.9,57,1,2022-03-18 09:03:13
1647594193592357000,62.9,2,62.8,87,62.9,55,1,2022-03-18 09:03:13
1647594193959567000,62.9,2,62.8,87,62.9,53,1,2022-03-18 09:03:13
1647594194094415000,62.9,1,62.8,88,62.9,52,1,2022-03-18 09:03:14
1647594194096639000,62.9,2,62.8,88,62.9,50,1,2022-03-18 09:03:14
1647594194393024000,62.9,1,62.8,88,62.9,49,1,2022-03-18 09:03:14
1647594194427909000,62.9,2,62.8,98,62.9,47,1,2022-03-18 09:03:14
1647594194473305000,62.9,1,62.8,98,62.9,46,1,2022-03-18 09:03:14
1647594194762630000,62.9,6,62.8,99,62.9,40,1,2022-03-18 09:03:14
1647594195046172000,62.8,1,62.8,101,62.9,45,2,2022-03-18 09:03:15
1647594195187287000,62.9,1,62.8,101,62.9,44,1,2022-03-18 09:03:15
1647594195294184000,62.9,2,62.8,99,62.9,42,1,2022-03-18 09:03:15
1647594196155333000,62.9,2,62.8,99,62.9,44,1,2022-03-18 09:03:16
1647594196647824000,62.9,1,62.8,105,62.9,42,1,2022-03-18 09:03:16
1647594196876284000,62.9,3,62.8,106,62.9,39,1,2022-03-18 09:03:16
1647594197282983000,62.9,2,62.8,107,62.9,37,1,2022-03-18 09:03:17
1647594197618251000,62.9,2,62.8,107,62.9,35,1,2022-03-18 09:03:17
1647594197897424000,62.9,4,62.8,107,62.9,31,1,2022-03-18 09:03:17
1647594198080529000,62.9,9,62.8,109,62.9,22,1,2022-03-18 09:03:18
1647594198097445000,62.9,1,62.8,108,62.9,21,1,2022-03-18 09:03:18
1647594198176472000,62.9,1,62.8,107,62.9,21,1,2022-03-18 09:03:18
1647594198487543000,62.9,1,62.8,108,62.9,20,1,2022-03-18 09:03:18
1647594198510025000,62.9,1,62.8,108,62.9,19,1,2022-03-18 09:03:18
1647594198592682000,62.9,2,62.8,108,62.9,17,1,2022-03-18 09:03:18
1647594198798476000,62.9,10,62.8,107,62.9,7,1,2022-03-18 09:03:18
1647594198852022000,62.9,1,62.8,107,62.9,6,1,2022-03-18 09:03:18
1647594198893176000,62.9,2,62.8,107,62.9,4,1,2022-03-18 09:03:18
1647594199193761000,62.9,2,62.8,107,62.9,2,1,2022-03-18 09:03:19
1647594199566724000,62.9,2,62.8,107,63.0,145,1,2022-03-18 09:03:19
1647594199758199000,62.9,1,62.8,107,63.0,145,2,2022-03-18 09:03:19
1647594199969457000,63.0,2,62.8,107,63.0,150,1,2022-03-18 09:03:19
1647594200192680000,63.0,1,62.9,14,63.0,149,1,2022-03-18 09:03:20
1647594200199863000,63.0,1,62.9,14,63.0,148,1,2022-03-18 09:03:20
1647594200216260000,63.0,1,62.9,16,63.0,147,1,2022-03-18 09:03:20
1647594200232555000,63.0,1,62.9,17,63.0,146,1,2022-03-18 09:03:20
1647594200245860000,63.0,1,62.9,17,63.0,145,1,2022-03-18 09:03:20
1647594200268270000,63.0,1,62.9,17,63.0,144,1,2022-03-18 09:03:20
1647594200270466000,63.0,1,62.9,17,63.0,143,1,2022-03-18 09:03:20
1647594201126087000,63.0,1,62.9,148,63.0,142,1,2022-03-18 09:03:21
1647594201130966000,63.0,1,62.9,148,63.0,141,1,2022-03-18 09:03:21
1647594201200210000,63.0,5,62.9,168,63.0,136,1,2022-03-18 09:03:21
1647594202026773000,63.0,2,62.9,683,63.0,133,1,2022-03-18 09:03:22
1647594202423424000,62.9,1,62.9,704,63.0,133,2,2022-03-18 09:03:22
1647594202493203000,62.9,2,62.9,103,63.0,133,2,2022-03-18 09:03:22
1647594202699085000,63.0,5,62.9,98,63.0,128,1,2022-03-18 09:03:22
1647594203349624000,63.0,1,62.9,109,63.0,127,1,2022-03-18 09:03:23
1647594203527264000,62.9,1,62.9,108,63.0,127,2,2022-03-18 09:03:23
1647594203807257000,63.0,3,62.9,111,63.0,124,1,2022-03-18 09:03:23
1647594203816593000,63.0,1,62.9,111,63.0,123,1,2022-03-18 09:03:23
1647594203931265000,63.0,10,62.9,111,63.0,113,1,2022-03-18 09:03:23
1647594204172880000,63.0,1,62.9,112,63.0,112,1,2022-03-18 09:03:24
1647594204685638000,63.0,1,62.9,114,63.0,114,1,2022-03-18 09:03:24
1647594204792267000,63.0,1,62.9,114,63.0,113,1,2022-03-18 09:03:24
1647594204982193000,63.0,2,62.9,115,63.0,111,1,2022-03-18 09:03:24
1647594205285459000,62.9,1,62.9,115,63.0,111,2,2022-03-18 09:03:25
1647594205446788000,63.0,2,62.9,115,63.0,109,1,2022-03-18 09:03:25
1647594205636439000,63.0,2,62.9,115,63.0,107,1,2022-03-18 09:03:25
1647594205649074000,63.0,2,62.9,115,63.0,105,1,2022-03-18 09:03:25
1647594205878932000,63.0,1,62.9,114,63.0,105,1,2022-03-18 09:03:25
1647594206342366000,63.0,1,62.9,116,63.0,104,1,2022-03-18 09:03:26
1647594206354317000,63.0,3,62.9,116,63.0,101,1,2022-03-18 09:03:26
1647594206608524000,63.0,1,62.9,118,63.0,100,1,2022-03-18 09:03:26
1647594206886381000,63.0,1,62.9,123,63.0,99,1,2022-03-18 09:03:26
1647594206944137000,63.0,1,62.9,123,63.0,98,1,2022-03-18 09:03:26
1647594207077262000,63.0,1,62.9,123,63.0,97,1,2022-03-18 09:03:27
1647594207081082000,63.0,1,62.9,123,63.0,96,1,2022-03-18 09:03:27
1647594207132153000,63.0,1,62.9,123,63.0,95,1,2022-03-18 09:03:27
1647594207470430000,63.0,1,62.9,124,63.0,94,1,2022-03-18 09:03:27
1647594207806865000,63.0,2,62.9,124,63.0,92,1,2022-03-18 09:03:27
1647594207885131000,63.0,1,62.9,126,63.0,91,1,2022-03-18 09:03:27
1647594207977892000,63.0,1,62.9,127,63.0,90,1,2022-03-18 09:03:27
1647594208006201000,63.0,2,62.9,127,63.0,88,1,2022-03-18 09:03:28
1647594208169342000,63.0,10,62.9,131,63.0,78,1,2022-03-18 09:03:28
1647594208269555000,63.0,7,62.9,124,63.0,71,1,2022-03-18 09:03:28
1647594208273412000,63.0,1,62.9,124,63.0,70,1,2022-03-18 09:03:28
1647594208477403000,63.0,1,62.9,125,63.0,69,1,2022-03-18 09:03:28
1647594208491291000,63.0,2,62.9,125,63.0,67,1,2022-03-18 09:03:28
1647594208664414000,63.0,1,62.9,125,63.0,66,1,2022-03-18 09:03:28
1647594208685540000,63.0,4,62.9,125,63.0,62,1,2022-03-18 09:03:28
1647594208842555000,63.0,1,62.9,125,63.0,61,1,2022-03-18 09:03:28
1647594208846004000,63.0,1,62.9,125,63.0,60,1,2022-03-18 09:03:28
1647594208867587000,63.0,1,62.9,125,63.0,59,1,2022-03-18 09:03:28
1647594209060311000,63.0,1,62.9,127,63.0,59,1,2022-03-18 09:03:29
1647594209154035000,63.0,5,62.9,127,63.0,54,1,2022-03-18 09:03:29
1647594209156647000,63.0,1,62.9,127,63.0,53,1,2022-03-18 09:03:29
1647594209180790000,63.0,2,62.9,127,63.0,51,1,2022-03-18 09:03:29
1647594209195812000,63.0,1,62.9,127,63.0,50,1,2022-03-18 09:03:29
1647594209250870000,63.0,1,62.9,127,63.0,49,1,2022-03-18 09:03:29
1647594209271203000,63.0,1,62.9,127,63.0,48,1,2022-03-18 09:03:29
1647594209290471000,63.0,10,62.9,127,63.0,38,1,2022-03-18 09:03:29
1647594209308030000,63.0,1,62.9,127,63.0,37,1,2022-03-18 09:03:29
1647594209319081000,63.0,3,62.9,127,63.0,34,1,2022-03-18 09:03:29
1647594209319773000,63.0,5,62.9,127,63.0,29,1,2022-03-18 09:03:29
1647594209376580000,63.0,10,62.9,128,63.0,19,1,2022-03-18 09:03:29
1647594209432713000,63.0,1,62.9,128,63.0,18,1,2022-03-18 09:03:29
1647594209433327000,63.0,1,62.9,128,63.0,17,1,2022-03-18 09:03:29
1647594209463192000,63.0,5,62.9,128,63.0,12,1,2022-03-18 09:03:29
1647594209531927000,63.0,10,62.9,128,63.0,2,1,2022-03-18 09:03:29
1647594209566702000,63.0,1,62.9,128,63.0,1,1,2022-03-18 09:03:29
1647594209567195000,63.0,1,62.9,128,63.1,10,1,2022-03-18 09:03:29
1647594209567195000,63.1,4,62.9,128,63.1,10,1,2022-03-18 09:03:29
1647594209694105000,63.1,5,63.0,1,63.1,5,1,2022-03-18 09:03:29
1647594209697024000,63.1,4,63.0,1,63.1,1,1,2022-03-18 09:03:29
1647594209712581000,63.1,1,63.0,1,63.2,26,1,2022-03-18 09:03:29
1647594209722833000,63.2,1,63.0,1,63.2,25,1,2022-03-18 09:03:29
1647594209738016000,63.2,1,63.0,1,63.2,24,1,2022-03-18 09:03:29
1647594209753613000,63.2,1,63.0,1,63.2,23,1,2022-03-18 09:03:29
1647594209759449000,63.2,2,63.0,1,63.2,21,1,2022-03-18 09:03:29
1647594209776834000,63.2,1,63.0,1,63.2,20,1,2022-03-18 09:03:29
1647594209777133000,63.2,1,63.0,1,63.2,19,1,2022-03-18 09:03:29
1647594209782146000,63.2,1,63.0,1,63.2,18,1,2022-03-18 09:03:29
1647594209801942000,63.2,1,63.0,1,63.2,17,1,2022-03-18 09:03:29
1647594209805187000,63.2,1,63.0,1,63.2,16,1,2022-03-18 09:03:29
1647594209806543000,63.2,1,63.0,1,63.2,15,1,2022-03-18 09:03:29
1647594209807243000,63.2,1,63.0,1,63.2,14,1,2022-03-18 09:03:29
1647594209818219000,63.2,1,63.0,1,63.2,13,1,2022-03-18 09:03:29
1647594209900139000,63.2,1,63.0,23,63.2,12,1,2022-03-18 09:03:29
1647594209922988000,63.2,2,63.0,23,63.2,10,1,2022-03-18 09:03:29
1647594209932878000,63.2,2,63.0,23,63.2,8,1,2022-03-18 09:03:29
1647594209933744000,63.2,2,63.0,23,63.2,6,1,2022-03-18 09:03:29
1647594209961963000,63.0,9,63.0,14,63.2,6,2,2022-03-18 09:03:29
1647594210235038000,63.2,1,63.0,33,63.2,13,1,2022-03-18 09:03:30
1647594210289000000,63.2,1,63.0,33,63.2,12,1,2022-03-18 09:03:30
1647594210354553000,63.2,1,63.0,33,63.2,11,1,2022-03-18 09:03:30
1647594210451432000,63.2,1,63.0,43,63.2,10,1,2022-03-18 09:03:30
1647594210692459000,63.0,1,63.0,48,63.2,10,2,2022-03-18 09:03:30
1647594210911019000,63.2,5,63.0,51,63.2,10,1,2022-03-18 09:03:30
1647594211226487000,63.0,1,63.0,68,63.2,15,2,2022-03-18 09:03:31
