ts,close,volume,bid_price,bid_volume,ask_price,ask_volume,tick_type,datetime
1639040403161370000,24.5,177,24.5,4,24.6,10,2,2021-12-09 09:00:03
1639040403444832000,24.5,2,24.5,2,24.6,11,2,2021-12-09 09:00:03
1639040403464995000,24.5,2,24.45,6,24.6,11,2,2021-12-09 09:00:03
1639040405538112000,24.6,1,24.45,6,24.6,12,1,2021-12-09 09:00:05
1639040408332516000,24.6,5,24.45,6,24.6,7,1,2021-12-09 09:00:08
1639040409562718000,24.5,1,24.45,6,24.7,13,2,2021-12-09 09:00:09
1639040409562718000,24.6,7,24.45,6,24.7,13,1,2021-12-09 09:00:09
1639040409562718000,24.7,2,24.45,6,24.7,13,1,2021-12-09 09:00:09
1639040409701031000,24.45,1,24.45,5,24.7,13,2,2021-12-09 09:00:09
1639040412151880000,24.45,1,24.45,4,24.7,13,2,2021-12-09 09:00:12
1639040414653964000,24.5,1,24.5,2,24.7,13,1,2021-12-09 09:00:14
1639040416209110000,24.7,5,24.5,2,24.7,8,1,2021-12-09 09:00:16
1639040416841564000,24.5,2,24.45,5,24.7,8,2,2021-12-09 09:00:16
1639040417800292000,24.45,1,24.45,4,24.7,8,2,2021-12-09 09:00:17
1639040419622294000,24.5,1,24.45,4,24.7,6,1,2021-12-09 09:00:19
1639040419622294000,24.7,2,24.45,4,24.7,6,1,2021-12-09 09:00:19
1639040424820128000,24.5,1,24.5,5,24.7,7,2,2021-12-09 09:00:24
1639040430038347000,24.65,1,24.55,2,24.7,6,1,2021-12-09 09:00:30
1639040432977305000,24.55,1,24.55,2,24.7,6,2,2021-12-09 09:00:32
1639040446317808000,24.65,1,24.65,1,24.7,8,1,2021-12-09 09:00:46
1639040447176792000,24.7,1,24.65,1,24.7,7,1,2021-12-09 09:00:47
1639040450220853000,24.65,1,24.5,1,24.7,7,2,2021-12-09 09:00:50
1639040450220853000,24.6,6,24.5,1,24.7,7,2,2021-12-09 09:00:50
1639040450220853000,24.55,11,24.5,1,24.7,7,2,2021-12-09 09:00:50
1639040450220853000,24.5,17,24.5,1,24.7,7,2,2021-12-09 09:00:50
1639040451210850000,24.5,1,24.45,1,24.65,1,2,2021-12-09 09:00:51
1639040451210850000,24.45,4,24.45,1,24.65,1,2,2021-12-09 09:00:51
1639040452502131000,24.65,1,24.45,1,24.7,7,1,2021-12-09 09:00:52
1639040458501951000,24.5,1,24.45,1,24.7,8,2,2021-12-09 09:00:58
1639040458593433000,24.45,1,24.35,1,24.7,8,2,2021-12-09 09:00:58
1639040458593433000,24.4,1,24.35,1,24.7,8,2,2021-12-09 09:00:58
1639040461779384000,24.3,1,24.25,1,24.7,13,2,2021-12-09 09:01:01
1639040465436406000,24.5,1,24.25,2,24.65,2,1,2021-12-09 09:01:05
1639040470612584000,24.45,1,24.25,2,24.65,4,2,2021-12-09 09:01:10
1639040473751715000,24.25,1,24.2,6,24.3,4,2,2021-12-09 09:01:13
1639040473806657000,24.2,4,24.2,2,24.3,4,2,2021-12-09 09:01:13
1639040479492926000,24.25,1,24.25,4,24.3,4,1,2021-12-09 09:01:19
1639040480389382000,24.3,1,24.25,4,24.3,3,1,2021-12-09 09:01:20
1639040480442457000,24.3,1,24.25,4,24.3,2,1,2021-12-09 09:01:20
1639040480473409000,24.3,1,24.25,4,24.3,1,1,2021-12-09 09:01:20
1639040483799173000,24.3,1,24.25,4,24.5,1,1,2021-12-09 09:01:23
1639040483799173000,24.5,1,24.25,4,24.5,1,1,2021-12-09 09:01:23
1639040483901390000,24.25,3,24.25,1,24.5,1,2,2021-12-09 09:01:23
1639040485968745000,24.5,1,24.3,3,24.6,2,1,2021-12-09 09:01:25
1639040491827016000,24.6,1,24.3,3,24.6,3,1,2021-12-09 09:01:31
1639040509503130000,24.6,5,24.5,3,24.6,6,1,2021-12-09 09:01:49
1639040513466677000,24.6,1,24.5,13,24.6,5,1,2021-12-09 09:01:53
1639040515591151000,24.6,1,24.5,13,24.6,4,1,2021-12-09 09:01:55
1639040515645907000,24.6,3,24.5,13,24.6,1,1,2021-12-09 09:01:55
1639040519942125000,24.6,1,24.5,13,24.65,6,1,2021-12-09 09:01:59
1639040521420367000,24.6,1,24.5,12,24.65,5,2,2021-12-09 09:02:01
1639040521420367000,24.5,1,24.5,12,24.65,5,2,2021-12-09 09:02:01
1639040521817766000,24.5,8,24.5,4,24.65,5,2,2021-12-09 09:02:01
1639040521847057000,24.5,4,24.35,4,24.65,5,2,2021-12-09 09:02:01
1639040531825569000,24.6,2,24.5,12,24.65,5,1,2021-12-09 09:02:11
1639040531825569000,24.5,1,24.5,12,24.65,5,2,2021-12-09 09:02:11
1639040545925696000,24.6,1,24.55,2,24.6,2,1,2021-12-09 09:02:25
1639040553146527000,24.55,1,24.55,1,24.6,4,2,2021-12-09 09:02:33
1639040562240411000,24.55,2,24.5,14,24.6,3,2,2021-12-09 09:02:42
1639040568939285000,24.55,1,24.55,6,24.6,3,2,2021-12-09 09:02:48
1639040574693810000,24.55,1,24.55,8,24.6,3,2,2021-12-09 09:02:54
1639040575550314000,24.6,1,24.55,8,24.6,2,1,2021-12-09 09:02:55
1639040575597018000,24.55,5,24.55,3,24.6,2,2,2021-12-09 09:02:55
1639040578770448000,24.55,1,24.55,3,24.6,2,2,2021-12-09 09:02:58
1639040582166830000,24.55,1,24.55,3,24.6,2,2,2021-12-09 09:03:02
1639040582398933000,24.55,3,24.5,15,24.6,2,2,2021-12-09 09:03:02
1639040582398933000,24.5,7,24.5,15,24.6,2,2,2021-12-09 09:03:02
1639040598447661000,24.5,1,24.5,14,24.6,2,2,2021-12-09 09:03:18
1639040611223331000,24.5,5,24.5,9,24.6,2,2,2021-12-09 09:03:31
1639040611251789000,24.5,6,24.5,3,24.6,2,2,2021-12-09 09:03:31
1639040611310782000,24.5,3,24.4,7,24.6,2,2,2021-12-09 09:03:31
1639040620535914000,24.4,1,24.4,6,24.55,3,2,2021-12-09 09:03:40
1639040625267487000,24.5,1,24.45,1,24.5,1,1,2021-12-09 09:03:45
1639040627114535000,24.5,1,24.45,1,24.5,1,1,2021-12-09 09:03:47
1639040640068181000,24.5,1,24.45,1,24.5,1,1,2021-12-09 09:04:00
1639040648968198000,24.45,2,24.4,2,24.5,2,2,2021-12-09 09:04:08
1639040648968198000,24.4,4,24.4,2,24.5,2,2,2021-12-09 09:04:08
1639040654675541000,24.4,1,24.4,1,24.5,2,2,2021-12-09 09:04:14
1639040657758613000,24.4,1,24.35,14,24.5,2,2,2021-12-09 09:04:17
1639040663112028000,24.4,1,24.35,14,24.4,1,1,2021-12-09 09:04:23
1639040676780728000,24.4,1,24.35,14,24.5,5,2,2021-12-09 09:04:36
1639040694667625000,24.4,1,24.35,14,24.4,1,1,2021-12-09 09:04:54
1639040695959869000,24.4,1,24.35,14,24.5,6,2,2021-12-09 09:04:55
1639040707919964000,24.4,5,24.35,14,24.5,6,2,2021-12-09 09:05:07
1639040709402802000,24.35,3,24.35,11,24.5,6,2,2021-12-09 09:05:09
1639040711916581000,24.35,1,24.35,10,24.5,6,2,2021-12-09 09:05:11
1639040725333379000,24.35,1,24.35,9,24.5,6,2,2021-12-09 09:05:25
1639040726469229000,24.35,2,24.35,8,24.5,6,2,2021-12-09 09:05:26
1639040727860115000,24.35,8,24.3,17,24.5,6,2,2021-12-09 09:05:27
1639040732313202000,24.3,3,24.3,14,24.5,6,2,2021-12-09 09:05:32
1639040737060070000,24.3,3,24.3,12,24.35,3,2,2021-12-09 09:05:37
1639040739755787000,24.3,1,24.3,11,24.35,3,2,2021-12-09 09:05:39
1639040740526682000,24.3,1,24.3,10,24.35,3,2,2021-12-09 09:05:40
1639040745863873000,24.35,1,24.3,10,24.35,2,1,2021-12-09 09:05:45
1639040759945467000,24.3,1,24.3,10,24.35,1,2,2021-12-09 09:05:59
1639040776313186000,24.3,2,24.3,8,24.5,6,2,2021-12-09 09:06:16
1639040778575076000,24.3,1,24.3,7,24.5,6,2,2021-12-09 09:06:18
1639040780547949000,24.5,1,24.3,7,24.5,7,1,2021-12-09 09:06:20
1639040789566905000,24.35,2,24.3,8,24.5,7,2,2021-12-09 09:06:29
1639040790750427000,24.5,1,24.3,8,24.5,6,1,2021-12-09 09:06:30
1639040796484141000,24.3,2,24.3,6,24.5,6,2,2021-12-09 09:06:36
1639040807036271000,24.3,2,24.3,10,24.45,1,2,2021-12-09 09:06:47
1639040810224561000,24.3,1,24.3,9,24.45,1,2,2021-12-09 09:06:50
1639040813393681000,24.3,2,24.3,7,24.45,1,2,2021-12-09 09:06:53
1639040831559124000,24.4,1,24.3,12,24.45,1,1,2021-12-09 09:07:11
1639040835426573000,24.3,2,24.3,10,24.45,1,2,2021-12-09 09:07:15
1639040838965958000,24.3,1,24.3,9,24.4,1,2,2021-12-09 09:07:18
1639040839390904000,24.4,1,24.3,9,24.45,1,1,2021-12-09 09:07:19
1639040850487663000,24.4,1,24.35,1,24.45,1,1,2021-12-09 09:07:30
1639040880923693000,24.4,2,24.35,4,24.45,2,2,2021-12-09 09:08:00
1639040909419450000,24.35,1,24.35,18,24.4,4,2,2021-12-09 09:08:29
1639040917707929000,24.35,2,24.35,16,24.4,5,2,2021-12-09 09:08:37
1639040920794533000,24.4,5,24.4,10,24.45,3,1,2021-12-09 09:08:40
1639040926802480000,24.4,1,24.4,9,24.45,2,2,2021-12-09 09:08:46
1639040927818476000,24.4,1,24.4,8,24.45,2,2,2021-12-09 09:08:47
1639040953181162000,24.45,1,24.4,14,24.45,1,1,2021-12-09 09:09:13
1639040953264584000,24.45,1,24.4,14,24.5,4,1,2021-12-09 09:09:13
1639040968721414000,24.5,1,24.45,2,24.5,3,1,2021-12-09 09:09:28
1639040970410928000,24.45,2,24.45,2,24.5,3,2,2021-12-09 09:09:30
1639040989770618000,24.45,4,24.4,11,24.5,3,2,2021-12-09 09:09:49
1639040989770618000,24.4,9,24.4,11,24.5,3,2,2021-12-09 09:09:49
1639041006122726000,24.4,1,24.4,10,24.5,3,2,2021-12-09 09:10:06
1639041011769196000,24.4,1,24.4,11,24.5,3,2,2021-12-09 09:10:11
1639041023758037000,24.5,1,24.4,21,24.5,2,1,2021-12-09 09:10:23
1639041040418460000,24.5,1,24.4,26,24.5,1,1,2021-12-09 09:10:40
1639041044688876000,24.5,1,24.5,4,24.65,2,1,2021-12-09 09:10:44
1639041090753815000,24.65,2,24.5,7,24.7,17,1,2021-12-09 09:11:30
1639041142505036000,24.65,1,24.65,3,24.7,17,1,2021-12-09 09:12:22
1639041147908919000,24.65,1,24.65,2,24.7,17,2,2021-12-09 09:12:27
1639041150452424000,24.65,1,24.65,1,24.7,17,2,2021-12-09 09:12:30
1639041166013924000,24.65,1,24.65,7,24.7,17,2,2021-12-09 09:12:46
1639041169469087000,24.7,16,24.7,9,24.75,17,1,2021-12-09 09:12:49
1639041169509983000,24.75,14,24.7,9,24.75,3,1,2021-12-09 09:12:49
1639041169540330000,24.75,3,24.7,9,24.8,2,1,2021-12-09 09:12:49
1639041169819311000,24.8,2,24.75,2,24.85,2,1,2021-12-09 09:12:49
1639041180696590000,24.85,1,24.75,2,24.85,1,1,2021-12-09 09:13:00
1639041183492471000,24.85,1,24.75,2,25.0,22,1,2021-12-09 09:13:03
1639041200252076000,24.9,1,24.85,10,24.95,1,1,2021-12-09 09:13:20
1639041200901758000,24.95,1,24.85,10,25.0,22,1,2021-12-09 09:13:20
1639041205119871000,24.85,1,24.85,9,25.0,22,2,2021-12-09 09:13:25
1639041205782810000,25.0,3,24.85,10,25.0,19,1,2021-12-09 09:13:25
1639041209858694000,25.0,1,24.9,1,25.0,19,1,2021-12-09 09:13:29
1639041219229610000,25.0,1,24.95,6,25.0,19,1,2021-12-09 09:13:39
1639041222116143000,25.0,2,24.95,6,25.0,18,1,2021-12-09 09:13:42
1639041224106304000,25.0,1,24.95,6,25.0,17,1,2021-12-09 09:13:44
1639041225683115000,25.0,1,24.95,6,25.0,16,1,2021-12-09 09:13:45
1639041225896753000,25.0,10,24.95,6,25.0,6,1,2021-12-09 09:13:45
1639041226206159000,24.95,6,24.9,2,24.95,4,2,2021-12-09 09:13:46
1639041231321342000,24.95,1,24.9,2,24.95,4,1,2021-12-09 09:13:51
1639041233755292000,24.95,1,24.9,2,24.95,3,1,2021-12-09 09:13:53
1639041254285481000,24.95,1,24.9,1,24.95,3,1,2021-12-09 09:14:14
1639041257243732000,24.9,1,24.85,9,24.95,2,2,2021-12-09 09:14:17
1639041257951103000,24.95,2,24.95,3,25.0,6,1,2021-12-09 09:14:17
1639041259530690000,24.95,1,24.95,2,25.0,6,2,2021-12-09 09:14:19
1639041262502776000,25.0,1,24.95,2,25.0,5,1,2021-12-09 09:14:22
1639041270974381000,25.0,1,24.95,2,25.0,8,1,2021-12-09 09:14:30
1639041272310283000,25.0,8,25.0,1,25.15,5,1,2021-12-09 09:14:32
1639041276798650000,25.15,1,25.0,11,25.15,4,1,2021-12-09 09:14:36
1639041279110369000,25.0,2,25.0,11,25.15,5,2,2021-12-09 09:14:39
1639041281043866000,25.15,2,25.0,11,25.15,3,1,2021-12-09 09:14:41
1639041284746604000,25.15,2,25.0,11,25.15,1,1,2021-12-09 09:14:44
1639041286793494000,25.15,1,25.0,11,25.2,2,1,2021-12-09 09:14:46
1639041292059344000,25.15,1,25.0,18,25.2,3,1,2021-12-09 09:14:52
1639041296931809000,25.0,1,25.0,17,25.15,1,2,2021-12-09 09:14:56
1639041301135842000,25.05,1,25.0,22,25.1,1,1,2021-12-09 09:15:01
1639041312039742000,25.05,1,25.0,22,25.05,1,1,2021-12-09 09:15:12
1639041312122883000,25.0,13,25.0,9,25.05,12,2,2021-12-09 09:15:12
1639041312154992000,25.0,9,24.95,1,25.05,12,2,2021-12-09 09:15:12
1639041334648389000,25.0,1,25.0,5,25.05,13,2,2021-12-09 09:15:34
1639041340711592000,25.0,1,25.0,5,25.05,13,2,2021-12-09 09:15:40
1639041344484433000,25.0,1,25.0,4,25.05,13,2,2021-12-09 09:15:44
1639041349963432000,25.0,1,25.0,3,25.05,12,2,2021-12-09 09:15:49
1639041350601376000,25.0,3,24.95,2,25.05,12,2,2021-12-09 09:15:50
1639041364916430000,24.95,2,24.85,1,25.0,1,2,2021-12-09 09:16:04
1639041368981862000,25.0,1,25.0,1,25.05,11,1,2021-12-09 09:16:08
1639041376865133000,25.0,1,24.85,1,25.05,11,2,2021-12-09 09:16:16
1639041382047551000,25.05,3,24.85,1,25.05,8,1,2021-12-09 09:16:22
1639041403053081000,24.9,1,24.75,5,25.0,1,2,2021-12-09 09:16:43
1639041460864607000,24.9,1,24.9,4,25.0,3,1,2021-12-09 09:17:40
1639041494652561000,24.9,1,24.9,4,24.95,2,2,2021-12-09 09:18:14
1639041495106684000,24.95,1,24.9,4,24.95,1,1,2021-12-09 09:18:15
1639041503997801000,24.95,1,24.9,4,25.0,2,1,2021-12-09 09:18:23
1639041515122487000,25.0,2,24.95,1,25.05,8,1,2021-12-09 09:18:35
1639041545180561000,25.0,4,24.95,2,25.05,8,1,2021-12-09 09:19:05
1639041545180561000,25.05,2,24.95,2,25.05,8,1,2021-12-09 09:19:05
1639041582062188000,25.0,1,24.95,2,25.0,1,2,2021-12-09 09:19:42
1639041605301749000,24.95,2,24.85,2,24.9,3,2,2021-12-09 09:20:05
1639041605301749000,24.9,5,24.85,2,24.9,3,2,2021-12-09 09:20:05
1639041622580571000,24.85,2,24.75,5,24.85,1,2,2021-12-09 09:20:22
1639041626678886000,24.75,2,24.7,2,24.85,11,2,2021-12-09 09:20:26
1639041626678886000,24.7,4,24.7,2,24.85,11,2,2021-12-09 09:20:26
1639041641155337000,24.7,1,24.7,1,24.75,3,2,2021-12-09 09:20:41
1639041646938187000,24.7,1,24.65,1,24.7,3,2,2021-12-09 09:20:46
1639041650039514000,24.65,1,24.5,19,24.7,9,2,2021-12-09 09:20:50
1639041650039514000,24.6,7,24.5,19,24.7,9,2,2021-12-09 09:20:50
1639041650039514000,24.55,2,24.5,19,24.7,9,2,2021-12-09 09:20:50
1639041665304988000,24.5,6,24.5,13,24.65,2,2,2021-12-09 09:21:05
1639041685630907000,24.5,4,24.5,11,24.6,1,2,2021-12-09 09:21:25
1639041689972389000,24.5,3,24.5,8,24.6,1,2,2021-12-09 09:21:29
1639041694009062000,24.6,1,24.6,1,24.65,1,1,2021-12-09 09:21:34
1639041698063119000,24.6,1,24.5,8,24.65,1,2,2021-12-09 09:21:38
1639041698063119000,24.5,2,24.5,8,24.65,1,2,2021-12-09 09:21:38
1639041712644095000,24.7,1,24.6,1,24.75,1,1,2021-12-09 09:21:52
1639041713608781000,24.6,1,24.5,11,24.55,4,2,2021-12-09 09:21:53
1639041713608781000,24.55,5,24.5,11,24.55,4,2,2021-12-09 09:21:53
1639041723056144000,24.55,1,24.5,9,24.55,3,1,2021-12-09 09:22:03
1639041726402359000,24.55,4,24.5,9,24.75,1,1,2021-12-09 09:22:06
1639041759952697000,24.5,8,24.4,7,24.6,1,2,2021-12-09 09:22:39
1639041759952697000,24.45,11,24.4,7,24.6,1,2,2021-12-09 09:22:39
1639041759952697000,24.4,11,24.4,7,24.6,1,2,2021-12-09 09:22:39
1639041790517039000,24.45,1,24.4,7,24.6,6,1,2021-12-09 09:23:10
1639041791159185000,24.4,1,24.4,6,24.6,6,2,2021-12-09 09:23:11
1639041804884182000,24.45,1,24.4,7,24.6,6,1,2021-12-09 09:23:24
1639041810401786000,24.4,1,24.4,8,24.55,10,2,2021-12-09 09:23:30
1639041846336959000,24.45,1,24.4,13,24.45,1,1,2021-12-09 09:24:06
1639041851221037000,24.4,10,24.4,3,24.45,1,2,2021-12-09 09:24:11
1639041851681562000,24.4,3,24.35,5,24.45,1,2,2021-12-09 09:24:11
1639041851681562000,24.35,2,24.35,5,24.45,1,2,2021-12-09 09:24:11
1639041853302045000,24.35,1,24.35,4,24.45,1,2,2021-12-09 09:24:13
1639041853304405000,24.35,1,24.35,3,24.45,1,2,2021-12-09 09:24:13
1639041870127498000,24.35,15,24.3,9,24.45,2,2,2021-12-09 09:24:30
1639041870127498000,24.3,5,24.3,9,24.45,2,2,2021-12-09 09:24:30
1639041878898289000,24.3,9,24.25,13,24.45,2,2,2021-12-09 09:24:38
1639041878898289000,24.25,4,24.25,13,24.45,2,2,2021-12-09 09:24:38
1639041880510640000,24.45,2,24.3,1,24.55,10,1,2021-12-09 09:24:40
1639041910000580000,24.4,1,24.3,5,24.4,1,2,2021-12-09 09:25:10
1639041913548086000,24.4,1,24.3,5,24.55,10,1,2021-12-09 09:25:13
1639041926044754000,24.35,5,24.2,30,24.4,2,2,2021-12-09 09:25:26
1639041926044754000,24.3,5,24.2,30,24.4,2,2,2021-12-09 09:25:26
1639041926044754000,24.25,13,24.2,30,24.4,2,2,2021-12-09 09:25:26
1639041926044754000,24.2,7,24.2,30,24.4,2,2,2021-12-09 09:25:26
1639041927617750000,24.4,2,24.4,8,24.5,1,1,2021-12-09 09:25:27
1639041933283319000,24.4,2,24.4,6,24.5,1,2,2021-12-09 09:25:33
1639041934249624000,24.4,1,24.4,5,24.5,1,2,2021-12-09 09:25:34
1639041934276391000,24.4,5,24.2,32,24.5,1,2,2021-12-09 09:25:34
1639041940846445000,24.4,1,24.2,30,24.4,3,1,2021-12-09 09:25:40
1639041945360893000,24.4,3,24.2,30,24.5,3,1,2021-12-09 09:25:45
1639041950810153000,24.4,1,24.2,30,24.5,2,1,2021-12-09 09:25:50
1639041950810153000,24.5,1,24.2,30,24.5,2,1,2021-12-09 09:25:50
1639041954695985000,24.45,1,24.3,2,24.55,10,2,2021-12-09 09:25:54
1639041954695985000,24.4,1,24.3,2,24.55,10,2,2021-12-09 09:25:54
1639041980504191000,24.4,1,24.4,9,24.55,10,1,2021-12-09 09:26:20
1639041989573549000,24.4,1,24.4,20,24.55,10,2,2021-12-09 09:26:29
1639042007808986000,24.55,4,24.5,1,24.55,6,1,2021-12-09 09:26:47
1639042008285606000,24.55,4,24.5,1,24.55,2,1,2021-12-09 09:26:48
1639042012781572000,24.55,2,24.5,1,24.6,11,1,2021-12-09 09:26:52
1639042016531113000,24.6,1,24.45,1,24.6,10,1,2021-12-09 09:26:56
1639042026205369000,24.6,5,24.45,1,24.6,5,1,2021-12-09 09:27:06
1639042041652897000,24.6,2,24.5,2,24.6,3,1,2021-12-09 09:27:21
1639042047204907000,24.6,3,24.5,2,24.7,10,1,2021-12-09 09:27:27
1639042057512511000,24.65,1,24.65,1,24.7,10,1,2021-12-09 09:27:37
1639042057539873000,24.65,1,24.6,8,24.7,10,2,2021-12-09 09:27:37
1639042069210865000,24.7,2,24.65,8,24.7,8,1,2021-12-09 09:27:49
1639042077333274000,24.7,2,24.65,8,24.7,6,1,2021-12-09 09:27:57
1639042119163051000,24.7,6,24.65,1,24.7,1,1,2021-12-09 09:28:39
1639042119190680000,24.7,1,24.65,1,24.75,1,1,2021-12-09 09:28:39
1639042137175326000,24.7,3,24.6,1,24.8,4,1,2021-12-09 09:28:57
1639042137175326000,24.75,1,24.6,1,24.8,4,1,2021-12-09 09:28:57
1639042137175326000,24.8,6,24.6,1,24.8,4,1,2021-12-09 09:28:57
1639042147244920000,24.75,1,24.6,2,24.8,4,2,2021-12-09 09:29:07
1639042154567493000,24.8,1,24.6,2,24.8,3,1,2021-12-09 09:29:14
1639042195260914000,24.75,1,24.75,4,24.8,6,2,2021-12-09 09:29:55
1639042195284675000,24.75,4,24.6,3,24.8,6,2,2021-12-09 09:29:55
1639042219916001000,24.6,3,24.45,4,24.75,7,2,2021-12-09 09:30:19
1639042219916001000,24.5,5,24.45,4,24.75,7,2,2021-12-09 09:30:19
1639042219916001000,24.45,5,24.45,4,24.75,7,2,2021-12-09 09:30:19
1639042221528379000,24.7,1,24.45,6,24.7,2,1,2021-12-09 09:30:21
1639042242349319000,24.7,1,24.45,6,24.7,2,1,2021-12-09 09:30:42
1639042252902347000,24.65,1,24.45,6,24.7,1,2,2021-12-09 09:30:52
1639042276175484000,24.5,2,24.45,35,24.5,1,2,2021-12-09 09:31:16
1639042281524068000,24.5,1,24.45,33,24.65,2,1,2021-12-09 09:31:21
1639042294709034000,24.45,1,24.45,32,24.7,1,2,2021-12-09 09:31:34
1639042303941529000,24.45,1,24.45,31,24.7,1,2,2021-12-09 09:31:43
1639042308576642000,24.45,1,24.45,30,24.65,2,2,2021-12-09 09:31:48
1639042321110369000,24.45,1,24.45,29,24.65,2,2,2021-12-09 09:32:01
1639042325552501000,24.45,1,24.45,28,24.65,2,2,2021-12-09 09:32:05
1639042329654180000,24.65,1,24.45,28,24.65,1,1,2021-12-09 09:32:09
1639042338830280000,24.65,2,24.65,1,24.7,1,1,2021-12-09 09:32:18
1639042340635477000,24.65,1,24.45,28,24.7,1,2,2021-12-09 09:32:20
1639042422971086000,24.6,2,24.55,2,24.65,3,2,2021-12-09 09:33:42
1639042453144545000,24.6,1,24.6,1,24.65,2,1,2021-12-09 09:34:13
1639042507498588000,24.6,1,24.6,1,24.65,2,2,2021-12-09 09:35:07
1639042507523925000,24.6,1,24.55,2,24.65,2,2,2021-12-09 09:35:07
1639042531060848000,24.55,1,24.55,1,24.6,1,2,2021-12-09 09:35:31
1639042531079806000,24.55,1,24.5,5,24.6,1,2,2021-12-09 09:35:31
1639042531543973000,24.6,1,24.5,5,24.65,1,1,2021-12-09 09:35:31
1639042531543973000,24.65,1,24.5,5,24.65,1,1,2021-12-09 09:35:31
1639042537153015000,24.5,1,24.5,4,24.65,1,2,2021-12-09 09:35:37
1639042541225913000,24.65,1,24.5,4,24.65,6,1,2021-12-09 09:35:41
1639042549861025000,24.65,1,24.5,4,24.65,6,1,2021-12-09 09:35:49
1639042560265182000,24.5,1,24.5,3,24.65,6,2,2021-12-09 09:36:00
1639042579522574000,24.5,1,24.5,2,24.65,7,2,2021-12-09 09:36:19
1639042579554034000,24.5,2,24.45,29,24.65,7,2,2021-12-09 09:36:19
1639042751703187000,24.5,10,24.5,1,24.6,3,2,2021-12-09 09:39:11
1639042751730717000,24.5,1,24.45,29,24.6,3,2,2021-12-09 09:39:11
1639042886511137000,24.6,2,24.55,2,24.6,1,1,2021-12-09 09:41:26
1639042905246007000,24.6,1,24.55,2,24.65,7,1,2021-12-09 09:41:45
1639042929306869000,24.65,2,24.55,2,24.65,5,1,2021-12-09 09:42:09
1639042972019274000,24.65,1,24.6,2,24.65,4,1,2021-12-09 09:42:52
1639043006144987000,24.65,1,24.6,3,24.65,4,1,2021-12-09 09:43:26
1639043012558887000,24.6,2,24.6,1,24.65,4,2,2021-12-09 09:43:32
1639043078978666000,24.6,1,24.55,2,24.6,4,2,2021-12-09 09:44:38
1639043089424067000,24.6,5,24.6,23,24.65,3,1,2021-12-09 09:44:49
1639043166672856000,24.6,2,24.6,23,24.65,3,2,2021-12-09 09:46:06
1639043169182169000,24.6,1,24.6,22,24.65,4,2,2021-12-09 09:46:09
1639043232083810000,24.6,1,24.6,21,24.65,4,2,2021-12-09 09:47:12
1639043350832119000,24.65,1,24.6,21,24.65,4,1,2021-12-09 09:49:10
1639043365077148000,24.65,1,24.6,21,24.65,3,1,2021-12-09 09:49:25
1639043413930460000,24.65,4,24.6,21,24.7,5,1,2021-12-09 09:50:13
1639043413930460000,24.7,6,24.6,21,24.7,5,1,2021-12-09 09:50:13
1639043416404803000,24.6,1,24.6,20,24.7,5,2,2021-12-09 09:50:16
1639043423620883000,24.7,5,24.6,20,24.8,5,1,2021-12-09 09:50:23
1639043424139344000,24.6,1,24.6,19,24.8,5,2,2021-12-09 09:50:24
1639043430006192000,24.8,2,24.65,2,24.8,3,1,2021-12-09 09:50:30
1639043430022503000,24.8,2,24.65,2,24.8,1,1,2021-12-09 09:50:30
1639043430115585000,24.8,1,24.65,2,24.85,11,1,2021-12-09 09:50:30
1639043430218160000,24.85,5,24.65,2,24.85,6,1,2021-12-09 09:50:30
1639043433999724000,24.85,3,24.65,2,24.85,3,1,2021-12-09 09:50:33
1639043434245291000,24.85,2,24.65,5,24.85,1,1,2021-12-09 09:50:34
1639043436973849000,24.85,1,24.85,2,24.9,7,1,2021-12-09 09:50:36
1639043460113410000,24.9,2,24.85,4,24.9,10,1,2021-12-09 09:51:00
1639043469434979000,24.85,1,24.85,1,24.9,10,2,2021-12-09 09:51:09
1639043472079281000,24.85,1,24.7,2,24.9,10,2,2021-12-09 09:51:12
1639043476275831000,24.85,1,24.7,2,24.9,10,2,2021-12-09 09:51:16
1639043486002748000,24.85,1,24.85,5,24.9,10,2,2021-12-09 09:51:26
1639043518669050000,24.9,2,24.8,15,24.9,8,1,2021-12-09 09:51:58
1639043529163552000,24.9,1,24.8,15,24.9,7,1,2021-12-09 09:52:09
1639043540620588000,24.8,1,24.8,9,24.9,7,2,2021-12-09 09:52:20
1639043540860694000,24.8,6,24.8,3,24.9,7,2,2021-12-09 09:52:20
1639043571249221000,24.8,1,24.8,3,24.85,3,2,2021-12-09 09:52:51
1639043584336741000,24.8,2,24.8,1,24.85,1,2,2021-12-09 09:53:04
1639043584368702000,24.8,1,24.7,12,24.85,1,2,2021-12-09 09:53:04
1639043620031130000,24.85,2,24.7,10,24.85,3,1,2021-12-09 09:53:40
1639043650683979000,24.8,1,24.8,2,24.85,3,2,2021-12-09 09:54:10
1639043650707688000,24.8,2,24.7,10,24.85,3,2,2021-12-09 09:54:10
1639043684772156000,24.85,2,24.75,5,24.85,2,1,2021-12-09 09:54:44
1639043703268894000,24.75,1,24.75,4,24.85,2,2,2021-12-09 09:55:03
1639043754600873000,24.85,1,24.75,4,24.85,1,1,2021-12-09 09:55:54
1639043756792281000,24.75,1,24.75,3,24.85,1,2,2021-12-09 09:55:56
1639043872482266000,24.75,3,24.7,1,24.85,3,2,2021-12-09 09:57:52
1639043872482266000,24.7,10,24.7,1,24.85,3,2,2021-12-09 09:57:52
1639044000481150000,24.75,1,24.7,1,24.85,6,1,2021-12-09 10:00:00
1639044009192211000,24.75,1,24.7,1,24.85,6,1,2021-12-09 10:00:09
1639044080088175000,24.75,1,24.75,5,24.85,7,2,2021-12-09 10:01:20
1639044090311396000,24.75,2,24.75,3,24.85,7,2,2021-12-09 10:01:30
1639044101072919000,24.75,1,24.75,3,24.85,6,2,2021-12-09 10:01:41
1639044153380779000,24.8,1,24.75,3,24.8,2,1,2021-12-09 10:02:33
1639044167447707000,24.8,1,24.75,4,24.8,1,1,2021-12-09 10:02:47
1639044167465291000,24.8,1,24.75,4,24.85,6,1,2021-12-09 10:02:47
1639044178029085000,24.8,1,24.75,4,24.8,1,2,2021-12-09 10:02:58
1639044189261662000,24.8,1,24.75,4,24.85,6,1,2021-12-09 10:03:09
1639044309377869000,24.85,5,24.8,3,24.85,3,1,2021-12-09 10:05:09
1639044369960270000,24.8,1,24.8,2,24.85,4,2,2021-12-09 10:06:09
1639044404630094000,24.8,1,24.8,1,24.85,3,2,2021-12-09 10:06:44
1639044404659283000,24.8,1,24.75,4,24.85,3,2,2021-12-09 10:06:44
1639044516193853000,24.8,2,24.75,5,24.9,12,1,2021-12-09 10:08:36
1639044516193853000,24.85,3,24.75,5,24.9,12,1,2021-12-09 10:08:36
1639044554416432000,24.9,10,24.75,5,24.9,3,1,2021-12-09 10:09:14
1639044565602182000,24.9,1,24.75,5,24.9,2,1,2021-12-09 10:09:25
1639044580846090000,24.85,1,24.75,4,24.9,2,2,2021-12-09 10:09:40
1639044602208867000,24.85,1,24.85,3,24.9,2,2,2021-12-09 10:10:02
1639044606055519000,24.9,1,24.85,3,24.9,1,1,2021-12-09 10:10:06
1639044620728874000,24.9,1,24.85,3,24.95,18,1,2021-12-09 10:10:20
1639044731379236000,24.95,1,24.9,1,24.95,16,1,2021-12-09 10:12:11
1639044841264119000,24.95,2,24.9,3,24.95,16,1,2021-12-09 10:14:01
1639044855984801000,24.95,1,24.9,3,24.95,15,1,2021-12-09 10:14:15
1639044871776258000,24.95,1,24.9,3,24.95,14,1,2021-12-09 10:14:31
1639044871883821000,24.95,1,24.9,3,24.95,13,1,2021-12-09 10:14:31
1639044906772375000,24.9,2,24.9,1,24.95,14,2,2021-12-09 10:15:06
1639044906810451000,24.9,1,24.85,3,24.95,14,2,2021-12-09 10:15:06
1639044929019619000,24.85,1,24.85,2,24.95,14,2,2021-12-09 10:15:29
1639045038593369000,24.9,1,24.85,3,24.95,13,1,2021-12-09 10:17:18
1639045038593769000,24.95,1,24.85,3,24.95,13,1,2021-12-09 10:17:18
1639045113158152000,24.95,1,24.85,6,24.95,12,1,2021-12-09 10:18:33
1639045117380949000,24.95,1,24.85,6,24.95,11,1,2021-12-09 10:18:37
1639045213156805000,24.85,1,24.85,6,24.9,2,2,2021-12-09 10:20:13
1639045217809246000,24.9,1,24.85,6,24.9,1,1,2021-12-09 10:20:17
1639045217868827000,24.9,1,24.85,6,24.95,12,1,2021-12-09 10:20:17
1639045235143443000,24.95,1,24.9,5,24.95,11,1,2021-12-09 10:20:35
1639045284812645000,24.9,1,24.9,10,24.95,10,2,2021-12-09 10:21:24
1639045304021561000,24.95,1,24.9,10,24.95,10,1,2021-12-09 10:21:44
1639045304267559000,24.95,5,24.9,10,24.95,5,1,2021-12-09 10:21:44
1639045304297891000,24.95,5,24.9,10,25.0,43,1,2021-12-09 10:21:44
1639045320901124000,24.95,1,24.9,10,25.0,44,2,2021-12-09 10:22:00
1639045342497880000,24.95,2,24.95,4,25.0,45,2,2021-12-09 10:22:22
1639045350423011000,24.95,4,24.95,1,25.0,45,2,2021-12-09 10:22:30
1639045358071338000,25.0,1,24.95,1,25.0,44,1,2021-12-09 10:22:38
1639045358296392000,25.0,1,24.95,1,25.0,43,1,2021-12-09 10:22:38
1639045453927316000,24.95,2,24.9,4,25.0,43,2,2021-12-09 10:24:13
1639045472406180000,25.0,1,24.9,4,25.0,42,1,2021-12-09 10:24:32
1639045503108742000,25.0,1,24.95,1,25.0,41,1,2021-12-09 10:25:03
1639045514033975000,24.95,1,24.95,2,25.0,41,2,2021-12-09 10:25:14
1639045520491452000,24.95,2,24.9,5,25.0,41,2,2021-12-09 10:25:20
1639045591492717000,24.95,1,24.9,4,24.95,2,1,2021-12-09 10:26:31
1639045614750003000,24.95,1,24.9,4,24.95,6,1,2021-12-09 10:26:54
1639045614801279000,24.95,1,24.9,4,24.95,5,1,2021-12-09 10:26:54
1639045614874217000,24.95,1,24.9,4,24.95,4,1,2021-12-09 10:26:54
1639045614919508000,24.95,1,24.9,4,24.95,3,1,2021-12-09 10:26:54
1639045614946969000,24.95,1,24.9,4,24.95,2,1,2021-12-09 10:26:54
1639045614954031000,24.95,1,24.9,4,24.95,1,1,2021-12-09 10:26:54
1639045614960132000,24.95,1,24.9,4,25.0,45,1,2021-12-09 10:26:54
1639045684412670000,24.95,1,24.9,9,25.0,50,2,2021-12-09 10:28:04
1639045688212791000,24.9,1,24.9,8,25.0,50,2,2021-12-09 10:28:08
1639045701717834000,24.9,5,24.9,3,25.0,51,2,2021-12-09 10:28:21
1639045730186714000,24.9,8,24.85,8,25.0,51,2,2021-12-09 10:28:50
1639045843568271000,24.9,1,24.85,8,24.95,23,2,2021-12-09 10:30:43
1639045918604689000,24.9,2,24.85,8,24.9,1,1,2021-12-09 10:31:58
1639045965587463000,24.9,2,24.85,8,24.95,23,1,2021-12-09 10:32:45
1639045989687472000,24.9,1,24.9,1,24.95,23,1,2021-12-09 10:33:09
1639045999681635000,24.9,1,24.8,4,24.85,11,2,2021-12-09 10:33:19
1639045999681635000,24.85,8,24.8,4,24.85,11,2,2021-12-09 10:33:19
1639046010748106000,24.8,1,24.8,3,24.85,11,2,2021-12-09 10:33:30
1639046011745170000,24.8,1,24.8,2,24.85,11,2,2021-12-09 10:33:31
1639046015876715000,24.8,1,24.8,1,24.85,11,2,2021-12-09 10:33:35
1639046015972863000,24.8,1,24.75,2,24.85,11,2,2021-12-09 10:33:35
1639046041477620000,24.8,1,24.8,1,24.85,11,2,2021-12-09 10:34:01
1639046045281084000,24.8,1,24.7,3,24.85,11,2,2021-12-09 10:34:05
1639046045281084000,24.75,2,24.7,3,24.85,11,2,2021-12-09 10:34:05
1639046045281084000,24.7,2,24.7,3,24.85,11,2,2021-12-09 10:34:05
1639046045314512000,24.7,2,24.7,1,24.85,11,2,2021-12-09 10:34:05
1639046052306837000,24.7,1,24.65,8,24.85,11,2,2021-12-09 10:34:12
1639046052306837000,24.65,2,24.65,8,24.85,11,2,2021-12-09 10:34:12
1639046148960624000,24.65,1,24.65,7,24.8,3,2,2021-12-09 10:35:48
1639046156491849000,24.65,3,24.65,5,24.8,3,2,2021-12-09 10:35:56
1639046169149080000,24.65,1,24.65,4,24.8,3,2,2021-12-09 10:36:09
1639046182371560000,24.65,1,24.65,3,24.7,1,2,2021-12-09 10:36:22
1639046185299685000,24.65,1,24.65,2,24.7,1,2,2021-12-09 10:36:25
1639046211873649000,24.65,1,24.65,2,24.7,1,2,2021-12-09 10:36:51
1639046233833704000,24.65,1,24.65,11,24.7,1,2,2021-12-09 10:37:13
1639046238311439000,24.7,1,24.65,11,24.8,2,1,2021-12-09 10:37:18
1639046283857446000,24.7,1,24.7,3,24.8,2,2,2021-12-09 10:38:03
1639046329737417000,24.7,1,24.7,15,24.8,2,2,2021-12-09 10:38:49
1639046361048955000,24.7,5,24.7,10,24.8,2,2,2021-12-09 10:39:21
1639046417039330000,24.7,5,24.7,6,24.8,2,2,2021-12-09 10:40:17
1639046417943528000,24.7,5,24.7,1,24.8,2,2,2021-12-09 10:40:17
1639046417980301000,24.7,1,24.65,11,24.8,2,2,2021-12-09 10:40:17
1639046429394187000,24.65,2,24.65,9,24.7,2,2,2021-12-09 10:40:29
1639046429442196000,24.65,2,24.65,7,24.7,2,2,2021-12-09 10:40:29
1639046429483485000,24.65,2,24.65,5,24.7,2,2,2021-12-09 10:40:29
1639046429537300000,24.65,2,24.65,3,24.7,2,2,2021-12-09 10:40:29
1639046429570047000,24.65,2,24.65,1,24.7,2,2,2021-12-09 10:40:29
1639046429574966000,24.65,1,24.6,39,24.65,1,2,2021-12-09 10:40:29
1639046441842741000,24.65,2,24.6,40,24.65,1,1,2021-12-09 10:40:41
1639046479450658000,24.6,2,24.6,38,24.65,1,2,2021-12-09 10:41:19
1639046550128675000,24.6,38,24.45,9,24.65,4,2,2021-12-09 10:42:30
1639046550128675000,24.5,14,24.45,9,24.65,4,2,2021-12-09 10:42:30
1639046558313197000,24.5,1,24.4,19,24.6,1,2,2021-12-09 10:42:38
1639046558313197000,24.45,9,24.4,19,24.6,1,2,2021-12-09 10:42:38
1639046587920174000,24.5,1,24.45,1,24.65,4,1,2021-12-09 10:43:07
1639046602763039000,24.5,2,24.45,1,24.65,4,2,2021-12-09 10:43:22
1639046603553360000,24.45,1,24.4,19,24.65,4,2,2021-12-09 10:43:23
1639046607650656000,24.4,1,24.4,18,24.6,2,2,2021-12-09 10:43:27
1639046695781989000,24.4,1,24.4,20,24.5,3,2,2021-12-09 10:44:55
1639046715210304000,24.4,1,24.4,19,24.5,3,2,2021-12-09 10:45:15
1639046726290794000,24.4,1,24.4,18,24.5,3,2,2021-12-09 10:45:26
1639046729019319000,24.4,17,24.35,4,24.5,3,2,2021-12-09 10:45:29
1639046729019319000,24.35,9,24.35,4,24.5,3,2,2021-12-09 10:45:29
1639046736751448000,24.35,1,24.35,2,24.5,3,2,2021-12-09 10:45:36
1639046737383932000,24.35,2,24.3,14,24.35,2,2,2021-12-09 10:45:37
1639046754777876000,24.35,2,24.3,15,24.35,3,1,2021-12-09 10:45:54
1639046758120988000,24.3,1,24.3,14,24.5,3,2,2021-12-09 10:45:58
1639046816126462000,24.35,2,24.35,1,24.5,4,1,2021-12-09 10:46:56
1639046816153688000,24.35,1,24.3,23,24.5,4,2,2021-12-09 10:46:56
1639046874046284000,24.4,1,24.35,10,24.4,1,1,2021-12-09 10:47:54
1639046876037251000,24.4,1,24.35,12,24.5,5,1,2021-12-09 10:47:56
1639046876162353000,24.35,1,24.35,11,24.5,5,2,2021-12-09 10:47:56
1639046877478219000,24.5,5,24.35,11,24.6,6,1,2021-12-09 10:47:57
1639046877478219000,24.6,5,24.35,11,24.6,6,1,2021-12-09 10:47:57
1639046977908731000,24.4,1,24.4,4,24.6,6,2,2021-12-09 10:49:37
1639047046212362000,24.4,1,24.4,4,24.5,2,2,2021-12-09 10:50:46
1639047048901583000,24.4,4,24.35,8,24.4,4,2,2021-12-09 10:50:48
1639047107990701000,24.35,1,24.35,10,24.5,3,2,2021-12-09 10:51:47
1639047108580048000,24.35,4,24.35,6,24.5,3,2,2021-12-09 10:51:48
1639047108618198000,24.35,6,24.3,22,24.5,3,2,2021-12-09 10:51:48
1639047184387025000,24.35,1,24.3,22,24.35,1,2,2021-12-09 10:53:04
1639047228998229000,24.35,1,24.3,22,24.5,3,1,2021-12-09 10:53:48
1639047244588333000,24.5,3,24.3,22,24.55,4,1,2021-12-09 10:54:04
1639047244588333000,24.55,2,24.3,22,24.55,4,1,2021-12-09 10:54:04
1639047323568818000,24.5,1,24.35,4,24.55,6,2,2021-12-09 10:55:23
1639047441773525000,24.5,1,24.4,2,24.55,6,1,2021-12-09 10:57:21
1639047599867383000,24.5,2,24.4,2,24.5,3,1,2021-12-09 10:59:59
1639047604870027000,24.5,1,24.4,2,24.5,2,1,2021-12-09 11:00:04
1639047615310685000,24.4,2,24.3,16,24.5,2,2,2021-12-09 11:00:15
1639047615310685000,24.35,4,24.3,16,24.5,2,2,2021-12-09 11:00:15
1639047615310685000,24.3,6,24.3,16,24.5,2,2,2021-12-09 11:00:15
1639047649577059000,24.3,3,24.3,21,24.5,2,2,2021-12-09 11:00:49
1639047665545669000,24.3,1,24.3,21,24.4,1,2,2021-12-09 11:01:05
1639047700559981000,24.3,1,24.3,21,24.4,1,2,2021-12-09 11:01:40
1639047779366695000,24.35,1,24.3,23,24.35,1,1,2021-12-09 11:02:59
1639047819795886000,24.35,1,24.3,23,24.4,2,1,2021-12-09 11:03:39
1639047827157195000,24.3,1,24.3,24,24.4,2,2,2021-12-09 11:03:47
1639047863926059000,24.3,1,24.3,24,24.4,3,2,2021-12-09 11:04:23
1639047887765474000,24.3,1,24.3,23,24.4,4,2,2021-12-09 11:04:47
1639048023518815000,24.35,5,24.35,1,24.4,4,1,2021-12-09 11:07:03
1639048023535533000,24.35,1,24.3,31,24.4,4,2,2021-12-09 11:07:03
1639048340343392000,24.3,1,24.3,29,24.4,4,2,2021-12-09 11:12:20
1639048567231502000,24.35,1,24.35,2,24.4,4,1,2021-12-09 11:16:07
1639048596279705000,24.35,1,24.35,2,24.4,4,2,2021-12-09 11:16:36
1639048597126106000,24.35,1,24.35,1,24.4,4,2,2021-12-09 11:16:37
1639048602271540000,24.35,1,24.3,32,24.4,4,2,2021-12-09 11:16:42
1639048621490899000,24.3,6,24.3,26,24.4,4,2,2021-12-09 11:17:01
1639048833634804000,24.35,3,24.3,25,24.4,5,1,2021-12-09 11:20:33
1639048869816526000,24.35,1,24.3,25,24.4,5,1,2021-12-09 11:21:09
1639048897080725000,24.4,1,24.35,1,24.4,4,1,2021-12-09 11:21:37
1639049016228789000,24.4,4,24.35,6,24.5,1,1,2021-12-09 11:23:36
1639049036748298000,24.5,1,24.4,1,24.55,3,1,2021-12-09 11:23:56
1639049045137722000,24.55,3,24.5,1,24.6,6,1,2021-12-09 11:24:05
1639049075596497000,24.6,6,24.5,2,24.8,1,1,2021-12-09 11:24:35
1639049075596497000,24.65,3,24.5,2,24.8,1,1,2021-12-09 11:24:35
1639049075596497000,24.7,5,24.5,2,24.8,1,1,2021-12-09 11:24:35
1639049075596497000,24.75,2,24.5,2,24.8,1,1,2021-12-09 11:24:35
1639049075596497000,24.8,4,24.5,2,24.8,1,1,2021-12-09 11:24:35
1639049099999834000,24.8,6,24.6,1,24.85,8,1,2021-12-09 11:24:59
1639049099999834000,24.85,4,24.6,1,24.85,8,1,2021-12-09 11:24:59
1639049104371144000,24.6,2,24.6,1,24.85,8,2,2021-12-09 11:25:04
1639049105872339000,24.85,1,24.6,1,24.85,7,1,2021-12-09 11:25:05
1639049155934041000,24.8,1,24.6,1,24.8,3,2,2021-12-09 11:25:55
1639049156049056000,24.6,1,24.55,2,24.8,3,2,2021-12-09 11:25:56
1639049299999975000,24.6,2,24.55,3,24.8,3,1,2021-12-09 11:28:19
1639049447925997000,24.65,1,24.6,9,24.75,1,1,2021-12-09 11:30:47
1639049481709501000,24.65,2,24.6,9,24.75,1,2,2021-12-09 11:31:21
1639049572105060000,24.75,1,24.65,4,24.75,1,1,2021-12-09 11:32:52
1639049588924547000,24.75,2,24.65,2,24.8,4,1,2021-12-09 11:33:08
1639049732896757000,24.75,2,24.75,3,24.8,4,1,2021-12-09 11:35:32
1639049762575523000,24.75,2,24.75,1,24.8,4,2,2021-12-09 11:36:02
1639049762600819000,24.75,1,24.65,3,24.8,4,2,2021-12-09 11:36:02
1639049796611950000,24.75,1,24.65,3,24.8,4,2,2021-12-09 11:36:36
1639049838001511000,24.8,4,24.65,3,24.85,21,1,2021-12-09 11:37:18
1639049873324050000,24.8,1,24.65,3,24.85,21,1,2021-12-09 11:37:53
1639049883394518000,24.8,1,24.65,9,24.85,21,1,2021-12-09 11:38:03
1639049925849834000,24.8,1,24.7,4,24.8,1,1,2021-12-09 11:38:45
1639050000120404000,24.8,1,24.75,1,24.85,21,2,2021-12-09 11:40:00
1639050013638894000,24.75,1,24.7,5,24.85,21,2,2021-12-09 11:40:13
1639050067075555000,24.75,1,24.7,5,24.8,2,1,2021-12-09 11:41:07
1639050081209740000,24.75,3,24.75,31,24.8,2,2,2021-12-09 11:41:21
1639050106630079000,24.8,3,24.8,3,24.85,23,1,2021-12-09 11:41:46
1639050151622704000,24.8,1,24.8,2,24.85,22,2,2021-12-09 11:42:31
1639050248362503000,24.8,1,24.8,6,24.85,22,2,2021-12-09 11:44:08
1639050249722544000,24.8,1,24.8,5,24.85,22,2,2021-12-09 11:44:09
1639050275134899000,24.85,1,24.8,5,24.85,21,1,2021-12-09 11:44:35
1639050276937404000,24.8,5,24.75,31,24.85,21,2,2021-12-09 11:44:36
1639050361444733000,24.75,1,24.7,7,24.8,2,2,2021-12-09 11:46:01
1639050411974926000,24.7,2,24.7,5,24.8,3,2,2021-12-09 11:46:51
1639050411999201000,24.7,4,24.7,1,24.8,3,2,2021-12-09 11:46:51
1639050416854111000,24.75,1,24.8,1,24.85,21,1,2021-12-09 11:46:56
1639050416854111000,24.8,1,24.8,1,24.85,21,1,2021-12-09 11:46:56
1639050416942261000,24.8,1,24.7,1,24.85,21,2,2021-12-09 11:46:56
1639050427707447000,24.7,1,24.35,15,24.8,1,2,2021-12-09 11:47:07
1639050427707447000,24.65,22,24.35,15,24.8,1,2,2021-12-09 11:47:07
1639050427707447000,24.6,6,24.35,15,24.8,1,2,2021-12-09 11:47:07
1639050427707447000,24.55,4,24.35,15,24.8,1,2,2021-12-09 11:47:07
1639050427707447000,24.5,2,24.35,15,24.8,1,2,2021-12-09 11:47:07
1639050427707447000,24.4,6,24.35,15,24.8,1,2,2021-12-09 11:47:07
1639050427707447000,24.35,9,24.35,15,24.8,1,2,2021-12-09 11:47:07
1639050491865517000,24.4,1,24.4,5,24.65,1,1,2021-12-09 11:48:11
1639050502774850000,24.4,2,24.35,4,24.6,1,2,2021-12-09 11:48:22
1639050502774850000,24.35,3,24.35,4,24.6,1,2,2021-12-09 11:48:22
1639050625121770000,24.35,2,24.35,3,24.6,1,2,2021-12-09 11:50:25
1639050662717058000,24.35,3,24.35,2,24.55,2,2,2021-12-09 11:51:02
1639050736231143000,24.35,2,24.3,24,24.55,2,2,2021-12-09 11:52:16
1639050778280101000,24.5,1,24.35,1,24.55,2,1,2021-12-09 11:52:58
1639050788394223000,24.35,1,24.3,28,24.55,2,2,2021-12-09 11:53:08
1639050788394223000,24.3,1,24.3,28,24.55,2,2,2021-12-09 11:53:08
1639050789103429000,24.55,2,24.3,28,24.6,1,1,2021-12-09 11:53:09
1639050811098050000,24.55,1,24.35,1,24.55,1,1,2021-12-09 11:53:31
1639050833461436000,24.55,1,24.35,1,24.6,1,1,2021-12-09 11:53:53
1639050844348006000,24.6,1,24.35,1,24.65,1,1,2021-12-09 11:54:04
1639050865742684000,24.65,1,24.35,9,24.7,1,1,2021-12-09 11:54:25
1639050882714601000,24.35,1,24.35,8,24.7,1,2,2021-12-09 11:54:42
1639050931953796000,24.4,1,24.4,1,24.7,2,1,2021-12-09 11:55:31
1639050939624471000,24.4,1,24.35,9,24.7,2,2,2021-12-09 11:55:39
1639050974266374000,24.65,2,24.35,11,24.85,6,1,2021-12-09 11:56:14
1639050974266374000,24.7,2,24.35,11,24.85,6,1,2021-12-09 11:56:14
1639050974266374000,24.75,10,24.35,11,24.85,6,1,2021-12-09 11:56:14
1639050974266374000,24.8,11,24.35,11,24.85,6,1,2021-12-09 11:56:14
1639050974266374000,24.85,9,24.35,11,24.85,6,1,2021-12-09 11:56:14
1639051013786907000,24.85,13,24.45,6,24.95,15,1,2021-12-09 11:56:53
1639051013786907000,24.9,13,24.45,6,24.95,15,1,2021-12-09 11:56:53
1639051013786907000,24.95,8,24.45,6,24.95,15,1,2021-12-09 11:56:53
1639051023001008000,24.95,2,24.55,3,24.95,13,1,2021-12-09 11:57:03
1639051070554921000,24.85,2,24.7,1,24.9,10,2,2021-12-09 11:57:50
1639051223693304000,24.8,1,24.7,2,24.8,3,2,2021-12-09 12:00:23
1639051284115008000,24.75,1,24.7,1,24.75,1,2,2021-12-09 12:01:24
1639051293058205000,24.75,1,24.75,2,24.8,3,1,2021-12-09 12:01:33
1639051304968025000,24.75,1,24.75,1,24.8,3,2,2021-12-09 12:01:44
1639051305072343000,24.75,1,24.7,1,24.8,3,2,2021-12-09 12:01:45
1639051442870221000,24.75,3,24.7,1,24.8,6,1,2021-12-09 12:04:02
1639051485331383000,24.7,1,24.6,5,24.75,1,2,2021-12-09 12:04:45
1639051518764983000,24.75,1,24.55,4,24.8,6,1,2021-12-09 12:05:18
1639052012829103000,24.7,1,24.55,4,24.7,2,2,2021-12-09 12:13:32
1639052018140043000,24.7,2,24.55,2,24.75,9,1,2021-12-09 12:13:38
1639052027090511000,24.55,1,24.55,1,24.75,9,2,2021-12-09 12:13:47
1639052051495923000,24.55,1,24.5,9,24.75,9,2,2021-12-09 12:14:11
1639052059654650000,24.5,2,24.5,3,24.75,9,2,2021-12-09 12:14:19
1639052115868784000,24.5,2,24.5,3,24.75,9,2,2021-12-09 12:15:15
1639052149686752000,24.5,1,24.5,2,24.75,9,2,2021-12-09 12:15:49
1639052167900961000,24.7,1,24.7,9,24.75,9,1,2021-12-09 12:16:07
1639052206438178000,24.5,2,24.4,9,24.75,11,2,2021-12-09 12:16:46
1639052319317553000,24.5,1,24.4,10,24.7,4,2,2021-12-09 12:18:39
1639052389494496000,24.4,2,24.4,6,24.55,1,2,2021-12-09 12:19:49
1639052429066786000,24.4,5,24.4,4,24.55,1,2,2021-12-09 12:20:29
1639052433039265000,24.4,2,24.4,2,24.55,1,2,2021-12-09 12:20:33
1639052442351932000,24.4,2,24.35,11,24.4,1,2,2021-12-09 12:20:42
1639052442977892000,24.4,1,24.35,11,24.55,1,1,2021-12-09 12:20:42
1639052577018527000,24.55,1,24.4,5,24.6,5,1,2021-12-09 12:22:57
1639052760726927000,24.5,4,24.45,6,24.5,1,2,2021-12-09 12:26:00
1639052773048186000,24.5,1,24.45,6,24.6,5,1,2021-12-09 12:26:13
1639052824007296000,24.5,2,24.5,2,24.6,5,2,2021-12-09 12:27:04
1639052832221866000,24.5,2,24.45,6,24.6,5,2,2021-12-09 12:27:12
1639052878820522000,24.5,2,24.45,6,24.5,1,2,2021-12-09 12:27:58
1639052901537966000,24.5,1,24.45,7,24.6,5,1,2021-12-09 12:28:21
1639052910235052000,24.5,2,24.45,7,24.6,5,1,2021-12-09 12:28:30
1639052918014432000,24.5,1,24.45,7,24.6,5,1,2021-12-09 12:28:38
1639052973271719000,24.45,4,24.45,3,24.6,5,2,2021-12-09 12:29:33
1639052988433567000,24.45,3,24.4,4,24.6,5,2,2021-12-09 12:29:48
1639053026435976000,24.45,1,24.4,4,24.5,3,1,2021-12-09 12:30:26
1639053039600791000,24.45,1,24.4,5,24.5,1,1,2021-12-09 12:30:39
1639053039600791000,24.5,2,24.4,5,24.5,1,1,2021-12-09 12:30:39
1639053086333614000,24.45,1,24.4,5,24.5,1,2,2021-12-09 12:31:26
1639053095079499000,24.5,1,24.4,5,24.6,5,1,2021-12-09 12:31:35
1639053148021853000,24.55,1,24.4,5,24.6,5,1,2021-12-09 12:32:28
1639053162965443000,24.4,1,24.4,5,24.6,5,2,2021-12-09 12:32:42
1639053164558573000,24.6,5,24.4,5,24.65,1,1,2021-12-09 12:32:44
1639053174131350000,24.65,1,24.4,5,24.65,1,1,2021-12-09 12:32:54
1639053196312341000,24.6,1,24.45,2,24.65,1,2,2021-12-09 12:33:16
1639053205216143000,24.65,1,24.45,2,24.7,9,1,2021-12-09 12:33:25
1639053209567881000,24.7,1,24.45,2,24.7,8,1,2021-12-09 12:33:29
1639053223900569000,24.65,2,24.45,2,24.7,8,2,2021-12-09 12:33:43
1639053331850722000,24.65,2,24.5,9,24.7,8,1,2021-12-09 12:35:31
1639053474487896000,24.65,1,24.45,7,24.7,8,1,2021-12-09 12:37:54
1639053584209437000,24.65,2,24.5,5,24.7,1,1,2021-12-09 12:39:44
1639053584209437000,24.7,7,24.5,5,24.7,1,1,2021-12-09 12:39:44
1639053604586390000,24.7,1,24.5,5,24.7,2,1,2021-12-09 12:40:04
1639053699943928000,24.7,1,24.45,8,24.7,3,1,2021-12-09 12:41:39
1639053700017625000,24.7,1,24.45,8,24.7,2,1,2021-12-09 12:41:40
1639053700058371000,24.7,1,24.45,8,24.7,1,1,2021-12-09 12:41:40
1639053700116479000,24.7,1,24.45,8,24.75,13,1,2021-12-09 12:41:40
1639053718279729000,24.7,1,24.7,2,24.75,12,2,2021-12-09 12:41:58
1639053718372449000,24.7,2,24.45,3,24.75,12,2,2021-12-09 12:41:58
1639053729206034000,24.7,1,24.45,10,24.7,3,1,2021-12-09 12:42:09
1639053919963111000,24.7,1,24.5,4,24.7,2,1,2021-12-09 12:45:19
1639053920028878000,24.7,1,24.5,4,24.7,1,1,2021-12-09 12:45:20
1639053920077090000,24.7,1,24.5,4,24.75,12,1,2021-12-09 12:45:20
1639053932613189000,24.7,2,24.7,2,24.75,12,2,2021-12-09 12:45:32
1639053940927117000,24.7,2,24.65,2,24.75,12,2,2021-12-09 12:45:40
1639053988937552000,24.7,1,24.7,4,24.75,20,1,2021-12-09 12:46:28
1639053996739675000,24.75,2,24.7,4,24.75,19,1,2021-12-09 12:46:36
1639054042287994000,24.75,4,24.6,1,24.75,15,1,2021-12-09 12:47:22
1639054087141242000,24.7,1,24.6,1,24.7,1,2,2021-12-09 12:48:07
1639054087192975000,24.7,1,24.6,1,24.75,15,1,2021-12-09 12:48:07
1639054212018817000,24.7,5,24.65,1,24.75,15,2,2021-12-09 12:50:12
1639054254918996000,24.65,1,24.45,10,24.75,20,2,2021-12-09 12:50:54
1639054254918996000,24.6,3,24.45,10,24.75,20,2,2021-12-09 12:50:54
1639054254918996000,24.5,6,24.45,10,24.75,20,2,2021-12-09 12:50:54
1639054338426257000,24.7,1,24.5,1,24.7,9,1,2021-12-09 12:52:18
1639054535785872000,24.65,1,24.55,2,24.65,8,2,2021-12-09 12:55:35
1639054595276260000,24.65,8,24.65,4,24.7,14,1,2021-12-09 12:56:35
1639054598292306000,24.65,1,24.65,3,24.7,13,2,2021-12-09 12:56:38
1639054648202996000,24.65,3,24.55,2,24.7,13,2,2021-12-09 12:57:28
1639054836028510000,24.65,1,24.55,2,24.65,6,1,2021-12-09 13:00:36
1639054878326749000,24.65,2,24.55,7,24.65,11,1,2021-12-09 13:01:18
1639054923183644000,24.6,5,24.55,7,24.65,21,2,2021-12-09 13:02:03
1639054940539433000,24.55,7,24.5,3,24.6,3,2,2021-12-09 13:02:20
1639055008951087000,24.55,2,24.5,3,24.55,1,1,2021-12-09 13:03:28
1639055061311349000,24.5,8,24.45,9,24.5,8,2,2021-12-09 13:04:21
1639055090726559000,24.45,1,24.45,8,24.5,10,2,2021-12-09 13:04:50
1639055110952213000,24.45,8,24.4,7,24.5,10,2,2021-12-09 13:05:10
1639055146702061000,24.4,2,24.4,6,24.45,8,2,2021-12-09 13:05:46
1639055151671038000,24.4,2,24.4,4,24.45,8,2,2021-12-09 13:05:51
1639055168471415000,24.4,1,24.4,3,24.45,8,2,2021-12-09 13:06:08
1639055170151975000,24.4,1,24.4,2,24.45,8,2,2021-12-09 13:06:10
1639055170558029000,24.4,1,24.4,1,24.45,8,2,2021-12-09 13:06:10
1639055190535528000,24.4,1,24.35,8,24.4,1,2,2021-12-09 13:06:30
1639055194042527000,24.4,1,24.35,8,24.45,10,1,2021-12-09 13:06:34
1639055327321326000,24.4,5,24.4,2,24.45,10,2,2021-12-09 13:08:47
1639055422424819000,24.45,1,24.4,3,24.45,24,1,2021-12-09 13:10:22
1639055422487911000,24.45,1,24.4,3,24.45,23,1,2021-12-09 13:10:22
1639055422542155000,24.45,1,24.4,3,24.45,22,1,2021-12-09 13:10:22
1639055422607398000,24.45,1,24.4,3,24.45,21,1,2021-12-09 13:10:22
1639055422637534000,24.45,1,24.4,3,24.45,20,1,2021-12-09 13:10:22
1639055422638317000,24.45,1,24.4,3,24.45,19,1,2021-12-09 13:10:22
1639055422644998000,24.45,1,24.4,3,24.45,18,1,2021-12-09 13:10:22
1639055423675752000,24.45,1,24.4,3,24.45,17,1,2021-12-09 13:10:23
1639055423743282000,24.45,1,24.4,3,24.45,16,1,2021-12-09 13:10:23
1639055423804162000,24.45,1,24.4,3,24.45,15,1,2021-12-09 13:10:23
1639055423885562000,24.45,1,24.4,3,24.45,14,1,2021-12-09 13:10:23
1639055423917182000,24.45,1,24.4,3,24.45,13,1,2021-12-09 13:10:23
1639055423928599000,24.45,1,24.4,3,24.45,12,1,2021-12-09 13:10:23
1639055423959541000,24.45,1,24.4,3,24.45,11,1,2021-12-09 13:10:23
1639055425144336000,24.45,1,24.4,3,24.45,10,1,2021-12-09 13:10:25
1639055426573258000,24.45,1,24.4,3,24.45,9,1,2021-12-09 13:10:26
1639055426642271000,24.45,1,24.4,3,24.45,8,1,2021-12-09 13:10:26
1639055426669973000,24.45,8,24.4,3,24.5,14,1,2021-12-09 13:10:26
1639055426699365000,24.5,1,24.4,3,24.5,13,1,2021-12-09 13:10:26
1639055426771476000,24.5,1,24.4,3,24.5,12,1,2021-12-09 13:10:26
1639055426804890000,24.5,1,24.4,3,24.5,11,1,2021-12-09 13:10:26
1639055426809499000,24.5,1,24.4,3,24.5,10,1,2021-12-09 13:10:26
1639055426810751000,24.5,1,24.4,3,24.5,9,1,2021-12-09 13:10:26
1639055436137860000,24.5,1,24.4,3,24.5,8,1,2021-12-09 13:10:36
1639055436349797000,24.5,3,24.45,1,24.5,5,1,2021-12-09 13:10:36
1639055436395162000,24.5,5,24.45,1,24.6,9,1,2021-12-09 13:10:36
1639055458566369000,24.6,1,24.55,1,24.6,8,1,2021-12-09 13:10:58
1639055461609061000,24.6,2,24.55,1,24.6,6,1,2021-12-09 13:11:01
1639055462799208000,24.6,6,24.6,2,24.65,4,1,2021-12-09 13:11:02
1639055465542796000,24.65,4,24.6,2,24.7,4,1,2021-12-09 13:11:05
1639055467743773000,24.7,4,24.6,2,24.75,14,1,2021-12-09 13:11:07
1639055471310503000,24.75,14,24.6,2,24.8,2,1,2021-12-09 13:11:11
1639055471384045000,24.8,2,24.6,2,24.85,9,1,2021-12-09 13:11:11
1639055471384045000,24.85,2,24.6,2,24.85,9,1,2021-12-09 13:11:11
1639055476453048000,24.85,3,24.75,2,24.85,5,1,2021-12-09 13:11:16
1639055477259830000,24.85,3,24.75,2,24.85,2,1,2021-12-09 13:11:17
1639055477270434000,24.85,2,24.75,2,24.9,4,1,2021-12-09 13:11:17
1639055477270434000,24.9,3,24.75,2,24.9,4,1,2021-12-09 13:11:17
1639055477323399000,24.9,4,24.75,2,24.95,29,1,2021-12-09 13:11:17
1639055487597225000,24.95,29,24.9,1,25.0,54,1,2021-12-09 13:11:27
1639055490602724000,25.0,53,24.95,1,25.1,4,1,2021-12-09 13:11:30
1639055493640759000,25.1,2,25.05,10,25.1,1,1,2021-12-09 13:11:33
1639055493671780000,25.1,1,25.05,10,25.15,2,1,2021-12-09 13:11:33
1639055493845294000,25.15,1,25.05,10,25.15,1,1,2021-12-09 13:11:33
1639055493872117000,25.15,1,25.05,11,25.2,3,1,2021-12-09 13:11:33
1639055494480462000,25.2,1,25.05,10,25.2,2,1,2021-12-09 13:11:34
1639055494540912000,25.2,2,25.05,10,25.4,6,1,2021-12-09 13:11:34
1639055494540912000,25.25,1,25.05,10,25.4,6,1,2021-12-09 13:11:34
1639055494540912000,25.3,2,25.05,10,25.4,6,1,2021-12-09 13:11:34
1639055494540912000,25.4,1,25.05,10,25.4,6,1,2021-12-09 13:11:34
1639055494634292000,25.4,1,25.1,2,25.4,5,1,2021-12-09 13:11:34
1639055494901077000,25.4,5,25.1,2,25.5,17,1,2021-12-09 13:11:34
1639055494901077000,25.5,5,25.1,2,25.5,17,1,2021-12-09 13:11:34
1639055495026041000,25.5,8,25.1,3,25.5,9,1,2021-12-09 13:11:35
1639055495132525000,25.5,1,25.1,6,25.5,8,1,2021-12-09 13:11:35
1639055499652604000,25.5,1,25.1,5,25.5,19,1,2021-12-09 13:11:39
1639055500036088000,25.45,1,25.1,5,25.5,19,2,2021-12-09 13:11:40
1639055503435854000,25.25,1,25.2,1,25.45,4,2,2021-12-09 13:11:43
1639055503435854000,25.2,4,25.2,1,25.45,4,2,2021-12-09 13:11:43
1639055509032958000,25.4,2,25.25,2,25.45,6,1,2021-12-09 13:11:49
1639055511265001000,25.25,2,25.15,3,25.4,4,2,2021-12-09 13:11:51
1639055511265001000,25.2,1,25.15,3,25.4,4,2,2021-12-09 13:11:51
1639055518280205000,25.2,5,25.25,14,25.35,4,1,2021-12-09 13:11:58
1639055518280205000,25.25,1,25.25,14,25.35,4,1,2021-12-09 13:11:58
1639055524319137000,25.35,2,25.25,14,25.45,6,1,2021-12-09 13:12:04
1639055524319137000,25.4,6,25.25,14,25.45,6,1,2021-12-09 13:12:04
1639055524319137000,25.45,2,25.25,14,25.45,6,1,2021-12-09 13:12:04
1639055526044639000,25.25,1,25.25,13,25.45,6,2,2021-12-09 13:12:06
1639055535799523000,25.3,1,25.25,25,25.3,1,1,2021-12-09 13:12:15
1639055538411960000,25.3,1,25.3,2,25.45,6,1,2021-12-09 13:12:18
1639055543120261000,25.3,2,25.25,22,25.3,3,2,2021-12-09 13:12:23
1639055547102942000,25.3,1,25.25,22,25.3,2,1,2021-12-09 13:12:27
1639055548846667000,25.3,2,25.25,22,25.45,6,1,2021-12-09 13:12:28
1639055558552721000,25.35,1,25.3,5,25.4,2,1,2021-12-09 13:12:38
1639055560868407000,25.3,2,25.3,3,25.4,2,2,2021-12-09 13:12:40
1639055561705757000,25.3,3,25.25,22,25.3,7,2,2021-12-09 13:12:41
1639055563081097000,25.25,1,25.25,21,25.3,7,2,2021-12-09 13:12:43
1639055568100754000,25.25,1,25.25,21,25.3,7,2,2021-12-09 13:12:48
1639055569501692000,25.25,5,25.25,16,25.3,7,2,2021-12-09 13:12:49
1639055571988830000,25.25,1,25.25,15,25.3,7,2,2021-12-09 13:12:51
1639055572631097000,25.25,7,25.1,3,25.25,13,2,2021-12-09 13:12:52
1639055586279599000,25.2,1,25.1,3,25.25,18,2,2021-12-09 13:13:06
1639055590012419000,25.1,2,25.1,1,25.25,14,2,2021-12-09 13:13:10
1639055602682461000,25.1,1,25.1,5,25.2,10,2,2021-12-09 13:13:22
1639055603102559000,25.1,2,25.1,3,25.2,10,2,2021-12-09 13:13:23
1639055614594987000,25.1,3,25.1,1,25.25,14,2,2021-12-09 13:13:34
1639055625377680000,25.1,1,25.05,10,25.1,9,2,2021-12-09 13:13:45
1639055649055224000,25.1,4,25.05,10,25.1,7,1,2021-12-09 13:14:09
1639055650997919000,25.1,1,25.05,10,25.1,6,1,2021-12-09 13:14:10
1639055653672564000,25.1,2,25.05,10,25.1,4,1,2021-12-09 13:14:13
1639055664841629000,25.05,10,25.0,3,25.1,4,2,2021-12-09 13:14:24
1639055674989878000,25.05,1,25.05,1,25.1,3,1,2021-12-09 13:14:34
1639055681948096000,25.05,1,25.0,3,25.05,1,2,2021-12-09 13:14:41
1639055701513007000,25.05,1,25.0,4,25.1,1,1,2021-12-09 13:15:01
1639055708784424000,25.0,4,24.95,1,25.0,16,2,2021-12-09 13:15:08
1639055724511690000,24.95,1,24.9,1,25.0,17,2,2021-12-09 13:15:24
1639055727934825000,24.9,1,24.8,1,24.95,1,2,2021-12-09 13:15:27
1639055732667431000,24.95,1,24.8,1,25.0,18,1,2021-12-09 13:15:32
1639055733969931000,25.0,1,24.8,1,25.0,17,1,2021-12-09 13:15:33
1639055743815571000,24.95,1,24.8,2,25.0,16,2,2021-12-09 13:15:43
1639055745613191000,24.8,2,24.75,4,24.8,1,2,2021-12-09 13:15:45
1639055750547448000,24.8,1,24.75,2,25.0,16,1,2021-12-09 13:15:50
1639055751162582000,24.95,1,24.75,2,25.0,16,1,2021-12-09 13:15:51
1639055829957383000,24.95,2,24.85,1,24.95,10,1,2021-12-09 13:17:09
1639055830251482000,24.95,6,24.85,1,24.95,4,1,2021-12-09 13:17:10
1639055853860645000,24.95,1,24.85,6,24.95,3,1,2021-12-09 13:17:33
1639055861261799000,24.95,3,24.85,7,25.0,24,1,2021-12-09 13:17:41
1639055861261799000,25.0,2,24.85,7,25.0,24,1,2021-12-09 13:17:41
1639055880081826000,25.0,8,24.85,8,25.0,16,1,2021-12-09 13:18:00
1639055880106665000,25.0,16,24.85,8,25.2,1,1,2021-12-09 13:18:00
1639055903373016000,25.2,1,25.05,1,25.25,13,1,2021-12-09 13:18:23
1639055924062533000,25.25,2,25.05,1,25.25,12,1,2021-12-09 13:18:44
1639055950276818000,25.25,2,25.05,1,25.25,10,1,2021-12-09 13:19:10
1639055974275943000,25.25,4,25.2,1,25.25,6,1,2021-12-09 13:19:34
1639055981179737000,25.2,1,25.2,1,25.25,11,2,2021-12-09 13:19:41
1639055981208932000,25.2,1,25.05,1,25.25,11,2,2021-12-09 13:19:41
1639056014243300000,25.2,2,25.05,2,25.2,1,1,2021-12-09 13:20:14
1639056014268140000,25.2,1,25.05,2,25.25,6,1,2021-12-09 13:20:14
1639056063420889000,25.2,1,25.05,2,25.2,4,1,2021-12-09 13:21:03
1639056098991765000,25.2,1,25.05,2,25.2,5,1,2021-12-09 13:21:38
1639056138034329000,25.2,1,25.05,1,25.2,5,1,2021-12-09 13:22:18
1639056209372858000,25.15,2,25.2,8,25.25,9,2,2021-12-09 13:23:29
1639056209372858000,25.2,10,25.2,8,25.25,9,1,2021-12-09 13:23:29
1639056252261662000,25.25,5,25.2,17,25.25,4,1,2021-12-09 13:24:12
1639056263261734000,25.25,2,25.2,17,25.25,2,1,2021-12-09 13:24:23
1639056266803541000,25.25,2,25.25,1,25.35,2,1,2021-12-09 13:24:26
1639056271882679000,25.35,2,25.25,17,25.4,1,1,2021-12-09 13:24:31
1639056271882679000,25.4,1,25.25,17,25.4,1,1,2021-12-09 13:24:31
1639056298165388000,25.4,2,25.35,8,25.4,2,1,2021-12-09 13:24:58
1639056600000000000,25.55,124,25.5,66,25.6,13,1,2021-12-09 13:30:00
