ts,close,volume,bid_price,bid_volume,ask_price,ask_volume,tick_type,datetime
1639040413310256000,123.0,51,122.5,4,123.0,5,2,2021-12-09 09:00:13
1639040415871510000,123.0,1,122.5,4,123.0,6,1,2021-12-09 09:00:15
1639040419846684000,122.5,1,122.5,3,123.0,6,2,2021-12-09 09:00:19
1639040427985014000,122.5,1,122.5,2,123.0,6,2,2021-12-09 09:00:27
1639040430656285000,122.5,1,122.5,1,123.0,6,2,2021-12-09 09:00:30
1639040431468058000,122.5,1,122.0,12,123.0,6,2,2021-12-09 09:00:31
1639040439998714000,122.5,1,122.0,12,122.5,1,1,2021-12-09 09:00:39
1639040440026526000,122.5,1,122.0,12,123.0,5,1,2021-12-09 09:00:40
1639040440606428000,122.0,1,122.0,11,123.0,5,2,2021-12-09 09:00:40
1639040445351363000,122.5,1,122.5,2,123.0,5,1,2021-12-09 09:00:45
1639040445437255000,122.5,2,122.0,11,123.0,5,2,2021-12-09 09:00:45
1639040446713049000,122.5,1,122.0,12,123.0,5,1,2021-12-09 09:00:46
1639040446853958000,122.0,1,122.0,11,123.0,5,2,2021-12-09 09:00:46
1639040448904553000,122.0,1,122.0,15,123.0,5,2,2021-12-09 09:00:48
1639040455547043000,122.0,3,122.0,13,123.0,5,2,2021-12-09 09:00:55
1639040457058584000,122.5,1,122.0,13,123.0,5,1,2021-12-09 09:00:57
1639040459009496000,122.5,1,122.0,13,123.0,13,1,2021-12-09 09:00:59
1639040462255811000,123.0,1,122.5,3,123.0,12,1,2021-12-09 09:01:02
1639040465293568000,123.0,2,122.5,3,123.0,10,1,2021-12-09 09:01:05
1639040466109452000,123.0,10,122.5,3,123.5,4,1,2021-12-09 09:01:06
1639040475268100000,123.0,4,123.0,1,123.5,7,2,2021-12-09 09:01:15
1639040475287943000,123.0,1,122.5,6,123.5,7,2,2021-12-09 09:01:15
1639040477641857000,123.0,1,122.5,5,123.5,11,2,2021-12-09 09:01:17
1639040481028355000,123.0,3,122.5,6,123.5,11,2,2021-12-09 09:01:21
1639040486183584000,123.0,1,122.5,6,123.5,10,2,2021-12-09 09:01:26
1639040491466494000,123.5,1,123.0,3,123.5,9,1,2021-12-09 09:01:31
1639040492203437000,123.0,1,123.0,1,123.5,9,2,2021-12-09 09:01:32
1639040502434675000,123.0,1,123.0,3,123.5,19,2,2021-12-09 09:01:42
1639040507653743000,123.0,3,123.0,1,123.5,19,2,2021-12-09 09:01:47
1639040510913043000,123.0,1,122.5,6,123.0,1,2,2021-12-09 09:01:50
1639040512573257000,122.5,1,122.5,7,123.0,2,2,2021-12-09 09:01:52
1639040513034092000,123.0,1,122.5,7,123.0,1,1,2021-12-09 09:01:53
1639040516147335000,122.5,1,122.5,6,123.0,1,2,2021-12-09 09:01:56
1639040523205929000,123.0,1,122.5,6,123.0,4,1,2021-12-09 09:02:03
1639040531090131000,123.0,3,122.5,9,123.0,4,1,2021-12-09 09:02:11
1639040531120618000,123.0,1,122.5,9,123.0,3,1,2021-12-09 09:02:11
1639040533605891000,123.0,1,122.5,10,123.0,5,1,2021-12-09 09:02:13
1639040533672937000,122.5,1,122.5,9,123.0,5,2,2021-12-09 09:02:13
1639040534744897000,123.0,5,123.0,2,123.5,18,1,2021-12-09 09:02:14
1639040538382611000,123.0,1,123.0,2,123.5,18,2,2021-12-09 09:02:18
1639040538482348000,123.0,2,122.5,10,123.5,18,2,2021-12-09 09:02:18
1639040554284572000,123.0,1,122.5,11,123.5,18,2,2021-12-09 09:02:34
1639040554284572000,122.5,1,122.5,11,123.5,18,2,2021-12-09 09:02:34
1639040567704849000,123.0,1,122.5,12,123.0,3,1,2021-12-09 09:02:47
1639040577049565000,123.0,2,122.5,13,123.0,2,1,2021-12-09 09:02:57
1639040579336710000,123.0,2,123.0,3,123.5,19,1,2021-12-09 09:02:59
1639040581974313000,123.0,1,123.0,2,123.5,19,2,2021-12-09 09:03:01
1639040582207089000,123.0,2,122.5,14,123.5,19,2,2021-12-09 09:03:02
1639040591143389000,123.0,1,122.5,14,123.5,19,2,2021-12-09 09:03:11
1639040596427314000,122.5,1,122.5,13,123.0,1,2,2021-12-09 09:03:16
1639040604102621000,122.5,10,122.5,3,123.0,1,2,2021-12-09 09:03:24
1639040604135761000,122.5,3,122.0,21,123.0,1,2,2021-12-09 09:03:24
1639040607991078000,122.0,2,122.0,19,122.5,1,2,2021-12-09 09:03:27
1639040609096327000,122.5,3,122.0,19,122.5,1,1,2021-12-09 09:03:29
1639040609131829000,122.0,1,122.0,18,122.5,5,2,2021-12-09 09:03:29
1639040609167456000,122.0,9,122.0,9,122.5,5,2,2021-12-09 09:03:29
1639040617460984000,122.0,1,122.0,9,122.5,4,2,2021-12-09 09:03:37
1639040619425926000,122.0,5,122.0,4,122.5,4,2,2021-12-09 09:03:39
1639040619623016000,122.0,1,122.0,3,122.5,4,2,2021-12-09 09:03:39
1639040625307362000,122.0,3,121.5,14,122.5,4,2,2021-12-09 09:03:45
1639040629078160000,122.0,1,121.5,14,122.5,4,2,2021-12-09 09:03:49
1639040640504162000,122.0,1,121.5,18,122.0,2,1,2021-12-09 09:04:00
1639040640536477000,122.0,1,121.5,18,122.0,1,1,2021-12-09 09:04:00
1639040640569519000,122.0,1,121.5,18,122.5,7,1,2021-12-09 09:04:00
1639040651915302000,122.0,1,121.5,18,122.0,1,1,2021-12-09 09:04:11
1639040652570754000,122.0,1,122.0,1,122.5,7,1,2021-12-09 09:04:12
1639040662119585000,122.0,1,122.0,2,122.5,6,2,2021-12-09 09:04:22
1639040666237068000,122.0,1,122.0,2,122.5,6,2,2021-12-09 09:04:26
1639040670202762000,122.0,1,122.0,1,122.5,6,2,2021-12-09 09:04:30
1639040670714253000,122.0,1,121.5,18,122.5,6,2,2021-12-09 09:04:30
1639040671376431000,122.0,1,121.5,18,122.5,6,1,2021-12-09 09:04:31
1639040682457749000,122.0,1,121.5,19,122.0,3,1,2021-12-09 09:04:42
1639040682937615000,122.0,2,121.5,19,122.0,1,1,2021-12-09 09:04:42
1639040686589782000,121.5,3,121.5,16,122.0,1,2,2021-12-09 09:04:46
1639040698061312000,121.5,5,121.5,13,122.0,1,2,2021-12-09 09:04:58
1639040699566360000,122.0,1,121.5,13,122.0,1,1,2021-12-09 09:04:59
1639040700808342000,121.5,3,121.5,10,122.0,2,2,2021-12-09 09:05:00
1639040707308828000,121.5,1,121.5,10,122.0,3,2,2021-12-09 09:05:07
1639040713109848000,121.5,10,121.0,41,122.0,4,2,2021-12-09 09:05:13
1639040715108713000,121.0,2,121.0,39,121.5,2,2,2021-12-09 09:05:15
1639040715137286000,121.0,1,121.0,38,121.5,2,2,2021-12-09 09:05:15
1639040715519653000,121.5,1,121.0,38,121.5,2,1,2021-12-09 09:05:15
1639040716088297000,121.0,1,121.0,37,121.5,2,2,2021-12-09 09:05:16
1639040718954224000,121.5,1,121.0,37,121.5,3,1,2021-12-09 09:05:18
1639040725214880000,121.0,1,121.0,36,121.5,11,2,2021-12-09 09:05:25
1639040728852890000,121.0,1,121.0,36,121.5,12,2,2021-12-09 09:05:28
1639040729959746000,121.0,1,121.0,35,121.5,12,2,2021-12-09 09:05:29
1639040730989864000,121.0,1,121.0,34,121.5,12,2,2021-12-09 09:05:30
1639040732224729000,121.0,1,121.0,33,121.5,12,2,2021-12-09 09:05:32
1639040737641905000,121.0,1,121.0,34,121.5,12,2,2021-12-09 09:05:37
1639040738240855000,121.0,1,121.0,33,121.5,12,2,2021-12-09 09:05:38
1639040740644972000,121.0,30,121.0,8,121.5,9,2,2021-12-09 09:05:40
1639040740671274000,121.0,6,121.0,2,121.5,9,2,2021-12-09 09:05:40
1639040740676983000,121.0,1,121.0,1,121.5,10,2,2021-12-09 09:05:40
1639040740703537000,121.0,1,120.5,23,121.5,10,2,2021-12-09 09:05:40
1639040745778199000,121.0,1,121.0,1,121.5,10,2,2021-12-09 09:05:45
1639040745885690000,121.0,1,120.5,27,121.5,10,2,2021-12-09 09:05:45
1639040745885690000,120.5,1,120.5,27,121.5,10,2,2021-12-09 09:05:45
1639040747175462000,120.5,1,120.5,26,121.5,10,2,2021-12-09 09:05:47
1639040748323803000,121.0,1,121.0,8,121.5,10,1,2021-12-09 09:05:48
1639040752843673000,121.0,1,121.0,8,121.5,12,2,2021-12-09 09:05:52
1639040752851418000,121.0,2,121.0,6,121.5,10,2,2021-12-09 09:05:52
1639040755527901000,121.5,1,121.0,6,121.5,9,1,2021-12-09 09:05:55
1639040761271928000,121.0,5,121.0,3,121.5,9,2,2021-12-09 09:06:01
1639040761359820000,121.0,1,121.0,2,121.5,9,2,2021-12-09 09:06:01
1639040763942363000,121.0,1,121.0,4,121.5,9,2,2021-12-09 09:06:03
1639040766066824000,121.0,1,121.0,3,121.5,9,2,2021-12-09 09:06:06
1639040772427083000,121.0,1,121.0,2,121.5,9,2,2021-12-09 09:06:12
1639040772430789000,121.0,1,121.0,1,121.5,9,2,2021-12-09 09:06:12
1639040773395001000,121.0,1,120.5,27,121.5,9,1,2021-12-09 09:06:13
1639040774370496000,121.0,1,120.5,27,121.5,9,1,2021-12-09 09:06:14
1639040775371320000,121.0,4,120.5,11,121.5,9,2,2021-12-09 09:06:15
1639040775371320000,120.5,16,120.5,11,121.5,9,2,2021-12-09 09:06:15
1639040775407490000,121.0,1,120.5,12,121.5,10,1,2021-12-09 09:06:15
1639040781341523000,121.0,2,120.5,6,121.0,1,1,2021-12-09 09:06:21
1639040781368580000,120.5,1,120.5,5,121.0,1,2,2021-12-09 09:06:21
1639040781369282000,120.5,1,120.5,4,121.0,1,2,2021-12-09 09:06:21
1639040781416263000,120.5,1,120.5,3,121.0,1,2,2021-12-09 09:06:21
1639040781642541000,121.0,1,120.5,6,121.5,11,1,2021-12-09 09:06:21
1639040784132166000,120.5,1,120.5,5,121.5,11,2,2021-12-09 09:06:24
1639040784765313000,120.5,1,120.5,5,121.5,11,2,2021-12-09 09:06:24
1639040786830564000,121.0,1,120.5,6,121.5,10,1,2021-12-09 09:06:26
1639040787588325000,121.0,1,120.5,6,121.0,1,1,2021-12-09 09:06:27
1639040787629529000,121.0,1,120.5,6,121.5,10,1,2021-12-09 09:06:27
1639040789458649000,121.0,1,120.5,3,121.5,11,2,2021-12-09 09:06:29
1639040789458649000,120.5,4,120.5,3,121.5,11,2,2021-12-09 09:06:29
1639040792507570000,120.5,1,120.5,4,121.0,1,2,2021-12-09 09:06:32
1639040792880059000,121.0,1,120.5,4,121.5,11,1,2021-12-09 09:06:32
1639040795932482000,121.0,5,120.5,6,121.5,12,1,2021-12-09 09:06:35
1639040797943318000,120.5,1,120.5,12,121.5,21,2,2021-12-09 09:06:37
1639040802882209000,121.0,1,120.5,13,121.5,20,1,2021-12-09 09:06:42
1639040806165331000,121.0,1,120.5,14,121.5,20,1,2021-12-09 09:06:46
1639040809614676000,120.5,2,120.5,12,121.5,20,2,2021-12-09 09:06:49
1639040810317792000,120.5,1,120.5,11,121.5,21,2,2021-12-09 09:06:50
1639040819873260000,121.0,2,120.5,12,121.0,1,1,2021-12-09 09:06:59
1639040819904112000,121.0,1,120.5,12,121.5,21,1,2021-12-09 09:06:59
1639040825027391000,121.0,2,121.0,2,121.5,20,2,2021-12-09 09:07:05
1639040829890997000,121.0,1,120.5,19,121.5,19,2,2021-12-09 09:07:09
1639040831052085000,120.5,1,120.5,18,121.5,19,2,2021-12-09 09:07:11
1639040832444441000,121.0,1,120.5,18,121.5,19,1,2021-12-09 09:07:12
1639040834392904000,121.0,3,121.0,2,121.5,19,1,2021-12-09 09:07:14
1639040836451317000,121.0,1,121.0,1,121.5,19,2,2021-12-09 09:07:16
1639040849406922000,121.0,1,121.0,2,121.5,20,2,2021-12-09 09:07:29
1639040864953480000,121.0,1,121.0,2,121.5,19,2,2021-12-09 09:07:44
1639040873030553000,121.0,1,121.0,3,121.5,19,2,2021-12-09 09:07:53
1639040874748475000,121.0,2,121.0,1,121.5,19,2,2021-12-09 09:07:54
1639040880147691000,121.0,1,121.0,7,121.5,19,2,2021-12-09 09:08:00
1639040888069935000,121.0,3,121.0,5,121.5,18,2,2021-12-09 09:08:08
1639040889419375000,121.0,2,121.0,3,121.5,17,2,2021-12-09 09:08:09
1639040898061751000,121.0,1,121.0,2,121.5,17,2,2021-12-09 09:08:18
1639040915449605000,121.5,9,121.0,15,121.5,8,1,2021-12-09 09:08:35
1639040915469449000,121.5,8,121.0,15,122.0,18,1,2021-12-09 09:08:35
1639040922578075000,122.0,1,121.5,2,122.0,16,1,2021-12-09 09:08:42
1639040922818573000,122.0,4,121.5,2,122.0,12,1,2021-12-09 09:08:42
1639040923093902000,122.0,5,121.5,8,122.5,7,1,2021-12-09 09:08:43
1639040923093953000,122.0,7,121.5,8,122.5,7,1,2021-12-09 09:08:43
1639040927210874000,122.5,2,122.0,6,122.5,4,1,2021-12-09 09:08:47
1639040934090238000,122.0,1,121.5,8,122.0,4,2,2021-12-09 09:08:54
1639040940256568000,122.0,2,121.5,5,122.0,2,1,2021-12-09 09:09:00
1639040940274483000,122.0,2,121.5,5,122.5,4,1,2021-12-09 09:09:00
1639040940347896000,121.5,1,121.5,4,122.5,4,2,2021-12-09 09:09:00
1639040947457791000,121.5,1,121.5,3,122.5,5,2,2021-12-09 09:09:07
1639040960805266000,121.5,8,120.5,30,122.0,5,2,2021-12-09 09:09:20
1639040960805266000,121.0,8,120.5,30,122.0,5,2,2021-12-09 09:09:20
1639040960805266000,120.5,4,120.5,30,122.0,5,2,2021-12-09 09:09:20
1639040970141084000,121.0,1,120.5,32,121.0,4,1,2021-12-09 09:09:30
1639040970169780000,121.0,4,120.5,32,121.5,2,1,2021-12-09 09:09:30
1639040972887752000,121.5,1,121.0,1,121.5,3,1,2021-12-09 09:09:32
1639040973796283000,121.0,2,120.5,37,121.0,8,2,2021-12-09 09:09:33
1639040975822240000,121.0,1,120.5,35,121.0,7,1,2021-12-09 09:09:35
1639040980841203000,121.0,1,120.5,35,121.0,6,1,2021-12-09 09:09:40
1639040984650667000,121.0,1,120.5,35,121.0,6,1,2021-12-09 09:09:44
1639040985896409000,121.0,1,120.5,40,121.0,5,1,2021-12-09 09:09:45
1639040986129094000,121.0,2,120.5,40,121.0,4,1,2021-12-09 09:09:46
1639040986158026000,121.0,4,120.5,40,121.5,2,1,2021-12-09 09:09:46
1639040987001840000,120.5,2,120.5,38,121.5,2,2,2021-12-09 09:09:47
1639040991298991000,121.0,3,121.0,2,121.5,2,1,2021-12-09 09:09:51
1639041002153707000,121.5,2,121.0,8,121.5,5,1,2021-12-09 09:10:02
1639041004776969000,121.0,1,121.0,8,121.5,5,2,2021-12-09 09:10:04
1639041049586867000,121.0,1,121.0,22,121.5,5,2,2021-12-09 09:10:49
1639041049623519000,121.0,1,121.0,21,121.5,5,2,2021-12-09 09:10:49
1639041066803651000,121.5,5,121.5,1,122.0,15,1,2021-12-09 09:11:06
1639041066830040000,121.5,1,121.0,22,122.0,14,2,2021-12-09 09:11:06
1639041076247710000,121.5,1,121.0,5,122.0,14,2,2021-12-09 09:11:16
1639041076247710000,121.0,19,121.0,5,122.0,14,2,2021-12-09 09:11:16
1639041094187613000,121.0,1,121.0,8,121.5,1,2,2021-12-09 09:11:34
1639041094674689000,121.5,1,121.0,7,122.0,13,1,2021-12-09 09:11:34
1639041104448960000,121.5,2,121.0,7,122.0,13,2,2021-12-09 09:11:44
1639041108711803000,121.0,2,121.0,6,122.0,13,2,2021-12-09 09:11:48
1639041112417148000,121.0,1,121.0,4,122.0,14,2,2021-12-09 09:11:52
1639041116945506000,121.0,5,121.0,1,122.0,14,2,2021-12-09 09:11:56
1639041128905576000,121.0,1,120.5,36,121.5,2,2,2021-12-09 09:12:08
1639041132900798000,121.0,1,121.0,3,121.5,2,2,2021-12-09 09:12:12
1639041135934128000,121.0,3,120.5,37,121.5,5,2,2021-12-09 09:12:15
1639041140078800000,121.0,1,120.5,37,121.0,1,2,2021-12-09 09:12:20
1639041146062319000,121.0,1,121.0,2,121.5,9,1,2021-12-09 09:12:26
1639041146092449000,121.0,2,120.5,35,121.5,9,2,2021-12-09 09:12:26
1639041147834908000,120.5,2,120.5,33,121.5,9,2,2021-12-09 09:12:27
1639041165920430000,121.0,1,120.5,32,121.0,2,1,2021-12-09 09:12:45
1639041167598842000,121.0,2,120.5,32,121.5,3,1,2021-12-09 09:12:47
1639041167598842000,121.5,6,120.5,32,121.5,3,1,2021-12-09 09:12:47
1639041169806167000,120.5,1,120.5,34,121.5,3,2,2021-12-09 09:12:49
1639041172080438000,121.0,5,120.5,28,121.5,3,1,2021-12-09 09:12:52
1639041184869509000,121.0,1,121.0,4,121.5,3,2,2021-12-09 09:13:04
1639041202940468000,121.0,8,121.0,1,121.5,6,2,2021-12-09 09:13:22
1639041202973216000,121.0,1,120.5,28,121.5,6,2,2021-12-09 09:13:22
1639041226468931000,121.5,1,120.5,28,121.5,7,1,2021-12-09 09:13:46
1639041233249175000,121.5,1,120.5,33,121.5,5,1,2021-12-09 09:13:53
1639041233604103000,121.5,1,120.5,33,121.5,4,1,2021-12-09 09:13:53
1639041238197666000,121.5,1,120.5,33,121.5,3,1,2021-12-09 09:13:58
1639041247093197000,121.0,1,121.0,1,121.5,3,2,2021-12-09 09:14:07
1639041254301682000,121.0,1,120.5,30,121.5,4,2,2021-12-09 09:14:14
1639041276637726000,121.0,1,120.5,30,121.5,4,1,2021-12-09 09:14:36
1639041308814774000,121.0,1,120.5,36,121.5,9,1,2021-12-09 09:15:08
1639041315414488000,121.5,1,120.5,36,121.5,8,1,2021-12-09 09:15:15
1639041339767485000,120.5,1,120.5,38,121.5,8,2,2021-12-09 09:15:39
1639041355930777000,121.0,2,120.5,40,121.5,9,1,2021-12-09 09:15:55
1639041378852797000,121.5,1,121.0,1,121.5,8,1,2021-12-09 09:16:18
1639041396214538000,121.5,1,121.0,6,121.5,7,1,2021-12-09 09:16:36
1639041405977732000,121.5,1,121.0,9,121.5,6,1,2021-12-09 09:16:45
1639041418672884000,121.0,1,121.0,8,121.5,8,2,2021-12-09 09:16:58
1639041423304663000,121.0,1,121.0,7,121.5,7,2,2021-12-09 09:17:03
1639041425233895000,121.0,5,121.0,2,121.5,7,2,2021-12-09 09:17:05
1639041425267737000,121.0,2,120.5,42,121.5,7,2,2021-12-09 09:17:05
1639041425658897000,120.5,1,120.5,41,121.5,7,2,2021-12-09 09:17:05
1639041430706010000,121.0,1,120.5,42,121.5,10,1,2021-12-09 09:17:10
1639041435984271000,121.5,1,120.5,42,121.5,9,1,2021-12-09 09:17:15
1639041436774313000,120.5,1,120.5,41,121.5,8,2,2021-12-09 09:17:16
1639041440302816000,120.5,10,120.5,31,121.5,8,2,2021-12-09 09:17:20
1639041443129671000,121.0,1,120.5,31,121.5,8,1,2021-12-09 09:17:23
1639041444916143000,121.5,4,120.5,31,121.5,5,1,2021-12-09 09:17:24
1639041466289992000,121.5,4,121.5,1,122.0,33,1,2021-12-09 09:17:46
1639041466328117000,121.5,1,120.5,47,122.0,33,2,2021-12-09 09:17:46
1639041481160864000,121.5,3,121.5,7,122.0,31,2,2021-12-09 09:18:01
1639041484915131000,122.0,5,121.5,7,122.0,26,1,2021-12-09 09:18:04
1639041485144805000,122.0,4,121.5,7,122.0,22,1,2021-12-09 09:18:05
1639041496268695000,122.0,16,121.5,8,122.0,6,1,2021-12-09 09:18:16
1639041496295000000,122.0,6,121.5,8,122.5,21,1,2021-12-09 09:18:16
1639041556721169000,122.0,3,122.0,8,122.5,11,2,2021-12-09 09:19:16
1639041563992159000,122.0,1,122.0,7,122.5,11,2,2021-12-09 09:19:23
1639041564091734000,122.5,1,122.0,6,122.5,10,1,2021-12-09 09:19:24
1639041587359237000,122.0,1,122.0,6,122.5,10,2,2021-12-09 09:19:47
1639041629100392000,122.0,1,122.0,6,122.5,15,2,2021-12-09 09:20:29
1639041647425491000,122.0,3,122.0,3,122.5,15,2,2021-12-09 09:20:47
1639041649304856000,122.0,1,122.0,2,122.5,15,2,2021-12-09 09:20:49
1639041654680968000,122.0,1,122.0,1,122.5,15,2,2021-12-09 09:20:54
1639041659982271000,122.5,1,122.0,1,122.5,14,1,2021-12-09 09:20:59
1639041661192465000,122.0,1,121.5,12,122.0,2,2,2021-12-09 09:21:01
1639041666751917000,122.0,1,121.5,11,122.0,2,1,2021-12-09 09:21:06
1639041668596261000,122.0,1,121.5,9,122.0,1,1,2021-12-09 09:21:08
1639041671002747000,122.0,1,121.5,10,122.5,14,1,2021-12-09 09:21:11
1639041710205525000,122.0,1,121.5,15,122.0,3,1,2021-12-09 09:21:50
1639041743574547000,122.0,1,121.5,11,122.0,14,1,2021-12-09 09:22:23
1639041753676573000,121.5,3,121.5,8,122.0,14,2,2021-12-09 09:22:33
1639041766372695000,121.5,1,121.5,7,122.0,13,2,2021-12-09 09:22:46
1639041768477784000,121.5,1,121.5,6,122.0,13,2,2021-12-09 09:22:48
1639041774926567000,121.5,2,121.5,4,122.0,15,2,2021-12-09 09:22:54
1639041793504871000,121.5,5,121.0,24,122.0,13,2,2021-12-09 09:23:13
1639041793504871000,121.0,5,121.0,24,122.0,13,2,2021-12-09 09:23:13
1639041806929216000,121.5,1,121.5,1,122.0,14,1,2021-12-09 09:23:26
1639041807671887000,121.5,1,121.0,24,122.0,14,2,2021-12-09 09:23:27
1639041811214165000,121.5,6,121.0,30,122.0,14,1,2021-12-09 09:23:31
1639041825962042000,121.0,1,121.0,30,122.0,13,2,2021-12-09 09:23:45
1639041837066756000,121.5,1,121.0,29,122.0,14,1,2021-12-09 09:23:57
1639041837825246000,121.5,3,121.0,29,121.5,3,1,2021-12-09 09:23:57
1639041839949358000,121.5,3,121.0,29,122.0,14,1,2021-12-09 09:23:59
1639041843489343000,122.0,1,121.0,29,122.0,13,1,2021-12-09 09:24:03
1639041849965716000,122.0,1,121.0,32,122.0,11,1,2021-12-09 09:24:09
1639041852035291000,122.0,1,121.0,33,122.0,10,1,2021-12-09 09:24:12
1639041852307042000,122.0,9,121.5,3,122.0,1,1,2021-12-09 09:24:12
1639041852336303000,122.0,1,121.5,3,122.5,11,1,2021-12-09 09:24:12
1639041893727272000,121.5,9,121.0,25,122.0,5,2,2021-12-09 09:24:53
1639041893727272000,121.0,1,121.0,25,122.0,5,2,2021-12-09 09:24:53
1639041911836261000,121.5,1,121.0,28,122.0,5,1,2021-12-09 09:25:11
1639041931220218000,121.5,1,121.5,1,122.0,5,1,2021-12-09 09:25:31
1639041934404800000,121.5,1,121.0,24,122.0,5,2,2021-12-09 09:25:34
1639041934404800000,121.0,9,121.0,24,122.0,5,2,2021-12-09 09:25:34
1639041934940509000,122.0,2,121.0,24,122.0,3,1,2021-12-09 09:25:34
1639041949419492000,122.0,1,121.0,23,122.0,3,1,2021-12-09 09:25:49
1639041966691414000,122.0,1,121.0,23,122.0,2,1,2021-12-09 09:26:06
1639041982751085000,121.0,10,121.0,14,122.0,2,2,2021-12-09 09:26:22
1639041998821775000,121.0,1,121.0,5,121.5,5,2,2021-12-09 09:26:38
1639042019911713000,121.0,1,121.0,7,121.5,5,2,2021-12-09 09:26:59
1639042050595439000,121.0,1,121.0,5,121.5,5,2,2021-12-09 09:27:30
1639042051695039000,121.0,1,121.0,4,121.5,5,2,2021-12-09 09:27:31
1639042053203063000,121.5,1,121.0,4,121.5,5,1,2021-12-09 09:27:33
1639042055615497000,121.0,1,121.0,3,121.5,5,2,2021-12-09 09:27:35
1639042058980449000,121.0,3,120.5,44,121.5,6,2,2021-12-09 09:27:38
1639042061203024000,121.5,1,120.5,43,121.5,6,1,2021-12-09 09:27:41
1639042069702871000,121.0,2,121.0,3,121.5,7,2,2021-12-09 09:27:49
1639042078814657000,121.0,1,121.0,3,121.5,14,2,2021-12-09 09:27:58
1639042091199277000,121.0,2,121.0,1,121.5,14,2,2021-12-09 09:28:11
1639042091233090000,121.0,1,120.5,48,121.5,14,2,2021-12-09 09:28:11
1639042098031852000,121.5,1,120.5,48,121.5,13,1,2021-12-09 09:28:18
1639042106589015000,121.5,1,121.0,1,121.5,12,1,2021-12-09 09:28:26
1639042131458516000,121.0,1,120.5,48,121.5,13,2,2021-12-09 09:28:51
1639042169319315000,121.0,1,120.5,48,121.0,4,1,2021-12-09 09:29:29
1639042175573823000,121.0,1,120.5,48,121.0,3,1,2021-12-09 09:29:35
1639042187921465000,121.0,1,120.5,47,121.0,3,1,2021-12-09 09:29:47
1639042188559690000,121.0,1,120.5,47,121.0,2,1,2021-12-09 09:29:48
1639042189813144000,121.0,1,120.5,47,121.0,1,1,2021-12-09 09:29:49
1639042194207367000,121.0,1,120.5,47,121.5,14,1,2021-12-09 09:29:54
1639042194207367000,121.5,1,120.5,47,121.5,14,1,2021-12-09 09:29:54
1639042204044177000,121.0,2,120.5,48,121.5,14,2,2021-12-09 09:30:04
1639042204384066000,120.5,1,120.5,47,121.5,14,2,2021-12-09 09:30:04
1639042221350191000,121.0,1,120.5,46,121.5,16,1,2021-12-09 09:30:21
1639042248052276000,120.5,1,120.5,45,121.5,17,2,2021-12-09 09:30:48
1639042248876627000,121.0,1,120.5,45,121.5,17,1,2021-12-09 09:30:48
1639042249281820000,121.0,6,120.5,41,121.5,16,2,2021-12-09 09:30:49
1639042272635773000,120.5,41,120.0,63,121.0,9,2,2021-12-09 09:31:12
1639042293005114000,120.0,5,120.0,63,120.5,12,2,2021-12-09 09:31:33
1639042293040031000,120.0,1,120.0,62,120.5,12,2,2021-12-09 09:31:33
1639042293041125000,120.0,1,120.0,61,120.5,12,2,2021-12-09 09:31:33
1639042293086293000,120.0,1,120.0,60,120.5,12,2,2021-12-09 09:31:33
1639042294015897000,120.0,1,120.0,59,120.5,12,2,2021-12-09 09:31:34
1639042299992226000,120.0,1,120.0,58,120.5,13,2,2021-12-09 09:31:39
1639042308460944000,120.0,5,120.0,47,120.5,14,2,2021-12-09 09:31:48
1639042308493593000,120.0,6,120.0,36,120.5,14,2,2021-12-09 09:31:48
1639042308493627000,120.0,5,120.0,36,120.5,14,2,2021-12-09 09:31:48
1639042308524451000,120.0,2,120.0,34,120.5,14,2,2021-12-09 09:31:48
1639042308989050000,120.0,34,119.5,14,120.0,24,2,2021-12-09 09:31:48
1639042317364582000,119.5,3,119.5,11,120.0,27,2,2021-12-09 09:31:57
1639042317397880000,119.5,1,119.5,10,120.0,27,2,2021-12-09 09:31:57
1639042318048459000,119.5,1,119.5,9,120.0,27,2,2021-12-09 09:31:58
1639042319079536000,119.5,1,119.5,8,120.0,27,2,2021-12-09 09:31:59
1639042319781766000,119.5,2,119.5,6,120.0,27,2,2021-12-09 09:31:59
1639042322510226000,119.5,5,119.5,1,120.0,28,2,2021-12-09 09:32:02
1639042322540363000,119.5,1,119.0,33,120.0,28,2,2021-12-09 09:32:02
1639042325639044000,119.0,1,119.0,32,119.5,3,2,2021-12-09 09:32:05
1639042326441903000,119.0,1,119.0,31,119.5,3,2,2021-12-09 09:32:06
1639042327116890000,119.5,2,119.0,31,119.5,1,1,2021-12-09 09:32:07
1639042327329818000,119.0,6,119.0,25,119.5,1,2,2021-12-09 09:32:07
1639042329034668000,119.5,1,119.0,25,119.5,1,1,2021-12-09 09:32:09
1639042330859187000,119.0,2,119.0,23,119.5,1,2,2021-12-09 09:32:10
1639042332805067000,119.0,4,119.0,19,119.5,1,2,2021-12-09 09:32:12
1639042333902657000,119.5,1,119.0,19,119.5,2,1,2021-12-09 09:32:13
1639042337665859000,119.0,1,119.0,20,119.5,4,2,2021-12-09 09:32:17
1639042342973017000,119.5,1,119.0,18,119.5,4,1,2021-12-09 09:32:22
1639042343236864000,119.5,1,119.0,20,119.5,3,1,2021-12-09 09:32:23
1639042343978433000,119.0,1,119.0,19,119.5,3,2,2021-12-09 09:32:23
1639042345124131000,119.5,1,119.0,17,119.5,2,1,2021-12-09 09:32:25
1639042346509280000,119.0,1,119.0,16,119.5,2,2,2021-12-09 09:32:26
1639042353374763000,119.5,3,119.5,1,120.0,38,1,2021-12-09 09:32:33
1639042353397800000,119.5,1,119.0,17,120.0,38,2,2021-12-09 09:32:33
1639042354036227000,119.5,1,119.0,17,120.0,37,1,2021-12-09 09:32:34
1639042356701556000,119.5,1,119.0,18,120.0,37,2,2021-12-09 09:32:36
1639042361738307000,119.0,1,119.0,20,120.0,37,2,2021-12-09 09:32:41
1639042373824114000,119.0,15,119.0,7,119.5,4,2,2021-12-09 09:32:53
1639042375734446000,119.5,4,119.5,1,120.0,37,1,2021-12-09 09:32:55
1639042376017004000,119.5,1,119.0,9,120.0,37,2,2021-12-09 09:32:56
1639042376309636000,119.0,1,119.0,8,120.0,37,2,2021-12-09 09:32:56
1639042376494297000,119.5,1,119.0,7,120.0,37,1,2021-12-09 09:32:56
1639042390550491000,119.0,1,119.0,5,119.5,1,2,2021-12-09 09:33:10
1639042399381338000,119.0,1,119.0,4,119.5,3,2,2021-12-09 09:33:19
1639042403600683000,119.0,1,119.0,5,119.5,3,2,2021-12-09 09:33:23
1639042406641234000,119.0,2,119.0,4,119.5,1,2,2021-12-09 09:33:26
1639042411785951000,119.0,5,118.5,23,119.0,5,2,2021-12-09 09:33:31
1639042411814861000,119.0,5,118.5,23,119.5,2,1,2021-12-09 09:33:31
1639042423965203000,119.0,2,119.0,2,119.5,6,2,2021-12-09 09:33:43
1639042428781193000,119.0,1,119.0,3,119.5,6,2,2021-12-09 09:33:48
1639042432058076000,119.0,1,119.0,2,119.5,7,2,2021-12-09 09:33:52
1639042441341188000,119.0,3,119.0,2,119.5,8,2,2021-12-09 09:34:01
1639042445113309000,119.0,1,119.0,1,119.5,8,2,2021-12-09 09:34:05
1639042445573637000,119.0,1,118.5,26,119.5,8,2,2021-12-09 09:34:05
1639042445643157000,119.0,1,118.5,25,119.5,8,1,2021-12-09 09:34:05
1639042454013246000,119.0,2,118.5,23,119.0,6,1,2021-12-09 09:34:14
1639042460862135000,118.5,1,118.5,24,119.0,7,2,2021-12-09 09:34:20
1639042466915098000,118.5,1,118.5,21,119.0,6,2,2021-12-09 09:34:26
1639042470656999000,119.0,1,118.5,21,119.0,5,1,2021-12-09 09:34:30
1639042474578958000,118.5,5,118.5,16,119.0,6,2,2021-12-09 09:34:34
1639042475829714000,119.0,1,118.5,16,119.0,5,1,2021-12-09 09:34:35
1639042484848902000,119.0,1,118.5,17,119.0,6,1,2021-12-09 09:34:44
1639042488092257000,119.0,1,118.5,19,119.0,5,1,2021-12-09 09:34:48
1639042491646089000,119.0,1,118.5,19,119.0,4,1,2021-12-09 09:34:51
1639042491679342000,119.0,4,118.5,19,119.5,13,1,2021-12-09 09:34:51
1639042493420814000,119.0,1,118.5,19,119.5,14,2,2021-12-09 09:34:53
1639042498508121000,119.0,1,119.0,1,119.5,14,2,2021-12-09 09:34:58
1639042504205609000,119.0,1,118.5,20,119.5,13,2,2021-12-09 09:35:04
1639042509940010000,119.0,1,119.0,1,119.5,13,2,2021-12-09 09:35:09
1639042512221902000,119.0,1,118.5,26,119.5,13,2,2021-12-09 09:35:12
1639042517957634000,119.0,2,119.0,1,119.5,13,2,2021-12-09 09:35:17
1639042518329078000,119.0,1,118.5,27,119.0,2,2,2021-12-09 09:35:18
1639042518787032000,119.0,1,118.5,26,119.0,1,1,2021-12-09 09:35:18
1639042518810079000,119.0,1,118.5,26,119.5,13,1,2021-12-09 09:35:18
1639042527069558000,119.0,1,119.0,4,119.5,13,2,2021-12-09 09:35:27
1639042528378263000,119.0,5,118.5,27,119.5,15,2,2021-12-09 09:35:28
1639042529142229000,118.5,1,118.5,25,119.5,15,2,2021-12-09 09:35:29
1639042537128289000,119.0,1,118.5,25,119.5,16,1,2021-12-09 09:35:37
1639042541688374000,119.0,1,118.5,28,119.5,16,2,2021-12-09 09:35:41
1639042541688374000,118.5,1,118.5,28,119.5,16,2,2021-12-09 09:35:41
1639042542601604000,119.0,1,118.5,27,119.5,16,1,2021-12-09 09:35:42
1639042564144754000,119.0,1,119.0,4,119.5,20,2,2021-12-09 09:36:04
1639042567186909000,119.0,1,119.0,4,119.5,21,2,2021-12-09 09:36:07
1639042569684337000,119.0,2,119.0,3,119.5,21,2,2021-12-09 09:36:09
1639042577358220000,119.0,1,119.0,3,119.5,21,2,2021-12-09 09:36:17
1639042578574677000,119.0,1,119.0,2,119.5,21,2,2021-12-09 09:36:18
1639042622523558000,119.5,1,119.0,15,119.5,17,1,2021-12-09 09:37:02
1639042622556017000,119.5,17,119.0,15,120.0,40,1,2021-12-09 09:37:02
1639042625363678000,119.0,1,119.0,17,120.0,41,2,2021-12-09 09:37:05
1639042641371997000,119.5,1,119.0,21,120.0,41,1,2021-12-09 09:37:21
1639042643348788000,119.0,1,119.0,21,120.0,41,2,2021-12-09 09:37:23
1639042704862716000,119.5,2,119.5,1,120.0,38,1,2021-12-09 09:38:24
1639042707336349000,119.5,1,119.0,31,120.0,38,2,2021-12-09 09:38:27
1639042709872247000,119.5,2,119.0,33,120.0,38,2,2021-12-09 09:38:29
1639042717737037000,120.0,1,119.5,6,120.0,37,1,2021-12-09 09:38:37
1639042723402564000,120.0,1,119.5,9,120.0,37,1,2021-12-09 09:38:43
1639042738622452000,120.0,1,119.5,12,120.0,37,1,2021-12-09 09:38:58
1639042773852353000,120.0,1,119.5,15,120.0,36,1,2021-12-09 09:39:33
1639042784394870000,120.0,1,119.5,15,120.0,35,1,2021-12-09 09:39:44
1639042806696941000,119.5,1,119.5,16,120.0,34,2,2021-12-09 09:40:06
1639042833851858000,119.5,1,119.5,14,120.0,35,2,2021-12-09 09:40:33
1639042905655915000,119.5,1,119.5,13,120.0,34,2,2021-12-09 09:41:45
1639042914449949000,119.5,5,119.5,8,120.0,34,2,2021-12-09 09:41:54
1639042914477526000,119.5,8,119.0,31,120.0,34,2,2021-12-09 09:41:54
1639042926736142000,119.5,1,119.0,29,120.0,34,2,2021-12-09 09:42:06
1639042945252901000,119.5,1,119.0,28,120.0,35,1,2021-12-09 09:42:25
1639042951919624000,119.5,1,119.5,4,120.0,35,2,2021-12-09 09:42:31
1639042954158340000,119.5,1,119.5,1,120.0,34,2,2021-12-09 09:42:34
1639042965392037000,119.5,1,119.5,2,120.0,34,2,2021-12-09 09:42:45
1639042978320010000,119.0,1,119.0,30,120.0,34,2,2021-12-09 09:42:58
1639043009117852000,119.0,1,119.0,26,119.5,2,2,2021-12-09 09:43:29
1639043019360805000,119.5,1,119.0,28,119.5,1,1,2021-12-09 09:43:39
1639043039767205000,119.5,1,119.0,29,119.5,2,1,2021-12-09 09:43:59
1639043062602029000,119.0,1,119.0,28,119.5,3,2,2021-12-09 09:44:22
1639043068048060000,119.5,1,119.0,28,119.5,2,1,2021-12-09 09:44:28
1639043109839880000,119.5,1,119.0,28,119.5,2,1,2021-12-09 09:45:09
1639043132731191000,119.5,1,119.0,29,119.5,1,1,2021-12-09 09:45:32
1639043136226929000,119.5,1,119.0,29,120.0,34,1,2021-12-09 09:45:36
1639043165759840000,119.5,1,119.5,1,120.0,34,2,2021-12-09 09:46:05
1639043241372296000,119.5,1,119.0,33,120.0,34,1,2021-12-09 09:47:21
1639043287059004000,119.5,1,119.5,6,120.0,33,2,2021-12-09 09:48:07
1639043317080697000,119.5,9,119.5,2,120.0,33,2,2021-12-09 09:48:37
1639043323260540000,119.5,2,119.0,28,119.5,8,2,2021-12-09 09:48:43
1639043361346995000,119.0,25,119.0,3,119.5,11,2,2021-12-09 09:49:21
1639043361372814000,119.0,3,118.5,26,119.5,11,2,2021-12-09 09:49:21
1639043375648375000,119.0,2,118.5,32,119.5,13,1,2021-12-09 09:49:35
1639043391882980000,119.0,1,118.5,34,119.5,13,1,2021-12-09 09:49:51
1639043400038372000,119.0,1,118.5,31,119.5,13,2,2021-12-09 09:50:00
1639043400038372000,118.5,2,118.5,31,119.5,13,2,2021-12-09 09:50:00
1639043410960910000,119.0,5,118.5,30,119.5,13,1,2021-12-09 09:50:10
1639043417990394000,119.0,8,118.5,32,119.5,5,1,2021-12-09 09:50:17
1639043432853571000,119.0,5,119.0,1,119.5,10,2,2021-12-09 09:50:32
1639043443193369000,119.0,1,118.5,32,119.5,10,2,2021-12-09 09:50:43
1639043454887332000,119.0,1,119.0,1,119.5,10,2,2021-12-09 09:50:54
1639043504012686000,119.0,1,119.0,4,119.5,10,2,2021-12-09 09:51:44
1639043509008391000,119.0,1,119.0,3,119.5,10,2,2021-12-09 09:51:49
1639043509747367000,119.0,1,119.0,2,119.5,10,2,2021-12-09 09:51:49
1639043539797585000,119.0,1,119.0,1,119.5,10,2,2021-12-09 09:52:19
1639043574020053000,119.0,5,118.5,34,119.5,10,2,2021-12-09 09:52:54
1639043580203994000,119.0,1,118.5,33,119.5,11,1,2021-12-09 09:53:00
1639043590706388000,118.5,2,118.5,38,119.5,10,2,2021-12-09 09:53:10
1639043594177151000,119.0,1,118.5,37,119.5,10,1,2021-12-09 09:53:14
1639043607125788000,118.5,1,118.5,34,119.5,10,2,2021-12-09 09:53:27
1639043609825210000,118.5,16,118.5,18,119.5,10,2,2021-12-09 09:53:29
1639043611958841000,118.5,3,118.5,9,119.0,10,2,2021-12-09 09:53:31
1639043614605986000,118.5,1,118.5,8,119.0,10,2,2021-12-09 09:53:34
1639043614789463000,119.0,1,118.5,8,119.0,9,1,2021-12-09 09:53:34
1639043617973734000,119.0,1,118.5,8,119.0,8,1,2021-12-09 09:53:37
1639043622156972000,119.0,1,118.5,8,119.0,7,1,2021-12-09 09:53:42
1639043625858355000,119.0,1,118.5,8,119.0,6,1,2021-12-09 09:53:45
1639043632123684000,118.5,2,118.5,7,119.0,6,2,2021-12-09 09:53:52
1639043637390310000,119.0,1,118.5,7,119.0,5,1,2021-12-09 09:53:57
1639043670894667000,118.5,10,118.5,2,119.0,12,2,2021-12-09 09:54:30
1639043696637358000,118.5,6,118.5,4,119.0,14,2,2021-12-09 09:54:56
1639043698595932000,118.5,1,118.5,3,119.0,14,2,2021-12-09 09:54:58
1639043703630165000,119.0,2,118.5,5,119.0,12,1,2021-12-09 09:55:03
1639043725152958000,118.5,2,118.5,5,119.0,13,2,2021-12-09 09:55:25
1639043738789087000,118.5,1,118.5,5,119.0,15,2,2021-12-09 09:55:38
1639043745922893000,118.5,1,118.5,5,119.0,16,2,2021-12-09 09:55:45
1639043747557015000,119.0,10,118.5,5,119.0,6,1,2021-12-09 09:55:47
1639043747817403000,118.5,1,118.5,5,119.0,6,2,2021-12-09 09:55:47
1639043807726253000,119.0,7,119.0,5,119.5,16,1,2021-12-09 09:56:47
1639043808763562000,119.0,1,119.0,4,119.5,15,2,2021-12-09 09:56:48
1639043814812867000,119.0,2,119.0,4,119.5,15,2,2021-12-09 09:56:54
1639043815938221000,119.0,4,118.5,38,119.5,15,2,2021-12-09 09:56:55
1639043815938221000,118.5,1,118.5,38,119.5,15,2,2021-12-09 09:56:55
1639043822439583000,118.5,2,118.5,40,119.5,15,2,2021-12-09 09:57:02
1639043823109590000,119.5,1,118.5,40,119.5,14,1,2021-12-09 09:57:03
1639043835447692000,118.5,1,118.5,39,119.5,14,2,2021-12-09 09:57:15
1639043859939875000,119.0,2,119.0,5,119.5,11,1,2021-12-09 09:57:39
1639043871787859000,119.0,5,118.5,37,119.5,11,2,2021-12-09 09:57:51
1639043880676646000,119.0,1,119.0,12,119.5,11,2,2021-12-09 09:58:00
1639043890307888000,119.0,4,119.0,6,119.5,11,2,2021-12-09 09:58:10
1639043896909622000,119.0,6,118.5,39,119.0,2,2,2021-12-09 09:58:16
1639043909220791000,119.0,1,118.5,40,119.0,1,1,2021-12-09 09:58:29
1639043909255475000,119.0,1,118.5,40,119.5,11,1,2021-12-09 09:58:29
1639043926847129000,119.5,2,119.0,3,119.5,9,1,2021-12-09 09:58:46
1639043982556781000,119.0,1,119.0,12,119.5,14,2,2021-12-09 09:59:42
1639043986528540000,119.0,5,119.0,7,119.5,14,2,2021-12-09 09:59:46
1639043993588745000,119.5,1,119.0,4,119.5,14,1,2021-12-09 09:59:53
1639044000516755000,119.0,1,119.0,5,119.5,14,2,2021-12-09 10:00:00
1639044026329423000,119.0,6,119.0,2,119.5,14,2,2021-12-09 10:00:26
1639044028411501000,119.0,2,118.5,38,119.0,1,2,2021-12-09 10:00:28
1639044031013189000,119.0,1,118.5,41,119.5,14,1,2021-12-09 10:00:31
1639044039386319000,118.5,1,118.5,40,119.5,14,2,2021-12-09 10:00:39
1639044055328291000,119.0,1,119.0,1,119.5,15,1,2021-12-09 10:00:55
1639044061100524000,119.0,1,118.5,36,119.0,1,2,2021-12-09 10:01:01
1639044066279494000,119.0,1,118.5,36,119.0,1,1,2021-12-09 10:01:06
1639044067068128000,119.0,1,118.5,36,119.5,15,1,2021-12-09 10:01:07
1639044087340295000,119.0,1,118.5,42,119.0,5,1,2021-12-09 10:01:27
1639044107534984000,119.0,1,118.5,42,119.0,4,1,2021-12-09 10:01:47
1639044111133170000,119.0,4,118.5,42,119.5,15,1,2021-12-09 10:01:51
1639044148349847000,119.5,1,119.0,3,119.5,13,1,2021-12-09 10:02:28
1639044177045453000,119.0,1,119.0,4,119.5,14,2,2021-12-09 10:02:57
1639044198868285000,119.5,1,119.0,6,119.5,13,1,2021-12-09 10:03:18
1639044276452010000,119.5,1,119.0,8,119.5,14,1,2021-12-09 10:04:36
1639044300822148000,119.5,1,119.0,12,119.5,16,1,2021-12-09 10:05:00
1639044316114937000,119.5,5,119.0,12,119.5,10,1,2021-12-09 10:05:16
1639044355749739000,119.5,1,119.0,12,119.5,9,1,2021-12-09 10:05:55
1639044356555632000,119.5,1,119.0,12,119.5,8,1,2021-12-09 10:05:56
1639044377178039000,119.5,1,119.0,15,119.5,8,1,2021-12-09 10:06:17
1639044381375210000,119.5,8,119.0,17,120.0,31,1,2021-12-09 10:06:21
1639044404526636000,119.5,1,119.5,1,120.0,28,2,2021-12-09 10:06:44
1639044474854501000,119.5,1,119.5,1,120.0,27,2,2021-12-09 10:07:54
1639044485268250000,119.5,2,119.5,1,120.0,27,2,2021-12-09 10:08:05
1639044533616478000,119.5,1,119.5,1,120.0,28,2,2021-12-09 10:08:53
1639044533928043000,119.5,1,119.0,31,119.5,1,2,2021-12-09 10:08:53
1639044533945912000,119.5,1,119.0,31,120.0,28,1,2021-12-09 10:08:53
1639044612555804000,119.5,1,119.0,32,120.0,27,1,2021-12-09 10:10:12
1639044649160086000,119.5,2,119.5,3,120.0,29,1,2021-12-09 10:10:49
1639044686416283000,120.0,3,119.5,3,120.0,27,1,2021-12-09 10:11:26
1639044739625683000,120.0,1,119.5,3,120.0,25,1,2021-12-09 10:12:19
1639044744243974000,120.0,4,119.5,3,120.0,21,1,2021-12-09 10:12:24
1639044748514996000,120.0,1,119.5,4,120.0,21,1,2021-12-09 10:12:28
1639044752216993000,120.0,1,119.5,4,120.0,20,1,2021-12-09 10:12:32
1639044775806098000,120.0,2,119.5,10,120.0,18,1,2021-12-09 10:12:55
1639044787383211000,120.0,2,119.5,12,120.0,16,1,2021-12-09 10:13:07
1639044820752261000,119.5,1,119.5,12,120.0,16,2,2021-12-09 10:13:40
1639044865772901000,119.5,1,119.5,9,120.0,17,2,2021-12-09 10:14:25
1639044875377667000,119.5,1,119.5,8,120.0,16,2,2021-12-09 10:14:35
1639044971901600000,119.5,1,119.5,8,120.0,17,2,2021-12-09 10:16:11
1639044981963189000,119.5,2,119.5,6,120.0,17,2,2021-12-09 10:16:21
1639044991016997000,119.5,4,119.5,2,120.0,17,2,2021-12-09 10:16:31
1639045002141266000,119.5,1,119.5,1,120.0,17,2,2021-12-09 10:16:42
1639045002847364000,119.5,1,119.0,40,120.0,17,2,2021-12-09 10:16:42
1639045105977313000,119.0,45,118.5,64,119.0,5,2,2021-12-09 10:18:25
1639045144513293000,119.0,1,118.5,60,119.0,5,1,2021-12-09 10:19:04
1639045150459172000,119.0,1,118.5,60,119.0,4,1,2021-12-09 10:19:10
1639045155137335000,119.0,1,118.5,60,119.0,3,1,2021-12-09 10:19:15
1639045157008646000,119.0,1,118.5,60,119.0,2,1,2021-12-09 10:19:17
1639045157156058000,119.0,1,118.5,60,119.0,1,1,2021-12-09 10:19:17
1639045164409750000,119.0,1,118.5,60,119.5,14,1,2021-12-09 10:19:24
1639045209758441000,119.0,4,118.5,61,119.0,6,2,2021-12-09 10:20:09
1639045281872378000,119.0,5,118.5,61,119.0,7,1,2021-12-09 10:21:21
1639045296373557000,119.0,2,118.5,61,119.0,5,1,2021-12-09 10:21:36
1639045300576823000,119.0,2,118.5,61,119.0,3,1,2021-12-09 10:21:40
1639045308225247000,119.0,3,118.5,61,119.5,15,1,2021-12-09 10:21:48
1639045333535529000,119.0,1,119.0,6,119.5,14,2,2021-12-09 10:22:13
1639045401999364000,119.0,1,119.0,8,119.5,13,2,2021-12-09 10:23:21
1639045420046111000,119.0,1,119.0,7,119.5,14,2,2021-12-09 10:23:40
1639045420084180000,119.0,1,119.0,6,119.5,15,2,2021-12-09 10:23:40
1639045420105400000,119.0,6,118.5,59,119.5,15,2,2021-12-09 10:23:40
1639045457642943000,119.0,1,119.0,2,119.5,15,2,2021-12-09 10:24:17
1639045466680475000,119.0,1,119.0,1,119.5,15,2,2021-12-09 10:24:26
1639045467128624000,119.0,1,118.5,60,119.0,5,2,2021-12-09 10:24:27
1639045500685159000,119.0,1,118.5,63,119.0,4,1,2021-12-09 10:25:00
1639045567911511000,119.0,1,118.5,69,119.0,6,1,2021-12-09 10:26:07
1639045592480222000,119.0,6,119.0,4,119.5,22,1,2021-12-09 10:26:32
1639045604788129000,119.0,1,119.0,3,119.5,22,2,2021-12-09 10:26:44
1639045621612988000,119.0,4,118.5,68,119.5,22,2,2021-12-09 10:27:01
1639045634760828000,119.0,1,119.0,1,119.5,22,2,2021-12-09 10:27:14
1639045640462853000,119.0,1,118.5,69,119.5,23,2,2021-12-09 10:27:20
1639045679793658000,119.0,1,119.0,3,119.5,23,2,2021-12-09 10:27:59
1639045683501602000,119.0,1,119.0,2,119.5,23,2,2021-12-09 10:28:03
1639045691279349000,119.0,1,119.0,1,119.5,23,2,2021-12-09 10:28:11
1639045692571571000,119.0,1,118.5,70,119.5,23,2,2021-12-09 10:28:12
1639045877803513000,119.0,5,119.0,1,119.5,22,2,2021-12-09 10:31:17
1639045906344938000,119.0,1,118.5,81,119.5,22,2,2021-12-09 10:31:46
1639046051922519000,119.0,1,119.0,7,119.5,22,2,2021-12-09 10:34:11
1639046111061511000,119.0,1,119.0,7,119.5,22,2,2021-12-09 10:35:11
1639046241258579000,119.5,4,119.0,16,119.5,18,1,2021-12-09 10:37:21
1639046250268421000,119.5,1,119.0,16,119.5,14,1,2021-12-09 10:37:30
1639046283534511000,119.5,1,119.0,18,119.5,14,1,2021-12-09 10:38:03
1639046288610617000,119.5,4,119.0,18,119.5,10,1,2021-12-09 10:38:08
1639046319875248000,119.5,1,119.0,18,119.5,9,1,2021-12-09 10:38:39
1639046324187775000,119.5,9,119.5,1,120.0,26,1,2021-12-09 10:38:44
1639046492224064000,119.5,1,119.5,4,120.0,24,2,2021-12-09 10:41:32
1639046563951249000,119.5,1,119.5,5,120.0,26,2,2021-12-09 10:42:43
1639046600559589000,119.5,2,119.5,3,120.0,27,2,2021-12-09 10:43:20
1639046620915221000,119.5,3,119.0,20,119.5,2,2,2021-12-09 10:43:40
1639046839100393000,119.5,1,119.0,54,119.5,8,1,2021-12-09 10:47:19
1639046858014406000,119.5,1,119.0,54,119.5,7,1,2021-12-09 10:47:38
1639046899502851000,119.0,1,119.0,53,119.5,6,2,2021-12-09 10:48:19
1639046923409528000,119.0,5,119.0,48,119.5,6,2,2021-12-09 10:48:43
1639046988555432000,119.5,7,119.5,3,120.0,20,1,2021-12-09 10:49:48
1639047176799875000,120.0,11,119.5,5,120.0,8,1,2021-12-09 10:52:56
1639047185118318000,120.0,1,119.5,7,120.0,8,1,2021-12-09 10:53:05
1639047195121241000,120.0,1,119.5,6,120.0,7,1,2021-12-09 10:53:15
1639047197170683000,120.0,1,119.5,11,120.0,6,1,2021-12-09 10:53:17
1639047208287312000,120.0,6,120.0,67,120.5,21,1,2021-12-09 10:53:28
1639047208384953000,120.5,21,120.0,67,121.0,59,1,2021-12-09 10:53:28
1639047239538313000,120.5,1,120.0,4,120.5,1,1,2021-12-09 10:53:59
1639047252247231000,120.5,1,120.0,4,120.5,10,1,2021-12-09 10:54:12
1639047303676769000,120.5,1,120.0,7,120.5,11,1,2021-12-09 10:55:03
1639047312782059000,120.5,1,120.0,7,120.5,10,1,2021-12-09 10:55:12
1639047349990157000,120.5,1,120.0,7,120.5,9,1,2021-12-09 10:55:49
1639047354290090000,120.5,1,120.0,7,120.5,8,1,2021-12-09 10:55:54
1639047364400185000,120.5,1,120.0,7,120.5,7,1,2021-12-09 10:56:04
1639047366866635000,120.5,1,120.0,7,120.5,6,1,2021-12-09 10:56:06
1639047376564693000,120.5,1,120.0,7,120.5,5,1,2021-12-09 10:56:16
1639047415083565000,120.5,1,120.0,15,120.5,11,1,2021-12-09 10:56:55
1639047427556669000,120.5,1,120.0,15,120.5,10,1,2021-12-09 10:57:07
1639047473324755000,120.5,5,120.0,14,120.5,6,1,2021-12-09 10:57:53
1639047484368271000,120.5,1,120.0,14,120.5,6,1,2021-12-09 10:58:04
1639047508136436000,120.5,1,120.0,14,120.5,10,1,2021-12-09 10:58:28
1639047518231015000,120.5,1,120.0,14,120.5,9,1,2021-12-09 10:58:38
1639047552435928000,120.5,2,120.0,15,120.5,7,1,2021-12-09 10:59:12
1639047577899904000,120.5,1,120.0,15,120.5,6,1,2021-12-09 10:59:37
1639047595342514000,120.5,1,120.0,15,120.5,5,1,2021-12-09 10:59:55
1639047603671674000,120.0,2,120.0,14,120.5,5,2,2021-12-09 11:00:03
1639047631377264000,120.0,1,120.0,13,120.5,5,2,2021-12-09 11:00:31
1639047647767536000,120.5,2,120.0,15,120.5,3,1,2021-12-09 11:00:47
1639047669442472000,120.5,2,120.0,15,120.5,2,1,2021-12-09 11:01:09
1639047774755176000,120.0,1,120.0,14,120.5,5,2,2021-12-09 11:02:54
1639047837311945000,120.0,10,119.5,19,120.5,6,2,2021-12-09 11:03:57
1639047896303509000,120.0,1,120.0,2,120.5,9,2,2021-12-09 11:04:56
1639047897881362000,120.0,2,119.5,20,120.5,9,2,2021-12-09 11:04:57
1639047907593179000,120.0,1,119.5,20,120.5,9,2,2021-12-09 11:05:07
1639047965146680000,119.5,1,119.5,22,120.5,9,2,2021-12-09 11:06:05
1639048180767777000,120.0,1,119.5,18,120.5,12,1,2021-12-09 11:09:40
1639048198673929000,119.5,2,119.5,15,120.0,1,2,2021-12-09 11:09:58
1639048213107140000,120.0,1,119.5,16,120.5,14,1,2021-12-09 11:10:13
1639048328095017000,120.0,1,119.5,16,120.5,15,1,2021-12-09 11:12:08
1639048495737223000,120.0,1,119.5,17,120.5,14,2,2021-12-09 11:14:55
1639048575002098000,120.0,1,120.0,1,120.5,13,2,2021-12-09 11:16:15
1639048576283334000,120.0,1,119.5,17,120.0,1,2,2021-12-09 11:16:16
1639048594694040000,120.0,1,119.5,18,120.5,13,1,2021-12-09 11:16:34
1639048846423222000,120.0,1,120.0,9,120.5,16,2,2021-12-09 11:20:46
1639048904509336000,120.0,1,120.0,8,120.5,15,2,2021-12-09 11:21:44
1639048935302812000,120.0,7,120.0,1,120.5,14,2,2021-12-09 11:22:15
1639048938042967000,120.0,1,119.5,24,120.5,14,2,2021-12-09 11:22:18
1639048981847634000,120.0,1,119.5,23,120.0,4,2,2021-12-09 11:23:01
1639048990224903000,119.5,1,119.5,20,120.0,4,2,2021-12-09 11:23:10
1639049156865159000,119.5,1,119.5,20,120.0,15,2,2021-12-09 11:25:56
1639049202564323000,119.5,1,119.5,19,120.0,17,2,2021-12-09 11:26:42
1639049221091692000,119.5,1,119.5,19,120.0,18,2,2021-12-09 11:27:01
1639049265902589000,119.5,2,119.5,15,120.0,18,2,2021-12-09 11:27:45
1639049294714092000,119.5,4,119.5,11,120.0,18,2,2021-12-09 11:28:14
1639049301077756000,119.5,11,119.0,83,120.0,18,2,2021-12-09 11:28:21
1639049430357306000,119.5,1,119.0,85,119.5,1,1,2021-12-09 11:30:30
1639049538058956000,119.0,1,119.0,84,119.5,1,2,2021-12-09 11:32:18
1639049597391360000,119.0,3,119.0,81,119.5,2,2,2021-12-09 11:33:17
1639049624390363000,119.0,10,119.0,71,119.5,3,2,2021-12-09 11:33:44
1639049721899674000,119.0,1,119.0,70,119.5,7,2,2021-12-09 11:35:21
1639049730222956000,119.0,1,119.0,69,119.5,7,2,2021-12-09 11:35:30
1639049737105026000,119.5,3,119.0,66,119.5,4,1,2021-12-09 11:35:37
1639049804790466000,119.5,1,119.0,66,119.5,2,1,2021-12-09 11:36:44
1639049867769230000,119.5,1,119.0,73,119.5,1,1,2021-12-09 11:37:47
1639049889991063000,119.5,1,119.0,73,120.0,23,2,2021-12-09 11:38:09
1639049950143246000,119.5,3,119.0,71,120.0,12,2,2021-12-09 11:39:10
1639049965948227000,119.5,1,119.0,70,120.0,12,2,2021-12-09 11:39:25
1639050006349735000,119.5,1,119.5,4,120.0,13,2,2021-12-09 11:40:06
1639050006380725000,119.5,4,119.0,70,120.0,12,2,2021-12-09 11:40:06
1639050152423394000,119.5,1,119.0,71,120.0,12,1,2021-12-09 11:42:32
1639050283380344000,119.0,1,119.0,72,119.5,4,2,2021-12-09 11:44:43
1639050308253561000,119.5,1,119.0,72,119.5,3,1,2021-12-09 11:45:08
1639050315154037000,119.5,1,119.0,71,119.5,2,1,2021-12-09 11:45:15
1639050371721248000,119.5,1,119.0,70,119.5,1,1,2021-12-09 11:46:11
1639050464930502000,119.5,2,119.0,70,120.0,14,1,2021-12-09 11:47:44
1639050482705710000,119.5,1,119.0,70,120.0,11,2,2021-12-09 11:48:02
1639050891595420000,119.5,4,119.5,1,120.0,15,1,2021-12-09 11:54:51
1639050891622445000,119.5,1,119.0,72,120.0,15,2,2021-12-09 11:54:51
1639050895126163000,119.5,1,119.5,1,120.0,12,2,2021-12-09 11:54:55
1639050955545209000,119.5,1,119.0,71,120.0,12,2,2021-12-09 11:55:55
1639051003927704000,119.0,1,119.0,70,119.5,1,2,2021-12-09 11:56:43
1639051057576401000,119.0,1,119.0,69,119.5,5,2,2021-12-09 11:57:37
1639051058265459000,119.5,1,119.0,69,119.5,4,1,2021-12-09 11:57:38
1639051083242470000,119.0,1,119.0,69,119.5,3,2,2021-12-09 11:58:03
1639051123203594000,119.0,1,119.0,68,119.5,8,2,2021-12-09 11:58:43
1639051170886667000,119.5,1,119.0,68,119.5,8,1,2021-12-09 11:59:30
1639051305909329000,119.5,8,119.5,34,120.0,14,1,2021-12-09 12:01:45
1639051340667454000,120.0,10,119.5,40,120.0,3,1,2021-12-09 12:02:20
1639051343314451000,120.0,3,120.0,7,120.5,15,1,2021-12-09 12:02:23
1639051343944832000,120.0,1,120.0,6,120.5,15,2,2021-12-09 12:02:23
1639051344052588000,120.0,6,119.5,40,120.5,22,2,2021-12-09 12:02:24
1639051357679455000,120.0,1,119.5,39,120.5,25,2,2021-12-09 12:02:37
1639051432640055000,120.0,1,119.5,40,120.0,1,1,2021-12-09 12:03:52
1639051455311120000,120.0,1,119.5,40,120.5,27,1,2021-12-09 12:04:15
1639051484123375000,120.0,1,119.5,40,120.5,29,2,2021-12-09 12:04:44
1639051494928391000,120.0,1,120.0,4,120.5,28,1,2021-12-09 12:04:54
1639051494958420000,120.0,4,119.5,40,120.5,28,2,2021-12-09 12:04:54
1639051667844177000,120.0,5,120.0,6,120.5,26,2,2021-12-09 12:07:47
1639051672354652000,120.0,1,120.0,5,120.5,26,2,2021-12-09 12:07:52
1639051682814529000,120.0,1,120.0,4,120.5,26,2,2021-12-09 12:08:02
1639051752416714000,120.0,2,120.0,3,120.5,26,2,2021-12-09 12:09:12
1639051755185843000,120.0,1,120.0,2,120.5,26,2,2021-12-09 12:09:15
1639051802084591000,120.0,1,120.0,1,120.5,26,2,2021-12-09 12:10:02
1639052043998329000,120.0,5,120.0,8,120.5,27,2,2021-12-09 12:14:03
1639052053386338000,120.0,7,120.0,1,120.5,27,2,2021-12-09 12:14:13
1639052055944519000,120.0,1,119.5,42,120.5,27,2,2021-12-09 12:14:15
1639052114723010000,120.0,6,119.5,44,120.0,5,2,2021-12-09 12:15:14
1639052154607458000,120.0,3,119.5,44,120.0,3,1,2021-12-09 12:15:54
1639052176900653000,120.0,3,119.5,51,120.5,26,1,2021-12-09 12:16:16
1639052203667752000,120.0,1,119.5,51,120.0,6,1,2021-12-09 12:16:43
1639052264855131000,120.0,7,120.0,3,120.5,26,1,2021-12-09 12:17:44
1639052315944935000,120.0,1,120.0,10,120.5,25,2,2021-12-09 12:18:35
1639052338619654000,120.0,1,120.0,9,120.5,25,2,2021-12-09 12:18:58
1639052409609978000,120.0,1,120.0,8,120.5,25,2,2021-12-09 12:20:09
1639052496194013000,120.5,1,120.0,6,120.5,24,1,2021-12-09 12:21:36
1639052659183801000,120.5,5,120.0,8,120.5,22,1,2021-12-09 12:24:19
1639052674263186000,120.5,1,120.0,13,120.5,22,1,2021-12-09 12:24:34
1639052732940399000,120.5,1,120.0,13,120.5,21,1,2021-12-09 12:25:32
1639052797231595000,120.5,2,120.0,16,120.5,12,1,2021-12-09 12:26:37
1639052800221958000,120.5,1,120.0,17,120.5,11,1,2021-12-09 12:26:40
1639052800255438000,120.5,11,120.0,17,121.0,49,1,2021-12-09 12:26:40
1639052830119719000,120.5,4,120.5,6,121.0,49,2,2021-12-09 12:27:10
1639052831022415000,120.5,1,120.5,7,121.0,56,2,2021-12-09 12:27:11
1639052839673625000,120.5,7,120.0,16,120.5,2,2,2021-12-09 12:27:19
1639052890222442000,120.5,1,120.0,14,120.5,4,1,2021-12-09 12:28:10
1639052919437929000,120.5,1,120.0,13,120.5,3,1,2021-12-09 12:28:39
1639053043182103000,120.5,4,120.5,1,121.0,56,1,2021-12-09 12:30:43
1639053066302040000,120.5,1,120.0,14,121.0,56,2,2021-12-09 12:31:06
1639053119791431000,120.5,1,120.0,14,121.0,57,1,2021-12-09 12:31:59
1639053270367848000,120.0,2,120.0,14,120.5,4,2,2021-12-09 12:34:30
1639053316679246000,120.0,2,120.0,12,120.5,5,2,2021-12-09 12:35:16
1639053393840557000,120.0,2,120.0,9,120.5,18,2,2021-12-09 12:36:33
1639053403743644000,120.0,1,120.0,8,120.5,17,2,2021-12-09 12:36:43
1639053427591244000,120.0,8,119.5,60,120.5,21,2,2021-12-09 12:37:07
1639053521748183000,120.0,1,119.5,63,120.0,3,1,2021-12-09 12:38:41
1639053531843629000,120.0,1,119.5,63,120.0,2,1,2021-12-09 12:38:51
1639053549665373000,120.0,1,119.5,63,120.0,2,1,2021-12-09 12:39:09
1639053708113922000,119.5,1,119.5,62,120.0,1,2,2021-12-09 12:41:48
1639053837488230000,119.5,1,119.5,62,120.0,10,2,2021-12-09 12:43:57
1639053954153070000,119.5,2,119.5,61,120.0,19,2,2021-12-09 12:45:54
1639053959248949000,120.0,5,119.5,61,120.0,11,1,2021-12-09 12:45:59
1639053983303581000,119.5,2,119.5,60,120.0,10,2,2021-12-09 12:46:23
1639054014441160000,119.5,1,119.5,59,120.0,10,2,2021-12-09 12:46:54
1639054319111264000,120.0,5,119.5,59,120.0,9,1,2021-12-09 12:51:59
1639054322185331000,120.0,1,119.5,59,120.0,8,1,2021-12-09 12:52:02
1639054341127039000,120.0,1,119.5,59,120.0,7,1,2021-12-09 12:52:21
1639054409833614000,119.5,2,119.5,58,120.0,9,2,2021-12-09 12:53:29
1639054454913992000,120.0,2,119.5,59,120.0,9,1,2021-12-09 12:54:14
1639054489756373000,120.0,5,119.5,59,120.0,4,1,2021-12-09 12:54:49
1639054582481220000,120.0,1,119.5,60,120.0,7,1,2021-12-09 12:56:22
1639054590290024000,120.0,1,119.5,60,120.0,6,1,2021-12-09 12:56:30
1639054593964801000,120.0,1,119.5,60,120.0,5,1,2021-12-09 12:56:33
1639054598324102000,120.0,1,119.5,60,120.0,5,1,2021-12-09 12:56:38
1639054616635747000,120.0,2,119.5,60,120.0,3,1,2021-12-09 12:56:56
1639054616685169000,120.0,1,119.5,60,120.0,2,1,2021-12-09 12:56:56
1639054616745512000,120.0,2,119.5,60,120.5,37,1,2021-12-09 12:56:56
1639054660335668000,120.0,5,119.5,60,120.0,2,1,2021-12-09 12:57:40
1639054695213117000,120.0,1,119.5,60,120.0,1,1,2021-12-09 12:58:15
1639054712012485000,120.0,1,119.5,59,120.0,2,1,2021-12-09 12:58:32
1639054963957535000,120.0,1,119.5,59,120.0,30,1,2021-12-09 13:02:43
1639054970412759000,120.0,1,119.5,59,120.0,28,1,2021-12-09 13:02:50
1639054979943654000,120.0,2,119.5,61,120.0,26,1,2021-12-09 13:02:59
1639054990500695000,120.0,2,119.5,61,120.0,23,1,2021-12-09 13:03:10
1639055054131726000,120.0,2,119.5,61,120.0,25,1,2021-12-09 13:04:14
1639055067843138000,120.0,4,119.5,61,120.0,21,1,2021-12-09 13:04:27
1639055072733518000,119.5,5,119.5,56,120.0,22,2,2021-12-09 13:04:32
1639055105699413000,119.5,1,119.5,55,120.0,22,2,2021-12-09 13:05:05
1639055159167250000,119.5,30,119.5,28,120.0,23,2,2021-12-09 13:05:59
1639055170774281000,119.5,10,119.5,19,120.0,24,2,2021-12-09 13:06:10
1639055171087454000,119.5,5,119.5,14,120.0,24,2,2021-12-09 13:06:11
1639055171114642000,119.5,14,119.0,84,120.0,24,2,2021-12-09 13:06:11
1639055189459279000,119.0,1,119.0,80,119.5,3,2,2021-12-09 13:06:29
1639055240566322000,119.0,2,119.0,71,119.5,9,2,2021-12-09 13:07:20
1639055268481746000,119.0,5,119.0,66,119.5,11,2,2021-12-09 13:07:48
1639055292922503000,119.0,1,119.0,65,119.5,10,2,2021-12-09 13:08:12
1639055311980176000,119.5,1,119.0,65,119.5,9,1,2021-12-09 13:08:31
1639055369044553000,119.0,1,119.0,64,119.5,22,2,2021-12-09 13:09:29
1639055381791515000,119.0,1,119.0,64,119.5,22,2,2021-12-09 13:09:41
1639055387178575000,119.5,1,119.0,64,119.5,21,1,2021-12-09 13:09:47
1639055412543281000,119.5,1,119.0,65,119.5,24,1,2021-12-09 13:10:12
1639055417840812000,119.5,1,119.0,65,119.5,23,1,2021-12-09 13:10:17
1639055529026909000,119.5,1,119.0,75,119.5,22,1,2021-12-09 13:12:09
1639055537782895000,119.5,1,119.0,75,119.5,21,1,2021-12-09 13:12:17
1639055538327750000,119.5,1,119.0,75,119.5,20,1,2021-12-09 13:12:18
1639055586960378000,119.5,1,119.0,76,119.5,25,1,2021-12-09 13:13:06
1639055628882672000,119.5,1,119.0,77,119.5,24,1,2021-12-09 13:13:48
1639055653055112000,119.5,1,119.0,77,119.5,23,1,2021-12-09 13:14:13
1639055686549298000,119.5,1,119.0,77,119.5,24,1,2021-12-09 13:14:46
1639055696646953000,119.5,1,119.0,77,119.5,23,1,2021-12-09 13:14:56
1639055702026431000,119.5,1,119.0,79,119.5,23,1,2021-12-09 13:15:02
1639055718741051000,119.5,1,119.0,79,119.5,22,1,2021-12-09 13:15:18
1639055748187166000,119.0,1,119.0,78,119.5,22,2,2021-12-09 13:15:48
1639055751538726000,119.0,2,119.0,76,119.5,22,2,2021-12-09 13:15:51
1639055760490900000,119.5,1,119.0,76,119.5,21,1,2021-12-09 13:16:00
1639055765917608000,119.0,5,119.0,71,119.5,21,2,2021-12-09 13:16:05
1639055774757187000,119.0,1,119.0,70,119.5,21,2,2021-12-09 13:16:14
1639055784946709000,119.5,1,119.0,71,119.5,20,1,2021-12-09 13:16:24
1639055807566401000,119.5,1,119.0,71,119.5,19,1,2021-12-09 13:16:47
1639055832839583000,119.5,1,119.0,71,119.5,19,1,2021-12-09 13:17:12
1639055851049921000,119.5,1,119.0,71,119.5,19,1,2021-12-09 13:17:31
1639055858061014000,119.0,1,119.0,70,119.5,19,2,2021-12-09 13:17:38
1639055862573852000,119.5,21,119.5,4,120.0,25,1,2021-12-09 13:17:42
1639055893599770000,119.5,3,119.5,3,120.0,51,2,2021-12-09 13:18:13
1639055893640547000,119.5,3,119.0,67,120.0,51,2,2021-12-09 13:18:13
1639055918808456000,119.5,1,119.5,3,120.0,54,2,2021-12-09 13:18:38
1639055925763953000,119.5,1,119.5,3,120.0,54,2,2021-12-09 13:18:45
1639055946795541000,119.5,2,119.5,4,120.0,56,2,2021-12-09 13:19:06
1639055966942503000,120.0,2,119.5,9,120.0,56,1,2021-12-09 13:19:26
1639056019826405000,119.5,1,119.5,11,120.0,55,2,2021-12-09 13:20:19
1639056049205825000,120.0,1,119.5,12,120.0,55,1,2021-12-09 13:20:49
1639056051959003000,119.5,1,119.5,11,120.0,55,2,2021-12-09 13:20:51
1639056060056196000,119.5,3,119.5,8,120.0,55,2,2021-12-09 13:21:00
1639056064727632000,119.5,1,119.5,8,120.0,55,2,2021-12-09 13:21:04
1639056111319316000,119.5,1,119.5,6,120.0,56,2,2021-12-09 13:21:51
1639056111601572000,119.5,2,119.5,4,120.0,56,2,2021-12-09 13:21:51
1639056122121444000,119.5,1,119.5,5,120.0,56,2,2021-12-09 13:22:02
1639056138496568000,119.5,2,119.5,2,120.0,56,2,2021-12-09 13:22:18
1639056138741758000,119.5,3,119.0,67,119.5,7,2,2021-12-09 13:22:18
1639056148010285000,119.0,2,119.0,65,119.5,7,2,2021-12-09 13:22:28
1639056148971619000,119.0,2,119.0,63,119.5,7,2,2021-12-09 13:22:28
1639056151595370000,119.5,3,119.0,63,119.5,4,1,2021-12-09 13:22:31
1639056157187324000,119.5,1,119.0,65,119.5,4,1,2021-12-09 13:22:37
1639056169360377000,119.5,1,119.0,65,119.5,3,1,2021-12-09 13:22:49
1639056169438793000,119.5,3,119.0,65,120.0,56,1,2021-12-09 13:22:49
1639056179982056000,119.5,1,119.0,65,119.5,8,1,2021-12-09 13:22:59
1639056181296014000,119.5,1,119.0,65,119.5,7,1,2021-12-09 13:23:01
1639056214072090000,119.5,3,119.0,62,119.5,7,1,2021-12-09 13:23:34
1639056216643262000,119.5,1,119.0,62,119.5,6,1,2021-12-09 13:23:36
1639056220321301000,119.5,1,119.0,62,119.5,6,1,2021-12-09 13:23:40
1639056227557838000,119.0,1,119.0,61,119.5,11,2,2021-12-09 13:23:47
1639056228030907000,119.5,1,119.0,61,119.5,10,1,2021-12-09 13:23:48
1639056238161854000,119.0,4,119.0,57,119.5,5,2,2021-12-09 13:23:58
1639056242035555000,119.5,5,119.5,7,120.0,47,1,2021-12-09 13:24:02
1639056254677830000,119.5,1,119.5,14,120.0,47,2,2021-12-09 13:24:14
1639056271289753000,120.0,2,119.5,14,120.0,44,1,2021-12-09 13:24:31
1639056271493601000,120.0,1,119.5,14,120.0,43,1,2021-12-09 13:24:31
1639056298475728000,119.5,1,119.5,13,120.0,42,2,2021-12-09 13:24:58
1639056298752188000,120.0,1,119.5,13,120.0,41,1,2021-12-09 13:24:58
1639056600000000000,120.0,113,119.5,18,120.0,16,1,2021-12-09 13:30:00
