ts,close,volume,bid_price,bid_volume,ask_price,ask_volume,tick_type,datetime
1639040406970621000,51.3,1190,51.2,137,51.3,90,1,2021-12-09 09:00:06
1639040407106138000,51.3,2,51.2,140,51.3,91,1,2021-12-09 09:00:07
1639040407203771000,51.3,5,51.2,140,51.3,86,1,2021-12-09 09:00:07
1639040407604136000,51.3,2,51.2,142,51.3,84,1,2021-12-09 09:00:07
1639040407725067000,51.2,1,51.2,141,51.3,84,2,2021-12-09 09:00:07
1639040407762032000,51.3,1,51.2,141,51.3,83,1,2021-12-09 09:00:07
1639040407809870000,51.3,1,51.2,142,51.3,82,1,2021-12-09 09:00:07
1639040407999588000,51.3,1,51.2,142,51.3,81,1,2021-12-09 09:00:07
1639040408059477000,51.3,3,51.2,142,51.3,78,1,2021-12-09 09:00:08
1639040408145461000,51.3,1,51.2,142,51.3,77,1,2021-12-09 09:00:08
1639040408199099000,51.3,3,51.2,142,51.3,74,1,2021-12-09 09:00:08
1639040408719931000,51.3,1,51.2,142,51.3,73,1,2021-12-09 09:00:08
1639040409083780000,51.3,1,51.2,142,51.3,72,1,2021-12-09 09:00:09
1639040409152759000,51.3,1,51.2,142,51.3,71,1,2021-12-09 09:00:09
1639040409303254000,51.3,1,51.2,142,51.3,70,1,2021-12-09 09:00:09
1639040409733950000,51.3,20,51.2,142,51.3,50,1,2021-12-09 09:00:09
1639040409769689000,51.3,15,51.2,142,51.3,35,1,2021-12-09 09:00:09
1639040409772254000,51.3,35,51.2,142,51.4,105,1,2021-12-09 09:00:09
1639040410018902000,51.4,2,51.2,144,51.4,103,1,2021-12-09 09:00:10
1639040410053324000,51.4,103,51.2,144,51.5,213,1,2021-12-09 09:00:10
1639040410554986000,51.3,1,51.3,24,51.5,213,2,2021-12-09 09:00:10
1639040410867708000,51.3,1,51.3,25,51.5,214,2,2021-12-09 09:00:10
1639040411475285000,51.5,1,51.3,39,51.5,216,1,2021-12-09 09:00:11
1639040412007342000,51.3,1,51.3,46,51.5,216,2,2021-12-09 09:00:12
1639040412087035000,51.5,1,51.3,46,51.5,215,1,2021-12-09 09:00:12
1639040412096850000,51.5,1,51.3,46,51.5,214,1,2021-12-09 09:00:12
1639040412553904000,51.5,4,51.3,47,51.5,210,1,2021-12-09 09:00:12
1639040412596993000,51.5,2,51.3,47,51.5,208,1,2021-12-09 09:00:12
1639040412704878000,51.5,1,51.3,47,51.5,207,1,2021-12-09 09:00:12
1639040413065913000,51.5,1,51.3,48,51.5,206,1,2021-12-09 09:00:13
1639040413116297000,51.5,1,51.3,48,51.5,205,1,2021-12-09 09:00:13
1639040413247229000,51.5,1,51.3,50,51.5,204,1,2021-12-09 09:00:13
1639040413310378000,51.3,1,51.3,49,51.5,204,2,2021-12-09 09:00:13
1639040414454918000,51.5,1,51.4,1,51.5,203,1,2021-12-09 09:00:14
1639040414481374000,51.5,1,51.4,1,51.5,202,1,2021-12-09 09:00:14
1639040414699457000,51.4,1,51.3,72,51.5,202,2,2021-12-09 09:00:14
1639040414767754000,51.5,1,51.3,72,51.5,201,1,2021-12-09 09:00:14
1639040415007851000,51.5,10,51.4,2,51.5,191,1,2021-12-09 09:00:15
1639040415077635000,51.5,5,51.4,2,51.5,186,1,2021-12-09 09:00:15
1639040415367724000,51.5,62,51.4,4,51.5,124,1,2021-12-09 09:00:15
1639040415438612000,51.5,1,51.4,25,51.5,123,1,2021-12-09 09:00:15
1639040415458571000,51.5,2,51.4,27,51.5,121,1,2021-12-09 09:00:15
1639040415485456000,51.5,1,51.4,27,51.5,120,1,2021-12-09 09:00:15
1639040415494950000,51.5,2,51.4,27,51.5,118,1,2021-12-09 09:00:15
1639040415620163000,51.5,1,51.4,28,51.5,117,1,2021-12-09 09:00:15
1639040415709586000,51.4,5,51.4,23,51.5,116,2,2021-12-09 09:00:15
1639040415709641000,51.5,1,51.4,23,51.5,116,1,2021-12-09 09:00:15
1639040415856784000,51.5,19,51.4,23,51.5,98,1,2021-12-09 09:00:15
1639040415989227000,51.5,5,51.4,23,51.5,93,1,2021-12-09 09:00:15
1639040416118404000,51.5,19,51.4,23,51.5,74,1,2021-12-09 09:00:16
1639040416301533000,51.5,19,51.4,24,51.5,55,1,2021-12-09 09:00:16
1639040416451226000,51.4,1,51.4,23,51.5,60,2,2021-12-09 09:00:16
1639040416733828000,51.4,1,51.4,22,51.5,60,2,2021-12-09 09:00:16
1639040416880254000,51.5,1,51.4,22,51.5,59,1,2021-12-09 09:00:16
1639040416886777000,51.5,1,51.4,22,51.5,58,1,2021-12-09 09:00:16
1639040416916199000,51.5,1,51.4,22,51.5,57,1,2021-12-09 09:00:16
1639040416945266000,51.4,1,51.4,21,51.5,57,2,2021-12-09 09:00:16
1639040417213221000,51.4,1,51.4,23,51.5,57,2,2021-12-09 09:00:17
1639040417304329000,51.5,1,51.4,23,51.5,58,1,2021-12-09 09:00:17
1639040417893466000,51.5,1,51.4,23,51.5,57,1,2021-12-09 09:00:17
1639040417931834000,51.5,1,51.4,23,51.5,56,1,2021-12-09 09:00:17
1639040417963554000,51.5,3,51.4,23,51.5,53,1,2021-12-09 09:00:17
1639040417968671000,51.5,1,51.4,23,51.5,52,1,2021-12-09 09:00:17
1639040418158552000,51.5,2,51.4,25,51.5,50,1,2021-12-09 09:00:18
1639040418204582000,51.4,1,51.4,24,51.5,50,2,2021-12-09 09:00:18
1639040418263834000,51.5,5,51.4,24,51.5,45,1,2021-12-09 09:00:18
1639040418284458000,51.5,1,51.4,24,51.5,45,1,2021-12-09 09:00:18
1639040418315990000,51.5,1,51.4,24,51.5,44,1,2021-12-09 09:00:18
1639040418742354000,51.5,1,51.4,24,51.5,43,1,2021-12-09 09:00:18
1639040418875849000,51.5,1,51.4,24,51.5,42,1,2021-12-09 09:00:18
1639040419445040000,51.5,2,51.4,30,51.5,42,1,2021-12-09 09:00:19
1639040419471247000,51.5,1,51.4,32,51.5,41,1,2021-12-09 09:00:19
1639040419683641000,51.5,1,51.4,38,51.5,40,1,2021-12-09 09:00:19
1639040419805326000,51.5,2,51.4,39,51.5,38,1,2021-12-09 09:00:19
1639040419943151000,51.5,1,51.4,39,51.5,38,1,2021-12-09 09:00:19
1639040420250281000,51.5,2,51.4,43,51.5,38,1,2021-12-09 09:00:20
1639040420425425000,51.5,4,51.4,44,51.5,35,1,2021-12-09 09:00:20
1639040420477466000,51.5,1,51.4,44,51.5,34,1,2021-12-09 09:00:20
1639040420580932000,51.5,5,51.4,44,51.5,29,1,2021-12-09 09:00:20
1639040420616172000,51.5,29,51.4,45,51.6,149,1,2021-12-09 09:00:20
1639040420873155000,51.5,1,51.4,46,51.6,149,2,2021-12-09 09:00:20
1639040421367042000,51.5,2,51.5,1,51.6,149,2,2021-12-09 09:00:21
1639040421439212000,51.6,1,51.5,1,51.6,148,1,2021-12-09 09:00:21
1639040421647365000,51.5,2,51.4,37,51.5,3,2,2021-12-09 09:00:21
1639040421728504000,51.5,1,51.4,40,51.5,2,1,2021-12-09 09:00:21
1639040421761143000,51.5,2,51.5,2,51.6,148,1,2021-12-09 09:00:21
1639040422645333000,51.5,2,51.5,44,51.6,152,2,2021-12-09 09:00:22
1639040422665847000,51.6,74,51.5,44,51.6,78,1,2021-12-09 09:00:22
1639040423194759000,51.6,1,51.5,44,51.6,77,1,2021-12-09 09:00:23
1639040423256672000,51.5,46,51.4,76,51.5,4,2,2021-12-09 09:00:23
1639040423320512000,51.5,4,51.4,76,51.5,10,1,2021-12-09 09:00:23
1639040423378957000,51.5,2,51.4,77,51.5,8,1,2021-12-09 09:00:23
1639040423569304000,51.4,1,51.4,78,51.5,8,2,2021-12-09 09:00:23
1639040423734176000,51.5,1,51.4,78,51.5,7,1,2021-12-09 09:00:23
1639040423879563000,51.5,1,51.4,78,51.5,6,1,2021-12-09 09:00:23
1639040423910992000,51.5,1,51.4,78,51.5,5,1,2021-12-09 09:00:23
1639040423913152000,51.5,5,51.4,78,51.6,77,1,2021-12-09 09:00:23
1639040423931327000,51.6,5,51.4,78,51.6,72,1,2021-12-09 09:00:23
1639040423962203000,51.4,3,51.4,75,51.6,72,2,2021-12-09 09:00:23
1639040424468237000,51.5,20,51.4,76,51.5,4,1,2021-12-09 09:00:24
1639040424596017000,51.5,1,51.4,77,51.5,3,1,2021-12-09 09:00:24
1639040424617218000,51.5,3,51.4,77,51.6,70,1,2021-12-09 09:00:24
1639040424617218000,51.6,2,51.4,77,51.6,70,1,2021-12-09 09:00:24
1639040424644807000,51.6,1,51.4,77,51.6,69,1,2021-12-09 09:00:24
1639040424952991000,51.6,1,51.5,3,51.6,73,1,2021-12-09 09:00:24
1639040425064802000,51.5,4,51.4,78,51.5,6,2,2021-12-09 09:00:25
1639040425075277000,51.5,6,51.5,14,51.6,73,1,2021-12-09 09:00:25
1639040425361608000,51.5,29,51.4,79,51.5,21,2,2021-12-09 09:00:25
1639040425383319000,51.5,1,51.4,78,51.5,20,1,2021-12-09 09:00:25
1639040425394591000,51.5,20,51.4,78,51.6,73,1,2021-12-09 09:00:25
1639040425780484000,51.5,5,51.4,79,51.6,74,2,2021-12-09 09:00:25
1639040425785830000,51.6,2,51.4,79,51.6,72,1,2021-12-09 09:00:25
1639040426248490000,51.5,1,51.4,83,51.5,7,2,2021-12-09 09:00:26
1639040426370427000,51.5,1,51.4,84,51.5,9,1,2021-12-09 09:00:26
1639040426404027000,51.5,5,51.4,86,51.5,4,1,2021-12-09 09:00:26
1639040426538912000,51.5,1,51.4,96,51.5,3,1,2021-12-09 09:00:26
1639040426669809000,51.5,1,51.4,97,51.5,2,1,2021-12-09 09:00:26
1639040426743705000,51.5,1,51.4,103,51.5,1,1,2021-12-09 09:00:26
1639040426837959000,51.5,1,51.4,103,51.6,75,1,2021-12-09 09:00:26
1639040426837959000,51.6,1,51.4,103,51.6,75,1,2021-12-09 09:00:26
1639040427337718000,51.6,2,51.5,10,51.6,73,1,2021-12-09 09:00:27
1639040427516044000,51.5,1,51.5,15,51.6,73,2,2021-12-09 09:00:27
1639040427794377000,51.6,1,51.5,17,51.6,72,1,2021-12-09 09:00:27
1639040428022367000,51.5,1,51.5,17,51.6,72,2,2021-12-09 09:00:28
1639040428036840000,51.6,2,51.5,18,51.6,70,1,2021-12-09 09:00:28
1639040428054215000,51.5,9,51.5,10,51.6,70,2,2021-12-09 09:00:28
1639040428071064000,51.6,1,51.5,10,51.6,69,1,2021-12-09 09:00:28
1639040428209611000,51.6,1,51.5,11,51.6,68,1,2021-12-09 09:00:28
1639040428647986000,51.6,1,51.5,16,51.6,67,1,2021-12-09 09:00:28
1639040428824758000,51.6,3,51.5,17,51.6,64,1,2021-12-09 09:00:28
1639040428901270000,51.6,18,51.5,18,51.6,46,1,2021-12-09 09:00:28
1639040429125277000,51.5,8,51.5,41,51.6,46,2,2021-12-09 09:00:29
1639040429133370000,51.5,1,51.5,40,51.6,46,2,2021-12-09 09:00:29
1639040429233569000,51.6,5,51.5,40,51.6,41,1,2021-12-09 09:00:29
1639040429440610000,51.6,6,51.5,63,51.6,35,1,2021-12-09 09:00:29
1639040429440906000,51.6,1,51.5,63,51.6,35,1,2021-12-09 09:00:29
1639040429614861000,51.5,4,51.5,60,51.6,36,2,2021-12-09 09:00:29
1639040429838767000,51.5,6,51.5,54,51.6,36,2,2021-12-09 09:00:29
1639040430105284000,51.6,2,51.5,64,51.6,34,1,2021-12-09 09:00:30
1639040430122075000,51.6,4,51.5,64,51.6,30,1,2021-12-09 09:00:30
1639040430184937000,51.5,2,51.5,65,51.6,30,2,2021-12-09 09:00:30
1639040430336192000,51.5,1,51.5,66,51.6,35,2,2021-12-09 09:00:30
1639040430363239000,51.6,1,51.5,66,51.6,34,1,2021-12-09 09:00:30
1639040430544195000,51.6,1,51.5,69,51.6,33,1,2021-12-09 09:00:30
1639040430929540000,51.5,30,51.5,44,51.6,34,2,2021-12-09 09:00:30
1639040430933450000,51.5,1,51.5,43,51.6,34,2,2021-12-09 09:00:30
1639040430938451000,51.6,1,51.5,43,51.6,33,1,2021-12-09 09:00:30
1639040430959526000,51.5,2,51.5,41,51.6,33,2,2021-12-09 09:00:30
1639040431124164000,51.6,4,51.5,42,51.6,29,1,2021-12-09 09:00:31
1639040431241083000,51.6,1,51.5,45,51.6,27,1,2021-12-09 09:00:31
1639040431511280000,51.6,1,51.5,47,51.6,26,1,2021-12-09 09:00:31
1639040431587584000,51.5,1,51.5,48,51.6,26,2,2021-12-09 09:00:31
1639040431618567000,51.6,1,51.5,48,51.6,25,1,2021-12-09 09:00:31
1639040431756029000,51.6,1,51.5,49,51.6,24,1,2021-12-09 09:00:31
1639040432117234000,51.6,1,51.5,50,51.6,23,1,2021-12-09 09:00:32
1639040432157947000,51.6,2,51.5,50,51.6,21,1,2021-12-09 09:00:32
1639040432524091000,51.6,2,51.5,54,51.6,20,1,2021-12-09 09:00:32
1639040432591818000,51.5,1,51.5,53,51.6,20,2,2021-12-09 09:00:32
1639040432602869000,51.6,3,51.5,53,51.6,17,1,2021-12-09 09:00:32
1639040432639166000,51.6,1,51.5,53,51.6,16,1,2021-12-09 09:00:32
1639040432807670000,51.5,1,51.5,66,51.6,16,2,2021-12-09 09:00:32
1639040433039615000,51.5,20,51.5,50,51.6,16,2,2021-12-09 09:00:33
1639040433206053000,51.6,10,51.5,51,51.6,6,1,2021-12-09 09:00:33
1639040433517819000,51.6,1,51.5,52,51.6,5,1,2021-12-09 09:00:33
1639040433692440000,51.6,4,51.5,52,51.6,1,1,2021-12-09 09:00:33
1639040434210880000,51.6,1,51.5,57,51.7,50,1,2021-12-09 09:00:34
1639040434221739000,51.5,2,51.5,55,51.7,50,2,2021-12-09 09:00:34
1639040434407529000,51.7,10,51.6,2,51.7,40,1,2021-12-09 09:00:34
1639040434512196000,51.6,6,51.6,3,51.7,40,2,2021-12-09 09:00:34
1639040434575014000,51.7,1,51.6,3,51.7,39,1,2021-12-09 09:00:34
1639040434677584000,51.6,1,51.6,2,51.7,39,2,2021-12-09 09:00:34
1639040434753255000,51.7,2,51.6,2,51.7,37,1,2021-12-09 09:00:34
1639040434883347000,51.7,10,51.6,4,51.7,27,1,2021-12-09 09:00:34
1639040434920553000,51.7,1,51.6,4,51.7,26,1,2021-12-09 09:00:34
1639040435074788000,51.6,1,51.6,5,51.7,26,2,2021-12-09 09:00:35
1639040435196787000,51.6,1,51.6,5,51.7,26,2,2021-12-09 09:00:35
1639040435985724000,51.7,3,51.6,15,51.7,23,1,2021-12-09 09:00:35
1639040436047760000,51.7,1,51.6,15,51.7,22,1,2021-12-09 09:00:36
1639040436513593000,51.6,1,51.6,28,51.7,22,2,2021-12-09 09:00:36
1639040436530060000,51.7,1,51.6,28,51.7,21,1,2021-12-09 09:00:36
1639040436571587000,51.7,1,51.6,28,51.7,20,1,2021-12-09 09:00:36
1639040436869441000,51.7,1,51.6,31,51.7,19,1,2021-12-09 09:00:36
1639040436902224000,51.6,4,51.6,27,51.7,19,2,2021-12-09 09:00:36
1639040436943964000,51.7,2,51.6,27,51.7,17,1,2021-12-09 09:00:36
1639040437073776000,51.6,1,51.6,26,51.7,17,2,2021-12-09 09:00:37
1639040437104314000,51.7,5,51.6,26,51.7,12,1,2021-12-09 09:00:37
1639040437133307000,51.7,1,51.6,31,51.7,11,1,2021-12-09 09:00:37
1639040437167395000,51.6,1,51.6,30,51.7,11,2,2021-12-09 09:00:37
1639040437206098000,51.7,3,51.6,31,51.7,8,1,2021-12-09 09:00:37
1639040437432213000,51.6,2,51.6,30,51.7,8,2,2021-12-09 09:00:37
1639040437976315000,51.7,5,51.6,33,51.7,3,1,2021-12-09 09:00:37
1639040438070429000,51.6,20,51.6,13,51.7,3,2,2021-12-09 09:00:38
1639040438723051000,51.7,1,51.6,15,51.7,2,1,2021-12-09 09:00:38
1639040438804015000,51.7,1,51.6,15,51.7,1,1,2021-12-09 09:00:38
1639040439128214000,51.6,8,51.6,10,51.7,1,2,2021-12-09 09:00:39
1639040439194773000,51.7,1,51.6,10,51.8,105,1,2021-12-09 09:00:39
1639040439487491000,51.8,5,51.7,1,51.8,100,1,2021-12-09 09:00:39
1639040439690727000,51.7,1,51.6,30,51.8,101,2,2021-12-09 09:00:39
1639040439771131000,51.8,1,51.6,30,51.8,100,1,2021-12-09 09:00:39
1639040440028255000,51.8,4,51.6,32,51.8,96,1,2021-12-09 09:00:40
1639040440144471000,51.6,2,51.6,30,51.8,96,2,2021-12-09 09:00:40
1639040440262186000,51.8,1,51.6,30,51.8,95,1,2021-12-09 09:00:40
1639040440482683000,51.8,5,51.6,32,51.8,90,1,2021-12-09 09:00:40
1639040440512245000,51.6,1,51.6,31,51.8,90,2,2021-12-09 09:00:40
1639040440587078000,51.6,10,51.6,22,51.8,90,2,2021-12-09 09:00:40
1639040440993270000,51.7,2,51.7,6,51.8,90,1,2021-12-09 09:00:40
1639040441027174000,51.7,6,51.6,24,51.7,4,2,2021-12-09 09:00:41
1639040441074630000,51.6,1,51.6,23,51.7,4,2,2021-12-09 09:00:41
1639040441118372000,51.7,2,51.6,23,51.7,2,1,2021-12-09 09:00:41
1639040441204657000,51.7,1,51.6,25,51.7,17,1,2021-12-09 09:00:41
1639040441617213000,51.7,2,51.6,30,51.7,16,1,2021-12-09 09:00:41
1639040441636204000,51.7,3,51.6,30,51.7,13,1,2021-12-09 09:00:41
1639040441810905000,51.7,1,51.6,36,51.7,12,1,2021-12-09 09:00:41
1639040441866143000,51.7,1,51.6,36,51.7,11,1,2021-12-09 09:00:41
1639040442573413000,51.7,1,51.6,42,51.7,29,1,2021-12-09 09:00:42
1639040442761086000,51.6,15,51.6,28,51.7,31,2,2021-12-09 09:00:42
1639040442834158000,51.7,1,51.6,28,51.7,40,1,2021-12-09 09:00:42
1639040442867627000,51.6,1,51.6,27,51.7,40,2,2021-12-09 09:00:42
1639040443256702000,51.7,1,51.6,35,51.7,31,1,2021-12-09 09:00:43
1639040443339649000,51.7,9,51.6,35,51.7,22,1,2021-12-09 09:00:43
1639040443888084000,51.7,6,51.6,52,51.7,37,1,2021-12-09 09:00:43
1639040443915847000,51.7,1,51.6,52,51.7,36,1,2021-12-09 09:00:43
1639040443989038000,51.7,1,51.6,52,51.7,35,1,2021-12-09 09:00:43
1639040444080469000,51.6,10,51.6,43,51.7,35,2,2021-12-09 09:00:44
1639040444147156000,51.7,3,51.6,43,51.7,32,1,2021-12-09 09:00:44
1639040444217449000,51.7,1,51.6,44,51.7,31,1,2021-12-09 09:00:44
1639040444307277000,51.7,2,51.6,44,51.7,29,1,2021-12-09 09:00:44
1639040444484872000,51.7,1,51.6,44,51.7,28,1,2021-12-09 09:00:44
1639040444507968000,51.6,10,51.6,34,51.7,28,2,2021-12-09 09:00:44
1639040444510729000,51.7,1,51.6,34,51.7,27,1,2021-12-09 09:00:44
1639040444621012000,51.7,1,51.6,36,51.7,26,1,2021-12-09 09:00:44
1639040444722670000,51.7,1,51.6,41,51.7,25,1,2021-12-09 09:00:44
1639040444842589000,51.7,2,51.6,49,51.7,23,1,2021-12-09 09:00:44
1639040444981147000,51.6,1,51.6,48,51.7,23,2,2021-12-09 09:00:44
1639040445121569000,51.7,1,51.6,48,51.7,23,1,2021-12-09 09:00:45
1639040445145182000,51.7,6,51.6,48,51.7,17,1,2021-12-09 09:00:45
1639040445180888000,51.7,17,51.7,33,51.8,91,1,2021-12-09 09:00:45
1639040445219219000,51.8,1,51.7,33,51.8,90,1,2021-12-09 09:00:45
1639040445814211000,51.8,1,51.7,37,51.8,89,1,2021-12-09 09:00:45
1639040445924020000,51.8,1,51.7,37,51.8,88,1,2021-12-09 09:00:45
1639040445940908000,51.7,8,51.7,29,51.8,88,2,2021-12-09 09:00:45
1639040446626413000,51.8,10,51.7,30,51.8,78,1,2021-12-09 09:00:46
1639040446876674000,51.7,1,51.7,31,51.8,78,2,2021-12-09 09:00:46
1639040447176129000,51.8,1,51.7,47,51.8,77,1,2021-12-09 09:00:47
1639040447299412000,51.8,1,51.7,47,51.8,76,1,2021-12-09 09:00:47
1639040447483732000,51.8,3,51.7,48,51.8,73,1,2021-12-09 09:00:47
1639040447589223000,51.7,1,51.7,47,51.8,73,2,2021-12-09 09:00:47
1639040447589759000,51.7,1,51.7,47,51.8,73,2,2021-12-09 09:00:47
1639040447672548000,51.8,1,51.7,52,51.8,72,1,2021-12-09 09:00:47
1639040447866099000,51.7,5,51.7,47,51.8,72,2,2021-12-09 09:00:47
1639040447933612000,51.8,10,51.7,47,51.8,62,1,2021-12-09 09:00:47
1639040447974329000,51.7,1,51.7,46,51.8,62,2,2021-12-09 09:00:47
1639040448153294000,51.7,1,51.7,45,51.8,62,2,2021-12-09 09:00:48
1639040448256144000,51.8,1,51.7,45,51.8,61,1,2021-12-09 09:00:48
1639040448517786000,51.7,1,51.7,45,51.8,71,2,2021-12-09 09:00:48
1639040448532007000,51.7,10,51.7,35,51.8,71,2,2021-12-09 09:00:48
1639040448825147000,51.8,10,51.7,38,51.8,61,1,2021-12-09 09:00:48
1639040448937546000,51.8,10,51.7,50,51.8,51,1,2021-12-09 09:00:48
1639040449113470000,51.7,8,51.7,43,51.8,51,2,2021-12-09 09:00:49
1639040449237104000,51.8,1,51.7,43,51.8,50,1,2021-12-09 09:00:49
1639040449413134000,51.7,1,51.7,44,51.8,50,2,2021-12-09 09:00:49
1639040449455363000,51.7,1,51.7,46,51.8,50,2,2021-12-09 09:00:49
1639040449564230000,51.7,3,51.7,45,51.8,50,2,2021-12-09 09:00:49
1639040450145434000,51.8,1,51.7,49,51.8,49,1,2021-12-09 09:00:50
1639040450320013000,51.7,4,51.7,50,51.8,49,2,2021-12-09 09:00:50
1639040450345114000,51.8,3,51.7,50,51.8,46,1,2021-12-09 09:00:50
1639040450410071000,51.8,1,51.7,51,51.8,45,1,2021-12-09 09:00:50
1639040450567952000,51.8,10,51.7,51,51.8,35,1,2021-12-09 09:00:50
1639040450588664000,51.8,1,51.7,51,51.8,34,1,2021-12-09 09:00:50
1639040450716729000,51.8,5,51.7,51,51.8,29,1,2021-12-09 09:00:50
1639040450744659000,51.8,2,51.7,51,51.8,27,1,2021-12-09 09:00:50
1639040450830080000,51.8,5,51.7,56,51.8,22,1,2021-12-09 09:00:50
1639040450834860000,51.8,1,51.7,56,51.8,21,1,2021-12-09 09:00:50
1639040450951357000,51.8,4,51.7,56,51.8,17,1,2021-12-09 09:00:50
1639040450994797000,51.8,3,51.7,59,51.8,13,1,2021-12-09 09:00:50
1639040450994868000,51.8,1,51.7,59,51.8,13,1,2021-12-09 09:00:50
1639040451296412000,51.7,1,51.7,59,51.8,13,2,2021-12-09 09:00:51
1639040451322716000,51.8,1,51.7,59,51.8,12,1,2021-12-09 09:00:51
1639040451338191000,51.8,1,51.7,59,51.8,11,1,2021-12-09 09:00:51
1639040451674933000,51.8,1,51.7,69,51.8,10,1,2021-12-09 09:00:51
1639040451850515000,51.8,10,51.7,69,51.9,105,1,2021-12-09 09:00:51
1639040451979745000,51.7,10,51.7,59,51.9,105,2,2021-12-09 09:00:51
1639040452003915000,51.9,25,51.7,59,51.9,80,1,2021-12-09 09:00:52
1639040452142366000,51.7,1,51.7,59,51.9,80,2,2021-12-09 09:00:52
1639040452214392000,51.7,5,51.7,54,51.8,4,2,2021-12-09 09:00:52
1639040452233007000,51.8,1,51.7,55,51.8,2,1,2021-12-09 09:00:52
1639040452233086000,51.8,1,51.7,55,51.8,2,1,2021-12-09 09:00:52
1639040452389572000,51.8,1,51.7,55,51.8,1,1,2021-12-09 09:00:52
1639040452459356000,51.8,1,51.8,1,51.9,80,1,2021-12-09 09:00:52
1639040452512115000,51.8,1,51.7,53,51.9,80,2,2021-12-09 09:00:52
1639040452512115000,51.7,3,51.7,53,51.9,80,2,2021-12-09 09:00:52
1639040452540278000,51.7,2,51.7,51,51.9,80,2,2021-12-09 09:00:52
1639040452561192000,51.8,1,51.7,51,51.9,80,1,2021-12-09 09:00:52
1639040452834185000,51.8,1,51.7,53,51.9,80,2,2021-12-09 09:00:52
1639040452834185000,51.7,1,51.7,53,51.9,80,2,2021-12-09 09:00:52
1639040452943341000,51.8,4,51.8,1,51.9,80,1,2021-12-09 09:00:52
1639040452988877000,51.8,1,51.7,56,51.8,9,2,2021-12-09 09:00:52
1639040453100842000,51.8,6,51.7,58,51.8,8,1,2021-12-09 09:00:53
1639040453177126000,51.8,1,51.7,61,51.8,7,1,2021-12-09 09:00:53
1639040453215865000,51.8,1,51.7,66,51.8,6,1,2021-12-09 09:00:53
1639040453298356000,51.8,1,51.7,66,51.8,5,1,2021-12-09 09:00:53
1639040453380393000,51.7,1,51.7,66,51.8,5,2,2021-12-09 09:00:53
1639040453427090000,51.8,1,51.7,66,51.8,4,1,2021-12-09 09:00:53
1639040453618615000,51.8,2,51.7,71,51.8,2,1,2021-12-09 09:00:53
1639040453962832000,51.8,2,51.7,74,51.9,80,1,2021-12-09 09:00:53
1639040454055653000,51.9,11,51.8,1,51.9,69,1,2021-12-09 09:00:54
1639040454236337000,51.9,1,51.8,1,51.9,68,1,2021-12-09 09:00:54
1639040454535077000,51.9,1,51.8,1,51.9,67,1,2021-12-09 09:00:54
1639040455156981000,51.9,20,51.8,9,51.9,47,1,2021-12-09 09:00:55
1639040455272525000,51.8,1,51.8,9,51.9,47,2,2021-12-09 09:00:55
1639040455630450000,51.8,1,51.8,11,51.9,48,2,2021-12-09 09:00:55
1639040455894231000,51.8,1,51.8,10,51.9,48,2,2021-12-09 09:00:55
1639040455923912000,51.9,1,51.8,10,51.9,47,1,2021-12-09 09:00:55
1639040455945221000,51.9,1,51.8,10,51.9,46,1,2021-12-09 09:00:55
1639040455976838000,51.8,1,51.8,9,51.9,46,2,2021-12-09 09:00:55
1639040456139089000,51.9,1,51.8,10,51.9,45,1,2021-12-09 09:00:56
1639040456298845000,51.9,2,51.8,11,51.9,43,1,2021-12-09 09:00:56
1639040456317656000,51.8,2,51.8,9,51.9,43,2,2021-12-09 09:00:56
1639040456463299000,51.8,2,51.8,17,51.9,43,2,2021-12-09 09:00:56
1639040456651308000,51.9,1,51.8,24,51.9,42,1,2021-12-09 09:00:56
1639040456718860000,51.9,1,51.8,24,51.9,41,1,2021-12-09 09:00:56
1639040456818489000,51.8,1,51.8,24,51.9,41,2,2021-12-09 09:00:56
1639040457247830000,51.9,1,51.8,28,51.9,40,1,2021-12-09 09:00:57
1639040457272588000,51.9,1,51.8,28,51.9,39,1,2021-12-09 09:00:57
1639040457349351000,51.8,1,51.8,27,51.9,39,2,2021-12-09 09:00:57
1639040457504215000,51.9,2,51.8,29,51.9,37,1,2021-12-09 09:00:57
1639040457508109000,51.9,3,51.8,29,51.9,34,1,2021-12-09 09:00:57
1639040457653513000,51.9,1,51.8,29,51.9,33,1,2021-12-09 09:00:57
1639040457747357000,51.8,1,51.8,29,51.9,33,2,2021-12-09 09:00:57
1639040457870826000,51.9,5,51.8,33,51.9,28,1,2021-12-09 09:00:57
1639040457959813000,51.9,1,51.8,36,51.9,27,1,2021-12-09 09:00:57
1639040457970351000,51.9,1,51.8,36,51.9,26,1,2021-12-09 09:00:57
1639040458196563000,51.9,1,51.8,39,51.9,25,1,2021-12-09 09:00:58
1639040458268198000,51.9,1,51.8,39,51.9,24,1,2021-12-09 09:00:58
1639040458378905000,51.9,1,51.8,39,51.9,24,1,2021-12-09 09:00:58
1639040458554185000,51.9,1,51.8,40,51.9,22,1,2021-12-09 09:00:58
1639040458590408000,51.8,4,51.8,36,51.9,22,2,2021-12-09 09:00:58
1639040458596194000,51.9,1,51.8,36,51.9,21,1,2021-12-09 09:00:58
1639040458624091000,51.9,1,51.8,36,51.9,20,1,2021-12-09 09:00:58
1639040458764144000,51.9,5,51.8,37,51.9,15,1,2021-12-09 09:00:58
1639040459061184000,51.9,1,51.8,43,51.9,14,1,2021-12-09 09:00:59
1639040459107498000,51.8,8,51.8,35,51.9,23,2,2021-12-09 09:00:59
1639040459170075000,51.8,1,51.8,34,51.9,23,2,2021-12-09 09:00:59
1639040459190531000,51.9,3,51.8,34,51.9,20,1,2021-12-09 09:00:59
1639040459230038000,51.9,2,51.8,34,51.9,18,1,2021-12-09 09:00:59
1639040459248453000,51.8,1,51.8,34,51.9,18,2,2021-12-09 09:00:59
1639040459432772000,51.9,1,51.8,51,51.9,17,1,2021-12-09 09:00:59
1639040459703319000,51.9,1,51.8,54,51.9,16,1,2021-12-09 09:00:59
1639040459845012000,51.9,1,51.8,61,51.9,17,1,2021-12-09 09:00:59
1639040459902383000,51.9,1,51.8,62,51.9,16,1,2021-12-09 09:00:59
1639040459968700000,51.9,2,51.8,62,51.9,14,1,2021-12-09 09:00:59
1639040460027103000,51.8,6,51.8,56,51.9,14,2,2021-12-09 09:01:00
1639040460209173000,51.9,1,51.8,62,51.9,13,1,2021-12-09 09:01:00
1639040460434439000,51.9,2,51.8,63,51.9,38,1,2021-12-09 09:01:00
1639040460502434000,51.9,1,51.8,63,51.9,37,1,2021-12-09 09:01:00
1639040460513986000,51.9,20,51.8,64,51.9,17,1,2021-12-09 09:01:00
1639040460633774000,51.9,1,51.8,65,51.9,16,1,2021-12-09 09:01:00
1639040460999120000,51.9,1,51.8,67,51.9,16,1,2021-12-09 09:01:00
1639040461005335000,51.9,10,51.8,67,51.9,6,1,2021-12-09 09:01:01
1639040461103136000,51.9,1,51.8,67,51.9,5,1,2021-12-09 09:01:01
1639040461351717000,51.9,2,51.8,75,51.9,3,1,2021-12-09 09:01:01
1639040461453490000,51.9,1,51.8,78,51.9,2,1,2021-12-09 09:01:01
1639040461503114000,51.9,1,51.8,78,51.9,1,1,2021-12-09 09:01:01
1639040461568997000,51.9,1,51.8,78,52.0,145,1,2021-12-09 09:01:01
1639040461655889000,52.0,1,51.9,6,52.0,144,1,2021-12-09 09:01:01
1639040461816567000,51.9,1,51.9,6,52.0,144,2,2021-12-09 09:01:01
1639040462238457000,51.9,1,51.9,12,52.0,164,2,2021-12-09 09:01:02
1639040462344481000,51.9,1,51.9,11,52.0,164,2,2021-12-09 09:01:02
1639040462450272000,51.9,1,51.9,10,52.0,164,2,2021-12-09 09:01:02
1639040462536720000,51.9,1,51.9,10,52.0,164,2,2021-12-09 09:01:02
1639040462801821000,51.9,1,51.9,16,52.0,164,2,2021-12-09 09:01:02
1639040462861524000,51.9,1,51.9,16,52.0,164,2,2021-12-09 09:01:02
1639040462914239000,51.9,16,51.8,90,51.9,84,2,2021-12-09 09:01:02
1639040463059169000,51.9,1,51.8,90,51.9,83,1,2021-12-09 09:01:03
1639040463074009000,51.9,1,51.8,90,51.9,82,1,2021-12-09 09:01:03
1639040463082700000,51.9,1,51.8,90,51.9,81,1,2021-12-09 09:01:03
1639040463133885000,51.9,1,51.8,90,51.9,80,1,2021-12-09 09:01:03
1639040463146623000,51.9,1,51.8,90,51.9,79,1,2021-12-09 09:01:03
1639040463182690000,51.9,1,51.8,90,51.9,78,1,2021-12-09 09:01:03
1639040463185509000,51.9,1,51.8,90,51.9,77,1,2021-12-09 09:01:03
1639040463251170000,51.9,1,51.8,93,51.9,76,1,2021-12-09 09:01:03
1639040463356043000,51.9,1,51.8,94,51.9,75,1,2021-12-09 09:01:03
1639040463461586000,51.9,2,51.8,96,51.9,73,1,2021-12-09 09:01:03
1639040463636315000,51.9,1,51.8,101,51.9,72,1,2021-12-09 09:01:03
1639040463772396000,51.9,3,51.8,102,51.9,69,1,2021-12-09 09:01:03
1639040463811389000,51.9,5,51.8,102,51.9,64,1,2021-12-09 09:01:03
1639040463892314000,51.9,1,51.8,102,51.9,63,1,2021-12-09 09:01:03
1639040464152637000,51.9,1,51.8,102,51.9,66,1,2021-12-09 09:01:04
1639040464173338000,51.9,1,51.8,102,51.9,65,1,2021-12-09 09:01:04
1639040464174034000,51.9,1,51.8,102,51.9,64,1,2021-12-09 09:01:04
1639040464242259000,51.9,1,51.8,103,51.9,65,1,2021-12-09 09:01:04
1639040464355501000,51.8,1,51.8,103,51.9,65,2,2021-12-09 09:01:04
1639040464567751000,51.9,1,51.8,105,51.9,64,1,2021-12-09 09:01:04
1639040464741151000,51.9,1,51.8,111,51.9,63,1,2021-12-09 09:01:04
1639040464766496000,51.9,4,51.8,111,51.9,59,1,2021-12-09 09:01:04
1639040464792218000,51.9,1,51.8,111,51.9,58,1,2021-12-09 09:01:04
1639040464997991000,51.9,1,51.8,111,51.9,57,1,2021-12-09 09:01:04
1639040465002334000,51.9,4,51.8,111,51.9,53,1,2021-12-09 09:01:05
1639040465178758000,51.9,1,51.8,112,51.9,53,1,2021-12-09 09:01:05
1639040465202371000,51.9,2,51.8,112,51.9,51,1,2021-12-09 09:01:05
1639040465378689000,51.9,1,51.8,117,51.9,55,1,2021-12-09 09:01:05
1639040465423732000,51.9,1,51.8,119,51.9,54,1,2021-12-09 09:01:05
1639040465485059000,51.9,1,51.8,119,51.9,53,1,2021-12-09 09:01:05
1639040465886139000,51.9,1,51.8,122,51.9,62,1,2021-12-09 09:01:05
1639040465889605000,51.9,1,51.8,122,51.9,61,1,2021-12-09 09:01:05
1639040465987958000,51.9,1,51.8,123,51.9,60,1,2021-12-09 09:01:05
1639040466070419000,51.9,1,51.8,125,51.9,61,1,2021-12-09 09:01:06
1639040466079910000,51.9,1,51.8,125,51.9,60,1,2021-12-09 09:01:06
1639040466190772000,51.9,1,51.8,125,51.9,59,1,2021-12-09 09:01:06
1639040466368074000,51.9,1,51.8,125,51.9,58,1,2021-12-09 09:01:06
1639040466386011000,51.9,3,51.8,125,51.9,55,1,2021-12-09 09:01:06
1639040466449579000,51.9,11,51.8,125,51.9,44,1,2021-12-09 09:01:06
1639040466455391000,51.9,3,51.8,125,51.9,41,1,2021-12-09 09:01:06
1639040466571411000,51.9,2,51.8,130,51.9,39,1,2021-12-09 09:01:06
1639040466581934000,51.9,1,51.8,130,51.9,38,1,2021-12-09 09:01:06
1639040466584998000,51.8,1,51.8,129,51.9,38,2,2021-12-09 09:01:06
1639040466770203000,51.9,1,51.8,129,51.9,37,1,2021-12-09 09:01:06
1639040466919317000,51.9,6,51.8,129,51.9,31,1,2021-12-09 09:01:06
1639040466926958000,51.9,2,51.8,129,51.9,29,1,2021-12-09 09:01:06
1639040467006487000,51.9,2,51.8,129,51.9,27,1,2021-12-09 09:01:07
1639040467082695000,51.9,2,51.8,129,51.9,25,1,2021-12-09 09:01:07
1639040467089217000,51.9,1,51.8,129,51.9,24,1,2021-12-09 09:01:07
1639040467159169000,51.9,1,51.8,129,51.9,23,1,2021-12-09 09:01:07
1639040467211249000,51.9,1,51.8,127,51.9,22,1,2021-12-09 09:01:07
1639040467248015000,51.9,1,51.8,127,51.9,21,1,2021-12-09 09:01:07
1639040467350277000,51.9,1,51.8,127,51.9,25,1,2021-12-09 09:01:07
1639040467358656000,51.9,2,51.8,127,51.9,23,1,2021-12-09 09:01:07
1639040467368057000,51.9,1,51.8,127,51.9,22,1,2021-12-09 09:01:07
1639040467466806000,51.9,5,51.8,127,51.9,17,1,2021-12-09 09:01:07
1639040467634366000,51.9,10,51.8,127,51.9,10,1,2021-12-09 09:01:07
1639040467636969000,51.9,1,51.8,127,51.9,9,1,2021-12-09 09:01:07
1639040467673193000,51.8,1,51.8,126,51.9,9,2,2021-12-09 09:01:07
1639040467735672000,51.9,1,51.8,126,51.9,8,1,2021-12-09 09:01:07
1639040467753929000,51.9,1,51.8,126,51.9,7,1,2021-12-09 09:01:07
1639040467760762000,51.9,5,51.8,126,51.9,2,1,2021-12-09 09:01:07
1639040467776696000,51.9,2,51.9,3,52.0,163,1,2021-12-09 09:01:07
1639040467900792000,51.9,4,51.9,1,52.0,163,2,2021-12-09 09:01:07
1639040468285247000,51.9,5,51.8,133,52.0,163,2,2021-12-09 09:01:08
1639040468496334000,51.9,2,51.8,139,51.9,8,2,2021-12-09 09:01:08
1639040468502627000,51.9,2,51.8,137,51.9,6,1,2021-12-09 09:01:08
1639040468641700000,51.9,1,51.8,137,51.9,6,1,2021-12-09 09:01:08
1639040468774898000,51.9,1,51.8,137,51.9,5,1,2021-12-09 09:01:08
1639040468782705000,51.9,2,51.8,135,51.9,3,1,2021-12-09 09:01:08
1639040468786113000,51.8,1,51.8,134,51.9,3,2,2021-12-09 09:01:08
1639040468800668000,51.9,1,51.8,134,51.9,2,1,2021-12-09 09:01:08
1639040468914245000,51.9,2,51.8,134,52.0,172,1,2021-12-09 09:01:08
1639040468973875000,52.0,1,51.8,134,52.0,174,1,2021-12-09 09:01:08
1639040469100771000,51.9,1,51.8,127,52.0,174,2,2021-12-09 09:01:09
1639040469100771000,51.8,7,51.8,127,52.0,174,2,2021-12-09 09:01:09
1639040469260858000,51.9,6,51.8,134,52.0,171,1,2021-12-09 09:01:09
1639040469308883000,52.0,4,51.8,136,52.0,167,1,2021-12-09 09:01:09
1639040469402747000,51.9,2,51.8,138,51.9,3,2,2021-12-09 09:01:09
1639040469427804000,51.9,1,51.8,138,51.9,2,1,2021-12-09 09:01:09
1639040469510881000,51.9,1,51.8,138,51.9,1,1,2021-12-09 09:01:09
1639040469600032000,51.9,1,51.8,137,52.0,167,1,2021-12-09 09:01:09
1639040469748635000,51.9,1,51.9,1,52.0,167,2,2021-12-09 09:01:09
1639040469778264000,52.0,2,51.9,1,52.0,165,1,2021-12-09 09:01:09
1639040469923900000,52.0,1,51.9,2,52.0,156,1,2021-12-09 09:01:09
1639040469969317000,51.9,1,51.9,1,52.0,156,2,2021-12-09 09:01:09
1639040469998479000,51.9,1,51.8,139,52.0,156,2,2021-12-09 09:01:09
1639040470357516000,52.0,2,51.9,9,52.0,164,1,2021-12-09 09:01:10
1639040470374154000,51.9,2,51.9,8,52.0,164,2,2021-12-09 09:01:10
1639040470812445000,51.9,9,51.8,151,52.0,164,2,2021-12-09 09:01:10
1639040470841311000,52.0,10,51.8,151,52.0,154,1,2021-12-09 09:01:10
1639040471358560000,51.9,4,51.8,150,52.0,154,2,2021-12-09 09:01:11
1639040471614654000,52.0,5,51.9,1,52.0,149,1,2021-12-09 09:01:11
1639040471995361000,51.9,1,51.8,155,52.0,150,2,2021-12-09 09:01:11
1639040471995361000,51.8,9,51.8,155,52.0,150,2,2021-12-09 09:01:11
1639040472177947000,51.9,1,51.8,156,52.0,150,1,2021-12-09 09:01:12
1639040472310961000,51.8,1,51.8,155,52.0,150,2,2021-12-09 09:01:12
1639040472328510000,51.8,70,51.8,85,52.0,150,2,2021-12-09 09:01:12
1639040472352928000,52.0,1,51.8,85,52.0,149,1,2021-12-09 09:01:12
1639040473060604000,52.0,20,51.9,4,52.0,126,1,2021-12-09 09:01:13
1639040473273196000,52.0,1,51.9,7,52.0,125,1,2021-12-09 09:01:13
1639040473483736000,52.0,1,51.9,7,52.0,124,1,2021-12-09 09:01:13
1639040473697621000,52.0,5,51.9,13,52.0,119,1,2021-12-09 09:01:13
1639040473702219000,51.9,1,51.9,12,52.0,119,2,2021-12-09 09:01:13
1639040474162600000,51.9,5,51.9,12,52.0,119,2,2021-12-09 09:01:14
1639040474174072000,52.0,1,51.9,12,52.0,118,1,2021-12-09 09:01:14
1639040474449639000,51.9,1,51.9,16,52.0,119,2,2021-12-09 09:01:14
1639040474522424000,51.9,1,51.9,15,52.0,119,2,2021-12-09 09:01:14
1639040474546236000,52.0,1,51.9,15,52.0,118,1,2021-12-09 09:01:14
1639040474579092000,52.0,1,51.9,16,52.0,117,1,2021-12-09 09:01:14
1639040474736470000,51.9,1,51.9,18,52.0,117,2,2021-12-09 09:01:14
1639040474770547000,51.9,2,51.9,16,52.0,117,2,2021-12-09 09:01:14
1639040474945236000,52.0,3,51.9,26,52.0,114,1,2021-12-09 09:01:14
1639040475022098000,51.9,1,51.9,25,52.0,114,2,2021-12-09 09:01:15
1639040475090086000,52.0,1,51.9,25,52.0,113,1,2021-12-09 09:01:15
1639040475279870000,52.0,1,51.9,31,52.0,112,1,2021-12-09 09:01:15
1639040475313045000,52.0,1,51.9,31,52.0,111,1,2021-12-09 09:01:15
1639040475856462000,52.0,2,51.9,38,52.0,109,1,2021-12-09 09:01:15
1639040475978701000,52.0,1,51.9,39,52.0,108,1,2021-12-09 09:01:15
1639040476105594000,52.0,1,51.9,41,52.0,107,1,2021-12-09 09:01:16
1639040476245070000,52.0,1,51.9,42,52.0,106,1,2021-12-09 09:01:16
1639040476346840000,51.9,1,51.9,41,52.0,106,2,2021-12-09 09:01:16
1639040476371605000,52.0,20,51.9,41,52.0,86,1,2021-12-09 09:01:16
1639040476407414000,52.0,5,51.9,41,52.0,81,1,2021-12-09 09:01:16
1639040476465363000,51.9,1,51.9,41,52.0,81,2,2021-12-09 09:01:16
1639040476652377000,52.0,3,51.9,48,52.0,78,1,2021-12-09 09:01:16
1639040476894552000,52.0,1,51.9,50,52.0,78,1,2021-12-09 09:01:16
1639040477098973000,51.9,3,51.9,47,52.0,78,2,2021-12-09 09:01:17
1639040477127738000,52.0,5,51.9,47,52.0,73,1,2021-12-09 09:01:17
1639040477342061000,51.9,2,51.9,45,52.0,73,2,2021-12-09 09:01:17
1639040478063842000,52.0,1,51.9,48,52.0,79,1,2021-12-09 09:01:18
1639040478416113000,52.0,1,51.9,53,52.0,78,1,2021-12-09 09:01:18
1639040478520182000,52.0,4,51.9,54,52.0,74,1,2021-12-09 09:01:18
1639040478625900000,52.0,1,51.9,56,52.0,73,1,2021-12-09 09:01:18
1639040478645986000,52.0,1,51.9,56,52.0,72,1,2021-12-09 09:01:18
1639040478843879000,52.0,2,51.9,58,52.0,70,1,2021-12-09 09:01:18
1639040478910006000,52.0,1,51.9,59,52.0,69,1,2021-12-09 09:01:18
1639040478950412000,51.9,7,51.9,52,52.0,69,2,2021-12-09 09:01:18
1639040478976104000,52.0,1,51.9,52,52.0,68,1,2021-12-09 09:01:18
1639040479097368000,52.0,1,51.9,53,52.0,68,1,2021-12-09 09:01:19
1639040479102493000,51.9,8,51.9,45,52.0,68,2,2021-12-09 09:01:19
1639040479176008000,52.0,5,51.9,46,52.0,63,1,2021-12-09 09:01:19
1639040479325278000,52.0,1,51.9,46,52.0,62,1,2021-12-09 09:01:19
1639040479628447000,51.9,2,51.9,44,52.0,62,2,2021-12-09 09:01:19
1639040479651108000,52.0,1,51.9,44,52.0,61,1,2021-12-09 09:01:19
1639040479659734000,52.0,1,51.9,44,52.0,60,1,2021-12-09 09:01:19
1639040479661934000,52.0,3,51.9,44,52.0,57,1,2021-12-09 09:01:19
1639040479762675000,52.0,2,51.9,47,52.0,55,1,2021-12-09 09:01:19
1639040479828854000,52.0,4,51.9,47,52.0,51,1,2021-12-09 09:01:19
1639040480030848000,52.0,12,51.9,49,52.0,39,1,2021-12-09 09:01:20
1639040480127089000,51.9,1,51.9,49,52.0,39,2,2021-12-09 09:01:20
1639040480165215000,52.0,1,51.9,49,52.0,38,1,2021-12-09 09:01:20
1639040480749013000,52.0,2,51.9,51,52.0,37,1,2021-12-09 09:01:20
1639040480804554000,52.0,1,51.9,51,52.0,36,1,2021-12-09 09:01:20
1639040480815207000,52.0,1,51.9,51,52.0,34,1,2021-12-09 09:01:20
1639040480815959000,52.0,1,51.9,51,52.0,34,1,2021-12-09 09:01:20
1639040480845259000,52.0,1,51.9,51,52.0,33,1,2021-12-09 09:01:20
1639040480895999000,52.0,5,51.9,53,52.0,28,1,2021-12-09 09:01:20
1639040481051751000,52.0,1,51.9,55,52.0,27,1,2021-12-09 09:01:21
1639040481055271000,52.0,1,51.9,55,52.0,26,1,2021-12-09 09:01:21
1639040481207400000,52.0,1,51.9,57,52.0,25,1,2021-12-09 09:01:21
1639040481487510000,52.0,1,51.9,57,52.0,24,1,2021-12-09 09:01:21
1639040481489044000,52.0,1,51.9,57,52.0,23,1,2021-12-09 09:01:21
1639040481524319000,52.0,5,51.9,57,52.0,18,1,2021-12-09 09:01:21
1639040481647805000,52.0,1,51.9,57,52.0,17,1,2021-12-09 09:01:21
1639040481717697000,52.0,1,51.9,57,52.0,16,1,2021-12-09 09:01:21
1639040481793507000,52.0,2,51.9,58,52.0,14,1,2021-12-09 09:01:21
1639040481813913000,52.0,4,51.9,58,52.0,10,1,2021-12-09 09:01:21
1639040481838845000,52.0,1,51.9,59,52.0,9,1,2021-12-09 09:01:21
1639040481843692000,52.0,5,51.9,59,52.0,4,1,2021-12-09 09:01:21
1639040481915611000,52.0,4,52.0,2,52.1,59,1,2021-12-09 09:01:21
1639040482023340000,52.0,3,52.0,1,52.1,59,2,2021-12-09 09:01:22
1639040482028735000,52.1,2,52.0,1,52.1,57,1,2021-12-09 09:01:22
1639040482185496000,52.1,1,52.0,2,52.1,56,1,2021-12-09 09:01:22
1639040482258442000,52.0,1,52.0,1,52.1,56,2,2021-12-09 09:01:22
1639040482580367000,52.0,7,52.0,3,52.1,56,2,2021-12-09 09:01:22
1639040483842615000,52.0,2,52.0,12,52.1,56,2,2021-12-09 09:01:23
1639040484746112000,52.0,5,52.0,19,52.1,56,2,2021-12-09 09:01:24
1639040484811101000,52.0,1,52.0,19,52.1,56,2,2021-12-09 09:01:24
1639040485058114000,52.0,1,52.0,18,52.1,56,2,2021-12-09 09:01:25
1639040485105499000,52.0,2,52.0,17,52.1,56,2,2021-12-09 09:01:25
1639040486071551000,52.0,1,52.0,67,52.1,56,2,2021-12-09 09:01:26
1639040486508698000,52.1,1,52.0,69,52.1,55,1,2021-12-09 09:01:26
1639040486518713000,52.0,2,52.0,67,52.1,55,2,2021-12-09 09:01:26
1639040486556857000,52.1,2,52.0,67,52.1,53,1,2021-12-09 09:01:26
1639040486747602000,52.0,10,52.0,57,52.1,53,2,2021-12-09 09:01:26
1639040486871421000,52.0,1,52.0,58,52.1,63,2,2021-12-09 09:01:26
1639040486891150000,52.0,58,51.9,126,52.1,63,2,2021-12-09 09:01:26
1639040486983140000,52.0,1,51.9,126,52.1,66,2,2021-12-09 09:01:26
1639040486983140000,51.9,1,51.9,126,52.1,66,2,2021-12-09 09:01:26
1639040487421811000,52.1,3,52.0,9,52.1,60,1,2021-12-09 09:01:27
1639040487528024000,52.0,1,52.0,13,52.1,60,2,2021-12-09 09:01:27
1639040487550632000,52.1,2,52.0,13,52.1,58,1,2021-12-09 09:01:27
1639040487786836000,52.1,5,52.0,16,52.1,53,1,2021-12-09 09:01:27
1639040488011565000,52.0,1,52.0,21,52.1,44,2,2021-12-09 09:01:28
1639040488533668000,52.1,9,52.0,26,52.1,35,1,2021-12-09 09:01:28
1639040488775711000,52.1,1,52.0,29,52.1,34,1,2021-12-09 09:01:28
1639040488837568000,52.0,1,52.0,28,52.1,34,2,2021-12-09 09:01:28
1639040488838533000,52.0,1,52.0,27,52.1,34,2,2021-12-09 09:01:28
1639040489094610000,52.0,8,52.0,21,52.1,34,2,2021-12-09 09:01:29
1639040489275493000,52.1,1,52.0,30,52.1,43,1,2021-12-09 09:01:29
1639040489781667000,52.0,4,52.0,39,52.1,43,2,2021-12-09 09:01:29
1639040490125974000,52.1,1,52.0,45,52.1,42,1,2021-12-09 09:01:30
1639040490216352000,52.1,2,52.0,46,52.1,40,1,2021-12-09 09:01:30
1639040490258024000,52.0,1,52.0,46,52.1,40,2,2021-12-09 09:01:30
1639040490322799000,52.1,1,52.0,48,52.1,39,1,2021-12-09 09:01:30
1639040490400617000,52.1,7,52.0,49,52.1,32,1,2021-12-09 09:01:30
1639040490452860000,52.1,3,52.0,49,52.1,29,1,2021-12-09 09:01:30
1639040490507917000,52.1,10,52.0,51,52.1,19,1,2021-12-09 09:01:30
1639040490964733000,52.1,19,52.0,57,52.2,42,1,2021-12-09 09:01:30
1639040490964733000,52.2,11,52.0,57,52.2,42,1,2021-12-09 09:01:30
1639040491004042000,52.2,5,52.0,57,52.2,37,1,2021-12-09 09:01:31
1639040491122057000,52.2,1,52.0,59,52.2,36,1,2021-12-09 09:01:31
1639040491131667000,52.0,2,52.0,57,52.2,36,2,2021-12-09 09:01:31
1639040491136485000,52.2,1,52.0,57,52.2,35,1,2021-12-09 09:01:31
1639040491309615000,52.2,4,52.0,57,52.2,31,1,2021-12-09 09:01:31
1639040491511747000,52.1,1,52.0,57,52.2,31,2,2021-12-09 09:01:31
1639040491586444000,52.1,1,52.0,59,52.2,31,2,2021-12-09 09:01:31
1639040492191624000,52.1,1,52.1,1,52.2,31,2,2021-12-09 09:01:32
1639040492359082000,52.1,2,52.0,64,52.2,31,2,2021-12-09 09:01:32
1639040492598396000,52.2,2,52.0,64,52.2,32,1,2021-12-09 09:01:32
1639040492631372000,52.0,4,52.0,61,52.2,32,2,2021-12-09 09:01:32
1639040493012137000,52.0,1,52.0,61,52.2,37,2,2021-12-09 09:01:33
1639040493385091000,52.1,2,52.1,5,52.2,37,1,2021-12-09 09:01:33
1639040493578107000,52.2,3,52.1,7,52.2,34,1,2021-12-09 09:01:33
1639040493702708000,52.1,1,52.1,6,52.2,34,2,2021-12-09 09:01:33
1639040494194705000,52.2,2,52.1,6,52.2,32,1,2021-12-09 09:01:34
1639040494227888000,52.1,1,52.1,9,52.2,32,2,2021-12-09 09:01:34
1639040494368494000,52.1,2,52.1,7,52.2,32,2,2021-12-09 09:01:34
1639040494465631000,52.2,1,52.1,7,52.2,31,1,2021-12-09 09:01:34
1639040494647376000,52.1,5,52.1,3,52.2,31,2,2021-12-09 09:01:34
1639040495273080000,52.2,31,52.2,19,52.3,93,1,2021-12-09 09:01:35
1639040496172052000,52.3,1,52.2,23,52.3,91,1,2021-12-09 09:01:36
1639040497243442000,52.3,1,52.2,25,52.3,95,1,2021-12-09 09:01:37
1639040497389935000,52.2,4,52.2,21,52.3,95,2,2021-12-09 09:01:37
1639040497720348000,52.3,2,52.2,21,52.3,98,1,2021-12-09 09:01:37
1639040498198671000,52.3,1,52.2,22,52.3,97,1,2021-12-09 09:01:38
1639040498761186000,52.2,7,52.2,15,52.3,97,2,2021-12-09 09:01:38
1639040498879242000,52.3,2,52.2,19,52.3,95,1,2021-12-09 09:01:38
1639040499091391000,52.2,8,52.2,11,52.3,95,2,2021-12-09 09:01:39
1639040499334098000,52.3,2,52.2,13,52.3,101,1,2021-12-09 09:01:39
1639040499526284000,52.3,2,52.2,14,52.3,99,1,2021-12-09 09:01:39
1639040499834723000,52.3,5,52.2,15,52.3,95,1,2021-12-09 09:01:39
1639040499905640000,52.3,1,52.2,16,52.3,94,1,2021-12-09 09:01:39
1639040499914171000,52.3,5,52.2,16,52.3,89,1,2021-12-09 09:01:39
1639040500040841000,52.3,5,52.2,19,52.3,84,1,2021-12-09 09:01:40
1639040500043116000,52.3,1,52.2,19,52.3,83,1,2021-12-09 09:01:40
1639040500179406000,52.2,19,52.1,5,52.3,83,2,2021-12-09 09:01:40
1639040500179406000,52.1,31,52.1,5,52.3,83,2,2021-12-09 09:01:40
1639040500458182000,52.3,1,52.2,3,52.3,91,1,2021-12-09 09:01:40
1639040500690030000,52.3,10,52.2,5,52.3,81,1,2021-12-09 09:01:40
1639040501075192000,52.3,1,52.2,9,52.3,80,1,2021-12-09 09:01:41
1639040501118734000,52.3,2,52.2,9,52.3,78,1,2021-12-09 09:01:41
1639040501214356000,52.3,1,52.2,9,52.3,77,1,2021-12-09 09:01:41
1639040501250439000,52.2,1,52.2,8,52.3,77,2,2021-12-09 09:01:41
1639040501266472000,52.3,1,52.2,8,52.3,76,1,2021-12-09 09:01:41
1639040501269611000,52.3,3,52.2,8,52.3,73,1,2021-12-09 09:01:41
1639040501295588000,52.3,1,52.2,8,52.3,72,1,2021-12-09 09:01:41
1639040501399481000,52.3,1,52.2,8,52.3,71,1,2021-12-09 09:01:41
1639040501592357000,52.2,1,52.2,8,52.3,71,2,2021-12-09 09:01:41
1639040501769737000,52.3,1,52.2,10,52.3,70,1,2021-12-09 09:01:41
1639040501817972000,52.3,1,52.2,10,52.3,69,1,2021-12-09 09:01:41
1639040502014035000,52.2,10,52.2,1,52.3,69,2,2021-12-09 09:01:42
1639040502125727000,52.3,3,52.2,1,52.3,66,1,2021-12-09 09:01:42
1639040502145731000,52.3,20,52.2,1,52.3,46,1,2021-12-09 09:01:42
1639040502148194000,52.3,1,52.2,1,52.3,44,1,2021-12-09 09:01:42
1639040502148824000,52.3,1,52.2,1,52.3,44,1,2021-12-09 09:01:42
1639040502207617000,52.3,1,52.2,1,52.3,35,1,2021-12-09 09:01:42
1639040502252613000,52.2,1,52.1,7,52.3,35,2,2021-12-09 09:01:42
1639040502308093000,52.1,7,52.0,111,52.3,35,2,2021-12-09 09:01:42
1639040502308093000,52.0,73,52.0,111,52.3,35,2,2021-12-09 09:01:42
1639040502773630000,52.3,1,52.2,5,52.3,34,1,2021-12-09 09:01:42
1639040502823719000,52.2,7,52.0,111,52.1,3,2,2021-12-09 09:01:42
1639040502833867000,52.1,1,52.0,111,52.1,2,2,2021-12-09 09:01:42
1639040502838838000,52.1,1,52.0,111,52.1,1,1,2021-12-09 09:01:42
1639040502850169000,52.1,1,52.0,111,52.3,34,1,2021-12-09 09:01:42
1639040502879590000,52.2,5,52.0,111,52.2,24,1,2021-12-09 09:01:42
1639040502922520000,52.2,1,52.0,111,52.2,23,1,2021-12-09 09:01:42
1639040503049938000,52.2,1,52.0,111,52.2,22,1,2021-12-09 09:01:43
1639040503097803000,52.2,1,52.0,111,52.2,21,1,2021-12-09 09:01:43
1639040503107273000,52.2,1,52.0,112,52.2,20,1,2021-12-09 09:01:43
1639040503155288000,52.1,1,52.0,112,52.2,22,2,2021-12-09 09:01:43
1639040503283070000,52.2,1,52.0,113,52.2,26,1,2021-12-09 09:01:43
1639040503357608000,52.2,1,52.0,113,52.2,25,1,2021-12-09 09:01:43
1639040503380829000,52.2,1,52.0,113,52.2,24,1,2021-12-09 09:01:43
1639040503454597000,52.2,2,52.0,113,52.2,22,1,2021-12-09 09:01:43
1639040503552496000,52.2,2,52.1,1,52.2,20,1,2021-12-09 09:01:43
1639040503586375000,52.2,5,52.1,1,52.2,15,1,2021-12-09 09:01:43
1639040503666783000,52.1,1,52.0,114,52.2,15,2,2021-12-09 09:01:43
1639040503674333000,52.2,1,52.0,114,52.2,14,1,2021-12-09 09:01:43
1639040503701451000,52.2,1,52.0,114,52.2,13,1,2021-12-09 09:01:43
1639040503750777000,52.2,1,52.0,114,52.2,12,1,2021-12-09 09:01:43
1639040503778484000,52.2,1,52.0,114,52.2,11,1,2021-12-09 09:01:43
1639040503878501000,52.2,5,52.0,114,52.2,6,1,2021-12-09 09:01:43
1639040503942701000,52.2,1,52.0,115,52.2,5,1,2021-12-09 09:01:43
1639040504020789000,52.2,1,52.0,115,52.2,4,1,2021-12-09 09:01:44
1639040504035398000,52.2,4,52.0,115,52.3,38,1,2021-12-09 09:01:44
1639040504035398000,52.3,6,52.0,115,52.3,38,1,2021-12-09 09:01:44
1639040504312240000,52.3,4,52.0,115,52.3,37,1,2021-12-09 09:01:44
1639040504443801000,52.3,4,52.0,116,52.3,33,1,2021-12-09 09:01:44
1639040504594164000,52.3,3,52.0,131,52.3,32,1,2021-12-09 09:01:44
1639040504919112000,52.2,1,52.1,4,52.2,5,2,2021-12-09 09:01:44
1639040504966306000,52.2,1,52.1,4,52.2,4,1,2021-12-09 09:01:44
1639040505037055000,52.2,1,52.1,4,52.2,3,1,2021-12-09 09:01:45
1639040505066499000,52.2,2,52.1,4,52.2,1,1,2021-12-09 09:01:45
1639040505135387000,52.2,1,52.1,5,52.3,25,1,2021-12-09 09:01:45
1639040505135387000,52.3,4,52.1,5,52.3,25,1,2021-12-09 09:01:45
1639040505334089000,52.3,8,52.2,2,52.3,18,1,2021-12-09 09:01:45
1639040505419079000,52.3,1,52.2,2,52.3,17,1,2021-12-09 09:01:45
1639040505486881000,52.2,1,52.2,1,52.3,17,2,2021-12-09 09:01:45
1639040506029024000,52.3,1,52.2,4,52.3,16,1,2021-12-09 09:01:46
1639040506068492000,52.2,1,52.2,3,52.3,21,2,2021-12-09 09:01:46
1639040506322722000,52.3,2,52.2,3,52.3,23,1,2021-12-09 09:01:46
1639040506831040000,52.3,3,52.2,4,52.3,21,1,2021-12-09 09:01:46
1639040506934041000,52.3,2,52.2,5,52.3,19,1,2021-12-09 09:01:46
1639040506978201000,52.2,4,52.2,1,52.3,19,2,2021-12-09 09:01:46
1639040507155984000,52.3,1,52.2,20,52.3,18,1,2021-12-09 09:01:47
1639040507453211000,52.3,2,52.2,23,52.3,16,1,2021-12-09 09:01:47
1639040507551113000,52.3,1,52.2,23,52.3,15,1,2021-12-09 09:01:47
1639040507925556000,52.3,1,52.2,34,52.3,16,1,2021-12-09 09:01:47
1639040508242614000,52.2,1,52.2,34,52.3,16,2,2021-12-09 09:01:48
1639040508305795000,52.3,1,52.2,34,52.3,16,1,2021-12-09 09:01:48
1639040508440073000,52.2,1,52.2,34,52.3,16,2,2021-12-09 09:01:48
1639040508449968000,52.2,34,52.1,15,52.3,16,2,2021-12-09 09:01:48
1639040508449968000,52.1,6,52.1,15,52.3,16,2,2021-12-09 09:01:48
1639040508577399000,52.3,1,52.2,1,52.3,23,1,2021-12-09 09:01:48
1639040508590646000,52.3,1,52.2,1,52.3,22,1,2021-12-09 09:01:48
1639040508597592000,52.3,1,52.2,1,52.3,21,1,2021-12-09 09:01:48
1639040508691586000,52.3,1,52.2,1,52.3,20,1,2021-12-09 09:01:48
1639040509084219000,52.2,5,52.2,1,52.3,31,2,2021-12-09 09:01:49
1639040509152231000,52.2,1,52.1,4,52.3,31,2,2021-12-09 09:01:49
1639040509195354000,52.3,3,52.1,4,52.3,28,1,2021-12-09 09:01:49
1639040509415125000,52.3,10,52.1,4,52.3,21,1,2021-12-09 09:01:49
1639040509464946000,52.3,4,52.1,4,52.3,17,1,2021-12-09 09:01:49
1639040509483641000,52.3,1,52.1,4,52.3,16,1,2021-12-09 09:01:49
1639040509643369000,52.3,1,52.1,4,52.3,12,1,2021-12-09 09:01:49
1639040509694522000,52.3,3,52.1,4,52.3,9,1,2021-12-09 09:01:49
1639040509781130000,52.3,1,52.1,4,52.3,7,1,2021-12-09 09:01:49
1639040509781305000,52.3,1,52.1,4,52.3,7,1,2021-12-09 09:01:49
1639040509797955000,52.3,5,52.1,4,52.3,2,1,2021-12-09 09:01:49
1639040510070225000,52.3,2,52.3,1,52.4,70,1,2021-12-09 09:01:50
1639040510185737000,52.3,1,52.1,4,52.4,70,2,2021-12-09 09:01:50
1639040510285359000,52.2,1,52.1,4,52.4,73,2,2021-12-09 09:01:50
1639040510528635000,52.3,1,52.1,18,52.4,73,1,2021-12-09 09:01:50
1639040510614962000,52.3,5,52.1,18,52.4,73,2,2021-12-09 09:01:50
1639040510756785000,52.4,20,52.1,21,52.4,53,1,2021-12-09 09:01:50
1639040510958974000,52.3,1,52.2,18,52.3,9,2,2021-12-09 09:01:50
1639040511316473000,52.3,1,52.2,21,52.3,15,1,2021-12-09 09:01:51
1639040511364649000,52.3,1,52.2,21,52.3,14,1,2021-12-09 09:01:51
1639040511490181000,52.3,4,52.2,25,52.3,10,1,2021-12-09 09:01:51
1639040511817879000,52.3,1,52.2,25,52.3,9,1,2021-12-09 09:01:51
1639040511821900000,52.3,1,52.2,25,52.3,8,1,2021-12-09 09:01:51
1639040511944210000,52.3,5,52.2,25,52.3,3,1,2021-12-09 09:01:51
1639040511953370000,52.3,1,52.2,25,52.3,2,1,2021-12-09 09:01:51
1639040512425981000,52.3,1,52.2,30,52.3,3,1,2021-12-09 09:01:52
1639040512645516000,52.3,1,52.2,30,52.3,2,1,2021-12-09 09:01:52
1639040512991064000,52.3,1,52.2,32,52.3,1,1,2021-12-09 09:01:52
1639040513021754000,52.3,1,52.2,32,52.4,50,1,2021-12-09 09:01:53
1639040513067600000,52.4,1,52.2,32,52.4,49,1,2021-12-09 09:01:53
1639040513076827000,52.4,5,52.2,32,52.4,44,1,2021-12-09 09:01:53
1639040513144385000,52.4,1,52.2,32,52.4,43,1,2021-12-09 09:01:53
1639040513265507000,52.3,1,52.2,32,52.4,43,2,2021-12-09 09:01:53
1639040513308184000,52.4,1,52.2,32,52.4,42,1,2021-12-09 09:01:53
1639040513613194000,52.4,3,52.2,32,52.4,39,1,2021-12-09 09:01:53
1639040514191473000,52.4,3,52.3,4,52.4,36,1,2021-12-09 09:01:54
1639040514456579000,52.4,2,52.3,7,52.4,34,1,2021-12-09 09:01:54
1639040515257023000,52.3,3,52.3,9,52.4,34,2,2021-12-09 09:01:55
1639040515327732000,52.4,1,52.3,9,52.4,33,1,2021-12-09 09:01:55
1639040515496258000,52.4,1,52.3,9,52.4,32,1,2021-12-09 09:01:55
1639040515836740000,52.4,1,52.3,12,52.4,31,1,2021-12-09 09:01:55
1639040516016951000,52.4,1,52.3,12,52.4,30,1,2021-12-09 09:01:56
1639040516128344000,52.3,1,52.3,21,52.4,30,2,2021-12-09 09:01:56
1639040516168848000,52.4,10,52.3,21,52.4,20,1,2021-12-09 09:01:56
1639040516177432000,52.4,1,52.3,21,52.4,19,1,2021-12-09 09:01:56
1639040516228257000,52.4,2,52.3,21,52.4,18,1,2021-12-09 09:01:56
1639040516435584000,52.3,1,52.3,20,52.4,18,2,2021-12-09 09:01:56
1639040516448226000,52.3,1,52.3,19,52.4,18,2,2021-12-09 09:01:56
1639040516634749000,52.4,1,52.3,19,52.4,18,1,2021-12-09 09:01:56
1639040516646225000,52.4,10,52.3,19,52.4,8,1,2021-12-09 09:01:56
1639040516666903000,52.4,5,52.3,19,52.4,3,1,2021-12-09 09:01:56
1639040516741674000,52.4,1,52.3,19,52.4,2,1,2021-12-09 09:01:56
1639040517059104000,52.4,1,52.3,38,52.4,1,1,2021-12-09 09:01:57
1639040517331721000,52.4,1,52.4,2,52.5,99,1,2021-12-09 09:01:57
1639040517938271000,52.4,1,52.4,16,52.5,106,2,2021-12-09 09:01:57
1639040518104055000,52.4,1,52.4,17,52.5,106,2,2021-12-09 09:01:58
1639040518426570000,52.4,7,52.4,18,52.5,106,2,2021-12-09 09:01:58
1639040518441199000,52.5,2,52.4,18,52.5,104,1,2021-12-09 09:01:58
1639040518924614000,52.4,8,52.4,20,52.5,104,2,2021-12-09 09:01:58
1639040519033063000,52.5,15,52.4,20,52.5,89,1,2021-12-09 09:01:59
1639040519049536000,52.4,16,52.4,4,52.5,89,2,2021-12-09 09:01:59
1639040519084442000,52.4,4,52.3,70,52.5,82,2,2021-12-09 09:01:59
1639040519165924000,52.3,1,52.3,69,52.5,82,2,2021-12-09 09:01:59
1639040519522968000,52.4,1,52.4,3,52.5,82,1,2021-12-09 09:01:59
1639040519624162000,52.4,3,52.3,70,52.4,4,2,2021-12-09 09:01:59
1639040519654027000,52.3,1,52.3,69,52.4,4,2,2021-12-09 09:01:59
1639040519725943000,52.3,2,52.3,68,52.4,4,2,2021-12-09 09:01:59
1639040519852549000,52.4,3,52.3,68,52.4,1,1,2021-12-09 09:01:59
1639040520127996000,52.4,1,52.3,54,52.5,81,1,2021-12-09 09:02:00
1639040520314856000,52.4,1,52.3,55,52.4,5,1,2021-12-09 09:02:00
1639040520553349000,52.4,5,52.3,57,52.5,82,1,2021-12-09 09:02:00
1639040521068051000,52.4,3,52.3,57,52.4,7,2,2021-12-09 09:02:01
1639040521178049000,52.4,3,52.3,57,52.4,4,1,2021-12-09 09:02:01
1639040521239148000,52.4,3,52.3,57,52.4,1,1,2021-12-09 09:02:01
1639040521258466000,52.4,1,52.3,57,52.5,82,1,2021-12-09 09:02:01
1639040521461616000,52.5,1,52.4,3,52.5,81,1,2021-12-09 09:02:01
1639040521677900000,52.5,4,52.4,3,52.5,77,1,2021-12-09 09:02:01
1639040521815665000,52.5,3,52.4,3,52.5,74,1,2021-12-09 09:02:01
1639040521946946000,52.4,4,52.3,78,52.4,1,2,2021-12-09 09:02:01
1639040522061772000,52.4,1,52.3,79,52.5,74,1,2021-12-09 09:02:02
1639040522086853000,52.5,3,52.3,79,52.5,71,1,2021-12-09 09:02:02
1639040522088607000,52.5,1,52.3,79,52.5,70,1,2021-12-09 09:02:02
1639040522425784000,52.4,1,52.3,79,52.5,71,2,2021-12-09 09:02:02
1639040522506234000,52.4,1,52.3,79,52.5,70,1,2021-12-09 09:02:02
1639040522506234000,52.5,1,52.3,79,52.5,70,1,2021-12-09 09:02:02
1639040522613905000,52.3,1,52.3,78,52.5,70,2,2021-12-09 09:02:02
1639040522622880000,52.5,4,52.3,78,52.5,66,1,2021-12-09 09:02:02
1639040522650872000,52.4,1,52.3,78,52.5,66,2,2021-12-09 09:02:02
1639040522682893000,52.5,10,52.3,78,52.5,56,1,2021-12-09 09:02:02
1639040522876345000,52.5,1,52.4,1,52.5,55,1,2021-12-09 09:02:02
1639040523415313000,52.4,10,52.3,84,52.5,62,2,2021-12-09 09:02:03
1639040523499326000,52.4,1,52.4,15,52.5,62,1,2021-12-09 09:02:03
1639040523528065000,52.4,1,52.4,14,52.5,62,2,2021-12-09 09:02:03
1639040523559349000,52.5,1,52.4,14,52.5,61,1,2021-12-09 09:02:03
1639040524013607000,52.5,1,52.4,18,52.5,61,1,2021-12-09 09:02:04
1639040524273169000,52.4,1,52.4,23,52.5,74,2,2021-12-09 09:02:04
1639040524420380000,52.4,4,52.4,23,52.5,75,2,2021-12-09 09:02:04
1639040524606020000,52.5,1,52.4,25,52.5,74,1,2021-12-09 09:02:04
1639040525263090000,52.4,1,52.4,32,52.5,77,2,2021-12-09 09:02:05
1639040525330873000,52.5,1,52.4,32,52.5,76,1,2021-12-09 09:02:05
1639040525480312000,52.5,1,52.4,32,52.5,75,1,2021-12-09 09:02:05
1639040525529944000,52.5,1,52.4,32,52.5,74,1,2021-12-09 09:02:05
1639040525573495000,52.5,10,52.4,33,52.5,64,1,2021-12-09 09:02:05
1639040525957874000,52.5,1,52.4,35,52.5,64,1,2021-12-09 09:02:05
1639040526059611000,52.4,10,52.4,31,52.5,64,2,2021-12-09 09:02:06
1639040526385899000,52.5,1,52.4,31,52.5,63,1,2021-12-09 09:02:06
1639040526547445000,52.5,2,52.4,32,52.5,62,1,2021-12-09 09:02:06
1639040526560105000,52.4,1,52.4,31,52.5,62,2,2021-12-09 09:02:06
1639040526562878000,52.4,15,52.4,16,52.5,62,2,2021-12-09 09:02:06
1639040526564384000,52.5,1,52.4,16,52.5,61,1,2021-12-09 09:02:06
1639040526634380000,52.5,3,52.4,16,52.5,58,1,2021-12-09 09:02:06
1639040526763680000,52.5,1,52.4,16,52.5,57,1,2021-12-09 09:02:06
1639040526985730000,52.4,1,52.4,20,52.5,57,2,2021-12-09 09:02:06
1639040527019379000,52.5,2,52.4,20,52.5,55,1,2021-12-09 09:02:07
1639040527071411000,52.5,1,52.4,20,52.5,54,1,2021-12-09 09:02:07
1639040527171243000,52.5,2,52.4,20,52.5,52,1,2021-12-09 09:02:07
1639040527183501000,52.5,1,52.4,20,52.5,51,1,2021-12-09 09:02:07
1639040527245138000,52.5,1,52.4,21,52.5,50,1,2021-12-09 09:02:07
1639040527409889000,52.5,2,52.4,21,52.5,49,1,2021-12-09 09:02:07
1639040527413806000,52.4,1,52.4,20,52.5,49,2,2021-12-09 09:02:07
1639040527448560000,52.4,3,52.4,18,52.5,49,2,2021-12-09 09:02:07
1639040527456350000,52.5,1,52.4,18,52.5,48,1,2021-12-09 09:02:07
1639040527458944000,52.5,1,52.4,18,52.5,47,1,2021-12-09 09:02:07
1639040528108147000,52.5,1,52.4,25,52.5,46,1,2021-12-09 09:02:08
1639040528302474000,52.5,1,52.4,27,52.5,55,1,2021-12-09 09:02:08
1639040528305775000,52.5,2,52.4,27,52.5,53,1,2021-12-09 09:02:08
1639040528633925000,52.4,1,52.4,29,52.5,57,2,2021-12-09 09:02:08
1639040528697597000,52.5,1,52.4,29,52.5,57,1,2021-12-09 09:02:08
1639040528749749000,52.4,2,52.4,29,52.5,57,2,2021-12-09 09:02:08
1639040528920372000,52.5,1,52.4,31,52.5,56,1,2021-12-09 09:02:08
1639040529074319000,52.4,8,52.4,23,52.5,56,2,2021-12-09 09:02:09
1639040529263828000,52.5,1,52.4,35,52.5,56,1,2021-12-09 09:02:09
1639040529429415000,52.4,35,52.4,1,52.5,56,2,2021-12-09 09:02:09
1639040529523913000,52.5,1,52.4,1,52.5,55,1,2021-12-09 09:02:09
1639040529640151000,52.5,1,52.4,1,52.5,54,1,2021-12-09 09:02:09
1639040529731007000,52.5,2,52.4,1,52.5,52,1,2021-12-09 09:02:09
1639040529862577000,52.5,1,52.4,2,52.5,52,1,2021-12-09 09:02:09
1639040529870109000,52.5,10,52.4,2,52.5,42,1,2021-12-09 09:02:09
1639040529909138000,52.5,1,52.4,4,52.5,41,1,2021-12-09 09:02:09
1639040530221202000,52.5,2,52.4,5,52.5,39,1,2021-12-09 09:02:10
1639040530306990000,52.5,1,52.4,5,52.5,38,1,2021-12-09 09:02:10
1639040530402864000,52.5,10,52.4,5,52.5,28,1,2021-12-09 09:02:10
1639040530427939000,52.4,6,52.3,110,52.4,4,2,2021-12-09 09:02:10
1639040530513259000,52.4,4,52.4,2,52.5,28,1,2021-12-09 09:02:10
1639040530706868000,52.5,1,52.4,4,52.5,29,1,2021-12-09 09:02:10
1639040530789280000,52.4,4,52.3,110,52.4,3,2,2021-12-09 09:02:10
1639040530880264000,52.4,1,52.3,110,52.4,2,1,2021-12-09 09:02:10
1639040531089400000,52.4,1,52.3,110,52.4,1,1,2021-12-09 09:02:11
1639040531268219000,52.4,11,52.3,110,52.5,34,1,2021-12-09 09:02:11
1639040531268219000,52.5,11,52.3,110,52.5,34,1,2021-12-09 09:02:11
1639040531317955000,52.5,1,52.3,110,52.5,45,1,2021-12-09 09:02:11
1639040531435603000,52.5,2,52.3,110,52.5,43,1,2021-12-09 09:02:11
1639040531442163000,52.5,1,52.3,110,52.5,42,1,2021-12-09 09:02:11
1639040531536253000,52.5,1,52.4,1,52.5,41,1,2021-12-09 09:02:11
1639040531554031000,52.5,5,52.4,1,52.5,36,1,2021-12-09 09:02:11
1639040531635983000,52.4,3,52.3,109,52.4,7,2,2021-12-09 09:02:11
1639040531708459000,52.4,5,52.3,109,52.4,2,1,2021-12-09 09:02:11
1639040531748775000,52.4,1,52.3,109,52.4,1,1,2021-12-09 09:02:11
1639040531854545000,52.4,1,52.3,109,52.5,32,1,2021-12-09 09:02:11
1639040531854545000,52.5,4,52.3,109,52.5,32,1,2021-12-09 09:02:11
1639040531951570000,52.3,1,52.3,108,52.4,1,2,2021-12-09 09:02:11
1639040531971896000,52.4,1,52.3,108,52.5,32,1,2021-12-09 09:02:11
1639040532293221000,52.4,2,52.3,108,52.4,8,1,2021-12-09 09:02:12
1639040532368360000,52.4,8,52.3,108,52.5,60,1,2021-12-09 09:02:12
1639040532368360000,52.5,2,52.3,108,52.5,60,1,2021-12-09 09:02:12
1639040532376733000,52.5,2,52.3,108,52.5,58,1,2021-12-09 09:02:12
1639040532416244000,52.5,8,52.3,108,52.5,50,1,2021-12-09 09:02:12
1639040532552054000,52.4,5,52.4,1,52.5,43,2,2021-12-09 09:02:12
1639040532727852000,52.5,2,52.4,1,52.5,41,1,2021-12-09 09:02:12
1639040532746369000,52.5,1,52.4,1,52.5,40,1,2021-12-09 09:02:12
1639040532801675000,52.5,1,52.4,1,52.5,39,1,2021-12-09 09:02:12
1639040532802283000,52.5,1,52.4,1,52.5,38,1,2021-12-09 09:02:12
1639040532856701000,52.4,1,52.3,111,52.5,38,2,2021-12-09 09:02:12
1639040532917653000,52.5,3,52.3,111,52.5,35,1,2021-12-09 09:02:12
1639040533045369000,52.3,1,52.3,110,52.5,35,2,2021-12-09 09:02:13
1639040533046240000,52.5,3,52.3,110,52.5,32,1,2021-12-09 09:02:13
1639040533047728000,52.5,5,52.3,110,52.5,27,1,2021-12-09 09:02:13
1639040533273070000,52.5,8,52.4,3,52.5,20,1,2021-12-09 09:02:13
1639040533681098000,52.4,1,52.4,5,52.5,20,2,2021-12-09 09:02:13
1639040533797934000,52.5,20,52.4,5,52.6,48,1,2021-12-09 09:02:13
1639040534060217000,52.5,1,52.5,1,52.6,48,2,2021-12-09 09:02:14
1639040534254608000,52.5,1,52.4,6,52.6,48,2,2021-12-09 09:02:14
1639040534575507000,52.5,1,52.4,7,52.6,52,2,2021-12-09 09:02:14
1639040534708556000,52.4,5,52.4,2,52.6,48,2,2021-12-09 09:02:14
1639040534719948000,52.6,10,52.4,2,52.6,38,1,2021-12-09 09:02:14
1639040534741440000,52.6,5,52.4,2,52.6,33,1,2021-12-09 09:02:14
1639040535022117000,52.4,1,52.4,3,52.6,34,2,2021-12-09 09:02:15
1639040535472863000,52.6,2,52.5,21,52.6,32,1,2021-12-09 09:02:15
1639040535490459000,52.5,10,52.5,11,52.6,32,2,2021-12-09 09:02:15
1639040535917613000,52.6,5,52.5,12,52.6,27,1,2021-12-09 09:02:15
1639040536005845000,52.5,1,52.5,11,52.6,28,2,2021-12-09 09:02:16
1639040536226802000,52.5,5,52.5,6,52.6,28,2,2021-12-09 09:02:16
1639040536407186000,52.5,6,52.4,29,52.6,31,2,2021-12-09 09:02:16
1639040536766570000,52.5,1,52.4,14,52.5,6,1,2021-12-09 09:02:16
1639040536787200000,52.4,14,52.4,1,52.5,6,2,2021-12-09 09:02:16
1639040537086773000,52.5,1,52.4,4,52.5,7,1,2021-12-09 09:02:17
1639040537131794000,52.5,1,52.4,5,52.5,6,1,2021-12-09 09:02:17
1639040537449897000,52.4,2,52.4,7,52.5,8,2,2021-12-09 09:02:17
1639040537483631000,52.5,1,52.4,7,52.5,7,1,2021-12-09 09:02:17
1639040537580812000,52.4,1,52.4,6,52.5,7,2,2021-12-09 09:02:17
1639040537713379000,52.5,2,52.4,7,52.5,5,1,2021-12-09 09:02:17
1639040537874972000,52.5,1,52.4,11,52.5,4,1,2021-12-09 09:02:17
1639040537875811000,52.5,1,52.4,11,52.5,3,1,2021-12-09 09:02:17
1639040537905876000,52.4,1,52.4,10,52.5,4,2,2021-12-09 09:02:17
1639040537987652000,52.5,1,52.4,10,52.5,3,1,2021-12-09 09:02:17
1639040538149522000,52.4,3,52.4,8,52.5,3,2,2021-12-09 09:02:18
1639040538158720000,52.5,1,52.4,8,52.5,2,1,2021-12-09 09:02:18
1639040538197935000,52.5,1,52.4,8,52.5,1,1,2021-12-09 09:02:18
1639040538378276000,52.5,1,52.4,8,52.5,3,1,2021-12-09 09:02:18
1639040538508547000,52.4,10,52.4,3,52.5,3,2,2021-12-09 09:02:18
1639040538548030000,52.5,1,52.4,4,52.5,2,1,2021-12-09 09:02:18
1639040538750264000,52.5,1,52.4,4,52.5,1,1,2021-12-09 09:02:18
1639040538913023000,52.5,6,52.4,4,52.5,16,1,2021-12-09 09:02:18
1639040538973086000,52.4,4,52.3,96,52.5,16,2,2021-12-09 09:02:18
1639040539009794000,52.5,1,52.3,96,52.5,15,1,2021-12-09 09:02:19
1639040539069994000,52.3,8,52.3,88,52.5,22,2,2021-12-09 09:02:19
1639040539136053000,52.5,1,52.4,3,52.5,25,1,2021-12-09 09:02:19
1639040539275574000,52.4,1,52.4,2,52.5,25,2,2021-12-09 09:02:19
1639040539646227000,52.4,4,52.3,88,52.5,57,2,2021-12-09 09:02:19
1639040539667506000,52.5,18,52.3,88,52.5,39,1,2021-12-09 09:02:19
1639040539752605000,52.5,4,52.4,2,52.5,37,1,2021-12-09 09:02:19
1639040539824301000,52.5,1,52.4,4,52.5,36,1,2021-12-09 09:02:19
1639040539903029000,52.4,1,52.4,3,52.5,36,2,2021-12-09 09:02:19
1639040539932124000,52.5,1,52.4,3,52.5,35,1,2021-12-09 09:02:19
1639040539951513000,52.5,2,52.4,3,52.5,33,1,2021-12-09 09:02:19
1639040540084175000,52.4,3,52.3,76,52.5,33,2,2021-12-09 09:02:20
1639040540084175000,52.3,7,52.3,76,52.5,33,2,2021-12-09 09:02:20
1639040540177391000,52.4,1,52.4,4,52.5,37,1,2021-12-09 09:02:20
1639040540242580000,52.5,2,52.4,4,52.5,32,1,2021-12-09 09:02:20
1639040540293274000,52.4,5,52.3,55,52.5,32,2,2021-12-09 09:02:20
1639040540293274000,52.3,22,52.3,55,52.5,32,2,2021-12-09 09:02:20
1639040540327387000,52.5,2,52.3,55,52.5,30,1,2021-12-09 09:02:20
1639040540510335000,52.3,1,52.3,54,52.5,34,2,2021-12-09 09:02:20
1639040540828523000,52.5,1,52.4,8,52.5,29,1,2021-12-09 09:02:20
1639040540856657000,52.5,4,52.4,8,52.5,25,1,2021-12-09 09:02:20
1639040541012041000,52.4,1,52.4,7,52.5,30,2,2021-12-09 09:02:21
1639040541160479000,52.5,1,52.4,7,52.5,30,1,2021-12-09 09:02:21
1639040541339183000,52.4,1,52.4,12,52.5,33,2,2021-12-09 09:02:21
1639040541499064000,52.5,1,52.4,12,52.5,50,1,2021-12-09 09:02:21
1639040541558042000,52.4,12,52.3,49,52.5,50,2,2021-12-09 09:02:21
1639040541595536000,52.3,49,52.2,61,52.5,51,2,2021-12-09 09:02:21
1639040541624743000,52.5,1,52.2,61,52.5,50,1,2021-12-09 09:02:21
1639040541747496000,52.5,1,52.2,61,52.5,53,1,2021-12-09 09:02:21
1639040541889619000,52.5,1,52.2,61,52.5,52,1,2021-12-09 09:02:21
1639040541956848000,52.4,1,52.2,61,52.5,52,2,2021-12-09 09:02:21
1639040542206618000,52.4,1,52.2,61,52.5,48,2,2021-12-09 09:02:22
1639040542340421000,52.4,1,52.2,61,52.5,48,2,2021-12-09 09:02:22
1639040542441953000,52.5,1,52.2,60,52.5,51,1,2021-12-09 09:02:22
1639040542634849000,52.5,4,52.2,60,52.5,43,1,2021-12-09 09:02:22
1639040542709276000,52.5,1,52.4,5,52.5,42,1,2021-12-09 09:02:22
1639040542728127000,52.4,5,52.4,1,52.5,42,2,2021-12-09 09:02:22
1639040542755242000,52.4,1,52.2,60,52.5,42,2,2021-12-09 09:02:22
1639040542799524000,52.5,5,52.2,60,52.5,37,1,2021-12-09 09:02:22
1639040543111320000,52.4,1,52.4,4,52.5,38,2,2021-12-09 09:02:23
1639040543138997000,52.4,4,52.3,2,52.5,38,2,2021-12-09 09:02:23
1639040543157605000,52.5,5,52.3,2,52.5,33,1,2021-12-09 09:02:23
1639040543298173000,52.5,1,52.3,2,52.5,33,1,2021-12-09 09:02:23
1639040543319010000,52.5,1,52.4,1,52.5,32,1,2021-12-09 09:02:23
1639040543585962000,52.5,2,52.4,2,52.5,30,1,2021-12-09 09:02:23
1639040543663883000,52.5,1,52.4,2,52.5,29,1,2021-12-09 09:02:23
1639040543759179000,52.4,2,52.3,2,52.4,8,2,2021-12-09 09:02:23
1639040544054366000,52.4,1,52.3,2,52.4,7,1,2021-12-09 09:02:24
1639040544116253000,52.4,1,52.3,2,52.4,6,1,2021-12-09 09:02:24
1639040544226436000,52.3,1,52.3,1,52.4,9,2,2021-12-09 09:02:24
1639040544357657000,52.4,1,52.3,2,52.4,8,1,2021-12-09 09:02:24
1639040544499166000,52.4,1,52.3,2,52.4,7,1,2021-12-09 09:02:24
1639040544523239000,52.4,1,52.3,2,52.4,6,1,2021-12-09 09:02:24
1639040544534277000,52.4,1,52.3,2,52.4,5,1,2021-12-09 09:02:24
1639040544556347000,52.4,1,52.3,2,52.4,4,1,2021-12-09 09:02:24
1639040545076465000,52.4,2,52.3,7,52.4,2,1,2021-12-09 09:02:25
1639040545395699000,52.4,2,52.3,8,52.5,29,1,2021-12-09 09:02:25
1639040545395699000,52.5,3,52.3,8,52.5,29,1,2021-12-09 09:02:25
1639040545689102000,52.4,1,52.4,1,52.5,29,2,2021-12-09 09:02:25
1639040545879579000,52.5,10,52.4,1,52.5,19,1,2021-12-09 09:02:25
1639040546245569000,52.4,2,52.3,10,52.4,3,2,2021-12-09 09:02:26
1639040546406000000,52.3,10,52.2,162,52.4,7,2,2021-12-09 09:02:26
1639040546510638000,52.2,1,52.2,161,52.4,7,2,2021-12-09 09:02:26
1639040546547052000,52.4,1,52.2,161,52.4,6,1,2021-12-09 09:02:26
1639040546707237000,52.4,1,52.2,161,52.4,5,1,2021-12-09 09:02:26
1639040546921175000,52.3,1,52.3,1,52.4,5,2,2021-12-09 09:02:26
1639040548002416000,52.4,1,52.3,1,52.4,7,1,2021-12-09 09:02:28
1639040548014325000,52.4,2,52.3,1,52.4,5,1,2021-12-09 09:02:28
1639040548180371000,52.4,5,52.3,1,52.5,22,1,2021-12-09 09:02:28
1639040548180371000,52.5,1,52.3,1,52.5,22,1,2021-12-09 09:02:28
1639040548287489000,52.4,2,52.3,4,52.5,29,2,2021-12-09 09:02:28
1639040548566379000,52.4,5,52.3,4,52.4,6,1,2021-12-09 09:02:28
1639040548656611000,52.4,1,52.3,20,52.4,6,1,2021-12-09 09:02:28
1639040548687902000,52.4,1,52.3,20,52.4,5,1,2021-12-09 09:02:28
1639040548908203000,52.4,3,52.3,20,52.4,2,1,2021-12-09 09:02:28
1639040548912626000,52.4,1,52.3,20,52.4,1,1,2021-12-09 09:02:28
1639040549051618000,52.4,1,52.3,20,52.4,4,1,2021-12-09 09:02:29
1639040549073261000,52.3,8,52.3,12,52.4,4,2,2021-12-09 09:02:29
1639040549216340000,52.3,1,52.3,12,52.4,4,2,2021-12-09 09:02:29
1639040549220559000,52.4,4,52.3,12,52.5,14,1,2021-12-09 09:02:29
1639040549220559000,52.5,16,52.3,12,52.5,14,1,2021-12-09 09:02:29
1639040549877547000,52.3,2,52.3,15,52.4,1,2,2021-12-09 09:02:29
1639040549973008000,52.4,1,52.4,4,52.5,8,1,2021-12-09 09:02:29
1639040550008340000,52.4,4,52.3,15,52.5,8,2,2021-12-09 09:02:30
1639040550135317000,52.5,5,52.3,16,52.5,3,1,2021-12-09 09:02:30
1639040550153544000,52.4,1,52.4,4,52.5,3,2,2021-12-09 09:02:30
1639040550165002000,52.4,3,52.4,1,52.5,3,2,2021-12-09 09:02:30
1639040550196361000,52.4,1,52.3,16,52.5,3,2,2021-12-09 09:02:30
1639040550248971000,52.5,3,52.3,17,52.6,35,1,2021-12-09 09:02:30
1639040550346933000,52.6,1,52.4,1,52.6,34,1,2021-12-09 09:02:30
1639040551148777000,52.4,1,52.3,22,52.5,6,2,2021-12-09 09:02:31
1639040551222634000,52.5,1,52.4,1,52.5,5,1,2021-12-09 09:02:31
1639040551522634000,52.4,1,52.3,29,52.5,5,2,2021-12-09 09:02:31
1639040551745568000,52.5,3,52.3,29,52.5,3,1,2021-12-09 09:02:31
1639040551755369000,52.5,1,52.3,29,52.5,2,1,2021-12-09 09:02:31
1639040552006640000,52.3,16,52.3,13,52.5,8,2,2021-12-09 09:02:32
1639040552098846000,52.3,2,52.2,162,52.5,12,2,2021-12-09 09:02:32
1639040552098863000,52.3,11,52.2,162,52.5,12,2,2021-12-09 09:02:32
1639040552260838000,52.4,1,52.2,163,52.4,1,1,2021-12-09 09:02:32
1639040552413544000,52.4,1,52.4,1,52.5,8,1,2021-12-09 09:02:32
1639040552511476000,52.4,1,52.2,163,52.5,8,2,2021-12-09 09:02:32
1639040552656545000,52.5,3,52.2,163,52.5,9,1,2021-12-09 09:02:32
1639040553014633000,52.4,1,52.4,1,52.5,21,2,2021-12-09 09:02:33
1639040553036997000,52.4,1,52.3,1,52.5,21,2,2021-12-09 09:02:33
1639040553645382000,52.4,1,52.4,1,52.5,21,2,2021-12-09 09:02:33
1639040553651619000,52.4,1,52.3,4,52.5,21,2,2021-12-09 09:02:33
1639040554203218000,52.4,13,52.3,6,52.5,21,2,2021-12-09 09:02:34
1639040554291860000,52.5,1,52.3,6,52.5,20,1,2021-12-09 09:02:34
1639040555099170000,52.4,4,52.3,12,52.5,23,2,2021-12-09 09:02:35
1639040555163079000,52.5,2,52.3,13,52.5,27,1,2021-12-09 09:02:35
1639040555316291000,52.5,1,52.4,12,52.5,27,1,2021-12-09 09:02:35
1639040555621058000,52.5,10,52.4,12,52.5,17,1,2021-12-09 09:02:35
1639040555815255000,52.5,1,52.4,13,52.5,16,1,2021-12-09 09:02:35
1639040556091056000,52.5,1,52.4,13,52.5,17,1,2021-12-09 09:02:36
1639040556350833000,52.4,5,52.4,9,52.5,14,2,2021-12-09 09:02:36
1639040556886184000,52.5,8,52.4,10,52.5,6,1,2021-12-09 09:02:36
1639040556925543000,52.5,1,52.4,10,52.5,5,1,2021-12-09 09:02:36
1639040557328070000,52.4,1,52.4,9,52.5,5,2,2021-12-09 09:02:37
1639040557368646000,52.4,9,52.3,18,52.4,1,2,2021-12-09 09:02:37
1639040557372219000,52.4,1,52.3,18,52.5,4,1,2021-12-09 09:02:37
1639040557372219000,52.5,1,52.3,18,52.5,4,1,2021-12-09 09:02:37
1639040558008161000,52.5,4,52.3,28,52.5,6,1,2021-12-09 09:02:38
1639040558151178000,52.5,1,52.3,28,52.5,15,1,2021-12-09 09:02:38
1639040558411695000,52.5,1,52.4,1,52.5,14,1,2021-12-09 09:02:38
1639040558644041000,52.5,1,52.4,11,52.5,16,1,2021-12-09 09:02:38
1639040558727655000,52.5,1,52.4,11,52.5,15,1,2021-12-09 09:02:38
1639040558736224000,52.4,4,52.4,7,52.5,15,2,2021-12-09 09:02:38
1639040558828167000,52.4,1,52.4,6,52.5,15,2,2021-12-09 09:02:38
1639040558886601000,52.5,2,52.4,22,52.5,13,1,2021-12-09 09:02:38
1639040559063339000,52.4,3,52.4,19,52.5,15,2,2021-12-09 09:02:39
1639040559102333000,52.5,1,52.4,19,52.5,14,1,2021-12-09 09:02:39
1639040559515026000,52.5,1,52.4,20,52.5,17,1,2021-12-09 09:02:39
1639040559543061000,52.4,2,52.4,18,52.5,17,2,2021-12-09 09:02:39
1639040559609371000,52.5,1,52.4,18,52.5,16,1,2021-12-09 09:02:39
1639040559885680000,52.5,1,52.4,20,52.5,15,1,2021-12-09 09:02:39
1639040559928071000,52.4,5,52.4,15,52.5,16,2,2021-12-09 09:02:39
1639040559929367000,52.5,1,52.4,15,52.5,15,1,2021-12-09 09:02:39
1639040560107311000,52.4,25,52.4,20,52.5,15,2,2021-12-09 09:02:40
1639040560147909000,52.5,1,52.4,20,52.5,14,1,2021-12-09 09:02:40
1639040560532597000,52.4,4,52.4,18,52.5,18,2,2021-12-09 09:02:40
1639040560639611000,52.5,1,52.4,18,52.5,19,1,2021-12-09 09:02:40
1639040560959645000,52.4,1,52.4,21,52.5,20,2,2021-12-09 09:02:40
1639040561372079000,52.5,1,52.4,23,52.5,22,1,2021-12-09 09:02:41
1639040561789603000,52.4,4,52.4,20,52.5,24,2,2021-12-09 09:02:41
1639040561819769000,52.5,1,52.4,20,52.5,23,1,2021-12-09 09:02:41
1639040562146042000,52.5,2,52.4,35,52.5,22,1,2021-12-09 09:02:42
1639040562195863000,52.5,1,52.4,35,52.5,21,1,2021-12-09 09:02:42
1639040562471444000,52.5,3,52.4,45,52.5,18,1,2021-12-09 09:02:42
1639040562575536000,52.5,1,52.4,45,52.5,18,1,2021-12-09 09:02:42
1639040562703134000,52.5,2,52.4,47,52.5,16,1,2021-12-09 09:02:42
1639040562913767000,52.5,1,52.4,48,52.5,15,1,2021-12-09 09:02:42
1639040562917262000,52.5,1,52.4,48,52.5,14,1,2021-12-09 09:02:42
1639040563186523000,52.5,2,52.4,49,52.5,13,1,2021-12-09 09:02:43
1639040563502877000,52.5,6,52.4,52,52.5,7,1,2021-12-09 09:02:43
1639040563601909000,52.5,1,52.4,52,52.5,6,1,2021-12-09 09:02:43
1639040563726417000,52.5,1,52.4,52,52.5,5,1,2021-12-09 09:02:43
1639040564082960000,52.4,4,52.4,51,52.5,9,2,2021-12-09 09:02:44
1639040564256066000,52.5,1,52.4,51,52.5,8,1,2021-12-09 09:02:44
1639040564288365000,52.5,1,52.4,51,52.5,7,1,2021-12-09 09:02:44
1639040564664626000,52.5,5,52.4,51,52.5,4,1,2021-12-09 09:02:44
1639040564850313000,52.5,1,52.4,53,52.5,3,1,2021-12-09 09:02:44
1639040565444030000,52.4,3,52.4,52,52.5,3,2,2021-12-09 09:02:45
1639040565910146000,52.5,1,52.4,156,52.5,5,1,2021-12-09 09:02:45
1639040565949574000,52.5,5,52.4,156,52.6,65,1,2021-12-09 09:02:45
1639040566539013000,52.5,1,52.4,159,52.5,1,1,2021-12-09 09:02:46
1639040566803777000,52.5,1,52.4,166,52.5,3,1,2021-12-09 09:02:46
1639040566906381000,52.5,1,52.4,166,52.5,5,1,2021-12-09 09:02:46
1639040567226787000,52.5,1,52.4,166,52.5,7,1,2021-12-09 09:02:47
1639040567277453000,52.4,2,52.4,164,52.5,6,2,2021-12-09 09:02:47
1639040567277848000,52.5,1,52.4,164,52.5,6,1,2021-12-09 09:02:47
1639040567391687000,52.5,1,52.4,164,52.5,15,1,2021-12-09 09:02:47
1639040567487687000,52.5,1,52.4,164,52.5,14,1,2021-12-09 09:02:47
1639040567601621000,52.4,1,52.4,164,52.5,14,2,2021-12-09 09:02:47
1639040567704202000,52.5,3,52.4,164,52.5,11,1,2021-12-09 09:02:47
1639040567719098000,52.5,1,52.4,164,52.5,10,1,2021-12-09 09:02:47
1639040568463987000,52.5,1,52.4,165,52.5,15,1,2021-12-09 09:02:48
1639040568621176000,52.5,1,52.4,165,52.5,14,1,2021-12-09 09:02:48
1639040568715677000,52.5,6,52.4,165,52.5,8,1,2021-12-09 09:02:48
1639040568882279000,52.5,5,52.4,165,52.5,3,1,2021-12-09 09:02:48
1639040568888290000,52.5,1,52.4,165,52.5,2,1,2021-12-09 09:02:48
1639040569062637000,52.5,1,52.4,165,52.5,1,1,2021-12-09 09:02:49
1639040569146042000,52.5,1,52.4,165,52.6,71,1,2021-12-09 09:02:49
1639040569229044000,52.5,1,52.4,165,52.6,65,2,2021-12-09 09:02:49
1639040569588560000,52.5,1,52.4,165,52.6,65,1,2021-12-09 09:02:49
1639040569737542000,52.5,1,52.5,1,52.6,65,2,2021-12-09 09:02:49
1639040569744488000,52.5,1,52.4,165,52.5,4,2,2021-12-09 09:02:49
1639040570007348000,52.5,2,52.4,165,52.5,2,1,2021-12-09 09:02:50
1639040570030431000,52.5,1,52.4,165,52.5,1,1,2021-12-09 09:02:50
1639040570130822000,52.5,1,52.5,4,52.6,65,1,2021-12-09 09:02:50
1639040570375038000,52.6,1,52.5,5,52.6,64,1,2021-12-09 09:02:50
1639040570414700000,52.6,1,52.5,5,52.6,63,1,2021-12-09 09:02:50
1639040570421785000,52.5,1,52.5,4,52.6,63,2,2021-12-09 09:02:50
1639040570494709000,52.5,1,52.5,4,52.6,63,2,2021-12-09 09:02:50
1639040571556542000,52.5,1,52.5,6,52.6,63,2,2021-12-09 09:02:51
1639040572600515000,52.5,6,52.4,175,52.6,73,2,2021-12-09 09:02:52
1639040572728883000,52.5,1,52.4,175,52.5,3,1,2021-12-09 09:02:52
1639040572964208000,52.5,1,52.4,176,52.5,3,1,2021-12-09 09:02:52
1639040573217329000,52.4,1,52.4,176,52.5,3,2,2021-12-09 09:02:53
1639040573656528000,52.5,2,52.4,176,52.5,3,1,2021-12-09 09:02:53
1639040573934644000,52.5,1,52.4,176,52.5,2,1,2021-12-09 09:02:53
1639040574022416000,52.5,1,52.4,176,52.5,1,1,2021-12-09 09:02:54
1639040574082193000,52.5,1,52.4,176,52.6,73,1,2021-12-09 09:02:54
1639040574492288000,52.5,1,52.5,1,52.6,74,2,2021-12-09 09:02:54
1639040574653418000,52.5,1,52.4,176,52.6,74,2,2021-12-09 09:02:54
1639040575353386000,52.5,2,52.4,176,52.5,17,1,2021-12-09 09:02:55
1639040575521344000,52.5,5,52.4,177,52.5,13,1,2021-12-09 09:02:55
1639040575567408000,52.5,1,52.4,178,52.5,12,1,2021-12-09 09:02:55
1639040575663821000,52.5,3,52.4,178,52.5,9,1,2021-12-09 09:02:55
1639040576199652000,52.4,5,52.4,174,52.5,9,2,2021-12-09 09:02:56
1639040576254294000,52.5,5,52.4,179,52.5,5,1,2021-12-09 09:02:56
1639040576276542000,52.5,1,52.4,179,52.5,4,1,2021-12-09 09:02:56
1639040576435892000,52.5,1,52.4,179,52.5,3,1,2021-12-09 09:02:56
1639040576453777000,52.5,1,52.4,179,52.5,2,1,2021-12-09 09:02:56
1639040576537926000,52.4,1,52.4,178,52.5,2,2,2021-12-09 09:02:56
1639040576544099000,52.5,2,52.5,3,52.6,74,1,2021-12-09 09:02:56
1639040576594646000,52.6,6,52.5,3,52.6,68,1,2021-12-09 09:02:56
1639040576817031000,52.5,3,52.4,179,52.6,68,2,2021-12-09 09:02:56
1639040576909850000,52.4,3,52.4,176,52.6,68,2,2021-12-09 09:02:56
1639040577023106000,52.6,3,52.4,178,52.6,65,1,2021-12-09 09:02:57
1639040577029388000,52.4,1,52.4,177,52.6,65,2,2021-12-09 09:02:57
1639040577422562000,52.5,1,52.4,177,52.6,65,1,2021-12-09 09:02:57
1639040577822861000,52.6,10,52.4,177,52.6,55,1,2021-12-09 09:02:57
1639040578167719000,52.6,5,52.4,177,52.6,50,1,2021-12-09 09:02:58
1639040578358970000,52.5,2,52.4,180,52.5,100,2,2021-12-09 09:02:58
1639040578408166000,52.4,1,52.4,179,52.5,100,2,2021-12-09 09:02:58
1639040578439290000,52.5,1,52.4,179,52.5,97,1,2021-12-09 09:02:58
1639040578439932000,52.5,2,52.4,179,52.5,97,1,2021-12-09 09:02:58
1639040578466537000,52.5,1,52.4,179,52.5,96,1,2021-12-09 09:02:58
1639040578560492000,52.5,1,52.4,179,52.5,95,1,2021-12-09 09:02:58
1639040579538194000,52.5,1,52.4,181,52.5,112,1,2021-12-09 09:02:59
1639040579568391000,52.5,1,52.4,181,52.5,111,1,2021-12-09 09:02:59
1639040580147143000,52.5,1,52.4,189,52.5,112,1,2021-12-09 09:03:00
1639040580697483000,52.5,1,52.4,190,52.5,113,1,2021-12-09 09:03:00
1639040581000451000,52.5,2,52.4,211,52.5,112,1,2021-12-09 09:03:01
1639040581432316000,52.5,10,52.4,211,52.5,102,1,2021-12-09 09:03:01
1639040581469402000,52.5,1,52.4,211,52.5,101,1,2021-12-09 09:03:01
1639040581822974000,52.4,10,52.4,203,52.5,101,2,2021-12-09 09:03:01
1639040581882839000,52.4,6,52.4,197,52.5,103,2,2021-12-09 09:03:01
1639040581928138000,52.5,2,52.4,198,52.5,101,1,2021-12-09 09:03:01
1639040581959991000,52.5,2,52.4,198,52.5,99,1,2021-12-09 09:03:01
1639040582122726000,52.4,1,52.4,197,52.5,99,2,2021-12-09 09:03:02
1639040582125404000,52.5,10,52.4,197,52.5,89,1,2021-12-09 09:03:02
1639040582238978000,52.5,5,52.4,197,52.5,84,1,2021-12-09 09:03:02
1639040582607676000,52.5,5,52.4,198,52.5,81,1,2021-12-09 09:03:02
1639040582827038000,52.4,1,52.4,197,52.5,94,2,2021-12-09 09:03:02
1639040583338668000,52.4,1,52.4,196,52.5,94,2,2021-12-09 09:03:03
1639040583418342000,52.5,1,52.4,196,52.5,93,1,2021-12-09 09:03:03
1639040583596130000,52.5,5,52.4,196,52.5,88,1,2021-12-09 09:03:03
1639040583647955000,52.5,1,52.4,196,52.5,87,1,2021-12-09 09:03:03
1639040583714823000,52.5,1,52.4,196,52.5,86,1,2021-12-09 09:03:03
1639040584117329000,52.5,5,52.4,198,52.5,84,1,2021-12-09 09:03:04
1639040584233537000,52.4,5,52.4,193,52.5,85,2,2021-12-09 09:03:04
1639040584475632000,52.5,4,52.4,193,52.5,81,1,2021-12-09 09:03:04
1639040584887245000,52.5,1,52.4,195,52.5,85,1,2021-12-09 09:03:04
1639040585263830000,52.5,3,52.4,195,52.5,82,1,2021-12-09 09:03:05
1639040585622014000,52.5,1,52.4,195,52.5,81,1,2021-12-09 09:03:05
1639040586115189000,52.5,20,52.4,195,52.5,61,1,2021-12-09 09:03:06
1639040586387605000,52.5,1,52.4,198,52.5,60,1,2021-12-09 09:03:06
1639040586623764000,52.4,3,52.4,195,52.5,61,2,2021-12-09 09:03:06
1639040586738132000,52.5,10,52.4,195,52.5,51,1,2021-12-09 09:03:06
1639040586770220000,52.4,1,52.4,194,52.5,51,2,2021-12-09 09:03:06
1639040587023927000,52.5,2,52.4,195,52.5,49,1,2021-12-09 09:03:07
1639040587192396000,52.5,1,52.4,195,52.5,49,1,2021-12-09 09:03:07
1639040587554861000,52.5,2,52.4,195,52.5,48,1,2021-12-09 09:03:07
1639040587722797000,52.4,2,52.4,193,52.5,48,2,2021-12-09 09:03:07
1639040587972940000,52.4,2,52.4,191,52.5,52,2,2021-12-09 09:03:07
1639040588013644000,52.5,1,52.4,191,52.5,51,1,2021-12-09 09:03:08
1639040588061362000,52.5,10,52.4,191,52.5,41,1,2021-12-09 09:03:08
1639040588066415000,52.5,2,52.4,191,52.5,39,1,2021-12-09 09:03:08
1639040588149613000,52.4,1,52.4,190,52.5,39,2,2021-12-09 09:03:08
1639040588312754000,52.5,1,52.4,189,52.5,38,1,2021-12-09 09:03:08
1639040588575994000,52.5,1,52.4,189,52.5,39,1,2021-12-09 09:03:08
1639040588592946000,52.5,1,52.4,189,52.5,38,1,2021-12-09 09:03:08
1639040588864895000,52.4,34,52.4,155,52.5,38,2,2021-12-09 09:03:08
1639040589660137000,52.5,1,52.4,154,52.5,39,1,2021-12-09 09:03:09
1639040589759198000,52.5,1,52.4,154,52.5,38,1,2021-12-09 09:03:09
1639040590086900000,52.5,3,52.4,154,52.5,36,1,2021-12-09 09:03:10
1639040590207146000,52.4,1,52.4,153,52.5,36,2,2021-12-09 09:03:10
1639040590377730000,52.4,1,52.4,152,52.5,33,2,2021-12-09 09:03:10
1639040590546253000,52.5,1,52.4,154,52.5,32,1,2021-12-09 09:03:10
1639040590900613000,52.5,3,52.4,156,52.5,29,1,2021-12-09 09:03:10
1639040591098874000,52.5,10,52.4,156,52.5,19,1,2021-12-09 09:03:11
1639040591164354000,52.4,1,52.4,156,52.5,19,2,2021-12-09 09:03:11
1639040591225613000,52.5,2,52.4,156,52.5,17,1,2021-12-09 09:03:11
1639040591884282000,52.4,10,52.4,147,52.5,23,2,2021-12-09 09:03:11
1639040591948318000,52.5,1,52.4,147,52.5,22,1,2021-12-09 09:03:11
1639040592126732000,52.5,1,52.4,153,52.5,21,1,2021-12-09 09:03:12
1639040592148120000,52.5,5,52.4,153,52.5,16,1,2021-12-09 09:03:12
1639040592273228000,52.5,1,52.4,153,52.5,21,1,2021-12-09 09:03:12
1639040592320824000,52.5,1,52.4,153,52.5,20,1,2021-12-09 09:03:12
1639040592407553000,52.5,1,52.4,154,52.5,19,1,2021-12-09 09:03:12
1639040592500111000,52.5,1,52.4,154,52.5,18,1,2021-12-09 09:03:12
1639040593024185000,52.5,10,52.4,155,52.5,8,1,2021-12-09 09:03:13
1639040593163208000,52.5,2,52.4,155,52.5,7,1,2021-12-09 09:03:13
1639040593415641000,52.5,1,52.4,155,52.5,6,1,2021-12-09 09:03:13
1639040593423512000,52.5,4,52.4,151,52.5,2,1,2021-12-09 09:03:13
1639040594487414000,52.5,1,52.4,159,52.5,3,1,2021-12-09 09:03:14
1639040594990079000,52.5,1,52.4,162,52.5,3,1,2021-12-09 09:03:14
1639040595109021000,52.5,1,52.4,162,52.5,2,1,2021-12-09 09:03:15
1639040595187689000,52.5,5,52.4,162,52.5,4,1,2021-12-09 09:03:15
1639040595276808000,52.5,1,52.4,162,52.5,3,1,2021-12-09 09:03:15
1639040595404919000,52.5,3,52.5,1,52.6,64,1,2021-12-09 09:03:15
1639040595431094000,52.5,1,52.4,162,52.6,64,2,2021-12-09 09:03:15
1639040595579908000,52.5,1,52.4,162,52.6,72,2,2021-12-09 09:03:15
1639040595741458000,52.5,1,52.4,162,52.5,1,2,2021-12-09 09:03:15
1639040595749574000,52.5,1,52.4,162,52.6,72,1,2021-12-09 09:03:15
1639040595914878000,52.5,1,52.5,1,52.6,72,2,2021-12-09 09:03:15
1639040595932733000,52.5,1,52.4,162,52.6,72,2,2021-12-09 09:03:15
1639040595977885000,52.5,1,52.4,162,52.5,1,2,2021-12-09 09:03:15
1639040596208229000,52.5,2,52.5,56,52.6,72,1,2021-12-09 09:03:16
1639040596423498000,52.5,1,52.5,72,52.6,72,2,2021-12-09 09:03:16
1639040596476971000,52.6,1,52.5,72,52.6,69,1,2021-12-09 09:03:16
1639040596492059000,52.5,1,52.5,71,52.6,69,2,2021-12-09 09:03:16
1639040596642187000,52.5,1,52.5,70,52.6,69,2,2021-12-09 09:03:16
1639040596677046000,52.5,1,52.5,69,52.6,69,2,2021-12-09 09:03:16
1639040597829886000,52.6,1,52.5,75,52.6,68,1,2021-12-09 09:03:17
1639040597917629000,52.5,1,52.5,74,52.6,68,2,2021-12-09 09:03:17
1639040597941286000,52.5,1,52.5,73,52.6,68,2,2021-12-09 09:03:17
1639040597985686000,52.5,1,52.5,72,52.6,68,2,2021-12-09 09:03:17
1639040598037469000,52.5,4,52.5,68,52.6,68,2,2021-12-09 09:03:18
1639040598081202000,52.5,9,52.5,59,52.6,68,2,2021-12-09 09:03:18
1639040598129962000,52.5,1,52.5,58,52.6,68,2,2021-12-09 09:03:18
1639040599055393000,52.5,1,52.5,60,52.6,70,2,2021-12-09 09:03:19
1639040600045007000,52.5,1,52.5,59,52.6,70,2,2021-12-09 09:03:20
1639040600142982000,52.6,1,52.5,60,52.6,70,1,2021-12-09 09:03:20
1639040600432932000,52.6,1,52.5,61,52.6,69,1,2021-12-09 09:03:20
1639040601066781000,52.6,1,52.5,65,52.6,68,1,2021-12-09 09:03:21
1639040601292566000,52.6,1,52.5,65,52.6,67,1,2021-12-09 09:03:21
1639040601860571000,52.5,1,52.5,65,52.6,67,2,2021-12-09 09:03:21
1639040602020894000,52.5,1,52.5,64,52.6,67,2,2021-12-09 09:03:22
1639040602585374000,52.5,1,52.5,68,52.6,68,2,2021-12-09 09:03:22
1639040602622034000,52.6,2,52.5,68,52.6,66,1,2021-12-09 09:03:22
1639040603021352000,52.6,1,52.5,68,52.6,65,1,2021-12-09 09:03:23
1639040603406903000,52.6,1,52.5,69,52.6,64,1,2021-12-09 09:03:23
1639040603875843000,52.5,1,52.5,68,52.6,67,2,2021-12-09 09:03:23
1639040604134257000,52.5,1,52.5,69,52.6,67,2,2021-12-09 09:03:24
1639040604334185000,52.5,1,52.5,69,52.6,67,2,2021-12-09 09:03:24
1639040604508711000,52.6,3,52.5,69,52.6,64,1,2021-12-09 09:03:24
1639040604567305000,52.6,1,52.5,70,52.6,63,1,2021-12-09 09:03:24
1639040604736273000,52.5,1,52.5,69,52.6,63,2,2021-12-09 09:03:24
1639040605335192000,52.6,1,52.5,86,52.6,62,1,2021-12-09 09:03:25
1639040605541534000,52.5,1,52.5,85,52.6,62,2,2021-12-09 09:03:25
1639040605724399000,52.6,30,52.5,88,52.6,33,1,2021-12-09 09:03:25
1639040605860014000,52.5,1,52.5,87,52.6,33,2,2021-12-09 09:03:25
1639040606010180000,52.6,1,52.5,87,52.6,32,1,2021-12-09 09:03:26
1639040606084181000,52.5,1,52.5,106,52.6,32,2,2021-12-09 09:03:26
1639040606173589000,52.6,1,52.5,108,52.6,31,1,2021-12-09 09:03:26
1639040606303301000,52.5,3,52.5,105,52.6,31,2,2021-12-09 09:03:26
1639040606547709000,52.5,2,52.5,103,52.6,30,2,2021-12-09 09:03:26
1639040606830086000,52.5,1,52.5,107,52.6,30,2,2021-12-09 09:03:26
1639040607180958000,52.5,1,52.5,111,52.6,38,2,2021-12-09 09:03:27
1639040607903120000,52.6,1,52.5,127,52.6,37,1,2021-12-09 09:03:27
1639040607911342000,52.6,1,52.5,127,52.6,36,1,2021-12-09 09:03:27
1639040608106445000,52.6,15,52.5,112,52.6,21,1,2021-12-09 09:03:28
1639040608247952000,52.5,1,52.5,121,52.6,21,2,2021-12-09 09:03:28
1639040608248034000,52.5,1,52.5,120,52.6,21,2,2021-12-09 09:03:28
1639040608397729000,52.6,1,52.5,120,52.6,20,1,2021-12-09 09:03:28
1639040608549680000,52.6,2,52.5,121,52.6,18,1,2021-12-09 09:03:28
1639040608692434000,52.5,2,52.5,119,52.6,18,2,2021-12-09 09:03:28
1639040608740824000,52.6,2,52.5,119,52.6,16,1,2021-12-09 09:03:28
1639040608978337000,52.6,1,52.5,121,52.6,20,1,2021-12-09 09:03:28
1639040609369269000,52.6,10,52.5,122,52.6,10,1,2021-12-09 09:03:29
1639040609822273000,52.6,1,52.5,125,52.6,9,1,2021-12-09 09:03:29
1639040610221028000,52.6,9,52.6,1,52.7,79,1,2021-12-09 09:03:30
1639040610703387000,52.6,1,52.5,128,52.7,79,2,2021-12-09 09:03:30
1639040610836707000,52.6,1,52.5,129,52.7,86,2,2021-12-09 09:03:30
1639040610954744000,52.7,1,52.5,129,52.7,85,1,2021-12-09 09:03:30
1639040611192761000,52.6,1,52.5,129,52.7,85,2,2021-12-09 09:03:31
1639040611625467000,52.6,1,52.6,1,52.7,85,2,2021-12-09 09:03:31
1639040611682353000,52.6,1,52.5,134,52.7,85,2,2021-12-09 09:03:31
1639040612279351000,52.7,1,52.6,19,52.7,77,1,2021-12-09 09:03:32
1639040613543914000,52.6,1,52.6,21,52.7,77,2,2021-12-09 09:03:33
1639040613580182000,52.6,21,52.6,1,52.7,77,2,2021-12-09 09:03:33
1639040613665430000,52.6,2,52.5,135,52.7,77,2,2021-12-09 09:03:33
1639040613665430000,52.5,8,52.5,135,52.7,77,2,2021-12-09 09:03:33
1639040613704051000,52.5,14,52.5,121,52.7,77,2,2021-12-09 09:03:33
1639040613855907000,52.7,1,52.5,121,52.7,76,1,2021-12-09 09:03:33
1639040614338935000,52.5,1,52.5,120,52.7,75,2,2021-12-09 09:03:34
1639040614364753000,52.7,2,52.5,120,52.7,73,1,2021-12-09 09:03:34
1639040614820837000,52.7,2,52.5,120,52.7,71,1,2021-12-09 09:03:34
1639040615066550000,52.6,1,52.5,120,52.6,5,2,2021-12-09 09:03:35
1639040615362149000,52.6,1,52.5,122,52.6,4,1,2021-12-09 09:03:35
1639040615801047000,52.6,4,52.6,16,52.7,89,1,2021-12-09 09:03:35
1639040615872142000,52.6,13,52.6,3,52.7,89,2,2021-12-09 09:03:35
1639040615907569000,52.6,3,52.6,1,52.7,89,2,2021-12-09 09:03:35
1639040616067900000,52.7,40,52.6,1,52.7,49,1,2021-12-09 09:03:36
1639040616648836000,52.7,1,52.6,6,52.7,47,1,2021-12-09 09:03:36
1639040616649084000,52.7,47,52.7,3,52.8,118,1,2021-12-09 09:03:36
1639040616777773000,52.7,1,52.7,2,52.8,118,2,2021-12-09 09:03:36
1639040616816071000,52.7,2,52.6,6,52.7,6,2,2021-12-09 09:03:36
1639040617070038000,52.7,1,52.6,6,52.7,5,1,2021-12-09 09:03:37
1639040617193414000,52.7,5,52.7,10,52.8,119,1,2021-12-09 09:03:37
1639040617305648000,52.7,4,52.7,6,52.8,119,2,2021-12-09 09:03:37
1639040617541745000,52.7,1,52.7,7,52.8,139,2,2021-12-09 09:03:37
1639040617738900000,52.7,1,52.7,11,52.8,139,2,2021-12-09 09:03:37
1639040618057882000,52.7,1,52.7,10,52.8,139,2,2021-12-09 09:03:38
1639040618658753000,52.7,4,52.7,7,52.8,139,2,2021-12-09 09:03:38
1639040618809022000,52.7,2,52.7,5,52.8,138,2,2021-12-09 09:03:38
1639040619627973000,52.7,1,52.7,6,52.8,138,2,2021-12-09 09:03:39
1639040619802049000,52.8,1,52.7,6,52.8,137,1,2021-12-09 09:03:39
1639040619831824000,52.7,6,52.6,35,52.7,33,2,2021-12-09 09:03:39
1639040619898063000,52.7,2,52.6,35,52.7,31,1,2021-12-09 09:03:39
1639040619979095000,52.6,1,52.6,34,52.7,31,2,2021-12-09 09:03:39
1639040620387709000,52.7,2,52.6,34,52.7,30,1,2021-12-09 09:03:40
1639040620617132000,52.6,5,52.6,29,52.7,30,2,2021-12-09 09:03:40
1639040620816974000,52.7,1,52.6,10,52.7,29,1,2021-12-09 09:03:40
1639040621050397000,52.7,1,52.6,10,52.7,30,1,2021-12-09 09:03:41
1639040621665140000,52.7,1,52.6,12,52.7,29,1,2021-12-09 09:03:41
1639040622135236000,52.7,20,52.6,20,52.7,9,1,2021-12-09 09:03:42
1639040622402456000,52.7,2,52.6,21,52.7,7,1,2021-12-09 09:03:42
1639040622615318000,52.7,1,52.6,21,52.7,6,1,2021-12-09 09:03:42
1639040623093817000,52.7,1,52.6,22,52.7,5,1,2021-12-09 09:03:43
1639040623369379000,52.7,5,52.7,15,52.8,138,1,2021-12-09 09:03:43
1639040623623419000,52.7,1,52.7,16,52.8,130,2,2021-12-09 09:03:43
1639040623654917000,52.7,1,52.7,20,52.8,130,2,2021-12-09 09:03:43
1639040624028559000,52.7,2,52.7,18,52.8,130,2,2021-12-09 09:03:44
1639040624444510000,52.8,5,52.7,20,52.8,125,1,2021-12-09 09:03:44
1639040624483592000,52.7,2,52.7,18,52.8,125,2,2021-12-09 09:03:44
1639040624669002000,52.7,1,52.7,17,52.8,125,2,2021-12-09 09:03:44
1639040625723066000,52.8,1,52.7,25,52.8,125,1,2021-12-09 09:03:45
1639040626099485000,52.7,3,52.7,23,52.8,125,2,2021-12-09 09:03:46
1639040626868131000,52.8,1,52.7,26,52.8,124,1,2021-12-09 09:03:46
1639040627174876000,52.7,1,52.7,25,52.8,124,2,2021-12-09 09:03:47
1639040627270904000,52.8,2,52.7,25,52.8,122,1,2021-12-09 09:03:47
1639040627764233000,52.7,1,52.7,26,52.8,122,2,2021-12-09 09:03:47
1639040629139456000,52.8,2,52.7,54,52.8,120,1,2021-12-09 09:03:49
1639040629249073000,52.8,3,52.7,54,52.8,117,1,2021-12-09 09:03:49
1639040629269277000,52.7,2,52.7,52,52.8,117,2,2021-12-09 09:03:49
1639040629741974000,52.7,3,52.7,55,52.8,117,2,2021-12-09 09:03:49
1639040629771302000,52.8,1,52.7,55,52.8,116,1,2021-12-09 09:03:49
1639040630223839000,52.7,5,52.7,54,52.8,116,2,2021-12-09 09:03:50
1639040630336038000,52.8,1,52.7,54,52.8,115,1,2021-12-09 09:03:50
1639040630391909000,52.8,1,52.7,54,52.8,114,1,2021-12-09 09:03:50
1639040630542995000,52.7,1,52.7,53,52.8,114,2,2021-12-09 09:03:50
1639040630930839000,52.7,2,52.7,53,52.8,114,2,2021-12-09 09:03:50
1639040631052663000,52.8,1,52.7,53,52.8,113,1,2021-12-09 09:03:51
1639040631444330000,52.8,1,52.7,53,52.8,112,1,2021-12-09 09:03:51
1639040632030316000,52.8,4,52.7,54,52.8,108,1,2021-12-09 09:03:52
1639040632048780000,52.8,4,52.7,54,52.8,104,1,2021-12-09 09:03:52
1639040632373310000,52.7,2,52.7,53,52.8,104,2,2021-12-09 09:03:52
1639040632450098000,52.8,3,52.7,53,52.8,101,1,2021-12-09 09:03:52
1639040633230647000,52.8,1,52.7,67,52.8,100,1,2021-12-09 09:03:53
1639040633342302000,52.8,1,52.7,67,52.8,99,1,2021-12-09 09:03:53
1639040633455628000,52.8,2,52.7,67,52.8,97,1,2021-12-09 09:03:53
1639040633741305000,52.8,2,52.7,69,52.8,96,1,2021-12-09 09:03:53
1639040633762772000,52.8,19,52.7,69,52.8,77,1,2021-12-09 09:03:53
1639040633791200000,52.8,1,52.7,70,52.8,76,1,2021-12-09 09:03:53
1639040633862331000,52.7,5,52.7,65,52.8,76,2,2021-12-09 09:03:53
1639040634214068000,52.8,1,52.7,65,52.8,83,1,2021-12-09 09:03:54
1639040634275528000,52.8,5,52.7,65,52.8,78,1,2021-12-09 09:03:54
1639040635031307000,52.8,50,52.7,85,52.8,28,1,2021-12-09 09:03:55
1639040635162674000,52.8,5,52.7,87,52.8,18,1,2021-12-09 09:03:55
1639040635349717000,52.8,1,52.7,87,52.8,17,1,2021-12-09 09:03:55
1639040635392805000,52.7,10,52.7,77,52.8,17,2,2021-12-09 09:03:55
1639040635809043000,52.7,1,52.7,83,52.8,17,2,2021-12-09 09:03:55
1639040635823108000,52.8,1,52.7,83,52.8,16,1,2021-12-09 09:03:55
1639040636153513000,52.8,1,52.7,83,52.8,15,1,2021-12-09 09:03:56
1639040636249312000,52.8,1,52.7,83,52.8,14,1,2021-12-09 09:03:56
1639040636320650000,52.8,1,52.7,83,52.8,13,1,2021-12-09 09:03:56
1639040636324266000,52.8,1,52.7,83,52.8,12,1,2021-12-09 09:03:56
1639040636767496000,52.8,1,52.7,87,52.8,11,1,2021-12-09 09:03:56
1639040636793147000,52.8,5,52.7,87,52.8,11,1,2021-12-09 09:03:56
1639040636915615000,52.8,4,52.7,90,52.8,7,1,2021-12-09 09:03:56
1639040636954314000,52.8,1,52.7,94,52.8,6,1,2021-12-09 09:03:56
1639040636957687000,52.8,1,52.7,94,52.8,5,1,2021-12-09 09:03:56
1639040636998172000,52.8,1,52.7,94,52.8,4,1,2021-12-09 09:03:56
1639040637063449000,52.8,4,52.7,94,52.9,79,1,2021-12-09 09:03:57
1639040637482226000,52.8,1,52.8,3,52.9,87,2,2021-12-09 09:03:57
1639040637739021000,52.8,9,52.7,102,52.8,1,2,2021-12-09 09:03:57
1639040637772675000,52.8,1,52.8,4,52.9,87,1,2021-12-09 09:03:57
1639040637937126000,52.9,2,52.8,8,52.9,85,1,2021-12-09 09:03:57
1639040638311253000,52.9,3,52.8,10,52.9,81,1,2021-12-09 09:03:58
1639040638561873000,52.8,1,52.8,21,52.9,73,2,2021-12-09 09:03:58
1639040638759764000,52.9,1,52.8,21,52.9,72,1,2021-12-09 09:03:58
1639040639071136000,52.8,1,52.8,26,52.9,72,2,2021-12-09 09:03:59
1639040639980502000,52.8,1,52.8,54,52.9,72,2,2021-12-09 09:03:59
1639040639992393000,52.8,30,52.8,24,52.9,72,2,2021-12-09 09:03:59
1639040640044415000,52.9,1,52.8,25,52.9,71,1,2021-12-09 09:04:00
1639040641386205000,52.8,1,52.8,42,52.9,71,2,2021-12-09 09:04:01
1639040641593728000,52.9,1,52.8,44,52.9,70,1,2021-12-09 09:04:01
1639040641601833000,52.9,1,52.8,44,52.9,69,1,2021-12-09 09:04:01
1639040641906633000,52.9,3,52.8,44,52.9,66,1,2021-12-09 09:04:01
1639040641987983000,52.9,2,52.8,44,52.9,64,1,2021-12-09 09:04:01
1639040642389370000,52.9,1,52.8,45,52.9,63,1,2021-12-09 09:04:02
1639040642728236000,52.8,5,52.8,44,52.9,63,2,2021-12-09 09:04:02
1639040642961741000,52.8,16,52.8,30,52.9,64,2,2021-12-09 09:04:02
1639040643195888000,52.9,3,52.8,30,52.9,61,1,2021-12-09 09:04:03
1639040643366652000,52.8,5,52.8,26,52.9,61,2,2021-12-09 09:04:03
1639040643423970000,52.9,5,52.8,26,52.9,56,1,2021-12-09 09:04:03
1639040643549547000,52.9,1,52.8,26,52.9,55,1,2021-12-09 09:04:03
1639040643624408000,52.9,2,52.8,26,52.9,53,1,2021-12-09 09:04:03
1639040643962329000,52.8,1,52.8,41,52.9,53,2,2021-12-09 09:04:03
1639040643963500000,52.9,2,52.8,41,52.9,51,1,2021-12-09 09:04:03
1639040644084339000,52.9,1,52.8,42,52.9,50,1,2021-12-09 09:04:04
1639040644315580000,52.9,5,52.8,47,52.9,45,1,2021-12-09 09:04:04
1639040644338404000,52.9,10,52.8,47,52.9,35,1,2021-12-09 09:04:04
1639040644645253000,52.8,1,52.8,50,52.9,35,2,2021-12-09 09:04:04
1639040644805534000,52.9,9,52.8,52,52.9,26,1,2021-12-09 09:04:04
1639040645023417000,52.9,1,52.8,52,52.9,25,1,2021-12-09 09:04:05
1639040645106769000,52.9,1,52.8,52,52.9,24,1,2021-12-09 09:04:05
1639040645369414000,52.9,1,52.8,80,52.9,23,1,2021-12-09 09:04:05
1639040645432521000,52.9,5,52.8,81,52.9,18,1,2021-12-09 09:04:05
1639040645554328000,52.9,1,52.8,82,52.9,18,1,2021-12-09 09:04:05
1639040645618679000,52.9,1,52.8,82,52.9,17,1,2021-12-09 09:04:05
1639040645666258000,52.9,1,52.8,85,52.9,16,1,2021-12-09 09:04:05
1639040645692315000,52.9,1,52.8,85,52.9,15,1,2021-12-09 09:04:05
1639040646010789000,52.9,1,52.8,93,52.9,14,1,2021-12-09 09:04:06
1639040646389151000,52.8,2,52.8,93,52.9,14,2,2021-12-09 09:04:06
1639040646493330000,52.8,5,52.8,89,52.9,14,2,2021-12-09 09:04:06
1639040646805356000,52.9,1,52.8,100,52.9,13,1,2021-12-09 09:04:06
1639040646933850000,52.9,1,52.8,111,52.9,12,1,2021-12-09 09:04:06
1639040647033749000,52.8,1,52.8,112,52.9,12,2,2021-12-09 09:04:07
1639040647091316000,52.9,1,52.8,112,52.9,11,1,2021-12-09 09:04:07
1639040647134472000,52.9,1,52.8,112,52.9,10,1,2021-12-09 09:04:07
1639040647155056000,52.9,1,52.8,112,52.9,9,1,2021-12-09 09:04:07
1639040647213980000,52.9,1,52.8,123,52.9,8,1,2021-12-09 09:04:07
1639040647216703000,52.8,4,52.8,119,52.9,8,2,2021-12-09 09:04:07
1639040647306876000,52.9,1,52.8,119,52.9,7,1,2021-12-09 09:04:07
1639040647366813000,52.9,7,52.8,120,53.0,148,1,2021-12-09 09:04:07
1639040647366813000,53.0,3,52.8,120,53.0,148,1,2021-12-09 09:04:07
1639040647775000000,52.9,1,52.9,7,53.0,158,2,2021-12-09 09:04:07
1639040648213171000,53.0,1,52.9,24,53.0,157,1,2021-12-09 09:04:08
1639040648342221000,53.0,1,52.9,24,53.0,156,1,2021-12-09 09:04:08
1639040649050768000,53.0,5,52.9,29,53.0,143,1,2021-12-09 09:04:09
1639040649710139000,52.9,1,52.9,32,53.0,142,2,2021-12-09 09:04:09
1639040650012993000,53.0,5,52.9,33,53.0,137,1,2021-12-09 09:04:10
1639040650364939000,53.0,1,52.9,34,53.0,136,1,2021-12-09 09:04:10
1639040650508956000,53.0,1,52.9,37,53.0,135,1,2021-12-09 09:04:10
1639040650662319000,52.9,5,52.9,32,53.0,135,2,2021-12-09 09:04:10
1639040650711940000,53.0,1,52.9,32,53.0,134,1,2021-12-09 09:04:10
1639040650823980000,53.0,1,52.9,32,53.0,133,1,2021-12-09 09:04:10
1639040651134474000,53.0,5,52.9,33,53.0,129,1,2021-12-09 09:04:11
1639040651301979000,53.0,5,52.9,35,53.0,124,1,2021-12-09 09:04:11
1639040651324902000,52.9,5,52.9,30,53.0,124,2,2021-12-09 09:04:11
1639040652200639000,53.0,4,52.9,33,53.0,120,1,2021-12-09 09:04:12
1639040652211265000,53.0,1,52.9,33,53.0,119,1,2021-12-09 09:04:12
1639040652279645000,53.0,2,52.9,33,53.0,117,1,2021-12-09 09:04:12
1639040652501439000,52.9,1,52.9,32,53.0,118,2,2021-12-09 09:04:12
1639040652504733000,52.9,1,52.9,31,53.0,118,2,2021-12-09 09:04:12
1639040652574861000,52.9,15,52.9,18,53.0,118,2,2021-12-09 09:04:12
1639040652675534000,53.0,1,52.9,19,53.0,117,1,2021-12-09 09:04:12
1639040652726525000,53.0,1,52.9,19,53.0,116,1,2021-12-09 09:04:12
1639040653316446000,53.0,1,52.9,24,53.0,124,1,2021-12-09 09:04:13
1639040653374858000,53.0,2,52.9,26,53.0,122,1,2021-12-09 09:04:13
1639040653613146000,53.0,2,52.9,26,53.0,130,1,2021-12-09 09:04:13
1639040653736458000,53.0,20,52.9,27,53.0,110,1,2021-12-09 09:04:13
1639040653748140000,53.0,1,52.9,27,53.0,109,1,2021-12-09 09:04:13
1639040653861658000,53.0,5,52.9,27,53.0,105,1,2021-12-09 09:04:13
1639040653952651000,53.0,3,52.9,27,53.0,102,1,2021-12-09 09:04:13
1639040654146274000,52.9,1,52.9,26,53.0,102,2,2021-12-09 09:04:14
1639040654357230000,53.0,1,52.9,39,53.0,101,1,2021-12-09 09:04:14
1639040654438517000,52.9,1,52.9,42,53.0,101,2,2021-12-09 09:04:14
1639040654757997000,52.9,4,52.9,40,53.0,101,2,2021-12-09 09:04:14
1639040655050633000,53.0,9,52.9,40,53.0,92,1,2021-12-09 09:04:15
1639040655226135000,52.9,1,52.9,39,53.0,88,2,2021-12-09 09:04:15
1639040655238805000,53.0,1,52.9,39,53.0,87,1,2021-12-09 09:04:15
1639040655420761000,53.0,1,52.9,39,53.0,86,1,2021-12-09 09:04:15
1639040656075725000,53.0,2,52.9,44,53.0,84,1,2021-12-09 09:04:16
1639040656128689000,53.0,2,52.9,44,53.0,82,1,2021-12-09 09:04:16
1639040656415435000,53.0,1,52.9,45,53.0,81,1,2021-12-09 09:04:16
1639040656490263000,53.0,1,52.9,47,53.0,80,1,2021-12-09 09:04:16
1639040656516702000,53.0,1,52.9,48,53.0,79,1,2021-12-09 09:04:16
1639040656734508000,53.0,2,52.9,55,53.0,78,1,2021-12-09 09:04:16
1639040656847090000,53.0,1,52.9,56,53.0,77,1,2021-12-09 09:04:16
1639040656918426000,53.0,1,52.9,56,53.0,76,1,2021-12-09 09:04:16
1639040656993414000,53.0,5,52.9,56,53.0,71,1,2021-12-09 09:04:16
1639040657117961000,53.0,10,52.9,57,53.0,66,1,2021-12-09 09:04:17
1639040657557562000,53.0,1,52.9,58,53.0,64,1,2021-12-09 09:04:17
1639040657560662000,53.0,1,52.9,58,53.0,63,1,2021-12-09 09:04:17
1639040657561066000,53.0,19,52.9,58,53.0,44,1,2021-12-09 09:04:17
1639040657588370000,53.0,3,52.9,58,53.0,41,1,2021-12-09 09:04:17
1639040657681084000,53.0,2,52.9,59,53.0,39,1,2021-12-09 09:04:17
1639040657882796000,53.0,4,52.9,61,53.0,35,1,2021-12-09 09:04:17
1639040658186929000,53.0,1,52.9,62,53.0,36,1,2021-12-09 09:04:18
1639040658464222000,53.0,1,52.9,62,53.0,35,1,2021-12-09 09:04:18
1639040658530302000,53.0,1,52.9,62,53.0,34,1,2021-12-09 09:04:18
1639040658551510000,53.0,1,52.9,62,53.0,33,1,2021-12-09 09:04:18
1639040658568271000,53.0,2,52.9,62,53.0,31,1,2021-12-09 09:04:18
1639040658610420000,53.0,5,52.9,62,53.0,26,1,2021-12-09 09:04:18
1639040658780379000,53.0,1,52.9,62,53.0,25,1,2021-12-09 09:04:18
1639040658950513000,53.0,2,52.9,63,53.0,23,1,2021-12-09 09:04:18
1639040659027951000,53.0,1,52.9,63,53.0,22,1,2021-12-09 09:04:19
1639040659030435000,53.0,1,52.9,63,53.0,21,1,2021-12-09 09:04:19
1639040659234974000,53.0,4,52.9,62,53.0,17,1,2021-12-09 09:04:19
1639040659241011000,52.9,1,52.9,61,53.0,17,2,2021-12-09 09:04:19
1639040659244258000,53.0,1,52.9,61,53.0,16,1,2021-12-09 09:04:19
1639040659378587000,53.0,6,52.9,61,53.0,10,1,2021-12-09 09:04:19
1639040659436039000,52.9,2,52.9,59,53.0,10,2,2021-12-09 09:04:19
1639040659691353000,53.0,2,52.9,59,53.0,10,1,2021-12-09 09:04:19
1639040659756110000,53.0,3,52.9,65,53.0,7,1,2021-12-09 09:04:19
1639040659797072000,53.0,1,52.9,65,53.0,6,1,2021-12-09 09:04:19
1639040659853440000,53.0,1,52.9,65,53.0,5,1,2021-12-09 09:04:19
1639040659880001000,53.0,1,52.9,65,53.0,4,1,2021-12-09 09:04:19
1639040659904882000,53.0,2,52.9,65,53.0,2,1,2021-12-09 09:04:19
1639040659939401000,53.0,1,52.9,65,53.0,1,1,2021-12-09 09:04:19
1639040660134351000,53.0,1,52.9,65,53.1,6,1,2021-12-09 09:04:20
1639040660330165000,53.0,1,52.9,73,53.1,14,2,2021-12-09 09:04:20
1639040660433270000,53.0,2,53.0,2,53.1,14,2,2021-12-09 09:04:20
1639040660702619000,53.0,1,53.0,2,53.1,14,2,2021-12-09 09:04:20
1639040661085024000,53.0,1,53.0,9,53.1,14,2,2021-12-09 09:04:21
1639040661496108000,53.0,10,53.0,5,53.1,14,2,2021-12-09 09:04:21
1639040661833973000,53.0,2,53.0,10,53.1,14,2,2021-12-09 09:04:21
1639040661834071000,53.0,6,53.0,4,53.1,14,2,2021-12-09 09:04:21
1639040662049996000,53.0,0,0.0,0,0.0,0,2,2021-12-09 09:04:22
1639040782484082000,53.1,677,53.0,477,53.1,26,1,2021-12-09 09:06:22
1639040782565015000,53.1,1,53.0,481,53.1,25,1,2021-12-09 09:06:22
1639040782574038000,53.1,1,53.0,481,53.1,25,1,2021-12-09 09:06:22
1639040782766080000,53.0,1,53.0,480,53.1,25,2,2021-12-09 09:06:22
1639040783562478000,53.1,2,53.0,479,53.1,55,1,2021-12-09 09:06:23
1639040783606612000,53.0,1,53.0,478,53.1,55,2,2021-12-09 09:06:23
1639040783695169000,53.0,1,53.0,477,53.1,55,2,2021-12-09 09:06:23
1639040783974180000,53.0,1,53.0,476,53.1,55,2,2021-12-09 09:06:23
1639040784138551000,53.1,2,53.0,476,53.1,53,1,2021-12-09 09:06:24
1639040784304819000,53.0,97,53.0,379,53.1,53,2,2021-12-09 09:06:24
1639040784345958000,53.0,116,53.0,263,53.1,53,2,2021-12-09 09:06:24
1639040784364213000,53.1,2,53.0,261,53.1,51,1,2021-12-09 09:06:24
1639040784560205000,53.1,1,53.0,261,53.1,50,1,2021-12-09 09:06:24
1639040784841581000,53.0,3,53.0,258,53.1,50,2,2021-12-09 09:06:24
