ts,close,volume,bid_price,bid_volume,ask_price,ask_volume,tick_type,datetime
1639040536916421000,144.0,450,143.5,4,144.0,12,1,2021-12-09 09:02:16
1639040536985672000,144.0,1,143.5,4,144.0,3,1,2021-12-09 09:02:16
1639040536986460000,143.5,4,143.0,35,144.0,3,2,2021-12-09 09:02:16
1639040537100396000,144.0,1,143.0,35,144.0,3,1,2021-12-09 09:02:17
1639040537162253000,143.5,1,143.0,35,144.0,2,2,2021-12-09 09:02:17
1639040537297392000,143.5,1,143.0,35,144.0,3,1,2021-12-09 09:02:17
1639040537686135000,143.0,35,142.5,11,144.0,3,2,2021-12-09 09:02:17
1639040537693700000,142.5,5,142.5,6,144.0,3,2,2021-12-09 09:02:17
1639040537695616000,142.5,6,142.0,41,144.0,3,2,2021-12-09 09:02:17
1639040537695616000,142.0,1,142.0,41,144.0,3,2,2021-12-09 09:02:17
1639040537744395000,142.5,12,142.0,39,142.5,9,1,2021-12-09 09:02:17
1639040537774566000,142.5,9,142.0,39,143.5,3,1,2021-12-09 09:02:17
1639040537801642000,142.0,1,142.0,38,143.5,5,2,2021-12-09 09:02:17
1639040538022935000,143.0,1,142.0,38,143.0,2,1,2021-12-09 09:02:18
1639040538099811000,142.5,1,142.0,38,143.0,2,2,2021-12-09 09:02:18
1639040540624708000,143.0,1,142.5,10,143.0,2,1,2021-12-09 09:02:20
1639040540695716000,142.5,1,142.5,9,143.0,2,2,2021-12-09 09:02:20
1639040540717073000,142.5,9,142.0,38,142.5,1,2,2021-12-09 09:02:20
1639040540750706000,142.0,1,142.0,37,142.5,11,2,2021-12-09 09:02:20
1639040540751631000,142.0,1,142.0,36,142.5,11,2,2021-12-09 09:02:20
1639040541575984000,142.5,2,142.0,36,142.5,9,1,2021-12-09 09:02:21
1639040541644968000,142.5,1,142.0,36,142.5,8,1,2021-12-09 09:02:21
1639040542145571000,142.0,1,142.0,35,142.5,8,2,2021-12-09 09:02:22
1639040542555442000,142.5,2,142.0,35,142.5,6,1,2021-12-09 09:02:22
1639040542980369000,142.0,2,142.0,33,142.5,11,2,2021-12-09 09:02:22
1639040543019599000,142.5,1,142.0,33,142.5,10,1,2021-12-09 09:02:23
1639040543022865000,142.0,33,141.5,20,142.5,10,2,2021-12-09 09:02:23
1639040543067491000,141.5,1,141.5,19,142.0,2,2,2021-12-09 09:02:23
1639040543197498000,142.0,1,141.5,19,142.0,3,1,2021-12-09 09:02:23
1639040543417075000,141.5,1,141.5,18,142.0,3,2,2021-12-09 09:02:23
1639040544307149000,142.0,1,141.5,18,142.0,2,1,2021-12-09 09:02:24
1639040544800171000,142.0,1,141.5,18,142.0,1,1,2021-12-09 09:02:24
1639040545007433000,142.0,1,141.5,18,142.5,1,1,2021-12-09 09:02:25
1639040545007433000,142.5,9,141.5,18,142.5,1,1,2021-12-09 09:02:25
1639040545267158000,142.5,1,142.0,1,143.0,6,1,2021-12-09 09:02:25
1639040545504877000,142.0,3,142.0,3,142.5,4,2,2021-12-09 09:02:25
1639040545532065000,142.0,3,142.0,10,142.5,4,2,2021-12-09 09:02:25
1639040545619820000,142.0,1,142.0,9,142.5,4,2,2021-12-09 09:02:25
1639040545643655000,142.0,9,141.5,18,142.5,4,2,2021-12-09 09:02:25
1639040545868548000,142.0,1,141.5,18,142.5,4,1,2021-12-09 09:02:25
1639040545907783000,142.0,1,141.5,18,142.5,4,2,2021-12-09 09:02:25
1639040546074093000,142.0,10,142.0,5,142.5,4,2,2021-12-09 09:02:26
1639040546106208000,142.0,5,141.5,18,142.5,4,2,2021-12-09 09:02:26
1639040546592299000,142.5,1,141.5,18,142.5,3,1,2021-12-09 09:02:26
1639040546958986000,142.0,1,142.0,2,142.5,3,2,2021-12-09 09:02:26
1639040547443793000,142.0,1,142.0,1,142.5,3,2,2021-12-09 09:02:27
1639040548801427000,142.0,1,142.0,3,142.5,3,2,2021-12-09 09:02:28
1639040549039657000,142.0,1,142.0,5,142.5,3,2,2021-12-09 09:02:29
1639040549522691000,142.0,5,141.5,20,142.0,5,2,2021-12-09 09:02:29
1639040549551334000,142.0,5,141.5,20,142.5,3,1,2021-12-09 09:02:29
1639040549560835000,141.5,1,141.5,19,142.5,3,2,2021-12-09 09:02:29
1639040549642117000,142.0,1,141.5,19,142.5,3,1,2021-12-09 09:02:29
1639040549655669000,141.5,1,141.5,18,142.5,3,2,2021-12-09 09:02:29
1639040549721027000,142.0,1,141.5,18,142.5,3,1,2021-12-09 09:02:29
1639040549813588000,142.5,1,142.0,1,142.5,2,1,2021-12-09 09:02:29
1639040549942095000,142.0,1,142.0,2,142.5,2,2,2021-12-09 09:02:29
1639040549981489000,142.0,1,142.0,1,142.5,2,2,2021-12-09 09:02:29
1639040550023633000,142.0,1,141.5,19,142.5,2,2,2021-12-09 09:02:30
1639040550129569000,142.0,2,141.5,19,142.0,2,1,2021-12-09 09:02:30
1639040550196248000,142.0,2,141.5,19,142.5,2,1,2021-12-09 09:02:30
1639040550325749000,142.0,1,141.5,19,142.0,5,1,2021-12-09 09:02:30
1639040550357617000,142.0,3,141.5,19,142.0,2,1,2021-12-09 09:02:30
1639040550846073000,142.0,1,141.5,20,142.0,21,1,2021-12-09 09:02:30
1639040550879109000,141.5,1,141.5,19,142.0,21,2,2021-12-09 09:02:30
1639040551068864000,142.0,1,141.5,19,142.0,20,1,2021-12-09 09:02:31
1639040551330305000,142.0,1,141.5,19,142.0,19,1,2021-12-09 09:02:31
1639040551634303000,142.0,1,141.5,19,142.0,18,1,2021-12-09 09:02:31
1639040551650460000,142.0,2,141.5,19,142.0,16,1,2021-12-09 09:02:31
1639040551668935000,142.0,2,141.5,19,142.0,14,1,2021-12-09 09:02:31
1639040551669915000,142.0,1,141.5,19,142.0,13,1,2021-12-09 09:02:31
1639040551686351000,141.5,1,141.5,18,142.0,13,2,2021-12-09 09:02:31
1639040552385862000,142.0,1,141.5,20,142.0,13,1,2021-12-09 09:02:32
1639040552734477000,142.0,1,141.5,20,142.0,12,1,2021-12-09 09:02:32
1639040552805307000,141.5,1,141.5,19,142.0,12,2,2021-12-09 09:02:32
1639040552808924000,142.0,1,141.5,19,142.0,11,1,2021-12-09 09:02:32
1639040552980267000,142.0,1,141.5,19,142.0,10,1,2021-12-09 09:02:32
1639040553052739000,142.0,1,141.5,19,142.0,9,1,2021-12-09 09:02:33
1639040553216343000,142.0,1,141.5,19,142.0,8,1,2021-12-09 09:02:33
1639040553243633000,142.0,1,141.5,19,142.0,7,1,2021-12-09 09:02:33
1639040553518956000,142.0,1,141.5,19,142.0,6,1,2021-12-09 09:02:33
1639040553559163000,142.0,2,141.5,19,142.0,4,1,2021-12-09 09:02:33
1639040553793064000,142.0,4,142.0,1,142.5,9,1,2021-12-09 09:02:33
1639040554324970000,142.0,1,141.5,20,142.5,9,2,2021-12-09 09:02:34
1639040554464485000,141.5,2,141.5,18,142.5,9,2,2021-12-09 09:02:34
1639040554916178000,142.0,1,141.5,18,142.0,9,1,2021-12-09 09:02:34
1639040555230864000,141.5,10,141.5,8,142.0,9,2,2021-12-09 09:02:35
1639040555270707000,142.0,9,142.0,10,142.5,9,1,2021-12-09 09:02:35
1639040555287510000,142.0,1,142.0,9,142.5,9,2,2021-12-09 09:02:35
1639040555302730000,142.0,9,141.5,8,142.0,1,2,2021-12-09 09:02:35
1639040555722575000,141.5,1,141.5,8,142.0,2,2,2021-12-09 09:02:35
1639040555759260000,142.0,1,141.5,9,142.0,1,1,2021-12-09 09:02:35
1639040555846505000,142.0,1,141.5,9,142.0,5,1,2021-12-09 09:02:35
1639040555929521000,142.0,1,141.5,9,142.0,4,1,2021-12-09 09:02:35
1639040556104401000,141.5,1,141.5,9,142.0,4,2,2021-12-09 09:02:36
1639040556291043000,142.0,1,141.5,9,142.0,7,1,2021-12-09 09:02:36
1639040556456783000,141.5,1,141.5,9,142.0,7,2,2021-12-09 09:02:36
1639040556677561000,142.0,1,141.5,9,142.0,6,1,2021-12-09 09:02:36
1639040556881427000,142.0,1,141.5,11,142.0,5,1,2021-12-09 09:02:36
1639040557758531000,142.0,1,141.5,12,142.0,5,1,2021-12-09 09:02:37
1639040557837962000,141.5,6,141.5,6,142.0,5,2,2021-12-09 09:02:37
1639040557933905000,141.5,1,141.5,5,142.0,5,2,2021-12-09 09:02:37
1639040558054752000,142.0,1,141.5,5,142.0,5,1,2021-12-09 09:02:38
1639040558264211000,142.0,1,141.5,5,142.0,4,1,2021-12-09 09:02:38
1639040558299106000,142.0,1,141.5,5,142.0,3,1,2021-12-09 09:02:38
1639040558482717000,142.0,3,141.5,10,142.5,9,1,2021-12-09 09:02:38
1639040558826079000,142.0,2,141.5,11,142.0,1,1,2021-12-09 09:02:38
1639040558906903000,141.5,11,141.0,51,142.0,1,2,2021-12-09 09:02:38
1639040558906903000,141.0,11,141.0,51,142.0,1,2,2021-12-09 09:02:38
1639040558951689000,141.5,1,141.0,51,142.0,1,1,2021-12-09 09:02:38
1639040558952341000,142.0,1,141.0,51,142.5,8,1,2021-12-09 09:02:38
1639040558986882000,142.5,1,142.0,1,142.5,7,1,2021-12-09 09:02:38
1639040558991343000,142.0,1,141.5,1,142.5,7,2,2021-12-09 09:02:38
1639040559014606000,142.5,1,141.0,51,142.5,6,1,2021-12-09 09:02:39
1639040559344669000,142.0,1,142.0,4,142.5,6,2,2021-12-09 09:02:39
1639040559367554000,142.0,4,141.0,51,142.5,6,2,2021-12-09 09:02:39
1639040559493518000,142.0,1,141.5,1,142.5,6,1,2021-12-09 09:02:39
1639040559545374000,142.0,5,141.5,1,142.5,6,2,2021-12-09 09:02:39
1639040559812421000,141.5,1,141.0,51,142.0,2,2,2021-12-09 09:02:39
1639040559838376000,141.0,3,141.0,48,142.0,2,2,2021-12-09 09:02:39
1639040560151734000,142.0,1,141.5,1,142.0,2,1,2021-12-09 09:02:40
1639040560640909000,141.5,1,141.0,48,142.0,5,2,2021-12-09 09:02:40
1639040561011192000,141.5,1,141.0,48,141.5,7,2,2021-12-09 09:02:41
1639040561186103000,141.5,1,141.0,48,141.5,6,1,2021-12-09 09:02:41
1639040561288883000,141.5,1,141.0,49,141.5,5,1,2021-12-09 09:02:41
1639040561389141000,141.5,1,141.0,49,141.5,4,1,2021-12-09 09:02:41
1639040561407868000,141.5,1,141.0,49,141.5,3,1,2021-12-09 09:02:41
1639040561759117000,141.0,10,141.0,39,141.5,3,2,2021-12-09 09:02:41
1639040561955380000,141.5,3,141.5,2,142.0,16,1,2021-12-09 09:02:41
1639040561978528000,142.0,1,141.5,2,142.0,15,1,2021-12-09 09:02:41
1639040562156147000,141.5,1,141.5,1,142.0,15,2,2021-12-09 09:02:42
1639040562374081000,141.5,1,141.0,39,141.5,1,2,2021-12-09 09:02:42
1639040562408584000,141.5,1,141.0,39,142.0,16,1,2021-12-09 09:02:42
1639040562611967000,142.0,1,141.0,49,142.0,15,1,2021-12-09 09:02:42
1639040563219536000,142.0,1,141.5,5,142.0,14,1,2021-12-09 09:02:43
1639040563280597000,142.0,1,141.5,5,142.0,13,1,2021-12-09 09:02:43
1639040563435857000,142.0,1,141.5,6,142.0,12,1,2021-12-09 09:02:43
1639040563551537000,142.0,1,141.5,6,142.0,11,1,2021-12-09 09:02:43
1639040563572314000,142.0,1,141.5,6,142.0,10,1,2021-12-09 09:02:43
1639040563764730000,142.0,1,141.5,6,142.0,9,1,2021-12-09 09:02:43
1639040563937809000,142.0,1,141.5,7,142.0,8,1,2021-12-09 09:02:43
1639040564987918000,142.0,1,141.5,8,142.0,7,1,2021-12-09 09:02:44
1639040565503342000,141.5,3,141.5,5,142.0,9,2,2021-12-09 09:02:45
1639040565881761000,141.5,6,141.0,37,142.0,10,2,2021-12-09 09:02:45
1639040565881761000,141.0,13,141.0,37,142.0,10,2,2021-12-09 09:02:45
1639040566201185000,142.0,1,141.5,1,142.0,12,1,2021-12-09 09:02:46
1639040566225812000,141.5,1,141.0,37,142.0,12,2,2021-12-09 09:02:46
1639040566803468000,141.5,2,141.0,39,142.0,13,2,2021-12-09 09:02:46
1639040566851624000,142.0,1,141.0,39,142.0,12,1,2021-12-09 09:02:46
1639040566863971000,142.0,1,141.0,39,142.0,11,1,2021-12-09 09:02:46
1639040567037004000,142.0,5,141.0,39,142.0,6,1,2021-12-09 09:02:47
1639040567888911000,141.5,2,141.0,39,142.0,10,2,2021-12-09 09:02:47
1639040567926158000,141.0,1,141.0,38,142.0,10,2,2021-12-09 09:02:47
1639040568229241000,141.5,1,141.0,25,142.0,10,1,2021-12-09 09:02:48
1639040568229241000,141.0,14,141.0,25,142.0,10,2,2021-12-09 09:02:48
1639040568547162000,141.5,1,141.0,26,142.0,10,1,2021-12-09 09:02:48
1639040569104259000,141.5,1,141.5,1,142.0,12,2,2021-12-09 09:02:49
1639040569592930000,142.0,5,141.5,1,142.0,23,1,2021-12-09 09:02:49
1639040569968895000,141.5,1,141.0,35,142.0,26,2,2021-12-09 09:02:49
1639040570521034000,142.0,1,141.0,35,142.0,25,1,2021-12-09 09:02:50
1639040570876203000,141.5,1,141.0,38,141.5,1,2,2021-12-09 09:02:50
1639040571016272000,141.5,1,141.0,38,142.0,16,1,2021-12-09 09:02:51
1639040571016272000,142.0,9,141.0,38,142.0,16,1,2021-12-09 09:02:51
1639040571045179000,141.0,1,141.0,37,142.0,16,2,2021-12-09 09:02:51
1639040571129524000,141.5,1,141.0,37,142.0,17,1,2021-12-09 09:02:51
1639040571436431000,141.0,1,141.0,38,142.0,17,2,2021-12-09 09:02:51
1639040572200851000,142.0,1,141.0,38,142.0,16,1,2021-12-09 09:02:52
1639040572515181000,141.5,1,141.0,39,141.5,1,2,2021-12-09 09:02:52
1639040573224900000,141.5,1,141.0,40,142.0,17,1,2021-12-09 09:02:53
1639040573763918000,142.0,1,141.0,41,142.0,18,1,2021-12-09 09:02:53
1639040574237371000,141.0,1,141.0,41,141.5,1,2,2021-12-09 09:02:54
1639040574306801000,141.5,1,141.0,41,141.5,2,1,2021-12-09 09:02:54
1639040575687444000,141.5,1,141.0,46,141.5,11,1,2021-12-09 09:02:55
1639040576059977000,141.5,1,141.0,47,141.5,10,1,2021-12-09 09:02:56
1639040576121293000,141.5,1,141.0,47,141.5,9,1,2021-12-09 09:02:56
1639040576265358000,141.5,1,141.0,48,141.5,8,1,2021-12-09 09:02:56
1639040576308313000,141.5,1,141.0,48,141.5,7,1,2021-12-09 09:02:56
1639040576392750000,141.0,1,141.0,48,141.5,9,2,2021-12-09 09:02:56
1639040577045350000,141.5,14,141.0,49,142.0,9,1,2021-12-09 09:02:57
1639040577045350000,142.0,6,141.0,49,142.0,9,1,2021-12-09 09:02:57
1639040577335056000,141.5,1,141.0,51,142.0,9,2,2021-12-09 09:02:57
1639040577609522000,141.5,1,141.0,51,142.0,11,2,2021-12-09 09:02:57
1639040577793558000,141.0,20,141.0,32,142.0,11,2,2021-12-09 09:02:57
1639040577848709000,142.0,3,141.0,32,142.0,8,1,2021-12-09 09:02:57
1639040578131060000,141.5,1,141.0,32,141.5,2,2,2021-12-09 09:02:58
1639040578342639000,141.5,1,141.0,32,141.5,1,1,2021-12-09 09:02:58
1639040578573094000,141.5,1,141.0,33,142.0,19,1,2021-12-09 09:02:58
1639040579158050000,142.0,1,141.5,1,142.0,18,1,2021-12-09 09:02:59
1639040579703857000,141.5,1,141.5,1,142.0,18,2,2021-12-09 09:02:59
1639040580279735000,141.5,1,141.5,3,142.0,19,2,2021-12-09 09:03:00
1639040580623911000,141.5,3,141.5,1,142.0,19,2,2021-12-09 09:03:00
1639040580652914000,141.5,1,141.0,35,142.0,19,2,2021-12-09 09:03:00
1639040580652914000,141.0,2,141.0,35,142.0,19,2,2021-12-09 09:03:00
1639040580765083000,142.0,1,141.0,35,142.0,18,1,2021-12-09 09:03:00
1639040580920879000,141.0,1,141.0,34,141.5,2,2,2021-12-09 09:03:00
1639040581054783000,141.0,3,141.0,31,141.5,2,2,2021-12-09 09:03:01
1639040581082177000,141.5,1,141.0,31,141.5,1,1,2021-12-09 09:03:01
1639040581321451000,141.5,1,141.0,31,142.0,18,2,2021-12-09 09:03:01
1639040581762917000,141.5,1,141.0,32,142.0,18,2,2021-12-09 09:03:01
1639040582110698000,142.0,1,141.0,35,142.0,19,1,2021-12-09 09:03:02
1639040582365212000,141.0,1,141.0,34,141.5,2,2,2021-12-09 09:03:02
1639040582707559000,141.5,2,141.0,35,142.0,24,1,2021-12-09 09:03:02
1639040583387426000,141.0,1,141.0,35,141.5,1,2,2021-12-09 09:03:03
1639040583728675000,141.5,1,141.0,37,141.5,1,1,2021-12-09 09:03:03
1639040583791768000,141.5,1,141.0,37,142.0,24,1,2021-12-09 09:03:03
1639040584298484000,141.0,2,141.0,36,141.5,1,2,2021-12-09 09:03:04
1639040584562231000,141.5,1,141.5,1,142.0,25,1,2021-12-09 09:03:04
1639040584644789000,141.5,2,141.0,36,142.0,23,2,2021-12-09 09:03:04
1639040584847510000,142.0,1,141.0,37,142.0,22,1,2021-12-09 09:03:04
1639040585849351000,141.0,18,141.0,21,141.5,3,2,2021-12-09 09:03:05
1639040586511869000,141.5,2,141.0,33,141.5,2,1,2021-12-09 09:03:06
1639040586518468000,141.5,1,141.0,33,141.5,1,1,2021-12-09 09:03:06
1639040586974342000,141.5,1,141.0,34,142.0,22,1,2021-12-09 09:03:06
1639040588481658000,141.5,1,141.5,1,142.0,22,2,2021-12-09 09:03:08
1639040588509838000,142.0,5,141.5,1,142.0,17,1,2021-12-09 09:03:08
1639040588644010000,141.5,1,141.0,37,142.0,17,2,2021-12-09 09:03:08
1639040589569806000,142.0,1,141.5,2,142.0,17,1,2021-12-09 09:03:09
1639040590050444000,142.0,1,141.5,2,142.0,16,1,2021-12-09 09:03:10
1639040590564134000,141.5,3,141.0,33,142.0,17,2,2021-12-09 09:03:10
1639040590564134000,141.0,17,141.0,33,142.0,17,2,2021-12-09 09:03:10
1639040591041519000,142.0,3,141.0,32,142.0,16,1,2021-12-09 09:03:11
1639040591044206000,142.0,1,141.0,32,142.0,15,1,2021-12-09 09:03:11
1639040591472737000,142.0,1,141.5,1,142.0,19,1,2021-12-09 09:03:11
1639040591652503000,141.5,1,141.5,1,142.0,19,2,2021-12-09 09:03:11
1639040591874310000,141.5,2,141.0,32,142.0,17,2,2021-12-09 09:03:11
1639040592998413000,142.0,1,141.0,37,142.0,19,1,2021-12-09 09:03:12
1639040593909175000,141.5,1,141.5,1,142.0,19,2,2021-12-09 09:03:13
1639040595807498000,141.5,1,141.5,15,142.0,32,2,2021-12-09 09:03:15
1639040596333248000,141.5,2,141.5,13,142.0,34,2,2021-12-09 09:03:16
1639040599070188000,142.0,2,141.5,26,142.0,34,1,2021-12-09 09:03:19
1639040599591966000,142.0,36,141.5,26,143.0,28,1,2021-12-09 09:03:19
1639040599591966000,142.5,38,141.5,26,143.0,28,1,2021-12-09 09:03:19
1639040599591966000,143.0,1,141.5,26,143.0,28,1,2021-12-09 09:03:19
1639040600101462000,142.0,1,142.0,7,142.5,2,2,2021-12-09 09:03:20
1639040600307310000,142.5,2,142.0,7,143.0,27,1,2021-12-09 09:03:20
1639040600674061000,142.5,1,142.0,14,143.0,26,1,2021-12-09 09:03:20
1639040600674061000,143.0,1,142.0,14,143.0,26,1,2021-12-09 09:03:20
1639040600908612000,143.0,1,142.0,14,143.0,25,1,2021-12-09 09:03:20
1639040601560980000,142.0,5,142.0,9,143.0,25,2,2021-12-09 09:03:21
1639040601962691000,142.0,1,142.0,10,143.0,25,2,2021-12-09 09:03:21
1639040606461660000,142.0,10,142.0,7,142.5,10,2,2021-12-09 09:03:26
1639040606963966000,142.5,1,142.0,10,142.5,9,1,2021-12-09 09:03:26
1639040607411960000,142.0,1,142.0,9,142.5,25,2,2021-12-09 09:03:27
1639040607505245000,142.5,1,142.0,9,142.5,24,1,2021-12-09 09:03:27
1639040607536907000,142.5,1,142.0,9,142.5,23,1,2021-12-09 09:03:27
1639040607649368000,142.5,1,142.0,9,142.5,22,1,2021-12-09 09:03:27
1639040607836517000,142.5,1,142.0,9,142.5,21,1,2021-12-09 09:03:27
1639040608541731000,142.5,2,142.0,12,142.5,19,1,2021-12-09 09:03:28
1639040609195900000,142.5,1,142.0,13,142.5,18,1,2021-12-09 09:03:29
1639040609968896000,142.0,3,142.0,10,142.5,19,2,2021-12-09 09:03:29
1639040609992652000,142.0,1,142.0,9,142.5,19,2,2021-12-09 09:03:29
1639040610941579000,142.5,1,142.0,10,142.5,18,1,2021-12-09 09:03:30
1639040610984466000,142.5,1,142.0,10,142.5,17,1,2021-12-09 09:03:30
1639040611349201000,142.5,1,142.0,11,142.5,17,1,2021-12-09 09:03:31
1639040611931489000,142.5,1,142.0,12,142.5,26,1,2021-12-09 09:03:31
1639040612071202000,142.5,1,142.0,12,142.5,25,1,2021-12-09 09:03:32
1639040612707359000,142.5,2,142.0,13,142.5,25,1,2021-12-09 09:03:32
1639040612999228000,142.5,1,142.0,15,142.5,24,1,2021-12-09 09:03:32
1639040613434639000,142.5,1,142.0,15,142.5,23,1,2021-12-09 09:03:33
1639040613556592000,142.5,1,142.0,15,142.5,23,1,2021-12-09 09:03:33
1639040613863300000,142.5,1,142.0,15,142.5,22,1,2021-12-09 09:03:33
1639040613992051000,142.5,2,142.0,15,142.5,20,1,2021-12-09 09:03:33
1639040614314390000,142.5,1,142.0,15,142.5,19,1,2021-12-09 09:03:34
1639040614467414000,142.5,1,142.0,15,142.5,18,1,2021-12-09 09:03:34
1639040614893716000,142.5,3,142.0,25,142.5,15,1,2021-12-09 09:03:34
1639040614931090000,142.5,1,142.0,25,142.5,14,1,2021-12-09 09:03:34
1639040615358050000,142.5,10,142.0,26,142.5,4,1,2021-12-09 09:03:35
1639040615390534000,142.5,4,142.0,26,143.0,46,1,2021-12-09 09:03:35
1639040616508626000,143.0,1,142.5,5,143.0,42,1,2021-12-09 09:03:36
1639040617228690000,143.0,1,142.5,6,143.0,41,1,2021-12-09 09:03:37
1639040618657314000,143.0,1,142.5,12,143.0,40,1,2021-12-09 09:03:38
1639040619352114000,142.5,1,142.5,11,143.0,40,2,2021-12-09 09:03:39
1639040619606619000,142.5,1,142.5,11,143.0,39,2,2021-12-09 09:03:39
1639040619632539000,143.0,1,142.5,12,143.0,38,1,2021-12-09 09:03:39
1639040620550041000,143.0,10,142.5,15,143.0,28,1,2021-12-09 09:03:40
1639040621014152000,143.0,1,142.5,16,143.0,47,1,2021-12-09 09:03:41
1639040621842712000,143.0,2,142.5,16,143.0,44,1,2021-12-09 09:03:41
1639040622278750000,143.0,1,142.5,16,143.0,43,1,2021-12-09 09:03:42
1639040622414036000,143.0,1,142.5,16,143.0,42,1,2021-12-09 09:03:42
1639040622813489000,143.0,1,142.5,17,143.0,41,1,2021-12-09 09:03:42
1639040623102024000,143.0,1,142.5,17,143.0,40,1,2021-12-09 09:03:43
1639040623234502000,143.0,1,142.5,18,143.0,39,1,2021-12-09 09:03:43
1639040623968013000,143.0,1,142.5,20,143.0,38,1,2021-12-09 09:03:43
1639040624091831000,143.0,1,142.5,20,143.0,37,1,2021-12-09 09:03:44
1639040625377818000,143.0,1,142.5,24,143.0,38,1,2021-12-09 09:03:45
1639040625711880000,142.5,1,142.5,23,143.0,38,2,2021-12-09 09:03:45
1639040625838928000,143.0,6,142.5,23,143.0,32,1,2021-12-09 09:03:45
1639040626371375000,143.0,1,142.5,24,143.0,32,1,2021-12-09 09:03:46
1639040626381248000,143.0,1,142.5,24,143.0,31,1,2021-12-09 09:03:46
1639040626646619000,143.0,1,142.5,25,143.0,30,1,2021-12-09 09:03:46
1639040626814434000,142.5,1,142.5,24,143.0,30,2,2021-12-09 09:03:46
1639040626856806000,143.0,1,142.5,24,143.0,29,1,2021-12-09 09:03:46
1639040626999130000,143.0,1,142.5,24,143.0,28,1,2021-12-09 09:03:46
1639040627694219000,143.0,1,142.5,34,143.0,27,1,2021-12-09 09:03:47
1639040628693977000,143.0,1,142.5,34,143.0,29,1,2021-12-09 09:03:48
1639040629461760000,143.0,1,142.5,34,143.0,28,1,2021-12-09 09:03:49
1639040629478177000,143.0,1,142.5,34,143.0,27,1,2021-12-09 09:03:49
1639040629528829000,143.0,1,142.5,34,143.0,26,1,2021-12-09 09:03:49
1639040629678155000,143.0,1,142.5,54,143.0,25,1,2021-12-09 09:03:49
1639040629987214000,143.0,1,142.5,54,143.0,24,1,2021-12-09 09:03:49
1639040630144168000,143.0,1,142.5,54,143.0,23,1,2021-12-09 09:03:50
1639040630174594000,143.0,10,142.5,55,143.0,13,1,2021-12-09 09:03:50
1639040630366273000,143.0,1,142.5,55,143.0,12,1,2021-12-09 09:03:50
1639040631425277000,142.5,1,142.5,54,143.0,12,2,2021-12-09 09:03:51
1639040631437856000,143.0,1,142.5,54,143.0,11,1,2021-12-09 09:03:51
1639040631541629000,143.0,1,142.5,55,143.0,10,1,2021-12-09 09:03:51
1639040631563527000,143.0,1,142.5,55,143.0,9,1,2021-12-09 09:03:51
1639040631630012000,143.0,1,142.5,55,143.0,8,1,2021-12-09 09:03:51
1639040631938116000,142.5,1,142.5,56,143.0,8,2,2021-12-09 09:03:51
1639040632239727000,143.0,3,142.5,56,143.0,5,1,2021-12-09 09:03:52
1639040632403153000,143.0,2,142.5,56,143.0,3,1,2021-12-09 09:03:52
1639040632411728000,143.0,1,142.5,56,143.0,2,1,2021-12-09 09:03:52
1639040632442359000,143.0,1,143.0,4,143.5,41,1,2021-12-09 09:03:52
1639040632442640000,143.0,1,143.0,4,143.5,41,1,2021-12-09 09:03:52
1639040632835660000,143.0,5,142.5,56,143.5,41,2,2021-12-09 09:03:52
1639040633197326000,143.0,1,142.5,57,143.5,41,2,2021-12-09 09:03:53
1639040633221956000,142.5,5,142.5,52,143.5,41,2,2021-12-09 09:03:53
1639040633676255000,143.0,1,143.0,1,143.5,43,1,2021-12-09 09:03:53
1639040633710766000,143.0,1,142.5,52,143.5,43,2,2021-12-09 09:03:53
1639040634138573000,143.0,1,143.0,2,143.5,43,2,2021-12-09 09:03:54
1639040634940589000,143.0,1,143.0,13,143.5,41,2,2021-12-09 09:03:54
1639040635117174000,143.0,1,143.0,13,143.5,41,2,2021-12-09 09:03:55
1639040635945008000,143.0,1,143.0,16,143.5,41,2,2021-12-09 09:03:55
1639040636140080000,143.5,1,143.0,16,143.5,40,1,2021-12-09 09:03:56
1639040638099805000,143.0,2,143.0,19,143.5,40,2,2021-12-09 09:03:58
1639040638560321000,143.5,1,143.0,19,143.5,39,1,2021-12-09 09:03:58
1639040638579573000,143.0,1,143.0,18,143.5,39,2,2021-12-09 09:03:58
1639040638805638000,143.5,1,143.0,18,143.5,38,1,2021-12-09 09:03:58
1639040638875636000,143.0,1,143.0,17,143.5,38,2,2021-12-09 09:03:58
1639040638894021000,143.5,2,143.0,17,143.5,36,1,2021-12-09 09:03:58
1639040639398688000,143.5,1,143.0,19,143.5,35,1,2021-12-09 09:03:59
1639040639504511000,143.5,1,143.0,20,143.5,34,1,2021-12-09 09:03:59
1639040641031357000,143.5,1,143.0,22,143.5,37,1,2021-12-09 09:04:01
1639040641175940000,143.0,1,143.0,21,143.5,37,2,2021-12-09 09:04:01
1639040641308658000,143.5,1,143.0,21,143.5,36,1,2021-12-09 09:04:01
1639040641770215000,143.5,1,143.0,21,143.5,35,1,2021-12-09 09:04:01
1639040642891480000,143.0,5,143.0,24,143.5,35,2,2021-12-09 09:04:02
1639040642918562000,143.5,1,143.0,24,143.5,34,1,2021-12-09 09:04:02
1639040645154825000,143.5,2,143.0,30,143.5,37,1,2021-12-09 09:04:05
1639040645588539000,143.5,1,143.0,32,143.5,36,1,2021-12-09 09:04:05
1639040645936787000,143.5,1,143.0,33,143.5,37,1,2021-12-09 09:04:05
1639040646327501000,143.5,1,143.0,33,143.5,36,1,2021-12-09 09:04:06
1639040646506694000,143.5,1,143.0,34,143.5,40,1,2021-12-09 09:04:06
1639040646630441000,143.5,1,143.0,34,143.5,39,1,2021-12-09 09:04:06
1639040646709766000,143.5,3,143.0,35,143.5,36,1,2021-12-09 09:04:06
1639040646861496000,143.0,1,143.0,35,143.5,36,2,2021-12-09 09:04:06
1639040647443054000,143.0,1,143.0,38,143.5,37,2,2021-12-09 09:04:07
1639040647492947000,143.5,1,143.0,38,143.5,36,1,2021-12-09 09:04:07
1639040648125393000,143.5,1,143.0,41,143.5,45,1,2021-12-09 09:04:08
1639040648395793000,143.0,1,143.0,42,143.5,45,2,2021-12-09 09:04:08
1639040649073755000,143.0,1,143.0,41,143.5,45,2,2021-12-09 09:04:09
1639040649102095000,143.5,1,143.0,41,143.5,44,1,2021-12-09 09:04:09
1639040649524016000,143.5,1,143.0,41,143.5,44,1,2021-12-09 09:04:09
1639040649745964000,143.0,1,143.0,40,143.5,44,2,2021-12-09 09:04:09
1639040649932904000,143.5,1,143.0,42,143.5,43,1,2021-12-09 09:04:09
1639040650027563000,143.0,1,143.0,41,143.5,43,2,2021-12-09 09:04:10
1639040650175137000,143.5,1,143.0,42,143.5,42,1,2021-12-09 09:04:10
1639040650206823000,143.5,1,143.0,42,143.5,41,1,2021-12-09 09:04:10
1639040650286491000,143.5,5,143.0,42,143.5,37,1,2021-12-09 09:04:10
1639040650850869000,143.5,1,143.0,43,143.5,36,1,2021-12-09 09:04:10
1639040651778472000,143.0,1,143.0,44,143.5,36,2,2021-12-09 09:04:11
1639040652114575000,143.0,2,143.0,44,143.5,37,2,2021-12-09 09:04:12
1639040652525178000,143.5,1,143.0,45,143.5,36,1,2021-12-09 09:04:12
1639040652612083000,143.5,4,143.0,45,143.5,32,1,2021-12-09 09:04:12
1639040652628575000,143.5,1,143.0,45,143.5,31,1,2021-12-09 09:04:12
1639040652748596000,143.5,1,143.0,45,143.5,30,1,2021-12-09 09:04:12
1639040653327866000,143.5,1,143.0,47,143.5,35,1,2021-12-09 09:04:13
1639040653468918000,143.5,10,143.0,47,143.5,25,1,2021-12-09 09:04:13
1639040653924968000,143.5,1,143.0,55,143.5,24,1,2021-12-09 09:04:13
1639040654142304000,143.5,1,143.0,56,143.5,23,1,2021-12-09 09:04:14
1639040654709125000,143.5,1,143.0,56,143.5,22,1,2021-12-09 09:04:14
1639040655593748000,143.0,1,143.0,55,143.5,22,2,2021-12-09 09:04:15
1639040655748037000,143.5,10,143.0,55,143.5,12,1,2021-12-09 09:04:15
1639040656237185000,143.5,1,143.0,57,143.5,11,1,2021-12-09 09:04:16
1639040656256561000,143.5,2,143.0,57,143.5,9,1,2021-12-09 09:04:16
1639040656430503000,143.5,1,143.0,57,143.5,8,1,2021-12-09 09:04:16
1639040656473979000,143.5,1,143.0,57,143.5,7,1,2021-12-09 09:04:16
1639040656754184000,143.5,1,143.0,58,143.5,7,1,2021-12-09 09:04:16
1639040656940232000,143.5,1,143.0,58,143.5,9,1,2021-12-09 09:04:16
1639040657472696000,143.5,1,143.0,58,143.5,8,1,2021-12-09 09:04:17
1639040657519085000,143.5,1,143.0,58,143.5,7,1,2021-12-09 09:04:17
1639040657779705000,143.5,1,143.0,59,143.5,6,1,2021-12-09 09:04:17
1639040657824627000,143.5,1,143.0,59,143.5,5,1,2021-12-09 09:04:17
1639040658226866000,143.5,5,143.5,1,144.0,35,1,2021-12-09 09:04:18
1639040658283532000,143.5,1,143.0,59,144.0,37,2,2021-12-09 09:04:18
1639040658794138000,143.5,1,143.0,59,143.5,4,2,2021-12-09 09:04:18
1639040659047289000,143.5,1,143.0,59,143.5,4,1,2021-12-09 09:04:19
1639040659186911000,143.0,1,143.0,73,143.5,5,2,2021-12-09 09:04:19
1639040659279929000,143.5,1,143.0,73,143.5,4,1,2021-12-09 09:04:19
1639040659478112000,143.5,4,143.5,5,144.0,37,1,2021-12-09 09:04:19
1639040659531893000,143.5,1,143.5,6,144.0,37,2,2021-12-09 09:04:19
1639040659538954000,144.0,1,143.5,6,144.0,36,1,2021-12-09 09:04:19
1639040659589739000,144.0,1,143.5,6,144.0,35,1,2021-12-09 09:04:19
1639040660315985000,143.5,8,143.0,74,143.5,2,2,2021-12-09 09:04:20
1639040660442902000,143.5,1,143.0,74,143.5,6,1,2021-12-09 09:04:20
1639040660541982000,143.5,1,143.0,74,143.5,5,1,2021-12-09 09:04:20
1639040661337961000,143.5,1,143.0,75,143.5,4,1,2021-12-09 09:04:21
1639040661716405000,143.5,1,143.0,76,143.5,3,1,2021-12-09 09:04:21
1639040661973991000,143.5,1,143.0,76,143.5,2,1,2021-12-09 09:04:21
1639040661985369000,143.5,1,143.0,76,143.5,1,1,2021-12-09 09:04:21
1639040662370844000,143.5,1,143.0,76,143.5,1,1,2021-12-09 09:04:22
1639040663447958000,143.5,1,143.0,73,144.0,35,1,2021-12-09 09:04:23
1639040663490075000,143.0,1,143.0,72,144.0,35,2,2021-12-09 09:04:23
1639040663555457000,143.5,1,143.0,72,144.0,35,1,2021-12-09 09:04:23
1639040663707883000,143.5,1,143.0,73,144.0,35,2,2021-12-09 09:04:23
1639040663953881000,143.5,1,143.0,73,144.0,34,1,2021-12-09 09:04:23
1639040664178015000,143.5,1,143.0,74,144.0,34,2,2021-12-09 09:04:24
1639040664475972000,143.5,1,143.0,74,143.5,1,1,2021-12-09 09:04:24
1639040664592214000,143.5,1,143.0,74,144.0,34,1,2021-12-09 09:04:24
1639040664752096000,143.5,1,143.0,74,144.0,34,2,2021-12-09 09:04:24
1639040664918486000,143.5,1,143.0,74,144.0,34,2,2021-12-09 09:04:24
1639040664952319000,143.5,2,143.0,72,144.0,34,2,2021-12-09 09:04:24
1639040665591853000,143.5,1,143.0,74,143.5,1,1,2021-12-09 09:04:25
1639040665788780000,143.5,1,143.0,74,144.0,35,1,2021-12-09 09:04:25
1639040666081733000,143.5,1,143.0,74,144.0,37,2,2021-12-09 09:04:26
1639040666488117000,144.0,2,143.0,75,144.0,35,1,2021-12-09 09:04:26
1639040667161217000,143.5,1,143.0,77,144.0,34,2,2021-12-09 09:04:27
1639040667498904000,143.0,1,143.0,76,143.5,1,2,2021-12-09 09:04:27
1639040667638329000,143.5,1,143.0,76,144.0,34,1,2021-12-09 09:04:27
1639040668262660000,143.5,1,143.0,76,143.5,4,2,2021-12-09 09:04:28
1639040668306449000,143.5,1,143.0,76,143.5,3,1,2021-12-09 09:04:28
1639040668726398000,143.5,1,143.0,76,143.5,4,1,2021-12-09 09:04:28
1639040668821131000,143.5,1,143.0,76,143.5,3,1,2021-12-09 09:04:28
1639040668841219000,143.5,1,143.0,75,143.5,2,1,2021-12-09 09:04:28
1639040668883011000,143.5,1,143.0,75,143.5,1,1,2021-12-09 09:04:28
1639040669594374000,143.5,1,143.0,82,144.0,335,1,2021-12-09 09:04:29
1639040669623752000,143.0,4,143.0,78,144.0,335,2,2021-12-09 09:04:29
1639040669681020000,144.0,2,143.0,78,144.0,333,1,2021-12-09 09:04:29
1639040670106009000,143.5,5,143.0,80,143.5,5,2,2021-12-09 09:04:30
1639040670864904000,143.5,3,143.0,79,143.5,4,1,2021-12-09 09:04:30
1639040670982787000,143.5,1,143.0,79,143.5,4,1,2021-12-09 09:04:30
1639040671414688000,143.5,1,143.0,77,143.5,8,1,2021-12-09 09:04:31
1639040671898740000,143.5,10,143.0,82,143.5,2,1,2021-12-09 09:04:31
1639040672668052000,143.5,2,143.0,85,143.5,1,1,2021-12-09 09:04:32
1639040673226192000,143.5,1,143.0,88,143.5,2,1,2021-12-09 09:04:33
1639040673250811000,143.5,1,143.0,88,143.5,1,1,2021-12-09 09:04:33
1639040673290769000,143.5,1,143.5,1,144.0,351,1,2021-12-09 09:04:33
1639040673329884000,143.5,1,143.5,1,144.0,351,2,2021-12-09 09:04:33
1639040673330836000,143.5,1,143.0,88,144.0,351,2,2021-12-09 09:04:33
1639040673443839000,143.5,1,143.5,2,144.0,351,2,2021-12-09 09:04:33
1639040673480369000,143.5,1,143.5,1,144.0,351,2,2021-12-09 09:04:33
1639040673498512000,143.5,1,143.0,88,144.0,351,2,2021-12-09 09:04:33
1639040674077676000,143.5,1,143.0,89,143.5,1,1,2021-12-09 09:04:34
1639040674354752000,143.0,8,143.0,82,143.5,1,2,2021-12-09 09:04:34
1639040674366238000,143.5,1,143.0,82,144.0,351,1,2021-12-09 09:04:34
1639040674677570000,143.0,1,143.0,83,144.0,351,2,2021-12-09 09:04:34
1639040675080511000,143.5,1,143.0,82,143.5,5,1,2021-12-09 09:04:35
1639040675107450000,143.0,1,143.0,81,143.5,5,2,2021-12-09 09:04:35
1639040675612814000,143.5,1,143.0,80,143.5,7,1,2021-12-09 09:04:35
1639040676451348000,143.5,1,143.0,80,143.5,21,1,2021-12-09 09:04:36
1639040676522339000,143.5,1,143.0,80,143.5,20,1,2021-12-09 09:04:36
1639040676707444000,143.5,1,143.0,80,143.5,20,1,2021-12-09 09:04:36
1639040678022172000,143.0,1,143.0,81,143.5,23,2,2021-12-09 09:04:38
1639040678286851000,143.5,1,143.0,81,143.5,23,1,2021-12-09 09:04:38
1639040678699215000,143.5,1,143.0,83,143.5,23,1,2021-12-09 09:04:38
1639040679093330000,143.5,10,143.0,84,143.5,15,1,2021-12-09 09:04:39
1639040679748560000,143.5,1,143.0,85,143.5,37,1,2021-12-09 09:04:39
1639040679805992000,143.0,1,143.0,84,143.5,37,2,2021-12-09 09:04:39
1639040679837846000,143.5,1,143.0,84,143.5,36,1,2021-12-09 09:04:39
1639040679980068000,143.5,2,143.0,84,143.5,43,1,2021-12-09 09:04:39
1639040680393692000,143.5,1,143.0,85,143.5,43,1,2021-12-09 09:04:40
1639040681002651000,143.5,1,143.0,86,143.5,42,1,2021-12-09 09:04:41
1639040681392262000,143.5,1,143.0,86,143.5,41,1,2021-12-09 09:04:41
1639040683072004000,143.0,2,143.0,91,143.5,44,2,2021-12-09 09:04:43
1639040685915615000,143.0,50,143.0,45,143.5,61,2,2021-12-09 09:04:45
1639040685942613000,143.5,1,143.0,45,143.5,60,1,2021-12-09 09:04:45
1639040685952611000,143.0,16,143.0,29,143.5,60,2,2021-12-09 09:04:45
1639040685953929000,143.0,29,142.5,60,143.5,60,2,2021-12-09 09:04:45
1639040685994549000,142.5,13,142.5,47,143.0,1,2,2021-12-09 09:04:45
1639040686028430000,142.5,1,142.5,46,143.0,3,2,2021-12-09 09:04:46
1639040686224343000,143.0,1,142.5,46,143.0,2,1,2021-12-09 09:04:46
1639040686409115000,142.5,5,142.5,41,143.0,2,2,2021-12-09 09:04:46
1639040686819669000,143.0,1,142.5,41,143.0,2,1,2021-12-09 09:04:46
1639040687001180000,143.0,1,142.5,41,143.0,2,1,2021-12-09 09:04:47
1639040687602608000,142.5,1,142.5,40,143.0,9,2,2021-12-09 09:04:47
1639040688872000000,143.0,1,142.5,42,143.0,20,1,2021-12-09 09:04:48
1639040688970726000,143.0,10,142.5,42,143.0,10,1,2021-12-09 09:04:48
1639040689910751000,143.0,2,142.5,41,143.0,9,1,2021-12-09 09:04:49
1639040690021825000,142.5,5,142.5,36,143.0,9,2,2021-12-09 09:04:50
1639040690469194000,142.5,1,142.5,35,143.0,10,2,2021-12-09 09:04:50
1639040690525264000,143.0,2,142.5,35,143.0,8,1,2021-12-09 09:04:50
1639040691057962000,143.0,1,142.5,35,143.0,11,1,2021-12-09 09:04:51
1639040691232479000,142.5,1,142.5,34,143.0,11,2,2021-12-09 09:04:51
1639040692078278000,142.5,1,142.5,33,143.0,13,2,2021-12-09 09:04:52
1639040692360472000,143.0,1,142.5,33,143.0,12,1,2021-12-09 09:04:52
1639040692690410000,142.5,3,142.5,30,143.0,14,2,2021-12-09 09:04:52
1639040693603084000,143.0,1,142.5,30,143.0,16,1,2021-12-09 09:04:53
1639040693802635000,143.0,5,142.5,30,143.0,11,1,2021-12-09 09:04:53
1639040696587382000,142.5,1,142.5,243,143.0,15,2,2021-12-09 09:04:56
1639040696986496000,143.0,1,142.5,248,143.0,13,1,2021-12-09 09:04:56
1639040697260680000,143.0,1,142.5,249,143.0,12,1,2021-12-09 09:04:57
1639040699216653000,143.0,10,142.5,252,143.0,16,1,2021-12-09 09:04:59
1639040700422501000,142.5,1,142.5,251,143.0,47,2,2021-12-09 09:05:00
1639040700768540000,142.5,2,142.5,249,143.0,47,2,2021-12-09 09:05:00
1639040700807609000,142.5,2,142.5,248,143.0,47,2,2021-12-09 09:05:00
1639040700816266000,142.5,2,142.5,246,143.0,47,2,2021-12-09 09:05:00
1639040700821349000,142.5,4,142.5,242,143.0,47,2,2021-12-09 09:05:00
1639040700827324000,142.5,2,142.5,240,143.0,47,2,2021-12-09 09:05:00
1639040700878646000,142.5,1,142.5,239,143.0,47,2,2021-12-09 09:05:00
1639040701271728000,143.0,1,142.5,241,143.0,46,1,2021-12-09 09:05:01
1639040701466639000,143.0,1,142.5,241,143.0,45,1,2021-12-09 09:05:01
1639040702476271000,143.0,1,142.5,241,143.0,47,1,2021-12-09 09:05:02
1639040703023755000,142.5,2,142.5,239,143.0,52,2,2021-12-09 09:05:03
1639040703239374000,143.0,1,142.5,239,143.0,51,1,2021-12-09 09:05:03
1639040703719664000,142.5,39,142.0,176,143.0,54,2,2021-12-09 09:05:03
1639040703719695000,142.5,1,142.0,176,143.0,54,2,2021-12-09 09:05:03
1639040703751488000,142.5,1,142.0,176,143.0,54,2,2021-12-09 09:05:03
1639040705039200000,142.5,4,142.5,7,143.0,56,2,2021-12-09 09:05:05
1639040705077106000,142.5,7,142.0,76,143.0,56,2,2021-12-09 09:05:05
1639040705616422000,143.0,1,142.5,1,143.0,59,1,2021-12-09 09:05:05
1639040706776182000,143.0,1,142.5,1,143.0,62,1,2021-12-09 09:05:06
1639040706976142000,142.5,1,142.0,78,143.0,62,2,2021-12-09 09:05:06
1639040707450476000,143.0,1,142.0,78,143.0,64,1,2021-12-09 09:05:07
1639040707841811000,142.5,1,142.0,79,143.0,64,2,2021-12-09 09:05:07
1639040708826128000,142.5,1,142.0,78,142.5,2,1,2021-12-09 09:05:08
1639040710818869000,142.5,1,142.0,79,142.5,6,1,2021-12-09 09:05:10
1639040711030811000,142.0,1,142.0,78,142.5,7,2,2021-12-09 09:05:11
1639040711648232000,142.5,1,142.0,78,142.5,7,1,2021-12-09 09:05:11
1639040711699414000,142.5,1,142.0,78,142.5,6,1,2021-12-09 09:05:11
1639040711845838000,142.5,1,142.0,79,142.5,5,1,2021-12-09 09:05:11
1639040711877256000,142.5,5,142.0,79,143.0,70,1,2021-12-09 09:05:11
1639040712768764000,143.0,1,142.5,1,143.0,70,1,2021-12-09 09:05:12
1639040712794518000,142.5,1,142.0,79,143.0,70,2,2021-12-09 09:05:12
1639040714278931000,142.5,2,142.5,12,143.0,85,2,2021-12-09 09:05:14
1639040715642937000,142.5,1,142.5,15,143.0,84,2,2021-12-09 09:05:15
1639040715996934000,142.5,1,142.5,14,143.0,84,2,2021-12-09 09:05:15
1639040717355951000,142.5,2,142.5,13,143.0,84,2,2021-12-09 09:05:17
1639040718202237000,142.5,1,142.5,12,143.0,84,2,2021-12-09 09:05:18
1639040718973197000,143.0,1,142.5,13,143.0,83,1,2021-12-09 09:05:18
1639040719472243000,142.5,1,142.5,13,143.0,83,2,2021-12-09 09:05:19
1639040719610023000,142.5,2,142.5,11,143.0,83,2,2021-12-09 09:05:19
1639040720691773000,143.0,2,142.5,13,143.0,81,1,2021-12-09 09:05:20
1639040721252362000,143.0,2,142.5,20,143.0,79,1,2021-12-09 09:05:21
1639040722966055000,142.5,1,142.5,22,143.0,78,2,2021-12-09 09:05:22
1639040727818850000,142.5,10,142.5,32,143.0,80,2,2021-12-09 09:05:27
1639040728017429000,143.0,1,142.5,32,143.0,79,1,2021-12-09 09:05:28
1639040730112919000,142.5,1,142.5,33,143.0,80,2,2021-12-09 09:05:30
1639040732530620000,142.5,1,142.5,34,143.0,81,2,2021-12-09 09:05:32
1639040733521110000,142.5,1,142.5,33,143.0,81,2,2021-12-09 09:05:33
1639040734284632000,142.5,2,142.5,32,143.0,83,2,2021-12-09 09:05:34
1639040736138325000,142.5,3,142.5,30,143.0,80,2,2021-12-09 09:05:36
1639040737362224000,142.5,5,142.5,28,143.0,80,2,2021-12-09 09:05:37
1639040737610223000,142.5,2,142.5,26,143.0,80,2,2021-12-09 09:05:37
1639040738941583000,142.5,1,142.5,27,143.0,81,2,2021-12-09 09:05:38
1639040739162430000,142.5,5,142.5,20,143.0,82,2,2021-12-09 09:05:39
1639040739928580000,142.5,5,142.5,37,143.0,83,2,2021-12-09 09:05:39
1639040742651975000,142.5,1,142.5,35,143.0,84,2,2021-12-09 09:05:42
1639040743329942000,142.5,1,142.5,36,143.0,84,2,2021-12-09 09:05:43
1639040743356801000,142.5,3,142.5,33,143.0,84,2,2021-12-09 09:05:43
1639040744938586000,142.5,4,142.5,29,143.0,87,2,2021-12-09 09:05:44
1639040745896175000,142.5,5,142.5,24,143.0,87,2,2021-12-09 09:05:45
1639040746828361000,142.5,1,142.5,25,143.0,87,2,2021-12-09 09:05:46
1639040747178485000,142.5,1,142.5,25,143.0,87,2,2021-12-09 09:05:47
1639040748672283000,143.0,1,142.5,26,143.0,86,1,2021-12-09 09:05:48
1639040750500409000,143.0,1,142.5,26,143.0,85,1,2021-12-09 09:05:50
1639040750653255000,142.5,1,142.5,25,143.0,85,2,2021-12-09 09:05:50
1639040750917738000,142.5,1,142.5,24,143.0,85,2,2021-12-09 09:05:50
1639040752184298000,142.5,1,142.5,24,143.0,83,2,2021-12-09 09:05:52
1639040753839464000,143.0,2,142.5,25,143.0,81,1,2021-12-09 09:05:53
1639040753906260000,142.5,1,142.5,24,143.0,80,2,2021-12-09 09:05:53
1639040757816008000,142.5,2,142.5,26,143.0,80,2,2021-12-09 09:05:57
1639040758314492000,142.5,1,142.5,25,143.0,80,2,2021-12-09 09:05:58
1639040759832711000,142.5,2,142.5,24,143.0,80,2,2021-12-09 09:05:59
1639040760492695000,143.0,1,142.5,25,143.0,79,1,2021-12-09 09:06:00
1639040760774424000,142.5,2,142.5,23,143.0,79,2,2021-12-09 09:06:00
1639040760779409000,142.5,2,142.5,21,143.0,79,2,2021-12-09 09:06:00
1639040760844933000,142.5,2,142.5,19,143.0,79,2,2021-12-09 09:06:00
1639040761991543000,142.5,1,142.5,22,143.0,80,2,2021-12-09 09:06:01
1639040763469101000,142.5,2,142.5,33,143.0,80,2,2021-12-09 09:06:03
1639040763798274000,143.0,1,142.5,33,143.0,80,1,2021-12-09 09:06:03
1639040764945576000,142.5,15,142.5,38,143.0,80,2,2021-12-09 09:06:04
1639040765384277000,142.5,1,142.5,37,143.0,80,2,2021-12-09 09:06:05
1639040767818632000,142.5,1,142.5,40,143.0,91,2,2021-12-09 09:06:07
1639040768238238000,142.5,7,142.5,34,143.0,91,2,2021-12-09 09:06:08
1639040768512008000,142.5,1,142.5,33,143.0,91,2,2021-12-09 09:06:08
1639040769149309000,142.5,1,142.5,32,143.0,91,2,2021-12-09 09:06:09
1639040769660061000,142.5,1,142.5,31,143.0,91,2,2021-12-09 09:06:09
1639040776259830000,142.5,1,142.5,34,143.0,91,2,2021-12-09 09:06:16
1639040778510764000,142.5,2,142.5,32,143.0,93,2,2021-12-09 09:06:18
1639040778568761000,142.5,1,142.5,31,143.0,93,2,2021-12-09 09:06:18
1639040779802079000,142.5,1,142.5,30,143.0,93,2,2021-12-09 09:06:19
1639040780422869000,142.5,1,142.5,29,143.0,92,2,2021-12-09 09:06:20
1639040781323723000,142.5,16,142.5,13,143.0,92,2,2021-12-09 09:06:21
1639040781393799000,142.5,1,142.5,12,143.0,92,2,2021-12-09 09:06:21
1639040782060981000,142.5,1,142.5,13,143.0,92,2,2021-12-09 09:06:22
1639040782147088000,142.5,1,142.5,12,143.0,92,2,2021-12-09 09:06:22
1639040783534040000,142.5,2,142.5,10,143.0,92,2,2021-12-09 09:06:23
1639040783818574000,142.5,1,142.5,9,143.0,92,2,2021-12-09 09:06:23
1639040784405191000,142.5,5,142.5,4,143.0,87,2,2021-12-09 09:06:24
1639040784409927000,142.5,1,142.5,3,143.0,87,2,2021-12-09 09:06:24
1639040785626945000,142.5,4,142.0,289,142.5,16,2,2021-12-09 09:06:25
1639040786006792000,142.5,1,142.0,88,142.5,16,1,2021-12-09 09:06:26
1639040786343730000,142.5,1,142.0,88,142.5,15,1,2021-12-09 09:06:26
1639040786369428000,142.5,1,142.0,88,142.5,14,1,2021-12-09 09:06:26
1639040786537159000,142.5,1,142.0,88,142.5,13,1,2021-12-09 09:06:26
1639040787112969000,142.5,2,142.0,88,142.5,16,1,2021-12-09 09:06:27
1639040789590800000,142.5,1,142.0,88,142.5,17,1,2021-12-09 09:06:29
1639040790584185000,142.0,1,142.0,87,142.5,17,2,2021-12-09 09:06:30
1639040797814537000,142.0,1,142.0,89,142.5,37,2,2021-12-09 09:06:37
1639040798853567000,142.0,1,142.0,88,142.5,37,2,2021-12-09 09:06:38
1639040799347816000,142.0,5,142.0,83,142.5,42,2,2021-12-09 09:06:39
1639040799572188000,142.5,1,142.0,83,142.5,41,1,2021-12-09 09:06:39
1639040799735609000,142.5,1,142.0,83,142.5,40,1,2021-12-09 09:06:39
1639040801566288000,142.0,1,142.0,80,142.5,40,2,2021-12-09 09:06:41
1639040803808299000,142.5,1,142.0,78,142.5,39,1,2021-12-09 09:06:43
1639040804380145000,142.0,2,142.0,77,142.5,44,2,2021-12-09 09:06:44
1639040805277027000,142.0,1,142.0,83,142.5,53,2,2021-12-09 09:06:45
1639040805504569000,142.5,1,142.0,83,142.5,52,1,2021-12-09 09:06:45
1639040806348399000,142.5,1,142.0,83,142.5,51,1,2021-12-09 09:06:46
1639040809241397000,142.5,1,142.0,89,142.5,51,1,2021-12-09 09:06:49
1639040811102525000,142.5,1,142.0,90,142.5,50,1,2021-12-09 09:06:51
1639040813865096000,142.0,30,142.0,61,142.5,51,2,2021-12-09 09:06:53
1639040813935912000,142.0,1,142.0,60,142.5,51,2,2021-12-09 09:06:53
1639040814007457000,142.0,1,142.0,59,142.5,51,2,2021-12-09 09:06:54
1639040818752878000,142.0,10,142.0,60,142.5,52,2,2021-12-09 09:06:58
1639040820962283000,142.0,10,142.0,51,142.5,55,2,2021-12-09 09:07:00
1639040820992290000,142.0,1,142.0,50,142.5,55,2,2021-12-09 09:07:00
1639040821026038000,142.0,1,142.0,49,142.5,55,2,2021-12-09 09:07:01
1639040821031076000,142.0,1,142.0,48,142.5,55,2,2021-12-09 09:07:01
1639040821438784000,142.0,1,142.0,47,142.5,55,2,2021-12-09 09:07:01
1639040821827202000,142.0,10,142.0,37,142.5,55,2,2021-12-09 09:07:01
1639040821917443000,142.0,1,142.0,36,142.5,55,2,2021-12-09 09:07:01
1639040822841412000,142.0,1,142.0,36,142.5,55,2,2021-12-09 09:07:02
1639040824335466000,142.0,1,142.0,36,142.5,45,2,2021-12-09 09:07:04
1639040826886669000,142.0,1,142.0,36,142.5,45,2,2021-12-09 09:07:06
1639040827845548000,142.0,5,142.0,31,142.5,46,2,2021-12-09 09:07:07
1639040828713839000,142.0,2,142.0,30,142.5,46,2,2021-12-09 09:07:08
1639040829815667000,142.0,12,142.0,19,142.5,46,2,2021-12-09 09:07:09
1639040830487880000,142.0,2,142.0,17,142.5,46,2,2021-12-09 09:07:10
1639040831005536000,142.0,5,142.0,13,142.5,46,2,2021-12-09 09:07:11
1639040831641342000,142.0,2,142.0,11,142.5,49,2,2021-12-09 09:07:11
1639040832639068000,142.5,5,142.0,101,142.5,44,1,2021-12-09 09:07:12
1639040832766271000,142.5,38,142.0,131,142.5,6,1,2021-12-09 09:07:12
1639040832796660000,142.5,6,142.0,131,143.0,96,1,2021-12-09 09:07:12
1639040833220720000,142.5,1,142.0,133,143.0,96,2,2021-12-09 09:07:13
1639040833297471000,142.0,10,142.0,122,143.0,96,2,2021-12-09 09:07:13
1639040833780428000,143.0,1,142.5,16,143.0,95,1,2021-12-09 09:07:13
1639040834019329000,142.5,1,142.5,15,143.0,95,2,2021-12-09 09:07:14
1639040835110457000,142.5,3,142.5,13,143.0,95,2,2021-12-09 09:07:15
1639040837806605000,142.5,2,142.5,15,143.0,95,2,2021-12-09 09:07:17
1639040839005211000,142.5,5,142.5,6,143.0,105,2,2021-12-09 09:07:19
1639040839257137000,142.5,2,142.5,4,143.0,105,2,2021-12-09 09:07:19
1639040839868377000,142.5,1,142.5,3,143.0,105,2,2021-12-09 09:07:19
1639040842268052000,142.5,1,142.5,2,143.0,104,2,2021-12-09 09:07:22
1639040842425894000,142.5,1,142.5,4,143.0,104,2,2021-12-09 09:07:22
1639040843816891000,142.5,2,142.5,2,143.0,105,2,2021-12-09 09:07:23
1639040844209830000,142.5,2,142.0,7,143.0,105,2,2021-12-09 09:07:24
1639040848072551000,142.0,2,142.0,9,142.5,15,2,2021-12-09 09:07:28
1639040851042002000,142.5,1,142.0,25,142.5,20,1,2021-12-09 09:07:31
1639040852280118000,142.5,26,142.0,39,142.5,7,1,2021-12-09 09:07:32
1639040854364256000,142.5,7,142.0,91,143.0,93,1,2021-12-09 09:07:34
1639040856394410000,142.5,5,142.5,3,143.0,93,2,2021-12-09 09:07:36
1639040858018592000,142.5,1,142.5,6,143.0,92,2,2021-12-09 09:07:38
1639040858194726000,142.5,3,142.5,3,143.0,92,2,2021-12-09 09:07:38
1639040860277451000,142.5,3,142.5,4,143.0,92,2,2021-12-09 09:07:40
1639040860570009000,143.0,1,142.5,4,143.0,91,1,2021-12-09 09:07:40
1639040860859089000,142.5,2,142.5,2,143.0,91,2,2021-12-09 09:07:40
1639040862692585000,142.5,1,142.5,12,143.0,98,2,2021-12-09 09:07:42
1639040866740043000,143.0,3,142.5,22,143.0,95,1,2021-12-09 09:07:46
1639040870493224000,142.5,1,142.5,25,143.0,95,2,2021-12-09 09:07:50
1639040870714924000,142.5,1,142.5,24,143.0,94,2,2021-12-09 09:07:50
1639040873632835000,143.0,1,142.5,25,143.0,93,1,2021-12-09 09:07:53
1639040879859542000,143.0,1,142.5,35,143.0,93,1,2021-12-09 09:07:59
1639040880940028000,143.0,69,142.5,38,143.0,10,1,2021-12-09 09:08:00
1639040880940934000,143.0,14,142.5,38,143.0,10,1,2021-12-09 09:08:00
1639040880972151000,143.0,10,143.0,10,143.5,54,1,2021-12-09 09:08:00
1639040885202879000,143.0,10,143.0,6,143.5,54,2,2021-12-09 09:08:05
1639040885875105000,143.5,2,143.0,7,143.5,52,1,2021-12-09 09:08:05
1639040885913020000,143.0,1,143.0,6,143.5,52,2,2021-12-09 09:08:05
1639040886199538000,143.5,3,143.0,6,143.5,49,1,2021-12-09 09:08:06
1639040887851290000,143.5,1,143.0,7,143.5,47,1,2021-12-09 09:08:07
1639040888347542000,143.0,1,143.0,7,143.5,47,2,2021-12-09 09:08:08
1639040888797247000,143.5,3,143.0,7,143.5,44,1,2021-12-09 09:08:08
1639040891161993000,143.5,1,143.0,17,143.5,43,1,2021-12-09 09:08:11
1639040891234084000,143.5,1,143.0,17,143.5,42,1,2021-12-09 09:08:11
1639040892318565000,143.5,1,143.0,18,143.5,41,1,2021-12-09 09:08:12
1639040895230345000,143.5,1,143.0,24,143.5,40,1,2021-12-09 09:08:15
1639040896008690000,143.5,1,143.0,36,143.5,39,1,2021-12-09 09:08:16
1639040897199885000,143.5,1,143.0,37,143.5,38,1,2021-12-09 09:08:17
1639040897281022000,143.5,1,143.0,37,143.5,37,1,2021-12-09 09:08:17
1639040898216079000,143.0,1,143.0,36,143.5,37,2,2021-12-09 09:08:18
1639040898389190000,143.0,1,143.0,35,143.5,37,2,2021-12-09 09:08:18
1639040903172222000,143.5,1,143.0,32,143.5,46,1,2021-12-09 09:08:23
1639040906334470000,143.5,1,143.0,38,143.5,45,1,2021-12-09 09:08:26
1639040910101731000,143.5,1,143.0,40,143.5,46,1,2021-12-09 09:08:30
1639040912692994000,143.5,1,143.0,41,143.5,48,1,2021-12-09 09:08:32
1639040915561616000,143.5,3,143.0,41,143.5,48,1,2021-12-09 09:08:35
1639040916596654000,143.0,33,143.0,9,143.5,48,2,2021-12-09 09:08:36
1639040916687267000,143.5,10,143.0,9,143.5,38,1,2021-12-09 09:08:36
1639040917994942000,143.5,1,143.0,9,143.5,38,1,2021-12-09 09:08:37
1639040918142732000,143.5,5,143.0,9,143.5,33,1,2021-12-09 09:08:38
1639040918306200000,143.5,1,143.0,9,143.5,32,1,2021-12-09 09:08:38
1639040918403697000,143.5,1,143.0,9,143.5,31,1,2021-12-09 09:08:38
1639040919101779000,143.5,1,143.0,9,143.5,30,1,2021-12-09 09:08:39
1639040919126446000,143.5,1,143.0,9,143.5,29,1,2021-12-09 09:08:39
1639040919894223000,143.5,1,143.0,12,143.5,28,1,2021-12-09 09:08:39
1639040920173981000,143.5,3,143.0,12,143.5,25,1,2021-12-09 09:08:40
1639040920894456000,143.5,1,143.0,12,143.5,24,1,2021-12-09 09:08:40
1639040921995197000,143.5,1,143.0,12,143.5,23,1,2021-12-09 09:08:41
1639040923923765000,143.5,1,143.0,12,143.5,22,1,2021-12-09 09:08:43
1639040924707229000,143.5,2,143.0,12,143.5,20,1,2021-12-09 09:08:44
1639040925073981000,143.5,1,143.0,12,143.5,19,1,2021-12-09 09:08:45
1639040925149231000,143.5,1,143.0,12,143.5,18,1,2021-12-09 09:08:45
1639040926271953000,143.5,1,143.0,15,143.5,17,1,2021-12-09 09:08:46
1639040926901332000,143.5,1,143.0,15,143.5,16,1,2021-12-09 09:08:46
1639040928444548000,143.5,1,143.0,16,143.5,15,1,2021-12-09 09:08:48
1639040929466230000,143.5,10,143.0,16,143.5,35,1,2021-12-09 09:08:49
1639040931610678000,143.5,1,143.0,16,143.5,35,1,2021-12-09 09:08:51
1639040933760011000,143.5,3,143.0,17,143.5,32,1,2021-12-09 09:08:53
1639040935109185000,143.5,1,143.0,17,143.5,33,1,2021-12-09 09:08:55
1639040935808498000,143.5,5,143.0,17,143.5,28,1,2021-12-09 09:08:55
1639040935824811000,143.5,1,143.0,17,143.5,27,1,2021-12-09 09:08:55
1639040936511322000,143.5,1,143.0,17,143.5,26,1,2021-12-09 09:08:56
1639040937150023000,143.5,1,143.0,17,143.5,25,1,2021-12-09 09:08:57
1639040937399310000,143.5,1,143.0,17,143.5,25,1,2021-12-09 09:08:57
1639040941088812000,143.5,2,143.0,20,143.5,36,1,2021-12-09 09:09:01
1639040941766941000,143.5,2,143.0,21,143.5,34,1,2021-12-09 09:09:01
1639040943216076000,143.0,1,143.0,40,143.5,34,2,2021-12-09 09:09:03
1639040944567457000,143.0,15,143.0,26,143.5,34,2,2021-12-09 09:09:04
1639040945018223000,143.5,1,143.0,28,143.5,34,1,2021-12-09 09:09:05
1639040946614932000,143.5,1,143.0,30,143.5,35,1,2021-12-09 09:09:06
1639040957335090000,143.5,1,143.0,35,143.5,39,1,2021-12-09 09:09:17
1639040959772475000,143.5,2,143.0,138,143.5,39,1,2021-12-09 09:09:19
1639040962413632000,143.5,1,143.0,138,143.5,39,1,2021-12-09 09:09:22
1639040962427057000,143.5,1,143.0,138,143.5,38,1,2021-12-09 09:09:22
1639040963867097000,143.5,5,143.0,141,143.5,33,1,2021-12-09 09:09:23
1639040964473441000,143.5,1,143.0,141,143.5,32,1,2021-12-09 09:09:24
1639040965849152000,143.5,1,143.0,141,143.5,40,1,2021-12-09 09:09:25
1639040966226408000,143.5,1,143.0,143,143.5,39,1,2021-12-09 09:09:26
1639040966695896000,143.0,1,143.0,142,143.5,39,2,2021-12-09 09:09:26
1639040970667226000,143.5,1,143.0,243,143.5,49,1,2021-12-09 09:09:30
1639040971272951000,143.5,2,143.0,243,143.5,47,1,2021-12-09 09:09:31
1639040971805627000,143.5,1,143.0,243,143.5,46,1,2021-12-09 09:09:31
1639040972614391000,143.5,1,143.0,43,143.5,45,1,2021-12-09 09:09:32
1639040973605762000,143.5,5,143.0,44,143.5,45,1,2021-12-09 09:09:33
1639040974511036000,143.0,2,143.0,43,143.5,45,2,2021-12-09 09:09:34
1639040974711890000,143.5,1,143.0,43,143.5,49,1,2021-12-09 09:09:34
1639040975141452000,143.5,1,143.0,42,143.5,43,1,2021-12-09 09:09:35
1639040975357981000,143.5,1,143.0,42,143.5,42,1,2021-12-09 09:09:35
1639040975721315000,143.5,1,143.0,42,143.5,41,1,2021-12-09 09:09:35
1639040979150883000,143.5,1,143.0,43,143.5,50,1,2021-12-09 09:09:39
1639040979494517000,143.5,1,143.0,43,143.5,49,1,2021-12-09 09:09:39
1639040980627514000,143.5,1,143.0,43,143.5,48,1,2021-12-09 09:09:40
1639040981594228000,143.5,1,143.0,45,143.5,49,1,2021-12-09 09:09:41
1639040981869969000,143.5,6,143.0,45,143.5,44,1,2021-12-09 09:09:41
1639040982809840000,143.5,1,143.0,47,143.5,43,1,2021-12-09 09:09:42
1639040982878996000,143.5,1,143.0,46,143.5,42,1,2021-12-09 09:09:42
1639040983646498000,143.5,1,143.0,46,143.5,41,1,2021-12-09 09:09:43
1639040985084595000,143.5,1,143.0,46,143.5,40,1,2021-12-09 09:09:45
1639040990807813000,143.5,1,143.0,50,143.5,61,1,2021-12-09 09:09:50
1639040991058757000,143.5,1,143.0,50,143.5,60,1,2021-12-09 09:09:51
1639040994411172000,143.0,2,143.0,48,143.5,67,2,2021-12-09 09:09:54
1639040995734963000,143.0,10,143.0,48,143.5,67,2,2021-12-09 09:09:55
1639040995783904000,143.0,1,143.0,47,143.5,67,2,2021-12-09 09:09:55
1639040995803841000,143.0,10,143.0,37,143.5,67,2,2021-12-09 09:09:55
1639040995824056000,143.0,23,142.5,83,143.5,67,2,2021-12-09 09:09:55
1639040995824261000,143.0,14,142.5,83,143.5,67,2,2021-12-09 09:09:55
1639041000086006000,143.0,2,142.5,83,143.0,20,1,2021-12-09 09:10:00
1639041002195804000,143.0,1,142.5,382,143.0,20,1,2021-12-09 09:10:02
1639041002835153000,143.0,1,142.5,382,143.0,19,1,2021-12-09 09:10:02
1639041005706149000,143.0,5,142.5,383,143.0,14,1,2021-12-09 09:10:05
1639041005741924000,142.5,1,142.5,382,143.0,14,2,2021-12-09 09:10:05
1639041008148772000,143.0,2,142.5,382,143.0,16,1,2021-12-09 09:10:08
1639041008235029000,143.0,1,142.5,382,143.0,17,1,2021-12-09 09:10:08
1639041010024236000,143.0,1,142.5,383,143.0,17,1,2021-12-09 09:10:10
1639041011231132000,143.0,1,142.5,383,143.0,23,1,2021-12-09 09:10:11
1639041012900202000,143.0,1,142.5,83,143.0,32,1,2021-12-09 09:10:12
1639041013343718000,143.0,5,142.5,83,143.0,27,1,2021-12-09 09:10:13
1639041015020747000,143.0,1,142.5,83,143.0,26,1,2021-12-09 09:10:15
1639041017747024000,142.5,2,142.5,82,143.0,37,2,2021-12-09 09:10:17
1639041018654691000,142.5,1,142.5,81,143.0,37,2,2021-12-09 09:10:18
1639041023921128000,142.5,1,142.5,80,143.0,40,2,2021-12-09 09:10:23
1639041024002968000,142.5,4,142.5,76,143.0,35,2,2021-12-09 09:10:24
1639041024040622000,142.5,1,142.5,75,143.0,40,2,2021-12-09 09:10:24
1639041024924843000,142.5,1,142.5,74,143.0,40,2,2021-12-09 09:10:24
1639041024952120000,142.5,2,142.5,72,143.0,40,2,2021-12-09 09:10:24
1639041025022194000,142.5,2,142.5,70,143.0,35,2,2021-12-09 09:10:25
1639041025049793000,142.5,3,142.5,67,143.0,35,2,2021-12-09 09:10:25
1639041025121624000,142.5,1,142.5,66,143.0,39,2,2021-12-09 09:10:25
1639041025219942000,142.5,4,142.5,62,143.0,35,2,2021-12-09 09:10:25
1639041025249945000,142.5,8,142.5,54,143.0,35,2,2021-12-09 09:10:25
1639041028250024000,143.0,1,142.5,54,143.0,35,1,2021-12-09 09:10:28
1639041033923698000,143.0,10,142.5,55,143.0,26,1,2021-12-09 09:10:33
1639041034528372000,143.0,5,142.5,55,143.0,21,1,2021-12-09 09:10:34
1639041038174043000,143.0,1,142.5,55,143.0,30,1,2021-12-09 09:10:38
1639041038953881000,142.5,1,142.5,54,143.0,30,2,2021-12-09 09:10:38
1639041041396483000,143.0,1,142.5,54,143.0,30,1,2021-12-09 09:10:41
1639041042021597000,143.0,1,142.5,54,143.0,29,1,2021-12-09 09:10:42
1639041042347026000,142.5,1,142.5,54,143.0,29,2,2021-12-09 09:10:42
1639041043356533000,143.0,1,142.5,54,143.0,28,1,2021-12-09 09:10:43
1639041043782673000,143.0,1,142.5,54,143.0,27,1,2021-12-09 09:10:43
1639041052783748000,142.5,5,142.5,52,143.0,31,2,2021-12-09 09:10:52
1639041054769070000,143.0,1,142.5,52,143.0,30,1,2021-12-09 09:10:54
1639041056437847000,143.0,1,142.5,52,143.0,29,1,2021-12-09 09:10:56
1639041059942028000,142.5,5,142.5,46,143.0,30,2,2021-12-09 09:10:59
1639041064437864000,143.0,2,142.5,49,143.0,29,1,2021-12-09 09:11:04
1639041064649626000,143.0,10,142.5,49,143.0,19,1,2021-12-09 09:11:04
1639041064683999000,143.0,1,142.5,49,143.0,18,1,2021-12-09 09:11:04
1639041067087211000,143.0,1,142.5,51,143.0,25,1,2021-12-09 09:11:07
1639041070272557000,142.5,1,142.5,51,143.0,27,2,2021-12-09 09:11:10
1639041071751219000,142.5,1,142.5,50,143.0,27,2,2021-12-09 09:11:11
1639041089903362000,142.5,1,142.5,72,143.0,40,2,2021-12-09 09:11:29
1639041092075104000,143.0,1,142.5,75,143.0,40,1,2021-12-09 09:11:32
1639041094247382000,142.5,1,142.5,75,143.0,40,2,2021-12-09 09:11:34
1639041094384344000,143.0,3,142.5,75,143.0,37,1,2021-12-09 09:11:34
1639041097862858000,143.0,1,142.5,76,143.0,36,1,2021-12-09 09:11:37
1639041101011064000,143.0,1,142.5,78,143.0,36,1,2021-12-09 09:11:41
1639041111689716000,143.0,1,142.5,68,143.0,41,1,2021-12-09 09:11:51
1639041112004396000,143.0,1,142.5,68,143.0,43,1,2021-12-09 09:11:52
1639041118648518000,143.0,5,142.5,73,143.0,39,1,2021-12-09 09:11:58
1639041120545356000,142.5,1,142.5,72,143.0,50,2,2021-12-09 09:12:00
1639041120883946000,143.0,5,142.5,72,143.0,56,1,2021-12-09 09:12:00
1639041121538845000,142.5,1,142.5,73,143.0,56,2,2021-12-09 09:12:01
1639041124132572000,143.0,2,142.5,73,143.0,54,1,2021-12-09 09:12:04
1639041124582775000,142.5,1,142.5,72,143.0,55,2,2021-12-09 09:12:04
1639041125488413000,143.0,1,142.5,72,143.0,54,1,2021-12-09 09:12:05
1639041131589649000,143.0,3,142.5,72,143.0,52,1,2021-12-09 09:12:11
1639041133350487000,142.5,5,142.5,68,143.0,52,2,2021-12-09 09:12:13
1639041134612710000,143.0,1,142.5,68,143.0,52,1,2021-12-09 09:12:14
1639041140412919000,143.0,1,142.5,69,143.0,53,1,2021-12-09 09:12:20
1639041151158753000,143.0,1,142.5,68,143.0,60,1,2021-12-09 09:12:31
1639041154432729000,143.0,1,142.5,68,143.0,59,1,2021-12-09 09:12:34
1639041164332615000,143.0,2,142.5,70,143.0,59,1,2021-12-09 09:12:44
1639041167528864000,143.0,1,142.5,70,143.0,59,1,2021-12-09 09:12:47
1639041168165000000,143.0,1,142.5,70,143.0,58,1,2021-12-09 09:12:48
1639041171360016000,143.0,2,142.5,70,143.0,58,1,2021-12-09 09:12:51
1639041174040122000,142.5,10,142.5,61,143.0,58,2,2021-12-09 09:12:54
1639041183124933000,142.5,30,142.5,31,143.0,59,2,2021-12-09 09:13:03
1639041185863945000,142.5,1,142.5,29,143.0,72,2,2021-12-09 09:13:05
1639041185894079000,142.5,4,142.5,25,143.0,72,2,2021-12-09 09:13:05
1639041186609448000,142.5,2,142.5,23,143.0,72,2,2021-12-09 09:13:06
1639041190903744000,142.5,1,142.5,22,143.0,76,2,2021-12-09 09:13:10
1639041193839401000,142.5,2,142.5,20,143.0,80,2,2021-12-09 09:13:13
1639041195612470000,142.5,2,142.5,18,143.0,80,2,2021-12-09 09:13:15
1639041196783611000,142.5,18,142.0,249,142.5,2,2,2021-12-09 09:13:16
1639041196832880000,142.0,1,142.0,147,142.5,3,2,2021-12-09 09:13:16
1639041204384725000,142.0,1,142.0,142,142.5,27,2,2021-12-09 09:13:24
1639041205625275000,142.0,5,142.0,137,142.5,27,2,2021-12-09 09:13:25
1639041208147391000,142.5,5,142.0,137,142.5,24,1,2021-12-09 09:13:28
1639041209491354000,142.5,2,142.0,138,142.5,22,1,2021-12-09 09:13:29
1639041211975305000,142.0,1,142.0,137,142.5,23,2,2021-12-09 09:13:31
1639041211988087000,142.0,1,142.0,136,142.5,23,2,2021-12-09 09:13:31
1639041222718192000,142.5,5,142.0,141,142.5,31,1,2021-12-09 09:13:42
1639041223282300000,142.5,1,142.0,143,142.5,30,1,2021-12-09 09:13:43
1639041225556249000,142.5,2,142.0,264,143.0,65,1,2021-12-09 09:13:45
1639041225556799000,142.5,37,142.0,264,143.0,65,1,2021-12-09 09:13:45
1639041226287909000,142.0,1,142.0,262,143.0,65,2,2021-12-09 09:13:46
1639041227116879000,142.5,1,142.0,262,143.0,65,1,2021-12-09 09:13:47
1639041229426197000,143.0,1,142.5,4,143.0,63,1,2021-12-09 09:13:49
1639041230357061000,142.5,4,142.0,267,143.0,58,2,2021-12-09 09:13:50
1639041235188119000,142.5,4,142.0,270,142.5,6,2,2021-12-09 09:13:55
1639041236824030000,142.5,1,142.0,269,142.5,5,1,2021-12-09 09:13:56
1639041237767164000,142.5,1,142.0,269,142.5,4,1,2021-12-09 09:13:57
1639041239447869000,142.5,2,142.0,269,142.5,2,1,2021-12-09 09:13:59
1639041240460546000,142.5,1,142.0,254,142.5,1,1,2021-12-09 09:14:00
1639041240737041000,142.5,1,142.0,254,143.0,73,1,2021-12-09 09:14:00
1639041249659518000,142.5,1,142.0,135,142.5,33,1,2021-12-09 09:14:09
1639041250354463000,142.5,1,142.0,135,142.5,32,1,2021-12-09 09:14:10
1639041250767389000,142.0,1,142.0,134,142.5,32,2,2021-12-09 09:14:10
1639041251241967000,142.5,20,142.0,134,142.5,12,1,2021-12-09 09:14:11
1639041259153747000,142.5,1,142.0,139,142.5,18,1,2021-12-09 09:14:19
1639041259568202000,142.5,1,142.0,139,142.5,17,1,2021-12-09 09:14:19
1639041260150524000,142.5,1,142.0,339,142.5,16,1,2021-12-09 09:14:20
1639041260247233000,142.5,1,142.0,339,142.5,15,1,2021-12-09 09:14:20
1639041263211812000,142.5,2,142.0,339,142.5,18,1,2021-12-09 09:14:23
1639041263279660000,142.5,1,142.0,339,142.5,17,1,2021-12-09 09:14:23
1639041263599947000,142.5,1,142.0,339,142.5,16,1,2021-12-09 09:14:23
1639041266220771000,142.5,1,142.0,339,142.5,15,1,2021-12-09 09:14:26
1639041268247211000,142.5,1,142.0,340,142.5,35,1,2021-12-09 09:14:28
1639041270365728000,142.5,1,142.0,341,142.5,34,1,2021-12-09 09:14:30
1639041271466426000,142.5,1,142.0,341,142.5,33,1,2021-12-09 09:14:31
1639041271594029000,142.5,1,142.0,341,142.5,32,1,2021-12-09 09:14:31
1639041272068413000,142.5,1,142.0,342,142.5,31,1,2021-12-09 09:14:32
1639041272117603000,142.5,1,142.0,342,142.5,30,1,2021-12-09 09:14:32
1639041277859078000,142.0,144,141.5,160,142.0,56,2,2021-12-09 09:14:37
1639041279103981000,142.0,1,141.5,77,142.0,55,1,2021-12-09 09:14:39
1639041279218852000,142.0,1,141.5,77,142.0,54,1,2021-12-09 09:14:39
1639041281178186000,142.0,1,141.5,75,142.0,58,1,2021-12-09 09:14:41
1639041283065067000,142.0,1,141.5,75,142.0,57,1,2021-12-09 09:14:43
1639041285507421000,142.0,1,141.5,74,142.0,56,1,2021-12-09 09:14:45
1639041294750861000,142.0,1,141.5,294,142.0,58,1,2021-12-09 09:14:54
1639041300941169000,142.0,1,141.5,296,142.0,8,1,2021-12-09 09:15:00
1639041301489132000,141.5,1,141.5,295,142.0,8,2,2021-12-09 09:15:01
1639041301865286000,142.0,1,141.5,295,142.0,7,1,2021-12-09 09:15:01
1639041305233238000,141.5,39,141.5,56,142.0,39,2,2021-12-09 09:15:05
1639041306257753000,141.5,2,141.5,54,142.0,43,2,2021-12-09 09:15:06
1639041306261537000,141.5,1,141.5,53,142.0,43,2,2021-12-09 09:15:06
1639041307564369000,141.5,11,141.5,42,142.0,43,2,2021-12-09 09:15:07
1639041307588094000,141.5,19,141.5,23,142.0,43,2,2021-12-09 09:15:07
1639041309465345000,141.5,1,141.5,22,142.0,45,2,2021-12-09 09:15:09
1639041309499252000,141.5,3,141.5,19,142.0,45,2,2021-12-09 09:15:09
1639041309501091000,141.5,3,141.5,16,142.0,45,2,2021-12-09 09:15:09
1639041310337813000,141.5,2,141.5,14,142.0,44,2,2021-12-09 09:15:10
1639041310368049000,141.5,1,141.5,13,142.0,44,2,2021-12-09 09:15:10
1639041310836889000,141.5,1,141.5,32,142.0,43,2,2021-12-09 09:15:10
1639041311231563000,141.5,2,141.5,30,142.0,43,2,2021-12-09 09:15:11
1639041311956913000,141.5,1,141.5,30,142.0,43,2,2021-12-09 09:15:11
1639041312485148000,141.5,10,141.5,20,142.0,43,2,2021-12-09 09:15:12
1639041312638083000,141.5,3,141.5,17,142.0,46,2,2021-12-09 09:15:12
1639041313514681000,141.5,1,141.5,16,142.0,43,2,2021-12-09 09:15:13
1639041314146839000,141.5,2,141.5,14,142.0,41,2,2021-12-09 09:15:14
1639041314821874000,141.5,1,141.5,13,142.0,42,2,2021-12-09 09:15:14
1639041315059922000,141.5,1,141.5,12,142.0,42,2,2021-12-09 09:15:15
1639041315507563000,141.5,1,141.5,11,142.0,42,2,2021-12-09 09:15:15
1639041315837282000,141.5,1,141.5,10,142.0,42,2,2021-12-09 09:15:15
1639041316586125000,141.5,1,141.5,10,142.0,42,2,2021-12-09 09:15:16
1639041318707227000,141.5,1,141.5,9,142.0,43,2,2021-12-09 09:15:18
1639041318817877000,141.5,5,141.5,4,142.0,43,2,2021-12-09 09:15:18
1639041319042670000,141.5,1,141.5,3,142.0,43,2,2021-12-09 09:15:19
1639041319546981000,141.5,1,141.5,3,142.0,43,2,2021-12-09 09:15:19
1639041319857265000,141.5,3,141.0,172,141.5,2,2,2021-12-09 09:15:19
1639041320506223000,141.5,4,141.5,6,142.0,43,1,2021-12-09 09:15:20
1639041320878513000,141.5,1,141.5,5,142.0,44,2,2021-12-09 09:15:20
1639041322739901000,141.5,2,141.5,3,142.0,44,2,2021-12-09 09:15:22
1639041323120409000,141.5,1,141.5,2,142.0,44,2,2021-12-09 09:15:23
1639041323615429000,141.5,1,141.5,1,142.0,44,2,2021-12-09 09:15:23
1639041324102073000,141.5,1,141.0,171,141.5,1,2,2021-12-09 09:15:24
1639041324134152000,141.5,1,141.0,170,142.0,44,1,2021-12-09 09:15:24
1639041325044617000,141.0,2,141.0,168,141.5,1,2,2021-12-09 09:15:25
1639041325281221000,141.0,5,141.0,163,141.5,1,2,2021-12-09 09:15:25
1639041325736927000,141.5,1,141.0,163,142.0,44,1,2021-12-09 09:15:25
1639041326283794000,141.5,2,141.0,163,142.0,44,2,2021-12-09 09:15:26
1639041327278622000,141.5,1,141.0,162,141.5,4,1,2021-12-09 09:15:27
1639041327655431000,141.5,1,141.0,161,141.5,3,1,2021-12-09 09:15:27
1639041328023981000,141.5,1,141.0,160,141.5,2,1,2021-12-09 09:15:28
1639041330339897000,141.5,5,141.0,161,142.0,42,1,2021-12-09 09:15:30
1639041331160610000,141.5,1,141.0,161,141.5,7,1,2021-12-09 09:15:31
1639041331784171000,141.5,1,141.0,161,141.5,7,1,2021-12-09 09:15:31
1639041331788000000,141.5,1,141.0,161,141.5,6,1,2021-12-09 09:15:31
1639041332713645000,141.5,6,141.5,15,142.0,39,1,2021-12-09 09:15:32
1639041332973253000,141.5,1,141.5,14,142.0,39,2,2021-12-09 09:15:32
1639041334160750000,141.5,5,141.5,9,142.0,39,2,2021-12-09 09:15:34
1639041335274698000,141.5,5,141.5,6,142.0,39,2,2021-12-09 09:15:35
1639041335612964000,141.5,1,141.5,5,142.0,39,2,2021-12-09 09:15:35
1639041336989671000,141.5,1,141.5,5,142.0,40,2,2021-12-09 09:15:36
1639041337158030000,141.5,1,141.5,5,142.0,40,2,2021-12-09 09:15:37
1639041337990998000,141.5,1,141.5,5,142.0,40,2,2021-12-09 09:15:37
1639041338435252000,141.5,2,141.5,3,142.0,40,2,2021-12-09 09:15:38
1639041341257399000,142.0,1,141.5,4,142.0,39,1,2021-12-09 09:15:41
1639041348136585000,141.5,1,141.5,13,142.0,44,2,2021-12-09 09:15:48
1639041356175497000,141.5,1,141.5,27,142.0,48,2,2021-12-09 09:15:56
1639041359540316000,142.0,1,141.5,32,142.0,49,1,2021-12-09 09:15:59
1639041359926960000,141.5,1,141.5,32,142.0,49,2,2021-12-09 09:15:59
1639041360752680000,141.5,1,141.5,31,142.0,48,2,2021-12-09 09:16:00
1639041362489423000,141.5,5,141.5,26,142.0,49,2,2021-12-09 09:16:02
1639041362858593000,141.5,1,141.5,35,142.0,50,2,2021-12-09 09:16:02
1639041366052307000,141.5,10,141.5,28,142.0,50,2,2021-12-09 09:16:06
1639041367588714000,141.5,2,141.5,27,142.0,51,2,2021-12-09 09:16:07
1639041369088629000,141.5,1,141.5,27,142.0,51,2,2021-12-09 09:16:09
1639041370555251000,141.5,12,141.5,16,142.0,51,2,2021-12-09 09:16:10
1639041371083635000,141.5,1,141.5,15,142.0,51,2,2021-12-09 09:16:11
1639041372520011000,141.5,1,141.5,14,142.0,50,2,2021-12-09 09:16:12
1639041373179848000,141.5,2,141.5,12,142.0,50,2,2021-12-09 09:16:13
1639041374412934000,141.5,2,141.5,11,142.0,50,2,2021-12-09 09:16:14
1639041375572683000,141.5,1,141.5,10,142.0,50,2,2021-12-09 09:16:15
1639041376007948000,141.5,2,141.5,8,142.0,50,2,2021-12-09 09:16:16
1639041376227052000,141.5,3,141.5,5,142.0,53,2,2021-12-09 09:16:16
1639041376384394000,141.5,5,141.0,174,141.5,5,2,2021-12-09 09:16:16
1639041376402837000,141.5,5,141.0,174,142.0,53,1,2021-12-09 09:16:16
1639041378863271000,141.5,1,141.0,157,141.5,2,1,2021-12-09 09:16:18
1639041382243883000,141.0,1,141.0,157,141.5,3,2,2021-12-09 09:16:22
1639041382861519000,141.5,1,141.0,157,141.5,5,1,2021-12-09 09:16:22
1639041393583887000,141.0,50,141.0,108,141.5,11,2,2021-12-09 09:16:33
1639041393942480000,141.5,1,141.0,108,141.5,10,1,2021-12-09 09:16:33
1639041394609588000,141.5,1,141.0,108,141.5,9,1,2021-12-09 09:16:34
1639041395951282000,141.5,1,141.0,107,141.5,13,1,2021-12-09 09:16:35
1639041399524520000,141.0,1,141.0,106,141.5,15,2,2021-12-09 09:16:39
1639041399988739000,141.0,2,141.0,104,141.5,15,2,2021-12-09 09:16:39
1639041401717190000,141.0,1,141.0,103,141.5,18,2,2021-12-09 09:16:41
1639041401861406000,141.0,1,141.0,102,141.5,18,2,2021-12-09 09:16:41
1639041402996069000,141.0,1,141.0,103,141.5,20,2,2021-12-09 09:16:42
1639041403379307000,141.0,18,141.0,85,141.5,22,2,2021-12-09 09:16:43
1639041404738285000,141.0,3,141.0,162,141.5,25,2,2021-12-09 09:16:44
1639041404753843000,141.0,1,141.0,161,141.5,25,2,2021-12-09 09:16:44
1639041406947859000,141.0,1,141.0,240,141.5,28,2,2021-12-09 09:16:46
1639041409216694000,141.0,1,141.0,320,141.5,28,2,2021-12-09 09:16:49
1639041409253811000,141.0,1,141.0,319,141.5,28,2,2021-12-09 09:16:49
1639041409735456000,141.0,1,141.0,318,141.5,28,2,2021-12-09 09:16:49
1639041410252220000,141.0,5,141.0,313,141.5,28,2,2021-12-09 09:16:50
1639041410461452000,141.0,1,141.0,312,141.5,28,2,2021-12-09 09:16:50
1639041411093593000,141.5,8,141.0,312,141.5,21,1,2021-12-09 09:16:51
1639041418206807000,141.5,1,141.0,314,141.5,23,1,2021-12-09 09:16:58
1639041425811953000,141.0,50,141.0,263,141.5,38,2,2021-12-09 09:17:05
1639041426480703000,141.0,2,141.0,261,141.5,39,2,2021-12-09 09:17:06
1639041429652498000,141.5,7,141.0,262,141.5,39,1,2021-12-09 09:17:09
1639041432055647000,141.0,3,141.0,259,141.5,35,2,2021-12-09 09:17:12
1639041433072281000,141.5,1,141.0,259,141.5,34,1,2021-12-09 09:17:13
1639041434930883000,141.0,1,141.0,258,141.5,34,2,2021-12-09 09:17:14
1639041437686308000,141.0,1,141.0,257,141.5,36,2,2021-12-09 09:17:17
1639041440739093000,141.0,2,141.0,255,141.5,34,2,2021-12-09 09:17:20
1639041441486006000,141.0,2,141.0,253,141.5,34,2,2021-12-09 09:17:21
1639041444698197000,141.0,1,141.0,253,141.5,38,2,2021-12-09 09:17:24
1639041445883820000,141.5,1,141.0,253,141.5,40,1,2021-12-09 09:17:25
1639041452250209000,141.0,1,141.0,253,141.5,50,2,2021-12-09 09:17:32
1639041454266966000,141.0,6,141.0,247,141.5,50,2,2021-12-09 09:17:34
1639041455287048000,141.5,1,141.0,247,141.5,49,1,2021-12-09 09:17:35
1639041457742213000,141.0,1,141.0,7,141.5,50,2,2021-12-09 09:17:37
1639041457755168000,141.0,1,141.0,6,141.5,50,2,2021-12-09 09:17:37
1639041459467835000,141.0,3,141.0,5,141.5,50,2,2021-12-09 09:17:39
1639041459722861000,141.5,1,141.0,5,141.5,49,1,2021-12-09 09:17:39
1639041460519732000,141.0,1,141.0,6,141.5,49,2,2021-12-09 09:17:40
1639041460735286000,141.0,5,141.0,1,141.5,49,2,2021-12-09 09:17:40
1639041461544740000,141.0,1,140.5,104,141.5,51,2,2021-12-09 09:17:41
1639041461816427000,140.5,2,140.5,102,141.5,51,2,2021-12-09 09:17:41
1639041461930008000,140.5,2,140.5,100,141.5,51,2,2021-12-09 09:17:41
1639041461943826000,140.5,20,140.5,80,141.5,51,2,2021-12-09 09:17:41
1639041461957748000,140.5,3,140.5,77,141.5,51,2,2021-12-09 09:17:41
1639041462281137000,140.5,1,140.5,76,141.5,51,2,2021-12-09 09:17:42
1639041462675695000,140.5,2,140.5,73,141.5,51,2,2021-12-09 09:17:42
1639041463511755000,140.5,2,140.5,71,141.5,52,2,2021-12-09 09:17:43
1639041464100937000,141.0,2,140.5,70,141.0,8,1,2021-12-09 09:17:44
1639041464729161000,140.5,2,140.5,66,141.0,9,2,2021-12-09 09:17:44
1639041465239467000,141.0,1,140.5,65,141.0,8,1,2021-12-09 09:17:45
1639041466161745000,140.5,3,140.5,66,141.0,8,2,2021-12-09 09:17:46
1639041466250718000,140.5,1,140.5,65,141.0,8,2,2021-12-09 09:17:46
1639041466660303000,141.0,1,140.5,65,141.0,7,1,2021-12-09 09:17:46
1639041467134982000,140.5,5,140.5,60,141.0,7,2,2021-12-09 09:17:47
1639041467363592000,141.0,3,140.5,60,141.0,4,1,2021-12-09 09:17:47
1639041469124971000,141.0,1,140.5,61,141.0,4,1,2021-12-09 09:17:49
1639041470093237000,141.0,2,140.5,61,141.0,2,1,2021-12-09 09:17:50
1639041470745119000,141.0,3,140.5,61,141.0,2,1,2021-12-09 09:17:50
1639041474872515000,141.0,1,140.5,66,141.0,5,1,2021-12-09 09:17:54
1639041475178670000,141.0,3,140.5,66,141.0,12,1,2021-12-09 09:17:55
1639041475990778000,141.0,1,140.5,66,141.0,11,1,2021-12-09 09:17:55
1639041476142273000,141.0,1,140.5,67,141.0,14,1,2021-12-09 09:17:56
1639041477539639000,140.5,2,140.5,66,141.0,15,2,2021-12-09 09:17:57
1639041478314211000,141.0,2,140.5,66,141.0,18,1,2021-12-09 09:17:58
1639041479204096000,140.5,3,140.5,62,141.0,18,2,2021-12-09 09:17:59
1639041484611855000,141.0,8,140.5,63,141.0,15,1,2021-12-09 09:18:04
1639041485010752000,140.5,3,140.5,63,141.0,15,2,2021-12-09 09:18:05
1639041488624695000,140.5,1,140.5,63,141.0,17,2,2021-12-09 09:18:08
1639041490422685000,140.5,1,140.5,63,141.0,20,2,2021-12-09 09:18:10
1639041491129007000,140.5,1,140.5,62,141.0,21,2,2021-12-09 09:18:11
1639041491702490000,140.5,1,140.5,61,141.0,25,2,2021-12-09 09:18:11
1639041494029019000,140.5,1,140.5,62,141.0,27,2,2021-12-09 09:18:14
1639041499840627000,140.5,1,140.5,63,141.0,28,2,2021-12-09 09:18:19
1639041500671346000,140.5,1,140.5,62,141.0,28,2,2021-12-09 09:18:20
1639041505471167000,140.5,1,140.5,63,141.0,31,2,2021-12-09 09:18:25
1639041506791490000,140.5,1,140.5,62,141.0,31,2,2021-12-09 09:18:26
1639041506848793000,140.5,1,140.5,61,141.0,31,2,2021-12-09 09:18:26
1639041507279544000,140.5,1,140.5,60,141.0,31,2,2021-12-09 09:18:27
1639041507303216000,140.5,3,140.5,57,141.0,31,2,2021-12-09 09:18:27
1639041511379261000,140.5,1,140.5,57,141.0,40,2,2021-12-09 09:18:31
1639041512057168000,140.5,1,140.5,56,141.0,41,2,2021-12-09 09:18:32
1639041513796768000,140.5,2,140.5,56,141.0,46,2,2021-12-09 09:18:33
1639041514419715000,140.5,1,140.5,55,141.0,46,2,2021-12-09 09:18:34
1639041516909847000,140.5,1,140.5,55,141.0,47,2,2021-12-09 09:18:36
1639041517060361000,140.5,1,140.5,54,141.0,47,2,2021-12-09 09:18:37
1639041521525957000,140.5,1,140.5,55,141.0,49,2,2021-12-09 09:18:41
1639041523805334000,140.5,5,140.5,51,141.0,49,2,2021-12-09 09:18:43
1639041523954561000,140.5,1,140.5,50,141.0,49,2,2021-12-09 09:18:43
1639041525474901000,141.0,3,140.5,49,141.0,46,1,2021-12-09 09:18:45
1639041525754978000,140.5,2,140.5,47,141.0,46,2,2021-12-09 09:18:45
1639041526046056000,140.5,1,140.5,46,141.0,46,2,2021-12-09 09:18:46
1639041526096648000,140.5,4,140.5,42,141.0,46,2,2021-12-09 09:18:46
1639041526259535000,140.5,2,140.5,41,141.0,46,2,2021-12-09 09:18:46
1639041532373674000,140.5,1,140.5,65,141.0,48,2,2021-12-09 09:18:52
1639041535219447000,140.5,1,140.5,64,141.0,48,2,2021-12-09 09:18:55
1639041541840896000,140.5,1,140.5,74,141.0,52,2,2021-12-09 09:19:01
1639041543186348000,140.5,3,140.5,72,141.0,52,2,2021-12-09 09:19:03
1639041543560206000,140.5,4,140.5,63,141.0,53,2,2021-12-09 09:19:03
1639041547558397000,141.0,12,140.5,72,141.0,40,1,2021-12-09 09:19:07
1639041547585852000,141.0,40,140.5,72,141.5,34,1,2021-12-09 09:19:07
1639041548914707000,141.0,1,141.0,5,141.5,34,2,2021-12-09 09:19:08
1639041551175097000,141.0,1,141.0,4,141.5,34,2,2021-12-09 09:19:11
1639041552029992000,141.5,2,141.0,6,141.5,33,1,2021-12-09 09:19:12
1639041558038443000,141.5,5,141.0,15,141.5,29,1,2021-12-09 09:19:18
1639041558418445000,141.5,1,141.0,15,141.5,28,1,2021-12-09 09:19:18
1639041558519665000,141.5,1,141.0,15,141.5,27,1,2021-12-09 09:19:18
1639041560646737000,141.5,1,141.0,17,141.5,27,1,2021-12-09 09:19:20
1639041561986296000,141.0,4,141.0,13,141.5,27,2,2021-12-09 09:19:21
1639041569979453000,141.0,1,141.0,26,141.5,24,2,2021-12-09 09:19:29
1639041572781223000,141.5,1,141.0,30,141.5,23,1,2021-12-09 09:19:32
1639041585490325000,141.5,1,141.0,33,141.5,20,1,2021-12-09 09:19:45
1639041593809031000,141.5,3,141.0,39,141.5,23,1,2021-12-09 09:19:53
1639041596588484000,141.5,4,141.0,41,141.5,19,1,2021-12-09 09:19:56
1639041598045119000,141.5,1,141.0,42,141.5,17,1,2021-12-09 09:19:58
1639041598832424000,141.5,1,141.0,42,141.5,26,1,2021-12-09 09:19:58
1639041598833476000,141.5,10,141.0,42,141.5,16,1,2021-12-09 09:19:58
1639041600184955000,141.5,1,141.0,42,141.5,15,1,2021-12-09 09:20:00
1639041600931410000,141.5,1,141.0,42,141.5,14,1,2021-12-09 09:20:00
1639041600966826000,141.5,3,141.0,42,141.5,11,1,2021-12-09 09:20:00
1639041601531879000,141.5,1,141.0,42,141.5,10,1,2021-12-09 09:20:01
1639041601566261000,141.5,3,141.0,42,141.5,7,1,2021-12-09 09:20:01
1639041602176855000,141.5,1,141.0,42,141.5,6,1,2021-12-09 09:20:02
1639041602192672000,141.5,2,141.0,42,141.5,4,1,2021-12-09 09:20:02
1639041602308280000,141.5,2,141.0,42,141.5,2,1,2021-12-09 09:20:02
1639041602341947000,141.5,2,141.0,42,142.0,49,1,2021-12-09 09:20:02
1639041603509066000,141.5,1,141.0,48,142.0,51,2,2021-12-09 09:20:03
1639041604285794000,141.5,1,141.0,48,141.5,4,2,2021-12-09 09:20:04
1639041605993121000,141.5,2,141.0,47,141.5,2,1,2021-12-09 09:20:05
1639041606287845000,141.5,1,141.0,46,141.5,1,1,2021-12-09 09:20:06
1639041607126189000,141.5,1,141.0,46,142.0,52,1,2021-12-09 09:20:07
1639041609412569000,141.5,1,141.0,48,142.0,52,2,2021-12-09 09:20:09
1639041610041255000,141.5,3,141.0,48,142.0,52,2,2021-12-09 09:20:10
1639041616634774000,141.5,1,141.5,5,142.0,52,2,2021-12-09 09:20:16
1639041640309744000,141.5,2,141.5,16,142.0,60,2,2021-12-09 09:20:40
1639041640503951000,142.0,1,141.5,16,142.0,59,1,2021-12-09 09:20:40
1639041651585993000,142.0,1,141.5,19,142.0,55,1,2021-12-09 09:20:51
1639041652311972000,142.0,1,141.5,18,142.0,54,1,2021-12-09 09:20:52
1639041663457731000,142.0,1,141.5,21,142.0,75,1,2021-12-09 09:21:03
1639041666102974000,141.5,5,141.5,17,142.0,78,2,2021-12-09 09:21:06
1639041669275617000,141.5,5,141.5,13,142.0,78,2,2021-12-09 09:21:09
1639041670028621000,141.5,2,141.5,12,142.0,76,2,2021-12-09 09:21:10
1639041671951313000,141.5,1,141.5,11,142.0,79,2,2021-12-09 09:21:11
1639041683315310000,141.5,1,141.5,11,142.0,80,2,2021-12-09 09:21:23
1639041689878824000,141.5,1,141.5,10,142.0,82,2,2021-12-09 09:21:29
1639041691974798000,141.5,2,141.5,10,142.0,82,2,2021-12-09 09:21:31
1639041693408361000,141.5,1,141.5,10,142.0,82,2,2021-12-09 09:21:33
1639041695626735000,141.5,1,141.5,9,142.0,62,2,2021-12-09 09:21:35
1639041695658496000,141.5,1,141.5,8,142.0,62,2,2021-12-09 09:21:35
1639041702804268000,141.5,1,141.5,14,142.0,62,2,2021-12-09 09:21:42
1639041703463234000,141.5,2,141.5,12,142.0,63,2,2021-12-09 09:21:43
1639041705222389000,141.5,1,141.5,11,142.0,63,2,2021-12-09 09:21:45
1639041708489699000,141.5,2,141.5,9,142.0,65,2,2021-12-09 09:21:48
1639041710778900000,141.5,2,141.5,7,142.0,65,2,2021-12-09 09:21:50
1639041710837640000,141.5,2,141.5,5,142.0,63,2,2021-12-09 09:21:50
1639041713186426000,141.5,2,141.5,3,142.0,63,2,2021-12-09 09:21:53
1639041713985105000,141.5,1,141.5,2,142.0,63,2,2021-12-09 09:21:53
1639041713991218000,141.5,1,141.5,1,142.0,63,2,2021-12-09 09:21:53
1639041714841326000,141.5,1,141.0,57,142.0,64,2,2021-12-09 09:21:54
1639041719025523000,141.5,1,141.0,47,141.5,3,1,2021-12-09 09:21:59
1639041721771768000,141.0,2,141.0,46,141.5,6,2,2021-12-09 09:22:01
1639041731196430000,141.0,1,141.0,43,141.5,8,2,2021-12-09 09:22:11
1639041734296192000,141.5,1,141.0,43,141.5,7,1,2021-12-09 09:22:14
1639041736257287000,141.0,2,141.0,41,141.5,7,2,2021-12-09 09:22:16
1639041743702350000,141.0,3,141.0,38,141.5,14,2,2021-12-09 09:22:23
1639041744010979000,141.0,1,141.0,37,141.5,14,2,2021-12-09 09:22:24
1639041750882194000,141.0,1,141.0,35,141.5,15,2,2021-12-09 09:22:30
1639041766532775000,141.0,10,141.0,29,141.5,22,2,2021-12-09 09:22:46
1639041770195839000,141.0,1,141.0,28,141.5,31,2,2021-12-09 09:22:50
1639041770323356000,141.0,1,141.0,27,141.5,31,2,2021-12-09 09:22:50
1639041770328068000,141.0,1,141.0,26,141.5,31,2,2021-12-09 09:22:50
1639041781073897000,141.0,1,141.0,23,141.5,34,2,2021-12-09 09:23:01
1639041782055934000,141.0,2,141.0,21,141.5,37,2,2021-12-09 09:23:02
1639041785593654000,141.0,5,141.0,16,141.5,37,2,2021-12-09 09:23:05
1639041789212189000,141.0,1,141.0,15,141.5,37,2,2021-12-09 09:23:09
1639041789526268000,141.0,1,141.0,14,141.5,39,2,2021-12-09 09:23:09
1639041794021604000,141.0,1,141.0,15,141.5,40,2,2021-12-09 09:23:14
1639041796644436000,141.0,2,141.0,14,141.5,40,2,2021-12-09 09:23:16
1639041796969831000,141.0,3,141.0,12,141.5,40,2,2021-12-09 09:23:16
1639041798121020000,141.0,1,141.0,11,141.5,39,2,2021-12-09 09:23:18
1639041802249270000,141.0,2,141.0,9,141.5,37,2,2021-12-09 09:23:22
1639041806548977000,141.0,1,141.0,9,141.5,38,2,2021-12-09 09:23:26
1639041812428951000,141.0,1,141.0,8,141.5,38,2,2021-12-09 09:23:32
1639041827172141000,141.0,3,141.0,14,141.5,37,2,2021-12-09 09:23:47
1639041837361957000,141.0,1,141.0,16,141.5,37,2,2021-12-09 09:23:57
1639041840838817000,141.5,1,141.0,26,141.5,37,1,2021-12-09 09:24:00
1639041841975204000,141.0,2,141.0,25,141.5,37,2,2021-12-09 09:24:01
1639041854491486000,141.5,1,141.0,32,141.5,36,1,2021-12-09 09:24:14
1639041856452841000,141.0,1,141.0,32,141.5,36,2,2021-12-09 09:24:16
1639041860337804000,141.0,1,141.0,31,141.5,36,2,2021-12-09 09:24:20
1639041886513632000,141.0,1,141.0,37,141.5,40,2,2021-12-09 09:24:46
1639041888778158000,141.0,2,141.0,35,141.5,40,2,2021-12-09 09:24:48
1639041903471065000,141.5,12,141.0,193,141.5,29,1,2021-12-09 09:25:03
1639041907196744000,141.5,17,141.0,193,141.5,12,1,2021-12-09 09:25:07
1639041907236991000,141.5,12,141.0,193,142.0,25,1,2021-12-09 09:25:07
1639041916099689000,141.5,1,141.5,7,142.0,29,2,2021-12-09 09:25:16
1639041957930523000,141.5,1,141.5,34,142.0,36,2,2021-12-09 09:25:57
1639041964198131000,141.5,1,141.5,38,142.0,37,2,2021-12-09 09:26:04
1639041964454909000,141.5,1,141.5,37,142.0,37,2,2021-12-09 09:26:04
1639041967569496000,141.5,1,141.5,36,142.0,37,2,2021-12-09 09:26:07
1639041973515286000,141.5,2,141.5,37,142.0,37,2,2021-12-09 09:26:13
1639041991494099000,141.5,1,141.5,35,142.0,37,2,2021-12-09 09:26:31
1639042001343015000,142.0,1,141.5,41,142.0,37,1,2021-12-09 09:26:41
1639042006399541000,142.0,1,141.5,43,142.0,36,1,2021-12-09 09:26:46
1639042010721754000,142.0,1,141.5,44,142.0,40,1,2021-12-09 09:26:50
1639042011396760000,142.0,1,141.5,44,142.0,39,1,2021-12-09 09:26:51
1639042016684372000,142.0,1,141.5,47,142.0,39,1,2021-12-09 09:26:56
1639042026776975000,142.0,1,141.5,51,142.0,38,1,2021-12-09 09:27:06
1639042036436640000,142.0,1,141.5,51,142.0,39,1,2021-12-09 09:27:16
1639042036890575000,141.5,2,141.5,49,142.0,39,2,2021-12-09 09:27:16
1639042037141623000,142.0,1,141.5,49,142.0,38,1,2021-12-09 09:27:17
1639042042533233000,142.0,1,141.5,49,142.0,37,1,2021-12-09 09:27:22
1639042046346699000,142.0,3,141.5,51,142.0,32,1,2021-12-09 09:27:26
1639042046955364000,142.0,1,141.5,51,142.0,31,1,2021-12-09 09:27:26
1639042047518344000,142.0,1,141.5,51,142.0,30,1,2021-12-09 09:27:27
1639042049685728000,142.0,1,141.5,51,142.0,29,1,2021-12-09 09:27:29
1639042050199110000,142.0,1,141.5,52,142.0,28,1,2021-12-09 09:27:30
1639042050353298000,142.0,1,141.5,52,142.0,27,1,2021-12-09 09:27:30
1639042050680329000,141.5,1,141.5,51,142.0,28,2,2021-12-09 09:27:30
1639042050814797000,142.0,1,141.5,52,142.0,27,1,2021-12-09 09:27:30
1639042054596744000,142.0,1,141.5,52,142.0,27,1,2021-12-09 09:27:34
1639042055596920000,142.0,5,141.5,52,142.0,22,1,2021-12-09 09:27:35
1639042056329022000,142.0,1,141.5,52,142.0,21,1,2021-12-09 09:27:36
1639042056637304000,142.0,1,141.5,52,142.0,20,1,2021-12-09 09:27:36
1639042057933416000,142.0,1,141.5,52,142.0,19,1,2021-12-09 09:27:37
1639042060143503000,142.0,1,141.5,52,142.0,18,1,2021-12-09 09:27:40
1639042060745891000,142.0,1,141.5,50,142.0,17,1,2021-12-09 09:27:40
1639042061436050000,142.0,3,141.5,50,142.0,14,1,2021-12-09 09:27:41
1639042061567928000,142.0,1,141.5,50,142.0,13,1,2021-12-09 09:27:41
1639042062433725000,142.0,1,141.5,50,142.0,12,1,2021-12-09 09:27:42
1639042062750286000,142.0,1,141.5,50,142.0,11,1,2021-12-09 09:27:42
1639042062930849000,142.0,2,141.5,50,142.0,9,1,2021-12-09 09:27:42
1639042063051806000,142.0,1,141.5,50,142.0,8,1,2021-12-09 09:27:43
1639042066130387000,142.0,1,141.5,50,142.0,7,1,2021-12-09 09:27:46
1639042067742517000,142.0,1,141.5,49,142.0,4,1,2021-12-09 09:27:47
1639042068872228000,142.0,1,141.5,49,142.0,3,1,2021-12-09 09:27:48
1639042069950056000,142.0,1,141.5,49,142.0,2,1,2021-12-09 09:27:49
1639042072000001000,142.0,1,141.5,49,142.0,1,1,2021-12-09 09:27:52
1639042072425375000,142.0,1,142.0,1,142.5,39,1,2021-12-09 09:27:52
1639042085814779000,142.0,1,142.0,6,142.5,43,2,2021-12-09 09:28:05
1639042094642270000,142.0,1,142.0,9,142.5,43,2,2021-12-09 09:28:14
1639042111440924000,142.0,1,142.0,11,142.5,44,2,2021-12-09 09:28:31
1639042113132176000,142.0,3,142.0,10,142.5,44,2,2021-12-09 09:28:33
1639042124986660000,142.0,5,142.0,5,142.5,44,2,2021-12-09 09:28:44
1639042125695364000,142.0,1,142.0,5,142.5,44,2,2021-12-09 09:28:45
1639042127748592000,142.0,5,141.5,111,142.5,44,2,2021-12-09 09:28:47
1639042148055856000,142.0,1,141.5,50,142.0,13,1,2021-12-09 09:29:08
1639042153144527000,142.0,1,141.5,50,142.0,12,1,2021-12-09 09:29:13
1639042155715077000,142.0,3,142.0,7,142.5,54,1,2021-12-09 09:29:15
1639042155911729000,142.0,1,142.0,6,142.5,45,2,2021-12-09 09:29:15
1639042160829424000,142.5,1,142.0,6,142.5,44,1,2021-12-09 09:29:20
1639042163531868000,142.0,1,142.0,5,142.5,44,2,2021-12-09 09:29:23
1639042169886895000,142.0,1,142.0,5,142.5,44,2,2021-12-09 09:29:29
1639042186522513000,142.0,1,142.0,6,142.5,43,2,2021-12-09 09:29:46
1639042186546875000,142.0,6,141.5,49,142.5,43,2,2021-12-09 09:29:46
1639042197902304000,142.0,1,141.5,49,142.0,2,1,2021-12-09 09:29:57
1639042203215591000,142.0,1,141.5,49,142.0,3,1,2021-12-09 09:30:03
1639042251903735000,142.0,1,141.5,111,142.0,3,1,2021-12-09 09:30:51
1639042261610743000,142.0,1,141.5,110,142.0,4,1,2021-12-09 09:31:01
1639042263519985000,142.0,3,141.5,110,142.5,46,1,2021-12-09 09:31:03
1639042278192679000,142.0,1,141.5,112,142.5,43,2,2021-12-09 09:31:18
1639042290151941000,142.0,1,141.5,109,142.5,43,1,2021-12-09 09:31:30
1639042299544477000,141.5,2,141.5,108,142.0,9,2,2021-12-09 09:31:39
1639042304438910000,142.0,1,141.5,107,142.0,8,1,2021-12-09 09:31:44
1639042304488775000,142.0,1,141.5,107,142.0,7,1,2021-12-09 09:31:44
1639042305069617000,142.0,2,141.5,107,142.0,5,1,2021-12-09 09:31:45
1639042306356294000,141.5,1,141.5,106,142.0,5,2,2021-12-09 09:31:46
1639042315278444000,141.5,1,141.5,45,142.0,11,2,2021-12-09 09:31:55
1639042319300724000,142.0,4,141.5,45,142.0,9,1,2021-12-09 09:31:59
1639042331396402000,142.0,1,141.5,43,142.0,10,1,2021-12-09 09:32:11
1639042386836165000,141.5,3,141.5,39,142.0,25,2,2021-12-09 09:33:06
1639042386861024000,141.5,12,141.5,27,142.0,25,2,2021-12-09 09:33:06
1639042386878776000,141.5,27,141.0,220,142.0,25,2,2021-12-09 09:33:06
1639042386916403000,141.0,1,141.0,55,141.5,21,2,2021-12-09 09:33:06
1639042387022034000,141.5,1,141.0,55,141.5,20,1,2021-12-09 09:33:07
1639042387431549000,141.5,1,141.0,55,141.5,19,1,2021-12-09 09:33:07
1639042389216491000,141.5,1,141.0,55,141.5,24,1,2021-12-09 09:33:09
1639042394806936000,141.0,1,141.0,54,141.5,7,2,2021-12-09 09:33:14
1639042427028986000,141.0,1,141.0,52,141.5,8,2,2021-12-09 09:33:47
1639042444352122000,141.0,1,141.0,51,141.5,9,2,2021-12-09 09:34:04
1639042457960157000,141.0,2,141.0,52,141.5,13,2,2021-12-09 09:34:17
1639042469448939000,141.0,1,141.0,51,141.5,13,2,2021-12-09 09:34:29
1639042479023830000,141.0,1,141.0,50,141.5,13,2,2021-12-09 09:34:39
1639042485345701000,141.0,1,141.0,49,141.5,13,2,2021-12-09 09:34:45
1639042489340837000,141.0,1,141.0,48,141.5,13,2,2021-12-09 09:34:49
1639042501162773000,141.0,1,141.0,57,141.5,17,2,2021-12-09 09:35:01
1639042541886724000,141.5,1,141.0,156,141.5,19,1,2021-12-09 09:35:41
1639042542821437000,141.0,1,141.0,155,141.5,19,2,2021-12-09 09:35:42
1639042543085202000,141.5,1,141.0,155,141.5,18,1,2021-12-09 09:35:43
1639042543967611000,141.5,1,141.0,155,141.5,17,1,2021-12-09 09:35:43
1639042544365553000,141.5,1,141.0,155,141.5,16,1,2021-12-09 09:35:44
1639042549041827000,141.5,1,141.0,156,141.5,15,1,2021-12-09 09:35:49
1639042557042025000,141.0,1,141.0,155,141.5,15,2,2021-12-09 09:35:57
1639042562092856000,141.0,1,141.0,154,141.5,15,2,2021-12-09 09:36:02
1639042564581076000,141.5,1,141.0,154,141.5,14,1,2021-12-09 09:36:04
1639042573400511000,141.5,1,141.0,155,141.5,14,1,2021-12-09 09:36:13
1639042574381854000,141.5,1,141.0,155,141.5,13,1,2021-12-09 09:36:14
1639042577661778000,141.5,1,141.0,155,141.5,13,1,2021-12-09 09:36:17
1639042579420141000,141.5,1,141.0,155,141.5,13,1,2021-12-09 09:36:19
1639042580948672000,141.5,1,141.0,155,141.5,12,1,2021-12-09 09:36:20
1639042581228307000,141.5,1,141.0,155,141.5,11,1,2021-12-09 09:36:21
1639042583303643000,141.5,1,141.0,155,141.5,10,1,2021-12-09 09:36:23
1639042583799106000,141.0,2,141.0,153,141.5,10,2,2021-12-09 09:36:23
1639042586283090000,141.5,1,141.0,153,141.5,9,1,2021-12-09 09:36:26
1639042589433290000,141.5,1,141.0,153,141.5,8,1,2021-12-09 09:36:29
1639042594576414000,141.5,1,141.0,153,141.5,7,1,2021-12-09 09:36:34
1639042599083909000,141.5,1,141.0,153,141.5,6,1,2021-12-09 09:36:39
1639042606475002000,141.0,1,141.0,155,141.5,7,2,2021-12-09 09:36:46
1639042609720300000,141.5,1,141.0,155,141.5,7,1,2021-12-09 09:36:49
1639042615362284000,141.5,7,141.0,156,142.0,49,1,2021-12-09 09:36:55
1639042617229660000,141.0,1,141.0,157,142.0,51,2,2021-12-09 09:36:57
1639042643849459000,141.0,1,141.0,157,142.0,52,2,2021-12-09 09:37:23
1639042705881337000,141.0,6,141.0,51,141.5,5,2,2021-12-09 09:38:25
1639042733254663000,141.0,1,141.0,50,141.5,11,2,2021-12-09 09:38:53
1639042751595571000,141.0,2,141.0,48,141.5,10,2,2021-12-09 09:39:11
1639042752639344000,141.0,2,141.0,46,141.5,10,2,2021-12-09 09:39:12
1639042776774199000,141.0,1,141.0,49,141.5,11,2,2021-12-09 09:39:36
1639042791373018000,141.0,1,141.0,49,141.5,10,2,2021-12-09 09:39:51
1639042814630943000,141.0,1,141.0,50,141.5,12,2,2021-12-09 09:40:14
1639042826785898000,141.0,1,141.0,49,141.5,12,2,2021-12-09 09:40:26
1639042841712310000,141.5,1,141.0,49,141.5,12,1,2021-12-09 09:40:41
1639042848106924000,141.5,1,141.0,51,141.5,11,1,2021-12-09 09:40:48
1639042849103623000,141.0,1,141.0,50,141.5,11,2,2021-12-09 09:40:49
1639042849169418000,141.0,1,141.0,49,141.5,11,2,2021-12-09 09:40:49
1639042859892676000,141.0,1,141.0,51,141.5,10,2,2021-12-09 09:40:59
1639042862394949000,141.0,10,141.0,42,141.5,10,2,2021-12-09 09:41:02
1639042898353063000,141.0,1,141.0,44,141.5,12,2,2021-12-09 09:41:38
1639042926631798000,141.0,1,141.0,46,141.5,11,2,2021-12-09 09:42:06
1639042931845797000,141.0,1,141.0,45,141.5,11,2,2021-12-09 09:42:11
1639042953432712000,141.5,1,141.0,45,141.5,11,1,2021-12-09 09:42:33
1639042965055764000,141.0,1,141.0,50,141.5,11,2,2021-12-09 09:42:45
1639043056377728000,141.5,1,141.0,63,141.5,11,1,2021-12-09 09:44:16
1639043059295466000,141.5,1,141.0,62,141.5,10,1,2021-12-09 09:44:19
1639043059860856000,141.5,2,141.0,62,141.5,8,1,2021-12-09 09:44:19
1639043064231759000,141.5,1,141.0,65,141.5,7,1,2021-12-09 09:44:24
1639043066643022000,141.5,1,141.0,65,141.5,7,1,2021-12-09 09:44:26
1639043066816128000,141.5,1,141.0,65,141.5,6,1,2021-12-09 09:44:26
1639043067468938000,141.5,2,141.0,65,141.5,4,1,2021-12-09 09:44:27
1639043067505671000,141.5,4,141.0,65,142.0,54,1,2021-12-09 09:44:27
1639043070789893000,141.5,1,141.0,66,142.0,54,2,2021-12-09 09:44:30
1639043071713346000,141.5,1,141.0,71,142.0,54,2,2021-12-09 09:44:31
1639043072593194000,141.5,1,141.0,70,142.0,54,1,2021-12-09 09:44:32
1639043081215491000,141.0,1,141.0,70,141.5,1,2,2021-12-09 09:44:41
1639043083034450000,141.5,1,141.5,1,142.0,53,1,2021-12-09 09:44:43
1639043109140260000,141.5,4,141.0,72,142.0,54,2,2021-12-09 09:45:09
1639043132742391000,141.5,1,141.0,75,142.0,54,2,2021-12-09 09:45:32
1639043170850973000,141.0,1,141.0,75,141.5,1,2,2021-12-09 09:46:10
1639043197280151000,141.0,1,141.0,73,141.5,5,2,2021-12-09 09:46:37
1639043221179331000,141.5,1,141.0,90,141.5,11,1,2021-12-09 09:47:01
1639043230912385000,141.5,1,141.0,89,141.5,10,1,2021-12-09 09:47:10
1639043264108422000,141.5,1,141.0,121,141.5,9,1,2021-12-09 09:47:44
1639043278588616000,141.5,1,141.0,125,141.5,10,1,2021-12-09 09:47:58
1639043310924927000,141.0,1,141.0,125,141.5,22,2,2021-12-09 09:48:30
1639043313353871000,141.0,1,141.0,125,141.5,21,2,2021-12-09 09:48:33
1639043318426465000,141.0,2,141.0,123,141.5,21,2,2021-12-09 09:48:38
1639043318451475000,141.0,4,141.0,119,141.5,21,2,2021-12-09 09:48:38
1639043318499279000,141.0,1,141.0,118,141.5,25,2,2021-12-09 09:48:38
1639043322172290000,141.0,3,141.0,115,141.5,26,2,2021-12-09 09:48:42
1639043322248023000,141.0,1,141.0,113,141.5,25,2,2021-12-09 09:48:42
1639043336906893000,141.5,1,141.0,112,141.5,25,1,2021-12-09 09:48:56
1639043337893960000,141.0,2,141.0,111,141.5,21,2,2021-12-09 09:48:57
1639043344073223000,141.0,32,141.0,79,141.5,27,2,2021-12-09 09:49:04
1639043344095322000,141.0,37,141.0,9,141.5,27,2,2021-12-09 09:49:04
1639043344095592000,141.0,3,141.0,9,141.5,27,2,2021-12-09 09:49:04
1639043344128020000,141.0,2,140.5,153,141.0,2,2,2021-12-09 09:49:04
1639043344128260000,141.0,7,140.5,153,141.0,2,2,2021-12-09 09:49:04
1639043344158789000,140.5,1,140.5,69,141.0,3,2,2021-12-09 09:49:04
1639043344178006000,140.5,1,140.5,67,141.0,3,2,2021-12-09 09:49:04
1639043344211728000,140.5,1,140.5,66,141.0,4,2,2021-12-09 09:49:04
1639043344363257000,140.5,7,140.5,59,141.0,4,2,2021-12-09 09:49:04
1639043344436119000,140.5,1,140.5,58,141.0,4,2,2021-12-09 09:49:04
1639043344442859000,140.5,6,140.5,52,141.0,4,2,2021-12-09 09:49:04
1639043344570275000,140.5,6,140.5,46,141.0,4,2,2021-12-09 09:49:04
1639043346914426000,140.5,1,140.5,45,141.0,9,2,2021-12-09 09:49:06
1639043355744954000,140.5,1,140.5,43,141.0,9,2,2021-12-09 09:49:15
1639043357725817000,140.5,1,140.5,42,141.0,9,2,2021-12-09 09:49:17
1639043359289376000,141.0,1,140.5,42,141.0,8,1,2021-12-09 09:49:19
1639043360654803000,140.5,1,140.5,41,141.0,8,2,2021-12-09 09:49:20
1639043368079727000,140.5,1,140.5,30,141.0,9,2,2021-12-09 09:49:28
1639043377191543000,141.0,2,140.5,38,141.0,9,1,2021-12-09 09:49:37
1639043378688324000,140.5,2,140.5,36,141.0,26,2,2021-12-09 09:49:38
1639043381108073000,141.0,1,140.5,36,141.0,28,1,2021-12-09 09:49:41
1639043382219983000,140.5,1,140.5,35,141.0,28,2,2021-12-09 09:49:42
1639043396224289000,140.5,6,140.5,38,141.0,30,2,2021-12-09 09:49:56
1639043396314318000,140.5,1,140.5,37,141.0,30,2,2021-12-09 09:49:56
1639043396791028000,140.5,5,140.5,32,141.0,30,2,2021-12-09 09:49:56
1639043397488600000,140.5,1,140.5,31,141.0,30,2,2021-12-09 09:49:57
1639043398258002000,140.5,1,140.5,31,141.0,30,2,2021-12-09 09:49:58
1639043400062807000,140.5,2,140.5,29,141.0,30,2,2021-12-09 09:50:00
1639043400856710000,140.5,2,140.5,27,141.0,30,2,2021-12-09 09:50:00
1639043401505566000,140.5,6,140.5,21,141.0,30,2,2021-12-09 09:50:01
1639043402509194000,140.5,4,140.5,17,141.0,30,2,2021-12-09 09:50:02
1639043403357261000,140.5,1,140.5,17,141.0,31,2,2021-12-09 09:50:03
1639043405798871000,140.5,3,140.5,14,141.0,30,2,2021-12-09 09:50:05
1639043408303397000,140.5,2,140.5,12,141.0,29,2,2021-12-09 09:50:08
1639043412309077000,140.5,1,140.5,11,141.0,28,2,2021-12-09 09:50:12
1639043412353556000,140.5,1,140.5,10,141.0,28,2,2021-12-09 09:50:12
1639043412368930000,140.5,1,140.5,9,141.0,27,2,2021-12-09 09:50:12
1639043413173794000,140.5,8,140.5,1,141.0,27,2,2021-12-09 09:50:13
1639043415404139000,140.5,1,140.0,72,141.0,28,2,2021-12-09 09:50:15
1639043416441441000,140.0,3,140.0,68,140.5,11,2,2021-12-09 09:50:16
1639043416674789000,140.0,1,140.0,67,140.5,11,2,2021-12-09 09:50:16
1639043420349229000,140.5,3,140.0,67,140.5,25,1,2021-12-09 09:50:20
1639043423506083000,140.5,2,140.0,130,140.5,25,1,2021-12-09 09:50:23
1639043425540930000,140.0,1,140.0,129,140.5,25,2,2021-12-09 09:50:25
1639043425785721000,140.0,1,140.0,128,140.5,25,2,2021-12-09 09:50:25
1639043429162666000,140.0,1,140.0,127,140.5,26,2,2021-12-09 09:50:29
1639043432353976000,140.0,2,140.0,127,140.5,26,2,2021-12-09 09:50:32
1639043432673759000,140.5,1,140.0,67,140.5,25,1,2021-12-09 09:50:32
1639043433284178000,140.0,1,140.0,66,140.5,26,2,2021-12-09 09:50:33
1639043434411114000,140.0,1,140.0,65,140.5,26,2,2021-12-09 09:50:34
1639043434742101000,140.0,1,140.0,64,140.5,26,2,2021-12-09 09:50:34
1639043434778952000,140.0,4,140.0,60,140.5,26,2,2021-12-09 09:50:34
1639043435601692000,140.0,1,140.0,57,140.5,28,2,2021-12-09 09:50:35
1639043436040006000,140.0,1,140.0,56,140.5,28,2,2021-12-09 09:50:36
1639043436307767000,140.0,3,140.0,53,140.5,28,2,2021-12-09 09:50:36
1639043438475423000,140.0,1,140.0,52,140.5,28,2,2021-12-09 09:50:38
1639043438498071000,140.0,7,140.0,45,140.5,28,2,2021-12-09 09:50:38
1639043438564657000,140.0,1,140.0,44,140.5,28,2,2021-12-09 09:50:38
1639043438720341000,140.0,2,140.0,42,140.5,28,2,2021-12-09 09:50:38
1639043439719858000,140.0,1,140.0,46,140.5,30,2,2021-12-09 09:50:39
1639043439893883000,140.0,1,140.0,45,140.5,30,2,2021-12-09 09:50:39
1639043440104273000,140.0,4,140.0,41,140.5,30,2,2021-12-09 09:50:40
1639043440437350000,140.0,1,140.0,39,140.5,30,2,2021-12-09 09:50:40
1639043441363855000,140.0,5,140.0,35,140.5,30,2,2021-12-09 09:50:41
1639043441878656000,140.0,1,140.0,34,140.5,30,2,2021-12-09 09:50:41
1639043442311418000,140.0,1,140.0,33,140.5,30,2,2021-12-09 09:50:42
1639043442528375000,140.0,3,140.0,30,140.5,30,2,2021-12-09 09:50:42
1639043442585167000,140.0,1,140.0,29,140.5,30,2,2021-12-09 09:50:42
1639043442671913000,140.0,1,140.0,28,140.5,30,2,2021-12-09 09:50:42
1639043442698651000,140.0,1,140.0,27,140.5,30,2,2021-12-09 09:50:42
1639043443584744000,140.0,1,140.0,26,140.5,30,2,2021-12-09 09:50:43
1639043443897593000,140.0,1,140.0,25,140.5,30,2,2021-12-09 09:50:43
1639043444097762000,140.0,1,140.0,25,140.5,30,2,2021-12-09 09:50:44
1639043444523619000,140.0,1,140.0,24,140.5,31,2,2021-12-09 09:50:44
1639043447755285000,140.0,1,140.0,24,140.5,31,2,2021-12-09 09:50:47
1639043448154293000,140.0,1,140.0,23,140.5,31,2,2021-12-09 09:50:48
1639043448227032000,140.0,1,140.0,22,140.5,30,2,2021-12-09 09:50:48
1639043448504830000,140.0,1,140.0,21,140.5,30,2,2021-12-09 09:50:48
1639043449214735000,140.0,3,140.0,18,140.5,30,2,2021-12-09 09:50:49
1639043449703298000,140.0,18,139.5,47,140.5,31,2,2021-12-09 09:50:49
1639043449703298000,139.5,2,139.5,47,140.5,31,2,2021-12-09 09:50:49
1639043449729334000,139.5,6,139.5,41,140.5,31,2,2021-12-09 09:50:49
1639043449870155000,139.5,1,139.5,40,140.5,31,2,2021-12-09 09:50:49
1639043451486416000,140.0,1,139.5,37,140.0,24,1,2021-12-09 09:50:51
1639043451728657000,139.5,3,139.5,34,140.0,29,2,2021-12-09 09:50:51
1639043451798043000,139.5,1,139.5,33,140.0,29,2,2021-12-09 09:50:51
1639043456716348000,139.5,3,139.5,34,140.0,31,2,2021-12-09 09:50:56
1639043457253818000,139.5,1,139.5,33,140.0,33,2,2021-12-09 09:50:57
1639043458147666000,139.5,1,139.5,32,140.0,33,2,2021-12-09 09:50:58
1639043459382253000,139.5,1,139.5,30,140.0,34,2,2021-12-09 09:50:59
1639043460678900000,139.5,5,139.5,25,140.0,34,2,2021-12-09 09:51:00
1639043460735012000,139.5,1,139.5,24,140.0,31,2,2021-12-09 09:51:00
1639043460755391000,139.5,1,139.5,23,140.0,31,2,2021-12-09 09:51:00
1639043461123933000,139.5,1,139.5,22,140.0,31,2,2021-12-09 09:51:01
1639043461604620000,139.5,20,139.5,2,140.0,31,2,2021-12-09 09:51:01
1639043461635275000,139.5,2,139.0,52,140.0,31,2,2021-12-09 09:51:01
1639043461864691000,139.5,1,139.0,52,140.0,31,2,2021-12-09 09:51:01
1639043465150468000,139.5,1,139.0,51,139.5,7,1,2021-12-09 09:51:05
1639043466673398000,139.5,5,139.0,50,139.5,2,1,2021-12-09 09:51:06
1639043469249570000,139.5,1,139.0,50,139.5,108,1,2021-12-09 09:51:09
1639043469455725000,139.5,1,139.0,50,139.5,107,1,2021-12-09 09:51:09
1639043469817740000,139.0,1,139.0,49,139.5,107,2,2021-12-09 09:51:09
1639043469939676000,139.0,1,139.0,48,139.5,7,2,2021-12-09 09:51:09
1639043470658486000,139.0,1,139.0,47,139.5,6,2,2021-12-09 09:51:10
1639043470903063000,139.5,1,139.0,47,139.5,6,1,2021-12-09 09:51:10
1639043471544642000,139.0,9,139.0,38,139.5,9,2,2021-12-09 09:51:11
1639043473621861000,139.5,1,139.0,38,139.5,8,1,2021-12-09 09:51:13
1639043474887823000,139.0,4,139.0,33,139.5,16,2,2021-12-09 09:51:14
1639043475092237000,139.5,3,139.0,34,139.5,13,1,2021-12-09 09:51:15
1639043475653628000,139.0,3,139.0,31,139.5,13,2,2021-12-09 09:51:15
1639043475833801000,139.0,2,139.0,29,139.5,13,2,2021-12-09 09:51:15
1639043475915324000,139.0,2,139.0,27,139.5,13,2,2021-12-09 09:51:15
1639043479724553000,139.0,1,139.0,33,139.5,13,2,2021-12-09 09:51:19
1639043479975775000,139.0,1,139.0,32,139.5,13,2,2021-12-09 09:51:19
1639043481203171000,139.0,1,139.0,31,139.5,10,2,2021-12-09 09:51:21
1639043482921647000,139.0,1,139.0,40,139.5,12,2,2021-12-09 09:51:22
1639043483304749000,139.0,2,139.0,38,139.5,12,2,2021-12-09 09:51:23
1639043483725881000,139.0,3,139.0,34,139.5,12,2,2021-12-09 09:51:23
1639043484860399000,139.0,3,139.0,31,139.5,12,2,2021-12-09 09:51:24
1639043488173152000,139.0,1,139.0,34,139.5,65,2,2021-12-09 09:51:28
1639043488273703000,139.0,2,139.0,32,139.5,65,2,2021-12-09 09:51:28
1639043489005190000,139.0,3,139.0,29,139.5,65,2,2021-12-09 09:51:29
1639043489245816000,139.0,1,139.0,28,139.5,65,2,2021-12-09 09:51:29
1639043489820439000,139.0,2,139.0,26,139.5,16,2,2021-12-09 09:51:29
1639043489898162000,139.0,1,139.0,25,139.5,16,2,2021-12-09 09:51:29
1639043490548605000,139.0,1,139.0,24,139.5,16,2,2021-12-09 09:51:30
1639043491632361000,139.0,3,139.0,20,139.5,17,2,2021-12-09 09:51:31
1639043493567689000,139.5,3,139.0,20,139.5,15,1,2021-12-09 09:51:33
1639043493981530000,139.0,1,139.0,19,139.5,15,2,2021-12-09 09:51:33
1639043494535215000,139.0,10,139.0,9,139.5,15,2,2021-12-09 09:51:34
1639043494734115000,139.0,1,139.0,8,139.5,15,2,2021-12-09 09:51:34
1639043494911233000,139.0,2,139.0,6,139.5,15,2,2021-12-09 09:51:34
1639043495645444000,139.0,1,139.0,5,139.5,15,2,2021-12-09 09:51:35
1639043495875989000,139.0,3,139.0,2,139.5,15,2,2021-12-09 09:51:35
1639043496609373000,139.0,1,139.0,1,139.5,15,2,2021-12-09 09:51:36
1639043497543614000,139.0,1,138.5,82,139.5,15,2,2021-12-09 09:51:37
1639043498028738000,139.0,1,138.5,81,139.5,15,1,2021-12-09 09:51:38
1639043498721385000,139.0,1,139.0,1,139.5,17,2,2021-12-09 09:51:38
1639043498865894000,139.0,1,138.5,81,139.5,17,2,2021-12-09 09:51:38
1639043499987697000,139.0,1,138.5,80,139.5,17,1,2021-12-09 09:51:39
1639043501467138000,139.0,1,139.0,1,139.5,17,2,2021-12-09 09:51:41
1639043501655397000,139.0,1,138.5,80,139.0,1,2,2021-12-09 09:51:41
1639043501680402000,139.0,1,138.5,80,139.5,17,1,2021-12-09 09:51:41
1639043501782925000,139.0,1,138.5,79,139.5,17,1,2021-12-09 09:51:41
1639043504997268000,139.0,1,139.0,2,139.5,21,2,2021-12-09 09:51:44
1639043506460836000,139.0,2,139.0,3,139.5,22,2,2021-12-09 09:51:46
1639043506532349000,139.0,1,139.0,2,139.5,22,2,2021-12-09 09:51:46
1639043510115869000,139.0,2,139.0,73,139.5,20,2,2021-12-09 09:51:50
1639043515908563000,139.5,2,139.0,84,139.5,13,1,2021-12-09 09:51:55
1639043518395256000,139.5,12,139.0,145,139.5,1,1,2021-12-09 09:51:58
