ts,close,volume,bid_price,bid_volume,ask_price,ask_volume,tick_type,datetime
1639040526101602000,287.0,384,287.0,42,287.5,10,1,2021-12-09 09:02:06
1639040526321898000,287.5,1,287.0,42,287.5,9,1,2021-12-09 09:02:06
1639040526346109000,287.5,1,287.0,42,287.5,8,1,2021-12-09 09:02:06
1639040526599867000,287.0,1,287.0,41,287.5,9,2,2021-12-09 09:02:06
1639040527244362000,287.5,1,287.0,43,287.5,8,1,2021-12-09 09:02:07
1639040527268691000,287.5,1,287.0,43,287.5,7,1,2021-12-09 09:02:07
1639040527329001000,287.5,1,287.0,42,287.5,6,1,2021-12-09 09:02:07
1639040527447255000,287.0,1,287.0,42,287.5,6,2,2021-12-09 09:02:07
1639040527603706000,287.5,1,287.0,42,287.5,5,1,2021-12-09 09:02:07
1639040528153126000,287.5,1,287.0,43,287.5,4,1,2021-12-09 09:02:08
1639040528758715000,287.5,1,287.0,43,287.5,3,1,2021-12-09 09:02:08
1639040529910886000,287.5,1,287.0,44,287.5,2,1,2021-12-09 09:02:09
1639040530275740000,287.5,2,287.5,8,288.0,40,1,2021-12-09 09:02:10
1639040530314258000,288.0,1,287.5,8,288.0,39,1,2021-12-09 09:02:10
1639040530326404000,287.5,8,287.0,48,288.0,39,2,2021-12-09 09:02:10
1639040530763299000,287.5,1,287.0,49,287.5,2,1,2021-12-09 09:02:10
1639040531107122000,287.5,1,287.0,49,287.5,1,1,2021-12-09 09:02:11
1639040531781134000,287.0,1,287.0,49,287.5,1,2,2021-12-09 09:02:11
1639040531923695000,287.5,1,287.0,49,288.0,23,1,2021-12-09 09:02:11
1639040531923695000,288.0,16,287.0,49,288.0,23,1,2021-12-09 09:02:11
1639040532177170000,287.5,1,287.0,49,287.5,2,2,2021-12-09 09:02:12
1639040532377752000,287.5,1,287.0,49,287.5,1,1,2021-12-09 09:02:12
1639040532595374000,287.0,1,287.0,48,287.5,1,2,2021-12-09 09:02:12
1639040532633163000,287.0,48,286.5,31,287.5,1,2,2021-12-09 09:02:12
1639040532801688000,287.5,1,286.5,31,288.0,23,1,2021-12-09 09:02:12
1639040532810399000,288.0,1,286.5,31,288.0,22,1,2021-12-09 09:02:12
1639040533310538000,287.5,2,286.5,31,287.5,1,2,2021-12-09 09:02:13
1639040533317975000,287.5,1,287.5,1,288.0,22,1,2021-12-09 09:02:13
1639040533633783000,287.5,1,286.5,31,288.0,22,2,2021-12-09 09:02:13
1639040533890316000,287.0,1,286.5,31,288.0,22,2,2021-12-09 09:02:13
1639040534767956000,287.0,1,286.5,31,288.0,21,1,2021-12-09 09:02:14
1639040534767956000,288.0,1,286.5,31,288.0,21,1,2021-12-09 09:02:14
1639040534935968000,287.5,1,286.5,31,288.0,21,2,2021-12-09 09:02:14
1639040534955192000,286.5,1,286.5,30,288.0,21,2,2021-12-09 09:02:14
1639040535120989000,288.0,1,286.5,30,288.0,20,1,2021-12-09 09:02:15
1639040535596957000,288.0,5,286.5,30,288.0,15,1,2021-12-09 09:02:15
1639040535903796000,286.5,9,286.5,21,287.5,5,2,2021-12-09 09:02:15
1639040537174816000,287.5,1,287.0,1,287.5,5,1,2021-12-09 09:02:17
1639040537244572000,287.0,1,286.5,19,287.5,5,2,2021-12-09 09:02:17
1639040537361890000,287.5,2,286.5,19,287.5,3,1,2021-12-09 09:02:17
1639040537473042000,287.5,1,286.5,19,287.5,2,1,2021-12-09 09:02:17
1639040537591341000,286.5,3,286.5,16,287.5,2,2,2021-12-09 09:02:17
1639040538004552000,287.0,1,286.5,16,287.5,3,1,2021-12-09 09:02:18
1639040538590944000,287.0,1,286.5,17,287.5,3,2,2021-12-09 09:02:18
1639040539159552000,286.5,1,286.5,17,287.5,3,2,2021-12-09 09:02:19
1639040539499624000,287.5,1,286.5,17,287.5,2,1,2021-12-09 09:02:19
1639040539886778000,287.5,1,286.5,17,287.5,1,1,2021-12-09 09:02:19
1639040540051911000,287.5,1,286.5,17,288.0,15,1,2021-12-09 09:02:20
1639040540092430000,288.0,1,286.5,17,288.0,14,1,2021-12-09 09:02:20
1639040541087943000,288.0,1,287.5,2,288.0,13,1,2021-12-09 09:02:21
1639040541141082000,287.5,2,287.0,6,288.0,13,2,2021-12-09 09:02:21
1639040541659038000,287.5,1,287.0,6,288.0,13,2,2021-12-09 09:02:21
1639040543532734000,287.0,5,287.0,13,287.5,1,2,2021-12-09 09:02:23
1639040544100270000,287.5,5,287.0,15,287.5,8,1,2021-12-09 09:02:24
1639040544586361000,287.0,1,287.0,14,287.5,9,2,2021-12-09 09:02:24
1639040545578673000,287.0,5,287.0,9,287.5,9,2,2021-12-09 09:02:25
1639040545878667000,287.5,1,287.0,9,287.5,10,1,2021-12-09 09:02:25
1639040545900324000,287.5,1,287.0,9,287.5,9,1,2021-12-09 09:02:25
1639040546203974000,287.0,2,287.0,7,287.5,9,2,2021-12-09 09:02:26
1639040546423974000,287.5,4,287.0,8,287.5,5,1,2021-12-09 09:02:26
1639040546475332000,287.0,4,287.0,4,287.5,5,2,2021-12-09 09:02:26
1639040546701070000,287.0,4,286.5,19,287.0,1,2,2021-12-09 09:02:26
1639040547032784000,287.0,1,286.5,19,287.5,6,1,2021-12-09 09:02:27
1639040547111294000,287.5,1,286.5,19,287.5,5,1,2021-12-09 09:02:27
1639040547603943000,287.5,1,287.0,3,287.5,5,1,2021-12-09 09:02:27
1639040547737071000,287.5,1,287.0,3,287.5,4,1,2021-12-09 09:02:27
1639040548226257000,287.5,1,287.0,4,287.5,3,1,2021-12-09 09:02:28
1639040548757095000,287.0,1,287.0,6,287.5,4,2,2021-12-09 09:02:28
1639040549702680000,287.5,1,287.0,6,287.5,3,1,2021-12-09 09:02:29
1639040550538102000,287.0,1,287.0,7,287.5,3,2,2021-12-09 09:02:30
1639040550581854000,287.0,1,287.0,6,287.5,3,2,2021-12-09 09:02:30
1639040550601239000,287.5,1,287.0,6,287.5,2,1,2021-12-09 09:02:30
1639040550847958000,287.0,5,287.0,1,287.5,2,2,2021-12-09 09:02:30
1639040551017761000,287.5,1,287.0,3,287.5,1,1,2021-12-09 09:02:31
1639040551302377000,287.5,1,287.0,3,287.5,11,1,2021-12-09 09:02:31
1639040551754832000,287.5,1,287.0,3,287.5,10,1,2021-12-09 09:02:31
1639040551801937000,287.5,1,287.0,3,287.5,9,1,2021-12-09 09:02:31
1639040552494735000,287.0,1,287.0,4,287.5,10,2,2021-12-09 09:02:32
1639040552711842000,287.5,1,287.0,4,287.5,9,1,2021-12-09 09:02:32
1639040553216701000,287.5,2,287.0,5,287.5,7,1,2021-12-09 09:02:33
1639040553537521000,287.5,1,287.0,5,287.5,9,1,2021-12-09 09:02:33
1639040553760583000,287.5,1,287.0,5,287.5,8,1,2021-12-09 09:02:33
1639040554043938000,287.0,1,287.0,5,287.5,8,2,2021-12-09 09:02:34
1639040554147996000,287.5,1,287.0,5,287.5,7,1,2021-12-09 09:02:34
1639040554583114000,287.5,1,287.0,6,287.5,7,1,2021-12-09 09:02:34
1639040554957023000,287.5,1,287.0,7,287.5,6,1,2021-12-09 09:02:34
1639040554979169000,287.0,1,287.0,6,287.5,6,2,2021-12-09 09:02:34
1639040555201972000,287.5,1,287.0,7,287.5,5,1,2021-12-09 09:02:35
1639040555223333000,287.5,1,287.0,7,287.5,4,1,2021-12-09 09:02:35
1639040555418583000,287.0,1,287.0,7,287.5,9,2,2021-12-09 09:02:35
1639040555503800000,287.0,2,287.0,5,287.5,9,2,2021-12-09 09:02:35
1639040555539878000,287.5,1,287.0,5,287.5,8,1,2021-12-09 09:02:35
1639040555625625000,287.5,2,287.0,5,287.5,6,1,2021-12-09 09:02:35
1639040556577385000,287.0,1,287.0,5,287.5,12,2,2021-12-09 09:02:36
1639040556706718000,287.5,1,287.0,6,287.5,11,1,2021-12-09 09:02:36
1639040557616190000,287.5,1,287.0,9,287.5,15,1,2021-12-09 09:02:37
1639040557684554000,287.5,1,287.0,9,287.5,14,1,2021-12-09 09:02:37
1639040558336563000,287.0,1,287.0,8,287.5,19,2,2021-12-09 09:02:38
1639040558662842000,287.0,2,287.0,8,287.5,19,2,2021-12-09 09:02:38
1639040558803562000,287.5,2,287.0,8,287.5,17,1,2021-12-09 09:02:38
1639040559708021000,287.5,1,287.0,9,287.5,17,1,2021-12-09 09:02:39
1639040560072213000,287.5,3,287.0,11,287.5,14,1,2021-12-09 09:02:40
1639040560522726000,287.0,1,287.0,12,287.5,14,2,2021-12-09 09:02:40
1639040560536617000,287.5,1,287.0,12,287.5,13,1,2021-12-09 09:02:40
1639040560566876000,287.5,1,287.0,12,287.5,12,1,2021-12-09 09:02:40
1639040561142557000,287.5,1,287.0,12,287.5,11,1,2021-12-09 09:02:41
1639040561157333000,287.5,1,287.0,12,287.5,10,1,2021-12-09 09:02:41
1639040562262169000,287.0,5,287.0,8,287.5,14,2,2021-12-09 09:02:42
1639040562262844000,287.5,1,287.0,8,287.5,14,1,2021-12-09 09:02:42
1639040562283212000,287.5,1,287.0,8,287.5,13,1,2021-12-09 09:02:42
1639040562368484000,287.5,2,287.0,9,287.5,11,1,2021-12-09 09:02:42
1639040562525904000,287.5,1,287.0,9,287.5,16,1,2021-12-09 09:02:42
1639040562572874000,287.0,1,287.0,8,287.5,16,2,2021-12-09 09:02:42
1639040562772344000,287.5,2,287.0,8,287.5,14,1,2021-12-09 09:02:42
1639040564598775000,287.5,1,287.0,8,287.5,15,1,2021-12-09 09:02:44
1639040565148287000,287.5,1,287.0,9,287.5,15,1,2021-12-09 09:02:45
1639040565384549000,287.0,5,287.0,6,287.5,15,2,2021-12-09 09:02:45
1639040565401599000,287.0,5,287.0,1,287.5,15,2,2021-12-09 09:02:45
1639040565686789000,287.5,3,287.0,1,287.5,12,1,2021-12-09 09:02:45
1639040566577793000,287.5,1,287.0,5,287.5,11,1,2021-12-09 09:02:46
1639040566997787000,287.5,1,287.0,5,287.5,10,1,2021-12-09 09:02:46
1639040567006954000,287.5,2,287.0,5,287.5,8,1,2021-12-09 09:02:47
1639040567466304000,287.5,2,287.0,9,287.5,6,1,2021-12-09 09:02:47
1639040567699744000,287.5,1,287.0,9,287.5,5,1,2021-12-09 09:02:47
1639040568671032000,287.5,1,287.0,12,287.5,5,1,2021-12-09 09:02:48
1639040568700850000,287.5,1,287.0,12,287.5,4,1,2021-12-09 09:02:48
1639040568892204000,287.5,1,287.0,12,287.5,3,1,2021-12-09 09:02:48
1639040569195572000,287.5,1,287.0,12,287.5,2,1,2021-12-09 09:02:49
1639040569935964000,287.5,1,287.0,12,287.5,2,1,2021-12-09 09:02:49
1639040570283830000,287.5,1,287.0,12,287.5,1,1,2021-12-09 09:02:50
1639040570341490000,287.5,1,287.5,1,288.0,15,1,2021-12-09 09:02:50
1639040570474182000,287.5,1,287.0,17,288.0,15,2,2021-12-09 09:02:50
1639040570664547000,287.5,1,287.0,17,287.5,19,2,2021-12-09 09:02:50
1639040570861625000,287.5,6,287.0,19,287.5,13,1,2021-12-09 09:02:50
1639040570927242000,287.0,6,287.0,13,287.5,13,2,2021-12-09 09:02:50
1639040571093795000,287.5,1,287.0,13,287.5,12,1,2021-12-09 09:02:51
1639040571513709000,287.5,1,287.0,8,287.5,11,1,2021-12-09 09:02:51
1639040571542446000,287.0,1,287.0,7,287.5,11,2,2021-12-09 09:02:51
1639040571611050000,287.5,1,287.0,7,287.5,10,1,2021-12-09 09:02:51
1639040571756665000,287.5,2,287.0,7,287.5,8,1,2021-12-09 09:02:51
1639040571972108000,287.5,1,287.0,7,287.5,8,1,2021-12-09 09:02:51
1639040572037912000,287.0,2,287.0,6,287.5,8,2,2021-12-09 09:02:52
1639040572239102000,287.5,1,287.0,6,287.5,7,1,2021-12-09 09:02:52
1639040572652777000,287.5,1,287.0,6,287.5,6,1,2021-12-09 09:02:52
1639040573556494000,287.5,1,287.0,9,287.5,5,1,2021-12-09 09:02:53
1639040574294990000,287.5,1,287.0,9,287.5,4,1,2021-12-09 09:02:54
1639040574421204000,287.5,4,287.5,1,288.0,56,1,2021-12-09 09:02:54
1639040574539627000,288.0,1,287.5,1,288.0,55,1,2021-12-09 09:02:54
1639040574966383000,287.5,1,286.5,27,287.0,14,2,2021-12-09 09:02:54
1639040574966383000,287.0,7,286.5,27,287.0,14,2,2021-12-09 09:02:54
1639040575763291000,287.0,1,286.5,28,287.0,13,1,2021-12-09 09:02:55
1639040576126926000,286.5,1,286.5,27,287.0,13,2,2021-12-09 09:02:56
1639040576131592000,287.0,1,286.5,27,287.0,12,1,2021-12-09 09:02:56
1639040576441112000,287.0,1,286.5,27,287.0,11,1,2021-12-09 09:02:56
1639040576642933000,286.5,1,286.5,27,287.0,11,2,2021-12-09 09:02:56
1639040576972862000,287.0,1,286.5,27,287.0,10,1,2021-12-09 09:02:56
1639040577203901000,287.0,1,286.5,27,287.0,9,1,2021-12-09 09:02:57
1639040577532679000,287.0,1,286.5,27,287.0,8,1,2021-12-09 09:02:57
1639040577826251000,287.0,1,286.5,27,287.0,7,1,2021-12-09 09:02:57
1639040577995725000,287.0,1,286.5,27,287.0,7,1,2021-12-09 09:02:57
1639040578121446000,287.0,1,286.5,26,287.0,7,1,2021-12-09 09:02:58
1639040579684625000,286.5,1,286.5,25,287.0,8,2,2021-12-09 09:02:59
1639040579825216000,287.0,2,286.5,26,287.0,6,1,2021-12-09 09:02:59
1639040579892531000,287.0,5,286.5,34,287.0,1,1,2021-12-09 09:02:59
1639040580534003000,286.5,1,286.5,33,287.0,2,2,2021-12-09 09:03:00
1639040580595827000,287.0,1,286.5,33,287.0,2,1,2021-12-09 09:03:00
1639040581038602000,286.5,1,286.5,32,287.0,2,2,2021-12-09 09:03:01
1639040581110418000,287.0,1,286.5,32,287.0,1,1,2021-12-09 09:03:01
1639040581258712000,287.0,1,287.0,1,287.5,6,1,2021-12-09 09:03:01
1639040581399549000,287.0,1,286.5,32,287.5,6,2,2021-12-09 09:03:01
1639040581822962000,287.5,5,287.0,1,287.5,2,1,2021-12-09 09:03:01
1639040582948338000,287.5,1,287.0,5,287.5,1,1,2021-12-09 09:03:02
1639040583019970000,287.5,1,287.0,5,288.0,47,1,2021-12-09 09:03:03
1639040583019970000,288.0,9,287.0,5,288.0,47,1,2021-12-09 09:03:03
1639040583028561000,288.0,2,287.0,5,288.0,45,1,2021-12-09 09:03:03
1639040585045518000,287.0,5,287.0,13,287.5,16,2,2021-12-09 09:03:05
1639040586130842000,287.0,1,287.0,15,287.5,22,2,2021-12-09 09:03:06
1639040587412055000,287.5,1,287.0,15,287.5,21,1,2021-12-09 09:03:07
1639040587641860000,287.5,1,287.0,16,287.5,20,1,2021-12-09 09:03:07
1639040588182473000,287.5,20,287.5,10,288.0,45,1,2021-12-09 09:03:08
1639040589639235000,287.5,1,287.5,10,288.0,45,2,2021-12-09 09:03:09
1639040590127797000,288.0,1,287.5,10,288.0,44,1,2021-12-09 09:03:10
1639040590406648000,287.5,2,287.5,8,288.0,44,2,2021-12-09 09:03:10
1639040590511983000,287.5,1,287.5,7,288.0,44,2,2021-12-09 09:03:10
1639040591042241000,287.5,7,287.0,15,287.5,13,2,2021-12-09 09:03:11
1639040592029167000,287.5,1,287.0,15,287.5,12,1,2021-12-09 09:03:12
1639040592542824000,287.5,1,287.0,16,287.5,11,1,2021-12-09 09:03:12
1639040592843606000,287.5,8,287.0,16,287.5,3,1,2021-12-09 09:03:12
1639040592932476000,287.5,1,287.0,16,287.5,2,1,2021-12-09 09:03:12
1639040593756346000,287.5,2,287.0,17,288.0,43,1,2021-12-09 09:03:13
1639040593756346000,288.0,1,287.0,17,288.0,43,1,2021-12-09 09:03:13
1639040595737412000,288.0,5,287.5,8,288.0,38,1,2021-12-09 09:03:15
1639040595926220000,288.0,2,287.5,8,288.0,36,1,2021-12-09 09:03:15
1639040596111414000,288.0,5,287.5,8,288.0,31,1,2021-12-09 09:03:16
1639040597073705000,287.5,1,287.5,7,288.0,31,2,2021-12-09 09:03:17
1639040597351487000,288.0,1,287.5,17,288.0,30,1,2021-12-09 09:03:17
1639040599420572000,288.0,1,287.5,33,288.0,29,1,2021-12-09 09:03:19
1639040599666015000,288.0,1,287.5,34,288.0,28,1,2021-12-09 09:03:19
1639040600138552000,288.0,1,287.5,35,288.0,28,1,2021-12-09 09:03:20
1639040600512088000,287.5,1,287.5,34,288.0,28,2,2021-12-09 09:03:20
1639040600789067000,288.0,1,287.5,34,288.0,27,1,2021-12-09 09:03:20
1639040601226970000,288.0,1,287.5,23,288.0,28,1,2021-12-09 09:03:21
1639040601870300000,288.0,1,287.5,24,288.0,27,1,2021-12-09 09:03:21
1639040602265481000,288.0,1,287.5,24,288.0,26,1,2021-12-09 09:03:22
1639040602640735000,288.0,1,287.5,26,288.0,25,1,2021-12-09 09:03:22
1639040602710588000,288.0,1,287.5,26,288.0,24,1,2021-12-09 09:03:22
1639040603396184000,288.0,1,287.5,27,288.0,23,1,2021-12-09 09:03:23
1639040603539191000,288.0,1,287.5,27,288.0,22,1,2021-12-09 09:03:23
1639040603716940000,287.5,5,287.5,22,288.0,22,2,2021-12-09 09:03:23
1639040603844022000,288.0,13,287.5,22,288.0,9,1,2021-12-09 09:03:23
1639040603903091000,288.0,9,288.0,1,288.5,9,1,2021-12-09 09:03:23
1639040604820291000,288.0,1,288.0,5,288.5,9,2,2021-12-09 09:03:24
1639040605179241000,288.0,1,288.0,4,288.5,9,2,2021-12-09 09:03:25
1639040605223508000,288.0,4,287.5,23,288.0,16,2,2021-12-09 09:03:25
1639040605475660000,288.0,1,287.5,23,288.0,15,1,2021-12-09 09:03:25
1639040606210138000,288.0,1,287.5,26,288.0,14,1,2021-12-09 09:03:26
1639040606753044000,288.0,1,287.5,26,288.0,13,1,2021-12-09 09:03:26
1639040606784456000,288.0,1,287.5,26,288.0,12,1,2021-12-09 09:03:26
1639040607287164000,288.0,2,287.5,27,288.0,10,1,2021-12-09 09:03:27
1639040607597506000,288.0,1,287.5,27,288.0,9,1,2021-12-09 09:03:27
1639040608077319000,288.0,1,287.5,30,288.0,8,1,2021-12-09 09:03:28
1639040608225460000,288.0,1,287.5,30,288.0,7,1,2021-12-09 09:03:28
1639040608667205000,287.5,1,287.5,29,288.0,7,2,2021-12-09 09:03:28
1639040608709407000,288.0,2,287.5,29,288.0,5,1,2021-12-09 09:03:28
1639040608816609000,288.0,1,287.5,29,288.0,4,1,2021-12-09 09:03:28
1639040608889402000,287.5,1,287.5,28,288.0,4,2,2021-12-09 09:03:28
1639040609038991000,288.0,1,287.5,29,288.0,3,1,2021-12-09 09:03:29
1639040609224540000,288.0,1,287.5,29,288.0,2,1,2021-12-09 09:03:29
1639040609579488000,288.0,1,287.5,34,288.0,1,1,2021-12-09 09:03:29
1639040610323688000,288.0,1,287.5,42,288.5,49,1,2021-12-09 09:03:30
1639040610445108000,288.0,1,287.5,42,288.0,19,1,2021-12-09 09:03:30
1639040610510910000,287.5,1,287.5,41,288.0,19,2,2021-12-09 09:03:30
1639040610545114000,288.0,17,287.5,46,288.0,2,1,2021-12-09 09:03:30
1639040610619186000,288.0,2,288.0,8,288.5,49,1,2021-12-09 09:03:30
1639040615993617000,288.5,1,288.0,16,288.5,48,1,2021-12-09 09:03:35
1639040617122924000,288.0,1,288.0,16,288.5,48,2,2021-12-09 09:03:37
1639040618684135000,288.5,40,288.0,16,288.5,8,1,2021-12-09 09:03:38
1639040619724906000,288.5,1,288.0,17,288.5,7,1,2021-12-09 09:03:39
1639040619808253000,288.5,1,288.0,17,288.5,6,1,2021-12-09 09:03:39
1639040620534691000,288.0,1,288.0,20,288.5,6,2,2021-12-09 09:03:40
1639040621120939000,288.5,1,288.0,20,288.5,5,1,2021-12-09 09:03:41
1639040621785280000,288.5,2,288.0,20,288.5,3,1,2021-12-09 09:03:41
1639040621825424000,288.5,1,288.0,20,288.5,2,1,2021-12-09 09:03:41
1639040621972511000,288.5,1,288.0,20,288.5,1,1,2021-12-09 09:03:41
1639040622241357000,288.5,1,288.0,20,289.0,49,1,2021-12-09 09:03:42
1639040623229890000,289.0,1,288.5,17,289.0,47,1,2021-12-09 09:03:43
1639040623531029000,289.0,1,288.5,20,289.0,46,1,2021-12-09 09:03:43
1639040623699674000,288.5,1,288.5,20,289.0,46,2,2021-12-09 09:03:43
1639040625662150000,289.0,10,288.5,32,289.0,36,1,2021-12-09 09:03:45
1639040625836302000,289.0,1,288.5,32,289.0,35,1,2021-12-09 09:03:45
1639040625920355000,288.5,1,288.5,31,289.0,35,2,2021-12-09 09:03:45
1639040627654411000,289.0,1,288.5,32,289.0,34,1,2021-12-09 09:03:47
1639040628006029000,289.0,1,288.5,32,289.0,53,1,2021-12-09 09:03:48
1639040628190460000,289.0,1,288.5,32,289.0,52,1,2021-12-09 09:03:48
1639040628206761000,289.0,8,288.5,32,289.0,44,1,2021-12-09 09:03:48
1639040628455662000,289.0,1,288.5,33,289.0,43,1,2021-12-09 09:03:48
1639040629110635000,289.0,1,288.5,33,289.0,42,1,2021-12-09 09:03:49
1639040629221505000,289.0,1,288.5,33,289.0,41,1,2021-12-09 09:03:49
1639040629712273000,289.0,1,288.5,37,289.0,40,1,2021-12-09 09:03:49
1639040630488735000,288.5,1,288.5,36,289.0,40,2,2021-12-09 09:03:50
1639040630996523000,289.0,1,288.5,37,289.0,39,1,2021-12-09 09:03:50
1639040631947746000,289.0,1,288.5,39,289.0,38,1,2021-12-09 09:03:51
1639040632371241000,288.5,1,288.5,39,289.0,38,2,2021-12-09 09:03:52
1639040632927988000,289.0,1,288.5,40,289.0,37,1,2021-12-09 09:03:52
1639040632954671000,289.0,1,288.5,40,289.0,36,1,2021-12-09 09:03:52
1639040632992873000,289.0,1,288.5,40,289.0,35,1,2021-12-09 09:03:52
1639040633527847000,289.0,1,288.5,40,289.0,34,1,2021-12-09 09:03:53
1639040633588272000,289.0,2,288.5,40,289.0,32,1,2021-12-09 09:03:53
1639040633946473000,289.0,5,288.5,28,289.0,27,1,2021-12-09 09:03:53
1639040633963937000,289.0,1,288.5,28,289.0,26,1,2021-12-09 09:03:53
1639040634181348000,289.0,1,288.5,28,289.0,25,1,2021-12-09 09:03:54
1639040634302570000,289.0,1,288.5,28,289.0,24,1,2021-12-09 09:03:54
1639040634908473000,289.0,1,288.5,29,289.0,23,1,2021-12-09 09:03:54
1639040634955064000,288.5,1,288.5,30,289.0,23,2,2021-12-09 09:03:54
1639040635058516000,289.0,1,288.5,30,289.0,22,1,2021-12-09 09:03:55
1639040635352586000,289.0,2,288.5,30,289.0,20,1,2021-12-09 09:03:55
1639040635373890000,289.0,1,288.5,30,289.0,19,1,2021-12-09 09:03:55
1639040636135072000,289.0,2,288.5,31,289.0,17,1,2021-12-09 09:03:56
1639040636277779000,289.0,1,288.5,31,289.0,16,1,2021-12-09 09:03:56
1639040636528164000,289.0,1,288.5,31,289.0,15,1,2021-12-09 09:03:56
1639040636735789000,289.0,1,288.5,31,289.0,14,1,2021-12-09 09:03:56
1639040636921089000,289.0,1,288.5,31,289.0,13,1,2021-12-09 09:03:56
1639040636961601000,289.0,1,288.5,31,289.0,12,1,2021-12-09 09:03:56
1639040637229368000,289.0,1,288.5,31,289.0,11,1,2021-12-09 09:03:57
1639040637685979000,289.0,2,288.5,35,289.0,9,1,2021-12-09 09:03:57
1639040637743922000,289.0,1,288.5,35,289.0,8,1,2021-12-09 09:03:57
1639040637767484000,289.0,1,288.5,35,289.0,7,1,2021-12-09 09:03:57
1639040637821954000,289.0,7,289.0,2,289.5,35,1,2021-12-09 09:03:57
1639040638063714000,289.0,1,289.0,3,289.5,35,2,2021-12-09 09:03:58
1639040638266233000,289.5,1,289.0,3,289.5,34,1,2021-12-09 09:03:58
1639040638559247000,289.5,1,289.0,3,289.5,33,1,2021-12-09 09:03:58
1639040639103156000,289.5,2,289.0,6,289.5,31,1,2021-12-09 09:03:59
1639040639857749000,289.5,1,289.0,11,289.5,30,1,2021-12-09 09:03:59
1639040639964281000,289.5,1,289.0,16,289.5,29,1,2021-12-09 09:03:59
1639040640056214000,289.5,1,289.0,23,289.5,28,1,2021-12-09 09:04:00
1639040640487467000,289.0,1,289.0,33,289.5,28,2,2021-12-09 09:04:00
1639040641557654000,289.0,1,289.0,32,289.5,28,2,2021-12-09 09:04:01
1639040641991763000,289.0,1,289.0,22,289.5,29,2,2021-12-09 09:04:01
1639040642887254000,289.5,1,289.0,25,289.5,28,1,2021-12-09 09:04:02
1639040643000428000,289.5,1,289.0,25,289.5,27,1,2021-12-09 09:04:03
1639040643058101000,289.5,1,289.0,26,289.5,26,1,2021-12-09 09:04:03
1639040643168327000,289.0,10,289.0,16,289.5,26,2,2021-12-09 09:04:03
1639040643778075000,289.5,1,289.0,17,289.5,25,1,2021-12-09 09:04:03
1639040643887075000,289.5,1,289.0,17,289.5,24,1,2021-12-09 09:04:03
1639040644092641000,289.0,17,288.5,35,289.0,8,2,2021-12-09 09:04:04
1639040644096555000,289.0,1,288.5,35,289.0,7,1,2021-12-09 09:04:04
1639040644302112000,289.0,1,288.5,35,289.0,6,1,2021-12-09 09:04:04
1639040644649189000,289.0,1,288.5,35,289.0,5,1,2021-12-09 09:04:04
1639040645115072000,289.0,1,288.5,35,289.0,4,1,2021-12-09 09:04:05
1639040645609818000,289.0,1,288.5,36,289.0,3,1,2021-12-09 09:04:05
1639040645687775000,289.0,1,288.5,36,289.0,2,1,2021-12-09 09:04:05
1639040645882235000,289.0,2,288.5,36,289.5,24,1,2021-12-09 09:04:05
1639040646797870000,289.5,1,289.0,2,289.5,23,1,2021-12-09 09:04:06
1639040647096114000,289.0,1,289.0,16,289.5,23,2,2021-12-09 09:04:07
1639040647422528000,289.0,1,289.0,17,289.5,23,2,2021-12-09 09:04:07
1639040647532206000,289.5,1,289.0,17,289.5,22,1,2021-12-09 09:04:07
1639040648151272000,289.5,1,289.0,23,289.5,21,1,2021-12-09 09:04:08
1639040648706060000,289.0,1,289.0,22,289.5,22,2,2021-12-09 09:04:08
1639040648916038000,289.5,1,289.0,22,289.5,21,1,2021-12-09 09:04:08
1639040649287605000,289.5,1,289.0,23,289.5,20,1,2021-12-09 09:04:09
1639040650304733000,289.5,2,289.0,24,289.5,18,1,2021-12-09 09:04:10
1639040650481424000,289.0,1,289.0,23,289.5,18,2,2021-12-09 09:04:10
1639040650935013000,289.5,1,289.0,14,289.5,17,1,2021-12-09 09:04:10
1639040652348158000,289.5,1,289.0,20,289.5,16,1,2021-12-09 09:04:12
1639040652367411000,289.0,1,289.0,19,289.5,16,2,2021-12-09 09:04:12
1639040652508435000,289.5,5,289.0,19,289.5,11,1,2021-12-09 09:04:12
1639040652653385000,289.5,1,289.0,20,289.5,10,1,2021-12-09 09:04:12
1639040652925973000,289.5,2,289.0,32,289.5,8,1,2021-12-09 09:04:12
1639040653256871000,289.5,1,289.0,33,289.5,7,1,2021-12-09 09:04:13
1639040653355551000,289.5,2,289.0,33,289.5,5,1,2021-12-09 09:04:13
1639040654596962000,289.5,3,289.0,37,289.5,3,1,2021-12-09 09:04:14
1639040655016521000,289.5,1,289.0,37,289.5,3,1,2021-12-09 09:04:15
1639040655266107000,289.0,2,289.0,40,289.5,3,2,2021-12-09 09:04:15
1639040655270291000,289.5,1,289.0,40,289.5,2,1,2021-12-09 09:04:15
1639040655375682000,289.5,1,289.0,41,289.5,1,1,2021-12-09 09:04:15
1639040655567387000,289.5,1,289.0,41,290.0,65,1,2021-12-09 09:04:15
1639040656306512000,289.5,1,289.0,41,290.0,65,2,2021-12-09 09:04:16
1639040657055920000,290.0,1,289.5,4,290.0,64,1,2021-12-09 09:04:17
1639040657168187000,289.5,1,289.5,3,290.0,64,2,2021-12-09 09:04:17
1639040658666339000,290.0,1,289.5,3,290.0,63,1,2021-12-09 09:04:18
1639040659917079000,290.0,1,289.5,6,290.0,62,1,2021-12-09 09:04:19
1639040660181667000,289.5,1,289.5,6,290.0,62,2,2021-12-09 09:04:20
1639040660476892000,289.5,1,289.5,5,290.0,62,2,2021-12-09 09:04:20
1639040662033933000,290.0,1,289.5,27,290.0,61,1,2021-12-09 09:04:22
1639040663040834000,290.0,1,289.5,28,290.0,60,1,2021-12-09 09:04:23
1639040663178325000,290.0,1,289.5,29,290.0,59,1,2021-12-09 09:04:23
1639040663375831000,290.0,1,289.5,29,290.0,58,1,2021-12-09 09:04:23
1639040663431802000,290.0,1,289.5,29,290.0,57,1,2021-12-09 09:04:23
1639040664212793000,290.0,1,289.5,33,290.0,56,1,2021-12-09 09:04:24
1639040664590894000,290.0,1,289.5,33,290.0,59,1,2021-12-09 09:04:24
1639040664830959000,290.0,2,289.5,33,290.0,57,1,2021-12-09 09:04:24
1639040665011922000,290.0,1,289.5,33,290.0,56,1,2021-12-09 09:04:25
1639040665054809000,290.0,10,289.5,33,290.0,46,1,2021-12-09 09:04:25
1639040665377195000,289.5,1,289.5,32,290.0,47,2,2021-12-09 09:04:25
1639040665884448000,290.0,1,289.5,32,290.0,46,1,2021-12-09 09:04:25
1639040666656562000,289.5,1,289.5,45,290.0,47,2,2021-12-09 09:04:26
1639040667034582000,290.0,1,289.5,45,290.0,46,1,2021-12-09 09:04:27
1639040667249476000,290.0,1,289.5,45,290.0,65,1,2021-12-09 09:04:27
1639040667455888000,290.0,1,289.5,45,290.0,64,1,2021-12-09 09:04:27
1639040667558483000,289.5,20,289.5,25,290.0,64,2,2021-12-09 09:04:27
1639040667574850000,290.0,6,289.5,25,290.0,58,1,2021-12-09 09:04:27
1639040667709937000,290.0,6,289.5,25,290.0,52,1,2021-12-09 09:04:27
1639040668108325000,290.0,1,289.5,25,290.0,52,1,2021-12-09 09:04:28
1639040668128650000,290.0,1,289.5,25,290.0,51,1,2021-12-09 09:04:28
1639040668302518000,289.5,20,289.5,5,290.0,51,2,2021-12-09 09:04:28
1639040669642680000,290.0,1,289.5,6,290.0,70,1,2021-12-09 09:04:29
1639040670036605000,289.5,6,289.0,33,290.0,70,2,2021-12-09 09:04:30
1639040670036605000,289.0,4,289.0,33,290.0,70,2,2021-12-09 09:04:30
1639040670494690000,290.0,1,289.0,34,290.0,71,1,2021-12-09 09:04:30
1639040670504310000,289.0,1,289.0,33,290.0,71,2,2021-12-09 09:04:30
1639040670518958000,290.0,1,289.0,33,290.0,70,1,2021-12-09 09:04:30
1639040670809431000,290.0,1,289.5,13,290.0,70,1,2021-12-09 09:04:30
1639040670927592000,290.0,1,289.5,13,290.0,69,1,2021-12-09 09:04:30
1639040671480033000,290.0,1,289.5,13,290.0,68,1,2021-12-09 09:04:31
1639040672270701000,290.0,1,289.5,14,290.0,65,1,2021-12-09 09:04:32
1639040672860169000,289.5,1,289.5,13,290.0,65,2,2021-12-09 09:04:32
1639040674182674000,290.0,1,289.5,14,290.0,65,1,2021-12-09 09:04:34
1639040674521837000,290.0,1,289.5,17,290.0,64,1,2021-12-09 09:04:34
1639040674749684000,290.0,1,289.5,19,290.0,63,1,2021-12-09 09:04:34
1639040676039027000,290.0,2,289.5,19,290.0,61,1,2021-12-09 09:04:36
1639040677022623000,290.0,1,289.5,20,290.0,60,1,2021-12-09 09:04:37
1639040677315244000,290.0,2,289.5,20,290.0,58,1,2021-12-09 09:04:37
1639040677329280000,290.0,1,289.5,20,290.0,57,1,2021-12-09 09:04:37
1639040677753944000,289.5,1,289.5,19,290.0,57,2,2021-12-09 09:04:37
1639040677897875000,289.5,1,289.5,18,290.0,57,2,2021-12-09 09:04:37
1639040678144286000,289.5,1,289.5,17,290.0,57,2,2021-12-09 09:04:38
1639040678409704000,290.0,1,289.5,17,290.0,56,1,2021-12-09 09:04:38
1639040678699887000,290.0,1,289.5,17,290.0,55,1,2021-12-09 09:04:38
1639040679000922000,289.5,2,289.5,15,290.0,55,2,2021-12-09 09:04:39
1639040679854095000,290.0,1,289.5,15,290.0,54,1,2021-12-09 09:04:39
1639040679918621000,290.0,1,289.5,15,290.0,53,1,2021-12-09 09:04:39
1639040680130934000,290.0,1,289.5,15,290.0,52,1,2021-12-09 09:04:40
1639040680371178000,290.0,1,289.5,15,290.0,51,1,2021-12-09 09:04:40
1639040680442164000,290.0,1,289.5,15,290.0,50,1,2021-12-09 09:04:40
1639040680468321000,289.5,1,289.5,14,290.0,50,2,2021-12-09 09:04:40
1639040681176003000,290.0,1,289.5,14,290.0,49,1,2021-12-09 09:04:41
1639040681554231000,290.0,1,289.5,14,290.0,48,1,2021-12-09 09:04:41
1639040682061196000,290.0,1,289.5,14,290.0,47,1,2021-12-09 09:04:42
1639040682328662000,290.0,3,289.5,14,290.0,44,1,2021-12-09 09:04:42
1639040683545154000,290.0,1,289.5,17,290.0,43,1,2021-12-09 09:04:43
1639040683570939000,290.0,1,289.5,17,290.0,42,1,2021-12-09 09:04:43
1639040683758325000,290.0,1,289.5,18,290.0,41,1,2021-12-09 09:04:43
1639040684066102000,290.0,1,289.5,18,290.0,40,1,2021-12-09 09:04:44
1639040684372837000,290.0,1,289.5,20,290.0,39,1,2021-12-09 09:04:44
1639040684539816000,290.0,1,289.5,20,290.0,38,1,2021-12-09 09:04:44
1639040684676400000,290.0,1,289.5,20,290.0,37,1,2021-12-09 09:04:44
1639040685104923000,290.0,1,289.5,20,290.0,36,1,2021-12-09 09:04:45
1639040685219869000,289.5,1,289.5,19,290.0,36,2,2021-12-09 09:04:45
1639040685782571000,290.0,1,289.5,19,290.0,35,1,2021-12-09 09:04:45
1639040687501602000,290.0,1,289.5,19,290.0,36,1,2021-12-09 09:04:47
1639040687811014000,290.0,1,289.5,19,290.0,35,1,2021-12-09 09:04:47
1639040687832692000,290.0,1,289.5,19,290.0,34,1,2021-12-09 09:04:47
1639040688387836000,290.0,3,289.5,20,290.0,31,1,2021-12-09 09:04:48
1639040688489370000,290.0,1,289.5,20,290.0,30,1,2021-12-09 09:04:48
1639040689215464000,290.0,1,289.5,22,290.0,29,1,2021-12-09 09:04:49
1639040689369792000,290.0,1,289.5,22,290.0,28,1,2021-12-09 09:04:49
1639040689698889000,290.0,1,289.5,22,290.0,27,1,2021-12-09 09:04:49
1639040689842235000,290.0,1,289.5,22,290.0,26,1,2021-12-09 09:04:49
1639040690144395000,290.0,1,289.5,22,290.0,25,1,2021-12-09 09:04:50
1639040690467408000,289.5,1,289.5,21,290.0,25,2,2021-12-09 09:04:50
1639040692271409000,290.0,1,289.5,22,290.0,25,1,2021-12-09 09:04:52
1639040692567615000,290.0,1,289.5,22,290.0,24,1,2021-12-09 09:04:52
1639040692952178000,290.0,2,289.5,23,290.0,22,1,2021-12-09 09:04:52
1639040693121677000,290.0,1,289.5,23,290.0,21,1,2021-12-09 09:04:53
1639040693456151000,290.0,1,289.5,20,290.0,20,1,2021-12-09 09:04:53
1639040693525379000,290.0,5,289.5,20,290.0,15,1,2021-12-09 09:04:53
1639040694441046000,290.0,1,289.5,20,290.0,16,1,2021-12-09 09:04:54
1639040695376303000,290.0,3,289.5,21,290.0,33,1,2021-12-09 09:04:55
1639040695403826000,290.0,1,289.5,21,290.0,32,1,2021-12-09 09:04:55
1639040695489467000,289.5,1,289.5,20,290.0,32,2,2021-12-09 09:04:55
1639040695814695000,290.0,1,289.5,20,290.0,31,1,2021-12-09 09:04:55
1639040696391429000,290.0,3,289.5,21,290.0,28,1,2021-12-09 09:04:56
1639040697034473000,290.0,2,289.5,22,290.0,28,1,2021-12-09 09:04:57
1639040697297337000,289.5,2,289.5,20,290.0,28,2,2021-12-09 09:04:57
1639040698064592000,290.0,1,289.5,23,290.0,28,1,2021-12-09 09:04:58
1639040698843183000,290.0,1,289.5,27,290.0,27,1,2021-12-09 09:04:58
1639040698858565000,290.0,2,289.5,27,290.0,25,1,2021-12-09 09:04:58
1639040698972729000,290.0,1,289.5,27,290.0,24,1,2021-12-09 09:04:58
1639040699778449000,290.0,3,289.5,25,290.0,21,1,2021-12-09 09:04:59
1639040700067853000,290.0,1,289.5,26,290.0,20,1,2021-12-09 09:05:00
1639040700279810000,290.0,1,289.5,27,290.0,19,1,2021-12-09 09:05:00
1639040700471480000,289.5,1,289.5,26,290.0,19,2,2021-12-09 09:05:00
1639040701643709000,290.0,1,289.5,27,290.0,19,1,2021-12-09 09:05:01
1639040701982532000,290.0,1,289.5,28,290.0,18,1,2021-12-09 09:05:01
1639040702102703000,290.0,1,289.5,28,290.0,17,1,2021-12-09 09:05:02
1639040702379396000,290.0,1,289.5,28,290.0,16,1,2021-12-09 09:05:02
1639040702388609000,290.0,1,289.5,28,290.0,15,1,2021-12-09 09:05:02
1639040702979012000,290.0,1,289.5,29,290.0,14,1,2021-12-09 09:05:02
1639040703652325000,290.0,10,289.5,30,290.0,4,1,2021-12-09 09:05:03
1639040703660456000,290.0,1,289.5,30,290.0,3,1,2021-12-09 09:05:03
1639040703790540000,290.0,3,290.0,1,290.5,55,1,2021-12-09 09:05:03
1639040704350390000,290.0,1,289.5,33,290.5,55,1,2021-12-09 09:05:04
1639040705146932000,290.0,1,289.5,33,290.5,55,2,2021-12-09 09:05:05
1639040705717198000,290.5,1,290.0,2,290.5,54,1,2021-12-09 09:05:05
1639040706427061000,290.0,1,290.0,4,290.5,54,2,2021-12-09 09:05:06
1639040706774638000,290.0,1,290.0,4,290.5,54,2,2021-12-09 09:05:06
1639040707442324000,290.0,6,289.5,35,290.0,14,2,2021-12-09 09:05:07
1639040707538311000,290.0,1,289.5,34,290.0,13,1,2021-12-09 09:05:07
1639040707817103000,290.0,1,289.5,34,290.0,12,1,2021-12-09 09:05:07
1639040708071718000,289.5,4,289.5,30,290.0,12,2,2021-12-09 09:05:08
1639040708096561000,289.5,15,289.5,13,290.0,12,2,2021-12-09 09:05:08
1639040708490291000,290.0,1,289.5,14,290.0,11,1,2021-12-09 09:05:08
1639040708888983000,290.0,1,289.5,14,290.0,10,1,2021-12-09 09:05:08
1639040709299811000,290.0,1,289.5,14,290.0,9,1,2021-12-09 09:05:09
1639040709786788000,290.0,1,289.5,15,290.0,8,1,2021-12-09 09:05:09
1639040710172694000,290.0,1,289.5,15,290.0,7,1,2021-12-09 09:05:10
1639040710561365000,289.5,1,289.5,14,290.0,7,2,2021-12-09 09:05:10
1639040710575017000,290.0,1,289.5,14,290.0,6,1,2021-12-09 09:05:10
1639040710696037000,289.5,1,289.5,13,290.0,6,2,2021-12-09 09:05:10
1639040710945550000,290.0,1,289.5,14,290.0,5,1,2021-12-09 09:05:10
1639040711357836000,290.0,1,289.5,14,290.0,4,1,2021-12-09 09:05:11
1639040711429678000,290.0,1,289.5,14,290.0,3,1,2021-12-09 09:05:11
1639040711541871000,290.0,1,289.5,14,290.0,2,1,2021-12-09 09:05:11
1639040713644918000,290.0,1,289.5,22,290.0,14,1,2021-12-09 09:05:13
1639040713774912000,290.0,1,289.5,22,290.0,13,1,2021-12-09 09:05:13
1639040714245175000,290.0,1,289.5,23,290.0,12,1,2021-12-09 09:05:14
1639040714573480000,290.0,1,289.5,23,290.0,12,1,2021-12-09 09:05:14
1639040714846159000,290.0,1,289.5,23,290.0,11,1,2021-12-09 09:05:14
1639040715222265000,290.0,1,289.5,23,290.0,10,1,2021-12-09 09:05:15
1639040715542891000,290.0,1,289.5,23,290.0,9,1,2021-12-09 09:05:15
1639040715677216000,290.0,1,289.5,23,290.0,9,1,2021-12-09 09:05:15
1639040717616283000,290.0,1,289.5,23,290.0,10,1,2021-12-09 09:05:17
1639040717728489000,290.0,1,289.5,23,290.0,9,1,2021-12-09 09:05:17
1639040717771956000,290.0,1,289.5,23,290.0,8,1,2021-12-09 09:05:17
1639040718007883000,290.0,1,289.5,23,290.0,7,1,2021-12-09 09:05:18
1639040718166044000,290.0,2,289.5,23,290.0,5,1,2021-12-09 09:05:18
1639040718406844000,290.0,2,289.5,23,290.0,3,1,2021-12-09 09:05:18
1639040719568614000,290.0,1,289.5,23,290.0,2,1,2021-12-09 09:05:19
1639040720101023000,290.0,1,289.5,23,290.0,4,1,2021-12-09 09:05:20
1639040720705866000,290.0,1,289.5,23,290.0,15,1,2021-12-09 09:05:20
1639040721443613000,290.0,1,289.5,24,290.0,14,1,2021-12-09 09:05:21
1639040721574814000,290.0,2,289.5,24,290.0,14,1,2021-12-09 09:05:21
1639040722033062000,290.0,1,289.5,24,290.0,13,1,2021-12-09 09:05:22
1639040723310220000,290.0,1,289.5,24,290.0,14,1,2021-12-09 09:05:23
1639040723531481000,290.0,1,289.5,24,290.0,13,1,2021-12-09 09:05:23
1639040723829707000,289.5,20,289.5,4,290.0,13,2,2021-12-09 09:05:23
1639040723854890000,289.5,4,289.0,38,290.0,13,2,2021-12-09 09:05:23
1639040724071076000,289.0,5,289.0,33,290.0,16,2,2021-12-09 09:05:24
1639040724101683000,289.0,9,289.0,19,290.0,16,2,2021-12-09 09:05:24
1639040724101856000,289.0,5,289.0,19,290.0,16,2,2021-12-09 09:05:24
1639040724274594000,290.0,1,289.0,19,290.0,15,1,2021-12-09 09:05:24
1639040724353551000,289.0,8,289.0,11,290.0,35,2,2021-12-09 09:05:24
1639040724542569000,289.0,5,289.0,7,290.0,36,2,2021-12-09 09:05:24
1639040724742750000,290.0,3,289.0,7,290.0,33,1,2021-12-09 09:05:24
1639040724852895000,290.0,1,289.0,7,290.0,32,1,2021-12-09 09:05:24
1639040726592960000,290.0,1,289.0,7,290.0,33,1,2021-12-09 09:05:26
1639040726732776000,289.0,3,289.0,4,290.0,33,2,2021-12-09 09:05:26
1639040726759618000,290.0,1,289.0,4,290.0,32,1,2021-12-09 09:05:26
1639040728287380000,289.5,1,289.0,4,289.5,1,2,2021-12-09 09:05:28
1639040729920798000,289.5,1,289.0,4,290.0,32,1,2021-12-09 09:05:29
1639040730084426000,289.0,1,289.0,3,290.0,32,2,2021-12-09 09:05:30
1639040730812303000,290.0,3,289.0,3,290.0,29,1,2021-12-09 09:05:30
1639040730882130000,290.0,1,289.0,3,290.0,28,1,2021-12-09 09:05:30
1639040731711071000,290.0,1,289.0,3,290.0,27,1,2021-12-09 09:05:31
1639040738287008000,289.5,1,289.0,9,289.5,1,2,2021-12-09 09:05:38
1639040741898270000,289.0,1,289.0,11,289.5,12,2,2021-12-09 09:05:41
1639040742878326000,289.5,1,289.0,11,289.5,14,1,2021-12-09 09:05:42
1639040744954452000,289.0,1,289.0,13,289.5,13,2,2021-12-09 09:05:44
1639040744967212000,289.5,5,289.0,13,289.5,8,1,2021-12-09 09:05:44
1639040744972337000,289.5,1,289.0,13,289.5,7,1,2021-12-09 09:05:44
1639040748639528000,289.5,2,289.0,15,289.5,4,1,2021-12-09 09:05:48
1639040748679575000,289.5,2,289.0,15,289.5,2,1,2021-12-09 09:05:48
1639040749043572000,289.5,1,289.0,15,289.5,1,1,2021-12-09 09:05:49
1639040749072307000,289.5,1,289.0,15,290.0,39,1,2021-12-09 09:05:49
1639040749155702000,290.0,3,289.0,16,290.0,36,1,2021-12-09 09:05:49
1639040749914461000,289.5,1,289.0,16,289.5,20,2,2021-12-09 09:05:49
1639040750614126000,289.5,2,289.0,16,289.5,19,1,2021-12-09 09:05:50
1639040752502226000,289.5,1,289.0,16,289.5,19,1,2021-12-09 09:05:52
1639040752523084000,289.0,2,289.0,14,289.5,19,2,2021-12-09 09:05:52
1639040753975488000,289.0,11,289.0,3,289.5,19,2,2021-12-09 09:05:53
1639040754541841000,289.5,1,289.0,4,289.5,19,1,2021-12-09 09:05:54
1639040756318795000,289.0,1,289.0,7,289.5,19,2,2021-12-09 09:05:56
1639040756744981000,289.5,1,289.0,7,289.5,18,1,2021-12-09 09:05:56
1639040756937314000,289.0,1,289.0,6,289.5,18,2,2021-12-09 09:05:56
1639040757208394000,289.0,1,289.0,5,289.5,18,2,2021-12-09 09:05:57
1639040759470099000,289.0,1,289.0,8,289.5,18,2,2021-12-09 09:05:59
1639040760472133000,289.0,1,289.0,8,289.5,18,2,2021-12-09 09:06:00
1639040762244485000,289.0,1,289.0,8,289.5,18,2,2021-12-09 09:06:02
1639040763010555000,289.5,1,289.0,8,289.5,18,1,2021-12-09 09:06:03
1639040763308733000,289.0,1,289.0,7,289.5,18,2,2021-12-09 09:06:03
1639040765361939000,289.0,1,289.0,7,289.5,18,2,2021-12-09 09:06:05
1639040765772424000,289.0,2,289.0,5,289.5,18,2,2021-12-09 09:06:05
1639040765896122000,289.5,3,289.0,5,289.5,15,1,2021-12-09 09:06:05
1639040766147766000,289.0,1,289.0,4,289.5,15,2,2021-12-09 09:06:06
1639040766290970000,289.0,1,289.0,3,289.5,15,2,2021-12-09 09:06:06
1639040768582405000,289.0,3,288.0,37,289.5,15,2,2021-12-09 09:06:08
1639040768582405000,288.5,23,288.0,37,289.5,15,2,2021-12-09 09:06:08
1639040768582405000,288.0,9,288.0,37,289.5,15,2,2021-12-09 09:06:08
1639040771136723000,288.0,5,288.0,32,289.0,6,2,2021-12-09 09:06:11
1639040775006447000,288.0,20,288.0,13,288.5,1,2,2021-12-09 09:06:15
1639040775040350000,288.0,13,287.5,9,288.5,1,2,2021-12-09 09:06:15
1639040775694868000,287.5,1,287.5,8,288.0,25,2,2021-12-09 09:06:15
1639040776517734000,288.0,1,287.5,8,288.0,24,1,2021-12-09 09:06:16
1639040777077466000,288.0,1,287.5,8,288.0,25,1,2021-12-09 09:06:17
1639040778430291000,288.0,1,287.5,8,288.0,27,1,2021-12-09 09:06:18
1639040778588637000,287.5,4,287.5,4,288.0,27,2,2021-12-09 09:06:18
1639040779108553000,287.5,4,287.0,15,288.0,27,2,2021-12-09 09:06:19
1639040779108553000,287.0,9,287.0,15,288.0,27,2,2021-12-09 09:06:19
1639040779551954000,288.0,2,287.0,15,288.0,25,1,2021-12-09 09:06:19
1639040780582697000,288.0,1,287.0,14,288.0,27,1,2021-12-09 09:06:20
1639040784220548000,287.0,1,287.0,13,288.0,29,2,2021-12-09 09:06:24
1639040784461197000,288.0,1,287.0,13,288.0,28,1,2021-12-09 09:06:24
1639040785437036000,287.0,1,287.0,12,288.0,28,2,2021-12-09 09:06:25
1639040786234181000,287.0,1,287.0,9,288.0,30,2,2021-12-09 09:06:26
1639040786408650000,287.0,2,287.0,7,287.5,3,2,2021-12-09 09:06:26
1639040786506625000,287.5,1,287.0,7,287.5,2,1,2021-12-09 09:06:26
1639040788793761000,288.0,1,287.0,9,288.0,29,1,2021-12-09 09:06:28
1639040789682214000,287.5,1,287.0,9,287.5,4,2,2021-12-09 09:06:29
1639040789712216000,287.5,2,287.0,9,287.5,2,1,2021-12-09 09:06:29
1639040790066817000,287.5,2,287.0,9,288.0,21,1,2021-12-09 09:06:30
1639040790066817000,288.0,8,287.0,9,288.0,21,1,2021-12-09 09:06:30
1639040791923944000,287.0,1,287.0,9,288.0,22,2,2021-12-09 09:06:31
1639040792220865000,287.0,1,287.0,9,288.0,21,2,2021-12-09 09:06:32
1639040793862635000,287.0,9,286.5,9,287.0,1,2,2021-12-09 09:06:33
1639040797471762000,286.5,1,286.5,8,287.0,5,2,2021-12-09 09:06:37
1639040797900861000,286.5,1,286.5,7,287.0,7,2,2021-12-09 09:06:37
1639040798773777000,286.5,1,286.5,6,287.0,8,2,2021-12-09 09:06:38
1639040799395332000,286.5,1,286.5,5,287.0,6,2,2021-12-09 09:06:39
1639040799410134000,286.5,1,286.5,4,287.0,6,2,2021-12-09 09:06:39
1639040799721057000,287.0,2,286.5,4,287.0,4,1,2021-12-09 09:06:39
1639040801201925000,287.0,1,286.5,4,287.0,4,1,2021-12-09 09:06:41
1639040801762326000,286.5,1,286.5,3,287.0,4,2,2021-12-09 09:06:41
1639040803741641000,286.5,4,286.0,18,287.0,4,2,2021-12-09 09:06:43
1639040804050199000,286.0,1,286.0,17,286.5,5,2,2021-12-09 09:06:44
1639040804951071000,286.5,3,286.0,16,286.5,2,1,2021-12-09 09:06:44
1639040805290259000,286.0,1,286.0,15,286.5,2,2,2021-12-09 09:06:45
1639040806315800000,286.5,1,286.0,15,286.5,1,1,2021-12-09 09:06:46
1639040809458569000,286.0,5,286.0,11,286.5,1,2,2021-12-09 09:06:49
1639040810096033000,286.0,7,286.0,4,286.5,1,2,2021-12-09 09:06:50
1639040810359981000,286.5,1,286.0,5,287.0,6,1,2021-12-09 09:06:50
1639040811497403000,287.0,1,286.0,5,287.0,7,1,2021-12-09 09:06:51
1639040812342574000,286.0,5,285.5,7,286.5,1,2,2021-12-09 09:06:52
1639040812342574000,285.5,8,285.5,7,286.5,1,2,2021-12-09 09:06:52
1639040815835084000,286.0,1,285.5,7,286.5,2,1,2021-12-09 09:06:55
1639040815835084000,285.5,1,285.5,7,286.5,2,2,2021-12-09 09:06:55
1639040816129002000,285.5,1,285.5,6,286.5,4,2,2021-12-09 09:06:56
1639040817725511000,286.0,1,285.5,5,286.5,4,1,2021-12-09 09:06:57
1639040818799222000,285.5,2,285.5,3,286.5,4,2,2021-12-09 09:06:58
1639040820712455000,285.5,3,285.0,17,286.5,5,2,2021-12-09 09:07:00
1639040820712455000,285.0,47,285.0,17,286.5,5,2,2021-12-09 09:07:00
1639040822741221000,285.0,2,285.0,15,285.5,1,2,2021-12-09 09:07:02
1639040823368294000,285.0,5,285.0,10,285.5,1,2,2021-12-09 09:07:03
1639040823370915000,285.0,2,285.0,8,285.5,1,2,2021-12-09 09:07:03
1639040824169932000,285.0,1,285.0,6,285.5,1,2,2021-12-09 09:07:04
1639040824498228000,285.0,1,285.0,4,285.5,1,2,2021-12-09 09:07:04
1639040826838441000,285.0,1,285.0,4,285.5,1,2,2021-12-09 09:07:06
1639040828303442000,285.0,1,285.0,3,285.5,1,2,2021-12-09 09:07:08
1639040828461627000,285.0,1,285.0,2,285.5,1,2,2021-12-09 09:07:08
1639040828860625000,285.0,1,285.0,1,285.5,1,2,2021-12-09 09:07:08
1639040829299949000,285.0,1,284.5,2,285.0,9,2,2021-12-09 09:07:09
1639040831460351000,285.0,1,284.5,2,285.0,10,1,2021-12-09 09:07:11
1639040833299029000,285.0,1,284.5,2,285.0,11,1,2021-12-09 09:07:13
1639040834038194000,285.0,1,284.5,2,285.0,10,1,2021-12-09 09:07:14
1639040835389082000,285.0,1,284.5,2,285.0,11,1,2021-12-09 09:07:15
1639040837673202000,285.0,1,284.5,2,285.0,11,1,2021-12-09 09:07:17
1639040839015351000,284.5,2,284.0,3,285.0,16,2,2021-12-09 09:07:19
1639040840759215000,284.5,1,284.0,4,284.5,1,1,2021-12-09 09:07:20
1639040841135207000,284.0,2,284.0,2,284.5,1,2,2021-12-09 09:07:21
1639040842001368000,284.5,1,284.0,2,285.0,18,1,2021-12-09 09:07:22
1639040843291962000,284.0,1,284.0,1,285.0,21,2,2021-12-09 09:07:23
1639040845614223000,284.0,1,284.0,1,284.5,1,2,2021-12-09 09:07:25
1639040846905474000,284.0,1,283.5,6,284.0,1,2,2021-12-09 09:07:26
1639040847086510000,284.0,1,283.5,6,284.5,3,1,2021-12-09 09:07:27
1639040850706793000,283.5,2,283.5,2,284.0,4,2,2021-12-09 09:07:30
1639040852910701000,283.5,2,282.5,2,283.0,1,2,2021-12-09 09:07:32
1639040852910701000,283.0,11,282.5,2,283.0,1,2,2021-12-09 09:07:32
1639040854000364000,282.5,1,282.5,1,283.0,1,2,2021-12-09 09:07:34
1639040854204385000,283.0,1,282.5,1,284.0,5,1,2021-12-09 09:07:34
1639040855036824000,282.5,1,282.0,15,284.0,6,2,2021-12-09 09:07:35
1639040855036824000,282.0,2,282.0,15,284.0,6,2,2021-12-09 09:07:35
1639040859300685000,282.0,1,282.0,17,284.0,6,2,2021-12-09 09:07:39
1639040859450710000,282.0,1,282.0,16,284.0,8,2,2021-12-09 09:07:39
1639040860777145000,283.0,1,282.0,16,284.0,8,1,2021-12-09 09:07:40
1639040861344124000,282.0,1,282.0,15,284.0,8,2,2021-12-09 09:07:41
1639040861452383000,282.0,1,282.0,14,284.0,8,2,2021-12-09 09:07:41
1639040861466277000,282.0,1,282.0,13,284.0,8,2,2021-12-09 09:07:41
1639040861630965000,282.0,1,282.0,12,284.0,8,2,2021-12-09 09:07:41
1639040861754464000,282.0,1,282.0,11,284.0,8,2,2021-12-09 09:07:41
1639040862349680000,284.0,3,282.5,5,284.0,5,1,2021-12-09 09:07:42
1639040862591007000,282.5,1,282.5,5,284.0,5,2,2021-12-09 09:07:42
1639040864060120000,282.5,1,282.5,4,284.0,5,2,2021-12-09 09:07:44
1639040867049821000,283.0,1,283.0,1,283.5,1,1,2021-12-09 09:07:47
1639040868141043000,283.5,1,283.0,2,284.0,11,1,2021-12-09 09:07:48
1639040870261618000,284.0,1,283.0,2,284.0,10,1,2021-12-09 09:07:50
1639040872026520000,284.0,2,283.0,2,284.0,6,1,2021-12-09 09:07:52
1639040872273350000,284.0,5,283.0,5,284.0,1,1,2021-12-09 09:07:52
1639040872305904000,284.0,1,283.0,5,284.5,5,1,2021-12-09 09:07:52
1639040872432507000,283.0,1,283.0,4,284.5,4,2,2021-12-09 09:07:52
1639040872953410000,284.5,4,283.0,5,285.0,20,1,2021-12-09 09:07:52
1639040876423538000,283.5,1,283.5,1,284.5,1,2,2021-12-09 09:07:56
1639040884185970000,284.5,2,284.0,5,285.0,13,1,2021-12-09 09:08:04
1639040884185970000,285.0,1,284.0,5,285.0,13,1,2021-12-09 09:08:04
1639040885653550000,284.5,1,284.0,2,285.0,13,2,2021-12-09 09:08:05
1639040885653550000,284.0,4,284.0,2,285.0,13,2,2021-12-09 09:08:05
1639040889210497000,285.0,1,284.0,5,285.0,12,1,2021-12-09 09:08:09
1639040891518556000,285.0,1,284.0,5,285.0,12,1,2021-12-09 09:08:11
1639040893157404000,284.5,1,284.5,4,285.0,12,2,2021-12-09 09:08:13
1639040896715435000,285.0,3,284.5,1,285.0,9,1,2021-12-09 09:08:16
1639040896749738000,285.0,6,284.5,1,285.0,3,1,2021-12-09 09:08:16
1639040896960731000,285.0,3,284.5,1,285.5,10,1,2021-12-09 09:08:16
1639040897041044000,285.5,1,284.5,3,285.5,9,1,2021-12-09 09:08:17
1639040903745704000,285.5,6,285.0,7,285.5,3,1,2021-12-09 09:08:23
1639040903788398000,285.5,3,285.0,7,286.0,6,1,2021-12-09 09:08:23
1639040910859478000,286.0,1,285.5,7,286.0,5,1,2021-12-09 09:08:30
1639040911145492000,286.0,1,285.5,7,286.0,4,1,2021-12-09 09:08:31
1639040912001746000,286.0,3,285.5,12,286.0,1,1,2021-12-09 09:08:32
1639040912034307000,286.0,1,285.5,12,286.5,2,1,2021-12-09 09:08:32
1639040915525053000,286.0,1,286.0,4,287.0,6,2,2021-12-09 09:08:35
1639040917480360000,287.0,5,287.0,5,288.0,11,1,2021-12-09 09:08:37
1639040920004851000,287.0,3,287.0,2,288.0,11,2,2021-12-09 09:08:40
1639040928448140000,288.0,1,287.0,4,288.0,10,1,2021-12-09 09:08:48
1639040929303291000,287.0,1,287.0,3,288.0,10,2,2021-12-09 09:08:49
1639040929464320000,287.0,1,287.0,3,288.0,20,2,2021-12-09 09:08:49
1639040932106478000,288.0,1,287.5,1,288.0,19,1,2021-12-09 09:08:52
1639040934913678000,288.0,1,287.5,1,288.0,18,1,2021-12-09 09:08:54
1639040939937161000,287.5,2,287.0,16,288.0,18,2,2021-12-09 09:08:59
1639040939937161000,287.0,3,287.0,16,288.0,18,2,2021-12-09 09:08:59
1639040942040379000,288.0,1,287.0,16,288.0,23,1,2021-12-09 09:09:02
1639040942610779000,288.0,2,287.0,16,288.0,21,1,2021-12-09 09:09:02
1639040946023412000,287.5,1,287.5,4,288.0,18,2,2021-12-09 09:09:06
1639040946258946000,287.5,4,287.0,19,288.0,18,2,2021-12-09 09:09:06
1639040946861719000,288.0,1,287.0,19,288.0,17,1,2021-12-09 09:09:06
1639040950459542000,288.0,1,287.0,20,288.0,17,1,2021-12-09 09:09:10
1639040950872069000,288.0,1,287.0,21,288.0,16,1,2021-12-09 09:09:10
1639040951863657000,288.0,1,287.5,1,288.0,15,1,2021-12-09 09:09:11
1639040952274567000,288.0,1,287.5,1,288.0,12,1,2021-12-09 09:09:12
1639040953703137000,288.0,2,287.5,2,288.0,10,1,2021-12-09 09:09:13
1639040954973827000,288.0,1,287.5,2,288.0,9,1,2021-12-09 09:09:14
1639040957096822000,288.0,1,287.5,2,288.0,8,1,2021-12-09 09:09:17
1639040957694746000,288.0,1,287.5,2,288.0,7,1,2021-12-09 09:09:17
1639040958087734000,288.0,1,287.5,2,288.0,6,1,2021-12-09 09:09:18
1639040958431148000,287.5,1,287.5,1,288.0,6,2,2021-12-09 09:09:18
1639040959013052000,288.0,1,287.5,1,288.0,5,1,2021-12-09 09:09:19
1639040959366490000,288.0,1,287.5,1,288.0,4,1,2021-12-09 09:09:19
1639040960009746000,288.0,1,287.5,2,288.0,3,1,2021-12-09 09:09:20
1639040960146167000,288.0,1,287.5,2,288.0,2,1,2021-12-09 09:09:20
1639040960608576000,288.0,2,288.0,3,288.5,4,1,2021-12-09 09:09:20
1639040962911268000,288.0,1,288.0,3,288.5,4,2,2021-12-09 09:09:22
1639040964700152000,288.0,1,288.0,2,288.5,4,2,2021-12-09 09:09:24
1639040965812776000,288.0,2,287.5,8,288.0,8,2,2021-12-09 09:09:25
1639040966626208000,287.5,9,287.0,24,287.5,1,2,2021-12-09 09:09:26
1639040967644520000,287.5,1,287.0,24,288.0,8,1,2021-12-09 09:09:27
1639040970035676000,288.0,1,287.0,24,288.0,7,1,2021-12-09 09:09:30
1639040977010594000,287.5,1,287.0,26,287.5,2,2,2021-12-09 09:09:37
1639040982584132000,287.5,1,287.0,26,287.5,2,1,2021-12-09 09:09:42
1639040986026685000,287.0,2,287.0,24,287.5,3,2,2021-12-09 09:09:46
1639040986466009000,287.5,1,287.0,24,287.5,3,1,2021-12-09 09:09:46
1639040987055016000,287.0,16,287.0,8,287.5,2,2,2021-12-09 09:09:47
1639040987078907000,287.0,5,287.0,3,287.5,2,2,2021-12-09 09:09:47
1639040987099458000,287.0,3,286.5,1,287.5,4,2,2021-12-09 09:09:47
1639040987119911000,286.5,1,286.0,8,287.5,4,2,2021-12-09 09:09:47
1639040987474397000,287.0,1,286.0,8,287.5,5,1,2021-12-09 09:09:47
1639040988485588000,287.0,1,286.0,8,287.5,2,1,2021-12-09 09:09:48
1639040988485588000,287.5,2,286.0,8,287.5,2,1,2021-12-09 09:09:48
1639040994530657000,286.0,1,286.0,7,287.5,2,2,2021-12-09 09:09:54
1639040996231786000,287.0,1,286.0,4,287.5,4,1,2021-12-09 09:09:56
1639040998680356000,287.5,1,286.0,4,287.5,3,1,2021-12-09 09:09:58
1639041003913497000,287.5,1,286.0,7,287.5,5,1,2021-12-09 09:10:03
1639041006938614000,287.0,1,286.0,7,287.0,3,2,2021-12-09 09:10:06
1639041008226239000,286.5,1,286.5,2,287.0,1,2,2021-12-09 09:10:08
1639041009525427000,287.0,1,286.5,2,287.0,1,1,2021-12-09 09:10:09
1639041012390398000,287.0,1,286.5,5,287.5,8,1,2021-12-09 09:10:12
1639041013806143000,286.5,5,286.0,9,287.5,8,2,2021-12-09 09:10:13
1639041016003345000,287.0,1,286.0,9,287.0,6,1,2021-12-09 09:10:16
1639041017994144000,286.0,9,285.5,16,287.0,19,2,2021-12-09 09:10:17
1639041025339346000,286.0,1,285.5,14,287.0,19,2,2021-12-09 09:10:25
1639041026485225000,286.0,1,285.5,15,287.0,19,1,2021-12-09 09:10:26
1639041026729668000,287.0,1,285.5,15,287.0,18,1,2021-12-09 09:10:26
1639041039154101000,287.0,10,286.0,3,287.0,11,1,2021-12-09 09:10:39
1639041042463276000,287.0,1,286.0,5,287.0,8,1,2021-12-09 09:10:42
1639041044978682000,287.0,1,286.5,1,287.0,7,1,2021-12-09 09:10:44
1639041048979090000,287.0,1,286.5,1,287.0,7,1,2021-12-09 09:10:48
1639041050417962000,286.5,2,286.0,7,287.0,7,2,2021-12-09 09:10:50
1639041050616113000,287.0,2,286.0,7,287.0,7,1,2021-12-09 09:10:50
1639041053128639000,287.0,1,286.5,1,287.0,4,1,2021-12-09 09:10:53
1639041054953587000,287.0,1,286.5,1,287.0,4,1,2021-12-09 09:10:54
1639041055445957000,287.0,1,286.5,1,287.0,3,1,2021-12-09 09:10:55
1639041057005891000,287.0,1,286.5,1,287.0,2,1,2021-12-09 09:10:57
1639041058200061000,287.0,2,286.5,2,287.5,10,1,2021-12-09 09:10:58
1639041060776731000,287.0,1,286.5,2,287.5,8,2,2021-12-09 09:11:00
1639041073170834000,287.0,1,287.0,3,287.5,8,2,2021-12-09 09:11:13
1639041074028649000,287.0,1,287.0,2,287.5,8,2,2021-12-09 09:11:14
1639041074374284000,287.0,2,286.5,6,287.0,8,2,2021-12-09 09:11:14
1639041080942567000,287.0,2,286.5,7,287.0,8,1,2021-12-09 09:11:20
1639041082087050000,287.0,1,286.5,7,287.0,7,1,2021-12-09 09:11:22
1639041086757488000,287.0,1,286.5,8,287.0,6,1,2021-12-09 09:11:26
1639041088650734000,287.0,1,286.5,9,287.0,5,1,2021-12-09 09:11:28
1639041090468082000,286.5,1,286.5,8,287.0,5,2,2021-12-09 09:11:30
1639041090916624000,286.5,1,286.5,7,287.0,5,2,2021-12-09 09:11:30
1639041092742607000,287.0,5,286.5,7,287.5,8,1,2021-12-09 09:11:32
1639041095743725000,287.5,1,286.5,7,287.5,7,1,2021-12-09 09:11:35
1639041101009541000,287.0,1,287.0,12,287.5,17,2,2021-12-09 09:11:41
1639041101325631000,287.0,1,287.0,11,287.5,17,2,2021-12-09 09:11:41
1639041103940493000,287.5,1,287.0,12,287.5,16,1,2021-12-09 09:11:43
1639041107210369000,287.5,1,287.0,12,287.5,15,1,2021-12-09 09:11:47
1639041107235601000,287.5,5,287.0,12,287.5,10,1,2021-12-09 09:11:47
1639041107266321000,287.5,5,287.0,12,287.5,5,1,2021-12-09 09:11:47
1639041107698301000,287.0,1,287.0,11,287.5,5,2,2021-12-09 09:11:47
1639041111322244000,287.0,1,287.0,11,287.5,5,2,2021-12-09 09:11:51
1639041118219496000,287.5,1,287.0,13,287.5,4,1,2021-12-09 09:11:58
1639041118577973000,287.5,4,287.5,1,288.0,23,1,2021-12-09 09:11:58
1639041119277624000,287.5,1,287.0,8,288.0,23,2,2021-12-09 09:11:59
1639041119347243000,288.0,2,287.0,8,288.0,21,1,2021-12-09 09:11:59
1639041125164152000,287.0,1,287.0,9,288.0,22,2,2021-12-09 09:12:05
1639041126100008000,288.0,1,287.0,9,288.0,21,1,2021-12-09 09:12:06
1639041128521354000,287.0,1,287.0,13,288.0,21,2,2021-12-09 09:12:08
1639041132059735000,287.0,1,287.0,13,288.0,23,2,2021-12-09 09:12:12
1639041134275604000,288.0,20,287.0,13,288.0,13,1,2021-12-09 09:12:14
1639041134344309000,287.0,1,287.0,12,288.0,13,2,2021-12-09 09:12:14
1639041135483563000,288.0,1,287.0,12,288.0,12,1,2021-12-09 09:12:15
1639041138001062000,287.0,2,287.0,12,288.0,12,2,2021-12-09 09:12:18
1639041143390062000,287.5,1,287.0,14,287.5,1,1,2021-12-09 09:12:23
1639041147111418000,287.5,1,287.0,14,288.0,18,1,2021-12-09 09:12:27
1639041166468425000,287.5,1,287.5,3,288.0,20,2,2021-12-09 09:12:46
1639041169300179000,287.5,3,287.0,20,287.5,1,2,2021-12-09 09:12:49
1639041170508035000,287.0,12,287.0,8,287.5,1,2,2021-12-09 09:12:50
1639041175753007000,287.0,3,287.0,5,287.5,3,2,2021-12-09 09:12:55
1639041177646982000,287.0,5,286.5,8,287.5,3,2,2021-12-09 09:12:57
1639041177913129000,286.5,5,286.5,3,287.5,9,2,2021-12-09 09:12:57
1639041177950591000,287.5,5,286.5,3,287.5,4,1,2021-12-09 09:12:57
1639041181489512000,287.5,13,286.5,4,287.5,1,1,2021-12-09 09:13:01
1639041182658380000,287.5,1,286.5,4,288.0,25,1,2021-12-09 09:13:02
1639041185704524000,287.5,3,286.5,5,288.0,25,2,2021-12-09 09:13:05
1639041190847584000,287.5,1,286.5,6,287.5,1,1,2021-12-09 09:13:10
1639041197239760000,287.5,1,286.5,7,287.5,1,1,2021-12-09 09:13:17
1639041198044713000,287.5,1,287.5,1,288.0,25,1,2021-12-09 09:13:18
1639041198328604000,287.5,1,286.5,7,288.0,25,2,2021-12-09 09:13:18
1639041206160617000,287.5,1,286.5,12,287.5,1,1,2021-12-09 09:13:26
1639041206245080000,287.0,1,286.5,12,287.5,1,2,2021-12-09 09:13:26
1639041210388662000,287.5,1,287.0,1,287.5,1,1,2021-12-09 09:13:30
1639041217500253000,287.5,2,287.0,3,288.0,25,1,2021-12-09 09:13:37
1639041221500184000,287.5,1,287.5,3,288.0,25,2,2021-12-09 09:13:41
1639041225502003000,287.5,2,287.5,1,288.0,25,2,2021-12-09 09:13:45
1639041228533272000,287.5,1,287.5,1,288.0,31,2,2021-12-09 09:13:48
1639041229101046000,287.5,1,287.0,8,288.0,31,2,2021-12-09 09:13:49
1639041231483960000,287.5,2,287.0,9,288.0,30,1,2021-12-09 09:13:51
1639041231483960000,288.0,1,287.0,9,288.0,30,1,2021-12-09 09:13:51
1639041235888807000,288.0,1,287.0,10,288.0,29,1,2021-12-09 09:13:55
1639041238127645000,287.5,1,287.0,10,288.0,30,2,2021-12-09 09:13:58
1639041238362910000,288.0,1,287.0,10,288.0,29,1,2021-12-09 09:13:58
1639041238885899000,288.0,1,287.0,10,288.0,28,1,2021-12-09 09:13:58
1639041243722346000,287.5,1,287.5,1,288.0,28,2,2021-12-09 09:14:03
1639041243733874000,288.0,1,287.5,1,288.0,27,1,2021-12-09 09:14:03
1639041247331936000,288.0,1,287.5,1,288.0,26,1,2021-12-09 09:14:07
1639041248125216000,287.5,1,287.0,10,287.5,1,2,2021-12-09 09:14:08
1639041248145760000,287.5,1,287.0,10,288.0,26,1,2021-12-09 09:14:08
1639041250076175000,287.5,1,287.0,11,288.0,26,2,2021-12-09 09:14:10
1639041264601665000,287.0,1,287.0,13,288.0,27,2,2021-12-09 09:14:24
1639041266287108000,287.0,1,287.0,12,287.5,1,2,2021-12-09 09:14:26
1639041266899711000,287.5,1,287.5,1,288.0,27,1,2021-12-09 09:14:26
1639041267225018000,287.5,1,287.0,12,288.0,27,2,2021-12-09 09:14:27
1639041274037288000,288.0,2,287.0,12,288.0,25,1,2021-12-09 09:14:34
1639041280398453000,287.5,1,287.5,1,288.0,26,2,2021-12-09 09:14:40
1639041284238646000,287.5,1,287.0,13,288.0,26,2,2021-12-09 09:14:44
1639041293373185000,287.5,1,287.0,14,288.0,26,2,2021-12-09 09:14:53
1639041299062076000,288.0,3,287.0,14,288.0,23,1,2021-12-09 09:14:59
1639041305529122000,287.5,1,287.0,16,288.0,23,2,2021-12-09 09:15:05
1639041309354064000,287.5,1,287.0,19,288.0,23,2,2021-12-09 09:15:09
1639041311445270000,288.0,1,287.5,3,288.0,22,1,2021-12-09 09:15:11
1639041311997112000,288.0,5,287.5,4,288.0,17,1,2021-12-09 09:15:11
1639041312028056000,288.0,2,287.5,4,288.0,15,1,2021-12-09 09:15:12
1639041320216674000,288.0,1,287.5,5,288.0,15,1,2021-12-09 09:15:20
1639041321117849000,288.0,1,287.5,5,288.0,14,1,2021-12-09 09:15:21
1639041321611688000,288.0,14,288.0,6,288.5,11,1,2021-12-09 09:15:21
1639041323832415000,288.0,1,288.0,5,288.5,11,2,2021-12-09 09:15:23
1639041327966989000,288.5,1,288.0,6,288.5,11,1,2021-12-09 09:15:27
1639041333527791000,288.5,1,288.0,8,288.5,10,1,2021-12-09 09:15:33
1639041333714295000,288.5,1,288.0,8,288.5,9,1,2021-12-09 09:15:33
1639041333755111000,288.5,9,288.0,8,289.0,24,1,2021-12-09 09:15:33
1639041335090528000,289.0,2,288.0,8,289.0,22,1,2021-12-09 09:15:35
1639041338585087000,289.0,1,288.0,9,289.0,21,1,2021-12-09 09:15:38
1639041338827438000,289.0,4,288.0,9,289.0,17,1,2021-12-09 09:15:38
1639041339214238000,289.0,4,288.0,9,289.0,13,1,2021-12-09 09:15:39
1639041342680072000,289.0,1,288.5,1,289.0,12,1,2021-12-09 09:15:42
1639041342756178000,289.0,1,288.5,1,289.0,11,1,2021-12-09 09:15:42
1639041343156837000,289.0,1,288.5,1,289.0,10,1,2021-12-09 09:15:43
1639041343550676000,289.0,1,288.5,1,289.0,9,1,2021-12-09 09:15:43
1639041343929984000,288.5,1,288.0,10,289.0,9,2,2021-12-09 09:15:43
1639041344293530000,289.0,1,288.0,9,289.0,8,1,2021-12-09 09:15:44
1639041344747525000,289.0,1,288.0,9,289.0,7,1,2021-12-09 09:15:44
1639041344926707000,289.0,1,288.0,9,289.0,6,1,2021-12-09 09:15:44
1639041346385477000,289.0,5,288.5,1,289.0,1,1,2021-12-09 09:15:46
1639041349160297000,289.0,1,288.5,1,289.5,10,1,2021-12-09 09:15:49
1639041350342228000,289.5,1,289.0,1,289.5,9,1,2021-12-09 09:15:50
1639041353090552000,289.5,1,289.0,2,289.5,9,1,2021-12-09 09:15:53
1639041357257882000,289.5,1,289.0,15,289.5,8,1,2021-12-09 09:15:57
1639041357642366000,289.5,1,289.0,15,289.5,7,1,2021-12-09 09:15:57
1639041357912501000,289.5,1,289.0,15,289.5,6,1,2021-12-09 09:15:57
1639041359430687000,289.5,1,289.0,15,289.5,5,1,2021-12-09 09:15:59
1639041364130135000,289.5,1,289.0,14,289.5,4,1,2021-12-09 09:16:04
1639041367293729000,289.5,1,289.0,13,289.5,3,1,2021-12-09 09:16:07
1639041367762977000,289.5,3,289.0,13,290.0,92,1,2021-12-09 09:16:07
1639041372324103000,289.5,1,289.0,14,290.0,92,2,2021-12-09 09:16:12
1639041373698375000,289.5,1,289.5,1,290.0,92,2,2021-12-09 09:16:13
1639041378084529000,289.5,1,289.5,1,290.0,92,2,2021-12-09 09:16:18
1639041382239552000,290.0,1,289.5,4,290.0,91,1,2021-12-09 09:16:22
1639041383353230000,290.0,4,289.5,4,290.0,87,1,2021-12-09 09:16:23
1639041385179499000,290.0,5,289.5,4,290.0,82,1,2021-12-09 09:16:25
1639041385338993000,290.0,1,289.5,4,290.0,81,1,2021-12-09 09:16:25
1639041389923775000,290.0,1,289.5,4,290.0,80,1,2021-12-09 09:16:29
1639041390644476000,290.0,33,289.5,4,290.0,47,1,2021-12-09 09:16:30
1639041392209783000,290.0,3,289.5,6,290.0,44,1,2021-12-09 09:16:32
1639041392486089000,290.0,5,289.5,6,290.0,39,1,2021-12-09 09:16:32
1639041392534252000,290.0,1,289.5,6,290.0,38,1,2021-12-09 09:16:32
1639041393280525000,290.0,1,289.5,7,290.0,38,1,2021-12-09 09:16:33
1639041393386069000,290.0,2,289.5,7,290.0,36,1,2021-12-09 09:16:33
1639041393450941000,289.5,1,289.5,6,290.0,36,2,2021-12-09 09:16:33
1639041393464051000,290.0,5,289.5,6,290.0,31,1,2021-12-09 09:16:33
1639041394780966000,290.0,1,289.5,7,290.0,30,1,2021-12-09 09:16:34
1639041395496398000,290.0,2,289.5,7,290.0,28,1,2021-12-09 09:16:35
1639041396851572000,290.0,1,289.5,7,290.0,27,1,2021-12-09 09:16:36
1639041396882322000,290.0,25,289.5,7,290.0,2,1,2021-12-09 09:16:36
1639041396913228000,290.0,2,289.5,7,290.5,7,1,2021-12-09 09:16:36
1639041398583855000,290.0,1,290.0,2,290.5,7,2,2021-12-09 09:16:38
1639041399431853000,290.5,1,290.0,3,290.5,6,1,2021-12-09 09:16:39
1639041401617184000,290.5,1,290.0,11,290.5,5,1,2021-12-09 09:16:41
1639041402558516000,290.5,1,290.0,11,290.5,4,1,2021-12-09 09:16:42
1639041404582770000,290.5,1,290.0,12,290.5,3,1,2021-12-09 09:16:44
1639041404797568000,290.5,1,290.0,13,290.5,2,1,2021-12-09 09:16:44
1639041406042366000,290.5,1,290.0,18,290.5,1,1,2021-12-09 09:16:46
1639041406619660000,290.5,1,290.0,18,291.0,18,1,2021-12-09 09:16:46
1639041407829252000,290.5,1,290.5,7,291.0,18,2,2021-12-09 09:16:47
1639041410029169000,290.5,9,290.0,19,290.5,1,2,2021-12-09 09:16:50
1639041410734113000,290.5,1,290.0,20,291.0,18,1,2021-12-09 09:16:50
1639041413276796000,291.0,1,290.5,2,291.0,27,1,2021-12-09 09:16:53
1639041416345863000,291.0,1,290.5,3,291.0,26,1,2021-12-09 09:16:56
1639041416348863000,290.5,2,290.5,1,291.0,26,2,2021-12-09 09:16:56
1639041417642653000,291.0,3,290.5,1,291.0,23,1,2021-12-09 09:16:57
1639041418420822000,291.0,1,290.5,1,291.0,24,1,2021-12-09 09:16:58
1639041418965975000,291.0,1,290.5,2,291.0,23,1,2021-12-09 09:16:58
1639041420687942000,290.5,1,290.5,4,291.0,23,2,2021-12-09 09:17:00
1639041420775587000,291.0,1,290.5,4,291.0,22,1,2021-12-09 09:17:00
1639041421599853000,291.0,1,290.5,4,291.0,21,1,2021-12-09 09:17:01
1639041422987580000,291.0,1,290.5,6,291.0,20,1,2021-12-09 09:17:02
1639041423468969000,291.0,20,290.5,7,291.5,3,1,2021-12-09 09:17:03
1639041424440683000,291.0,1,291.0,1,291.5,3,2,2021-12-09 09:17:04
1639041426664524000,291.5,1,291.0,3,291.5,2,1,2021-12-09 09:17:06
1639041429577681000,291.5,1,291.0,8,291.5,1,1,2021-12-09 09:17:09
1639041429909178000,291.5,1,291.0,9,291.5,1,1,2021-12-09 09:17:09
1639041430151773000,291.5,1,291.5,1,292.0,21,1,2021-12-09 09:17:10
1639041430250954000,292.0,1,291.5,2,292.0,20,1,2021-12-09 09:17:10
1639041430501189000,292.0,1,291.5,2,292.0,19,1,2021-12-09 09:17:10
1639041432894781000,291.5,2,291.5,1,292.0,19,2,2021-12-09 09:17:12
1639041433324464000,292.0,5,291.5,1,292.0,14,1,2021-12-09 09:17:13
1639041435214828000,292.0,1,291.5,1,292.0,13,1,2021-12-09 09:17:15
1639041435629036000,292.0,1,291.5,1,292.0,12,1,2021-12-09 09:17:15
1639041435934393000,292.0,2,291.5,1,292.0,10,1,2021-12-09 09:17:15
1639041437046776000,292.0,2,291.5,2,292.0,8,1,2021-12-09 09:17:17
1639041437324682000,292.0,1,291.5,2,292.0,7,1,2021-12-09 09:17:17
1639041437505899000,292.0,3,291.5,3,292.0,4,1,2021-12-09 09:17:17
1639041437622019000,292.0,4,292.0,1,292.5,3,1,2021-12-09 09:17:17
1639041439162573000,292.5,1,292.0,3,292.5,2,1,2021-12-09 09:17:19
1639041439401436000,292.5,1,292.0,3,292.5,1,1,2021-12-09 09:17:19
1639041439607786000,292.5,1,292.0,3,293.0,41,1,2021-12-09 09:17:19
1639041441273157000,293.0,1,292.0,5,293.0,40,1,2021-12-09 09:17:21
1639041444293778000,293.0,1,292.5,1,293.0,49,1,2021-12-09 09:17:24
1639041444374692000,293.0,1,292.5,1,293.0,48,1,2021-12-09 09:17:24
1639041445927367000,293.0,1,292.5,4,293.0,47,1,2021-12-09 09:17:25
1639041446689226000,293.0,1,292.5,4,293.0,46,1,2021-12-09 09:17:26
1639041447033655000,293.0,1,292.5,4,293.0,45,1,2021-12-09 09:17:27
1639041447112089000,292.5,2,292.5,2,293.0,45,2,2021-12-09 09:17:27
1639041447639217000,293.0,1,292.5,2,293.0,44,1,2021-12-09 09:17:27
1639041448546041000,292.5,1,292.5,1,293.0,44,2,2021-12-09 09:17:28
1639041449037855000,293.0,1,292.5,1,293.0,43,1,2021-12-09 09:17:29
1639041449322001000,293.0,1,292.5,1,293.0,42,1,2021-12-09 09:17:29
1639041449341230000,293.0,2,292.5,1,293.0,40,1,2021-12-09 09:17:29
1639041450276051000,293.0,12,292.5,1,293.0,28,1,2021-12-09 09:17:30
1639041450395205000,293.0,1,292.5,1,293.0,27,1,2021-12-09 09:17:30
1639041451618957000,293.0,1,292.5,2,293.0,26,1,2021-12-09 09:17:31
1639041452841689000,293.0,2,292.5,3,293.0,24,1,2021-12-09 09:17:32
1639041453473906000,293.0,3,292.5,4,293.0,21,1,2021-12-09 09:17:33
1639041453960403000,293.0,3,292.5,5,293.0,18,1,2021-12-09 09:17:33
1639041454343402000,293.0,5,292.5,5,293.0,13,1,2021-12-09 09:17:34
1639041454397948000,293.0,1,292.5,5,293.0,12,1,2021-12-09 09:17:34
1639041454495532000,293.0,1,292.5,5,293.0,11,1,2021-12-09 09:17:34
1639041455071895000,293.0,1,292.5,5,293.0,10,1,2021-12-09 09:17:35
1639041455327633000,293.0,1,292.5,5,293.0,9,1,2021-12-09 09:17:35
1639041455850329000,293.0,1,292.5,6,293.0,8,1,2021-12-09 09:17:35
1639041455942763000,293.0,6,292.5,6,293.0,2,1,2021-12-09 09:17:35
1639041455974514000,293.0,2,292.5,6,293.5,13,1,2021-12-09 09:17:35
1639041457013116000,293.5,1,293.0,14,293.5,12,1,2021-12-09 09:17:37
1639041461191241000,293.5,10,293.0,16,293.5,2,1,2021-12-09 09:17:41
1639041461622838000,293.0,1,293.0,15,293.5,2,2,2021-12-09 09:17:41
1639041461776455000,293.5,1,293.0,17,293.5,4,1,2021-12-09 09:17:41
1639041461986817000,293.5,1,293.0,17,293.5,3,1,2021-12-09 09:17:41
1639041462490586000,293.5,1,293.0,17,293.5,2,1,2021-12-09 09:17:42
1639041462504745000,293.5,2,293.5,1,294.0,9,1,2021-12-09 09:17:42
1639041463404186000,294.0,2,293.5,3,294.0,7,1,2021-12-09 09:17:43
1639041464118763000,294.0,1,293.5,4,294.0,6,1,2021-12-09 09:17:44
1639041464203803000,294.0,5,293.5,4,294.0,1,1,2021-12-09 09:17:44
1639041466372886000,294.0,1,293.5,11,294.5,7,1,2021-12-09 09:17:46
1639041466443798000,293.5,1,293.5,10,294.5,7,2,2021-12-09 09:17:46
1639041469559087000,294.0,1,294.0,3,294.5,7,1,2021-12-09 09:17:49
1639041469854807000,294.0,1,294.0,2,294.5,7,2,2021-12-09 09:17:49
1639041470489088000,294.5,1,294.0,3,294.5,6,1,2021-12-09 09:17:50
1639041473239830000,294.5,1,294.0,5,294.5,7,1,2021-12-09 09:17:53
1639041475978689000,294.0,1,294.0,9,294.5,17,2,2021-12-09 09:17:55
1639041476216209000,294.0,9,293.5,12,294.5,17,2,2021-12-09 09:17:56
1639041476427998000,294.5,1,293.5,12,294.5,17,1,2021-12-09 09:17:56
1639041476767445000,294.0,1,293.5,12,294.0,9,2,2021-12-09 09:17:56
1639041477049005000,294.0,1,293.5,12,294.0,8,1,2021-12-09 09:17:57
1639041477085797000,294.0,1,293.5,12,294.0,7,1,2021-12-09 09:17:57
1639041477131894000,294.0,1,293.5,12,294.0,6,1,2021-12-09 09:17:57
1639041477357959000,294.0,1,293.5,12,294.0,7,1,2021-12-09 09:17:57
1639041477388157000,294.0,1,293.5,12,294.0,6,1,2021-12-09 09:17:57
1639041477486831000,294.0,1,293.5,12,294.0,5,1,2021-12-09 09:17:57
1639041477569100000,294.0,1,293.5,12,294.0,4,1,2021-12-09 09:17:57
1639041477688158000,294.0,1,293.5,12,294.0,3,1,2021-12-09 09:17:57
1639041478895978000,294.0,1,293.5,12,294.0,8,1,2021-12-09 09:17:58
1639041478996030000,293.5,1,293.5,11,294.0,8,2,2021-12-09 09:17:58
1639041479213758000,293.5,11,293.5,1,294.0,8,2,2021-12-09 09:17:59
1639041480220125000,293.5,1,293.0,10,293.5,1,2,2021-12-09 09:18:00
1639041481259848000,293.0,1,293.0,9,293.5,3,2,2021-12-09 09:18:01
1639041481286282000,293.0,5,293.0,4,293.5,3,2,2021-12-09 09:18:01
1639041481317007000,293.0,4,292.5,4,293.5,4,2,2021-12-09 09:18:01
1639041481349859000,292.5,1,292.5,3,293.5,4,2,2021-12-09 09:18:01
1639041481619772000,293.5,2,292.5,3,293.5,6,1,2021-12-09 09:18:01
1639041482488367000,293.0,1,292.5,3,293.5,8,2,2021-12-09 09:18:02
1639041483480872000,293.5,1,292.5,3,293.5,7,1,2021-12-09 09:18:03
1639041484223927000,292.5,1,292.5,3,293.5,7,2,2021-12-09 09:18:04
1639041486980063000,293.0,1,292.5,4,293.0,3,1,2021-12-09 09:18:06
1639041487463032000,293.0,5,292.5,4,293.5,6,1,2021-12-09 09:18:07
1639041487463032000,293.5,3,292.5,4,293.5,6,1,2021-12-09 09:18:07
1639041489385383000,293.5,1,292.5,4,293.5,5,1,2021-12-09 09:18:09
1639041493845502000,293.5,1,293.0,3,293.5,8,1,2021-12-09 09:18:13
1639041494439022000,293.5,1,293.0,3,293.5,3,1,2021-12-09 09:18:14
1639041495092223000,293.0,5,293.0,10,293.5,3,2,2021-12-09 09:18:15
1639041497783470000,293.5,1,293.0,11,293.5,7,1,2021-12-09 09:18:17
1639041500278189000,293.5,1,293.0,14,293.5,9,1,2021-12-09 09:18:20
1639041502612233000,293.5,1,293.0,15,293.5,7,1,2021-12-09 09:18:22
1639041506648267000,293.5,10,293.0,15,293.5,2,1,2021-12-09 09:18:26
1639041507645003000,293.5,2,293.5,3,294.0,15,1,2021-12-09 09:18:27
1639041509009226000,294.0,1,293.5,3,294.0,15,1,2021-12-09 09:18:29
1639041511447148000,293.5,5,293.5,1,294.0,10,2,2021-12-09 09:18:31
1639041512063312000,293.5,1,293.0,21,294.0,10,2,2021-12-09 09:18:32
1639041512063312000,293.0,1,293.0,21,294.0,10,2,2021-12-09 09:18:32
1639041512832907000,293.5,1,293.0,21,294.0,10,1,2021-12-09 09:18:32
1639041512832907000,294.0,1,293.0,21,294.0,10,1,2021-12-09 09:18:32
1639041514067387000,294.0,2,293.0,21,294.0,8,1,2021-12-09 09:18:34
1639041518479850000,294.0,1,293.5,1,294.0,10,1,2021-12-09 09:18:38
1639041519567068000,293.5,1,293.0,21,293.5,9,2,2021-12-09 09:18:39
1639041521923709000,293.5,1,293.0,22,293.5,8,1,2021-12-09 09:18:41
1639041522048414000,293.5,1,293.0,22,293.5,7,1,2021-12-09 09:18:42
1639041522839810000,293.5,1,293.0,22,293.5,6,1,2021-12-09 09:18:42
1639041523760591000,293.5,6,293.5,4,294.0,9,1,2021-12-09 09:18:43
1639041525392879000,293.5,4,293.5,2,294.0,9,2,2021-12-09 09:18:45
1639041531477174000,294.0,1,293.5,4,294.0,11,1,2021-12-09 09:18:51
1639041533029588000,294.0,1,293.5,5,294.0,9,1,2021-12-09 09:18:53
1639041534058215000,294.0,5,293.5,5,294.0,4,1,2021-12-09 09:18:54
1639041534091024000,294.0,4,293.5,5,294.5,23,1,2021-12-09 09:18:54
1639041535515102000,294.5,1,293.5,5,294.5,22,1,2021-12-09 09:18:55
1639041535735968000,293.5,1,293.5,4,294.5,21,2,2021-12-09 09:18:55
1639041540560844000,294.5,1,294.0,2,294.5,20,1,2021-12-09 09:19:00
1639041540819117000,294.5,2,294.0,2,294.5,17,1,2021-12-09 09:19:00
1639041543195340000,294.5,2,294.0,3,294.5,15,1,2021-12-09 09:19:03
1639041544403003000,294.5,2,294.0,3,294.5,13,1,2021-12-09 09:19:04
1639041546241825000,294.0,1,294.0,3,294.5,13,2,2021-12-09 09:19:06
1639041550747739000,294.5,1,294.0,3,294.5,15,1,2021-12-09 09:19:10
1639041551095028000,294.5,5,294.0,3,294.5,10,1,2021-12-09 09:19:11
1639041551749901000,294.5,1,294.0,4,294.5,10,1,2021-12-09 09:19:11
1639041552460290000,294.5,1,294.0,4,294.5,9,1,2021-12-09 09:19:12
1639041553443646000,294.5,1,294.0,7,294.5,8,1,2021-12-09 09:19:13
1639041553873644000,294.5,1,294.0,7,294.5,7,1,2021-12-09 09:19:13
1639041554834553000,294.0,1,294.0,6,294.5,7,2,2021-12-09 09:19:14
1639041558157027000,294.0,1,294.0,6,294.5,7,2,2021-12-09 09:19:18
1639041562440358000,294.0,10,294.0,2,294.5,8,2,2021-12-09 09:19:22
1639041565913032000,294.0,1,294.0,4,294.5,10,2,2021-12-09 09:19:25
1639041566435848000,294.0,1,294.0,3,294.5,10,2,2021-12-09 09:19:26
1639041566667669000,294.0,3,293.5,9,294.5,10,2,2021-12-09 09:19:26
1639041569258293000,294.0,2,293.5,9,294.0,3,1,2021-12-09 09:19:29
1639041570297301000,294.0,1,293.5,9,294.5,10,2,2021-12-09 09:19:30
1639041571581418000,294.0,1,293.5,9,294.5,10,2,2021-12-09 09:19:31
1639041572002070000,294.0,1,293.5,9,294.5,10,2,2021-12-09 09:19:32
1639041572860177000,294.0,1,293.5,9,294.5,11,2,2021-12-09 09:19:32
1639041578856122000,294.0,1,293.5,9,294.0,1,1,2021-12-09 09:19:38
1639041579032326000,294.0,1,293.5,9,294.5,11,1,2021-12-09 09:19:39
1639041579603411000,294.5,1,293.5,9,294.5,11,1,2021-12-09 09:19:39
1639041583454314000,294.5,1,294.0,2,294.5,9,1,2021-12-09 09:19:43
1639041586597222000,294.0,1,294.0,4,294.5,9,2,2021-12-09 09:19:46
1639041586879580000,294.0,1,294.0,3,294.5,9,2,2021-12-09 09:19:46
1639041590611766000,294.5,1,294.0,4,294.5,10,1,2021-12-09 09:19:50
1639041597013221000,294.0,2,294.0,8,294.5,10,2,2021-12-09 09:19:57
1639041600582405000,294.0,7,294.0,1,294.5,14,2,2021-12-09 09:20:00
1639041601641072000,294.0,1,294.0,1,294.5,13,2,2021-12-09 09:20:01
1639041601866181000,294.0,1,294.0,3,294.5,13,2,2021-12-09 09:20:01
1639041603070316000,294.5,3,294.0,3,294.5,10,1,2021-12-09 09:20:03
1639041606112684000,294.0,2,294.0,2,294.5,10,2,2021-12-09 09:20:06
1639041607325867000,294.0,1,294.0,3,294.5,10,2,2021-12-09 09:20:07
1639041607359974000,294.0,1,294.0,2,294.5,10,2,2021-12-09 09:20:07
1639041609817983000,294.0,1,294.0,1,294.5,10,2,2021-12-09 09:20:09
1639041610035973000,294.0,1,293.5,11,294.5,10,2,2021-12-09 09:20:10
1639041611414790000,293.5,1,293.5,10,294.5,11,2,2021-12-09 09:20:11
1639041614118105000,293.5,1,293.5,9,294.5,11,2,2021-12-09 09:20:14
1639041614485563000,294.0,1,293.5,9,294.0,10,1,2021-12-09 09:20:14
1639041619397073000,294.0,1,293.5,9,294.0,11,1,2021-12-09 09:20:19
1639041627915442000,294.0,1,293.5,12,294.0,13,1,2021-12-09 09:20:27
1639041630312760000,294.0,1,293.5,12,294.0,13,1,2021-12-09 09:20:30
1639041632912212000,294.0,2,293.5,12,294.0,11,1,2021-12-09 09:20:32
1639041635007045000,294.0,1,293.5,11,294.0,10,1,2021-12-09 09:20:35
1639041637720646000,294.0,1,293.5,11,294.0,9,1,2021-12-09 09:20:37
1639041638764079000,294.0,1,293.5,11,294.0,8,1,2021-12-09 09:20:38
1639041638851457000,293.5,2,293.5,9,294.0,8,2,2021-12-09 09:20:38
1639041639108178000,293.5,1,293.5,8,294.0,8,2,2021-12-09 09:20:39
1639041642685065000,293.5,1,293.5,7,294.0,7,2,2021-12-09 09:20:42
1639041643877325000,294.0,1,293.5,7,294.0,8,1,2021-12-09 09:20:43
1639041647474786000,294.0,2,293.5,7,294.0,7,1,2021-12-09 09:20:47
1639041656213954000,294.0,2,293.5,7,294.0,8,1,2021-12-09 09:20:56
1639041663171137000,294.0,5,293.5,8,294.0,3,1,2021-12-09 09:21:03
1639041663650522000,294.0,1,293.5,8,294.0,2,1,2021-12-09 09:21:03
1639041668854937000,294.0,1,293.5,9,294.0,2,1,2021-12-09 09:21:08
1639041670022812000,294.0,1,293.5,9,294.0,1,1,2021-12-09 09:21:10
1639041670327241000,294.0,1,293.5,9,294.5,19,1,2021-12-09 09:21:10
1639041671490728000,294.0,1,293.5,9,294.0,1,1,2021-12-09 09:21:11
1639041672892614000,294.0,1,294.0,1,294.5,19,1,2021-12-09 09:21:12
1639041675193951000,294.0,1,293.5,10,294.5,18,2,2021-12-09 09:21:15
1639041677077490000,294.0,2,294.0,1,294.5,18,2,2021-12-09 09:21:17
1639041678164570000,294.0,1,294.0,1,294.5,19,2,2021-12-09 09:21:18
1639041678728251000,294.5,1,294.0,1,294.5,18,1,2021-12-09 09:21:18
1639041682211425000,294.0,1,294.0,1,294.5,18,2,2021-12-09 09:21:22
1639041682407455000,294.5,1,294.0,1,294.5,17,1,2021-12-09 09:21:22
1639041685591879000,294.0,1,294.0,1,294.5,18,2,2021-12-09 09:21:25
1639041693153299000,294.5,2,294.0,2,294.5,23,1,2021-12-09 09:21:33
1639041693211117000,294.0,2,293.5,11,294.5,23,2,2021-12-09 09:21:33
1639041695008167000,294.0,3,293.5,11,294.5,23,2,2021-12-09 09:21:35
1639041705123006000,294.0,1,293.5,11,294.0,1,1,2021-12-09 09:21:45
1639041707261600000,293.5,1,293.5,10,294.0,3,2,2021-12-09 09:21:47
1639041707498759000,293.5,4,293.5,6,294.0,3,2,2021-12-09 09:21:47
1639041708855066000,293.5,5,293.5,1,294.0,6,2,2021-12-09 09:21:48
1639041708885733000,293.5,1,293.0,19,294.0,6,2,2021-12-09 09:21:48
1639041709301212000,293.0,4,293.0,15,294.0,10,2,2021-12-09 09:21:49
1639041714734890000,293.5,1,293.0,16,294.0,15,1,2021-12-09 09:21:54
1639041715170011000,293.0,4,293.0,12,294.0,13,2,2021-12-09 09:21:55
1639041723328867000,293.0,1,293.0,10,293.5,1,2,2021-12-09 09:22:03
1639041725056470000,293.0,1,293.0,10,293.5,1,2,2021-12-09 09:22:05
1639041727283700000,293.0,10,292.5,3,293.5,1,2,2021-12-09 09:22:07
1639041729809231000,293.0,1,292.5,3,293.5,1,1,2021-12-09 09:22:09
1639041733804541000,292.5,3,292.0,10,293.0,1,2,2021-12-09 09:22:13
1639041741152139000,292.5,1,292.0,10,293.0,1,1,2021-12-09 09:22:21
1639041750368681000,292.5,1,292.5,7,293.0,5,1,2021-12-09 09:22:30
1639041753068442000,292.5,1,292.5,6,293.0,7,2,2021-12-09 09:22:33
1639041753596147000,292.5,2,292.5,4,293.0,7,2,2021-12-09 09:22:33
1639041757098243000,292.5,1,292.5,3,293.0,7,2,2021-12-09 09:22:37
1639041757627248000,292.5,1,292.5,2,293.0,7,2,2021-12-09 09:22:37
1639041759715307000,292.5,1,292.5,1,293.0,10,2,2021-12-09 09:22:39
1639041764678632000,292.5,1,292.0,13,293.0,10,2,2021-12-09 09:22:44
1639041766797650000,292.5,1,292.0,13,292.5,10,1,2021-12-09 09:22:46
1639041768987047000,292.0,1,292.0,12,292.5,10,2,2021-12-09 09:22:48
1639041772420765000,292.0,1,292.0,10,292.5,12,2,2021-12-09 09:22:52
1639041777014510000,292.0,1,292.0,9,292.5,17,2,2021-12-09 09:22:57
1639041777710164000,292.0,1,292.0,8,292.5,17,2,2021-12-09 09:22:57
1639041778403951000,292.0,1,292.0,7,292.5,17,2,2021-12-09 09:22:58
1639041778576560000,292.0,1,292.0,6,292.5,17,2,2021-12-09 09:22:58
1639041778641306000,292.0,3,292.0,3,292.5,17,2,2021-12-09 09:22:58
1639041780411129000,292.0,2,292.0,1,292.5,17,2,2021-12-09 09:23:00
1639041780711171000,292.0,1,291.5,3,292.5,17,2,2021-12-09 09:23:00
1639041781408846000,291.5,1,291.5,2,292.5,16,2,2021-12-09 09:23:01
1639041786412876000,292.0,2,291.5,2,292.0,2,1,2021-12-09 09:23:06
1639041789788375000,291.5,1,291.5,1,292.0,2,2,2021-12-09 09:23:09
1639041796271004000,291.5,1,291.5,1,292.0,4,2,2021-12-09 09:23:16
1639041797951211000,291.5,1,291.0,9,291.5,4,2,2021-12-09 09:23:17
1639041800476797000,291.0,9,290.5,7,291.0,1,2,2021-12-09 09:23:20
1639041809811456000,290.5,1,290.5,4,291.0,2,2,2021-12-09 09:23:29
1639041815552525000,290.5,6,290.0,10,291.0,5,2,2021-12-09 09:23:35
1639041815552525000,290.0,14,290.0,10,291.0,5,2,2021-12-09 09:23:35
1639041816006430000,290.0,1,290.0,9,291.0,5,2,2021-12-09 09:23:36
1639041821220726000,290.0,1,290.0,7,290.5,3,2,2021-12-09 09:23:41
1639041822426421000,290.0,3,290.0,4,290.5,3,2,2021-12-09 09:23:42
1639041822871275000,290.5,1,290.0,4,290.5,2,1,2021-12-09 09:23:42
1639041826071131000,290.0,1,290.0,3,290.5,4,2,2021-12-09 09:23:46
1639041826081810000,290.0,2,290.0,1,290.5,4,2,2021-12-09 09:23:46
1639041826100273000,290.0,1,289.5,3,290.0,5,2,2021-12-09 09:23:46
1639041827520344000,290.0,1,289.5,3,290.0,5,1,2021-12-09 09:23:47
1639041830189377000,289.5,1,289.5,2,290.0,7,2,2021-12-09 09:23:50
1639041833574732000,289.5,1,289.5,1,290.0,11,2,2021-12-09 09:23:53
1639041834173271000,289.5,1,289.5,1,290.0,11,2,2021-12-09 09:23:54
1639041836923645000,289.5,1,289.0,4,290.0,10,2,2021-12-09 09:23:56
1639041839271327000,290.0,1,289.0,7,290.0,9,1,2021-12-09 09:23:59
1639041839476572000,290.0,1,289.0,7,290.0,8,1,2021-12-09 09:23:59
1639041842644574000,289.5,1,289.5,4,290.0,7,2,2021-12-09 09:24:02
1639041843833517000,290.0,1,289.0,7,290.0,16,1,2021-12-09 09:24:03
1639041844980049000,290.0,1,289.0,6,290.0,19,1,2021-12-09 09:24:04
1639041853481033000,290.0,1,289.5,5,290.0,21,1,2021-12-09 09:24:13
1639041866118904000,289.5,1,289.5,5,290.0,22,2,2021-12-09 09:24:26
1639041869794038000,289.5,1,289.5,5,290.0,23,2,2021-12-09 09:24:29
1639041875601995000,289.5,1,289.5,5,290.0,23,2,2021-12-09 09:24:35
1639041876135794000,290.0,1,289.5,5,290.0,22,1,2021-12-09 09:24:36
1639041877780541000,289.5,3,289.5,3,290.0,22,2,2021-12-09 09:24:37
1639041888886063000,290.0,5,289.5,8,290.0,17,1,2021-12-09 09:24:48
1639041888916679000,290.0,5,289.5,8,290.0,12,1,2021-12-09 09:24:48
1639041889118311000,290.0,4,289.5,8,290.0,8,1,2021-12-09 09:24:49
1639041889146100000,290.0,1,289.5,12,290.0,7,1,2021-12-09 09:24:49
1639041889523116000,290.0,3,289.5,8,290.0,4,1,2021-12-09 09:24:49
1639041889551454000,290.0,4,289.5,8,290.5,4,1,2021-12-09 09:24:49
1639041889995809000,289.5,1,289.5,11,290.5,4,2,2021-12-09 09:24:49
1639041891874074000,290.0,1,289.5,8,290.5,4,1,2021-12-09 09:24:51
1639041893726645000,289.5,1,289.5,7,290.5,4,2,2021-12-09 09:24:53
1639041898561380000,290.5,1,290.0,2,290.5,3,1,2021-12-09 09:24:58
1639041902501583000,290.5,1,290.0,4,290.5,2,1,2021-12-09 09:25:02
1639041903114903000,290.5,1,290.0,4,290.5,1,1,2021-12-09 09:25:03
1639041903662743000,290.5,1,290.0,4,291.0,7,1,2021-12-09 09:25:03
1639041907801450000,291.0,1,290.0,5,291.0,6,1,2021-12-09 09:25:07
1639041910499865000,290.5,1,290.0,4,291.0,6,2,2021-12-09 09:25:10
1639041913354174000,290.0,1,290.0,4,291.0,6,2,2021-12-09 09:25:13
1639041914547365000,291.0,2,290.5,1,291.0,4,1,2021-12-09 09:25:14
1639041917512637000,290.5,1,290.0,4,290.5,1,2,2021-12-09 09:25:17
1639041922003952000,290.5,1,290.0,5,291.0,4,1,2021-12-09 09:25:22
1639041922945414000,291.0,1,290.5,1,291.0,3,1,2021-12-09 09:25:22
1639041925045189000,291.0,1,290.5,1,291.0,2,1,2021-12-09 09:25:25
1639041928491836000,291.0,1,290.5,1,291.0,1,1,2021-12-09 09:25:28
1639041931741037000,291.0,1,290.5,2,291.5,4,1,2021-12-09 09:25:31
1639041935242625000,291.0,1,290.5,2,291.0,1,1,2021-12-09 09:25:35
1639041936628207000,290.5,1,290.5,1,291.0,1,2,2021-12-09 09:25:36
1639041950298339000,290.5,6,290.0,9,290.5,8,2,2021-12-09 09:25:50
1639041950594846000,290.0,1,290.0,8,290.5,12,2,2021-12-09 09:25:50
1639041950829581000,290.0,8,289.5,13,290.5,12,2,2021-12-09 09:25:50
1639041956992988000,290.5,1,289.5,13,290.5,7,1,2021-12-09 09:25:56
1639041957780479000,290.5,7,290.5,9,291.0,7,1,2021-12-09 09:25:57
1639041966960327000,290.5,1,290.5,8,291.0,4,2,2021-12-09 09:26:06
1639041967202887000,290.5,8,290.0,4,291.0,4,2,2021-12-09 09:26:07
1639041967630211000,290.0,1,290.0,3,291.0,4,2,2021-12-09 09:26:07
1639041974851116000,290.5,1,290.0,4,291.0,5,1,2021-12-09 09:26:14
1639041984815216000,290.5,1,290.0,5,291.0,5,2,2021-12-09 09:26:24
1639042001096013000,290.5,1,290.0,7,291.0,5,2,2021-12-09 09:26:41
1639042011806113000,290.0,1,290.0,7,291.0,5,2,2021-12-09 09:26:51
1639042012133540000,290.5,2,290.0,7,291.0,5,1,2021-12-09 09:26:52
1639042013489894000,291.0,1,290.5,3,291.0,4,1,2021-12-09 09:26:53
1639042021335597000,291.0,1,290.5,6,291.0,6,1,2021-12-09 09:27:01
1639042029540584000,290.5,1,290.5,7,291.0,6,2,2021-12-09 09:27:09
1639042031025404000,290.5,2,290.5,5,291.0,6,2,2021-12-09 09:27:11
1639042031989452000,291.0,1,290.5,5,291.0,6,1,2021-12-09 09:27:11
1639042043862663000,291.0,1,290.5,8,291.0,5,1,2021-12-09 09:27:23
1639042045616865000,290.5,1,290.5,7,291.0,5,2,2021-12-09 09:27:25
1639042046506681000,291.0,1,290.5,7,291.0,4,1,2021-12-09 09:27:26
1639042050572340000,291.0,1,290.5,6,291.0,5,1,2021-12-09 09:27:30
1639042050869387000,291.0,3,290.5,6,291.0,2,1,2021-12-09 09:27:30
1639042053477527000,291.0,1,290.5,6,291.0,1,1,2021-12-09 09:27:33
1639042054815959000,291.0,1,290.5,6,291.5,15,1,2021-12-09 09:27:34
1639042059071387000,291.0,1,290.5,6,291.5,15,1,2021-12-09 09:27:39
1639042080897788000,291.5,10,291.0,9,291.5,5,1,2021-12-09 09:28:00
1639042083217227000,291.5,4,291.0,9,291.5,1,1,2021-12-09 09:28:03
1639042084079573000,291.5,1,291.0,9,292.0,8,1,2021-12-09 09:28:04
1639042087171090000,291.0,1,291.0,9,292.0,8,2,2021-12-09 09:28:07
1639042105158110000,291.5,1,291.0,12,292.0,9,1,2021-12-09 09:28:25
1639042119922128000,291.5,1,291.0,12,292.0,9,1,2021-12-09 09:28:39
1639042126913579000,291.0,1,291.0,14,292.0,9,2,2021-12-09 09:28:46
1639042140590202000,292.0,1,291.0,14,292.0,8,1,2021-12-09 09:29:00
1639042147493016000,291.0,3,291.0,11,292.0,8,2,2021-12-09 09:29:07
1639042150024841000,292.0,1,291.0,11,292.0,7,1,2021-12-09 09:29:10
1639042156835920000,292.0,1,291.0,11,292.0,11,1,2021-12-09 09:29:16
1639042165187412000,292.0,1,291.5,1,292.0,10,1,2021-12-09 09:29:25
1639042167595258000,292.0,1,291.5,2,292.0,9,1,2021-12-09 09:29:27
1639042174925870000,291.5,1,291.5,2,292.0,9,2,2021-12-09 09:29:34
1639042186962816000,292.0,1,291.5,5,292.0,9,1,2021-12-09 09:29:46
1639042194584056000,292.0,1,291.5,5,292.0,8,1,2021-12-09 09:29:54
1639042201040305000,292.0,1,291.5,5,292.0,7,1,2021-12-09 09:30:01
1639042209285643000,292.0,1,291.5,6,292.0,7,1,2021-12-09 09:30:09
1639042212574817000,292.0,1,291.5,6,292.0,6,1,2021-12-09 09:30:12
1639042217538823000,291.5,2,291.5,4,292.0,6,2,2021-12-09 09:30:17
1639042221192995000,291.5,1,291.5,5,292.0,6,2,2021-12-09 09:30:21
1639042224372804000,291.5,3,291.5,2,292.0,6,2,2021-12-09 09:30:24
1639042257233531000,291.5,1,291.5,1,292.0,10,2,2021-12-09 09:30:57
1639042259734662000,291.5,1,291.0,12,292.0,9,2,2021-12-09 09:30:59
1639042268469604000,291.0,2,291.0,10,291.5,2,2,2021-12-09 09:31:08
1639042269074772000,291.0,10,290.5,9,291.5,6,2,2021-12-09 09:31:09
1639042275863110000,290.5,5,290.5,4,291.0,8,2,2021-12-09 09:31:15
1639042275893795000,290.5,4,290.0,28,291.0,8,2,2021-12-09 09:31:15
1639042276433008000,291.0,4,290.0,28,291.0,2,1,2021-12-09 09:31:16
1639042282861697000,290.5,2,290.0,28,291.0,3,2,2021-12-09 09:31:22
1639042290951715000,291.0,1,290.5,2,291.0,3,1,2021-12-09 09:31:30
1639042296393953000,291.0,1,290.5,2,291.0,2,1,2021-12-09 09:31:36
1639042297471673000,291.0,1,290.5,2,291.0,2,1,2021-12-09 09:31:37
1639042311196132000,291.0,3,290.5,3,291.5,2,1,2021-12-09 09:31:51
1639042312100244000,290.5,2,290.5,1,291.0,1,2,2021-12-09 09:31:52
1639042318224028000,290.5,1,290.5,3,291.0,1,2,2021-12-09 09:31:58
1639042319101063000,291.0,1,290.5,3,291.5,1,1,2021-12-09 09:31:59
1639042334570081000,291.0,1,290.5,3,291.0,4,2,2021-12-09 09:32:14
1639042364921235000,290.5,1,290.5,7,291.0,8,2,2021-12-09 09:32:44
1639042368327761000,291.0,1,290.5,7,291.0,7,1,2021-12-09 09:32:48
1639042369412330000,290.5,2,290.5,5,291.0,7,2,2021-12-09 09:32:49
1639042372539478000,291.0,1,290.5,5,291.0,6,1,2021-12-09 09:32:52
1639042373203369000,290.5,5,290.0,41,291.0,6,2,2021-12-09 09:32:53
1639042384536503000,290.0,10,290.0,33,290.5,1,2,2021-12-09 09:33:04
1639042385139646000,290.5,1,290.0,133,291.0,6,1,2021-12-09 09:33:05
1639042397939140000,291.0,2,290.5,3,291.0,6,1,2021-12-09 09:33:17
1639042397966877000,291.0,5,290.5,3,291.0,1,1,2021-12-09 09:33:17
1639042397990017000,291.0,1,290.5,3,291.5,11,1,2021-12-09 09:33:17
1639042398020588000,291.5,2,290.5,3,291.5,9,1,2021-12-09 09:33:18
1639042414606156000,291.0,1,291.0,4,291.5,9,2,2021-12-09 09:33:34
1639042416254239000,291.0,1,291.0,3,291.5,9,2,2021-12-09 09:33:36
1639042420728258000,291.5,1,291.0,5,291.5,9,1,2021-12-09 09:33:40
1639042440546295000,291.5,9,291.5,1,292.0,15,1,2021-12-09 09:34:00
1639042442258791000,291.5,1,291.0,8,292.0,15,2,2021-12-09 09:34:02
1639042454187825000,291.5,1,291.0,8,291.5,1,2,2021-12-09 09:34:14
1639042454417073000,291.5,1,291.0,8,292.0,15,1,2021-12-09 09:34:14
1639042467513108000,291.5,1,291.0,8,292.0,15,2,2021-12-09 09:34:27
1639042469565617000,291.0,1,291.0,7,292.0,15,2,2021-12-09 09:34:29
1639042472446893000,291.0,7,290.5,7,291.5,5,2,2021-12-09 09:34:32
1639042485487403000,291.0,1,291.0,1,291.5,8,2,2021-12-09 09:34:45
1639042486615721000,291.0,1,290.5,5,291.5,8,2,2021-12-09 09:34:46
1639042499338467000,291.0,1,290.5,6,291.5,9,2,2021-12-09 09:34:59
1639042503069094000,290.5,1,290.5,5,291.0,1,2,2021-12-09 09:35:03
1639042521228081000,290.5,3,290.5,2,291.0,2,2,2021-12-09 09:35:21
1639042523191589000,290.5,1,290.5,1,291.0,3,2,2021-12-09 09:35:23
1639042537885703000,290.5,1,290.5,3,291.0,4,2,2021-12-09 09:35:37
1639042542056512000,291.0,3,290.5,4,291.0,1,1,2021-12-09 09:35:42
1639042548512251000,290.5,5,290.0,148,291.0,1,2,2021-12-09 09:35:48
1639042548512251000,290.0,15,290.0,148,291.0,1,2,2021-12-09 09:35:48
1639042549494195000,291.0,1,290.0,148,291.5,5,1,2021-12-09 09:35:49
1639042571195048000,290.5,1,290.5,3,291.0,6,2,2021-12-09 09:36:11
1639042577499381000,290.5,1,290.5,2,291.0,7,2,2021-12-09 09:36:17
1639042580227787000,290.5,1,290.5,1,291.0,10,2,2021-12-09 09:36:20
1639042583545622000,290.5,3,290.0,147,291.0,10,2,2021-12-09 09:36:23
1639042596876318000,290.5,1,290.0,148,290.5,4,1,2021-12-09 09:36:36
1639042597571784000,290.5,1,290.0,148,290.5,3,1,2021-12-09 09:36:37
1639042598603679000,290.0,1,290.0,147,290.5,3,2,2021-12-09 09:36:38
1639042598835757000,290.0,10,290.0,137,290.5,3,2,2021-12-09 09:36:38
1639042601660046000,290.0,1,290.0,136,290.5,3,2,2021-12-09 09:36:41
1639042601882003000,290.0,2,290.0,134,290.5,3,2,2021-12-09 09:36:41
1639042618163358000,290.0,10,290.0,123,290.5,4,2,2021-12-09 09:36:58
1639042618399521000,290.0,10,290.0,113,290.5,4,2,2021-12-09 09:36:58
1639042618426087000,290.0,5,290.0,108,290.5,6,2,2021-12-09 09:36:58
1639042618456877000,290.0,5,290.0,103,290.5,6,2,2021-12-09 09:36:58
1639042618741477000,290.0,1,290.0,102,290.5,6,2,2021-12-09 09:36:58
1639042618803814000,290.0,10,290.0,93,290.5,4,2,2021-12-09 09:36:58
1639042619382612000,290.0,3,290.0,90,290.5,4,2,2021-12-09 09:36:59
1639042621986485000,290.0,40,290.0,50,290.5,4,2,2021-12-09 09:37:01
1639042622118364000,290.0,1,290.0,49,290.5,4,2,2021-12-09 09:37:02
1639042622234133000,290.0,10,290.0,39,290.5,4,2,2021-12-09 09:37:02
1639042622638407000,290.0,2,290.0,37,290.5,4,2,2021-12-09 09:37:02
1639042622724468000,290.0,37,289.5,11,290.0,63,2,2021-12-09 09:37:02
1639042623843487000,290.0,1,289.5,11,290.0,64,1,2021-12-09 09:37:03
1639042624000788000,289.5,2,289.5,9,290.0,65,2,2021-12-09 09:37:04
1639042627237063000,290.0,1,289.5,9,290.0,72,1,2021-12-09 09:37:07
1639042627307869000,290.0,1,289.5,9,290.0,71,1,2021-12-09 09:37:07
1639042627475322000,289.5,2,289.5,7,290.0,71,2,2021-12-09 09:37:07
1639042628333355000,290.0,5,289.5,407,290.0,64,1,2021-12-09 09:37:08
1639042628353963000,290.0,5,289.5,407,290.0,59,1,2021-12-09 09:37:08
1639042629601977000,289.5,5,289.5,2,290.0,59,2,2021-12-09 09:37:09
1639042629622250000,289.5,2,289.0,16,290.0,59,2,2021-12-09 09:37:09
1639042629644759000,289.0,3,289.0,13,290.0,59,2,2021-12-09 09:37:09
1639042634936284000,289.0,1,289.0,12,289.5,1,2,2021-12-09 09:37:14
1639042640279916000,289.0,1,289.0,11,289.5,1,2,2021-12-09 09:37:20
1639042640577041000,289.0,5,289.0,6,289.5,2,2,2021-12-09 09:37:20
1639042641858606000,289.0,1,289.0,4,289.5,3,2,2021-12-09 09:37:21
1639042644144529000,289.0,4,288.5,6,289.5,3,2,2021-12-09 09:37:24
1639042644144529000,288.5,1,288.5,6,289.5,3,2,2021-12-09 09:37:24
1639042652994723000,288.5,5,288.5,1,289.0,3,2,2021-12-09 09:37:32
1639042655680213000,289.0,2,288.5,1,289.0,1,1,2021-12-09 09:37:35
1639042657476394000,289.0,4,288.5,1,289.5,2,1,2021-12-09 09:37:37
1639042657476394000,289.5,1,288.5,1,289.5,2,1,2021-12-09 09:37:37
1639042659403116000,288.5,1,288.0,20,289.5,2,2,2021-12-09 09:37:39
1639042660496198000,289.5,2,289.5,3,290.0,57,1,2021-12-09 09:37:40
1639042662218214000,289.5,1,289.5,2,290.0,57,2,2021-12-09 09:37:42
1639042664499263000,289.5,2,288.5,4,290.0,51,2,2021-12-09 09:37:44
1639042664499263000,288.5,1,288.5,4,290.0,51,2,2021-12-09 09:37:44
1639042665809395000,290.0,1,288.5,6,290.0,50,1,2021-12-09 09:37:45
1639042671841602000,288.5,2,288.5,6,290.0,52,2,2021-12-09 09:37:51
1639042676608408000,289.5,1,288.5,4,289.0,1,1,2021-12-09 09:37:56
1639042681833895000,289.0,1,288.5,6,290.0,54,2,2021-12-09 09:38:01
1639042685237054000,289.0,1,288.5,6,290.0,54,2,2021-12-09 09:38:05
1639042688910907000,288.5,1,288.5,5,289.0,1,2,2021-12-09 09:38:08
1639042690378484000,289.0,1,288.5,5,289.0,1,1,2021-12-09 09:38:10
1639042691271139000,289.0,1,288.5,5,290.0,54,1,2021-12-09 09:38:11
1639042692292543000,290.0,1,288.5,4,290.0,53,1,2021-12-09 09:38:12
1639042702665846000,289.0,1,289.0,1,289.5,1,2,2021-12-09 09:38:22
1639042706359096000,289.0,1,288.5,9,289.5,2,2,2021-12-09 09:38:26
1639042718112806000,288.5,5,288.5,5,289.5,1,2,2021-12-09 09:38:38
1639042721444004000,288.5,1,288.5,4,289.5,3,2,2021-12-09 09:38:41
1639042737835186000,288.5,1,288.5,5,289.0,1,2,2021-12-09 09:38:57
1639042738963438000,288.5,3,288.5,2,289.0,1,2,2021-12-09 09:38:58
1639042743088600000,289.0,1,288.5,3,289.5,4,1,2021-12-09 09:39:03
1639042750115278000,288.5,2,288.5,1,289.0,1,2,2021-12-09 09:39:10
1639042762164891000,288.5,1,288.5,2,289.0,1,2,2021-12-09 09:39:22
1639042766556365000,288.5,2,288.0,16,288.5,2,2,2021-12-09 09:39:26
1639042774742247000,288.0,1,288.0,14,288.5,7,2,2021-12-09 09:39:34
1639042781484478000,288.5,4,288.0,15,288.5,3,1,2021-12-09 09:39:41
1639042782083274000,288.5,3,288.0,15,289.0,2,1,2021-12-09 09:39:42
1639042793958116000,288.5,1,288.0,17,289.0,2,1,2021-12-09 09:39:53
1639042798567046000,288.0,1,288.0,16,289.0,3,2,2021-12-09 09:39:58
1639042807133416000,288.5,1,288.0,15,288.5,1,1,2021-12-09 09:40:07
1639042807302878000,288.5,1,288.0,15,289.0,4,1,2021-12-09 09:40:07
1639042816014378000,289.0,1,288.0,15,289.0,3,1,2021-12-09 09:40:16
1639042836840241000,288.5,1,288.0,18,289.0,10,2,2021-12-09 09:40:36
1639042865983607000,288.5,1,288.0,19,289.0,11,2,2021-12-09 09:41:05
1639042875740976000,289.0,2,288.5,2,289.0,9,1,2021-12-09 09:41:15
1639042882020575000,289.0,2,288.5,2,289.0,7,1,2021-12-09 09:41:22
1639042898395519000,288.5,1,288.5,4,289.0,9,2,2021-12-09 09:41:38
1639042898398144000,289.0,1,288.5,4,289.0,8,1,2021-12-09 09:41:38
1639042911641756000,288.5,4,288.0,27,289.0,8,2,2021-12-09 09:41:51
1639042911641756000,288.0,1,288.0,27,289.0,8,2,2021-12-09 09:41:51
1639042912630367000,289.0,1,288.0,27,289.0,7,1,2021-12-09 09:41:52
1639042935897738000,288.0,2,288.0,26,289.0,8,2,2021-12-09 09:42:15
1639042943038818000,288.5,1,288.0,25,289.0,8,1,2021-12-09 09:42:23
1639042943038818000,288.0,1,288.0,25,289.0,8,2,2021-12-09 09:42:23
1639042945340662000,288.0,11,288.0,15,289.0,8,2,2021-12-09 09:42:25
1639042947526878000,288.0,4,288.0,11,289.0,8,2,2021-12-09 09:42:27
1639042951013186000,288.0,1,288.0,10,289.0,10,2,2021-12-09 09:42:31
1639042953120772000,288.0,4,288.0,6,289.0,10,2,2021-12-09 09:42:33
1639042956134435000,288.0,1,288.0,5,289.0,10,2,2021-12-09 09:42:36
1639042967966152000,288.0,2,288.0,5,288.5,5,2,2021-12-09 09:42:47
1639042973145313000,288.0,1,288.0,4,288.5,6,2,2021-12-09 09:42:53
1639042977043670000,288.0,4,287.5,12,288.0,1,2,2021-12-09 09:42:57
1639042980031881000,287.5,5,287.5,7,288.0,1,2,2021-12-09 09:43:00
1639042983015391000,287.5,7,287.0,21,288.0,3,2,2021-12-09 09:43:03
1639042986554561000,287.5,1,287.0,21,288.0,3,1,2021-12-09 09:43:06
1639043002070083000,287.0,3,287.0,18,287.5,2,2,2021-12-09 09:43:22
1639043005688360000,287.0,1,287.0,17,287.5,2,2,2021-12-09 09:43:25
1639043007480863000,287.0,2,287.0,15,287.5,2,2,2021-12-09 09:43:27
1639043010152871000,287.0,1,287.0,14,287.5,2,2,2021-12-09 09:43:30
1639043023602212000,287.5,1,287.0,13,287.5,1,1,2021-12-09 09:43:43
1639043024823236000,287.0,1,287.0,12,287.5,1,2,2021-12-09 09:43:44
1639043028171122000,287.5,1,287.0,12,288.0,6,1,2021-12-09 09:43:48
1639043029353314000,287.0,1,287.0,11,287.5,2,2,2021-12-09 09:43:49
1639043033778790000,287.5,1,287.0,11,287.5,1,1,2021-12-09 09:43:53
1639043036003455000,287.5,2,287.5,1,288.0,6,1,2021-12-09 09:43:56
1639043043518006000,287.5,1,287.0,11,287.5,1,2,2021-12-09 09:44:03
1639043046495144000,287.5,1,287.0,11,288.0,5,1,2021-12-09 09:44:06
1639043053016835000,287.0,1,287.0,10,287.5,3,2,2021-12-09 09:44:13
1639043059092247000,287.5,1,287.0,10,287.5,3,1,2021-12-09 09:44:19
1639043059606254000,287.0,1,287.0,9,287.5,3,2,2021-12-09 09:44:19
1639043072624582000,287.0,1,287.0,9,287.5,4,2,2021-12-09 09:44:32
1639043086919011000,287.0,1,287.0,9,287.5,4,2,2021-12-09 09:44:46
1639043089364064000,287.0,2,287.0,7,287.5,4,2,2021-12-09 09:44:49
1639043097379686000,287.0,7,286.5,8,287.0,3,2,2021-12-09 09:44:57
1639043098043476000,286.5,1,286.5,7,287.0,3,2,2021-12-09 09:44:58
1639043107030012000,286.5,1,286.5,6,287.0,4,2,2021-12-09 09:45:07
1639043107258781000,286.5,1,286.5,5,287.0,4,2,2021-12-09 09:45:07
1639043108895439000,286.5,1,286.5,4,287.0,4,2,2021-12-09 09:45:08
1639043111020556000,286.5,1,286.5,3,287.0,5,2,2021-12-09 09:45:11
1639043114644096000,286.5,2,286.5,1,287.0,5,2,2021-12-09 09:45:14
1639043121104961000,286.5,1,286.5,4,287.0,6,2,2021-12-09 09:45:21
1639043128499953000,286.5,1,286.5,4,287.0,5,2,2021-12-09 09:45:28
1639043134611763000,286.5,1,286.5,3,287.0,5,2,2021-12-09 09:45:34
1639043140833857000,286.5,1,286.5,2,287.0,5,2,2021-12-09 09:45:40
1639043141365845000,286.5,1,286.5,1,287.0,5,2,2021-12-09 09:45:41
1639043155947088000,286.5,1,286.5,5,287.0,5,2,2021-12-09 09:45:55
1639043166855698000,287.0,4,286.5,9,287.0,1,1,2021-12-09 09:46:06
1639043166874281000,287.0,1,286.5,9,287.5,2,1,2021-12-09 09:46:06
1639043167155012000,287.5,2,287.0,3,288.0,4,1,2021-12-09 09:46:07
1639043178096286000,287.0,1,286.5,9,288.0,4,2,2021-12-09 09:46:18
1639043188153407000,287.5,1,287.0,13,288.0,3,1,2021-12-09 09:46:28
1639043188173930000,288.0,3,287.0,13,288.5,2,1,2021-12-09 09:46:28
1639043188194503000,288.5,2,287.0,13,289.0,7,1,2021-12-09 09:46:28
1639043188414642000,289.0,1,287.5,2,289.0,6,1,2021-12-09 09:46:28
1639043200260851000,288.0,1,288.0,1,289.0,6,2,2021-12-09 09:46:40
1639043219365795000,288.0,4,287.5,5,288.0,2,2,2021-12-09 09:46:59
1639043227820506000,287.5,1,287.5,5,288.0,2,2,2021-12-09 09:47:07
1639043249136842000,287.5,1,287.5,6,288.0,5,2,2021-12-09 09:47:29
1639043258018288000,288.0,1,287.5,7,288.0,4,1,2021-12-09 09:47:38
1639043265199292000,288.0,1,287.5,7,288.0,3,1,2021-12-09 09:47:45
1639043271910960000,288.0,1,287.5,8,288.0,2,1,2021-12-09 09:47:51
1639043306032208000,288.0,1,288.0,2,288.5,1,2,2021-12-09 09:48:26
1639043312772258000,288.0,1,288.0,1,288.5,1,2,2021-12-09 09:48:32
1639043314431117000,288.0,1,287.5,11,288.0,4,2,2021-12-09 09:48:34
1639043320087797000,288.0,1,287.5,11,288.0,3,1,2021-12-09 09:48:40
1639043323679838000,288.0,1,287.5,11,288.0,2,1,2021-12-09 09:48:43
1639043352930420000,287.5,10,287.5,1,288.0,8,2,2021-12-09 09:49:12
1639043353168653000,287.5,1,287.0,20,288.0,10,2,2021-12-09 09:49:13
1639043356964163000,287.0,16,287.0,4,288.0,16,2,2021-12-09 09:49:16
1639043356998415000,287.0,4,286.5,12,288.0,16,2,2021-12-09 09:49:16
1639043357029182000,286.5,5,286.5,7,288.0,16,2,2021-12-09 09:49:17
1639043362411718000,286.5,3,286.0,21,287.0,1,2,2021-12-09 09:49:22
1639043365660407000,287.0,1,286.5,1,288.0,7,1,2021-12-09 09:49:25
1639043366062590000,286.5,1,286.0,21,287.5,2,2,2021-12-09 09:49:26
1639043377445134000,286.5,2,286.0,20,287.0,5,2,2021-12-09 09:49:37
1639043391846700000,286.5,1,286.0,22,287.0,5,1,2021-12-09 09:49:51
1639043405580529000,287.0,1,286.0,21,287.0,4,1,2021-12-09 09:50:05
1639043410029340000,286.5,1,286.0,21,287.0,4,2,2021-12-09 09:50:10
1639043410765152000,287.0,2,286.0,21,287.0,2,1,2021-12-09 09:50:10
1639043419034937000,286.5,1,286.5,1,287.0,3,2,2021-12-09 09:50:19
1639043431813425000,286.5,1,286.5,2,287.0,4,2,2021-12-09 09:50:31
1639043433539919000,287.0,2,286.5,2,287.0,2,1,2021-12-09 09:50:33
1639043448122558000,286.5,1,286.5,3,287.0,4,2,2021-12-09 09:50:48
1639043448808299000,287.0,4,286.5,3,287.5,2,1,2021-12-09 09:50:48
1639043452971608000,286.5,3,286.0,22,286.5,2,2,2021-12-09 09:50:52
1639043475702890000,286.0,1,286.0,22,286.5,12,2,2021-12-09 09:51:15
1639043477810224000,286.0,1,286.0,21,286.5,12,2,2021-12-09 09:51:17
1639043479500189000,286.5,1,286.0,21,286.5,11,1,2021-12-09 09:51:19
1639043485414493000,286.5,1,286.0,21,287.0,3,1,2021-12-09 09:51:25
1639043488150252000,286.0,10,286.0,11,287.0,3,2,2021-12-09 09:51:28
1639043489983984000,286.0,2,286.0,9,287.0,3,2,2021-12-09 09:51:29
1639043491988615000,286.0,3,286.0,6,287.0,3,2,2021-12-09 09:51:31
1639043492750915000,286.0,1,286.0,5,287.0,3,2,2021-12-09 09:51:32
1639043497650001000,286.0,1,286.0,4,287.0,6,2,2021-12-09 09:51:37
1639043497763108000,286.0,1,286.0,3,287.0,6,2,2021-12-09 09:51:37
1639043499932441000,286.0,1,286.0,2,287.0,6,2,2021-12-09 09:51:39
1639043499948384000,286.0,2,285.5,10,286.0,3,2,2021-12-09 09:51:39
1639043516800293000,285.5,10,285.5,2,286.0,9,2,2021-12-09 09:51:56
1639043525329018000,285.5,1,285.5,3,286.0,11,2,2021-12-09 09:52:05
1639043525855820000,285.5,3,285.0,90,286.0,11,2,2021-12-09 09:52:05
1639043534234846000,285.5,1,285.0,89,285.5,1,1,2021-12-09 09:52:14
1639043534911086000,285.5,1,285.5,1,286.0,13,1,2021-12-09 09:52:14
1639043536497326000,285.5,1,285.0,89,286.0,8,2,2021-12-09 09:52:16
1639043553418499000,285.5,3,285.0,84,286.0,8,2,2021-12-09 09:52:33
1639043553418499000,285.0,4,285.0,84,286.0,8,2,2021-12-09 09:52:33
1639043560222814000,285.5,1,285.0,69,286.0,8,1,2021-12-09 09:52:40
1639043560222814000,285.0,15,285.0,69,286.0,8,2,2021-12-09 09:52:40
1639043564011197000,285.0,1,285.0,68,285.5,1,2,2021-12-09 09:52:44
1639043570117742000,285.0,1,285.0,66,285.5,2,2,2021-12-09 09:52:50
1639043571653242000,285.5,1,285.0,66,285.5,1,1,2021-12-09 09:52:51
1639043572830788000,285.0,5,285.0,61,285.5,1,2,2021-12-09 09:52:52
1639043578091395000,285.0,1,285.0,60,285.5,2,2,2021-12-09 09:52:58
1639043578890892000,285.5,1,285.0,60,285.5,1,1,2021-12-09 09:52:58
1639043581878377000,285.0,5,285.0,55,285.5,1,2,2021-12-09 09:53:01
1639043582640283000,285.0,2,285.0,53,285.5,1,2,2021-12-09 09:53:02
1639043583471175000,285.5,1,285.5,1,286.0,9,1,2021-12-09 09:53:03
1639043588900955000,286.0,1,285.5,1,286.0,8,1,2021-12-09 09:53:08
1639043591807974000,285.5,1,285.5,1,286.0,9,2,2021-12-09 09:53:11
1639043599438784000,285.5,2,285.5,3,286.0,10,2,2021-12-09 09:53:19
1639043605012153000,285.5,1,285.5,2,286.0,10,2,2021-12-09 09:53:25
1639043612939284000,285.5,2,285.0,49,285.5,1,2,2021-12-09 09:53:32
1639043615203504000,285.0,1,285.0,48,285.5,1,2,2021-12-09 09:53:35
1639043615863082000,285.5,1,285.5,4,286.0,10,1,2021-12-09 09:53:35
1639043620385945000,285.5,1,285.5,3,286.0,10,2,2021-12-09 09:53:40
1639043623824896000,285.5,3,285.0,12,286.0,10,2,2021-12-09 09:53:43
1639043623824896000,285.0,37,285.0,12,286.0,10,2,2021-12-09 09:53:43
1639043633102116000,285.5,1,285.5,1,286.0,10,1,2021-12-09 09:53:53
1639043648734403000,285.5,2,285.0,13,285.5,1,2,2021-12-09 09:54:08
1639043655611490000,285.0,5,285.0,8,285.5,1,2,2021-12-09 09:54:15
1639043669080738000,285.0,1,285.0,7,285.5,2,2,2021-12-09 09:54:29
1639043670787202000,285.0,1,285.0,6,285.5,1,2,2021-12-09 09:54:30
1639043673312148000,285.0,5,285.0,1,285.5,1,2,2021-12-09 09:54:33
1639043676496483000,285.0,1,284.5,19,285.0,2,2,2021-12-09 09:54:36
1639043679491856000,285.0,1,284.5,19,285.0,2,1,2021-12-09 09:54:39
1639043680187031000,285.0,2,285.0,1,285.5,1,1,2021-12-09 09:54:40
1639043688118232000,285.0,1,284.5,19,285.0,1,2,2021-12-09 09:54:48
1639043698647520000,285.0,1,284.5,19,285.0,1,1,2021-12-09 09:54:58
1639043698876895000,285.0,1,284.5,19,285.5,1,1,2021-12-09 09:54:58
1639043700621421000,285.0,1,284.5,19,285.5,1,1,2021-12-09 09:55:00
1639043706696058000,285.0,1,285.0,1,285.5,1,2,2021-12-09 09:55:06
1639043706713253000,285.0,1,284.5,19,285.5,1,2,2021-12-09 09:55:06
