ts,close,volume,bid_price,bid_volume,ask_price,ask_volume,tick_type,datetime
1639040417095621000,59.0,639,59.0,15,59.1,5,2,2021-12-09 09:00:17
1639040417145982000,59.0,1,59.0,14,59.1,5,2,2021-12-09 09:00:17
1639040417203236000,59.0,2,59.0,12,59.1,7,2,2021-12-09 09:00:17
1639040417219223000,59.0,12,58.9,13,59.1,7,2,2021-12-09 09:00:17
1639040417232343000,58.9,1,58.9,12,59.1,7,2,2021-12-09 09:00:17
1639040417436697000,59.1,1,58.9,12,59.1,6,1,2021-12-09 09:00:17
1639040417604173000,59.1,1,58.9,12,59.1,5,1,2021-12-09 09:00:17
1639040417731478000,58.9,10,58.9,2,59.1,5,2,2021-12-09 09:00:17
1639040418518556000,59.1,1,58.9,2,59.1,4,1,2021-12-09 09:00:18
1639040422031191000,59.1,1,58.9,2,59.1,7,1,2021-12-09 09:00:22
1639040424123396000,59.1,1,58.9,2,59.1,6,1,2021-12-09 09:00:24
1639040424179628000,59.1,1,58.9,12,59.1,5,1,2021-12-09 09:00:24
1639040425329653000,59.1,2,58.9,12,59.1,3,1,2021-12-09 09:00:25
1639040425345729000,59.1,2,58.9,12,59.1,1,1,2021-12-09 09:00:25
1639040425446574000,59.1,1,58.9,12,59.2,41,1,2021-12-09 09:00:25
1639040425696969000,59.1,1,58.9,13,59.2,41,2,2021-12-09 09:00:25
1639040426076445000,58.9,2,58.9,11,59.2,42,2,2021-12-09 09:00:26
1639040426566020000,59.1,3,58.9,12,59.2,42,1,2021-12-09 09:00:26
1639040426935124000,59.1,1,58.9,12,59.2,42,2,2021-12-09 09:00:26
1639040427819632000,59.2,2,59.1,1,59.2,40,1,2021-12-09 09:00:27
1639040427857902000,59.2,37,59.1,1,59.2,3,1,2021-12-09 09:00:27
1639040427890128000,59.2,1,59.1,1,59.2,2,1,2021-12-09 09:00:27
1639040427941131000,59.2,2,59.1,1,59.3,11,1,2021-12-09 09:00:27
1639040429181649000,59.3,11,59.1,11,59.3,1,1,2021-12-09 09:00:29
1639040430010298000,59.1,2,59.1,9,59.3,1,2,2021-12-09 09:00:30
1639040430660392000,59.3,10,59.1,15,59.4,27,1,2021-12-09 09:00:30
1639040431617330000,59.4,1,59.2,1,59.4,26,1,2021-12-09 09:00:31
1639040432053475000,59.2,1,59.1,19,59.4,26,2,2021-12-09 09:00:32
1639040433122813000,59.3,1,59.1,19,59.4,26,1,2021-12-09 09:00:33
1639040434239387000,59.4,3,59.2,1,59.4,23,1,2021-12-09 09:00:34
1639040434883679000,59.4,1,59.2,1,59.4,22,1,2021-12-09 09:00:34
1639040434951370000,59.4,1,59.2,1,59.4,21,1,2021-12-09 09:00:34
1639040435811764000,59.4,5,59.2,1,59.4,16,1,2021-12-09 09:00:35
1639040436084760000,59.4,3,59.2,1,59.4,13,1,2021-12-09 09:00:36
1639040436194385000,59.4,1,59.2,1,59.4,12,1,2021-12-09 09:00:36
1639040436594569000,59.4,2,59.2,1,59.4,13,1,2021-12-09 09:00:36
1639040437141182000,59.4,1,59.2,1,59.4,12,1,2021-12-09 09:00:37
1639040437619068000,59.4,12,59.3,10,59.5,16,1,2021-12-09 09:00:37
1639040437619068000,59.5,13,59.3,10,59.5,16,1,2021-12-09 09:00:37
1639040437667108000,59.3,1,59.3,10,59.5,16,2,2021-12-09 09:00:37
1639040438042663000,59.3,1,59.3,9,59.5,16,2,2021-12-09 09:00:38
1639040439316304000,59.4,1,59.4,1,59.5,16,1,2021-12-09 09:00:39
1639040440329089000,59.4,2,59.4,2,59.5,16,2,2021-12-09 09:00:40
1639040440455914000,59.5,2,59.4,5,59.5,14,1,2021-12-09 09:00:40
1639040440673475000,59.5,7,59.4,5,59.5,7,1,2021-12-09 09:00:40
1639040440708125000,59.5,7,59.4,6,59.6,126,1,2021-12-09 09:00:40
1639040440866286000,59.4,1,59.4,5,59.6,126,2,2021-12-09 09:00:40
1639040441214264000,59.4,1,59.4,4,59.6,127,2,2021-12-09 09:00:41
1639040441219645000,59.4,1,59.4,3,59.5,1,2,2021-12-09 09:00:41
1639040441231475000,59.4,1,59.4,2,59.5,1,2,2021-12-09 09:00:41
1639040441566157000,59.4,1,59.4,10,59.5,1,2,2021-12-09 09:00:41
1639040441762140000,59.5,1,59.4,10,59.6,134,1,2021-12-09 09:00:41
1639040442584533000,59.5,1,59.5,9,59.6,134,2,2021-12-09 09:00:42
1639040443996528000,59.6,1,59.5,9,59.6,133,1,2021-12-09 09:00:43
1639040444094504000,59.6,5,59.5,9,59.6,128,1,2021-12-09 09:00:44
1639040445421514000,59.5,1,59.5,11,59.6,131,2,2021-12-09 09:00:45
1639040445520623000,59.5,11,59.4,19,59.6,131,2,2021-12-09 09:00:45
1639040446232487000,59.5,1,59.4,20,59.6,124,2,2021-12-09 09:00:46
1639040446268920000,59.6,2,59.4,20,59.6,122,1,2021-12-09 09:00:46
1639040446656733000,59.6,1,59.4,21,59.6,121,1,2021-12-09 09:00:46
1639040447082969000,59.5,1,59.4,22,59.6,121,2,2021-12-09 09:00:47
1639040447346989000,59.6,1,59.4,22,59.6,120,1,2021-12-09 09:00:47
1639040447697944000,59.6,1,59.4,23,59.6,119,1,2021-12-09 09:00:47
1639040447810249000,59.4,3,59.4,20,59.6,119,2,2021-12-09 09:00:47
1639040447946622000,59.6,1,59.4,22,59.6,118,1,2021-12-09 09:00:47
1639040449338631000,59.5,1,59.4,22,59.5,9,2,2021-12-09 09:00:49
1639040449354718000,59.5,9,59.5,1,59.6,118,1,2021-12-09 09:00:49
1639040449957214000,59.5,2,59.4,23,59.6,132,2,2021-12-09 09:00:49
1639040449965089000,59.6,1,59.4,23,59.6,131,1,2021-12-09 09:00:49
1639040450198596000,59.5,1,59.4,24,59.6,131,2,2021-12-09 09:00:50
1639040450499589000,59.6,2,59.5,1,59.6,129,1,2021-12-09 09:00:50
1639040450525941000,59.5,1,59.4,24,59.6,129,2,2021-12-09 09:00:50
1639040450584339000,59.5,1,59.4,24,59.6,128,1,2021-12-09 09:00:50
1639040450584339000,59.6,1,59.4,24,59.6,128,1,2021-12-09 09:00:50
1639040450754993000,59.5,1,59.4,24,59.6,128,2,2021-12-09 09:00:50
1639040450858154000,59.6,3,59.5,4,59.6,125,1,2021-12-09 09:00:50
1639040451052634000,59.5,5,59.4,24,59.5,5,2,2021-12-09 09:00:51
1639040451369987000,59.5,5,59.5,10,59.6,111,1,2021-12-09 09:00:51
1639040451590567000,59.5,1,59.5,9,59.6,111,2,2021-12-09 09:00:51
1639040451707102000,59.6,5,59.5,9,59.6,106,1,2021-12-09 09:00:51
1639040451968067000,59.5,10,59.4,25,59.6,120,2,2021-12-09 09:00:51
1639040452259678000,59.5,1,59.4,26,59.6,120,1,2021-12-09 09:00:52
1639040452462203000,59.4,5,59.4,22,59.6,110,2,2021-12-09 09:00:52
1639040453260506000,59.5,1,59.4,24,59.6,109,1,2021-12-09 09:00:53
1639040453260506000,59.6,1,59.4,24,59.6,109,1,2021-12-09 09:00:53
1639040453334938000,59.5,1,59.4,24,59.5,1,2,2021-12-09 09:00:53
1639040453520216000,59.5,1,59.4,26,59.6,108,1,2021-12-09 09:00:53
1639040453520216000,59.6,1,59.4,26,59.6,108,1,2021-12-09 09:00:53
1639040453581226000,59.6,1,59.4,26,59.6,107,1,2021-12-09 09:00:53
1639040453768435000,59.5,1,59.5,7,59.6,107,2,2021-12-09 09:00:53
1639040453798224000,59.5,4,59.5,3,59.6,107,2,2021-12-09 09:00:53
1639040453829746000,59.5,3,59.4,26,59.6,107,2,2021-12-09 09:00:53
1639040454492896000,59.6,4,59.5,2,59.6,96,1,2021-12-09 09:00:54
1639040454724597000,59.5,2,59.4,26,59.6,96,2,2021-12-09 09:00:54
1639040455253373000,59.5,1,59.4,26,59.6,96,2,2021-12-09 09:00:55
1639040455446215000,59.6,20,59.4,26,59.6,76,1,2021-12-09 09:00:55
1639040456388553000,59.5,1,59.4,26,59.5,13,2,2021-12-09 09:00:56
1639040456622917000,59.5,1,59.4,27,59.5,12,1,2021-12-09 09:00:56
1639040457406950000,59.5,1,59.4,28,59.5,13,1,2021-12-09 09:00:57
1639040458116731000,59.5,1,59.4,28,59.5,12,1,2021-12-09 09:00:58
1639040458639886000,59.5,10,59.4,29,59.5,3,1,2021-12-09 09:00:58
1639040458800514000,59.5,1,59.4,29,59.5,2,1,2021-12-09 09:00:58
1639040458997685000,59.5,1,59.4,30,59.5,1,1,2021-12-09 09:00:58
1639040459035001000,59.5,1,59.4,30,59.6,76,1,2021-12-09 09:00:59
1639040459167127000,59.6,3,59.4,30,59.6,73,1,2021-12-09 09:00:59
1639040459171855000,59.6,1,59.4,30,59.6,72,1,2021-12-09 09:00:59
1639040459414833000,59.6,1,59.5,2,59.6,71,1,2021-12-09 09:00:59
1639040459448266000,59.5,1,59.5,1,59.6,71,2,2021-12-09 09:00:59
1639040459496712000,59.5,1,59.5,1,59.6,71,2,2021-12-09 09:00:59
1639040459914070000,59.6,1,59.5,3,59.6,70,1,2021-12-09 09:00:59
1639040460610399000,59.5,4,59.4,34,59.6,71,2,2021-12-09 09:01:00
1639040460669931000,59.5,1,59.4,34,59.6,71,1,2021-12-09 09:01:00
1639040460702800000,59.4,11,59.4,23,59.6,71,2,2021-12-09 09:01:00
1639040461131459000,59.4,1,59.4,22,59.5,1,2,2021-12-09 09:01:01
1639040461833866000,59.5,1,59.5,1,59.6,71,1,2021-12-09 09:01:01
1639040461859936000,59.5,1,59.4,23,59.6,71,2,2021-12-09 09:01:01
1639040462025551000,59.5,1,59.4,23,59.6,71,1,2021-12-09 09:01:02
1639040462406412000,59.5,4,59.4,23,59.6,71,2,2021-12-09 09:01:02
1639040462702756000,59.6,2,59.4,23,59.6,69,1,2021-12-09 09:01:02
1639040462713764000,59.4,11,59.4,12,59.6,69,2,2021-12-09 09:01:02
1639040463415244000,59.4,3,59.4,9,59.6,70,2,2021-12-09 09:01:03
1639040463848161000,59.4,1,59.4,8,59.6,70,2,2021-12-09 09:01:03
1639040466285355000,59.5,3,59.4,11,59.5,3,1,2021-12-09 09:01:06
1639040466316075000,59.4,3,59.4,8,59.5,4,2,2021-12-09 09:01:06
1639040467872891000,59.4,9,59.3,24,59.5,21,2,2021-12-09 09:01:07
1639040467872891000,59.3,1,59.3,24,59.5,21,2,2021-12-09 09:01:07
1639040467908432000,59.3,5,59.3,19,59.5,21,2,2021-12-09 09:01:07
1639040467949531000,59.3,19,59.2,3,59.5,21,2,2021-12-09 09:01:07
1639040468248915000,59.4,1,59.2,7,59.5,21,1,2021-12-09 09:01:08
1639040468778903000,59.2,5,59.2,2,59.5,21,2,2021-12-09 09:01:08
1639040468815250000,59.2,2,59.1,26,59.5,25,2,2021-12-09 09:01:08
1639040468876276000,59.4,1,59.1,26,59.5,25,1,2021-12-09 09:01:08
1639040469362712000,59.5,3,59.1,26,59.5,22,1,2021-12-09 09:01:09
1639040469554585000,59.4,1,59.1,26,59.5,20,2,2021-12-09 09:01:09
1639040469554585000,59.5,2,59.1,26,59.5,20,1,2021-12-09 09:01:09
1639040469716630000,59.5,1,59.1,26,59.5,19,1,2021-12-09 09:01:09
1639040470178129000,59.3,1,59.1,25,59.5,15,2,2021-12-09 09:01:10
1639040470331505000,59.4,1,59.1,25,59.5,15,1,2021-12-09 09:01:10
1639040471993726000,59.2,3,59.1,25,59.3,1,2,2021-12-09 09:01:11
1639040472787004000,59.3,1,59.1,25,59.4,4,1,2021-12-09 09:01:12
1639040473257451000,59.4,1,59.1,25,59.4,3,1,2021-12-09 09:01:13
1639040474216309000,59.4,3,59.1,31,59.5,8,1,2021-12-09 09:01:14
1639040474216309000,59.5,7,59.1,31,59.5,8,1,2021-12-09 09:01:14
1639040476265996000,59.3,4,59.1,31,59.4,13,2,2021-12-09 09:01:16
1639040476438091000,59.4,1,59.1,31,59.4,12,1,2021-12-09 09:01:16
1639040476458925000,59.1,2,59.1,29,59.4,12,2,2021-12-09 09:01:16
1639040477974026000,59.4,3,59.1,29,59.4,9,1,2021-12-09 09:01:17
1639040478458403000,59.4,1,59.1,27,59.4,8,1,2021-12-09 09:01:18
1639040479025277000,59.3,5,59.1,27,59.5,3,2,2021-12-09 09:01:19
1639040479025277000,59.4,8,59.1,27,59.5,3,1,2021-12-09 09:01:19
1639040479025277000,59.5,7,59.1,27,59.5,3,1,2021-12-09 09:01:19
1639040479167658000,59.1,1,59.1,26,59.4,1,2,2021-12-09 09:01:19
1639040479328461000,59.4,1,59.1,26,59.5,3,1,2021-12-09 09:01:19
1639040479968335000,59.4,1,59.2,15,59.5,2,1,2021-12-09 09:01:19
1639040479968335000,59.5,1,59.2,15,59.5,2,1,2021-12-09 09:01:19
1639040481187894000,59.5,1,59.3,1,59.5,4,1,2021-12-09 09:01:21
1639040482607885000,59.3,1,59.2,19,59.3,1,2,2021-12-09 09:01:22
1639040483341455000,59.3,1,59.4,1,59.5,6,1,2021-12-09 09:01:23
1639040483370429000,59.4,1,59.2,16,59.5,6,1,2021-12-09 09:01:23
1639040485513263000,59.3,1,59.3,1,59.5,6,2,2021-12-09 09:01:25
1639040487151600000,59.3,1,59.2,3,59.4,6,2,2021-12-09 09:01:27
1639040487151600000,59.2,14,59.2,3,59.4,6,2,2021-12-09 09:01:27
1639040487727222000,59.3,1,59.2,6,59.4,6,1,2021-12-09 09:01:27
1639040488335324000,59.2,5,59.2,4,59.3,34,2,2021-12-09 09:01:28
1639040488367930000,59.2,4,59.1,33,59.3,34,2,2021-12-09 09:01:28
1639040488864413000,59.3,5,59.1,29,59.3,29,1,2021-12-09 09:01:28
1639040488958422000,59.2,1,59.1,29,59.3,29,2,2021-12-09 09:01:28
1639040489404310000,59.2,2,59.1,29,59.2,3,1,2021-12-09 09:01:29
1639040489905255000,59.2,1,59.1,29,59.2,2,1,2021-12-09 09:01:29
1639040489959517000,59.2,1,59.1,29,59.2,1,1,2021-12-09 09:01:29
1639040489976504000,59.1,10,59.1,19,59.2,1,2,2021-12-09 09:01:29
1639040490010827000,59.1,1,59.1,18,59.2,1,2,2021-12-09 09:01:30
1639040490033061000,59.1,1,59.1,17,59.2,1,2,2021-12-09 09:01:30
1639040490066828000,59.1,7,59.1,10,59.2,1,2,2021-12-09 09:01:30
1639040490101653000,59.1,10,59.0,25,59.2,1,2,2021-12-09 09:01:30
1639040490772184000,59.0,1,59.0,24,59.1,4,2,2021-12-09 09:01:30
1639040491249262000,59.1,1,59.0,24,59.1,3,1,2021-12-09 09:01:31
1639040491423041000,59.0,6,59.0,18,59.1,7,2,2021-12-09 09:01:31
1639040491452694000,59.0,7,59.0,9,59.1,7,2,2021-12-09 09:01:31
1639040491452830000,59.0,2,59.0,9,59.1,7,2,2021-12-09 09:01:31
1639040491456916000,59.0,1,59.0,8,59.1,7,2,2021-12-09 09:01:31
1639040491483490000,59.0,9,58.9,5,59.1,7,2,2021-12-09 09:01:31
1639040491868115000,58.9,5,58.8,32,59.0,2,2,2021-12-09 09:01:31
1639040491989345000,59.0,1,58.8,32,59.0,1,1,2021-12-09 09:01:31
1639040492093121000,58.8,1,58.8,31,59.0,1,2,2021-12-09 09:01:32
1639040492126345000,58.8,1,58.8,30,59.0,1,2,2021-12-09 09:01:32
1639040492129583000,58.8,5,58.8,25,59.0,1,2,2021-12-09 09:01:32
1639040492497280000,58.8,1,58.8,24,59.0,1,2,2021-12-09 09:01:32
1639040492797820000,59.0,1,58.8,24,59.1,11,1,2021-12-09 09:01:32
1639040493576773000,59.1,1,58.8,24,59.1,10,1,2021-12-09 09:01:33
1639040494680737000,59.1,1,58.9,1,59.1,9,1,2021-12-09 09:01:34
1639040495772497000,58.9,1,58.8,24,58.9,4,2,2021-12-09 09:01:35
1639040495836871000,58.9,4,58.8,24,59.1,8,1,2021-12-09 09:01:35
1639040495836871000,59.1,1,58.8,24,59.1,8,1,2021-12-09 09:01:35
1639040495894506000,58.9,8,58.8,27,59.0,16,2,2021-12-09 09:01:35
1639040497139918000,58.9,1,58.8,27,59.0,17,1,2021-12-09 09:01:37
1639040498090611000,59.0,5,58.8,24,59.0,13,1,2021-12-09 09:01:38
1639040498163353000,59.0,1,58.8,24,59.0,12,1,2021-12-09 09:01:38
1639040499018328000,58.9,1,58.8,24,58.9,2,2,2021-12-09 09:01:39
1639040499748787000,58.8,6,58.8,18,58.9,2,2,2021-12-09 09:01:39
1639040501266023000,58.9,2,58.8,19,59.0,25,1,2021-12-09 09:01:41
1639040501552204000,59.0,5,58.8,20,59.0,20,1,2021-12-09 09:01:41
1639040501801350000,58.8,1,58.8,19,58.9,1,2,2021-12-09 09:01:41
1639040502220373000,58.9,1,58.8,19,59.0,22,1,2021-12-09 09:01:42
1639040503177842000,58.9,1,58.8,13,59.0,24,2,2021-12-09 09:01:43
1639040503177842000,58.8,9,58.8,13,59.0,24,2,2021-12-09 09:01:43
1639040503212375000,59.0,1,58.8,13,59.0,23,1,2021-12-09 09:01:43
1639040504208191000,58.8,1,58.8,9,59.0,24,2,2021-12-09 09:01:44
1639040505527950000,58.9,4,58.8,9,58.9,1,1,2021-12-09 09:01:45
1639040506399952000,58.8,9,58.7,4,58.8,1,2,2021-12-09 09:01:46
1639040506416085000,58.8,1,58.7,4,58.9,1,1,2021-12-09 09:01:46
1639040506443641000,58.7,1,58.7,3,58.9,1,2,2021-12-09 09:01:46
1639040506468570000,58.9,1,58.9,1,59.0,28,1,2021-12-09 09:01:46
1639040506746212000,58.9,1,58.7,3,58.8,2,2,2021-12-09 09:01:46
1639040506772254000,58.8,2,58.7,3,59.0,28,2,2021-12-09 09:01:46
1639040507708533000,58.8,1,58.8,2,58.9,2,2,2021-12-09 09:01:47
1639040508124534000,58.9,2,58.8,3,59.0,29,1,2021-12-09 09:01:48
1639040510073568000,58.9,1,58.9,5,59.0,31,1,2021-12-09 09:01:50
1639040510232680000,58.9,1,58.9,4,59.0,31,2,2021-12-09 09:01:50
1639040510285369000,59.0,1,58.9,4,59.0,30,1,2021-12-09 09:01:50
1639040510751917000,58.9,1,58.9,3,59.0,29,2,2021-12-09 09:01:50
1639040511330056000,58.9,3,58.8,5,58.9,1,2,2021-12-09 09:01:51
1639040511374081000,58.8,1,58.8,4,58.9,1,2,2021-12-09 09:01:51
1639040512032776000,58.9,1,58.8,5,59.0,40,1,2021-12-09 09:01:52
1639040512798250000,58.8,1,58.8,6,59.0,40,2,2021-12-09 09:01:52
1639040515274319000,58.8,10,58.7,3,58.9,6,2,2021-12-09 09:01:55
1639040515374463000,58.7,1,58.7,5,58.8,1,2,2021-12-09 09:01:55
1639040515844068000,58.8,1,58.7,5,58.9,6,1,2021-12-09 09:01:55
1639040516254414000,58.9,1,58.8,1,58.9,5,1,2021-12-09 09:01:56
1639040516891031000,58.8,1,58.8,3,58.9,5,2,2021-12-09 09:01:56
1639040517102384000,58.8,1,58.8,4,58.9,5,2,2021-12-09 09:01:57
1639040519455382000,58.8,1,58.8,13,58.9,7,2,2021-12-09 09:01:59
1639040519465620000,58.8,1,58.8,12,58.9,7,2,2021-12-09 09:01:59
1639040519496428000,58.8,1,58.8,11,58.9,7,2,2021-12-09 09:01:59
1639040520180620000,58.8,1,58.8,11,58.9,7,2,2021-12-09 09:02:00
1639040520314076000,58.8,4,58.8,7,58.9,7,2,2021-12-09 09:02:00
1639040520509280000,58.8,1,58.8,6,58.9,17,2,2021-12-09 09:02:00
1639040520540384000,58.8,3,58.8,3,58.9,17,2,2021-12-09 09:02:00
1639040520583035000,58.8,1,58.8,2,58.9,17,2,2021-12-09 09:02:00
1639040520840966000,58.9,1,58.8,2,58.9,17,1,2021-12-09 09:02:00
1639040520884011000,58.8,1,58.8,1,58.9,17,2,2021-12-09 09:02:00
1639040520979185000,58.9,2,58.8,1,58.9,15,1,2021-12-09 09:02:00
1639040521263955000,58.9,2,58.8,1,58.9,13,1,2021-12-09 09:02:01
1639040522113304000,58.9,1,58.8,1,58.9,12,1,2021-12-09 09:02:02
1639040522194546000,58.8,1,58.6,25,58.9,12,2,2021-12-09 09:02:02
1639040522194546000,58.7,9,58.6,25,58.9,12,2,2021-12-09 09:02:02
1639040522194546000,58.6,3,58.6,25,58.9,12,2,2021-12-09 09:02:02
1639040522498700000,58.8,1,58.6,25,58.9,16,1,2021-12-09 09:02:02
1639040522532515000,58.6,1,58.6,24,58.9,16,2,2021-12-09 09:02:02
1639040522829907000,58.9,1,58.8,1,58.9,15,1,2021-12-09 09:02:02
1639040525277478000,58.8,1,58.6,24,58.9,15,2,2021-12-09 09:02:05
1639040525334388000,58.8,1,58.7,20,58.9,1,1,2021-12-09 09:02:05
1639040525334388000,58.9,14,58.7,20,58.9,1,1,2021-12-09 09:02:05
1639040525952514000,58.8,1,58.7,20,59.0,17,2,2021-12-09 09:02:05
1639040526687740000,58.9,1,58.8,1,58.9,1,1,2021-12-09 09:02:06
1639040527225755000,58.9,1,58.8,4,59.0,17,1,2021-12-09 09:02:07
1639040527816544000,58.9,1,58.9,5,59.0,17,2,2021-12-09 09:02:07
1639040528190232000,58.9,1,58.9,4,59.0,17,2,2021-12-09 09:02:08
1639040528448535000,58.9,1,58.9,3,59.0,17,2,2021-12-09 09:02:08
1639040528734480000,58.9,1,58.9,2,59.0,17,2,2021-12-09 09:02:08
1639040528773286000,58.9,1,58.9,1,59.0,17,2,2021-12-09 09:02:08
1639040530309208000,58.9,1,58.8,15,59.0,18,2,2021-12-09 09:02:10
1639040531433109000,58.9,1,58.8,16,59.0,18,2,2021-12-09 09:02:11
1639040531515888000,58.9,1,58.8,16,58.9,6,1,2021-12-09 09:02:11
1639040531523715000,58.8,1,58.8,15,58.9,6,2,2021-12-09 09:02:11
1639040532613944000,58.8,3,58.8,12,58.9,6,2,2021-12-09 09:02:12
1639040535044046000,58.8,1,58.8,16,58.9,6,2,2021-12-09 09:02:15
1639040537044131000,58.8,10,58.8,7,58.9,9,2,2021-12-09 09:02:17
1639040538450536000,58.9,2,58.8,8,58.9,6,1,2021-12-09 09:02:18
1639040539224863000,58.8,5,58.8,15,58.9,7,2,2021-12-09 09:02:19
1639040541389980000,58.8,1,58.8,14,58.9,7,2,2021-12-09 09:02:21
1639040542637720000,58.9,9,58.9,41,59.0,18,1,2021-12-09 09:02:22
1639040542878544000,58.9,3,58.9,38,59.0,18,2,2021-12-09 09:02:22
1639040543253608000,58.9,1,58.9,37,59.0,18,2,2021-12-09 09:02:23
1639040544130470000,58.9,1,58.9,36,59.0,18,2,2021-12-09 09:02:24
1639040545327515000,59.0,2,58.9,36,59.0,16,1,2021-12-09 09:02:25
1639040545424816000,59.0,16,58.9,37,59.1,6,1,2021-12-09 09:02:25
1639040546090705000,58.9,1,58.9,36,59.1,6,2,2021-12-09 09:02:26
1639040546600573000,59.1,1,58.9,36,59.1,5,1,2021-12-09 09:02:26
1639040547465643000,59.1,1,58.9,37,59.1,4,1,2021-12-09 09:02:27
1639040551802082000,59.1,1,59.0,1,59.1,3,1,2021-12-09 09:02:31
1639040551832051000,59.1,3,59.0,1,59.3,2,1,2021-12-09 09:02:31
1639040552143320000,59.1,1,59.1,9,59.3,4,1,2021-12-09 09:02:32
1639040559141528000,59.1,1,59.1,14,59.3,4,2,2021-12-09 09:02:39
1639040559823316000,59.1,2,59.1,13,59.3,4,2,2021-12-09 09:02:39
1639040562325583000,59.3,1,59.1,13,59.3,3,1,2021-12-09 09:02:42
1639040562738317000,59.3,1,59.3,5,59.4,4,1,2021-12-09 09:02:42
1639040562771858000,59.3,5,59.1,7,59.4,4,2,2021-12-09 09:02:42
1639040563943172000,59.4,3,59.1,9,59.4,1,1,2021-12-09 09:02:43
1639040564772752000,59.1,1,59.1,8,59.4,1,2,2021-12-09 09:02:44
1639040567909159000,59.4,1,59.1,9,59.4,12,1,2021-12-09 09:02:47
1639040568440573000,59.4,1,59.1,11,59.4,12,1,2021-12-09 09:02:48
1639040570487132000,59.1,1,59.1,17,59.4,16,2,2021-12-09 09:02:50
1639040571114500000,59.4,1,59.1,17,59.4,15,1,2021-12-09 09:02:51
1639040571301299000,59.4,1,59.1,19,59.4,15,1,2021-12-09 09:02:51
1639040571914426000,59.1,19,59.0,9,59.1,11,2,2021-12-09 09:02:51
1639040571960363000,59.0,5,59.0,4,59.1,11,2,2021-12-09 09:02:51
1639040572751053000,59.1,1,59.0,4,59.1,10,1,2021-12-09 09:02:52
1639040572806666000,59.1,3,59.0,4,59.1,7,1,2021-12-09 09:02:52
1639040572974116000,59.1,1,59.0,4,59.1,6,1,2021-12-09 09:02:52
1639040575351569000,59.0,1,59.0,5,59.1,9,2,2021-12-09 09:02:55
1639040575461856000,59.1,1,59.0,5,59.1,8,1,2021-12-09 09:02:55
1639040578216218000,59.1,8,59.1,2,59.3,7,1,2021-12-09 09:02:58
1639040578370293000,59.3,1,59.1,3,59.3,8,1,2021-12-09 09:02:58
1639040579479612000,59.1,1,59.1,3,59.3,8,2,2021-12-09 09:02:59
1639040580405518000,59.1,1,59.1,6,59.3,8,2,2021-12-09 09:03:00
1639040580485820000,59.1,4,59.1,2,59.3,8,2,2021-12-09 09:03:00
1639040580558009000,59.1,1,59.1,1,59.3,8,2,2021-12-09 09:03:00
1639040580587835000,59.3,1,59.1,1,59.3,7,1,2021-12-09 09:03:00
1639040580754567000,59.1,1,59.0,8,59.3,7,2,2021-12-09 09:03:00
1639040580754567000,59.0,3,59.0,8,59.3,7,2,2021-12-09 09:03:00
1639040581797020000,59.2,1,59.1,6,59.3,7,1,2021-12-09 09:03:01
1639040582680360000,59.3,1,59.1,7,59.3,6,1,2021-12-09 09:03:02
1639040582975879000,59.1,1,59.1,7,59.3,7,2,2021-12-09 09:03:02
1639040584365377000,59.3,5,59.1,18,59.3,2,1,2021-12-09 09:03:04
1639040584613050000,59.1,1,59.1,17,59.3,1,2,2021-12-09 09:03:04
1639040585973477000,59.3,1,59.1,18,59.4,112,1,2021-12-09 09:03:05
1639040587426793000,59.4,1,59.1,19,59.4,111,1,2021-12-09 09:03:07
1639040588404949000,59.1,1,59.1,18,59.4,117,2,2021-12-09 09:03:08
1639040588835416000,59.4,1,59.1,19,59.4,119,1,2021-12-09 09:03:08
1639040588975181000,59.3,1,59.1,19,59.4,117,2,2021-12-09 09:03:08
1639040590379133000,59.4,5,59.3,2,59.4,112,1,2021-12-09 09:03:10
1639040591111258000,59.3,4,59.1,20,59.4,112,2,2021-12-09 09:03:11
1639040591111258000,59.2,1,59.1,20,59.4,112,2,2021-12-09 09:03:11
1639040592025194000,59.4,1,59.2,1,59.4,111,1,2021-12-09 09:03:12
1639040592446230000,59.2,1,59.1,20,59.4,111,2,2021-12-09 09:03:12
1639040593737256000,59.4,1,59.2,2,59.4,110,1,2021-12-09 09:03:13
1639040593972072000,59.3,1,59.2,2,59.3,4,2,2021-12-09 09:03:13
1639040594540324000,59.3,1,59.2,2,59.3,3,1,2021-12-09 09:03:14
1639040596446191000,59.2,1,59.2,2,59.3,5,2,2021-12-09 09:03:16
1639040596476972000,59.2,1,59.2,1,59.3,5,2,2021-12-09 09:03:16
1639040596477362000,59.2,1,59.1,35,59.3,5,2,2021-12-09 09:03:16
1639040596621115000,59.3,5,59.1,35,59.4,110,1,2021-12-09 09:03:16
1639040597352014000,59.1,1,59.1,34,59.4,110,2,2021-12-09 09:03:17
1639040598248676000,59.3,1,59.3,1,59.4,110,1,2021-12-09 09:03:18
1639040598946279000,59.4,1,59.3,1,59.4,109,1,2021-12-09 09:03:18
1639040600549689000,59.3,1,59.3,2,59.4,109,2,2021-12-09 09:03:20
1639040600721344000,59.3,2,59.2,2,59.3,8,2,2021-12-09 09:03:20
1639040601074132000,59.3,1,59.2,2,59.3,7,1,2021-12-09 09:03:21
1639040601484955000,59.2,1,59.2,1,59.3,7,2,2021-12-09 09:03:21
1639040602922145000,59.3,1,59.2,1,59.3,7,1,2021-12-09 09:03:22
1639040603958210000,59.3,1,59.2,2,59.3,7,1,2021-12-09 09:03:23
1639040604160803000,59.3,1,59.2,2,59.3,6,1,2021-12-09 09:03:24
1639040604192148000,59.3,1,59.2,2,59.3,5,1,2021-12-09 09:03:24
1639040604334185000,59.2,2,59.1,37,59.2,14,2,2021-12-09 09:03:24
1639040604436387000,59.2,1,59.1,37,59.2,13,1,2021-12-09 09:03:24
1639040604991318000,59.2,1,59.1,37,59.2,12,1,2021-12-09 09:03:24
1639040605188196000,59.2,1,59.1,37,59.2,11,1,2021-12-09 09:03:25
1639040605208259000,59.2,1,59.1,37,59.2,10,1,2021-12-09 09:03:25
1639040605228366000,59.2,10,59.1,37,59.3,5,1,2021-12-09 09:03:25
1639040605688237000,59.3,1,59.1,37,59.3,4,1,2021-12-09 09:03:25
1639040606417018000,59.1,1,59.1,36,59.3,4,2,2021-12-09 09:03:26
1639040608402587000,59.3,1,59.1,37,59.3,3,1,2021-12-09 09:03:28
1639040609153029000,59.3,1,59.1,37,59.3,6,1,2021-12-09 09:03:29
1639040610756259000,59.3,1,59.2,16,59.3,5,1,2021-12-09 09:03:30
1639040610791921000,59.3,5,59.2,16,59.4,108,1,2021-12-09 09:03:30
1639040611533940000,59.2,1,59.2,15,59.4,108,2,2021-12-09 09:03:31
1639040613554049000,59.4,1,59.3,3,59.4,107,1,2021-12-09 09:03:33
1639040613840290000,59.3,1,59.3,2,59.4,106,2,2021-12-09 09:03:33
1639040613988161000,59.4,1,59.3,2,59.4,105,1,2021-12-09 09:03:33
1639040614897042000,59.3,2,59.2,4,59.4,105,2,2021-12-09 09:03:34
1639040614897042000,59.2,13,59.2,4,59.4,105,2,2021-12-09 09:03:34
1639040615212942000,59.3,1,59.3,2,59.4,108,1,2021-12-09 09:03:35
1639040615432731000,59.4,2,59.3,2,59.4,106,1,2021-12-09 09:03:35
1639040616386299000,59.3,1,59.3,7,59.4,106,2,2021-12-09 09:03:36
1639040616860242000,59.3,5,59.3,2,59.4,106,2,2021-12-09 09:03:36
1639040616970749000,59.3,2,59.2,4,59.4,106,2,2021-12-09 09:03:36
1639040618348436000,59.4,1,59.3,5,59.4,105,1,2021-12-09 09:03:38
1639040618578387000,59.3,1,59.3,4,59.4,105,2,2021-12-09 09:03:38
1639040621101879000,59.4,2,59.3,4,59.4,103,1,2021-12-09 09:03:41
1639040621153603000,59.3,1,59.3,3,59.4,103,2,2021-12-09 09:03:41
1639040621262774000,59.3,1,59.3,2,59.4,103,2,2021-12-09 09:03:41
1639040621994201000,59.3,1,59.3,3,59.4,103,2,2021-12-09 09:03:41
1639040622835530000,59.3,5,59.3,3,59.4,103,2,2021-12-09 09:03:42
1639040623115722000,59.3,1,59.3,2,59.4,103,2,2021-12-09 09:03:43
1639040624678940000,59.4,1,59.3,9,59.4,102,1,2021-12-09 09:03:44
1639040624844359000,59.3,1,59.3,8,59.4,102,2,2021-12-09 09:03:44
1639040625156179000,59.3,1,59.3,7,59.4,102,2,2021-12-09 09:03:45
1639040625435699000,59.3,7,59.2,9,59.4,102,2,2021-12-09 09:03:45
1639040626131155000,59.4,1,59.3,2,59.4,101,1,2021-12-09 09:03:46
1639040626332715000,59.3,1,59.3,1,59.4,101,2,2021-12-09 09:03:46
1639040626795805000,59.3,4,59.2,9,59.4,101,2,2021-12-09 09:03:46
1639040627184913000,59.4,4,59.2,9,59.4,97,1,2021-12-09 09:03:47
1639040628632744000,59.3,1,59.2,11,59.4,97,2,2021-12-09 09:03:48
1639040630108186000,59.3,1,59.3,1,59.4,97,2,2021-12-09 09:03:50
1639040630343125000,59.3,1,59.2,11,59.4,97,2,2021-12-09 09:03:50
1639040631732684000,59.3,2,59.3,2,59.4,97,1,2021-12-09 09:03:51
1639040634371874000,59.3,1,59.3,3,59.4,97,2,2021-12-09 09:03:54
1639040634482471000,59.3,1,59.3,2,59.4,97,2,2021-12-09 09:03:54
1639040634933597000,59.3,1,59.3,1,59.4,97,2,2021-12-09 09:03:54
1639040635338006000,59.3,2,59.3,1,59.4,97,2,2021-12-09 09:03:55
1639040638147844000,59.4,2,59.3,9,59.4,95,1,2021-12-09 09:03:58
1639040638165470000,59.3,9,59.2,14,59.4,95,2,2021-12-09 09:03:58
1639040638165470000,59.2,1,59.2,14,59.4,95,2,2021-12-09 09:03:58
1639040640956019000,59.2,1,59.2,15,59.3,1,2,2021-12-09 09:04:00
1639040642042024000,59.3,2,59.2,16,59.4,87,1,2021-12-09 09:04:02
1639040642042024000,59.4,8,59.2,16,59.4,87,1,2021-12-09 09:04:02
1639040642719787000,59.3,2,59.3,45,59.4,88,2,2021-12-09 09:04:02
1639040643509934000,59.3,1,59.3,45,59.4,88,2,2021-12-09 09:04:03
1639040643944378000,59.3,1,59.3,44,59.4,88,2,2021-12-09 09:04:03
1639040644597339000,59.4,1,59.3,44,59.4,87,1,2021-12-09 09:04:04
1639040645111157000,59.4,1,59.3,44,59.4,86,1,2021-12-09 09:04:05
1639040645278972000,59.4,1,59.3,44,59.4,85,1,2021-12-09 09:04:05
1639040645279638000,59.4,24,59.3,44,59.4,61,1,2021-12-09 09:04:05
1639040645320585000,59.4,59,59.3,44,59.5,89,1,2021-12-09 09:04:05
1639040645320706000,59.4,2,59.3,44,59.5,89,1,2021-12-09 09:04:05
1639040647276338000,59.5,1,59.4,1,59.5,88,1,2021-12-09 09:04:07
1639040648338902000,59.4,1,59.3,49,59.5,88,2,2021-12-09 09:04:08
1639040648338902000,59.3,1,59.3,49,59.5,88,2,2021-12-09 09:04:08
1639040651403525000,59.5,1,59.4,8,59.5,87,1,2021-12-09 09:04:11
1639040652810111000,59.5,1,59.4,8,59.5,86,1,2021-12-09 09:04:12
1639040653568729000,59.5,1,59.4,8,59.5,85,1,2021-12-09 09:04:13
1639040653723076000,59.4,3,59.4,5,59.5,85,2,2021-12-09 09:04:13
1639040656067543000,59.5,1,59.4,9,59.5,85,1,2021-12-09 09:04:16
1639040656350425000,59.4,1,59.4,8,59.5,85,2,2021-12-09 09:04:16
1639040656537244000,59.4,1,59.4,7,59.5,85,2,2021-12-09 09:04:16
1639040656715482000,59.4,1,59.4,6,59.5,85,2,2021-12-09 09:04:16
1639040658526573000,59.4,1,59.4,7,59.5,85,2,2021-12-09 09:04:18
1639040659783252000,59.4,2,59.4,12,59.5,85,2,2021-12-09 09:04:19
1639040662433118000,59.4,1,59.4,18,59.5,86,2,2021-12-09 09:04:22
1639040662541187000,59.5,1,59.4,18,59.5,85,1,2021-12-09 09:04:22
1639040662633879000,59.4,5,59.4,13,59.5,85,2,2021-12-09 09:04:22
1639040666533014000,59.5,5,59.4,15,59.5,82,1,2021-12-09 09:04:26
1639040666927175000,59.5,3,59.4,16,59.5,79,1,2021-12-09 09:04:26
1639040669778136000,59.4,1,59.4,21,59.5,79,2,2021-12-09 09:04:29
1639040669997944000,59.5,10,59.4,21,59.5,69,1,2021-12-09 09:04:29
1639040670947433000,59.5,1,59.4,27,59.5,68,1,2021-12-09 09:04:30
1639040673460413000,59.5,1,59.4,29,59.5,68,1,2021-12-09 09:04:33
1639040673724964000,59.5,1,59.4,29,59.5,67,1,2021-12-09 09:04:33
1639040674395522000,59.5,1,59.4,29,59.5,66,1,2021-12-09 09:04:34
1639040674655758000,59.5,2,59.4,29,59.5,64,1,2021-12-09 09:04:34
1639040674868303000,59.5,1,59.4,29,59.5,63,1,2021-12-09 09:04:34
1639040674915592000,59.5,5,59.4,29,59.5,58,1,2021-12-09 09:04:34
1639040675209350000,59.5,1,59.4,28,59.5,57,1,2021-12-09 09:04:35
1639040675351943000,59.5,1,59.4,28,59.5,56,1,2021-12-09 09:04:35
1639040676419846000,59.4,1,59.4,27,59.5,56,2,2021-12-09 09:04:36
1639040677252025000,59.5,2,59.4,28,59.5,54,1,2021-12-09 09:04:37
1639040678175185000,59.5,2,59.4,30,59.5,52,1,2021-12-09 09:04:38
1639040678197280000,59.5,1,59.4,30,59.5,51,1,2021-12-09 09:04:38
1639040679701852000,59.5,1,59.4,30,59.5,51,1,2021-12-09 09:04:39
1639040680657133000,59.5,1,59.4,31,59.5,50,1,2021-12-09 09:04:40
1639040681244358000,59.5,1,59.4,31,59.5,49,1,2021-12-09 09:04:41
1639040682650310000,59.5,1,59.4,32,59.5,48,1,2021-12-09 09:04:42
1639040682763618000,59.5,1,59.4,32,59.5,47,1,2021-12-09 09:04:42
1639040683567083000,59.5,1,59.4,32,59.5,46,1,2021-12-09 09:04:43
1639040684767448000,59.5,1,59.4,34,59.5,47,1,2021-12-09 09:04:44
1639040685465055000,59.5,35,59.4,34,59.5,12,1,2021-12-09 09:04:45
1639040685793353000,59.4,4,59.4,30,59.5,12,2,2021-12-09 09:04:45
1639040685990043000,59.4,1,59.4,29,59.5,12,2,2021-12-09 09:04:45
1639040686019347000,59.5,1,59.4,29,59.5,11,1,2021-12-09 09:04:46
1639040686433527000,59.5,1,59.4,29,59.5,10,1,2021-12-09 09:04:46
1639040687075382000,59.5,1,59.4,28,59.5,9,1,2021-12-09 09:04:47
1639040687291480000,59.5,1,59.4,28,59.5,8,1,2021-12-09 09:04:47
1639040687668951000,59.5,5,59.4,29,59.5,6,1,2021-12-09 09:04:47
1639040687700987000,59.5,2,59.4,29,59.5,4,1,2021-12-09 09:04:47
1639040688342046000,59.5,4,59.5,1,59.6,18,1,2021-12-09 09:04:48
1639040688608348000,59.6,2,59.5,1,59.6,16,1,2021-12-09 09:04:48
1639040692260836000,59.6,1,59.5,6,59.6,15,1,2021-12-09 09:04:52
1639040692794997000,59.6,2,59.5,7,59.6,13,1,2021-12-09 09:04:52
1639040693522837000,59.6,1,59.5,7,59.6,12,1,2021-12-09 09:04:53
1639040694469784000,59.5,1,59.5,7,59.6,12,2,2021-12-09 09:04:54
1639040694849710000,59.6,4,59.5,7,59.6,8,1,2021-12-09 09:04:54
1639040696872008000,59.5,1,59.5,6,59.6,8,2,2021-12-09 09:04:56
1639040697264283000,59.6,2,59.5,6,59.6,7,1,2021-12-09 09:04:57
1639040697351911000,59.6,1,59.5,6,59.6,6,1,2021-12-09 09:04:57
1639040699041539000,59.6,4,59.5,13,59.6,2,1,2021-12-09 09:04:59
1639040699272440000,59.5,1,59.5,12,59.6,2,2,2021-12-09 09:04:59
1639040700325848000,59.6,2,59.6,3,59.7,21,1,2021-12-09 09:05:00
1639040700364302000,59.6,3,59.5,12,59.7,21,2,2021-12-09 09:05:00
1639040701048638000,59.6,1,59.5,16,59.6,1,1,2021-12-09 09:05:01
1639040701120685000,59.6,1,59.5,17,59.7,21,1,2021-12-09 09:05:01
1639040701629830000,59.6,2,59.5,16,59.7,21,2,2021-12-09 09:05:01
1639040703940215000,59.7,1,59.6,9,59.7,20,1,2021-12-09 09:05:03
1639040704148351000,59.7,4,59.6,9,59.7,16,1,2021-12-09 09:05:04
1639040705291016000,59.6,3,59.6,6,59.7,16,2,2021-12-09 09:05:05
1639040705394056000,59.6,5,59.6,1,59.7,16,2,2021-12-09 09:05:05
1639040705428954000,59.6,1,59.5,19,59.7,16,2,2021-12-09 09:05:05
1639040706492860000,59.5,12,59.5,4,59.6,1,2,2021-12-09 09:05:06
1639040706523145000,59.5,4,59.4,35,59.6,1,2,2021-12-09 09:05:06
1639040706862549000,59.6,1,59.5,6,59.7,16,1,2021-12-09 09:05:06
1639040706948524000,59.7,2,59.5,6,59.7,14,1,2021-12-09 09:05:06
1639040707188645000,59.5,1,59.5,5,59.7,14,2,2021-12-09 09:05:07
1639040707220370000,59.5,1,59.5,4,59.7,14,2,2021-12-09 09:05:07
1639040707221362000,59.5,1,59.5,3,59.7,14,2,2021-12-09 09:05:07
1639040707731986000,59.5,3,59.4,33,59.7,14,2,2021-12-09 09:05:07
1639040707731986000,59.4,2,59.4,33,59.7,14,2,2021-12-09 09:05:07
1639040708139695000,59.4,2,59.4,31,59.7,16,2,2021-12-09 09:05:08
1639040708808086000,59.7,1,59.4,31,59.7,15,1,2021-12-09 09:05:08
1639040709986618000,59.6,3,59.4,31,59.7,15,2,2021-12-09 09:05:09
1639040710945685000,59.5,1,59.4,31,59.6,1,2,2021-12-09 09:05:10
1639040711330291000,59.4,15,59.4,16,59.6,1,2,2021-12-09 09:05:11
1639040711361109000,59.4,16,59.3,49,59.6,1,2,2021-12-09 09:05:11
1639040711414451000,59.3,49,59.2,49,59.5,5,2,2021-12-09 09:05:11
1639040711492422000,59.2,3,59.2,43,59.4,3,2,2021-12-09 09:05:11
1639040711492516000,59.2,3,59.2,43,59.4,3,2,2021-12-09 09:05:11
1639040711501180000,59.2,7,59.2,36,59.4,3,2,2021-12-09 09:05:11
1639040711521948000,59.2,7,59.2,29,59.4,3,2,2021-12-09 09:05:11
1639040711522006000,59.2,7,59.2,22,59.4,3,2,2021-12-09 09:05:11
1639040711524412000,59.2,3,59.2,17,59.4,3,2,2021-12-09 09:05:11
1639040711524829000,59.2,2,59.2,17,59.4,3,2,2021-12-09 09:05:11
1639040711532285000,59.2,17,59.1,140,59.4,3,2,2021-12-09 09:05:11
1639040711957602000,59.3,1,59.1,140,59.3,4,1,2021-12-09 09:05:11
1639040712390559000,59.3,2,59.1,40,59.3,2,1,2021-12-09 09:05:12
1639040712885710000,59.3,1,59.1,40,59.3,1,1,2021-12-09 09:05:12
1639040714319030000,59.3,1,59.1,40,59.4,3,1,2021-12-09 09:05:14
1639040716487966000,59.4,3,59.5,1,59.6,14,1,2021-12-09 09:05:16
1639040716487966000,59.5,6,59.5,1,59.6,14,1,2021-12-09 09:05:16
1639040716521505000,59.5,1,59.1,40,59.6,15,2,2021-12-09 09:05:16
1639040717898711000,59.4,1,59.1,44,59.6,5,2,2021-12-09 09:05:17
1639040717898711000,59.6,9,59.1,44,59.6,5,1,2021-12-09 09:05:17
1639040718336515000,59.4,1,59.1,44,59.6,7,2,2021-12-09 09:05:18
1639040718686782000,59.3,1,59.3,1,59.5,2,2,2021-12-09 09:05:18
1639040719607986000,59.3,3,59.2,1,59.5,2,2,2021-12-09 09:05:19
1639040719792442000,59.5,2,59.5,1,59.6,7,1,2021-12-09 09:05:19
1639040719817418000,59.5,1,59.2,1,59.6,7,2,2021-12-09 09:05:19
1639040720367403000,59.5,2,59.3,2,59.7,15,1,2021-12-09 09:05:20
1639040720367403000,59.6,7,59.3,2,59.7,15,1,2021-12-09 09:05:20
1639040720367403000,59.7,1,59.3,2,59.7,15,1,2021-12-09 09:05:20
1639040721836219000,59.4,1,59.3,5,59.5,1,2,2021-12-09 09:05:21
1639040723984463000,59.3,2,59.3,4,59.5,1,2,2021-12-09 09:05:23
1639040724016656000,59.3,4,59.2,3,59.5,1,2,2021-12-09 09:05:24
1639040725179892000,59.5,1,59.4,2,59.6,5,1,2021-12-09 09:05:25
1639040726526916000,59.5,2,59.4,7,59.6,5,2,2021-12-09 09:05:26
1639040726674202000,59.4,2,59.4,5,59.6,5,2,2021-12-09 09:05:26
1639040726863570000,59.4,5,59.3,1,59.6,5,2,2021-12-09 09:05:26
1639040726863570000,59.3,5,59.3,1,59.6,5,2,2021-12-09 09:05:26
1639040728124486000,59.4,1,59.3,1,59.5,1,1,2021-12-09 09:05:28
1639040731264669000,59.4,1,59.3,5,59.4,1,2,2021-12-09 09:05:31
1639040731640149000,59.4,1,59.3,5,59.5,2,1,2021-12-09 09:05:31
1639040733469799000,59.5,1,59.3,9,59.5,2,1,2021-12-09 09:05:33
1639040735405520000,59.4,1,59.3,11,59.5,2,2,2021-12-09 09:05:35
1639040736303192000,59.5,1,59.4,1,59.5,1,1,2021-12-09 09:05:36
1639040740273151000,59.4,1,59.4,6,59.5,11,2,2021-12-09 09:05:40
1639040743089878000,59.4,3,59.4,3,59.5,12,2,2021-12-09 09:05:43
1639040743479992000,59.4,1,59.4,2,59.5,12,2,2021-12-09 09:05:43
1639040744918224000,59.4,4,59.3,18,59.5,12,2,2021-12-09 09:05:44
1639040746029034000,59.3,1,59.3,17,59.5,12,2,2021-12-09 09:05:46
1639040748272551000,59.5,5,59.4,1,59.5,7,1,2021-12-09 09:05:48
1639040751415682000,59.4,1,59.3,18,59.5,7,2,2021-12-09 09:05:51
1639040751732827000,59.3,1,59.3,17,59.5,7,2,2021-12-09 09:05:51
1639040756158067000,59.5,5,59.4,5,59.5,3,1,2021-12-09 09:05:56
1639040756187440000,59.4,1,59.4,4,59.5,3,2,2021-12-09 09:05:56
1639040758790770000,59.4,1,59.4,3,59.5,3,2,2021-12-09 09:05:58
1639040759258924000,59.5,1,59.4,3,59.5,2,1,2021-12-09 09:05:59
1639040759966628000,59.5,2,59.4,3,59.6,11,1,2021-12-09 09:05:59
1639040759966628000,59.6,2,59.4,3,59.6,11,1,2021-12-09 09:05:59
1639040762116007000,59.4,1,59.4,3,59.5,1,2,2021-12-09 09:06:02
1639040763254443000,59.4,1,59.4,2,59.5,1,2,2021-12-09 09:06:03
1639040763751111000,59.5,1,59.4,2,59.5,1,1,2021-12-09 09:06:03
1639040764364608000,59.5,1,59.4,2,59.6,11,1,2021-12-09 09:06:04
1639040765274083000,59.4,1,59.4,2,59.6,11,2,2021-12-09 09:06:05
1639040766385147000,59.6,1,59.4,7,59.6,10,1,2021-12-09 09:06:06
1639040768328055000,59.4,1,59.4,8,59.5,1,2,2021-12-09 09:06:08
1639040769093136000,59.4,1,59.4,7,59.5,1,2,2021-12-09 09:06:09
1639040770208401000,59.4,1,59.4,6,59.5,1,2,2021-12-09 09:06:10
1639040771708022000,59.4,1,59.4,6,59.5,11,2,2021-12-09 09:06:11
1639040776298793000,59.5,1,59.4,26,59.5,13,1,2021-12-09 09:06:16
1639040777260314000,59.4,1,59.4,25,59.5,13,2,2021-12-09 09:06:17
1639040779061929000,59.4,1,59.4,24,59.5,13,2,2021-12-09 09:06:19
1639040780804556000,59.4,1,59.4,23,59.5,13,2,2021-12-09 09:06:20
1639040783985508000,59.4,1,59.4,20,59.5,20,2,2021-12-09 09:06:23
1639040785128520000,59.4,1,59.4,20,59.5,20,2,2021-12-09 09:06:25
1639040786457856000,59.5,2,59.4,20,59.5,18,1,2021-12-09 09:06:26
1639040787198616000,59.4,1,59.4,19,59.5,18,2,2021-12-09 09:06:27
1639040788693727000,59.5,2,59.4,19,59.5,16,1,2021-12-09 09:06:28
1639040791254793000,59.5,5,59.4,20,59.5,11,1,2021-12-09 09:06:31
1639040791427888000,59.4,1,59.4,19,59.5,11,2,2021-12-09 09:06:31
1639040794298246000,59.4,23,59.3,20,59.4,7,2,2021-12-09 09:06:34
1639040794330971000,59.3,1,59.3,19,59.4,7,2,2021-12-09 09:06:34
1639040794333028000,59.3,1,59.3,18,59.4,7,2,2021-12-09 09:06:34
1639040795547610000,59.4,1,59.3,18,59.4,6,1,2021-12-09 09:06:35
1639040795709553000,59.3,1,59.3,17,59.4,6,2,2021-12-09 09:06:35
1639040796826998000,59.4,1,59.3,16,59.4,5,1,2021-12-09 09:06:36
1639040798195391000,59.3,1,59.3,15,59.4,8,2,2021-12-09 09:06:38
1639040800049577000,59.3,1,59.3,15,59.4,11,2,2021-12-09 09:06:40
1639040800811065000,59.3,1,59.3,14,59.4,11,2,2021-12-09 09:06:40
1639040800838120000,59.3,1,59.3,13,59.4,11,2,2021-12-09 09:06:40
1639040800872981000,59.3,1,59.3,12,59.4,11,2,2021-12-09 09:06:40
1639040804583815000,59.3,2,59.3,11,59.4,22,2,2021-12-09 09:06:44
1639040804635640000,59.3,1,59.3,10,59.4,22,2,2021-12-09 09:06:44
1639040804670039000,59.3,10,59.2,26,59.4,22,2,2021-12-09 09:06:44
1639040805567632000,59.2,1,59.2,22,59.3,1,2,2021-12-09 09:06:45
1639040806872180000,59.3,1,59.2,22,59.3,11,1,2021-12-09 09:06:46
1639040807058122000,59.2,1,59.2,21,59.3,12,2,2021-12-09 09:06:47
1639040810340378000,59.2,1,59.2,26,59.3,12,2,2021-12-09 09:06:50
1639040810369312000,59.2,1,59.2,25,59.3,12,2,2021-12-09 09:06:50
1639040810387453000,59.2,1,59.2,24,59.3,12,2,2021-12-09 09:06:50
1639040812379645000,59.2,10,59.2,15,59.3,12,2,2021-12-09 09:06:52
1639040812450856000,59.2,1,59.2,14,59.3,12,2,2021-12-09 09:06:52
1639040813353947000,59.2,2,59.2,17,59.3,12,2,2021-12-09 09:06:53
1639040813852781000,59.2,2,59.2,15,59.3,14,2,2021-12-09 09:06:53
1639040815958931000,59.2,2,59.2,13,59.3,14,2,2021-12-09 09:06:55
1639040816015692000,59.2,1,59.2,12,59.3,14,2,2021-12-09 09:06:56
1639040816106251000,59.2,2,59.2,10,59.3,14,2,2021-12-09 09:06:56
1639040818618051000,59.2,1,59.2,9,59.3,15,2,2021-12-09 09:06:58
1639040819766412000,59.2,2,59.2,7,59.3,15,2,2021-12-09 09:06:59
1639040820721547000,59.2,1,59.2,6,59.3,20,2,2021-12-09 09:07:00
1639040820781761000,59.2,1,59.2,5,59.3,20,2,2021-12-09 09:07:00
1639040822142944000,59.3,1,59.2,5,59.3,22,1,2021-12-09 09:07:02
1639040823087226000,59.2,1,59.2,4,59.3,23,2,2021-12-09 09:07:03
1639040823460993000,59.2,1,59.2,3,59.3,23,2,2021-12-09 09:07:03
1639040824308947000,59.2,1,59.2,2,59.3,23,2,2021-12-09 09:07:04
1639040828686858000,59.2,1,59.2,3,59.3,23,2,2021-12-09 09:07:08
1639040828686921000,59.2,1,59.2,3,59.3,23,2,2021-12-09 09:07:08
1639040828686950000,59.2,1,59.2,3,59.3,23,2,2021-12-09 09:07:08
1639040828718666000,59.2,1,59.2,2,59.3,23,2,2021-12-09 09:07:08
1639040828993326000,59.3,1,59.2,2,59.3,22,1,2021-12-09 09:07:08
1639040829737665000,59.3,1,59.2,2,59.3,20,1,2021-12-09 09:07:09
1639040830302778000,59.2,1,59.2,1,59.3,20,2,2021-12-09 09:07:10
1639040830571749000,59.3,1,59.2,1,59.3,19,1,2021-12-09 09:07:10
1639040830735294000,59.2,1,59.1,65,59.3,19,2,2021-12-09 09:07:10
1639040833371354000,59.2,4,59.1,61,59.3,13,1,2021-12-09 09:07:13
1639040833371354000,59.3,6,59.1,61,59.3,13,1,2021-12-09 09:07:13
1639040833647402000,59.2,1,59.2,1,59.3,13,2,2021-12-09 09:07:13
1639040836717615000,59.2,1,59.2,2,59.3,13,2,2021-12-09 09:07:16
1639040836871635000,59.2,1,59.2,1,59.3,13,2,2021-12-09 09:07:16
1639040841248040000,59.2,1,59.2,5,59.3,14,2,2021-12-09 09:07:21
1639040842219886000,59.2,5,59.1,61,59.3,14,2,2021-12-09 09:07:22
1639040844951544000,59.1,1,59.1,62,59.2,2,2,2021-12-09 09:07:24
1639040845202303000,59.1,4,59.1,58,59.2,2,2,2021-12-09 09:07:25
1639040845807815000,59.2,1,59.1,58,59.2,1,1,2021-12-09 09:07:25
1639040845821960000,59.1,1,59.1,57,59.2,1,2,2021-12-09 09:07:25
1639040849248905000,59.1,2,59.1,54,59.2,3,2,2021-12-09 09:07:29
1639040849256557000,59.2,2,59.1,54,59.2,1,1,2021-12-09 09:07:29
1639040852314880000,59.2,1,59.1,54,59.2,1,1,2021-12-09 09:07:32
1639040852434020000,59.1,1,59.1,53,59.2,1,2,2021-12-09 09:07:32
1639040853977303000,59.1,1,59.1,52,59.2,2,2,2021-12-09 09:07:33
1639040856213235000,59.2,1,59.1,52,59.2,4,1,2021-12-09 09:07:36
1639040856255059000,59.2,4,59.1,54,59.3,17,1,2021-12-09 09:07:36
1639040858177939000,59.1,10,59.1,44,59.2,3,2,2021-12-09 09:07:38
1639040858229528000,59.1,1,59.1,43,59.2,3,2,2021-12-09 09:07:38
1639040858230228000,59.1,1,59.1,42,59.2,3,2,2021-12-09 09:07:38
1639040859428243000,59.2,2,59.1,45,59.2,2,1,2021-12-09 09:07:39
1639040862906087000,59.2,2,59.1,54,59.3,16,1,2021-12-09 09:07:42
1639040865651420000,59.3,2,59.2,6,59.3,13,1,2021-12-09 09:07:45
1639040865677884000,59.3,13,59.2,6,59.4,5,1,2021-12-09 09:07:45
1639040865718354000,59.4,5,59.2,11,59.5,22,1,2021-12-09 09:07:45
1639040868463656000,59.4,2,59.3,1,59.5,20,1,2021-12-09 09:07:48
1639040869572303000,59.5,2,59.3,1,59.5,18,1,2021-12-09 09:07:49
1639040869603736000,59.5,17,59.3,1,59.5,1,1,2021-12-09 09:07:49
1639040869633570000,59.5,1,59.3,1,59.6,10,1,2021-12-09 09:07:49
1639040878793244000,59.5,1,59.5,1,59.6,10,2,2021-12-09 09:07:58
1639040880005725000,59.6,10,59.5,3,59.7,36,1,2021-12-09 09:08:00
1639040886214473000,59.7,36,59.6,3,59.8,26,1,2021-12-09 09:08:06
1639040887357639000,59.7,1,59.6,3,59.8,25,1,2021-12-09 09:08:07
1639040887931721000,59.8,1,59.6,3,59.8,24,1,2021-12-09 09:08:07
1639040887936115000,59.8,1,59.6,3,59.8,22,1,2021-12-09 09:08:07
1639040887936357000,59.8,1,59.6,3,59.8,22,1,2021-12-09 09:08:07
1639040887951655000,59.8,22,59.6,3,59.9,49,1,2021-12-09 09:08:07
1639040891196037000,59.9,2,59.6,9,59.9,47,1,2021-12-09 09:08:11
1639040891323496000,59.9,16,59.6,9,59.9,31,1,2021-12-09 09:08:11
1639040891348407000,59.9,31,59.6,9,60.0,20,1,2021-12-09 09:08:11
1639040891409710000,59.9,2,59.7,2,60.1,1,1,2021-12-09 09:08:11
1639040891409710000,60.0,20,59.7,2,60.1,1,1,2021-12-09 09:08:11
1639040891473318000,59.7,2,59.6,9,59.7,2,2,2021-12-09 09:08:11
1639040891482914000,59.7,1,59.6,9,59.7,1,1,2021-12-09 09:08:11
1639040891494139000,59.7,1,59.6,9,60.0,2,1,2021-12-09 09:08:11
1639040891501967000,60.0,2,59.6,9,60.2,6,1,2021-12-09 09:08:11
1639040891501967000,60.1,1,59.6,9,60.2,6,1,2021-12-09 09:08:11
1639040891553101000,59.9,2,59.7,3,60.2,9,2,2021-12-09 09:08:11
1639040893059091000,60.0,1,59.7,4,60.2,9,1,2021-12-09 09:08:13
1639040895672527000,60.2,2,59.8,4,60.2,7,1,2021-12-09 09:08:15
1639040895719720000,59.8,4,59.7,3,60.2,7,2,2021-12-09 09:08:15
1639040895719720000,59.7,1,59.7,3,60.2,7,2,2021-12-09 09:08:15
1639040900816621000,60.2,1,60.0,1,60.2,11,1,2021-12-09 09:08:20
1639040905193859000,60.1,2,60.0,1,60.1,6,2,2021-12-09 09:08:25
1639040906326338000,60.1,1,60.0,1,60.1,5,1,2021-12-09 09:08:26
1639040908518219000,60.1,1,60.0,3,60.1,9,1,2021-12-09 09:08:28
1639040908844997000,60.0,1,60.0,2,60.1,9,2,2021-12-09 09:08:28
1639040909771450000,60.1,2,60.0,5,60.1,7,1,2021-12-09 09:08:29
1639040910716675000,60.1,1,60.0,6,60.1,6,1,2021-12-09 09:08:30
1639040910919190000,60.1,6,60.1,16,60.2,14,1,2021-12-09 09:08:30
1639040911329212000,60.2,11,60.1,16,60.3,6,1,2021-12-09 09:08:31
1639040911358184000,60.3,6,60.1,16,60.4,5,1,2021-12-09 09:08:31
1639040911824912000,60.4,5,60.1,16,60.5,8,1,2021-12-09 09:08:31
1639040911824912000,60.5,2,60.1,16,60.5,8,1,2021-12-09 09:08:31
1639040911930133000,60.1,2,60.1,14,60.5,8,2,2021-12-09 09:08:31
1639040912285702000,60.2,1,60.2,3,60.5,8,1,2021-12-09 09:08:32
1639040913063308000,60.2,1,60.2,3,60.4,5,2,2021-12-09 09:08:33
1639040913116636000,60.4,5,60.2,3,60.5,8,1,2021-12-09 09:08:33
1639040913971006000,60.4,1,60.2,3,60.5,8,2,2021-12-09 09:08:33
1639040913971006000,60.3,1,60.2,3,60.5,8,2,2021-12-09 09:08:33
1639040913971006000,60.2,2,60.2,3,60.5,8,2,2021-12-09 09:08:33
1639040915504428000,60.5,5,60.2,8,60.5,10,1,2021-12-09 09:08:35
1639040917718446000,60.4,1,60.2,7,60.5,11,2,2021-12-09 09:08:37
1639040917718446000,60.5,4,60.2,7,60.5,11,1,2021-12-09 09:08:37
1639040918087655000,60.5,1,60.2,14,60.5,10,1,2021-12-09 09:08:38
1639040918542718000,60.5,5,60.3,4,60.5,5,1,2021-12-09 09:08:38
1639040919211218000,60.3,1,60.3,3,60.5,5,2,2021-12-09 09:08:39
1639040920097825000,60.5,1,60.3,1,60.5,5,1,2021-12-09 09:08:40
1639040920404815000,60.4,1,60.3,1,60.5,5,2,2021-12-09 09:08:40
1639040920489108000,60.5,1,60.3,1,60.5,4,1,2021-12-09 09:08:40
1639040921239254000,60.4,5,60.3,1,60.5,4,2,2021-12-09 09:08:41
1639040921447497000,60.5,2,60.3,1,60.5,2,1,2021-12-09 09:08:41
1639040921575566000,60.3,1,60.2,9,60.5,2,2,2021-12-09 09:08:41
1639040921575566000,60.2,4,60.2,9,60.5,2,2,2021-12-09 09:08:41
1639040922567139000,60.2,3,60.2,7,60.4,11,2,2021-12-09 09:08:42
1639040922596483000,60.2,7,60.1,21,60.4,11,2,2021-12-09 09:08:42
1639040923868856000,60.4,1,60.3,1,60.4,10,1,2021-12-09 09:08:43
1639040924426476000,60.4,2,60.3,1,60.4,8,1,2021-12-09 09:08:44
1639040925991304000,60.3,1,60.3,2,60.4,13,2,2021-12-09 09:08:45
1639040926017758000,60.4,1,60.3,2,60.4,12,1,2021-12-09 09:08:46
1639040926299252000,60.4,1,60.3,3,60.4,11,1,2021-12-09 09:08:46
1639040927261291000,60.3,1,60.3,2,60.4,15,2,2021-12-09 09:08:47
1639040927358614000,60.4,1,60.3,2,60.4,14,1,2021-12-09 09:08:47
1639040927656105000,60.4,5,60.3,2,60.4,9,1,2021-12-09 09:08:47
1639040928559859000,60.4,1,60.3,3,60.4,8,1,2021-12-09 09:08:48
1639040928662373000,60.4,5,60.3,3,60.4,3,1,2021-12-09 09:08:48
1639040928699878000,60.4,3,60.3,3,60.5,11,1,2021-12-09 09:08:48
1639040928857856000,60.5,3,60.3,3,60.5,11,1,2021-12-09 09:08:48
1639040929231914000,60.4,1,60.4,1,60.5,11,2,2021-12-09 09:08:49
1639040929736336000,60.4,1,60.4,1,60.5,12,2,2021-12-09 09:08:49
1639040930567914000,60.4,1,60.3,5,60.5,9,2,2021-12-09 09:08:50
1639040930654396000,60.3,5,60.2,13,60.3,95,2,2021-12-09 09:08:50
1639040930745198000,60.2,2,60.2,11,60.3,95,2,2021-12-09 09:08:50
1639040930795259000,60.3,1,60.2,11,60.3,94,1,2021-12-09 09:08:50
1639040930998643000,60.3,1,60.2,11,60.3,93,1,2021-12-09 09:08:50
1639040931014918000,60.3,2,60.2,11,60.3,91,1,2021-12-09 09:08:51
1639040931444101000,60.3,2,60.2,11,60.3,89,1,2021-12-09 09:08:51
1639040931507612000,60.2,1,60.2,10,60.3,89,2,2021-12-09 09:08:51
1639040931714884000,60.2,7,60.2,3,60.3,89,2,2021-12-09 09:08:51
1639040931802984000,60.3,1,60.2,3,60.3,88,1,2021-12-09 09:08:51
1639040931930229000,60.2,1,60.2,2,60.3,88,2,2021-12-09 09:08:51
1639040932870963000,60.3,1,60.2,2,60.3,87,1,2021-12-09 09:08:52
1639040933515013000,60.3,1,60.2,2,60.3,86,1,2021-12-09 09:08:53
1639040933799601000,60.3,5,60.2,3,60.3,86,1,2021-12-09 09:08:53
1639040933940267000,60.3,1,60.2,3,60.3,85,1,2021-12-09 09:08:53
1639040934236088000,60.2,3,60.1,22,60.2,2,2,2021-12-09 09:08:54
1639040934496599000,60.2,1,60.1,22,60.2,6,1,2021-12-09 09:08:54
1639040934522017000,60.2,1,60.1,22,60.2,10,1,2021-12-09 09:08:54
1639040934831527000,60.2,1,60.1,22,60.2,10,1,2021-12-09 09:08:54
1639040934973698000,60.2,4,60.1,22,60.2,7,1,2021-12-09 09:08:54
1639040935004480000,60.1,7,60.1,15,60.2,7,2,2021-12-09 09:08:55
1639040935043475000,60.1,1,60.1,14,60.2,7,2,2021-12-09 09:08:55
1639040935069960000,60.1,1,60.1,13,60.2,7,2,2021-12-09 09:08:55
1639040935730135000,60.2,7,60.1,12,60.3,78,1,2021-12-09 09:08:55
1639040935730135000,60.3,3,60.1,12,60.3,78,1,2021-12-09 09:08:55
1639040936161992000,60.1,1,60.1,11,60.2,7,2,2021-12-09 09:08:56
1639040936192945000,60.1,11,60.0,32,60.2,7,2,2021-12-09 09:08:56
1639040936464875000,60.0,32,59.9,2,60.2,11,2,2021-12-09 09:08:56
1639040936628123000,60.2,1,59.9,2,60.2,11,1,2021-12-09 09:08:56
1639040936964560000,59.9,2,59.8,16,60.1,1,2,2021-12-09 09:08:56
1639040936964560000,59.8,3,59.8,16,60.1,1,2,2021-12-09 09:08:56
1639040937329526000,60.1,1,59.8,16,60.2,12,1,2021-12-09 09:08:57
1639040937329526000,60.2,4,59.8,16,60.2,12,1,2021-12-09 09:08:57
1639040937338389000,60.2,3,59.8,16,60.2,9,1,2021-12-09 09:08:57
1639040938160777000,60.1,1,60.0,2,60.1,1,2,2021-12-09 09:08:58
1639040938609019000,60.0,2,59.9,3,60.1,6,2,2021-12-09 09:08:58
1639040938738794000,60.1,3,59.9,6,60.1,3,1,2021-12-09 09:08:58
1639040939993415000,60.1,1,60.0,1,60.1,3,1,2021-12-09 09:08:59
1639040940390359000,60.1,3,60.0,1,60.2,8,1,2021-12-09 09:09:00
1639040940390359000,60.2,7,60.0,1,60.2,8,1,2021-12-09 09:09:00
1639040942144583000,60.1,2,60.0,1,60.1,7,2,2021-12-09 09:09:02
1639040942199708000,60.0,1,59.9,6,60.0,4,2,2021-12-09 09:09:02
1639040943105466000,59.9,1,59.9,7,60.0,4,2,2021-12-09 09:09:03
1639040943258788000,59.9,1,59.9,6,60.0,5,2,2021-12-09 09:09:03
1639040943353598000,60.0,1,59.9,6,60.0,4,1,2021-12-09 09:09:03
1639040943355540000,60.0,1,59.9,6,60.0,3,1,2021-12-09 09:09:03
1639040943459106000,60.0,1,59.9,6,60.0,2,1,2021-12-09 09:09:03
1639040943577375000,60.0,1,59.9,6,60.0,1,1,2021-12-09 09:09:03
1639040943765789000,60.0,1,59.9,6,60.1,8,1,2021-12-09 09:09:03
1639040943765789000,60.1,1,59.9,6,60.1,8,1,2021-12-09 09:09:03
1639040944472536000,60.1,1,59.9,6,60.1,7,1,2021-12-09 09:09:04
1639040946034602000,60.0,1,60.0,1,60.1,12,2,2021-12-09 09:09:06
1639040946280180000,60.1,1,60.0,1,60.1,11,1,2021-12-09 09:09:06
1639040946740464000,60.0,1,59.9,7,60.1,10,2,2021-12-09 09:09:06
1639040948605513000,60.1,1,60.0,9,60.1,10,1,2021-12-09 09:09:08
1639040948723351000,60.0,5,60.0,4,60.1,10,2,2021-12-09 09:09:08
1639040949025808000,60.1,1,60.0,4,60.1,15,1,2021-12-09 09:09:09
1639040949122083000,60.1,1,60.0,4,60.1,14,1,2021-12-09 09:09:09
1639040949273083000,60.1,5,60.0,4,60.1,9,1,2021-12-09 09:09:09
1639040949505324000,60.1,1,60.0,4,60.1,8,1,2021-12-09 09:09:09
1639040949559635000,60.1,3,60.0,4,60.1,5,1,2021-12-09 09:09:09
1639040950119871000,60.1,2,60.0,6,60.1,3,1,2021-12-09 09:09:10
1639040950136797000,60.1,3,60.1,7,60.2,9,1,2021-12-09 09:09:10
1639040950550505000,60.1,9,60.0,6,60.1,1,2,2021-12-09 09:09:10
1639040951182772000,60.0,1,60.0,8,60.1,1,2,2021-12-09 09:09:11
1639040951899186000,60.0,1,60.0,7,60.1,1,2,2021-12-09 09:09:11
1639040951941176000,60.0,1,60.0,6,60.1,1,2,2021-12-09 09:09:11
1639040952184793000,60.0,1,60.0,5,60.1,1,2,2021-12-09 09:09:12
1639040952596719000,60.0,5,59.9,18,60.1,1,2,2021-12-09 09:09:12
1639040953776042000,60.0,3,60.0,3,60.1,1,2,2021-12-09 09:09:13
1639040954378305000,60.1,1,60.0,4,60.1,1,1,2021-12-09 09:09:14
1639040954506360000,60.1,1,60.0,4,60.1,20,1,2021-12-09 09:09:14
1639040954521000000,60.1,5,60.0,4,60.1,15,1,2021-12-09 09:09:14
1639040956775509000,60.0,2,60.0,8,60.1,17,2,2021-12-09 09:09:16
1639040957323835000,60.0,5,60.0,4,60.1,17,2,2021-12-09 09:09:17
1639040957427817000,60.1,1,60.0,4,60.1,16,1,2021-12-09 09:09:17
1639040958573624000,60.0,1,60.0,25,60.1,16,2,2021-12-09 09:09:18
1639040958744377000,60.0,2,60.0,24,60.1,16,2,2021-12-09 09:09:18
1639040959073888000,60.0,1,60.0,23,60.1,16,2,2021-12-09 09:09:19
1639040959346329000,60.1,1,60.0,24,60.1,15,1,2021-12-09 09:09:19
1639040960883171000,60.0,1,60.0,23,60.1,16,2,2021-12-09 09:09:20
1639040961499875000,60.1,2,60.0,24,60.1,14,1,2021-12-09 09:09:21
1639040962017932000,60.1,1,60.0,24,60.1,13,1,2021-12-09 09:09:22
1639040962102060000,60.0,1,60.0,23,60.1,13,2,2021-12-09 09:09:22
1639040962460981000,60.0,5,60.0,19,60.1,13,2,2021-12-09 09:09:22
1639040962515770000,60.0,1,60.0,18,60.1,13,2,2021-12-09 09:09:22
1639040962792084000,60.1,1,60.0,18,60.1,12,1,2021-12-09 09:09:22
1639040964770557000,60.1,1,60.0,22,60.1,11,1,2021-12-09 09:09:24
1639040964894905000,60.0,1,60.0,21,60.1,11,2,2021-12-09 09:09:24
1639040965548363000,60.1,2,60.0,21,60.1,9,1,2021-12-09 09:09:25
1639040965715299000,60.1,2,60.0,22,60.1,7,1,2021-12-09 09:09:25
1639040966374698000,60.1,1,60.0,22,60.1,6,1,2021-12-09 09:09:26
1639040966644071000,60.1,1,60.0,22,60.1,5,1,2021-12-09 09:09:26
1639040967165555000,60.1,1,60.0,23,60.1,29,1,2021-12-09 09:09:27
1639040967770948000,60.0,1,60.0,23,60.1,32,2,2021-12-09 09:09:27
1639040967795264000,60.0,7,60.0,16,60.1,32,2,2021-12-09 09:09:27
1639040967825886000,60.0,16,59.9,20,60.1,32,2,2021-12-09 09:09:27
1639040967964457000,60.1,2,59.9,20,60.1,30,1,2021-12-09 09:09:27
1639040968139477000,60.1,1,59.9,20,60.1,29,1,2021-12-09 09:09:28
1639040968464645000,60.1,1,59.9,20,60.1,28,1,2021-12-09 09:09:28
1639040968554053000,60.1,1,59.9,20,60.1,27,1,2021-12-09 09:09:28
1639040969663818000,60.0,2,60.0,1,60.1,28,2,2021-12-09 09:09:29
1639040970421743000,60.1,1,60.0,2,60.1,27,1,2021-12-09 09:09:30
1639040971033328000,60.0,1,60.0,1,60.1,27,2,2021-12-09 09:09:31
1639040971058727000,60.0,1,59.9,20,60.1,27,2,2021-12-09 09:09:31
1639040971640537000,60.0,1,59.9,20,60.1,27,1,2021-12-09 09:09:31
1639040973500306000,60.0,1,60.0,9,60.1,27,2,2021-12-09 09:09:33
1639040974462620000,60.0,12,59.9,20,60.0,22,2,2021-12-09 09:09:34
1639040975356573000,60.0,2,59.9,20,60.0,20,1,2021-12-09 09:09:35
1639040975674397000,60.0,2,59.9,20,60.0,19,1,2021-12-09 09:09:35
1639040977088090000,60.0,1,59.9,20,60.0,24,1,2021-12-09 09:09:37
1639040978326603000,59.9,1,59.9,20,60.0,25,2,2021-12-09 09:09:38
1639040978693437000,59.9,5,59.9,15,60.0,26,2,2021-12-09 09:09:38
1639040979458646000,59.9,1,59.9,14,60.0,26,2,2021-12-09 09:09:39
1639040979764923000,60.0,1,59.9,14,60.0,25,1,2021-12-09 09:09:39
1639040980122848000,59.9,1,59.9,13,60.0,28,2,2021-12-09 09:09:40
1639040981396906000,60.0,1,59.9,18,60.0,32,1,2021-12-09 09:09:41
1639040981514111000,59.9,3,59.9,15,60.0,32,2,2021-12-09 09:09:41
1639040982193970000,59.9,2,59.9,13,60.0,27,2,2021-12-09 09:09:42
1639040982508907000,59.9,8,59.9,5,60.0,32,2,2021-12-09 09:09:42
1639040982529167000,59.9,2,59.8,30,60.0,32,2,2021-12-09 09:09:42
1639040982529450000,59.9,3,59.8,30,60.0,32,2,2021-12-09 09:09:42
1639040982693512000,59.9,1,59.8,27,60.0,32,1,2021-12-09 09:09:42
1639040983122502000,60.0,1,59.8,27,60.0,56,1,2021-12-09 09:09:43
1639040984483608000,59.9,1,59.9,3,60.0,52,2,2021-12-09 09:09:44
1639040985025700000,59.9,1,59.9,2,60.0,52,2,2021-12-09 09:09:45
1639040985055834000,59.9,2,59.8,27,60.0,52,2,2021-12-09 09:09:45
1639040985249329000,59.9,1,59.8,27,60.0,52,1,2021-12-09 09:09:45
1639040986179192000,59.9,1,59.8,27,59.9,5,1,2021-12-09 09:09:46
1639040986311582000,59.8,1,59.8,26,59.9,5,2,2021-12-09 09:09:46
1639040987052770000,59.9,2,59.8,26,59.9,3,1,2021-12-09 09:09:47
1639040987852933000,59.9,1,59.8,26,59.9,2,1,2021-12-09 09:09:47
1639040988290822000,59.9,1,59.8,26,59.9,1,1,2021-12-09 09:09:48
1639040990060222000,59.8,1,59.8,25,59.9,12,2,2021-12-09 09:09:50
1639040990631612000,59.8,1,59.8,24,59.9,12,2,2021-12-09 09:09:50
1639040990868424000,59.9,1,59.8,24,59.9,11,1,2021-12-09 09:09:50
1639040991288352000,59.9,11,59.8,25,60.0,44,1,2021-12-09 09:09:51
1639040991288352000,60.0,9,59.8,25,60.0,44,1,2021-12-09 09:09:51
1639040994219170000,59.9,1,59.8,29,60.0,46,2,2021-12-09 09:09:54
1639040995516542000,59.9,1,59.8,30,59.9,3,1,2021-12-09 09:09:55
1639040996015644000,59.9,3,59.9,2,60.0,47,1,2021-12-09 09:09:56
1639040996338611000,59.9,1,59.9,1,60.0,48,2,2021-12-09 09:09:56
1639040997629933000,59.9,1,59.9,2,60.0,49,2,2021-12-09 09:09:57
1639040999841037000,59.9,1,59.9,17,60.0,51,2,2021-12-09 09:09:59
1639041001118014000,60.0,1,59.9,18,60.0,50,1,2021-12-09 09:10:01
1639041001373197000,60.0,2,59.9,18,60.0,48,1,2021-12-09 09:10:01
1639041001903356000,59.9,7,59.9,12,60.0,48,2,2021-12-09 09:10:01
1639041002290086000,59.9,1,59.9,11,60.0,48,2,2021-12-09 09:10:02
1639041002538081000,59.9,2,59.9,9,60.0,48,2,2021-12-09 09:10:02
1639041003258059000,59.9,1,59.9,8,60.0,48,2,2021-12-09 09:10:03
1639041003292087000,59.9,7,59.9,1,60.0,48,2,2021-12-09 09:10:03
1639041003351455000,59.9,1,59.8,39,60.0,49,2,2021-12-09 09:10:03
1639041003373404000,59.8,1,59.8,38,60.0,49,2,2021-12-09 09:10:03
1639041003547728000,59.9,1,59.8,39,60.0,50,1,2021-12-09 09:10:03
1639041005567761000,59.9,5,59.9,2,60.0,50,2,2021-12-09 09:10:05
1639041005603944000,59.9,2,59.8,39,60.0,51,2,2021-12-09 09:10:05
1639041006074093000,59.9,1,59.9,2,60.0,51,2,2021-12-09 09:10:06
1639041006206566000,59.9,2,59.8,38,59.9,3,2,2021-12-09 09:10:06
1639041006274645000,59.9,1,59.8,38,59.9,2,1,2021-12-09 09:10:06
1639041008622112000,59.9,1,59.8,41,59.9,21,1,2021-12-09 09:10:08
1639041009318182000,59.9,1,59.8,42,59.9,20,1,2021-12-09 09:10:09
1639041010669719000,59.9,10,59.8,42,59.9,15,1,2021-12-09 09:10:10
1639041011298644000,59.9,1,59.8,42,59.9,14,1,2021-12-09 09:10:11
1639041011616211000,59.9,2,59.8,42,59.9,12,1,2021-12-09 09:10:11
1639041013970964000,59.8,11,59.8,36,59.9,17,2,2021-12-09 09:10:13
1639041013991481000,59.8,21,59.8,15,59.9,17,2,2021-12-09 09:10:13
1639041014010522000,59.9,1,59.8,15,59.9,16,1,2021-12-09 09:10:14
1639041014011805000,59.8,15,59.7,18,59.9,16,2,2021-12-09 09:10:14
1639041014458980000,59.8,1,59.7,15,59.8,3,1,2021-12-09 09:10:14
1639041014569247000,59.7,1,59.7,14,59.8,3,2,2021-12-09 09:10:14
1639041014589849000,59.7,1,59.7,13,59.8,3,2,2021-12-09 09:10:14
1639041014653742000,59.8,1,59.7,13,59.8,2,1,2021-12-09 09:10:14
1639041014684396000,59.8,1,59.7,13,59.8,1,1,2021-12-09 09:10:14
1639041014881173000,59.8,1,59.7,13,59.9,16,1,2021-12-09 09:10:14
1639041014951802000,59.7,1,59.7,12,59.9,16,2,2021-12-09 09:10:14
1639041017588775000,59.7,9,59.7,8,59.8,4,2,2021-12-09 09:10:17
1639041017609580000,59.7,8,59.6,16,59.8,4,2,2021-12-09 09:10:17
1639041017986152000,59.8,1,59.6,16,59.8,3,1,2021-12-09 09:10:17
1639041020493232000,59.8,1,59.6,16,59.8,2,1,2021-12-09 09:10:20
1639041021005882000,59.8,2,59.6,15,59.9,25,1,2021-12-09 09:10:21
1639041021996508000,59.6,1,59.6,14,59.8,4,2,2021-12-09 09:10:21
1639041022659812000,59.6,1,59.6,13,59.8,4,2,2021-12-09 09:10:22
1639041023622844000,59.6,1,59.6,12,59.8,4,2,2021-12-09 09:10:23
1639041025620627000,59.8,2,59.6,11,59.8,2,1,2021-12-09 09:10:25
1639041026212338000,59.6,4,59.6,7,59.7,1,2,2021-12-09 09:10:26
1639041026366160000,59.7,1,59.8,2,59.9,26,1,2021-12-09 09:10:26
1639041026397940000,59.8,2,59.6,7,59.9,23,1,2021-12-09 09:10:26
1639041026571805000,59.7,1,59.6,7,59.9,23,2,2021-12-09 09:10:26
1639041026742161000,59.6,3,59.6,4,59.8,4,2,2021-12-09 09:10:26
1639041030025671000,59.8,3,59.6,6,59.8,7,1,2021-12-09 09:10:30
1639041030578381000,59.6,1,59.6,5,59.8,7,2,2021-12-09 09:10:30
1639041034742251000,59.7,2,59.7,3,59.8,7,1,2021-12-09 09:10:34
1639041038970773000,59.7,1,59.7,5,59.8,7,2,2021-12-09 09:10:38
1639041040239665000,59.8,5,59.7,6,59.8,2,1,2021-12-09 09:10:40
1639041040562573000,59.7,7,59.6,12,59.8,2,2,2021-12-09 09:10:40
1639041040562573000,59.6,3,59.6,12,59.8,2,2,2021-12-09 09:10:40
1639041044939416000,59.7,1,59.6,20,59.8,1,1,2021-12-09 09:10:44
1639041045480032000,59.7,2,59.6,20,59.8,1,1,2021-12-09 09:10:45
1639041045666035000,59.7,1,59.6,20,59.9,23,1,2021-12-09 09:10:45
1639041045666495000,59.8,1,59.6,20,59.9,23,1,2021-12-09 09:10:45
1639041053202749000,59.8,1,59.7,3,59.8,2,1,2021-12-09 09:10:53
1639041054262740000,59.8,2,59.7,4,59.9,26,1,2021-12-09 09:10:54
1639041056442713000,59.9,1,59.8,3,59.9,22,1,2021-12-09 09:10:56
1639041059349970000,59.9,1,59.8,4,59.9,21,1,2021-12-09 09:10:59
1639041060193264000,59.8,4,59.7,7,59.8,6,2,2021-12-09 09:11:00
1639041060472756000,59.8,1,59.7,7,59.8,5,1,2021-12-09 09:11:00
1639041062695245000,59.8,7,59.7,7,59.9,21,1,2021-12-09 09:11:02
1639041062792041000,59.7,2,59.7,5,59.9,21,2,2021-12-09 09:11:02
1639041064560061000,59.8,1,59.7,5,59.9,20,1,2021-12-09 09:11:04
1639041070158130000,59.8,1,59.8,4,59.9,21,2,2021-12-09 09:11:10
1639041070325556000,59.8,4,59.7,11,59.8,26,2,2021-12-09 09:11:10
1639041071722491000,59.8,3,59.7,11,59.8,25,1,2021-12-09 09:11:11
1639041071941271000,59.8,1,59.7,11,59.8,26,1,2021-12-09 09:11:11
1639041071963352000,59.8,8,59.7,11,59.8,18,1,2021-12-09 09:11:11
1639041074878481000,59.8,10,59.7,13,59.8,9,1,2021-12-09 09:11:14
1639041076384829000,59.8,1,59.7,14,59.8,8,1,2021-12-09 09:11:16
1639041080867960000,59.8,1,59.7,17,59.8,7,1,2021-12-09 09:11:20
1639041081540351000,59.8,1,59.7,17,59.8,6,1,2021-12-09 09:11:21
1639041086864393000,59.8,1,59.7,17,59.8,5,1,2021-12-09 09:11:26
1639041087179187000,59.8,1,59.7,17,59.8,4,1,2021-12-09 09:11:27
1639041087609930000,59.8,2,59.7,17,59.8,2,1,2021-12-09 09:11:27
1639041089162832000,59.8,1,59.7,18,59.8,1,1,2021-12-09 09:11:29
1639041090323309000,59.8,1,59.7,18,59.8,2,1,2021-12-09 09:11:30
1639041092728252000,59.8,1,59.7,18,59.8,1,1,2021-12-09 09:11:32
1639041094140734000,59.8,3,59.8,7,59.9,26,1,2021-12-09 09:11:34
1639041096230974000,59.8,1,59.8,8,59.9,26,2,2021-12-09 09:11:36
1639041097467293000,59.8,3,59.8,5,59.9,26,2,2021-12-09 09:11:37
1639041099131270000,59.8,3,59.8,3,59.9,26,2,2021-12-09 09:11:39
1639041102252164000,59.8,1,59.8,2,59.9,26,2,2021-12-09 09:11:42
1639041109206513000,59.8,1,59.8,6,59.9,22,2,2021-12-09 09:11:49
1639041111267969000,59.8,1,59.8,6,59.9,22,2,2021-12-09 09:11:51
1639041111905422000,59.8,1,59.8,7,59.9,22,2,2021-12-09 09:11:51
1639041112443894000,59.8,1,59.8,6,59.9,21,2,2021-12-09 09:11:52
1639041118583962000,59.9,1,59.8,10,59.9,21,1,2021-12-09 09:11:58
1639041124667957000,59.9,1,59.8,12,59.9,19,1,2021-12-09 09:12:04
1639041130000023000,59.9,1,59.8,13,59.9,24,1,2021-12-09 09:12:10
1639041130933931000,59.8,3,59.8,10,59.9,24,2,2021-12-09 09:12:10
1639041131401424000,59.9,1,59.8,10,59.9,23,1,2021-12-09 09:12:11
1639041131676870000,59.8,5,59.8,5,59.9,23,2,2021-12-09 09:12:11
1639041133236784000,59.8,1,59.8,4,59.9,24,2,2021-12-09 09:12:13
1639041133249435000,59.8,4,59.7,20,59.9,24,2,2021-12-09 09:12:13
1639041134454224000,59.9,6,59.7,20,59.9,20,1,2021-12-09 09:12:14
1639041136919384000,59.8,1,59.8,2,59.9,20,2,2021-12-09 09:12:16
1639041141618290000,59.8,1,59.8,4,59.9,19,2,2021-12-09 09:12:21
1639041142765186000,59.9,19,59.8,9,60.0,45,1,2021-12-09 09:12:22
1639041142765186000,60.0,1,59.8,9,60.0,45,1,2021-12-09 09:12:22
1639041142937561000,60.0,1,59.8,9,60.0,44,1,2021-12-09 09:12:22
1639041147780369000,60.0,1,59.9,4,60.0,43,1,2021-12-09 09:12:27
1639041153239580000,60.0,1,59.9,5,60.0,43,1,2021-12-09 09:12:33
1639041153268668000,60.0,43,59.9,5,60.1,24,1,2021-12-09 09:12:33
1639041155095452000,60.0,1,60.0,5,60.1,24,2,2021-12-09 09:12:35
1639041155695826000,60.1,1,60.0,8,60.1,23,1,2021-12-09 09:12:35
1639041155729810000,60.1,23,60.0,8,60.2,15,1,2021-12-09 09:12:35
1639041155819146000,60.2,1,60.0,8,60.2,14,1,2021-12-09 09:12:35
1639041155841630000,60.2,12,60.0,8,60.2,2,1,2021-12-09 09:12:35
1639041155870804000,60.2,2,60.0,8,60.3,7,1,2021-12-09 09:12:35
1639041156652826000,60.1,1,60.1,9,60.3,9,2,2021-12-09 09:12:36
1639041157783615000,60.3,1,60.1,9,60.3,8,1,2021-12-09 09:12:37
1639041158129638000,60.3,2,60.1,9,60.3,6,1,2021-12-09 09:12:38
1639041160098779000,60.3,1,60.1,9,60.3,5,1,2021-12-09 09:12:40
1639041160334443000,60.3,2,60.1,9,60.3,3,1,2021-12-09 09:12:40
1639041161312623000,60.3,2,60.1,11,60.3,2,1,2021-12-09 09:12:41
1639041161722733000,60.3,1,60.1,11,60.3,1,1,2021-12-09 09:12:41
1639041162785144000,60.3,1,60.3,4,60.4,7,1,2021-12-09 09:12:42
1639041163671248000,60.3,1,60.3,7,60.4,7,2,2021-12-09 09:12:43
1639041163853894000,60.3,1,60.3,6,60.4,7,2,2021-12-09 09:12:43
1639041163910958000,60.4,1,60.3,6,60.4,6,1,2021-12-09 09:12:43
1639041163953048000,60.4,1,60.3,6,60.4,5,1,2021-12-09 09:12:43
1639041164139351000,60.3,6,60.2,1,60.3,14,2,2021-12-09 09:12:44
1639041164157274000,60.2,1,60.1,4,60.3,14,2,2021-12-09 09:12:44
1639041164605972000,60.3,2,60.2,1,60.3,12,1,2021-12-09 09:12:44
1639041164817005000,60.3,1,60.2,2,60.3,11,1,2021-12-09 09:12:44
1639041165913928000,60.3,4,60.2,2,60.3,7,1,2021-12-09 09:12:45
1639041166229335000,60.3,1,60.2,2,60.3,6,1,2021-12-09 09:12:46
1639041167536023000,60.3,1,60.2,2,60.3,11,1,2021-12-09 09:12:47
1639041168020856000,60.3,3,60.2,3,60.3,8,1,2021-12-09 09:12:48
1639041168672115000,60.3,10,60.2,3,60.3,8,1,2021-12-09 09:12:48
1639041169771445000,60.3,1,60.2,3,60.3,8,1,2021-12-09 09:12:49
1639041169886453000,60.3,3,60.2,3,60.3,5,1,2021-12-09 09:12:49
1639041171175820000,60.3,1,60.2,3,60.3,4,1,2021-12-09 09:12:51
1639041171367187000,60.3,2,60.2,3,60.3,2,1,2021-12-09 09:12:51
1639041171822035000,60.3,1,60.2,3,60.3,3,1,2021-12-09 09:12:51
1639041171880601000,60.3,1,60.2,3,60.3,2,1,2021-12-09 09:12:51
1639041172557686000,60.3,1,60.2,3,60.3,22,1,2021-12-09 09:12:52
1639041173135197000,60.3,1,60.2,3,60.3,21,1,2021-12-09 09:12:53
1639041173172860000,60.3,1,60.2,3,60.3,20,1,2021-12-09 09:12:53
1639041173559333000,60.3,1,60.2,3,60.3,19,1,2021-12-09 09:12:53
1639041173779620000,60.3,1,60.2,3,60.3,18,1,2021-12-09 09:12:53
1639041174013641000,60.3,1,60.2,4,60.3,20,1,2021-12-09 09:12:54
1639041174060904000,60.2,2,60.2,2,60.3,20,2,2021-12-09 09:12:54
1639041174602565000,60.3,1,60.2,3,60.3,19,1,2021-12-09 09:12:54
1639041174605442000,60.3,1,60.2,3,60.3,18,1,2021-12-09 09:12:54
1639041175605350000,60.3,10,60.2,5,60.3,8,1,2021-12-09 09:12:55
1639041175993113000,60.3,1,60.2,5,60.3,7,1,2021-12-09 09:12:55
1639041177799361000,60.3,7,60.2,6,60.4,14,1,2021-12-09 09:12:57
1639041177799361000,60.4,13,60.2,6,60.4,14,1,2021-12-09 09:12:57
1639041178259776000,60.3,2,60.1,7,60.2,47,2,2021-12-09 09:12:58
1639041178259776000,60.2,8,60.1,7,60.2,47,2,2021-12-09 09:12:58
1639041178414829000,60.2,1,60.1,5,60.2,46,1,2021-12-09 09:12:58
1639041178513035000,60.2,1,60.1,5,60.2,48,1,2021-12-09 09:12:58
1639041178632498000,60.2,2,60.1,5,60.2,46,1,2021-12-09 09:12:58
1639041179048497000,60.2,1,60.1,5,60.2,45,1,2021-12-09 09:12:59
1639041179263374000,60.2,3,60.1,5,60.2,42,1,2021-12-09 09:12:59
1639041179372509000,60.2,1,60.1,5,60.2,41,1,2021-12-09 09:12:59
1639041179599141000,60.1,5,60.0,23,60.2,41,2,2021-12-09 09:12:59
1639041179775919000,60.1,1,60.3,58,60.4,14,1,2021-12-09 09:12:59
1639041179775919000,60.2,41,60.3,58,60.4,14,1,2021-12-09 09:12:59
1639041180791363000,60.3,3,60.3,58,60.4,18,1,2021-12-09 09:13:00
1639041181035041000,60.3,3,60.3,55,60.4,18,2,2021-12-09 09:13:01
1639041181065118000,60.3,55,60.2,2,60.4,18,2,2021-12-09 09:13:01
1639041181910176000,60.2,1,60.0,23,60.1,1,2,2021-12-09 09:13:01
1639041181910195000,60.2,1,60.0,23,60.1,1,2,2021-12-09 09:13:01
1639041181910291000,60.2,1,60.0,23,60.1,1,2,2021-12-09 09:13:01
1639041181910307000,60.1,1,60.0,23,60.1,1,2,2021-12-09 09:13:01
1639041184713115000,60.1,1,60.0,24,60.1,3,1,2021-12-09 09:13:04
1639041185160598000,60.1,1,60.0,24,60.1,2,1,2021-12-09 09:13:05
1639041185217682000,60.0,24,59.9,9,60.0,26,2,2021-12-09 09:13:05
1639041185770587000,60.0,1,59.9,7,60.0,25,1,2021-12-09 09:13:05
1639041185884831000,60.0,1,59.9,7,60.0,24,1,2021-12-09 09:13:05
1639041185922600000,59.9,7,59.8,19,60.0,24,2,2021-12-09 09:13:05
1639041186108491000,60.0,1,59.8,17,60.0,23,1,2021-12-09 09:13:06
1639041186175228000,59.8,5,59.8,12,60.0,23,2,2021-12-09 09:13:06
1639041186483685000,60.0,5,59.8,12,60.0,18,1,2021-12-09 09:13:06
1639041187830569000,59.9,1,59.8,14,59.9,4,2,2021-12-09 09:13:07
1639041188682079000,59.9,4,59.8,14,60.0,17,1,2021-12-09 09:13:08
1639041188682079000,60.0,1,59.8,14,60.0,17,1,2021-12-09 09:13:08
1639041190713642000,59.9,2,59.8,15,60.0,15,2,2021-12-09 09:13:10
1639041190713642000,60.0,3,59.8,15,60.0,15,1,2021-12-09 09:13:10
1639041190840513000,60.0,5,59.8,15,60.0,12,1,2021-12-09 09:13:10
1639041191349183000,59.9,1,59.8,15,60.0,12,2,2021-12-09 09:13:11
1639041191558585000,60.0,1,59.8,15,60.0,12,1,2021-12-09 09:13:11
1639041193151324000,60.0,1,59.8,18,60.0,12,1,2021-12-09 09:13:13
1639041193967645000,60.0,1,59.8,18,60.0,16,1,2021-12-09 09:13:13
1639041194452534000,59.9,1,59.8,19,60.0,14,2,2021-12-09 09:13:14
1639041194746301000,59.9,1,59.8,20,60.0,14,1,2021-12-09 09:13:14
1639041195302094000,59.8,2,59.8,18,60.0,18,2,2021-12-09 09:13:15
1639041195909789000,60.0,1,59.8,19,60.0,19,1,2021-12-09 09:13:15
1639041198850162000,59.9,5,59.9,5,60.0,20,2,2021-12-09 09:13:18
1639041198878152000,59.9,5,59.8,21,60.0,20,2,2021-12-09 09:13:18
1639041198949812000,59.9,1,59.8,21,60.0,20,2,2021-12-09 09:13:18
1639041199831086000,59.8,1,59.8,21,60.0,18,2,2021-12-09 09:13:19
1639041199834818000,59.8,1,59.8,20,60.0,18,2,2021-12-09 09:13:19
1639041200904431000,59.9,3,59.8,22,59.9,1,1,2021-12-09 09:13:20
1639041203234812000,59.9,1,59.8,23,60.0,18,1,2021-12-09 09:13:23
1639041204390732000,59.8,25,59.7,18,59.9,15,2,2021-12-09 09:13:24
1639041205701005000,59.8,1,59.7,19,59.8,3,1,2021-12-09 09:13:25
1639041205793072000,59.7,1,59.7,18,59.8,3,2,2021-12-09 09:13:25
1639041205833032000,59.7,1,59.7,17,59.8,3,2,2021-12-09 09:13:25
1639041205860030000,59.7,4,59.7,13,59.8,3,2,2021-12-09 09:13:25
1639041206096106000,59.7,11,59.7,2,59.8,3,2,2021-12-09 09:13:26
1639041206158533000,59.8,1,59.7,2,59.8,2,1,2021-12-09 09:13:26
1639041206196241000,59.7,2,59.6,34,59.8,2,2,2021-12-09 09:13:26
1639041207446374000,59.8,1,59.6,34,59.8,1,1,2021-12-09 09:13:27
1639041207610636000,59.6,1,59.6,33,59.7,1,2,2021-12-09 09:13:27
1639041207642338000,59.6,1,59.6,32,59.7,2,2,2021-12-09 09:13:27
1639041208352793000,59.6,2,59.6,30,59.7,2,2,2021-12-09 09:13:28
1639041208640665000,59.7,1,59.6,30,59.7,1,1,2021-12-09 09:13:28
1639041209283588000,59.7,1,59.6,30,59.9,17,1,2021-12-09 09:13:29
1639041209283588000,59.8,1,59.6,30,59.9,17,1,2021-12-09 09:13:29
1639041209283588000,59.9,2,59.6,30,59.9,17,1,2021-12-09 09:13:29
1639041214627622000,59.8,1,59.7,9,59.8,3,2,2021-12-09 09:13:34
1639041215061659000,59.8,1,59.7,10,59.8,2,1,2021-12-09 09:13:35
1639041217153080000,59.8,2,59.7,12,59.9,30,2,2021-12-09 09:13:37
1639041218407932000,59.8,1,59.7,12,59.9,28,2,2021-12-09 09:13:38
1639041220557266000,59.8,5,59.7,14,59.9,29,2,2021-12-09 09:13:40
1639041221310844000,59.9,1,59.7,15,59.9,29,1,2021-12-09 09:13:41
1639041222509116000,59.8,5,59.7,15,59.9,29,2,2021-12-09 09:13:42
1639041228513996000,59.8,1,59.7,22,59.8,1,1,2021-12-09 09:13:48
1639041229742743000,59.8,1,59.7,22,59.9,26,1,2021-12-09 09:13:49
1639041233910877000,59.8,2,59.7,23,59.8,5,1,2021-12-09 09:13:53
1639041235886366000,59.8,1,59.7,21,59.8,5,1,2021-12-09 09:13:55
1639041235921245000,59.7,17,59.7,4,59.8,5,2,2021-12-09 09:13:55
1639041235951961000,59.7,4,59.6,66,59.8,5,2,2021-12-09 09:13:55
1639041241535453000,59.7,3,59.6,64,59.8,11,2,2021-12-09 09:14:01
1639041243644460000,59.6,1,59.6,66,59.8,12,2,2021-12-09 09:14:03
1639041243853468000,59.7,1,59.6,66,59.8,12,1,2021-12-09 09:14:03
1639041245265947000,59.6,2,59.6,64,59.7,7,2,2021-12-09 09:14:05
1639041249253835000,59.7,1,59.6,66,59.7,7,1,2021-12-09 09:14:09
1639041249363959000,59.7,1,59.6,66,59.7,6,1,2021-12-09 09:14:09
1639041251357551000,59.6,1,59.6,65,59.7,6,2,2021-12-09 09:14:11
1639041252802268000,59.7,1,59.6,65,59.7,5,1,2021-12-09 09:14:12
1639041255040471000,59.6,1,59.6,64,59.7,1,2,2021-12-09 09:14:15
1639041255081065000,59.6,4,59.6,60,59.7,1,2,2021-12-09 09:14:15
1639041259980917000,59.7,1,59.6,62,59.7,9,1,2021-12-09 09:14:19
1639041260077034000,59.6,11,59.6,51,59.7,9,2,2021-12-09 09:14:20
1639041260103921000,59.6,4,59.6,9,59.7,11,2,2021-12-09 09:14:20
1639041260103941000,59.6,38,59.6,9,59.7,11,2,2021-12-09 09:14:20
1639041260134409000,59.6,9,59.5,56,59.7,11,2,2021-12-09 09:14:20
1639041261941030000,59.5,1,59.5,55,59.6,7,2,2021-12-09 09:14:21
1639041262659001000,59.6,1,59.5,55,59.6,6,1,2021-12-09 09:14:22
1639041264991559000,59.6,1,59.5,55,59.6,6,1,2021-12-09 09:14:24
1639041267798266000,59.6,5,59.5,55,59.6,3,1,2021-12-09 09:14:27
1639041269681524000,59.6,1,59.5,55,59.6,7,1,2021-12-09 09:14:29
1639041271199438000,59.6,1,59.5,54,59.6,2,1,2021-12-09 09:14:31
1639041272537973000,59.6,1,59.5,54,59.6,1,1,2021-12-09 09:14:32
1639041274636265000,59.6,1,59.5,53,59.6,2,1,2021-12-09 09:14:34
1639041280223752000,59.6,2,59.5,43,59.6,8,1,2021-12-09 09:14:40
1639041280322980000,59.6,1,59.5,43,59.6,7,1,2021-12-09 09:14:40
1639041283054241000,59.5,43,59.4,63,59.5,13,2,2021-12-09 09:14:43
1639041283289953000,59.5,1,59.4,63,59.5,12,1,2021-12-09 09:14:43
1639041283339747000,59.5,1,59.4,63,59.5,11,1,2021-12-09 09:14:43
1639041283871856000,59.5,1,59.4,63,59.5,10,1,2021-12-09 09:14:43
1639041284868671000,59.5,1,59.4,63,59.5,9,1,2021-12-09 09:14:44
1639041285966974000,59.5,1,59.4,63,59.5,8,1,2021-12-09 09:14:45
1639041290375070000,59.4,1,59.4,63,59.5,10,2,2021-12-09 09:14:50
1639041292151931000,59.4,1,59.4,62,59.5,10,2,2021-12-09 09:14:52
1639041295228982000,59.4,4,59.4,58,59.5,10,2,2021-12-09 09:14:55
1639041295713237000,59.5,10,59.4,58,59.7,5,1,2021-12-09 09:14:55
1639041295713237000,59.6,6,59.4,58,59.7,5,1,2021-12-09 09:14:55
1639041295713237000,59.7,4,59.4,58,59.7,5,1,2021-12-09 09:14:55
1639041297721281000,59.5,3,59.5,1,59.7,3,2,2021-12-09 09:14:57
1639041297758419000,59.5,1,59.4,57,59.7,3,2,2021-12-09 09:14:57
1639041298944455000,59.5,1,59.4,57,59.5,1,1,2021-12-09 09:14:58
1639041299322461000,59.4,1,59.4,56,59.5,1,2,2021-12-09 09:14:59
1639041299732238000,59.4,1,59.4,55,59.5,1,2,2021-12-09 09:14:59
1639041302413345000,59.4,2,59.4,57,59.5,1,2,2021-12-09 09:15:02
1639041303432355000,59.4,2,59.4,56,59.5,2,2,2021-12-09 09:15:03
1639041303657388000,59.5,1,59.4,56,59.5,1,1,2021-12-09 09:15:03
1639041311021425000,59.5,1,59.5,2,59.7,15,1,2021-12-09 09:15:11
1639041312715233000,59.5,1,59.5,1,59.6,6,2,2021-12-09 09:15:12
1639041312747159000,59.5,1,59.4,56,59.6,6,2,2021-12-09 09:15:12
1639041317819547000,59.5,1,59.4,57,59.5,3,1,2021-12-09 09:15:17
1639041321789943000,59.5,3,59.4,54,59.6,8,1,2021-12-09 09:15:21
1639041322129128000,59.6,1,59.4,54,59.6,7,1,2021-12-09 09:15:22
1639041335773728000,59.6,1,59.5,8,59.6,9,1,2021-12-09 09:15:35
1639041345268762000,59.6,1,59.5,12,59.6,8,1,2021-12-09 09:15:45
1639041350087021000,59.6,3,59.5,12,59.6,2,1,2021-12-09 09:15:50
1639041365238976000,59.6,2,59.5,26,59.6,7,1,2021-12-09 09:16:05
1639041369207930000,59.6,1,59.5,27,59.6,7,1,2021-12-09 09:16:09
1639041371019891000,59.6,1,59.5,27,59.6,8,1,2021-12-09 09:16:11
1639041374067083000,59.6,1,59.5,27,59.6,7,1,2021-12-09 09:16:14
1639041374349087000,59.6,1,59.5,27,59.6,6,1,2021-12-09 09:16:14
1639041375397155000,59.5,2,59.5,25,59.6,7,2,2021-12-09 09:16:15
1639041375457898000,59.5,6,59.5,19,59.6,9,2,2021-12-09 09:16:15
1639041375465245000,59.5,2,59.5,17,59.6,9,2,2021-12-09 09:16:15
1639041375613963000,59.6,1,59.5,17,59.6,8,1,2021-12-09 09:16:15
1639041375924602000,59.5,11,59.5,6,59.6,8,2,2021-12-09 09:16:15
1639041375951809000,59.5,6,59.4,56,59.6,8,2,2021-12-09 09:16:15
1639041376194203000,59.6,1,59.4,56,59.6,9,1,2021-12-09 09:16:16
1639041381425709000,59.5,1,59.4,57,59.5,3,2,2021-12-09 09:16:21
1639041382184573000,59.5,1,59.4,57,59.5,2,1,2021-12-09 09:16:22
1639041384142801000,59.5,1,59.4,57,59.5,1,1,2021-12-09 09:16:24
1639041393063251000,59.5,1,59.4,58,59.5,1,1,2021-12-09 09:16:33
1639041393721988000,59.5,1,59.5,4,59.6,7,1,2021-12-09 09:16:33
1639041396091614000,59.5,2,59.5,6,59.6,3,2,2021-12-09 09:16:36
1639041407321151000,59.5,4,59.5,4,59.6,3,2,2021-12-09 09:16:47
1639041415641336000,59.5,1,59.5,15,59.6,3,2,2021-12-09 09:16:55
1639041417333987000,59.5,1,59.5,14,59.6,3,2,2021-12-09 09:16:57
1639041420844683000,59.5,7,59.5,7,59.6,3,2,2021-12-09 09:17:00
1639041438795722000,59.5,10,59.5,18,59.6,4,2,2021-12-09 09:17:18
1639041439027482000,59.5,2,59.5,16,59.6,4,2,2021-12-09 09:17:19
1639041440718255000,59.6,1,59.5,16,59.6,3,1,2021-12-09 09:17:20
1639041442307207000,59.5,1,59.5,25,59.6,3,2,2021-12-09 09:17:22
1639041446919632000,59.5,2,59.5,23,59.6,3,2,2021-12-09 09:17:26
1639041455485097000,59.5,1,59.5,26,59.6,4,2,2021-12-09 09:17:35
1639041455533954000,59.5,1,59.5,25,59.6,4,2,2021-12-09 09:17:35
1639041457904795000,59.6,1,59.5,25,59.6,3,1,2021-12-09 09:17:37
1639041459199155000,59.5,2,59.5,23,59.6,3,2,2021-12-09 09:17:39
1639041460212027000,59.5,2,59.5,21,59.6,3,2,2021-12-09 09:17:40
1639041461227558000,59.5,1,59.5,20,59.6,3,2,2021-12-09 09:17:41
1639041461666883000,59.6,1,59.5,20,59.6,2,1,2021-12-09 09:17:41
1639041462986601000,59.5,10,59.5,10,59.6,2,2,2021-12-09 09:17:42
1639041465321688000,59.5,1,59.5,9,59.6,2,2,2021-12-09 09:17:45
1639041466556725000,59.6,1,59.5,9,59.6,1,1,2021-12-09 09:17:46
1639041467941808000,59.5,1,59.5,8,59.6,1,2,2021-12-09 09:17:47
1639041470784025000,59.5,1,59.5,7,59.6,3,2,2021-12-09 09:17:50
1639041473297807000,59.5,5,59.5,2,59.6,3,2,2021-12-09 09:17:53
1639041475155312000,59.6,1,59.5,2,59.6,2,1,2021-12-09 09:17:55
1639041479546401000,59.5,2,59.5,1,59.6,2,2,2021-12-09 09:17:59
1639041480411041000,59.5,1,59.5,1,59.6,2,2,2021-12-09 09:18:00
1639041480563699000,59.5,1,59.4,57,59.6,2,2,2021-12-09 09:18:00
1639041481582976000,59.4,2,59.4,55,59.6,2,2,2021-12-09 09:18:01
1639041482601766000,59.4,1,59.4,54,59.6,4,2,2021-12-09 09:18:02
1639041486999091000,59.4,1,59.4,54,59.5,5,2,2021-12-09 09:18:06
1639041496138789000,59.5,5,59.4,54,59.5,1,1,2021-12-09 09:18:16
1639041496473729000,59.4,1,59.4,53,59.5,1,2,2021-12-09 09:18:16
1639041500940015000,59.4,1,59.4,52,59.5,1,2,2021-12-09 09:18:20
1639041505032155000,59.4,10,59.4,42,59.5,5,2,2021-12-09 09:18:25
1639041512756364000,59.4,2,59.4,42,59.5,5,2,2021-12-09 09:18:32
1639041513168959000,59.4,2,59.4,40,59.5,5,2,2021-12-09 09:18:33
1639041514187452000,59.4,2,59.4,38,59.5,5,2,2021-12-09 09:18:34
1639041515207173000,59.4,1,59.4,37,59.5,5,2,2021-12-09 09:18:35
1639041519254358000,59.4,3,59.4,33,59.5,10,2,2021-12-09 09:18:39
1639041523016684000,59.4,3,59.4,30,59.5,10,2,2021-12-09 09:18:43
1639041523294040000,59.4,1,59.4,29,59.5,10,2,2021-12-09 09:18:43
1639041526973327000,59.4,1,59.4,28,59.5,10,2,2021-12-09 09:18:46
1639041528505759000,59.4,2,59.4,26,59.5,10,2,2021-12-09 09:18:48
1639041530009610000,59.5,1,59.4,26,59.5,9,1,2021-12-09 09:18:50
1639041536600815000,59.4,2,59.4,24,59.5,9,2,2021-12-09 09:18:56
1639041537620104000,59.4,1,59.4,23,59.5,9,2,2021-12-09 09:18:57
1639041538187354000,59.5,1,59.4,23,59.5,8,1,2021-12-09 09:18:58
1639041541283549000,59.5,1,59.4,23,59.5,7,1,2021-12-09 09:19:01
1639041543868477000,59.5,5,59.4,23,59.5,7,1,2021-12-09 09:19:03
1639041547583983000,59.5,1,59.4,24,59.5,6,1,2021-12-09 09:19:07
1639041548602814000,59.4,1,59.4,23,59.5,6,2,2021-12-09 09:19:08
1639041551828761000,59.5,1,59.4,23,59.5,10,1,2021-12-09 09:19:11
1639041558769424000,59.5,1,59.4,26,59.5,8,1,2021-12-09 09:19:18
1639041561486431000,59.5,8,59.4,34,59.6,7,1,2021-12-09 09:19:21
1639041561519111000,59.6,7,59.4,34,59.7,24,1,2021-12-09 09:19:21
1639041561590880000,59.5,1,59.4,36,59.8,17,2,2021-12-09 09:19:21
1639041561590880000,59.7,24,59.4,36,59.8,17,1,2021-12-09 09:19:21
1639041561653876000,59.7,1,59.5,1,59.8,17,1,2021-12-09 09:19:21
1639041585444738000,59.8,7,59.7,2,59.8,5,1,2021-12-09 09:19:45
1639041585475166000,59.8,5,59.7,2,59.9,15,1,2021-12-09 09:19:45
1639041589661718000,59.8,1,59.8,1,59.9,15,2,2021-12-09 09:19:49
1639041595599556000,59.8,1,59.8,8,59.9,15,2,2021-12-09 09:19:55
1639041596219336000,59.8,1,59.8,7,59.9,15,2,2021-12-09 09:19:56
1639041598663197000,59.9,10,59.8,7,59.9,5,1,2021-12-09 09:19:58
1639041598689916000,59.9,5,59.8,7,60.0,52,1,2021-12-09 09:19:58
1639041598752497000,60.0,4,59.8,9,60.0,48,1,2021-12-09 09:19:58
1639041604729234000,60.0,1,59.9,1,60.0,47,1,2021-12-09 09:20:04
1639041604757068000,60.0,14,59.9,1,60.0,33,1,2021-12-09 09:20:04
1639041604787993000,60.0,32,59.9,1,60.0,1,1,2021-12-09 09:20:04
1639041604818828000,60.0,1,59.9,3,60.1,34,1,2021-12-09 09:20:04
1639041607074762000,60.0,1,59.9,3,60.1,34,2,2021-12-09 09:20:07
1639041607863968000,60.0,2,59.9,3,60.1,34,2,2021-12-09 09:20:07
1639041608882568000,60.0,1,59.9,3,60.1,34,2,2021-12-09 09:20:08
1639041609892335000,60.0,1,59.9,3,60.1,34,2,2021-12-09 09:20:09
1639041610900485000,59.9,2,59.9,2,60.1,24,2,2021-12-09 09:20:10
1639041611908334000,60.0,1,59.9,1,60.1,24,1,2021-12-09 09:20:11
1639041612575468000,60.1,4,60.0,1,60.1,20,1,2021-12-09 09:20:12
1639041617092824000,60.0,4,59.9,4,60.0,1,2,2021-12-09 09:20:17
1639041617178481000,59.9,2,59.9,2,60.0,1,2,2021-12-09 09:20:17
1639041617309493000,60.0,1,59.9,2,60.1,20,1,2021-12-09 09:20:17
1639041622072186000,60.0,1,60.0,4,60.1,20,2,2021-12-09 09:20:22
1639041622606580000,60.0,1,60.0,3,60.1,20,2,2021-12-09 09:20:22
1639041622649867000,60.0,1,60.0,2,60.1,20,2,2021-12-09 09:20:22
1639041623269874000,60.0,2,60.0,4,60.1,20,2,2021-12-09 09:20:23
1639041624036290000,60.0,3,60.0,1,60.1,20,2,2021-12-09 09:20:24
1639041624089872000,60.0,1,59.9,4,60.1,20,2,2021-12-09 09:20:24
1639041624786663000,60.0,1,60.0,10,60.1,20,2,2021-12-09 09:20:24
1639041627937849000,60.0,1,60.0,9,60.1,20,2,2021-12-09 09:20:27
1639041630926116000,60.1,2,60.0,9,60.1,18,1,2021-12-09 09:20:30
1639041632779284000,60.0,1,60.0,8,60.1,18,2,2021-12-09 09:20:32
1639041633077427000,60.1,2,60.0,8,60.1,16,1,2021-12-09 09:20:33
1639041633233582000,60.1,1,60.0,8,60.1,15,1,2021-12-09 09:20:33
1639041634271747000,60.1,1,60.0,8,60.1,14,1,2021-12-09 09:20:34
1639041637027690000,60.1,10,60.0,8,60.1,6,1,2021-12-09 09:20:37
1639041637595512000,60.1,1,60.0,8,60.1,5,1,2021-12-09 09:20:37
1639041638249017000,60.0,2,60.0,6,60.1,8,2,2021-12-09 09:20:38
1639041638655206000,60.1,2,60.0,6,60.1,6,1,2021-12-09 09:20:38
1639041639969418000,60.1,1,60.0,7,60.1,5,1,2021-12-09 09:20:39
1639041640666178000,60.1,5,60.0,7,60.2,24,1,2021-12-09 09:20:40
1639041648243365000,60.2,4,60.1,13,60.2,23,1,2021-12-09 09:20:48
1639041650941624000,60.2,1,60.1,12,60.2,22,1,2021-12-09 09:20:50
1639041651151145000,60.2,1,60.1,12,60.2,21,1,2021-12-09 09:20:51
1639041652887269000,60.2,1,60.1,13,60.2,21,1,2021-12-09 09:20:52
1639041653374203000,60.2,1,60.1,12,60.2,20,1,2021-12-09 09:20:53
1639041654628805000,60.2,1,60.1,12,60.2,19,1,2021-12-09 09:20:54
1639041654703772000,60.2,2,60.1,12,60.2,17,1,2021-12-09 09:20:54
1639041655295809000,60.1,1,60.1,11,60.2,17,2,2021-12-09 09:20:55
1639041656943688000,60.2,1,60.1,11,60.2,17,1,2021-12-09 09:20:56
1639041658255069000,60.2,1,60.1,12,60.2,16,1,2021-12-09 09:20:58
1639041661274223000,60.2,1,60.1,14,60.2,17,1,2021-12-09 09:21:01
1639041661428655000,60.1,14,60.0,18,60.1,6,2,2021-12-09 09:21:01
1639041661629809000,60.0,2,60.0,14,60.1,6,2,2021-12-09 09:21:01
1639041662235414000,60.1,2,60.0,14,60.1,4,1,2021-12-09 09:21:02
1639041662321284000,60.0,1,60.0,13,60.1,4,2,2021-12-09 09:21:02
1639041662651762000,60.0,2,60.0,11,60.1,4,2,2021-12-09 09:21:02
1639041663067689000,60.0,11,59.9,10,60.1,14,2,2021-12-09 09:21:03
1639041663099195000,59.9,1,59.9,7,60.1,14,2,2021-12-09 09:21:03
1639041663666535000,59.9,2,59.9,5,60.1,18,2,2021-12-09 09:21:03
1639041664682657000,59.9,2,59.9,3,60.1,24,2,2021-12-09 09:21:04
1639041664715697000,59.9,3,59.8,18,60.1,24,2,2021-12-09 09:21:04
1639041665905162000,59.8,2,59.8,14,60.0,6,2,2021-12-09 09:21:05
1639041666295204000,59.8,1,59.8,13,60.0,6,2,2021-12-09 09:21:06
1639041675135319000,59.8,1,59.8,13,59.9,5,2,2021-12-09 09:21:15
1639041679747862000,59.8,13,59.7,2,59.9,10,2,2021-12-09 09:21:19
1639041679963771000,59.7,2,59.6,4,59.9,14,2,2021-12-09 09:21:19
1639041680215049000,59.9,1,59.6,4,59.9,13,1,2021-12-09 09:21:20
1639041680984388000,59.6,2,59.6,2,59.9,13,2,2021-12-09 09:21:20
1639041682002247000,59.6,2,59.5,30,59.8,6,2,2021-12-09 09:21:22
1639041683020150000,59.5,1,59.5,29,59.8,6,2,2021-12-09 09:21:23
1639041701016303000,59.7,1,59.6,2,59.8,4,1,2021-12-09 09:21:41
1639041704971351000,59.6,1,59.6,2,59.7,1,2,2021-12-09 09:21:44
1639041708857534000,59.7,1,59.6,4,59.9,13,1,2021-12-09 09:21:48
1639041708857534000,59.8,9,59.6,4,59.9,13,1,2021-12-09 09:21:48
1639041711665230000,59.7,1,59.7,1,59.9,11,2,2021-12-09 09:21:51
1639041711935949000,59.7,1,59.5,12,59.9,11,2,2021-12-09 09:21:51
1639041711935949000,59.6,6,59.5,12,59.9,11,2,2021-12-09 09:21:51
1639041711935949000,59.5,23,59.5,12,59.9,11,2,2021-12-09 09:21:51
1639041717314888000,59.8,1,59.6,1,59.8,1,1,2021-12-09 09:21:57
1639041717472854000,59.6,1,59.5,11,59.8,5,2,2021-12-09 09:21:57
1639041717472854000,59.5,1,59.5,11,59.8,5,2,2021-12-09 09:21:57
1639041720503850000,59.5,3,59.5,8,59.8,6,2,2021-12-09 09:22:00
1639041721744240000,59.8,1,59.5,8,59.8,5,1,2021-12-09 09:22:01
1639041726134239000,59.6,1,59.5,11,59.8,9,2,2021-12-09 09:22:06
1639041731321700000,59.5,2,59.5,9,59.6,6,2,2021-12-09 09:22:11
1639041731344922000,59.5,9,59.4,43,59.6,6,2,2021-12-09 09:22:11
1639041732205059000,59.6,1,59.4,41,59.6,5,1,2021-12-09 09:22:12
1639041747322705000,59.6,1,59.5,11,59.6,5,1,2021-12-09 09:22:27
1639041747629000000,59.5,1,59.5,9,59.6,5,2,2021-12-09 09:22:27
1639041761067021000,59.5,1,59.5,17,59.6,5,2,2021-12-09 09:22:41
1639041761098421000,59.5,17,59.4,41,59.6,5,2,2021-12-09 09:22:41
1639041766497888000,59.5,1,59.5,1,59.6,7,2,2021-12-09 09:22:46
1639041766525673000,59.5,1,59.4,31,59.6,7,2,2021-12-09 09:22:46
1639041768628370000,59.5,1,59.4,31,59.6,8,2,2021-12-09 09:22:48
1639041771914076000,59.5,1,59.4,31,59.6,8,2,2021-12-09 09:22:51
1639041774978768000,59.5,2,59.4,31,59.5,28,2,2021-12-09 09:22:54
1639041775623997000,59.4,2,59.4,29,59.5,30,2,2021-12-09 09:22:55
1639041775659126000,59.4,3,59.4,26,59.5,30,2,2021-12-09 09:22:55
1639041775689833000,59.4,1,59.4,25,59.5,30,2,2021-12-09 09:22:55
1639041776641830000,59.4,2,59.4,23,59.5,30,2,2021-12-09 09:22:56
1639041777659924000,59.4,2,59.4,21,59.5,30,2,2021-12-09 09:22:57
1639041778678937000,59.4,2,59.4,19,59.5,30,2,2021-12-09 09:22:58
1639041779386635000,59.4,4,59.4,15,59.5,30,2,2021-12-09 09:22:59
1639041781004591000,59.4,15,59.3,38,59.5,30,2,2021-12-09 09:23:01
1639041783383883000,59.4,1,59.3,38,59.4,1,1,2021-12-09 09:23:03
1639041786092475000,59.4,1,59.3,28,59.4,1,1,2021-12-09 09:23:06
1639041786770542000,59.4,1,59.4,3,59.5,32,1,2021-12-09 09:23:06
1639041788006999000,59.4,1,59.4,3,59.5,32,2,2021-12-09 09:23:08
1639041790307407000,59.4,1,59.4,2,59.5,32,2,2021-12-09 09:23:10
1639041792347694000,59.5,3,59.4,6,59.5,29,1,2021-12-09 09:23:12
1639041799027899000,59.4,2,59.4,5,59.5,28,2,2021-12-09 09:23:19
1639041800792892000,59.4,3,59.4,6,59.5,28,2,2021-12-09 09:23:20
1639041804739221000,59.5,2,59.4,9,59.5,26,1,2021-12-09 09:23:24
1639041804920243000,59.5,7,59.4,14,59.5,19,1,2021-12-09 09:23:24
1639041804951034000,59.5,19,59.4,14,59.6,17,1,2021-12-09 09:23:24
1639041813689719000,59.5,1,59.4,18,59.6,15,1,2021-12-09 09:23:33
1639041814338454000,59.5,1,59.4,26,59.6,15,1,2021-12-09 09:23:34
1639041821025906000,59.6,1,59.5,17,59.6,16,1,2021-12-09 09:23:41
1639041823753614000,59.6,2,59.5,23,59.6,19,1,2021-12-09 09:23:43
1639041824729992000,59.6,1,59.5,24,59.6,18,1,2021-12-09 09:23:44
1639041829762506000,59.6,1,59.5,30,59.6,18,1,2021-12-09 09:23:49
1639041830253436000,59.6,2,59.5,30,59.6,16,1,2021-12-09 09:23:50
1639041831420411000,59.6,1,59.5,30,59.6,15,1,2021-12-09 09:23:51
1639041831439257000,59.6,2,59.5,30,59.6,13,1,2021-12-09 09:23:51
1639041837035057000,59.6,10,59.5,30,59.6,2,1,2021-12-09 09:23:57
1639041837737070000,59.6,1,59.5,30,59.6,1,1,2021-12-09 09:23:57
1639041839757454000,59.6,1,59.5,30,59.6,1,1,2021-12-09 09:23:59
1639041840393464000,59.6,1,59.6,1,59.7,13,1,2021-12-09 09:24:00
1639041840436181000,59.6,1,59.5,31,59.7,13,2,2021-12-09 09:24:00
1639041845838043000,59.6,4,59.5,20,59.7,13,2,2021-12-09 09:24:05
1639041845838043000,59.5,6,59.5,20,59.7,13,2,2021-12-09 09:24:05
1639041846795665000,59.5,2,59.5,18,59.7,13,2,2021-12-09 09:24:06
1639041847335656000,59.6,1,59.5,17,59.7,15,1,2021-12-09 09:24:07
1639041847814907000,59.5,1,59.5,16,59.7,15,2,2021-12-09 09:24:07
1639041851611860000,59.6,1,59.5,19,59.7,13,1,2021-12-09 09:24:11
1639041855304347000,59.5,5,59.5,14,59.6,1,2,2021-12-09 09:24:15
1639041856240867000,59.6,1,59.5,14,59.7,13,1,2021-12-09 09:24:16
1639041858893357000,59.5,15,59.4,22,59.6,3,2,2021-12-09 09:24:18
1639041861416432000,59.6,1,59.4,23,59.6,4,1,2021-12-09 09:24:21
1639041865762416000,59.5,1,59.5,2,59.6,4,2,2021-12-09 09:24:25
1639041874009151000,59.5,2,59.5,1,59.6,5,2,2021-12-09 09:24:34
1639041876359577000,59.5,1,59.4,33,59.6,5,2,2021-12-09 09:24:36
1639041886361031000,59.5,5,59.4,36,59.5,2,2,2021-12-09 09:24:46
1639041887231663000,59.5,1,59.4,36,59.5,1,1,2021-12-09 09:24:47
1639041889850602000,59.5,1,59.4,36,59.6,4,1,2021-12-09 09:24:49
1639041889850602000,59.6,1,59.4,36,59.6,4,1,2021-12-09 09:24:49
1639041893812191000,59.5,1,59.5,1,59.6,2,2,2021-12-09 09:24:53
1639041913382139000,59.5,2,59.4,28,59.6,4,2,2021-12-09 09:25:13
1639041913382139000,59.4,8,59.4,28,59.6,4,2,2021-12-09 09:25:13
1639041913476512000,59.4,1,59.4,27,59.6,8,2,2021-12-09 09:25:13
1639041914083712000,59.5,1,59.4,27,59.6,8,1,2021-12-09 09:25:14
1639041916528346000,59.4,1,59.4,26,59.6,8,2,2021-12-09 09:25:16
1639041921678040000,59.4,2,59.4,24,59.6,9,2,2021-12-09 09:25:21
1639041923090491000,59.4,5,59.4,19,59.6,9,2,2021-12-09 09:25:23
1639041933604760000,59.4,1,59.4,20,59.5,1,2,2021-12-09 09:25:33
1639041935045705000,59.4,3,59.4,17,59.5,2,2,2021-12-09 09:25:35
1639041946224697000,59.4,10,59.4,7,59.5,6,2,2021-12-09 09:25:46
1639041948557120000,59.4,1,59.4,6,59.5,6,2,2021-12-09 09:25:48
1639041950235322000,59.4,1,59.4,5,59.5,6,2,2021-12-09 09:25:50
1639041951739109000,59.4,1,59.4,4,59.5,5,2,2021-12-09 09:25:51
1639041960072605000,59.4,1,59.4,3,59.5,6,2,2021-12-09 09:26:00
1639041960562320000,59.4,3,59.4,1,59.5,6,2,2021-12-09 09:26:00
1639041962172217000,59.4,2,59.3,30,59.5,7,2,2021-12-09 09:26:02
1639041962172217000,59.3,1,59.3,30,59.5,7,2,2021-12-09 09:26:02
1639041962286654000,59.3,2,59.3,28,59.5,9,2,2021-12-09 09:26:02
1639041964027574000,59.4,1,59.3,28,59.5,8,1,2021-12-09 09:26:04
1639041966020631000,59.4,1,59.3,28,59.4,1,1,2021-12-09 09:26:06
1639041967699199000,59.3,3,59.3,25,59.4,1,2,2021-12-09 09:26:07
1639041983529126000,59.4,1,59.3,28,59.4,12,1,2021-12-09 09:26:23
1639041987286278000,59.4,1,59.3,28,59.4,12,1,2021-12-09 09:26:27
1639041987406143000,59.4,1,59.3,28,59.4,11,1,2021-12-09 09:26:27
1639041993812498000,59.4,2,59.3,29,59.4,9,1,2021-12-09 09:26:33
1639041995508322000,59.4,3,59.3,29,59.4,6,1,2021-12-09 09:26:35
1639041996663093000,59.4,6,59.4,4,59.5,8,1,2021-12-09 09:26:36
1639042007341003000,59.4,1,59.4,5,59.5,3,2,2021-12-09 09:26:47
1639042008525450000,59.4,3,59.4,2,59.5,3,2,2021-12-09 09:26:48
1639042015100101000,59.5,2,59.4,2,59.5,1,1,2021-12-09 09:26:55
1639042024830199000,59.5,1,59.5,1,59.6,9,1,2021-12-09 09:27:04
1639042027185446000,59.5,1,59.4,6,59.6,7,2,2021-12-09 09:27:07
1639042046896392000,59.5,1,59.5,1,59.6,7,2,2021-12-09 09:27:26
1639042051926894000,59.6,7,59.6,3,59.7,14,1,2021-12-09 09:27:31
1639042057042799000,59.7,1,59.6,3,59.7,11,1,2021-12-09 09:27:37
1639042059813187000,59.7,10,59.6,5,59.7,3,1,2021-12-09 09:27:39
1639042060767234000,59.6,1,59.6,4,59.7,1,2,2021-12-09 09:27:40
1639042062704486000,59.7,1,59.6,4,59.8,6,1,2021-12-09 09:27:42
1639042069036014000,59.8,3,59.6,5,59.8,5,1,2021-12-09 09:27:49
1639042070884851000,59.8,5,59.8,5,59.9,6,1,2021-12-09 09:27:50
1639042072534367000,59.9,1,59.8,5,59.9,5,1,2021-12-09 09:27:52
1639042074844652000,59.9,1,59.8,5,59.9,1,1,2021-12-09 09:27:54
1639042076051524000,59.9,1,59.8,5,60.0,60,1,2021-12-09 09:27:56
1639042076263465000,59.9,1,59.8,5,60.0,62,2,2021-12-09 09:27:56
1639042076285152000,59.8,5,59.6,7,60.0,62,2,2021-12-09 09:27:56
1639042076388148000,60.0,2,59.6,9,60.0,60,1,2021-12-09 09:27:56
1639042077175508000,59.9,1,59.6,9,60.0,60,2,2021-12-09 09:27:57
1639042078394496000,59.9,1,59.8,1,60.0,60,2,2021-12-09 09:27:58
1639042079912480000,60.0,1,59.8,1,60.0,59,1,2021-12-09 09:27:59
1639042084670133000,60.0,1,59.8,1,60.0,59,1,2021-12-09 09:28:04
1639042085360730000,60.0,1,59.8,2,60.0,59,1,2021-12-09 09:28:05
1639042087384611000,59.9,1,59.8,2,60.0,59,2,2021-12-09 09:28:07
1639042089843771000,59.8,2,59.7,1,59.9,4,2,2021-12-09 09:28:09
1639042096266509000,59.7,1,59.7,1,59.8,1,2,2021-12-09 09:28:16
1639042096300175000,59.7,1,59.6,9,59.8,1,2,2021-12-09 09:28:16
1639042097486144000,59.6,5,59.6,2,59.8,1,2,2021-12-09 09:28:17
1639042099144128000,59.6,2,59.5,7,59.7,1,2,2021-12-09 09:28:19
1639042106035258000,59.6,1,59.5,9,59.6,1,1,2021-12-09 09:28:26
1639042106552661000,59.5,1,59.5,8,59.6,1,2,2021-12-09 09:28:26
1639042108610362000,59.6,1,59.6,2,59.7,4,1,2021-12-09 09:28:28
1639042108648342000,59.6,2,59.5,8,59.7,4,2,2021-12-09 09:28:28
1639042116046124000,59.6,2,59.6,3,59.7,6,1,2021-12-09 09:28:36
1639042117121288000,59.6,1,59.6,2,59.7,4,2,2021-12-09 09:28:37
1639042119770083000,59.7,1,59.7,4,59.8,4,1,2021-12-09 09:28:39
1639042119799801000,59.7,4,59.6,2,59.8,4,2,2021-12-09 09:28:39
1639042127301075000,59.6,4,59.5,12,59.8,5,2,2021-12-09 09:28:47
1639042130022960000,59.5,2,59.5,10,59.8,6,2,2021-12-09 09:28:50
1639042138825484000,59.5,10,59.4,17,59.7,4,2,2021-12-09 09:28:58
1639042148070531000,59.5,1,59.4,16,59.6,1,2,2021-12-09 09:29:08
1639042163321798000,59.5,1,59.5,5,59.6,1,2,2021-12-09 09:29:23
1639042178434565000,59.6,1,59.6,4,59.7,4,1,2021-12-09 09:29:38
1639042184556284000,59.6,1,59.6,3,59.7,4,2,2021-12-09 09:29:44
1639042194808701000,59.6,1,59.6,3,59.7,4,2,2021-12-09 09:29:54
1639042202817056000,59.6,2,59.6,2,59.7,4,2,2021-12-09 09:30:02
1639042214014494000,59.7,1,59.6,4,59.7,3,1,2021-12-09 09:30:14
1639042222177325000,59.7,2,59.6,7,59.7,2,1,2021-12-09 09:30:22
1639042225477653000,59.7,1,59.6,7,59.7,2,1,2021-12-09 09:30:25
1639042225637523000,59.7,1,59.6,7,59.7,1,1,2021-12-09 09:30:25
1639042227267731000,59.7,1,59.6,7,59.8,8,1,2021-12-09 09:30:27
1639042227267731000,59.8,1,59.6,7,59.8,8,1,2021-12-09 09:30:27
1639042229330234000,59.7,1,59.6,7,59.7,1,2,2021-12-09 09:30:29
1639042233001233000,59.7,1,59.6,6,59.8,7,1,2021-12-09 09:30:33
1639042245156768000,59.7,1,59.6,6,59.8,7,2,2021-12-09 09:30:45
1639042245858197000,59.8,1,59.6,6,59.8,6,1,2021-12-09 09:30:45
1639042246025697000,59.7,1,59.6,6,59.8,6,2,2021-12-09 09:30:46
1639042250924032000,59.6,5,59.6,5,59.8,6,2,2021-12-09 09:30:50
1639042258014690000,59.6,1,59.6,6,59.8,10,2,2021-12-09 09:30:58
1639042262717305000,59.6,1,59.6,6,59.7,1,2,2021-12-09 09:31:02
1639042263979995000,59.6,3,59.6,3,59.7,2,2,2021-12-09 09:31:03
1639042274171454000,59.6,1,59.6,3,59.7,3,2,2021-12-09 09:31:14
1639042274331923000,59.6,3,59.5,25,59.7,3,2,2021-12-09 09:31:14
1639042283158094000,59.6,1,59.5,25,59.7,3,2,2021-12-09 09:31:23
1639042283158094000,59.5,2,59.5,25,59.7,3,2,2021-12-09 09:31:23
1639042283219889000,59.5,10,59.5,15,59.7,5,2,2021-12-09 09:31:23
1639042283249509000,59.5,8,59.5,7,59.7,5,2,2021-12-09 09:31:23
1639042287024284000,59.5,1,59.5,6,59.7,5,2,2021-12-09 09:31:27
1639042307492727000,59.5,2,59.5,15,59.6,8,2,2021-12-09 09:31:47
1639042308378906000,59.5,1,59.5,14,59.6,8,2,2021-12-09 09:31:48
1639042322140108000,59.5,2,59.5,13,59.6,9,2,2021-12-09 09:32:02
1639042323830784000,59.5,1,59.5,12,59.6,9,2,2021-12-09 09:32:03
1639042330163010000,59.5,1,59.5,12,59.6,9,2,2021-12-09 09:32:10
1639042341448966000,59.5,1,59.5,11,59.6,9,2,2021-12-09 09:32:21
1639042343957747000,59.5,11,59.4,8,59.6,9,2,2021-12-09 09:32:23
1639042343957747000,59.4,9,59.4,8,59.6,9,2,2021-12-09 09:32:23
1639042354245502000,59.4,2,59.4,6,59.6,10,2,2021-12-09 09:32:34
1639042369150139000,59.4,2,59.4,9,59.5,3,2,2021-12-09 09:32:49
1639042370470218000,59.4,5,59.4,5,59.5,3,2,2021-12-09 09:32:50
1639042378530163000,59.4,1,59.4,7,59.5,3,2,2021-12-09 09:32:58
1639042380592696000,59.4,1,59.4,17,59.5,8,2,2021-12-09 09:33:00
1639042388950391000,59.4,3,59.4,15,59.5,6,2,2021-12-09 09:33:08
1639042390588137000,59.4,1,59.4,14,59.5,6,2,2021-12-09 09:33:10
1639042392412112000,59.4,1,59.4,15,59.5,6,2,2021-12-09 09:33:12
1639042392682125000,59.4,1,59.4,14,59.5,6,2,2021-12-09 09:33:12
1639042393211021000,59.4,1,59.4,13,59.5,6,2,2021-12-09 09:33:13
1639042394184968000,59.4,1,59.4,12,59.5,6,2,2021-12-09 09:33:14
1639042394988180000,59.4,1,59.4,11,59.5,6,2,2021-12-09 09:33:14
1639042397189715000,59.4,10,59.4,1,59.5,8,2,2021-12-09 09:33:17
1639042397623461000,59.4,1,59.3,38,59.4,2,2,2021-12-09 09:33:17
1639042405148166000,59.4,10,59.3,38,59.4,4,1,2021-12-09 09:33:25
1639042415828487000,59.4,10,59.3,34,59.4,1,1,2021-12-09 09:33:35
1639042415933144000,59.3,1,59.3,33,59.4,1,2,2021-12-09 09:33:35
1639042415974590000,59.3,1,59.3,32,59.4,1,2,2021-12-09 09:33:35
1639042420345938000,59.3,1,59.3,31,59.4,3,2,2021-12-09 09:33:40
1639042425078945000,59.3,1,59.3,33,59.4,4,2,2021-12-09 09:33:45
1639042431526075000,59.3,1,59.3,33,59.4,4,2,2021-12-09 09:33:51
1639042437928434000,59.3,2,59.3,32,59.4,3,2,2021-12-09 09:33:57
1639042443549769000,59.3,6,59.3,36,59.4,4,2,2021-12-09 09:34:03
1639042445043036000,59.3,3,59.3,33,59.4,4,2,2021-12-09 09:34:05
1639042445187766000,59.3,33,59.2,108,59.4,4,2,2021-12-09 09:34:05
1639042445945939000,59.3,4,59.2,108,59.4,5,2,2021-12-09 09:34:05
1639042460086126000,59.2,30,59.2,81,59.3,18,2,2021-12-09 09:34:20
1639042460110088000,59.2,7,59.2,74,59.3,18,2,2021-12-09 09:34:20
1639042460660646000,59.2,1,59.2,73,59.3,19,2,2021-12-09 09:34:20
1639042464012427000,59.2,4,59.2,69,59.3,22,2,2021-12-09 09:34:24
1639042465589241000,59.2,1,59.2,69,59.3,27,2,2021-12-09 09:34:25
1639042465872255000,59.2,1,59.2,68,59.3,27,2,2021-12-09 09:34:25
1639042466164450000,59.2,1,59.2,67,59.3,27,2,2021-12-09 09:34:26
1639042466364959000,59.2,5,59.2,62,59.3,27,2,2021-12-09 09:34:26
1639042466466516000,59.2,1,59.2,61,59.3,27,2,2021-12-09 09:34:26
1639042467005904000,59.2,1,59.2,60,59.3,27,2,2021-12-09 09:34:27
1639042467044867000,59.2,1,59.2,59,59.3,27,2,2021-12-09 09:34:27
1639042469356430000,59.2,2,59.2,57,59.3,30,2,2021-12-09 09:34:29
1639042471849700000,59.2,30,59.2,28,59.3,30,2,2021-12-09 09:34:31
1639042471869607000,59.2,28,59.1,53,59.3,32,2,2021-12-09 09:34:31
1639042471943051000,59.1,2,59.1,51,59.3,32,2,2021-12-09 09:34:31
1639042471973732000,59.1,1,59.1,48,59.3,32,2,2021-12-09 09:34:31
1639042471973878000,59.1,1,59.1,48,59.3,32,2,2021-12-09 09:34:31
1639042471973996000,59.1,1,59.1,48,59.3,32,2,2021-12-09 09:34:31
1639042472072429000,59.1,5,59.1,43,59.3,32,2,2021-12-09 09:34:32
1639042472856506000,59.1,1,59.1,42,59.3,32,2,2021-12-09 09:34:32
1639042473440306000,59.1,3,59.1,38,59.2,2,2,2021-12-09 09:34:33
1639042474210167000,59.1,1,59.1,37,59.2,5,2,2021-12-09 09:34:34
1639042476249152000,59.1,1,59.1,36,59.2,8,2,2021-12-09 09:34:36
1639042476285421000,59.1,25,59.1,11,59.2,8,2,2021-12-09 09:34:36
1639042476358126000,59.1,1,59.1,10,59.2,8,2,2021-12-09 09:34:36
1639042476387549000,59.1,6,59.1,4,59.2,8,2,2021-12-09 09:34:36
1639042476995661000,59.1,1,59.1,3,59.2,10,2,2021-12-09 09:34:36
1639042478376251000,59.1,1,59.1,2,59.2,14,2,2021-12-09 09:34:38
1639042478747652000,59.1,1,59.1,1,59.2,18,2,2021-12-09 09:34:38
1639042480106301000,59.1,1,59.0,156,59.2,17,2,2021-12-09 09:34:40
1639042481130833000,59.1,1,59.0,156,59.1,1,1,2021-12-09 09:34:41
1639042482859435000,59.1,2,59.0,155,59.1,1,1,2021-12-09 09:34:42
1639042483434531000,59.0,2,59.0,153,59.1,2,2,2021-12-09 09:34:43
1639042483563229000,59.0,5,59.0,148,59.1,2,2,2021-12-09 09:34:43
1639042484370229000,59.0,1,59.0,145,59.1,4,2,2021-12-09 09:34:44
1639042484387078000,59.1,1,59.0,145,59.1,3,1,2021-12-09 09:34:44
1639042484709676000,59.0,1,59.0,144,59.1,3,2,2021-12-09 09:34:44
1639042484728617000,59.1,1,59.0,144,59.1,2,1,2021-12-09 09:34:44
1639042484741551000,59.0,1,59.0,143,59.1,2,2,2021-12-09 09:34:44
1639042486909410000,59.1,1,59.0,142,59.1,1,1,2021-12-09 09:34:46
1639042489077604000,59.0,1,59.0,143,59.1,3,2,2021-12-09 09:34:49
1639042492257285000,59.1,1,59.0,143,59.1,3,1,2021-12-09 09:34:52
1639042492590960000,59.1,1,59.0,143,59.1,2,1,2021-12-09 09:34:52
1639042493477020000,59.0,1,59.0,142,59.1,2,2,2021-12-09 09:34:53
1639042493845250000,59.1,1,59.0,142,59.1,1,1,2021-12-09 09:34:53
1639042494262580000,59.0,1,59.0,142,59.1,1,2,2021-12-09 09:34:54
1639042494663489000,59.0,1,59.0,141,59.1,1,2,2021-12-09 09:34:54
1639042496276902000,59.1,2,59.1,1,59.2,17,1,2021-12-09 09:34:56
1639042498528386000,59.1,1,59.1,2,59.2,15,2,2021-12-09 09:34:58
1639042499086663000,59.1,2,59.0,141,59.2,13,2,2021-12-09 09:34:59
1639042500800837000,59.1,2,59.0,140,59.1,1,1,2021-12-09 09:35:00
1639042504015831000,59.1,6,59.0,149,59.2,13,1,2021-12-09 09:35:04
1639042507980959000,59.2,1,59.1,28,59.2,15,1,2021-12-09 09:35:07
1639042511646492000,59.1,5,59.1,25,59.2,15,2,2021-12-09 09:35:11
1639042515343098000,59.1,1,59.1,27,59.2,15,2,2021-12-09 09:35:15
1639042524586980000,59.1,1,59.1,28,59.2,11,2,2021-12-09 09:35:24
1639042527787313000,59.2,11,59.1,32,59.3,21,1,2021-12-09 09:35:27
1639042527815671000,59.1,32,59.0,148,59.1,18,2,2021-12-09 09:35:27
1639042531151281000,59.1,1,59.0,148,59.1,23,1,2021-12-09 09:35:31
1639042532389381000,59.1,5,59.0,148,59.1,18,1,2021-12-09 09:35:32
1639042533338947000,59.1,5,59.0,148,59.1,13,1,2021-12-09 09:35:33
1639042533369279000,59.1,13,59.0,148,59.2,2,1,2021-12-09 09:35:33
1639042536022806000,59.1,1,59.1,9,59.2,2,2,2021-12-09 09:35:36
