ts,close,volume,bid_price,bid_volume,ask_price,ask_volume,tick_type,datetime
1639645215207526000,64.2,95,64.1,1,64.2,10,1,2021-12-16 09:00:15
1639645215247932000,64.2,1,64.1,1,64.2,9,1,2021-12-16 09:00:15
1639645215909767000,64.1,1,64.0,15,64.2,9,2,2021-12-16 09:00:15
1639645215909767000,64.0,7,64.0,15,64.2,9,2,2021-12-16 09:00:15
1639645215972670000,64.0,1,64.0,14,64.2,9,2,2021-12-16 09:00:15
1639645217037489000,64.0,14,63.8,1,63.9,17,2,2021-12-16 09:00:17
1639645218958368000,63.9,1,63.8,1,63.9,16,1,2021-12-16 09:00:18
1639645221383637000,63.8,1,63.7,7,63.9,16,2,2021-12-16 09:00:21
1639645221615595000,63.7,2,63.7,5,63.9,16,2,2021-12-16 09:00:21
1639645222849244000,63.7,1,63.7,4,63.9,16,2,2021-12-16 09:00:22
1639645222883067000,63.7,1,63.7,3,63.9,16,2,2021-12-16 09:00:22
1639645225924971000,63.9,1,63.7,3,63.9,15,1,2021-12-16 09:00:25
1639645229214131000,63.8,1,63.7,3,63.8,1,1,2021-12-16 09:00:29
1639645229291685000,63.8,1,63.7,3,63.9,15,1,2021-12-16 09:00:29
1639645230405763000,63.7,1,63.7,2,63.9,15,2,2021-12-16 09:00:30
1639645235341056000,63.7,1,63.7,1,63.9,15,2,2021-12-16 09:00:35
1639645235375194000,63.7,1,63.3,1,63.9,15,2,2021-12-16 09:00:35
1639645238112239000,63.3,1,63.2,1,63.9,15,2,2021-12-16 09:00:38
1639645240117459000,63.3,1,63.2,1,63.7,1,1,2021-12-16 09:00:40
1639645246277955000,63.4,1,63.2,1,63.9,15,2,2021-12-16 09:00:46
1639645256445297000,63.4,2,63.3,3,63.4,2,2,2021-12-16 09:00:56
1639645256505974000,63.4,1,63.3,3,63.4,1,1,2021-12-16 09:00:56
1639645256537118000,63.4,1,63.3,3,63.8,2,1,2021-12-16 09:00:56
1639645259638907000,63.6,1,63.4,1,63.8,2,1,2021-12-16 09:00:59
1639645259953280000,63.8,1,63.4,1,63.8,1,1,2021-12-16 09:00:59
1639645267738399000,63.4,1,63.3,2,63.5,3,2,2021-12-16 09:01:07
1639645269541747000,63.5,1,63.3,2,63.5,2,1,2021-12-16 09:01:09
1639645269580135000,63.5,1,63.3,2,63.5,1,1,2021-12-16 09:01:09
1639645272525695000,63.3,1,63.3,1,63.5,1,2,2021-12-16 09:01:12
1639645276298187000,63.5,1,63.3,3,63.6,1,1,2021-12-16 09:01:16
1639645284775207000,63.4,1,63.3,4,63.6,1,2,2021-12-16 09:01:24
1639645299889664000,63.3,1,63.3,3,63.5,3,2,2021-12-16 09:01:39
1639645304632742000,63.5,1,63.3,3,63.5,2,1,2021-12-16 09:01:44
1639645308548536000,63.4,1,63.3,3,63.5,2,2,2021-12-16 09:01:48
1639645309065611000,63.3,3,63.2,2,63.5,2,2,2021-12-16 09:01:49
1639645311180668000,63.2,1,63.2,1,63.5,2,2,2021-12-16 09:01:51
1639645322090587000,63.3,1,63.3,4,63.4,1,2,2021-12-16 09:02:02
1639645326672681000,63.4,1,63.3,4,63.5,3,1,2021-12-16 09:02:06
1639645330444541000,63.3,4,63.3,1,63.5,3,2,2021-12-16 09:02:10
1639645330527991000,63.3,1,63.2,2,63.4,1,2,2021-12-16 09:02:10
1639645332162960000,63.2,2,63.1,1,63.4,1,2,2021-12-16 09:02:12
1639645332162960000,63.1,1,63.1,1,63.4,1,2,2021-12-16 09:02:12
1639645334568177000,63.4,1,63.0,14,63.5,3,1,2021-12-16 09:02:14
1639645334800450000,63.0,3,63.0,11,63.5,3,2,2021-12-16 09:02:14
1639645336822161000,63.0,1,63.0,10,63.4,1,2,2021-12-16 09:02:16
1639645338400302000,63.3,1,63.0,10,63.5,3,2,2021-12-16 09:02:18
1639645339134467000,63.0,3,63.0,7,63.4,1,2,2021-12-16 09:02:19
1639645353732302000,63.1,2,63.0,9,63.3,1,2,2021-12-16 09:02:33
1639645353732302000,63.0,2,63.0,9,63.3,1,2,2021-12-16 09:02:33
1639645359497597000,63.1,1,63.0,10,63.2,1,2,2021-12-16 09:02:39
1639645359594741000,63.2,1,63.0,10,63.3,1,1,2021-12-16 09:02:39
1639645377017084000,63.3,1,63.1,2,63.5,3,1,2021-12-16 09:02:57
1639645380373704000,63.1,1,63.1,6,63.5,3,2,2021-12-16 09:03:00
1639645382110796000,63.3,1,62.8,4,63.0,143,2,2021-12-16 09:03:02
1639645382110796000,63.1,6,62.8,4,63.0,143,2,2021-12-16 09:03:02
1639645382110796000,63.0,11,62.8,4,63.0,143,2,2021-12-16 09:03:02
1639645382185002000,62.8,1,62.8,3,63.0,143,2,2021-12-16 09:03:02
1639645385886254000,63.0,1,62.8,4,63.0,142,1,2021-12-16 09:03:05
1639645387254660000,62.8,1,62.8,3,63.0,142,2,2021-12-16 09:03:07
1639645392455224000,63.0,1,62.8,4,63.0,141,1,2021-12-16 09:03:12
1639645393408048000,62.8,2,62.8,3,63.0,141,2,2021-12-16 09:03:13
1639645402300106000,62.8,1,62.8,2,62.9,1,2,2021-12-16 09:03:22
1639645402339404000,62.8,1,62.8,1,62.9,1,2,2021-12-16 09:03:22
1639645402554706000,62.8,1,62.7,1,62.9,1,2,2021-12-16 09:03:22
1639645404658250000,62.7,1,62.6,2,62.9,1,2,2021-12-16 09:03:24
1639645405156488000,62.8,1,62.6,2,62.9,1,2,2021-12-16 09:03:25
1639645410160591000,62.6,1,62.6,1,62.9,1,2,2021-12-16 09:03:30
1639645412269143000,62.6,1,62.5,3,62.9,1,2,2021-12-16 09:03:32
1639645412269143000,62.5,1,62.5,3,62.9,1,2,2021-12-16 09:03:32
1639645417392163000,62.7,1,62.5,1,62.9,2,2,2021-12-16 09:03:37
1639645417392163000,62.5,3,62.5,1,62.9,2,2,2021-12-16 09:03:37
1639645422712313000,62.5,1,62.0,1,62.9,2,2,2021-12-16 09:03:42
1639645422712313000,62.3,1,62.0,1,62.9,2,2,2021-12-16 09:03:42
1639645422712313000,62.1,2,62.0,1,62.9,2,2,2021-12-16 09:03:42
1639645422712313000,62.0,1,62.0,1,62.9,2,2,2021-12-16 09:03:42
1639645426517068000,62.5,1,62.0,1,62.8,1,2,2021-12-16 09:03:46
1639645432276512000,62.1,1,62.0,1,62.8,1,2,2021-12-16 09:03:52
1639645434684327000,62.7,1,62.1,1,62.8,1,1,2021-12-16 09:03:54
1639645434684327000,62.8,1,62.1,1,62.8,1,1,2021-12-16 09:03:54
1639645444529869000,62.4,1,62.3,11,62.9,3,2,2021-12-16 09:04:04
1639645445527988000,62.3,5,62.3,1,62.9,3,2,2021-12-16 09:04:05
1639645446374309000,62.3,1,62.2,2,62.4,2,2,2021-12-16 09:04:06
1639645451222893000,62.3,1,62.2,2,62.4,2,1,2021-12-16 09:04:11
1639645458081562000,62.3,1,62.2,3,62.4,2,1,2021-12-16 09:04:18
1639645464282390000,62.4,1,62.3,3,62.4,1,1,2021-12-16 09:04:24
1639645464304377000,62.4,1,62.3,3,62.9,4,1,2021-12-16 09:04:24
1639645468432016000,62.6,1,62.4,6,62.8,1,2,2021-12-16 09:04:28
1639645498959078000,62.6,1,62.5,2,62.8,3,2,2021-12-16 09:04:58
1639645500628507000,62.8,3,62.5,2,62.9,3,1,2021-12-16 09:05:00
1639645511528794000,62.8,1,62.7,6,62.9,4,2,2021-12-16 09:05:11
1639645515818530000,62.8,1,62.7,6,62.9,4,1,2021-12-16 09:05:15
1639645518524456000,62.8,4,62.8,2,62.9,5,2,2021-12-16 09:05:18
1639645518556672000,62.8,2,62.7,7,62.9,5,2,2021-12-16 09:05:18
1639645520737400000,62.9,1,62.7,7,62.9,4,1,2021-12-16 09:05:20
1639645521236007000,62.8,1,62.7,7,62.9,4,2,2021-12-16 09:05:21
1639645532323439000,62.9,4,62.9,1,63.0,141,1,2021-12-16 09:05:32
1639645532353362000,62.9,1,62.7,7,63.0,141,2,2021-12-16 09:05:32
1639645537757603000,62.7,2,62.7,5,63.0,141,2,2021-12-16 09:05:37
1639645555833123000,62.8,1,62.5,2,62.7,1,2,2021-12-16 09:05:55
1639645555833123000,62.7,7,62.5,2,62.7,1,2,2021-12-16 09:05:55
1639645556219633000,62.7,1,62.5,2,63.0,141,1,2021-12-16 09:05:56
1639645556352303000,63.0,5,62.5,2,63.0,136,1,2021-12-16 09:05:56
1639645563182921000,63.0,1,62.8,5,63.0,135,1,2021-12-16 09:06:03
1639645568254074000,62.8,1,62.8,5,62.9,1,2,2021-12-16 09:06:08
1639645568276255000,62.8,2,62.8,3,62.9,1,2,2021-12-16 09:06:08
1639645570596669000,62.8,1,62.8,2,62.9,1,2,2021-12-16 09:06:10
1639645585729442000,62.9,1,62.8,4,63.0,135,1,2021-12-16 09:06:25
1639645590317944000,63.0,6,62.8,4,63.0,129,1,2021-12-16 09:06:30
1639645594623468000,63.0,1,62.8,4,63.0,128,1,2021-12-16 09:06:34
1639645600953816000,62.9,1,62.8,4,63.0,128,1,2021-12-16 09:06:40
1639645608677902000,62.9,1,62.8,4,62.9,1,2,2021-12-16 09:06:48
1639645617907166000,62.9,1,62.8,10,63.0,128,1,2021-12-16 09:06:57
1639645625979885000,63.0,1,62.8,10,63.0,127,1,2021-12-16 09:07:05
1639645630222282000,63.0,1,62.9,3,63.0,126,1,2021-12-16 09:07:10
1639645632179978000,62.9,1,62.9,3,63.0,126,2,2021-12-16 09:07:12
1639645632603087000,63.0,7,62.9,3,63.0,119,1,2021-12-16 09:07:12
1639645634390239000,62.9,1,62.9,2,63.0,119,2,2021-12-16 09:07:14
1639645640624335000,63.0,1,62.9,3,63.0,118,1,2021-12-16 09:07:20
1639645644555147000,63.0,2,62.9,4,63.0,116,1,2021-12-16 09:07:24
1639645649384186000,63.0,2,62.9,4,63.0,114,1,2021-12-16 09:07:29
1639645650300615000,63.0,4,62.9,4,63.0,110,1,2021-12-16 09:07:30
1639645653762979000,63.0,1,62.9,4,63.0,109,1,2021-12-16 09:07:33
1639645659222313000,63.0,2,62.9,4,63.0,107,1,2021-12-16 09:07:39
1639645660736302000,62.9,4,62.8,7,63.0,107,2,2021-12-16 09:07:40
1639645660736302000,62.8,2,62.8,7,63.0,107,2,2021-12-16 09:07:40
1639645662280212000,62.8,1,62.8,6,63.0,107,2,2021-12-16 09:07:42
1639645665664409000,62.9,1,62.8,6,63.0,107,2,2021-12-16 09:07:45
1639645680699851000,63.0,1,62.9,2,63.0,106,1,2021-12-16 09:08:00
1639645686082095000,62.9,2,62.8,7,62.9,3,2,2021-12-16 09:08:06
1639645701591597000,62.9,1,62.8,7,62.9,4,1,2021-12-16 09:08:21
1639645708380067000,62.9,2,62.9,2,63.0,106,1,2021-12-16 09:08:28
1639645719624076000,62.9,2,62.8,7,63.0,106,2,2021-12-16 09:08:39
1639645730917968000,62.8,1,62.8,7,63.0,106,2,2021-12-16 09:08:50
1639645769793292000,62.8,2,62.8,4,63.0,106,2,2021-12-16 09:09:29
1639645789474441000,62.8,1,62.8,3,62.9,11,2,2021-12-16 09:09:49
1639645789500415000,62.8,3,62.7,2,62.9,11,2,2021-12-16 09:09:49
1639645805318739000,62.7,2,62.5,6,62.9,11,2,2021-12-16 09:10:05
1639645815755927000,62.6,1,62.5,6,62.9,11,2,2021-12-16 09:10:15
1639645837360751000,62.6,1,62.5,6,62.6,4,2,2021-12-16 09:10:37
1639645841075133000,62.6,1,62.5,6,62.6,3,1,2021-12-16 09:10:41
1639645847253344000,62.5,1,62.5,5,62.6,3,2,2021-12-16 09:10:47
1639645853073025000,62.5,1,62.5,5,62.6,3,2,2021-12-16 09:10:53
1639645876420295000,62.5,1,62.5,4,62.6,4,2,2021-12-16 09:11:16
1639645889472498000,62.5,1,62.5,3,62.6,3,2,2021-12-16 09:11:29
1639645898714394000,62.5,1,62.5,2,62.6,3,2,2021-12-16 09:11:38
1639645901652498000,62.5,1,62.5,1,62.6,3,2,2021-12-16 09:11:41
1639645904344145000,62.5,1,62.4,9,62.5,4,2,2021-12-16 09:11:44
1639645915027467000,62.5,1,62.4,9,62.5,4,1,2021-12-16 09:11:55
1639645925201838000,62.4,1,62.4,13,62.5,5,2,2021-12-16 09:12:05
1639645927391659000,62.5,1,62.4,13,62.5,4,1,2021-12-16 09:12:07
1639645927412345000,62.5,3,62.4,13,62.5,1,1,2021-12-16 09:12:07
1639645927457105000,62.5,1,62.4,13,62.6,3,1,2021-12-16 09:12:07
1639645950712286000,62.5,2,62.5,3,62.6,3,2,2021-12-16 09:12:30
1639645953362828000,62.5,3,62.4,13,62.5,2,2,2021-12-16 09:12:33
1639645959138825000,62.4,1,62.4,12,62.5,2,2,2021-12-16 09:12:39
1639645967319668000,62.5,1,62.4,12,62.5,3,1,2021-12-16 09:12:47
1639645969842919000,62.4,1,62.4,11,62.5,3,2,2021-12-16 09:12:49
1639645972584785000,62.4,10,62.4,1,62.5,3,2,2021-12-16 09:12:52
1639645972624041000,62.4,1,62.2,3,62.5,3,2,2021-12-16 09:12:52
1639645990405001000,62.2,3,62.1,4,62.5,3,2,2021-12-16 09:13:10
1639645993441067000,62.1,1,62.1,3,62.5,3,2,2021-12-16 09:13:13
1639646022517006000,62.4,1,62.2,3,62.5,3,2,2021-12-16 09:13:42
1639646028650601000,62.5,1,62.2,3,62.5,2,1,2021-12-16 09:13:48
1639646033823693000,62.5,1,62.2,3,62.5,1,1,2021-12-16 09:13:53
1639646045312539000,62.3,2,62.3,5,62.5,2,2,2021-12-16 09:14:05
1639646045907722000,62.3,1,62.3,4,62.5,2,2,2021-12-16 09:14:05
1639646058239914000,62.3,1,62.3,3,62.4,2,2,2021-12-16 09:14:18
1639646064291148000,62.3,1,62.3,2,62.4,2,2,2021-12-16 09:14:24
1639646088105234000,62.4,3,62.4,1,62.5,3,1,2021-12-16 09:14:48
1639646089189186000,62.4,1,62.3,3,62.5,3,2,2021-12-16 09:14:49
1639646110454700000,62.4,3,62.4,4,62.5,3,2,2021-12-16 09:15:10
1639646116746636000,62.4,1,62.4,3,62.5,3,2,2021-12-16 09:15:16
1639646119321062000,62.4,3,62.4,3,62.5,3,2,2021-12-16 09:15:19
1639646126825013000,62.4,3,62.3,3,62.4,2,2,2021-12-16 09:15:26
1639646126855508000,62.4,2,62.3,3,62.5,4,1,2021-12-16 09:15:26
1639646146346606000,62.3,3,62.3,2,62.4,3,2,2021-12-16 09:15:46
1639646172605103000,62.3,1,62.3,1,62.4,3,2,2021-12-16 09:16:12
1639646191192256000,62.3,3,62.3,3,62.4,3,2,2021-12-16 09:16:31
1639646212366173000,62.4,2,62.3,3,62.4,1,1,2021-12-16 09:16:52
1639646251816516000,62.3,3,62.1,4,62.4,1,2,2021-12-16 09:17:31
1639646251816516000,62.2,1,62.1,4,62.4,1,2,2021-12-16 09:17:31
1639646251816516000,62.1,2,62.1,4,62.4,1,2,2021-12-16 09:17:31
1639646300935047000,62.1,1,62.1,2,62.2,2,2,2021-12-16 09:18:20
1639646308575836000,62.1,1,62.1,1,62.2,2,2,2021-12-16 09:18:28
1639646314953401000,62.1,1,62.0,12,62.2,2,2,2021-12-16 09:18:34
1639646322921525000,62.1,1,62.0,12,62.1,1,2,2021-12-16 09:18:42
1639646329447091000,62.0,4,62.0,8,62.1,2,2,2021-12-16 09:18:49
1639646329785797000,62.0,1,62.0,7,62.1,2,2,2021-12-16 09:18:49
1639646330714945000,62.0,1,62.0,6,62.1,2,2,2021-12-16 09:18:50
1639646332002659000,62.1,1,62.0,6,62.1,1,1,2021-12-16 09:18:52
1639646332332423000,62.0,6,61.9,1,62.1,1,2,2021-12-16 09:18:52
1639646333088591000,61.9,1,61.5,2,62.1,1,2,2021-12-16 09:18:53
1639646333088591000,61.8,2,61.5,2,62.1,1,2,2021-12-16 09:18:53
1639646333088591000,61.7,1,61.5,2,62.1,1,2,2021-12-16 09:18:53
1639646333088591000,61.5,1,61.5,2,62.1,1,2,2021-12-16 09:18:53
1639646333406547000,61.5,1,61.5,1,62.0,1,2,2021-12-16 09:18:53
1639646340444853000,61.5,1,61.1,3,62.1,1,2,2021-12-16 09:19:00
1639646340444853000,61.4,1,61.1,3,62.1,1,2,2021-12-16 09:19:00
1639646340444853000,61.1,3,61.1,3,62.1,1,2,2021-12-16 09:19:00
1639646341940443000,61.5,1,61.1,3,62.0,1,2,2021-12-16 09:19:01
1639646352841511000,61.5,1,61.3,1,62.1,2,1,2021-12-16 09:19:12
1639646353849477000,61.3,1,61.2,1,62.4,2,2,2021-12-16 09:19:13
1639646357126549000,61.3,2,61.2,1,62.4,4,1,2021-12-16 09:19:17
1639646382799425000,61.4,2,61.2,8,61.3,229,2,2021-12-16 09:19:42
1639646382799425000,61.3,5,61.2,8,61.3,229,2,2021-12-16 09:19:42
1639646383960491000,61.3,3,61.2,8,61.3,226,1,2021-12-16 09:19:43
1639646387530568000,61.3,1,61.2,8,61.3,225,1,2021-12-16 09:19:47
1639646390324747000,61.3,1,61.2,8,61.3,224,1,2021-12-16 09:19:50
1639646390637826000,61.2,1,61.2,7,61.3,224,2,2021-12-16 09:19:50
1639646395508036000,61.2,1,61.2,8,61.3,224,2,2021-12-16 09:19:55
1639646396443638000,61.2,1,61.2,7,61.3,224,2,2021-12-16 09:19:56
1639646396934679000,61.2,2,61.2,5,61.3,224,2,2021-12-16 09:19:56
1639646397686941000,61.2,2,61.2,3,61.3,224,2,2021-12-16 09:19:57
1639646401287780000,61.2,3,60.6,1,60.8,14,2,2021-12-16 09:20:01
1639646401287780000,61.1,5,60.6,1,60.8,14,2,2021-12-16 09:20:01
1639646401287780000,61.0,7,60.6,1,60.8,14,2,2021-12-16 09:20:01
1639646401287780000,60.9,7,60.6,1,60.8,14,2,2021-12-16 09:20:01
1639646401287780000,60.8,4,60.6,1,60.8,14,2,2021-12-16 09:20:01
1639646403920295000,60.8,5,60.6,1,60.8,9,1,2021-12-16 09:20:03
1639646407674704000,60.8,9,60.8,1,61.2,2,1,2021-12-16 09:20:07
1639646410112714000,60.6,1,60.4,9,61.2,2,2,2021-12-16 09:20:10
1639646410112714000,60.5,5,60.4,9,61.2,2,2,2021-12-16 09:20:10
1639646411514254000,60.4,1,60.4,8,61.1,1,2,2021-12-16 09:20:11
1639646422794365000,60.6,1,60.5,3,61.1,2,2,2021-12-16 09:20:22
1639646424126439000,60.6,3,60.5,5,61.0,1,2,2021-12-16 09:20:24
1639646424126439000,60.5,1,60.5,5,61.0,1,2,2021-12-16 09:20:24
1639646424379277000,60.5,1,60.5,4,61.0,1,2,2021-12-16 09:20:24
1639646429815110000,60.5,1,60.5,4,60.9,2,2,2021-12-16 09:20:29
1639646442118893000,60.6,3,60.6,13,60.9,2,2,2021-12-16 09:20:42
1639646442376317000,60.6,1,60.6,13,60.9,2,2,2021-12-16 09:20:42
1639646442627278000,60.9,1,60.6,13,60.9,1,1,2021-12-16 09:20:42
1639646443951247000,60.8,1,60.7,5,60.8,1,1,2021-12-16 09:20:43
1639646443961443000,60.8,1,60.7,5,60.9,1,1,2021-12-16 09:20:43
1639646445854956000,60.7,1,60.7,4,60.9,1,2,2021-12-16 09:20:45
1639646449691855000,60.9,1,60.7,4,61.0,3,1,2021-12-16 09:20:49
1639646449691855000,61.0,1,60.7,4,61.0,3,1,2021-12-16 09:20:49
1639646457819275000,61.0,3,60.9,5,61.1,8,1,2021-12-16 09:20:57
1639646464516930000,60.9,5,60.8,2,60.9,1,2,2021-12-16 09:21:04
1639646466430568000,60.9,1,61.0,3,61.1,8,1,2021-12-16 09:21:06
1639646466430568000,61.0,1,61.0,3,61.1,8,1,2021-12-16 09:21:06
1639646470083928000,61.0,1,61.0,3,61.1,8,2,2021-12-16 09:21:10
1639646470251845000,61.0,1,61.0,2,61.1,8,2,2021-12-16 09:21:10
1639646472911659000,61.1,2,61.0,2,61.1,6,1,2021-12-16 09:21:12
1639646473916903000,61.1,5,61.0,3,61.1,1,1,2021-12-16 09:21:13
1639646473962752000,61.1,1,61.0,3,61.2,15,1,2021-12-16 09:21:13
1639646477010255000,61.1,1,61.1,9,61.2,13,2,2021-12-16 09:21:17
1639646482311147000,61.1,1,61.1,8,61.2,13,2,2021-12-16 09:21:22
1639646483502570000,61.1,2,61.1,11,61.2,13,2,2021-12-16 09:21:23
1639646490558316000,61.2,5,61.1,12,61.2,8,1,2021-12-16 09:21:30
1639646494943364000,61.2,1,61.1,13,61.2,7,1,2021-12-16 09:21:34
1639646498034682000,61.2,1,61.1,13,61.2,6,1,2021-12-16 09:21:38
1639646498742776000,61.2,1,61.1,13,61.2,5,1,2021-12-16 09:21:38
1639646498813199000,61.2,1,61.1,13,61.2,4,1,2021-12-16 09:21:38
1639646499924792000,61.2,1,61.1,13,61.2,4,1,2021-12-16 09:21:39
1639646500651137000,61.2,1,61.1,13,61.2,3,1,2021-12-16 09:21:40
1639646502173670000,61.2,1,61.1,13,61.2,2,1,2021-12-16 09:21:42
1639646502969087000,61.2,1,61.1,13,61.2,1,1,2021-12-16 09:21:42
1639646504861119000,61.2,1,61.2,1,61.3,232,1,2021-12-16 09:21:44
1639646515236955000,61.2,2,61.2,3,61.3,232,2,2021-12-16 09:21:55
1639646517395110000,61.3,1,61.2,3,61.3,231,1,2021-12-16 09:21:57
1639646523628921000,61.3,1,61.2,5,61.3,230,1,2021-12-16 09:22:03
1639646526217016000,61.3,1,61.2,6,61.3,229,1,2021-12-16 09:22:06
1639646526960646000,61.3,3,61.2,6,61.3,226,1,2021-12-16 09:22:06
1639646536528479000,61.3,1,61.2,9,61.3,225,1,2021-12-16 09:22:16
1639646538692329000,61.3,1,61.2,9,61.3,224,1,2021-12-16 09:22:18
1639646540385819000,61.3,3,61.2,9,61.3,221,1,2021-12-16 09:22:20
1639646540653370000,61.3,2,61.2,9,61.3,219,1,2021-12-16 09:22:20
1639646563892838000,61.2,1,61.2,8,61.3,219,2,2021-12-16 09:22:43
1639646574693922000,61.2,3,61.2,5,61.3,212,2,2021-12-16 09:22:54
1639646576578990000,61.2,3,61.2,2,61.3,212,2,2021-12-16 09:22:56
1639646577404054000,61.2,2,61.1,10,61.2,1,2,2021-12-16 09:22:57
1639646582860461000,61.2,1,61.1,10,61.2,2,1,2021-12-16 09:23:02
1639646583837583000,61.2,1,61.1,10,61.2,1,1,2021-12-16 09:23:03
1639646584524003000,61.2,1,61.1,10,61.3,212,1,2021-12-16 09:23:04
1639646601868272000,61.2,1,61.1,10,61.2,1,2,2021-12-16 09:23:21
1639646604972684000,61.2,1,61.1,10,61.3,212,1,2021-12-16 09:23:24
1639646630567199000,61.2,1,61.2,6,61.3,212,2,2021-12-16 09:23:50
1639646642892259000,61.3,1,61.2,6,61.3,211,1,2021-12-16 09:24:02
1639646652191794000,61.2,3,61.2,4,61.3,211,2,2021-12-16 09:24:12
1639646685461590000,61.3,1,61.2,7,61.4,1,1,2021-12-16 09:24:45
1639646686470447000,61.4,1,61.3,1,61.5,1,1,2021-12-16 09:24:46
1639646694500151000,61.5,1,61.3,3,61.6,1,1,2021-12-16 09:24:54
1639646707925951000,61.6,1,61.3,4,62.0,1,1,2021-12-16 09:25:07
1639646717438313000,61.5,1,61.4,1,62.0,1,1,2021-12-16 09:25:17
1639646733103152000,62.0,1,62.0,1,62.1,1,1,2021-12-16 09:25:33
1639646733127844000,62.0,1,61.5,1,62.1,1,2,2021-12-16 09:25:33
1639646742583111000,62.1,1,61.5,2,62.5,3,1,2021-12-16 09:25:42
1639646746381215000,62.3,1,61.5,3,62.5,3,1,2021-12-16 09:25:46
1639646746613076000,62.4,1,61.7,1,62.5,3,2,2021-12-16 09:25:46
1639646770352157000,61.6,1,61.6,1,62.3,2,2,2021-12-16 09:26:10
1639646771381986000,61.6,1,61.5,3,62.3,5,2,2021-12-16 09:26:11
1639646808293225000,61.7,1,61.6,4,62.2,2,2,2021-12-16 09:26:48
1639646808396839000,61.6,1,61.6,3,62.2,3,2,2021-12-16 09:26:48
1639646812633035000,61.7,1,61.6,3,62.1,2,2,2021-12-16 09:26:52
1639646812663791000,61.6,2,61.6,1,62.1,2,2,2021-12-16 09:26:52
1639646812694076000,61.6,1,61.5,2,62.1,2,2,2021-12-16 09:26:52
1639646828291693000,61.6,1,61.5,1,62.1,2,2,2021-12-16 09:27:08
1639646869464758000,61.5,1,61.4,1,61.8,2,2,2021-12-16 09:27:49
1639646882128400000,61.5,1,61.5,2,61.8,2,2,2021-12-16 09:28:02
1639646911972295000,61.6,1,61.6,1,61.8,2,2,2021-12-16 09:28:31
1639646970542680000,61.8,2,61.6,2,61.9,2,1,2021-12-16 09:29:30
1639646996927912000,61.9,1,61.8,2,61.9,1,1,2021-12-16 09:29:56
1639647002102391000,61.9,1,61.8,2,62.0,5,1,2021-12-16 09:30:02
1639647032981451000,61.9,1,61.9,3,62.0,5,2,2021-12-16 09:30:32
1639647040600732000,61.9,1,61.9,2,62.0,5,2,2021-12-16 09:30:40
1639647044936421000,62.0,5,61.9,2,62.2,2,1,2021-12-16 09:30:44
1639647054279001000,62.2,1,61.9,2,62.2,1,1,2021-12-16 09:30:54
1639647057629405000,62.2,1,61.9,3,62.3,5,1,2021-12-16 09:30:57
1639647062918532000,61.9,3,61.8,1,61.9,5,2,2021-12-16 09:31:02
1639647064879042000,61.9,5,62.0,5,62.3,5,1,2021-12-16 09:31:04
1639647084849816000,62.2,1,62.2,3,62.3,5,2,2021-12-16 09:31:24
1639647085513951000,62.2,3,62.0,5,62.2,4,2,2021-12-16 09:31:25
1639647096628957000,62.2,1,62.0,5,62.2,4,1,2021-12-16 09:31:36
1639647102963190000,62.1,1,62.0,1,62.2,4,2,2021-12-16 09:31:42
1639647102963190000,62.0,4,62.0,1,62.2,4,2,2021-12-16 09:31:42
1639647109322790000,62.0,1,61.9,1,62.2,3,2,2021-12-16 09:31:49
1639647173665896000,62.1,1,62.0,2,62.2,3,2,2021-12-16 09:32:53
1639647200980983000,62.1,1,62.0,1,62.1,4,1,2021-12-16 09:33:20
1639647223713181000,62.0,1,62.0,3,62.1,4,2,2021-12-16 09:33:43
1639647247156580000,62.0,3,62.0,1,62.1,4,2,2021-12-16 09:34:07
1639647248451581000,62.0,1,61.9,1,62.0,3,2,2021-12-16 09:34:08
1639647278184672000,62.0,1,61.9,4,62.0,2,1,2021-12-16 09:34:38
1639647278221801000,62.0,1,61.9,4,62.0,1,1,2021-12-16 09:34:38
1639647278266320000,62.0,1,61.9,4,62.2,3,1,2021-12-16 09:34:38
1639647375774146000,62.0,1,61.9,4,62.1,1,2,2021-12-16 09:36:15
1639647396136757000,61.9,4,61.7,5,61.9,4,2,2021-12-16 09:36:36
1639647607997419000,61.7,1,61.6,2,61.9,5,2,2021-12-16 09:40:07
1639647649711758000,61.7,1,61.6,2,61.9,5,1,2021-12-16 09:40:49
1639647698459244000,61.7,1,61.6,2,61.8,5,2,2021-12-16 09:41:38
1639647782691638000,61.6,1,61.6,2,61.8,5,2,2021-12-16 09:43:02
1639647791597046000,61.6,2,61.4,1,61.8,5,2,2021-12-16 09:43:11
1639647836367423000,61.3,1,61.2,6,61.9,5,2,2021-12-16 09:43:56
1639647866539629000,61.2,1,61.2,5,61.9,5,2,2021-12-16 09:44:26
1639647895644339000,61.2,2,61.2,3,61.9,6,2,2021-12-16 09:44:55
1639647955952376000,61.3,1,61.2,6,61.9,6,2,2021-12-16 09:45:55
1639647956859720000,61.3,1,61.2,6,61.9,6,1,2021-12-16 09:45:56
1639648012757374000,61.3,1,61.2,7,61.9,6,1,2021-12-16 09:46:52
1639648034544686000,61.3,1,61.3,2,61.9,6,2,2021-12-16 09:47:14
1639648045353588000,61.4,1,61.3,1,61.7,1,2,2021-12-16 09:47:25
1639648045353588000,61.3,1,61.3,1,61.7,1,2,2021-12-16 09:47:25
1639648209218380000,61.6,1,61.3,12,61.7,1,1,2021-12-16 09:50:09
1639648366443308000,61.4,4,61.3,21,61.6,2,2,2021-12-16 09:52:46
1639648366443308000,61.3,2,61.3,21,61.6,2,2,2021-12-16 09:52:46
1639648494731597000,61.4,4,61.3,19,61.5,1,2,2021-12-16 09:54:54
1639648494731597000,61.3,1,61.3,19,61.5,1,2,2021-12-16 09:54:54
1639648497774540000,61.3,1,61.3,18,61.5,1,2,2021-12-16 09:54:57
1639648527793541000,61.3,5,61.3,13,61.5,1,2,2021-12-16 09:55:27
1639648529477147000,61.3,5,61.3,8,61.5,1,2,2021-12-16 09:55:29
1639648531004540000,61.3,5,61.3,3,61.5,1,2,2021-12-16 09:55:31
1639648531031484000,61.3,1,61.3,2,61.5,1,2,2021-12-16 09:55:31
1639648534193874000,61.3,2,61.2,3,61.3,3,2,2021-12-16 09:55:34
1639648611610205000,61.2,1,61.2,2,61.3,3,2,2021-12-16 09:56:51
1639648630185454000,61.3,3,61.2,2,61.5,1,1,2021-12-16 09:57:10
1639648665644689000,61.3,1,61.2,2,61.5,1,2,2021-12-16 09:57:45
1639648682199643000,61.2,1,61.2,5,61.5,1,2,2021-12-16 09:58:02
1639648702848183000,61.2,1,61.2,4,61.5,1,2,2021-12-16 09:58:22
1639648771070815000,61.4,1,61.2,18,61.5,1,1,2021-12-16 09:59:31
1639648780096846000,61.2,1,61.2,17,61.5,1,2,2021-12-16 09:59:40
1639648862295983000,61.4,1,61.3,9,61.5,1,1,2021-12-16 10:01:02
1639648923230727000,61.3,1,61.3,8,61.5,1,2,2021-12-16 10:02:03
1639649063800466000,61.4,1,61.3,8,61.5,1,1,2021-12-16 10:04:23
1639649245766503000,61.4,1,61.4,3,61.5,2,2,2021-12-16 10:07:25
1639649251545135000,61.4,3,61.3,9,61.4,6,2,2021-12-16 10:07:31
1639649472938179000,61.4,1,61.3,9,61.4,6,1,2021-12-16 10:11:12
1639649517755413000,61.4,2,61.3,9,61.4,4,1,2021-12-16 10:11:57
1639649579907986000,61.4,2,61.3,9,61.4,2,1,2021-12-16 10:12:59
1639649691817689000,61.4,1,61.3,9,61.4,2,1,2021-12-16 10:14:51
1639649714035400000,61.4,1,61.3,9,61.5,4,1,2021-12-16 10:15:14
1639649750882992000,61.5,4,61.4,8,61.8,1,1,2021-12-16 10:15:50
1639649792701337000,61.5,1,61.4,8,61.8,1,1,2021-12-16 10:16:32
1639649808802274000,61.4,1,61.4,7,61.8,1,2,2021-12-16 10:16:48
1639649921315845000,61.5,1,61.4,8,61.5,1,2,2021-12-16 10:18:41
1639649962976536000,61.5,1,61.4,8,61.8,1,1,2021-12-16 10:19:22
1639649971974677000,61.4,1,61.4,7,61.8,1,2,2021-12-16 10:19:31
1639649981424653000,61.4,1,61.4,6,61.8,1,2,2021-12-16 10:19:41
1639650088095802000,61.5,1,61.4,6,61.7,6,2,2021-12-16 10:21:28
1639650094821768000,61.4,6,61.3,1,61.7,6,2,2021-12-16 10:21:34
1639650169082849000,61.4,1,61.2,9,61.7,6,2,2021-12-16 10:22:49
1639650169082849000,61.3,1,61.2,9,61.7,6,2,2021-12-16 10:22:49
1639650271509472000,61.3,3,61.2,9,61.3,2,2,2021-12-16 10:24:31
1639650288065202000,61.3,2,61.2,9,61.5,1,1,2021-12-16 10:24:48
1639650429844088000,61.5,1,61.3,1,61.5,2,1,2021-12-16 10:27:09
1639650437895501000,61.5,1,61.3,1,61.5,1,1,2021-12-16 10:27:17
1639650487806977000,61.5,1,61.2,8,61.5,1,1,2021-12-16 10:28:07
1639650521685204000,61.2,1,61.2,7,61.5,1,2,2021-12-16 10:28:41
1639650625552419000,61.2,1,61.2,6,61.4,8,2,2021-12-16 10:30:25
1639650639071567000,61.3,1,61.2,6,61.4,8,1,2021-12-16 10:30:39
1639650765209163000,61.3,6,61.2,6,61.4,8,2,2021-12-16 10:32:45
1639650830752349000,61.2,2,61.2,4,61.3,2,2,2021-12-16 10:33:50
1639650831865824000,61.3,2,61.2,4,61.4,8,1,2021-12-16 10:33:51
1639650888497015000,61.3,1,61.3,1,61.4,8,2,2021-12-16 10:34:48
1639650942627480000,61.3,1,61.2,4,61.4,8,2,2021-12-16 10:35:42
1639650964217183000,61.3,1,61.2,4,61.4,8,1,2021-12-16 10:36:04
1639651052700876000,61.3,2,61.2,4,61.4,8,1,2021-12-16 10:37:32
1639651124109794000,61.2,2,61.2,2,61.4,8,2,2021-12-16 10:38:44
1639651163576344000,61.2,1,61.2,1,61.4,8,2,2021-12-16 10:39:23
1639651214252119000,61.2,1,61.2,3,61.3,3,2,2021-12-16 10:40:14
1639651229938728000,61.3,1,61.2,2,61.3,2,1,2021-12-16 10:40:29
1639651254189780000,61.2,2,61.1,9,61.3,2,2,2021-12-16 10:40:54
1639651254189780000,61.1,2,61.1,9,61.3,2,2,2021-12-16 10:40:54
1639651273202269000,61.1,2,61.1,7,61.3,2,2,2021-12-16 10:41:13
1639651293179002000,61.1,3,61.1,5,61.3,2,2,2021-12-16 10:41:33
1639651355521813000,61.3,1,61.2,5,61.3,1,1,2021-12-16 10:42:35
1639651366145317000,61.2,1,61.2,4,61.3,1,2,2021-12-16 10:42:46
1639651401613983000,61.3,1,61.2,4,61.4,8,1,2021-12-16 10:43:21
1639651457864818000,61.4,1,61.3,1,61.4,7,1,2021-12-16 10:44:17
1639651575043082000,61.3,2,61.2,4,61.4,7,2,2021-12-16 10:46:15
1639651917905238000,61.4,1,61.3,3,61.4,6,1,2021-12-16 10:51:57
1639651935495206000,61.4,1,61.3,3,61.4,5,1,2021-12-16 10:52:15
1639652006852101000,61.4,1,61.3,2,61.4,4,1,2021-12-16 10:53:26
1639652148640945000,61.4,1,61.3,2,61.4,15,1,2021-12-16 10:55:48
1639652167311778000,61.3,1,61.3,2,61.4,15,2,2021-12-16 10:56:07
1639652256562180000,61.3,2,61.2,6,61.4,16,2,2021-12-16 10:57:36
1639652322972717000,61.3,1,61.2,7,61.4,16,2,2021-12-16 10:58:42
1639652500736865000,61.3,2,61.2,6,61.3,2,1,2021-12-16 11:01:40
1639652519839233000,61.3,2,61.2,6,61.4,18,1,2021-12-16 11:01:59
1639652799932024000,61.2,1,61.2,4,61.3,4,2,2021-12-16 11:06:39
1639652825414397000,61.3,2,61.2,4,61.3,2,1,2021-12-16 11:07:05
1639652965359032000,61.3,2,61.2,4,61.4,14,1,2021-12-16 11:09:25
1639652989324165000,61.2,4,61.1,5,61.4,14,2,2021-12-16 11:09:49
1639652989324165000,61.1,1,61.1,5,61.4,14,2,2021-12-16 11:09:49
1639653144128201000,61.1,1,61.1,7,61.4,15,2,2021-12-16 11:12:24
1639653345398994000,61.1,1,61.1,6,61.3,1,2,2021-12-16 11:15:45
1639653441908293000,61.1,1,61.1,5,61.3,1,2,2021-12-16 11:17:21
1639653491834177000,61.1,1,61.1,4,61.3,2,2,2021-12-16 11:18:11
1639653508369900000,61.1,1,61.1,3,61.2,2,2,2021-12-16 11:18:28
1639653511445032000,61.1,1,61.1,2,61.2,2,2,2021-12-16 11:18:31
1639653541346705000,61.1,1,61.1,1,61.2,2,2,2021-12-16 11:19:01
1639653545710258000,61.1,2,61.1,1,61.2,2,2,2021-12-16 11:19:05
1639653555264386000,61.1,1,61.0,16,61.2,2,2,2021-12-16 11:19:15
1639653604231417000,61.1,1,61.0,17,61.2,2,2,2021-12-16 11:20:04
1639653652497547000,61.0,10,61.0,7,61.2,2,2,2021-12-16 11:20:52
1639653657298073000,61.0,7,60.9,3,61.0,3,2,2021-12-16 11:20:57
1639653668863253000,60.9,1,60.9,2,61.0,3,2,2021-12-16 11:21:08
1639653673165205000,60.9,1,60.9,1,61.0,3,2,2021-12-16 11:21:13
1639653795886650000,60.9,1,60.8,4,61.0,3,2,2021-12-16 11:23:15
1639653795886650000,60.8,5,60.8,4,61.0,3,2,2021-12-16 11:23:15
1639653819336339000,60.8,3,60.8,1,60.9,3,2,2021-12-16 11:23:39
1639653821607404000,60.8,1,60.7,4,60.9,3,2,2021-12-16 11:23:41
1639653828000163000,60.8,2,60.7,4,60.9,3,2,2021-12-16 11:23:48
1639653884584495000,60.8,1,60.7,5,60.9,3,2,2021-12-16 11:24:44
1639653936563765000,60.7,1,60.7,4,60.9,3,2,2021-12-16 11:25:36
1639653958850481000,60.7,2,60.7,2,60.9,3,2,2021-12-16 11:25:58
1639653961508123000,60.7,1,60.7,1,60.9,3,2,2021-12-16 11:26:01
1639654021179142000,60.7,1,60.6,6,60.9,3,2,2021-12-16 11:27:01
1639654044898119000,60.6,6,60.5,9,60.9,3,2,2021-12-16 11:27:24
1639654096348191000,60.5,2,60.5,7,60.9,4,2,2021-12-16 11:28:16
1639654131771973000,60.5,1,60.5,6,60.9,4,2,2021-12-16 11:28:51
1639654137792244000,60.5,6,60.4,4,60.9,5,2,2021-12-16 11:28:57
1639654137792244000,60.4,4,60.4,4,60.9,5,2,2021-12-16 11:28:57
1639654217232392000,60.4,1,60.4,7,60.9,5,2,2021-12-16 11:30:17
1639654238812949000,60.5,1,60.5,1,60.7,1,2,2021-12-16 11:30:38
1639654369204187000,60.7,1,60.6,2,60.7,1,1,2021-12-16 11:32:49
1639654369229771000,60.7,1,60.6,2,60.9,1,1,2021-12-16 11:32:49
1639654388913276000,60.6,2,60.5,7,60.6,1,2,2021-12-16 11:33:08
1639654391442223000,60.6,1,60.5,17,60.9,1,1,2021-12-16 11:33:11
1639654457138592000,60.6,2,60.5,11,60.9,1,2,2021-12-16 11:34:17
1639654457138592000,60.5,5,60.5,11,60.9,1,2,2021-12-16 11:34:17
1639654566313956000,60.6,1,60.5,11,60.9,1,2,2021-12-16 11:36:06
1639654637221238000,60.9,1,60.6,1,61.0,5,1,2021-12-16 11:37:17
1639654732814787000,60.9,1,60.5,13,61.0,5,1,2021-12-16 11:38:52
1639654848146089000,60.9,1,60.5,13,61.0,5,2,2021-12-16 11:40:48
1639655170768609000,60.9,1,60.6,3,60.9,1,1,2021-12-16 11:46:10
1639655442265177000,60.9,2,60.7,1,61.0,4,1,2021-12-16 11:50:42
1639655672303278000,60.7,1,60.5,15,61.0,4,2,2021-12-16 11:54:32
1639655672303278000,60.6,3,60.5,15,61.0,4,2,2021-12-16 11:54:32
1639655672303278000,60.5,3,60.5,15,61.0,4,2,2021-12-16 11:54:32
1639655703739516000,60.5,17,60.4,12,60.9,1,2,2021-12-16 11:55:03
1639655772885813000,60.4,1,60.4,11,60.7,1,2,2021-12-16 11:56:12
1639655842718913000,60.6,1,60.6,1,60.7,1,1,2021-12-16 11:57:22
1639656043647280000,60.6,1,60.5,1,60.7,1,2,2021-12-16 12:00:43
1639656118529326000,60.5,1,60.5,3,60.7,1,2,2021-12-16 12:01:58
1639656260380852000,60.5,2,60.5,4,60.7,2,2,2021-12-16 12:04:20
1639656370772111000,60.7,1,60.6,3,60.9,1,1,2021-12-16 12:06:10
1639656466067823000,60.9,1,60.9,4,61.0,4,1,2021-12-16 12:07:46
1639656474740072000,61.0,4,61.0,1,61.2,5,1,2021-12-16 12:07:54
1639656483257373000,61.2,4,61.0,1,61.2,1,1,2021-12-16 12:08:03
1639656483279833000,61.2,1,61.0,1,61.3,11,1,2021-12-16 12:08:03
1639656501491999000,61.0,1,60.7,4,61.3,13,1,2021-12-16 12:08:21
1639656543668721000,61.3,10,60.8,2,61.3,1,1,2021-12-16 12:09:03
1639656681942526000,61.2,1,61.0,2,61.4,3,1,2021-12-16 12:11:21
1639656681942526000,61.3,2,61.0,2,61.4,3,1,2021-12-16 12:11:21
1639656681942526000,61.4,13,61.0,2,61.4,3,1,2021-12-16 12:11:21
1639656708491955000,61.4,1,61.1,2,61.5,1,1,2021-12-16 12:11:48
1639656725109919000,61.5,1,61.2,1,61.8,3,1,2021-12-16 12:12:05
1639656725109919000,61.8,1,61.2,1,61.8,3,1,2021-12-16 12:12:05
1639656861648980000,61.7,1,61.3,1,61.7,4,1,2021-12-16 12:14:21
1639656890325361000,61.6,1,61.3,1,61.6,1,1,2021-12-16 12:14:50
1639656912411262000,61.4,1,61.3,1,61.6,1,2,2021-12-16 12:15:12
1639656946588084000,61.4,1,61.3,1,61.6,5,2,2021-12-16 12:15:46
1639656995300083000,61.3,1,61.2,1,61.4,1,2,2021-12-16 12:16:35
1639657007210178000,61.2,1,61.1,1,61.4,1,2,2021-12-16 12:16:47
1639657021419611000,61.1,1,61.0,2,61.4,1,2,2021-12-16 12:17:01
1639657033100311000,61.0,2,60.8,1,61.4,1,2,2021-12-16 12:17:13
1639657073663183000,61.0,1,60.7,8,61.4,1,2,2021-12-16 12:17:53
1639657073663183000,60.8,1,60.7,8,61.4,1,2,2021-12-16 12:17:53
1639657073663183000,60.7,1,60.7,8,61.4,1,2,2021-12-16 12:17:53
1639657114902085000,60.8,3,60.8,1,61.4,1,2,2021-12-16 12:18:34
1639657144469786000,60.8,1,60.8,2,61.4,1,2,2021-12-16 12:19:04
1639657155889900000,60.8,2,60.7,7,61.3,2,2,2021-12-16 12:19:15
1639657155889900000,60.7,1,60.7,7,61.3,2,2,2021-12-16 12:19:15
1639657184703348000,60.7,1,60.7,6,61.3,2,2,2021-12-16 12:19:44
1639657236472788000,60.7,1,60.7,5,61.3,2,2,2021-12-16 12:20:36
1639657701578763000,61.2,1,60.9,3,61.2,1,1,2021-12-16 12:28:21
1639657800957991000,61.2,1,61.0,1,61.3,3,1,2021-12-16 12:30:00
1639657914991002000,61.2,1,61.0,3,61.3,3,1,2021-12-16 12:31:54
1639657926798740000,61.3,1,61.0,2,61.3,2,1,2021-12-16 12:32:06
1639658051451577000,61.2,1,61.1,2,61.2,1,2,2021-12-16 12:34:11
1639658172015393000,61.2,1,61.1,2,61.3,2,1,2021-12-16 12:36:12
1639658228686604000,61.3,1,61.1,2,61.3,1,1,2021-12-16 12:37:08
1639658297260162000,61.1,1,61.1,1,61.3,1,2,2021-12-16 12:38:17
1639658406359669000,61.1,2,60.9,3,61.3,2,2,2021-12-16 12:40:06
1639658406359669000,61.0,1,60.9,3,61.3,2,2,2021-12-16 12:40:06
1639658655589186000,61.0,1,61.0,5,61.2,8,1,2021-12-16 12:44:15
1639658828798434000,61.0,2,61.0,5,61.1,1,2,2021-12-16 12:47:08
1639658833542458000,61.0,5,60.9,3,61.0,2,2,2021-12-16 12:47:13
1639658891993264000,60.9,3,60.6,2,61.1,1,2,2021-12-16 12:48:11
1639658891993264000,60.8,3,60.6,2,61.1,1,2,2021-12-16 12:48:11
1639658891993264000,60.7,7,60.6,2,61.1,1,2,2021-12-16 12:48:11
1639658943416326000,60.7,1,60.5,11,60.9,1,2,2021-12-16 12:49:03
1639658943416326000,60.6,3,60.5,11,60.9,1,2,2021-12-16 12:49:03
1639659162615849000,60.7,1,60.6,4,60.9,2,2,2021-12-16 12:52:42
1639659221970355000,60.7,2,60.6,5,60.9,2,1,2021-12-16 12:53:41
1639659279534676000,60.8,1,60.7,8,60.9,2,1,2021-12-16 12:54:39
1639659315947308000,60.8,1,60.9,2,61.0,2,1,2021-12-16 12:55:15
1639659315947308000,60.9,2,60.9,2,61.0,2,1,2021-12-16 12:55:15
1639659332532560000,60.9,2,60.7,1,61.0,2,2,2021-12-16 12:55:32
1639659489363629000,61.0,2,60.9,3,61.0,1,1,2021-12-16 12:58:09
1639659489392210000,61.0,1,60.9,3,61.1,1,1,2021-12-16 12:58:09
1639659513768062000,61.0,1,60.9,3,61.1,1,2,2021-12-16 12:58:33
1639659622721138000,60.9,1,60.7,1,60.9,9,2,2021-12-16 13:00:22
1639659709667253000,60.9,1,60.7,1,60.9,8,1,2021-12-16 13:01:49
1639659969762402000,60.9,1,60.8,2,60.9,8,1,2021-12-16 13:06:09
1639660004211725000,60.9,8,60.9,1,61.1,1,1,2021-12-16 13:06:44
1639660043451448000,60.9,1,60.8,2,61.1,1,2,2021-12-16 13:07:23
1639660112536866000,60.9,1,60.8,1,61.1,1,2,2021-12-16 13:08:32
1639660112536866000,60.8,1,60.8,1,61.1,1,2,2021-12-16 13:08:32
1639660205848840000,61.1,1,60.8,2,61.3,2,1,2021-12-16 13:10:05
1639660205848840000,61.2,1,60.8,2,61.3,2,1,2021-12-16 13:10:05
1639660205848840000,61.3,3,60.8,2,61.3,2,1,2021-12-16 13:10:05
1639660217978004000,61.3,2,61.3,14,61.5,3,1,2021-12-16 13:10:17
1639660224607169000,61.3,10,61.3,4,61.5,3,2,2021-12-16 13:10:24
1639660224628455000,61.3,1,61.3,3,61.5,3,2,2021-12-16 13:10:24
1639660228570537000,61.3,1,61.3,2,61.5,3,2,2021-12-16 13:10:28
1639660228598658000,61.3,1,61.3,1,61.5,3,2,2021-12-16 13:10:28
1639660232712582000,61.3,1,60.8,2,61.5,3,2,2021-12-16 13:10:32
1639660290416148000,60.8,1,60.8,3,61.4,3,2,2021-12-16 13:11:30
1639660305220521000,61.4,3,60.8,2,61.5,3,1,2021-12-16 13:11:45
1639660305281517000,61.5,1,60.8,2,61.5,2,1,2021-12-16 13:11:45
1639660322757106000,61.5,1,60.9,1,61.6,2,1,2021-12-16 13:12:02
1639660322757106000,61.6,1,60.9,1,61.6,2,1,2021-12-16 13:12:02
1639660367816487000,60.9,1,60.8,4,61.4,2,2,2021-12-16 13:12:47
1639660367816487000,60.8,1,60.8,4,61.4,2,2,2021-12-16 13:12:47
1639660377660769000,60.8,3,60.8,1,61.3,1,2,2021-12-16 13:12:57
1639660497425807000,61.1,1,60.9,4,61.2,1,1,2021-12-16 13:14:57
1639660499162412000,61.2,1,60.9,4,61.3,3,1,2021-12-16 13:14:59
1639660500777159000,61.0,1,60.9,4,61.3,3,1,2021-12-16 13:15:00
1639660503980200000,61.1,1,61.1,4,61.3,3,2,2021-12-16 13:15:03
1639660505676916000,61.3,1,61.1,4,61.3,2,1,2021-12-16 13:15:05
1639660544786481000,61.3,2,61.1,4,61.5,2,1,2021-12-16 13:15:44
1639660544786481000,61.4,3,61.1,4,61.5,2,1,2021-12-16 13:15:44
1639660574004722000,61.4,1,61.1,5,61.4,4,1,2021-12-16 13:16:14
1639660574297767000,61.4,1,61.1,5,61.4,3,1,2021-12-16 13:16:14
1639660597653380000,61.4,4,61.4,2,61.5,2,1,2021-12-16 13:16:37
1639660603106714000,61.5,1,61.4,2,61.5,1,1,2021-12-16 13:16:43
1639660623923978000,61.5,2,61.4,2,61.6,2,1,2021-12-16 13:17:03
1639660637125934000,61.4,1,61.4,1,61.6,2,2,2021-12-16 13:17:17
1639660638104597000,61.6,1,61.4,1,61.6,1,1,2021-12-16 13:17:18
1639660641079439000,61.4,1,61.2,8,61.6,1,2,2021-12-16 13:17:21
1639660688873673000,61.2,1,61.2,8,61.4,1,2,2021-12-16 13:18:08
1639660704845813000,61.4,2,61.4,3,61.5,2,1,2021-12-16 13:18:24
1639660723798251000,61.4,2,61.4,1,61.5,2,2,2021-12-16 13:18:43
1639660770100976000,61.4,1,61.4,2,61.5,2,2,2021-12-16 13:19:30
1639660771530121000,61.4,2,61.2,6,61.5,2,2,2021-12-16 13:19:31
1639660805634532000,61.4,1,61.2,6,61.4,9,1,2021-12-16 13:20:05
1639660805755697000,61.4,1,61.2,6,61.4,8,1,2021-12-16 13:20:05
1639660839786247000,61.4,5,61.3,2,61.4,3,1,2021-12-16 13:20:39
1639660848590969000,61.3,1,61.3,2,61.4,3,2,2021-12-16 13:20:48
1639660850837711000,61.4,1,61.3,2,61.4,2,1,2021-12-16 13:20:50
1639660850839424000,61.4,1,61.3,2,61.4,1,1,2021-12-16 13:20:50
1639660851206733000,61.4,1,61.3,2,61.5,2,1,2021-12-16 13:20:51
1639660870131446000,61.5,1,61.4,9,61.5,1,1,2021-12-16 13:21:10
1639660874618604000,61.5,1,61.5,1,61.6,2,1,2021-12-16 13:21:14
1639660895698436000,61.6,1,61.5,1,61.6,1,1,2021-12-16 13:21:35
1639660895700546000,61.6,1,61.5,1,61.7,3,1,2021-12-16 13:21:35
1639660928418041000,61.6,6,61.5,2,61.6,5,1,2021-12-16 13:22:08
1639660940689580000,61.6,1,61.5,1,61.6,4,1,2021-12-16 13:22:20
1639660940726891000,61.6,1,61.5,1,61.6,3,1,2021-12-16 13:22:20
1639660940960785000,61.6,3,61.6,1,61.7,9,1,2021-12-16 13:22:20
1639660960952718000,61.7,1,61.6,6,61.7,2,1,2021-12-16 13:22:40
1639660978399691000,61.6,2,61.6,4,61.7,4,2,2021-12-16 13:22:58
1639660985617413000,61.7,1,61.6,4,61.7,3,1,2021-12-16 13:23:05
1639660985725835000,61.7,1,61.6,4,61.7,2,1,2021-12-16 13:23:05
1639661007244182000,61.7,1,61.6,9,61.7,3,1,2021-12-16 13:23:27
1639661013541720000,61.7,1,61.6,9,61.7,2,1,2021-12-16 13:23:33
1639661015695383000,61.7,1,61.6,9,61.7,1,1,2021-12-16 13:23:35
1639661020317987000,61.7,1,61.6,9,61.8,5,1,2021-12-16 13:23:40
1639661030537275000,61.7,1,61.6,9,61.8,10,1,2021-12-16 13:23:50
1639661030718214000,61.8,1,61.6,9,61.8,9,1,2021-12-16 13:23:50
1639661030720925000,61.8,1,61.6,9,61.8,8,1,2021-12-16 13:23:50
1639661057173462000,61.7,2,61.6,10,61.8,8,1,2021-12-16 13:24:17
1639661057592990000,61.6,10,61.5,1,61.8,8,2,2021-12-16 13:24:17
1639661065260370000,61.7,1,61.5,1,61.7,1,2,2021-12-16 13:24:25
1639661091260225000,61.5,1,61.5,1,61.7,2,2,2021-12-16 13:24:51
1639661091564054000,61.7,1,61.5,1,61.7,1,1,2021-12-16 13:24:51
1639661093069646000,61.5,1,61.4,7,61.7,1,2,2021-12-16 13:24:53
1639661093069646000,61.4,2,61.4,7,61.7,1,2,2021-12-16 13:24:53
1639661400000000000,61.4,102,61.4,2,61.5,4,2,2021-12-16 13:30:00
