ts,close,volume,bid_price,bid_volume,ask_price,ask_volume,tick_type,datetime
1639645217305004000,55.3,713,55.2,7,55.3,6,1,2021-12-16 09:00:17
1639645217353430000,55.2,2,55.2,5,55.3,6,2,2021-12-16 09:00:17
1639645217456621000,55.3,1,55.2,5,55.3,5,1,2021-12-16 09:00:17
1639645217588817000,55.2,5,55.1,3,55.3,5,2,2021-12-16 09:00:17
1639645217787039000,55.3,3,55.1,3,55.3,2,1,2021-12-16 09:00:17
1639645217978258000,55.3,2,55.1,3,55.4,10,1,2021-12-16 09:00:17
1639645217978258000,55.4,1,55.1,3,55.4,10,1,2021-12-16 09:00:17
1639645218175421000,55.3,2,55.1,1,55.4,10,2,2021-12-16 09:00:18
1639645218175421000,55.1,2,55.1,1,55.4,10,2,2021-12-16 09:00:18
1639645218279108000,55.4,1,55.1,1,55.4,9,1,2021-12-16 09:00:18
1639645219310912000,55.4,5,55.3,1,55.4,4,1,2021-12-16 09:00:19
1639645219444310000,55.4,2,55.3,1,55.4,2,1,2021-12-16 09:00:19
1639645219651397000,55.3,1,55.0,49,55.4,2,2,2021-12-16 09:00:19
1639645219651397000,55.1,1,55.0,49,55.4,2,2,2021-12-16 09:00:19
1639645219651397000,55.0,1,55.0,49,55.4,2,2,2021-12-16 09:00:19
1639645219721297000,55.4,2,55.0,49,55.5,43,1,2021-12-16 09:00:19
1639645221055140000,55.4,1,55.3,2,55.5,43,2,2021-12-16 09:00:21
1639645221169452000,55.3,2,55.0,48,55.5,43,2,2021-12-16 09:00:21
1639645221169452000,55.0,1,55.0,48,55.5,43,2,2021-12-16 09:00:21
1639645221713036000,55.4,1,55.3,12,55.5,43,1,2021-12-16 09:00:21
1639645221776404000,55.4,1,55.3,12,55.5,43,2,2021-12-16 09:00:21
1639645222483662000,55.5,10,55.3,12,55.5,33,1,2021-12-16 09:00:22
1639645223513320000,55.5,1,55.4,2,55.5,32,1,2021-12-16 09:00:23
1639645223752597000,55.5,1,55.4,2,55.5,31,1,2021-12-16 09:00:23
1639645224311007000,55.5,1,55.4,2,55.5,30,1,2021-12-16 09:00:24
1639645224638016000,55.5,1,55.4,2,55.5,29,1,2021-12-16 09:00:24
1639645224700259000,55.5,1,55.4,2,55.5,28,1,2021-12-16 09:00:24
1639645224930090000,55.4,1,55.4,1,55.5,28,2,2021-12-16 09:00:24
1639645225128891000,55.4,1,55.4,2,55.5,28,2,2021-12-16 09:00:25
1639645225184273000,55.5,2,55.4,2,55.5,26,1,2021-12-16 09:00:25
1639645225966670000,55.5,1,55.4,5,55.5,15,1,2021-12-16 09:00:25
1639645226171225000,55.4,5,55.3,17,55.5,15,2,2021-12-16 09:00:26
1639645226747068000,55.5,1,55.4,1,55.5,14,1,2021-12-16 09:00:26
1639645227095674000,55.5,1,55.4,1,55.5,13,1,2021-12-16 09:00:27
1639645227492772000,55.5,1,55.4,1,55.5,12,1,2021-12-16 09:00:27
1639645227593639000,55.5,1,55.4,1,55.5,11,1,2021-12-16 09:00:27
1639645228192138000,55.5,1,55.4,2,55.5,10,1,2021-12-16 09:00:28
1639645228312266000,55.5,1,55.4,3,55.5,9,1,2021-12-16 09:00:28
1639645228387133000,55.5,5,55.4,3,55.5,4,1,2021-12-16 09:00:28
1639645228425644000,55.5,4,55.4,3,55.6,47,1,2021-12-16 09:00:28
1639645228589796000,55.4,3,55.3,20,55.4,1,2,2021-12-16 09:00:28
1639645228760797000,55.4,1,55.3,20,55.6,47,1,2021-12-16 09:00:28
1639645228898933000,55.5,1,55.3,20,55.6,47,2,2021-12-16 09:00:28
1639645229522727000,55.6,1,55.5,1,55.6,46,1,2021-12-16 09:00:29
1639645230072671000,55.5,1,55.5,3,55.6,46,2,2021-12-16 09:00:30
1639645230082881000,55.6,1,55.5,3,55.6,45,1,2021-12-16 09:00:30
1639645230166222000,55.5,1,55.5,2,55.6,45,2,2021-12-16 09:00:30
1639645230210893000,55.5,2,55.4,1,55.6,45,2,2021-12-16 09:00:30
1639645230340604000,55.6,1,55.4,1,55.6,44,1,2021-12-16 09:00:30
1639645230419542000,55.6,1,55.4,1,55.6,43,1,2021-12-16 09:00:30
1639645230895923000,55.6,3,55.4,1,55.6,40,1,2021-12-16 09:00:30
1639645230958042000,55.6,3,55.4,1,55.6,37,1,2021-12-16 09:00:30
1639645231008277000,55.6,1,55.4,1,55.6,36,1,2021-12-16 09:00:31
1639645231903580000,55.6,1,55.5,2,55.6,35,1,2021-12-16 09:00:31
1639645231933880000,55.5,1,55.5,1,55.6,35,2,2021-12-16 09:00:31
1639645232779176000,55.6,2,55.5,8,55.6,33,1,2021-12-16 09:00:32
1639645232791475000,55.6,1,55.5,8,55.6,32,1,2021-12-16 09:00:32
1639645233304931000,55.5,1,55.5,7,55.6,32,2,2021-12-16 09:00:33
1639645233386792000,55.5,4,55.5,3,55.6,32,2,2021-12-16 09:00:33
1639645233517679000,55.6,20,55.5,3,55.6,12,1,2021-12-16 09:00:33
1639645233664128000,55.6,1,55.5,3,55.6,11,1,2021-12-16 09:00:33
1639645233716596000,55.6,1,55.5,4,55.6,10,1,2021-12-16 09:00:33
1639645233838606000,55.6,2,55.5,4,55.6,8,1,2021-12-16 09:00:33
1639645234193047000,55.6,1,55.5,5,55.6,7,1,2021-12-16 09:00:34
1639645234444372000,55.6,2,55.5,5,55.6,5,1,2021-12-16 09:00:34
1639645234786987000,55.6,3,55.5,5,55.6,2,1,2021-12-16 09:00:34
1639645234830021000,55.6,2,55.5,5,55.7,22,1,2021-12-16 09:00:34
1639645234830021000,55.7,3,55.5,5,55.7,22,1,2021-12-16 09:00:34
1639645234861318000,55.7,20,55.5,5,55.7,2,1,2021-12-16 09:00:34
1639645234900799000,55.7,2,55.5,5,55.8,46,1,2021-12-16 09:00:34
1639645235425261000,55.8,1,55.5,13,55.8,45,1,2021-12-16 09:00:35
1639645235456085000,55.8,2,55.5,13,55.8,43,1,2021-12-16 09:00:35
1639645236368684000,55.8,2,55.6,1,55.8,42,1,2021-12-16 09:00:36
1639645236463073000,55.8,5,55.6,1,55.8,37,1,2021-12-16 09:00:36
1639645236694583000,55.6,1,55.5,9,55.8,37,2,2021-12-16 09:00:36
1639645236789737000,55.8,2,55.5,9,55.8,35,1,2021-12-16 09:00:36
1639645236790258000,55.5,5,55.5,4,55.8,35,2,2021-12-16 09:00:36
1639645237273655000,55.8,1,55.6,1,55.8,34,1,2021-12-16 09:00:37
1639645237517827000,55.8,5,55.6,1,55.8,29,1,2021-12-16 09:00:37
1639645237822480000,55.7,2,55.6,4,55.7,1,2,2021-12-16 09:00:37
1639645238424967000,55.7,1,55.6,4,55.8,27,1,2021-12-16 09:00:38
1639645238424967000,55.8,2,55.6,4,55.8,27,1,2021-12-16 09:00:38
1639645238670800000,55.8,1,55.6,4,55.8,26,1,2021-12-16 09:00:38
1639645238721292000,55.6,2,55.6,2,55.8,26,2,2021-12-16 09:00:38
1639645238987898000,55.8,5,55.6,2,55.8,21,1,2021-12-16 09:00:38
1639645239052751000,55.8,1,55.6,2,55.8,20,1,2021-12-16 09:00:39
1639645239308880000,55.8,1,55.6,2,55.8,19,1,2021-12-16 09:00:39
1639645239348843000,55.8,1,55.6,2,55.8,18,1,2021-12-16 09:00:39
1639645240334375000,55.8,3,55.6,4,55.8,15,1,2021-12-16 09:00:40
1639645240375252000,55.8,1,55.6,4,55.8,14,1,2021-12-16 09:00:40
1639645240412074000,55.8,2,55.6,4,55.8,12,1,2021-12-16 09:00:40
1639645240440640000,55.8,1,55.6,4,55.8,11,1,2021-12-16 09:00:40
1639645240509608000,55.8,1,55.6,4,55.8,10,1,2021-12-16 09:00:40
1639645240527357000,55.6,2,55.6,2,55.8,10,2,2021-12-16 09:00:40
1639645240596699000,55.8,2,55.6,2,55.8,8,1,2021-12-16 09:00:40
1639645241267587000,55.8,2,55.6,3,55.8,6,1,2021-12-16 09:00:41
1639645241353475000,55.8,1,55.6,3,55.8,5,1,2021-12-16 09:00:41
1639645241990337000,55.8,1,55.6,4,55.8,5,1,2021-12-16 09:00:41
1639645242357385000,55.8,1,55.6,6,55.8,4,1,2021-12-16 09:00:42
1639645242487403000,55.8,2,55.6,6,55.8,2,1,2021-12-16 09:00:42
1639645243133172000,55.8,2,55.6,9,55.8,1,1,2021-12-16 09:00:43
1639645243284367000,55.8,1,55.6,9,55.9,182,1,2021-12-16 09:00:43
1639645243933549000,55.9,3,55.8,1,55.9,181,1,2021-12-16 09:00:43
1639645244000467000,55.9,1,55.8,1,55.9,180,1,2021-12-16 09:00:44
1639645244152037000,55.9,1,55.8,1,55.9,179,1,2021-12-16 09:00:44
1639645244647360000,55.9,1,55.8,2,55.9,178,1,2021-12-16 09:00:44
1639645244686860000,55.9,2,55.8,2,55.9,176,1,2021-12-16 09:00:44
1639645244736213000,55.8,1,55.8,1,55.9,176,2,2021-12-16 09:00:44
1639645244990969000,55.9,1,55.8,1,55.9,175,1,2021-12-16 09:00:44
1639645245217183000,55.9,1,55.8,1,55.9,174,1,2021-12-16 09:00:45
1639645245499665000,55.9,1,55.8,2,55.9,173,1,2021-12-16 09:00:45
1639645245733753000,55.9,1,55.8,2,55.9,172,1,2021-12-16 09:00:45
1639645246417289000,55.8,4,55.7,2,55.9,172,2,2021-12-16 09:00:46
1639645246417289000,55.7,1,55.7,2,55.9,172,2,2021-12-16 09:00:46
1639645246753712000,55.8,1,55.7,2,55.9,172,1,2021-12-16 09:00:46
1639645246805184000,55.9,2,55.7,2,55.9,170,1,2021-12-16 09:00:46
1639645247152174000,55.8,1,55.7,2,55.8,2,2,2021-12-16 09:00:47
1639645247255691000,55.8,1,55.7,2,55.8,2,1,2021-12-16 09:00:47
1639645247288820000,55.8,1,55.7,2,55.8,1,1,2021-12-16 09:00:47
1639645247364746000,55.8,5,55.7,2,55.8,16,1,2021-12-16 09:00:47
1639645247379706000,55.8,16,55.8,5,55.9,170,1,2021-12-16 09:00:47
1639645247533813000,55.9,5,55.8,5,55.9,165,1,2021-12-16 09:00:47
1639645247806884000,55.8,3,55.8,2,55.9,165,2,2021-12-16 09:00:47
1639645247885947000,55.9,5,55.8,2,55.9,160,1,2021-12-16 09:00:47
1639645248223857000,55.9,1,55.8,5,55.9,159,1,2021-12-16 09:00:48
1639645248370706000,55.9,1,55.8,8,55.9,158,1,2021-12-16 09:00:48
1639645248721508000,55.9,3,55.8,9,55.9,155,1,2021-12-16 09:00:48
1639645248763810000,55.9,1,55.8,10,55.9,154,1,2021-12-16 09:00:48
1639645248786723000,55.9,1,55.8,10,55.9,153,1,2021-12-16 09:00:48
1639645248945659000,55.9,1,55.8,10,55.9,152,1,2021-12-16 09:00:48
1639645249231935000,55.9,1,55.8,10,55.9,151,1,2021-12-16 09:00:49
1639645250184418000,55.9,10,55.8,17,55.9,141,1,2021-12-16 09:00:50
1639645250306638000,55.9,3,55.8,17,55.9,138,1,2021-12-16 09:00:50
1639645250334053000,55.9,1,55.8,17,55.9,137,1,2021-12-16 09:00:50
1639645250343433000,55.8,1,55.8,16,55.9,137,2,2021-12-16 09:00:50
1639645250529395000,55.9,1,55.8,17,55.9,136,1,2021-12-16 09:00:50
1639645250816233000,55.9,5,55.8,17,55.9,131,1,2021-12-16 09:00:50
1639645250880481000,55.9,1,55.8,17,55.9,130,1,2021-12-16 09:00:50
1639645251616815000,55.8,3,55.8,16,55.9,130,2,2021-12-16 09:00:51
1639645251702985000,55.9,2,55.8,16,55.9,128,1,2021-12-16 09:00:51
1639645252077539000,55.9,3,55.8,18,55.9,125,1,2021-12-16 09:00:52
1639645252249704000,55.9,1,55.8,18,55.9,124,1,2021-12-16 09:00:52
1639645253292324000,55.8,1,55.8,17,55.9,124,2,2021-12-16 09:00:53
1639645253327999000,55.8,1,55.8,16,55.9,124,2,2021-12-16 09:00:53
1639645253444160000,55.8,1,55.8,15,55.9,124,2,2021-12-16 09:00:53
1639645253512250000,55.8,5,55.8,10,55.9,124,2,2021-12-16 09:00:53
1639645253599352000,55.8,8,55.8,2,55.9,124,2,2021-12-16 09:00:53
1639645253836140000,55.8,4,55.7,5,55.8,1,2,2021-12-16 09:00:53
1639645254101020000,55.8,1,55.7,5,55.9,124,1,2021-12-16 09:00:54
1639645254975113000,55.9,3,55.8,2,55.9,133,1,2021-12-16 09:00:54
1639645255036788000,55.9,1,55.8,2,55.9,132,1,2021-12-16 09:00:55
1639645255223237000,55.8,1,55.8,1,55.9,132,2,2021-12-16 09:00:55
1639645255295654000,55.9,1,55.8,5,55.9,131,1,2021-12-16 09:00:55
1639645255337719000,55.9,1,55.8,5,55.9,130,1,2021-12-16 09:00:55
1639645255350556000,55.9,1,55.8,5,55.9,129,1,2021-12-16 09:00:55
1639645255642666000,55.8,5,55.8,1,55.9,129,2,2021-12-16 09:00:55
1639645255843027000,55.8,1,55.8,1,55.9,129,2,2021-12-16 09:00:55
1639645255891427000,55.9,1,55.8,1,55.9,128,1,2021-12-16 09:00:55
1639645256537707000,55.8,1,55.7,5,55.9,128,2,2021-12-16 09:00:56
1639645256747435000,55.9,1,55.7,5,55.9,127,1,2021-12-16 09:00:56
1639645257045652000,55.9,1,55.7,5,55.9,126,1,2021-12-16 09:00:57
1639645257272570000,55.9,2,55.8,2,55.9,124,1,2021-12-16 09:00:57
1639645257308309000,55.9,1,55.8,2,55.9,123,1,2021-12-16 09:00:57
1639645257550197000,55.8,1,55.8,1,55.9,123,2,2021-12-16 09:00:57
1639645257562516000,55.9,2,55.8,1,55.9,121,1,2021-12-16 09:00:57
1639645258070036000,55.9,4,55.8,1,55.9,118,1,2021-12-16 09:00:58
1639645258107785000,55.9,1,55.8,1,55.9,117,1,2021-12-16 09:00:58
1639645258161736000,55.9,1,55.8,1,55.9,116,1,2021-12-16 09:00:58
1639645258332966000,55.9,1,55.8,1,55.9,115,1,2021-12-16 09:00:58
1639645258731826000,55.8,1,55.7,5,55.8,4,2,2021-12-16 09:00:58
1639645258936029000,55.8,1,55.7,5,55.8,3,1,2021-12-16 09:00:58
1639645259002006000,55.8,3,55.7,5,55.9,113,1,2021-12-16 09:00:59
1639645259002006000,55.9,5,55.7,5,55.9,113,1,2021-12-16 09:00:59
1639645259137756000,55.9,2,55.7,5,55.9,111,1,2021-12-16 09:00:59
1639645259466742000,55.8,3,55.7,5,55.9,104,1,2021-12-16 09:00:59
1639645259466742000,55.9,7,55.7,5,55.9,104,1,2021-12-16 09:00:59
1639645259945377000,55.8,1,55.7,6,55.9,103,1,2021-12-16 09:00:59
1639645259945377000,55.9,1,55.7,6,55.9,103,1,2021-12-16 09:00:59
1639645260469971000,55.7,2,55.7,4,55.9,108,2,2021-12-16 09:01:00
1639645260550164000,55.9,2,55.7,4,55.9,106,1,2021-12-16 09:01:00
1639645260683928000,55.9,2,55.7,4,55.9,104,1,2021-12-16 09:01:00
1639645261069709000,55.9,2,55.7,4,55.9,97,1,2021-12-16 09:01:01
1639645261353587000,55.8,6,55.7,4,55.9,97,2,2021-12-16 09:01:01
1639645261516878000,55.8,1,55.7,5,55.8,4,1,2021-12-16 09:01:01
1639645262009033000,55.8,1,55.7,13,55.8,3,1,2021-12-16 09:01:02
1639645262252324000,55.8,1,55.7,13,55.8,3,1,2021-12-16 09:01:02
1639645262289377000,55.8,2,55.7,13,55.8,1,1,2021-12-16 09:01:02
1639645262488732000,55.8,1,55.8,5,55.9,97,1,2021-12-16 09:01:02
1639645263086545000,55.9,3,55.8,10,55.9,95,1,2021-12-16 09:01:03
1639645263221788000,55.9,1,55.8,10,55.9,94,1,2021-12-16 09:01:03
1639645263237797000,55.9,2,55.8,10,55.9,92,1,2021-12-16 09:01:03
1639645263348024000,55.8,3,55.8,7,55.9,92,2,2021-12-16 09:01:03
1639645263375596000,55.9,2,55.8,7,55.9,90,1,2021-12-16 09:01:03
1639645263566372000,55.8,1,55.8,6,55.9,90,2,2021-12-16 09:01:03
1639645264124823000,55.9,1,55.8,6,55.9,89,1,2021-12-16 09:01:04
1639645264177926000,55.8,1,55.8,5,55.9,89,2,2021-12-16 09:01:04
1639645264443332000,55.9,10,55.8,5,55.9,81,1,2021-12-16 09:01:04
1639645264704375000,55.9,1,55.8,6,55.9,80,1,2021-12-16 09:01:04
1639645264714597000,55.8,1,55.8,5,55.9,80,2,2021-12-16 09:01:04
1639645264956353000,55.9,2,55.8,5,55.9,80,1,2021-12-16 09:01:04
1639645265256590000,55.9,1,55.8,5,55.9,79,1,2021-12-16 09:01:05
1639645265609028000,55.9,1,55.8,5,55.9,78,1,2021-12-16 09:01:05
1639645266268574000,55.9,10,55.8,6,55.9,69,1,2021-12-16 09:01:06
1639645266470317000,55.9,1,55.8,6,55.9,68,1,2021-12-16 09:01:06
1639645266509822000,55.9,1,55.8,7,55.9,67,1,2021-12-16 09:01:06
1639645266513998000,55.9,1,55.8,7,55.9,66,1,2021-12-16 09:01:06
1639645266530039000,55.9,2,55.8,7,55.9,64,1,2021-12-16 09:01:06
1639645266583514000,55.9,1,55.8,45,55.9,63,1,2021-12-16 09:01:06
1639645266803474000,55.8,1,55.8,44,55.9,63,2,2021-12-16 09:01:06
1639645267078575000,55.9,1,55.8,44,55.9,62,1,2021-12-16 09:01:07
1639645267118549000,55.9,9,55.8,44,55.9,53,1,2021-12-16 09:01:07
1639645267242113000,55.9,5,55.8,44,55.9,48,1,2021-12-16 09:01:07
1639645268273184000,55.9,1,55.8,57,55.9,47,1,2021-12-16 09:01:08
1639645268342588000,55.9,2,55.8,57,55.9,45,1,2021-12-16 09:01:08
1639645268378237000,55.9,2,55.8,57,55.9,43,1,2021-12-16 09:01:08
1639645268390310000,55.9,1,55.8,57,55.9,42,1,2021-12-16 09:01:08
1639645268843566000,55.8,1,55.8,56,55.9,42,2,2021-12-16 09:01:08
1639645269619419000,55.9,5,55.8,58,55.9,25,1,2021-12-16 09:01:09
1639645269649215000,55.9,1,55.8,58,55.9,24,1,2021-12-16 09:01:09
1639645269656871000,55.8,2,55.8,57,55.9,24,2,2021-12-16 09:01:09
1639645270467250000,55.9,1,55.8,58,55.9,23,1,2021-12-16 09:01:10
1639645270480821000,55.9,1,55.8,58,55.9,22,1,2021-12-16 09:01:10
1639645270534343000,55.9,6,55.8,58,55.9,16,1,2021-12-16 09:01:10
1639645270893442000,55.9,1,55.8,59,55.9,15,1,2021-12-16 09:01:10
1639645271117900000,55.9,2,55.8,59,55.9,13,1,2021-12-16 09:01:11
1639645271145591000,55.9,1,55.8,59,55.9,12,1,2021-12-16 09:01:11
1639645271442533000,55.9,3,55.8,61,55.9,9,1,2021-12-16 09:01:11
1639645271635719000,55.9,1,55.8,62,55.9,8,1,2021-12-16 09:01:11
1639645271661930000,55.9,1,55.8,62,55.9,7,1,2021-12-16 09:01:11
1639645271826103000,55.9,1,55.8,62,55.9,11,1,2021-12-16 09:01:11
1639645272215754000,55.9,1,55.8,63,55.9,10,1,2021-12-16 09:01:12
1639645273333959000,55.8,1,55.8,63,55.9,17,2,2021-12-16 09:01:13
1639645273586020000,55.9,1,55.8,65,55.9,18,1,2021-12-16 09:01:13
1639645273787946000,55.9,5,55.8,65,55.9,14,1,2021-12-16 09:01:13
1639645274219013000,55.9,2,55.8,67,55.9,14,1,2021-12-16 09:01:14
1639645274419918000,55.9,1,55.8,67,55.9,13,1,2021-12-16 09:01:14
1639645274600689000,55.9,1,55.8,67,55.9,12,1,2021-12-16 09:01:14
1639645274671411000,55.9,2,55.8,67,55.9,10,1,2021-12-16 09:01:14
1639645274674520000,55.9,1,55.8,67,55.9,9,1,2021-12-16 09:01:14
1639645275379504000,55.9,1,55.8,68,55.9,9,1,2021-12-16 09:01:15
1639645275849420000,55.9,1,55.8,68,55.9,8,1,2021-12-16 09:01:15
1639645275955219000,55.8,10,55.8,58,55.9,8,2,2021-12-16 09:01:15
1639645276103265000,55.9,2,55.8,59,55.9,9,1,2021-12-16 09:01:16
1639645276380429000,55.9,1,55.8,59,55.9,8,1,2021-12-16 09:01:16
1639645276521647000,55.9,1,55.8,59,55.9,7,1,2021-12-16 09:01:16
1639645276865355000,55.9,1,55.8,59,55.9,6,1,2021-12-16 09:01:16
1639645276869046000,55.9,1,55.8,59,55.9,5,1,2021-12-16 09:01:16
1639645276965226000,55.9,1,55.8,59,55.9,4,1,2021-12-16 09:01:16
1639645277070243000,55.9,1,55.8,59,55.9,3,1,2021-12-16 09:01:17
1639645277287938000,55.9,1,55.8,59,55.9,2,1,2021-12-16 09:01:17
1639645277463584000,55.8,1,55.8,58,55.9,2,2,2021-12-16 09:01:17
1639645277495861000,55.9,1,55.8,58,55.9,1,1,2021-12-16 09:01:17
1639645277765612000,55.9,1,55.9,29,56.0,169,1,2021-12-16 09:01:17
1639645277827492000,56.0,20,55.9,29,56.0,150,1,2021-12-16 09:01:17
1639645277979935000,55.9,29,55.8,37,56.0,150,2,2021-12-16 09:01:17
1639645277979935000,55.8,21,55.8,37,56.0,150,2,2021-12-16 09:01:17
1639645278606934000,55.9,2,55.9,7,56.0,150,2,2021-12-16 09:01:18
1639645280477411000,55.9,5,55.9,11,56.0,145,2,2021-12-16 09:01:20
1639645280538355000,55.9,1,55.9,10,56.0,145,2,2021-12-16 09:01:20
1639645280622026000,56.0,10,55.9,10,56.0,135,1,2021-12-16 09:01:20
1639645281401610000,55.9,4,55.9,9,56.0,135,2,2021-12-16 09:01:21
1639645281676919000,55.9,5,55.9,4,56.0,135,2,2021-12-16 09:01:21
1639645281727761000,55.9,1,55.9,3,56.0,135,2,2021-12-16 09:01:21
1639645281734178000,56.0,1,55.9,3,56.0,134,1,2021-12-16 09:01:21
1639645281832213000,56.0,3,55.9,3,56.0,131,1,2021-12-16 09:01:21
1639645281910387000,56.0,1,55.9,4,56.0,130,1,2021-12-16 09:01:21
1639645282269908000,56.0,1,55.9,5,56.0,129,1,2021-12-16 09:01:22
1639645282417451000,55.9,1,55.9,4,56.0,129,2,2021-12-16 09:01:22
1639645282986316000,55.9,2,55.9,2,56.0,129,2,2021-12-16 09:01:22
1639645283272172000,56.0,1,55.9,3,56.0,128,1,2021-12-16 09:01:23
1639645283973111000,56.0,1,55.9,4,56.0,127,1,2021-12-16 09:01:23
1639645284424733000,55.9,1,55.9,3,56.0,126,2,2021-12-16 09:01:24
1639645284450272000,56.0,1,55.9,3,56.0,125,1,2021-12-16 09:01:24
1639645284742398000,55.9,1,55.9,2,56.0,125,2,2021-12-16 09:01:24
1639645285025674000,56.0,1,55.9,3,56.0,124,1,2021-12-16 09:01:25
1639645285429356000,55.9,1,55.9,3,56.0,124,2,2021-12-16 09:01:25
1639645285914713000,56.0,5,55.9,5,56.0,119,1,2021-12-16 09:01:25
1639645286290703000,55.9,6,55.8,42,55.9,4,2,2021-12-16 09:01:26
1639645286457798000,55.9,1,55.8,42,55.9,4,1,2021-12-16 09:01:26
1639645286840008000,55.8,42,55.7,14,55.8,8,2,2021-12-16 09:01:26
1639645287060272000,55.8,1,55.7,14,55.8,7,1,2021-12-16 09:01:27
1639645287081418000,55.8,7,55.7,14,55.9,1,1,2021-12-16 09:01:27
1639645287081418000,55.9,3,55.7,14,55.9,1,1,2021-12-16 09:01:27
1639645287583257000,55.8,1,55.7,14,55.8,1,1,2021-12-16 09:01:27
1639645287819199000,55.7,9,55.7,5,55.8,1,2,2021-12-16 09:01:27
1639645287908172000,55.8,1,55.7,5,55.9,4,1,2021-12-16 09:01:27
1639645288087500000,55.9,2,55.8,1,55.9,2,1,2021-12-16 09:01:28
1639645288380309000,55.9,2,55.8,1,56.0,118,1,2021-12-16 09:01:28
1639645288628723000,55.9,1,55.7,11,56.0,118,2,2021-12-16 09:01:28
1639645288628723000,55.8,1,55.7,11,56.0,118,2,2021-12-16 09:01:28
1639645288628723000,55.7,2,55.7,11,56.0,118,2,2021-12-16 09:01:28
1639645288701132000,56.0,2,55.9,1,56.0,116,1,2021-12-16 09:01:28
1639645289187767000,56.0,1,55.9,1,56.0,116,1,2021-12-16 09:01:29
1639645289240958000,55.9,1,55.7,11,55.8,24,2,2021-12-16 09:01:29
1639645289647276000,55.8,5,55.7,3,55.8,19,1,2021-12-16 09:01:29
1639645290840894000,55.8,1,55.7,3,55.8,18,1,2021-12-16 09:01:30
1639645290884605000,55.8,1,55.7,3,55.8,17,1,2021-12-16 09:01:30
1639645290885950000,55.7,1,55.7,2,55.8,17,2,2021-12-16 09:01:30
1639645291280998000,55.8,1,55.7,2,55.8,16,1,2021-12-16 09:01:31
1639645292028260000,55.8,2,55.7,2,55.8,39,1,2021-12-16 09:01:32
1639645292562928000,55.8,3,55.7,2,55.8,36,1,2021-12-16 09:01:32
1639645292838793000,55.8,1,55.7,2,55.8,35,1,2021-12-16 09:01:32
1639645293001365000,55.8,1,55.7,2,55.8,34,1,2021-12-16 09:01:33
1639645293269972000,55.8,8,55.7,3,55.8,26,1,2021-12-16 09:01:33
1639645293308386000,55.8,1,55.7,3,55.8,28,1,2021-12-16 09:01:33
1639645293923289000,55.7,1,55.7,2,55.8,28,2,2021-12-16 09:01:33
1639645294012991000,55.8,1,55.7,2,55.8,52,1,2021-12-16 09:01:34
1639645294444863000,55.8,1,55.7,2,55.8,57,1,2021-12-16 09:01:34
1639645294560421000,55.8,5,55.7,2,55.8,52,1,2021-12-16 09:01:34
1639645294798802000,55.7,1,55.7,1,55.8,52,2,2021-12-16 09:01:34
1639645294921874000,55.8,3,55.7,3,55.8,49,1,2021-12-16 09:01:34
1639645295540573000,55.8,2,55.7,3,55.8,47,1,2021-12-16 09:01:35
1639645295600348000,55.8,2,55.7,3,55.8,45,1,2021-12-16 09:01:35
1639645295803794000,55.8,1,55.7,3,55.8,44,1,2021-12-16 09:01:35
1639645295839277000,55.7,1,55.7,2,55.8,44,2,2021-12-16 09:01:35
1639645295869217000,55.7,1,55.7,1,55.8,44,2,2021-12-16 09:01:35
1639645296994983000,55.7,1,55.7,1,55.8,69,2,2021-12-16 09:01:36
1639645297025246000,55.7,1,55.7,1,55.8,69,2,2021-12-16 09:01:37
1639645297037266000,55.8,2,55.7,1,55.8,67,1,2021-12-16 09:01:37
1639645297244244000,55.7,1,55.6,19,55.8,68,2,2021-12-16 09:01:37
1639645297280068000,55.6,8,55.6,11,55.8,68,2,2021-12-16 09:01:37
1639645297818670000,55.7,1,55.6,11,55.8,68,1,2021-12-16 09:01:37
1639645298433489000,55.7,4,55.7,1,55.8,68,2,2021-12-16 09:01:38
1639645298472858000,55.8,5,55.7,1,55.8,63,1,2021-12-16 09:01:38
1639645299422891000,55.8,2,55.7,2,55.8,63,1,2021-12-16 09:01:39
1639645299549716000,55.8,4,55.7,3,55.8,59,1,2021-12-16 09:01:39
1639645299645241000,55.8,2,55.7,3,55.8,57,1,2021-12-16 09:01:39
1639645300057991000,55.7,1,55.7,2,55.8,60,2,2021-12-16 09:01:40
1639645300106942000,55.8,1,55.7,2,55.8,60,1,2021-12-16 09:01:40
1639645301277908000,55.8,1,55.7,3,55.8,61,1,2021-12-16 09:01:41
1639645301336527000,55.8,2,55.7,3,55.8,59,1,2021-12-16 09:01:41
1639645301359323000,55.8,1,55.7,3,55.8,58,1,2021-12-16 09:01:41
1639645301449488000,55.8,2,55.7,3,55.8,56,1,2021-12-16 09:01:41
1639645301954592000,55.8,1,55.7,3,55.8,55,1,2021-12-16 09:01:41
1639645302395479000,55.8,1,55.7,3,55.8,54,1,2021-12-16 09:01:42
1639645302672201000,55.7,3,55.6,14,55.8,54,2,2021-12-16 09:01:42
1639645303109893000,55.6,3,55.6,11,55.7,2,2,2021-12-16 09:01:43
1639645304183052000,55.7,1,55.6,13,55.7,10,1,2021-12-16 09:01:44
1639645305324507000,55.7,1,55.6,14,55.7,9,1,2021-12-16 09:01:45
1639645305337493000,55.7,3,55.6,14,55.7,6,1,2021-12-16 09:01:45
1639645306566248000,55.6,2,55.6,12,55.7,10,2,2021-12-16 09:01:46
1639645306796476000,55.6,1,55.6,11,55.7,10,2,2021-12-16 09:01:46
1639645306978760000,55.7,1,55.6,11,55.7,9,1,2021-12-16 09:01:46
1639645308780178000,55.7,1,55.6,11,55.7,14,1,2021-12-16 09:01:48
1639645310031927000,55.7,6,55.6,16,55.7,8,1,2021-12-16 09:01:50
1639645310538733000,55.7,1,55.6,17,55.7,7,1,2021-12-16 09:01:50
1639645311212875000,55.6,1,55.6,17,55.7,8,2,2021-12-16 09:01:51
1639645312025750000,55.7,5,55.6,19,55.7,3,1,2021-12-16 09:01:52
1639645312528237000,55.6,1,55.6,18,55.7,3,2,2021-12-16 09:01:52
1639645312724378000,55.7,2,55.6,18,55.7,1,1,2021-12-16 09:01:52
1639645314304601000,55.7,1,55.6,20,55.8,53,1,2021-12-16 09:01:54
1639645314883115000,55.7,1,55.6,20,55.8,56,2,2021-12-16 09:01:54
1639645314972745000,55.7,1,55.6,20,55.8,56,2,2021-12-16 09:01:54
1639645316409964000,55.7,1,55.6,21,55.7,2,1,2021-12-16 09:01:56
1639645316871325000,55.7,1,55.6,22,55.7,1,1,2021-12-16 09:01:56
1639645317163384000,55.7,1,55.6,22,55.8,56,1,2021-12-16 09:01:57
1639645317532318000,55.8,1,55.7,1,55.8,55,1,2021-12-16 09:01:57
1639645318062129000,55.8,1,55.7,6,55.8,54,1,2021-12-16 09:01:58
1639645319626660000,55.7,1,55.7,5,55.8,54,2,2021-12-16 09:01:59
1639645320527083000,55.7,2,55.7,6,55.8,54,2,2021-12-16 09:02:00
1639645320796055000,55.7,5,55.7,1,55.8,54,2,2021-12-16 09:02:00
1639645321022657000,55.7,1,55.6,25,55.7,4,2,2021-12-16 09:02:01
1639645321142244000,55.7,1,55.6,25,55.7,3,1,2021-12-16 09:02:01
1639645321697892000,55.7,1,55.6,25,55.7,2,1,2021-12-16 09:02:01
1639645322658263000,55.7,1,55.6,25,55.7,1,1,2021-12-16 09:02:02
1639645322839709000,55.7,1,55.6,25,55.8,54,1,2021-12-16 09:02:02
1639645323863161000,55.7,2,55.6,25,55.8,52,2,2021-12-16 09:02:03
1639645324174434000,55.7,1,55.6,25,55.8,52,1,2021-12-16 09:02:04
1639645325171695000,55.7,1,55.6,26,55.8,52,1,2021-12-16 09:02:05
1639645325802826000,55.8,5,55.7,1,55.8,47,1,2021-12-16 09:02:05
1639645326653490000,55.8,1,55.7,2,55.8,46,1,2021-12-16 09:02:06
1639645326852154000,55.8,1,55.7,5,55.8,45,1,2021-12-16 09:02:06
1639645326975889000,55.7,6,55.6,21,55.8,45,2,2021-12-16 09:02:06
1639645326975889000,55.6,5,55.6,21,55.8,45,2,2021-12-16 09:02:06
1639645327544546000,55.7,1,55.6,21,55.7,1,1,2021-12-16 09:02:07
1639645327612736000,55.7,1,55.6,21,55.8,42,1,2021-12-16 09:02:07
1639645328618329000,55.7,1,55.7,1,55.8,42,2,2021-12-16 09:02:08
1639645329047847000,55.8,1,55.7,1,55.8,61,1,2021-12-16 09:02:09
1639645329591692000,55.8,8,55.7,2,55.8,53,1,2021-12-16 09:02:09
1639645331842982000,55.7,2,55.7,3,55.8,54,2,2021-12-16 09:02:11
1639645332061054000,55.7,1,55.7,2,55.8,54,2,2021-12-16 09:02:12
1639645332127156000,55.7,1,55.7,1,55.8,54,2,2021-12-16 09:02:12
1639645332928167000,55.7,2,55.6,24,55.7,18,2,2021-12-16 09:02:12
1639645332943931000,55.7,2,55.6,24,55.7,16,1,2021-12-16 09:02:12
1639645333286171000,55.6,1,55.6,23,55.7,16,2,2021-12-16 09:02:13
1639645333452171000,55.7,5,55.6,23,55.7,11,1,2021-12-16 09:02:13
1639645334370639000,55.7,1,55.6,23,55.7,11,1,2021-12-16 09:02:14
1639645335450695000,55.7,1,55.6,23,55.7,10,1,2021-12-16 09:02:15
1639645335738846000,55.7,2,55.6,23,55.7,8,1,2021-12-16 09:02:15
1639645336888889000,55.7,2,55.6,23,55.7,10,1,2021-12-16 09:02:16
1639645336951468000,55.7,1,55.6,23,55.7,9,1,2021-12-16 09:02:16
1639645337195805000,55.7,1,55.6,23,55.7,8,1,2021-12-16 09:02:17
1639645337336102000,55.7,1,55.6,23,55.7,7,1,2021-12-16 09:02:17
1639645338486830000,55.6,5,55.6,18,55.7,7,2,2021-12-16 09:02:18
1639645339190645000,55.7,1,55.6,19,55.7,6,1,2021-12-16 09:02:19
1639645339560738000,55.7,5,55.6,19,55.7,2,1,2021-12-16 09:02:19
1639645339588650000,55.7,2,55.6,19,55.8,65,1,2021-12-16 09:02:19
1639645340214467000,55.7,2,55.6,16,55.8,65,2,2021-12-16 09:02:20
1639645340214467000,55.6,3,55.6,16,55.8,65,2,2021-12-16 09:02:20
1639645340340528000,55.8,6,55.6,16,55.8,59,1,2021-12-16 09:02:20
1639645340703152000,55.7,1,55.6,16,55.7,1,1,2021-12-16 09:02:20
1639645340949380000,55.6,7,55.6,9,55.7,1,2,2021-12-16 09:02:20
1639645341290114000,55.6,1,55.6,8,55.7,1,2,2021-12-16 09:02:21
1639645341431457000,55.7,1,55.6,8,55.8,59,1,2021-12-16 09:02:21
1639645342437397000,55.7,1,55.6,8,55.8,59,1,2021-12-16 09:02:22
1639645345445787000,55.8,1,55.7,11,55.8,58,1,2021-12-16 09:02:25
1639645345988674000,55.7,1,55.7,13,55.8,58,2,2021-12-16 09:02:25
1639645347846285000,55.7,1,55.7,13,55.8,58,2,2021-12-16 09:02:27
1639645348463299000,55.8,1,55.7,14,55.8,60,1,2021-12-16 09:02:28
1639645348943793000,55.7,1,55.7,13,55.8,61,2,2021-12-16 09:02:28
1639645349609235000,55.7,1,55.7,13,55.8,61,2,2021-12-16 09:02:29
1639645350115943000,55.8,1,55.7,13,55.8,66,1,2021-12-16 09:02:30
1639645350541767000,55.7,4,55.7,11,55.8,66,2,2021-12-16 09:02:30
1639645351076703000,55.7,3,55.7,11,55.8,66,2,2021-12-16 09:02:31
1639645351673420000,55.7,2,55.7,9,55.8,66,2,2021-12-16 09:02:31
1639645352050930000,55.8,2,55.7,9,55.8,64,1,2021-12-16 09:02:32
1639645352463138000,55.7,1,55.7,8,55.8,64,2,2021-12-16 09:02:32
1639645354264521000,55.7,5,55.7,9,55.8,63,2,2021-12-16 09:02:34
1639645354344652000,55.8,2,55.7,9,55.8,61,1,2021-12-16 09:02:34
1639645354817732000,55.7,3,55.7,6,55.8,61,2,2021-12-16 09:02:34
1639645355113724000,55.7,4,55.7,5,55.8,61,2,2021-12-16 09:02:35
1639645356341951000,55.7,3,55.7,2,55.8,61,2,2021-12-16 09:02:36
1639645357820660000,55.7,1,55.7,2,55.8,61,2,2021-12-16 09:02:37
1639645358165310000,55.7,1,55.7,2,55.8,61,2,2021-12-16 09:02:38
1639645358537111000,55.7,1,55.7,1,55.8,61,2,2021-12-16 09:02:38
1639645359007782000,55.8,1,55.7,5,55.8,60,1,2021-12-16 09:02:39
1639645359627068000,55.8,1,55.7,5,55.8,59,1,2021-12-16 09:02:39
1639645360433301000,55.7,1,55.7,5,55.8,59,2,2021-12-16 09:02:40
1639645362167039000,55.8,1,55.7,7,55.8,58,1,2021-12-16 09:02:42
1639645363036546000,55.7,3,55.7,6,55.8,58,2,2021-12-16 09:02:43
1639645365270397000,55.7,1,55.7,9,55.8,59,2,2021-12-16 09:02:45
1639645366168927000,55.8,1,55.7,9,55.8,58,1,2021-12-16 09:02:46
1639645366543137000,55.8,1,55.7,12,55.8,57,1,2021-12-16 09:02:46
1639645367728532000,55.7,1,55.7,21,55.8,57,2,2021-12-16 09:02:47
1639645368382656000,55.8,3,55.7,21,55.8,54,1,2021-12-16 09:02:48
1639645369967031000,55.8,30,55.7,32,55.8,25,1,2021-12-16 09:02:49
1639645370146811000,55.7,1,55.7,31,55.8,25,2,2021-12-16 09:02:50
1639645372400908000,55.8,10,55.7,41,55.8,17,1,2021-12-16 09:02:52
1639645372502577000,55.8,1,55.7,41,55.8,16,1,2021-12-16 09:02:52
1639645372837929000,55.8,1,55.7,41,55.8,15,1,2021-12-16 09:02:52
1639645373005275000,55.8,1,55.7,41,55.8,14,1,2021-12-16 09:02:53
1639645373079138000,55.8,3,55.7,41,55.8,11,1,2021-12-16 09:02:53
1639645373273627000,55.8,1,55.7,42,55.8,10,1,2021-12-16 09:02:53
1639645373403003000,55.8,1,55.7,47,55.8,9,1,2021-12-16 09:02:53
1639645373844479000,55.8,10,55.7,47,55.9,7,1,2021-12-16 09:02:53
1639645374861294000,55.9,1,55.8,1,55.9,6,1,2021-12-16 09:02:54
1639645374892893000,55.9,6,55.8,1,56.0,145,1,2021-12-16 09:02:54
1639645376039472000,55.8,1,55.8,4,56.0,145,2,2021-12-16 09:02:56
1639645376077611000,55.8,1,55.8,3,56.0,145,2,2021-12-16 09:02:56
1639645376903115000,56.0,1,55.8,3,56.0,144,1,2021-12-16 09:02:56
1639645379035406000,55.8,1,55.8,5,56.0,144,2,2021-12-16 09:02:59
1639645379832023000,56.0,1,55.8,7,56.0,143,1,2021-12-16 09:02:59
1639645381469330000,56.0,1,55.8,9,56.0,142,1,2021-12-16 09:03:01
1639645382002007000,55.9,1,55.8,14,55.9,4,1,2021-12-16 09:03:02
1639645382673480000,55.8,1,55.8,14,55.9,9,2,2021-12-16 09:03:02
1639645382689368000,55.8,1,55.8,13,55.9,9,2,2021-12-16 09:03:02
1639645383422627000,55.9,3,55.8,14,55.9,6,1,2021-12-16 09:03:03
1639645383563186000,55.9,1,55.8,14,55.9,5,1,2021-12-16 09:03:03
1639645383616466000,55.9,1,55.8,14,55.9,4,1,2021-12-16 09:03:03
1639645384234567000,55.9,3,55.8,16,55.9,3,1,2021-12-16 09:03:04
1639645385181228000,55.9,1,55.8,17,55.9,3,1,2021-12-16 09:03:05
1639645385382484000,55.9,2,55.8,15,55.9,1,1,2021-12-16 09:03:05
1639645385465016000,55.9,1,55.8,15,56.0,143,1,2021-12-16 09:03:05
1639645385845154000,56.0,1,55.8,15,56.0,142,1,2021-12-16 09:03:05
1639645386098544000,55.8,15,55.7,12,56.0,142,2,2021-12-16 09:03:06
1639645386098544000,55.7,35,55.7,12,56.0,142,2,2021-12-16 09:03:06
1639645386735435000,56.0,3,55.7,12,56.0,140,1,2021-12-16 09:03:06
1639645387112164000,56.0,1,55.7,12,56.0,139,1,2021-12-16 09:03:07
1639645388578607000,55.9,1,55.8,1,56.0,139,2,2021-12-16 09:03:08
1639645388780838000,56.0,1,55.8,1,56.0,139,1,2021-12-16 09:03:08
1639645390226905000,55.8,1,55.7,12,55.8,6,2,2021-12-16 09:03:10
1639645391382074000,55.8,1,55.7,12,55.8,5,1,2021-12-16 09:03:11
1639645392117480000,55.8,1,55.7,12,55.8,4,1,2021-12-16 09:03:12
1639645393303818000,55.8,1,55.7,12,55.8,3,1,2021-12-16 09:03:13
1639645395123806000,55.8,2,55.7,12,55.8,1,1,2021-12-16 09:03:15
1639645395418836000,55.7,1,55.7,11,55.8,1,2,2021-12-16 09:03:15
1639645395432634000,55.8,1,55.7,11,55.9,16,1,2021-12-16 09:03:15
1639645395652932000,55.9,1,55.7,11,55.9,15,1,2021-12-16 09:03:15
1639645396707215000,55.7,1,55.7,10,55.9,16,2,2021-12-16 09:03:16
1639645398950101000,55.9,1,55.8,36,55.9,15,1,2021-12-16 09:03:18
1639645399323934000,55.9,1,55.8,37,55.9,14,1,2021-12-16 09:03:19
1639645399508230000,55.9,3,55.8,37,55.9,11,1,2021-12-16 09:03:19
1639645400204764000,55.9,1,55.8,39,55.9,10,1,2021-12-16 09:03:20
1639645403101115000,55.8,2,55.8,37,55.9,10,2,2021-12-16 09:03:23
1639645404346502000,55.9,1,55.8,37,55.9,9,1,2021-12-16 09:03:24
1639645404642630000,55.9,1,55.8,37,55.9,8,1,2021-12-16 09:03:24
1639645405529295000,55.9,2,55.8,42,55.9,6,1,2021-12-16 09:03:25
1639645407913111000,55.9,4,55.8,45,55.9,3,1,2021-12-16 09:03:27
1639645408080801000,55.9,3,55.9,7,56.0,142,1,2021-12-16 09:03:28
1639645408885352000,55.9,5,55.9,2,56.0,142,2,2021-12-16 09:03:28
1639645409029575000,55.9,1,55.9,1,56.0,142,2,2021-12-16 09:03:29
1639645409638763000,55.9,1,55.8,45,56.0,142,2,2021-12-16 09:03:29
1639645411351603000,55.9,1,55.9,1,56.0,142,2,2021-12-16 09:03:31
1639645415607450000,55.9,1,55.9,13,56.0,153,2,2021-12-16 09:03:35
1639645417298051000,55.9,1,55.9,22,56.0,154,2,2021-12-16 09:03:37
1639645420508766000,55.9,1,55.9,22,56.0,154,2,2021-12-16 09:03:40
1639645421136837000,55.9,1,55.9,21,56.0,154,2,2021-12-16 09:03:41
1639645421317331000,56.0,2,55.9,21,56.0,152,1,2021-12-16 09:03:41
1639645421594059000,55.9,1,55.9,22,56.0,155,2,2021-12-16 09:03:41
1639645422034960000,56.0,40,55.9,22,56.0,115,1,2021-12-16 09:03:42
1639645422076789000,55.9,1,55.9,21,56.0,114,2,2021-12-16 09:03:42
1639645422251388000,55.9,3,55.9,18,56.0,114,2,2021-12-16 09:03:42
1639645422874024000,55.9,1,55.9,17,56.0,114,2,2021-12-16 09:03:42
1639645423942978000,56.0,1,55.9,22,56.0,123,1,2021-12-16 09:03:43
1639645423971031000,56.0,100,55.9,22,56.0,23,1,2021-12-16 09:03:43
1639645424002913000,56.0,3,55.9,22,56.0,20,1,2021-12-16 09:03:44
1639645424670017000,56.0,21,55.9,22,56.1,3,1,2021-12-16 09:03:44
1639645424670017000,56.1,9,55.9,22,56.1,3,1,2021-12-16 09:03:44
1639645424706889000,56.1,3,55.9,22,56.2,7,1,2021-12-16 09:03:44
1639645424722783000,56.2,1,55.9,22,56.2,6,1,2021-12-16 09:03:44
1639645424759979000,56.2,2,55.9,22,56.2,4,1,2021-12-16 09:03:44
1639645425077493000,56.2,4,56.1,4,56.3,18,1,2021-12-16 09:03:45
1639645425077493000,56.3,1,56.1,4,56.3,18,1,2021-12-16 09:03:45
1639645425089236000,56.3,5,56.2,1,56.3,13,1,2021-12-16 09:03:45
1639645425115976000,56.2,1,56.1,4,56.3,13,2,2021-12-16 09:03:45
1639645425138370000,56.3,2,56.1,4,56.3,11,1,2021-12-16 09:03:45
1639645425385520000,56.3,4,56.1,8,56.3,7,1,2021-12-16 09:03:45
1639645425487673000,56.3,1,56.1,8,56.3,6,1,2021-12-16 09:03:45
1639645425793410000,56.3,2,56.1,8,56.3,4,1,2021-12-16 09:03:45
1639645425912967000,56.3,4,56.1,8,56.5,122,1,2021-12-16 09:03:45
1639645425912967000,56.4,17,56.1,8,56.5,122,1,2021-12-16 09:03:45
1639645425912967000,56.5,29,56.1,8,56.5,122,1,2021-12-16 09:03:45
1639645426028502000,56.5,2,56.2,8,56.5,120,1,2021-12-16 09:03:46
1639645426111203000,56.5,1,56.2,8,56.5,119,1,2021-12-16 09:03:46
1639645426581834000,56.5,1,56.2,8,56.5,118,1,2021-12-16 09:03:46
1639645426647207000,56.2,1,56.2,7,56.5,118,2,2021-12-16 09:03:46
1639645427051534000,56.4,1,56.2,7,56.6,425,1,2021-12-16 09:03:47
1639645427051534000,56.5,118,56.2,7,56.6,425,1,2021-12-16 09:03:47
1639645427051534000,56.6,31,56.2,7,56.6,425,1,2021-12-16 09:03:47
1639645427085744000,56.6,30,56.2,7,56.6,395,1,2021-12-16 09:03:47
1639645427142855000,56.6,2,56.2,7,56.6,393,1,2021-12-16 09:03:47
1639645427159923000,56.6,2,56.2,7,56.6,391,1,2021-12-16 09:03:47
1639645427189095000,56.6,10,56.2,7,56.6,381,1,2021-12-16 09:03:47
1639645427205724000,56.6,4,56.2,7,56.6,377,1,2021-12-16 09:03:47
1639645427230604000,56.6,2,56.2,7,56.6,375,1,2021-12-16 09:03:47
1639645427252145000,56.6,1,56.2,7,56.6,374,1,2021-12-16 09:03:47
1639645427326135000,56.6,2,56.2,7,56.6,372,1,2021-12-16 09:03:47
1639645427333182000,56.6,1,56.2,7,56.6,371,1,2021-12-16 09:03:47
1639645427410284000,56.2,7,56.0,82,56.6,371,2,2021-12-16 09:03:47
1639645427410284000,56.1,10,56.0,82,56.6,371,2,2021-12-16 09:03:47
1639645427410284000,56.0,33,56.0,82,56.6,371,2,2021-12-16 09:03:47
1639645427608942000,56.5,5,56.0,82,56.5,2,1,2021-12-16 09:03:47
1639645427672484000,56.5,1,56.0,82,56.5,1,1,2021-12-16 09:03:47
1639645427731776000,56.5,1,56.3,30,56.6,370,1,2021-12-16 09:03:47
1639645427731776000,56.6,1,56.3,30,56.6,370,1,2021-12-16 09:03:47
1639645428099537000,56.6,1,56.3,30,56.6,369,1,2021-12-16 09:03:48
1639645428156069000,56.5,30,56.3,30,56.5,10,1,2021-12-16 09:03:48
1639645428501050000,56.5,3,56.3,30,56.5,7,1,2021-12-16 09:03:48
1639645428535280000,56.3,6,56.3,24,56.5,7,2,2021-12-16 09:03:48
1639645428768153000,56.5,7,56.3,24,56.6,356,1,2021-12-16 09:03:48
1639645428768153000,56.6,23,56.3,24,56.6,356,1,2021-12-16 09:03:48
1639645428925915000,56.6,30,56.3,24,56.6,326,1,2021-12-16 09:03:48
1639645429092059000,56.6,30,56.3,24,56.6,296,1,2021-12-16 09:03:49
1639645429248922000,56.6,30,56.3,24,56.6,266,1,2021-12-16 09:03:49
1639645429614401000,56.5,1,56.3,24,56.6,264,1,2021-12-16 09:03:49
1639645429614401000,56.6,2,56.3,24,56.6,264,1,2021-12-16 09:03:49
1639645429713749000,56.6,19,56.3,24,56.6,245,1,2021-12-16 09:03:49
1639645430005594000,56.5,1,0.0,752,0.0,0,1,2021-12-16 09:03:50
1639645430005594000,56.6,245,0.0,752,0.0,0,1,2021-12-16 09:03:50
1639645430838487000,56.6,2,0.0,3565,0.0,0,1,2021-12-16 09:03:50
1639645431237839000,56.6,3,0.0,3608,0.0,0,1,2021-12-16 09:03:51
1639645432464210000,56.6,9,0.0,3620,0.0,0,1,2021-12-16 09:03:52
1639645432732709000,56.6,5,0.0,3565,0.0,0,1,2021-12-16 09:03:52
1639645432780826000,56.6,1,0.0,3564,0.0,0,1,2021-12-16 09:03:52
1639645433159073000,56.6,5,0.0,3489,0.0,0,1,2021-12-16 09:03:53
1639645434742621000,56.6,4,0.0,3507,0.0,0,1,2021-12-16 09:03:54
1639645436261124000,56.6,1,0.0,3507,0.0,0,1,2021-12-16 09:03:56
1639645436542515000,56.6,1,0.0,3506,0.0,0,1,2021-12-16 09:03:56
1639645438910342000,56.6,2,0.0,3511,0.0,0,1,2021-12-16 09:03:58
1639645439171045000,56.6,1,0.0,3516,0.0,0,1,2021-12-16 09:03:59
1639645439765792000,56.6,2,0.0,3516,0.0,0,1,2021-12-16 09:03:59
1639645440554473000,56.6,3,0.0,3513,0.0,0,1,2021-12-16 09:04:00
1639645442224849000,56.6,2,0.0,3522,0.0,0,1,2021-12-16 09:04:02
1639645442417288000,56.6,3,0.0,2521,0.0,0,1,2021-12-16 09:04:02
1639645442726199000,56.6,1,0.0,2520,0.0,0,1,2021-12-16 09:04:02
1639645443982773000,56.6,1,0.0,2523,0.0,0,1,2021-12-16 09:04:03
1639645444280680000,56.6,1,0.0,2523,0.0,0,1,2021-12-16 09:04:04
1639645444745790000,56.6,1,0.0,2524,0.0,0,1,2021-12-16 09:04:04
1639645444986574000,56.6,2,0.0,2523,0.0,0,1,2021-12-16 09:04:04
1639645445010639000,56.6,2,0.0,2521,0.0,0,1,2021-12-16 09:04:05
1639645445492787000,56.6,2,0.0,2540,0.0,0,1,2021-12-16 09:04:05
1639645446091824000,56.6,1,0.0,2540,0.0,0,1,2021-12-16 09:04:06
1639645448263930000,56.6,1,0.0,3041,0.0,0,1,2021-12-16 09:04:08
1639645450086375000,56.6,1,0.0,3042,0.0,0,1,2021-12-16 09:04:10
1639645450636402000,56.6,5,0.0,3041,0.0,0,1,2021-12-16 09:04:10
1639645451487545000,56.6,1,0.0,3041,0.0,0,1,2021-12-16 09:04:11
1639645451516619000,56.6,1,0.0,3040,0.0,0,1,2021-12-16 09:04:11
1639645452816298000,56.6,2,0.0,3090,0.0,0,1,2021-12-16 09:04:12
1639645453603008000,56.6,3,0.0,3092,0.0,0,1,2021-12-16 09:04:13
1639645453882782000,56.6,1,0.0,3091,0.0,0,1,2021-12-16 09:04:13
1639645454659556000,56.6,1,0.0,3090,0.0,0,1,2021-12-16 09:04:14
1639645455060515000,56.6,1,0.0,3089,0.0,0,1,2021-12-16 09:04:15
1639645455325172000,56.6,1,0.0,3088,0.0,0,1,2021-12-16 09:04:15
1639645456289522000,56.6,1,0.0,3087,0.0,0,1,2021-12-16 09:04:16
1639645457680928000,56.6,10,0.0,3077,0.0,0,1,2021-12-16 09:04:17
1639645457820139000,56.6,5,0.0,3072,0.0,0,1,2021-12-16 09:04:17
1639645459286734000,56.6,1,0.0,3075,0.0,0,1,2021-12-16 09:04:19
1639645460871968000,56.6,2,0.0,3073,0.0,0,1,2021-12-16 09:04:20
1639645461238155000,56.6,6,0.0,3067,0.0,0,1,2021-12-16 09:04:21
1639645461872281000,56.6,1,0.0,3066,0.0,0,1,2021-12-16 09:04:21
1639645462906638000,56.6,1,0.0,3066,0.0,0,1,2021-12-16 09:04:22
1639645464706993000,56.6,1,0.0,3067,0.0,0,1,2021-12-16 09:04:24
1639645464992157000,56.6,1,0.0,3066,0.0,0,1,2021-12-16 09:04:24
1639645465941903000,56.6,20,0.0,3047,0.0,0,1,2021-12-16 09:04:25
1639645467302139000,56.6,1,0.0,3049,0.0,0,1,2021-12-16 09:04:27
1639645468250236000,56.6,2,0.0,3047,0.0,0,1,2021-12-16 09:04:28
1639645471259460000,56.6,1,0.0,3047,0.0,0,1,2021-12-16 09:04:31
1639645471560978000,56.6,5,0.0,3043,0.0,0,1,2021-12-16 09:04:31
1639645472127185000,56.6,1,0.0,3043,0.0,0,1,2021-12-16 09:04:32
1639645472907176000,56.6,5,0.0,3038,0.0,0,1,2021-12-16 09:04:32
1639645472942365000,56.6,2,0.0,3036,0.0,0,1,2021-12-16 09:04:32
1639645474289839000,56.6,5,0.0,3033,0.0,0,1,2021-12-16 09:04:34
1639645474390191000,56.6,2,0.0,3031,0.0,0,1,2021-12-16 09:04:34
1639645474444051000,56.6,1,0.0,3030,0.0,0,1,2021-12-16 09:04:34
1639645474624948000,56.6,1,0.0,3030,0.0,0,1,2021-12-16 09:04:34
1639645475155418000,56.6,5,0.0,3030,0.0,0,1,2021-12-16 09:04:35
1639645475477973000,56.6,10,0.0,3020,0.0,0,1,2021-12-16 09:04:35
1639645476381395000,56.6,1,0.0,3020,0.0,0,1,2021-12-16 09:04:36
1639645476453650000,56.6,2,0.0,3018,0.0,0,1,2021-12-16 09:04:36
1639645478046877000,56.6,1,0.0,3018,0.0,0,1,2021-12-16 09:04:38
1639645479420034000,56.6,1,0.0,3017,0.0,0,1,2021-12-16 09:04:39
1639645480507444000,56.6,1,0.0,3016,0.0,0,1,2021-12-16 09:04:40
1639645481761246000,56.6,1,0.0,3016,0.0,0,1,2021-12-16 09:04:41
1639645484359849000,56.6,2,0.0,3016,0.0,0,1,2021-12-16 09:04:44
1639645485361444000,56.6,10,0.0,3006,0.0,0,1,2021-12-16 09:04:45
1639645486301729000,56.6,5,0.0,3002,0.0,0,1,2021-12-16 09:04:46
1639645487778848000,56.6,1,0.0,3006,0.0,0,1,2021-12-16 09:04:47
1639645490960886000,56.6,1,0.0,3010,0.0,0,1,2021-12-16 09:04:50
1639645492444178000,56.6,3,0.0,3008,0.0,0,1,2021-12-16 09:04:52
1639645493585860000,56.6,10,0.0,3011,0.0,0,1,2021-12-16 09:04:53
1639645493984264000,56.6,5,0.0,3006,0.0,0,1,2021-12-16 09:04:53
1639645494056848000,56.6,1,0.0,3005,0.0,0,1,2021-12-16 09:04:54
1639645495539262000,56.6,1,0.0,3009,0.0,0,1,2021-12-16 09:04:55
1639645497813449000,56.6,1,0.0,3038,0.0,0,1,2021-12-16 09:04:57
1639645498203205000,56.6,6,0.0,3032,0.0,0,1,2021-12-16 09:04:58
1639645501376718000,56.6,2,0.0,3059,0.0,0,1,2021-12-16 09:05:01
1639645504494656000,56.6,1,0.0,3060,0.0,0,1,2021-12-16 09:05:04
1639645505289058000,56.6,1,0.0,3061,0.0,0,1,2021-12-16 09:05:05
1639645506372052000,56.6,1,0.0,3071,0.0,0,1,2021-12-16 09:05:06
1639645506523549000,56.6,1,0.0,3075,0.0,0,1,2021-12-16 09:05:06
1639645506857931000,56.6,1,0.0,3076,0.0,0,1,2021-12-16 09:05:06
1639645506962669000,56.6,1,0.0,3075,0.0,0,1,2021-12-16 09:05:06
1639645507045990000,56.6,1,0.0,3074,0.0,0,1,2021-12-16 09:05:07
1639645509417061000,56.6,2,0.0,3073,0.0,0,1,2021-12-16 09:05:09
1639645510061634000,56.6,1,0.0,3072,0.0,0,1,2021-12-16 09:05:10
1639645512610581000,56.6,1,0.0,3071,0.0,0,1,2021-12-16 09:05:12
1639645513049247000,56.6,5,0.0,3067,0.0,0,1,2021-12-16 09:05:13
1639645516729693000,56.6,29,0.0,3039,0.0,0,1,2021-12-16 09:05:16
1639645516945723000,56.6,3,0.0,3036,0.0,0,1,2021-12-16 09:05:16
1639645518637231000,56.6,1,0.0,3034,0.0,0,1,2021-12-16 09:05:18
1639645518783838000,56.6,2,0.0,3032,0.0,0,1,2021-12-16 09:05:18
1639645519645021000,56.6,1,0.0,3031,0.0,0,1,2021-12-16 09:05:19
1639645519813903000,56.6,10,0.0,3021,0.0,0,1,2021-12-16 09:05:19
1639645520215191000,56.6,4,0.0,3016,0.0,0,1,2021-12-16 09:05:20
1639645523307028000,56.6,1,0.0,3014,0.0,0,1,2021-12-16 09:05:23
1639645523567027000,56.6,1,0.0,3014,0.0,0,1,2021-12-16 09:05:23
1639645528896155000,56.6,1,0.0,3524,0.0,0,1,2021-12-16 09:05:28
1639645531671936000,56.6,1,0.0,3524,0.0,0,1,2021-12-16 09:05:31
1639645534182047000,56.6,2,0.0,3522,0.0,0,1,2021-12-16 09:05:34
1639645535574959000,56.6,3,0.0,3519,0.0,0,1,2021-12-16 09:05:35
1639645538055271000,56.6,2,0.0,3517,0.0,0,1,2021-12-16 09:05:38
1639645539813854000,56.6,1,0.0,3516,0.0,0,1,2021-12-16 09:05:39
1639645541823500000,56.6,1,0.0,3515,0.0,0,1,2021-12-16 09:05:41
1639645547156334000,56.6,1,0.0,3529,0.0,0,1,2021-12-16 09:05:47
1639645549972039000,56.6,1,0.0,3528,0.0,0,1,2021-12-16 09:05:49
1639645555460486000,56.6,1,0.0,3527,0.0,0,1,2021-12-16 09:05:55
1639645556024071000,56.6,19,0.0,3508,0.0,0,1,2021-12-16 09:05:56
1639645559252452000,56.6,4,0.0,3506,0.0,0,1,2021-12-16 09:05:59
1639645561741059000,56.6,1,0.0,3506,0.0,0,1,2021-12-16 09:06:01
1639645564742910000,56.6,1,0.0,3505,0.0,0,1,2021-12-16 09:06:04
1639645569818531000,56.6,1,0.0,3504,0.0,0,1,2021-12-16 09:06:09
1639645574903854000,56.6,10,0.0,3495,0.0,0,1,2021-12-16 09:06:14
1639645579595007000,56.6,1,0.0,3495,0.0,0,1,2021-12-16 09:06:19
1639645581873812000,56.6,1,0.0,3494,0.0,0,1,2021-12-16 09:06:21
1639645582039968000,56.6,1,0.0,3493,0.0,0,1,2021-12-16 09:06:22
1639645594388050000,56.6,1,0.0,3492,0.0,0,1,2021-12-16 09:06:34
1639645598085133000,56.6,30,0.0,3462,0.0,0,1,2021-12-16 09:06:38
1639645599351520000,56.6,1,0.0,3461,0.0,0,1,2021-12-16 09:06:39
1639645607810315000,56.6,2,0.0,3467,0.0,0,1,2021-12-16 09:06:47
1639645609257988000,56.6,1,0.0,3466,0.0,0,1,2021-12-16 09:06:49
1639645619256522000,56.6,3,0.0,3463,0.0,0,1,2021-12-16 09:06:59
1639645620288091000,56.6,4,0.0,3459,0.0,0,1,2021-12-16 09:07:00
1639645622226237000,56.6,2,0.0,3457,0.0,0,1,2021-12-16 09:07:02
1639645625637040000,56.6,1,0.0,3458,0.0,0,1,2021-12-16 09:07:05
1639645632702015000,56.6,1,0.0,3458,0.0,0,1,2021-12-16 09:07:12
1639645645358831000,56.6,1,0.0,3458,0.0,0,1,2021-12-16 09:07:25
1639645656183555000,56.6,5,0.0,3455,0.0,0,1,2021-12-16 09:07:36
1639645656370051000,56.6,1,0.0,3454,0.0,0,1,2021-12-16 09:07:36
1639645658926253000,56.6,10,0.0,3443,0.0,0,1,2021-12-16 09:07:38
1639645663335948000,56.6,6,0.0,3436,0.0,0,1,2021-12-16 09:07:43
1639645670090457000,56.6,2,0.0,3439,0.0,0,1,2021-12-16 09:07:50
1639645682279628000,56.6,1,0.0,3443,0.0,0,1,2021-12-16 09:08:02
1639645682530246000,56.6,1,0.0,3442,0.0,0,1,2021-12-16 09:08:02
1639645690735983000,56.6,3,0.0,3442,0.0,0,1,2021-12-16 09:08:10
1639645706587482000,56.6,2,0.0,3442,0.0,0,1,2021-12-16 09:08:26
1639645716388190000,56.6,8,0.0,3436,0.0,0,1,2021-12-16 09:08:36
1639645722347353000,56.6,3,0.0,3433,0.0,0,1,2021-12-16 09:08:42
1639645738071507000,56.6,10,0.0,3427,0.0,0,1,2021-12-16 09:08:58
1639645740661402000,56.6,1,0.0,3430,0.0,0,1,2021-12-16 09:09:00
1639645750141516000,56.6,1,0.0,3428,0.0,0,1,2021-12-16 09:09:10
1639645763299957000,56.6,4,0.0,3425,0.0,0,1,2021-12-16 09:09:23
1639645784722832000,56.6,1,0.0,3429,0.0,0,1,2021-12-16 09:09:44
1639645786770374000,56.6,1,0.0,3428,0.0,0,1,2021-12-16 09:09:46
1639645789248802000,56.6,1,0.0,3430,0.0,0,1,2021-12-16 09:09:49
1639645792527843000,56.6,2,0.0,3428,0.0,0,1,2021-12-16 09:09:52
1639645821471946000,56.6,1,0.0,3434,0.0,0,1,2021-12-16 09:10:21
1639645897434844000,56.6,10,0.0,3448,0.0,0,1,2021-12-16 09:11:37
1639645906171289000,56.6,1,0.0,3450,0.0,0,1,2021-12-16 09:11:46
1639645909491375000,56.6,3,0.0,3452,0.0,0,1,2021-12-16 09:11:49
1639645919241321000,56.6,10,0.0,3442,0.0,0,1,2021-12-16 09:11:59
1639645922537089000,56.6,1,0.0,3441,0.0,0,1,2021-12-16 09:12:02
1639645936017191000,56.6,1,0.0,3440,0.0,0,1,2021-12-16 09:12:16
1639645977768893000,56.6,1,0.0,3463,0.0,0,1,2021-12-16 09:12:57
1639645984378439000,56.6,1,0.0,3462,0.0,0,1,2021-12-16 09:13:04
1639645987565796000,56.6,1,0.0,3461,0.0,0,1,2021-12-16 09:13:07
1639645989898639000,56.6,1,0.0,3460,0.0,0,1,2021-12-16 09:13:09
1639646031370608000,56.6,2,0.0,3459,0.0,0,1,2021-12-16 09:13:51
1639646039898555000,56.6,1,0.0,3468,0.0,0,1,2021-12-16 09:13:59
1639646067179107000,56.6,3,0.0,3466,0.0,0,1,2021-12-16 09:14:27
1639646073901986000,56.6,20,0.0,3446,0.0,0,1,2021-12-16 09:14:33
1639646094914737000,56.6,25,0.0,3417,0.0,0,1,2021-12-16 09:14:54
1639646132760741000,56.6,2,0.0,3420,0.0,0,1,2021-12-16 09:15:32
1639646218927394000,56.6,1,0.0,3433,0.0,0,1,2021-12-16 09:16:58
1639646278409988000,56.6,50,0.0,3389,0.0,0,1,2021-12-16 09:17:58
1639646284768244000,56.6,1,0.0,3388,0.0,0,1,2021-12-16 09:18:04
1639646289853567000,56.6,3,0.0,3391,0.0,0,1,2021-12-16 09:18:09
1639646331681036000,56.6,1,0.0,3391,0.0,0,1,2021-12-16 09:18:51
1639646341110327000,56.6,1,0.0,3391,0.0,0,1,2021-12-16 09:19:01
1639646364115119000,56.6,1,0.0,3393,0.0,0,1,2021-12-16 09:19:24
1639646376866483000,56.6,1,0.0,3392,0.0,0,1,2021-12-16 09:19:36
1639646437707280000,56.6,1,0.0,3793,0.0,0,1,2021-12-16 09:20:37
1639646448377397000,56.6,1,0.0,3782,0.0,0,1,2021-12-16 09:20:48
1639646502450679000,56.6,1,0.0,3983,0.0,0,1,2021-12-16 09:21:42
1639646533282502000,56.6,1,0.0,3984,0.0,0,1,2021-12-16 09:22:13
1639646683392500000,56.6,1,0.0,3975,0.0,0,1,2021-12-16 09:24:43
1639646797503108000,56.6,1,0.0,3980,0.0,0,1,2021-12-16 09:26:37
1639646805384074000,56.6,1,0.0,3979,0.0,0,1,2021-12-16 09:26:45
1639646889866401000,56.6,1,0.0,3980,0.0,0,1,2021-12-16 09:28:09
1639646983498459000,56.6,1,0.0,3982,0.0,0,1,2021-12-16 09:29:43
1639647055920375000,56.6,5,0.0,3977,0.0,0,1,2021-12-16 09:30:55
1639647108339194000,56.6,1,0.0,3976,0.0,0,1,2021-12-16 09:31:48
1639647126250327000,56.6,1,0.0,3974,0.0,0,1,2021-12-16 09:32:06
1639647129312153000,56.6,1,0.0,3973,0.0,0,1,2021-12-16 09:32:09
1639647197207290000,56.6,2,0.0,3970,0.0,0,1,2021-12-16 09:33:17
1639647201527156000,56.6,1,0.0,3969,0.0,0,1,2021-12-16 09:33:21
1639647255717937000,56.6,8,0.0,3952,0.0,0,1,2021-12-16 09:34:15
1639647267356306000,56.6,1,0.0,3951,0.0,0,1,2021-12-16 09:34:27
1639647280906937000,56.6,3,0.0,3949,0.0,0,1,2021-12-16 09:34:40
1639647359207496000,56.6,1,0.0,3949,0.0,0,1,2021-12-16 09:35:59
1639647368671226000,56.6,1,0.0,3948,0.0,0,1,2021-12-16 09:36:08
1639647386233580000,56.6,1,0.0,3947,0.0,0,1,2021-12-16 09:36:26
1639647523321180000,56.6,1,0.0,3951,0.0,0,1,2021-12-16 09:38:43
1639647533933612000,56.6,2,0.0,3951,0.0,0,1,2021-12-16 09:38:53
1639647647257876000,56.6,1,0.0,3938,0.0,0,1,2021-12-16 09:40:47
1639647674643109000,56.6,6,0.0,3934,0.0,0,1,2021-12-16 09:41:14
1639647721786925000,56.6,1,0.0,3931,0.0,0,1,2021-12-16 09:42:01
1639648001826053000,56.6,2,0.0,3936,0.0,0,1,2021-12-16 09:46:41
1639648080155780000,56.6,3,0.0,3934,0.0,0,1,2021-12-16 09:48:00
1639648248078375000,56.6,3,0.0,3811,0.0,0,1,2021-12-16 09:50:48
1639648379648157000,56.6,5,0.0,3809,0.0,0,1,2021-12-16 09:52:59
1639648514176134000,56.6,2,0.0,3807,0.0,0,1,2021-12-16 09:55:14
1639648523402061000,56.6,1,0.0,3806,0.0,0,1,2021-12-16 09:55:23
1639648594166719000,56.6,1,0.0,3539,0.0,0,1,2021-12-16 09:56:34
1639648757215202000,56.6,1,0.0,3538,0.0,0,1,2021-12-16 09:59:17
1639648965947634000,56.6,5,0.0,3528,0.0,0,1,2021-12-16 10:02:45
1639649035639988000,56.6,1,0.0,3530,0.0,0,1,2021-12-16 10:03:55
1639649076590872000,56.6,3,0.0,3527,0.0,0,1,2021-12-16 10:04:36
1639649133663696000,56.6,1,0.0,3525,0.0,0,1,2021-12-16 10:05:33
1639649216799370000,56.6,1,0.0,3528,0.0,0,1,2021-12-16 10:06:56
1639649302797551000,56.6,8,0.0,3525,0.0,0,1,2021-12-16 10:08:22
1639649456805404000,56.6,1,0.0,3523,0.0,0,1,2021-12-16 10:10:56
1639649765145539000,56.6,1,0.0,3524,0.0,0,1,2021-12-16 10:16:05
1639649767283977000,56.6,2,0.0,3522,0.0,0,1,2021-12-16 10:16:07
1639649846129319000,56.6,1,0.0,3520,0.0,0,1,2021-12-16 10:17:26
1639649871111791000,56.6,1,0.0,3519,0.0,0,1,2021-12-16 10:17:51
1639650052341658000,56.6,1,0.0,3520,0.0,0,1,2021-12-16 10:20:52
1639650150797170000,56.6,10,0.0,3894,0.0,0,1,2021-12-16 10:22:30
1639650400099253000,56.6,1,0.0,3894,0.0,0,1,2021-12-16 10:26:40
1639650479321507000,56.6,2,0.0,3893,0.0,0,1,2021-12-16 10:27:59
1639650906185786000,56.6,2,0.0,3922,0.0,0,1,2021-12-16 10:35:06
1639651320178424000,56.6,3,0.0,3919,0.0,0,1,2021-12-16 10:42:00
1639651459617007000,56.6,1,0.0,3919,0.0,0,1,2021-12-16 10:44:19
1639651660782065000,56.6,1,0.0,3920,0.0,0,1,2021-12-16 10:47:40
1639651905631554000,56.6,8,0.0,3912,0.0,0,1,2021-12-16 10:51:45
1639651983744921000,56.6,1,0.0,3911,0.0,0,1,2021-12-16 10:53:03
1639652352148898000,56.6,1,0.0,3912,0.0,0,1,2021-12-16 10:59:12
1639652671299489000,56.6,10,0.0,3906,0.0,0,1,2021-12-16 11:04:31
1639652705359359000,56.6,1,0.0,3905,0.0,0,1,2021-12-16 11:05:05
1639653500944949000,56.6,3,0.0,3907,0.0,0,1,2021-12-16 11:18:20
1639653608168547000,56.6,2,0.0,3906,0.0,0,1,2021-12-16 11:20:08
1639654182115771000,56.6,2,0.0,3903,0.0,0,1,2021-12-16 11:29:42
1639654381759347000,56.6,1,0.0,3936,0.0,0,1,2021-12-16 11:33:01
1639654611676656000,56.6,10,0.0,3930,0.0,0,1,2021-12-16 11:36:51
1639654870797427000,56.6,1,0.0,3918,0.0,0,1,2021-12-16 11:41:10
1639656572278286000,56.6,2,0.0,3938,0.0,0,1,2021-12-16 12:09:32
1639656718883080000,56.6,5,0.0,3933,0.0,0,1,2021-12-16 12:11:58
1639657283260097000,56.6,1,0.0,3930,0.0,0,1,2021-12-16 12:21:23
1639657556433884000,56.6,2,0.0,3930,0.0,0,1,2021-12-16 12:25:56
1639657731690695000,56.6,1,0.0,3932,0.0,0,1,2021-12-16 12:28:51
1639658392838001000,56.6,1,0.0,3883,0.0,0,1,2021-12-16 12:39:52
1639658618457817000,56.6,1,0.0,3882,0.0,0,1,2021-12-16 12:43:38
1639658677522584000,56.6,1,0.0,3880,0.0,0,1,2021-12-16 12:44:37
1639659173438791000,56.6,5,0.0,3876,0.0,0,1,2021-12-16 12:52:53
1639659353630672000,56.6,1,0.0,3875,0.0,0,1,2021-12-16 12:55:53
1639659533292085000,56.6,1,0.0,3862,0.0,0,1,2021-12-16 12:58:53
1639659611812453000,56.6,1,0.0,3862,0.0,0,1,2021-12-16 13:00:11
1639659823627907000,56.6,1,0.0,3861,0.0,0,1,2021-12-16 13:03:43
1639659979912325000,56.6,1,0.0,3861,0.0,0,1,2021-12-16 13:06:19
1639660209369856000,56.6,1,0.0,3858,0.0,0,1,2021-12-16 13:10:09
1639660408318722000,56.6,3,0.0,3856,0.0,0,1,2021-12-16 13:13:28
1639660453844345000,56.6,1,0.0,3859,0.0,0,1,2021-12-16 13:14:13
1639660759767074000,56.6,1,0.0,3859,0.0,0,1,2021-12-16 13:19:19
1639660951406434000,56.6,1,0.0,4233,0.0,0,1,2021-12-16 13:22:31
1639661051908883000,56.6,1,0.0,4232,0.0,0,1,2021-12-16 13:24:11
1639661056482894000,56.6,1,0.0,4232,0.0,0,1,2021-12-16 13:24:16
1639661400000000000,56.6,2,56.6,7411,0.0,0,1,2021-12-16 13:30:00
