ts,close,volume,bid_price,bid_volume,ask_price,ask_volume,tick_type,datetime
1655110933451438000,29.3,1963,29.3,20,29.35,36,1,2022-06-13 09:02:13
1655110933481931000,29.3,11,29.3,9,29.35,36,2,2022-06-13 09:02:13
1655110933550210000,29.35,1,29.3,9,29.35,35,1,2022-06-13 09:02:13
1655110933612508000,29.35,1,29.3,11,29.35,34,1,2022-06-13 09:02:13
1655110933744339000,29.35,3,29.3,11,29.35,31,1,2022-06-13 09:02:13
1655110933757292000,29.35,31,29.3,11,29.4,61,1,2022-06-13 09:02:13
1655110933779945000,29.4,3,29.3,11,29.4,58,1,2022-06-13 09:02:13
1655110934876507000,29.35,2,29.35,6,29.4,60,2,2022-06-13 09:02:14
1655110934909708000,29.35,6,29.3,11,29.4,60,2,2022-06-13 09:02:14
1655110935992517000,29.35,2,29.4,38,29.45,39,1,2022-06-13 09:02:15
1655110935992517000,29.4,60,29.4,38,29.45,39,1,2022-06-13 09:02:15
1655110936029934000,29.4,3,29.4,35,29.45,39,2,2022-06-13 09:02:16
1655110936030004000,29.4,14,29.4,21,29.45,39,2,2022-06-13 09:02:16
1655110936062411000,29.4,1,29.4,20,29.45,35,2,2022-06-13 09:02:16
1655110936062570000,29.4,11,29.4,9,29.45,35,2,2022-06-13 09:02:16
1655110936107504000,29.45,4,29.4,13,29.45,31,1,2022-06-13 09:02:16
1655110936281706000,29.4,3,29.4,10,29.45,31,2,2022-06-13 09:02:16
1655110936304405000,29.4,10,29.3,12,29.45,31,2,2022-06-13 09:02:16
1655110936629948000,29.4,4,29.3,12,29.45,25,1,2022-06-13 09:02:16
1655110936629948000,29.45,6,29.3,12,29.45,25,1,2022-06-13 09:02:16
1655110936836286000,29.45,4,29.3,12,29.45,21,1,2022-06-13 09:02:16
1655110936959251000,29.45,21,29.3,12,29.5,174,1,2022-06-13 09:02:16
1655110936959251000,29.5,29,29.3,12,29.5,174,1,2022-06-13 09:02:16
1655110937072708000,29.35,1,29.35,2,29.45,3,2,2022-06-13 09:02:17
1655110937157032000,29.45,3,29.35,2,29.5,157,1,2022-06-13 09:02:17
1655110937157032000,29.5,17,29.35,2,29.5,157,1,2022-06-13 09:02:17
1655110937276347000,29.4,1,29.4,14,29.5,157,2,2022-06-13 09:02:17
1655110937323843000,29.5,10,29.4,14,29.5,147,1,2022-06-13 09:02:17
1655110937534593000,29.45,25,29.2,1,29.5,147,2,2022-06-13 09:02:17
1655110937534593000,29.4,14,29.2,1,29.5,147,2,2022-06-13 09:02:17
1655110937534593000,29.35,2,29.2,1,29.5,147,2,2022-06-13 09:02:17
1655110937534593000,29.3,10,29.2,1,29.5,147,2,2022-06-13 09:02:17
1655110937534593000,29.25,7,29.2,1,29.5,147,2,2022-06-13 09:02:17
1655110937534593000,29.2,2,29.2,1,29.5,147,2,2022-06-13 09:02:17
1655110937735242000,29.35,2,29.2,4,29.35,8,1,2022-06-13 09:02:17
1655110937763686000,29.35,8,29.2,4,29.5,147,1,2022-06-13 09:02:17
1655110937763686000,29.45,2,29.2,4,29.5,147,1,2022-06-13 09:02:17
1655110937833273000,29.45,1,29.25,3,29.45,1,1,2022-06-13 09:02:17
1655110937854041000,29.45,1,29.25,3,29.5,146,1,2022-06-13 09:02:17
1655110937854041000,29.5,1,29.25,3,29.5,146,1,2022-06-13 09:02:17
1655110937880304000,29.5,10,29.25,3,29.5,136,1,2022-06-13 09:02:17
1655110937905724000,29.25,1,29.25,2,29.5,136,2,2022-06-13 09:02:17
1655110937927591000,29.5,15,29.45,2,29.5,121,1,2022-06-13 09:02:17
1655110937954526000,29.45,2,29.25,2,29.5,121,2,2022-06-13 09:02:17
1655110938003789000,29.35,2,29.25,2,29.35,28,1,2022-06-13 09:02:18
1655110938138872000,29.25,1,29.25,1,29.35,28,2,2022-06-13 09:02:18
1655110938148928000,29.35,2,29.25,1,29.35,26,1,2022-06-13 09:02:18
1655110938302101000,29.35,3,29.25,1,29.35,23,1,2022-06-13 09:02:18
1655110938352812000,29.35,1,29.25,1,29.35,23,1,2022-06-13 09:02:18
1655110938548270000,29.35,1,29.25,1,29.35,22,1,2022-06-13 09:02:18
1655110938828759000,29.35,1,29.3,5,29.35,21,1,2022-06-13 09:02:18
1655110938834856000,29.35,1,29.3,5,29.35,20,1,2022-06-13 09:02:18
1655110938872593000,29.35,2,29.3,5,29.35,18,1,2022-06-13 09:02:18
1655110938902695000,29.35,11,29.3,5,29.35,7,1,2022-06-13 09:02:18
1655110938902710000,29.35,7,29.3,5,29.5,124,1,2022-06-13 09:02:18
1655110939199569000,29.45,1,29.4,1,29.5,124,2,2022-06-13 09:02:19
1655110939494441000,29.4,1,29.35,2,29.45,2,2,2022-06-13 09:02:19
1655110939494441000,29.35,2,29.35,2,29.45,2,2,2022-06-13 09:02:19
1655110939573464000,29.35,4,29.3,5,29.35,16,2,2022-06-13 09:02:19
1655110939941302000,29.35,1,29.25,1,29.35,15,1,2022-06-13 09:02:19
1655110939953766000,29.35,1,29.25,1,29.35,14,1,2022-06-13 09:02:19
1655110940094142000,29.35,1,29.25,10,29.35,13,1,2022-06-13 09:02:20
1655110940246909000,29.3,1,29.25,10,29.3,9,1,2022-06-13 09:02:20
1655110940272692000,29.3,9,29.25,10,29.35,13,1,2022-06-13 09:02:20
1655110940319841000,29.35,2,29.25,10,29.35,11,1,2022-06-13 09:02:20
1655110940349456000,29.35,1,29.25,10,29.35,10,1,2022-06-13 09:02:20
1655110940396078000,29.35,1,29.25,10,29.35,9,1,2022-06-13 09:02:20
1655110940516626000,29.35,9,29.25,10,29.4,5,1,2022-06-13 09:02:20
1655110940544676000,29.4,1,29.25,10,29.4,4,1,2022-06-13 09:02:20
1655110940696658000,29.4,1,29.25,10,29.4,3,1,2022-06-13 09:02:20
1655110940816791000,29.4,2,29.25,10,29.4,1,1,2022-06-13 09:02:20
1655110940860988000,29.4,1,29.3,1,29.45,19,1,2022-06-13 09:02:20
1655110940994491000,29.45,1,29.4,1,29.45,18,1,2022-06-13 09:02:20
1655110941008668000,29.4,1,29.3,1,29.45,21,2,2022-06-13 09:02:21
1655110941037781000,29.45,13,29.3,1,29.45,9,1,2022-06-13 09:02:21
1655110941081756000,29.3,1,29.2,3,29.45,8,2,2022-06-13 09:02:21
1655110941140492000,29.35,1,29.25,2,29.4,3,1,2022-06-13 09:02:21
1655110941202102000,29.35,1,29.25,1,29.45,8,1,2022-06-13 09:02:21
1655110941697633000,29.35,2,29.35,3,29.4,10,2,2022-06-13 09:02:21
1655110941727408000,29.4,3,29.35,3,29.4,7,1,2022-06-13 09:02:21
1655110941791690000,29.35,2,29.35,1,29.4,7,2,2022-06-13 09:02:21
1655110941945821000,29.4,4,29.35,1,29.4,3,1,2022-06-13 09:02:21
1655110942178070000,29.4,1,29.35,1,29.4,2,1,2022-06-13 09:02:22
1655110942320810000,29.4,1,29.35,1,29.4,1,1,2022-06-13 09:02:22
1655110942327121000,29.4,1,29.35,1,29.45,11,1,2022-06-13 09:02:22
1655110942361363000,29.45,1,29.35,2,29.45,10,1,2022-06-13 09:02:22
1655110942493957000,29.45,1,29.35,2,29.45,9,1,2022-06-13 09:02:22
1655110942567873000,29.45,7,29.35,2,29.45,2,1,2022-06-13 09:02:22
1655110942691682000,29.45,1,29.35,2,29.45,1,1,2022-06-13 09:02:22
1655110942728678000,29.45,1,29.35,2,29.5,134,1,2022-06-13 09:02:22
1655110942914001000,29.4,25,29.4,11,29.5,134,2,2022-06-13 09:02:22
1655110942954092000,29.4,4,29.4,7,29.5,134,2,2022-06-13 09:02:22
1655110942979146000,29.5,1,29.4,7,29.5,133,1,2022-06-13 09:02:22
1655110943191094000,29.4,2,29.4,5,29.5,133,2,2022-06-13 09:02:23
1655110943325986000,29.5,10,29.4,5,29.5,123,1,2022-06-13 09:02:23
1655110943332965000,29.5,1,29.4,5,29.5,122,1,2022-06-13 09:02:23
1655110943370001000,29.4,2,29.4,3,29.5,122,2,2022-06-13 09:02:23
1655110943482669000,29.5,1,29.4,3,29.5,121,1,2022-06-13 09:02:23
1655110943491752000,29.5,1,29.4,3,29.5,120,1,2022-06-13 09:02:23
1655110943499998000,29.5,1,29.4,3,29.5,119,1,2022-06-13 09:02:23
1655110943651086000,29.5,1,29.45,22,29.5,108,1,2022-06-13 09:02:23
1655110943679920000,29.5,2,29.45,22,29.5,106,1,2022-06-13 09:02:23
1655110943736400000,29.45,2,29.45,20,29.5,106,2,2022-06-13 09:02:23
1655110943796351000,29.5,1,29.45,20,29.5,105,1,2022-06-13 09:02:23
1655110943875208000,29.5,2,29.45,27,29.5,103,1,2022-06-13 09:02:23
1655110943909481000,29.5,20,29.45,27,29.5,83,1,2022-06-13 09:02:23
1655110943945598000,29.5,1,29.45,27,29.5,82,1,2022-06-13 09:02:23
1655110944095075000,29.45,1,29.45,26,29.5,85,2,2022-06-13 09:02:24
1655110944113668000,29.5,1,29.45,26,29.5,84,1,2022-06-13 09:02:24
1655110944129933000,29.5,10,29.45,31,29.5,74,1,2022-06-13 09:02:24
1655110944206775000,29.45,1,29.45,30,29.5,74,2,2022-06-13 09:02:24
1655110944243419000,29.5,15,29.45,30,29.5,59,1,2022-06-13 09:02:24
1655110944266061000,29.5,20,29.45,30,29.5,39,1,2022-06-13 09:02:24
1655110944277422000,29.5,1,29.45,30,29.5,38,1,2022-06-13 09:02:24
1655110944297732000,29.5,17,29.45,30,29.5,21,1,2022-06-13 09:02:24
1655110944298322000,29.5,5,29.45,30,29.5,16,1,2022-06-13 09:02:24
1655110944330327000,29.5,11,29.45,30,29.5,5,1,2022-06-13 09:02:24
1655110944330620000,29.5,5,29.45,30,29.55,44,1,2022-06-13 09:02:24
1655110944623641000,29.55,10,29.5,45,29.55,34,1,2022-06-13 09:02:24
1655110944634266000,29.55,11,29.5,47,29.55,23,1,2022-06-13 09:02:24
1655110944634326000,29.55,11,29.5,47,29.55,12,1,2022-06-13 09:02:24
1655110944640665000,29.55,12,29.5,47,29.6,53,1,2022-06-13 09:02:24
1655110944884058000,29.5,49,29.0,198,29.6,53,2,2022-06-13 09:02:24
1655110944884058000,29.45,13,29.0,198,29.6,53,2,2022-06-13 09:02:24
1655110944884058000,29.4,6,29.0,198,29.6,53,2,2022-06-13 09:02:24
1655110944884058000,29.35,23,29.0,198,29.6,53,2,2022-06-13 09:02:24
1655110944884058000,29.3,39,29.0,198,29.6,53,2,2022-06-13 09:02:24
1655110944884058000,29.25,4,29.0,198,29.6,53,2,2022-06-13 09:02:24
1655110944884058000,29.2,8,29.0,198,29.6,53,2,2022-06-13 09:02:24
1655110944884058000,29.15,11,29.0,198,29.6,53,2,2022-06-13 09:02:24
1655110944884058000,29.1,38,29.0,198,29.6,53,2,2022-06-13 09:02:24
1655110944884058000,29.05,1,29.0,198,29.6,53,2,2022-06-13 09:02:24
1655110944884058000,29.0,8,29.0,198,29.6,53,2,2022-06-13 09:02:24
1655110944884680000,29.6,5,29.0,198,29.6,48,1,2022-06-13 09:02:24
1655110944903495000,29.0,5,29.0,193,29.6,48,2,2022-06-13 09:02:24
1655110944949132000,29.5,2,29.5,10,29.55,4,2,2022-06-13 09:02:24
1655110944961592000,29.55,4,29.5,10,29.6,15,1,2022-06-13 09:02:24
1655110944961592000,29.6,33,29.5,10,29.6,15,1,2022-06-13 09:02:24
1655110944967958000,29.5,10,29.45,5,29.6,15,2,2022-06-13 09:02:24
1655110944969505000,29.5,2,29.45,5,29.6,15,1,2022-06-13 09:02:24
1655110944981486000,29.45,5,29.0,193,29.6,15,2,2022-06-13 09:02:24
1655110944998533000,29.0,3,29.0,190,29.6,15,2,2022-06-13 09:02:24
1655110945036164000,29.5,1,29.05,3,29.55,3,2,2022-06-13 09:02:25
1655110945045557000,29.55,1,29.05,3,29.55,2,1,2022-06-13 09:02:25
1655110945075346000,29.55,2,29.05,3,29.6,12,1,2022-06-13 09:02:25
1655110945075346000,29.6,3,29.05,3,29.6,12,1,2022-06-13 09:02:25
1655110945117275000,29.5,2,29.1,1,29.6,12,2,2022-06-13 09:02:25
1655110945194533000,29.55,5,29.1,1,29.6,12,2,2022-06-13 09:02:25
1655110945255448000,29.5,1,29.4,1,29.6,12,2,2022-06-13 09:02:25
1655110945357881000,29.55,2,29.4,1,29.6,12,2,2022-06-13 09:02:25
1655110945457875000,29.6,2,29.4,1,29.6,10,1,2022-06-13 09:02:25
1655110945487734000,29.6,10,29.55,1,29.65,84,1,2022-06-13 09:02:25
1655110945487734000,29.65,3,29.55,1,29.65,84,1,2022-06-13 09:02:25
1655110945490193000,29.55,1,29.4,2,29.65,84,2,2022-06-13 09:02:25
1655110945491244000,29.65,11,29.4,2,29.65,73,1,2022-06-13 09:02:25
1655110945514348000,29.55,1,29.4,1,29.65,73,2,2022-06-13 09:02:25
1655110945573373000,29.6,2,29.4,2,29.65,73,2,2022-06-13 09:02:25
1655110945574196000,29.6,1,29.4,1,29.65,73,2,2022-06-13 09:02:25
1655110945610175000,29.4,1,29.35,3,29.5,15,2,2022-06-13 09:02:25
1655110945621213000,29.5,4,29.35,3,29.5,11,1,2022-06-13 09:02:25
1655110945631289000,29.5,2,29.35,3,29.5,9,1,2022-06-13 09:02:25
1655110945720379000,29.5,1,29.35,23,29.5,8,1,2022-06-13 09:02:25
1655110945727519000,29.35,1,29.35,22,29.5,8,2,2022-06-13 09:02:25
1655110945737595000,29.5,5,29.35,22,29.5,3,1,2022-06-13 09:02:25
1655110945775348000,29.5,2,29.35,22,29.5,1,1,2022-06-13 09:02:25
1655110945889525000,29.5,1,29.4,58,29.55,10,1,2022-06-13 09:02:25
1655110946018745000,29.55,1,29.5,10,29.55,9,1,2022-06-13 09:02:26
1655110946051772000,29.55,7,29.5,10,29.55,2,1,2022-06-13 09:02:26
1655110946078266000,29.55,2,29.5,10,29.65,73,1,2022-06-13 09:02:26
1655110946295009000,29.5,5,29.5,5,29.55,24,2,2022-06-13 09:02:26
1655110946462760000,29.5,5,29.4,58,29.5,15,2,2022-06-13 09:02:26
1655110946620712000,29.5,25,29.5,25,29.55,24,1,2022-06-13 09:02:26
1655110946646579000,29.5,1,29.5,24,29.55,24,2,2022-06-13 09:02:26
1655110946746708000,29.55,16,29.5,24,29.55,8,1,2022-06-13 09:02:26
1655110946778844000,29.55,5,29.5,24,29.55,3,1,2022-06-13 09:02:26
1655110946781965000,29.5,1,29.5,23,29.55,3,2,2022-06-13 09:02:26
1655110946834390000,29.55,1,29.5,23,29.55,2,1,2022-06-13 09:02:26
1655110946965675000,29.55,1,29.5,23,29.55,1,1,2022-06-13 09:02:26
1655110947064277000,29.55,1,29.5,23,29.55,3,1,2022-06-13 09:02:27
1655110947151932000,29.5,5,29.5,18,29.55,3,2,2022-06-13 09:02:27
1655110947440854000,29.55,1,29.5,19,29.55,2,1,2022-06-13 09:02:27
1655110947540052000,29.55,2,29.5,19,29.6,14,1,2022-06-13 09:02:27
1655110947589401000,29.6,1,29.5,26,29.6,13,1,2022-06-13 09:02:27
1655110947744356000,29.55,1,29.5,26,29.55,1,1,2022-06-13 09:02:27
1655110947776895000,29.55,1,29.5,27,29.55,20,1,2022-06-13 09:02:27
1655110947810181000,29.5,2,29.5,25,29.55,20,2,2022-06-13 09:02:27
1655110947848663000,29.55,14,29.5,25,29.55,6,1,2022-06-13 09:02:27
1655110947887176000,29.55,1,29.5,25,29.55,5,1,2022-06-13 09:02:27
1655110947916783000,29.55,3,29.5,25,29.55,4,1,2022-06-13 09:02:27
1655110947993550000,29.55,2,29.5,25,29.55,4,1,2022-06-13 09:02:27
1655110948043593000,29.55,1,29.5,25,29.55,3,1,2022-06-13 09:02:28
1655110948173243000,29.55,3,29.5,25,29.55,2,1,2022-06-13 09:02:28
1655110948189517000,29.5,1,29.5,24,29.55,2,2,2022-06-13 09:02:28
1655110948209897000,29.55,1,29.5,24,29.55,1,1,2022-06-13 09:02:28
1655110948372601000,29.55,1,29.5,49,29.55,2,1,2022-06-13 09:02:28
1655110948438697000,29.5,1,29.5,48,29.55,2,2,2022-06-13 09:02:28
1655110948450781000,29.55,1,29.5,48,29.55,1,1,2022-06-13 09:02:28
1655110948461487000,29.55,1,29.5,48,29.6,13,1,2022-06-13 09:02:28
1655110948517486000,29.6,1,29.55,1,29.6,12,1,2022-06-13 09:02:28
1655110948556337000,29.6,9,29.55,1,29.6,3,1,2022-06-13 09:02:28
1655110948802628000,29.6,1,29.55,9,29.6,12,1,2022-06-13 09:02:28
1655110948818608000,29.55,9,29.5,48,29.6,12,2,2022-06-13 09:02:28
1655110948818608000,29.5,11,29.5,48,29.6,12,2,2022-06-13 09:02:28
1655110948840578000,29.6,2,29.5,48,29.6,10,1,2022-06-13 09:02:28
1655110949037304000,29.6,1,29.55,1,29.6,9,1,2022-06-13 09:02:29
1655110949053389000,29.6,7,29.55,1,29.6,2,1,2022-06-13 09:02:29
1655110949149479000,29.6,1,29.55,1,29.6,1,1,2022-06-13 09:02:29
1655110949185625000,29.6,1,29.55,1,29.65,73,1,2022-06-13 09:02:29
1655110949282491000,29.65,51,29.6,1,29.65,22,1,2022-06-13 09:02:29
1655110949313896000,29.65,22,29.6,1,29.7,94,1,2022-06-13 09:02:29
1655110949326476000,29.7,3,29.6,1,29.7,91,1,2022-06-13 09:02:29
1655110949349302000,29.7,2,29.6,1,29.7,89,1,2022-06-13 09:02:29
1655110949402758000,29.6,1,29.55,31,29.6,1,2,2022-06-13 09:02:29
1655110949434402000,29.6,1,29.55,31,29.7,89,1,2022-06-13 09:02:29
1655110949536826000,29.6,1,29.55,32,29.7,89,1,2022-06-13 09:02:29
1655110949562954000,29.55,2,29.55,32,29.7,89,2,2022-06-13 09:02:29
1655110949595861000,29.7,3,29.55,32,29.7,86,1,2022-06-13 09:02:29
1655110949671906000,29.55,3,29.55,29,29.7,86,2,2022-06-13 09:02:29
1655110949681109000,29.7,44,29.55,36,29.7,42,1,2022-06-13 09:02:29
1655110949805668000,29.6,2,29.55,36,29.7,42,1,2022-06-13 09:02:29
1655110949895822000,29.55,1,29.55,33,29.7,42,2,2022-06-13 09:02:29
1655110949987183000,29.6,2,29.55,33,29.7,42,2,2022-06-13 09:02:29
1655110950097733000,29.6,2,29.6,1,29.7,45,2,2022-06-13 09:02:30
1655110950117488000,29.6,1,29.55,33,29.7,45,2,2022-06-13 09:02:30
1655110950143066000,29.7,1,29.55,33,29.7,44,1,2022-06-13 09:02:30
1655110950156896000,29.7,1,29.55,33,29.7,43,1,2022-06-13 09:02:30
1655110950174964000,29.55,1,29.55,32,29.7,43,2,2022-06-13 09:02:30
1655110950291170000,29.7,1,29.6,1,29.7,42,1,2022-06-13 09:02:30
1655110950458024000,29.7,1,29.6,1,29.7,43,1,2022-06-13 09:02:30
1655110950630882000,29.7,1,29.65,1,29.7,42,1,2022-06-13 09:02:30
1655110950756890000,29.7,3,29.65,1,29.7,39,1,2022-06-13 09:02:30
1655110950808589000,29.65,1,29.6,1,29.65,1,2,2022-06-13 09:02:30
1655110950813761000,29.6,1,29.55,31,29.65,3,2,2022-06-13 09:02:30
1655110950813761000,29.55,2,29.55,31,29.65,3,2,2022-06-13 09:02:30
1655110950858163000,29.65,3,29.55,31,29.7,32,1,2022-06-13 09:02:30
1655110950858163000,29.7,7,29.55,31,29.7,32,1,2022-06-13 09:02:30
1655110950878497000,29.7,5,29.55,31,29.7,27,1,2022-06-13 09:02:30
1655110951027618000,29.7,1,29.55,31,29.7,26,1,2022-06-13 09:02:31
1655110951064646000,29.7,2,29.55,31,29.7,24,1,2022-06-13 09:02:31
1655110951173854000,29.7,1,29.55,31,29.7,23,1,2022-06-13 09:02:31
1655110951185424000,29.7,1,29.55,32,29.7,22,1,2022-06-13 09:02:31
1655110951355693000,29.7,5,29.55,33,29.7,17,1,2022-06-13 09:02:31
1655110951433299000,29.7,1,29.55,33,29.7,14,1,2022-06-13 09:02:31
1655110951475870000,29.7,1,29.65,2,29.7,23,1,2022-06-13 09:02:31
1655110951563419000,29.65,1,29.65,1,29.7,23,2,2022-06-13 09:02:31
1655110951570549000,29.7,1,29.65,1,29.7,22,1,2022-06-13 09:02:31
1655110951693819000,29.65,1,29.55,40,29.65,1,2,2022-06-13 09:02:31
1655110951731138000,29.65,1,29.55,40,29.7,22,1,2022-06-13 09:02:31
1655110951740790000,29.7,1,29.55,40,29.7,21,1,2022-06-13 09:02:31
1655110951785155000,29.7,2,29.55,40,29.7,19,1,2022-06-13 09:02:31
1655110951800166000,29.7,10,29.55,40,29.7,9,1,2022-06-13 09:02:31
1655110951823292000,29.7,4,29.55,40,29.7,5,1,2022-06-13 09:02:31
1655110951919935000,29.6,5,29.55,40,29.6,5,1,2022-06-13 09:02:31
1655110951922164000,29.6,1,29.55,40,29.6,4,1,2022-06-13 09:02:31
1655110951926371000,29.6,1,29.55,40,29.6,3,1,2022-06-13 09:02:31
1655110951927069000,29.6,3,29.55,40,29.7,5,1,2022-06-13 09:02:31
1655110951957132000,29.7,2,29.55,40,29.7,3,1,2022-06-13 09:02:31
1655110951962134000,29.7,1,29.55,40,29.7,2,1,2022-06-13 09:02:31
1655110952112579000,29.7,1,29.6,10,29.7,1,1,2022-06-13 09:02:32
1655110952277668000,29.7,1,29.6,10,29.75,38,1,2022-06-13 09:02:32
1655110952432042000,29.75,1,29.6,22,29.75,37,1,2022-06-13 09:02:32
1655110952715088000,29.7,1,29.65,5,29.75,38,2,2022-06-13 09:02:32
1655110952832396000,29.7,1,29.65,5,29.7,10,1,2022-06-13 09:02:32
1655110952852209000,29.7,1,29.65,5,29.7,9,1,2022-06-13 09:02:32
1655110952866576000,29.7,9,29.7,1,29.75,38,1,2022-06-13 09:02:32
1655110952904970000,29.7,1,29.65,5,29.75,38,2,2022-06-13 09:02:32
1655110953047594000,29.75,1,29.65,5,29.75,40,1,2022-06-13 09:02:33
1655110953072272000,29.75,40,29.65,5,29.8,98,1,2022-06-13 09:02:33
1655110953200176000,29.8,1,29.7,3,29.8,97,1,2022-06-13 09:02:33
1655110953305396000,29.8,2,29.7,3,29.8,95,1,2022-06-13 09:02:33
1655110953327099000,29.8,1,29.7,3,29.8,94,1,2022-06-13 09:02:33
1655110953470799000,29.7,1,29.7,2,29.8,94,2,2022-06-13 09:02:33
1655110953479975000,29.8,1,29.7,2,29.8,93,1,2022-06-13 09:02:33
1655110953492554000,29.8,1,29.7,2,29.8,92,1,2022-06-13 09:02:33
1655110953570742000,29.7,3,29.7,4,29.8,92,2,2022-06-13 09:02:33
1655110953693646000,29.8,4,29.7,14,29.8,88,1,2022-06-13 09:02:33
1655110953772256000,29.8,1,29.7,14,29.8,87,1,2022-06-13 09:02:33
1655110953878937000,29.8,3,29.7,14,29.8,84,1,2022-06-13 09:02:33
1655110954108991000,29.7,1,29.7,23,29.8,84,2,2022-06-13 09:02:34
1655110954257522000,29.8,1,29.7,23,29.8,83,1,2022-06-13 09:02:34
1655110954357492000,29.8,30,29.7,23,29.8,53,1,2022-06-13 09:02:34
1655110954449954000,29.75,3,29.7,23,29.8,53,1,2022-06-13 09:02:34
1655110954469240000,29.8,2,29.7,23,29.8,51,1,2022-06-13 09:02:34
1655110954496673000,29.8,10,29.7,24,29.8,41,1,2022-06-13 09:02:34
1655110954514240000,29.8,2,29.7,24,29.8,39,1,2022-06-13 09:02:34
1655110954555038000,29.7,1,29.7,23,29.8,39,2,2022-06-13 09:02:34
1655110954607460000,29.8,2,29.75,18,29.8,37,1,2022-06-13 09:02:34
1655110954689382000,29.8,1,29.75,18,29.8,36,1,2022-06-13 09:02:34
1655110954699233000,29.8,1,29.75,18,29.8,35,1,2022-06-13 09:02:34
1655110954785293000,29.75,1,29.75,17,29.8,35,2,2022-06-13 09:02:34
1655110954915162000,29.8,1,29.75,17,29.8,34,1,2022-06-13 09:02:34
1655110955003218000,29.75,17,29.7,22,29.8,34,2,2022-06-13 09:02:35
1655110955003218000,29.7,2,29.7,22,29.8,34,2,2022-06-13 09:02:35
1655110955011514000,29.8,1,29.7,22,29.8,33,1,2022-06-13 09:02:35
1655110955114209000,29.8,1,29.7,23,29.8,32,1,2022-06-13 09:02:35
1655110955148295000,29.8,1,29.7,23,29.8,31,1,2022-06-13 09:02:35
1655110955151451000,29.8,5,29.7,23,29.8,26,1,2022-06-13 09:02:35
1655110955162510000,29.8,1,29.7,23,29.8,25,1,2022-06-13 09:02:35
1655110955213868000,29.8,1,29.7,23,29.8,24,1,2022-06-13 09:02:35
1655110955314300000,29.8,1,29.7,23,29.8,23,1,2022-06-13 09:02:35
1655110955320479000,29.8,1,29.7,23,29.8,22,1,2022-06-13 09:02:35
1655110955401822000,29.7,3,29.7,21,29.8,22,2,2022-06-13 09:02:35
1655110955466413000,29.8,1,29.7,21,29.8,21,1,2022-06-13 09:02:35
1655110955487298000,29.8,1,29.7,21,29.8,20,1,2022-06-13 09:02:35
1655110955504074000,29.8,1,29.7,21,29.8,19,1,2022-06-13 09:02:35
1655110955544812000,29.8,1,29.7,21,29.8,18,1,2022-06-13 09:02:35
1655110955569691000,29.8,1,29.7,21,29.8,17,1,2022-06-13 09:02:35
1655110955614159000,29.8,2,29.7,21,29.8,15,1,2022-06-13 09:02:35
1655110956021678000,29.8,5,29.75,2,29.8,13,1,2022-06-13 09:02:36
1655110956078855000,29.75,1,29.75,1,29.8,14,2,2022-06-13 09:02:36
1655110956417890000,29.8,1,29.75,1,29.8,13,1,2022-06-13 09:02:36
1655110956460914000,29.8,1,29.75,1,29.8,12,1,2022-06-13 09:02:36
1655110956603420000,29.8,5,29.75,1,29.8,12,1,2022-06-13 09:02:36
1655110956734510000,29.8,1,29.75,1,29.8,11,1,2022-06-13 09:02:36
1655110956766200000,29.8,1,29.75,1,29.8,10,1,2022-06-13 09:02:36
1655110956819147000,29.75,1,29.7,24,29.8,10,2,2022-06-13 09:02:36
1655110956819147000,29.7,1,29.7,24,29.8,10,2,2022-06-13 09:02:36
1655110956838217000,29.8,1,29.7,24,29.8,9,1,2022-06-13 09:02:36
1655110957008355000,29.8,1,29.7,24,29.8,8,1,2022-06-13 09:02:37
1655110957076733000,29.8,1,29.7,32,29.8,7,1,2022-06-13 09:02:37
1655110957346754000,29.8,6,29.7,32,29.8,1,1,2022-06-13 09:02:37
1655110957426383000,29.8,1,29.7,32,29.85,71,1,2022-06-13 09:02:37
1655110957522933000,29.85,1,29.8,3,29.85,70,1,2022-06-13 09:02:37
1655110957542521000,29.85,3,29.8,3,29.85,67,1,2022-06-13 09:02:37
1655110957542626000,29.8,3,29.7,32,29.85,67,2,2022-06-13 09:02:37
1655110957707239000,29.75,2,29.7,32,29.75,8,2,2022-06-13 09:02:37
1655110957720264000,29.75,1,29.7,32,29.75,7,1,2022-06-13 09:02:37
1655110957735589000,29.75,1,29.7,32,29.75,6,1,2022-06-13 09:02:37
1655110957941720000,29.75,1,29.7,32,29.75,5,1,2022-06-13 09:02:37
1655110958127817000,29.75,1,29.7,32,29.75,4,1,2022-06-13 09:02:38
1655110958147774000,29.75,2,29.7,32,29.75,2,1,2022-06-13 09:02:38
1655110958255759000,29.75,2,29.7,32,29.85,60,1,2022-06-13 09:02:38
1655110958255759000,29.8,1,29.7,32,29.85,60,1,2022-06-13 09:02:38
1655110958255759000,29.85,7,29.7,32,29.85,60,1,2022-06-13 09:02:38
1655110958278409000,29.85,1,29.7,33,29.85,59,1,2022-06-13 09:02:38
1655110958310860000,29.75,2,29.75,4,29.85,59,2,2022-06-13 09:02:38
1655110958324631000,29.85,1,29.75,4,29.85,58,1,2022-06-13 09:02:38
1655110958367791000,29.85,1,29.75,4,29.85,57,1,2022-06-13 09:02:38
1655110958405169000,29.85,1,29.75,4,29.85,56,1,2022-06-13 09:02:38
1655110958494444000,29.8,5,29.75,4,29.8,5,1,2022-06-13 09:02:38
1655110958558371000,29.8,5,29.75,4,29.85,45,1,2022-06-13 09:02:38
1655110958558371000,29.85,11,29.75,4,29.85,45,1,2022-06-13 09:02:38
1655110958662987000,29.85,1,29.8,10,29.85,44,1,2022-06-13 09:02:38
1655110958707072000,29.85,1,29.8,10,29.85,43,1,2022-06-13 09:02:38
1655110958849393000,29.8,10,29.75,4,29.85,43,2,2022-06-13 09:02:38
1655110958864646000,29.85,1,29.75,4,29.85,42,1,2022-06-13 09:02:38
1655110958984684000,29.75,4,29.7,22,29.85,42,2,2022-06-13 09:02:38
1655110958984684000,29.7,11,29.7,22,29.85,42,2,2022-06-13 09:02:38
1655110958988250000,29.7,2,29.7,20,29.85,42,2,2022-06-13 09:02:38
1655110959002966000,29.85,1,29.7,20,29.85,41,1,2022-06-13 09:02:39
1655110959010443000,29.85,1,29.7,20,29.85,40,1,2022-06-13 09:02:39
1655110959100820000,29.7,1,29.7,19,29.8,1,2,2022-06-13 09:02:39
1655110959122001000,29.8,1,29.75,1,29.85,40,1,2022-06-13 09:02:39
1655110959249722000,29.85,1,29.75,1,29.85,39,1,2022-06-13 09:02:39
1655110959372836000,29.85,2,29.75,1,29.85,37,1,2022-06-13 09:02:39
1655110959519922000,29.85,1,29.75,2,29.85,36,1,2022-06-13 09:02:39
1655110959657249000,29.8,1,29.75,2,29.85,36,2,2022-06-13 09:02:39
1655110959677999000,29.85,1,29.75,2,29.85,35,1,2022-06-13 09:02:39
1655110959730106000,29.85,2,29.75,2,29.85,33,1,2022-06-13 09:02:39
1655110959731764000,29.85,1,29.75,2,29.85,32,1,2022-06-13 09:02:39
1655110959840266000,29.85,1,29.75,2,29.85,31,1,2022-06-13 09:02:39
1655110959981713000,29.85,1,29.8,3,29.85,30,1,2022-06-13 09:02:39
1655110960125987000,29.85,1,29.8,3,29.85,29,1,2022-06-13 09:02:40
1655110960277618000,29.85,1,29.8,3,29.85,28,1,2022-06-13 09:02:40
1655110960316252000,29.85,1,29.8,4,29.85,27,1,2022-06-13 09:02:40
1655110960330023000,29.8,4,29.75,6,29.8,11,2,2022-06-13 09:02:40
1655110960357834000,29.75,5,29.75,1,29.8,11,2,2022-06-13 09:02:40
1655110960386278000,29.75,1,29.7,21,29.8,11,2,2022-06-13 09:02:40
1655110960570085000,29.75,1,29.75,1,29.8,11,2,2022-06-13 09:02:40
1655110960632239000,29.8,2,29.75,1,29.8,9,1,2022-06-13 09:02:40
1655110960662022000,29.8,1,29.75,11,29.8,8,1,2022-06-13 09:02:40
1655110961011500000,29.8,1,29.75,11,29.8,8,1,2022-06-13 09:02:41
1655110961042837000,29.8,1,29.75,11,29.8,7,1,2022-06-13 09:02:41
1655110961155670000,29.8,1,29.75,12,29.8,6,1,2022-06-13 09:02:41
1655110961194893000,29.8,1,29.75,12,29.8,5,1,2022-06-13 09:02:41
1655110961302924000,29.75,2,29.75,10,29.8,5,2,2022-06-13 09:02:41
1655110961347352000,29.8,6,29.75,10,29.8,1,1,2022-06-13 09:02:41
1655110961375095000,29.8,1,29.75,10,29.85,27,1,2022-06-13 09:02:41
1655110961406989000,29.85,1,29.75,10,29.85,26,1,2022-06-13 09:02:41
1655110961573228000,29.8,1,29.75,13,29.8,10,1,2022-06-13 09:02:41
1655110961857183000,29.8,2,29.75,14,29.8,23,1,2022-06-13 09:02:41
1655110962015387000,29.8,10,29.75,15,29.8,23,1,2022-06-13 09:02:42
1655110962066953000,29.8,1,29.75,20,29.8,22,1,2022-06-13 09:02:42
1655110962147407000,29.8,1,29.75,20,29.8,21,1,2022-06-13 09:02:42
1655110962167696000,29.75,20,29.7,29,29.8,21,2,2022-06-13 09:02:42
1655110962222764000,29.8,1,29.7,29,29.8,20,1,2022-06-13 09:02:42
1655110962226926000,29.8,1,29.7,29,29.8,19,1,2022-06-13 09:02:42
1655110962259144000,29.8,1,29.7,29,29.8,18,1,2022-06-13 09:02:42
1655110962292318000,29.8,1,29.7,29,29.8,17,1,2022-06-13 09:02:42
1655110962577843000,29.8,1,29.7,29,29.8,18,1,2022-06-13 09:02:42
1655110962588487000,29.75,1,29.7,29,29.75,9,1,2022-06-13 09:02:42
1655110962662129000,29.75,1,29.7,32,29.75,23,1,2022-06-13 09:02:42
1655110962744592000,29.7,4,29.7,28,29.75,47,2,2022-06-13 09:02:42
1655110962847188000,29.75,2,29.7,28,29.75,45,1,2022-06-13 09:02:42
1655110962975389000,29.75,1,29.7,28,29.75,65,1,2022-06-13 09:02:42
1655110963100750000,29.75,1,29.7,28,29.75,65,1,2022-06-13 09:02:43
1655110963128454000,29.7,2,29.7,26,29.75,67,2,2022-06-13 09:02:43
1655110963130911000,29.75,16,29.7,26,29.75,51,1,2022-06-13 09:02:43
1655110963200587000,29.75,1,29.7,26,29.75,47,1,2022-06-13 09:02:43
1655110963218813000,29.75,5,29.7,26,29.75,47,1,2022-06-13 09:02:43
1655110963235410000,29.75,1,29.7,26,29.75,46,1,2022-06-13 09:02:43
1655110963251115000,29.75,2,29.7,26,29.75,44,1,2022-06-13 09:02:43
1655110963281408000,29.75,2,29.7,26,29.75,42,1,2022-06-13 09:02:43
1655110963326369000,29.75,1,29.7,26,29.75,41,1,2022-06-13 09:02:43
1655110963327155000,29.7,10,29.7,16,29.75,41,2,2022-06-13 09:02:43
1655110963332827000,29.75,1,29.7,16,29.75,40,1,2022-06-13 09:02:43
1655110963367604000,29.75,1,29.7,16,29.75,39,1,2022-06-13 09:02:43
1655110963462020000,29.75,5,29.7,16,29.75,36,1,2022-06-13 09:02:43
1655110963486837000,29.7,9,29.7,7,29.75,36,2,2022-06-13 09:02:43
1655110963496150000,29.75,2,29.7,7,29.75,34,1,2022-06-13 09:02:43
1655110963501732000,29.7,7,29.65,20,29.7,3,2,2022-06-13 09:02:43
1655110963536978000,29.7,1,29.65,20,29.7,3,1,2022-06-13 09:02:43
1655110963571290000,29.7,1,29.65,20,29.7,2,1,2022-06-13 09:02:43
1655110963623043000,29.7,1,29.65,20,29.7,1,1,2022-06-13 09:02:43
1655110963672490000,29.7,1,29.65,20,29.7,22,1,2022-06-13 09:02:43
1655110963696078000,29.7,1,29.65,20,29.7,21,1,2022-06-13 09:02:43
1655110963741253000,29.65,2,29.65,18,29.7,22,2,2022-06-13 09:02:43
1655110963758462000,29.7,1,29.65,18,29.7,21,1,2022-06-13 09:02:43
1655110963790455000,29.65,18,29.55,66,29.7,21,2,2022-06-13 09:02:43
1655110963790455000,29.6,22,29.55,66,29.7,21,2,2022-06-13 09:02:43
1655110963790455000,29.55,10,29.55,66,29.7,21,2,2022-06-13 09:02:43
1655110963810839000,29.7,3,29.55,66,29.7,18,1,2022-06-13 09:02:43
1655110963847620000,29.7,1,29.55,66,29.7,19,1,2022-06-13 09:02:43
1655110963897629000,29.7,2,29.55,66,29.7,17,1,2022-06-13 09:02:43
1655110963987221000,29.7,1,29.55,66,29.7,16,1,2022-06-13 09:02:43
1655110964084097000,29.7,1,29.55,66,29.7,23,1,2022-06-13 09:02:44
1655110964344431000,29.7,1,29.55,66,29.7,22,1,2022-06-13 09:02:44
1655110964482615000,29.7,10,29.55,66,29.7,12,1,2022-06-13 09:02:44
1655110964524352000,29.7,5,29.55,66,29.7,7,1,2022-06-13 09:02:44
1655110964564571000,29.7,1,29.55,66,29.7,6,1,2022-06-13 09:02:44
1655110964624622000,29.7,4,29.55,66,29.7,2,1,2022-06-13 09:02:44
1655110964635174000,29.7,1,29.55,66,29.7,1,1,2022-06-13 09:02:44
1655110964677637000,29.55,1,29.55,64,29.7,6,2,2022-06-13 09:02:44
1655110964679033000,29.7,1,29.55,64,29.7,5,1,2022-06-13 09:02:44
1655110965158586000,29.55,1,29.55,63,29.65,2,2,2022-06-13 09:02:45
1655110965191483000,29.65,1,29.55,63,29.65,1,1,2022-06-13 09:02:45
1655110965228094000,29.55,1,29.55,62,29.65,6,2,2022-06-13 09:02:45
1655110965245587000,29.65,2,29.55,62,29.65,4,1,2022-06-13 09:02:45
1655110965257716000,29.55,1,29.55,61,29.65,4,2,2022-06-13 09:02:45
1655110965346478000,29.65,4,29.55,61,29.7,15,1,2022-06-13 09:02:45
1655110965346478000,29.7,1,29.55,61,29.7,15,1,2022-06-13 09:02:45
1655110965454045000,29.7,1,29.55,61,29.7,14,1,2022-06-13 09:02:45
1655110965522372000,29.55,10,29.55,51,29.7,14,2,2022-06-13 09:02:45
1655110965541274000,29.7,1,29.55,51,29.7,13,1,2022-06-13 09:02:45
1655110965583959000,29.7,1,29.55,51,29.7,12,1,2022-06-13 09:02:45
1655110965710512000,29.7,1,29.55,53,29.7,11,1,2022-06-13 09:02:45
1655110965957594000,29.7,5,29.55,52,29.7,6,1,2022-06-13 09:02:45
1655110966044915000,29.7,1,29.55,52,29.7,5,1,2022-06-13 09:02:46
1655110966073434000,29.7,1,29.6,2,29.7,4,1,2022-06-13 09:02:46
1655110966146884000,29.7,1,29.6,2,29.7,3,1,2022-06-13 09:02:46
1655110966185156000,29.7,1,29.6,2,29.7,2,1,2022-06-13 09:02:46
1655110966443977000,29.7,1,29.6,4,29.7,1,1,2022-06-13 09:02:46
1655110966562069000,29.7,1,29.6,4,29.75,19,1,2022-06-13 09:02:46
1655110966587436000,29.6,4,29.55,62,29.6,6,2,2022-06-13 09:02:46
1655110966594638000,29.6,6,29.6,6,29.75,19,1,2022-06-13 09:02:46
1655110966822570000,29.65,1,29.55,61,29.7,6,1,2022-06-13 09:02:46
1655110966823322000,29.55,1,29.55,60,29.7,6,2,2022-06-13 09:02:46
1655110966842783000,29.55,1,29.55,59,29.7,6,2,2022-06-13 09:02:46
1655110967013107000,29.6,1,29.6,4,29.7,11,2,2022-06-13 09:02:47
1655110967274176000,29.7,5,29.6,4,29.7,6,1,2022-06-13 09:02:47
1655110967322723000,29.7,1,29.6,4,29.7,5,1,2022-06-13 09:02:47
1655110967348224000,29.7,1,29.6,4,29.7,4,1,2022-06-13 09:02:47
1655110967382269000,29.7,1,29.6,4,29.7,3,1,2022-06-13 09:02:47
1655110967410797000,29.7,3,29.7,7,29.75,19,1,2022-06-13 09:02:47
1655110967558128000,29.75,3,29.7,18,29.75,16,1,2022-06-13 09:02:47
1655110967663876000,29.7,10,29.7,8,29.75,21,2,2022-06-13 09:02:47
1655110967705080000,29.7,8,29.6,4,29.75,21,2,2022-06-13 09:02:47
1655110967760795000,29.75,1,29.6,4,29.75,20,1,2022-06-13 09:02:47
1655110967794509000,29.75,1,29.6,4,29.75,19,1,2022-06-13 09:02:47
1655110967946378000,29.75,1,29.6,18,29.75,28,1,2022-06-13 09:02:47
1655110968011198000,29.75,8,29.6,18,29.75,20,1,2022-06-13 09:02:48
1655110968105890000,29.7,1,29.65,5,29.7,1,1,2022-06-13 09:02:48
1655110968139551000,29.7,1,29.65,5,29.75,20,1,2022-06-13 09:02:48
1655110968593969000,29.7,2,29.65,5,29.7,8,1,2022-06-13 09:02:48
1655110969676190000,29.65,1,29.65,4,29.7,25,2,2022-06-13 09:02:49
1655110969700707000,29.65,4,29.6,7,29.7,25,2,2022-06-13 09:02:49
1655110970221206000,29.7,10,29.6,7,29.7,38,1,2022-06-13 09:02:50
1655110970306444000,29.6,2,29.6,5,29.7,38,2,2022-06-13 09:02:50
1655110970310924000,29.7,1,29.6,5,29.7,37,1,2022-06-13 09:02:50
1655110970383609000,29.7,3,29.6,7,29.7,34,1,2022-06-13 09:02:50
1655110970442480000,29.7,5,29.6,7,29.7,29,1,2022-06-13 09:02:50
1655110970495454000,29.7,3,29.6,7,29.7,26,1,2022-06-13 09:02:50
1655110970882438000,29.7,2,29.6,7,29.7,26,1,2022-06-13 09:02:50
1655110970951596000,29.7,1,29.6,7,29.7,25,1,2022-06-13 09:02:50
1655110971361727000,29.7,5,29.6,7,29.7,20,1,2022-06-13 09:02:51
1655110971456853000,29.7,1,29.6,7,29.7,19,1,2022-06-13 09:02:51
1655110971514049000,29.7,1,29.6,7,29.7,18,1,2022-06-13 09:02:51
1655110971733224000,29.65,1,29.6,4,29.7,18,2,2022-06-13 09:02:51
1655110971733224000,29.6,3,29.6,4,29.7,18,2,2022-06-13 09:02:51
1655110971742795000,29.7,1,29.6,4,29.7,17,1,2022-06-13 09:02:51
1655110971848713000,29.7,1,29.6,4,29.7,16,1,2022-06-13 09:02:51
1655110971875974000,29.7,1,29.6,4,29.7,15,1,2022-06-13 09:02:51
1655110972272405000,29.7,1,29.6,4,29.7,15,1,2022-06-13 09:02:52
1655110972286928000,29.65,5,29.6,4,29.65,15,1,2022-06-13 09:02:52
1655110972307849000,29.65,15,29.6,4,29.7,15,1,2022-06-13 09:02:52
1655110972399413000,29.7,1,29.6,4,29.7,14,1,2022-06-13 09:02:52
1655110972412118000,29.7,1,29.6,4,29.7,13,1,2022-06-13 09:02:52
1655110972564843000,29.7,1,29.6,4,29.7,12,1,2022-06-13 09:02:52
1655110972619479000,29.7,1,29.6,4,29.7,11,1,2022-06-13 09:02:52
1655110972717334000,29.7,1,29.6,4,29.7,10,1,2022-06-13 09:02:52
1655110972855705000,29.65,1,29.6,4,29.7,10,2,2022-06-13 09:02:52
1655110972860939000,29.7,1,29.6,4,29.7,9,1,2022-06-13 09:02:52
1655110972994558000,29.7,1,29.6,5,29.7,9,1,2022-06-13 09:02:52
1655110973009040000,29.7,1,29.6,5,29.7,8,1,2022-06-13 09:02:53
1655110973097530000,29.7,7,29.6,5,29.7,1,1,2022-06-13 09:02:53
1655110973117550000,29.7,1,29.6,5,29.75,22,1,2022-06-13 09:02:53
1655110973134919000,29.75,1,29.6,5,29.75,21,1,2022-06-13 09:02:53
1655110973138004000,29.75,20,29.6,5,29.75,1,1,2022-06-13 09:02:53
1655110973207387000,29.75,1,29.6,17,29.8,33,1,2022-06-13 09:02:53
1655110973207387000,29.8,1,29.6,17,29.8,33,1,2022-06-13 09:02:53
1655110973273797000,29.75,1,29.65,5,29.75,2,1,2022-06-13 09:02:53
1655110973298295000,29.75,1,29.65,5,29.75,1,1,2022-06-13 09:02:53
1655110973446297000,29.75,1,29.65,5,29.8,33,1,2022-06-13 09:02:53
1655110973565794000,29.7,1,29.65,5,29.8,33,1,2022-06-13 09:02:53
1655110973641097000,29.7,1,29.65,5,29.8,33,1,2022-06-13 09:02:53
1655110973874793000,29.8,2,29.7,2,29.8,38,1,2022-06-13 09:02:53
1655110973921274000,29.8,20,29.7,2,29.8,18,1,2022-06-13 09:02:53
1655110974019223000,29.8,1,29.7,2,29.8,17,1,2022-06-13 09:02:54
1655110974064455000,29.8,1,29.7,2,29.8,16,1,2022-06-13 09:02:54
1655110974165216000,29.8,1,29.7,2,29.8,15,1,2022-06-13 09:02:54
1655110974204559000,29.8,1,29.7,22,29.8,14,1,2022-06-13 09:02:54
1655110974238822000,29.8,2,29.7,22,29.8,12,1,2022-06-13 09:02:54
1655110974304482000,29.8,1,29.7,24,29.8,11,1,2022-06-13 09:02:54
1655110974558223000,29.8,1,29.7,29,29.8,10,1,2022-06-13 09:02:54
1655110974600014000,29.8,10,29.75,1,29.85,35,1,2022-06-13 09:02:54
1655110974718973000,29.8,1,29.75,1,29.8,5,1,2022-06-13 09:02:54
1655110974770943000,29.8,2,29.75,1,29.8,3,1,2022-06-13 09:02:54
1655110974843533000,29.8,1,29.75,1,29.8,2,1,2022-06-13 09:02:54
1655110974870498000,29.8,1,29.75,1,29.8,1,1,2022-06-13 09:02:54
1655110974911434000,29.8,1,29.75,1,29.85,35,1,2022-06-13 09:02:54
1655110974984384000,29.85,1,29.75,1,29.85,34,1,2022-06-13 09:02:54
1655110975034928000,29.75,1,29.7,43,29.85,34,2,2022-06-13 09:02:55
1655110975145475000,29.85,1,29.7,53,29.85,33,1,2022-06-13 09:02:55
1655110975213657000,29.85,2,29.7,53,29.85,31,1,2022-06-13 09:02:55
1655110975228316000,29.85,1,29.7,53,29.85,30,1,2022-06-13 09:02:55
1655110975397360000,29.85,24,29.7,53,29.85,6,1,2022-06-13 09:02:55
1655110975435935000,29.85,2,29.7,53,29.85,4,1,2022-06-13 09:02:55
1655110975455166000,29.85,3,29.7,53,29.85,1,1,2022-06-13 09:02:55
1655110975491363000,29.85,1,29.7,53,29.9,97,1,2022-06-13 09:02:55
1655110975503912000,29.7,2,29.7,51,29.9,97,2,2022-06-13 09:02:55
1655110975527914000,29.9,1,29.75,12,29.9,96,1,2022-06-13 09:02:55
1655110975544773000,29.9,1,29.75,12,29.9,95,1,2022-06-13 09:02:55
1655110975572255000,29.85,1,29.85,19,29.9,95,2,2022-06-13 09:02:55
1655110975649113000,29.85,1,29.85,18,29.9,95,2,2022-06-13 09:02:55
1655110975660124000,29.9,2,29.85,18,29.9,93,1,2022-06-13 09:02:55
1655110975670469000,29.9,2,29.85,18,29.9,91,1,2022-06-13 09:02:55
1655110975690214000,29.9,5,29.85,18,29.9,86,1,2022-06-13 09:02:55
1655110975753569000,29.9,1,29.85,18,29.9,85,1,2022-06-13 09:02:55
1655110975764667000,29.85,2,29.85,16,29.9,85,2,2022-06-13 09:02:55
1655110975973131000,29.9,20,29.85,16,29.9,65,1,2022-06-13 09:02:55
1655110975995210000,29.85,13,29.85,3,29.9,65,2,2022-06-13 09:02:55
1655110976077976000,29.9,2,29.85,3,29.9,63,1,2022-06-13 09:02:56
1655110976116427000,29.9,2,29.85,3,29.9,61,1,2022-06-13 09:02:56
1655110976352651000,29.85,3,29.75,4,29.9,61,2,2022-06-13 09:02:56
1655110976352651000,29.8,3,29.75,4,29.9,61,2,2022-06-13 09:02:56
1655110976352651000,29.75,12,29.75,4,29.9,61,2,2022-06-13 09:02:56
1655110976440380000,29.8,1,29.75,6,29.85,8,2,2022-06-13 09:02:56
1655110976456170000,29.85,1,29.75,6,29.85,7,1,2022-06-13 09:02:56
1655110976470525000,29.85,1,29.75,6,29.85,6,1,2022-06-13 09:02:56
1655110976571948000,29.85,6,29.75,6,29.9,57,1,2022-06-13 09:02:56
1655110976571948000,29.9,4,29.75,6,29.9,57,1,2022-06-13 09:02:56
1655110976635760000,29.9,1,29.75,6,29.9,56,1,2022-06-13 09:02:56
1655110976680535000,29.9,1,29.75,6,29.9,60,1,2022-06-13 09:02:56
1655110976696394000,29.75,6,29.7,53,29.75,4,2,2022-06-13 09:02:56
1655110976700604000,29.75,1,29.7,53,29.75,3,1,2022-06-13 09:02:56
1655110976726268000,29.75,3,29.75,7,29.9,60,1,2022-06-13 09:02:56
1655110976974631000,29.8,1,29.8,2,29.85,4,2,2022-06-13 09:02:56
1655110977011760000,29.8,2,29.75,8,29.85,4,2,2022-06-13 09:02:57
1655110977074046000,29.85,1,29.8,5,29.85,3,1,2022-06-13 09:02:57
1655110977115671000,29.85,1,29.8,5,29.85,2,1,2022-06-13 09:02:57
1655110977147541000,29.85,1,29.8,5,29.85,1,1,2022-06-13 09:02:57
1655110977199554000,29.85,1,29.8,12,29.9,60,1,2022-06-13 09:02:57
1655110977240416000,29.9,1,29.8,12,29.9,59,1,2022-06-13 09:02:57
1655110977385485000,29.9,1,29.8,12,29.9,58,1,2022-06-13 09:02:57
1655110977461193000,29.8,1,29.8,11,29.9,58,2,2022-06-13 09:02:57
1655110977533601000,29.85,1,29.8,21,29.85,1,1,2022-06-13 09:02:57
1655110977697436000,29.85,1,29.8,21,29.9,58,1,2022-06-13 09:02:57
1655110977938112000,29.9,1,29.8,21,29.9,57,1,2022-06-13 09:02:57
1655110978102994000,29.85,2,29.85,8,29.9,57,2,2022-06-13 09:02:58
1655110978137518000,29.9,5,29.85,8,29.9,52,1,2022-06-13 09:02:58
1655110978184201000,29.9,1,29.85,8,29.9,51,1,2022-06-13 09:02:58
1655110978325506000,29.85,2,29.85,6,29.9,51,2,2022-06-13 09:02:58
1655110978456038000,29.9,1,29.85,6,29.9,50,1,2022-06-13 09:02:58
1655110978535418000,29.9,3,29.85,6,29.9,47,1,2022-06-13 09:02:58
1655110978837860000,29.9,1,29.85,6,29.9,55,1,2022-06-13 09:02:58
1655110978926503000,29.9,2,29.85,6,29.9,53,1,2022-06-13 09:02:58
1655110978956195000,29.85,1,29.85,5,29.9,53,2,2022-06-13 09:02:58
1655110978988543000,29.9,1,29.85,5,29.9,52,1,2022-06-13 09:02:58
1655110979079695000,29.85,5,29.8,26,29.85,5,2,2022-06-13 09:02:59
1655110979323616000,29.85,5,29.8,26,29.9,33,1,2022-06-13 09:02:59
1655110979323616000,29.9,20,29.8,26,29.9,33,1,2022-06-13 09:02:59
1655110979412514000,29.9,1,29.85,2,29.9,32,1,2022-06-13 09:02:59
1655110979446719000,29.9,1,29.85,2,29.9,31,1,2022-06-13 09:02:59
1655110979517667000,29.9,1,29.85,2,29.9,30,1,2022-06-13 09:02:59
1655110979535609000,29.85,1,29.85,1,29.9,30,2,2022-06-13 09:02:59
1655110979647355000,29.9,1,29.85,1,29.9,29,1,2022-06-13 09:02:59
1655110979657064000,29.9,1,29.85,1,29.9,28,1,2022-06-13 09:02:59
1655110979677813000,29.9,3,29.85,1,29.9,30,1,2022-06-13 09:02:59
1655110979738852000,29.85,1,29.8,26,29.9,21,2,2022-06-13 09:02:59
1655110979759977000,29.9,10,29.8,26,29.9,11,1,2022-06-13 09:02:59
1655110979808725000,29.9,1,29.8,26,29.9,10,1,2022-06-13 09:02:59
1655110979900736000,29.8,1,29.8,25,29.9,10,2,2022-06-13 09:02:59
1655110979922882000,29.9,1,29.8,15,29.9,9,1,2022-06-13 09:02:59
1655110979967858000,29.9,1,29.8,15,29.9,8,1,2022-06-13 09:02:59
1655110979996914000,29.9,1,29.8,15,29.9,7,1,2022-06-13 09:02:59
1655110980008663000,29.9,1,29.8,15,29.9,6,1,2022-06-13 09:03:00
1655110980020007000,29.9,1,29.8,15,29.9,5,1,2022-06-13 09:03:00
1655110980137376000,29.9,1,29.8,15,29.9,4,1,2022-06-13 09:03:00
1655110980269184000,29.8,6,29.8,9,29.9,4,2,2022-06-13 09:03:00
1655110980419119000,29.9,1,29.8,9,29.9,5,1,2022-06-13 09:03:00
1655110980699000000,29.9,5,29.8,10,29.9,6,1,2022-06-13 09:03:00
1655110980761890000,29.9,1,29.8,10,29.9,5,1,2022-06-13 09:03:00
1655110980765238000,29.9,3,29.8,10,29.9,2,1,2022-06-13 09:03:00
1655110980854512000,29.9,1,29.8,10,29.9,1,1,2022-06-13 09:03:00
1655110980875897000,29.9,1,29.9,4,29.95,103,1,2022-06-13 09:03:00
1655110980907343000,29.9,4,29.85,1,29.95,103,2,2022-06-13 09:03:00
1655110980982078000,29.85,1,29.85,2,29.95,103,2,2022-06-13 09:03:00
1655110981015298000,29.9,2,29.85,2,29.95,103,2,2022-06-13 09:03:01
1655110981034480000,29.95,2,29.85,2,29.95,101,1,2022-06-13 09:03:01
1655110981092036000,29.95,1,29.85,3,29.95,100,1,2022-06-13 09:03:01
1655110981147850000,29.85,1,29.85,2,29.95,100,2,2022-06-13 09:03:01
1655110981185462000,29.85,1,29.85,1,29.95,100,2,2022-06-13 09:03:01
1655110981390025000,29.9,1,29.85,3,29.95,100,2,2022-06-13 09:03:01
1655110981618433000,29.9,13,29.85,6,29.95,100,2,2022-06-13 09:03:01
1655110981618433000,29.85,12,29.85,6,29.95,100,2,2022-06-13 09:03:01
1655110981662129000,29.9,1,29.85,6,29.95,100,1,2022-06-13 09:03:01
1655110981726227000,29.85,1,29.85,6,29.95,100,2,2022-06-13 09:03:01
1655110981783600000,29.95,1,29.85,10,29.95,99,1,2022-06-13 09:03:01
1655110981818796000,29.85,1,29.85,9,29.95,99,2,2022-06-13 09:03:01
1655110981836319000,29.95,2,29.85,9,29.95,97,1,2022-06-13 09:03:01
1655110981867910000,29.95,2,29.85,10,29.95,95,1,2022-06-13 09:03:01
1655110981924789000,29.95,1,29.85,10,29.95,94,1,2022-06-13 09:03:01
1655110981931841000,29.95,1,29.85,10,29.95,93,1,2022-06-13 09:03:01
1655110981952991000,29.85,10,29.8,11,29.95,93,2,2022-06-13 09:03:01
1655110981952991000,29.8,1,29.8,11,29.95,93,2,2022-06-13 09:03:01
1655110982020150000,29.95,1,29.8,11,29.95,92,1,2022-06-13 09:03:02
1655110982062558000,29.95,1,29.8,11,29.95,91,1,2022-06-13 09:03:02
1655110982077894000,29.95,1,29.8,23,29.95,90,1,2022-06-13 09:03:02
1655110982221482000,29.9,1,29.85,2,29.95,90,2,2022-06-13 09:03:02
1655110982227762000,29.95,1,29.85,2,29.95,89,1,2022-06-13 09:03:02
1655110982601770000,29.85,2,29.8,11,29.85,4,2,2022-06-13 09:03:02
1655110982765743000,29.85,1,29.8,11,29.85,8,1,2022-06-13 09:03:02
1655110982839596000,29.85,5,29.8,11,29.85,3,1,2022-06-13 09:03:02
1655110982968762000,29.85,1,29.8,12,29.85,2,1,2022-06-13 09:03:02
1655110982995464000,29.85,2,29.8,12,29.9,1,1,2022-06-13 09:03:02
1655110983526605000,29.85,1,29.85,4,29.9,19,2,2022-06-13 09:03:03
1655110983534110000,29.85,1,29.85,3,29.9,19,2,2022-06-13 09:03:03
1655110983568243000,29.85,3,29.8,12,29.9,19,2,2022-06-13 09:03:03
1655110983582158000,29.9,1,29.8,12,29.9,18,1,2022-06-13 09:03:03
1655110983951048000,29.9,4,29.85,1,29.9,15,1,2022-06-13 09:03:03
1655110984290372000,29.9,1,29.85,14,29.9,14,1,2022-06-13 09:03:04
1655110984365264000,29.85,2,29.85,12,29.9,16,2,2022-06-13 09:03:04
1655110984393925000,29.9,1,29.85,12,29.9,15,1,2022-06-13 09:03:04
1655110984418074000,29.85,1,29.85,11,29.9,15,2,2022-06-13 09:03:04
1655110984705383000,29.85,2,29.85,9,29.9,17,2,2022-06-13 09:03:04
1655110984944538000,29.9,10,29.85,10,29.9,7,1,2022-06-13 09:03:04
1655110985086046000,29.85,10,29.8,18,29.9,7,2,2022-06-13 09:03:05
1655110985365637000,29.85,1,29.8,18,29.85,3,1,2022-06-13 09:03:05
1655110985431321000,29.85,2,29.8,18,29.85,1,1,2022-06-13 09:03:05
1655110985603985000,29.85,1,29.8,20,29.85,10,1,2022-06-13 09:03:05
1655110985648687000,29.85,1,29.8,20,29.85,9,1,2022-06-13 09:03:05
1655110985683088000,29.85,1,29.8,20,29.85,13,1,2022-06-13 09:03:05
1655110985832799000,29.85,1,29.8,20,29.85,12,1,2022-06-13 09:03:05
1655110985912993000,29.85,1,29.8,20,29.85,11,1,2022-06-13 09:03:05
1655110985984555000,29.85,1,29.8,20,29.85,10,1,2022-06-13 09:03:05
1655110986137864000,29.85,1,29.8,20,29.85,19,1,2022-06-13 09:03:06
1655110986208006000,29.85,2,29.8,20,29.85,17,1,2022-06-13 09:03:06
1655110986264602000,29.85,2,29.8,20,29.85,15,1,2022-06-13 09:03:06
1655110986304743000,29.85,1,29.8,20,29.85,14,1,2022-06-13 09:03:06
1655110986466661000,29.85,1,29.8,21,29.85,13,1,2022-06-13 09:03:06
1655110986513055000,29.85,1,29.8,21,29.85,12,1,2022-06-13 09:03:06
1655110986548880000,29.85,3,29.8,21,29.85,9,1,2022-06-13 09:03:06
1655110987209607000,29.85,3,29.8,20,29.85,13,1,2022-06-13 09:03:07
1655110987260703000,29.85,1,29.8,20,29.85,12,1,2022-06-13 09:03:07
1655110987279931000,29.85,1,29.8,20,29.85,11,1,2022-06-13 09:03:07
1655110987287853000,29.85,11,29.8,20,29.9,12,1,2022-06-13 09:03:07
1655110987287853000,29.9,2,29.8,20,29.9,12,1,2022-06-13 09:03:07
1655110987355844000,29.8,10,29.8,10,29.9,12,2,2022-06-13 09:03:07
1655110987388314000,29.8,10,29.75,21,29.9,12,2,2022-06-13 09:03:07
1655110987402692000,29.9,12,29.9,18,29.95,95,1,2022-06-13 09:03:07
1655110987420864000,29.9,2,29.9,16,29.95,95,2,2022-06-13 09:03:07
1655110987421067000,29.9,11,29.9,5,29.95,95,2,2022-06-13 09:03:07
1655110987421279000,29.9,5,29.75,21,29.95,95,2,2022-06-13 09:03:07
1655110987506878000,29.85,1,29.8,1,29.95,93,1,2022-06-13 09:03:07
1655110987506878000,29.95,2,29.8,1,29.95,93,1,2022-06-13 09:03:07
1655110987557487000,29.95,3,29.8,14,29.95,90,1,2022-06-13 09:03:07
1655110988243213000,29.9,3,29.9,1,29.95,90,2,2022-06-13 09:03:08
1655110988377552000,29.95,5,29.9,1,29.95,85,1,2022-06-13 09:03:08
1655110988523492000,29.9,1,29.85,12,29.95,85,2,2022-06-13 09:03:08
1655110988523492000,29.85,4,29.85,12,29.95,85,2,2022-06-13 09:03:08
1655110988626448000,29.9,1,29.85,12,29.95,85,1,2022-06-13 09:03:08
1655110988632954000,29.95,1,29.85,12,29.95,84,1,2022-06-13 09:03:08
1655110988665607000,29.9,1,29.85,12,29.9,2,1,2022-06-13 09:03:08
1655110988764830000,29.9,2,29.9,1,29.95,114,1,2022-06-13 09:03:08
1655110988794866000,29.9,1,29.85,12,29.95,114,2,2022-06-13 09:03:08
1655110988798446000,29.95,1,29.85,12,29.95,113,1,2022-06-13 09:03:08
1655110988911451000,29.85,12,29.75,3,29.95,113,2,2022-06-13 09:03:08
1655110988911451000,29.8,7,29.75,3,29.95,113,2,2022-06-13 09:03:08
1655110988911451000,29.75,18,29.75,3,29.95,113,2,2022-06-13 09:03:08
1655110988949365000,29.85,2,29.75,3,29.95,113,2,2022-06-13 09:03:08
1655110988950887000,29.85,1,29.75,3,29.95,113,1,2022-06-13 09:03:08
1655110988997599000,29.95,2,29.75,15,29.95,111,1,2022-06-13 09:03:08
1655110989037066000,29.95,2,29.75,15,29.95,109,1,2022-06-13 09:03:09
1655110989070666000,29.95,2,29.8,4,29.95,82,1,2022-06-13 09:03:09
1655110989071764000,29.95,10,29.8,4,29.95,72,1,2022-06-13 09:03:09
1655110989109155000,29.95,1,29.8,4,29.95,71,1,2022-06-13 09:03:09
1655110989146687000,29.95,1,29.8,4,29.95,70,1,2022-06-13 09:03:09
1655110989152195000,29.8,4,29.7,53,29.95,70,2,2022-06-13 09:03:09
1655110989152195000,29.75,15,29.7,53,29.95,70,2,2022-06-13 09:03:09
1655110989152195000,29.7,1,29.7,53,29.95,70,2,2022-06-13 09:03:09
1655110989185303000,29.95,1,29.7,53,29.95,69,1,2022-06-13 09:03:09
1655110989255600000,29.9,1,29.75,2,29.9,12,1,2022-06-13 09:03:09
1655110989302433000,29.9,1,29.8,1,29.9,11,1,2022-06-13 09:03:09
1655110989340655000,29.9,1,29.8,1,29.9,10,1,2022-06-13 09:03:09
1655110989406956000,29.9,1,29.8,1,29.9,9,1,2022-06-13 09:03:09
1655110989477995000,29.9,1,29.8,1,29.9,8,1,2022-06-13 09:03:09
1655110989555296000,29.9,1,29.85,5,29.9,7,1,2022-06-13 09:03:09
1655110989695772000,29.9,1,29.85,7,29.9,6,1,2022-06-13 09:03:09
1655110989848730000,29.9,1,29.85,7,29.9,5,1,2022-06-13 09:03:09
1655110989987962000,29.9,5,29.85,7,29.9,5,1,2022-06-13 09:03:09
1655110990007378000,29.9,1,29.85,7,29.9,4,1,2022-06-13 09:03:10
1655110990081165000,29.9,1,29.85,7,29.9,3,1,2022-06-13 09:03:10
1655110990146851000,29.85,2,29.85,5,29.9,7,2,2022-06-13 09:03:10
1655110990163580000,29.9,1,29.85,5,29.9,10,1,2022-06-13 09:03:10
1655110990166698000,29.9,1,29.85,5,29.9,9,1,2022-06-13 09:03:10
1655110990318099000,29.9,1,29.85,6,29.9,8,1,2022-06-13 09:03:10
1655110990388468000,29.9,8,29.85,6,29.95,75,1,2022-06-13 09:03:10
1655110990388468000,29.95,2,29.85,6,29.95,75,1,2022-06-13 09:03:10
1655110990402941000,29.85,2,29.85,4,29.95,75,2,2022-06-13 09:03:10
1655110990483411000,29.95,1,29.85,4,29.95,74,1,2022-06-13 09:03:10
1655110990520870000,29.95,1,29.85,5,29.95,73,1,2022-06-13 09:03:10
1655110990648455000,29.95,1,29.85,5,29.95,72,1,2022-06-13 09:03:10
1655110990807992000,29.95,1,29.85,5,29.95,71,1,2022-06-13 09:03:10
1655110991090077000,29.85,1,29.85,4,29.95,71,2,2022-06-13 09:03:11
1655110991802251000,29.95,1,29.9,4,29.95,80,1,2022-06-13 09:03:11
1655110991925266000,29.95,1,29.9,4,29.95,79,1,2022-06-13 09:03:11
1655110991934253000,29.9,1,29.9,3,29.95,79,2,2022-06-13 09:03:11
1655110991970990000,29.95,1,29.9,3,29.95,78,1,2022-06-13 09:03:11
1655110992118499000,29.95,1,29.9,3,29.95,77,1,2022-06-13 09:03:12
1655110992227569000,29.9,1,29.9,3,29.95,77,2,2022-06-13 09:03:12
1655110992274852000,29.95,1,29.9,2,29.95,76,1,2022-06-13 09:03:12
1655110992295979000,29.95,1,29.9,2,29.95,75,1,2022-06-13 09:03:12
1655110992305660000,29.9,1,29.9,1,29.95,75,2,2022-06-13 09:03:12
1655110992322939000,29.95,1,29.9,1,29.95,74,1,2022-06-13 09:03:12
1655110992431428000,29.95,1,29.9,1,29.95,73,1,2022-06-13 09:03:12
1655110992449578000,29.9,1,29.85,39,29.95,73,2,2022-06-13 09:03:12
1655110992591518000,29.95,1,29.85,39,29.95,72,1,2022-06-13 09:03:12
1655110992688735000,29.95,1,29.85,40,29.95,71,1,2022-06-13 09:03:12
1655110992889372000,29.95,3,29.85,45,29.95,68,1,2022-06-13 09:03:12
1655110993146982000,29.9,2,29.85,45,29.9,4,1,2022-06-13 09:03:13
1655110993176811000,29.9,4,29.85,45,29.95,68,1,2022-06-13 09:03:13
1655110993453571000,29.85,1,29.85,44,29.95,69,2,2022-06-13 09:03:13
1655110993485572000,29.95,1,29.85,44,29.95,68,1,2022-06-13 09:03:13
1655110993626639000,29.95,1,29.85,44,29.95,67,1,2022-06-13 09:03:13
1655110993696869000,29.85,1,29.85,43,29.9,11,2,2022-06-13 09:03:13
1655110993772949000,29.9,1,29.85,43,29.9,10,1,2022-06-13 09:03:13
1655110993930727000,29.9,1,29.85,60,29.9,9,1,2022-06-13 09:03:13
1655110994023182000,29.9,1,29.85,61,29.9,8,1,2022-06-13 09:03:14
1655110994039822000,29.9,8,29.85,61,29.95,65,1,2022-06-13 09:03:14
1655110994039822000,29.95,2,29.85,61,29.95,65,1,2022-06-13 09:03:14
1655110994101778000,29.95,1,29.85,61,29.95,64,1,2022-06-13 09:03:14
1655110994207689000,29.95,1,29.85,61,29.95,63,1,2022-06-13 09:03:14
1655110994208427000,29.95,1,29.85,61,29.95,62,1,2022-06-13 09:03:14
1655110994248916000,29.85,2,29.85,59,29.95,62,2,2022-06-13 09:03:14
1655110994316346000,29.95,4,29.85,59,29.95,58,1,2022-06-13 09:03:14
1655110994491606000,29.95,3,29.85,59,29.95,55,1,2022-06-13 09:03:14
1655110994696491000,29.95,1,29.85,59,29.95,59,1,2022-06-13 09:03:14
1655110994817423000,29.9,2,29.9,1,29.95,59,2,2022-06-13 09:03:14
1655110994940881000,29.95,1,29.9,1,29.95,58,1,2022-06-13 09:03:14
1655110994948075000,29.95,1,29.9,1,29.95,57,1,2022-06-13 09:03:14
1655110995411809000,29.95,1,29.9,1,29.95,56,1,2022-06-13 09:03:15
1655110995435591000,29.95,1,29.9,1,29.95,55,1,2022-06-13 09:03:15
1655110995601917000,29.95,2,29.9,1,29.95,53,1,2022-06-13 09:03:15
1655110996074710000,29.95,1,29.9,1,29.95,52,1,2022-06-13 09:03:16
1655110996151424000,29.95,4,29.9,1,29.95,48,1,2022-06-13 09:03:16
1655110996198854000,29.9,1,29.85,64,29.95,48,2,2022-06-13 09:03:16
1655110996575610000,29.95,2,29.9,1,29.95,46,1,2022-06-13 09:03:16
1655110996684101000,29.9,7,29.9,5,29.95,46,2,2022-06-13 09:03:16
1655110996785260000,29.95,1,29.9,5,29.95,45,1,2022-06-13 09:03:16
1655110996818682000,29.95,1,29.9,5,29.95,44,1,2022-06-13 09:03:16
1655110996827483000,29.9,1,29.9,4,29.95,44,2,2022-06-13 09:03:16
1655110996926879000,29.9,2,29.9,2,29.95,44,2,2022-06-13 09:03:16
1655110997458485000,29.95,2,29.9,2,29.95,44,1,2022-06-13 09:03:17
1655110997591389000,29.9,2,29.9,10,29.95,44,2,2022-06-13 09:03:17
1655110998274066000,29.9,4,29.9,13,29.95,49,2,2022-06-13 09:03:18
1655110998511086000,29.95,5,29.9,21,29.95,44,1,2022-06-13 09:03:18
1655110998597171000,29.95,1,29.9,21,29.95,43,1,2022-06-13 09:03:18
1655110998619761000,29.95,1,29.9,21,29.95,42,1,2022-06-13 09:03:18
1655110998635462000,29.95,1,29.9,21,29.95,41,1,2022-06-13 09:03:18
1655110998784480000,29.95,1,29.9,24,29.95,40,1,2022-06-13 09:03:18
1655110999071627000,29.95,1,29.9,29,29.95,39,1,2022-06-13 09:03:19
1655110999128820000,29.95,2,29.9,30,29.95,37,1,2022-06-13 09:03:19
1655110999160218000,29.95,1,29.9,30,29.95,36,1,2022-06-13 09:03:19
1655110999291275000,29.9,1,29.9,49,29.95,36,2,2022-06-13 09:03:19
1655110999893607000,29.95,2,29.9,51,29.95,47,1,2022-06-13 09:03:19
1655111000569411000,29.95,1,29.9,55,29.95,48,1,2022-06-13 09:03:20
1655111000615547000,29.9,30,29.9,25,29.95,48,2,2022-06-13 09:03:20
1655111000685587000,29.95,2,29.9,25,29.95,51,1,2022-06-13 09:03:20
1655111000714463000,29.95,2,29.9,25,29.95,49,1,2022-06-13 09:03:20
1655111000873776000,29.95,1,29.9,27,29.95,48,1,2022-06-13 09:03:20
1655111000996781000,29.95,2,29.9,27,29.95,46,1,2022-06-13 09:03:20
1655111001054797000,29.95,20,29.9,27,29.95,13,1,2022-06-13 09:03:21
1655111001132141000,29.95,2,29.9,27,29.95,13,1,2022-06-13 09:03:21
1655111001135276000,29.95,1,29.9,27,29.95,12,1,2022-06-13 09:03:21
1655111001156312000,29.95,3,29.9,27,29.95,9,1,2022-06-13 09:03:21
1655111001173989000,29.95,1,29.9,27,29.95,8,1,2022-06-13 09:03:21
1655111001276472000,29.95,1,29.9,27,29.95,11,1,2022-06-13 09:03:21
1655111001824922000,29.95,1,29.9,28,29.95,11,1,2022-06-13 09:03:21
1655111001907999000,29.9,20,29.9,17,29.95,11,2,2022-06-13 09:03:21
1655111001925631000,29.95,2,29.9,17,29.95,9,1,2022-06-13 09:03:21
1655111001999405000,29.95,2,29.9,17,29.95,7,1,2022-06-13 09:03:21
1655111002038406000,29.95,2,29.9,18,29.95,5,1,2022-06-13 09:03:22
1655111002200563000,29.95,1,29.9,21,29.95,4,1,2022-06-13 09:03:22
1655111002311395000,29.95,1,29.9,23,29.95,3,1,2022-06-13 09:03:22
1655111002495357000,29.9,1,29.9,23,29.95,3,2,2022-06-13 09:03:22
1655111002535179000,29.95,2,29.9,23,29.95,2,1,2022-06-13 09:03:22
1655111002601042000,29.95,1,29.9,23,29.95,11,1,2022-06-13 09:03:22
1655111002814500000,29.9,1,29.9,22,29.95,11,2,2022-06-13 09:03:22
1655111002831817000,29.95,2,29.9,22,29.95,9,1,2022-06-13 09:03:22
1655111002930882000,29.95,1,29.9,24,29.95,8,1,2022-06-13 09:03:22
1655111003145354000,29.9,1,29.9,23,29.95,8,2,2022-06-13 09:03:23
1655111003277465000,29.9,10,29.9,15,29.95,8,2,2022-06-13 09:03:23
1655111003345058000,29.95,1,29.9,18,29.95,7,1,2022-06-13 09:03:23
1655111003364641000,29.95,1,29.9,18,29.95,6,1,2022-06-13 09:03:23
1655111003406376000,29.95,6,29.95,4,30.0,201,1,2022-06-13 09:03:23
1655111003434601000,30.0,7,29.95,4,30.0,194,1,2022-06-13 09:03:23
1655111003531317000,30.0,1,29.95,4,30.0,193,1,2022-06-13 09:03:23
1655111003586689000,29.95,3,29.95,1,30.0,193,2,2022-06-13 09:03:23
1655111004042311000,29.95,7,29.95,7,30.0,198,2,2022-06-13 09:03:24
1655111004566067000,29.95,1,29.95,7,30.0,198,2,2022-06-13 09:03:24
1655111004675100000,29.95,1,29.95,6,30.0,198,2,2022-06-13 09:03:24
1655111004728563000,29.95,1,29.95,5,30.0,198,2,2022-06-13 09:03:24
1655111004806213000,29.95,1,29.95,4,30.0,198,2,2022-06-13 09:03:24
1655111004954741000,29.95,4,29.9,22,30.0,198,2,2022-06-13 09:03:24
1655111004954741000,29.9,1,29.9,22,30.0,198,2,2022-06-13 09:03:24
1655111005019304000,29.95,1,29.95,1,30.0,198,2,2022-06-13 09:03:25
1655111005019368000,29.95,1,29.9,22,30.0,198,2,2022-06-13 09:03:25
1655111005126742000,29.95,1,29.95,9,30.0,198,2,2022-06-13 09:03:25
1655111005153762000,29.95,1,29.95,8,30.0,198,2,2022-06-13 09:03:25
1655111005540540000,30.0,1,29.95,13,30.0,197,1,2022-06-13 09:03:25
1655111005707076000,29.95,5,29.95,8,30.0,231,2,2022-06-13 09:03:25
1655111005746336000,30.0,2,29.95,8,30.0,229,1,2022-06-13 09:03:25
1655111006164658000,30.0,1,29.95,8,30.0,228,1,2022-06-13 09:03:26
1655111006164786000,30.0,3,29.95,8,30.0,225,1,2022-06-13 09:03:26
1655111006164978000,30.0,1,29.95,8,30.0,224,1,2022-06-13 09:03:26
1655111006469028000,30.0,2,29.95,8,30.0,222,1,2022-06-13 09:03:26
1655111006469208000,30.0,3,29.95,8,30.0,219,1,2022-06-13 09:03:26
1655111006628387000,30.0,1,29.95,8,30.0,218,1,2022-06-13 09:03:26
1655111006628554000,30.0,2,29.95,8,30.0,216,1,2022-06-13 09:03:26
1655111006628894000,30.0,2,29.95,8,30.0,214,1,2022-06-13 09:03:26
1655111006789102000,30.0,3,29.95,8,30.0,216,1,2022-06-13 09:03:26
1655111006789238000,30.0,1,29.95,8,30.0,215,1,2022-06-13 09:03:26
1655111006789379000,30.0,1,29.95,8,30.0,214,1,2022-06-13 09:03:26
1655111006829574000,30.0,1,29.95,8,30.0,213,1,2022-06-13 09:03:26
1655111006945744000,30.0,2,29.95,8,30.0,211,1,2022-06-13 09:03:26
1655111007031278000,29.95,1,29.95,7,30.0,211,2,2022-06-13 09:03:27
1655111007074008000,30.0,20,29.95,7,30.0,191,1,2022-06-13 09:03:27
1655111007274441000,30.0,1,29.95,7,30.0,190,1,2022-06-13 09:03:27
1655111007493211000,30.0,15,29.95,9,30.0,175,1,2022-06-13 09:03:27
1655111007532322000,30.0,2,29.95,9,30.0,173,1,2022-06-13 09:03:27
1655111007689843000,30.0,15,29.95,9,30.0,158,1,2022-06-13 09:03:27
1655111007743935000,30.0,3,29.95,16,30.0,155,1,2022-06-13 09:03:27
1655111007744106000,30.0,2,29.95,16,30.0,153,1,2022-06-13 09:03:27
1655111007749957000,30.0,3,29.95,16,30.0,150,1,2022-06-13 09:03:27
1655111008100899000,30.0,100,29.95,16,30.0,50,1,2022-06-13 09:03:28
1655111008129712000,30.0,10,29.95,16,30.0,40,1,2022-06-13 09:03:28
1655111008131089000,30.0,20,29.95,16,30.0,20,1,2022-06-13 09:03:28
1655111008131484000,30.0,20,29.95,16,30.05,29,1,2022-06-13 09:03:28
1655111008153019000,29.95,9,29.95,7,30.05,29,2,2022-06-13 09:03:28
1655111008390504000,30.05,10,30.0,1,30.05,19,1,2022-06-13 09:03:28
1655111008702929000,30.05,10,30.0,14,30.05,9,1,2022-06-13 09:03:28
1655111008732251000,30.05,9,30.0,14,30.1,60,1,2022-06-13 09:03:28
1655111008739172000,30.1,15,30.0,14,30.1,45,1,2022-06-13 09:03:28
1655111008794587000,30.1,1,30.05,10,30.1,44,1,2022-06-13 09:03:28
1655111008802260000,30.05,10,30.0,6,30.1,44,2,2022-06-13 09:03:28
1655111008802260000,30.0,8,30.0,6,30.1,44,2,2022-06-13 09:03:28
1655111008994911000,30.1,5,30.0,6,30.1,39,1,2022-06-13 09:03:28
1655111009001267000,30.0,1,30.0,5,30.1,39,2,2022-06-13 09:03:29
1655111009049647000,30.1,10,30.0,6,30.1,29,1,2022-06-13 09:03:29
1655111009103923000,30.0,3,30.0,5,30.1,29,2,2022-06-13 09:03:29
1655111009204587000,30.0,3,30.0,3,30.1,29,2,2022-06-13 09:03:29
1655111009246254000,30.1,2,30.0,3,30.1,27,1,2022-06-13 09:03:29
1655111009291115000,30.0,1,30.0,2,30.1,27,2,2022-06-13 09:03:29
1655111009301273000,30.1,4,30.0,2,30.1,23,1,2022-06-13 09:03:29
1655111009465475000,30.1,2,30.0,2,30.1,21,1,2022-06-13 09:03:29
1655111009828550000,30.05,1,30.05,9,30.1,37,2,2022-06-13 09:03:29
1655111009845303000,30.1,2,30.05,9,30.1,35,1,2022-06-13 09:03:29
1655111010021256000,30.1,5,30.05,9,30.1,30,1,2022-06-13 09:03:30
1655111010034318000,30.1,1,30.05,9,30.1,29,1,2022-06-13 09:03:30
1655111010055834000,30.1,1,30.05,9,30.1,28,1,2022-06-13 09:03:30
1655111010302223000,30.1,2,30.05,9,30.1,26,1,2022-06-13 09:03:30
1655111010337345000,30.1,1,30.05,9,30.1,25,1,2022-06-13 09:03:30
1655111010556606000,30.1,2,30.05,9,30.1,23,1,2022-06-13 09:03:30
1655111010753237000,30.1,2,30.05,9,30.1,31,1,2022-06-13 09:03:30
1655111011010233000,30.1,1,30.05,9,30.1,30,1,2022-06-13 09:03:31
1655111011163757000,30.1,1,30.05,10,30.1,18,1,2022-06-13 09:03:31
1655111011195971000,30.1,1,30.05,10,30.1,22,1,2022-06-13 09:03:31
1655111011207303000,30.05,1,30.05,9,30.1,22,2,2022-06-13 09:03:31
1655111011385709000,30.1,10,30.05,9,30.1,12,1,2022-06-13 09:03:31
1655111011439313000,30.05,5,30.05,4,30.1,12,2,2022-06-13 09:03:31
1655111011552272000,30.1,10,30.05,4,30.1,2,1,2022-06-13 09:03:31
1655111011558158000,30.1,2,30.05,4,30.15,84,1,2022-06-13 09:03:31
1655111011558158000,30.15,1,30.05,4,30.15,84,1,2022-06-13 09:03:31
1655111011768733000,30.15,1,30.05,4,30.15,83,1,2022-06-13 09:03:31
1655111011770884000,30.15,1,30.05,4,30.15,82,1,2022-06-13 09:03:31
1655111011844748000,30.1,1,30.05,4,30.15,82,2,2022-06-13 09:03:31
1655111011973485000,30.15,2,30.05,4,30.15,80,1,2022-06-13 09:03:31
1655111012708144000,30.05,1,30.05,12,30.1,2,2,2022-06-13 09:03:32
1655111012789910000,30.1,1,30.05,12,30.1,2,1,2022-06-13 09:03:32
1655111012812262000,30.1,1,30.05,12,30.1,1,1,2022-06-13 09:03:32
1655111013084356000,30.05,1,30.05,11,30.15,85,2,2022-06-13 09:03:33
1655111013386596000,30.15,2,30.05,12,30.15,83,1,2022-06-13 09:03:33
1655111013532648000,30.15,2,30.05,12,30.15,81,1,2022-06-13 09:03:33
1655111013688159000,30.1,5,30.05,13,30.15,76,1,2022-06-13 09:03:33
1655111013688159000,30.15,5,30.05,13,30.15,76,1,2022-06-13 09:03:33
1655111013746452000,30.1,1,30.05,13,30.15,78,2,2022-06-13 09:03:33
1655111013797282000,30.05,1,30.05,12,30.15,78,2,2022-06-13 09:03:33
1655111013891961000,30.15,1,30.05,12,30.15,77,1,2022-06-13 09:03:33
1655111014365815000,30.1,5,30.05,13,30.1,10,1,2022-06-13 09:03:34
1655111014743111000,30.1,1,30.05,13,30.1,9,1,2022-06-13 09:03:34
1655111015198337000,30.1,1,30.05,13,30.1,23,1,2022-06-13 09:03:35
1655111015354639000,30.05,5,30.05,9,30.1,23,2,2022-06-13 09:03:35
1655111015366549000,30.1,1,30.05,9,30.1,22,1,2022-06-13 09:03:35
1655111015381520000,30.1,5,30.05,9,30.1,17,1,2022-06-13 09:03:35
1655111015389911000,30.05,9,30.0,44,30.1,17,2,2022-06-13 09:03:35
1655111015472474000,30.1,2,30.0,53,30.1,15,1,2022-06-13 09:03:35
1655111015593840000,30.1,1,30.0,53,30.1,14,1,2022-06-13 09:03:35
1655111015649777000,30.05,1,30.0,53,30.1,14,2,2022-06-13 09:03:35
1655111016019533000,30.0,10,30.0,36,30.05,26,2,2022-06-13 09:03:36
1655111016050695000,30.0,14,30.0,22,30.05,26,2,2022-06-13 09:03:36
1655111016056382000,30.05,1,30.0,22,30.05,25,1,2022-06-13 09:03:36
1655111016256698000,30.05,5,30.0,22,30.05,21,1,2022-06-13 09:03:36
1655111016301559000,30.05,1,30.0,22,30.05,19,1,2022-06-13 09:03:36
1655111016482800000,30.0,15,30.0,8,30.05,21,2,2022-06-13 09:03:36
1655111016509877000,30.0,8,29.95,103,30.05,22,2,2022-06-13 09:03:36
1655111016663345000,30.0,1,29.95,103,30.0,25,1,2022-06-13 09:03:36
1655111016834582000,30.0,1,29.95,105,30.0,24,1,2022-06-13 09:03:36
1655111016861806000,30.0,1,29.95,105,30.0,23,1,2022-06-13 09:03:36
1655111016947966000,30.0,30,29.95,105,30.0,28,1,2022-06-13 09:03:36
1655111016975434000,30.0,1,29.95,105,30.0,27,1,2022-06-13 09:03:36
1655111017033146000,30.0,2,29.95,105,30.0,25,1,2022-06-13 09:03:37
1655111017065359000,30.0,1,29.95,105,30.0,24,1,2022-06-13 09:03:37
1655111017097128000,30.0,10,29.95,105,30.0,14,1,2022-06-13 09:03:37
1655111017262814000,30.0,2,29.95,105,30.0,14,1,2022-06-13 09:03:37
1655111017283799000,29.95,20,29.95,85,30.0,14,2,2022-06-13 09:03:37
1655111017291530000,29.95,10,29.95,75,30.0,14,2,2022-06-13 09:03:37
1655111017494079000,30.0,1,29.95,75,30.0,14,1,2022-06-13 09:03:37
1655111017547156000,30.0,1,29.95,75,30.0,12,1,2022-06-13 09:03:37
1655111017584975000,30.0,1,29.95,75,30.0,11,1,2022-06-13 09:03:37
1655111017918365000,29.95,5,29.95,70,30.0,6,2,2022-06-13 09:03:37
1655111018171848000,30.0,1,29.95,70,30.0,6,1,2022-06-13 09:03:38
1655111018243144000,30.0,5,30.0,10,30.05,55,1,2022-06-13 09:03:38
1655111018268160000,30.05,1,30.0,10,30.05,54,1,2022-06-13 09:03:38
1655111018289150000,30.0,2,30.0,8,30.05,55,2,2022-06-13 09:03:38
1655111018381309000,30.0,8,29.95,79,30.0,81,2,2022-06-13 09:03:38
1655111018384236000,30.0,1,29.95,79,30.0,291,1,2022-06-13 09:03:38
1655111018385446000,30.0,2,29.95,79,30.0,289,1,2022-06-13 09:03:38
1655111018391128000,30.0,1,29.95,79,30.0,288,1,2022-06-13 09:03:38
1655111018407075000,29.95,30,29.95,49,30.0,288,2,2022-06-13 09:03:38
1655111018417273000,29.95,5,29.95,46,30.0,288,2,2022-06-13 09:03:38
1655111018425346000,29.95,10,29.95,36,30.0,288,2,2022-06-13 09:03:38
1655111018425362000,29.95,11,29.95,25,30.0,288,2,2022-06-13 09:03:38
1655111018441407000,30.0,1,29.95,25,30.0,287,1,2022-06-13 09:03:38
1655111018455819000,29.95,3,29.95,22,30.0,287,2,2022-06-13 09:03:38
1655111018492488000,29.95,1,29.95,21,30.0,287,2,2022-06-13 09:03:38
1655111018519456000,30.0,1,29.95,21,30.0,296,1,2022-06-13 09:03:38
1655111018622684000,29.95,5,29.95,16,30.0,296,2,2022-06-13 09:03:38
1655111018666933000,30.0,16,29.95,16,30.0,280,1,2022-06-13 09:03:38
1655111018669031000,30.0,10,29.95,16,30.0,270,1,2022-06-13 09:03:38
1655111018882563000,30.0,10,29.95,16,30.0,269,1,2022-06-13 09:03:38
1655111019031759000,29.95,16,29.9,45,30.0,269,2,2022-06-13 09:03:39
1655111019085917000,29.9,2,29.9,43,30.0,269,2,2022-06-13 09:03:39
1655111019155309000,30.0,5,29.9,43,30.0,264,1,2022-06-13 09:03:39
1655111019392783000,29.95,2,29.9,44,29.95,8,1,2022-06-13 09:03:39
1655111019407706000,29.95,6,29.9,44,29.95,2,1,2022-06-13 09:03:39
1655111019442590000,29.95,1,29.9,44,29.95,6,1,2022-06-13 09:03:39
1655111019489169000,29.95,1,29.9,44,29.95,8,1,2022-06-13 09:03:39
1655111019535303000,29.95,1,29.9,44,29.95,7,1,2022-06-13 09:03:39
1655111019640712000,29.95,2,29.9,44,29.95,30,1,2022-06-13 09:03:39
1655111019681779000,29.95,1,29.9,44,29.95,29,1,2022-06-13 09:03:39
1655111019691474000,29.95,1,29.9,44,29.95,28,1,2022-06-13 09:03:39
1655111019999634000,29.95,3,29.9,44,29.95,112,1,2022-06-13 09:03:39
1655111020656551000,29.95,1,29.9,44,29.95,124,1,2022-06-13 09:03:40
1655111020663096000,29.9,27,29.9,17,29.95,124,2,2022-06-13 09:03:40
1655111020824069000,29.95,2,29.9,17,29.95,127,1,2022-06-13 09:03:40
1655111020945252000,29.95,2,29.9,17,29.95,125,1,2022-06-13 09:03:40
1655111020945432000,29.95,2,29.9,17,29.95,123,1,2022-06-13 09:03:40
1655111020945626000,29.95,1,29.9,17,29.95,122,1,2022-06-13 09:03:40
1655111020949863000,29.95,13,29.9,17,29.95,109,1,2022-06-13 09:03:40
1655111020984957000,29.9,5,29.9,13,29.95,109,2,2022-06-13 09:03:40
1655111021108248000,29.95,1,29.9,12,29.95,108,1,2022-06-13 09:03:41
1655111021108405000,29.95,4,29.9,12,29.95,104,1,2022-06-13 09:03:41
1655111021133936000,29.95,20,29.9,12,29.95,84,1,2022-06-13 09:03:41
1655111021195614000,29.9,5,29.9,8,29.95,84,2,2022-06-13 09:03:41
1655111021242244000,29.95,2,29.9,7,29.95,82,1,2022-06-13 09:03:41
1655111021242385000,29.95,2,29.9,7,29.95,80,1,2022-06-13 09:03:41
1655111021242550000,29.95,1,29.9,7,29.95,79,1,2022-06-13 09:03:41
1655111021313345000,29.9,5,29.9,3,29.95,79,2,2022-06-13 09:03:41
1655111021384025000,29.9,2,29.85,30,29.95,79,2,2022-06-13 09:03:41
1655111021397920000,29.95,4,29.85,30,29.95,75,1,2022-06-13 09:03:41
1655111021398080000,29.95,1,29.85,30,29.95,74,1,2022-06-13 09:03:41
1655111021544033000,29.9,2,29.85,30,29.9,30,1,2022-06-13 09:03:41
1655111021544200000,29.9,1,29.85,30,29.9,29,1,2022-06-13 09:03:41
1655111021544380000,29.9,2,29.85,30,29.9,27,1,2022-06-13 09:03:41
1655111021559985000,29.9,1,29.85,30,29.9,26,1,2022-06-13 09:03:41
1655111021637687000,29.9,1,29.85,31,29.9,25,1,2022-06-13 09:03:41
1655111022083109000,29.9,1,29.85,30,29.9,44,1,2022-06-13 09:03:42
1655111022121136000,29.9,1,29.85,30,29.9,43,1,2022-06-13 09:03:42
1655111022169718000,29.9,13,29.85,30,29.9,30,1,2022-06-13 09:03:42
1655111022433950000,29.9,1,29.85,31,29.9,29,1,2022-06-13 09:03:42
1655111022552948000,29.9,1,29.85,31,29.9,28,1,2022-06-13 09:03:42
1655111022573354000,29.9,2,29.85,31,29.9,26,1,2022-06-13 09:03:42
1655111022681628000,29.85,1,29.85,30,29.9,26,2,2022-06-13 09:03:42
1655111023120704000,29.9,1,29.85,32,29.9,27,1,2022-06-13 09:03:43
1655111023127626000,29.85,1,29.85,31,29.9,37,2,2022-06-13 09:03:43
1655111023378385000,29.9,2,29.85,31,29.9,35,1,2022-06-13 09:03:43
1655111023462673000,29.85,20,29.85,11,29.9,35,2,2022-06-13 09:03:43
1655111023664639000,29.9,1,29.85,10,29.9,36,1,2022-06-13 09:03:43
1655111023717591000,29.85,3,29.85,7,29.9,41,2,2022-06-13 09:03:43
1655111023759243000,29.85,1,29.85,6,29.9,41,2,2022-06-13 09:03:43
1655111023974845000,29.9,1,29.85,6,29.9,40,1,2022-06-13 09:03:43
1655111024111486000,29.9,2,29.85,6,29.9,38,1,2022-06-13 09:03:44
1655111024119557000,29.9,5,29.85,6,29.9,33,1,2022-06-13 09:03:44
1655111024467688000,29.9,1,29.85,8,29.9,32,1,2022-06-13 09:03:44
1655111024507928000,29.85,5,29.85,3,29.9,32,2,2022-06-13 09:03:44
1655111025044810000,29.85,1,29.85,2,29.9,46,2,2022-06-13 09:03:45
1655111025332929000,29.85,1,29.85,1,29.9,46,2,2022-06-13 09:03:45
1655111025402898000,29.9,1,29.85,1,29.9,45,1,2022-06-13 09:03:45
1655111025618273000,29.85,1,29.8,12,29.9,45,2,2022-06-13 09:03:45
1655111025618273000,29.8,2,29.8,12,29.9,45,2,2022-06-13 09:03:45
1655111025707879000,29.9,1,29.8,16,29.9,44,1,2022-06-13 09:03:45
1655111026462357000,29.9,2,29.85,1,29.9,44,1,2022-06-13 09:03:46
1655111026971056000,29.9,3,29.85,12,29.9,41,1,2022-06-13 09:03:46
1655111027051610000,29.9,10,29.85,13,29.9,31,1,2022-06-13 09:03:47
1655111027182031000,29.85,1,29.85,13,29.9,32,2,2022-06-13 09:03:47
1655111027225210000,29.9,25,29.85,17,29.9,7,1,2022-06-13 09:03:47
1655111027258542000,29.9,7,29.85,17,29.95,49,1,2022-06-13 09:03:47
1655111027293697000,29.95,28,29.85,17,29.95,21,1,2022-06-13 09:03:47
1655111027326227000,29.95,11,29.85,17,29.95,10,1,2022-06-13 09:03:47
1655111027326389000,29.95,10,29.85,17,30.0,10,1,2022-06-13 09:03:47
1655111027806126000,30.0,1,29.85,17,30.0,14,1,2022-06-13 09:03:47
1655111027875178000,29.9,1,29.85,17,30.0,13,1,2022-06-13 09:03:47
1655111027875178000,30.0,1,29.85,17,30.0,13,1,2022-06-13 09:03:47
1655111027882244000,30.0,2,29.85,17,30.0,11,1,2022-06-13 09:03:47
1655111027976805000,30.0,11,30.0,19,30.05,11,1,2022-06-13 09:03:47
1655111028099964000,30.05,2,30.0,19,30.05,9,1,2022-06-13 09:03:48
1655111028201665000,30.0,10,30.0,9,30.05,9,2,2022-06-13 09:03:48
1655111028238445000,30.0,9,29.9,15,30.05,9,2,2022-06-13 09:03:48
1655111028252049000,29.9,2,29.9,13,30.05,9,2,2022-06-13 09:03:48
1655111028426313000,29.9,1,29.9,16,30.05,9,2,2022-06-13 09:03:48
1655111028803054000,29.95,1,29.95,3,30.05,10,1,2022-06-13 09:03:48
1655111029170235000,29.95,1,29.95,2,30.05,10,2,2022-06-13 09:03:49
1655111029359285000,30.05,5,29.95,3,30.05,5,1,2022-06-13 09:03:49
1655111030720780000,30.05,1,29.95,3,30.05,10,1,2022-06-13 09:03:50
1655111030784220000,29.95,1,29.95,2,30.05,10,2,2022-06-13 09:03:50
1655111031808281000,29.95,2,29.9,24,30.05,10,2,2022-06-13 09:03:51
1655111031808281000,29.9,17,29.9,24,30.05,10,2,2022-06-13 09:03:51
1655111032026717000,29.9,1,29.9,23,30.05,12,2,2022-06-13 09:03:52
1655111033015417000,30.0,1,29.9,24,30.0,11,1,2022-06-13 09:03:53
1655111033271694000,30.0,2,29.95,1,30.0,9,1,2022-06-13 09:03:53
1655111033495475000,29.95,1,29.9,24,30.0,9,2,2022-06-13 09:03:53
1655111034850725000,29.95,3,29.9,16,30.0,22,2,2022-06-13 09:03:54
1655111034850725000,29.9,8,29.9,16,30.0,22,2,2022-06-13 09:03:54
1655111035000231000,30.0,10,29.9,17,30.0,12,1,2022-06-13 09:03:55
1655111035408240000,29.9,1,29.9,16,30.0,26,2,2022-06-13 09:03:55
1655111035659913000,29.9,1,29.9,15,30.0,27,2,2022-06-13 09:03:55
1655111036078683000,29.95,6,29.9,17,29.95,3,2,2022-06-13 09:03:56
1655111036113123000,29.95,3,29.9,17,30.0,27,1,2022-06-13 09:03:56
1655111036359061000,30.0,2,29.95,14,30.0,31,1,2022-06-13 09:03:56
1655111036550440000,30.0,1,29.95,25,30.0,30,1,2022-06-13 09:03:56
1655111036611950000,30.0,1,29.95,25,30.0,31,1,2022-06-13 09:03:56
1655111037557522000,30.0,3,29.95,26,30.0,43,1,2022-06-13 09:03:57
1655111037677108000,30.0,1,29.95,33,30.0,43,1,2022-06-13 09:03:57
1655111037809995000,30.0,1,29.95,33,30.0,42,1,2022-06-13 09:03:57
1655111037854552000,29.95,2,29.95,31,30.0,42,2,2022-06-13 09:03:57
1655111037953057000,30.0,1,29.95,31,30.0,41,1,2022-06-13 09:03:57
1655111038107459000,30.0,1,29.95,31,30.0,40,1,2022-06-13 09:03:58
1655111038115166000,30.0,2,29.95,31,30.0,38,1,2022-06-13 09:03:58
1655111038214599000,29.95,1,29.95,30,30.0,38,2,2022-06-13 09:03:58
1655111038254951000,29.95,1,29.95,29,30.0,38,2,2022-06-13 09:03:58
1655111038264322000,30.0,1,29.95,29,30.0,37,1,2022-06-13 09:03:58
1655111038405300000,30.0,1,29.95,29,30.0,36,1,2022-06-13 09:03:58
1655111038538956000,30.0,1,29.95,29,30.0,35,1,2022-06-13 09:03:58
1655111038667627000,30.0,1,29.95,29,30.0,34,1,2022-06-13 09:03:58
1655111038776492000,29.95,5,29.95,24,30.0,34,2,2022-06-13 09:03:58
1655111039112771000,29.95,8,29.95,16,30.0,34,2,2022-06-13 09:03:59
1655111039527991000,30.0,1,29.95,17,30.0,43,1,2022-06-13 09:03:59
1655111039876816000,30.0,4,29.95,17,30.0,44,1,2022-06-13 09:03:59
1655111040157201000,29.95,7,29.95,11,30.0,44,2,2022-06-13 09:04:00
1655111040455491000,30.0,2,29.95,11,30.0,44,1,2022-06-13 09:04:00
1655111040667391000,29.95,11,29.9,62,30.0,44,2,2022-06-13 09:04:00
1655111040667391000,29.9,4,29.9,62,30.0,44,2,2022-06-13 09:04:00
1655111040683696000,29.9,1,29.9,61,30.0,44,2,2022-06-13 09:04:00
1655111040778659000,30.0,5,29.9,61,30.0,39,1,2022-06-13 09:04:00
1655111040940998000,30.0,2,29.9,61,30.0,37,1,2022-06-13 09:04:00
1655111041097942000,30.0,5,29.9,61,30.0,32,1,2022-06-13 09:04:01
1655111041505500000,29.95,2,29.9,61,30.0,33,1,2022-06-13 09:04:01
1655111041505500000,30.0,2,29.9,61,30.0,33,1,2022-06-13 09:04:01
1655111041679487000,29.95,3,29.9,61,30.0,31,1,2022-06-13 09:04:01
1655111041679487000,30.0,2,29.9,61,30.0,31,1,2022-06-13 09:04:01
1655111041708804000,30.0,1,29.9,61,30.0,80,1,2022-06-13 09:04:01
1655111041717556000,30.0,1,29.9,61,30.0,79,1,2022-06-13 09:04:01
1655111042119938000,30.0,94,29.9,62,30.05,16,1,2022-06-13 09:04:02
1655111042119938000,30.05,6,29.9,62,30.05,16,1,2022-06-13 09:04:02
1655111042392281000,30.0,2,29.95,3,30.05,16,1,2022-06-13 09:04:02
1655111042576714000,29.95,6,29.95,3,30.05,16,2,2022-06-13 09:04:02
1655111042835224000,29.95,1,29.95,2,30.05,21,2,2022-06-13 09:04:02
1655111043171946000,29.95,3,29.9,61,30.05,21,2,2022-06-13 09:04:03
1655111043648712000,29.95,2,29.95,24,30.05,21,2,2022-06-13 09:04:03
1655111043657938000,30.05,3,29.95,24,30.05,18,1,2022-06-13 09:04:03
1655111043940978000,30.0,3,30.0,2,30.05,18,2,2022-06-13 09:04:03
1655111044002966000,30.0,3,29.95,29,30.05,18,2,2022-06-13 09:04:04
1655111044120263000,29.95,1,29.95,28,30.05,18,2,2022-06-13 09:04:04
1655111046727116000,30.0,5,29.95,35,30.0,53,1,2022-06-13 09:04:06
1655111046799798000,29.95,5,29.95,30,30.0,53,2,2022-06-13 09:04:06
1655111046845791000,30.0,1,29.95,30,30.0,52,1,2022-06-13 09:04:06
1655111046993508000,30.0,1,29.95,30,30.0,51,1,2022-06-13 09:04:06
1655111047139983000,30.0,1,29.95,31,30.0,50,1,2022-06-13 09:04:07
1655111047292519000,30.0,1,29.95,31,30.0,49,1,2022-06-13 09:04:07
1655111047442232000,30.0,1,29.95,31,30.0,48,1,2022-06-13 09:04:07
1655111047582043000,30.0,1,29.95,31,30.0,47,1,2022-06-13 09:04:07
1655111047611930000,30.0,1,29.95,31,30.0,46,1,2022-06-13 09:04:07
1655111047723470000,30.0,1,29.95,31,30.0,45,1,2022-06-13 09:04:07
1655111047848238000,30.0,1,29.95,32,30.0,44,1,2022-06-13 09:04:07
1655111047886032000,30.0,1,29.95,32,30.0,43,1,2022-06-13 09:04:07
1655111047965672000,29.95,3,29.95,29,30.0,43,2,2022-06-13 09:04:07
1655111048774158000,30.0,2,29.95,29,30.0,48,1,2022-06-13 09:04:08
1655111049163892000,30.0,10,29.95,31,30.0,41,1,2022-06-13 09:04:09
1655111049297348000,30.0,10,29.95,31,30.0,31,1,2022-06-13 09:04:09
1655111049564122000,30.0,3,29.95,31,30.0,28,1,2022-06-13 09:04:09
1655111049864941000,29.95,1,29.95,34,30.0,29,2,2022-06-13 09:04:09
1655111050026348000,30.0,20,29.95,34,30.0,9,1,2022-06-13 09:04:10
1655111050060667000,30.0,3,29.95,34,30.0,6,1,2022-06-13 09:04:10
1655111050061453000,30.0,6,29.95,34,30.05,38,1,2022-06-13 09:04:10
1655111050200097000,30.0,1,29.95,35,30.0,2,1,2022-06-13 09:04:10
1655111050693671000,30.0,3,30.0,9,30.05,38,1,2022-06-13 09:04:10
1655111051354938000,30.05,3,30.0,24,30.05,35,1,2022-06-13 09:04:11
1655111051545911000,30.0,3,30.0,21,30.05,35,2,2022-06-13 09:04:11
1655111051904514000,30.05,15,30.0,21,30.05,25,1,2022-06-13 09:04:11
1655111052015495000,30.0,1,30.0,21,30.05,25,2,2022-06-13 09:04:12
1655111052262616000,30.05,1,30.0,23,30.05,24,1,2022-06-13 09:04:12
1655111052469511000,30.0,4,30.0,19,30.05,24,2,2022-06-13 09:04:12
1655111052642476000,30.05,20,30.0,19,30.05,4,1,2022-06-13 09:04:12
1655111052671689000,30.05,4,30.0,21,30.1,60,1,2022-06-13 09:04:12
1655111052931152000,30.0,1,30.0,20,30.1,66,2,2022-06-13 09:04:12
1655111053003337000,30.1,1,30.0,20,30.1,65,1,2022-06-13 09:04:13
1655111053074248000,30.1,2,30.0,20,30.1,63,1,2022-06-13 09:04:13
1655111053977155000,30.0,10,30.0,16,30.1,63,2,2022-06-13 09:04:13
1655111053998420000,30.1,3,30.0,16,30.1,60,1,2022-06-13 09:04:13
1655111054194649000,30.1,1,30.0,16,30.1,59,1,2022-06-13 09:04:14
1655111055207415000,30.0,5,30.0,13,30.1,64,2,2022-06-13 09:04:15
1655111055854961000,30.1,1,30.05,5,30.1,63,1,2022-06-13 09:04:15
1655111056077520000,30.05,5,30.0,24,30.1,63,2,2022-06-13 09:04:16
1655111056146376000,30.0,3,30.0,21,30.05,11,2,2022-06-13 09:04:16
1655111056629215000,30.05,1,30.0,22,30.05,10,1,2022-06-13 09:04:16
1655111056643275000,30.0,1,30.0,21,30.05,10,2,2022-06-13 09:04:16
1655111056716039000,30.0,2,30.0,19,30.05,10,2,2022-06-13 09:04:16
1655111056817764000,30.05,1,30.0,19,30.05,9,1,2022-06-13 09:04:16
1655111057226901000,30.05,2,30.0,19,30.05,7,1,2022-06-13 09:04:17
1655111058938675000,30.0,5,30.0,34,30.05,13,2,2022-06-13 09:04:18
1655111060194824000,30.0,1,30.0,39,30.05,13,2,2022-06-13 09:04:20
1655111060393963000,30.05,1,30.0,40,30.05,12,1,2022-06-13 09:04:20
1655111060410757000,30.05,5,30.0,40,30.05,7,1,2022-06-13 09:04:20
1655111060529836000,30.05,4,30.0,43,30.05,4,1,2022-06-13 09:04:20
1655111060953304000,30.05,1,30.0,78,30.05,8,1,2022-06-13 09:04:20
1655111061004597000,30.0,1,30.0,77,30.05,8,2,2022-06-13 09:04:21
1655111061296199000,30.05,1,30.0,78,30.05,11,1,2022-06-13 09:04:21
1655111061989549000,30.05,1,30.0,78,30.05,11,1,2022-06-13 09:04:21
1655111062870010000,30.0,10,30.0,75,30.05,11,2,2022-06-13 09:04:22
1655111063467841000,30.0,10,30.0,68,30.05,13,2,2022-06-13 09:04:23
1655111063728720000,30.0,10,30.0,58,30.05,18,2,2022-06-13 09:04:23
1655111064078526000,30.0,1,30.0,57,30.05,18,2,2022-06-13 09:04:24
1655111064185729000,30.05,1,30.0,57,30.05,17,1,2022-06-13 09:04:24
1655111064310615000,30.05,1,30.0,57,30.05,16,1,2022-06-13 09:04:24
1655111064437659000,30.0,40,30.0,17,30.05,16,2,2022-06-13 09:04:24
1655111064464413000,30.0,11,30.0,6,30.05,16,2,2022-06-13 09:04:24
1655111064464593000,30.0,6,29.95,30,30.05,16,2,2022-06-13 09:04:24
1655111064561613000,30.0,1,30.0,1,30.05,16,2,2022-06-13 09:04:24
1655111064581030000,30.0,1,29.95,50,30.05,16,2,2022-06-13 09:04:24
1655111065211797000,29.95,2,29.95,48,30.0,50,2,2022-06-13 09:04:25
1655111065442182000,29.95,48,29.9,125,30.0,60,2,2022-06-13 09:04:25
1655111065497451000,29.9,2,29.9,123,30.0,100,2,2022-06-13 09:04:25
1655111065537330000,30.0,1,29.9,123,30.0,99,1,2022-06-13 09:04:25
1655111065692662000,29.9,5,29.9,118,29.95,24,2,2022-06-13 09:04:25
1655111065704883000,29.95,10,29.9,118,29.95,14,1,2022-06-13 09:04:25
1655111065725763000,29.9,5,29.9,113,29.95,14,2,2022-06-13 09:04:25
1655111065787649000,29.95,1,29.9,113,29.95,39,1,2022-06-13 09:04:25
1655111065803875000,29.9,3,29.9,110,29.95,39,2,2022-06-13 09:04:25
1655111065955020000,29.95,3,29.9,110,29.95,36,1,2022-06-13 09:04:25
1655111066014281000,29.95,3,29.9,110,29.95,33,1,2022-06-13 09:04:26
1655111066130735000,29.9,24,29.9,86,29.95,33,2,2022-06-13 09:04:26
1655111066213633000,29.95,10,29.9,86,29.95,30,1,2022-06-13 09:04:26
1655111066246172000,29.9,2,29.9,84,29.95,30,2,2022-06-13 09:04:26
1655111066384263000,29.95,1,29.9,84,29.95,30,1,2022-06-13 09:04:26
1655111066465952000,29.95,2,29.9,84,29.95,28,1,2022-06-13 09:04:26
1655111066604125000,29.95,1,29.9,84,29.95,27,1,2022-06-13 09:04:26
1655111067053482000,29.9,1,29.9,77,29.95,37,2,2022-06-13 09:04:27
1655111067187875000,29.9,2,29.9,75,29.95,37,2,2022-06-13 09:04:27
1655111067683738000,29.9,1,29.9,80,29.95,26,2,2022-06-13 09:04:27
1655111067948416000,29.95,2,29.9,80,29.95,24,1,2022-06-13 09:04:27
1655111067980093000,29.95,3,29.9,80,29.95,21,1,2022-06-13 09:04:27
1655111068533614000,29.9,1,29.9,79,29.95,34,2,2022-06-13 09:04:28
1655111068567092000,29.9,1,29.9,78,29.95,34,2,2022-06-13 09:04:28
1655111068842026000,29.95,2,29.9,80,29.95,31,1,2022-06-13 09:04:28
1655111069581256000,29.9,5,29.9,75,29.95,29,2,2022-06-13 09:04:29
1655111069836366000,29.9,10,29.9,67,29.95,34,2,2022-06-13 09:04:29
1655111070361230000,29.9,1,29.9,66,29.95,34,2,2022-06-13 09:04:30
1655111070457703000,29.9,5,29.9,62,29.95,34,2,2022-06-13 09:04:30
1655111070870996000,29.95,1,29.9,60,29.95,43,1,2022-06-13 09:04:30
1655111070902633000,29.9,4,29.9,56,29.95,43,2,2022-06-13 09:04:30
1655111072215245000,29.9,10,29.9,45,29.95,32,2,2022-06-13 09:04:32
1655111073323379000,29.9,3,29.9,42,29.95,29,2,2022-06-13 09:04:33
1655111073500108000,29.95,1,29.9,42,29.95,28,1,2022-06-13 09:04:33
1655111073632898000,29.9,1,29.9,41,29.95,28,2,2022-06-13 09:04:33
1655111073689006000,29.95,1,29.9,41,29.95,27,1,2022-06-13 09:04:33
1655111073767428000,29.9,1,29.9,40,29.95,27,2,2022-06-13 09:04:33
1655111073847351000,29.95,1,29.9,40,29.95,26,1,2022-06-13 09:04:33
1655111073892357000,29.95,3,29.9,40,29.95,23,1,2022-06-13 09:04:33
1655111073946309000,29.95,5,29.9,40,29.95,19,1,2022-06-13 09:04:33
1655111073961407000,29.9,5,29.9,35,29.95,19,2,2022-06-13 09:04:33
1655111073997901000,29.95,1,29.9,35,29.95,18,1,2022-06-13 09:04:33
1655111074023120000,29.95,10,29.9,35,29.95,8,1,2022-06-13 09:04:34
1655111074139088000,29.95,1,29.9,35,29.95,7,1,2022-06-13 09:04:34
1655111074237962000,29.95,12,29.9,35,29.95,2,1,2022-06-13 09:04:34
1655111074273352000,29.95,1,29.9,35,29.95,1,1,2022-06-13 09:04:34
1655111074302648000,29.9,1,29.9,34,29.95,1,2,2022-06-13 09:04:34
1655111074392206000,29.95,1,29.9,34,30.0,100,1,2022-06-13 09:04:34
1655111074404375000,30.0,1,29.9,34,30.0,99,1,2022-06-13 09:04:34
1655111074436796000,29.9,2,29.9,32,30.0,99,2,2022-06-13 09:04:34
1655111074556155000,30.0,1,29.9,32,30.0,80,1,2022-06-13 09:04:34
1655111074604145000,29.9,1,29.9,31,30.0,80,2,2022-06-13 09:04:34
1655111074610239000,29.9,5,29.9,26,30.0,80,2,2022-06-13 09:04:34
1655111074636797000,29.9,2,29.9,24,30.0,80,2,2022-06-13 09:04:34
1655111074649442000,29.9,2,29.9,22,30.0,80,2,2022-06-13 09:04:34
1655111074859293000,29.9,20,29.9,2,30.0,80,2,2022-06-13 09:04:34
1655111074883304000,29.9,2,29.85,25,30.0,80,2,2022-06-13 09:04:34
1655111074987477000,29.85,29,29.8,70,30.0,80,2,2022-06-13 09:04:34
1655111074987477000,29.8,1,29.8,70,30.0,80,2,2022-06-13 09:04:34
1655111075213290000,29.85,2,29.85,2,29.95,4,2,2022-06-13 09:04:35
1655111075811914000,29.95,1,29.9,22,29.95,10,1,2022-06-13 09:04:35
1655111076058328000,29.9,1,29.9,26,29.95,12,2,2022-06-13 09:04:36
1655111076295854000,29.95,5,29.9,26,29.95,7,1,2022-06-13 09:04:36
1655111076478262000,29.9,5,29.9,21,29.95,7,2,2022-06-13 09:04:36
1655111076679249000,29.9,20,29.9,1,29.95,7,2,2022-06-13 09:04:36
1655111076700735000,29.9,1,29.85,2,29.95,7,2,2022-06-13 09:04:36
1655111078261395000,29.9,1,29.85,2,29.9,11,1,2022-06-13 09:04:38
1655111078279882000,29.9,1,29.85,2,29.9,10,1,2022-06-13 09:04:38
1655111078469664000,29.9,1,29.85,2,29.9,9,1,2022-06-13 09:04:38
1655111078685214000,29.9,1,29.85,2,29.9,8,1,2022-06-13 09:04:38
1655111080058782000,29.85,1,29.85,1,29.9,26,2,2022-06-13 09:04:40
1655111080437060000,29.9,7,29.85,2,29.9,19,1,2022-06-13 09:04:40
1655111080573228000,29.9,2,29.85,6,29.9,17,1,2022-06-13 09:04:40
1655111080926267000,29.9,17,29.85,7,29.95,19,1,2022-06-13 09:04:40
1655111081712953000,29.9,1,29.85,8,29.9,2,1,2022-06-13 09:04:41
1655111081825160000,29.9,2,29.85,8,29.95,19,1,2022-06-13 09:04:41
1655111082001820000,29.9,1,29.8,65,29.95,20,2,2022-06-13 09:04:42
1655111082001820000,29.85,8,29.8,65,29.95,20,2,2022-06-13 09:04:42
1655111082001820000,29.8,1,29.8,65,29.95,20,2,2022-06-13 09:04:42
1655111082208653000,29.9,1,29.85,2,29.95,20,2,2022-06-13 09:04:42
1655111082606611000,29.9,1,29.85,12,29.95,25,2,2022-06-13 09:04:42
1655111083199687000,29.85,5,29.85,11,29.95,25,2,2022-06-13 09:04:43
1655111083984262000,29.9,2,29.85,13,29.9,2,2,2022-06-13 09:04:43
1655111084162294000,29.85,1,29.85,12,29.9,2,2,2022-06-13 09:04:44
1655111084332223000,29.9,1,29.85,12,29.9,2,1,2022-06-13 09:04:44
1655111084469533000,29.9,1,29.85,13,29.9,1,1,2022-06-13 09:04:44
1655111084502295000,29.9,1,29.85,13,29.95,25,1,2022-06-13 09:04:44
1655111084628645000,29.95,1,29.85,13,29.95,24,1,2022-06-13 09:04:44
1655111084769818000,29.95,1,29.85,13,29.95,23,1,2022-06-13 09:04:44
1655111084804728000,29.95,1,29.85,13,29.95,22,1,2022-06-13 09:04:44
1655111084915446000,29.95,1,29.85,13,29.95,21,1,2022-06-13 09:04:44
1655111085431929000,29.95,3,29.85,13,29.95,21,1,2022-06-13 09:04:45
1655111085810246000,29.9,1,29.85,13,29.95,21,1,2022-06-13 09:04:45
1655111085997426000,29.9,1,29.85,13,29.9,29,2,2022-06-13 09:04:45
1655111086008747000,29.9,2,29.85,13,29.9,27,1,2022-06-13 09:04:46
1655111086474130000,29.9,1,29.85,14,29.9,26,1,2022-06-13 09:04:46
1655111086958121000,29.9,1,29.85,24,29.9,25,1,2022-06-13 09:04:46
1655111086965283000,29.9,10,29.85,24,29.9,15,1,2022-06-13 09:04:46
1655111086997645000,29.9,14,29.85,24,29.9,1,1,2022-06-13 09:04:46
1655111087031472000,29.9,1,29.85,24,29.95,23,1,2022-06-13 09:04:47
1655111089132536000,29.95,13,29.9,16,29.95,11,1,2022-06-13 09:04:49
1655111089154714000,29.95,4,29.9,16,29.95,7,1,2022-06-13 09:04:49
1655111089243056000,29.95,2,29.9,16,29.95,5,1,2022-06-13 09:04:49
1655111089243271000,29.95,2,29.9,16,29.95,3,1,2022-06-13 09:04:49
1655111089243424000,29.95,1,29.9,16,29.95,2,1,2022-06-13 09:04:49
1655111089273955000,29.95,2,29.9,16,30.0,52,1,2022-06-13 09:04:49
1655111089340527000,29.9,2,29.9,14,30.0,52,2,2022-06-13 09:04:49
1655111089383236000,30.0,5,29.9,14,30.0,47,1,2022-06-13 09:04:49
1655111089657763000,30.0,22,29.9,14,30.0,25,1,2022-06-13 09:04:49
1655111090220161000,30.0,20,29.9,17,30.0,5,1,2022-06-13 09:04:50
1655111090251905000,30.0,5,29.9,17,30.05,34,1,2022-06-13 09:04:50
1655111090489809000,29.9,5,29.9,12,30.05,34,2,2022-06-13 09:04:50
1655111090804165000,30.05,2,30.0,4,30.05,32,1,2022-06-13 09:04:50
1655111090901230000,30.0,1,30.0,3,30.05,32,2,2022-06-13 09:04:50
1655111091176078000,30.05,2,30.0,3,30.05,33,1,2022-06-13 09:04:51
1655111091448026000,30.0,1,30.0,2,30.05,29,2,2022-06-13 09:04:51
1655111091486770000,30.0,1,30.0,1,30.05,29,2,2022-06-13 09:04:51
1655111092375780000,30.05,1,30.0,1,30.05,30,1,2022-06-13 09:04:52
1655111092519627000,30.0,1,29.95,1,30.0,1,2,2022-06-13 09:04:52
1655111092764824000,30.0,2,29.95,1,30.05,30,1,2022-06-13 09:04:52
1655111093139221000,29.95,1,29.95,2,30.05,30,2,2022-06-13 09:04:53
1655111093688875000,30.05,1,30.0,16,30.05,29,1,2022-06-13 09:04:53
1655111093689020000,30.05,3,30.0,16,30.05,26,1,2022-06-13 09:04:53
1655111093689224000,30.05,1,30.0,16,30.05,25,1,2022-06-13 09:04:53
1655111093777961000,30.05,1,30.0,16,30.05,24,1,2022-06-13 09:04:53
1655111094819507000,30.05,2,30.0,18,30.05,25,1,2022-06-13 09:04:54
1655111095512538000,30.0,1,30.0,17,30.05,26,2,2022-06-13 09:04:55
1655111095778987000,30.0,8,30.0,15,30.05,26,2,2022-06-13 09:04:55
1655111095943162000,30.0,2,30.0,13,30.05,26,2,2022-06-13 09:04:55
1655111096586075000,30.0,3,30.0,13,30.05,26,2,2022-06-13 09:04:56
1655111097237986000,30.05,1,30.0,13,30.05,30,1,2022-06-13 09:04:57
1655111097554133000,30.05,1,30.0,13,30.05,29,1,2022-06-13 09:04:57
1655111097881346000,30.0,1,30.0,12,30.05,29,2,2022-06-13 09:04:57
1655111098571742000,30.05,2,30.0,14,30.05,27,1,2022-06-13 09:04:58
1655111099371177000,30.0,14,29.95,14,30.0,36,2,2022-06-13 09:04:59
1655111099450954000,30.0,30,29.95,14,30.0,56,1,2022-06-13 09:04:59
1655111100031531000,30.0,1,29.95,14,30.0,65,1,2022-06-13 09:05:00
1655111100112697000,29.95,14,29.9,21,29.95,6,2,2022-06-13 09:05:00
1655111100265911000,29.95,1,29.9,21,29.95,5,1,2022-06-13 09:05:00
1655111100315072000,29.95,1,29.9,21,29.95,4,1,2022-06-13 09:05:00
1655111100484175000,29.95,1,29.9,21,29.95,10,1,2022-06-13 09:05:00
1655111100658794000,29.95,3,29.9,21,29.95,7,1,2022-06-13 09:05:00
1655111101385830000,29.95,3,29.9,12,29.95,6,1,2022-06-13 09:05:01
1655111101385982000,29.95,2,29.9,12,29.95,4,1,2022-06-13 09:05:01
1655111101442190000,29.95,1,29.9,12,29.95,3,1,2022-06-13 09:05:01
1655111101514684000,29.95,2,29.9,12,29.95,1,1,2022-06-13 09:05:01
1655111101514872000,29.95,1,29.9,12,30.0,77,1,2022-06-13 09:05:01
1655111101515000000,30.0,2,29.9,12,30.0,75,1,2022-06-13 09:05:01
1655111101587303000,29.95,2,29.9,12,30.0,75,2,2022-06-13 09:05:01
1655111102344501000,29.95,1,29.9,12,30.0,73,1,2022-06-13 09:05:02
1655111102344501000,30.0,2,29.9,12,30.0,73,1,2022-06-13 09:05:02
1655111102547715000,30.0,4,29.9,12,30.0,69,1,2022-06-13 09:05:02
1655111102547910000,30.0,1,29.9,12,30.0,68,1,2022-06-13 09:05:02
1655111102669911000,30.0,2,29.9,12,30.0,66,1,2022-06-13 09:05:02
1655111103362454000,29.95,1,29.95,1,30.0,69,1,2022-06-13 09:05:03
1655111103406889000,29.95,1,29.9,12,30.0,69,2,2022-06-13 09:05:03
1655111103625679000,30.0,1,29.9,12,30.0,68,1,2022-06-13 09:05:03
1655111103929137000,29.95,2,29.9,12,30.0,65,1,2022-06-13 09:05:03
1655111103929137000,30.0,3,29.9,12,30.0,65,1,2022-06-13 09:05:03
1655111104279031000,30.0,4,29.9,12,30.0,61,1,2022-06-13 09:05:04
1655111104279206000,30.0,1,29.9,12,30.0,60,1,2022-06-13 09:05:04
1655111104355153000,29.9,1,29.9,11,30.0,60,2,2022-06-13 09:05:04
1655111104809122000,29.95,1,29.95,3,30.0,60,2,2022-06-13 09:05:04
1655111104854844000,29.95,3,29.9,11,30.0,60,2,2022-06-13 09:05:04
1655111105334374000,29.95,5,29.9,12,30.0,62,1,2022-06-13 09:05:05
1655111105842434000,30.0,2,29.9,12,30.0,61,1,2022-06-13 09:05:05
1655111106021320000,30.0,1,29.9,12,30.0,60,1,2022-06-13 09:05:06
1655111106697041000,29.95,1,29.9,17,29.95,4,2,2022-06-13 09:05:06
1655111106800593000,29.9,1,29.9,16,29.95,5,2,2022-06-13 09:05:06
1655111106976713000,29.95,4,29.9,21,29.95,1,1,2022-06-13 09:05:06
1655111106976880000,29.95,1,29.9,21,30.0,66,1,2022-06-13 09:05:06
1655111108496111000,29.95,1,29.9,31,30.0,107,1,2022-06-13 09:05:08
1655111108582231000,29.9,1,29.9,30,30.0,107,2,2022-06-13 09:05:08
1655111108697147000,29.95,4,29.9,30,30.0,107,2,2022-06-13 09:05:08
1655111109172707000,29.95,1,29.9,33,29.95,76,1,2022-06-13 09:05:09
1655111109448233000,29.95,1,29.9,33,29.95,75,1,2022-06-13 09:05:09
1655111109498175000,29.95,1,29.9,33,29.95,74,1,2022-06-13 09:05:09
1655111109511916000,29.9,20,29.9,13,29.95,74,2,2022-06-13 09:05:09
1655111109536103000,29.9,9,29.9,4,29.95,74,2,2022-06-13 09:05:09
1655111109557411000,29.9,4,29.85,41,29.95,74,2,2022-06-13 09:05:09
1655111110028868000,29.9,15,29.9,18,29.95,134,2,2022-06-13 09:05:10
1655111110059702000,29.9,4,29.9,14,29.95,134,2,2022-06-13 09:05:10
1655111110059752000,29.9,5,29.9,9,29.95,134,2,2022-06-13 09:05:10
1655111110088414000,29.95,1,29.9,9,29.95,133,1,2022-06-13 09:05:10
1655111110091305000,29.9,9,29.85,41,29.95,133,2,2022-06-13 09:05:10
1655111110244386000,29.9,1,29.85,38,29.9,19,1,2022-06-13 09:05:10
1655111110579345000,29.9,9,29.85,38,29.9,16,1,2022-06-13 09:05:10
1655111110579486000,29.9,1,29.85,38,29.9,15,1,2022-06-13 09:05:10
1655111110690187000,29.9,5,29.85,38,29.9,10,1,2022-06-13 09:05:10
1655111110825148000,29.9,5,29.85,38,29.9,5,1,2022-06-13 09:05:10
1655111110825264000,29.9,1,29.85,38,29.9,4,1,2022-06-13 09:05:10
1655111110825410000,29.9,4,29.85,38,29.95,133,1,2022-06-13 09:05:10
1655111110931658000,29.85,20,29.85,28,29.95,133,2,2022-06-13 09:05:10
1655111111014253000,29.95,3,29.85,28,29.95,130,1,2022-06-13 09:05:11
1655111111014400000,29.95,7,29.85,28,29.95,123,1,2022-06-13 09:05:11
1655111111065126000,29.85,15,29.85,13,29.95,123,2,2022-06-13 09:05:11
1655111111291733000,29.85,13,29.8,84,29.95,123,2,2022-06-13 09:05:11
1655111111408311000,29.9,1,29.8,84,29.95,123,2,2022-06-13 09:05:11
1655111112090502000,29.95,2,29.9,4,29.95,124,1,2022-06-13 09:05:12
1655111112244514000,29.9,4,29.8,86,29.95,124,2,2022-06-13 09:05:12
1655111112568507000,29.9,1,29.9,4,29.95,133,1,2022-06-13 09:05:12
1655111112576164000,29.9,1,29.9,3,29.95,133,2,2022-06-13 09:05:12
1655111112596252000,29.9,3,29.8,96,29.95,133,2,2022-06-13 09:05:12
1655111112819464000,29.9,1,29.8,96,29.9,8,1,2022-06-13 09:05:12
1655111113746627000,29.85,1,29.8,95,29.9,29,1,2022-06-13 09:05:13
1655111114025641000,29.9,1,29.8,95,29.9,28,1,2022-06-13 09:05:14
1655111115904347000,29.85,1,29.8,92,29.9,62,1,2022-06-13 09:05:15
1655111117466920000,29.85,1,29.8,92,29.85,13,1,2022-06-13 09:05:17
1655111117533640000,29.85,1,29.8,92,29.85,12,1,2022-06-13 09:05:17
1655111117825872000,29.85,1,29.8,93,29.85,11,1,2022-06-13 09:05:17
1655111118176624000,29.85,1,29.8,94,29.85,23,1,2022-06-13 09:05:18
1655111118372863000,29.85,2,29.8,94,29.85,21,1,2022-06-13 09:05:18
1655111118806590000,29.85,1,29.8,94,29.85,20,1,2022-06-13 09:05:18
1655111119052953000,29.85,1,29.8,95,29.85,19,1,2022-06-13 09:05:19
1655111119187344000,29.85,1,29.8,95,29.85,18,1,2022-06-13 09:05:19
1655111119338570000,29.85,1,29.8,95,29.85,23,1,2022-06-13 09:05:19
1655111119595809000,29.85,1,29.8,95,29.85,22,1,2022-06-13 09:05:19
1655111119732963000,29.85,1,29.8,95,29.85,21,1,2022-06-13 09:05:19
1655111119765752000,29.85,3,29.8,95,29.85,18,1,2022-06-13 09:05:19
1655111119766046000,29.85,18,29.8,95,29.9,60,1,2022-06-13 09:05:19
1655111119879232000,29.9,1,29.8,95,29.9,59,1,2022-06-13 09:05:19
1655111119949271000,29.85,16,29.8,95,29.85,62,1,2022-06-13 09:05:19
1655111120044764000,29.8,1,29.8,94,29.85,62,2,2022-06-13 09:05:20
1655111120270213000,29.85,1,29.8,94,29.85,79,1,2022-06-13 09:05:20
1655111120328397000,29.8,5,29.8,89,29.85,79,2,2022-06-13 09:05:20
1655111120764133000,29.8,10,29.8,80,29.85,79,2,2022-06-13 09:05:20
1655111120772409000,29.85,17,29.8,80,29.85,62,1,2022-06-13 09:05:20
1655111121117608000,29.85,1,29.8,80,29.85,67,1,2022-06-13 09:05:21
1655111121179475000,29.85,2,29.8,84,29.85,65,1,2022-06-13 09:05:21
1655111121559789000,29.85,10,29.8,81,29.85,55,1,2022-06-13 09:05:21
1655111121915765000,29.85,1,29.8,83,29.85,56,1,2022-06-13 09:05:21
1655111122238092000,29.8,1,29.8,83,29.85,56,2,2022-06-13 09:05:22
1655111122252435000,29.85,1,29.8,83,29.85,55,1,2022-06-13 09:05:22
1655111122861578000,29.8,1,29.8,82,29.85,62,2,2022-06-13 09:05:22
1655111122973206000,29.85,3,29.8,82,29.85,59,1,2022-06-13 09:05:22
1655111124052335000,29.8,1,29.8,77,29.85,64,2,2022-06-13 09:05:24
1655111124196230000,29.85,1,29.8,77,29.85,63,1,2022-06-13 09:05:24
1655111124579009000,29.8,1,29.8,76,29.85,63,2,2022-06-13 09:05:24
1655111124971277000,29.85,2,29.8,76,29.85,61,1,2022-06-13 09:05:24
1655111125313933000,29.8,20,29.8,56,29.85,59,2,2022-06-13 09:05:25
1655111125533753000,29.85,1,29.8,56,29.85,59,1,2022-06-13 09:05:25
1655111125664308000,29.85,1,29.8,56,29.85,60,1,2022-06-13 09:05:25
1655111125804425000,29.85,1,29.8,56,29.85,52,1,2022-06-13 09:05:25
1655111125955697000,29.85,1,29.8,56,29.85,51,1,2022-06-13 09:05:25
1655111126044348000,29.8,1,29.8,55,29.85,51,2,2022-06-13 09:05:26
1655111126166043000,29.8,1,29.8,54,29.85,51,2,2022-06-13 09:05:26
1655111126758303000,29.85,1,29.8,56,29.85,50,1,2022-06-13 09:05:26
1655111126759615000,29.8,1,29.8,55,29.85,50,2,2022-06-13 09:05:26
1655111126886691000,29.85,1,29.8,55,29.85,49,1,2022-06-13 09:05:26
1655111127165861000,29.8,3,29.8,52,29.85,52,2,2022-06-13 09:05:27
1655111128589552000,29.8,1,29.8,58,29.85,61,2,2022-06-13 09:05:28
1655111128930753000,29.85,1,29.8,58,29.85,60,1,2022-06-13 09:05:28
1655111129075292000,29.85,1,29.8,58,29.85,61,1,2022-06-13 09:05:29
1655111129249500000,29.8,18,29.8,41,29.85,83,2,2022-06-13 09:05:29
1655111129312947000,29.8,5,29.8,36,29.85,83,2,2022-06-13 09:05:29
1655111129353375000,29.8,1,29.8,35,29.85,83,2,2022-06-13 09:05:29
1655111129434239000,29.85,1,29.8,35,29.85,82,1,2022-06-13 09:05:29
1655111129586829000,29.85,1,29.8,35,29.85,81,1,2022-06-13 09:05:29
1655111129757590000,29.85,1,29.8,38,29.85,73,1,2022-06-13 09:05:29
1655111129842149000,29.8,20,29.8,18,29.85,73,2,2022-06-13 09:05:29
1655111129875122000,29.8,7,29.8,11,29.85,74,2,2022-06-13 09:05:29
1655111129922705000,29.85,1,29.8,11,29.85,73,1,2022-06-13 09:05:29
1655111129953855000,29.8,4,29.8,7,29.85,73,2,2022-06-13 09:05:29
1655111130078894000,29.85,1,29.8,7,29.85,76,1,2022-06-13 09:05:30
1655111130179782000,29.85,1,29.8,7,29.85,76,1,2022-06-13 09:05:30
1655111130224733000,29.85,1,29.8,7,29.85,74,1,2022-06-13 09:05:30
1655111130297535000,29.8,1,29.8,6,29.85,74,2,2022-06-13 09:05:30
1655111130590931000,29.8,2,29.8,4,29.85,74,2,2022-06-13 09:05:30
1655111130629594000,29.85,1,29.8,4,29.85,73,1,2022-06-13 09:05:30
1655111130775243000,29.8,1,29.8,3,29.85,73,2,2022-06-13 09:05:30
1655111130942100000,29.8,2,29.8,1,29.85,74,2,2022-06-13 09:05:30
1655111130943108000,29.8,1,29.75,11,29.8,1,2,2022-06-13 09:05:30
1655111130998746000,29.8,1,29.75,16,29.8,1,1,2022-06-13 09:05:30
1655111131044425000,29.75,7,29.75,19,29.8,1,2,2022-06-13 09:05:31
1655111131177609000,29.8,2,29.8,1,29.85,74,1,2022-06-13 09:05:31
1655111131231978000,29.8,1,29.75,7,29.85,74,2,2022-06-13 09:05:31
1655111131231978000,29.75,12,29.75,7,29.85,74,2,2022-06-13 09:05:31
1655111131832753000,29.75,1,29.75,6,29.85,95,2,2022-06-13 09:05:31
1655111132192096000,29.75,2,29.75,4,29.85,95,2,2022-06-13 09:05:32
1655111132617214000,29.75,2,29.75,10,29.8,26,2,2022-06-13 09:05:32
1655111132766707000,29.8,38,29.75,10,29.85,83,1,2022-06-13 09:05:32
1655111132766707000,29.85,12,29.75,10,29.85,83,1,2022-06-13 09:05:32
1655111132816113000,29.75,3,29.75,9,29.85,83,2,2022-06-13 09:05:32
1655111133090993000,29.75,4,29.75,5,29.8,21,2,2022-06-13 09:05:33
1655111133618124000,29.8,3,29.75,3,29.8,18,1,2022-06-13 09:05:33
1655111134329629000,29.75,5,29.7,53,29.8,28,2,2022-06-13 09:05:34
1655111134329629000,29.7,15,29.7,53,29.8,28,2,2022-06-13 09:05:34
1655111134393903000,29.8,2,29.7,53,29.8,26,1,2022-06-13 09:05:34
1655111134486908000,29.7,18,29.7,35,29.75,5,2,2022-06-13 09:05:34
1655111134755832000,29.75,2,29.7,35,29.75,3,1,2022-06-13 09:05:34
1655111134786707000,29.75,1,29.7,35,29.75,2,1,2022-06-13 09:05:34
1655111135646370000,29.75,1,29.7,44,29.75,1,1,2022-06-13 09:05:35
1655111135812564000,29.75,1,29.75,1,29.8,26,1,2022-06-13 09:05:35
1655111136078961000,29.8,4,29.75,1,29.8,40,1,2022-06-13 09:05:36
1655111136079019000,29.8,1,29.75,1,29.8,39,1,2022-06-13 09:05:36
1655111136203357000,29.8,2,29.75,1,29.8,37,1,2022-06-13 09:05:36
1655111136203589000,29.8,3,29.75,1,29.8,34,1,2022-06-13 09:05:36
1655111136617438000,29.75,1,29.7,39,29.8,35,2,2022-06-13 09:05:36
1655111136617438000,29.7,4,29.7,39,29.8,35,2,2022-06-13 09:05:36
1655111136747337000,29.7,1,29.7,43,29.8,94,2,2022-06-13 09:05:36
1655111137539074000,29.75,2,29.75,12,29.8,95,2,2022-06-13 09:05:37
1655111137793159000,29.75,10,29.75,2,29.8,95,2,2022-06-13 09:05:37
1655111138563048000,29.8,1,29.75,7,29.8,94,1,2022-06-13 09:05:38
1655111138989817000,29.75,5,29.75,1,29.8,94,2,2022-06-13 09:05:38
1655111139086134000,29.75,1,29.7,43,29.8,97,2,2022-06-13 09:05:39
1655111139552853000,29.75,5,29.75,9,29.8,98,2,2022-06-13 09:05:39
1655111139679761000,29.75,1,29.75,9,29.8,98,2,2022-06-13 09:05:39
1655111140015587000,29.8,1,29.75,9,29.8,95,1,2022-06-13 09:05:40
1655111140133752000,29.8,10,29.75,9,29.8,85,1,2022-06-13 09:05:40
1655111140324060000,29.75,6,29.75,3,29.8,85,2,2022-06-13 09:05:40
1655111141148198000,29.75,18,29.7,43,29.8,90,2,2022-06-13 09:05:41
1655111141224572000,29.7,1,29.7,42,29.75,2,2,2022-06-13 09:05:41
1655111141504246000,29.75,1,29.7,42,29.75,1,1,2022-06-13 09:05:41
1655111141649377000,29.75,1,29.7,42,29.8,90,1,2022-06-13 09:05:41
1655111141798146000,29.8,1,29.75,1,29.8,89,1,2022-06-13 09:05:41
1655111141992400000,29.8,1,29.75,2,29.8,88,1,2022-06-13 09:05:41
1655111142016805000,29.75,1,29.75,1,29.8,88,2,2022-06-13 09:05:42
1655111142099948000,29.75,1,29.7,42,29.8,91,2,2022-06-13 09:05:42
1655111142184708000,29.7,10,29.7,32,29.8,91,2,2022-06-13 09:05:42
1655111142332328000,29.75,1,29.7,32,29.8,91,1,2022-06-13 09:05:42
1655111142497032000,29.8,1,29.7,30,29.8,90,1,2022-06-13 09:05:42
1655111142667672000,29.75,1,29.7,30,29.75,2,1,2022-06-13 09:05:42
1655111142882045000,29.75,1,29.7,30,29.75,1,1,2022-06-13 09:05:42
1655111143041749000,29.75,1,29.7,30,29.8,90,1,2022-06-13 09:05:43
1655111143091316000,29.75,1,29.7,35,29.75,39,2,2022-06-13 09:05:43
1655111143126931000,29.7,1,29.7,34,29.75,39,2,2022-06-13 09:05:43
1655111143135281000,29.75,1,29.7,34,29.75,38,1,2022-06-13 09:05:43
1655111143236419000,29.75,1,29.7,34,29.75,37,1,2022-06-13 09:05:43
1655111143401859000,29.75,3,29.7,34,29.75,34,1,2022-06-13 09:05:43
1655111143612026000,29.75,2,29.7,34,29.75,42,1,2022-06-13 09:05:43
1655111143805142000,29.7,1,29.7,33,29.75,42,2,2022-06-13 09:05:43
1655111145149503000,29.7,1,29.7,35,29.75,45,2,2022-06-13 09:05:45
