ts,close,volume,bid_price,bid_volume,ask_price,ask_volume,tick_type,datetime
1655110802547463000,18.5,1057,18.45,15,18.5,53,0,2022-06-13 09:00:02
1655110802957511000,18.45,1,18.45,14,18.5,54,2,2022-06-13 09:00:02
1655110803087866000,18.45,14,18.35,27,18.5,54,2,2022-06-13 09:00:03
1655110803087866000,18.4,4,18.35,27,18.5,54,2,2022-06-13 09:00:03
1655110803087866000,18.35,1,18.35,27,18.5,54,2,2022-06-13 09:00:03
1655110803102385000,18.35,3,18.35,24,18.5,54,2,2022-06-13 09:00:03
1655110803387483000,18.45,1,18.35,25,18.5,54,1,2022-06-13 09:00:03
1655110803535291000,18.5,10,18.35,25,18.5,44,1,2022-06-13 09:00:03
1655110803719766000,18.35,9,18.35,16,18.5,44,2,2022-06-13 09:00:03
1655110804223205000,18.45,1,18.35,16,18.45,5,1,2022-06-13 09:00:04
1655110804359083000,18.45,10,18.35,16,18.5,44,1,2022-06-13 09:00:04
1655110804402022000,18.5,5,18.35,16,18.5,39,1,2022-06-13 09:00:04
1655110804424796000,18.35,5,18.35,11,18.45,2,2,2022-06-13 09:00:04
1655110804501863000,18.45,2,18.35,11,18.5,39,1,2022-06-13 09:00:04
1655110805210918000,18.4,2,18.35,11,18.5,39,1,2022-06-13 09:00:05
1655110805225778000,18.35,2,18.35,9,18.5,39,2,2022-06-13 09:00:05
1655110805919270000,18.35,3,18.35,6,18.45,7,2,2022-06-13 09:00:05
1655110805988797000,18.35,1,18.35,5,18.45,9,2,2022-06-13 09:00:05
1655110806038768000,18.45,1,18.35,5,18.45,8,1,2022-06-13 09:00:06
1655110806976584000,18.45,8,18.35,5,18.5,44,1,2022-06-13 09:00:06
1655110807384723000,18.45,1,18.35,5,18.45,5,1,2022-06-13 09:00:07
1655110810996750000,18.4,3,18.35,5,18.4,1,1,2022-06-13 09:00:10
1655110811015623000,18.4,1,18.35,5,18.45,5,1,2022-06-13 09:00:11
1655110811288544000,18.35,1,18.35,4,18.45,5,2,2022-06-13 09:00:11
1655110811311361000,18.35,2,18.35,2,18.45,5,2,2022-06-13 09:00:11
1655110811787648000,18.45,1,18.35,2,18.45,4,1,2022-06-13 09:00:11
1655110811837146000,18.4,1,18.4,49,18.45,4,2,2022-06-13 09:00:11
1655110812416851000,18.45,2,18.4,49,18.45,2,1,2022-06-13 09:00:12
1655110812675985000,18.45,2,18.4,49,18.5,46,1,2022-06-13 09:00:12
1655110813288254000,18.45,5,18.4,51,18.5,46,2,2022-06-13 09:00:13
1655110814732728000,18.5,1,18.45,1,18.5,50,1,2022-06-13 09:00:14
1655110814992227000,18.45,1,18.4,28,18.5,50,2,2022-06-13 09:00:14
1655110814992227000,18.4,29,18.4,28,18.5,50,2,2022-06-13 09:00:14
1655110815372121000,18.5,3,18.4,28,18.5,46,1,2022-06-13 09:00:15
1655110815754346000,18.45,3,18.45,1,18.5,46,2,2022-06-13 09:00:15
1655110815790319000,18.45,1,18.4,28,18.5,46,2,2022-06-13 09:00:15
1655110815808717000,18.5,10,18.4,28,18.5,36,1,2022-06-13 09:00:15
1655110815831285000,18.5,2,18.4,28,18.5,34,1,2022-06-13 09:00:15
1655110815930547000,18.5,29,18.4,28,18.5,5,1,2022-06-13 09:00:15
1655110815966991000,18.5,5,18.4,28,18.55,17,1,2022-06-13 09:00:15
1655110815968066000,18.55,1,18.4,28,18.55,16,1,2022-06-13 09:00:15
1655110816574430000,18.45,1,18.45,12,18.55,16,2,2022-06-13 09:00:16
1655110817005798000,18.55,15,18.5,2,18.55,1,1,2022-06-13 09:00:17
1655110817038137000,18.55,1,18.5,2,18.6,19,1,2022-06-13 09:00:17
1655110817277271000,18.6,2,18.5,2,18.6,17,1,2022-06-13 09:00:17
1655110817388078000,18.6,1,18.55,10,18.6,16,1,2022-06-13 09:00:17
1655110817436620000,18.6,1,18.55,10,18.6,15,1,2022-06-13 09:00:17
1655110817881682000,18.6,1,18.55,10,18.6,14,1,2022-06-13 09:00:17
1655110818249328000,18.6,5,18.55,10,18.6,4,1,2022-06-13 09:00:18
1655110818278301000,18.6,4,18.55,10,18.65,6,1,2022-06-13 09:00:18
1655110818605854000,18.65,1,18.6,13,18.7,6,1,2022-06-13 09:00:18
1655110819480734000,18.7,1,18.65,15,18.7,5,1,2022-06-13 09:00:19
1655110819764687000,18.7,1,18.65,18,18.7,4,1,2022-06-13 09:00:19
1655110819809708000,18.7,3,18.65,18,18.7,1,1,2022-06-13 09:00:19
1655110819837386000,18.7,1,18.65,18,18.75,12,1,2022-06-13 09:00:19
1655110819919355000,18.65,5,18.65,13,18.75,12,2,2022-06-13 09:00:19
1655110820553857000,18.75,1,18.65,13,18.75,11,1,2022-06-13 09:00:20
1655110821287446000,18.75,2,18.7,3,18.75,9,1,2022-06-13 09:00:21
1655110821607645000,18.7,2,18.7,1,18.75,9,2,2022-06-13 09:00:21
1655110821659123000,18.7,1,18.6,14,18.75,9,2,2022-06-13 09:00:21
1655110821863762000,18.75,6,18.6,14,18.75,5,1,2022-06-13 09:00:21
1655110822184380000,18.75,2,18.6,15,18.75,5,1,2022-06-13 09:00:22
1655110822292236000,18.75,2,18.6,15,18.75,3,1,2022-06-13 09:00:22
1655110822444901000,18.75,2,18.6,15,18.75,1,1,2022-06-13 09:00:22
1655110822575591000,18.7,1,18.65,1,18.7,19,1,2022-06-13 09:00:22
1655110823054946000,18.7,1,18.65,1,18.7,23,1,2022-06-13 09:00:23
1655110823562754000,18.7,4,18.65,2,18.7,19,1,2022-06-13 09:00:23
1655110823687886000,18.7,2,18.65,2,18.7,17,1,2022-06-13 09:00:23
1655110823775933000,18.7,10,18.65,2,18.7,7,1,2022-06-13 09:00:23
1655110823801625000,18.7,7,18.65,2,18.75,11,1,2022-06-13 09:00:23
1655110823886789000,18.75,2,18.65,2,18.75,9,1,2022-06-13 09:00:23
1655110823950472000,18.65,1,18.65,1,18.75,9,2,2022-06-13 09:00:23
1655110824149449000,18.65,1,18.6,15,18.75,9,2,2022-06-13 09:00:24
1655110824149449000,18.6,1,18.6,15,18.75,9,2,2022-06-13 09:00:24
1655110824401737000,18.7,4,18.7,1,18.75,11,2,2022-06-13 09:00:24
1655110824432763000,18.7,1,18.65,4,18.75,11,2,2022-06-13 09:00:24
1655110824784924000,18.75,1,18.65,5,18.75,10,1,2022-06-13 09:00:24
1655110824810938000,18.75,2,18.65,5,18.75,8,1,2022-06-13 09:00:24
1655110824892035000,18.65,5,18.6,9,18.75,8,2,2022-06-13 09:00:24
1655110824892035000,18.6,6,18.6,9,18.75,8,2,2022-06-13 09:00:24
1655110824977633000,18.7,1,18.6,9,18.75,8,2,2022-06-13 09:00:24
1655110825300294000,18.75,1,18.7,1,18.75,7,1,2022-06-13 09:00:25
1655110825341247000,18.7,1,18.6,9,18.75,7,2,2022-06-13 09:00:25
1655110825647069000,18.7,1,18.65,5,18.7,29,1,2022-06-13 09:00:25
1655110825832430000,18.65,2,18.65,4,18.7,29,2,2022-06-13 09:00:25
1655110825853592000,18.7,1,18.65,4,18.7,28,1,2022-06-13 09:00:25
1655110826037553000,18.65,2,18.65,2,18.7,28,2,2022-06-13 09:00:26
1655110826123527000,18.7,1,18.65,2,18.7,27,1,2022-06-13 09:00:26
1655110826179573000,18.7,1,18.65,2,18.7,26,1,2022-06-13 09:00:26
1655110826284957000,18.7,1,18.65,3,18.7,25,1,2022-06-13 09:00:26
1655110826518750000,18.7,2,18.65,3,18.7,23,1,2022-06-13 09:00:26
1655110826585602000,18.7,3,18.65,3,18.7,20,1,2022-06-13 09:00:26
1655110826748056000,18.65,3,18.6,11,18.65,2,2,2022-06-13 09:00:26
1655110827016546000,18.65,2,18.6,11,18.7,12,1,2022-06-13 09:00:27
1655110827016546000,18.7,8,18.6,11,18.7,12,1,2022-06-13 09:00:27
1655110827021398000,18.6,3,18.6,8,18.7,12,2,2022-06-13 09:00:27
1655110827513648000,18.65,1,18.65,1,18.7,22,1,2022-06-13 09:00:27
1655110827640948000,18.7,15,18.65,2,18.7,7,1,2022-06-13 09:00:27
1655110827650895000,18.7,1,18.65,2,18.7,6,1,2022-06-13 09:00:27
1655110827910068000,18.7,3,18.65,2,18.7,5,1,2022-06-13 09:00:27
1655110828216078000,18.7,1,18.65,3,18.7,5,1,2022-06-13 09:00:28
1655110828497625000,18.65,5,18.65,1,18.7,5,2,2022-06-13 09:00:28
1655110828883843000,18.7,1,18.65,2,18.7,9,1,2022-06-13 09:00:28
1655110828993706000,18.65,1,18.65,1,18.7,41,2,2022-06-13 09:00:28
1655110829153972000,18.7,20,18.65,1,18.7,23,1,2022-06-13 09:00:29
1655110829180375000,18.7,1,18.65,1,18.7,22,1,2022-06-13 09:00:29
1655110829467418000,18.7,1,18.65,3,18.7,21,1,2022-06-13 09:00:29
1655110830129371000,18.65,2,18.65,3,18.7,34,2,2022-06-13 09:00:30
1655110830404504000,18.65,1,18.65,2,18.7,35,2,2022-06-13 09:00:30
1655110830491651000,18.7,1,18.65,2,18.7,34,1,2022-06-13 09:00:30
1655110830672395000,18.65,2,18.6,10,18.7,34,2,2022-06-13 09:00:30
1655110830672395000,18.6,3,18.6,10,18.7,34,2,2022-06-13 09:00:30
1655110830690495000,18.7,10,18.6,10,18.7,24,1,2022-06-13 09:00:30
1655110830921533000,18.65,2,18.6,10,18.65,2,2,2022-06-13 09:00:30
1655110831277784000,18.65,1,18.6,11,18.65,3,1,2022-06-13 09:00:31
1655110831336598000,18.65,2,18.6,11,18.65,1,1,2022-06-13 09:00:31
1655110831362028000,18.65,1,18.6,11,18.7,24,1,2022-06-13 09:00:31
1655110831559013000,18.7,12,18.6,11,18.7,14,1,2022-06-13 09:00:31
1655110831646919000,18.7,3,18.65,2,18.7,11,1,2022-06-13 09:00:31
1655110831949576000,18.7,1,18.65,12,18.7,11,1,2022-06-13 09:00:31
1655110831997367000,18.65,5,18.65,7,18.7,11,2,2022-06-13 09:00:31
1655110832130592000,18.65,4,18.65,3,18.7,11,2,2022-06-13 09:00:32
1655110832171687000,18.7,5,18.65,3,18.7,6,1,2022-06-13 09:00:32
1655110832291984000,18.7,3,18.65,3,18.7,3,1,2022-06-13 09:00:32
1655110832294246000,18.7,1,18.65,3,18.7,2,1,2022-06-13 09:00:32
1655110832603708000,18.7,1,18.65,6,18.7,6,1,2022-06-13 09:00:32
1655110832687905000,18.7,2,18.65,6,18.7,9,1,2022-06-13 09:00:32
1655110832722580000,18.65,6,18.6,11,18.65,14,2,2022-06-13 09:00:32
1655110832799129000,18.65,5,18.6,11,18.65,9,1,2022-06-13 09:00:32
1655110833316300000,18.65,5,18.6,14,18.65,4,1,2022-06-13 09:00:33
1655110833338259000,18.65,4,18.6,14,18.7,15,1,2022-06-13 09:00:33
1655110833789516000,18.7,1,18.65,13,18.7,17,1,2022-06-13 09:00:33
1655110833873440000,18.7,10,18.65,13,18.7,7,1,2022-06-13 09:00:33
1655110833907639000,18.65,3,18.65,10,18.7,7,2,2022-06-13 09:00:33
1655110834208294000,18.65,5,18.65,5,18.7,7,2,2022-06-13 09:00:34
1655110834392990000,18.7,1,18.65,5,18.7,11,1,2022-06-13 09:00:34
1655110834656742000,18.7,1,18.65,7,18.7,20,1,2022-06-13 09:00:34
1655110835419126000,18.7,2,18.65,15,18.7,28,1,2022-06-13 09:00:35
1655110835585980000,18.65,4,18.65,11,18.7,28,2,2022-06-13 09:00:35
1655110835608029000,18.7,4,18.65,11,18.7,24,1,2022-06-13 09:00:35
1655110835775703000,18.65,3,18.65,13,18.7,24,2,2022-06-13 09:00:35
1655110835873253000,18.7,2,18.65,13,18.7,27,1,2022-06-13 09:00:35
1655110836308545000,18.7,3,18.65,14,18.7,24,1,2022-06-13 09:00:36
1655110836443858000,18.7,1,18.65,14,18.7,23,1,2022-06-13 09:00:36
1655110836973141000,18.7,1,18.65,14,18.7,22,1,2022-06-13 09:00:36
1655110837377681000,18.7,5,18.65,14,18.7,32,1,2022-06-13 09:00:37
1655110837557398000,18.65,1,18.65,13,18.7,42,2,2022-06-13 09:00:37
1655110837562850000,18.7,2,18.65,13,18.7,40,1,2022-06-13 09:00:37
1655110837639548000,18.65,1,18.65,13,18.7,40,2,2022-06-13 09:00:37
1655110837642057000,18.65,3,18.65,10,18.7,40,2,2022-06-13 09:00:37
1655110837705886000,18.65,9,18.65,1,18.7,40,2,2022-06-13 09:00:37
1655110837738313000,18.65,1,18.6,33,18.7,40,2,2022-06-13 09:00:37
1655110837980066000,18.7,8,18.65,1,18.7,32,1,2022-06-13 09:00:37
1655110838079520000,18.65,1,18.6,35,18.65,9,2,2022-06-13 09:00:38
1655110838204327000,18.65,4,18.6,35,18.65,5,1,2022-06-13 09:00:38
1655110838214531000,18.65,3,18.6,35,18.65,2,1,2022-06-13 09:00:38
1655110838229010000,18.65,1,18.6,35,18.65,1,1,2022-06-13 09:00:38
1655110838418629000,18.65,1,18.6,35,18.7,35,1,2022-06-13 09:00:38
1655110838442750000,18.7,1,18.6,35,18.7,34,1,2022-06-13 09:00:38
1655110838564943000,18.65,1,18.6,35,18.7,25,1,2022-06-13 09:00:38
1655110838564943000,18.7,9,18.6,35,18.7,25,1,2022-06-13 09:00:38
1655110839225364000,18.65,1,18.6,35,18.65,38,1,2022-06-13 09:00:39
1655110839330798000,18.65,10,18.6,35,18.65,28,1,2022-06-13 09:00:39
1655110839434334000,18.65,1,18.6,35,18.65,28,1,2022-06-13 09:00:39
1655110839717024000,18.6,20,18.6,15,18.65,30,2,2022-06-13 09:00:39
1655110839884575000,18.6,5,18.6,10,18.65,31,2,2022-06-13 09:00:39
1655110839918396000,18.6,3,18.6,7,18.65,31,2,2022-06-13 09:00:39
1655110839961208000,18.6,7,18.55,5,18.65,31,2,2022-06-13 09:00:39
1655110839969940000,18.65,1,18.55,5,18.65,30,1,2022-06-13 09:00:39
1655110839996513000,18.65,1,18.55,5,18.65,29,1,2022-06-13 09:00:39
1655110840364526000,18.55,2,18.55,3,18.65,36,2,2022-06-13 09:00:40
1655110840585405000,18.65,1,18.55,7,18.65,35,1,2022-06-13 09:00:40
1655110840643997000,18.6,2,18.55,7,18.65,35,1,2022-06-13 09:00:40
1655110840651415000,18.6,1,18.55,7,18.65,35,1,2022-06-13 09:00:40
1655110840697774000,18.6,1,18.55,7,18.6,3,1,2022-06-13 09:00:40
1655110840724167000,18.6,6,18.55,7,18.65,34,1,2022-06-13 09:00:40
1655110840724167000,18.65,1,18.55,7,18.65,34,1,2022-06-13 09:00:40
1655110841176816000,18.55,5,18.55,2,18.6,7,2,2022-06-13 09:00:41
1655110841204136000,18.55,2,18.5,35,18.6,7,2,2022-06-13 09:00:41
1655110841506503000,18.6,1,18.5,35,18.6,6,1,2022-06-13 09:00:41
1655110841870351000,18.6,1,18.5,35,18.6,18,1,2022-06-13 09:00:41
1655110841990406000,18.6,5,18.5,35,18.6,13,1,2022-06-13 09:00:41
1655110842033331000,18.6,2,18.5,35,18.6,11,1,2022-06-13 09:00:42
1655110842075806000,18.6,1,18.5,35,18.6,10,1,2022-06-13 09:00:42
1655110842153761000,18.6,1,18.5,35,18.6,9,1,2022-06-13 09:00:42
1655110842249841000,18.6,1,18.5,35,18.6,8,1,2022-06-13 09:00:42
1655110842427961000,18.5,1,18.5,34,18.6,13,2,2022-06-13 09:00:42
1655110842474840000,18.55,1,18.5,34,18.55,9,1,2022-06-13 09:00:42
1655110842642309000,18.5,5,18.5,29,18.55,9,2,2022-06-13 09:00:42
1655110842646139000,18.55,2,18.5,29,18.55,7,1,2022-06-13 09:00:42
1655110842924900000,18.55,7,18.5,29,18.6,10,1,2022-06-13 09:00:42
1655110842924900000,18.6,3,18.5,29,18.6,10,1,2022-06-13 09:00:42
1655110843328425000,18.55,1,18.5,29,18.55,1,1,2022-06-13 09:00:43
1655110843786899000,18.5,10,18.5,19,18.55,1,2,2022-06-13 09:00:43
1655110844252573000,18.5,5,18.5,20,18.55,2,2,2022-06-13 09:00:44
1655110844327039000,18.55,1,18.5,20,18.55,1,1,2022-06-13 09:00:44
1655110844694977000,18.55,1,18.5,20,18.6,14,1,2022-06-13 09:00:44
1655110845110822000,18.6,5,18.5,20,18.6,9,1,2022-06-13 09:00:45
1655110845260045000,18.6,1,18.5,20,18.6,8,1,2022-06-13 09:00:45
1655110845527091000,18.6,8,18.5,20,18.6,5,1,2022-06-13 09:00:45
1655110846433317000,18.55,1,18.55,3,18.6,5,2,2022-06-13 09:00:46
1655110846492450000,18.55,1,18.55,2,18.6,5,2,2022-06-13 09:00:46
1655110846527121000,18.55,2,18.5,23,18.6,5,2,2022-06-13 09:00:46
1655110846600958000,18.5,5,18.5,18,18.6,5,2,2022-06-13 09:00:46
1655110846795692000,18.6,5,18.5,19,18.65,32,1,2022-06-13 09:00:46
1655110846960475000,18.6,1,18.6,4,18.65,32,2,2022-06-13 09:00:46
1655110847489739000,18.65,3,18.6,4,18.65,30,1,2022-06-13 09:00:47
1655110847602068000,18.6,2,18.6,2,18.65,30,2,2022-06-13 09:00:47
1655110849219692000,18.6,2,18.6,1,18.65,40,2,2022-06-13 09:00:49
1655110849553461000,18.65,2,18.6,1,18.65,38,1,2022-06-13 09:00:49
1655110849582715000,18.6,1,18.55,12,18.6,4,2,2022-06-13 09:00:49
1655110849661754000,18.55,2,18.55,10,18.6,4,2,2022-06-13 09:00:49
1655110850595211000,18.6,1,18.55,11,18.6,4,1,2022-06-13 09:00:50
1655110850765072000,18.6,2,18.55,11,18.6,2,1,2022-06-13 09:00:50
1655110850781567000,18.55,2,18.55,9,18.6,2,2,2022-06-13 09:00:50
1655110851394290000,18.6,5,18.55,10,18.6,2,1,2022-06-13 09:00:51
1655110851870532000,18.6,1,18.55,12,18.6,2,1,2022-06-13 09:00:51
1655110852110224000,18.6,2,18.6,5,18.65,55,1,2022-06-13 09:00:52
1655110852462446000,18.6,1,18.6,8,18.65,55,2,2022-06-13 09:00:52
1655110852895050000,18.6,1,18.6,7,18.65,60,2,2022-06-13 09:00:52
1655110853601924000,18.6,1,18.6,12,18.65,60,2,2022-06-13 09:00:53
1655110853907271000,18.6,2,18.6,10,18.65,60,2,2022-06-13 09:00:53
1655110854415264000,18.6,6,18.6,6,18.65,64,2,2022-06-13 09:00:54
1655110854502486000,18.65,30,18.6,6,18.65,34,1,2022-06-13 09:00:54
1655110854656310000,18.6,3,18.6,3,18.65,34,2,2022-06-13 09:00:54
1655110855218202000,18.65,5,18.6,5,18.65,29,1,2022-06-13 09:00:55
1655110855760963000,18.65,13,18.6,28,18.65,12,1,2022-06-13 09:00:55
1655110855798676000,18.65,12,18.6,28,18.7,60,1,2022-06-13 09:00:55
1655110855907698000,18.6,3,18.6,25,18.7,60,2,2022-06-13 09:00:55
1655110855921433000,18.6,1,18.6,24,18.7,60,2,2022-06-13 09:00:55
1655110855926248000,18.6,5,18.6,19,18.7,60,2,2022-06-13 09:00:55
1655110856323450000,18.6,1,18.6,18,18.65,3,2,2022-06-13 09:00:56
1655110857442907000,18.65,1,18.6,41,18.65,2,1,2022-06-13 09:00:57
1655110857895422000,18.6,5,18.6,36,18.65,2,2,2022-06-13 09:00:57
1655110858032972000,18.65,2,18.6,36,18.7,58,1,2022-06-13 09:00:58
1655110858149407000,18.6,6,18.6,30,18.7,58,2,2022-06-13 09:00:58
1655110858594320000,18.7,2,18.65,8,18.7,56,1,2022-06-13 09:00:58
1655110858638787000,18.65,1,18.65,7,18.7,56,2,2022-06-13 09:00:58
1655110858947545000,18.65,6,18.65,11,18.7,56,2,2022-06-13 09:00:58
1655110859279759000,18.65,3,18.65,9,18.7,56,2,2022-06-13 09:00:59
1655110860318602000,18.65,8,18.65,1,18.7,56,2,2022-06-13 09:01:00
1655110860501443000,18.7,2,18.65,1,18.7,54,1,2022-06-13 09:01:00
1655110860518453000,18.7,10,18.65,1,18.7,44,1,2022-06-13 09:01:00
1655110860711790000,18.65,1,18.6,39,18.65,8,2,2022-06-13 09:01:00
1655110860904757000,18.65,5,18.6,39,18.65,3,1,2022-06-13 09:01:00
1655110860926582000,18.65,3,18.6,39,18.7,44,1,2022-06-13 09:01:00
1655110861048910000,18.7,2,18.6,39,18.7,42,1,2022-06-13 09:01:01
1655110861132845000,18.7,5,18.6,39,18.7,37,1,2022-06-13 09:01:01
1655110861634459000,18.65,1,18.6,39,18.7,37,1,2022-06-13 09:01:01
1655110862229882000,18.65,1,18.6,39,18.65,9,1,2022-06-13 09:01:02
1655110862304390000,18.65,9,18.6,39,18.7,31,1,2022-06-13 09:01:02
1655110862304390000,18.7,6,18.6,39,18.7,31,1,2022-06-13 09:01:02
1655110862372111000,18.65,1,18.6,39,18.7,31,1,2022-06-13 09:01:02
1655110862776948000,18.65,2,18.6,39,18.65,1,1,2022-06-13 09:01:02
1655110863095084000,18.65,1,18.6,39,18.65,2,1,2022-06-13 09:01:03
1655110863658993000,18.65,5,18.6,39,18.65,17,1,2022-06-13 09:01:03
1655110864214099000,18.65,5,18.6,41,18.65,16,1,2022-06-13 09:01:04
1655110864370085000,18.65,1,18.6,41,18.65,15,1,2022-06-13 09:01:04
1655110864750864000,18.65,3,18.6,41,18.65,23,1,2022-06-13 09:01:04
1655110864760320000,18.65,3,18.6,41,18.65,20,1,2022-06-13 09:01:04
1655110865138026000,18.6,1,18.6,43,18.65,24,2,2022-06-13 09:01:05
1655110865272890000,18.65,20,18.6,44,18.65,6,1,2022-06-13 09:01:05
1655110865486293000,18.65,3,18.6,44,18.65,3,1,2022-06-13 09:01:05
1655110865507948000,18.65,3,18.6,44,18.7,52,1,2022-06-13 09:01:05
1655110866750615000,18.65,1,18.6,45,18.7,52,2,2022-06-13 09:01:06
1655110866856692000,18.65,1,18.65,9,18.7,52,1,2022-06-13 09:01:06
1655110866990811000,18.65,1,18.65,8,18.7,57,2,2022-06-13 09:01:06
1655110867171589000,18.65,1,18.65,8,18.7,57,2,2022-06-13 09:01:07
1655110867278919000,18.65,2,18.65,6,18.7,57,2,2022-06-13 09:01:07
1655110867311501000,18.65,1,18.65,5,18.7,57,2,2022-06-13 09:01:07
1655110867461529000,18.65,1,18.65,4,18.7,57,2,2022-06-13 09:01:07
1655110867506215000,18.7,50,18.65,4,18.7,7,1,2022-06-13 09:01:07
1655110867636563000,18.65,1,18.65,3,18.7,7,2,2022-06-13 09:01:07
1655110867899416000,18.65,4,18.6,46,18.65,1,2,2022-06-13 09:01:07
1655110867923059000,18.65,1,18.6,46,18.7,7,1,2022-06-13 09:01:07
1655110867975397000,18.65,1,18.6,46,18.7,7,1,2022-06-13 09:01:07
1655110868100403000,18.65,1,18.6,46,18.65,1,1,2022-06-13 09:01:08
1655110868100422000,18.65,1,18.6,46,18.7,7,1,2022-06-13 09:01:08
1655110868148726000,18.7,1,18.6,46,18.7,6,1,2022-06-13 09:01:08
1655110869019889000,18.65,1,18.6,56,18.7,9,2,2022-06-13 09:01:09
1655110870052226000,18.7,1,18.65,9,18.7,15,1,2022-06-13 09:01:10
1655110870369359000,18.65,1,18.65,8,18.7,15,2,2022-06-13 09:01:10
1655110872337690000,18.65,2,18.65,11,18.7,15,2,2022-06-13 09:01:12
1655110872480852000,18.7,1,18.65,11,18.7,14,1,2022-06-13 09:01:12
1655110872564485000,18.7,10,18.65,11,18.7,4,1,2022-06-13 09:01:12
1655110872731920000,18.65,10,18.65,1,18.7,4,2,2022-06-13 09:01:12
1655110873472176000,18.65,1,18.65,6,18.7,10,2,2022-06-13 09:01:13
1655110873583726000,18.7,10,18.65,6,18.7,1,1,2022-06-13 09:01:13
1655110873789905000,18.7,1,18.65,11,18.75,50,1,2022-06-13 09:01:13
1655110873956100000,18.65,5,18.65,6,18.75,50,2,2022-06-13 09:01:13
1655110874384831000,18.65,4,18.65,4,18.7,7,2,2022-06-13 09:01:14
1655110874445696000,18.65,4,18.65,2,18.7,7,2,2022-06-13 09:01:14
1655110874467337000,18.65,2,18.6,49,18.7,7,2,2022-06-13 09:01:14
1655110874977318000,18.7,1,18.6,49,18.7,6,1,2022-06-13 09:01:14
1655110875435948000,18.7,1,18.6,49,18.7,5,1,2022-06-13 09:01:15
1655110875730637000,18.7,2,18.6,49,18.7,3,1,2022-06-13 09:01:15
1655110876117490000,18.7,4,18.7,11,18.75,53,1,2022-06-13 09:01:16
1655110876152378000,18.7,3,18.7,8,18.75,53,2,2022-06-13 09:01:16
1655110876163910000,18.7,1,18.7,7,18.75,53,2,2022-06-13 09:01:16
1655110876474839000,18.7,5,18.7,4,18.75,53,2,2022-06-13 09:01:16
1655110876502988000,18.7,4,18.65,1,18.75,53,2,2022-06-13 09:01:16
1655110876881201000,18.75,5,18.7,1,18.75,48,1,2022-06-13 09:01:16
1655110877344654000,18.7,1,18.6,46,18.75,48,2,2022-06-13 09:01:17
1655110877344654000,18.65,6,18.6,46,18.75,48,2,2022-06-13 09:01:17
1655110877344654000,18.6,3,18.6,46,18.75,48,2,2022-06-13 09:01:17
1655110878109274000,18.75,1,18.65,1,18.75,47,1,2022-06-13 09:01:18
1655110878359195000,18.65,1,18.6,46,18.75,47,2,2022-06-13 09:01:18
1655110879616971000,18.75,1,18.7,1,18.75,51,1,2022-06-13 09:01:19
1655110879967340000,18.7,1,18.7,1,18.75,51,2,2022-06-13 09:01:19
1655110880113062000,18.75,6,18.7,1,18.75,45,1,2022-06-13 09:01:20
1655110881515597000,18.75,1,18.7,2,18.75,59,1,2022-06-13 09:01:21
1655110881552857000,18.75,10,18.7,2,18.75,49,1,2022-06-13 09:01:21
1655110882036023000,18.7,5,18.7,2,18.75,49,2,2022-06-13 09:01:22
1655110882295622000,18.75,1,18.7,2,18.75,49,1,2022-06-13 09:01:22
1655110882494122000,18.75,3,18.7,2,18.75,46,1,2022-06-13 09:01:22
1655110882642210000,18.7,1,18.7,11,18.75,46,2,2022-06-13 09:01:22
1655110883170612000,18.75,4,18.7,11,18.75,42,1,2022-06-13 09:01:23
1655110883315202000,18.75,1,18.7,11,18.75,41,1,2022-06-13 09:01:23
1655110883405496000,18.75,40,18.7,11,18.75,1,1,2022-06-13 09:01:23
1655110883437643000,18.75,1,18.7,11,18.8,156,1,2022-06-13 09:01:23
1655110884010757000,18.75,1,18.7,11,18.8,137,1,2022-06-13 09:01:24
1655110884010757000,18.8,19,18.7,11,18.8,137,1,2022-06-13 09:01:24
1655110884071171000,18.8,1,18.75,1,18.8,136,1,2022-06-13 09:01:24
1655110884498920000,18.8,20,18.75,1,18.8,116,1,2022-06-13 09:01:24
1655110884549473000,18.8,3,18.75,1,18.8,113,1,2022-06-13 09:01:24
1655110884622239000,18.8,2,18.75,1,18.8,111,1,2022-06-13 09:01:24
1655110884892498000,18.75,1,18.7,11,18.8,111,2,2022-06-13 09:01:24
1655110885225664000,18.7,1,18.7,12,18.8,111,2,2022-06-13 09:01:25
1655110885284848000,18.8,10,18.7,12,18.8,101,1,2022-06-13 09:01:25
1655110885339081000,18.8,1,18.7,12,18.8,100,1,2022-06-13 09:01:25
1655110885627750000,18.8,1,18.7,13,18.8,99,1,2022-06-13 09:01:25
1655110885796745000,18.8,3,18.7,13,18.8,96,1,2022-06-13 09:01:25
1655110886005261000,18.7,3,18.7,10,18.8,96,2,2022-06-13 09:01:26
1655110886136380000,18.8,3,18.7,10,18.8,93,1,2022-06-13 09:01:26
1655110886776497000,18.75,1,18.75,19,18.8,99,2,2022-06-13 09:01:26
1655110886836708000,18.8,1,18.75,19,18.8,98,1,2022-06-13 09:01:26
1655110886985598000,18.8,1,18.75,19,18.8,97,1,2022-06-13 09:01:26
1655110887369485000,18.8,1,18.75,23,18.8,96,1,2022-06-13 09:01:27
1655110887892463000,18.8,1,18.75,23,18.8,95,1,2022-06-13 09:01:27
1655110887921409000,18.8,10,18.75,23,18.8,85,1,2022-06-13 09:01:27
1655110887950583000,18.8,5,18.75,23,18.8,80,1,2022-06-13 09:01:27
1655110887969297000,18.8,3,18.75,23,18.8,77,1,2022-06-13 09:01:27
1655110887991784000,18.8,5,18.75,23,18.8,72,1,2022-06-13 09:01:27
1655110888072941000,18.8,1,18.75,23,18.8,71,1,2022-06-13 09:01:28
1655110888322692000,18.8,3,18.75,23,18.8,68,1,2022-06-13 09:01:28
1655110888381874000,18.8,1,18.75,23,18.8,67,1,2022-06-13 09:01:28
1655110888412131000,18.75,1,18.75,25,18.8,67,2,2022-06-13 09:01:28
1655110888564025000,18.8,2,18.75,25,18.8,75,1,2022-06-13 09:01:28
1655110888847251000,18.8,30,18.75,25,18.8,47,1,2022-06-13 09:01:28
1655110889004152000,18.8,1,18.75,25,18.8,46,1,2022-06-13 09:01:29
1655110889054114000,18.8,1,18.75,25,18.8,45,1,2022-06-13 09:01:29
1655110889296981000,18.8,1,18.75,25,18.8,44,1,2022-06-13 09:01:29
1655110889684929000,18.8,9,18.75,26,18.8,35,1,2022-06-13 09:01:29
1655110889697583000,18.8,1,18.75,26,18.8,34,1,2022-06-13 09:01:29
1655110889705884000,18.8,2,18.75,26,18.8,32,1,2022-06-13 09:01:29
1655110889708913000,18.8,1,18.75,26,18.8,31,1,2022-06-13 09:01:29
1655110889736554000,18.8,1,18.75,26,18.8,30,1,2022-06-13 09:01:29
1655110889748059000,18.8,1,18.75,26,18.8,29,1,2022-06-13 09:01:29
1655110889829234000,18.8,5,18.75,26,18.8,24,1,2022-06-13 09:01:29
1655110889851329000,18.8,2,18.75,26,18.8,22,1,2022-06-13 09:01:29
1655110889881553000,18.8,1,18.75,26,18.8,21,1,2022-06-13 09:01:29
1655110890070821000,18.8,2,18.75,26,18.8,19,1,2022-06-13 09:01:30
1655110890097733000,18.8,5,18.75,26,18.8,14,1,2022-06-13 09:01:30
1655110890119797000,18.8,2,18.75,26,18.8,12,1,2022-06-13 09:01:30
1655110890238349000,18.8,1,18.75,26,18.8,11,1,2022-06-13 09:01:30
1655110890274819000,18.8,11,18.75,26,18.85,42,1,2022-06-13 09:01:30
1655110890651930000,18.85,5,18.8,5,18.85,37,1,2022-06-13 09:01:30
1655110890757341000,18.85,3,18.8,5,18.85,34,1,2022-06-13 09:01:30
1655110890970405000,18.85,2,18.8,5,18.85,32,1,2022-06-13 09:01:30
1655110891046715000,18.85,3,18.8,7,18.85,29,1,2022-06-13 09:01:31
1655110891145162000,18.8,7,18.75,29,18.8,13,2,2022-06-13 09:01:31
1655110891227792000,18.8,1,18.75,29,18.8,12,1,2022-06-13 09:01:31
1655110891287568000,18.8,2,18.75,29,18.8,10,1,2022-06-13 09:01:31
1655110891309051000,18.75,1,18.75,28,18.8,10,2,2022-06-13 09:01:31
1655110891500894000,18.8,9,18.75,28,18.8,1,1,2022-06-13 09:01:31
1655110891538027000,18.8,1,18.75,28,18.85,29,1,2022-06-13 09:01:31
1655110891541281000,18.85,1,18.75,28,18.85,28,1,2022-06-13 09:01:31
1655110891955011000,18.85,6,18.8,2,18.85,22,1,2022-06-13 09:01:31
1655110892497048000,18.85,1,18.8,4,18.85,21,1,2022-06-13 09:01:32
1655110892504500000,18.8,3,18.8,1,18.85,21,2,2022-06-13 09:01:32
1655110892653289000,18.8,1,18.8,1,18.85,21,2,2022-06-13 09:01:32
1655110892914365000,18.85,1,18.8,7,18.85,20,1,2022-06-13 09:01:32
1655110893441762000,18.85,1,18.8,8,18.85,19,1,2022-06-13 09:01:33
1655110893678796000,18.85,10,18.8,9,18.85,9,1,2022-06-13 09:01:33
1655110893967064000,18.8,1,18.8,12,18.85,9,2,2022-06-13 09:01:33
1655110894506842000,18.85,14,18.85,16,18.9,60,1,2022-06-13 09:01:34
1655110894522954000,18.85,1,18.85,15,18.9,60,2,2022-06-13 09:01:34
1655110894694503000,18.85,1,18.85,14,18.9,60,2,2022-06-13 09:01:34
1655110896199800000,18.85,2,18.85,16,18.9,60,2,2022-06-13 09:01:36
1655110896287060000,18.85,10,18.85,6,18.9,60,2,2022-06-13 09:01:36
1655110896411634000,18.9,3,18.85,6,18.9,57,1,2022-06-13 09:01:36
1655110896606883000,18.9,1,18.85,6,18.9,56,1,2022-06-13 09:01:36
1655110896674934000,18.9,2,18.85,6,18.9,54,1,2022-06-13 09:01:36
1655110896853333000,18.9,1,18.85,6,18.9,53,1,2022-06-13 09:01:36
1655110897679148000,18.85,1,18.85,5,18.9,53,2,2022-06-13 09:01:37
1655110897916097000,18.85,6,18.8,26,18.9,53,2,2022-06-13 09:01:37
1655110897916097000,18.8,4,18.8,26,18.9,53,2,2022-06-13 09:01:37
1655110898533636000,18.9,10,18.8,29,18.9,44,1,2022-06-13 09:01:38
1655110898789697000,18.85,1,18.8,29,18.85,9,1,2022-06-13 09:01:38
1655110898841810000,18.85,1,18.8,29,18.85,8,1,2022-06-13 09:01:38
1655110899045427000,18.85,1,18.8,29,18.85,7,1,2022-06-13 09:01:39
1655110899118243000,18.85,4,18.8,29,18.85,3,1,2022-06-13 09:01:39
1655110899329958000,18.85,1,18.8,29,18.85,22,1,2022-06-13 09:01:39
1655110899353650000,18.85,2,18.8,29,18.85,20,1,2022-06-13 09:01:39
1655110899416696000,18.85,2,18.8,29,18.85,18,1,2022-06-13 09:01:39
1655110899430793000,18.85,1,18.8,29,18.85,17,1,2022-06-13 09:01:39
1655110899448655000,18.85,1,18.8,29,18.85,16,1,2022-06-13 09:01:39
1655110899708595000,18.8,20,18.8,9,18.85,19,2,2022-06-13 09:01:39
1655110899747916000,18.85,1,18.8,9,18.85,19,1,2022-06-13 09:01:39
1655110900512713000,18.8,3,18.8,16,18.85,35,2,2022-06-13 09:01:40
1655110900565649000,18.85,1,18.8,16,18.85,34,1,2022-06-13 09:01:40
1655110900868645000,18.8,3,18.8,21,18.85,44,2,2022-06-13 09:01:40
1655110900891852000,18.8,3,18.8,18,18.85,44,2,2022-06-13 09:01:40
1655110900958372000,18.85,1,18.8,18,18.85,43,1,2022-06-13 09:01:40
1655110901126277000,18.8,12,18.8,6,18.85,43,2,2022-06-13 09:01:41
1655110901166370000,18.8,6,18.75,39,18.85,43,2,2022-06-13 09:01:41
1655110901246620000,18.8,1,18.75,39,18.8,11,1,2022-06-13 09:01:41
1655110901455812000,18.8,2,18.75,39,18.8,9,1,2022-06-13 09:01:41
1655110901658129000,18.8,2,18.75,40,18.8,7,1,2022-06-13 09:01:41
1655110901761680000,18.8,2,18.75,40,18.8,10,1,2022-06-13 09:01:41
1655110901942971000,18.8,1,18.75,40,18.8,9,1,2022-06-13 09:01:41
1655110902162135000,18.8,1,18.75,40,18.8,8,1,2022-06-13 09:01:42
1655110902449046000,18.75,2,18.75,38,18.8,57,2,2022-06-13 09:01:42
1655110902487115000,18.8,1,18.75,38,18.8,66,1,2022-06-13 09:01:42
1655110902724714000,18.75,3,18.75,35,18.8,67,2,2022-06-13 09:01:42
1655110902752232000,18.75,11,18.75,24,18.8,67,2,2022-06-13 09:01:42
1655110902783521000,18.75,24,18.7,32,18.8,67,2,2022-06-13 09:01:42
1655110903055671000,18.7,2,18.7,30,18.8,87,2,2022-06-13 09:01:43
1655110903428909000,18.8,2,18.7,31,18.8,86,1,2022-06-13 09:01:43
1655110903433945000,18.8,1,18.7,31,18.8,85,1,2022-06-13 09:01:43
1655110904111375000,18.7,1,18.7,30,18.75,5,2,2022-06-13 09:01:44
1655110904157703000,18.75,1,18.7,30,18.75,4,1,2022-06-13 09:01:44
1655110904303477000,18.75,3,18.7,30,18.75,1,1,2022-06-13 09:01:44
1655110904568240000,18.75,1,18.7,29,18.75,10,1,2022-06-13 09:01:44
1655110904815602000,18.75,2,18.7,29,18.75,8,1,2022-06-13 09:01:44
1655110905016293000,18.75,1,18.7,29,18.75,7,1,2022-06-13 09:01:45
1655110905113943000,18.7,1,18.7,28,18.75,7,2,2022-06-13 09:01:45
1655110905124774000,18.75,7,18.7,28,18.8,72,1,2022-06-13 09:01:45
1655110905124774000,18.8,3,18.7,28,18.8,72,1,2022-06-13 09:01:45
1655110905715073000,18.7,1,18.7,28,18.75,4,2,2022-06-13 09:01:45
1655110906695301000,18.75,2,18.7,28,18.75,3,1,2022-06-13 09:01:46
1655110906885335000,18.75,2,18.7,28,18.75,1,1,2022-06-13 09:01:46
1655110907446063000,18.75,1,18.7,28,18.75,4,1,2022-06-13 09:01:47
1655110907499569000,18.75,1,18.7,28,18.75,3,1,2022-06-13 09:01:47
1655110907683530000,18.75,3,18.75,17,18.8,80,1,2022-06-13 09:01:47
1655110907715996000,18.75,13,18.75,4,18.8,80,2,2022-06-13 09:01:47
1655110907745897000,18.75,2,18.75,2,18.8,81,2,2022-06-13 09:01:47
1655110908076301000,18.75,1,18.75,1,18.8,83,2,2022-06-13 09:01:48
1655110908258809000,18.75,1,18.7,28,18.75,1,2,2022-06-13 09:01:48
1655110909125837000,18.7,10,18.7,18,18.75,17,2,2022-06-13 09:01:49
1655110909463362000,18.7,1,18.7,17,18.75,17,2,2022-06-13 09:01:49
1655110909864691000,18.75,2,18.7,15,18.75,17,1,2022-06-13 09:01:49
1655110910001596000,18.7,1,18.7,14,18.75,17,2,2022-06-13 09:01:50
1655110910390665000,18.7,6,18.7,8,18.75,18,2,2022-06-13 09:01:50
1655110910484313000,18.7,1,18.7,7,18.75,18,2,2022-06-13 09:01:50
1655110910540155000,18.75,1,18.7,7,18.75,17,1,2022-06-13 09:01:50
1655110910582416000,18.75,1,18.7,7,18.75,16,1,2022-06-13 09:01:50
1655110910979022000,18.75,1,18.7,7,18.75,17,1,2022-06-13 09:01:50
1655110911264656000,18.7,2,18.7,5,18.75,17,2,2022-06-13 09:01:51
1655110911473372000,18.75,3,18.7,5,18.75,14,1,2022-06-13 09:01:51
1655110912053142000,18.75,2,18.7,6,18.75,12,1,2022-06-13 09:01:52
1655110912069380000,18.7,2,18.7,4,18.75,12,2,2022-06-13 09:01:52
1655110912171294000,18.7,1,18.7,3,18.75,12,2,2022-06-13 09:01:52
1655110912555879000,18.75,1,18.7,3,18.75,23,1,2022-06-13 09:01:52
1655110912652629000,18.75,5,18.7,3,18.75,18,1,2022-06-13 09:01:52
1655110913037201000,18.7,3,18.65,72,18.7,2,2,2022-06-13 09:01:53
1655110913146494000,18.7,1,18.65,72,18.7,1,1,2022-06-13 09:01:53
1655110913569296000,18.7,2,18.65,72,18.75,12,1,2022-06-13 09:01:53
1655110913569296000,18.75,8,18.65,72,18.75,12,1,2022-06-13 09:01:53
1655110913673261000,18.75,1,18.65,72,18.75,11,1,2022-06-13 09:01:53
1655110914006386000,18.7,2,18.65,72,18.7,1,1,2022-06-13 09:01:54
1655110914034762000,18.7,1,18.65,72,18.75,11,1,2022-06-13 09:01:54
1655110914097478000,18.75,1,18.65,72,18.75,10,1,2022-06-13 09:01:54
1655110914179339000,18.75,2,18.65,72,18.75,9,1,2022-06-13 09:01:54
1655110915195558000,18.75,2,18.7,1,18.75,35,1,2022-06-13 09:01:55
1655110915709609000,18.7,6,18.65,72,18.7,9,2,2022-06-13 09:01:55
1655110916105805000,18.65,10,18.65,62,18.7,9,2,2022-06-13 09:01:56
1655110916832852000,18.7,1,18.65,62,18.7,38,1,2022-06-13 09:01:56
1655110917824949000,18.7,2,18.65,52,18.7,36,1,2022-06-13 09:01:57
1655110918085090000,18.7,1,18.65,52,18.7,35,1,2022-06-13 09:01:58
1655110918514931000,18.7,3,18.65,52,18.7,38,1,2022-06-13 09:01:58
1655110919274616000,18.7,2,18.65,62,18.7,37,1,2022-06-13 09:01:59
1655110920159045000,18.7,1,18.65,62,18.7,36,1,2022-06-13 09:02:00
1655110920759540000,18.7,10,18.65,62,18.7,28,1,2022-06-13 09:02:00
1655110920768507000,18.7,10,18.65,62,18.7,19,1,2022-06-13 09:02:00
1655110920940740000,18.65,1,18.65,61,18.7,19,2,2022-06-13 09:02:00
1655110921226287000,18.7,2,18.65,61,18.7,17,1,2022-06-13 09:02:01
1655110921409573000,18.65,5,18.65,56,18.7,17,2,2022-06-13 09:02:01
1655110922177450000,18.7,10,18.65,56,18.7,8,1,2022-06-13 09:02:02
1655110922344778000,18.7,1,18.65,56,18.7,7,1,2022-06-13 09:02:02
1655110922405056000,18.7,7,18.7,3,18.75,84,1,2022-06-13 09:02:02
1655110922439017000,18.7,1,18.7,2,18.75,84,2,2022-06-13 09:02:02
1655110923127955000,18.75,1,18.7,2,18.75,83,1,2022-06-13 09:02:03
1655110923501631000,18.7,5,18.7,22,18.75,83,2,2022-06-13 09:02:03
1655110923677691000,18.75,1,18.7,22,18.75,82,1,2022-06-13 09:02:03
1655110924624902000,18.7,1,18.7,27,18.75,126,2,2022-06-13 09:02:04
1655110924708284000,18.75,3,18.7,27,18.75,123,1,2022-06-13 09:02:04
1655110924989468000,18.75,10,18.7,27,18.75,128,1,2022-06-13 09:02:04
1655110924997109000,18.7,27,18.65,72,18.7,23,2,2022-06-13 09:02:04
1655110925459120000,18.7,5,18.65,72,18.7,18,1,2022-06-13 09:02:05
1655110925726890000,18.65,2,18.65,70,18.7,18,2,2022-06-13 09:02:05
1655110925866071000,18.7,1,18.65,70,18.7,17,1,2022-06-13 09:02:05
1655110925968501000,18.7,5,18.65,70,18.7,12,1,2022-06-13 09:02:05
1655110926924259000,18.7,1,18.65,70,18.7,20,1,2022-06-13 09:02:06
1655110927135877000,18.7,1,18.65,70,18.7,24,1,2022-06-13 09:02:07
1655110927183178000,18.7,1,18.65,70,18.7,23,1,2022-06-13 09:02:07
1655110927243657000,18.65,15,18.65,55,18.7,23,2,2022-06-13 09:02:07
1655110927255836000,18.7,10,18.65,55,18.7,13,1,2022-06-13 09:02:07
1655110927810776000,18.7,2,18.65,56,18.7,14,1,2022-06-13 09:02:07
1655110928207822000,18.7,15,18.65,56,18.75,53,1,2022-06-13 09:02:08
1655110928207822000,18.75,85,18.65,56,18.75,53,1,2022-06-13 09:02:08
1655110928493099000,18.7,1,18.7,19,18.75,53,2,2022-06-13 09:02:08
1655110929215956000,18.75,2,18.7,20,18.75,51,1,2022-06-13 09:02:09
1655110929537127000,18.7,10,18.7,10,18.75,51,2,2022-06-13 09:02:09
1655110929635226000,18.7,1,18.7,9,18.75,51,2,2022-06-13 09:02:09
1655110929835555000,18.75,1,18.7,9,18.75,50,1,2022-06-13 09:02:09
1655110930118444000,18.7,1,18.7,10,18.75,50,2,2022-06-13 09:02:10
1655110931054531000,18.7,1,18.7,14,18.75,50,2,2022-06-13 09:02:11
1655110931243709000,18.7,1,18.7,13,18.75,50,2,2022-06-13 09:02:11
1655110931282104000,18.75,15,18.7,13,18.75,35,1,2022-06-13 09:02:11
1655110932192386000,18.75,3,18.7,14,18.75,32,1,2022-06-13 09:02:12
1655110932263724000,18.7,3,18.7,11,18.75,32,2,2022-06-13 09:02:12
1655110932532174000,18.75,1,18.7,14,18.75,31,1,2022-06-13 09:02:12
1655110932795676000,18.75,1,18.7,20,18.75,30,1,2022-06-13 09:02:12
1655110932841837000,18.75,1,18.7,20,18.75,29,1,2022-06-13 09:02:12
1655110933066014000,18.75,10,18.7,25,18.75,19,1,2022-06-13 09:02:13
1655110933096695000,18.75,6,18.7,25,18.75,13,1,2022-06-13 09:02:13
1655110933098042000,18.75,13,18.7,25,18.8,94,1,2022-06-13 09:02:13
1655110934082925000,18.8,2,18.7,46,18.8,90,1,2022-06-13 09:02:14
1655110934296355000,18.75,2,18.7,56,18.75,3,2,2022-06-13 09:02:14
1655110934352227000,18.75,3,18.7,56,18.75,10,1,2022-06-13 09:02:14
1655110934708760000,18.75,1,18.7,56,18.75,9,1,2022-06-13 09:02:14
1655110935288450000,18.75,2,18.7,57,18.75,7,1,2022-06-13 09:02:15
1655110935317857000,18.75,7,18.7,57,18.8,90,1,2022-06-13 09:02:15
1655110936030293000,18.75,1,18.7,57,18.8,90,1,2022-06-13 09:02:16
1655110936057186000,18.8,1,18.75,2,18.8,89,1,2022-06-13 09:02:16
1655110936796511000,18.75,4,18.7,57,18.75,1,2,2022-06-13 09:02:16
1655110936835498000,18.75,1,18.7,57,18.8,89,1,2022-06-13 09:02:16
1655110937123355000,18.7,9,18.7,48,18.8,89,2,2022-06-13 09:02:17
1655110938912674000,18.75,1,18.7,52,18.8,89,1,2022-06-13 09:02:18
1655110939140879000,18.7,2,18.7,50,18.8,89,2,2022-06-13 09:02:19
1655110939781769000,18.75,4,18.7,55,18.75,1,2,2022-06-13 09:02:19
1655110939803295000,18.75,1,18.7,55,18.8,80,1,2022-06-13 09:02:19
1655110939803295000,18.8,9,18.7,55,18.8,80,1,2022-06-13 09:02:19
1655110940425899000,18.8,80,18.7,60,18.85,49,1,2022-06-13 09:02:20
1655110941096540000,18.75,3,18.7,61,18.75,7,2,2022-06-13 09:02:21
1655110941116998000,18.75,8,18.7,61,18.85,49,1,2022-06-13 09:02:21
1655110941304976000,18.85,4,18.7,62,18.85,45,1,2022-06-13 09:02:21
1655110941816100000,18.8,3,18.75,4,18.85,45,2,2022-06-13 09:02:21
1655110941816100000,18.75,2,18.75,4,18.85,45,2,2022-06-13 09:02:21
1655110942364712000,18.8,1,18.8,6,18.85,45,2,2022-06-13 09:02:22
1655110942457645000,18.8,6,18.75,4,18.8,44,2,2022-06-13 09:02:22
1655110942991658000,18.8,3,18.75,14,18.8,41,1,2022-06-13 09:02:22
1655110943452133000,18.8,10,18.75,22,18.8,33,1,2022-06-13 09:02:23
1655110943675248000,18.8,10,18.75,22,18.8,23,1,2022-06-13 09:02:23
1655110944278878000,18.8,2,18.75,23,18.8,21,1,2022-06-13 09:02:24
1655110944725022000,18.8,2,18.75,49,18.8,19,1,2022-06-13 09:02:24
1655110944726205000,18.8,1,18.75,49,18.8,18,1,2022-06-13 09:02:24
1655110944767542000,18.8,12,18.75,49,18.8,6,1,2022-06-13 09:02:24
1655110944806329000,18.8,6,18.75,49,18.85,45,1,2022-06-13 09:02:24
1655110945426075000,18.8,4,18.75,51,18.85,42,1,2022-06-13 09:02:25
1655110946373599000,18.8,4,18.75,55,18.8,9,1,2022-06-13 09:02:26
1655110946544067000,18.8,1,18.75,55,18.8,8,1,2022-06-13 09:02:26
1655110946636153000,18.8,1,18.75,55,18.8,7,1,2022-06-13 09:02:26
1655110947078803000,18.8,8,18.75,56,18.85,40,1,2022-06-13 09:02:27
1655110947078803000,18.85,2,18.75,56,18.85,40,1,2022-06-13 09:02:27
1655110948384304000,18.8,1,18.75,66,18.8,9,1,2022-06-13 09:02:28
1655110948442208000,18.8,9,18.8,1,18.85,40,1,2022-06-13 09:02:28
1655110949442965000,18.85,1,18.8,10,18.85,39,1,2022-06-13 09:02:29
1655110950803962000,18.85,3,18.8,19,18.85,36,1,2022-06-13 09:02:30
1655110951248618000,18.8,2,18.8,17,18.85,37,2,2022-06-13 09:02:31
1655110951399656000,18.85,1,18.8,22,18.85,36,1,2022-06-13 09:02:31
1655110952051510000,18.85,1,18.8,22,18.85,35,1,2022-06-13 09:02:32
1655110952101424000,18.85,1,18.8,22,18.85,34,1,2022-06-13 09:02:32
1655110952285194000,18.8,3,18.8,19,18.85,34,2,2022-06-13 09:02:32
1655110952460041000,18.85,1,18.8,20,18.85,33,1,2022-06-13 09:02:32
1655110953125232000,18.85,1,18.8,20,18.85,32,1,2022-06-13 09:02:33
1655110953142022000,18.85,8,18.8,20,18.85,24,1,2022-06-13 09:02:33
1655110953448837000,18.85,2,18.8,22,18.85,22,1,2022-06-13 09:02:33
1655110953523627000,18.8,4,18.8,18,18.85,32,2,2022-06-13 09:02:33
1655110954173054000,18.85,2,18.8,18,18.85,31,1,2022-06-13 09:02:34
1655110954513696000,18.85,6,18.8,19,18.85,25,1,2022-06-13 09:02:34
1655110954686736000,18.85,1,18.8,19,18.85,24,1,2022-06-13 09:02:34
1655110955106494000,18.85,24,18.85,6,18.9,94,1,2022-06-13 09:02:35
1655110955413486000,18.9,10,18.85,6,18.9,84,1,2022-06-13 09:02:35
1655110955783535000,18.85,12,18.85,16,18.9,84,2,2022-06-13 09:02:35
1655110955853291000,18.9,6,18.85,16,18.9,78,1,2022-06-13 09:02:35
1655110956005313000,18.9,6,18.85,18,18.9,72,1,2022-06-13 09:02:36
1655110956061273000,18.9,3,18.85,18,18.9,69,1,2022-06-13 09:02:36
1655110956309948000,18.9,3,18.85,18,18.9,66,1,2022-06-13 09:02:36
1655110956447115000,18.85,1,18.85,17,18.9,66,2,2022-06-13 09:02:36
1655110956518821000,18.9,3,18.85,17,18.9,63,1,2022-06-13 09:02:36
1655110956671193000,18.9,6,18.85,17,18.9,57,1,2022-06-13 09:02:36
1655110957151972000,18.9,10,18.85,18,18.9,47,1,2022-06-13 09:02:37
1655110957262949000,18.9,10,18.85,18,18.9,37,1,2022-06-13 09:02:37
1655110957291471000,18.9,16,18.85,18,18.9,21,1,2022-06-13 09:02:37
1655110957312607000,18.85,2,18.85,16,18.9,21,2,2022-06-13 09:02:37
1655110957461956000,18.9,10,18.85,17,18.9,11,1,2022-06-13 09:02:37
1655110957595994000,18.9,3,18.85,17,18.9,8,1,2022-06-13 09:02:37
1655110958114476000,18.9,5,18.85,19,18.9,13,1,2022-06-13 09:02:38
1655110958153788000,18.9,2,18.85,19,18.9,11,1,2022-06-13 09:02:38
1655110958322556000,18.9,11,18.9,9,18.95,35,1,2022-06-13 09:02:38
1655110958626151000,18.95,3,18.9,14,18.95,32,1,2022-06-13 09:02:38
1655110958627228000,18.9,1,18.9,13,18.95,32,2,2022-06-13 09:02:38
1655110958789586000,18.95,1,18.9,13,18.95,31,1,2022-06-13 09:02:38
1655110958982103000,18.9,1,18.9,12,18.95,31,2,2022-06-13 09:02:38
1655110959321540000,18.9,10,18.9,4,18.95,31,2,2022-06-13 09:02:39
1655110959495565000,18.95,2,18.9,4,18.95,29,1,2022-06-13 09:02:39
1655110959631715000,18.9,2,18.9,2,18.95,29,2,2022-06-13 09:02:39
1655110959954041000,18.9,4,18.8,32,18.85,6,2,2022-06-13 09:02:39
1655110959954041000,18.85,20,18.8,32,18.85,6,2,2022-06-13 09:02:39
1655110959969475000,18.85,6,18.9,4,18.95,29,1,2022-06-13 09:02:39
1655110960009043000,18.9,4,18.85,3,18.95,29,2,2022-06-13 09:02:40
1655110960802444000,18.95,1,18.9,11,18.95,29,1,2022-06-13 09:02:40
1655110960879214000,18.95,1,18.9,11,18.95,28,1,2022-06-13 09:02:40
1655110961359280000,18.9,8,18.9,3,18.95,28,2,2022-06-13 09:02:41
1655110961389886000,18.9,3,18.85,3,18.95,28,2,2022-06-13 09:02:41
1655110961488642000,18.95,2,18.9,1,18.95,31,1,2022-06-13 09:02:41
1655110961892997000,18.9,2,18.9,2,18.95,31,2,2022-06-13 09:02:41
1655110962273420000,18.95,10,18.9,2,18.95,21,1,2022-06-13 09:02:42
1655110962822915000,18.9,2,18.85,3,18.95,23,2,2022-06-13 09:02:42
1655110963364177000,18.9,1,18.85,3,18.95,14,1,2022-06-13 09:02:43
1655110963364177000,18.95,9,18.85,3,18.95,14,1,2022-06-13 09:02:43
1655110963410283000,18.95,1,18.85,3,18.95,13,1,2022-06-13 09:02:43
1655110963696125000,18.95,5,18.85,8,18.95,8,1,2022-06-13 09:02:43
1655110963714906000,18.95,1,18.85,8,18.95,7,1,2022-06-13 09:02:43
1655110964133777000,18.95,6,18.9,10,18.95,1,1,2022-06-13 09:02:44
1655110965008550000,18.9,1,18.9,9,18.95,3,2,2022-06-13 09:02:45
1655110965322395000,18.95,3,18.9,9,19.0,361,1,2022-06-13 09:02:45
1655110965322395000,19.0,7,18.9,9,19.0,361,1,2022-06-13 09:02:45
1655110965565949000,19.0,1,18.95,1,19.0,360,1,2022-06-13 09:02:45
1655110965680857000,18.95,1,18.9,10,19.0,360,2,2022-06-13 09:02:45
1655110966785634000,18.95,1,18.95,6,19.0,360,2,2022-06-13 09:02:46
1655110967294016000,19.0,2,18.95,16,19.0,358,1,2022-06-13 09:02:47
1655110967372375000,19.0,1,18.95,16,19.0,357,1,2022-06-13 09:02:47
1655110967480486000,18.95,3,18.95,13,19.0,357,2,2022-06-13 09:02:47
1655110967802215000,18.95,1,18.95,17,19.0,357,2,2022-06-13 09:02:47
1655110968494420000,19.0,1,18.95,23,19.0,356,1,2022-06-13 09:02:48
1655110968722268000,18.95,1,18.95,22,19.0,356,2,2022-06-13 09:02:48
1655110968777413000,18.95,3,18.95,19,19.0,356,2,2022-06-13 09:02:48
1655110969278748000,19.0,1,18.95,19,19.0,355,1,2022-06-13 09:02:49
1655110969309352000,19.0,5,18.95,19,19.0,350,1,2022-06-13 09:02:49
1655110969504872000,18.95,1,18.95,18,19.0,350,2,2022-06-13 09:02:49
1655110969520746000,18.95,1,18.95,17,19.0,350,2,2022-06-13 09:02:49
1655110969670935000,19.0,10,18.95,17,19.0,340,1,2022-06-13 09:02:49
1655110969761195000,18.95,3,18.95,14,19.0,340,2,2022-06-13 09:02:49
1655110969976462000,18.95,1,18.95,13,19.0,340,2,2022-06-13 09:02:49
1655110970019895000,19.0,1,18.95,13,19.0,339,1,2022-06-13 09:02:50
1655110970315565000,19.0,2,18.95,13,19.0,337,1,2022-06-13 09:02:50
1655110970548666000,19.0,5,18.95,13,19.0,332,1,2022-06-13 09:02:50
1655110970611685000,18.95,1,18.95,12,19.0,332,2,2022-06-13 09:02:50
1655110970697152000,18.95,1,18.95,11,19.0,332,2,2022-06-13 09:02:50
1655110970926600000,19.0,2,18.95,11,19.0,330,1,2022-06-13 09:02:50
1655110971130517000,19.0,2,18.95,12,19.0,328,1,2022-06-13 09:02:51
1655110971133621000,18.95,5,18.95,7,19.0,328,2,2022-06-13 09:02:51
1655110971173393000,18.95,7,18.9,26,19.0,328,2,2022-06-13 09:02:51
1655110971957478000,18.95,6,18.9,31,18.95,4,1,2022-06-13 09:02:51
1655110972043391000,18.95,4,18.9,31,19.0,329,1,2022-06-13 09:02:52
1655110972673283000,18.95,1,18.95,24,19.0,329,2,2022-06-13 09:02:52
1655110972784960000,19.0,1,18.95,24,19.0,328,1,2022-06-13 09:02:52
1655110972850626000,18.95,1,18.95,23,19.0,328,2,2022-06-13 09:02:52
1655110972997370000,19.0,1,18.95,23,19.0,327,1,2022-06-13 09:02:52
1655110974552080000,18.95,4,18.95,20,19.0,329,2,2022-06-13 09:02:54
1655110974667252000,18.95,5,18.95,15,19.0,329,2,2022-06-13 09:02:54
1655110974698194000,18.95,13,18.95,2,19.0,329,2,2022-06-13 09:02:54
1655110974732684000,18.95,2,18.9,38,19.0,329,2,2022-06-13 09:02:54
1655110975212690000,18.95,1,18.9,42,19.0,329,1,2022-06-13 09:02:55
1655110975601513000,18.9,5,18.9,37,18.95,1,2,2022-06-13 09:02:55
1655110976085012000,18.95,1,18.9,37,18.95,5,1,2022-06-13 09:02:56
1655110976099261000,18.95,7,18.9,37,19.0,326,1,2022-06-13 09:02:56
1655110976099261000,19.0,3,18.9,37,19.0,326,1,2022-06-13 09:02:56
1655110976156434000,18.9,1,18.9,36,19.0,326,2,2022-06-13 09:02:56
1655110976167025000,19.0,1,18.9,36,19.0,325,1,2022-06-13 09:02:56
1655110976534540000,18.95,1,18.9,36,19.0,324,1,2022-06-13 09:02:56
1655110976534540000,19.0,1,18.9,36,19.0,324,1,2022-06-13 09:02:56
1655110976966567000,18.95,2,18.9,36,19.0,323,1,2022-06-13 09:02:56
1655110976966567000,19.0,1,18.9,36,19.0,323,1,2022-06-13 09:02:56
1655110977493421000,18.95,1,18.9,36,18.95,14,1,2022-06-13 09:02:57
1655110978718973000,18.95,10,18.9,37,18.95,19,1,2022-06-13 09:02:58
1655110978940427000,18.95,1,18.9,37,18.95,18,1,2022-06-13 09:02:58
1655110979227629000,18.9,3,18.9,34,18.95,21,2,2022-06-13 09:02:59
1655110979556249000,18.95,1,18.9,35,18.95,25,1,2022-06-13 09:02:59
1655110979909664000,18.95,2,18.9,35,18.95,23,1,2022-06-13 09:02:59
1655110980689467000,18.95,1,18.9,35,18.95,30,1,2022-06-13 09:03:00
1655110980767781000,18.95,2,18.9,36,18.95,28,1,2022-06-13 09:03:00
1655110980827079000,18.95,2,18.9,36,18.95,26,1,2022-06-13 09:03:00
1655110980851004000,18.95,3,18.9,36,18.95,23,1,2022-06-13 09:03:00
1655110981286396000,18.95,5,18.9,36,18.95,25,1,2022-06-13 09:03:01
1655110981309882000,18.95,1,18.9,36,18.95,24,1,2022-06-13 09:03:01
1655110981507223000,18.95,1,18.9,36,18.95,24,1,2022-06-13 09:03:01
1655110981594149000,18.95,1,18.9,36,18.95,23,1,2022-06-13 09:03:01
1655110981627099000,18.95,2,18.9,36,18.95,21,1,2022-06-13 09:03:01
1655110981707938000,18.95,21,18.95,19,19.0,328,1,2022-06-13 09:03:01
1655110981731347000,18.95,16,18.95,3,19.0,328,2,2022-06-13 09:03:01
1655110981763621000,18.95,3,18.9,36,19.0,328,2,2022-06-13 09:03:01
1655110981917350000,18.9,1,18.9,35,19.0,328,2,2022-06-13 09:03:01
1655110982327397000,18.95,1,18.9,40,18.95,4,1,2022-06-13 09:03:02
1655110982452445000,18.9,5,18.9,36,18.95,4,2,2022-06-13 09:03:02
1655110982787271000,18.95,1,18.9,36,18.95,13,1,2022-06-13 09:03:02
1655110984525882000,18.9,1,18.9,41,18.95,13,2,2022-06-13 09:03:04
1655110984659747000,18.95,5,18.9,40,18.95,8,1,2022-06-13 09:03:04
1655110984685476000,18.95,1,18.9,40,18.95,9,1,2022-06-13 09:03:04
1655110984815729000,18.95,1,18.9,41,18.95,8,1,2022-06-13 09:03:04
1655110985021217000,18.95,1,18.9,41,18.95,7,1,2022-06-13 09:03:05
1655110985316602000,18.95,1,18.9,42,18.95,7,1,2022-06-13 09:03:05
1655110986426554000,18.95,3,18.9,42,18.95,14,1,2022-06-13 09:03:06
1655110986522399000,18.95,5,18.9,42,18.95,9,1,2022-06-13 09:03:06
1655110986550885000,18.95,1,18.9,42,18.95,8,1,2022-06-13 09:03:06
1655110986702716000,18.95,5,18.9,42,18.95,4,1,2022-06-13 09:03:06
1655110987339430000,18.95,4,18.9,44,18.95,5,1,2022-06-13 09:03:07
1655110987630994000,18.95,9,18.95,1,19.0,343,1,2022-06-13 09:03:07
1655110987699318000,18.95,1,18.9,44,19.0,343,2,2022-06-13 09:03:07
1655110988186842000,18.95,1,18.95,49,19.0,343,2,2022-06-13 09:03:08
1655110988483765000,18.95,1,18.95,54,19.0,343,2,2022-06-13 09:03:08
1655110988690009000,18.95,1,18.95,55,19.0,343,2,2022-06-13 09:03:08
1655110989427362000,18.95,2,18.95,54,19.0,343,2,2022-06-13 09:03:09
1655110989633898000,18.95,1,18.95,53,19.0,343,2,2022-06-13 09:03:09
1655110990222733000,18.95,20,18.95,35,19.0,343,2,2022-06-13 09:03:10
1655110990251099000,18.95,3,18.95,32,19.0,343,2,2022-06-13 09:03:10
1655110990710856000,18.95,10,18.95,22,19.0,344,2,2022-06-13 09:03:10
1655110990749007000,18.95,1,18.95,21,19.0,344,2,2022-06-13 09:03:10
1655110990752451000,18.95,9,18.95,12,19.0,344,2,2022-06-13 09:03:10
1655110990752537000,18.95,12,18.9,50,19.0,344,2,2022-06-13 09:03:10
1655110990825069000,19.0,1,18.9,50,19.0,343,1,2022-06-13 09:03:10
1655110991043128000,18.9,50,18.85,5,18.9,18,2,2022-06-13 09:03:11
1655110991119062000,18.9,13,18.85,5,18.9,5,1,2022-06-13 09:03:11
1655110991151388000,18.9,5,18.85,5,18.95,3,1,2022-06-13 09:03:11
1655110991174405000,18.95,3,18.85,5,19.0,336,1,2022-06-13 09:03:11
1655110991174405000,19.0,7,18.85,5,19.0,336,1,2022-06-13 09:03:11
1655110991256228000,19.0,1,18.9,2,19.0,335,1,2022-06-13 09:03:11
1655110991521626000,18.9,1,18.9,1,19.0,335,2,2022-06-13 09:03:11
1655110992183955000,18.95,2,18.9,1,18.95,5,2,2022-06-13 09:03:12
1655110992302874000,18.95,5,18.9,21,19.0,335,1,2022-06-13 09:03:12
1655110992772684000,19.0,5,18.95,1,19.0,330,1,2022-06-13 09:03:12
1655110993347082000,18.95,1,18.9,21,18.95,1,2,2022-06-13 09:03:13
1655110993539683000,18.95,2,18.95,3,19.0,330,1,2022-06-13 09:03:13
1655110993584688000,18.95,3,18.9,21,19.0,330,2,2022-06-13 09:03:13
1655110994052862000,19.0,1,18.9,21,19.0,331,1,2022-06-13 09:03:14
1655110994426099000,18.95,1,18.9,22,18.95,13,1,2022-06-13 09:03:14
1655110994498910000,18.95,10,18.9,22,18.95,4,1,2022-06-13 09:03:14
1655110994839855000,18.9,1,18.9,21,18.95,4,2,2022-06-13 09:03:14
1655110994862857000,18.95,1,18.9,21,18.95,3,1,2022-06-13 09:03:14
1655110995310716000,18.9,1,18.9,25,18.95,5,2,2022-06-13 09:03:15
1655110996269319000,18.95,1,18.9,26,18.95,13,1,2022-06-13 09:03:16
1655110996399976000,18.9,4,18.9,22,18.95,23,2,2022-06-13 09:03:16
1655110996486639000,18.9,2,18.9,20,18.95,25,2,2022-06-13 09:03:16
1655110996613714000,18.95,25,18.9,20,19.0,331,1,2022-06-13 09:03:16
1655110998165806000,18.9,1,18.9,21,18.95,2,2,2022-06-13 09:03:18
1655110998496162000,18.95,1,18.9,22,18.95,1,1,2022-06-13 09:03:18
1655110998866305000,18.95,1,18.9,22,19.0,333,1,2022-06-13 09:03:18
1655110999686704000,18.95,1,18.9,22,18.95,2,1,2022-06-13 09:03:19
1655110999697972000,18.95,2,18.9,22,19.0,332,1,2022-06-13 09:03:19
1655110999965607000,18.95,1,18.9,22,19.0,332,1,2022-06-13 09:03:19
1655111001681702000,18.95,1,18.9,545,18.95,41,1,2022-06-13 09:03:21
1655111002121738000,18.95,1,18.9,545,18.95,41,1,2022-06-13 09:03:22
1655111002495826000,18.95,1,18.9,546,18.95,40,1,2022-06-13 09:03:22
1655111002967103000,18.95,1,18.9,546,18.95,41,1,2022-06-13 09:03:22
1655111003503928000,18.95,20,18.9,546,18.95,29,1,2022-06-13 09:03:23
1655111004467919000,18.95,1,18.9,548,18.95,30,1,2022-06-13 09:03:24
1655111004643541000,18.95,1,18.9,548,18.95,29,1,2022-06-13 09:03:24
1655111004666025000,18.95,1,18.9,548,18.95,28,1,2022-06-13 09:03:24
1655111004970433000,18.95,1,18.9,548,18.95,27,1,2022-06-13 09:03:24
1655111005779100000,18.95,1,18.9,548,18.95,27,1,2022-06-13 09:03:25
1655111006218543000,18.95,1,18.9,548,18.95,26,1,2022-06-13 09:03:26
1655111006319888000,18.95,2,18.9,548,18.95,24,1,2022-06-13 09:03:26
1655111006397336000,18.9,1,18.9,547,18.95,24,2,2022-06-13 09:03:26
1655111007686031000,18.95,12,18.9,547,18.95,12,1,2022-06-13 09:03:27
1655111007721787000,18.95,12,18.9,547,19.0,338,1,2022-06-13 09:03:27
1655111007777116000,18.95,1,18.95,3,19.0,338,2,2022-06-13 09:03:27
1655111007796843000,18.95,3,18.9,547,19.0,338,2,2022-06-13 09:03:27
1655111008041280000,19.0,1,18.95,11,19.0,337,1,2022-06-13 09:03:28
1655111008061902000,18.95,5,18.95,6,19.0,337,2,2022-06-13 09:03:28
1655111008369892000,18.95,3,18.95,10,19.0,337,2,2022-06-13 09:03:28
1655111008412105000,18.95,1,18.95,9,19.0,336,2,2022-06-13 09:03:28
1655111008652769000,18.95,4,18.95,5,19.0,336,2,2022-06-13 09:03:28
1655111009215626000,18.95,9,18.9,548,18.95,1,2,2022-06-13 09:03:29
1655111009557495000,18.95,7,18.95,3,19.0,336,1,2022-06-13 09:03:29
1655111010416911000,18.95,2,18.95,3,19.0,336,2,2022-06-13 09:03:30
1655111011936775000,18.95,1,18.95,4,19.0,336,2,2022-06-13 09:03:31
1655111012087181000,18.95,1,18.95,3,19.0,336,2,2022-06-13 09:03:32
1655111012299531000,18.95,1,18.95,3,19.0,336,2,2022-06-13 09:03:32
1655111012299629000,19.0,1,18.95,3,19.0,335,1,2022-06-13 09:03:32
1655111012518452000,18.95,1,18.95,2,19.0,335,2,2022-06-13 09:03:32
1655111012742094000,18.95,2,18.9,551,18.95,8,2,2022-06-13 09:03:32
1655111013113930000,18.95,8,18.9,551,19.0,334,1,2022-06-13 09:03:33
1655111013113930000,19.0,1,18.9,551,19.0,334,1,2022-06-13 09:03:33
1655111014937962000,18.95,3,18.9,551,18.95,3,1,2022-06-13 09:03:34
1655111015260344000,18.95,1,18.9,551,18.95,12,1,2022-06-13 09:03:35
1655111015345602000,18.95,1,18.9,550,18.95,11,1,2022-06-13 09:03:35
1655111015491277000,18.95,1,18.9,550,18.95,10,1,2022-06-13 09:03:35
1655111015757698000,18.95,5,18.9,550,18.95,7,1,2022-06-13 09:03:35
1655111016007975000,18.95,1,18.9,550,18.95,11,1,2022-06-13 09:03:36
1655111016236682000,18.95,3,18.9,550,18.95,8,1,2022-06-13 09:03:36
1655111016483626000,18.95,8,18.95,2,19.0,327,1,2022-06-13 09:03:36
1655111017457731000,18.95,1,18.95,8,19.0,327,2,2022-06-13 09:03:37
1655111017662713000,18.95,1,18.95,7,19.0,329,2,2022-06-13 09:03:37
1655111019046280000,18.95,5,18.95,4,19.0,328,2,2022-06-13 09:03:39
1655111019216510000,18.95,1,18.95,3,19.0,328,2,2022-06-13 09:03:39
1655111019492656000,18.95,2,18.95,1,19.0,328,2,2022-06-13 09:03:39
1655111019715422000,19.0,1,18.95,2,19.0,337,1,2022-06-13 09:03:39
1655111020083966000,18.95,2,18.9,566,19.0,337,2,2022-06-13 09:03:40
1655111020346195000,18.95,1,18.9,566,18.95,9,1,2022-06-13 09:03:40
1655111020844219000,18.95,14,18.9,566,19.0,326,1,2022-06-13 09:03:40
1655111020844219000,19.0,1,18.9,566,19.0,326,1,2022-06-13 09:03:40
1655111021251274000,19.0,2,18.95,2,19.0,324,1,2022-06-13 09:03:41
1655111021918681000,19.0,1,18.95,2,19.0,323,1,2022-06-13 09:03:41
1655111022097235000,18.95,2,18.9,546,18.95,1,2,2022-06-13 09:03:42
1655111022157038000,18.9,5,18.9,541,18.95,1,2,2022-06-13 09:03:42
1655111022696720000,18.95,1,18.9,541,19.0,324,1,2022-06-13 09:03:42
1655111023749833000,19.0,1,18.95,27,19.0,323,1,2022-06-13 09:03:43
1655111023898120000,19.0,3,18.95,27,19.0,320,1,2022-06-13 09:03:43
1655111023935033000,18.95,1,18.95,26,19.0,320,2,2022-06-13 09:03:43
1655111024649097000,18.95,1,18.95,127,19.0,320,2,2022-06-13 09:03:44
1655111024912525000,18.95,1,18.95,126,19.0,321,2,2022-06-13 09:03:44
1655111025089272000,18.95,5,18.95,121,19.0,321,2,2022-06-13 09:03:45
1655111025345092000,18.95,2,18.95,121,19.0,321,2,2022-06-13 09:03:45
1655111025656744000,19.0,30,18.95,221,19.0,291,1,2022-06-13 09:03:45
1655111026434781000,18.95,2,18.95,119,19.0,291,2,2022-06-13 09:03:46
1655111027298752000,19.0,20,18.95,222,19.0,270,1,2022-06-13 09:03:47
1655111027311379000,19.0,5,18.95,222,19.0,265,1,2022-06-13 09:03:47
1655111027330907000,19.0,2,18.95,222,19.0,263,1,2022-06-13 09:03:47
1655111027818248000,18.95,2,18.95,222,19.0,263,2,2022-06-13 09:03:47
1655111027961536000,19.0,8,18.95,222,19.0,255,1,2022-06-13 09:03:47
1655111027988149000,19.0,3,18.95,222,19.0,252,1,2022-06-13 09:03:47
1655111029115910000,19.0,5,18.95,228,19.0,247,1,2022-06-13 09:03:49
1655111029267118000,19.0,1,18.95,228,19.0,246,1,2022-06-13 09:03:49
1655111029490284000,19.0,2,18.95,228,19.0,244,1,2022-06-13 09:03:49
1655111029633541000,18.95,3,18.95,226,19.0,244,2,2022-06-13 09:03:49
1655111029763660000,19.0,1,18.95,276,19.0,243,1,2022-06-13 09:03:49
1655111030050252000,18.95,1,18.95,275,19.0,243,2,2022-06-13 09:03:50
1655111030201981000,19.0,5,18.95,275,19.0,238,1,2022-06-13 09:03:50
1655111030262820000,19.0,2,18.95,276,19.0,236,1,2022-06-13 09:03:50
1655111030293721000,19.0,10,18.95,276,19.0,226,1,2022-06-13 09:03:50
1655111030430250000,19.0,2,18.95,276,19.0,224,1,2022-06-13 09:03:50
1655111030496267000,18.95,1,18.95,275,19.0,224,2,2022-06-13 09:03:50
1655111030667703000,19.0,1,18.95,276,19.0,223,1,2022-06-13 09:03:50
1655111030895399000,18.95,1,18.95,275,19.0,223,2,2022-06-13 09:03:50
1655111031040298000,19.0,8,18.95,275,19.0,215,1,2022-06-13 09:03:51
1655111031083680000,19.0,2,18.95,275,19.0,213,1,2022-06-13 09:03:51
1655111031242681000,19.0,1,18.95,275,19.0,212,1,2022-06-13 09:03:51
1655111031838213000,19.0,1,18.95,280,19.0,211,1,2022-06-13 09:03:51
1655111031897920000,18.95,1,18.95,279,19.0,211,2,2022-06-13 09:03:51
1655111033003001000,19.0,1,18.95,280,19.0,211,1,2022-06-13 09:03:53
1655111033331500000,18.95,2,18.95,278,19.0,211,2,2022-06-13 09:03:53
1655111033487132000,19.0,5,18.95,278,19.0,207,1,2022-06-13 09:03:53
1655111033537352000,19.0,2,18.95,278,19.0,207,1,2022-06-13 09:03:53
1655111033545599000,19.0,1,18.95,278,19.0,207,1,2022-06-13 09:03:53
1655111033676426000,19.0,1,18.95,278,19.0,206,1,2022-06-13 09:03:53
1655111033787662000,19.0,1,18.95,278,19.0,205,1,2022-06-13 09:03:53
1655111034134754000,18.95,1,18.95,277,19.0,205,2,2022-06-13 09:03:54
1655111034422582000,19.0,1,18.95,277,19.0,204,1,2022-06-13 09:03:54
1655111035277051000,19.0,5,18.95,281,19.0,200,1,2022-06-13 09:03:55
1655111035903163000,18.95,5,18.95,276,19.0,199,2,2022-06-13 09:03:55
1655111036123527000,19.0,1,18.95,276,19.0,198,1,2022-06-13 09:03:56
1655111036373627000,19.0,1,18.95,276,19.0,197,1,2022-06-13 09:03:56
1655111036461544000,19.0,20,18.95,276,19.0,177,1,2022-06-13 09:03:56
1655111036487462000,19.0,1,18.95,276,19.0,176,1,2022-06-13 09:03:56
1655111036681301000,19.0,2,18.95,276,19.0,174,1,2022-06-13 09:03:56
1655111036774580000,19.0,1,18.95,276,19.0,173,1,2022-06-13 09:03:56
1655111037019860000,19.0,3,18.95,277,19.0,170,1,2022-06-13 09:03:57
1655111037424738000,18.95,1,18.95,277,19.0,170,2,2022-06-13 09:03:57
1655111037625555000,19.0,1,18.95,277,19.0,169,1,2022-06-13 09:03:57
1655111037863760000,19.0,7,18.95,277,19.0,162,1,2022-06-13 09:03:57
1655111037895491000,19.0,2,18.95,277,19.0,160,1,2022-06-13 09:03:57
1655111037925342000,19.0,5,18.95,277,19.0,155,1,2022-06-13 09:03:57
1655111037929463000,18.95,10,18.95,267,19.0,155,2,2022-06-13 09:03:57
1655111038598092000,19.0,40,18.95,267,19.0,115,1,2022-06-13 09:03:58
1655111038635195000,19.0,8,18.95,267,19.0,107,1,2022-06-13 09:03:58
1655111038645609000,19.0,2,18.95,267,19.0,105,1,2022-06-13 09:03:58
1655111038718172000,19.0,20,18.95,267,19.0,85,1,2022-06-13 09:03:58
1655111038755222000,19.0,23,18.95,267,19.0,62,1,2022-06-13 09:03:58
1655111038774000000,19.0,5,18.95,267,19.0,57,1,2022-06-13 09:03:58
1655111038852697000,19.0,1,18.95,267,19.0,56,1,2022-06-13 09:03:58
1655111038894535000,19.0,20,18.95,267,19.0,36,1,2022-06-13 09:03:58
1655111039045498000,18.95,3,18.95,264,19.0,36,2,2022-06-13 09:03:59
1655111039069121000,19.0,5,18.95,264,19.0,31,1,2022-06-13 09:03:59
1655111039095305000,19.0,15,18.95,264,19.0,16,1,2022-06-13 09:03:59
1655111039134102000,19.0,2,18.95,264,19.0,14,1,2022-06-13 09:03:59
1655111039170301000,19.0,13,18.95,264,19.0,1,1,2022-06-13 09:03:59
1655111039201174000,19.0,1,18.95,264,19.05,19,1,2022-06-13 09:03:59
1655111039494475000,19.0,1,18.95,264,19.05,10,1,2022-06-13 09:03:59
1655111039494475000,19.05,9,18.95,264,19.05,10,1,2022-06-13 09:03:59
1655111039560505000,19.05,10,18.95,264,19.1,75,1,2022-06-13 09:03:59
1655111039560505000,19.1,15,18.95,264,19.1,75,1,2022-06-13 09:03:59
1655111039591224000,19.1,1,18.95,264,19.1,74,1,2022-06-13 09:03:59
1655111039768848000,19.1,1,19.0,1,19.1,73,1,2022-06-13 09:03:59
1655111039808196000,19.0,1,18.95,264,19.1,73,2,2022-06-13 09:03:59
1655111039830745000,19.1,7,18.95,264,19.1,66,1,2022-06-13 09:03:59
1655111040105461000,19.1,5,19.0,11,19.1,63,1,2022-06-13 09:04:00
1655111040124605000,19.1,2,19.0,11,19.1,61,1,2022-06-13 09:04:00
1655111040190429000,19.1,2,19.0,15,19.1,58,1,2022-06-13 09:04:00
1655111040287577000,19.0,13,19.0,32,19.05,10,2,2022-06-13 09:04:00
1655111040574072000,19.05,1,19.0,35,19.05,9,1,2022-06-13 09:04:00
1655111040743148000,19.05,2,19.0,37,19.05,7,1,2022-06-13 09:04:00
1655111040866915000,19.05,5,19.0,45,19.05,2,1,2022-06-13 09:04:00
1655111041370415000,19.05,1,19.0,55,19.05,1,1,2022-06-13 09:04:01
1655111041454565000,19.05,1,19.0,55,19.1,66,1,2022-06-13 09:04:01
1655111041454565000,19.1,2,19.0,55,19.1,66,1,2022-06-13 09:04:01
1655111041764872000,19.05,1,19.05,6,19.1,66,2,2022-06-13 09:04:01
1655111042138736000,19.1,3,19.05,6,19.1,63,1,2022-06-13 09:04:02
1655111042449202000,19.1,2,19.05,6,19.1,64,1,2022-06-13 09:04:02
1655111043846411000,19.05,2,19.05,8,19.1,64,2,2022-06-13 09:04:03
1655111043909776000,19.1,5,19.05,8,19.1,59,1,2022-06-13 09:04:03
1655111044528929000,19.05,1,19.05,7,19.1,59,2,2022-06-13 09:04:04
1655111044585837000,19.05,7,19.0,39,19.1,59,2,2022-06-13 09:04:04
1655111045373211000,19.1,5,19.05,2,19.1,104,1,2022-06-13 09:04:05
1655111045472950000,19.1,1,19.05,2,19.1,108,1,2022-06-13 09:04:05
1655111045574754000,19.1,1,19.05,2,19.1,107,1,2022-06-13 09:04:05
1655111046139103000,19.05,4,19.0,39,19.1,111,2,2022-06-13 09:04:06
1655111046772143000,19.05,1,19.0,39,19.05,7,2,2022-06-13 09:04:06
1655111046798121000,19.05,1,19.0,39,19.05,6,1,2022-06-13 09:04:06
1655111047289247000,19.05,1,19.0,39,19.05,7,1,2022-06-13 09:04:07
1655111047430835000,19.05,1,19.0,39,19.05,6,1,2022-06-13 09:04:07
1655111047498256000,19.05,1,19.0,39,19.05,5,1,2022-06-13 09:04:07
1655111047748038000,19.05,5,19.0,39,19.1,105,1,2022-06-13 09:04:07
1655111047748038000,19.1,10,19.0,39,19.1,105,1,2022-06-13 09:04:07
1655111048160745000,19.1,1,19.0,42,19.1,104,1,2022-06-13 09:04:08
1655111048835790000,19.0,10,19.0,33,19.1,104,2,2022-06-13 09:04:08
1655111048977623000,19.05,1,19.0,33,19.05,1,1,2022-06-13 09:04:08
1655111049004093000,19.05,1,19.05,2,19.1,105,1,2022-06-13 09:04:09
1655111049405390000,19.05,2,19.0,33,19.1,110,2,2022-06-13 09:04:09
1655111049570221000,19.05,5,19.0,33,19.1,110,2,2022-06-13 09:04:09
1655111050137206000,19.05,2,19.0,36,19.1,107,1,2022-06-13 09:04:10
1655111050137206000,19.1,3,19.0,36,19.1,107,1,2022-06-13 09:04:10
1655111050330209000,19.0,2,19.0,34,19.1,108,2,2022-06-13 09:04:10
1655111050754277000,19.1,1,19.0,33,19.1,108,1,2022-06-13 09:04:10
1655111051768263000,19.05,1,19.0,34,19.05,5,1,2022-06-13 09:04:11
1655111052079384000,19.0,2,19.0,32,19.05,5,2,2022-06-13 09:04:12
1655111052336369000,19.05,5,19.0,32,19.1,106,1,2022-06-13 09:04:12
1655111052336369000,19.1,5,19.0,32,19.1,106,1,2022-06-13 09:04:12
1655111052763225000,19.0,1,19.0,29,19.05,1,2,2022-06-13 09:04:12
1655111053774850000,19.05,1,19.0,34,19.05,1,1,2022-06-13 09:04:13
1655111053924222000,19.0,5,19.0,29,19.05,3,2,2022-06-13 09:04:13
1655111054137021000,19.0,5,19.0,24,19.05,3,2,2022-06-13 09:04:14
1655111054565088000,19.05,4,19.0,25,19.1,100,1,2022-06-13 09:04:14
1655111054565088000,19.1,6,19.0,25,19.1,100,1,2022-06-13 09:04:14
1655111054912709000,19.05,1,19.0,26,19.05,2,2,2022-06-13 09:04:14
1655111055699815000,19.05,1,19.0,28,19.05,14,1,2022-06-13 09:04:15
1655111055761869000,19.05,1,19.0,28,19.05,13,1,2022-06-13 09:04:15
1655111055874886000,19.05,4,19.0,28,19.05,9,1,2022-06-13 09:04:15
1655111056218354000,19.05,1,19.0,28,19.05,8,1,2022-06-13 09:04:16
1655111056866155000,19.05,4,19.0,28,19.05,28,1,2022-06-13 09:04:16
1655111056928777000,19.0,1,19.0,27,19.05,28,2,2022-06-13 09:04:16
1655111057009093000,19.05,5,19.0,27,19.05,23,1,2022-06-13 09:04:17
1655111057025410000,19.0,1,19.0,26,19.05,23,2,2022-06-13 09:04:17
1655111057376760000,19.05,5,19.0,26,19.05,28,1,2022-06-13 09:04:17
1655111057471231000,19.0,15,19.0,11,19.05,28,2,2022-06-13 09:04:17
1655111057543911000,19.05,10,19.0,11,19.05,18,1,2022-06-13 09:04:17
1655111057605202000,19.05,2,19.0,11,19.05,19,1,2022-06-13 09:04:17
1655111057780811000,19.05,1,19.0,11,19.05,18,1,2022-06-13 09:04:17
1655111058140538000,19.05,6,19.0,11,19.05,12,1,2022-06-13 09:04:18
1655111058209123000,19.0,4,19.0,7,19.05,12,2,2022-06-13 09:04:18
1655111058230862000,19.05,1,19.0,7,19.05,11,1,2022-06-13 09:04:18
1655111058719492000,19.0,7,18.95,266,19.0,1,2,2022-06-13 09:04:18
1655111058996524000,19.0,1,18.95,266,19.0,3,1,2022-06-13 09:04:18
1655111059056195000,19.0,1,18.95,266,19.0,2,1,2022-06-13 09:04:19
1655111059110731000,19.0,2,19.0,8,19.05,14,1,2022-06-13 09:04:19
1655111059212650000,19.0,5,19.0,8,19.05,14,2,2022-06-13 09:04:19
1655111059836637000,19.0,5,19.0,5,19.05,41,2,2022-06-13 09:04:19
1655111059905616000,19.0,5,19.0,2,19.05,41,2,2022-06-13 09:04:19
1655111060283440000,19.0,5,18.95,266,19.0,5,2,2022-06-13 09:04:20
1655111060329991000,19.0,1,18.95,266,19.0,4,1,2022-06-13 09:04:20
1655111060798356000,19.0,1,18.95,266,19.0,4,1,2022-06-13 09:04:20
1655111062074098000,18.95,15,18.95,252,19.0,19,2,2022-06-13 09:04:22
1655111062190455000,18.95,2,18.95,250,19.0,19,2,2022-06-13 09:04:22
1655111062310024000,18.95,8,18.95,242,19.0,19,2,2022-06-13 09:04:22
1655111062349850000,18.95,9,18.9,545,19.0,19,2,2022-06-13 09:04:22
1655111062377346000,18.9,1,18.9,544,19.0,19,2,2022-06-13 09:04:22
1655111062425340000,18.9,2,18.9,542,19.0,19,2,2022-06-13 09:04:22
1655111062784981000,19.0,1,18.9,542,19.0,34,1,2022-06-13 09:04:22
1655111062960373000,18.9,8,18.9,534,19.0,46,2,2022-06-13 09:04:22
1655111063045221000,19.0,1,18.9,534,19.0,52,1,2022-06-13 09:04:23
1655111063110796000,18.9,8,18.9,526,18.95,30,2,2022-06-13 09:04:23
1655111063136044000,18.9,30,18.9,496,18.95,34,2,2022-06-13 09:04:23
1655111063373428000,18.9,8,18.9,20,18.95,41,2,2022-06-13 09:04:23
1655111063373459000,18.9,20,18.85,7,18.95,41,2,2022-06-13 09:04:23
1655111063404694000,18.85,2,18.85,5,18.95,41,2,2022-06-13 09:04:23
1655111063459348000,18.85,2,18.85,3,18.95,44,2,2022-06-13 09:04:23
1655111063495840000,18.85,1,18.85,2,18.95,45,2,2022-06-13 09:04:23
1655111063496327000,18.85,2,18.8,54,18.95,45,2,2022-06-13 09:04:23
1655111063590875000,18.8,5,18.8,49,18.95,45,2,2022-06-13 09:04:23
1655111063611125000,18.8,5,18.8,44,18.95,45,2,2022-06-13 09:04:23
1655111063639483000,18.8,5,18.8,39,18.95,46,2,2022-06-13 09:04:23
1655111063648798000,18.8,5,18.8,34,18.95,46,2,2022-06-13 09:04:23
1655111063661456000,18.8,5,18.8,29,18.95,46,2,2022-06-13 09:04:23
1655111063674432000,18.8,13,18.8,16,18.95,46,2,2022-06-13 09:04:23
1655111063687955000,18.8,5,18.8,11,18.95,49,2,2022-06-13 09:04:23
1655111063696481000,18.95,9,18.8,11,18.95,40,1,2022-06-13 09:04:23
1655111063711660000,18.8,5,18.8,6,18.95,40,2,2022-06-13 09:04:23
1655111063724686000,18.8,5,18.8,1,18.95,40,2,2022-06-13 09:04:23
1655111063740078000,18.8,1,18.75,32,18.95,40,2,2022-06-13 09:04:23
1655111063876680000,18.75,32,18.7,37,18.9,1,2,2022-06-13 09:04:23
1655111063876680000,18.7,21,18.7,37,18.9,1,2,2022-06-13 09:04:23
1655111064054424000,18.9,1,18.7,37,18.95,31,1,2022-06-13 09:04:24
1655111064054424000,18.95,9,18.7,37,18.95,31,1,2022-06-13 09:04:24
1655111064685989000,18.75,1,18.7,33,18.8,1,2,2022-06-13 09:04:24
1655111064685989000,18.7,4,18.7,33,18.8,1,2,2022-06-13 09:04:24
1655111064913509000,18.7,26,18.7,7,18.8,2,2,2022-06-13 09:04:24
1655111064915314000,18.7,5,18.7,2,18.8,2,2,2022-06-13 09:04:24
1655111064931488000,18.7,2,18.65,41,18.8,2,2,2022-06-13 09:04:24
1655111065004173000,18.8,1,18.65,41,18.8,1,1,2022-06-13 09:04:25
1655111065376350000,18.8,1,18.65,41,18.85,7,1,2022-06-13 09:04:25
1655111065644168000,18.85,7,18.7,14,18.9,33,1,2022-06-13 09:04:25
1655111065644168000,18.9,3,18.7,14,18.9,33,1,2022-06-13 09:04:25
1655111065684901000,18.75,3,18.7,3,18.8,1,1,2022-06-13 09:04:25
1655111065915576000,18.7,3,18.65,39,18.8,1,2,2022-06-13 09:04:25
1655111065915576000,18.65,2,18.65,39,18.8,1,2,2022-06-13 09:04:25
1655111066067735000,18.8,1,18.65,39,18.8,3,1,2022-06-13 09:04:26
1655111066516010000,18.65,39,18.6,64,18.8,3,2,2022-06-13 09:04:26
1655111066516010000,18.6,11,18.6,64,18.8,3,2,2022-06-13 09:04:26
1655111066740568000,18.6,30,18.6,34,18.8,3,2,2022-06-13 09:04:26
1655111067003189000,18.6,1,18.6,33,18.8,3,2,2022-06-13 09:04:27
1655111067818207000,18.8,1,18.6,33,18.8,2,1,2022-06-13 09:04:27
1655111067865369000,18.75,1,18.6,33,18.8,2,1,2022-06-13 09:04:27
1655111068640652000,18.6,1,18.6,32,18.75,3,2,2022-06-13 09:04:28
1655111069087103000,18.65,2,18.65,22,18.7,2,2,2022-06-13 09:04:29
1655111069315700000,18.7,1,18.65,22,18.7,1,1,2022-06-13 09:04:29
1655111069350328000,18.7,1,18.65,22,18.75,3,1,2022-06-13 09:04:29
1655111070036608000,18.65,1,18.65,23,18.75,3,2,2022-06-13 09:04:30
1655111070042327000,18.75,3,18.65,23,18.8,50,1,2022-06-13 09:04:30
1655111071294567000,18.7,3,18.65,21,18.8,50,2,2022-06-13 09:04:31
1655111071294567000,18.65,2,18.65,21,18.8,50,2,2022-06-13 09:04:31
1655111071354817000,18.8,2,18.65,21,18.8,48,1,2022-06-13 09:04:31
1655111073434734000,18.8,1,18.7,12,18.8,47,1,2022-06-13 09:04:33
1655111073515991000,18.7,1,18.7,11,18.8,47,2,2022-06-13 09:04:33
1655111073549032000,18.75,1,18.7,11,18.8,47,2,2022-06-13 09:04:33
1655111073651088000,18.8,1,18.7,12,18.8,46,1,2022-06-13 09:04:33
1655111073687004000,18.8,46,18.7,12,18.85,7,1,2022-06-13 09:04:33
1655111074419686000,18.75,1,18.7,20,18.75,14,1,2022-06-13 09:04:34
1655111076816974000,18.75,4,18.7,15,18.75,10,1,2022-06-13 09:04:36
1655111077292208000,18.7,4,18.7,11,18.75,10,2,2022-06-13 09:04:37
1655111077405691000,18.75,1,18.7,11,18.75,9,1,2022-06-13 09:04:37
1655111077481932000,18.7,2,18.7,9,18.75,9,2,2022-06-13 09:04:37
1655111077672619000,18.75,1,18.7,9,18.75,8,1,2022-06-13 09:04:37
1655111077748523000,18.75,1,18.7,9,18.75,7,1,2022-06-13 09:04:37
1655111078163946000,18.75,7,18.75,3,18.8,3,1,2022-06-13 09:04:38
1655111078456962000,18.75,1,18.75,2,18.8,3,2,2022-06-13 09:04:38
1655111078744777000,18.75,2,18.7,11,18.8,3,2,2022-06-13 09:04:38
1655111079260949000,18.7,6,18.7,25,18.8,3,2,2022-06-13 09:04:39
1655111079739754000,18.7,2,18.7,28,18.8,3,2,2022-06-13 09:04:39
1655111081214508000,18.75,10,18.75,10,18.8,5,2,2022-06-13 09:04:41
1655111081247443000,18.75,10,18.7,34,18.8,5,2,2022-06-13 09:04:41
1655111082092744000,18.7,3,18.7,37,18.75,8,2,2022-06-13 09:04:42
1655111082409883000,18.75,5,18.7,37,18.75,3,1,2022-06-13 09:04:42
1655111082886041000,18.7,3,18.7,34,18.75,3,2,2022-06-13 09:04:42
1655111082979388000,18.7,2,18.7,32,18.75,4,2,2022-06-13 09:04:42
1655111083623681000,18.75,5,18.75,5,18.8,6,1,2022-06-13 09:04:43
1655111083662720000,18.8,2,18.75,5,18.8,4,1,2022-06-13 09:04:43
1655111083923894000,18.75,1,18.75,4,18.8,4,2,2022-06-13 09:04:43
1655111084068667000,18.75,4,18.7,33,18.75,102,2,2022-06-13 09:04:44
1655111084084723000,18.7,5,18.7,28,18.75,102,2,2022-06-13 09:04:44
1655111085115701000,18.7,1,18.7,29,18.75,102,2,2022-06-13 09:04:45
1655111085257746000,18.7,7,18.7,22,18.75,102,2,2022-06-13 09:04:45
1655111085296178000,18.7,3,18.7,19,18.75,102,2,2022-06-13 09:04:45
1655111085351958000,18.7,1,18.7,18,18.75,102,2,2022-06-13 09:04:45
1655111085558532000,18.7,5,18.7,13,18.75,102,2,2022-06-13 09:04:45
1655111085763157000,18.75,1,18.7,13,18.75,101,1,2022-06-13 09:04:45
1655111086116471000,18.7,10,18.7,3,18.75,101,2,2022-06-13 09:04:46
1655111086374755000,18.75,2,18.7,3,18.75,99,1,2022-06-13 09:04:46
1655111087036368000,18.7,1,18.7,2,18.75,102,2,2022-06-13 09:04:47
1655111087137363000,18.7,2,18.65,17,18.7,3,2,2022-06-13 09:04:47
1655111087511723000,18.7,3,18.7,7,18.75,108,1,2022-06-13 09:04:47
1655111087805046000,18.7,7,18.65,17,18.7,8,2,2022-06-13 09:04:47
1655111088295466000,18.7,3,18.65,17,18.7,10,1,2022-06-13 09:04:48
1655111088581128000,18.7,1,18.65,17,18.7,9,1,2022-06-13 09:04:48
1655111089166535000,18.7,2,18.65,17,18.7,8,1,2022-06-13 09:04:49
1655111089969710000,18.7,1,18.65,17,18.7,9,1,2022-06-13 09:04:49
1655111090189221000,18.7,1,18.65,17,18.7,12,1,2022-06-13 09:04:50
1655111090536380000,18.7,1,18.65,17,18.7,14,1,2022-06-13 09:04:50
1655111091191174000,18.7,1,18.65,17,18.7,19,1,2022-06-13 09:04:51
1655111091478232000,18.65,2,18.65,15,18.7,22,2,2022-06-13 09:04:51
1655111091714727000,18.65,1,18.65,15,18.7,26,2,2022-06-13 09:04:51
1655111092062012000,18.7,1,18.65,16,18.7,27,1,2022-06-13 09:04:52
1655111092416676000,18.7,1,18.65,16,18.7,30,1,2022-06-13 09:04:52
1655111093189351000,18.65,2,18.65,16,18.7,30,2,2022-06-13 09:04:53
1655111093378753000,18.7,1,18.65,16,18.7,29,1,2022-06-13 09:04:53
1655111093828372000,18.7,1,18.65,20,18.7,28,1,2022-06-13 09:04:53
1655111093984539000,18.7,28,18.7,17,18.75,158,1,2022-06-13 09:04:53
1655111094028385000,18.7,1,18.7,16,18.75,158,2,2022-06-13 09:04:54
1655111094282015000,18.7,5,18.7,11,18.75,158,2,2022-06-13 09:04:54
1655111094356660000,18.75,1,18.7,11,18.75,157,1,2022-06-13 09:04:54
1655111094520232000,18.7,1,18.7,10,18.75,157,2,2022-06-13 09:04:54
1655111094733739000,18.7,1,18.7,9,18.75,157,2,2022-06-13 09:04:54
1655111095162485000,18.7,1,18.7,16,18.75,158,2,2022-06-13 09:04:55
1655111095504663000,18.7,1,18.7,16,18.75,158,2,2022-06-13 09:04:55
1655111095868487000,18.75,1,18.7,16,18.75,157,1,2022-06-13 09:04:55
1655111096893350000,18.75,1,18.7,16,18.75,156,1,2022-06-13 09:04:56
1655111096983995000,18.7,2,18.7,14,18.75,156,2,2022-06-13 09:04:56
1655111097233991000,18.7,5,18.7,11,18.75,156,2,2022-06-13 09:04:57
1655111097546460000,18.7,1,18.7,12,18.75,156,2,2022-06-13 09:04:57
1655111097601029000,18.75,2,18.7,12,18.75,154,1,2022-06-13 09:04:57
1655111098284300000,18.7,1,18.7,11,18.75,154,2,2022-06-13 09:04:58
1655111098638413000,18.7,11,18.65,8,18.75,154,2,2022-06-13 09:04:58
1655111098638413000,18.65,14,18.65,8,18.75,154,2,2022-06-13 09:04:58
1655111099113883000,18.65,1,18.65,9,18.75,154,2,2022-06-13 09:04:59
1655111099136583000,18.75,1,18.65,9,18.75,153,1,2022-06-13 09:04:59
1655111099900233000,18.75,1,18.65,10,18.75,152,1,2022-06-13 09:04:59
1655111100657857000,18.7,1,18.65,12,18.7,4,1,2022-06-13 09:05:00
1655111100968232000,18.7,5,18.65,12,18.75,155,1,2022-06-13 09:05:00
1655111101256902000,18.75,5,18.7,1,18.75,150,1,2022-06-13 09:05:01
1655111101477540000,18.7,1,18.65,12,18.7,1,2,2022-06-13 09:05:01
1655111101667912000,18.7,1,18.65,13,18.75,149,1,2022-06-13 09:05:01
1655111101667912000,18.75,1,18.65,13,18.75,149,1,2022-06-13 09:05:01
1655111101877366000,18.7,10,18.65,3,18.75,149,2,2022-06-13 09:05:01
1655111101877366000,18.65,10,18.65,3,18.75,149,2,2022-06-13 09:05:01
1655111102382893000,18.75,4,18.7,7,18.75,145,1,2022-06-13 09:05:02
1655111104513284000,18.7,2,18.7,5,18.75,145,2,2022-06-13 09:05:04
1655111104918071000,18.7,5,18.65,47,18.75,146,2,2022-06-13 09:05:04
1655111105003349000,18.75,3,18.65,48,18.75,143,1,2022-06-13 09:05:05
1655111105695588000,18.75,2,18.65,50,18.75,141,1,2022-06-13 09:05:05
1655111105913487000,18.7,3,18.7,7,18.75,141,2,2022-06-13 09:05:05
1655111106202922000,18.7,1,18.7,6,18.75,141,2,2022-06-13 09:05:06
1655111106235452000,18.7,2,18.7,4,18.75,141,2,2022-06-13 09:05:06
1655111106779842000,18.7,2,18.7,5,18.75,144,2,2022-06-13 09:05:06
1655111107081637000,18.7,5,18.65,29,18.75,144,2,2022-06-13 09:05:07
1655111107745384000,18.75,20,18.65,29,18.75,129,1,2022-06-13 09:05:07
1655111107833748000,18.7,6,18.65,29,18.75,129,1,2022-06-13 09:05:07
1655111108190240000,18.7,1,18.7,9,18.75,130,2,2022-06-13 09:05:08
1655111108549396000,18.7,1,18.7,8,18.75,130,2,2022-06-13 09:05:08
1655111108631759000,18.7,1,18.7,7,18.75,130,2,2022-06-13 09:05:08
1655111108778296000,18.7,5,18.7,9,18.75,130,2,2022-06-13 09:05:08
1655111110099658000,18.75,1,18.7,14,18.75,129,1,2022-06-13 09:05:10
1655111110387770000,18.7,1,18.7,13,18.75,129,2,2022-06-13 09:05:10
1655111111272893000,18.75,4,18.7,13,18.75,125,1,2022-06-13 09:05:11
1655111111914000000,18.7,2,18.7,13,18.75,125,2,2022-06-13 09:05:11
1655111112138262000,18.7,6,18.7,7,18.75,135,2,2022-06-13 09:05:12
1655111112212010000,18.75,10,18.7,7,18.75,125,1,2022-06-13 09:05:12
1655111113113168000,18.7,5,18.7,2,18.75,125,2,2022-06-13 09:05:13
1655111113396103000,18.7,2,18.65,38,18.7,2,2,2022-06-13 09:05:13
1655111113425144000,18.7,2,18.65,38,18.75,125,1,2022-06-13 09:05:13
1655111113855751000,18.75,1,18.7,1,18.75,124,1,2022-06-13 09:05:13
1655111113973836000,18.7,1,18.65,38,18.7,9,2,2022-06-13 09:05:13
1655111114000452000,18.7,9,18.65,38,18.75,124,1,2022-06-13 09:05:14
1655111114480926000,18.7,1,18.7,2,18.75,124,1,2022-06-13 09:05:14
1655111114856720000,18.7,1,18.7,1,18.75,124,2,2022-06-13 09:05:14
1655111114956941000,18.7,1,18.65,43,18.75,124,2,2022-06-13 09:05:14
1655111116381001000,18.7,2,18.7,1,18.75,129,2,2022-06-13 09:05:16
1655111116464569000,18.7,1,18.65,46,18.7,1,2,2022-06-13 09:05:16
1655111118016370000,18.7,1,18.65,61,18.75,129,1,2022-06-13 09:05:18
1655111119275341000,18.7,10,18.65,61,18.7,15,2,2022-06-13 09:05:19
1655111119642855000,18.7,1,18.65,61,18.7,14,1,2022-06-13 09:05:19
1655111119733178000,18.7,3,18.65,61,18.7,15,1,2022-06-13 09:05:19
1655111120813686000,18.7,1,18.65,61,18.7,15,1,2022-06-13 09:05:20
1655111120944695000,18.7,1,18.65,61,18.7,16,1,2022-06-13 09:05:20
1655111121213949000,18.7,1,18.65,61,18.7,15,1,2022-06-13 09:05:21
1655111121636178000,18.7,1,18.65,61,18.7,14,1,2022-06-13 09:05:21
1655111122711101000,18.7,2,18.65,66,18.7,13,1,2022-06-13 09:05:22
1655111122744243000,18.7,10,18.65,66,18.7,3,1,2022-06-13 09:05:22
1655111122775432000,18.7,3,18.65,66,18.75,130,1,2022-06-13 09:05:22
1655111123412459000,18.75,10,18.7,2,18.75,121,1,2022-06-13 09:05:23
1655111125159126000,18.7,1,18.7,9,18.75,121,2,2022-06-13 09:05:25
1655111125918931000,18.75,1,18.7,9,18.75,120,1,2022-06-13 09:05:25
1655111127234225000,18.7,14,18.65,66,18.7,6,2,2022-06-13 09:05:27
1655111127713974000,18.7,6,18.65,66,18.75,105,1,2022-06-13 09:05:27
1655111127713974000,18.75,14,18.65,66,18.75,105,1,2022-06-13 09:05:27
1655111128044542000,18.7,1,18.65,59,18.75,105,2,2022-06-13 09:05:28
1655111128044542000,18.65,1,18.65,59,18.75,105,2,2022-06-13 09:05:28
1655111128859388000,18.7,1,18.65,60,18.7,9,2,2022-06-13 09:05:28
1655111128939382000,18.7,4,18.65,60,18.7,5,1,2022-06-13 09:05:28
1655111129010993000,18.7,5,18.7,5,18.75,115,1,2022-06-13 09:05:29
1655111129055231000,18.7,3,18.7,2,18.75,112,2,2022-06-13 09:05:29
1655111129245233000,18.7,1,18.7,1,18.75,112,2,2022-06-13 09:05:29
1655111130648384000,18.7,1,18.65,60,18.75,114,2,2022-06-13 09:05:30
1655111131902088000,18.7,1,18.65,61,18.75,114,1,2022-06-13 09:05:31
1655111132202277000,18.7,1,18.65,61,18.7,14,2,2022-06-13 09:05:32
1655111132930026000,18.7,5,18.65,61,18.7,9,1,2022-06-13 09:05:32
1655111133610846000,18.7,6,18.65,61,18.7,3,1,2022-06-13 09:05:33
1655111133852240000,18.65,5,18.65,56,18.7,3,2,2022-06-13 09:05:33
1655111133955623000,18.7,1,18.65,56,18.7,2,1,2022-06-13 09:05:33
1655111134618450000,18.7,2,18.65,56,18.75,94,1,2022-06-13 09:05:34
1655111135692968000,18.65,1,18.65,55,18.7,2,2,2022-06-13 09:05:35
1655111136831031000,18.7,2,18.65,50,18.7,5,1,2022-06-13 09:05:36
1655111137827399000,18.7,1,18.65,60,18.7,6,1,2022-06-13 09:05:37
1655111138786380000,18.7,5,18.65,62,18.7,13,1,2022-06-13 09:05:38
1655111139178087000,18.7,1,18.65,62,18.7,12,1,2022-06-13 09:05:39
1655111139787557000,18.7,2,18.65,62,18.7,10,1,2022-06-13 09:05:39
1655111140187532000,18.7,1,18.65,62,18.7,11,1,2022-06-13 09:05:40
1655111140213382000,18.7,11,18.65,62,18.75,94,1,2022-06-13 09:05:40
1655111142148025000,18.7,2,18.65,65,18.7,5,1,2022-06-13 09:05:42
1655111142866228000,18.7,1,18.65,65,18.7,9,1,2022-06-13 09:05:42
1655111142943481000,18.7,5,18.65,65,18.7,4,1,2022-06-13 09:05:42
1655111143563677000,18.7,1,18.65,65,18.7,3,1,2022-06-13 09:05:43
1655111143712991000,18.7,1,18.65,65,18.7,2,1,2022-06-13 09:05:43
1655111143743625000,18.7,2,18.65,65,18.75,89,1,2022-06-13 09:05:43
1655111144968837000,18.7,1,18.7,2,18.75,88,2,2022-06-13 09:05:44
1655111146247643000,18.7,1,18.7,4,18.75,87,2,2022-06-13 09:05:46
1655111147951011000,18.7,1,18.7,13,18.75,86,2,2022-06-13 09:05:47
1655111148914464000,18.7,3,18.7,11,18.75,84,2,2022-06-13 09:05:48
1655111149647289000,18.7,1,18.7,10,18.75,84,2,2022-06-13 09:05:49
1655111152448402000,18.7,2,18.7,33,18.75,84,2,2022-06-13 09:05:52
1655111154694745000,18.75,16,18.7,44,18.75,68,1,2022-06-13 09:05:54
1655111154730100000,18.75,2,18.7,44,18.75,66,1,2022-06-13 09:05:54
1655111155836046000,18.75,1,18.7,45,18.75,65,1,2022-06-13 09:05:55
1655111156355815000,18.7,10,18.7,35,18.75,65,2,2022-06-13 09:05:56
1655111159991968000,18.7,1,18.7,35,18.75,66,2,2022-06-13 09:05:59
1655111160020207000,18.7,2,18.7,33,18.75,66,2,2022-06-13 09:06:00
1655111162530219000,18.7,1,18.7,32,18.75,66,2,2022-06-13 09:06:02
1655111164272495000,18.75,20,18.7,32,18.75,46,1,2022-06-13 09:06:04
1655111170884745000,18.7,3,18.7,39,18.75,53,2,2022-06-13 09:06:10
1655111171536627000,18.75,5,18.7,39,18.75,49,1,2022-06-13 09:06:11
1655111173425401000,18.7,1,18.7,41,18.75,49,2,2022-06-13 09:06:13
1655111174888375000,18.75,2,18.7,41,18.75,48,1,2022-06-13 09:06:14
1655111175854263000,18.7,10,18.7,32,18.75,47,2,2022-06-13 09:06:15
1655111178524882000,18.7,1,18.7,33,18.75,42,2,2022-06-13 09:06:18
1655111178993446000,18.7,30,18.7,3,18.75,42,2,2022-06-13 09:06:18
1655111179016026000,18.7,3,18.65,53,18.75,42,2,2022-06-13 09:06:19
1655111181796836000,18.7,1,18.65,53,18.7,1,1,2022-06-13 09:06:21
1655111182409667000,18.7,1,18.65,53,18.7,7,1,2022-06-13 09:06:22
1655111183257573000,18.65,10,18.65,45,18.7,8,2,2022-06-13 09:06:23
1655111183900952000,18.7,1,18.65,45,18.7,7,1,2022-06-13 09:06:23
1655111186585378000,18.7,1,18.65,46,18.7,15,1,2022-06-13 09:06:26
1655111186593772000,18.7,1,18.65,46,18.7,14,1,2022-06-13 09:06:26
1655111187104495000,18.7,1,18.65,46,18.7,14,1,2022-06-13 09:06:27
1655111187390035000,18.7,1,18.65,46,18.7,13,1,2022-06-13 09:06:27
1655111189887415000,18.7,10,18.65,64,18.7,4,1,2022-06-13 09:06:29
1655111190193801000,18.65,64,18.6,68,18.65,36,2,2022-06-13 09:06:30
1655111190831193000,18.65,1,18.6,68,18.65,36,1,2022-06-13 09:06:30
1655111191218279000,18.65,1,18.6,68,18.65,35,1,2022-06-13 09:06:31
1655111192099220000,18.6,1,18.6,67,18.65,35,2,2022-06-13 09:06:32
1655111193019836000,18.65,10,18.6,67,18.65,25,1,2022-06-13 09:06:33
1655111194802928000,18.6,9,18.6,57,18.65,25,2,2022-06-13 09:06:34
1655111195326236000,18.6,30,18.6,24,18.65,25,2,2022-06-13 09:06:35
1655111195615698000,18.65,1,18.6,24,18.65,24,1,2022-06-13 09:06:35
1655111195983764000,18.6,4,18.6,20,18.65,25,2,2022-06-13 09:06:35
1655111196844039000,18.6,5,18.6,15,18.65,25,2,2022-06-13 09:06:36
1655111197321278000,18.6,1,18.6,14,18.65,25,2,2022-06-13 09:06:37
1655111197424079000,18.6,14,18.55,102,18.6,6,2,2022-06-13 09:06:37
1655111198779384000,18.55,2,18.55,105,18.6,7,2,2022-06-13 09:06:38
1655111199698041000,18.55,1,18.55,102,18.6,7,2,2022-06-13 09:06:39
1655111200231449000,18.6,2,18.55,102,18.6,5,1,2022-06-13 09:06:40
1655111200524543000,18.55,6,18.55,96,18.6,7,2,2022-06-13 09:06:40
1655111200832977000,18.55,2,18.55,94,18.6,8,2,2022-06-13 09:06:40
1655111201278508000,18.6,1,18.55,94,18.6,7,1,2022-06-13 09:06:41
1655111201395952000,18.6,2,18.55,94,18.6,5,1,2022-06-13 09:06:41
1655111201438569000,18.55,5,18.55,89,18.6,5,2,2022-06-13 09:06:41
1655111201868695000,18.55,5,18.55,84,18.6,5,2,2022-06-13 09:06:41
1655111202060861000,18.55,5,18.55,79,18.6,5,2,2022-06-13 09:06:42
1655111202105563000,18.6,5,18.6,5,18.65,26,1,2022-06-13 09:06:42
1655111202249789000,18.6,5,18.55,79,18.65,26,2,2022-06-13 09:06:42
1655111202458217000,18.55,5,18.55,74,18.6,1,2,2022-06-13 09:06:42
1655111202704023000,18.55,7,18.55,67,18.6,1,2,2022-06-13 09:06:42
1655111202728615000,18.55,1,18.55,66,18.6,1,2,2022-06-13 09:06:42
1655111202787356000,18.55,5,18.55,61,18.6,1,2,2022-06-13 09:06:42
1655111202862099000,18.55,7,18.55,52,18.6,1,2,2022-06-13 09:06:42
1655111203185803000,18.55,5,18.55,47,18.6,1,2,2022-06-13 09:06:43
1655111203224982000,18.55,1,18.55,46,18.6,1,2,2022-06-13 09:06:43
1655111203386719000,18.55,5,18.55,41,18.6,1,2,2022-06-13 09:06:43
1655111203415572000,18.55,5,18.55,36,18.6,1,2,2022-06-13 09:06:43
1655111203491312000,18.55,2,18.55,34,18.6,1,2,2022-06-13 09:06:43
1655111203569335000,18.55,5,18.55,29,18.6,1,2,2022-06-13 09:06:43
1655111203700681000,18.55,1,18.55,28,18.6,1,2,2022-06-13 09:06:43
1655111204131525000,18.55,5,18.55,23,18.6,1,2,2022-06-13 09:06:44
1655111204158123000,18.55,23,18.5,219,18.6,1,2,2022-06-13 09:06:44
1655111204211182000,18.5,1,18.5,218,18.6,1,2,2022-06-13 09:06:44
1655111204261254000,18.55,1,18.55,4,18.6,1,2,2022-06-13 09:06:44
1655111204263068000,18.55,4,18.5,218,18.6,1,2,2022-06-13 09:06:44
1655111204264204000,18.5,4,18.5,214,18.6,1,2,2022-06-13 09:06:44
1655111204354932000,18.5,5,18.5,209,18.6,1,2,2022-06-13 09:06:44
1655111204579941000,18.5,5,18.5,204,18.55,2,2,2022-06-13 09:06:44
1655111205047758000,18.5,5,18.5,199,18.55,8,2,2022-06-13 09:06:45
1655111205227503000,18.5,2,18.5,197,18.55,8,2,2022-06-13 09:06:45
1655111205342966000,18.5,10,18.5,187,18.55,8,2,2022-06-13 09:06:45
1655111205519079000,18.5,5,18.5,182,18.55,8,2,2022-06-13 09:06:45
1655111205714070000,18.5,5,18.5,177,18.55,8,2,2022-06-13 09:06:45
1655111205729718000,18.5,20,18.5,157,18.55,8,2,2022-06-13 09:06:45
1655111205914507000,18.5,5,18.5,152,18.55,8,2,2022-06-13 09:06:45
1655111205998331000,18.55,2,18.5,202,18.55,6,1,2022-06-13 09:06:45
1655111206026609000,18.55,3,18.5,202,18.55,3,1,2022-06-13 09:06:46
1655111206089232000,18.5,5,18.5,197,18.55,3,2,2022-06-13 09:06:46
1655111206505035000,18.5,5,18.5,192,18.55,3,2,2022-06-13 09:06:46
1655111206670379000,18.55,1,18.5,192,18.55,2,1,2022-06-13 09:06:46
1655111206749235000,18.55,2,18.5,242,18.6,7,1,2022-06-13 09:06:46
1655111206953835000,18.5,5,18.5,287,18.6,7,2,2022-06-13 09:06:46
1655111207456752000,18.5,5,18.5,282,18.6,8,2,2022-06-13 09:06:47
1655111207645734000,18.5,5,18.5,277,18.6,8,2,2022-06-13 09:06:47
1655111207731782000,18.55,2,18.5,277,18.6,8,1,2022-06-13 09:06:47
1655111207843349000,18.5,5,18.5,322,18.6,8,2,2022-06-13 09:06:47
1655111207975810000,18.5,5,18.5,317,18.6,13,2,2022-06-13 09:06:47
1655111208151236000,18.5,5,18.5,312,18.6,13,2,2022-06-13 09:06:48
1655111208155310000,18.5,1,18.5,311,18.6,13,2,2022-06-13 09:06:48
1655111208376706000,18.55,2,18.5,311,18.6,13,1,2022-06-13 09:06:48
1655111208647181000,18.55,2,18.5,308,18.6,13,2,2022-06-13 09:06:48
1655111208647181000,18.5,3,18.5,308,18.6,13,2,2022-06-13 09:06:48
1655111208943670000,18.5,1,18.5,307,18.6,13,2,2022-06-13 09:06:48
1655111209038075000,18.5,1,18.5,306,18.6,13,2,2022-06-13 09:06:49
1655111209666991000,18.6,4,18.5,356,18.6,9,1,2022-06-13 09:06:49
1655111209877949000,18.5,1,18.5,405,18.6,9,2,2022-06-13 09:06:49
1655111211259181000,18.55,2,18.5,455,18.55,2,2,2022-06-13 09:06:51
1655111211277194000,18.55,2,18.5,455,18.6,9,1,2022-06-13 09:06:51
1655111211681271000,18.6,5,18.55,6,18.6,4,1,2022-06-13 09:06:51
1655111211707220000,18.6,2,18.55,6,18.6,2,1,2022-06-13 09:06:51
1655111211738244000,18.6,2,18.55,6,18.65,25,1,2022-06-13 09:06:51
1655111211745762000,18.65,3,18.55,6,18.65,22,1,2022-06-13 09:06:51
1655111211894133000,18.55,6,18.5,453,18.65,22,2,2022-06-13 09:06:51
1655111211894133000,18.5,4,18.5,453,18.65,22,2,2022-06-13 09:06:51
1655111212251602000,18.55,2,18.5,453,18.65,22,1,2022-06-13 09:06:52
1655111215344696000,18.6,1,18.55,22,18.65,22,1,2022-06-13 09:06:55
1655111215358638000,18.55,3,18.55,19,18.65,22,2,2022-06-13 09:06:55
1655111215702117000,18.65,1,18.55,22,18.65,21,1,2022-06-13 09:06:55
1655111216149437000,18.55,1,18.55,23,18.65,21,2,2022-06-13 09:06:56
1655111217217920000,18.55,2,18.55,44,18.65,21,2,2022-06-13 09:06:57
1655111217434685000,18.6,1,18.55,57,18.6,4,1,2022-06-13 09:06:57
1655111217457723000,18.6,1,18.55,57,18.6,13,1,2022-06-13 09:06:57
1655111217487860000,18.6,3,18.55,57,18.6,10,1,2022-06-13 09:06:57
1655111218250293000,18.6,10,18.6,20,18.65,21,1,2022-06-13 09:06:58
1655111218432853000,18.6,1,18.6,19,18.65,21,2,2022-06-13 09:06:58
1655111218483537000,18.6,1,18.6,18,18.65,21,2,2022-06-13 09:06:58
1655111218504292000,18.6,1,18.6,17,18.65,21,2,2022-06-13 09:06:58
1655111218615016000,18.6,1,18.6,16,18.65,21,2,2022-06-13 09:06:58
1655111218796220000,18.6,1,18.6,15,18.65,21,2,2022-06-13 09:06:58
1655111220347241000,18.6,3,18.6,13,18.65,31,2,2022-06-13 09:07:00
1655111222878945000,18.6,1,18.6,20,18.65,31,2,2022-06-13 09:07:02
1655111224351617000,18.6,3,18.6,17,18.65,31,2,2022-06-13 09:07:04
1655111224385797000,18.6,1,18.6,16,18.65,31,2,2022-06-13 09:07:04
1655111225946717000,18.6,1,18.6,18,18.65,41,2,2022-06-13 09:07:05
1655111228222938000,18.6,4,18.6,25,18.65,41,2,2022-06-13 09:07:08
1655111229768634000,18.6,1,18.6,25,18.65,41,2,2022-06-13 09:07:09
1655111229795565000,18.6,1,18.6,24,18.65,41,2,2022-06-13 09:07:09
1655111229879596000,18.65,1,18.6,24,18.65,40,1,2022-06-13 09:07:09
1655111230134149000,18.6,10,18.6,14,18.65,40,2,2022-06-13 09:07:10
1655111230740656000,18.65,1,18.6,15,18.65,39,1,2022-06-13 09:07:10
1655111230927461000,18.6,10,18.6,5,18.65,39,2,2022-06-13 09:07:10
1655111233395427000,18.6,2,18.6,5,18.65,41,2,2022-06-13 09:07:13
1655111235962378000,18.65,8,18.6,10,18.65,33,1,2022-06-13 09:07:15
1655111236150843000,18.65,1,18.6,10,18.65,32,1,2022-06-13 09:07:16
1655111236618894000,18.6,2,18.6,8,18.65,32,2,2022-06-13 09:07:16
1655111236775451000,18.6,5,18.6,3,18.65,32,2,2022-06-13 09:07:16
1655111240425068000,18.6,3,18.6,9,18.65,31,2,2022-06-13 09:07:20
1655111241469019000,18.6,4,18.6,5,18.65,33,2,2022-06-13 09:07:21
1655111242261777000,18.6,1,18.6,5,18.65,33,2,2022-06-13 09:07:22
1655111243547174000,18.6,3,18.6,2,18.65,33,2,2022-06-13 09:07:23
1655111244038042000,18.65,2,18.6,4,18.65,32,1,2022-06-13 09:07:24
1655111244826380000,18.6,1,18.6,7,18.65,32,2,2022-06-13 09:07:24
1655111245375156000,18.6,7,18.55,110,18.6,3,2,2022-06-13 09:07:25
1655111245407177000,18.6,3,18.55,110,18.65,32,1,2022-06-13 09:07:25
1655111246621561000,18.65,2,18.55,112,18.65,30,1,2022-06-13 09:07:26
1655111249933211000,18.6,2,18.6,4,18.65,38,2,2022-06-13 09:07:29
1655111250271728000,18.65,10,18.6,7,18.65,28,1,2022-06-13 09:07:30
1655111250464606000,18.6,5,18.6,5,18.65,28,2,2022-06-13 09:07:30
1655111251202687000,18.6,5,18.55,83,18.6,1,2,2022-06-13 09:07:31
1655111251232387000,18.6,1,18.55,83,18.65,28,1,2022-06-13 09:07:31
1655111253829784000,18.65,2,18.6,6,18.65,31,1,2022-06-13 09:07:33
1655111253941379000,18.6,6,18.55,82,18.6,3,2,2022-06-13 09:07:33
1655111254855813000,18.6,2,18.55,80,18.6,1,1,2022-06-13 09:07:34
1655111254968730000,18.55,20,18.55,60,18.6,1,2,2022-06-13 09:07:34
1655111255916004000,18.6,2,18.55,60,18.65,31,1,2022-06-13 09:07:35
1655111256062455000,18.55,1,18.55,59,18.65,31,2,2022-06-13 09:07:36
1655111257801304000,18.55,1,18.55,57,18.6,1,2,2022-06-13 09:07:37
1655111258454449000,18.6,3,18.6,2,18.65,28,1,2022-06-13 09:07:38
1655111258485545000,18.6,1,18.6,1,18.65,28,2,2022-06-13 09:07:38
1655111261562316000,18.65,1,18.6,7,18.65,27,1,2022-06-13 09:07:41
1655111262118711000,18.6,1,18.6,6,18.65,27,2,2022-06-13 09:07:42
1655111262622500000,18.65,2,18.6,6,18.65,25,1,2022-06-13 09:07:42
1655111262667301000,18.6,1,18.6,5,18.65,25,2,2022-06-13 09:07:42
1655111262871511000,18.6,1,18.6,4,18.65,25,2,2022-06-13 09:07:42
1655111263181581000,18.6,1,18.6,3,18.65,25,2,2022-06-13 09:07:43
1655111263927244000,18.6,1,18.6,2,18.65,25,2,2022-06-13 09:07:43
1655111264441707000,18.6,4,18.55,64,18.6,6,2,2022-06-13 09:07:44
1655111265273202000,18.6,1,18.55,64,18.6,6,1,2022-06-13 09:07:45
1655111265305209000,18.6,6,18.55,64,18.65,25,1,2022-06-13 09:07:45
1655111266174752000,18.6,1,18.55,64,18.65,25,1,2022-06-13 09:07:46
1655111267121991000,18.6,1,18.55,60,18.6,9,1,2022-06-13 09:07:47
1655111268165366000,18.6,1,18.55,60,18.6,13,1,2022-06-13 09:07:48
1655111268678473000,18.6,2,18.55,60,18.6,11,1,2022-06-13 09:07:48
1655111268998166000,18.6,5,18.55,60,18.6,6,1,2022-06-13 09:07:48
1655111270300484000,18.6,3,18.55,62,18.6,3,1,2022-06-13 09:07:50
1655111270325908000,18.6,3,18.55,62,18.65,26,1,2022-06-13 09:07:50
1655111271944572000,18.55,10,18.55,54,18.65,26,2,2022-06-13 09:07:51
1655111274512739000,18.6,1,18.6,9,18.65,26,2,2022-06-13 09:07:54
1655111275479598000,18.6,1,18.6,8,18.65,26,2,2022-06-13 09:07:55
1655111276332462000,18.65,1,18.6,8,18.65,25,1,2022-06-13 09:07:56
1655111278981278000,18.6,1,18.6,7,18.65,28,2,2022-06-13 09:07:58
1655111279088385000,18.6,7,18.55,111,18.6,1,2,2022-06-13 09:07:59
1655111281707804000,18.6,1,18.55,112,18.6,3,1,2022-06-13 09:08:01
1655111282513262000,18.55,2,18.55,110,18.6,4,2,2022-06-13 09:08:02
1655111282882259000,18.6,1,18.55,110,18.6,3,1,2022-06-13 09:08:02
1655111284252245000,18.6,1,18.55,110,18.6,2,1,2022-06-13 09:08:04
1655111284729154000,18.6,1,18.55,120,18.6,6,1,2022-06-13 09:08:04
1655111285673700000,18.55,1,18.55,120,18.6,6,2,2022-06-13 09:08:05
1655111285712169000,18.6,1,18.55,119,18.6,5,1,2022-06-13 09:08:05
1655111286818863000,18.55,2,18.55,118,18.6,13,2,2022-06-13 09:08:06
1655111288389822000,18.6,1,18.55,119,18.6,14,1,2022-06-13 09:08:08
1655111289309535000,18.6,4,18.55,119,18.6,10,1,2022-06-13 09:08:09
1655111289424365000,18.55,10,18.55,109,18.6,10,2,2022-06-13 09:08:09
1655111291170559000,18.6,1,18.55,110,18.6,19,1,2022-06-13 09:08:11
1655111293631461000,18.6,2,18.55,112,18.6,19,1,2022-06-13 09:08:13
1655111294426827000,18.6,1,18.55,112,18.6,18,1,2022-06-13 09:08:14
1655111297382078000,18.6,1,18.55,112,18.6,21,1,2022-06-13 09:08:17
1655111297678748000,18.6,1,18.55,112,18.6,20,1,2022-06-13 09:08:17
1655111298303225000,18.6,1,18.55,180,18.6,19,1,2022-06-13 09:08:18
1655111298758714000,18.6,1,18.55,180,18.6,22,1,2022-06-13 09:08:18
1655111298886103000,18.6,1,18.55,179,18.6,21,1,2022-06-13 09:08:18
1655111301939990000,18.6,1,18.55,181,18.6,22,1,2022-06-13 09:08:21
1655111303142694000,18.6,1,18.55,182,18.6,24,1,2022-06-13 09:08:23
1655111306746546000,18.55,1,18.55,183,18.6,29,2,2022-06-13 09:08:26
1655111306994974000,18.6,1,18.55,183,18.6,28,1,2022-06-13 09:08:26
1655111308318879000,18.6,5,18.55,183,18.6,23,1,2022-06-13 09:08:28
1655111309913330000,18.6,5,18.55,115,18.6,18,1,2022-06-13 09:08:29
1655111310431832000,18.6,23,18.6,7,18.65,51,1,2022-06-13 09:08:30
1655111310464674000,18.6,7,18.55,114,18.65,51,2,2022-06-13 09:08:30
1655111313835846000,18.6,1,18.6,5,18.65,50,2,2022-06-13 09:08:33
1655111316918367000,18.6,1,18.6,21,18.65,50,2,2022-06-13 09:08:36
1655111322419673000,18.65,6,18.6,49,18.65,36,1,2022-06-13 09:08:42
1655111324701218000,18.65,20,18.6,55,18.65,16,1,2022-06-13 09:08:44
1655111324725718000,18.6,2,18.6,53,18.65,16,2,2022-06-13 09:08:44
1655111324735527000,18.65,16,18.6,53,18.7,91,1,2022-06-13 09:08:44
1655111324735753000,18.6,4,18.6,49,18.7,91,2,2022-06-13 09:08:44
1655111330348157000,18.7,5,18.65,5,18.7,85,1,2022-06-13 09:08:50
1655111334536579000,18.7,1,18.65,9,18.7,94,1,2022-06-13 09:08:54
1655111336615467000,18.7,2,18.65,12,18.7,92,1,2022-06-13 09:08:56
1655111339636187000,18.65,4,18.65,8,18.7,92,2,2022-06-13 09:08:59
1655111339877241000,18.7,1,18.65,8,18.7,91,1,2022-06-13 09:08:59
1655111340553560000,18.7,1,18.65,8,18.7,90,1,2022-06-13 09:09:00
1655111340579699000,18.65,8,18.6,262,18.7,90,2,2022-06-13 09:09:00
1655111340881286000,18.65,2,18.6,262,18.7,90,2,2022-06-13 09:09:00
1655111342316181000,18.6,3,18.6,260,18.7,90,2,2022-06-13 09:09:02
1655111343630881000,18.65,3,18.6,260,18.65,3,1,2022-06-13 09:09:03
1655111345339944000,18.65,1,18.6,260,18.65,2,1,2022-06-13 09:09:05
1655111347817599000,18.65,1,18.6,264,18.65,3,1,2022-06-13 09:09:07
1655111350367918000,18.65,2,18.6,264,18.65,1,1,2022-06-13 09:09:10
1655111350431143000,18.65,1,18.6,264,18.7,91,1,2022-06-13 09:09:10
1655111351516821000,18.65,1,18.6,264,18.65,3,2,2022-06-13 09:09:11
1655111351981110000,18.65,1,18.6,264,18.65,3,1,2022-06-13 09:09:11
1655111352952628000,18.65,2,18.6,264,18.65,1,1,2022-06-13 09:09:12
1655111353602534000,18.65,1,18.6,264,18.7,91,1,2022-06-13 09:09:13
1655111359154454000,18.65,1,18.65,13,18.7,91,2,2022-06-13 09:09:19
1655111366289031000,18.7,4,18.65,20,18.7,89,1,2022-06-13 09:09:26
1655111367143345000,18.65,1,18.65,19,18.7,89,2,2022-06-13 09:09:27
1655111368009090000,18.7,5,18.65,19,18.7,84,1,2022-06-13 09:09:28
1655111369268141000,18.7,5,18.65,20,18.7,79,1,2022-06-13 09:09:29
1655111369790756000,18.65,3,18.65,18,18.7,79,2,2022-06-13 09:09:29
1655111377884518000,18.65,1,18.65,33,18.7,84,2,2022-06-13 09:09:37
1655111377884617000,18.65,21,18.65,12,18.7,84,2,2022-06-13 09:09:37
1655111380336142000,18.65,1,18.65,13,18.7,86,2,2022-06-13 09:09:40
1655111380616067000,18.7,3,18.65,13,18.7,83,1,2022-06-13 09:09:40
1655111380797502000,18.65,3,18.65,10,18.7,83,2,2022-06-13 09:09:40
1655111382279035000,18.65,1,18.65,10,18.7,83,2,2022-06-13 09:09:42
1655111383241896000,18.65,5,18.65,5,18.7,84,2,2022-06-13 09:09:43
1655111383574159000,18.65,1,18.65,4,18.7,84,2,2022-06-13 09:09:43
1655111384295570000,18.65,1,18.65,3,18.7,84,2,2022-06-13 09:09:44
1655111384393404000,18.65,1,18.65,2,18.7,84,2,2022-06-13 09:09:44
1655111385025118000,18.65,2,18.6,271,18.7,85,2,2022-06-13 09:09:45
1655111387904723000,18.7,5,18.6,266,18.7,82,1,2022-06-13 09:09:47
1655111390361348000,18.65,1,18.6,266,18.7,82,1,2022-06-13 09:09:50
1655111391643806000,18.65,1,18.6,269,18.7,82,1,2022-06-13 09:09:51
1655111393782320000,18.65,1,18.6,269,18.7,82,1,2022-06-13 09:09:53
1655111396317469000,18.65,3,18.6,269,18.7,78,1,2022-06-13 09:09:56
1655111396317469000,18.7,12,18.6,269,18.7,78,1,2022-06-13 09:09:56
1655111397052766000,18.65,1,18.6,271,18.7,73,1,2022-06-13 09:09:57
1655111397052766000,18.7,5,18.6,271,18.7,73,1,2022-06-13 09:09:57
1655111397832753000,18.65,1,18.6,271,18.65,1,1,2022-06-13 09:09:57
1655111398209271000,18.65,1,18.6,271,18.7,73,1,2022-06-13 09:09:58
1655111403165634000,18.65,2,18.6,273,18.65,2,2,2022-06-13 09:10:03
1655111403323180000,18.65,1,18.6,273,18.65,1,1,2022-06-13 09:10:03
1655111404087378000,18.65,1,18.65,9,18.7,72,1,2022-06-13 09:10:04
1655111404393194000,18.65,1,18.65,8,18.7,72,2,2022-06-13 09:10:04
1655111405656962000,18.7,1,18.65,12,18.7,71,1,2022-06-13 09:10:05
1655111407913385000,18.65,1,18.65,12,18.7,71,2,2022-06-13 09:10:07
1655111407944644000,18.65,12,18.6,273,18.7,71,2,2022-06-13 09:10:07
1655111411247586000,18.65,1,18.65,2,18.7,71,2,2022-06-13 09:10:11
1655111413579054000,18.65,1,18.65,36,18.7,71,2,2022-06-13 09:10:13
1655111413612702000,18.65,6,18.65,30,18.7,71,2,2022-06-13 09:10:13
1655111420044060000,18.65,2,18.65,40,18.7,75,2,2022-06-13 09:10:20
1655111420443283000,18.65,5,18.65,35,18.7,75,2,2022-06-13 09:10:20
1655111421860076000,18.65,5,18.65,31,18.7,75,2,2022-06-13 09:10:21
1655111425655182000,18.65,5,18.65,26,18.7,70,2,2022-06-13 09:10:25
1655111431795607000,18.65,1,18.65,28,18.7,68,2,2022-06-13 09:10:31
1655111431828429000,18.65,1,18.65,27,18.7,68,2,2022-06-13 09:10:31
1655111435256545000,18.65,6,18.65,25,18.7,68,2,2022-06-13 09:10:35
1655111436797727000,18.65,5,18.65,20,18.7,68,2,2022-06-13 09:10:36
1655111437654629000,18.65,1,18.65,19,18.7,68,2,2022-06-13 09:10:37
1655111439173053000,18.7,1,18.65,20,18.7,67,1,2022-06-13 09:10:39
1655111439807864000,18.65,2,18.65,18,18.7,67,2,2022-06-13 09:10:39
1655111442273794000,18.7,1,18.65,20,18.7,66,1,2022-06-13 09:10:42
1655111442804426000,18.65,1,18.65,19,18.7,66,2,2022-06-13 09:10:42
1655111448042294000,18.65,5,18.65,16,18.7,66,2,2022-06-13 09:10:48
1655111453074552000,18.65,3,18.65,28,18.7,66,2,2022-06-13 09:10:53
1655111459056528000,18.65,1,18.65,30,18.7,66,2,2022-06-13 09:10:59
1655111463433786000,18.7,1,18.65,25,18.7,65,1,2022-06-13 09:11:03
1655111463802113000,18.65,5,18.65,20,18.7,65,2,2022-06-13 09:11:03
1655111467724261000,18.7,1,18.65,27,18.7,64,1,2022-06-13 09:11:07
1655111470159319000,18.65,2,18.65,26,18.7,64,2,2022-06-13 09:11:10
1655111472337361000,18.65,2,18.65,24,18.7,64,2,2022-06-13 09:11:12
1655111473187036000,18.7,1,18.65,24,18.7,63,1,2022-06-13 09:11:13
1655111473935829000,18.7,5,18.65,24,18.7,58,1,2022-06-13 09:11:13
1655111474429317000,18.65,1,18.65,23,18.7,58,2,2022-06-13 09:11:14
1655111474481421000,18.7,2,18.65,23,18.7,56,1,2022-06-13 09:11:14
1655111475164016000,18.7,2,18.65,23,18.7,54,1,2022-06-13 09:11:15
1655111477923509000,18.7,10,18.65,23,18.7,44,1,2022-06-13 09:11:17
1655111477949563000,18.7,4,18.65,23,18.7,40,1,2022-06-13 09:11:17
1655111478549853000,18.7,1,18.65,23,18.7,39,1,2022-06-13 09:11:18
1655111479086094000,18.7,3,18.65,23,18.7,33,1,2022-06-13 09:11:19
1655111479885084000,18.7,8,18.65,23,18.7,25,1,2022-06-13 09:11:19
1655111479912624000,18.7,5,18.65,23,18.7,20,1,2022-06-13 09:11:19
1655111479913075000,18.7,2,18.65,23,18.7,18,1,2022-06-13 09:11:19
1655111479947258000,18.65,2,18.65,21,18.7,18,2,2022-06-13 09:11:19
1655111480191141000,18.7,1,18.65,21,18.7,17,1,2022-06-13 09:11:20
1655111480216985000,18.7,6,18.65,21,18.7,11,1,2022-06-13 09:11:20
1655111480238324000,18.7,1,18.65,21,18.7,10,1,2022-06-13 09:11:20
1655111480254005000,18.7,8,18.65,21,18.7,2,1,2022-06-13 09:11:20
1655111480279310000,18.7,2,18.65,21,18.75,38,1,2022-06-13 09:11:20
1655111491568765000,18.75,5,18.7,66,18.75,35,1,2022-06-13 09:11:31
1655111491734313000,18.75,1,18.7,66,18.75,34,1,2022-06-13 09:11:31
1655111491790866000,18.75,2,18.7,66,18.75,32,1,2022-06-13 09:11:31
1655111492210205000,18.75,1,18.7,66,18.75,31,1,2022-06-13 09:11:32
1655111492950809000,18.75,12,18.7,67,18.75,19,1,2022-06-13 09:11:32
