ts,close,volume,bid_price,bid_volume,ask_price,ask_volume,tick_type,datetime
1648544400483411000,61.0,3657,61.0,64,61.1,77,1,2022-03-29 09:00:00
1648544400516539000,61.0,53,61.0,11,61.1,77,2,2022-03-29 09:00:00
1648544400536793000,61.0,11,60.9,24,61.1,77,2,2022-03-29 09:00:00
1648544400573422000,61.1,77,60.9,24,61.2,50,1,2022-03-29 09:00:00
1648544400705368000,61.2,1,60.9,24,61.2,51,1,2022-03-29 09:00:00
1648544400718266000,61.2,6,60.9,24,61.2,45,1,2022-03-29 09:00:00
1648544400744899000,61.2,39,60.9,24,61.2,6,1,2022-03-29 09:00:00
1648544400890470000,61.2,1,60.9,24,61.2,5,1,2022-03-29 09:00:00
1648544400916062000,61.2,5,60.9,24,61.3,44,1,2022-03-29 09:00:00
1648544400972962000,61.3,3,60.9,24,61.3,41,1,2022-03-29 09:00:00
1648544401041444000,60.9,4,60.9,20,61.3,41,2,2022-03-29 09:00:01
1648544401057254000,60.9,1,60.9,19,61.3,41,2,2022-03-29 09:00:01
1648544401120675000,61.3,1,60.9,19,61.3,40,1,2022-03-29 09:00:01
1648544401202678000,61.0,8,61.0,22,61.3,40,2,2022-03-29 09:00:01
1648544401208405000,61.0,1,61.0,21,61.3,40,2,2022-03-29 09:00:01
1648544401317454000,61.0,10,61.0,11,61.3,40,2,2022-03-29 09:00:01
1648544401342878000,61.3,5,61.0,11,61.3,35,1,2022-03-29 09:00:01
1648544401566860000,61.0,11,60.9,14,61.1,1,2,2022-03-29 09:00:01
1648544401566860000,60.9,5,60.9,14,61.1,1,2,2022-03-29 09:00:01
1648544401577170000,61.1,1,60.9,14,61.3,35,1,2022-03-29 09:00:01
1648544401586666000,61.3,1,60.9,14,61.3,34,1,2022-03-29 09:00:01
1648544401925067000,61.2,4,61.1,10,61.3,28,1,2022-03-29 09:00:01
1648544401925067000,61.3,6,61.1,10,61.3,28,1,2022-03-29 09:00:01
1648544402152503000,61.1,1,61.1,9,61.3,28,2,2022-03-29 09:00:02
1648544402168015000,61.3,10,61.1,9,61.3,18,1,2022-03-29 09:00:02
1648544402193128000,61.1,5,61.1,4,61.3,18,2,2022-03-29 09:00:02
1648544402239250000,61.1,1,61.1,3,61.3,18,2,2022-03-29 09:00:02
1648544402246483000,61.1,2,61.1,1,61.3,18,2,2022-03-29 09:00:02
1648544402270289000,61.1,1,61.0,7,61.3,18,2,2022-03-29 09:00:02
1648544402270289000,61.0,2,61.0,7,61.3,18,2,2022-03-29 09:00:02
1648544402462998000,61.0,7,60.9,13,61.3,18,2,2022-03-29 09:00:02
1648544402479853000,61.3,1,60.9,13,61.3,17,1,2022-03-29 09:00:02
1648544402797235000,61.2,2,61.0,3,61.2,1,1,2022-03-29 09:00:02
1648544402821865000,61.2,1,61.0,3,61.3,21,1,2022-03-29 09:00:02
1648544403048154000,61.2,4,61.0,13,61.3,20,1,2022-03-29 09:00:03
1648544403048154000,61.3,1,61.0,13,61.3,20,1,2022-03-29 09:00:03
1648544403087267000,61.3,1,61.0,13,61.3,19,1,2022-03-29 09:00:03
1648544403238669000,61.2,1,61.0,13,61.3,19,1,2022-03-29 09:00:03
1648544403270169000,61.2,1,61.0,18,61.3,15,1,2022-03-29 09:00:03
1648544403270169000,61.3,4,61.0,18,61.3,15,1,2022-03-29 09:00:03
1648544403304645000,61.3,1,61.0,18,61.3,14,1,2022-03-29 09:00:03
1648544403459826000,61.3,1,61.0,18,61.3,13,1,2022-03-29 09:00:03
1648544403654554000,61.0,18,60.8,25,61.3,13,2,2022-03-29 09:00:03
1648544403654554000,60.9,13,60.8,25,61.3,13,2,2022-03-29 09:00:03
1648544403654554000,60.8,6,60.8,25,61.3,13,2,2022-03-29 09:00:03
1648544403720668000,61.2,4,60.9,3,61.2,1,1,2022-03-29 09:00:03
1648544403748946000,61.2,1,60.9,3,61.3,13,1,2022-03-29 09:00:03
1648544403866535000,61.3,13,61.0,2,61.4,152,1,2022-03-29 09:00:03
1648544403866535000,61.4,7,61.0,2,61.4,152,1,2022-03-29 09:00:03
1648544403894810000,61.0,2,60.9,1,61.4,152,2,2022-03-29 09:00:03
1648544403894810000,60.9,2,60.9,1,61.4,152,2,2022-03-29 09:00:03
1648544403954438000,60.9,1,60.9,1,61.4,152,2,2022-03-29 09:00:03
1648544403956064000,60.9,1,60.8,25,61.4,152,2,2022-03-29 09:00:03
1648544403988796000,60.8,10,60.8,15,61.4,152,2,2022-03-29 09:00:03
1648544404044050000,61.3,1,60.9,3,61.3,2,1,2022-03-29 09:00:04
1648544404058320000,61.3,1,60.9,3,61.3,1,1,2022-03-29 09:00:04
1648544404176061000,61.3,1,60.9,3,61.4,151,1,2022-03-29 09:00:04
1648544404176061000,61.4,1,60.9,3,61.4,151,1,2022-03-29 09:00:04
1648544404316726000,61.1,1,61.1,2,61.4,151,2,2022-03-29 09:00:04
1648544404525201000,61.4,1,61.3,1,61.4,150,1,2022-03-29 09:00:04
1648544404527711000,61.3,1,61.1,2,61.4,150,2,2022-03-29 09:00:04
1648544404779649000,61.4,5,61.0,8,61.4,138,1,2022-03-29 09:00:04
1648544405172859000,61.3,3,61.2,3,61.3,7,1,2022-03-29 09:00:05
1648544405176446000,61.3,1,61.2,3,61.3,6,1,2022-03-29 09:00:05
1648544405210119000,61.3,7,61.2,3,61.3,9,1,2022-03-29 09:00:05
1648544405243454000,61.3,1,61.2,3,61.3,8,1,2022-03-29 09:00:05
1648544405297169000,61.2,3,61.1,1,61.2,2,2,2022-03-29 09:00:05
1648544405432863000,61.2,1,61.1,1,61.2,2,1,2022-03-29 09:00:05
1648544405463989000,61.2,2,61.1,1,61.3,9,1,2022-03-29 09:00:05
1648544405473867000,61.3,1,61.1,1,61.3,8,1,2022-03-29 09:00:05
1648544405481210000,61.3,4,61.1,1,61.3,4,1,2022-03-29 09:00:05
1648544405546403000,61.1,1,61.0,8,61.3,4,2,2022-03-29 09:00:05
1648544405560140000,61.0,1,61.0,7,61.3,4,2,2022-03-29 09:00:05
1648544405608586000,61.3,4,61.0,7,61.4,144,1,2022-03-29 09:00:05
1648544405608586000,61.4,1,61.0,7,61.4,144,1,2022-03-29 09:00:05
1648544405764904000,61.3,1,61.1,3,61.4,144,2,2022-03-29 09:00:05
1648544405796754000,61.1,2,61.1,1,61.4,144,2,2022-03-29 09:00:05
1648544405819354000,61.4,10,61.1,1,61.4,134,1,2022-03-29 09:00:05
1648544405873830000,61.4,1,61.1,1,61.4,133,1,2022-03-29 09:00:05
1648544405985775000,61.1,2,60.9,19,61.2,5,2,2022-03-29 09:00:05
1648544405985775000,61.0,10,60.9,19,61.2,5,2,2022-03-29 09:00:05
1648544405985775000,60.9,3,60.9,19,61.2,5,2,2022-03-29 09:00:05
1648544406007506000,61.2,5,60.9,19,61.2,1,1,2022-03-29 09:00:06
1648544406013248000,61.2,1,60.9,19,61.4,133,1,2022-03-29 09:00:06
1648544406302576000,61.3,1,61.1,3,61.3,5,1,2022-03-29 09:00:06
1648544406351555000,61.3,1,61.1,13,61.3,4,1,2022-03-29 09:00:06
1648544406378008000,61.3,1,61.1,13,61.3,2,1,2022-03-29 09:00:06
1648544406486306000,61.3,1,61.1,13,61.3,4,1,2022-03-29 09:00:06
1648544406538742000,61.1,1,61.1,12,61.3,4,2,2022-03-29 09:00:06
1648544406560080000,61.1,12,61.0,3,61.3,4,2,2022-03-29 09:00:06
1648544406560080000,61.0,3,61.0,3,61.3,4,2,2022-03-29 09:00:06
1648544406636753000,61.3,1,61.1,1,61.3,4,1,2022-03-29 09:00:06
1648544406646923000,61.3,4,61.1,1,61.4,132,1,2022-03-29 09:00:06
1648544406646923000,61.4,1,61.1,1,61.4,132,1,2022-03-29 09:00:06
1648544406678653000,61.4,1,61.2,2,61.4,131,1,2022-03-29 09:00:06
1648544406718775000,61.4,1,61.2,3,61.4,130,1,2022-03-29 09:00:06
1648544406727316000,61.4,5,61.2,3,61.4,125,1,2022-03-29 09:00:06
1648544406838104000,61.3,1,61.2,3,61.3,1,1,2022-03-29 09:00:06
1648544406861556000,61.3,1,61.2,3,61.4,125,1,2022-03-29 09:00:06
1648544407061008000,61.3,1,61.2,3,61.3,1,1,2022-03-29 09:00:07
1648544407115379000,61.3,1,61.2,3,61.4,125,1,2022-03-29 09:00:07
1648544407143704000,61.2,3,61.1,3,61.2,7,2,2022-03-29 09:00:07
1648544407169851000,61.1,2,61.1,13,61.2,7,2,2022-03-29 09:00:07
1648544407181036000,61.2,7,61.1,14,61.4,125,1,2022-03-29 09:00:07
1648544407225808000,61.3,1,61.1,1,61.4,125,2,2022-03-29 09:00:07
1648544407555168000,61.3,1,61.2,4,61.3,7,1,2022-03-29 09:00:07
1648544407578741000,61.3,1,61.2,5,61.3,6,1,2022-03-29 09:00:07
1648544407594007000,61.3,1,61.2,5,61.3,4,1,2022-03-29 09:00:07
1648544407658215000,61.3,4,61.2,5,61.4,125,1,2022-03-29 09:00:07
1648544407794824000,61.3,1,61.1,5,61.4,125,2,2022-03-29 09:00:07
1648544407794824000,61.2,5,61.1,5,61.4,125,2,2022-03-29 09:00:07
1648544407794824000,61.1,4,61.1,5,61.4,125,2,2022-03-29 09:00:07
1648544407830075000,61.1,1,61.1,4,61.4,125,2,2022-03-29 09:00:07
1648544407893929000,61.4,1,61.2,1,61.4,124,1,2022-03-29 09:00:07
1648544407961757000,61.3,1,61.2,2,61.4,124,1,2022-03-29 09:00:07
1648544408067310000,61.3,1,61.2,2,61.3,1,1,2022-03-29 09:00:08
1648544408070868000,61.2,2,61.1,4,61.3,1,2,2022-03-29 09:00:08
1648544408070868000,61.1,2,61.1,4,61.3,1,2,2022-03-29 09:00:08
1648544408078985000,61.3,1,61.1,4,61.4,123,1,2022-03-29 09:00:08
1648544408078985000,61.4,1,61.1,4,61.4,123,1,2022-03-29 09:00:08
1648544408125548000,61.3,1,61.2,2,61.3,20,1,2022-03-29 09:00:08
1648544408182788000,61.3,4,61.2,2,61.3,15,1,2022-03-29 09:00:08
1648544408209105000,61.3,2,61.2,2,61.3,13,1,2022-03-29 09:00:08
1648544408354668000,61.2,2,61.1,19,61.3,16,2,2022-03-29 09:00:08
1648544408354668000,61.1,2,61.1,19,61.3,16,2,2022-03-29 09:00:08
1648544408397288000,61.3,1,61.2,1,61.3,15,1,2022-03-29 09:00:08
1648544408409189000,61.3,1,61.2,1,61.3,14,1,2022-03-29 09:00:08
1648544408460808000,61.2,1,61.1,19,61.3,14,2,2022-03-29 09:00:08
1648544408460808000,61.1,4,61.1,19,61.3,14,2,2022-03-29 09:00:08
1648544408634593000,61.3,3,61.1,29,61.3,11,1,2022-03-29 09:00:08
1648544408645959000,61.3,1,61.1,29,61.3,10,1,2022-03-29 09:00:08
1648544408745805000,61.3,1,61.1,33,61.3,9,1,2022-03-29 09:00:08
1648544408774150000,61.3,4,61.1,33,61.3,5,1,2022-03-29 09:00:08
1648544408805796000,61.3,1,61.1,33,61.3,4,1,2022-03-29 09:00:08
1648544408810655000,61.3,4,61.1,33,61.4,112,1,2022-03-29 09:00:08
1648544408810655000,61.4,11,61.1,33,61.4,112,1,2022-03-29 09:00:08
1648544409011444000,61.3,2,61.3,1,61.4,109,2,2022-03-29 09:00:09
1648544409015352000,61.4,1,61.3,1,61.4,108,1,2022-03-29 09:00:09
1648544409054551000,61.3,1,61.1,28,61.4,111,2,2022-03-29 09:00:09
1648544409054551000,61.1,6,61.1,28,61.4,111,2,2022-03-29 09:00:09
1648544409086416000,61.3,1,61.1,28,61.4,111,2,2022-03-29 09:00:09
1648544409202203000,61.3,1,61.1,24,61.4,111,2,2022-03-29 09:00:09
1648544409304034000,61.4,5,61.2,10,61.4,106,1,2022-03-29 09:00:09
1648544409370891000,61.3,3,61.2,10,61.3,2,2,2022-03-29 09:00:09
1648544409410419000,61.3,2,61.2,10,61.4,107,1,2022-03-29 09:00:09
1648544409437465000,61.4,1,61.2,10,61.4,106,1,2022-03-29 09:00:09
1648544409452055000,61.3,1,61.2,10,61.4,106,1,2022-03-29 09:00:09
1648544409499117000,61.4,1,61.2,20,61.4,105,1,2022-03-29 09:00:09
1648544409592812000,61.4,1,61.3,2,61.4,104,1,2022-03-29 09:00:09
1648544409609295000,61.4,3,61.3,2,61.4,101,1,2022-03-29 09:00:09
1648544409620565000,61.4,5,61.3,5,61.4,96,1,2022-03-29 09:00:09
1648544409645531000,61.4,1,61.3,5,61.4,95,1,2022-03-29 09:00:09
1648544409720290000,61.3,2,61.3,3,61.4,95,2,2022-03-29 09:00:09
1648544409780262000,61.3,3,61.3,10,61.4,95,2,2022-03-29 09:00:09
1648544409793208000,61.3,2,61.3,8,61.4,95,2,2022-03-29 09:00:09
1648544409805403000,61.4,55,61.3,9,61.4,40,1,2022-03-29 09:00:09
1648544409836763000,61.3,1,61.3,8,61.4,41,2,2022-03-29 09:00:09
1648544409852246000,61.4,2,61.3,8,61.4,39,1,2022-03-29 09:00:09
1648544409868533000,61.4,17,61.3,8,61.4,22,1,2022-03-29 09:00:09
1648544409882394000,61.4,20,61.3,8,61.4,2,1,2022-03-29 09:00:09
1648544409914074000,61.4,2,61.3,9,61.5,58,1,2022-03-29 09:00:09
1648544409958893000,61.5,5,61.3,16,61.5,53,1,2022-03-29 09:00:09
1648544409968711000,61.5,10,61.3,16,61.5,43,1,2022-03-29 09:00:09
1648544409968942000,61.3,10,61.3,6,61.5,43,2,2022-03-29 09:00:09
1648544409975647000,61.3,1,61.3,5,61.5,43,2,2022-03-29 09:00:09
1648544409981015000,61.5,1,61.3,5,61.5,42,1,2022-03-29 09:00:09
1648544410000583000,61.5,1,61.3,5,61.5,41,1,2022-03-29 09:00:10
1648544410012546000,61.5,9,61.3,5,61.5,32,1,2022-03-29 09:00:10
1648544410030145000,61.5,1,61.3,5,61.5,31,1,2022-03-29 09:00:10
1648544410153805000,61.4,1,61.3,6,61.5,31,2,2022-03-29 09:00:10
1648544410234090000,61.5,2,61.4,10,61.5,29,1,2022-03-29 09:00:10
1648544410305115000,61.5,1,61.4,11,61.5,30,1,2022-03-29 09:00:10
1648544410332575000,61.5,30,61.4,11,61.6,107,1,2022-03-29 09:00:10
1648544410333547000,61.6,8,61.4,11,61.6,99,1,2022-03-29 09:00:10
1648544410363195000,61.6,2,61.4,12,61.6,97,1,2022-03-29 09:00:10
1648544410377609000,61.6,1,61.4,12,61.6,96,1,2022-03-29 09:00:10
1648544410544310000,61.6,3,61.5,10,61.6,93,1,2022-03-29 09:00:10
1648544410679801000,61.5,1,61.5,11,61.6,93,2,2022-03-29 09:00:10
1648544410713811000,61.6,60,61.5,11,61.6,33,1,2022-03-29 09:00:10
1648544410718783000,61.6,10,61.5,11,61.6,23,1,2022-03-29 09:00:10
1648544410750826000,61.6,23,61.5,11,61.7,26,1,2022-03-29 09:00:10
1648544410751957000,61.7,26,61.5,11,61.8,89,1,2022-03-29 09:00:10
1648544410769029000,61.8,2,61.5,11,61.8,87,1,2022-03-29 09:00:10
1648544410781453000,61.6,2,61.5,11,61.8,87,1,2022-03-29 09:00:10
1648544410805637000,61.8,5,61.5,25,61.8,82,1,2022-03-29 09:00:10
1648544410951887000,61.8,10,61.5,23,61.8,72,1,2022-03-29 09:00:10
1648544411022100000,61.8,3,61.5,25,61.8,70,1,2022-03-29 09:00:11
1648544411070465000,61.6,1,61.6,9,61.8,70,2,2022-03-29 09:00:11
1648544411158914000,61.6,1,61.6,8,61.8,70,2,2022-03-29 09:00:11
1648544411179572000,61.8,2,61.6,8,61.8,68,1,2022-03-29 09:00:11
1648544411354001000,61.6,8,61.5,18,61.8,68,2,2022-03-29 09:00:11
1648544411354001000,61.5,12,61.5,18,61.8,68,2,2022-03-29 09:00:11
1648544411367321000,61.8,2,61.5,21,61.8,66,1,2022-03-29 09:00:11
1648544411373307000,61.8,1,61.5,21,61.8,65,1,2022-03-29 09:00:11
1648544411416027000,61.8,2,61.6,15,61.8,63,1,2022-03-29 09:00:11
1648544411509496000,61.8,1,61.6,20,61.8,62,1,2022-03-29 09:00:11
1648544411521353000,61.8,1,61.6,20,61.8,61,1,2022-03-29 09:00:11
1648544411629790000,61.8,10,61.6,21,61.8,51,1,2022-03-29 09:00:11
1648544411854058000,61.8,5,61.7,15,61.8,46,1,2022-03-29 09:00:11
1648544411854655000,61.8,41,61.7,15,61.8,5,1,2022-03-29 09:00:11
1648544411887422000,61.8,5,61.7,15,61.9,13,1,2022-03-29 09:00:11
1648544411946109000,61.9,3,61.7,15,61.9,10,1,2022-03-29 09:00:11
1648544412000544000,61.8,1,61.7,8,61.9,10,2,2022-03-29 09:00:12
1648544412000544000,61.7,12,61.7,8,61.9,10,2,2022-03-29 09:00:12
1648544412033076000,61.9,10,61.7,8,62.0,121,1,2022-03-29 09:00:12
1648544412065372000,62.0,2,61.7,8,62.0,119,1,2022-03-29 09:00:12
1648544412065761000,62.0,5,61.7,8,62.0,114,1,2022-03-29 09:00:12
1648544412111389000,61.9,1,61.9,2,62.0,114,2,2022-03-29 09:00:12
1648544412144935000,61.9,2,61.7,20,62.0,114,2,2022-03-29 09:00:12
1648544412175536000,61.7,1,61.7,19,62.0,114,2,2022-03-29 09:00:12
1648544412193366000,62.0,2,61.7,19,62.0,112,1,2022-03-29 09:00:12
1648544412220105000,62.0,5,61.9,3,62.0,107,1,2022-03-29 09:00:12
1648544412234218000,61.9,1,61.9,2,62.0,107,2,2022-03-29 09:00:12
1648544412253385000,61.9,2,61.7,26,62.0,107,2,2022-03-29 09:00:12
1648544412327265000,61.8,1,61.7,7,62.0,107,2,2022-03-29 09:00:12
1648544412419746000,62.0,1,61.7,7,62.0,107,1,2022-03-29 09:00:12
1648544412437299000,62.0,5,61.7,14,62.0,102,1,2022-03-29 09:00:12
1648544412522643000,62.0,3,61.7,14,62.0,99,1,2022-03-29 09:00:12
1648544412546792000,62.0,2,61.7,14,62.0,97,1,2022-03-29 09:00:12
1648544412568469000,62.0,1,61.7,14,62.0,96,1,2022-03-29 09:00:12
1648544412609933000,62.0,1,61.7,15,62.0,95,1,2022-03-29 09:00:12
1648544412612729000,62.0,1,61.7,15,62.0,94,1,2022-03-29 09:00:12
1648544412663339000,61.9,1,61.8,5,62.0,94,2,2022-03-29 09:00:12
1648544412701043000,62.0,1,61.8,5,62.0,93,1,2022-03-29 09:00:12
1648544412783102000,62.0,2,61.8,5,62.0,91,1,2022-03-29 09:00:12
1648544412852583000,62.0,5,61.8,12,62.0,86,1,2022-03-29 09:00:12
1648544412853204000,61.8,12,61.5,15,62.0,86,2,2022-03-29 09:00:12
1648544412853204000,61.7,8,61.5,15,62.0,86,2,2022-03-29 09:00:12
1648544412853204000,61.6,27,61.5,15,62.0,86,2,2022-03-29 09:00:12
1648544412853204000,61.5,3,61.5,15,62.0,86,2,2022-03-29 09:00:12
1648544412859477000,62.0,10,61.5,15,62.0,76,1,2022-03-29 09:00:12
1648544412939637000,61.9,2,61.6,2,61.9,22,1,2022-03-29 09:00:12
1648544412945113000,61.6,2,61.5,20,61.9,22,2,2022-03-29 09:00:12
1648544412945113000,61.5,7,61.5,20,61.9,22,2,2022-03-29 09:00:12
1648544412951925000,61.6,1,61.6,11,61.9,22,2,2022-03-29 09:00:12
1648544412997200000,61.8,1,61.5,19,61.9,22,1,2022-03-29 09:00:12
1648544413008962000,61.8,2,61.6,2,61.9,16,1,2022-03-29 09:00:13
1648544413008962000,61.9,6,61.6,2,61.9,16,1,2022-03-29 09:00:13
1648544413049030000,61.9,3,61.6,2,61.9,13,1,2022-03-29 09:00:13
1648544413160982000,61.8,8,61.7,1,61.9,12,2,2022-03-29 09:00:13
1648544413187807000,61.7,1,61.6,2,61.9,12,2,2022-03-29 09:00:13
1648544413241060000,61.9,2,61.7,4,61.9,10,1,2022-03-29 09:00:13
1648544413372622000,61.9,1,61.7,4,61.9,9,1,2022-03-29 09:00:13
1648544413404876000,61.9,2,61.7,4,61.9,19,1,2022-03-29 09:00:13
1648544413442085000,61.9,10,61.8,6,61.9,9,1,2022-03-29 09:00:13
1648544413445924000,61.8,1,61.8,5,61.9,9,2,2022-03-29 09:00:13
1648544413445958000,61.8,1,61.8,4,61.9,9,2,2022-03-29 09:00:13
1648544413446090000,61.8,1,61.8,3,61.9,9,2,2022-03-29 09:00:13
1648544413475309000,61.9,1,61.8,3,61.9,8,1,2022-03-29 09:00:13
1648544413487517000,61.9,1,61.8,3,61.9,7,1,2022-03-29 09:00:13
1648544413488996000,61.8,3,61.7,8,61.9,7,2,2022-03-29 09:00:13
1648544413490328000,61.7,8,61.5,9,61.9,7,2,2022-03-29 09:00:13
1648544413490328000,61.6,2,61.5,9,61.9,7,2,2022-03-29 09:00:13
1648544413507656000,61.5,1,61.5,8,61.9,7,2,2022-03-29 09:00:13
1648544413555088000,61.8,1,61.6,2,61.8,1,1,2022-03-29 09:00:13
1648544413593702000,61.8,1,61.6,2,61.9,7,1,2022-03-29 09:00:13
1648544413593702000,61.9,1,61.6,2,61.9,7,1,2022-03-29 09:00:13
1648544413636405000,61.9,1,61.6,2,61.9,6,1,2022-03-29 09:00:13
1648544413673324000,61.9,6,61.6,2,62.0,67,1,2022-03-29 09:00:13
1648544413673324000,62.0,9,61.6,2,62.0,67,1,2022-03-29 09:00:13
1648544413771966000,62.0,1,61.8,6,62.0,66,1,2022-03-29 09:00:13
1648544413806384000,61.8,1,61.8,5,62.0,66,2,2022-03-29 09:00:13
1648544413845198000,62.0,1,61.8,5,62.0,65,1,2022-03-29 09:00:13
1648544413861877000,61.8,5,61.6,14,61.8,5,2,2022-03-29 09:00:13
1648544413869654000,61.6,2,61.6,12,61.8,5,2,2022-03-29 09:00:13
1648544413874935000,61.8,3,61.6,12,61.8,2,1,2022-03-29 09:00:13
1648544413910530000,61.6,1,61.5,5,61.8,2,2,2022-03-29 09:00:13
1648544413943825000,61.8,2,61.5,5,61.9,4,1,2022-03-29 09:00:13
1648544413985881000,61.8,1,61.6,2,61.8,1,1,2022-03-29 09:00:13
1648544414006625000,61.8,1,61.6,2,61.9,4,1,2022-03-29 09:00:14
1648544414074945000,61.8,1,61.6,2,61.9,8,2,2022-03-29 09:00:14
1648544414141124000,61.8,47,61.6,2,61.9,7,2,2022-03-29 09:00:14
1648544414147225000,61.9,4,61.6,2,61.9,3,1,2022-03-29 09:00:14
1648544414178674000,61.9,1,61.8,2,61.9,3,1,2022-03-29 09:00:14
1648544414202253000,61.8,1,61.8,1,61.9,3,2,2022-03-29 09:00:14
1648544414208273000,61.8,1,61.6,2,61.9,2,2,2022-03-29 09:00:14
1648544414320117000,61.9,1,61.8,5,61.9,2,1,2022-03-29 09:00:14
1648544414327196000,61.9,1,61.8,5,62.0,65,1,2022-03-29 09:00:14
1648544414355088000,61.8,5,61.7,1,62.0,65,2,2022-03-29 09:00:14
1648544414388607000,61.7,5,61.7,6,62.0,65,2,2022-03-29 09:00:14
1648544414407095000,62.0,5,61.7,6,62.0,60,1,2022-03-29 09:00:14
1648544414453843000,61.9,1,61.7,6,61.9,4,1,2022-03-29 09:00:14
1648544414495070000,61.9,1,61.7,6,61.9,3,1,2022-03-29 09:00:14
1648544414520097000,61.9,1,61.8,1,61.9,2,1,2022-03-29 09:00:14
1648544414551483000,61.8,1,61.7,6,61.9,2,2,2022-03-29 09:00:14
1648544414561346000,61.9,1,61.7,6,61.9,1,1,2022-03-29 09:00:14
1648544414576632000,61.9,1,61.7,6,62.0,60,1,2022-03-29 09:00:14
1648544414609545000,62.0,1,61.7,6,62.0,59,1,2022-03-29 09:00:14
1648544414620526000,62.0,1,61.7,6,62.0,58,1,2022-03-29 09:00:14
1648544414647324000,62.0,1,61.7,6,62.0,57,1,2022-03-29 09:00:14
1648544414674743000,61.8,1,61.7,6,62.0,53,1,2022-03-29 09:00:14
1648544414674743000,62.0,4,61.7,6,62.0,53,1,2022-03-29 09:00:14
1648544414751995000,61.9,1,61.7,6,62.0,53,1,2022-03-29 09:00:14
1648544414757158000,62.0,1,61.7,6,62.0,52,1,2022-03-29 09:00:14
1648544414767729000,62.0,1,61.8,1,62.0,51,1,2022-03-29 09:00:14
1648544414781135000,62.0,2,61.8,1,62.0,49,1,2022-03-29 09:00:14
1648544414865097000,62.0,1,61.8,3,62.0,48,1,2022-03-29 09:00:14
1648544414898854000,61.9,3,61.9,2,62.0,48,1,2022-03-29 09:00:14
1648544414925844000,62.0,3,61.9,2,62.0,45,1,2022-03-29 09:00:14
1648544414938966000,61.9,2,61.8,4,62.0,45,2,2022-03-29 09:00:14
1648544414984653000,61.8,4,61.5,7,62.0,45,2,2022-03-29 09:00:14
1648544414984653000,61.7,6,61.5,7,62.0,45,2,2022-03-29 09:00:14
1648544414984653000,61.6,5,61.5,7,62.0,45,2,2022-03-29 09:00:14
1648544414984653000,61.5,5,61.5,7,62.0,45,2,2022-03-29 09:00:14
1648544415018420000,61.9,1,61.9,9,62.0,45,2,2022-03-29 09:00:15
1648544415018798000,61.9,1,61.9,8,62.0,45,2,2022-03-29 09:00:15
1648544415038852000,61.9,8,61.8,1,62.0,45,2,2022-03-29 09:00:15
1648544415066982000,61.9,1,61.8,2,61.9,3,1,2022-03-29 09:00:15
1648544415085153000,61.8,1,61.8,1,61.9,4,2,2022-03-29 09:00:15
1648544415088803000,61.8,1,61.5,4,61.9,4,2,2022-03-29 09:00:15
1648544415088803000,61.5,4,61.5,4,61.9,4,2,2022-03-29 09:00:15
1648544415176989000,61.8,1,61.6,2,61.8,2,1,2022-03-29 09:00:15
1648544415200210000,61.6,2,61.5,15,61.8,2,2,2022-03-29 09:00:15
1648544415200210000,61.5,1,61.5,15,61.8,2,2,2022-03-29 09:00:15
1648544415210273000,61.8,1,61.6,1,61.8,1,1,2022-03-29 09:00:15
1648544415214234000,61.8,1,61.6,1,61.9,10,1,2022-03-29 09:00:15
1648544415214234000,61.9,1,61.6,1,61.9,10,1,2022-03-29 09:00:15
1648544415232675000,61.9,1,61.6,1,61.9,9,1,2022-03-29 09:00:15
1648544415253569000,61.9,1,61.6,1,61.9,8,1,2022-03-29 09:00:15
1648544415267210000,61.9,1,61.6,1,61.9,7,1,2022-03-29 09:00:15
1648544415297037000,61.9,5,61.6,1,61.9,2,1,2022-03-29 09:00:15
1648544415311198000,61.9,2,61.7,5,62.0,44,1,2022-03-29 09:00:15
1648544415311198000,62.0,1,61.7,5,62.0,44,1,2022-03-29 09:00:15
1648544415344208000,62.0,1,61.9,1,62.0,43,1,2022-03-29 09:00:15
1648544415371312000,61.9,1,61.7,6,61.9,19,2,2022-03-29 09:00:15
1648544415379185000,61.9,1,61.7,6,61.9,18,1,2022-03-29 09:00:15
1648544415380186000,61.9,1,61.7,6,61.9,17,1,2022-03-29 09:00:15
1648544415447081000,61.9,1,61.7,6,61.9,16,1,2022-03-29 09:00:15
1648544415489430000,61.9,2,61.7,6,61.9,14,1,2022-03-29 09:00:15
1648544415501169000,61.9,10,61.7,6,61.9,4,1,2022-03-29 09:00:15
1648544415515875000,61.9,2,61.7,6,61.9,2,1,2022-03-29 09:00:15
1648544415592400000,61.9,2,61.8,1,62.0,42,1,2022-03-29 09:00:15
1648544415592400000,62.0,1,61.8,1,62.0,42,1,2022-03-29 09:00:15
1648544415679797000,61.8,2,61.4,48,61.5,2,2,2022-03-29 09:00:15
1648544415679797000,61.7,6,61.4,48,61.5,2,2,2022-03-29 09:00:15
1648544415679797000,61.6,13,61.4,48,61.5,2,2,2022-03-29 09:00:15
1648544415679797000,61.5,7,61.4,48,61.5,2,2,2022-03-29 09:00:15
1648544415684092000,61.5,1,61.4,48,61.5,1,1,2022-03-29 09:00:15
1648544415687598000,61.5,1,61.4,48,62.0,40,1,2022-03-29 09:00:15
1648544415687598000,62.0,2,61.4,48,62.0,40,1,2022-03-29 09:00:15
1648544415688131000,62.0,1,61.4,48,62.0,39,1,2022-03-29 09:00:15
1648544415705786000,61.9,5,61.7,1,61.9,15,1,2022-03-29 09:00:15
1648544415726449000,61.9,1,61.7,1,61.9,21,1,2022-03-29 09:00:15
1648544415729691000,61.9,3,61.7,1,61.9,18,1,2022-03-29 09:00:15
1648544415731079000,61.7,1,61.5,6,61.9,30,2,2022-03-29 09:00:15
1648544415731079000,61.5,1,61.5,6,61.9,30,2,2022-03-29 09:00:15
1648544415750222000,61.9,1,61.8,1,61.9,30,1,2022-03-29 09:00:15
1648544415775390000,61.8,1,61.5,7,61.9,30,2,2022-03-29 09:00:15
1648544415851448000,61.9,1,61.6,4,61.9,30,1,2022-03-29 09:00:15
1648544415863008000,61.9,13,61.6,4,61.9,17,1,2022-03-29 09:00:15
1648544415916258000,61.9,1,61.6,4,61.9,16,1,2022-03-29 09:00:15
1648544415931529000,61.6,2,61.6,2,61.9,26,2,2022-03-29 09:00:15
1648544416030128000,61.8,2,61.6,2,61.9,26,2,2022-03-29 09:00:16
1648544416049972000,61.9,2,61.6,2,61.9,24,1,2022-03-29 09:00:16
1648544416064846000,61.9,10,61.6,2,61.9,14,1,2022-03-29 09:00:16
1648544416073959000,61.9,4,61.6,2,61.9,10,1,2022-03-29 09:00:16
1648544416124424000,61.9,5,61.7,35,61.9,5,1,2022-03-29 09:00:16
1648544416154628000,61.9,1,61.7,35,61.9,4,1,2022-03-29 09:00:16
1648544416156047000,61.9,1,61.7,35,61.9,3,1,2022-03-29 09:00:16
1648544416179032000,61.9,3,61.7,35,62.0,46,1,2022-03-29 09:00:16
1648544416179032000,62.0,7,61.7,35,62.0,46,1,2022-03-29 09:00:16
1648544416191118000,62.0,1,61.7,35,62.0,45,1,2022-03-29 09:00:16
1648544416212891000,62.0,1,61.7,35,62.0,44,1,2022-03-29 09:00:16
1648544416288225000,62.0,5,61.8,1,62.0,39,1,2022-03-29 09:00:16
1648544416307251000,61.8,1,61.7,36,61.8,3,2,2022-03-29 09:00:16
1648544416360098000,61.8,1,61.7,37,61.8,2,1,2022-03-29 09:00:16
1648544416361738000,61.8,1,61.7,37,61.8,1,1,2022-03-29 09:00:16
1648544416371207000,61.8,1,61.7,37,61.9,4,1,2022-03-29 09:00:16
1648544416387682000,61.9,2,61.7,37,61.9,2,1,2022-03-29 09:00:16
1648544416428380000,61.9,2,61.7,2,62.0,39,1,2022-03-29 09:00:16
1648544416446573000,62.0,1,61.7,2,62.0,38,1,2022-03-29 09:00:16
1648544416487442000,62.0,1,61.8,35,62.0,38,1,2022-03-29 09:00:16
1648544416510989000,61.8,4,61.8,31,62.0,38,2,2022-03-29 09:00:16
1648544416575379000,62.0,1,61.8,31,62.0,37,1,2022-03-29 09:00:16
1648544416589992000,62.0,1,61.9,10,62.0,36,1,2022-03-29 09:00:16
1648544416607754000,61.9,2,61.9,8,62.0,36,2,2022-03-29 09:00:16
1648544416612623000,61.9,6,61.9,2,62.0,36,2,2022-03-29 09:00:16
1648544416631579000,61.9,2,61.8,33,61.9,2,2,2022-03-29 09:00:16
1648544416638798000,61.9,1,61.8,33,61.9,1,1,2022-03-29 09:00:16
1648544416670466000,61.9,1,61.8,33,62.0,36,1,2022-03-29 09:00:16
1648544416732804000,61.8,1,61.8,32,62.0,36,2,2022-03-29 09:00:16
1648544416757607000,61.9,3,61.8,32,62.0,29,1,2022-03-29 09:00:16
1648544416757607000,62.0,7,61.8,32,62.0,29,1,2022-03-29 09:00:16
1648544416800134000,61.9,1,61.8,32,61.9,3,1,2022-03-29 09:00:16
1648544416833510000,61.9,1,61.8,32,61.9,2,1,2022-03-29 09:00:16
1648544416856518000,61.8,1,61.8,31,61.9,2,2,2022-03-29 09:00:16
1648544416875983000,61.9,1,61.8,31,61.9,1,1,2022-03-29 09:00:16
1648544416893006000,61.9,1,61.8,37,62.0,29,1,2022-03-29 09:00:16
1648544416904491000,62.0,1,61.8,37,62.0,28,1,2022-03-29 09:00:16
1648544416980937000,61.9,2,61.8,38,62.0,39,1,2022-03-29 09:00:16
1648544417025685000,62.0,2,61.8,38,62.0,37,1,2022-03-29 09:00:17
1648544417098783000,61.9,2,61.9,5,62.0,37,2,2022-03-29 09:00:17
1648544417098876000,61.9,2,61.9,3,62.0,37,2,2022-03-29 09:00:17
1648544417115395000,61.9,4,61.8,39,62.0,37,2,2022-03-29 09:00:17
1648544417115395000,61.8,1,61.8,39,62.0,37,2,2022-03-29 09:00:17
1648544417124261000,61.8,2,61.8,37,62.0,37,2,2022-03-29 09:00:17
1648544417163148000,61.9,6,61.8,38,62.0,27,1,2022-03-29 09:00:17
1648544417163148000,62.0,10,61.8,38,62.0,27,1,2022-03-29 09:00:17
1648544417167127000,61.8,7,61.8,31,62.0,27,2,2022-03-29 09:00:17
1648544417182238000,62.0,1,61.8,33,62.0,26,1,2022-03-29 09:00:17
1648544417237483000,61.9,3,61.8,34,61.9,7,1,2022-03-29 09:00:17
1648544417242554000,61.9,3,61.8,34,61.9,4,1,2022-03-29 09:00:17
1648544417244176000,61.8,34,61.7,5,61.9,4,2,2022-03-29 09:00:17
1648544417246428000,61.9,1,61.7,5,61.9,3,1,2022-03-29 09:00:17
1648544417254385000,61.9,1,61.7,5,61.9,2,1,2022-03-29 09:00:17
1648544417264210000,61.9,1,61.7,5,61.9,1,1,2022-03-29 09:00:17
1648544417275505000,61.9,1,61.7,5,62.0,26,1,2022-03-29 09:00:17
1648544417297791000,62.0,1,61.7,5,62.0,25,1,2022-03-29 09:00:17
1648544417299648000,61.7,5,61.6,7,62.0,25,2,2022-03-29 09:00:17
1648544417302980000,61.6,5,61.6,2,62.0,25,2,2022-03-29 09:00:17
1648544417341417000,62.0,1,61.6,2,62.0,24,1,2022-03-29 09:00:17
1648544417418093000,61.9,1,61.8,1,61.9,4,2,2022-03-29 09:00:17
1648544417419858000,61.9,1,61.8,1,61.9,3,1,2022-03-29 09:00:17
1648544417423939000,61.9,1,61.8,1,61.9,2,1,2022-03-29 09:00:17
1648544417429647000,61.9,1,61.8,1,61.9,1,1,2022-03-29 09:00:17
1648544417434077000,61.9,1,61.8,1,62.0,25,1,2022-03-29 09:00:17
1648544417451233000,62.0,1,61.8,1,62.0,24,1,2022-03-29 09:00:17
1648544417512047000,61.9,1,61.8,1,61.9,7,1,2022-03-29 09:00:17
1648544417545629000,61.8,1,61.7,8,61.9,7,2,2022-03-29 09:00:17
1648544417545629000,61.7,1,61.7,8,61.9,7,2,2022-03-29 09:00:17
1648544417578552000,61.9,1,61.8,1,61.9,6,1,2022-03-29 09:00:17
1648544417591422000,61.8,1,61.8,5,61.9,6,2,2022-03-29 09:00:17
1648544417601523000,61.9,6,61.8,5,62.1,14,1,2022-03-29 09:00:17
1648544417601523000,62.0,24,61.8,5,62.1,14,1,2022-03-29 09:00:17
1648544417601523000,62.1,20,61.8,5,62.1,14,1,2022-03-29 09:00:17
1648544417608461000,62.1,1,61.8,5,62.1,13,1,2022-03-29 09:00:17
1648544417615975000,62.1,5,61.8,6,62.1,8,1,2022-03-29 09:00:17
1648544417652534000,61.9,1,61.8,18,61.9,1,1,2022-03-29 09:00:17
1648544417653788000,61.9,1,61.9,3,62.0,3,1,2022-03-29 09:00:17
1648544417663072000,62.0,1,61.9,3,62.0,2,1,2022-03-29 09:00:17
1648544417692913000,61.9,3,61.8,9,62.0,2,2,2022-03-29 09:00:17
1648544417744085000,62.0,2,61.9,1,62.1,7,1,2022-03-29 09:00:17
1648544417744085000,62.1,1,61.9,1,62.1,7,1,2022-03-29 09:00:17
1648544417748422000,61.9,1,61.8,7,62.1,7,2,2022-03-29 09:00:17
1648544417748422000,61.8,2,61.8,7,62.1,7,2,2022-03-29 09:00:17
1648544417798453000,61.9,1,61.8,19,62.1,7,1,2022-03-29 09:00:17
1648544417837897000,62.1,1,61.9,1,62.1,6,1,2022-03-29 09:00:17
1648544417853005000,61.9,1,61.4,31,62.1,6,2,2022-03-29 09:00:17
1648544417853005000,61.8,7,61.4,31,62.1,6,2,2022-03-29 09:00:17
1648544417853005000,61.7,64,61.4,31,62.1,6,2,2022-03-29 09:00:17
1648544417853005000,61.6,4,61.4,31,62.1,6,2,2022-03-29 09:00:17
1648544417853005000,61.5,15,61.4,31,62.1,6,2,2022-03-29 09:00:17
1648544417853005000,61.4,9,61.4,31,62.1,6,2,2022-03-29 09:00:17
1648544417897144000,62.0,1,61.7,1,62.1,7,1,2022-03-29 09:00:17
1648544417916958000,62.0,2,61.7,1,62.0,4,1,2022-03-29 09:00:17
1648544417924293000,61.9,2,61.9,2,62.0,3,2,2022-03-29 09:00:17
1648544417938623000,62.0,1,61.9,2,62.0,3,1,2022-03-29 09:00:17
1648544417958836000,61.9,2,61.8,2,62.0,3,2,2022-03-29 09:00:17
1648544417959653000,62.0,2,61.7,3,62.1,7,1,2022-03-29 09:00:17
1648544417961075000,62.1,1,61.7,3,62.1,6,1,2022-03-29 09:00:17
1648544417972259000,62.0,2,62.0,4,62.1,6,2,2022-03-29 09:00:17
1648544417996639000,62.0,1,62.0,3,62.1,6,2,2022-03-29 09:00:17
1648544418001311000,62.1,6,62.0,3,62.2,84,1,2022-03-29 09:00:18
1648544418001311000,62.2,4,62.0,3,62.2,84,1,2022-03-29 09:00:18
1648544418005009000,62.0,3,61.8,1,62.2,84,2,2022-03-29 09:00:18
1648544418038855000,61.9,2,61.7,1,62.1,2,2,2022-03-29 09:00:18
1648544418038855000,61.8,1,61.7,1,62.1,2,2,2022-03-29 09:00:18
1648544418038855000,61.7,2,61.7,1,62.1,2,2,2022-03-29 09:00:18
1648544418129221000,62.1,1,62.0,1,62.1,2,1,2022-03-29 09:00:18
1648544418138075000,62.0,1,61.8,1,62.1,2,2,2022-03-29 09:00:18
1648544418138289000,62.0,1,61.7,1,62.1,1,2,2022-03-29 09:00:18
1648544418150255000,62.0,1,61.7,1,62.0,9,1,2022-03-29 09:00:18
1648544418153829000,61.9,1,61.7,1,61.9,1,1,2022-03-29 09:00:18
1648544418232230000,61.9,1,61.9,4,62.0,9,1,2022-03-29 09:00:18
1648544418273248000,61.9,4,61.8,1,62.0,9,2,2022-03-29 09:00:18
1648544418280722000,62.0,1,61.9,1,62.0,8,1,2022-03-29 09:00:18
1648544418287599000,62.0,8,62.1,10,62.2,84,1,2022-03-29 09:00:18
1648544418287599000,62.1,1,62.1,10,62.2,84,1,2022-03-29 09:00:18
1648544418289876000,62.1,1,62.1,9,62.2,84,2,2022-03-29 09:00:18
1648544418291942000,62.1,1,62.1,8,62.2,84,2,2022-03-29 09:00:18
1648544418308175000,62.1,1,62.1,7,62.2,84,2,2022-03-29 09:00:18
1648544418308391000,62.1,1,62.1,6,62.2,84,2,2022-03-29 09:00:18
1648544418308407000,62.1,1,62.1,5,62.2,84,2,2022-03-29 09:00:18
1648544418318856000,62.1,5,61.9,1,62.2,84,2,2022-03-29 09:00:18
1648544418318894000,61.9,1,61.8,1,62.2,84,2,2022-03-29 09:00:18
1648544418353740000,62.0,2,61.9,2,62.0,1,1,2022-03-29 09:00:18
1648544418362432000,62.0,1,61.9,2,62.1,2,1,2022-03-29 09:00:18
1648544418372744000,62.0,1,61.8,6,62.2,75,1,2022-03-29 09:00:18
1648544418372744000,62.2,9,61.8,6,62.2,75,1,2022-03-29 09:00:18
1648544418388238000,61.9,1,61.8,7,62.2,75,2,2022-03-29 09:00:18
1648544418521903000,61.9,5,61.8,20,62.1,4,2,2022-03-29 09:00:18
1648544418528063000,61.8,2,61.8,18,62.1,4,2,2022-03-29 09:00:18
1648544418547783000,62.0,1,61.8,7,62.0,9,2,2022-03-29 09:00:18
1648544418559573000,61.9,2,61.8,7,62.0,6,1,2022-03-29 09:00:18
1648544418559573000,62.0,3,61.8,7,62.0,6,1,2022-03-29 09:00:18
1648544418587547000,61.9,5,61.8,5,62.0,6,2,2022-03-29 09:00:18
1648544418587547000,61.8,2,61.8,5,62.0,6,2,2022-03-29 09:00:18
1648544418624806000,62.0,1,61.8,5,62.0,5,1,2022-03-29 09:00:18
1648544418650797000,62.0,2,61.8,5,62.0,3,1,2022-03-29 09:00:18
1648544418655069000,62.0,1,61.8,5,62.0,2,1,2022-03-29 09:00:18
1648544418715019000,62.0,2,61.8,6,62.1,11,1,2022-03-29 09:00:18
1648544418780633000,62.1,5,61.9,1,62.1,6,1,2022-03-29 09:00:18
1648544418832759000,62.0,1,61.9,2,62.1,6,1,2022-03-29 09:00:18
1648544418887568000,62.1,5,62.0,1,62.1,21,1,2022-03-29 09:00:18
1648544418902098000,62.0,1,61.9,3,62.1,21,2,2022-03-29 09:00:18
1648544418962214000,62.1,1,61.9,3,62.1,30,1,2022-03-29 09:00:18
1648544419003367000,62.1,1,61.9,4,62.1,29,1,2022-03-29 09:00:19
1648544419060047000,62.0,1,61.9,4,62.1,29,1,2022-03-29 09:00:19
1648544419060475000,62.1,2,61.9,4,62.1,27,1,2022-03-29 09:00:19
1648544419070986000,61.9,4,61.8,11,62.1,27,2,2022-03-29 09:00:19
1648544419237048000,62.0,6,61.9,1,62.1,30,2,2022-03-29 09:00:19
1648544419270490000,61.9,1,61.8,33,62.0,2,2,2022-03-29 09:00:19
1648544419378388000,61.8,5,61.8,35,62.0,12,2,2022-03-29 09:00:19
1648544419421340000,62.0,1,61.8,55,62.0,11,1,2022-03-29 09:00:19
1648544419464892000,61.9,1,61.8,55,62.0,11,2,2022-03-29 09:00:19
1648544419466713000,62.0,1,61.8,55,62.0,10,1,2022-03-29 09:00:19
1648544419517455000,62.0,2,61.9,1,62.0,8,1,2022-03-29 09:00:19
1648544419518632000,62.0,1,61.9,1,62.0,7,1,2022-03-29 09:00:19
1648544419528827000,61.9,1,61.8,57,62.0,7,2,2022-03-29 09:00:19
1648544419574514000,61.9,1,61.8,57,61.9,6,1,2022-03-29 09:00:19
1648544419588929000,61.9,1,61.8,57,61.9,5,1,2022-03-29 09:00:19
1648544419604523000,61.9,1,61.8,59,61.9,4,1,2022-03-29 09:00:19
1648544419653207000,61.9,1,61.8,59,61.9,3,1,2022-03-29 09:00:19
1648544419673310000,61.9,1,61.8,59,61.9,2,1,2022-03-29 09:00:19
1648544419691080000,61.9,2,61.9,2,62.0,11,1,2022-03-29 09:00:19
1648544419710606000,62.0,2,61.9,2,62.0,9,1,2022-03-29 09:00:19
1648544419729083000,61.9,2,61.8,59,62.0,9,2,2022-03-29 09:00:19
1648544419813868000,62.0,4,61.8,60,62.0,5,1,2022-03-29 09:00:19
1648544419933722000,61.9,4,61.8,61,61.9,4,1,2022-03-29 09:00:19
1648544419953912000,61.9,1,61.8,61,61.9,3,1,2022-03-29 09:00:19
1648544419997183000,61.9,1,61.8,61,61.9,2,1,2022-03-29 09:00:19
1648544420012859000,61.9,1,61.8,61,61.9,1,1,2022-03-29 09:00:20
1648544420050210000,61.9,1,61.8,61,62.0,6,1,2022-03-29 09:00:20
1648544420174257000,61.9,1,61.8,62,61.9,9,1,2022-03-29 09:00:20
1648544420199589000,61.9,1,61.8,63,61.9,8,1,2022-03-29 09:00:20
1648544420212761000,61.9,1,61.8,63,61.9,7,1,2022-03-29 09:00:20
1648544420286554000,61.9,1,61.8,65,61.9,6,1,2022-03-29 09:00:20
1648544420334780000,61.9,3,61.8,65,61.9,3,1,2022-03-29 09:00:20
1648544420375544000,61.9,3,61.9,7,62.0,15,1,2022-03-29 09:00:20
1648544420414250000,61.9,8,61.8,66,62.0,26,2,2022-03-29 09:00:20
1648544420526629000,61.9,3,61.8,70,61.9,3,1,2022-03-29 09:00:20
1648544420545996000,61.9,1,61.8,70,61.9,2,1,2022-03-29 09:00:20
1648544420566974000,61.9,1,61.8,70,61.9,1,1,2022-03-29 09:00:20
1648544420572410000,61.9,1,61.8,70,62.0,25,1,2022-03-29 09:00:20
1648544420572410000,62.0,1,61.8,70,62.0,25,1,2022-03-29 09:00:20
1648544420587527000,62.0,5,61.8,70,62.0,20,1,2022-03-29 09:00:20
1648544420589311000,62.0,3,61.8,70,62.0,17,1,2022-03-29 09:00:20
1648544420702293000,61.9,1,61.8,70,61.9,17,1,2022-03-29 09:00:20
1648544420731326000,61.9,1,61.8,70,61.9,16,1,2022-03-29 09:00:20
1648544420744570000,61.8,1,61.8,69,61.9,16,2,2022-03-29 09:00:20
1648544420760629000,61.8,1,61.8,68,61.9,18,2,2022-03-29 09:00:20
1648544420819524000,61.8,27,61.8,41,61.9,18,2,2022-03-29 09:00:20
1648544420851153000,61.8,5,61.8,36,61.9,18,2,2022-03-29 09:00:20
1648544420851359000,61.9,5,61.8,36,61.9,13,1,2022-03-29 09:00:20
1648544420855226000,61.9,1,61.8,36,61.9,12,1,2022-03-29 09:00:20
1648544420862096000,61.9,1,61.8,36,61.9,11,1,2022-03-29 09:00:20
1648544420869576000,61.9,1,61.8,36,61.9,10,1,2022-03-29 09:00:20
1648544420880426000,61.8,4,61.8,33,61.9,10,2,2022-03-29 09:00:20
1648544420915052000,61.9,1,61.8,33,61.9,9,1,2022-03-29 09:00:20
1648544420922479000,61.9,9,61.8,33,62.0,91,1,2022-03-29 09:00:20
1648544420922479000,62.0,1,61.8,33,62.0,91,1,2022-03-29 09:00:20
1648544420971865000,62.0,1,61.9,1,62.0,90,1,2022-03-29 09:00:20
1648544420973291000,61.9,1,61.8,34,62.0,90,2,2022-03-29 09:00:20
1648544420981532000,62.0,1,61.8,34,62.0,89,1,2022-03-29 09:00:20
1648544420992707000,62.0,1,61.8,35,62.0,88,1,2022-03-29 09:00:20
1648544421024606000,61.9,1,61.9,1,62.0,88,2,2022-03-29 09:00:21
1648544421168652000,62.0,1,61.9,4,62.0,91,1,2022-03-29 09:00:21
1648544421190033000,61.9,4,61.8,42,62.0,91,2,2022-03-29 09:00:21
1648544421276818000,62.0,1,61.8,42,62.0,90,1,2022-03-29 09:00:21
1648544421277159000,62.0,10,61.8,42,62.0,80,1,2022-03-29 09:00:21
1648544421306808000,62.0,1,61.8,42,62.0,79,1,2022-03-29 09:00:21
1648544421374385000,62.0,1,61.8,25,62.0,83,1,2022-03-29 09:00:21
1648544421381309000,62.0,1,61.8,25,62.0,82,1,2022-03-29 09:00:21
1648544421432061000,62.0,2,61.9,5,62.0,81,1,2022-03-29 09:00:21
1648544421438101000,61.9,5,61.8,27,62.0,81,2,2022-03-29 09:00:21
1648544421466902000,61.8,1,61.8,26,62.0,81,2,2022-03-29 09:00:21
1648544421520087000,61.9,2,61.8,31,61.9,13,1,2022-03-29 09:00:21
1648544421541289000,61.9,1,61.8,31,61.9,12,1,2022-03-29 09:00:21
1648544421555960000,61.8,12,61.8,19,61.9,12,2,2022-03-29 09:00:21
1648544421593461000,61.9,1,61.8,21,61.9,11,1,2022-03-29 09:00:21
1648544421593479000,61.8,3,61.8,18,61.9,11,2,2022-03-29 09:00:21
1648544421614883000,61.9,1,61.8,18,61.9,10,1,2022-03-29 09:00:21
1648544421643609000,61.9,1,61.8,18,61.9,9,1,2022-03-29 09:00:21
1648544421727216000,61.9,1,61.8,18,61.9,9,1,2022-03-29 09:00:21
1648544421774687000,61.9,1,61.8,19,61.9,13,1,2022-03-29 09:00:21
1648544421810170000,61.9,1,61.8,20,61.9,12,1,2022-03-29 09:00:21
1648544421834585000,61.9,4,61.8,20,61.9,8,1,2022-03-29 09:00:21
1648544421845916000,61.9,2,61.8,20,61.9,16,1,2022-03-29 09:00:21
1648544421871826000,61.8,20,61.7,19,61.9,16,2,2022-03-29 09:00:21
1648544421917366000,61.9,1,61.7,19,61.9,16,1,2022-03-29 09:00:21
1648544422004816000,61.9,4,61.8,3,61.9,12,1,2022-03-29 09:00:22
1648544422043434000,61.9,3,61.8,6,61.9,9,1,2022-03-29 09:00:22
1648544422053210000,61.9,1,61.8,6,61.9,8,1,2022-03-29 09:00:22
1648544422064500000,61.8,1,61.8,5,61.9,8,2,2022-03-29 09:00:22
1648544422071994000,61.9,3,61.8,5,61.9,5,1,2022-03-29 09:00:22
1648544422108434000,61.9,2,61.8,5,61.9,3,1,2022-03-29 09:00:22
1648544422126018000,61.9,1,61.8,5,61.9,2,1,2022-03-29 09:00:22
1648544422139870000,61.9,1,61.8,5,61.9,1,1,2022-03-29 09:00:22
1648544422183779000,61.9,1,61.8,5,62.0,114,1,2022-03-29 09:00:22
1648544422191639000,62.0,5,61.8,5,62.0,109,1,2022-03-29 09:00:22
1648544422212287000,62.0,1,61.9,2,62.0,108,1,2022-03-29 09:00:22
1648544422226512000,61.9,2,61.8,5,62.0,109,2,2022-03-29 09:00:22
1648544422266542000,61.8,5,61.8,1,61.9,20,2,2022-03-29 09:00:22
1648544422290880000,61.9,3,61.8,1,61.9,17,1,2022-03-29 09:00:22
1648544422302908000,61.8,1,61.5,11,61.9,17,2,2022-03-29 09:00:22
1648544422302908000,61.7,19,61.5,11,61.9,17,2,2022-03-29 09:00:22
1648544422302908000,61.6,5,61.5,11,61.9,17,2,2022-03-29 09:00:22
1648544422302908000,61.5,25,61.5,11,61.9,17,2,2022-03-29 09:00:22
1648544422326515000,61.8,1,61.8,1,61.9,27,2,2022-03-29 09:00:22
1648544422338357000,61.8,1,61.6,2,61.8,1,2,2022-03-29 09:00:22
1648544422342866000,61.6,2,61.4,53,61.8,1,2,2022-03-29 09:00:22
1648544422342866000,61.5,11,61.4,53,61.8,1,2,2022-03-29 09:00:22
1648544422342866000,61.4,11,61.4,53,61.8,1,2,2022-03-29 09:00:22
1648544422350902000,61.8,1,61.4,53,61.9,28,1,2022-03-29 09:00:22
1648544422378666000,61.8,3,61.4,53,61.9,30,1,2022-03-29 09:00:22
1648544422378666000,61.9,1,61.4,53,61.9,30,1,2022-03-29 09:00:22
1648544422416687000,61.7,1,61.5,14,61.7,1,1,2022-03-29 09:00:22
1648544422447201000,61.5,2,61.5,2,61.7,1,2,2022-03-29 09:00:22
1648544422460626000,61.7,1,61.7,4,61.9,31,1,2022-03-29 09:00:22
1648544422487321000,61.9,1,61.7,4,61.9,30,1,2022-03-29 09:00:22
1648544422516098000,61.9,2,61.7,4,61.9,28,1,2022-03-29 09:00:22
1648544422520179000,61.9,1,61.7,4,61.9,27,1,2022-03-29 09:00:22
1648544422570538000,61.9,5,61.8,5,61.9,22,1,2022-03-29 09:00:22
1648544422583898000,61.8,5,61.7,4,61.9,22,2,2022-03-29 09:00:22
1648544422707149000,61.9,5,61.7,4,61.9,19,1,2022-03-29 09:00:22
1648544422719591000,61.9,1,61.7,4,61.9,18,1,2022-03-29 09:00:22
1648544422725590000,61.9,1,61.7,8,61.9,17,1,2022-03-29 09:00:22
1648544422732441000,61.9,1,61.7,8,61.9,16,1,2022-03-29 09:00:22
1648544422737411000,61.9,2,61.7,8,61.9,15,1,2022-03-29 09:00:22
1648544422787657000,61.7,3,61.7,5,61.8,10,2,2022-03-29 09:00:22
1648544422790528000,61.8,1,61.7,5,61.8,9,1,2022-03-29 09:00:22
1648544422792563000,61.8,1,61.7,5,61.8,8,1,2022-03-29 09:00:22
1648544422797809000,61.7,3,61.7,2,61.8,8,2,2022-03-29 09:00:22
1648544422802087000,61.8,1,61.7,2,61.8,7,1,2022-03-29 09:00:22
1648544422833639000,61.8,2,61.7,2,61.8,5,1,2022-03-29 09:00:22
1648544422840673000,61.7,2,61.6,2,61.8,5,2,2022-03-29 09:00:22
1648544422864830000,61.8,1,61.7,1,61.8,6,1,2022-03-29 09:00:22
1648544422887209000,61.8,1,61.6,2,61.8,5,1,2022-03-29 09:00:22
1648544422908200000,61.8,1,61.6,2,61.8,4,1,2022-03-29 09:00:22
1648544422935604000,61.8,2,61.6,3,61.8,2,1,2022-03-29 09:00:22
1648544422989569000,61.8,1,61.6,3,61.8,1,1,2022-03-29 09:00:22
1648544423017184000,61.8,1,61.6,3,61.9,31,1,2022-03-29 09:00:23
1648544423017184000,61.9,1,61.6,3,61.9,31,1,2022-03-29 09:00:23
1648544423060527000,61.8,1,61.6,3,61.9,37,1,2022-03-29 09:00:23
1648544423079149000,61.9,1,61.6,3,61.9,36,1,2022-03-29 09:00:23
1648544423130770000,61.8,1,61.6,3,61.9,36,2,2022-03-29 09:00:23
1648544423132879000,61.9,1,61.7,1,61.9,35,1,2022-03-29 09:00:23
1648544423135030000,61.9,1,61.7,1,61.9,34,1,2022-03-29 09:00:23
1648544423139313000,61.9,1,61.7,1,61.9,33,1,2022-03-29 09:00:23
1648544423170064000,61.9,1,61.7,2,61.9,32,1,2022-03-29 09:00:23
1648544423182776000,61.9,2,61.7,2,61.9,30,1,2022-03-29 09:00:23
1648544423184599000,61.9,2,61.7,2,61.9,28,1,2022-03-29 09:00:23
1648544423220926000,61.9,1,61.7,2,61.9,35,1,2022-03-29 09:00:23
1648544423264857000,61.9,1,61.7,2,61.9,35,1,2022-03-29 09:00:23
1648544423280693000,61.7,2,61.6,3,61.7,18,2,2022-03-29 09:00:23
1648544423312513000,61.7,10,61.6,3,61.7,8,1,2022-03-29 09:00:23
1648544423324794000,61.7,1,61.6,3,61.7,7,1,2022-03-29 09:00:23
1648544423353313000,61.7,1,61.6,3,61.7,6,1,2022-03-29 09:00:23
1648544423374119000,61.7,1,61.6,3,61.7,5,1,2022-03-29 09:00:23
1648544423384638000,61.7,1,61.6,3,61.7,4,1,2022-03-29 09:00:23
1648544423385312000,61.7,1,61.6,3,61.7,3,1,2022-03-29 09:00:23
1648544423391106000,61.7,3,61.6,3,61.8,1,1,2022-03-29 09:00:23
1648544423435148000,61.8,1,61.6,3,61.9,6,1,2022-03-29 09:00:23
1648544423435148000,61.9,29,61.6,3,61.9,6,1,2022-03-29 09:00:23
1648544423435979000,61.9,1,61.6,3,61.9,5,1,2022-03-29 09:00:23
1648544423443912000,61.9,2,61.6,3,61.9,3,1,2022-03-29 09:00:23
1648544423491755000,61.8,1,61.8,69,61.9,23,2,2022-03-29 09:00:23
1648544423505370000,61.8,10,61.8,62,61.9,23,2,2022-03-29 09:00:23
1648544423507749000,61.8,4,61.8,58,61.9,23,2,2022-03-29 09:00:23
1648544423510849000,61.9,1,61.8,58,61.9,32,1,2022-03-29 09:00:23
1648544423511760000,61.9,1,61.8,58,61.9,31,1,2022-03-29 09:00:23
1648544423544380000,61.8,22,61.8,36,61.9,31,2,2022-03-29 09:00:23
1648544423546810000,61.8,2,61.8,34,61.9,32,2,2022-03-29 09:00:23
1648544423574554000,61.8,5,61.8,29,61.9,52,2,2022-03-29 09:00:23
1648544423581310000,61.9,1,61.8,29,61.9,51,1,2022-03-29 09:00:23
1648544423585850000,61.8,12,61.8,17,61.9,51,2,2022-03-29 09:00:23
1648544423587426000,61.8,3,61.8,14,61.9,51,2,2022-03-29 09:00:23
1648544423604920000,61.9,1,61.8,14,61.9,50,1,2022-03-29 09:00:23
1648544423619736000,61.8,14,61.6,3,61.9,50,2,2022-03-29 09:00:23
1648544423622998000,61.9,5,61.6,3,61.9,45,1,2022-03-29 09:00:23
1648544423672472000,61.8,1,61.6,3,61.9,66,1,2022-03-29 09:00:23
1648544423672472000,61.9,1,61.6,3,61.9,66,1,2022-03-29 09:00:23
1648544423677447000,61.8,1,61.8,1,61.9,66,2,2022-03-29 09:00:23
1648544423681258000,61.9,1,61.8,1,61.9,65,1,2022-03-29 09:00:23
1648544423685355000,61.9,1,61.8,1,61.9,64,1,2022-03-29 09:00:23
1648544423687269000,61.9,1,61.8,1,61.9,63,1,2022-03-29 09:00:23
1648544423714789000,61.9,3,61.8,3,61.9,60,1,2022-03-29 09:00:23
1648544423757370000,61.8,4,61.6,3,61.8,16,2,2022-03-29 09:00:23
1648544423776659000,61.8,1,61.6,3,61.8,35,1,2022-03-29 09:00:23
1648544423779347000,61.8,1,61.6,15,61.8,34,1,2022-03-29 09:00:23
1648544423796530000,61.8,1,61.6,3,61.8,33,1,2022-03-29 09:00:23
1648544423902270000,61.7,2,61.6,13,61.8,38,1,2022-03-29 09:00:23
1648544423928024000,61.8,1,61.6,13,61.8,37,1,2022-03-29 09:00:23
1648544423943746000,61.8,1,61.6,13,61.8,36,1,2022-03-29 09:00:23
1648544423982911000,61.8,1,61.6,13,61.8,35,1,2022-03-29 09:00:23
1648544424006490000,61.8,1,61.6,13,61.8,34,1,2022-03-29 09:00:24
1648544424076107000,61.8,1,61.6,13,61.8,33,1,2022-03-29 09:00:24
1648544424116825000,61.6,13,61.5,10,61.8,33,2,2022-03-29 09:00:24
1648544424155739000,61.8,1,61.5,10,61.8,32,1,2022-03-29 09:00:24
1648544424158969000,61.5,3,61.5,7,61.8,32,2,2022-03-29 09:00:24
1648544424229712000,61.8,1,61.5,24,61.8,31,1,2022-03-29 09:00:24
1648544424260112000,61.8,1,61.5,24,61.8,30,1,2022-03-29 09:00:24
1648544424293096000,61.8,20,61.5,24,61.8,10,1,2022-03-29 09:00:24
1648544424320403000,61.8,10,61.5,24,61.9,80,1,2022-03-29 09:00:24
1648544424378237000,61.8,5,61.7,2,61.9,76,1,2022-03-29 09:00:24
1648544424378237000,61.9,5,61.7,2,61.9,76,1,2022-03-29 09:00:24
1648544424402313000,61.9,5,61.7,2,61.9,71,1,2022-03-29 09:00:24
1648544424422385000,61.8,2,61.7,2,61.8,2,1,2022-03-29 09:00:24
1648544424451493000,61.8,2,61.7,2,61.8,1,1,2022-03-29 09:00:24
1648544424453207000,61.7,1,61.7,1,61.8,1,2,2022-03-29 09:00:24
1648544424478609000,61.8,1,61.7,1,61.9,76,1,2022-03-29 09:00:24
1648544424500743000,61.7,1,61.5,16,61.8,1,2,2022-03-29 09:00:24
1648544424504169000,61.8,1,61.5,16,61.9,75,1,2022-03-29 09:00:24
1648544424504169000,61.9,1,61.5,16,61.9,75,1,2022-03-29 09:00:24
1648544424546455000,61.7,1,61.6,14,61.7,14,1,2022-03-29 09:00:24
1648544424549867000,61.7,1,61.6,14,61.7,13,1,2022-03-29 09:00:24
1648544424590873000,61.5,1,61.5,15,61.7,13,2,2022-03-29 09:00:24
1648544424591087000,61.7,13,61.5,15,61.8,3,1,2022-03-29 09:00:24
1648544424593420000,61.8,3,61.5,15,61.9,70,1,2022-03-29 09:00:24
1648544424593420000,61.9,5,61.5,15,61.9,70,1,2022-03-29 09:00:24
1648544424631811000,61.6,1,61.6,13,61.8,7,2,2022-03-29 09:00:24
1648544424637048000,61.8,1,61.6,13,61.8,6,1,2022-03-29 09:00:24
1648544424644590000,61.8,1,61.6,13,61.8,5,1,2022-03-29 09:00:24
1648544424646616000,61.8,1,61.6,13,61.8,4,1,2022-03-29 09:00:24
1648544424655539000,61.8,1,61.6,1,61.8,3,1,2022-03-29 09:00:24
1648544424699048000,61.8,1,61.6,2,61.8,2,1,2022-03-29 09:00:24
1648544424719269000,61.8,1,61.7,1,61.8,1,1,2022-03-29 09:00:24
1648544424744996000,61.7,1,61.7,1,61.8,1,2,2022-03-29 09:00:24
1648544424747291000,61.7,1,61.6,1,61.8,1,2,2022-03-29 09:00:24
1648544424805215000,61.6,1,61.5,15,61.8,2,2,2022-03-29 09:00:24
1648544424815316000,61.8,2,61.5,15,61.9,77,1,2022-03-29 09:00:24
1648544424830137000,61.9,2,61.5,15,61.9,75,1,2022-03-29 09:00:24
1648544424835545000,61.5,5,61.5,10,61.9,75,2,2022-03-29 09:00:24
1648544424856402000,61.8,1,61.7,1,61.8,1,1,2022-03-29 09:00:24
1648544424876118000,61.8,1,61.8,4,61.9,76,1,2022-03-29 09:00:24
1648544424883750000,61.8,1,61.8,3,61.9,76,2,2022-03-29 09:00:24
1648544424883935000,61.8,1,61.8,2,61.9,76,2,2022-03-29 09:00:24
1648544424906437000,61.8,2,61.7,1,61.9,76,2,2022-03-29 09:00:24
1648544424959447000,61.7,1,61.6,6,61.9,76,2,2022-03-29 09:00:24
1648544424959447000,61.6,1,61.6,6,61.9,76,2,2022-03-29 09:00:24
1648544425003363000,61.6,4,61.6,2,61.9,80,2,2022-03-29 09:00:25
1648544425066481000,61.9,5,61.8,1,61.9,75,1,2022-03-29 09:00:25
1648544425093793000,61.8,1,61.6,3,61.9,76,2,2022-03-29 09:00:25
1648544425127631000,61.9,1,61.6,3,61.9,75,1,2022-03-29 09:00:25
1648544425145874000,61.9,3,61.6,4,61.9,72,1,2022-03-29 09:00:25
1648544425208470000,61.8,1,61.6,24,61.9,73,1,2022-03-29 09:00:25
1648544425210700000,61.9,10,61.6,24,61.9,63,1,2022-03-29 09:00:25
1648544425223887000,61.8,1,61.6,24,61.8,9,2,2022-03-29 09:00:25
1648544425249234000,61.8,1,61.6,24,61.8,8,1,2022-03-29 09:00:25
1648544425256023000,61.8,1,61.6,24,61.8,7,1,2022-03-29 09:00:25
1648544425272292000,61.8,1,61.6,24,61.8,6,1,2022-03-29 09:00:25
1648544425275544000,61.6,1,61.6,23,61.8,6,2,2022-03-29 09:00:25
1648544425318233000,61.8,1,61.6,23,61.8,5,1,2022-03-29 09:00:25
1648544425340537000,61.8,5,61.6,24,61.9,63,1,2022-03-29 09:00:25
1648544425364287000,61.8,5,61.6,24,61.8,15,1,2022-03-29 09:00:25
1648544425399556000,61.8,3,61.7,2,61.8,12,1,2022-03-29 09:00:25
1648544425402400000,61.7,2,61.7,1,61.8,12,2,2022-03-29 09:00:25
1648544425447803000,61.7,1,61.6,39,61.8,32,2,2022-03-29 09:00:25
1648544425458791000,61.6,10,61.6,29,61.8,52,2,2022-03-29 09:00:25
1648544425505849000,61.8,5,61.6,29,61.8,48,1,2022-03-29 09:00:25
1648544425542720000,61.8,5,61.6,29,61.8,43,1,2022-03-29 09:00:25
1648544425551629000,61.8,1,61.6,29,61.8,42,1,2022-03-29 09:00:25
1648544425567541000,61.8,1,61.6,33,61.8,41,1,2022-03-29 09:00:25
1648544425618557000,61.8,3,61.6,43,61.8,38,1,2022-03-29 09:00:25
1648544425619189000,61.8,1,61.6,43,61.8,37,1,2022-03-29 09:00:25
1648544425640990000,61.8,10,61.6,43,61.8,27,1,2022-03-29 09:00:25
1648544425666459000,61.8,1,61.6,43,61.8,26,1,2022-03-29 09:00:25
1648544425708752000,61.8,1,61.6,43,61.8,25,1,2022-03-29 09:00:25
1648544425807390000,61.8,1,61.7,1,61.8,27,1,2022-03-29 09:00:25
1648544425807621000,61.8,1,61.7,1,61.8,26,1,2022-03-29 09:00:25
1648544425808594000,61.8,1,61.7,1,61.8,25,1,2022-03-29 09:00:25
1648544425809286000,61.8,5,61.7,1,61.8,20,1,2022-03-29 09:00:25
1648544425871123000,61.7,1,61.6,43,61.8,20,2,2022-03-29 09:00:25
1648544425953422000,61.8,1,61.7,1,61.8,19,1,2022-03-29 09:00:25
1648544426016997000,61.7,1,61.6,48,61.8,20,2,2022-03-29 09:00:26
1648544426075191000,61.8,1,61.6,52,61.8,24,1,2022-03-29 09:00:26
1648544426198344000,61.6,5,61.6,50,61.8,24,2,2022-03-29 09:00:26
1648544426369053000,61.8,2,61.6,50,61.8,39,1,2022-03-29 09:00:26
1648544426393233000,61.8,1,61.6,50,61.8,38,1,2022-03-29 09:00:26
1648544426460778000,61.7,1,61.7,2,61.8,38,2,2022-03-29 09:00:26
1648544426462694000,61.7,2,61.6,51,61.8,38,2,2022-03-29 09:00:26
1648544426536756000,61.8,1,61.7,50,61.8,39,1,2022-03-29 09:00:26
1648544426541996000,61.8,1,61.7,50,61.8,38,1,2022-03-29 09:00:26
1648544426611878000,61.8,4,61.7,50,61.8,35,1,2022-03-29 09:00:26
1648544426676016000,61.8,1,61.7,50,61.8,34,1,2022-03-29 09:00:26
1648544426698958000,61.8,1,61.7,50,61.8,37,1,2022-03-29 09:00:26
1648544426718695000,61.7,8,61.7,42,61.8,37,2,2022-03-29 09:00:26
1648544426732770000,61.8,1,61.7,42,61.8,36,1,2022-03-29 09:00:26
1648544426757429000,61.7,42,61.6,51,61.8,36,2,2022-03-29 09:00:26
1648544426758424000,61.8,1,61.6,51,61.8,35,1,2022-03-29 09:00:26
1648544426816979000,61.8,1,61.6,51,61.8,39,1,2022-03-29 09:00:26
1648544426862413000,61.6,1,61.6,50,61.8,39,2,2022-03-29 09:00:26
1648544426926836000,61.8,4,61.6,50,61.8,36,1,2022-03-29 09:00:26
1648544426935871000,61.8,2,61.6,50,61.8,34,1,2022-03-29 09:00:26
1648544426939690000,61.8,2,61.6,50,61.8,32,1,2022-03-29 09:00:26
1648544427054667000,61.7,1,61.6,50,61.7,5,1,2022-03-29 09:00:27
1648544427090962000,61.7,1,61.6,50,61.7,4,1,2022-03-29 09:00:27
1648544427162985000,61.7,1,61.6,50,61.7,3,1,2022-03-29 09:00:27
1648544427163776000,61.6,1,61.6,49,61.7,3,2,2022-03-29 09:00:27
1648544427184085000,61.7,1,61.6,54,61.7,2,1,2022-03-29 09:00:27
1648544427187296000,61.7,2,61.6,54,61.8,30,1,2022-03-29 09:00:27
1648544427187296000,61.8,3,61.6,54,61.8,30,1,2022-03-29 09:00:27
1648544427206943000,61.8,1,61.6,54,61.8,29,1,2022-03-29 09:00:27
1648544427226439000,61.7,2,61.6,54,61.8,29,2,2022-03-29 09:00:27
1648544427241399000,61.8,1,61.6,54,61.8,28,1,2022-03-29 09:00:27
1648544427303551000,61.8,1,61.7,1,61.8,27,1,2022-03-29 09:00:27
1648544427320624000,61.8,1,61.7,1,61.8,26,1,2022-03-29 09:00:27
1648544427328373000,61.7,1,61.6,54,61.7,1,2,2022-03-29 09:00:27
1648544427380010000,61.7,1,61.6,54,61.8,26,1,2022-03-29 09:00:27
1648544427472495000,61.8,3,61.6,59,61.8,43,1,2022-03-29 09:00:27
1648544427498389000,61.8,3,61.6,59,61.8,40,1,2022-03-29 09:00:27
1648544427570329000,61.8,1,61.6,59,61.8,39,1,2022-03-29 09:00:27
1648544427579143000,61.8,1,61.6,59,61.8,40,1,2022-03-29 09:00:27
1648544427582168000,61.6,2,61.6,57,61.8,40,2,2022-03-29 09:00:27
1648544427604002000,61.8,1,61.7,1,61.8,39,1,2022-03-29 09:00:27
1648544427608516000,61.7,1,61.6,59,61.7,1,2,2022-03-29 09:00:27
1648544427655747000,61.6,30,61.6,29,61.7,1,2,2022-03-29 09:00:27
1648544427689679000,61.6,1,61.6,28,61.7,1,2,2022-03-29 09:00:27
1648544427698186000,61.7,1,61.6,28,61.8,39,1,2022-03-29 09:00:27
1648544427704277000,61.8,1,61.6,28,61.8,38,1,2022-03-29 09:00:27
1648544427783088000,61.8,1,61.6,28,61.8,38,1,2022-03-29 09:00:27
1648544427786628000,61.8,5,61.6,28,61.8,33,1,2022-03-29 09:00:27
1648544427875578000,61.8,2,61.6,29,61.8,31,1,2022-03-29 09:00:27
1648544427911406000,61.8,1,61.6,29,61.8,30,1,2022-03-29 09:00:27
1648544427982578000,61.8,4,61.6,29,61.8,27,1,2022-03-29 09:00:27
1648544428058957000,61.7,1,61.6,31,61.7,4,1,2022-03-29 09:00:28
1648544428072171000,61.7,1,61.6,31,61.7,3,1,2022-03-29 09:00:28
1648544428096144000,61.6,10,61.6,21,61.7,3,2,2022-03-29 09:00:28
1648544428120648000,61.7,2,61.6,21,61.7,1,1,2022-03-29 09:00:28
1648544428133577000,61.6,10,61.6,11,61.7,1,2,2022-03-29 09:00:28
1648544428143616000,61.7,1,61.6,11,61.8,27,1,2022-03-29 09:00:28
1648544428143616000,61.8,1,61.6,11,61.8,27,1,2022-03-29 09:00:28
1648544428165565000,61.8,2,61.6,11,61.8,25,1,2022-03-29 09:00:28
1648544428208594000,61.8,1,61.6,12,61.8,44,1,2022-03-29 09:00:28
1648544428243002000,61.8,30,61.6,13,61.8,14,1,2022-03-29 09:00:28
1648544428314157000,61.7,1,61.6,13,61.8,16,2,2022-03-29 09:00:28
1648544428315568000,61.6,3,61.6,10,61.8,16,2,2022-03-29 09:00:28
1648544428356932000,61.8,1,61.6,10,61.8,15,1,2022-03-29 09:00:28
1648544428451773000,61.7,1,61.6,10,61.7,19,1,2022-03-29 09:00:28
1648544428456464000,61.7,1,61.6,12,61.7,18,1,2022-03-29 09:00:28
1648544428506000000,61.6,1,61.6,11,61.7,18,2,2022-03-29 09:00:28
1648544428544684000,61.7,1,61.6,11,61.7,17,1,2022-03-29 09:00:28
1648544428563121000,61.6,1,61.6,10,61.7,17,2,2022-03-29 09:00:28
1648544428597300000,61.6,10,61.5,38,61.7,17,2,2022-03-29 09:00:28
1648544428673058000,61.7,1,61.5,38,61.7,16,1,2022-03-29 09:00:28
1648544428675531000,61.7,2,61.5,38,61.7,14,1,2022-03-29 09:00:28
1648544428692298000,61.7,5,61.5,38,61.7,9,1,2022-03-29 09:00:28
1648544428712324000,61.7,5,61.5,38,61.7,4,1,2022-03-29 09:00:28
1648544428738977000,61.7,1,61.5,38,61.7,4,1,2022-03-29 09:00:28
1648544428842258000,61.7,1,61.6,1,61.7,3,1,2022-03-29 09:00:28
1648544428845604000,61.6,1,61.5,38,61.7,3,2,2022-03-29 09:00:28
1648544428894657000,61.6,1,61.5,38,61.6,1,2,2022-03-29 09:00:28
1648544428909733000,61.6,1,61.6,139,61.7,3,1,2022-03-29 09:00:28
1648544428975033000,61.7,1,61.6,139,61.7,2,1,2022-03-29 09:00:28
1648544429016051000,61.6,1,61.6,139,61.7,2,2,2022-03-29 09:00:29
1648544429027121000,61.7,2,61.6,139,61.8,37,1,2022-03-29 09:00:29
1648544429076307000,61.7,2,61.6,139,61.7,18,1,2022-03-29 09:00:29
1648544429116009000,61.7,1,61.6,141,61.7,27,1,2022-03-29 09:00:29
1648544429118608000,61.7,1,61.6,141,61.7,26,1,2022-03-29 09:00:29
1648544429207146000,61.7,14,61.6,143,61.7,12,1,2022-03-29 09:00:29
1648544429238311000,61.7,12,61.6,144,61.8,40,1,2022-03-29 09:00:29
1648544429279656000,61.7,1,61.6,146,61.7,5,1,2022-03-29 09:00:29
1648544429347634000,61.7,2,61.6,147,61.7,3,1,2022-03-29 09:00:29
1648544429449064000,61.6,5,61.6,142,61.7,4,2,2022-03-29 09:00:29
1648544429466824000,61.7,1,61.6,142,61.7,3,1,2022-03-29 09:00:29
1648544429483527000,61.6,1,61.6,141,61.7,3,2,2022-03-29 09:00:29
1648544429549337000,61.7,1,61.6,141,61.7,2,1,2022-03-29 09:00:29
1648544429587487000,61.7,1,61.6,141,61.7,1,1,2022-03-29 09:00:29
1648544429660816000,61.7,1,61.6,141,61.8,48,1,2022-03-29 09:00:29
1648544429660816000,61.8,2,61.6,141,61.8,48,1,2022-03-29 09:00:29
1648544429708635000,61.8,1,61.6,141,61.8,54,1,2022-03-29 09:00:29
1648544429812979000,61.8,2,61.6,144,61.8,53,1,2022-03-29 09:00:29
1648544429829966000,61.7,1,61.6,145,61.8,53,1,2022-03-29 09:00:29
1648544429837710000,61.8,5,61.6,145,61.8,48,1,2022-03-29 09:00:29
1648544429844387000,61.8,1,61.6,145,61.8,47,1,2022-03-29 09:00:29
1648544429863835000,61.6,1,61.6,144,61.8,47,2,2022-03-29 09:00:29
1648544429878722000,61.8,5,61.6,144,61.8,42,1,2022-03-29 09:00:29
1648544429924173000,61.6,3,61.6,141,61.8,42,2,2022-03-29 09:00:29
1648544429940936000,61.8,1,61.6,141,61.8,41,1,2022-03-29 09:00:29
1648544430002223000,61.8,5,61.6,142,61.8,36,1,2022-03-29 09:00:30
1648544430071545000,61.7,1,61.6,142,61.7,1,1,2022-03-29 09:00:30
1648544430077094000,61.7,1,61.6,142,61.8,36,1,2022-03-29 09:00:30
1648544430195017000,61.7,1,61.6,142,61.8,37,1,2022-03-29 09:00:30
1648544430322664000,61.8,1,61.6,144,61.8,41,1,2022-03-29 09:00:30
1648544430408224000,61.8,1,61.6,148,61.8,40,1,2022-03-29 09:00:30
1648544430618307000,61.8,2,61.7,17,61.8,41,1,2022-03-29 09:00:30
1648544430709022000,61.7,2,61.7,18,61.8,42,2,2022-03-29 09:00:30
1648544430717259000,61.8,1,61.7,18,61.8,41,1,2022-03-29 09:00:30
1648544430775822000,61.8,1,61.7,18,61.8,40,1,2022-03-29 09:00:30
1648544430778271000,61.7,1,61.7,17,61.8,40,2,2022-03-29 09:00:30
1648544430802612000,61.7,2,61.7,15,61.8,40,2,2022-03-29 09:00:30
1648544430935442000,61.7,1,61.7,15,61.8,40,2,2022-03-29 09:00:30
1648544430936552000,61.8,1,61.7,15,61.8,39,1,2022-03-29 09:00:30
1648544430958275000,61.7,1,61.7,14,61.8,39,2,2022-03-29 09:00:30
1648544430975125000,61.7,1,61.7,13,61.8,39,2,2022-03-29 09:00:30
1648544431249668000,61.7,1,61.7,50,61.8,41,2,2022-03-29 09:00:31
1648544431257239000,61.8,1,61.7,50,61.8,40,1,2022-03-29 09:00:31
1648544431274286000,61.7,1,61.7,49,61.8,40,2,2022-03-29 09:00:31
1648544431298627000,61.7,1,61.7,48,61.8,40,2,2022-03-29 09:00:31
1648544431323449000,61.7,1,61.7,49,61.8,40,2,2022-03-29 09:00:31
1648544431329313000,61.7,5,61.7,44,61.8,40,2,2022-03-29 09:00:31
1648544431411802000,61.8,2,61.7,44,61.8,38,1,2022-03-29 09:00:31
1648544431412315000,61.7,35,61.7,9,61.8,38,2,2022-03-29 09:00:31
1648544431425931000,61.7,3,61.7,6,61.8,38,2,2022-03-29 09:00:31
1648544431431674000,61.8,1,61.7,6,61.8,37,1,2022-03-29 09:00:31
1648544431640025000,61.8,10,61.7,12,61.8,28,1,2022-03-29 09:00:31
1648544431648542000,61.7,1,61.7,11,61.8,29,2,2022-03-29 09:00:31
1648544431650383000,61.8,1,61.7,11,61.8,28,1,2022-03-29 09:00:31
1648544431661772000,61.7,11,61.6,156,61.8,28,2,2022-03-29 09:00:31
1648544431661772000,61.6,4,61.6,156,61.8,28,2,2022-03-29 09:00:31
1648544431744258000,61.8,2,61.7,1,61.8,26,1,2022-03-29 09:00:31
1648544431831101000,61.8,1,61.7,4,61.8,24,1,2022-03-29 09:00:31
1648544431836143000,61.8,4,61.7,4,61.8,20,1,2022-03-29 09:00:31
1648544431837099000,61.8,1,61.7,4,61.8,19,1,2022-03-29 09:00:31
1648544432000073000,61.8,2,61.7,5,61.8,17,1,2022-03-29 09:00:32
1648544432009088000,61.7,1,61.7,4,61.8,17,2,2022-03-29 09:00:32
1648544432021632000,61.8,2,61.7,4,61.8,15,1,2022-03-29 09:00:32
1648544432244896000,61.8,1,61.7,8,61.8,27,1,2022-03-29 09:00:32
1648544432317411000,61.7,1,61.7,8,61.8,27,2,2022-03-29 09:00:32
1648544432361800000,61.7,8,61.6,156,61.8,27,2,2022-03-29 09:00:32
1648544432361800000,61.6,12,61.6,156,61.8,27,2,2022-03-29 09:00:32
1648544432490733000,61.7,1,61.7,3,61.8,49,2,2022-03-29 09:00:32
1648544432568730000,61.8,2,61.7,6,61.8,48,1,2022-03-29 09:00:32
1648544432580516000,61.8,1,61.7,6,61.8,47,1,2022-03-29 09:00:32
1648544432587694000,61.8,11,61.7,6,61.8,36,1,2022-03-29 09:00:32
1648544432642067000,61.7,1,61.7,5,61.8,35,2,2022-03-29 09:00:32
1648544432663263000,61.8,1,61.7,5,61.8,34,1,2022-03-29 09:00:32
1648544432718922000,61.7,1,61.7,5,61.8,34,2,2022-03-29 09:00:32
1648544432768894000,61.8,3,61.7,6,61.8,31,1,2022-03-29 09:00:32
1648544432793685000,61.7,1,61.7,5,61.8,31,2,2022-03-29 09:00:32
1648544432806348000,61.7,1,61.7,4,61.8,31,2,2022-03-29 09:00:32
1648544432881858000,61.8,3,61.7,4,61.8,28,1,2022-03-29 09:00:32
1648544433063020000,61.7,10,61.6,168,61.8,28,2,2022-03-29 09:00:33
1648544433074285000,61.8,1,61.6,168,61.8,27,1,2022-03-29 09:00:33
1648544433231555000,61.8,1,61.7,1,61.8,28,1,2022-03-29 09:00:33
1648544433233328000,61.7,1,61.6,169,61.8,28,2,2022-03-29 09:00:33
1648544433302325000,61.7,1,61.6,170,61.8,28,1,2022-03-29 09:00:33
1648544433319630000,61.8,1,61.6,170,61.8,27,1,2022-03-29 09:00:33
1648544433329787000,61.8,1,61.6,170,61.8,26,1,2022-03-29 09:00:33
1648544433331270000,61.6,40,61.6,130,61.8,26,2,2022-03-29 09:00:33
1648544433345993000,61.8,5,61.6,130,61.8,21,1,2022-03-29 09:00:33
1648544433352054000,61.6,1,61.6,129,61.8,21,2,2022-03-29 09:00:33
1648544433425600000,61.7,1,61.6,123,61.8,23,2,2022-03-29 09:00:33
1648544433425600000,61.6,9,61.6,123,61.8,23,2,2022-03-29 09:00:33
1648544433470430000,61.8,1,61.6,123,61.8,22,1,2022-03-29 09:00:33
1648544433480225000,61.8,1,61.6,123,61.8,21,1,2022-03-29 09:00:33
1648544433544566000,61.6,2,61.6,122,61.8,21,2,2022-03-29 09:00:33
1648544433605667000,61.6,1,61.6,121,61.8,21,2,2022-03-29 09:00:33
1648544433645693000,61.6,1,61.6,123,61.8,21,2,2022-03-29 09:00:33
1648544433668398000,61.8,2,61.6,123,61.8,19,1,2022-03-29 09:00:33
1648544433734681000,61.8,1,61.6,124,61.8,18,1,2022-03-29 09:00:33
1648544433799043000,61.8,3,61.6,124,61.8,15,1,2022-03-29 09:00:33
1648544434002861000,61.8,1,61.7,13,61.8,20,1,2022-03-29 09:00:34
1648544434066380000,61.8,4,61.7,13,61.8,17,1,2022-03-29 09:00:34
1648544434086410000,61.8,2,61.7,13,61.8,15,1,2022-03-29 09:00:34
1648544434126020000,61.7,13,61.6,123,61.8,15,2,2022-03-29 09:00:34
1648544434155022000,61.8,1,61.6,123,61.8,16,1,2022-03-29 09:00:34
1648544434205552000,61.8,4,61.7,2,61.8,17,1,2022-03-29 09:00:34
1648544434210701000,61.7,2,61.5,11,61.8,17,2,2022-03-29 09:00:34
1648544434210701000,61.6,124,61.5,11,61.8,17,2,2022-03-29 09:00:34
1648544434210701000,61.5,74,61.5,11,61.8,17,2,2022-03-29 09:00:34
1648544434214811000,61.8,1,61.5,11,61.8,19,1,2022-03-29 09:00:34
1648544434224168000,61.8,1,61.5,11,61.8,18,1,2022-03-29 09:00:34
1648544434242494000,61.7,2,61.5,9,61.8,19,2,2022-03-29 09:00:34
1648544434242494000,61.5,2,61.5,9,61.8,19,2,2022-03-29 09:00:34
1648544434339121000,61.7,1,61.5,9,61.7,3,1,2022-03-29 09:00:34
1648544434477111000,61.7,1,61.5,12,61.7,9,1,2022-03-29 09:00:34
1648544434516420000,61.6,1,61.5,12,61.7,9,2,2022-03-29 09:00:34
1648544434520820000,61.7,1,61.5,12,61.7,18,1,2022-03-29 09:00:34
1648544434533759000,61.7,1,61.6,1,61.7,17,1,2022-03-29 09:00:34
1648544434543397000,61.7,17,61.6,1,61.8,11,1,2022-03-29 09:00:34
1648544434543397000,61.8,13,61.6,1,61.8,11,1,2022-03-29 09:00:34
1648544434574343000,61.6,1,61.6,1,61.8,11,2,2022-03-29 09:00:34
1648544434587996000,61.7,1,61.6,1,61.8,11,2,2022-03-29 09:00:34
1648544434666313000,61.7,1,61.7,49,61.8,26,2,2022-03-29 09:00:34
1648544434674475000,61.8,1,61.7,49,61.8,25,1,2022-03-29 09:00:34
1648544434687469000,61.7,49,61.6,1,61.8,25,2,2022-03-29 09:00:34
1648544434688367000,61.8,20,61.6,1,61.8,5,1,2022-03-29 09:00:34
1648544434712767000,61.7,5,61.6,1,61.7,45,2,2022-03-29 09:00:34
1648544434829174000,61.7,2,61.6,2,61.7,43,1,2022-03-29 09:00:34
1648544434840341000,61.7,1,61.6,2,61.7,42,1,2022-03-29 09:00:34
1648544434903320000,61.7,5,61.6,2,61.7,50,1,2022-03-29 09:00:34
1648544434919187000,61.7,1,61.6,2,61.7,49,1,2022-03-29 09:00:34
1648544434952205000,61.7,25,61.6,2,61.7,24,1,2022-03-29 09:00:34
1648544434982794000,61.7,1,61.6,2,61.7,23,1,2022-03-29 09:00:34
1648544435041391000,61.7,1,61.6,3,61.7,24,1,2022-03-29 09:00:35
1648544435050398000,61.7,1,61.6,3,61.7,23,1,2022-03-29 09:00:35
1648544435056234000,61.7,1,61.6,3,61.7,22,1,2022-03-29 09:00:35
1648544435085804000,61.7,2,61.6,3,61.7,20,1,2022-03-29 09:00:35
1648544435108363000,61.7,2,61.6,3,61.7,18,1,2022-03-29 09:00:35
1648544435245483000,61.7,1,61.6,5,61.7,17,1,2022-03-29 09:00:35
1648544435296883000,61.6,1,61.6,4,61.7,17,2,2022-03-29 09:00:35
1648544435316911000,61.7,1,61.6,4,61.7,16,1,2022-03-29 09:00:35
1648544435325324000,61.7,3,61.6,4,61.7,13,1,2022-03-29 09:00:35
1648544435393169000,61.6,5,61.5,15,61.6,1,2,2022-03-29 09:00:35
1648544435395676000,61.6,1,61.6,1,61.7,14,1,2022-03-29 09:00:35
1648544435397258000,61.7,1,61.6,1,61.7,13,1,2022-03-29 09:00:35
1648544435431252000,61.6,1,61.6,3,61.7,14,2,2022-03-29 09:00:35
1648544435434808000,61.7,1,61.6,3,61.7,13,1,2022-03-29 09:00:35
1648544435454998000,61.6,2,61.6,1,61.7,13,2,2022-03-29 09:00:35
1648544435489384000,61.7,1,61.6,2,61.7,12,1,2022-03-29 09:00:35
1648544435521111000,61.7,1,61.6,3,61.7,11,1,2022-03-29 09:00:35
1648544435614797000,61.7,1,61.6,3,61.7,10,1,2022-03-29 09:00:35
1648544435620967000,61.7,1,61.6,4,61.7,9,1,2022-03-29 09:00:35
1648544435649750000,61.7,5,61.6,5,61.7,4,1,2022-03-29 09:00:35
1648544435836556000,61.7,1,61.6,5,61.7,3,1,2022-03-29 09:00:35
1648544435904606000,61.7,3,61.6,5,61.8,23,1,2022-03-29 09:00:35
1648544435952679000,61.8,1,61.6,6,61.8,22,1,2022-03-29 09:00:35
1648544436066947000,61.8,1,61.7,1,61.8,21,1,2022-03-29 09:00:36
1648544436080054000,61.8,1,61.7,2,61.8,20,1,2022-03-29 09:00:36
1648544436145707000,61.8,1,61.7,3,61.8,20,1,2022-03-29 09:00:36
1648544436149394000,61.7,1,61.7,2,61.8,20,2,2022-03-29 09:00:36
1648544436271766000,61.8,1,61.7,7,61.8,20,1,2022-03-29 09:00:36
1648544436357436000,61.8,2,61.7,7,61.8,19,1,2022-03-29 09:00:36
1648544436395200000,61.7,1,61.7,6,61.8,19,2,2022-03-29 09:00:36
1648544436440032000,61.8,1,61.7,6,61.8,18,1,2022-03-29 09:00:36
1648544436573729000,61.8,1,61.7,11,61.8,37,1,2022-03-29 09:00:36
1648544436682590000,61.8,5,61.7,11,61.8,37,1,2022-03-29 09:00:36
1648544436719639000,61.7,1,61.7,11,61.8,39,2,2022-03-29 09:00:36
1648544436850425000,61.7,1,61.7,19,61.8,39,2,2022-03-29 09:00:36
1648544436855173000,61.7,1,61.7,18,61.8,39,2,2022-03-29 09:00:36
1648544436876292000,61.8,10,61.7,18,61.8,29,1,2022-03-29 09:00:36
1648544437006276000,61.7,1,61.7,17,61.8,29,2,2022-03-29 09:00:37
1648544437031602000,61.8,2,61.7,17,61.8,28,1,2022-03-29 09:00:37
1648544437049627000,61.7,1,61.7,16,61.8,28,2,2022-03-29 09:00:37
1648544437077549000,61.7,1,61.7,15,61.8,28,2,2022-03-29 09:00:37
1648544437086017000,61.7,1,61.7,15,61.8,28,2,2022-03-29 09:00:37
1648544437161324000,61.8,1,61.7,19,61.8,27,1,2022-03-29 09:00:37
1648544437180098000,61.8,1,61.7,20,61.8,26,1,2022-03-29 09:00:37
1648544437192687000,61.8,5,61.7,20,61.8,21,1,2022-03-29 09:00:37
1648544437226487000,61.8,21,61.7,20,61.9,86,1,2022-03-29 09:00:37
1648544437228295000,61.9,1,61.7,20,61.9,85,1,2022-03-29 09:00:37
1648544437498144000,61.7,1,61.7,20,61.8,1,2,2022-03-29 09:00:37
1648544437572523000,61.7,1,61.7,19,61.8,1,2,2022-03-29 09:00:37
1648544437586102000,61.7,5,61.7,14,61.8,1,2,2022-03-29 09:00:37
1648544437893820000,61.7,1,61.7,19,61.8,37,2,2022-03-29 09:00:37
1648544438006654000,61.7,1,61.7,21,61.8,37,2,2022-03-29 09:00:38
1648544438014309000,61.7,2,61.7,19,61.8,37,2,2022-03-29 09:00:38
1648544438071665000,61.8,2,61.7,19,61.8,35,1,2022-03-29 09:00:38
1648544438139211000,61.8,3,61.7,19,61.8,33,1,2022-03-29 09:00:38
1648544438256632000,61.8,1,61.7,25,61.8,40,1,2022-03-29 09:00:38
1648544438303957000,61.7,1,61.7,24,61.8,40,2,2022-03-29 09:00:38
1648544438362157000,61.8,1,61.7,24,61.8,49,1,2022-03-29 09:00:38
1648544438433505000,61.8,1,61.7,24,61.8,48,1,2022-03-29 09:00:38
1648544438435657000,61.7,3,61.7,21,61.8,48,2,2022-03-29 09:00:38
1648544438441666000,61.7,10,61.7,11,61.8,48,2,2022-03-29 09:00:38
1648544438494373000,61.8,5,61.7,11,61.8,44,1,2022-03-29 09:00:38
1648544438570739000,61.8,1,61.7,14,61.8,43,1,2022-03-29 09:00:38
1648544438647130000,61.7,5,61.7,10,61.8,43,2,2022-03-29 09:00:38
1648544438661681000,61.7,1,61.7,9,61.8,43,2,2022-03-29 09:00:38
1648544438792898000,61.7,1,61.7,10,61.8,70,2,2022-03-29 09:00:38
1648544438799071000,61.8,1,61.7,10,61.8,69,1,2022-03-29 09:00:38
1648544438887313000,61.7,2,61.7,18,61.8,70,2,2022-03-29 09:00:38
1648544438927520000,61.7,2,61.7,16,61.8,70,2,2022-03-29 09:00:38
1648544438932760000,61.8,1,61.7,16,61.8,69,1,2022-03-29 09:00:38
1648544438942857000,61.8,2,61.7,16,61.8,67,1,2022-03-29 09:00:38
1648544438945801000,61.8,1,61.7,16,61.8,66,1,2022-03-29 09:00:38
1648544439005336000,61.8,1,61.7,16,61.8,66,1,2022-03-29 09:00:39
1648544439322726000,61.7,1,61.7,21,61.8,69,2,2022-03-29 09:00:39
1648544439548632000,61.7,1,61.7,21,61.8,81,2,2022-03-29 09:00:39
1648544439604025000,61.7,3,61.7,18,61.8,81,2,2022-03-29 09:00:39
1648544439703649000,61.8,1,61.7,18,61.8,81,1,2022-03-29 09:00:39
1648544439735307000,61.8,1,61.7,18,61.8,80,1,2022-03-29 09:00:39
1648544439746344000,61.7,1,61.7,17,61.8,80,2,2022-03-29 09:00:39
1648544439911805000,61.8,3,61.7,18,61.8,77,1,2022-03-29 09:00:39
1648544439914310000,61.8,5,61.7,18,61.8,72,1,2022-03-29 09:00:39
1648544439964189000,61.8,1,61.7,18,61.8,72,1,2022-03-29 09:00:39
1648544439990955000,61.8,1,61.7,18,61.8,71,1,2022-03-29 09:00:39
1648544440011503000,61.7,1,61.7,17,61.8,71,2,2022-03-29 09:00:40
1648544440089627000,61.8,1,61.7,21,61.8,70,1,2022-03-29 09:00:40
1648544440149403000,61.8,1,61.7,21,61.8,69,1,2022-03-29 09:00:40
1648544440176413000,61.8,1,61.7,22,61.8,68,1,2022-03-29 09:00:40
1648544440464918000,61.8,10,61.7,26,61.8,59,1,2022-03-29 09:00:40
1648544440528930000,61.8,1,61.7,32,61.8,59,1,2022-03-29 09:00:40
1648544440714189000,61.7,12,61.7,23,61.8,61,2,2022-03-29 09:00:40
1648544440745053000,61.7,3,61.7,19,61.8,61,2,2022-03-29 09:00:40
1648544440766691000,61.7,19,61.6,59,61.8,61,2,2022-03-29 09:00:40
1648544440823989000,61.8,3,61.7,10,61.8,59,1,2022-03-29 09:00:40
1648544440843404000,61.7,3,61.7,7,61.8,59,2,2022-03-29 09:00:40
1648544440847955000,61.8,3,61.7,7,61.8,56,1,2022-03-29 09:00:40
1648544440858017000,61.7,1,61.7,6,61.8,56,2,2022-03-29 09:00:40
1648544440904246000,61.8,2,61.7,6,61.8,55,1,2022-03-29 09:00:40
1648544440912017000,61.8,1,61.7,6,61.8,54,1,2022-03-29 09:00:40
1648544440917570000,61.8,1,61.7,6,61.8,53,1,2022-03-29 09:00:40
1648544440929304000,61.8,1,61.7,6,61.8,52,1,2022-03-29 09:00:40
1648544440955729000,61.8,1,61.7,7,61.8,51,1,2022-03-29 09:00:40
1648544440997245000,61.8,1,61.7,8,61.8,50,1,2022-03-29 09:00:40
1648544441075757000,61.7,1,61.7,7,61.8,50,2,2022-03-29 09:00:41
1648544441172392000,61.8,1,61.7,8,61.8,49,1,2022-03-29 09:00:41
1648544441196286000,61.7,8,61.6,57,61.8,69,2,2022-03-29 09:00:41
1648544441196286000,61.6,2,61.6,57,61.8,69,2,2022-03-29 09:00:41
1648544441214573000,61.8,1,61.7,2,61.8,68,1,2022-03-29 09:00:41
1648544441256901000,61.7,1,61.7,2,61.8,68,2,2022-03-29 09:00:41
1648544441275419000,61.8,1,61.7,2,61.8,67,1,2022-03-29 09:00:41
1648544441280666000,61.7,1,61.7,1,61.8,67,2,2022-03-29 09:00:41
1648544441281030000,61.8,10,61.7,1,61.8,57,1,2022-03-29 09:00:41
1648544441314251000,61.8,1,61.7,2,61.8,58,1,2022-03-29 09:00:41
1648544441317259000,61.8,1,61.7,9,61.8,57,1,2022-03-29 09:00:41
1648544441456530000,61.7,1,61.7,8,61.8,57,2,2022-03-29 09:00:41
1648544441495896000,61.8,5,61.7,7,61.8,52,1,2022-03-29 09:00:41
1648544441608711000,61.8,5,61.7,11,61.8,47,1,2022-03-29 09:00:41
1648544441637917000,61.8,1,61.7,11,61.8,46,1,2022-03-29 09:00:41
1648544441679960000,61.7,1,61.7,10,61.8,46,2,2022-03-29 09:00:41
1648544441729776000,61.8,46,61.8,4,61.9,75,1,2022-03-29 09:00:41
1648544441956472000,61.9,2,61.8,6,61.9,73,1,2022-03-29 09:00:41
1648544441995925000,61.8,2,61.8,4,61.9,73,2,2022-03-29 09:00:41
1648544442079634000,61.9,2,61.8,3,61.9,81,1,2022-03-29 09:00:42
1648544442117264000,61.9,2,61.8,4,61.9,79,1,2022-03-29 09:00:42
1648544442386228000,61.9,1,61.8,5,61.9,85,1,2022-03-29 09:00:42
1648544442415824000,61.9,4,61.8,5,61.9,80,1,2022-03-29 09:00:42
1648544442501278000,61.8,10,61.8,13,61.9,80,2,2022-03-29 09:00:42
1648544442514501000,61.8,2,61.8,11,61.9,80,2,2022-03-29 09:00:42
1648544442703238000,61.8,4,61.8,9,61.9,80,2,2022-03-29 09:00:42
1648544442782776000,61.8,1,61.8,13,61.9,80,2,2022-03-29 09:00:42
1648544442837700000,61.9,1,61.8,13,61.9,79,1,2022-03-29 09:00:42
1648544442849172000,61.8,10,61.8,3,61.9,79,2,2022-03-29 09:00:42
1648544442889356000,61.9,4,61.8,16,61.9,75,1,2022-03-29 09:00:42
1648544442963455000,61.8,1,61.8,15,61.9,75,2,2022-03-29 09:00:42
1648544442991694000,61.8,1,61.8,15,61.9,75,2,2022-03-29 09:00:42
1648544443256550000,61.9,2,61.8,23,61.9,73,1,2022-03-29 09:00:43
1648544443268149000,61.8,1,61.8,22,61.9,73,2,2022-03-29 09:00:43
1648544443383914000,61.9,10,61.8,26,61.9,63,1,2022-03-29 09:00:43
1648544443386421000,61.8,1,61.8,25,61.9,63,2,2022-03-29 09:00:43
1648544443527804000,61.8,5,61.8,21,61.9,63,2,2022-03-29 09:00:43
1648544443541785000,61.8,1,61.8,20,61.9,63,2,2022-03-29 09:00:43
1648544443637760000,61.8,3,61.8,20,61.9,63,2,2022-03-29 09:00:43
1648544443693881000,61.8,1,61.8,19,61.9,63,2,2022-03-29 09:00:43
1648544443703091000,61.9,3,61.8,19,61.9,60,1,2022-03-29 09:00:43
1648544443802095000,61.9,5,61.8,19,61.9,55,1,2022-03-29 09:00:43
1648544443898917000,61.8,2,61.8,17,61.9,55,2,2022-03-29 09:00:43
1648544444012670000,61.9,10,61.8,17,61.9,47,1,2022-03-29 09:00:44
1648544444111940000,61.9,20,61.8,21,61.9,27,1,2022-03-29 09:00:44
1648544444128505000,61.8,20,61.8,1,61.9,27,2,2022-03-29 09:00:44
1648544444149987000,61.9,3,61.8,1,61.9,24,1,2022-03-29 09:00:44
1648544444249201000,61.9,1,61.8,2,61.9,23,1,2022-03-29 09:00:44
1648544444255323000,61.9,16,61.8,2,61.9,7,1,2022-03-29 09:00:44
1648544444271433000,61.9,5,61.8,2,61.9,2,1,2022-03-29 09:00:44
1648544444308402000,61.9,1,61.8,5,61.9,1,1,2022-03-29 09:00:44
1648544444610228000,61.8,1,61.8,13,61.9,2,2,2022-03-29 09:00:44
1648544444677926000,61.8,1,61.8,12,61.9,2,2,2022-03-29 09:00:44
1648544444687491000,61.9,2,61.8,12,62.0,204,1,2022-03-29 09:00:44
1648544444770893000,61.8,1,61.8,24,62.0,204,2,2022-03-29 09:00:44
1648544444795843000,62.0,16,61.8,24,62.0,188,1,2022-03-29 09:00:44
1648544444811003000,62.0,1,61.8,24,62.0,187,1,2022-03-29 09:00:44
1648544444842657000,61.8,20,61.8,4,62.0,187,2,2022-03-29 09:00:44
1648544444850670000,62.0,1,61.8,4,62.0,186,1,2022-03-29 09:00:44
1648544444872654000,62.0,20,61.8,5,62.0,166,1,2022-03-29 09:00:44
1648544444879049000,62.0,5,61.8,5,62.0,161,1,2022-03-29 09:00:44
1648544444889088000,61.9,3,61.9,7,62.0,161,2,2022-03-29 09:00:44
1648544444937408000,61.9,1,61.9,8,62.0,161,2,2022-03-29 09:00:44
1648544445128582000,61.9,5,61.9,5,62.0,173,2,2022-03-29 09:00:45
1648544445216107000,62.0,3,61.9,15,62.0,170,1,2022-03-29 09:00:45
1648544445324689000,62.0,3,61.9,25,62.0,174,1,2022-03-29 09:00:45
1648544445369546000,62.0,10,61.9,27,62.0,164,1,2022-03-29 09:00:45
1648544445413366000,61.9,10,61.9,17,62.0,164,2,2022-03-29 09:00:45
1648544445457919000,62.0,1,61.9,17,62.0,163,1,2022-03-29 09:00:45
1648544445563297000,62.0,10,61.9,17,62.0,153,1,2022-03-29 09:00:45
1648544445603478000,61.9,2,61.9,15,62.0,153,2,2022-03-29 09:00:45
1648544445626783000,62.0,2,61.9,15,62.0,151,1,2022-03-29 09:00:45
1648544445637599000,62.0,2,61.9,15,62.0,149,1,2022-03-29 09:00:45
1648544445641312000,62.0,1,61.9,15,62.0,148,1,2022-03-29 09:00:45
1648544445823133000,62.0,1,61.9,15,62.0,147,1,2022-03-29 09:00:45
1648544445829684000,62.0,1,61.9,15,62.0,146,1,2022-03-29 09:00:45
1648544445908379000,62.0,20,61.9,15,62.0,126,1,2022-03-29 09:00:45
1648544445942543000,62.0,99,61.9,15,62.0,27,1,2022-03-29 09:00:45
1648544445974021000,62.0,27,61.9,20,62.1,34,1,2022-03-29 09:00:45
1648544446044008000,62.0,1,61.9,24,62.1,35,2,2022-03-29 09:00:46
1648544446044008000,61.9,2,61.9,24,62.1,35,2,2022-03-29 09:00:46
1648544446056990000,62.1,8,61.9,24,62.1,27,1,2022-03-29 09:00:46
1648544446064467000,61.9,2,61.9,22,62.1,27,2,2022-03-29 09:00:46
1648544446220803000,62.1,20,62.0,40,62.1,7,1,2022-03-29 09:00:46
1648544446256591000,62.1,7,62.0,40,62.1,7,1,2022-03-29 09:00:46
1648544446271858000,62.0,5,62.0,35,62.1,7,2,2022-03-29 09:00:46
1648544446322104000,62.0,1,62.0,46,62.1,7,2,2022-03-29 09:00:46
1648544446332007000,62.0,4,62.0,42,62.1,7,2,2022-03-29 09:00:46
1648544446343203000,62.1,3,62.0,42,62.1,4,1,2022-03-29 09:00:46
1648544446358636000,62.1,1,62.0,42,62.1,3,1,2022-03-29 09:00:46
1648544446457049000,62.1,3,62.0,48,62.2,84,1,2022-03-29 09:00:46
1648544446457049000,62.2,7,62.0,48,62.2,84,1,2022-03-29 09:00:46
1648544446559000000,62.0,1,62.0,47,62.2,86,2,2022-03-29 09:00:46
1648544446614870000,62.0,2,62.0,45,62.2,86,2,2022-03-29 09:00:46
1648544446625155000,62.0,20,62.0,25,62.2,86,2,2022-03-29 09:00:46
1648544446627166000,62.0,1,62.0,24,62.2,86,2,2022-03-29 09:00:46
1648544446630258000,62.2,2,62.0,24,62.2,84,1,2022-03-29 09:00:46
1648544446702672000,62.2,1,62.0,24,62.2,83,1,2022-03-29 09:00:46
1648544446735024000,62.0,1,62.0,23,62.2,83,2,2022-03-29 09:00:46
1648544446760192000,62.0,2,62.0,21,62.2,83,2,2022-03-29 09:00:46
1648544446801617000,62.0,1,62.0,22,62.2,90,2,2022-03-29 09:00:46
1648544446893848000,62.2,3,62.0,24,62.2,87,1,2022-03-29 09:00:46
1648544447013208000,62.2,5,62.0,25,62.2,82,1,2022-03-29 09:00:47
1648544447050558000,62.2,1,62.0,25,62.2,81,1,2022-03-29 09:00:47
1648544447141574000,62.2,3,62.1,1,62.2,78,1,2022-03-29 09:00:47
1648544447303038000,62.2,10,62.1,1,62.2,68,1,2022-03-29 09:00:47
1648544447393320000,62.1,2,62.0,26,62.2,68,2,2022-03-29 09:00:47
1648544447455181000,62.2,2,62.1,2,62.2,66,1,2022-03-29 09:00:47
1648544447460376000,62.2,1,62.1,2,62.2,65,1,2022-03-29 09:00:47
1648544447471663000,62.2,2,62.1,3,62.2,63,1,2022-03-29 09:00:47
1648544447490574000,62.1,1,62.1,2,62.2,63,2,2022-03-29 09:00:47
1648544447584606000,62.2,1,62.1,2,62.2,62,1,2022-03-29 09:00:47
1648544447647860000,62.1,1,62.1,1,62.2,62,2,2022-03-29 09:00:47
1648544447726027000,62.1,2,62.0,24,62.2,62,2,2022-03-29 09:00:47
1648544447726027000,62.0,2,62.0,24,62.2,62,2,2022-03-29 09:00:47
1648544447738110000,62.2,1,62.0,24,62.2,61,1,2022-03-29 09:00:47
1648544447771141000,62.2,10,62.0,24,62.2,51,1,2022-03-29 09:00:47
1648544447826237000,62.2,5,62.0,24,62.2,46,1,2022-03-29 09:00:47
1648544448020071000,62.1,1,62.0,25,62.2,46,2,2022-03-29 09:00:48
1648544448159649000,62.1,1,62.0,26,62.2,46,2,2022-03-29 09:00:48
1648544448185242000,62.0,2,62.0,26,62.2,46,2,2022-03-29 09:00:48
1648544448266154000,62.1,1,62.0,25,62.2,46,2,2022-03-29 09:00:48
1648544448266154000,62.0,1,62.0,25,62.2,46,2,2022-03-29 09:00:48
1648544448308013000,62.2,4,62.0,25,62.2,42,1,2022-03-29 09:00:48
1648544448371728000,62.2,1,62.0,26,62.2,41,1,2022-03-29 09:00:48
1648544448497476000,62.0,3,62.0,24,62.2,41,2,2022-03-29 09:00:48
1648544448504776000,62.0,1,62.0,23,62.2,41,2,2022-03-29 09:00:48
1648544448606846000,62.2,1,62.0,73,62.2,40,1,2022-03-29 09:00:48
1648544448693600000,62.0,1,62.0,72,62.2,40,2,2022-03-29 09:00:48
1648544448777656000,62.0,1,62.0,81,62.2,40,2,2022-03-29 09:00:48
1648544448803398000,62.2,1,62.0,81,62.2,39,1,2022-03-29 09:00:48
1648544448851068000,62.2,1,62.0,81,62.2,38,1,2022-03-29 09:00:48
1648544448856493000,62.2,1,62.0,81,62.2,37,1,2022-03-29 09:00:48
1648544448934273000,62.0,3,62.0,79,62.2,37,2,2022-03-29 09:00:48
1648544448954395000,62.2,1,62.0,79,62.2,36,1,2022-03-29 09:00:48
1648544449061643000,62.2,1,62.0,81,62.2,36,1,2022-03-29 09:00:49
1648544449128472000,62.2,10,62.0,81,62.2,26,1,2022-03-29 09:00:49
1648544449176971000,62.2,1,62.0,82,62.2,25,1,2022-03-29 09:00:49
1648544449224727000,62.2,25,62.0,32,62.4,77,1,2022-03-29 09:00:49
1648544449224727000,62.3,19,62.0,32,62.4,77,1,2022-03-29 09:00:49
1648544449224727000,62.4,6,62.0,32,62.4,77,1,2022-03-29 09:00:49
1648544449279046000,62.1,1,62.1,15,62.3,4,2,2022-03-29 09:00:49
1648544449285927000,62.3,1,62.1,15,62.3,3,1,2022-03-29 09:00:49
1648544449292058000,62.3,2,62.1,3,62.3,1,1,2022-03-29 09:00:49
1648544449341863000,62.1,3,62.0,35,62.1,7,2,2022-03-29 09:00:49
1648544449370910000,62.1,2,62.0,35,62.1,5,1,2022-03-29 09:00:49
1648544449371128000,62.1,5,62.0,35,62.3,1,1,2022-03-29 09:00:49
1648544449382372000,62.3,1,62.0,36,62.4,75,1,2022-03-29 09:00:49
1648544449382372000,62.4,2,62.0,36,62.4,75,1,2022-03-29 09:00:49
1648544449428232000,62.3,4,62.3,1,62.4,75,2,2022-03-29 09:00:49
1648544449437980000,62.3,1,62.1,12,62.4,75,2,2022-03-29 09:00:49
1648544449439052000,62.4,4,62.1,14,62.4,71,1,2022-03-29 09:00:49
1648544449527193000,62.4,1,62.1,14,62.4,70,1,2022-03-29 09:00:49
1648544449551109000,62.4,1,62.1,14,62.4,76,1,2022-03-29 09:00:49
1648544449587084000,62.4,1,62.1,14,62.4,75,1,2022-03-29 09:00:49
1648544449745714000,62.1,10,62.1,7,62.2,1,2,2022-03-29 09:00:49
1648544449902304000,62.2,1,62.1,11,62.3,10,1,2022-03-29 09:00:49
1648544449924141000,62.1,1,62.1,10,62.3,10,2,2022-03-29 09:00:49
1648544450042577000,62.2,1,62.1,11,62.3,10,1,2022-03-29 09:00:50
1648544450118321000,62.2,1,62.1,11,62.2,4,1,2022-03-29 09:00:50
1648544450120074000,62.2,4,62.2,1,62.3,20,1,2022-03-29 09:00:50
1648544450154178000,62.2,1,62.2,4,62.3,20,2,2022-03-29 09:00:50
1648544450154239000,62.2,1,62.2,3,62.3,20,2,2022-03-29 09:00:50
1648544450188971000,62.2,2,62.2,1,62.3,20,2,2022-03-29 09:00:50
1648544450233582000,62.3,10,62.2,1,62.3,12,1,2022-03-29 09:00:50
1648544450235002000,62.2,1,62.1,11,62.3,12,2,2022-03-29 09:00:50
1648544450360127000,62.3,2,62.1,11,62.3,10,1,2022-03-29 09:00:50
1648544450403214000,62.2,2,62.2,1,62.3,10,2,2022-03-29 09:00:50
1648544450592358000,62.3,10,62.2,5,62.3,9,1,2022-03-29 09:00:50
1648544450601169000,62.3,10,62.2,5,62.3,1,1,2022-03-29 09:00:50
1648544450815172000,62.2,1,62.2,4,62.3,1,2,2022-03-29 09:00:50
1648544450864622000,62.3,1,62.2,4,62.4,76,1,2022-03-29 09:00:50
1648544450864622000,62.4,1,62.2,4,62.4,76,1,2022-03-29 09:00:50
1648544450867589000,62.2,1,62.2,3,62.4,76,2,2022-03-29 09:00:50
1648544450888865000,62.4,5,62.2,3,62.4,71,1,2022-03-29 09:00:50
1648544450904347000,62.2,3,62.1,21,62.4,71,2,2022-03-29 09:00:50
1648544451119107000,62.3,1,62.2,5,62.3,1,1,2022-03-29 09:00:51
1648544451173970000,62.3,1,62.2,5,62.4,71,1,2022-03-29 09:00:51
1648544451267562000,62.2,4,62.2,1,62.4,71,2,2022-03-29 09:00:51
1648544451316325000,62.4,1,62.2,1,62.4,70,1,2022-03-29 09:00:51
1648544451370492000,62.2,1,62.1,75,62.2,7,2,2022-03-29 09:00:51
1648544451373305000,62.2,7,62.2,13,62.4,70,1,2022-03-29 09:00:51
1648544451377807000,62.2,2,62.2,11,62.4,70,2,2022-03-29 09:00:51
1648544451385546000,62.4,1,62.2,11,62.4,69,1,2022-03-29 09:00:51
1648544451410612000,62.4,5,62.2,11,62.4,64,1,2022-03-29 09:00:51
1648544451483579000,62.4,2,62.2,11,62.4,62,1,2022-03-29 09:00:51
1648544451490412000,62.4,5,62.2,11,62.4,57,1,2022-03-29 09:00:51
1648544451567062000,62.4,2,62.2,12,62.4,55,1,2022-03-29 09:00:51
1648544451625948000,62.3,1,62.2,12,62.4,55,1,2022-03-29 09:00:51
1648544451631125000,62.4,1,62.2,12,62.4,54,1,2022-03-29 09:00:51
1648544451632871000,62.4,5,62.2,12,62.4,49,1,2022-03-29 09:00:51
1648544451636452000,62.4,30,62.2,12,62.4,19,1,2022-03-29 09:00:51
1648544451722970000,62.2,10,62.2,2,62.4,19,2,2022-03-29 09:00:51
1648544451749137000,62.2,1,62.2,1,62.4,21,2,2022-03-29 09:00:51
1648544451787583000,62.4,1,62.2,1,62.4,20,1,2022-03-29 09:00:51
1648544451859483000,62.4,1,62.2,2,62.4,19,1,2022-03-29 09:00:51
1648544451936882000,62.4,1,62.2,2,62.4,18,1,2022-03-29 09:00:51
1648544452019801000,62.3,2,62.2,3,62.5,48,1,2022-03-29 09:00:52
1648544452019801000,62.4,18,62.2,3,62.5,48,1,2022-03-29 09:00:52
1648544452019801000,62.5,10,62.2,3,62.5,48,1,2022-03-29 09:00:52
1648544452115741000,62.5,2,62.2,17,62.5,53,1,2022-03-29 09:00:52
1648544452178094000,62.5,8,62.2,17,62.5,45,1,2022-03-29 09:00:52
1648544452234149000,62.5,1,62.2,22,62.5,44,1,2022-03-29 09:00:52
1648544452264472000,62.2,3,62.2,19,62.5,44,2,2022-03-29 09:00:52
1648544452266541000,62.5,2,62.4,1,62.5,42,1,2022-03-29 09:00:52
1648544452385948000,62.5,4,62.4,1,62.5,40,1,2022-03-29 09:00:52
1648544452693022000,62.5,2,62.4,1,62.5,38,1,2022-03-29 09:00:52
1648544452706620000,62.5,1,62.4,1,62.5,37,1,2022-03-29 09:00:52
1648544452760626000,62.4,1,62.3,3,62.5,37,2,2022-03-29 09:00:52
1648544452765864000,62.5,1,62.3,3,62.5,36,1,2022-03-29 09:00:52
1648544452851823000,62.4,3,62.3,4,62.4,2,1,2022-03-29 09:00:52
1648544452851859000,62.3,1,62.3,3,62.4,2,2,2022-03-29 09:00:52
1648544452865484000,62.4,1,62.3,3,62.4,1,1,2022-03-29 09:00:52
1648544452935557000,62.3,2,62.3,3,62.4,1,2,2022-03-29 09:00:52
1648544452942926000,62.4,1,62.3,3,62.5,34,1,2022-03-29 09:00:52
1648544452942926000,62.5,2,62.3,3,62.5,34,1,2022-03-29 09:00:52
1648544452977324000,62.3,3,62.2,35,62.5,34,2,2022-03-29 09:00:52
1648544452979550000,62.5,1,62.4,1,62.5,33,1,2022-03-29 09:00:52
1648544452998949000,62.5,7,62.4,1,62.5,26,1,2022-03-29 09:00:52
1648544453131751000,62.5,1,62.4,1,62.5,25,1,2022-03-29 09:00:53
1648544453134495000,62.5,1,62.4,1,62.5,24,1,2022-03-29 09:00:53
1648544453309079000,62.5,1,62.4,1,62.5,23,1,2022-03-29 09:00:53
1648544453417694000,62.5,1,62.4,1,62.5,22,1,2022-03-29 09:00:53
1648544453457059000,62.4,1,62.2,29,62.5,23,2,2022-03-29 09:00:53
1648544453457059000,62.3,2,62.2,29,62.5,23,2,2022-03-29 09:00:53
1648544453457059000,62.2,11,62.2,29,62.5,23,2,2022-03-29 09:00:53
1648544453588011000,62.5,3,62.3,4,62.5,21,1,2022-03-29 09:00:53
1648544453673778000,62.5,1,62.3,4,62.5,20,1,2022-03-29 09:00:53
1648544453736815000,62.5,7,62.3,5,62.5,13,1,2022-03-29 09:00:53
1648544453786440000,62.5,1,62.3,5,62.5,12,1,2022-03-29 09:00:53
1648544453818582000,62.5,10,62.3,5,62.5,2,1,2022-03-29 09:00:53
1648544453957088000,62.5,1,62.3,6,62.5,1,1,2022-03-29 09:00:53
1648544454083784000,62.5,2,62.4,2,62.6,96,1,2022-03-29 09:00:54
1648544454116159000,62.5,1,62.1,141,62.6,96,2,2022-03-29 09:00:54
1648544454116159000,62.4,2,62.1,141,62.6,96,2,2022-03-29 09:00:54
1648544454116159000,62.3,6,62.1,141,62.6,96,2,2022-03-29 09:00:54
1648544454116159000,62.2,35,62.1,141,62.6,96,2,2022-03-29 09:00:54
1648544454116159000,62.1,6,62.1,141,62.6,96,2,2022-03-29 09:00:54
1648544454121976000,62.6,2,62.3,12,62.6,94,1,2022-03-29 09:00:54
1648544454252173000,62.3,2,62.1,141,62.4,1,2,2022-03-29 09:00:54
1648544454252173000,62.2,3,62.1,141,62.4,1,2,2022-03-29 09:00:54
1648544454253477000,62.4,1,62.1,141,62.5,6,1,2022-03-29 09:00:54
1648544454295222000,62.4,1,62.2,12,62.5,6,2,2022-03-29 09:00:54
1648544454351282000,62.3,1,62.2,12,62.5,6,2,2022-03-29 09:00:54
1648544454489802000,62.5,1,62.2,12,62.5,5,1,2022-03-29 09:00:54
1648544454493183000,62.5,5,62.5,5,62.6,94,1,2022-03-29 09:00:54
1648544454531455000,62.5,5,62.2,12,62.6,94,2,2022-03-29 09:00:54
1648544454602140000,62.5,1,62.3,5,62.5,2,1,2022-03-29 09:00:54
1648544454624569000,62.5,1,62.3,20,62.5,1,1,2022-03-29 09:00:54
1648544454673026000,62.5,1,62.4,4,62.6,94,1,2022-03-29 09:00:54
1648544454688363000,62.4,4,62.4,1,62.6,94,2,2022-03-29 09:00:54
1648544454709266000,62.5,1,62.4,1,62.6,93,1,2022-03-29 09:00:54
1648544454709266000,62.6,1,62.4,1,62.6,93,1,2022-03-29 09:00:54
1648544454756948000,62.6,2,62.4,1,62.6,91,1,2022-03-29 09:00:54
1648544454781894000,62.5,1,62.4,1,62.6,91,1,2022-03-29 09:00:54
1648544454861022000,62.6,1,62.4,1,62.6,97,1,2022-03-29 09:00:54
1648544454878620000,62.4,1,62.3,22,62.6,97,2,2022-03-29 09:00:54
1648544454995192000,62.5,1,62.3,25,62.5,2,1,2022-03-29 09:00:54
1648544455024884000,62.3,1,62.3,24,62.5,2,2,2022-03-29 09:00:55
1648544455041517000,62.4,3,62.3,24,62.4,7,1,2022-03-29 09:00:55
1648544455082403000,62.3,1,62.3,23,62.4,7,2,2022-03-29 09:00:55
1648544455090069000,62.4,1,62.3,23,62.4,6,1,2022-03-29 09:00:55
1648544455109609000,62.4,1,62.3,23,62.4,5,1,2022-03-29 09:00:55
1648544455122214000,62.4,1,62.3,23,62.4,4,1,2022-03-29 09:00:55
1648544455145773000,62.4,4,62.3,23,62.5,11,1,2022-03-29 09:00:55
1648544455145773000,62.5,6,62.3,23,62.5,11,1,2022-03-29 09:00:55
1648544455237362000,62.4,1,62.3,23,62.5,17,2,2022-03-29 09:00:55
1648544455261612000,62.3,1,62.3,22,62.5,17,2,2022-03-29 09:00:55
1648544455272276000,62.5,1,62.3,22,62.5,17,1,2022-03-29 09:00:55
1648544455302729000,62.3,1,62.3,21,62.5,17,2,2022-03-29 09:00:55
1648544455380848000,62.5,1,62.3,21,62.5,21,1,2022-03-29 09:00:55
1648544455416292000,62.3,15,62.3,6,62.5,21,2,2022-03-29 09:00:55
1648544455475084000,62.4,1,62.3,6,62.5,21,2,2022-03-29 09:00:55
1648544455528972000,62.5,1,62.3,6,62.5,30,1,2022-03-29 09:00:55
1648544455551703000,62.5,1,62.3,6,62.5,29,1,2022-03-29 09:00:55
1648544455600530000,62.3,1,62.3,5,62.5,29,2,2022-03-29 09:00:55
1648544455693574000,62.5,1,62.3,5,62.5,34,1,2022-03-29 09:00:55
1648544455709589000,62.5,2,62.3,7,62.5,32,1,2022-03-29 09:00:55
1648544455746545000,62.5,23,62.3,7,62.5,11,1,2022-03-29 09:00:55
1648544455771479000,62.5,1,62.3,8,62.5,10,1,2022-03-29 09:00:55
1648544455833986000,62.5,1,62.3,8,62.5,9,1,2022-03-29 09:00:55
1648544455926906000,62.5,4,62.3,8,62.5,7,1,2022-03-29 09:00:55
1648544455966668000,62.5,1,62.3,8,62.5,7,1,2022-03-29 09:00:55
1648544455968199000,62.3,5,62.3,3,62.5,7,2,2022-03-29 09:00:55
1648544455969962000,62.5,7,62.5,3,62.6,99,1,2022-03-29 09:00:55
1648544455986269000,62.6,10,62.5,3,62.6,89,1,2022-03-29 09:00:55
1648544456000928000,62.5,3,62.3,3,62.6,89,2,2022-03-29 09:00:56
1648544456071275000,62.5,1,62.5,2,62.6,89,2,2022-03-29 09:00:56
1648544456089429000,62.5,1,62.5,1,62.6,89,2,2022-03-29 09:00:56
1648544456091893000,62.5,1,62.3,15,62.6,89,2,2022-03-29 09:00:56
1648544456147445000,62.3,3,62.2,30,62.4,5,2,2022-03-29 09:00:56
1648544456155401000,62.4,1,62.2,30,62.4,4,1,2022-03-29 09:00:56
1648544456195647000,62.4,1,62.2,30,62.4,3,1,2022-03-29 09:00:56
1648544456220272000,62.2,1,62.2,31,62.4,3,2,2022-03-29 09:00:56
1648544456267737000,62.4,1,62.2,31,62.4,3,1,2022-03-29 09:00:56
1648544456359935000,62.4,3,62.2,31,62.5,5,1,2022-03-29 09:00:56
1648544456437794000,62.4,1,62.3,1,62.4,1,1,2022-03-29 09:00:56
1648544456461924000,62.3,1,62.2,31,62.4,1,2,2022-03-29 09:00:56
1648544456556035000,62.4,1,62.2,32,62.5,10,1,2022-03-29 09:00:56
1648544456562394000,62.5,2,62.2,32,62.5,8,1,2022-03-29 09:00:56
1648544456677985000,62.4,1,62.3,20,62.5,24,2,2022-03-29 09:00:56
1648544456722794000,62.5,1,62.3,20,62.5,23,1,2022-03-29 09:00:56
1648544456725197000,62.5,10,62.3,20,62.5,13,1,2022-03-29 09:00:56
1648544456745409000,62.5,1,62.3,20,62.5,13,1,2022-03-29 09:00:56
1648544456779879000,62.5,1,62.3,20,62.5,22,1,2022-03-29 09:00:56
1648544456814306000,62.5,2,62.3,20,62.5,30,1,2022-03-29 09:00:56
1648544456867232000,62.5,10,62.3,20,62.5,20,1,2022-03-29 09:00:56
1648544456950414000,62.5,2,62.3,21,62.5,19,1,2022-03-29 09:00:56
1648544457119699000,62.5,5,62.3,21,62.5,17,1,2022-03-29 09:00:57
1648544457121623000,62.5,1,62.3,21,62.5,16,1,2022-03-29 09:00:57
1648544457327214000,62.5,5,62.3,21,62.5,13,1,2022-03-29 09:00:57
1648544457329711000,62.3,1,62.3,20,62.5,13,2,2022-03-29 09:00:57
1648544457470419000,62.5,1,62.4,1,62.5,12,1,2022-03-29 09:00:57
1648544457487201000,62.4,1,62.3,20,62.5,12,2,2022-03-29 09:00:57
1648544457496764000,62.5,10,62.3,22,62.5,2,1,2022-03-29 09:00:57
1648544457497406000,62.3,2,62.3,20,62.5,2,2,2022-03-29 09:00:57
1648544457505193000,62.5,2,62.3,20,62.6,90,1,2022-03-29 09:00:57
1648544457593916000,62.3,20,62.2,48,62.4,5,2,2022-03-29 09:00:57
1648544457806298000,62.4,1,62.3,5,62.4,4,1,2022-03-29 09:00:57
1648544457842406000,62.4,3,62.3,5,62.4,1,1,2022-03-29 09:00:57
1648544457845858000,62.4,1,62.3,5,62.6,83,1,2022-03-29 09:00:57
1648544457845858000,62.5,1,62.3,5,62.6,83,1,2022-03-29 09:00:57
1648544457845858000,62.6,8,62.3,5,62.6,83,1,2022-03-29 09:00:57
1648544457930875000,62.5,1,62.4,2,62.6,83,1,2022-03-29 09:00:57
1648544457958416000,62.5,1,62.4,2,62.6,83,1,2022-03-29 09:00:57
1648544457992623000,62.4,1,62.4,2,62.6,83,2,2022-03-29 09:00:57
1648544458023226000,62.5,1,62.4,2,62.6,83,1,2022-03-29 09:00:58
1648544458093147000,62.5,1,62.4,2,62.5,1,1,2022-03-29 09:00:58
1648544458170405000,62.4,1,62.4,1,62.5,2,2,2022-03-29 09:00:58
1648544458182490000,62.5,1,62.4,1,62.5,1,1,2022-03-29 09:00:58
1648544458206371000,62.5,1,62.4,1,62.6,83,1,2022-03-29 09:00:58
1648544458253997000,62.5,1,62.4,1,62.5,29,1,2022-03-29 09:00:58
1648544458268667000,62.5,5,62.4,1,62.5,27,1,2022-03-29 09:00:58
1648544458309144000,62.4,1,62.3,15,62.5,27,2,2022-03-29 09:00:58
1648544458428421000,62.4,3,62.3,4,62.5,27,2,2022-03-29 09:00:58
1648544458428421000,62.3,17,62.3,4,62.5,27,2,2022-03-29 09:00:58
1648544458472676000,62.4,2,62.3,4,62.4,3,1,2022-03-29 09:00:58
1648544458475010000,62.3,4,62.2,64,62.4,3,2,2022-03-29 09:00:58
1648544458485789000,62.4,1,62.2,64,62.4,2,1,2022-03-29 09:00:58
1648544458571872000,62.4,2,62.4,8,62.5,58,1,2022-03-29 09:00:58
1648544458605053000,62.5,2,62.4,8,62.5,56,1,2022-03-29 09:00:58
1648544458606227000,62.4,8,62.3,4,62.5,56,2,2022-03-29 09:00:58
1648544458656957000,62.5,1,62.3,6,62.5,76,1,2022-03-29 09:00:58
1648544458735242000,62.5,1,62.3,6,62.5,75,1,2022-03-29 09:00:58
1648544458837692000,62.5,1,62.3,6,62.5,74,1,2022-03-29 09:00:58
1648544458922872000,62.5,1,62.3,8,62.5,74,1,2022-03-29 09:00:58
1648544459001005000,62.5,1,62.3,8,62.5,73,1,2022-03-29 09:00:59
1648544459047620000,62.5,1,62.3,8,62.5,72,1,2022-03-29 09:00:59
1648544459053911000,62.5,2,62.3,8,62.5,70,1,2022-03-29 09:00:59
1648544459116993000,62.5,2,62.3,9,62.5,78,1,2022-03-29 09:00:59
1648544459141782000,62.3,9,62.2,66,62.5,78,2,2022-03-29 09:00:59
1648544459150700000,62.5,1,62.3,1,62.5,77,1,2022-03-29 09:00:59
1648544459195519000,62.5,1,62.3,1,62.5,76,1,2022-03-29 09:00:59
1648544459232145000,62.5,1,62.4,1,62.5,75,1,2022-03-29 09:00:59
1648544459247604000,62.4,1,62.4,4,62.5,75,2,2022-03-29 09:00:59
1648544459281620000,62.4,3,62.4,1,62.5,76,2,2022-03-29 09:00:59
1648544459381677000,62.5,1,62.4,1,62.5,90,1,2022-03-29 09:00:59
1648544459428279000,62.5,2,62.4,3,62.5,88,1,2022-03-29 09:00:59
1648544459434449000,62.5,1,62.4,3,62.5,87,1,2022-03-29 09:00:59
1648544459467135000,62.5,1,62.4,3,62.5,86,1,2022-03-29 09:00:59
1648544459468985000,62.4,3,62.3,4,62.5,86,2,2022-03-29 09:00:59
1648544459478413000,62.5,2,62.3,4,62.5,84,1,2022-03-29 09:00:59
1648544459479512000,62.5,5,62.3,4,62.5,79,1,2022-03-29 09:00:59
1648544459483499000,62.5,3,62.3,4,62.5,76,1,2022-03-29 09:00:59
1648544459498437000,62.5,1,62.3,4,62.5,75,1,2022-03-29 09:00:59
1648544459518795000,62.4,1,62.3,5,62.4,19,1,2022-03-29 09:00:59
1648544459520860000,62.4,1,62.3,5,62.4,18,1,2022-03-29 09:00:59
1648544459535641000,62.3,4,62.3,1,62.4,19,2,2022-03-29 09:00:59
1648544459570253000,62.3,2,62.2,49,62.4,19,2,2022-03-29 09:00:59
1648544459659484000,62.3,1,62.2,54,62.4,25,2,2022-03-29 09:00:59
1648544459711542000,62.3,1,62.3,1,62.4,25,2,2022-03-29 09:00:59
1648544459711622000,62.4,6,62.3,1,62.4,19,1,2022-03-29 09:00:59
1648544459717297000,62.4,1,62.3,1,62.4,18,1,2022-03-29 09:00:59
1648544459744411000,62.3,1,62.2,55,62.4,23,2,2022-03-29 09:00:59
1648544459761713000,62.4,3,62.2,55,62.4,20,1,2022-03-29 09:00:59
1648544459803748000,62.4,3,62.2,55,62.4,17,1,2022-03-29 09:00:59
1648544459846826000,62.4,2,62.2,56,62.4,15,1,2022-03-29 09:00:59
1648544459957365000,62.3,10,62.2,56,62.4,15,2,2022-03-29 09:00:59
1648544459999627000,62.4,1,62.3,1,62.4,14,1,2022-03-29 09:00:59
1648544460009327000,62.3,1,62.2,53,62.4,14,2,2022-03-29 09:01:00
1648544460009327000,62.2,3,62.2,53,62.4,14,2,2022-03-29 09:01:00
1648544460040821000,62.4,1,62.2,53,62.4,13,1,2022-03-29 09:01:00
1648544460171212000,62.4,11,62.3,1,62.4,3,1,2022-03-29 09:01:00
1648544460193526000,62.4,3,62.3,1,62.4,3,1,2022-03-29 09:01:00
1648544460203622000,62.3,1,62.2,61,62.4,3,2,2022-03-29 09:01:00
1648544460239638000,62.3,3,62.2,61,62.3,2,1,2022-03-29 09:01:00
1648544460250974000,62.2,45,62.2,16,62.3,2,2,2022-03-29 09:01:00
1648544460327639000,62.3,1,62.2,22,62.3,1,1,2022-03-29 09:01:00
1648544460338048000,62.3,1,62.2,22,62.5,94,1,2022-03-29 09:01:00
1648544460338048000,62.4,18,62.2,22,62.5,94,1,2022-03-29 09:01:00
1648544460338048000,62.5,16,62.2,22,62.5,94,1,2022-03-29 09:01:00
1648544460364008000,62.3,1,62.2,22,62.3,7,1,2022-03-29 09:01:00
1648544460365586000,62.2,2,62.2,20,62.3,7,2,2022-03-29 09:01:00
1648544460376440000,62.3,1,62.2,20,62.3,6,1,2022-03-29 09:01:00
1648544460391535000,62.3,6,62.2,20,62.4,21,1,2022-03-29 09:01:00
1648544460441817000,62.4,1,62.2,20,62.4,20,1,2022-03-29 09:01:00
1648544460526808000,62.3,4,62.3,2,62.4,47,2,2022-03-29 09:01:00
1648544460581556000,62.3,2,62.2,25,62.3,2,2,2022-03-29 09:01:00
1648544460616083000,62.3,1,62.2,25,62.3,1,1,2022-03-29 09:01:00
1648544460616330000,62.3,1,62.2,25,62.4,48,1,2022-03-29 09:01:00
1648544460627429000,62.4,1,62.2,25,62.4,47,1,2022-03-29 09:01:00
1648544460639546000,62.4,1,62.2,25,62.4,46,1,2022-03-29 09:01:00
1648544460668933000,62.4,1,62.2,25,62.4,56,1,2022-03-29 09:01:00
1648544460680629000,62.4,1,62.2,27,62.4,60,1,2022-03-29 09:01:00
1648544460721100000,62.2,1,62.2,26,62.4,60,2,2022-03-29 09:01:00
1648544460761372000,62.4,2,62.2,27,62.4,62,1,2022-03-29 09:01:00
1648544460762735000,62.2,1,62.2,26,62.4,62,2,2022-03-29 09:01:00
1648544460782774000,62.2,20,62.2,6,62.4,62,2,2022-03-29 09:01:00
1648544460821517000,62.3,4,62.3,1,62.4,62,2,2022-03-29 09:01:00
1648544460827602000,62.4,3,62.3,1,62.4,64,1,2022-03-29 09:01:00
1648544460834510000,62.4,1,62.3,1,62.4,63,1,2022-03-29 09:01:00
1648544460839285000,62.3,1,62.2,6,62.3,4,2,2022-03-29 09:01:00
1648544460861423000,62.3,1,62.2,6,62.3,3,1,2022-03-29 09:01:00
1648544460878860000,62.2,6,62.2,1,62.3,4,2,2022-03-29 09:01:00
1648544460898231000,62.3,2,62.2,1,62.3,2,1,2022-03-29 09:01:00
1648544460956170000,62.3,2,62.2,2,62.4,75,1,2022-03-29 09:01:00
1648544460989007000,62.4,5,62.2,2,62.4,70,1,2022-03-29 09:01:00
1648544461051178000,62.4,3,62.2,2,62.4,67,1,2022-03-29 09:01:01
1648544461067133000,62.4,1,62.2,2,62.4,69,1,2022-03-29 09:01:01
1648544461098375000,62.4,1,62.2,2,62.4,70,1,2022-03-29 09:01:01
1648544461130343000,62.4,1,62.2,2,62.4,96,1,2022-03-29 09:01:01
1648544461142337000,62.2,2,62.1,146,62.4,96,2,2022-03-29 09:01:01
1648544461142337000,62.1,8,62.1,146,62.4,96,2,2022-03-29 09:01:01
1648544461160257000,62.4,1,62.1,146,62.4,95,1,2022-03-29 09:01:01
1648544461160515000,62.4,1,62.1,146,62.4,94,1,2022-03-29 09:01:01
1648544461198031000,62.4,3,62.1,146,62.4,91,1,2022-03-29 09:01:01
1648544461210619000,62.4,1,62.1,146,62.4,90,1,2022-03-29 09:01:01
1648544461220366000,62.4,3,62.1,146,62.4,87,1,2022-03-29 09:01:01
1648544461224404000,62.4,5,62.1,146,62.4,82,1,2022-03-29 09:01:01
1648544461278010000,62.2,1,62.1,146,62.3,10,1,2022-03-29 09:01:01
1648544461292796000,62.2,2,62.1,146,62.3,7,1,2022-03-29 09:01:01
1648544461292796000,62.3,3,62.1,146,62.3,7,1,2022-03-29 09:01:01
1648544461337501000,62.2,1,62.2,1,62.3,7,2,2022-03-29 09:01:01
1648544461371991000,62.2,1,62.1,146,62.3,7,2,2022-03-29 09:01:01
1648544461394007000,62.3,1,62.1,146,62.3,6,1,2022-03-29 09:01:01
1648544461425386000,62.3,1,62.1,149,62.3,15,1,2022-03-29 09:01:01
1648544461459806000,62.3,1,62.2,1,62.3,14,1,2022-03-29 09:01:01
1648544461498928000,62.3,1,62.2,1,62.3,13,1,2022-03-29 09:01:01
1648544461553319000,62.2,1,62.1,145,62.3,23,2,2022-03-29 09:01:01
1648544461553319000,62.1,4,62.1,145,62.3,23,2,2022-03-29 09:01:01
1648544461632869000,62.3,1,62.2,3,62.3,22,1,2022-03-29 09:01:01
1648544461641035000,62.3,1,62.2,3,62.3,21,1,2022-03-29 09:01:01
1648544461664645000,62.2,1,62.2,3,62.3,21,2,2022-03-29 09:01:01
1648544461667413000,62.3,1,62.2,3,62.3,20,1,2022-03-29 09:01:01
1648544461680087000,62.3,1,62.2,3,62.3,19,1,2022-03-29 09:01:01
1648544461724978000,62.3,4,62.2,4,62.3,16,1,2022-03-29 09:01:01
1648544461757916000,62.3,2,62.2,4,62.3,14,1,2022-03-29 09:01:01
1648544461774096000,62.3,2,62.2,5,62.3,12,1,2022-03-29 09:01:01
1648544461811709000,62.3,2,62.2,5,62.3,10,1,2022-03-29 09:01:01
1648544461842974000,62.3,5,62.2,7,62.3,5,1,2022-03-29 09:01:01
1648544461849767000,62.3,6,62.2,7,62.4,71,1,2022-03-29 09:01:01
1648544461849767000,62.4,19,62.2,7,62.4,71,1,2022-03-29 09:01:01
1648544461878205000,62.4,1,62.2,7,62.4,70,1,2022-03-29 09:01:01
1648544461880243000,62.4,1,62.2,7,62.4,69,1,2022-03-29 09:01:01
1648544461907830000,62.4,5,62.2,7,62.4,68,1,2022-03-29 09:01:01
1648544461909716000,62.4,1,62.2,7,62.4,67,1,2022-03-29 09:01:01
1648544461912822000,62.4,10,62.2,7,62.4,57,1,2022-03-29 09:01:01
1648544461926785000,62.4,3,62.3,1,62.4,54,1,2022-03-29 09:01:01
1648544462027220000,62.4,1,62.3,5,62.4,54,1,2022-03-29 09:01:02
1648544462030289000,62.4,1,62.3,5,62.4,53,1,2022-03-29 09:01:02
1648544462051930000,62.4,1,62.3,5,62.4,59,1,2022-03-29 09:01:02
1648544462058158000,62.4,1,62.3,5,62.4,58,1,2022-03-29 09:01:02
1648544462078892000,62.3,5,62.2,8,62.3,13,2,2022-03-29 09:01:02
1648544462096408000,62.3,1,62.2,8,62.3,12,1,2022-03-29 09:01:02
1648544462250432000,62.2,6,62.2,2,62.3,20,2,2022-03-29 09:01:02
1648544462252943000,62.3,1,62.2,2,62.3,19,1,2022-03-29 09:01:02
1648544462276909000,62.3,1,62.2,2,62.3,19,1,2022-03-29 09:01:02
1648544462321981000,62.3,10,62.2,2,62.3,9,1,2022-03-29 09:01:02
1648544462333536000,62.3,2,62.2,2,62.3,7,1,2022-03-29 09:01:02
1648544462334250000,62.3,1,62.2,2,62.3,6,1,2022-03-29 09:01:02
1648544462408888000,62.3,1,62.2,2,62.3,12,1,2022-03-29 09:01:02
1648544462416799000,62.2,2,62.1,144,62.2,8,2,2022-03-29 09:01:02
