ts,close,volume,bid_price,bid_volume,ask_price,ask_volume,tick_type,datetime
1648544522433345000,21.15,1084,21.1,10,21.15,260,1,2022-03-29 09:02:02
1648544522460118000,21.15,23,21.1,10,21.15,237,1,2022-03-29 09:02:02
1648544522460138000,21.15,28,21.1,10,21.15,209,1,2022-03-29 09:02:02
1648544522460198000,21.1,10,20.9,1,21.15,209,2,2022-03-29 09:02:02
1648544522479891000,21.15,3,20.9,1,21.15,206,1,2022-03-29 09:02:02
1648544522497487000,21.1,8,20.9,1,21.1,3,1,2022-03-29 09:02:02
1648544522502081000,20.9,1,20.7,2,21.1,3,2,2022-03-29 09:02:02
1648544522502081000,20.7,7,20.7,2,21.1,3,2,2022-03-29 09:02:02
1648544522506657000,20.7,2,20.6,4,21.1,3,2,2022-03-29 09:02:02
1648544522512206000,21.1,3,20.6,4,21.15,208,1,2022-03-29 09:02:02
1648544522512206000,21.15,2,20.6,4,21.15,208,1,2022-03-29 09:02:02
1648544522623912000,20.65,11,20.5,3,21.05,1,2,2022-03-29 09:02:02
1648544522623912000,20.6,4,20.5,3,21.05,1,2,2022-03-29 09:02:02
1648544522623912000,20.55,5,20.5,3,21.05,1,2,2022-03-29 09:02:02
1648544522623912000,20.5,3,20.5,3,21.05,1,2,2022-03-29 09:02:02
1648544522623931000,20.5,3,0.0,0,0.0,0,2,2022-03-29 09:02:02
1648544522623931000,20.45,3,0.0,0,0.0,0,2,2022-03-29 09:02:02
1648544522623931000,20.45,0,0.0,0,0.0,0,2,2022-03-29 09:02:02
1648544642973534000,20.45,238,20.4,84,20.45,2,2,2022-03-29 09:04:02
1648544643002475000,20.4,12,20.4,72,20.45,2,2,2022-03-29 09:04:03
1648544643031951000,20.45,2,20.4,72,20.5,4,1,2022-03-29 09:04:03
1648544643031951000,20.5,3,20.4,72,20.5,4,1,2022-03-29 09:04:03
1648544643032984000,20.4,3,20.4,69,20.5,4,2,2022-03-29 09:04:03
1648544643180632000,20.4,8,20.4,61,20.5,12,2,2022-03-29 09:04:03
1648544643280927000,20.45,2,20.4,61,20.5,12,2,2022-03-29 09:04:03
1648544643480490000,20.4,12,20.4,49,20.5,12,2,2022-03-29 09:04:03
1648544643511083000,20.4,5,20.4,44,20.5,12,2,2022-03-29 09:04:03
1648544643516274000,20.4,1,20.4,43,20.5,12,2,2022-03-29 09:04:03
1648544643547006000,20.4,2,20.4,41,20.5,12,2,2022-03-29 09:04:03
1648544644183973000,20.45,1,20.45,4,20.5,12,2,2022-03-29 09:04:04
1648544645041820000,20.5,5,20.45,24,20.5,7,1,2022-03-29 09:04:05
1648544645414919000,20.5,7,20.45,24,20.55,1,1,2022-03-29 09:04:05
1648544645414919000,20.55,3,20.45,24,20.55,1,1,2022-03-29 09:04:05
1648544646005840000,20.45,1,20.45,35,20.55,1,2,2022-03-29 09:04:06
1648544647683244000,20.55,1,20.45,35,20.55,5,1,2022-03-29 09:04:07
1648544648080331000,20.55,1,20.45,35,20.55,4,1,2022-03-29 09:04:08
1648544649430572000,20.55,1,20.45,40,20.55,3,1,2022-03-29 09:04:09
1648544650684133000,20.55,1,20.45,41,20.55,2,1,2022-03-29 09:04:10
1648544650987612000,20.5,2,20.45,41,20.55,2,2,2022-03-29 09:04:10
1648544651351908000,20.55,1,20.45,42,20.55,1,1,2022-03-29 09:04:11
1648544651452558000,20.5,1,20.45,42,20.55,1,1,2022-03-29 09:04:11
1648544651455465000,20.55,1,20.45,42,20.6,20,1,2022-03-29 09:04:11
1648544651765834000,20.6,2,20.45,42,20.6,18,1,2022-03-29 09:04:11
1648544653034119000,20.6,18,20.5,4,20.65,14,1,2022-03-29 09:04:13
1648544653034119000,20.65,32,20.5,4,20.65,14,1,2022-03-29 09:04:13
1648544653094349000,20.65,14,20.55,3,20.7,6,1,2022-03-29 09:04:13
1648544653206959000,20.7,6,20.65,2,20.75,4,1,2022-03-29 09:04:13
1648544653970452000,20.75,4,20.7,6,20.85,8,1,2022-03-29 09:04:13
1648544653970452000,20.8,5,20.7,6,20.85,8,1,2022-03-29 09:04:13
1648544653970452000,20.85,1,20.7,6,20.85,8,1,2022-03-29 09:04:13
1648544654048665000,20.85,1,20.7,6,20.85,7,1,2022-03-29 09:04:14
1648544654078792000,20.7,5,20.7,1,20.85,7,2,2022-03-29 09:04:14
1648544654221750000,20.75,10,20.75,1,20.85,7,2,2022-03-29 09:04:14
1648544654257336000,20.75,1,20.75,203,20.85,7,2,2022-03-29 09:04:14
1648544654287722000,20.85,7,20.75,203,20.9,15,1,2022-03-29 09:04:14
1648544656554317000,20.9,10,20.85,3,20.9,5,1,2022-03-29 09:04:16
1648544656577342000,20.9,5,20.85,3,20.95,4,1,2022-03-29 09:04:16
1648544656659622000,20.95,1,20.85,4,20.95,3,1,2022-03-29 09:04:16
1648544657178077000,20.9,5,20.9,1,20.95,3,2,2022-03-29 09:04:17
1648544657188304000,20.9,1,20.85,4,20.95,3,2,2022-03-29 09:04:17
1648544657546531000,20.85,5,20.8,3,20.95,3,2,2022-03-29 09:04:17
1648544657620303000,20.95,3,20.85,1,21.0,6,1,2022-03-29 09:04:17
1648544657620303000,21.0,1,20.85,1,21.0,6,1,2022-03-29 09:04:17
1648544657648945000,20.85,1,20.85,1,21.0,6,2,2022-03-29 09:04:17
1648544657797914000,21.0,1,20.8,3,21.0,6,1,2022-03-29 09:04:17
1648544658204046000,20.85,11,20.7,3,21.05,1,1,2022-03-29 09:04:18
1648544658204046000,21.0,6,20.7,3,21.05,1,1,2022-03-29 09:04:18
1648544658204046000,21.05,1,20.7,3,21.05,1,1,2022-03-29 09:04:18
1648544658297827000,21.05,1,20.75,3,21.1,68,1,2022-03-29 09:04:18
1648544658579427000,21.1,2,20.75,5,21.1,66,1,2022-03-29 09:04:18
1648544658907833000,20.85,1,20.75,5,20.95,2,2,2022-03-29 09:04:18
1648544659015525000,20.95,2,20.75,17,21.1,63,1,2022-03-29 09:04:19
1648544659015525000,21.1,3,20.75,17,21.1,63,1,2022-03-29 09:04:19
1648544659019324000,21.1,40,20.75,17,21.1,23,1,2022-03-29 09:04:19
1648544659256426000,21.1,10,20.8,2,21.1,13,1,2022-03-29 09:04:19
1648544659597468000,21.0,1,20.8,2,21.15,505,1,2022-03-29 09:04:19
1648544659597468000,21.15,1,20.8,2,21.15,505,1,2022-03-29 09:04:19
1648544659792495000,21.05,5,20.85,3,21.15,502,1,2022-03-29 09:04:19
1648544659792495000,21.15,3,20.85,3,21.15,502,1,2022-03-29 09:04:19
1648544659878462000,21.05,4,20.85,3,21.05,1,1,2022-03-29 09:04:19
1648544659946728000,21.05,1,20.85,14,21.15,489,1,2022-03-29 09:04:19
1648544659946728000,21.15,13,20.85,14,21.15,489,1,2022-03-29 09:04:19
1648544660044659000,21.15,2,20.85,13,21.15,283,1,2022-03-29 09:04:20
1648544660541039000,21.05,10,20.9,3,21.15,244,1,2022-03-29 09:04:20
1648544660541039000,21.15,40,20.9,3,21.15,244,1,2022-03-29 09:04:20
1648544660818254000,21.15,1,20.9,5,21.15,243,1,2022-03-29 09:04:20
1648544660930455000,21.1,1,20.9,5,21.15,243,2,2022-03-29 09:04:20
1648544661336365000,21.1,2,20.9,5,21.15,239,1,2022-03-29 09:04:21
1648544661336365000,21.15,4,20.9,5,21.15,239,1,2022-03-29 09:04:21
1648544661422525000,20.95,3,20.9,8,21.15,239,2,2022-03-29 09:04:21
1648544661422525000,20.9,2,20.9,8,21.15,239,2,2022-03-29 09:04:21
1648544661491764000,20.9,8,20.85,24,21.1,3,2,2022-03-29 09:04:21
1648544661583415000,20.85,1,20.85,23,21.1,3,2,2022-03-29 09:04:21
1648544661714946000,21.1,3,0.0,257,0.0,0,1,2022-03-29 09:04:21
1648544661714946000,21.15,239,0.0,257,0.0,0,1,2022-03-29 09:04:21
1648544662299083000,21.15,3,0.0,1194,0.0,0,1,2022-03-29 09:04:22
1648544662348971000,21.15,2,0.0,1034,0.0,0,1,2022-03-29 09:04:22
1648544662401706000,21.15,5,0.0,1029,0.0,0,1,2022-03-29 09:04:22
1648544663235248000,21.15,1,0.0,2081,0.0,0,1,2022-03-29 09:04:23
1648544663596873000,21.15,1,0.0,2080,0.0,0,1,2022-03-29 09:04:23
1648544664007836000,21.15,2,0.0,2088,0.0,0,1,2022-03-29 09:04:24
1648544664607078000,21.15,1,0.0,2091,0.0,0,1,2022-03-29 09:04:24
1648544664736345000,21.15,3,0.0,2088,0.0,0,1,2022-03-29 09:04:24
1648544664752227000,21.15,1,0.0,2087,0.0,0,1,2022-03-29 09:04:24
1648544664830911000,21.15,1,0.0,2086,0.0,0,1,2022-03-29 09:04:24
1648544665162202000,21.15,1,0.0,2095,0.0,0,1,2022-03-29 09:04:25
1648544665251704000,21.15,3,0.0,2092,0.0,0,1,2022-03-29 09:04:25
1648544665587439000,21.15,5,0.0,2087,0.0,0,1,2022-03-29 09:04:25
1648544665696678000,21.15,1,0.0,2086,0.0,0,1,2022-03-29 09:04:25
1648544665716103000,21.15,1,0.0,2085,0.0,0,1,2022-03-29 09:04:25
1648544666054114000,21.15,1,0.0,2084,0.0,0,1,2022-03-29 09:04:26
1648544666125977000,21.15,2,0.0,2082,0.0,0,1,2022-03-29 09:04:26
1648544667153070000,21.15,5,0.0,2078,0.0,0,1,2022-03-29 09:04:27
1648544667166115000,21.15,1,0.0,2077,0.0,0,1,2022-03-29 09:04:27
1648544667309642000,21.15,1,0.0,2076,0.0,0,1,2022-03-29 09:04:27
1648544667544673000,21.15,1,0.0,2075,0.0,0,1,2022-03-29 09:04:27
1648544668491599000,21.15,2,0.0,2077,0.0,0,1,2022-03-29 09:04:28
1648544668926724000,21.15,1,0.0,2101,0.0,0,1,2022-03-29 09:04:28
1648544669495769000,21.15,1,0.0,2120,0.0,0,1,2022-03-29 09:04:29
1648544669568233000,21.15,2,0.0,2118,0.0,0,1,2022-03-29 09:04:29
1648544669893248000,21.15,5,0.0,2116,0.0,0,1,2022-03-29 09:04:29
1648544670048546000,21.15,1,0.0,2115,0.0,0,1,2022-03-29 09:04:30
1648544670063893000,21.15,1,0.0,2114,0.0,0,1,2022-03-29 09:04:30
1648544670153883000,21.15,2,0.0,2112,0.0,0,1,2022-03-29 09:04:30
1648544670312609000,21.15,1,0.0,2111,0.0,0,1,2022-03-29 09:04:30
1648544670376635000,21.15,3,0.0,2108,0.0,0,1,2022-03-29 09:04:30
1648544671492371000,21.15,10,0.0,2098,0.0,0,1,2022-03-29 09:04:31
1648544671973130000,21.15,1,0.0,2098,0.0,0,1,2022-03-29 09:04:31
1648544672551798000,21.15,3,0.0,2100,0.0,0,1,2022-03-29 09:04:32
1648544672642121000,21.15,3,0.0,2097,0.0,0,1,2022-03-29 09:04:32
1648544672684465000,21.15,2,0.0,2095,0.0,0,1,2022-03-29 09:04:32
1648544672699725000,21.15,1,0.0,2094,0.0,0,1,2022-03-29 09:04:32
1648544672812942000,21.15,1,0.0,2093,0.0,0,1,2022-03-29 09:04:32
1648544672885026000,21.15,5,0.0,3088,0.0,0,1,2022-03-29 09:04:32
1648544673630578000,21.15,3,0.0,3085,0.0,0,1,2022-03-29 09:04:33
1648544674227519000,21.15,1,0.0,3084,0.0,0,1,2022-03-29 09:04:34
1648544674393790000,21.15,1,0.0,3084,0.0,0,1,2022-03-29 09:04:34
1648544674853181000,21.15,2,0.0,3082,0.0,0,1,2022-03-29 09:04:34
1648544675334397000,21.15,1,0.0,3081,0.0,0,1,2022-03-29 09:04:35
1648544676712608000,21.15,2,0.0,3086,0.0,0,1,2022-03-29 09:04:36
1648544676812387000,21.15,5,0.0,3081,0.0,0,1,2022-03-29 09:04:36
1648544677960497000,21.15,1,0.0,3097,0.0,0,1,2022-03-29 09:04:37
1648544678521185000,21.15,2,0.0,3102,0.0,0,1,2022-03-29 09:04:38
1648544679850585000,21.15,1,0.0,3103,0.0,0,1,2022-03-29 09:04:39
1648544681113884000,21.15,1,0.0,3103,0.0,0,1,2022-03-29 09:04:41
1648544681612475000,21.15,1,0.0,3103,0.0,0,1,2022-03-29 09:04:41
1648544681922158000,21.15,4,0.0,3099,0.0,0,1,2022-03-29 09:04:41
1648544682484923000,21.15,1,0.0,3098,0.0,0,1,2022-03-29 09:04:42
1648544683232530000,21.15,1,0.0,3097,0.0,0,1,2022-03-29 09:04:43
1648544683628276000,21.15,2,0.0,3095,0.0,0,1,2022-03-29 09:04:43
1648544683818488000,21.15,1,0.0,3094,0.0,0,1,2022-03-29 09:04:43
1648544684376166000,21.15,1,0.0,3093,0.0,0,1,2022-03-29 09:04:44
1648544685139280000,21.15,3,0.0,3091,0.0,0,1,2022-03-29 09:04:45
1648544688794173000,21.15,1,0.0,3092,0.0,0,1,2022-03-29 09:04:48
1648544690785668000,21.15,1,0.0,3091,0.0,0,1,2022-03-29 09:04:50
1648544691463261000,21.15,53,0.0,3038,0.0,0,1,2022-03-29 09:04:51
1648544693066802000,21.15,5,0.0,3033,0.0,0,1,2022-03-29 09:04:53
1648544693371182000,21.15,1,0.0,3161,0.0,0,1,2022-03-29 09:04:53
1648544694756266000,21.15,3,0.0,3161,0.0,0,1,2022-03-29 09:04:54
1648544696989083000,21.15,2,0.0,3170,0.0,0,1,2022-03-29 09:04:56
1648544697245786000,21.15,2,0.0,3168,0.0,0,1,2022-03-29 09:04:57
1648544697322615000,21.15,1,0.0,3167,0.0,0,1,2022-03-29 09:04:57
1648544697940227000,21.15,10,0.0,3156,0.0,0,1,2022-03-29 09:04:57
1648544699538034000,21.15,3,0.0,3166,0.0,0,1,2022-03-29 09:04:59
1648544699784528000,21.15,3,0.0,3163,0.0,0,1,2022-03-29 09:04:59
1648544701490417000,21.15,5,0.0,3155,0.0,0,1,2022-03-29 09:05:01
1648544702488577000,21.15,11,0.0,3144,0.0,0,1,2022-03-29 09:05:02
1648544704453974000,21.15,1,0.0,3148,0.0,0,1,2022-03-29 09:05:04
1648544705012011000,21.15,1,0.0,3148,0.0,0,1,2022-03-29 09:05:05
1648544705616812000,21.15,1,0.0,3158,0.0,0,1,2022-03-29 09:05:05
1648544707962183000,21.15,10,0.0,3157,0.0,0,1,2022-03-29 09:05:07
1648544709576546000,21.15,5,0.0,3153,0.0,0,1,2022-03-29 09:05:09
1648544710303653000,21.15,3,0.0,3150,0.0,0,1,2022-03-29 09:05:10
1648544711227727000,21.15,40,0.0,3110,0.0,0,1,2022-03-29 09:05:11
1648544712284674000,21.15,1,0.0,3109,0.0,0,1,2022-03-29 09:05:12
1648544717846170000,21.15,1,0.0,3128,0.0,0,1,2022-03-29 09:05:17
1648544720325800000,21.15,1,0.0,3132,0.0,0,1,2022-03-29 09:05:20
1648544722459178000,21.15,2,0.0,3130,0.0,0,1,2022-03-29 09:05:22
1648544723215314000,21.15,1,0.0,3129,0.0,0,1,2022-03-29 09:05:23
1648544726884593000,21.15,10,0.0,3123,0.0,0,1,2022-03-29 09:05:26
1648544728590242000,21.15,1,0.0,3122,0.0,0,1,2022-03-29 09:05:28
1648544729653542000,21.15,5,0.0,3130,0.0,0,1,2022-03-29 09:05:29
1648544731050142000,21.15,1,0.0,3129,0.0,0,1,2022-03-29 09:05:31
1648544731944295000,21.15,2,0.0,3127,0.0,0,1,2022-03-29 09:05:31
1648544733149937000,21.15,3,0.0,3130,0.0,0,1,2022-03-29 09:05:33
1648544736064741000,21.15,1,0.0,3132,0.0,0,1,2022-03-29 09:05:36
1648544739214959000,21.15,1,0.0,3130,0.0,0,1,2022-03-29 09:05:39
1648544739345549000,21.15,1,0.0,3129,0.0,0,1,2022-03-29 09:05:39
1648544743510670000,21.15,2,0.0,3127,0.0,0,1,2022-03-29 09:05:43
1648544750482068000,21.15,1,0.0,3126,0.0,0,1,2022-03-29 09:05:50
1648544757066853000,21.15,1,0.0,3125,0.0,0,1,2022-03-29 09:05:57
1648544763413638000,21.15,3,0.0,3126,0.0,0,1,2022-03-29 09:06:03
1648544766331340000,21.15,5,0.0,3124,0.0,0,1,2022-03-29 09:06:06
1648544768653718000,21.15,2,0.0,3123,0.0,0,1,2022-03-29 09:06:08
1648544775777919000,21.15,5,0.0,3122,0.0,0,1,2022-03-29 09:06:15
1648544778232241000,21.15,12,0.0,3114,0.0,0,1,2022-03-29 09:06:18
1648544778973221000,21.15,5,0.0,3109,0.0,0,1,2022-03-29 09:06:18
1648544780533587000,21.15,1,0.0,3108,0.0,0,1,2022-03-29 09:06:20
1648544786680001000,21.15,1,0.0,3117,0.0,0,1,2022-03-29 09:06:26
1648544787614171000,21.15,2,0.0,3115,0.0,0,1,2022-03-29 09:06:27
1648544787638859000,21.15,10,0.0,3105,0.0,0,1,2022-03-29 09:06:27
1648544788365266000,21.15,2,0.0,3103,0.0,0,1,2022-03-29 09:06:28
1648544788483013000,21.15,2,0.0,3101,0.0,0,1,2022-03-29 09:06:28
1648544788759204000,21.15,1,0.0,3100,0.0,0,1,2022-03-29 09:06:28
1648544794733709000,21.15,1,0.0,3150,0.0,0,1,2022-03-29 09:06:34
1648544796571571000,21.15,1,0.0,3149,0.0,0,1,2022-03-29 09:06:36
1648544804079072000,21.15,2,0.0,3179,0.0,0,1,2022-03-29 09:06:44
1648544805369744000,21.15,2,0.0,3178,0.0,0,1,2022-03-29 09:06:45
1648544808493566000,21.15,10,0.0,3170,0.0,0,1,2022-03-29 09:06:48
1648544811795406000,21.15,1,0.0,3171,0.0,0,1,2022-03-29 09:06:51
1648544819813303000,21.15,1,0.0,3191,0.0,0,1,2022-03-29 09:06:59
1648544831473296000,21.15,1,0.0,3190,0.0,0,1,2022-03-29 09:07:11
1648544843558050000,21.15,10,0.0,3206,0.0,0,1,2022-03-29 09:07:23
1648544846680722000,21.15,1,0.0,3205,0.0,0,1,2022-03-29 09:07:26
1648544858166107000,21.15,1,0.0,3234,0.0,0,1,2022-03-29 09:07:38
1648544868339138000,21.15,141,0.0,3104,0.0,0,1,2022-03-29 09:07:48
1648544871632952000,21.15,1,0.0,3103,0.0,0,1,2022-03-29 09:07:51
1648544877670262000,21.15,1,0.0,3105,0.0,0,1,2022-03-29 09:07:57
1648544879096308000,21.15,1,0.0,3105,0.0,0,1,2022-03-29 09:07:59
1648544885442839000,21.15,1,0.0,3064,0.0,0,1,2022-03-29 09:08:05
1648544890098128000,21.15,2,0.0,3062,0.0,0,1,2022-03-29 09:08:10
1648544896865414000,21.15,1,0.0,3063,0.0,0,1,2022-03-29 09:08:16
1648544897987909000,21.15,2,0.0,3062,0.0,0,1,2022-03-29 09:08:17
1648544898510441000,21.15,1,0.0,3061,0.0,0,1,2022-03-29 09:08:18
1648544907807972000,21.15,4,0.0,3058,0.0,0,1,2022-03-29 09:08:27
1648544912846381000,21.15,2,0.0,3057,0.0,0,1,2022-03-29 09:08:32
1648544918631919000,21.15,3,0.0,3055,0.0,0,1,2022-03-29 09:08:38
1648544919424832000,21.15,1,0.0,3054,0.0,0,1,2022-03-29 09:08:39
1648544923286998000,21.15,1,0.0,3053,0.0,0,1,2022-03-29 09:08:43
1648544924143730000,21.15,1,0.0,3052,0.0,0,1,2022-03-29 09:08:44
1648544932537966000,21.15,3,0.0,3050,0.0,0,1,2022-03-29 09:08:52
1648544937684881000,21.15,1,0.0,3050,0.0,0,1,2022-03-29 09:08:57
1648544947686562000,21.15,20,0.0,3030,0.0,0,1,2022-03-29 09:09:07
1648544955013681000,21.15,204,0.0,1758,0.0,0,1,2022-03-29 09:09:15
1648544955902437000,21.15,1,0.0,1757,0.0,0,1,2022-03-29 09:09:15
1648544956355916000,21.15,499,0.0,1258,0.0,0,1,2022-03-29 09:09:16
1648544956355975000,21.15,499,0.0,759,0.0,0,1,2022-03-29 09:09:16
1648544956356091000,21.15,499,0.0,260,0.0,0,1,2022-03-29 09:09:16
1648544956356107000,21.15,436,21.0,2,21.1,60,1,2022-03-29 09:09:16
1648544956356107000,21.1,3,21.0,2,21.1,60,2,2022-03-29 09:09:16
1648544956387429000,21.0,2,20.85,10,20.95,382,2,2022-03-29 09:09:16
1648544956395883000,20.85,10,20.8,14,20.95,382,2,2022-03-29 09:09:16
1648544956430353000,20.8,14,20.6,7,20.95,382,2,2022-03-29 09:09:16
1648544956435056000,20.6,6,20.6,1,20.95,382,2,2022-03-29 09:09:16
1648544956435072000,20.6,1,20.5,4,20.95,382,2,2022-03-29 09:09:16
1648544956435072000,20.55,1,20.5,4,20.95,382,2,2022-03-29 09:09:16
1648544956435072000,20.5,3,20.5,4,20.95,382,2,2022-03-29 09:09:16
1648544956492643000,20.5,3,20.5,1,20.9,4,2,2022-03-29 09:09:16
1648544960003180000,20.5,1,20.5,1,20.95,382,2,2022-03-29 09:09:20
1648544961493914000,20.9,1,20.45,15,20.9,11,1,2022-03-29 09:09:21
1648544962309457000,20.55,1,20.4,12,20.45,2,2,2022-03-29 09:09:22
1648544962309457000,20.5,2,20.4,12,20.45,2,2,2022-03-29 09:09:22
1648544962309457000,20.45,15,20.4,12,20.45,2,2,2022-03-29 09:09:22
1648544962313123000,20.45,1,20.4,12,20.45,1,1,2022-03-29 09:09:22
1648544962333563000,20.45,1,20.4,12,20.9,11,1,2022-03-29 09:09:22
1648544962733432000,20.5,1,20.4,1,20.9,11,2,2022-03-29 09:09:22
1648544962733432000,20.45,2,20.4,1,20.9,11,2,2022-03-29 09:09:22
1648544962733432000,20.4,11,20.4,1,20.9,11,2,2022-03-29 09:09:22
1648544963680504000,20.4,1,0.0,0,0.0,0,2,2022-03-29 09:09:23
1648544963680504000,20.4,0,0.0,0,0.0,0,2,2022-03-29 09:09:23
1648545084663710000,20.35,177,20.3,11,20.35,33,2,2022-03-29 09:11:24
1648545084697024000,20.35,17,20.3,11,20.35,16,1,2022-03-29 09:11:24
1648545085092100000,20.35,4,20.3,11,20.35,12,1,2022-03-29 09:11:25
1648545085138728000,20.3,11,20.25,10,20.3,3,2,2022-03-29 09:11:25
1648545085153479000,20.25,9,20.25,1,20.3,3,2,2022-03-29 09:11:25
1648545085170584000,20.25,1,20.2,50,20.3,3,2,2022-03-29 09:11:25
1648545085195585000,20.2,12,20.2,38,20.3,3,2,2022-03-29 09:11:25
1648545085268313000,20.3,1,20.2,38,20.3,2,1,2022-03-29 09:11:25
1648545085868300000,20.3,2,20.2,38,20.35,114,1,2022-03-29 09:11:25
1648545086371676000,20.2,10,20.2,28,20.3,1,2,2022-03-29 09:11:26
1648545088460884000,20.3,1,20.25,10,20.35,114,1,2022-03-29 09:11:28
1648545088485028000,20.25,1,20.25,9,20.35,114,2,2022-03-29 09:11:28
1648545090290556000,20.25,1,20.25,10,20.3,1,2,2022-03-29 09:11:30
1648545090336872000,20.3,1,20.25,10,20.35,105,1,2022-03-29 09:11:30
1648545090336872000,20.35,9,20.25,10,20.35,105,1,2022-03-29 09:11:30
1648545091262384000,20.35,10,20.3,1,20.35,95,1,2022-03-29 09:11:31
1648545091724736000,20.3,1,20.25,10,20.35,95,2,2022-03-29 09:11:31
1648545091744102000,20.35,10,20.3,1,20.35,85,1,2022-03-29 09:11:31
1648545092030368000,20.35,2,20.3,11,20.35,83,1,2022-03-29 09:11:32
1648545092506954000,20.35,5,20.3,12,20.35,78,1,2022-03-29 09:11:32
1648545092834509000,20.35,1,20.3,12,20.35,77,1,2022-03-29 09:11:32
1648545092969815000,20.35,5,20.3,12,20.35,72,1,2022-03-29 09:11:32
1648545093514610000,20.35,10,20.3,13,20.35,62,1,2022-03-29 09:11:33
1648545093700794000,20.35,10,20.3,13,20.35,52,1,2022-03-29 09:11:33
1648545093956169000,20.35,1,20.3,17,20.35,51,1,2022-03-29 09:11:33
1648545093991757000,20.35,4,20.3,17,20.35,47,1,2022-03-29 09:11:33
1648545094032370000,20.35,18,20.3,17,20.35,29,1,2022-03-29 09:11:34
1648545094063315000,20.35,29,20.3,17,20.4,32,1,2022-03-29 09:11:34
1648545094140501000,20.4,5,20.35,1,20.4,27,1,2022-03-29 09:11:34
1648545094165377000,20.4,6,20.35,1,20.4,21,1,2022-03-29 09:11:34
1648545094229660000,20.4,1,20.35,1,20.4,20,1,2022-03-29 09:11:34
1648545094267640000,20.4,6,20.35,1,20.4,14,1,2022-03-29 09:11:34
1648545094298955000,20.4,9,20.35,1,20.4,5,1,2022-03-29 09:11:34
1648545094464603000,20.4,5,20.35,8,20.5,13,1,2022-03-29 09:11:34
1648545094556306000,20.5,4,20.4,5,20.5,9,1,2022-03-29 09:11:34
1648545094872009000,20.5,5,20.45,2,20.5,4,1,2022-03-29 09:11:34
1648545094947106000,20.5,2,20.45,2,20.5,2,1,2022-03-29 09:11:34
1648545094970414000,20.5,2,20.45,2,20.6,3,1,2022-03-29 09:11:34
1648545095065468000,20.6,1,20.45,2,20.6,2,1,2022-03-29 09:11:35
1648545095454553000,20.6,1,20.5,5,20.6,2,1,2022-03-29 09:11:35
1648545095470206000,20.5,5,20.4,17,20.6,2,2,2022-03-29 09:11:35
1648545095470206000,20.45,2,20.4,17,20.6,2,2,2022-03-29 09:11:35
1648545095601404000,20.55,3,20.45,2,20.55,3,1,2022-03-29 09:11:35
1648545096083801000,20.55,1,20.5,3,20.55,2,1,2022-03-29 09:11:36
1648545096137178000,20.55,1,20.5,3,20.55,1,1,2022-03-29 09:11:36
1648545096608422000,20.55,2,20.55,2,20.6,1,2,2022-03-29 09:11:36
1648545097087567000,20.6,2,20.55,2,20.65,5,1,2022-03-29 09:11:37
1648545097087567000,20.65,3,20.55,2,20.65,5,1,2022-03-29 09:11:37
1648545097511738000,20.6,1,20.6,9,20.65,5,2,2022-03-29 09:11:37
1648545097695082000,20.65,1,20.6,9,20.65,4,1,2022-03-29 09:11:37
1648545099510740000,20.65,1,20.6,9,20.65,3,1,2022-03-29 09:11:39
1648545099690938000,20.6,5,20.6,4,20.65,3,2,2022-03-29 09:11:39
1648545099725134000,20.6,4,20.55,2,20.65,3,2,2022-03-29 09:11:39
1648545100885810000,20.55,2,20.5,4,20.6,5,2,2022-03-29 09:11:40
1648545101141114000,20.6,1,20.5,4,20.6,4,1,2022-03-29 09:11:41
1648545101173876000,20.6,4,20.5,4,20.65,9,1,2022-03-29 09:11:41
1648545101173876000,20.65,1,20.5,4,20.65,9,1,2022-03-29 09:11:41
1648545101420097000,20.6,1,20.5,4,20.65,9,2,2022-03-29 09:11:41
1648545101627221000,20.5,4,20.45,4,20.5,6,2,2022-03-29 09:11:41
1648545102092560000,20.5,4,20.45,4,20.5,2,1,2022-03-29 09:11:42
1648545102406784000,20.45,5,20.4,14,20.45,5,2,2022-03-29 09:11:42
1648545102576513000,20.45,1,20.4,14,20.45,4,1,2022-03-29 09:11:42
1648545103137831000,20.4,1,20.4,11,20.45,4,2,2022-03-29 09:11:43
1648545103393780000,20.4,1,20.4,10,20.45,4,2,2022-03-29 09:11:43
1648545103435439000,20.4,10,20.35,10,20.45,4,2,2022-03-29 09:11:43
1648545103991267000,20.4,1,20.35,8,20.5,2,1,2022-03-29 09:11:43
1648545103991267000,20.45,4,20.35,8,20.5,2,1,2022-03-29 09:11:43
1648545104377505000,20.5,1,20.35,7,20.5,1,1,2022-03-29 09:11:44
1648545104955007000,20.35,3,20.35,4,20.4,1,2,2022-03-29 09:11:44
1648545105271052000,20.4,1,20.35,5,20.5,1,1,2022-03-29 09:11:45
1648545105700020000,20.5,1,20.35,5,20.6,41,1,2022-03-29 09:11:45
1648545105700020000,20.55,1,20.35,5,20.6,41,1,2022-03-29 09:11:45
1648545106054250000,20.4,1,20.4,4,20.55,2,2,2022-03-29 09:11:46
1648545106461965000,20.4,4,20.35,4,20.55,2,2,2022-03-29 09:11:46
1648545106461965000,20.35,3,20.35,4,20.55,2,2,2022-03-29 09:11:46
1648545106714892000,20.4,1,20.35,4,20.5,3,2,2022-03-29 09:11:46
1648545106920513000,20.5,1,20.35,4,20.5,2,1,2022-03-29 09:11:46
1648545106970168000,20.35,1,20.35,3,20.5,2,2,2022-03-29 09:11:46
1648545107353255000,20.5,2,20.35,3,20.55,6,1,2022-03-29 09:11:47
1648545107353255000,20.55,3,20.35,3,20.55,6,1,2022-03-29 09:11:47
1648545107493677000,20.4,2,20.35,1,20.5,2,2,2022-03-29 09:11:47
1648545107493677000,20.35,2,20.35,1,20.5,2,2,2022-03-29 09:11:47
1648545107499407000,20.35,1,20.3,8,20.5,2,2,2022-03-29 09:11:47
1648545107499407000,20.3,4,20.3,8,20.5,2,2,2022-03-29 09:11:47
1648545107547980000,20.45,3,20.35,1,20.5,2,1,2022-03-29 09:11:47
1648545107824202000,20.45,5,20.35,4,20.5,2,2,2022-03-29 09:11:47
1648545109521050000,20.5,4,20.4,33,20.6,45,1,2022-03-29 09:11:49
1648545109521050000,20.55,1,20.4,33,20.6,45,1,2022-03-29 09:11:49
1648545109834864000,20.45,3,20.4,31,20.6,45,2,2022-03-29 09:11:49
1648545109834864000,20.4,2,20.4,31,20.6,45,2,2022-03-29 09:11:49
1648545110619372000,20.5,3,20.4,31,20.55,3,2,2022-03-29 09:11:50
1648545110619612000,20.55,3,20.4,31,20.6,45,1,2022-03-29 09:11:50
1648545111391533000,20.5,1,20.4,31,20.5,5,1,2022-03-29 09:11:51
1648545111543902000,20.4,1,20.4,31,20.5,5,2,2022-03-29 09:11:51
1648545113306669000,20.4,5,20.4,29,20.45,5,2,2022-03-29 09:11:53
1648545113434932000,20.4,1,20.4,31,20.45,5,2,2022-03-29 09:11:53
1648545114943125000,20.4,2,20.4,30,20.45,5,2,2022-03-29 09:11:54
1648545115800768000,20.45,1,20.4,30,20.45,4,1,2022-03-29 09:11:55
1648545117144635000,20.45,1,20.4,30,20.45,3,1,2022-03-29 09:11:57
1648545117453735000,20.4,7,20.4,33,20.45,3,2,2022-03-29 09:11:57
1648545117753701000,20.45,1,20.4,33,20.45,2,1,2022-03-29 09:11:57
1648545118456939000,20.45,2,20.45,8,20.5,7,1,2022-03-29 09:11:58
1648545119188337000,20.45,9,20.4,39,20.5,7,2,2022-03-29 09:11:59
1648545120847307000,20.5,1,20.45,13,20.5,6,1,2022-03-29 09:12:00
1648545120878111000,20.5,5,20.45,13,20.5,1,1,2022-03-29 09:12:00
1648545120878423000,20.5,1,20.5,31,20.55,6,1,2022-03-29 09:12:00
1648545121067710000,20.5,14,20.5,17,20.55,6,2,2022-03-29 09:12:01
1648545121129434000,20.55,3,20.5,17,20.55,3,1,2022-03-29 09:12:01
1648545121164820000,20.55,1,20.5,17,20.55,2,1,2022-03-29 09:12:01
1648545121265587000,20.5,14,20.5,3,20.55,2,2,2022-03-29 09:12:01
1648545121431650000,20.55,2,20.6,6,20.65,1,1,2022-03-29 09:12:01
1648545121431650000,20.6,12,20.6,6,20.65,1,1,2022-03-29 09:12:01
1648545122094333000,20.6,5,20.6,3,20.65,1,2,2022-03-29 09:12:02
1648545122107600000,20.65,1,20.65,1,20.8,5,1,2022-03-29 09:12:02
1648545122945864000,20.65,1,20.6,2,20.8,5,2,2022-03-29 09:12:02
1648545122945864000,20.6,1,20.6,2,20.8,5,2,2022-03-29 09:12:02
1648545124003733000,20.65,2,20.6,2,20.75,2,2,2022-03-29 09:12:04
1648545124612924000,20.7,1,20.6,2,20.75,1,1,2022-03-29 09:12:04
1648545124612924000,20.75,1,20.6,2,20.75,1,1,2022-03-29 09:12:04
1648545126068083000,20.7,1,20.7,1,20.75,4,1,2022-03-29 09:12:06
1648545126088648000,20.7,1,20.65,1,20.75,4,2,2022-03-29 09:12:06
1648545126529703000,20.65,1,20.6,1,20.75,4,2,2022-03-29 09:12:06
1648545128104001000,20.7,1,20.6,1,20.7,5,1,2022-03-29 09:12:08
1648545128445467000,20.6,1,20.45,15,20.7,5,2,2022-03-29 09:12:08
1648545128445467000,20.55,1,20.45,15,20.7,5,2,2022-03-29 09:12:08
1648545128445467000,20.5,2,20.45,15,20.7,5,2,2022-03-29 09:12:08
1648545128445467000,20.45,3,20.45,15,20.7,5,2,2022-03-29 09:12:08
1648545128512997000,20.7,1,20.65,1,20.7,4,1,2022-03-29 09:12:08
1648545128518411000,20.65,1,20.45,15,20.7,4,2,2022-03-29 09:12:08
1648545128544410000,20.65,1,20.45,15,20.65,2,1,2022-03-29 09:12:08
1648545128637630000,20.65,2,20.5,1,20.85,7,1,2022-03-29 09:12:08
1648545128637630000,20.7,4,20.5,1,20.85,7,1,2022-03-29 09:12:08
1648545128637630000,20.75,10,20.5,1,20.85,7,1,2022-03-29 09:12:08
1648545128637630000,20.8,4,20.5,1,20.85,7,1,2022-03-29 09:12:08
1648545128906894000,20.85,7,20.85,1,20.9,7,1,2022-03-29 09:12:08
1648545128940271000,20.85,1,20.7,1,20.9,7,2,2022-03-29 09:12:08
1648545128996722000,20.7,1,20.65,6,20.9,7,2,2022-03-29 09:12:08
1648545130274566000,20.85,1,20.7,1,20.85,1,1,2022-03-29 09:12:10
1648545131348187000,20.85,1,20.7,1,20.9,1,1,2022-03-29 09:12:11
1648545131348187000,20.9,6,20.7,1,20.9,1,1,2022-03-29 09:12:11
1648545131396748000,20.9,1,20.7,3,20.95,2,1,2022-03-29 09:12:11
1648545131396748000,20.95,4,20.7,3,20.95,2,1,2022-03-29 09:12:11
1648545131710033000,20.95,2,20.75,2,21.1,6,1,2022-03-29 09:12:11
1648545131710033000,21.0,5,20.75,2,21.1,6,1,2022-03-29 09:12:11
1648545131710033000,21.05,5,20.75,2,21.1,6,1,2022-03-29 09:12:11
1648545132434661000,20.95,2,20.85,5,21.1,6,2,2022-03-29 09:12:12
1648545132942264000,21.0,3,21.0,29,21.1,6,1,2022-03-29 09:12:12
1648545132972987000,21.0,13,21.0,16,21.1,6,2,2022-03-29 09:12:12
1648545133006551000,21.0,16,20.85,3,21.1,6,2,2022-03-29 09:12:13
1648545133089487000,20.85,2,20.85,1,21.1,6,2,2022-03-29 09:12:13
1648545133301246000,20.85,0,0.0,0,0.0,0,2,2022-03-29 09:12:13
1648545253716144000,20.5,159,20.5,19,20.55,2,2,2022-03-29 09:14:13
1648545254244186000,20.55,1,20.5,19,20.55,1,1,2022-03-29 09:14:14
1648545254280689000,20.5,1,20.5,18,20.55,1,2,2022-03-29 09:14:14
1648545256275152000,20.55,1,20.5,18,20.6,22,1,2022-03-29 09:14:16
1648545256275152000,20.6,1,20.5,18,20.6,22,1,2022-03-29 09:14:16
1648545257532797000,20.5,1,20.5,18,20.6,22,2,2022-03-29 09:14:17
1648545259942120000,20.55,1,20.5,24,20.55,1,1,2022-03-29 09:14:19
1648545260116206000,20.55,1,20.5,27,20.65,16,1,2022-03-29 09:14:20
1648545260116206000,20.6,19,20.5,27,20.65,16,1,2022-03-29 09:14:20
1648545260377789000,20.5,7,20.5,20,20.65,16,2,2022-03-29 09:14:20
1648545260747489000,20.65,10,20.5,20,20.65,6,1,2022-03-29 09:14:20
1648545261572591000,20.65,6,20.5,22,20.7,8,1,2022-03-29 09:14:21
1648545261572591000,20.7,4,20.5,22,20.7,8,1,2022-03-29 09:14:21
1648545261623076000,20.7,8,20.5,22,20.75,17,1,2022-03-29 09:14:21
1648545261623076000,20.75,2,20.5,22,20.75,17,1,2022-03-29 09:14:21
1648545262848854000,20.6,1,20.55,9,20.7,10,2,2022-03-29 09:14:22
1648545262848854000,20.55,4,20.55,9,20.7,10,2,2022-03-29 09:14:22
1648545263100516000,20.6,6,20.55,9,20.7,10,1,2022-03-29 09:14:23
1648545263931861000,20.65,1,20.55,9,20.7,10,1,2022-03-29 09:14:23
1648545264891089000,20.55,1,20.55,1,20.7,10,2,2022-03-29 09:14:24
1648545265224182000,20.65,1,20.55,1,20.7,10,1,2022-03-29 09:14:25
1648545266061962000,20.65,1,20.55,13,20.7,11,1,2022-03-29 09:14:26
1648545266190395000,20.7,1,20.55,13,20.7,10,1,2022-03-29 09:14:26
1648545267248067000,20.65,1,20.55,13,20.75,8,1,2022-03-29 09:14:27
1648545267248067000,20.7,10,20.55,13,20.75,8,1,2022-03-29 09:14:27
1648545267248067000,20.75,9,20.55,13,20.75,8,1,2022-03-29 09:14:27
1648545269582338000,20.7,1,20.65,1,20.75,19,2,2022-03-29 09:14:29
1648545269811241000,20.7,9,20.65,1,20.7,1,1,2022-03-29 09:14:29
1648545270189482000,20.7,1,20.65,1,20.75,19,1,2022-03-29 09:14:30
1648545270748167000,20.65,1,20.6,2,20.75,19,2,2022-03-29 09:14:30
1648545270748167000,20.6,4,20.6,2,20.75,19,2,2022-03-29 09:14:30
1648545271385166000,20.6,3,20.55,27,20.7,1,2,2022-03-29 09:14:31
1648545271385166000,20.55,4,20.55,27,20.7,1,2,2022-03-29 09:14:31
1648545271695624000,20.7,1,20.7,1,20.75,19,1,2022-03-29 09:14:31
1648545272074442000,20.7,1,20.55,33,20.75,19,2,2022-03-29 09:14:32
1648545273129819000,20.7,1,20.6,15,20.7,12,1,2022-03-29 09:14:33
1648545273530898000,20.6,2,20.6,12,20.7,12,2,2022-03-29 09:14:33
1648545274161141000,20.7,1,20.6,12,20.7,13,1,2022-03-29 09:14:34
1648545276970763000,20.7,5,20.6,13,20.7,10,1,2022-03-29 09:14:36
1648545277156718000,20.7,1,20.6,13,20.7,9,1,2022-03-29 09:14:37
1648545277576785000,20.7,5,20.6,23,20.7,9,1,2022-03-29 09:14:37
1648545277622151000,20.7,1,20.65,1,20.7,8,1,2022-03-29 09:14:37
1648545277726605000,20.7,8,20.65,1,20.75,17,1,2022-03-29 09:14:37
1648545277726605000,20.75,2,20.65,1,20.75,17,1,2022-03-29 09:14:37
1648545277804193000,20.65,1,20.6,23,20.75,17,2,2022-03-29 09:14:37
1648545277883473000,20.75,1,20.7,10,20.75,16,1,2022-03-29 09:14:37
1648545278200416000,20.75,1,20.7,15,20.75,15,1,2022-03-29 09:14:38
1648545278591102000,20.7,2,20.7,13,20.75,14,2,2022-03-29 09:14:38
1648545278959794000,20.7,5,20.7,8,20.75,14,2,2022-03-29 09:14:38
1648545280457222000,20.75,12,20.7,13,20.75,2,1,2022-03-29 09:14:40
1648545280491808000,20.75,2,20.7,13,20.8,10,1,2022-03-29 09:14:40
1648545280692463000,20.7,10,20.7,3,20.8,10,2,2022-03-29 09:14:40
1648545280731134000,20.7,3,20.65,2,20.8,10,2,2022-03-29 09:14:40
1648545282447639000,20.65,2,20.6,24,20.7,1,2,2022-03-29 09:14:42
1648545282447639000,20.6,5,20.6,24,20.7,1,2,2022-03-29 09:14:42
1648545282592280000,20.7,1,20.6,24,20.75,11,1,2022-03-29 09:14:42
1648545282611273000,20.6,2,20.6,22,20.75,11,2,2022-03-29 09:14:42
1648545283250213000,20.7,1,20.65,1,20.7,3,2,2022-03-29 09:14:43
1648545284200094000,20.7,1,20.65,2,20.7,3,1,2022-03-29 09:14:44
1648545284705634000,20.65,1,20.65,1,20.7,13,2,2022-03-29 09:14:44
1648545286203930000,20.65,1,20.6,22,20.7,13,2,2022-03-29 09:14:46
1648545287168478000,20.6,1,20.6,21,20.7,13,2,2022-03-29 09:14:47
1648545288815802000,20.65,2,20.6,19,20.65,2,1,2022-03-29 09:14:48
1648545290283136000,20.65,1,20.6,19,20.65,2,1,2022-03-29 09:14:50
1648545291267992000,20.6,4,20.6,15,20.65,2,2,2022-03-29 09:14:51
1648545293286265000,20.6,1,20.6,17,20.65,3,2,2022-03-29 09:14:53
1648545293493972000,20.6,7,20.6,10,20.65,3,2,2022-03-29 09:14:53
1648545293520048000,20.6,10,20.55,18,20.65,3,2,2022-03-29 09:14:53
1648545294014443000,20.6,1,20.55,18,20.6,1,1,2022-03-29 09:14:54
1648545294272153000,20.6,1,20.55,18,20.65,6,1,2022-03-29 09:14:54
1648545295538276000,20.6,1,20.55,18,20.65,9,2,2022-03-29 09:14:55
1648545296400456000,20.65,1,20.6,3,20.65,8,1,2022-03-29 09:14:56
1648545296473324000,20.6,3,20.55,18,20.6,2,2,2022-03-29 09:14:56
1648545298268882000,20.6,3,20.6,2,20.65,7,1,2022-03-29 09:14:58
1648545299525890000,20.6,2,20.55,17,20.65,7,2,2022-03-29 09:14:59
1648545299841234000,20.6,1,20.6,16,20.65,11,1,2022-03-29 09:14:59
1648545300912004000,20.6,4,20.6,13,20.65,9,2,2022-03-29 09:15:00
1648545301397810000,20.6,13,20.55,17,20.65,9,2,2022-03-29 09:15:01
1648545301397810000,20.55,1,20.55,17,20.65,9,2,2022-03-29 09:15:01
1648545301458640000,20.65,2,20.55,17,20.65,7,1,2022-03-29 09:15:01
1648545302009214000,20.6,1,20.6,1,20.65,7,1,2022-03-29 09:15:02
1648545303070680000,20.65,1,20.6,1,20.65,7,1,2022-03-29 09:15:03
1648545303837162000,20.6,3,20.6,3,20.65,6,2,2022-03-29 09:15:03
1648545304518106000,20.6,3,20.55,14,20.65,6,2,2022-03-29 09:15:04
1648545304518106000,20.55,4,20.55,14,20.65,6,2,2022-03-29 09:15:04
1648545307288372000,20.65,6,20.6,2,20.7,3,1,2022-03-29 09:15:07
1648545307288372000,20.7,14,20.6,2,20.7,3,1,2022-03-29 09:15:07
1648545307997282000,20.6,1,20.6,1,20.65,1,2,2022-03-29 09:15:07
1648545309146764000,20.6,5,20.6,2,20.65,2,2,2022-03-29 09:15:09
1648545311394089000,20.6,1,20.6,2,20.65,2,2,2022-03-29 09:15:11
1648545313900074000,20.6,1,20.6,12,20.65,2,2,2022-03-29 09:15:13
1648545314603936000,20.6,1,20.6,11,20.65,2,2,2022-03-29 09:15:14
1648545314723295000,20.6,2,20.6,9,20.65,2,2,2022-03-29 09:15:14
1648545315531386000,20.6,7,20.6,2,20.65,2,2,2022-03-29 09:15:15
1648545315566102000,20.6,2,20.55,22,20.65,2,2,2022-03-29 09:15:15
1648545316901538000,20.6,1,20.55,22,20.65,2,2,2022-03-29 09:15:16
1648545317848281000,20.65,1,20.55,22,20.65,1,1,2022-03-29 09:15:17
1648545318537557000,20.65,1,20.65,19,20.7,8,1,2022-03-29 09:15:18
1648545318783138000,20.65,1,20.65,18,20.7,8,2,2022-03-29 09:15:18
1648545319241914000,20.65,2,20.65,16,20.7,8,2,2022-03-29 09:15:19
1648545320092921000,20.65,5,20.65,13,20.7,8,2,2022-03-29 09:15:20
1648545320127843000,20.65,13,20.6,1,20.7,8,2,2022-03-29 09:15:20
1648545323702213000,20.65,4,20.65,1,20.7,9,2,2022-03-29 09:15:23
1648545323729750000,20.65,1,20.6,1,20.7,9,2,2022-03-29 09:15:23
1648545326539304000,20.6,7,20.6,8,20.65,1,2,2022-03-29 09:15:26
1648545326990300000,20.65,1,20.65,9,20.7,9,1,2022-03-29 09:15:26
1648545328248983000,20.65,1,20.65,8,20.7,8,2,2022-03-29 09:15:28
1648545329446182000,20.65,5,20.65,3,20.7,11,2,2022-03-29 09:15:29
1648545329481344000,20.65,3,20.6,8,20.7,11,2,2022-03-29 09:15:29
1648545329794221000,20.6,5,20.6,3,20.7,11,2,2022-03-29 09:15:29
1648545331294862000,20.6,3,20.55,20,20.65,1,2,2022-03-29 09:15:31
1648545331294862000,20.55,7,20.55,20,20.65,1,2,2022-03-29 09:15:31
1648545332293300000,20.6,1,20.55,20,20.65,1,2,2022-03-29 09:15:32
1648545334595573000,20.6,1,20.55,19,20.65,3,2,2022-03-29 09:15:34
1648545337378608000,20.65,5,20.55,20,20.65,3,1,2022-03-29 09:15:37
1648545337560215000,20.55,7,20.55,13,20.65,3,2,2022-03-29 09:15:37
1648545340974656000,20.55,1,20.55,13,20.65,7,2,2022-03-29 09:15:40
1648545342324221000,20.6,1,20.55,13,20.6,4,1,2022-03-29 09:15:42
1648545342587648000,20.6,4,20.55,13,20.65,1,1,2022-03-29 09:15:42
1648545342587648000,20.65,6,20.55,13,20.65,1,1,2022-03-29 09:15:42
1648545344222204000,20.6,2,20.6,6,20.65,1,2,2022-03-29 09:15:44
1648545347663115000,20.65,1,20.6,6,20.7,17,1,2022-03-29 09:15:47
1648545348222349000,20.7,1,20.6,6,20.7,16,1,2022-03-29 09:15:48
1648545348564228000,20.6,6,20.55,13,20.7,16,2,2022-03-29 09:15:48
1648545348564228000,20.55,1,20.55,13,20.7,16,2,2022-03-29 09:15:48
1648545354937314000,20.6,2,20.6,8,20.65,11,2,2022-03-29 09:15:54
1648545354971231000,20.6,8,20.55,16,20.65,11,2,2022-03-29 09:15:54
1648545358121624000,20.6,1,20.6,2,20.65,11,2,2022-03-29 09:15:58
1648545359323694000,20.6,1,20.6,1,20.65,11,2,2022-03-29 09:15:59
1648545359567609000,20.6,1,20.55,11,20.65,11,2,2022-03-29 09:15:59
1648545359567609000,20.55,6,20.55,11,20.65,11,2,2022-03-29 09:15:59
1648545361045134000,20.6,1,20.6,1,20.65,11,2,2022-03-29 09:16:01
1648545361910299000,20.6,1,20.55,12,20.65,11,2,2022-03-29 09:16:01
1648545365838196000,20.6,5,20.55,15,20.65,6,1,2022-03-29 09:16:05
1648545365838196000,20.65,5,20.55,15,20.65,6,1,2022-03-29 09:16:05
1648545368990206000,20.6,1,20.55,15,20.6,3,1,2022-03-29 09:16:08
1648545369428524000,20.6,3,20.55,26,20.65,8,1,2022-03-29 09:16:09
1648545370570683000,20.55,7,20.55,19,20.65,8,2,2022-03-29 09:16:10
1648545376028900000,20.6,1,20.55,22,20.65,8,1,2022-03-29 09:16:16
1648545377617978000,20.6,1,20.55,21,20.6,4,2,2022-03-29 09:16:17
1648545377645360000,20.6,4,20.55,21,20.65,8,1,2022-03-29 09:16:17
1648545380236240000,20.55,8,20.55,14,20.65,8,2,2022-03-29 09:16:20
1648545381573598000,20.55,7,20.55,7,20.6,5,2,2022-03-29 09:16:21
1648545389173625000,20.55,3,20.55,10,20.6,6,2,2022-03-29 09:16:29
1648545389658025000,20.55,1,20.55,11,20.6,6,2,2022-03-29 09:16:29
1648545392576411000,20.55,7,20.55,5,20.6,6,2,2022-03-29 09:16:32
1648545392624956000,20.55,1,20.55,4,20.6,6,2,2022-03-29 09:16:32
1648545393217796000,20.55,4,20.5,74,20.55,6,2,2022-03-29 09:16:33
1648545393249267000,20.55,2,20.5,74,20.55,4,1,2022-03-29 09:16:33
1648545393279924000,20.55,4,20.5,74,20.6,6,1,2022-03-29 09:16:33
1648545397848425000,20.6,6,20.55,27,20.65,16,1,2022-03-29 09:16:37
1648545399489700000,20.65,8,20.55,31,20.65,8,1,2022-03-29 09:16:39
1648545403594834000,20.6,3,20.55,30,20.65,8,2,2022-03-29 09:16:43
1648545403594834000,20.55,4,20.55,30,20.65,8,2,2022-03-29 09:16:43
1648545404364315000,20.65,1,20.55,39,20.65,8,1,2022-03-29 09:16:44
1648545405440865000,20.65,1,20.6,1,20.65,7,1,2022-03-29 09:16:45
1648545407331237000,20.6,3,20.55,44,20.65,7,2,2022-03-29 09:16:47
1648545407331237000,20.55,2,20.55,44,20.65,7,2,2022-03-29 09:16:47
1648545407360336000,20.65,2,20.55,44,20.65,5,1,2022-03-29 09:16:47
1648545407390993000,20.65,5,20.55,44,20.7,35,1,2022-03-29 09:16:47
1648545414597592000,20.65,4,20.6,5,20.7,35,2,2022-03-29 09:16:54
1648545414597592000,20.6,3,20.6,5,20.7,35,2,2022-03-29 09:16:54
1648545415887015000,20.65,1,20.6,5,20.65,5,2,2022-03-29 09:16:55
1648545415912055000,20.65,5,20.6,5,20.7,35,1,2022-03-29 09:16:55
1648545422889173000,20.65,1,20.6,12,20.65,1,1,2022-03-29 09:17:02
1648545425600361000,20.6,7,20.6,7,20.65,3,2,2022-03-29 09:17:05
1648545426027471000,20.65,3,20.65,17,20.7,35,1,2022-03-29 09:17:06
1648545427701475000,20.65,3,20.65,14,20.7,35,2,2022-03-29 09:17:07
1648545433107118000,20.7,1,20.65,14,20.7,34,1,2022-03-29 09:17:13
1648545433752946000,20.7,1,20.65,14,20.7,33,1,2022-03-29 09:17:13
1648545436603193000,20.65,7,20.65,7,20.7,33,2,2022-03-29 09:17:16
1648545438762380000,20.65,5,20.65,3,20.7,34,2,2022-03-29 09:17:18
1648545443931626000,20.7,10,20.65,31,20.7,24,1,2022-03-29 09:17:23
1648545443959851000,20.7,6,20.65,31,20.7,18,1,2022-03-29 09:17:23
1648545443990634000,20.7,9,20.65,31,20.7,9,1,2022-03-29 09:17:23
1648545447605873000,20.65,7,20.65,28,20.7,39,2,2022-03-29 09:17:27
1648545450475439000,20.7,1,20.65,9,20.7,38,1,2022-03-29 09:17:30
1648545453250779000,20.7,5,20.65,11,20.7,33,1,2022-03-29 09:17:33
1648545457523289000,20.65,1,20.65,10,20.7,33,2,2022-03-29 09:17:37
1648545458575825000,20.7,20,20.65,15,20.7,23,1,2022-03-29 09:17:38
1648545458608647000,20.65,7,20.65,8,20.7,23,2,2022-03-29 09:17:38
1648545459421974000,20.7,10,20.65,8,20.7,13,1,2022-03-29 09:17:39
1648545460350259000,20.65,4,20.65,5,20.7,13,2,2022-03-29 09:17:40
1648545461519333000,20.7,1,20.65,5,20.7,12,1,2022-03-29 09:17:41
1648545461821924000,20.7,3,20.65,5,20.7,9,1,2022-03-29 09:17:41
1648545463411344000,20.7,2,20.65,5,20.7,7,1,2022-03-29 09:17:43
1648545467410930000,20.7,1,20.65,5,20.7,8,1,2022-03-29 09:17:47
1648545467495948000,20.7,5,20.65,5,20.7,3,1,2022-03-29 09:17:47
1648545468521628000,20.7,3,20.65,5,20.75,35,1,2022-03-29 09:17:48
1648545469627022000,20.65,5,20.6,26,20.75,35,2,2022-03-29 09:17:49
1648545469627022000,20.6,2,20.6,26,20.75,35,2,2022-03-29 09:17:49
1648545471583178000,20.65,1,20.6,26,20.65,54,2,2022-03-29 09:17:51
1648545472500467000,20.65,1,20.6,26,20.65,53,1,2022-03-29 09:17:52
1648545472511026000,20.65,1,20.6,26,20.65,52,1,2022-03-29 09:17:52
1648545476489857000,20.65,2,20.6,27,20.65,50,1,2022-03-29 09:17:56
1648545476885809000,20.65,1,20.6,27,20.65,49,1,2022-03-29 09:17:56
1648545478091349000,20.65,1,20.6,28,20.65,48,1,2022-03-29 09:17:58
1648545479652497000,20.6,10,20.6,18,20.65,48,2,2022-03-29 09:17:59
1648545480629771000,20.6,7,20.6,11,20.65,48,2,2022-03-29 09:18:00
1648545480659842000,20.6,11,20.55,50,20.65,48,2,2022-03-29 09:18:00
1648545482541194000,20.6,1,20.55,50,20.65,44,1,2022-03-29 09:18:02
1648545482541194000,20.65,4,20.55,50,20.65,44,1,2022-03-29 09:18:02
1648545482967863000,20.55,1,20.55,49,20.65,44,2,2022-03-29 09:18:02
1648545485272928000,20.6,1,20.6,1,20.65,45,1,2022-03-29 09:18:05
1648545488220958000,20.6,1,20.55,49,20.65,45,2,2022-03-29 09:18:08
1648545488288452000,20.65,1,20.55,49,20.65,44,1,2022-03-29 09:18:08
1648545491632583000,20.55,7,20.55,41,20.65,54,2,2022-03-29 09:18:11
1648545492432916000,20.6,1,20.55,42,20.65,54,2,2022-03-29 09:18:12
1648545496094053000,20.6,1,20.55,41,20.6,49,1,2022-03-29 09:18:16
1648545496126376000,20.55,14,20.55,28,20.6,49,2,2022-03-29 09:18:16
1648545496220513000,20.55,28,20.5,65,20.6,54,2,2022-03-29 09:18:16
1648545496353842000,20.55,1,20.5,65,20.6,54,2,2022-03-29 09:18:16
1648545502635316000,20.55,2,20.5,60,20.6,54,2,2022-03-29 09:18:22
1648545502635316000,20.5,5,20.5,60,20.6,54,2,2022-03-29 09:18:22
1648545502745830000,20.55,1,20.5,60,20.6,54,2,2022-03-29 09:18:22
1648545503346396000,20.5,1,20.5,59,20.6,54,2,2022-03-29 09:18:23
1648545503473266000,20.5,2,20.5,57,20.55,60,2,2022-03-29 09:18:23
1648545506960351000,20.5,56,20.45,24,20.5,8,2,2022-03-29 09:18:26
1648545513026527000,20.45,2,20.45,19,20.5,30,2,2022-03-29 09:18:33
1648545513143004000,20.45,19,20.4,63,20.45,1,2,2022-03-29 09:18:33
1648545513638062000,20.4,7,20.4,56,20.45,3,2,2022-03-29 09:18:33
1648545517938048000,20.45,1,20.4,59,20.45,13,1,2022-03-29 09:18:37
1648545519133876000,20.4,1,20.4,58,20.45,13,2,2022-03-29 09:18:39
1648545521824190000,20.4,1,20.4,58,20.45,23,2,2022-03-29 09:18:41
1648545521860935000,20.4,9,20.4,49,20.45,23,2,2022-03-29 09:18:41
1648545523828637000,20.45,2,20.4,49,20.45,21,1,2022-03-29 09:18:43
1648545523857081000,20.4,1,20.4,48,20.45,21,2,2022-03-29 09:18:43
1648545524085587000,20.4,10,20.4,38,20.45,21,2,2022-03-29 09:18:44
1648545524352332000,20.4,1,20.4,37,20.45,21,2,2022-03-29 09:18:44
1648545524547276000,20.4,5,20.4,32,20.45,21,2,2022-03-29 09:18:44
1648545524640855000,20.4,7,20.4,25,20.45,21,2,2022-03-29 09:18:44
1648545524664614000,20.4,6,20.4,19,20.45,21,2,2022-03-29 09:18:44
1648545524695869000,20.4,19,20.35,51,20.45,21,2,2022-03-29 09:18:44
1648545525210493000,20.45,2,20.35,51,20.45,19,1,2022-03-29 09:18:45
1648545525847179000,20.35,1,20.35,50,20.4,5,2,2022-03-29 09:18:45
1648545526008433000,20.35,3,20.35,46,20.4,5,2,2022-03-29 09:18:46
1648545526735332000,20.4,1,20.35,46,20.4,5,1,2022-03-29 09:18:46
1648545527917528000,20.35,20,20.35,26,20.4,60,2,2022-03-29 09:18:47
1648545527952886000,20.35,19,20.35,7,20.4,60,2,2022-03-29 09:18:47
1648545528435631000,20.35,1,20.35,8,20.4,60,2,2022-03-29 09:18:48
1648545528470975000,20.35,8,20.3,51,20.4,60,2,2022-03-29 09:18:48
1648545529572346000,20.3,1,20.3,50,20.35,11,2,2022-03-29 09:18:49
1648545529886843000,20.3,6,20.3,44,20.35,11,2,2022-03-29 09:18:49
1648545530148185000,20.3,7,20.3,37,20.35,11,2,2022-03-29 09:18:50
1648545531840772000,20.3,1,20.3,46,20.35,11,2,2022-03-29 09:18:51
1648545532049602000,20.3,3,20.3,43,20.35,11,2,2022-03-29 09:18:52
1648545532495697000,20.3,20,20.3,23,20.35,11,2,2022-03-29 09:18:52
1648545533241771000,20.3,1,20.3,22,20.35,11,2,2022-03-29 09:18:53
1648545533611596000,20.3,9,20.3,13,20.35,11,2,2022-03-29 09:18:53
1648545533627867000,20.3,2,20.3,11,20.35,11,2,2022-03-29 09:18:53
1648545534477817000,20.3,1,20.3,10,20.35,11,2,2022-03-29 09:18:54
1648545534506826000,20.3,5,20.3,5,20.35,11,2,2022-03-29 09:18:54
1648545534516225000,20.3,1,20.3,4,20.35,11,2,2022-03-29 09:18:54
1648545535013878000,20.3,1,20.3,3,20.35,11,2,2022-03-29 09:18:55
1648545535043663000,20.3,3,20.25,38,20.35,11,2,2022-03-29 09:18:55
1648545535096696000,20.3,5,20.25,38,20.3,1,1,2022-03-29 09:18:55
1648545535659173000,20.25,7,20.25,31,20.35,11,2,2022-03-29 09:18:55
1648545536044361000,20.3,1,20.25,31,20.35,12,2,2022-03-29 09:18:56
1648545536632599000,20.25,2,20.25,29,20.35,11,2,2022-03-29 09:18:56
1648545537383361000,20.3,1,20.25,29,20.3,19,1,2022-03-29 09:18:57
1648545538987199000,20.3,4,20.25,28,20.3,35,1,2022-03-29 09:18:58
1648545539415114000,20.3,9,20.25,33,20.3,26,1,2022-03-29 09:18:59
1648545541000185000,20.25,3,20.25,32,20.3,27,2,2022-03-29 09:19:01
1648545541004805000,20.25,2,20.25,30,20.3,27,2,2022-03-29 09:19:01
1648545543444511000,20.25,3,20.25,30,20.3,28,2,2022-03-29 09:19:03
1648545543739751000,20.25,1,20.25,29,20.3,28,2,2022-03-29 09:19:03
1648545544171015000,20.3,19,20.25,29,20.3,9,1,2022-03-29 09:19:04
1648545544203787000,20.3,9,20.25,29,20.35,1,1,2022-03-29 09:19:04
1648545544606239000,20.25,2,20.25,27,20.35,1,2,2022-03-29 09:19:04
1648545546271485000,20.25,3,20.25,25,20.35,1,2,2022-03-29 09:19:06
1648545546661992000,20.25,7,20.25,18,20.35,1,2,2022-03-29 09:19:06
1648545547330671000,20.35,1,20.3,6,20.4,56,1,2022-03-29 09:19:07
1648545547573053000,20.3,1,20.3,5,20.4,56,2,2022-03-29 09:19:07
1648545552031570000,20.3,1,20.3,15,20.35,11,2,2022-03-29 09:19:12
1648545554376622000,20.35,5,20.3,15,20.35,6,1,2022-03-29 09:19:14
1648545554401999000,20.35,6,20.3,15,20.4,57,1,2022-03-29 09:19:14
1648545555089111000,20.3,1,20.3,14,20.4,57,2,2022-03-29 09:19:15
1648545555204058000,20.4,2,20.3,14,20.4,55,1,2022-03-29 09:19:15
1648545555291927000,20.3,14,20.25,28,20.3,6,2,2022-03-29 09:19:15
1648545555330222000,20.3,6,20.25,28,20.4,55,1,2022-03-29 09:19:15
1648545557664719000,20.25,4,20.25,24,20.35,5,2,2022-03-29 09:19:17
1648545557705149000,20.35,5,20.25,24,20.4,55,1,2022-03-29 09:19:17
1648545558823860000,20.35,3,20.3,17,20.4,55,1,2022-03-29 09:19:18
1648545559239360000,20.3,2,20.3,18,20.4,55,2,2022-03-29 09:19:19
1648545561967112000,20.35,3,20.3,18,20.35,2,1,2022-03-29 09:19:21
1648545562001172000,20.35,2,20.3,18,20.4,55,1,2022-03-29 09:19:22
1648545562890736000,20.3,1,20.3,20,20.4,55,2,2022-03-29 09:19:22
1648545563379225000,20.3,1,20.3,19,20.4,55,2,2022-03-29 09:19:23
1648545565164419000,20.35,1,20.35,9,20.4,55,2,2022-03-29 09:19:25
1648545565742391000,20.4,40,20.35,9,20.4,15,1,2022-03-29 09:19:25
1648545565773408000,20.4,4,20.35,10,20.4,11,1,2022-03-29 09:19:25
1648545565773606000,20.4,11,20.35,10,20.45,7,1,2022-03-29 09:19:25
1648545565936889000,20.35,10,20.3,25,20.45,7,2,2022-03-29 09:19:25
1648545566159059000,20.3,1,20.3,24,20.45,7,2,2022-03-29 09:19:26
1648545567196202000,20.45,1,20.3,24,20.45,6,1,2022-03-29 09:19:27
1648545567672718000,20.35,2,20.3,25,20.45,6,1,2022-03-29 09:19:27
1648545571642857000,20.35,1,20.35,6,20.45,6,2,2022-03-29 09:19:31
1648545574772827000,20.35,1,20.35,17,20.45,6,2,2022-03-29 09:19:34
1648545577654554000,20.4,1,20.35,20,20.45,6,1,2022-03-29 09:19:37
1648545579845836000,20.45,3,20.4,1,20.45,3,1,2022-03-29 09:19:39
1648545585106891000,20.45,3,20.4,2,20.5,8,1,2022-03-29 09:19:45
1648545585106891000,20.5,2,20.4,2,20.5,8,1,2022-03-29 09:19:45
1648545588090503000,20.4,3,20.35,24,20.5,9,2,2022-03-29 09:19:48
1648545588090503000,20.35,2,20.35,24,20.5,9,2,2022-03-29 09:19:48
1648545588286435000,20.5,1,20.35,24,20.5,8,1,2022-03-29 09:19:48
1648545591478742000,20.4,1,20.35,31,20.5,8,2,2022-03-29 09:19:51
1648545592483654000,20.5,1,20.45,1,20.5,7,1,2022-03-29 09:19:52
1648545594343216000,20.5,2,20.45,2,20.5,5,1,2022-03-29 09:19:54
1648545595771782000,20.5,1,20.45,2,20.5,4,1,2022-03-29 09:19:55
1648545599523462000,20.5,1,20.45,2,20.5,3,1,2022-03-29 09:19:59
1648545600142347000,20.45,2,20.35,29,20.5,4,2,2022-03-29 09:20:00
1648545600142347000,20.4,7,20.35,29,20.5,4,2,2022-03-29 09:20:00
1648545600142347000,20.35,1,20.35,29,20.5,4,2,2022-03-29 09:20:00
1648545602683675000,20.45,2,20.35,30,20.45,8,1,2022-03-29 09:20:02
1648545612663501000,20.45,1,20.4,4,20.45,9,1,2022-03-29 09:20:12
1648545612848914000,20.45,1,20.4,4,20.45,8,1,2022-03-29 09:20:12
1648545614476645000,20.45,5,20.4,6,20.45,3,1,2022-03-29 09:20:14
1648545614506433000,20.45,3,20.4,6,20.5,3,1,2022-03-29 09:20:14
1648545618482331000,20.45,1,20.45,2,20.5,5,2,2022-03-29 09:20:18
1648545618518342000,20.45,2,20.4,9,20.5,5,2,2022-03-29 09:20:18
1648545619421077000,20.5,3,20.4,9,20.5,7,1,2022-03-29 09:20:19
1648545624011088000,20.5,1,20.45,9,20.5,12,1,2022-03-29 09:20:24
1648545627065458000,20.5,5,20.45,9,20.5,7,1,2022-03-29 09:20:27
1648545631111416000,20.5,1,20.45,9,20.5,7,1,2022-03-29 09:20:31
1648545632822243000,20.5,2,20.45,9,20.5,5,1,2022-03-29 09:20:32
1648545633620978000,20.45,9,20.4,8,20.45,1,2,2022-03-29 09:20:33
1648545635661009000,20.45,1,20.4,18,20.5,7,1,2022-03-29 09:20:35
1648545636079415000,20.5,3,20.4,18,20.5,4,1,2022-03-29 09:20:36
1648545638044484000,20.5,1,20.4,21,20.5,3,1,2022-03-29 09:20:38
1648545638439063000,20.4,5,20.4,16,20.5,3,2,2022-03-29 09:20:38
1648545640237205000,20.5,1,20.4,16,20.5,2,1,2022-03-29 09:20:40
1648545643136532000,20.5,1,20.4,16,20.5,2,1,2022-03-29 09:20:43
1648545644494649000,20.5,1,20.4,16,20.5,4,1,2022-03-29 09:20:44
1648545646270993000,20.5,1,20.4,16,20.5,4,1,2022-03-29 09:20:46
1648545656280086000,20.5,1,20.45,3,20.5,5,1,2022-03-29 09:20:56
1648545662146751000,20.45,3,20.45,2,20.5,6,2,2022-03-29 09:21:02
1648545662246887000,20.45,2,20.4,36,20.5,6,2,2022-03-29 09:21:02
1648545664140508000,20.45,2,20.4,36,20.55,18,1,2022-03-29 09:21:04
1648545664140508000,20.5,6,20.4,36,20.55,18,1,2022-03-29 09:21:04
1648545664140508000,20.55,2,20.4,36,20.55,18,1,2022-03-29 09:21:04
1648545669712965000,20.5,1,20.4,36,20.5,10,1,2022-03-29 09:21:09
1648545672971631000,20.5,1,20.4,36,20.5,49,1,2022-03-29 09:21:12
1648545673640702000,20.5,1,20.4,36,20.5,48,1,2022-03-29 09:21:13
1648545676688258000,20.45,2,20.4,36,20.5,48,2,2022-03-29 09:21:16
1648545681834402000,20.45,1,20.4,36,20.5,50,2,2022-03-29 09:21:21
1648545685182764000,20.45,1,20.4,36,20.45,4,2,2022-03-29 09:21:25
1648545686751727000,20.45,1,20.4,36,20.45,7,1,2022-03-29 09:21:26
1648545687736906000,20.45,1,20.4,36,20.45,6,1,2022-03-29 09:21:27
1648545688478053000,20.4,13,20.4,23,20.45,16,2,2022-03-29 09:21:28
1648545689390806000,20.4,23,20.35,18,20.4,20,2,2022-03-29 09:21:29
1648545689424728000,20.35,11,20.35,7,20.4,20,2,2022-03-29 09:21:29
1648545689455261000,20.35,2,20.35,5,20.4,20,2,2022-03-29 09:21:29
1648545689486589000,20.35,5,20.3,35,20.4,21,2,2022-03-29 09:21:29
1648545693462466000,20.4,20,20.3,35,20.45,9,1,2022-03-29 09:21:33
1648545693462466000,20.45,10,20.3,35,20.45,9,1,2022-03-29 09:21:33
1648545694856436000,20.4,1,20.3,35,20.45,9,2,2022-03-29 09:21:34
1648545695312464000,20.45,5,20.35,1,20.45,4,1,2022-03-29 09:21:35
1648545698166469000,20.35,1,20.3,35,20.45,4,2,2022-03-29 09:21:38
1648545708346910000,20.35,3,20.35,24,20.4,2,2,2022-03-29 09:21:48
1648545713323676000,20.4,2,20.35,26,20.45,22,1,2022-03-29 09:21:53
1648545714966277000,20.35,2,20.35,24,20.45,22,2,2022-03-29 09:21:54
1648545715673523000,20.35,2,20.35,14,20.45,19,2,2022-03-29 09:21:55
1648545715831144000,20.35,5,20.35,9,20.45,20,2,2022-03-29 09:21:55
1648545721971143000,20.35,10,20.35,2,20.45,19,2,2022-03-29 09:22:01
1648545723421967000,20.35,1,20.35,1,20.45,17,2,2022-03-29 09:22:03
1648545724245580000,20.35,1,20.3,44,20.35,14,2,2022-03-29 09:22:04
1648545724277459000,20.35,13,20.3,44,20.35,1,1,2022-03-29 09:22:04
1648545724277489000,20.35,1,20.3,44,20.45,17,1,2022-03-29 09:22:04
1648545727152708000,20.35,2,20.35,3,20.45,17,2,2022-03-29 09:22:07
1648545729285788000,20.45,10,20.35,8,20.45,7,1,2022-03-29 09:22:09
1648545731256687000,20.45,7,20.4,3,20.5,20,1,2022-03-29 09:22:11
1648545745983407000,20.45,2,20.4,9,20.45,3,1,2022-03-29 09:22:25
1648545746015554000,20.45,2,20.4,9,20.45,1,1,2022-03-29 09:22:26
1648545748058326000,20.45,1,20.4,9,20.5,18,1,2022-03-29 09:22:28
1648545755469220000,20.45,1,20.45,9,20.5,17,2,2022-03-29 09:22:35
1648545757923622000,20.45,1,20.45,8,20.5,17,2,2022-03-29 09:22:37
1648545757952056000,20.5,8,20.45,8,20.5,9,1,2022-03-29 09:22:37
1648545759371442000,20.5,2,20.45,8,20.5,6,1,2022-03-29 09:22:39
1648545759635679000,20.45,3,20.45,5,20.5,6,2,2022-03-29 09:22:39
1648545760763297000,20.5,1,20.45,5,20.5,5,1,2022-03-29 09:22:40
1648545764110491000,20.5,1,20.45,5,20.5,5,1,2022-03-29 09:22:44
1648545765253033000,20.5,1,20.45,6,20.5,14,1,2022-03-29 09:22:45
1648545765267422000,20.5,4,20.45,6,20.5,10,1,2022-03-29 09:22:45
1648545765293686000,20.5,6,20.45,6,20.5,4,1,2022-03-29 09:22:45
1648545766150568000,20.45,1,20.45,5,20.5,4,2,2022-03-29 09:22:46
1648545766261402000,20.5,1,20.45,5,20.5,3,1,2022-03-29 09:22:46
1648545780140331000,20.5,2,20.45,3,20.5,2,1,2022-03-29 09:23:00
1648545782542102000,20.5,1,20.45,3,20.5,2,1,2022-03-29 09:23:02
1648545782917536000,20.5,2,20.5,1,20.55,16,1,2022-03-29 09:23:02
1648545798346527000,20.55,1,20.5,5,20.55,15,1,2022-03-29 09:23:18
1648545803185955000,20.55,1,20.5,5,20.55,14,1,2022-03-29 09:23:23
1648545806099647000,20.55,14,20.55,6,20.6,23,1,2022-03-29 09:23:26
1648545810154714000,20.6,2,20.55,7,20.6,21,1,2022-03-29 09:23:30
1648545811314564000,20.6,1,20.55,7,20.6,20,1,2022-03-29 09:23:31
1648545811577659000,20.6,5,20.55,7,20.6,15,1,2022-03-29 09:23:31
1648545811613858000,20.6,4,20.55,7,20.6,11,1,2022-03-29 09:23:31
1648545812768799000,20.6,3,20.55,7,20.6,8,1,2022-03-29 09:23:32
1648545813572678000,20.6,1,20.55,7,20.6,7,1,2022-03-29 09:23:33
1648545813601465000,20.6,1,20.55,7,20.6,6,1,2022-03-29 09:23:33
1648545814050115000,20.6,6,20.6,14,20.65,9,1,2022-03-29 09:23:34
1648545815490280000,20.65,3,20.6,20,20.65,5,1,2022-03-29 09:23:35
1648545815525487000,20.65,5,20.6,20,20.7,20,1,2022-03-29 09:23:35
1648545816584169000,20.7,1,20.6,20,20.7,19,1,2022-03-29 09:23:36
1648545816702337000,20.7,3,20.6,20,20.7,16,1,2022-03-29 09:23:36
1648545819183363000,20.7,1,20.6,21,20.7,15,1,2022-03-29 09:23:39
1648545820857515000,20.7,1,20.65,2,20.7,14,1,2022-03-29 09:23:40
1648545822694276000,20.65,1,20.65,1,20.7,14,2,2022-03-29 09:23:42
1648545827845154000,20.65,1,20.65,2,20.7,13,2,2022-03-29 09:23:47
1648545829824726000,20.7,5,20.65,2,20.7,7,1,2022-03-29 09:23:49
1648545834023728000,20.7,10,20.65,2,20.75,12,1,2022-03-29 09:23:54
1648545835767804000,20.75,2,20.65,3,20.75,10,1,2022-03-29 09:23:55
1648545835858198000,20.75,10,20.65,3,20.8,79,1,2022-03-29 09:23:55
1648545835921696000,20.8,3,20.7,1,20.8,76,1,2022-03-29 09:23:55
1648545836331373000,20.8,2,20.7,2,20.8,74,1,2022-03-29 09:23:56
1648545837063602000,20.7,1,20.7,1,20.8,74,2,2022-03-29 09:23:57
1648545837523092000,20.8,6,20.7,1,20.8,68,1,2022-03-29 09:23:57
1648545842495499000,20.7,3,20.65,1,20.75,1,2,2022-03-29 09:24:02
1648545842495499000,20.65,7,20.65,1,20.75,1,2,2022-03-29 09:24:02
1648545843579309000,20.75,1,20.7,5,20.8,68,1,2022-03-29 09:24:03
1648545843579309000,20.8,1,20.7,5,20.8,68,1,2022-03-29 09:24:03
1648545847913541000,20.75,1,20.7,9,20.75,1,1,2022-03-29 09:24:07
1648545849326016000,20.7,1,20.7,8,20.75,1,2,2022-03-29 09:24:09
1648545850201560000,20.75,1,20.7,8,20.8,37,1,2022-03-29 09:24:10
1648545850201560000,20.8,2,20.7,8,20.8,37,1,2022-03-29 09:24:10
1648545850675391000,20.7,2,20.7,6,20.8,37,2,2022-03-29 09:24:10
1648545852826042000,20.75,1,20.7,6,20.75,1,1,2022-03-29 09:24:12
1648545853579942000,20.75,1,20.7,6,20.8,37,1,2022-03-29 09:24:13
1648545857188499000,20.75,1,20.7,7,20.75,3,1,2022-03-29 09:24:17
1648545858564559000,20.75,1,20.7,8,20.75,2,1,2022-03-29 09:24:18
1648545860325995000,20.7,8,20.65,7,20.75,35,2,2022-03-29 09:24:20
1648545860858221000,20.75,2,20.65,7,20.75,34,1,2022-03-29 09:24:20
1648545865878549000,20.7,1,20.65,7,20.7,4,1,2022-03-29 09:24:25
1648545869511760000,20.7,3,20.65,7,20.7,19,1,2022-03-29 09:24:29
1648545873096698000,20.7,2,20.65,7,20.7,18,1,2022-03-29 09:24:33
1648545873111624000,20.65,7,20.6,12,20.7,18,2,2022-03-29 09:24:33
1648545875164153000,20.65,1,20.6,12,20.65,4,1,2022-03-29 09:24:35
1648545876077432000,20.65,1,20.6,12,20.65,3,1,2022-03-29 09:24:36
1648545877695891000,20.65,1,20.6,12,20.65,2,1,2022-03-29 09:24:37
1648545881234130000,20.6,10,20.6,2,20.65,2,2,2022-03-29 09:24:41
1648545881271051000,20.6,2,20.55,4,20.65,2,2,2022-03-29 09:24:41
1648545894576213000,20.55,1,20.55,4,20.65,11,2,2022-03-29 09:24:54
1648545902070425000,20.55,6,20.5,13,20.55,1,2,2022-03-29 09:25:02
1648545902108157000,20.55,1,20.5,13,20.65,9,1,2022-03-29 09:25:02
1648545909638651000,20.65,17,20.55,1,20.65,2,1,2022-03-29 09:25:09
1648545909660728000,20.65,2,20.55,1,20.7,22,1,2022-03-29 09:25:09
1648545913966031000,20.6,5,20.55,1,20.6,5,1,2022-03-29 09:25:13
1648545918266605000,20.6,9,20.55,3,20.65,5,1,2022-03-29 09:25:18
1648545918266605000,20.65,1,20.55,3,20.65,5,1,2022-03-29 09:25:18
1648545923148289000,20.65,1,20.6,5,20.65,4,1,2022-03-29 09:25:23
1648545924932122000,20.65,1,20.6,5,20.65,3,1,2022-03-29 09:25:24
1648545925375031000,20.6,2,20.6,3,20.65,3,2,2022-03-29 09:25:25
1648545926660862000,20.65,1,20.6,8,20.65,2,1,2022-03-29 09:25:26
1648545927789275000,20.65,2,20.6,11,20.7,24,1,2022-03-29 09:25:27
1648545935671035000,20.65,1,20.6,9,20.65,3,1,2022-03-29 09:25:35
1648545936018107000,20.6,2,20.6,7,20.65,3,2,2022-03-29 09:25:36
1648545955042657000,20.6,1,20.6,10,20.65,6,2,2022-03-29 09:25:55
1648545970949295000,20.65,5,20.6,11,20.65,3,1,2022-03-29 09:26:10
1648545970976623000,20.65,2,20.6,11,20.65,1,1,2022-03-29 09:26:10
1648545970976870000,20.65,1,20.6,11,20.7,34,1,2022-03-29 09:26:10
1648545984377749000,20.6,1,20.6,10,20.7,34,2,2022-03-29 09:26:24
1648545986885115000,20.65,1,20.6,10,20.7,34,1,2022-03-29 09:26:26
1648545996994345000,20.7,15,20.65,1,20.7,19,1,2022-03-29 09:26:36
1648545997024990000,20.7,10,20.65,1,20.7,9,1,2022-03-29 09:26:37
1648545997090812000,20.65,1,20.6,14,20.7,9,2,2022-03-29 09:26:37
1648546001119494000,20.7,2,20.65,2,20.7,7,1,2022-03-29 09:26:41
1648546010739585000,20.7,10,20.65,6,20.7,1,1,2022-03-29 09:26:50
1648546010767548000,20.7,1,20.65,6,20.75,11,1,2022-03-29 09:26:50
1648546014131090000,20.7,1,20.65,6,20.75,10,1,2022-03-29 09:26:54
1648546014131090000,20.75,1,20.65,6,20.75,10,1,2022-03-29 09:26:54
1648546025853088000,20.7,1,20.7,2,20.75,16,2,2022-03-29 09:27:05
1648546026434849000,20.75,3,20.7,2,20.75,13,1,2022-03-29 09:27:06
1648546032071894000,20.7,1,20.7,6,20.75,18,2,2022-03-29 09:27:12
1648546032079381000,20.7,1,20.7,5,20.75,18,2,2022-03-29 09:27:12
1648546033098519000,20.75,1,20.7,5,20.75,17,1,2022-03-29 09:27:13
1648546038188372000,20.75,1,20.7,14,20.75,16,1,2022-03-29 09:27:18
1648546038261043000,20.75,1,20.7,14,20.75,15,1,2022-03-29 09:27:18
1648546039089681000,20.75,2,20.7,15,20.75,13,1,2022-03-29 09:27:19
1648546039446206000,20.75,1,20.7,15,20.75,12,1,2022-03-29 09:27:19
1648546040725479000,20.75,1,20.7,15,20.75,11,1,2022-03-29 09:27:20
1648546042442316000,20.75,10,20.7,15,20.75,2,1,2022-03-29 09:27:22
1648546042468541000,20.75,2,20.7,15,20.8,51,1,2022-03-29 09:27:22
1648546058661800000,20.8,3,20.75,16,20.8,48,1,2022-03-29 09:27:38
1648546061217172000,20.75,11,20.75,5,20.8,48,2,2022-03-29 09:27:41
1648546061772174000,20.8,5,20.75,5,20.8,43,1,2022-03-29 09:27:41
1648546064541250000,20.75,5,20.7,16,20.75,5,2,2022-03-29 09:27:44
1648546065678335000,20.75,1,20.7,16,20.75,6,1,2022-03-29 09:27:45
1648546066774697000,20.75,1,20.7,16,20.75,7,1,2022-03-29 09:27:46
1648546067713065000,20.7,16,20.65,5,20.75,17,2,2022-03-29 09:27:47
1648546072152619000,20.7,10,20.65,5,20.7,24,1,2022-03-29 09:27:52
1648546073127031000,20.65,3,20.65,2,20.7,24,2,2022-03-29 09:27:53
1648546077924449000,20.65,1,20.65,4,20.7,24,2,2022-03-29 09:27:57
1648546078021061000,20.7,2,20.65,4,20.7,22,1,2022-03-29 09:27:58
1648546079323494000,20.65,1,20.65,3,20.7,22,2,2022-03-29 09:27:59
1648546084661246000,20.65,3,20.65,6,20.7,22,2,2022-03-29 09:28:04
1648546088170327000,20.65,1,20.65,7,20.7,28,2,2022-03-29 09:28:08
1648546088212039000,20.65,2,20.65,5,20.7,28,2,2022-03-29 09:28:08
1648546088399977000,20.65,1,20.65,4,20.7,31,2,2022-03-29 09:28:08
1648546088959390000,20.65,1,20.65,4,20.7,31,2,2022-03-29 09:28:08
1648546088982393000,20.65,4,20.6,18,20.7,31,2,2022-03-29 09:28:08
1648546094707592000,20.65,3,20.6,19,20.65,57,2,2022-03-29 09:28:14
1648546097839459000,20.6,19,20.55,12,20.65,57,2,2022-03-29 09:28:17
1648546097839459000,20.55,1,20.55,12,20.65,57,2,2022-03-29 09:28:17
1648546106063325000,20.6,2,20.55,14,20.6,48,1,2022-03-29 09:28:26
1648546106431858000,20.55,5,20.55,9,20.6,48,2,2022-03-29 09:28:26
1648546106933173000,20.55,9,20.5,15,20.6,48,2,2022-03-29 09:28:26
1648546106933173000,20.5,4,20.5,15,20.6,48,2,2022-03-29 09:28:26
1648546108977142000,20.5,4,20.5,11,20.6,48,2,2022-03-29 09:28:28
1648546113957013000,20.5,5,20.5,6,20.55,3,2,2022-03-29 09:28:33
1648546116068187000,20.5,1,20.5,5,20.55,4,2,2022-03-29 09:28:36
1648546117057284000,20.5,5,20.45,9,20.55,4,2,2022-03-29 09:28:37
1648546119047686000,20.5,3,20.5,7,20.55,4,1,2022-03-29 09:28:39
1648546130833633000,20.5,8,20.45,8,20.5,2,2,2022-03-29 09:28:50
1648546130860322000,20.5,2,20.45,8,20.55,3,1,2022-03-29 09:28:50
1648546138384562000,20.55,1,20.45,8,20.55,3,1,2022-03-29 09:28:58
1648546143758199000,20.55,1,20.45,8,20.55,2,1,2022-03-29 09:29:03
1648546151125519000,20.5,1,20.45,11,20.5,1,2,2022-03-29 09:29:11
1648546151156548000,20.5,1,20.45,11,20.55,2,1,2022-03-29 09:29:11
1648546154551285000,20.55,3,20.5,1,20.6,42,1,2022-03-29 09:29:14
1648546154551285000,20.6,7,20.5,1,20.6,42,1,2022-03-29 09:29:14
1648546161291509000,20.6,1,20.55,1,20.6,41,1,2022-03-29 09:29:21
1648546167860878000,20.6,1,20.55,2,20.6,39,1,2022-03-29 09:29:27
1648546170812980000,20.6,1,20.55,2,20.6,38,1,2022-03-29 09:29:30
1648546171617282000,20.6,2,20.55,2,20.6,36,1,2022-03-29 09:29:31
1648546177954697000,20.6,1,20.55,2,20.6,35,1,2022-03-29 09:29:37
1648546186892918000,20.55,2,20.5,9,20.6,35,2,2022-03-29 09:29:46
1648546204143511000,20.55,4,20.55,7,20.6,35,2,2022-03-29 09:30:04
1648546213725303000,20.55,3,20.55,13,20.6,35,2,2022-03-29 09:30:13
1648546213867899000,20.6,1,20.55,13,20.6,34,1,2022-03-29 09:30:13
1648546221999486000,20.55,1,20.55,13,20.6,34,2,2022-03-29 09:30:21
1648546232221433000,20.55,1,20.55,14,20.6,34,2,2022-03-29 09:30:32
1648546234986185000,20.55,14,20.5,20,20.55,1,2,2022-03-29 09:30:34
1648546237888936000,20.55,1,20.55,1,20.6,35,1,2022-03-29 09:30:37
1648546242441273000,20.55,1,20.5,25,20.55,1,2,2022-03-29 09:30:42
1648546255933614000,20.55,1,20.5,26,20.55,15,1,2022-03-29 09:30:55
1648546262107454000,20.5,1,20.5,25,20.55,15,2,2022-03-29 09:31:02
1648546267627253000,20.5,20,20.5,6,20.55,15,2,2022-03-29 09:31:07
1648546267654272000,20.5,6,20.45,18,20.55,15,2,2022-03-29 09:31:07
1648546269844341000,20.5,10,20.45,18,20.5,10,1,2022-03-29 09:31:09
1648546269869294000,20.5,3,20.45,18,20.5,7,1,2022-03-29 09:31:09
1648546275197708000,20.5,1,20.45,18,20.5,14,1,2022-03-29 09:31:15
1648546278985380000,20.5,1,20.45,18,20.5,20,1,2022-03-29 09:31:18
1648546279885055000,20.45,1,20.45,17,20.5,30,2,2022-03-29 09:31:19
1648546283796689000,20.45,1,20.45,17,20.5,29,2,2022-03-29 09:31:23
1648546284618112000,20.45,17,20.4,84,20.45,3,2,2022-03-29 09:31:24
1648546285098013000,20.4,70,20.4,14,20.45,3,2,2022-03-29 09:31:25
1648546286367005000,20.4,14,20.35,28,20.4,86,2,2022-03-29 09:31:26
1648546292274454000,20.35,7,20.35,16,20.4,88,2,2022-03-29 09:31:32
1648546292310403000,20.35,5,20.35,11,20.4,88,2,2022-03-29 09:31:32
1648546293339758000,20.35,3,20.35,8,20.4,88,2,2022-03-29 09:31:33
1648546294270241000,20.35,2,20.35,6,20.4,88,2,2022-03-29 09:31:34
1648546295018779000,20.35,2,20.35,4,20.4,88,2,2022-03-29 09:31:35
1648546295556744000,20.35,1,20.35,3,20.4,88,2,2022-03-29 09:31:35
1648546298078606000,20.35,1,20.35,2,20.4,89,2,2022-03-29 09:31:38
1648546299641734000,20.35,1,20.3,45,20.35,1,2,2022-03-29 09:31:39
1648546303147521000,20.35,1,20.3,48,20.35,1,1,2022-03-29 09:31:43
1648546303243111000,20.35,1,20.3,48,20.4,83,1,2022-03-29 09:31:43
1648546303243111000,20.4,4,20.3,48,20.4,83,1,2022-03-29 09:31:43
1648546304712167000,20.3,1,20.3,47,20.4,83,2,2022-03-29 09:31:44
1648546304752300000,20.3,1,20.3,46,20.4,83,2,2022-03-29 09:31:44
1648546304814260000,20.3,3,20.3,43,20.4,83,2,2022-03-29 09:31:44
1648546305480766000,20.35,2,20.35,2,20.4,83,1,2022-03-29 09:31:45
1648546306177596000,20.35,2,20.3,43,20.4,83,2,2022-03-29 09:31:46
1648546307123174000,20.35,2,20.35,3,20.4,83,2,2022-03-29 09:31:47
1648546312127316000,20.35,1,20.35,9,20.4,83,2,2022-03-29 09:31:52
1648546316096818000,20.4,1,20.35,11,20.45,54,1,2022-03-29 09:31:56
1648546317782056000,20.4,1,20.35,11,20.4,4,1,2022-03-29 09:31:57
1648546317795746000,20.4,4,20.35,12,20.45,55,1,2022-03-29 09:31:57
1648546329581119000,20.4,1,20.4,2,20.45,55,2,2022-03-29 09:32:09
1648546330652801000,20.4,2,20.35,19,20.4,8,2,2022-03-29 09:32:10
1648546335493439000,20.4,1,20.35,20,20.4,8,1,2022-03-29 09:32:15
1648546338041874000,20.4,1,20.35,23,20.4,7,1,2022-03-29 09:32:18
1648546338077089000,20.4,4,20.35,23,20.4,3,1,2022-03-29 09:32:18
1648546338117588000,20.4,3,20.35,23,20.45,55,1,2022-03-29 09:32:18
1648546358580091000,20.4,1,20.4,15,20.45,55,2,2022-03-29 09:32:38
1648546359157059000,20.45,10,20.4,15,20.45,45,1,2022-03-29 09:32:39
1648546359667330000,20.45,2,20.4,15,20.45,43,1,2022-03-29 09:32:39
1648546360502838000,20.45,44,20.45,6,20.5,16,1,2022-03-29 09:32:40
1648546363990268000,20.45,1,20.45,11,20.5,16,2,2022-03-29 09:32:43
1648546364483258000,20.5,2,20.45,11,20.5,14,1,2022-03-29 09:32:44
1648546365451778000,20.5,10,20.45,11,20.5,4,1,2022-03-29 09:32:45
1648546366036970000,20.5,1,20.45,11,20.5,3,1,2022-03-29 09:32:46
1648546366304919000,20.5,3,20.45,22,20.55,18,1,2022-03-29 09:32:46
1648546377858681000,20.55,2,20.5,18,20.6,40,1,2022-03-29 09:32:57
1648546378019702000,20.5,1,20.5,16,20.6,40,2,2022-03-29 09:32:58
1648546381693709000,20.5,5,20.5,11,20.6,40,2,2022-03-29 09:33:01
1648546393674512000,20.6,2,20.55,12,20.6,38,1,2022-03-29 09:33:13
1648546395970401000,20.55,1,20.55,11,20.6,38,2,2022-03-29 09:33:15
1648546400033194000,20.6,1,20.55,11,20.6,47,1,2022-03-29 09:33:20
1648546407119173000,20.6,1,20.55,16,20.6,49,1,2022-03-29 09:33:27
1648546408704685000,20.6,3,20.55,16,20.6,46,1,2022-03-29 09:33:28
1648546430493424000,20.6,5,20.55,15,20.6,41,1,2022-03-29 09:33:50
1648546438072470000,20.6,1,20.55,17,20.6,40,1,2022-03-29 09:33:58
1648546440152168000,20.6,1,20.55,17,20.6,44,1,2022-03-29 09:34:00
1648546455236550000,20.6,10,20.55,17,20.6,35,1,2022-03-29 09:34:15
1648546457667523000,20.6,10,20.55,7,20.6,25,1,2022-03-29 09:34:17
1648546458564135000,20.6,1,20.55,8,20.6,24,1,2022-03-29 09:34:18
1648546461011241000,20.6,6,20.55,8,20.6,18,1,2022-03-29 09:34:21
1648546461702458000,20.6,1,20.55,13,20.6,17,1,2022-03-29 09:34:21
1648546464065544000,20.55,2,20.55,11,20.6,19,2,2022-03-29 09:34:24
1648546465317779000,20.6,5,20.55,11,20.6,14,1,2022-03-29 09:34:25
1648546466970780000,20.6,1,20.55,11,20.6,13,1,2022-03-29 09:34:26
1648546479552776000,20.6,5,20.55,12,20.6,10,1,2022-03-29 09:34:39
1648546482314234000,20.6,1,20.55,12,20.6,11,1,2022-03-29 09:34:42
1648546494141963000,20.6,1,20.55,12,20.6,11,1,2022-03-29 09:34:54
1648546496259556000,20.55,11,20.5,17,20.6,39,2,2022-03-29 09:34:56
1648546496893767000,20.55,4,20.5,17,20.6,33,1,2022-03-29 09:34:56
1648546496893767000,20.6,6,20.5,17,20.6,33,1,2022-03-29 09:34:56
1648546505421750000,20.6,2,20.55,7,20.6,41,1,2022-03-29 09:35:05
1648546513137926000,20.6,10,20.55,7,20.6,36,1,2022-03-29 09:35:13
1648546514350065000,20.6,1,20.55,8,20.6,35,1,2022-03-29 09:35:14
1648546517778829000,20.55,8,20.5,18,20.55,2,2,2022-03-29 09:35:17
1648546519206124000,20.55,1,20.5,18,20.55,1,1,2022-03-29 09:35:19
1648546526099915000,20.55,1,20.55,4,20.6,46,1,2022-03-29 09:35:26
1648546529870451000,20.55,1,20.55,8,20.6,46,2,2022-03-29 09:35:29
1648546571806476000,20.55,1,20.55,10,20.6,49,2,2022-03-29 09:36:11
1648546572014295000,20.55,1,20.55,9,20.6,49,2,2022-03-29 09:36:12
1648546573329985000,20.55,4,20.55,5,20.6,49,2,2022-03-29 09:36:13
1648546575059836000,20.6,2,20.55,5,20.6,47,1,2022-03-29 09:36:15
1648546584104883000,20.55,5,20.5,23,20.6,47,2,2022-03-29 09:36:24
1648546590710622000,20.5,5,20.5,18,20.55,1,2,2022-03-29 09:36:30
1648546610664644000,20.5,10,20.5,10,20.55,2,2,2022-03-29 09:36:50
1648546618479843000,20.5,1,20.5,9,20.55,4,2,2022-03-29 09:36:58
1648546618762743000,20.5,9,20.45,11,20.5,1,2,2022-03-29 09:36:58
1648546618934955000,20.5,1,20.5,1,20.55,4,1,2022-03-29 09:36:58
1648546622453970000,20.5,1,20.5,1,20.55,4,2,2022-03-29 09:37:02
1648546623758625000,20.5,1,20.45,11,20.55,4,2,2022-03-29 09:37:03
1648546627999844000,20.55,5,20.45,11,20.55,10,1,2022-03-29 09:37:07
1648546628679488000,20.45,1,20.45,10,20.55,10,2,2022-03-29 09:37:08
1648546634492812000,20.5,2,20.5,3,20.55,11,1,2022-03-29 09:37:14
1648546634983916000,20.55,1,20.5,3,20.55,10,1,2022-03-29 09:37:14
1648546644261930000,20.5,4,20.45,10,20.5,6,2,2022-03-29 09:37:24
1648546649182696000,20.5,1,20.45,10,20.5,5,1,2022-03-29 09:37:29
1648546658299768000,20.5,1,20.45,9,20.5,4,1,2022-03-29 09:37:38
1648546660840528000,20.45,9,20.4,30,20.45,1,2,2022-03-29 09:37:40
1648546667008764000,20.45,1,20.4,30,20.5,4,1,2022-03-29 09:37:47
1648546671544049000,20.45,1,20.4,31,20.5,4,1,2022-03-29 09:37:51
1648546683519374000,20.5,1,20.45,3,20.5,3,1,2022-03-29 09:38:03
1648546686411694000,20.45,3,20.4,33,20.45,2,2,2022-03-29 09:38:06
1648546686435753000,20.45,2,20.4,33,20.5,3,1,2022-03-29 09:38:06
1648546692133268000,20.4,1,20.4,32,20.5,3,2,2022-03-29 09:38:12
1648546701357794000,20.45,1,20.45,1,20.5,4,2,2022-03-29 09:38:21
1648546707442757000,20.45,5,20.45,6,20.5,4,2,2022-03-29 09:38:27
1648546717968959000,20.45,3,20.45,3,20.5,5,2,2022-03-29 09:38:37
1648546717985122000,20.45,3,20.4,35,20.5,5,2,2022-03-29 09:38:37
1648546719071316000,20.45,3,20.4,35,20.45,2,1,2022-03-29 09:38:39
1648546719071359000,20.45,2,20.4,35,20.5,5,1,2022-03-29 09:38:39
1648546727573864000,20.45,1,20.4,28,20.5,6,2,2022-03-29 09:38:47
1648546727573864000,20.4,7,20.4,28,20.5,6,2,2022-03-29 09:38:47
1648546730795623000,20.4,1,20.4,27,20.5,6,2,2022-03-29 09:38:50
1648546739117909000,20.4,3,20.4,24,20.5,6,2,2022-03-29 09:38:59
1648546742037345000,20.5,2,20.4,25,20.5,6,1,2022-03-29 09:39:02
1648546748213452000,20.45,1,20.4,25,20.45,1,1,2022-03-29 09:39:08
1648546748213486000,20.45,1,20.4,25,20.5,6,1,2022-03-29 09:39:08
1648546750938793000,20.4,20,20.4,6,20.5,6,2,2022-03-29 09:39:10
1648546750969798000,20.4,6,20.35,45,20.5,6,2,2022-03-29 09:39:10
1648546757260072000,20.45,1,20.4,3,20.5,5,1,2022-03-29 09:39:17
1648546757260072000,20.5,1,20.4,3,20.5,5,1,2022-03-29 09:39:17
1648546771109045000,20.5,1,20.4,24,20.5,6,1,2022-03-29 09:39:31
1648546780014423000,20.5,5,20.4,24,20.5,5,1,2022-03-29 09:39:40
1648546781003407000,20.5,5,20.4,23,20.5,1,1,2022-03-29 09:39:41
1648546782456342000,20.5,1,20.4,23,20.55,11,1,2022-03-29 09:39:42
1648546785498165000,20.5,1,20.4,23,20.5,3,2,2022-03-29 09:39:45
1648546786137534000,20.5,1,20.4,23,20.5,2,1,2022-03-29 09:39:46
1648546788040711000,20.5,2,20.4,23,20.6,10,1,2022-03-29 09:39:48
1648546788040711000,20.55,11,20.4,23,20.6,10,1,2022-03-29 09:39:48
1648546788040711000,20.6,45,20.4,23,20.6,10,1,2022-03-29 09:39:48
1648546793872443000,20.55,1,20.5,1,20.6,10,2,2022-03-29 09:39:53
1648546805914304000,20.5,1,20.5,6,20.6,10,2,2022-03-29 09:40:05
1648546812690634000,20.55,5,20.5,7,20.6,8,1,2022-03-29 09:40:12
1648546812690634000,20.6,5,20.5,7,20.6,8,1,2022-03-29 09:40:12
1648546814527800000,20.6,2,20.5,7,20.6,6,1,2022-03-29 09:40:14
1648546821308686000,20.6,1,20.5,7,20.6,6,1,2022-03-29 09:40:21
1648546826373131000,20.6,1,20.5,8,20.6,5,1,2022-03-29 09:40:26
1648546837699539000,20.6,1,20.5,8,20.6,18,1,2022-03-29 09:40:37
1648546857822921000,20.6,10,20.55,1,20.6,11,1,2022-03-29 09:40:57
1648546857856692000,20.6,3,20.55,1,20.6,8,1,2022-03-29 09:40:57
1648546857887294000,20.6,5,20.55,1,20.6,3,1,2022-03-29 09:40:57
1648546857917983000,20.6,3,20.55,1,20.65,60,1,2022-03-29 09:40:57
1648546867704761000,20.55,1,20.55,3,20.65,60,2,2022-03-29 09:41:07
1648546887205153000,20.55,6,20.5,13,20.55,14,2,2022-03-29 09:41:27
1648546945094951000,20.5,1,20.5,13,20.55,17,2,2022-03-29 09:42:25
1648546950403687000,20.5,1,20.5,12,20.55,17,2,2022-03-29 09:42:30
1648546955223495000,20.5,1,20.5,11,20.55,17,2,2022-03-29 09:42:35
1648546957451392000,20.5,10,20.5,1,20.55,17,2,2022-03-29 09:42:37
1648546958301180000,20.5,1,20.45,5,20.5,4,2,2022-03-29 09:42:38
1648546959520502000,20.5,1,20.45,4,20.5,3,1,2022-03-29 09:42:39
1648546971991265000,20.45,1,20.45,3,20.5,7,2,2022-03-29 09:42:51
1648546977637173000,20.5,1,20.45,3,20.5,6,1,2022-03-29 09:42:57
1648546979975344000,20.5,2,20.45,3,20.5,4,1,2022-03-29 09:42:59
1648546985189628000,20.5,1,20.45,4,20.5,3,1,2022-03-29 09:43:05
1648546988906111000,20.45,1,20.45,4,20.5,3,2,2022-03-29 09:43:08
1648546995456040000,20.45,1,20.45,2,20.5,3,2,2022-03-29 09:43:15
1648547028285000000,20.45,10,20.4,29,20.5,3,2,2022-03-29 09:43:48
1648547031329131000,20.5,1,20.45,1,20.5,2,1,2022-03-29 09:43:51
1648547042550915000,20.5,2,20.5,8,20.55,18,1,2022-03-29 09:44:02
1648547046601168000,20.5,1,20.5,7,20.55,18,2,2022-03-29 09:44:06
1648547047757542000,20.5,1,20.5,6,20.55,18,2,2022-03-29 09:44:07
1648547055439011000,20.5,6,20.45,5,20.5,4,2,2022-03-29 09:44:15
1648547066841359000,20.5,2,20.45,6,20.5,2,1,2022-03-29 09:44:26
1648547067678775000,20.5,1,20.45,6,20.5,1,1,2022-03-29 09:44:27
1648547080491753000,20.5,1,20.45,6,20.55,18,1,2022-03-29 09:44:40
1648547089886562000,20.5,4,20.45,9,20.5,1,2,2022-03-29 09:44:49
1648547092232532000,20.45,1,20.45,8,20.5,1,2,2022-03-29 09:44:52
1648547092290790000,20.5,1,20.5,1,20.55,18,1,2022-03-29 09:44:52
1648547101435322000,20.5,1,20.45,8,20.55,17,2,2022-03-29 09:45:01
1648547118875252000,20.5,2,20.5,3,20.55,17,1,2022-03-29 09:45:18
1648547121403977000,20.5,1,20.5,2,20.55,17,2,2022-03-29 09:45:21
1648547139686866000,20.5,3,20.5,19,20.55,18,2,2022-03-29 09:45:39
1648547147328656000,20.5,10,20.5,9,20.55,18,2,2022-03-29 09:45:47
1648547150519114000,20.5,9,20.45,11,20.5,21,2,2022-03-29 09:45:50
1648547151772912000,20.5,1,20.45,11,20.5,20,1,2022-03-29 09:45:51
1648547167480682000,20.5,3,20.45,11,20.5,17,1,2022-03-29 09:46:07
1648547169600227000,20.5,17,20.5,13,20.55,18,1,2022-03-29 09:46:09
1648547172962783000,20.5,1,20.5,12,20.55,18,2,2022-03-29 09:46:12
1648547174800953000,20.55,1,20.5,12,20.55,17,1,2022-03-29 09:46:14
1648547177334132000,20.55,17,20.55,3,20.6,41,1,2022-03-29 09:46:17
1648547178909562000,20.6,3,20.55,3,20.6,38,1,2022-03-29 09:46:18
1648547183760879000,20.6,1,20.55,3,20.6,37,1,2022-03-29 09:46:23
1648547193571852000,20.6,1,20.55,4,20.6,36,1,2022-03-29 09:46:33
1648547194691723000,20.6,1,20.55,4,20.6,35,1,2022-03-29 09:46:34
1648547194715192000,20.6,3,20.55,4,20.6,32,1,2022-03-29 09:46:34
1648547200597374000,20.55,5,20.55,9,20.6,52,2,2022-03-29 09:46:40
1648547204893936000,20.6,1,20.55,10,20.6,51,1,2022-03-29 09:46:44
1648547208870536000,20.6,1,20.55,1,20.6,49,1,2022-03-29 09:46:48
1648547209238244000,20.6,1,20.55,1,20.6,48,1,2022-03-29 09:46:49
1648547210077117000,20.55,1,20.5,17,20.6,48,2,2022-03-29 09:46:50
1648547214203538000,20.55,1,20.55,1,20.6,48,2,2022-03-29 09:46:54
1648547235352381000,20.55,1,20.55,3,20.6,50,2,2022-03-29 09:47:15
1648547252376835000,20.55,3,20.5,10,20.6,50,2,2022-03-29 09:47:32
1648547258358043000,20.55,1,20.5,11,20.6,50,2,2022-03-29 09:47:38
1648547260304910000,20.6,2,20.5,12,20.6,48,1,2022-03-29 09:47:40
1648547269713754000,20.55,1,20.55,4,20.6,48,2,2022-03-29 09:47:49
1648547284718301000,20.55,3,20.55,1,20.6,48,2,2022-03-29 09:48:04
1648547289925262000,20.55,1,20.5,12,20.55,4,2,2022-03-29 09:48:09
1648547296044986000,20.55,4,20.55,11,20.6,48,1,2022-03-29 09:48:16
1648547311838888000,20.6,1,20.55,12,20.6,47,1,2022-03-29 09:48:31
1648547318604490000,20.6,3,20.55,12,20.6,45,1,2022-03-29 09:48:38
1648547328494918000,20.6,1,20.55,12,20.6,44,1,2022-03-29 09:48:48
1648547339974128000,20.6,1,20.55,12,20.6,43,1,2022-03-29 09:48:59
1648547341220477000,20.6,2,20.55,12,20.6,41,1,2022-03-29 09:49:01
1648547344166965000,20.6,5,20.55,12,20.6,31,1,2022-03-29 09:49:04
1648547345539559000,20.6,1,20.55,13,20.6,30,1,2022-03-29 09:49:05
1648547346764302000,20.6,2,20.55,13,20.6,28,1,2022-03-29 09:49:06
1648547355383270000,20.6,5,20.55,13,20.6,23,1,2022-03-29 09:49:15
1648547357233738000,20.6,1,20.55,13,20.6,27,1,2022-03-29 09:49:17
1648547376111383000,20.6,2,20.55,14,20.6,30,1,2022-03-29 09:49:36
1648547398213002000,20.6,1,20.55,16,20.6,30,1,2022-03-29 09:49:58
1648547411599240000,20.6,1,20.55,16,20.6,29,1,2022-03-29 09:50:11
1648547422226712000,20.6,1,20.55,16,20.6,28,1,2022-03-29 09:50:22
1648547432838518000,20.6,1,20.55,18,20.6,27,1,2022-03-29 09:50:32
1648547437483924000,20.6,27,20.55,18,20.65,32,1,2022-03-29 09:50:37
1648547437483924000,20.65,33,20.55,18,20.65,32,1,2022-03-29 09:50:37
1648547441906596000,20.65,10,20.6,4,20.65,22,1,2022-03-29 09:50:41
1648547442338033000,20.6,1,20.6,3,20.65,22,2,2022-03-29 09:50:42
1648547443123768000,20.65,5,20.6,3,20.65,17,1,2022-03-29 09:50:43
1648547446500786000,20.65,1,20.6,4,20.65,16,1,2022-03-29 09:50:46
1648547446833987000,20.65,1,20.6,3,20.65,15,1,2022-03-29 09:50:46
1648547458202802000,20.6,2,20.6,6,20.65,15,2,2022-03-29 09:50:58
1648547495280322000,20.6,2,20.6,3,20.65,20,2,2022-03-29 09:51:35
1648547503789518000,20.6,1,20.6,2,20.65,20,2,2022-03-29 09:51:43
1648547506607824000,20.6,1,20.6,1,20.65,20,2,2022-03-29 09:51:46
1648547507321487000,20.6,1,20.55,18,20.6,4,2,2022-03-29 09:51:47
1648547512031336000,20.6,1,20.55,18,20.6,3,1,2022-03-29 09:51:52
1648547550388940000,20.6,2,20.55,19,20.6,24,1,2022-03-29 09:52:30
1648547575593012000,20.55,3,20.55,18,20.6,25,2,2022-03-29 09:52:55
1648547575621805000,20.55,18,20.5,10,20.6,25,2,2022-03-29 09:52:55
1648547576228780000,20.6,1,20.55,4,20.6,24,1,2022-03-29 09:52:56
1648547588988349000,20.55,5,20.55,1,20.6,24,2,2022-03-29 09:53:08
1648547594476352000,20.55,1,20.5,10,20.55,2,2,2022-03-29 09:53:14
1648547596050851000,20.55,2,20.55,1,20.6,26,1,2022-03-29 09:53:16
1648547599470663000,20.55,1,20.5,9,20.6,26,2,2022-03-29 09:53:19
1648547607628691000,20.6,5,20.55,10,20.6,29,1,2022-03-29 09:53:27
1648547619316974000,20.55,10,20.5,9,20.6,27,2,2022-03-29 09:53:39
1648547637631046000,20.55,1,20.5,10,20.55,4,1,2022-03-29 09:53:57
1648547659875653000,20.5,8,20.5,1,20.55,4,2,2022-03-29 09:54:19
1648547664552219000,20.5,1,20.45,11,20.55,4,2,2022-03-29 09:54:24
1648547670343842000,20.55,1,20.45,11,20.55,3,1,2022-03-29 09:54:30
1648547681455808000,20.5,1,20.45,11,20.55,3,1,2022-03-29 09:54:41
1648547708782113000,20.5,8,20.5,2,20.55,33,1,2022-03-29 09:55:08
1648547716810621000,20.5,2,20.5,2,20.55,33,2,2022-03-29 09:55:16
1648547722070542000,20.5,2,20.45,12,20.55,31,2,2022-03-29 09:55:22
1648547731042091000,20.5,1,20.45,13,20.55,33,2,2022-03-29 09:55:31
1648547734927950000,20.5,1,20.4,5,20.55,33,2,2022-03-29 09:55:34
1648547734927950000,20.45,13,20.4,5,20.55,33,2,2022-03-29 09:55:34
1648547734927950000,20.4,16,20.4,5,20.55,33,2,2022-03-29 09:55:34
1648547736477965000,20.5,1,20.4,5,20.55,33,2,2022-03-29 09:55:36
1648547747598596000,20.5,1,20.4,7,20.5,2,1,2022-03-29 09:55:47
1648547780001208000,20.45,1,20.4,8,20.5,1,2,2022-03-29 09:56:20
1648547780001208000,20.4,1,20.4,8,20.5,1,2,2022-03-29 09:56:20
1648547793264223000,20.4,5,20.4,2,20.45,1,2,2022-03-29 09:56:33
1648547794117137000,20.4,2,20.25,36,20.3,27,2,2022-03-29 09:56:34
1648547794117137000,20.35,59,20.25,36,20.3,27,2,2022-03-29 09:56:34
1648547794117137000,20.3,112,20.25,36,20.3,27,2,2022-03-29 09:56:34
1648547794137437000,20.25,1,20.25,30,20.3,27,2,2022-03-29 09:56:34
1648547794362552000,20.25,6,20.25,24,20.3,27,2,2022-03-29 09:56:34
1648547798553396000,20.25,14,20.25,10,20.3,27,2,2022-03-29 09:56:38
1648547798580839000,20.25,2,20.25,8,20.3,27,2,2022-03-29 09:56:38
1648547798886157000,20.3,10,20.25,8,20.3,17,1,2022-03-29 09:56:38
1648547799122056000,20.25,1,20.25,7,20.3,17,2,2022-03-29 09:56:39
1648547799293228000,20.25,7,20.2,82,20.3,17,2,2022-03-29 09:56:39
1648547799293228000,20.2,7,20.2,82,20.3,17,2,2022-03-29 09:56:39
1648547799337676000,20.2,2,20.2,80,20.3,17,2,2022-03-29 09:56:39
1648547801464961000,20.2,50,20.2,30,20.25,1,2,2022-03-29 09:56:41
1648547801535978000,20.2,2,20.2,28,20.25,1,2,2022-03-29 09:56:41
1648547802195935000,20.25,1,20.2,28,20.3,17,1,2022-03-29 09:56:42
1648547802661317000,20.3,1,20.2,28,20.3,16,1,2022-03-29 09:56:42
1648547802980514000,20.2,1,20.2,27,20.3,16,2,2022-03-29 09:56:42
1648547803146017000,20.2,6,20.2,21,20.3,16,2,2022-03-29 09:56:43
1648547806063883000,20.2,1,20.2,21,20.3,16,2,2022-03-29 09:56:46
1648547806119052000,20.2,2,20.2,19,20.3,16,2,2022-03-29 09:56:46
1648547808889986000,20.25,3,20.2,21,20.3,16,1,2022-03-29 09:56:48
1648547809298157000,20.25,1,20.2,19,20.3,16,2,2022-03-29 09:56:49
1648547809298157000,20.2,2,20.2,19,20.3,16,2,2022-03-29 09:56:49
1648547809920052000,20.2,1,20.2,18,20.25,1,2,2022-03-29 09:56:49
1648547811472338000,20.2,2,20.2,17,20.25,1,2,2022-03-29 09:56:51
1648547812453672000,20.2,1,20.2,16,20.25,1,2,2022-03-29 09:56:52
1648547812588536000,20.2,3,20.2,13,20.25,1,2,2022-03-29 09:56:52
1648547814941442000,20.2,13,20.15,12,20.25,1,2,2022-03-29 09:56:54
1648547814941442000,20.15,1,20.15,12,20.25,1,2,2022-03-29 09:56:54
1648547815879552000,20.2,2,20.15,12,20.25,1,1,2022-03-29 09:56:55
1648547816993631000,20.15,7,20.15,5,20.2,3,2,2022-03-29 09:56:56
1648547821362665000,20.2,1,20.15,7,20.25,1,1,2022-03-29 09:57:01
1648547822400711000,20.2,1,20.15,7,20.25,1,1,2022-03-29 09:57:02
1648547826434305000,20.2,2,20.15,9,20.2,3,2,2022-03-29 09:57:06
1648547826470072000,20.2,3,20.15,9,20.25,1,1,2022-03-29 09:57:06
1648547830292796000,20.2,3,20.2,37,20.25,1,1,2022-03-29 09:57:10
1648547830317222000,20.25,1,20.2,37,20.3,17,1,2022-03-29 09:57:10
1648547834183084000,20.2,1,20.2,46,20.3,17,2,2022-03-29 09:57:14
1648547834257340000,20.2,1,20.2,45,20.3,17,2,2022-03-29 09:57:14
1648547837247147000,20.25,1,20.2,46,20.3,17,1,2022-03-29 09:57:17
1648547837413179000,20.2,1,20.2,45,20.3,17,2,2022-03-29 09:57:17
1648547840664649000,20.3,1,20.2,45,20.3,16,1,2022-03-29 09:57:20
1648547841474469000,20.25,5,20.2,45,20.3,16,1,2022-03-29 09:57:21
1648547843839450000,20.2,2,20.2,43,20.3,16,2,2022-03-29 09:57:23
1648547850020104000,20.25,1,20.25,8,20.3,16,2,2022-03-29 09:57:30
1648547850169512000,20.25,1,20.25,7,20.3,16,2,2022-03-29 09:57:30
1648547851546713000,20.3,1,20.25,7,20.3,15,1,2022-03-29 09:57:31
1648547858480185000,20.3,1,20.25,14,20.3,14,1,2022-03-29 09:57:38
1648547858597965000,20.3,1,20.25,14,20.3,13,1,2022-03-29 09:57:38
1648547861758178000,20.25,10,20.25,11,20.3,13,2,2022-03-29 09:57:41
1648547864322240000,20.25,1,20.25,10,20.3,13,2,2022-03-29 09:57:44
1648547864482906000,20.25,2,20.25,8,20.3,13,2,2022-03-29 09:57:44
1648547865302379000,20.3,1,20.25,8,20.3,12,1,2022-03-29 09:57:45
1648547871650085000,20.25,13,20.2,51,20.3,12,2,2022-03-29 09:57:51
1648547876921692000,20.3,5,20.2,64,20.3,7,1,2022-03-29 09:57:56
1648547881898946000,20.25,1,20.25,2,20.3,7,2,2022-03-29 09:58:01
1648547884561653000,20.25,1,20.25,1,20.3,7,2,2022-03-29 09:58:04
1648547885824124000,20.25,2,20.2,62,20.3,7,2,2022-03-29 09:58:05
1648547885824124000,20.2,3,20.2,62,20.3,7,2,2022-03-29 09:58:05
1648547886676022000,20.3,1,20.25,2,20.3,6,1,2022-03-29 09:58:06
1648547887257177000,20.25,1,20.25,1,20.3,6,2,2022-03-29 09:58:07
1648547887851849000,20.25,1,20.2,62,20.25,4,2,2022-03-29 09:58:07
1648547891487052000,20.2,1,20.2,71,20.25,5,2,2022-03-29 09:58:11
1648547891540817000,20.25,1,20.2,71,20.25,4,1,2022-03-29 09:58:11
1648547891588204000,20.25,1,20.2,71,20.25,3,1,2022-03-29 09:58:11
1648547892920674000,20.25,3,20.2,71,20.3,6,1,2022-03-29 09:58:12
1648547893109233000,20.25,3,20.2,71,20.3,6,2,2022-03-29 09:58:13
1648547893288038000,20.3,6,20.2,71,20.45,121,1,2022-03-29 09:58:13
1648547893288038000,20.35,1,20.2,71,20.45,121,1,2022-03-29 09:58:13
1648547893288038000,20.4,1,20.2,71,20.45,121,1,2022-03-29 09:58:13
1648547893288038000,20.45,2,20.2,71,20.45,121,1,2022-03-29 09:58:13
1648547902060833000,20.4,1,20.25,11,20.4,2,1,2022-03-29 09:58:22
1648547902254126000,20.4,1,20.25,11,20.4,1,1,2022-03-29 09:58:22
1648547903695559000,20.45,1,20.3,1,20.5,34,1,2022-03-29 09:58:23
1648547906118354000,20.45,1,20.45,1,20.5,34,1,2022-03-29 09:58:26
1648547906148233000,20.45,1,20.3,5,20.45,1,2,2022-03-29 09:58:26
1648547909955836000,20.45,1,20.3,5,20.5,34,1,2022-03-29 09:58:29
1648547910345003000,20.45,1,20.35,1,20.5,34,2,2022-03-29 09:58:30
1648547923379086000,20.4,1,20.35,2,20.4,4,1,2022-03-29 09:58:43
1648547925807308000,20.35,1,20.3,6,20.4,5,2,2022-03-29 09:58:45
1648547946503198000,20.35,1,20.3,15,20.4,5,2,2022-03-29 09:59:06
1648547956317072000,20.35,1,20.3,15,20.4,5,2,2022-03-29 09:59:16
1648547961415255000,20.3,2,20.3,14,20.4,5,2,2022-03-29 09:59:21
1648547966726712000,20.3,1,20.3,12,20.4,7,2,2022-03-29 09:59:26
1648547982592412000,20.3,1,20.3,16,20.35,4,2,2022-03-29 09:59:42
1648547987091434000,20.35,1,20.3,17,20.35,3,1,2022-03-29 09:59:47
1648547988724785000,20.3,5,20.3,12,20.35,3,2,2022-03-29 09:59:48
1648547990661510000,20.3,5,20.3,7,20.35,3,2,2022-03-29 09:59:50
1648547992090007000,20.35,2,20.3,9,20.35,1,1,2022-03-29 09:59:52
1648547992237485000,20.35,1,20.3,9,20.4,5,1,2022-03-29 09:59:52
1648547997440949000,20.35,1,20.3,9,20.4,5,1,2022-03-29 09:59:57
1648548007757240000,20.4,1,20.35,1,20.4,4,1,2022-03-29 10:00:07
1648548007843795000,20.35,1,20.3,9,20.4,4,2,2022-03-29 10:00:07
1648548008475766000,20.35,1,20.3,9,20.35,30,1,2022-03-29 10:00:08
1648548033111699000,20.35,1,20.3,13,20.35,31,1,2022-03-29 10:00:33
1648548036481275000,20.3,11,20.3,2,20.35,36,2,2022-03-29 10:00:36
1648548040640683000,20.3,1,20.3,2,20.35,36,2,2022-03-29 10:00:40
1648548040959899000,20.3,1,20.3,1,20.35,36,2,2022-03-29 10:00:40
1648548043482432000,20.3,1,20.25,20,20.3,1,2,2022-03-29 10:00:43
1648548049569743000,20.25,2,20.25,18,20.3,7,2,2022-03-29 10:00:49
1648548064693070000,20.25,2,20.25,15,20.3,9,2,2022-03-29 10:01:04
1648548079856973000,20.3,5,20.25,17,20.3,5,1,2022-03-29 10:01:19
1648548082477426000,20.3,3,20.25,17,20.3,2,1,2022-03-29 10:01:22
1648548086792967000,20.3,1,20.25,17,20.3,1,1,2022-03-29 10:01:26
1648548090449924000,20.3,1,20.3,5,20.35,37,1,2022-03-29 10:01:30
1648548090802971000,20.3,3,20.3,2,20.35,37,2,2022-03-29 10:01:30
1648548091469472000,20.3,2,20.2,66,20.25,3,2,2022-03-29 10:01:31
1648548091469472000,20.25,18,20.2,66,20.25,3,2,2022-03-29 10:01:31
1648548095561012000,20.25,1,20.2,67,20.25,2,1,2022-03-29 10:01:35
1648548102390321000,20.25,2,20.2,68,20.3,1,1,2022-03-29 10:01:42
1648548110228167000,20.35,1,20.2,69,20.35,36,1,2022-03-29 10:01:50
1648548113034719000,20.2,20,20.2,48,20.35,36,2,2022-03-29 10:01:53
1648548122977993000,20.3,1,20.25,2,20.3,1,1,2022-03-29 10:02:02
1648548131991878000,20.3,1,20.25,2,20.35,32,1,2022-03-29 10:02:11
1648548131991878000,20.35,4,20.25,2,20.35,32,1,2022-03-29 10:02:11
1648548135239233000,20.3,1,20.3,4,20.35,33,2,2022-03-29 10:02:15
1648548136066185000,20.35,1,20.3,4,20.35,32,1,2022-03-29 10:02:16
1648548138723762000,20.3,1,20.3,3,20.35,32,2,2022-03-29 10:02:18
1648548146237873000,20.35,2,20.3,4,20.35,30,1,2022-03-29 10:02:26
1648548163438019000,20.35,3,20.3,12,20.35,31,1,2022-03-29 10:02:43
1648548165073857000,20.35,2,20.3,12,20.35,29,1,2022-03-29 10:02:45
1648548170131594000,20.35,1,20.3,12,20.35,28,1,2022-03-29 10:02:50
1648548171801559000,20.3,1,20.3,11,20.35,28,2,2022-03-29 10:02:51
1648548181983036000,20.3,3,20.3,10,20.35,28,2,2022-03-29 10:03:01
1648548183571118000,20.35,1,20.3,11,20.35,27,1,2022-03-29 10:03:03
1648548193240958000,20.35,1,20.3,9,20.35,22,1,2022-03-29 10:03:13
1648548193326771000,20.3,1,20.3,9,20.35,22,2,2022-03-29 10:03:13
1648548194030094000,20.3,1,20.3,8,20.35,22,2,2022-03-29 10:03:14
1648548200399483000,20.3,1,20.3,7,20.35,22,2,2022-03-29 10:03:20
1648548219467161000,20.3,1,20.3,7,20.35,24,2,2022-03-29 10:03:39
1648548229667997000,20.3,3,20.3,4,20.35,24,2,2022-03-29 10:03:49
1648548231152019000,20.3,1,20.3,3,20.35,24,2,2022-03-29 10:03:51
1648548231180476000,20.3,1,20.3,2,20.35,24,2,2022-03-29 10:03:51
1648548235105551000,20.3,1,20.3,5,20.35,24,2,2022-03-29 10:03:55
1648548241170139000,20.35,1,20.3,15,20.35,23,1,2022-03-29 10:04:01
1648548248178965000,20.35,2,20.3,29,20.35,21,1,2022-03-29 10:04:08
1648548252891065000,20.35,5,20.3,29,20.35,16,1,2022-03-29 10:04:12
1648548252917862000,20.35,15,20.3,29,20.35,1,1,2022-03-29 10:04:12
1648548252947926000,20.35,1,20.3,29,20.4,6,1,2022-03-29 10:04:12
1648548258501703000,20.35,1,20.35,11,20.4,6,2,2022-03-29 10:04:18
1648548264541332000,20.35,1,20.35,19,20.4,6,2,2022-03-29 10:04:24
1648548265564863000,20.4,3,20.35,19,20.4,3,1,2022-03-29 10:04:25
1648548270218468000,20.4,1,20.35,44,20.4,3,1,2022-03-29 10:04:30
1648548278883606000,20.4,3,20.35,44,20.45,16,1,2022-03-29 10:04:38
1648548279391304000,20.4,1,20.35,44,20.45,16,1,2022-03-29 10:04:39
1648548295904790000,20.4,1,20.4,18,20.45,16,2,2022-03-29 10:04:55
1648548302366433000,20.4,1,20.4,18,20.45,16,2,2022-03-29 10:05:02
1648548319571756000,20.4,1,20.4,19,20.45,15,2,2022-03-29 10:05:19
1648548354442572000,20.45,15,20.4,25,20.45,3,1,2022-03-29 10:05:54
1648548354467384000,20.45,3,20.4,25,20.5,36,1,2022-03-29 10:05:54
1648548377213800000,20.45,1,20.45,2,20.5,36,2,2022-03-29 10:06:17
1648548380638771000,20.45,2,20.4,27,20.5,36,2,2022-03-29 10:06:20
1648548401418456000,20.45,1,20.4,27,20.5,35,2,2022-03-29 10:06:41
1648548423269575000,20.45,1,20.4,31,20.45,3,1,2022-03-29 10:07:03
1648548424760280000,20.45,2,20.4,31,20.45,1,1,2022-03-29 10:07:04
1648548426283818000,20.45,1,20.4,31,20.5,34,1,2022-03-29 10:07:06
1648548427683141000,20.4,1,20.4,30,20.5,34,2,2022-03-29 10:07:07
1648548439956658000,20.45,2,20.45,3,20.5,34,2,2022-03-29 10:07:19
1648548445302237000,20.45,3,20.4,31,20.45,2,2,2022-03-29 10:07:25
1648548449406087000,20.4,10,20.4,21,20.45,2,2,2022-03-29 10:07:29
1648548469002943000,20.4,1,20.4,24,20.45,9,2,2022-03-29 10:07:49
1648548496280855000,20.4,1,20.4,23,20.45,12,2,2022-03-29 10:08:16
1648548550360823000,20.4,1,20.4,35,20.45,15,2,2022-03-29 10:09:10
1648548552378977000,20.4,35,20.35,18,20.4,15,2,2022-03-29 10:09:12
1648548554146769000,20.35,18,20.3,74,20.35,32,2,2022-03-29 10:09:14
1648548581030718000,20.35,1,20.3,74,20.35,6,1,2022-03-29 10:09:41
1648548586966442000,20.3,2,20.3,72,20.35,5,2,2022-03-29 10:09:46
1648548587749571000,20.3,72,20.25,27,20.3,28,2,2022-03-29 10:09:47
1648548596911054000,20.3,1,20.3,5,20.35,6,2,2022-03-29 10:09:56
1648548601177741000,20.3,1,20.3,5,20.35,6,2,2022-03-29 10:10:01
1648548605744754000,20.3,5,20.25,25,20.3,1,2,2022-03-29 10:10:05
1648548607649357000,20.3,1,20.3,2,20.35,6,1,2022-03-29 10:10:07
1648548608566218000,20.3,2,20.25,22,20.35,5,2,2022-03-29 10:10:08
1648548623319252000,20.3,1,20.25,25,20.3,11,1,2022-03-29 10:10:23
1648548635328497000,20.3,1,20.25,25,20.3,12,1,2022-03-29 10:10:35
1648548635362264000,20.25,1,20.25,24,20.3,12,2,2022-03-29 10:10:35
1648548641862898000,20.25,3,20.25,21,20.3,16,2,2022-03-29 10:10:41
1648548648876980000,20.3,3,20.25,23,20.3,4,1,2022-03-29 10:10:48
1648548656901474000,20.25,2,20.25,26,20.3,5,2,2022-03-29 10:10:56
1648548664316370000,20.25,24,20.25,2,20.3,6,2,2022-03-29 10:11:04
1648548664338178000,20.25,2,20.2,51,20.3,6,2,2022-03-29 10:11:04
1648548694640773000,20.25,1,20.25,7,20.3,9,2,2022-03-29 10:11:34
1648548700963911000,20.25,2,20.25,5,20.3,8,2,2022-03-29 10:11:40
1648548702348092000,20.25,5,20.2,9,20.3,8,2,2022-03-29 10:11:42
1648548702348092000,20.2,42,20.2,9,20.3,8,2,2022-03-29 10:11:42
1648548704434548000,20.2,5,20.2,4,20.3,8,2,2022-03-29 10:11:44
1648548707313580000,20.25,1,20.2,4,20.25,4,1,2022-03-29 10:11:47
1648548708742895000,20.2,2,20.2,2,20.25,4,2,2022-03-29 10:11:48
1648548710025709000,20.2,1,20.2,4,20.25,4,2,2022-03-29 10:11:50
1648548720148948000,20.25,2,20.2,19,20.25,2,1,2022-03-29 10:12:00
1648548725563073000,20.25,1,20.2,19,20.25,2,1,2022-03-29 10:12:05
1648548728695768000,20.25,1,20.2,19,20.25,1,1,2022-03-29 10:12:08
1648548730647994000,20.25,1,20.2,29,20.3,8,1,2022-03-29 10:12:10
1648548737026394000,20.25,1,20.2,34,20.3,8,1,2022-03-29 10:12:17
1648548745509541000,20.3,1,20.2,34,20.3,7,1,2022-03-29 10:12:25
1648548763068430000,20.3,1,20.25,3,20.3,10,1,2022-03-29 10:12:43
1648548763488827000,20.25,3,20.2,35,20.25,2,2,2022-03-29 10:12:43
1648548765639726000,20.2,35,20.15,22,20.25,2,2,2022-03-29 10:12:45
1648548765639726000,20.15,30,20.15,22,20.25,2,2,2022-03-29 10:12:45
1648548767072858000,20.25,2,20.25,3,20.3,10,1,2022-03-29 10:12:47
1648548767107505000,20.25,1,20.25,2,20.3,10,2,2022-03-29 10:12:47
1648548767107666000,20.25,2,20.15,22,20.3,10,2,2022-03-29 10:12:47
1648548768283173000,20.2,2,20.15,22,20.2,28,1,2022-03-29 10:12:48
1648548771318139000,20.2,3,20.15,22,20.2,30,1,2022-03-29 10:12:51
1648548772821862000,20.2,1,20.15,22,20.2,29,1,2022-03-29 10:12:52
1648548776702768000,20.2,1,20.15,23,20.2,28,1,2022-03-29 10:12:56
1648548779965460000,20.2,6,20.15,23,20.2,28,1,2022-03-29 10:12:59
1648548781033421000,20.15,5,20.15,18,20.2,23,2,2022-03-29 10:13:01
1648548782637594000,20.15,6,20.15,12,20.2,23,2,2022-03-29 10:13:02
1648548797042135000,20.15,5,20.15,6,20.2,23,2,2022-03-29 10:13:17
1648548799183433000,20.15,3,20.15,3,20.2,23,2,2022-03-29 10:13:19
1648548801780051000,20.15,2,20.15,1,20.2,23,2,2022-03-29 10:13:21
1648548802879746000,20.15,1,20.1,34,20.2,18,2,2022-03-29 10:13:22
1648548802879746000,20.1,4,20.1,34,20.2,18,2,2022-03-29 10:13:22
1648548802919222000,20.1,1,20.1,33,20.2,18,2,2022-03-29 10:13:22
1648548803118006000,20.1,3,20.1,30,20.2,18,2,2022-03-29 10:13:23
1648548804969105000,20.15,1,20.1,30,20.15,1,1,2022-03-29 10:13:24
1648548813599975000,20.15,1,20.1,31,20.15,1,1,2022-03-29 10:13:33
1648548815461921000,20.15,1,20.1,31,20.15,1,1,2022-03-29 10:13:35
1648548817085767000,20.15,1,20.15,1,20.2,17,1,2022-03-29 10:13:37
1648548821960741000,20.15,1,20.15,6,20.2,17,2,2022-03-29 10:13:41
1648548830580930000,20.15,2,20.15,5,20.2,17,2,2022-03-29 10:13:50
1648548833408271000,20.15,5,20.1,58,20.15,5,2,2022-03-29 10:13:53
1648548833926043000,20.15,1,20.1,58,20.15,4,1,2022-03-29 10:13:53
1648548837854349000,20.15,2,20.1,60,20.15,2,1,2022-03-29 10:13:57
1648548840213197000,20.1,3,20.1,57,20.15,2,2,2022-03-29 10:14:00
1648548840577005000,20.15,2,20.15,1,20.2,17,1,2022-03-29 10:14:00
1648548845911276000,20.15,1,20.15,2,20.2,17,2,2022-03-29 10:14:05
1648548846060981000,20.15,2,20.1,57,20.2,17,2,2022-03-29 10:14:06
1648548846060981000,20.1,3,20.1,57,20.2,17,2,2022-03-29 10:14:06
1648548848331379000,20.15,1,20.15,1,20.2,17,1,2022-03-29 10:14:08
1648548849994223000,20.15,1,20.1,57,20.2,17,2,2022-03-29 10:14:09
1648548861645023000,20.15,2,20.15,20,20.2,17,2,2022-03-29 10:14:21
1648548876051715000,20.2,1,20.15,25,20.2,16,1,2022-03-29 10:14:36
1648548879425723000,20.15,2,20.15,23,20.2,16,2,2022-03-29 10:14:39
1648548894338413000,20.2,2,20.15,27,20.2,19,1,2022-03-29 10:14:54
1648548897667939000,20.2,1,20.15,27,20.2,18,1,2022-03-29 10:14:57
1648548910771763000,20.2,1,20.15,28,20.2,18,1,2022-03-29 10:15:10
1648548911717045000,20.15,1,20.15,27,20.2,50,2,2022-03-29 10:15:11
1648548915136982000,20.2,50,20.15,26,20.25,43,1,2022-03-29 10:15:15
1648548916533201000,20.15,3,20.15,23,20.25,1,2,2022-03-29 10:15:16
1648548922884992000,20.25,1,20.2,3,20.25,10,1,2022-03-29 10:15:22
1648548929427496000,20.25,1,20.2,4,20.25,14,1,2022-03-29 10:15:29
1648548932496579000,20.25,1,20.2,6,20.25,19,1,2022-03-29 10:15:32
1648548936273409000,20.25,1,20.2,6,20.25,13,1,2022-03-29 10:15:36
1648548938196078000,20.2,4,20.2,3,20.25,13,2,2022-03-29 10:15:38
1648548939426796000,20.25,1,20.2,3,20.25,12,1,2022-03-29 10:15:39
1648548962089387000,20.25,1,20.2,13,20.25,13,1,2022-03-29 10:16:02
1648548972960302000,20.25,6,20.2,18,20.25,7,1,2022-03-29 10:16:12
1648548981807142000,20.25,3,20.2,18,20.25,6,1,2022-03-29 10:16:21
1648548986100683000,20.25,2,20.2,23,20.25,4,1,2022-03-29 10:16:26
1648548996465457000,20.25,4,20.25,1,20.3,8,1,2022-03-29 10:16:36
1648548996487506000,20.25,1,20.2,18,20.3,8,2,2022-03-29 10:16:36
1648549017404432000,20.3,1,20.25,4,20.3,12,1,2022-03-29 10:16:57
1648549017619656000,20.25,4,20.2,21,20.3,12,2,2022-03-29 10:16:57
1648549030783350000,20.3,5,20.25,3,20.3,7,1,2022-03-29 10:17:10
1648549040822943000,20.25,1,20.25,2,20.3,7,2,2022-03-29 10:17:20
1648549040846927000,20.25,2,20.2,22,20.3,7,2,2022-03-29 10:17:20
1648549052766160000,20.25,1,20.2,22,20.3,10,2,2022-03-29 10:17:32
1648549103201253000,20.25,3,20.25,7,20.3,6,2,2022-03-29 10:18:23
1648549105756605000,20.3,2,20.25,7,20.3,4,1,2022-03-29 10:18:25
1648549113712118000,20.3,1,20.25,7,20.3,3,1,2022-03-29 10:18:33
1648549118671400000,20.3,3,20.3,5,20.35,34,1,2022-03-29 10:18:38
1648549118694390000,20.3,5,20.25,7,20.35,34,2,2022-03-29 10:18:38
1648549131449510000,20.3,2,20.25,7,20.3,8,2,2022-03-29 10:18:51
1648549153487506000,20.3,1,20.25,8,20.3,10,1,2022-03-29 10:19:13
1648549187053358000,20.3,1,20.25,6,20.3,9,1,2022-03-29 10:19:47
1648549204837886000,20.3,1,20.25,14,20.3,8,1,2022-03-29 10:20:04
1648549211504848000,20.3,1,20.25,9,20.3,7,1,2022-03-29 10:20:11
1648549211589348000,20.25,1,20.25,8,20.3,7,2,2022-03-29 10:20:11
1648549232918135000,20.25,1,20.25,8,20.3,11,2,2022-03-29 10:20:32
1648549232955534000,20.25,2,20.25,6,20.3,11,2,2022-03-29 10:20:32
1648549233594764000,20.25,1,20.25,5,20.3,11,2,2022-03-29 10:20:33
1648549251172085000,20.25,1,20.25,6,20.3,12,2,2022-03-29 10:20:51
1648549251193048000,20.25,2,20.25,4,20.3,12,2,2022-03-29 10:20:51
1648549258789539000,20.25,2,20.25,2,20.3,13,2,2022-03-29 10:20:58
1648549258824997000,20.25,2,20.2,22,20.3,13,2,2022-03-29 10:20:58
1648549273924614000,20.25,1,20.2,22,20.25,25,1,2022-03-29 10:21:13
1648549326017183000,20.2,22,20.15,56,20.2,18,2,2022-03-29 10:22:06
1648549333043913000,20.2,1,20.15,61,20.2,17,1,2022-03-29 10:22:13
1648549334554502000,20.2,17,20.2,1,20.25,22,1,2022-03-29 10:22:14
1648549337881072000,20.2,2,20.2,1,20.25,22,2,2022-03-29 10:22:17
1648549339615730000,20.2,1,20.2,17,20.25,22,1,2022-03-29 10:22:19
1648549362081817000,20.25,20,20.2,2,20.25,2,1,2022-03-29 10:22:42
1648549362108081000,20.25,2,20.2,3,20.3,13,1,2022-03-29 10:22:42
1648549368141684000,20.25,2,20.2,3,20.25,34,1,2022-03-29 10:22:48
1648549373698351000,20.25,1,20.2,4,20.25,33,1,2022-03-29 10:22:53
1648549375087998000,20.25,5,20.2,4,20.25,28,1,2022-03-29 10:22:55
1648549375523424000,20.25,20,20.2,4,20.25,8,1,2022-03-29 10:22:55
1648549378487402000,20.25,5,20.2,4,20.25,3,1,2022-03-29 10:22:58
1648549378516587000,20.25,3,20.2,4,20.3,49,1,2022-03-29 10:22:58
1648549379301188000,20.3,3,20.2,4,20.3,46,1,2022-03-29 10:22:59
1648549379494556000,20.2,4,20.15,49,20.3,46,2,2022-03-29 10:22:59
1648549379494556000,20.15,11,20.15,49,20.3,46,2,2022-03-29 10:22:59
1648549387838976000,20.25,2,20.25,8,20.3,46,1,2022-03-29 10:23:07
1648549388565504000,20.25,2,20.25,6,20.3,46,2,2022-03-29 10:23:08
1648549392014796000,20.3,1,20.25,6,20.3,45,1,2022-03-29 10:23:12
1648549397712097000,20.3,9,20.25,6,20.35,29,1,2022-03-29 10:23:17
1648549407882629000,20.35,2,20.25,9,20.35,27,1,2022-03-29 10:23:27
1648549407935071000,20.35,1,20.25,9,20.35,26,1,2022-03-29 10:23:27
1648549412966657000,20.35,1,20.25,9,20.35,25,1,2022-03-29 10:23:32
1648549416524473000,20.35,2,20.25,9,20.35,23,1,2022-03-29 10:23:36
1648549416684248000,20.3,5,20.25,9,20.35,23,1,2022-03-29 10:23:36
1648549421031858000,20.3,1,20.25,9,20.35,23,1,2022-03-29 10:23:41
1648549435088122000,20.3,1,20.3,1,20.35,24,2,2022-03-29 10:23:55
1648549435980429000,20.3,1,20.25,9,20.35,24,2,2022-03-29 10:23:55
1648549462175060000,20.3,1,20.25,10,20.3,2,1,2022-03-29 10:24:22
1648549472219234000,20.3,3,20.25,10,20.35,19,1,2022-03-29 10:24:32
1648549472219234000,20.35,7,20.25,10,20.35,19,1,2022-03-29 10:24:32
1648549492515475000,20.3,1,20.3,4,20.35,18,2,2022-03-29 10:24:52
1648549556858675000,20.3,1,20.3,4,20.35,18,2,2022-03-29 10:25:56
1648549559965634000,20.3,4,20.25,9,20.3,1,2,2022-03-29 10:25:59
1648549627239624000,20.25,5,20.25,5,20.3,34,2,2022-03-29 10:27:07
1648549646961233000,20.25,3,20.25,2,20.3,34,2,2022-03-29 10:27:26
1648549647679252000,20.25,1,20.25,1,20.3,34,2,2022-03-29 10:27:27
1648549654959258000,20.25,1,20.2,40,20.3,34,2,2022-03-29 10:27:34
1648549665068649000,20.2,40,20.15,47,20.3,34,2,2022-03-29 10:27:45
1648549695831065000,20.2,1,20.15,45,20.2,1,1,2022-03-29 10:28:15
1648549715749428000,20.2,5,20.2,5,20.25,61,1,2022-03-29 10:28:35
1648549724638679000,20.25,2,20.2,6,20.25,59,1,2022-03-29 10:28:44
1648549737549480000,20.25,1,20.2,16,20.25,24,1,2022-03-29 10:28:57
1648549744219090000,20.25,5,20.2,16,20.25,19,1,2022-03-29 10:29:04
