ts,close,volume,bid_price,bid_volume,ask_price,ask_volume,tick_type,datetime
1653469217808033000,25.9,378,25.9,43,25.95,5,0,2022-05-25 09:00:17
1653469217841534000,25.9,2,25.9,41,25.95,5,2,2022-05-25 09:00:17
1653469217868194000,25.95,1,25.9,41,25.95,4,1,2022-05-25 09:00:17
1653469217989562000,25.9,1,25.9,40,25.95,5,2,2022-05-25 09:00:17
1653469218241015000,25.9,5,25.9,35,25.95,5,2,2022-05-25 09:00:18
1653469218482574000,25.9,8,25.9,27,25.95,5,2,2022-05-25 09:00:18
1653469218485467000,25.95,5,25.9,27,26.0,24,1,2022-05-25 09:00:18
1653469218485467000,26.0,2,25.9,27,26.0,24,1,2022-05-25 09:00:18
1653469220141156000,26.0,24,25.9,58,26.05,4,1,2022-05-25 09:00:20
1653469220255278000,25.9,1,25.9,57,26.05,4,2,2022-05-25 09:00:20
1653469220643987000,26.05,4,25.9,57,26.15,1,1,2022-05-25 09:00:20
1653469220643987000,26.1,8,25.9,57,26.15,1,1,2022-05-25 09:00:20
1653469220643987000,26.15,3,25.9,57,26.15,1,1,2022-05-25 09:00:20
1653469221069354000,26.15,1,25.95,5,26.2,18,1,2022-05-25 09:00:21
1653469222469529000,26.2,2,26.0,1,26.2,16,1,2022-05-25 09:00:22
1653469223082250000,26.2,1,26.0,1,26.2,15,1,2022-05-25 09:00:23
1653469224068552000,26.15,4,26.0,6,26.2,14,1,2022-05-25 09:00:24
1653469224068552000,26.2,1,26.0,6,26.2,14,1,2022-05-25 09:00:24
1653469224317229000,26.2,1,26.05,4,26.2,13,1,2022-05-25 09:00:24
1653469224911926000,26.15,1,26.0,6,26.2,13,1,2022-05-25 09:00:24
1653469225339060000,26.2,1,26.05,4,26.2,12,1,2022-05-25 09:00:25
1653469225542384000,26.2,12,26.05,5,26.3,3,1,2022-05-25 09:00:25
1653469225542384000,26.25,5,26.05,5,26.3,3,1,2022-05-25 09:00:25
1653469225542384000,26.3,3,26.05,5,26.3,3,1,2022-05-25 09:00:25
1653469227590112000,26.2,1,26.15,6,26.25,2,2,2022-05-25 09:00:27
1653469227833545000,26.25,1,26.15,6,26.25,1,1,2022-05-25 09:00:27
1653469227837929000,26.25,1,26.15,6,26.4,14,1,2022-05-25 09:00:27
1653469227837929000,26.3,7,26.15,6,26.4,14,1,2022-05-25 09:00:27
1653469227837929000,26.35,8,26.15,6,26.4,14,1,2022-05-25 09:00:27
1653469227837929000,26.4,4,26.15,6,26.4,14,1,2022-05-25 09:00:27
1653469227904685000,26.2,1,26.15,10,26.2,4,2,2022-05-25 09:00:27
1653469227934919000,26.2,4,26.15,6,26.4,14,1,2022-05-25 09:00:27
1653469227962249000,26.15,1,26.15,5,26.4,14,2,2022-05-25 09:00:27
1653469228126792000,26.3,1,26.15,5,26.35,4,2,2022-05-25 09:00:28
1653469228226863000,26.3,1,26.3,4,26.35,4,2,2022-05-25 09:00:28
1653469228227164000,26.3,4,26.15,5,26.35,4,2,2022-05-25 09:00:28
1653469228831220000,26.3,1,26.2,1,26.3,8,1,2022-05-25 09:00:28
1653469228845750000,26.2,1,26.15,5,26.3,8,2,2022-05-25 09:00:28
1653469229773368000,26.2,1,26.15,5,26.25,1,2,2022-05-25 09:00:29
1653469229972341000,26.25,2,26.15,5,26.3,7,1,2022-05-25 09:00:29
1653469229972341000,26.3,1,26.15,5,26.3,7,1,2022-05-25 09:00:29
1653469230279797000,26.15,1,26.15,4,26.3,7,2,2022-05-25 09:00:30
1653469230625878000,26.3,7,26.2,2,26.35,1,1,2022-05-25 09:00:30
1653469230625878000,26.35,3,26.2,2,26.35,1,1,2022-05-25 09:00:30
1653469230690107000,26.2,1,26.2,1,26.35,1,2,2022-05-25 09:00:30
1653469230720179000,26.2,1,26.15,4,26.35,1,2,2022-05-25 09:00:30
1653469231109068000,26.3,5,26.2,3,26.3,1,1,2022-05-25 09:00:31
1653469231297480000,26.25,1,26.2,3,26.3,1,2,2022-05-25 09:00:31
1653469232563511000,26.3,1,26.2,8,26.4,13,1,2022-05-25 09:00:32
1653469232563511000,26.35,1,26.2,8,26.4,13,1,2022-05-25 09:00:32
1653469232563511000,26.4,1,26.2,8,26.4,13,1,2022-05-25 09:00:32
1653469234248989000,26.3,1,26.25,6,26.3,2,1,2022-05-25 09:00:34
1653469234782743000,26.3,2,26.25,11,26.3,5,1,2022-05-25 09:00:34
1653469235110853000,26.3,1,26.25,11,26.3,4,1,2022-05-25 09:00:35
1653469235395356000,26.3,4,26.3,1,26.35,1,1,2022-05-25 09:00:35
1653469235490383000,26.3,1,26.25,11,26.35,1,2,2022-05-25 09:00:35
1653469235983629000,26.3,1,26.3,2,26.35,6,2,2022-05-25 09:00:35
1653469236330670000,26.35,1,26.3,2,26.35,5,1,2022-05-25 09:00:36
1653469238053262000,26.35,5,26.35,8,26.4,15,1,2022-05-25 09:00:38
1653469238111289000,26.35,3,26.35,5,26.4,15,2,2022-05-25 09:00:38
1653469238691235000,26.35,1,26.35,4,26.4,15,2,2022-05-25 09:00:38
1653469238725185000,26.35,4,26.3,8,26.4,15,2,2022-05-25 09:00:38
1653469238733224000,26.4,2,26.3,8,26.4,13,1,2022-05-25 09:00:38
1653469240000649000,26.4,5,26.35,2,26.4,8,1,2022-05-25 09:00:40
1653469240071195000,26.4,5,26.35,2,26.4,3,1,2022-05-25 09:00:40
1653469240100280000,26.4,3,26.35,2,26.45,29,1,2022-05-25 09:00:40
1653469240269469000,26.35,1,26.35,1,26.45,29,2,2022-05-25 09:00:40
1653469241159743000,26.45,1,26.35,1,26.45,28,1,2022-05-25 09:00:41
1653469241571517000,26.35,1,26.35,6,26.45,28,2,2022-05-25 09:00:41
1653469242553798000,26.45,1,26.35,27,26.45,27,1,2022-05-25 09:00:42
1653469243713028000,26.45,1,26.35,33,26.45,26,1,2022-05-25 09:00:43
1653469243821649000,26.45,3,26.35,33,26.45,23,1,2022-05-25 09:00:43
1653469243990422000,26.35,2,26.35,31,26.45,23,2,2022-05-25 09:00:43
1653469244387137000,26.45,23,26.45,7,26.5,16,1,2022-05-25 09:00:44
1653469244393725000,26.5,16,26.45,7,26.6,7,1,2022-05-25 09:00:44
1653469244393725000,26.55,5,26.45,7,26.6,7,1,2022-05-25 09:00:44
1653469245210912000,26.45,5,26.45,2,26.6,7,2,2022-05-25 09:00:45
1653469246235294000,26.45,1,26.45,6,26.6,7,2,2022-05-25 09:00:46
1653469247488552000,26.55,5,26.45,6,26.55,5,1,2022-05-25 09:00:47
1653469247528768000,26.55,3,26.45,6,26.55,8,1,2022-05-25 09:00:47
1653469247605840000,26.5,2,26.5,4,26.55,8,2,2022-05-25 09:00:47
1653469247606844000,26.5,4,26.45,6,26.55,8,2,2022-05-25 09:00:47
1653469247789780000,26.55,2,26.45,6,26.55,6,1,2022-05-25 09:00:47
1653469248285118000,26.5,1,26.45,6,26.5,4,1,2022-05-25 09:00:48
1653469248391702000,26.5,1,26.45,6,26.5,3,1,2022-05-25 09:00:48
1653469248513329000,26.5,3,26.5,1,26.55,6,1,2022-05-25 09:00:48
1653469248601857000,26.5,1,26.45,6,26.5,1,2,2022-05-25 09:00:48
1653469248777978000,26.5,1,26.45,6,26.55,5,1,2022-05-25 09:00:48
1653469248777978000,26.55,1,26.45,6,26.55,5,1,2022-05-25 09:00:48
1653469248944067000,26.45,1,26.45,5,26.55,5,2,2022-05-25 09:00:48
1653469249465896000,26.55,5,26.55,5,26.6,8,1,2022-05-25 09:00:49
1653469249499232000,26.55,1,26.55,4,26.6,8,2,2022-05-25 09:00:49
1653469249611793000,26.55,1,26.55,3,26.6,8,2,2022-05-25 09:00:49
1653469249677485000,26.55,1,26.55,2,26.6,8,2,2022-05-25 09:00:49
1653469249701289000,26.55,2,26.45,5,26.6,8,2,2022-05-25 09:00:49
1653469249999502000,26.45,1,26.45,4,26.5,2,2,2022-05-25 09:00:49
1653469250039768000,26.5,1,26.45,5,26.5,1,1,2022-05-25 09:00:50
1653469250271821000,26.45,1,26.45,4,26.5,1,2,2022-05-25 09:00:50
1653469250413095000,26.5,1,26.45,4,26.5,10,1,2022-05-25 09:00:50
1653469250875775000,26.45,3,26.45,1,26.5,10,2,2022-05-25 09:00:50
1653469251587812000,26.45,1,26.4,25,26.45,4,2,2022-05-25 09:00:51
1653469251589638000,26.45,2,26.4,25,26.45,2,1,2022-05-25 09:00:51
1653469251767114000,26.4,4,26.4,21,26.45,2,2,2022-05-25 09:00:51
1653469251784704000,26.45,1,26.4,21,26.45,1,1,2022-05-25 09:00:51
1653469251828599000,26.45,1,26.4,21,26.5,10,1,2022-05-25 09:00:51
1653469251982885000,26.4,1,26.4,20,26.5,10,2,2022-05-25 09:00:51
1653469252282543000,26.45,1,26.4,20,26.45,1,1,2022-05-25 09:00:52
1653469252289719000,26.45,1,26.4,20,26.5,10,1,2022-05-25 09:00:52
1653469252691426000,26.5,1,26.4,20,26.5,10,1,2022-05-25 09:00:52
1653469253478719000,26.45,1,26.4,20,26.45,1,1,2022-05-25 09:00:53
1653469253526777000,26.45,1,26.4,20,26.5,11,1,2022-05-25 09:00:53
1653469253582791000,26.4,2,26.4,18,26.5,12,2,2022-05-25 09:00:53
1653469253739400000,26.5,1,26.4,18,26.5,16,1,2022-05-25 09:00:53
1653469253897374000,26.45,1,26.4,18,26.5,16,1,2022-05-25 09:00:53
1653469254872241000,26.45,1,26.4,19,26.45,3,1,2022-05-25 09:00:54
1653469254928045000,26.45,1,26.4,19,26.45,2,1,2022-05-25 09:00:54
1653469255153921000,26.45,1,26.4,19,26.45,5,1,2022-05-25 09:00:55
1653469255450528000,26.4,21,26.35,7,26.45,9,2,2022-05-25 09:00:55
1653469255450528000,26.35,29,26.35,7,26.45,9,2,2022-05-25 09:00:55
1653469255475851000,26.35,1,26.35,6,26.45,9,2,2022-05-25 09:00:55
1653469255524065000,26.4,1,26.35,6,26.45,9,2,2022-05-25 09:00:55
1653469255602486000,26.35,1,26.35,5,26.45,9,2,2022-05-25 09:00:55
1653469255675560000,26.35,1,26.35,4,26.45,9,2,2022-05-25 09:00:55
1653469256252224000,26.35,4,26.3,27,26.4,30,2,2022-05-25 09:00:56
1653469256443752000,26.3,1,26.3,26,26.4,30,2,2022-05-25 09:00:56
1653469256482105000,26.3,4,26.3,22,26.4,30,2,2022-05-25 09:00:56
1653469256681483000,26.3,1,26.3,18,26.4,45,2,2022-05-25 09:00:56
1653469256713887000,26.4,1,26.3,18,26.4,44,1,2022-05-25 09:00:56
1653469256798667000,26.4,15,26.3,18,26.4,29,1,2022-05-25 09:00:56
1653469256959436000,26.3,18,26.3,1,26.35,5,2,2022-05-25 09:00:56
1653469256994024000,26.3,1,26.25,11,26.35,7,2,2022-05-25 09:00:56
1653469257399013000,26.25,5,26.25,6,26.35,41,2,2022-05-25 09:00:57
1653469257432438000,26.25,6,26.2,13,26.35,41,2,2022-05-25 09:00:57
1653469257527887000,26.2,13,26.05,1,26.35,41,2,2022-05-25 09:00:57
1653469257527887000,26.15,7,26.05,1,26.35,41,2,2022-05-25 09:00:57
1653469257682624000,26.3,1,26.15,1,26.35,39,1,2022-05-25 09:00:57
1653469257682624000,26.35,2,26.15,1,26.35,39,1,2022-05-25 09:00:57
1653469257754640000,26.25,1,26.15,2,26.25,4,1,2022-05-25 09:00:57
1653469258173416000,26.2,5,26.15,2,26.25,19,1,2022-05-25 09:00:58
1653469258304818000,26.25,1,26.15,2,26.25,18,1,2022-05-25 09:00:58
1653469258949021000,26.2,1,26.15,2,26.2,3,1,2022-05-25 09:00:58
1653469258949631000,26.2,3,26.15,2,26.25,18,1,2022-05-25 09:00:58
1653469259516763000,26.25,1,26.15,2,26.25,9,1,2022-05-25 09:00:59
1653469260264978000,26.15,1,26.15,1,26.2,1,2,2022-05-25 09:01:00
1653469261721034000,26.15,1,26.1,6,26.2,1,2,2022-05-25 09:01:01
1653469262286144000,26.2,1,26.15,1,26.25,19,1,2022-05-25 09:01:02
1653469262496309000,26.15,1,26.1,6,26.25,19,2,2022-05-25 09:01:02
1653469262587269000,26.1,1,26.1,5,26.25,19,2,2022-05-25 09:01:02
1653469262667027000,26.1,5,25.95,4,26.25,19,2,2022-05-25 09:01:02
1653469262667027000,26.05,1,25.95,4,26.25,19,2,2022-05-25 09:01:02
1653469262667027000,26.0,2,25.95,4,26.25,19,2,2022-05-25 09:01:02
1653469262667027000,25.95,2,25.95,4,26.25,19,2,2022-05-25 09:01:02
1653469263417036000,26.0,1,25.95,4,26.0,5,1,2022-05-25 09:01:03
1653469263458086000,26.0,5,25.95,4,26.2,2,1,2022-05-25 09:01:03
1653469263973549000,26.2,1,26.0,9,26.25,22,1,2022-05-25 09:01:03
1653469264020173000,26.05,1,26.05,6,26.25,22,2,2022-05-25 09:01:04
1653469264307236000,26.05,2,26.05,4,26.25,22,2,2022-05-25 09:01:04
1653469264916619000,26.05,2,26.05,7,26.2,18,2,2022-05-25 09:01:04
1653469264996110000,26.05,6,26.05,1,26.15,2,2,2022-05-25 09:01:04
1653469266045053000,26.15,1,26.05,1,26.15,3,1,2022-05-25 09:01:06
1653469266304153000,26.15,1,26.05,1,26.15,2,1,2022-05-25 09:01:06
1653469267761333000,26.05,2,26.05,16,26.1,3,2,2022-05-25 09:01:07
1653469267884984000,26.1,1,26.05,16,26.1,2,1,2022-05-25 09:01:07
1653469268785092000,26.05,2,26.05,16,26.15,2,2,2022-05-25 09:01:08
1653469269570471000,26.05,1,26.05,15,26.15,11,2,2022-05-25 09:01:09
1653469269844702000,26.15,1,26.05,15,26.15,10,1,2022-05-25 09:01:09
1653469270261400000,26.05,1,26.05,14,26.15,11,2,2022-05-25 09:01:10
1653469270511012000,26.05,1,26.05,13,26.15,11,2,2022-05-25 09:01:10
1653469270811537000,26.05,14,26.0,3,26.1,10,2,2022-05-25 09:01:10
1653469270811537000,26.0,1,26.0,3,26.1,10,2,2022-05-25 09:01:10
1653469270872239000,26.0,3,25.95,10,26.05,2,2,2022-05-25 09:01:10
1653469270872239000,25.95,3,25.95,10,26.05,2,2,2022-05-25 09:01:10
1653469270924594000,26.05,1,25.95,10,26.05,1,1,2022-05-25 09:01:10
1653469271494226000,25.95,2,25.95,8,26.0,1,2,2022-05-25 09:01:11
1653469272036555000,26.0,1,25.95,8,26.05,2,1,2022-05-25 09:01:12
1653469272292513000,25.95,3,25.95,2,26.05,2,2,2022-05-25 09:01:12
1653469272718710000,26.05,1,25.95,2,26.05,1,1,2022-05-25 09:01:12
1653469273058220000,25.95,1,25.95,11,26.0,1,2,2022-05-25 09:01:13
1653469273127607000,26.0,1,25.95,11,26.05,1,1,2022-05-25 09:01:13
1653469274147946000,25.95,5,25.95,6,26.0,1,2,2022-05-25 09:01:14
1653469274183150000,25.95,1,25.95,5,26.0,1,2,2022-05-25 09:01:14
1653469274315996000,26.0,1,26.0,1,26.05,12,1,2022-05-25 09:01:14
1653469274989318000,26.0,2,25.95,4,26.05,13,2,2022-05-25 09:01:14
1653469274989318000,25.95,1,25.95,4,26.05,13,2,2022-05-25 09:01:14
1653469274994176000,26.05,3,25.95,4,26.05,10,1,2022-05-25 09:01:14
1653469275151186000,25.95,1,25.95,3,26.0,2,2,2022-05-25 09:01:15
1653469275284518000,26.0,1,25.95,3,26.0,10,1,2022-05-25 09:01:15
1653469275528192000,26.0,1,25.95,3,26.0,9,1,2022-05-25 09:01:15
1653469276325666000,26.0,2,25.95,3,26.0,7,1,2022-05-25 09:01:16
1653469276356809000,25.95,1,25.95,2,26.0,7,2,2022-05-25 09:01:16
1653469276361258000,25.95,1,25.95,1,26.0,7,2,2022-05-25 09:01:16
1653469276393294000,25.95,1,25.9,30,26.0,7,2,2022-05-25 09:01:16
1653469276504687000,25.9,2,25.9,28,26.0,7,2,2022-05-25 09:01:16
1653469276567603000,25.9,1,25.9,27,26.0,7,2,2022-05-25 09:01:16
1653469277891134000,25.9,1,25.9,26,26.0,7,2,2022-05-25 09:01:17
1653469278015689000,26.0,1,25.9,26,26.0,6,1,2022-05-25 09:01:18
1653469278995532000,25.9,10,25.9,16,26.0,6,2,2022-05-25 09:01:18
1653469279124956000,25.9,1,25.9,15,25.95,1,2,2022-05-25 09:01:19
1653469279584720000,25.95,1,25.9,15,26.0,7,1,2022-05-25 09:01:19
1653469279867523000,26.0,2,25.9,15,26.0,6,1,2022-05-25 09:01:19
1653469280088401000,25.9,10,25.9,6,26.0,7,2,2022-05-25 09:01:20
1653469280220159000,25.9,1,25.9,5,25.95,1,2,2022-05-25 09:01:20
1653469280335136000,25.95,1,25.9,5,25.95,4,1,2022-05-25 09:01:20
1653469280506366000,25.9,5,25.8,17,25.95,4,2,2022-05-25 09:01:20
1653469280506366000,25.85,1,25.8,17,25.95,4,2,2022-05-25 09:01:20
1653469280506366000,25.8,19,25.8,17,25.95,4,2,2022-05-25 09:01:20
1653469280662467000,25.9,1,25.9,1,25.95,6,1,2022-05-25 09:01:20
1653469281274444000,25.9,1,25.9,1,25.95,6,2,2022-05-25 09:01:21
1653469282128058000,25.9,1,25.8,17,25.95,6,2,2022-05-25 09:01:22
1653469283043510000,25.9,9,25.9,3,25.95,6,2,2022-05-25 09:01:23
1653469283091845000,25.9,1,25.9,2,25.95,6,2,2022-05-25 09:01:23
1653469283211425000,25.9,1,25.9,1,25.95,6,2,2022-05-25 09:01:23
1653469283837811000,25.9,1,25.8,17,25.95,6,2,2022-05-25 09:01:23
1653469284143916000,25.9,1,25.8,17,25.9,2,1,2022-05-25 09:01:24
1653469284168369000,25.9,2,25.8,17,25.95,6,1,2022-05-25 09:01:24
1653469285043685000,25.95,3,25.9,1,25.95,4,1,2022-05-25 09:01:25
1653469285280309000,25.95,4,25.9,1,26.1,7,1,2022-05-25 09:01:25
1653469285280309000,26.0,13,25.9,1,26.1,7,1,2022-05-25 09:01:25
1653469285280309000,26.05,12,25.9,1,26.1,7,1,2022-05-25 09:01:25
1653469285280309000,26.1,16,25.9,1,26.1,7,1,2022-05-25 09:01:25
1653469285616365000,25.9,2,25.85,3,26.1,7,2,2022-05-25 09:01:25
1653469285946149000,26.05,1,25.85,3,26.1,7,1,2022-05-25 09:01:25
1653469286448086000,26.0,5,26.0,5,26.1,7,2,2022-05-25 09:01:26
1653469286490612000,26.0,3,26.0,2,26.1,7,2,2022-05-25 09:01:26
1653469286514388000,26.0,1,26.0,1,26.1,7,2,2022-05-25 09:01:26
1653469286553716000,26.0,1,25.9,2,26.1,8,2,2022-05-25 09:01:26
1653469288809083000,26.05,1,25.9,21,26.1,8,2,2022-05-25 09:01:28
1653469288939765000,26.1,1,25.9,21,26.1,7,1,2022-05-25 09:01:28
1653469289312921000,26.1,1,25.95,11,26.1,6,1,2022-05-25 09:01:29
1653469289339334000,25.95,1,25.95,10,26.1,6,2,2022-05-25 09:01:29
1653469289407632000,25.95,10,25.9,21,26.05,1,2,2022-05-25 09:01:29
1653469289910071000,25.9,2,25.9,17,26.05,5,2,2022-05-25 09:01:29
1653469290237799000,25.9,1,25.9,16,26.05,5,2,2022-05-25 09:01:30
1653469291705350000,26.0,3,25.9,29,26.05,3,1,2022-05-25 09:01:31
1653469291705350000,26.05,2,25.9,29,26.05,3,1,2022-05-25 09:01:31
1653469292147670000,25.95,4,25.95,6,26.05,4,2,2022-05-25 09:01:32
1653469294741853000,25.95,8,25.9,28,26.05,11,2,2022-05-25 09:01:34
1653469294741853000,25.9,2,25.9,28,26.05,11,2,2022-05-25 09:01:34
1653469295185201000,26.0,4,25.9,28,26.05,5,1,2022-05-25 09:01:35
1653469295185201000,26.05,6,25.9,28,26.05,5,1,2022-05-25 09:01:35
1653469295573187000,25.9,1,25.9,27,26.0,3,2,2022-05-25 09:01:35
1653469298185728000,26.0,3,25.95,7,26.0,4,1,2022-05-25 09:01:38
1653469299426497000,25.95,1,25.95,11,26.0,9,2,2022-05-25 09:01:39
1653469300213221000,25.95,1,25.95,12,26.0,9,2,2022-05-25 09:01:40
1653469300609466000,26.0,2,25.95,12,26.0,7,1,2022-05-25 09:01:40
1653469301807077000,26.0,2,25.95,12,26.0,5,1,2022-05-25 09:01:41
1653469302904271000,26.0,1,25.95,17,26.0,4,1,2022-05-25 09:01:42
1653469302933582000,26.0,4,25.95,17,26.05,7,1,2022-05-25 09:01:42
1653469303388858000,25.95,2,25.95,16,26.05,7,2,2022-05-25 09:01:43
1653469304359329000,26.05,7,26.05,3,26.1,15,1,2022-05-25 09:01:44
1653469305495780000,26.05,3,26.0,3,26.1,15,2,2022-05-25 09:01:45
1653469305918396000,26.0,1,26.0,3,26.1,14,2,2022-05-25 09:01:45
1653469306635374000,26.0,1,26.0,2,26.05,11,2,2022-05-25 09:01:46
1653469307547524000,26.0,3,25.95,12,26.05,11,2,2022-05-25 09:01:47
1653469307547524000,25.95,10,25.95,12,26.05,11,2,2022-05-25 09:01:47
1653469308242514000,26.0,1,25.95,12,26.0,1,1,2022-05-25 09:01:48
1653469308279300000,26.0,1,25.95,12,26.05,11,1,2022-05-25 09:01:48
1653469308895257000,26.0,1,25.95,17,26.0,9,2,2022-05-25 09:01:48
1653469309021639000,26.0,2,25.95,17,26.0,7,1,2022-05-25 09:01:49
1653469309063072000,26.0,3,25.95,17,26.0,4,1,2022-05-25 09:01:49
1653469309103483000,25.95,1,25.95,16,26.0,5,2,2022-05-25 09:01:49
1653469310199592000,25.95,1,25.95,15,26.0,6,2,2022-05-25 09:01:50
1653469310335745000,25.95,1,25.95,14,26.0,6,2,2022-05-25 09:01:50
1653469310499960000,26.0,1,25.95,14,26.0,5,1,2022-05-25 09:01:50
1653469310967602000,26.0,1,25.95,14,26.0,6,1,2022-05-25 09:01:50
1653469311774614000,26.0,5,25.95,22,26.0,4,1,2022-05-25 09:01:51
1653469311812702000,26.0,1,25.95,22,26.0,3,1,2022-05-25 09:01:51
1653469311815426000,25.95,1,25.95,21,26.0,3,2,2022-05-25 09:01:51
1653469312336879000,25.95,21,25.9,31,26.0,3,2,2022-05-25 09:01:52
1653469312336879000,25.9,11,25.9,31,26.0,3,2,2022-05-25 09:01:52
1653469312628202000,25.95,3,25.95,7,26.0,4,1,2022-05-25 09:01:52
1653469312740423000,26.0,2,25.95,7,26.0,2,1,2022-05-25 09:01:52
1653469313286412000,25.95,3,25.95,4,26.0,2,2,2022-05-25 09:01:53
1653469318720935000,26.0,7,25.95,112,26.0,11,1,2022-05-25 09:01:58
1653469318757551000,26.0,1,25.95,112,26.0,10,1,2022-05-25 09:01:58
1653469318807793000,26.0,1,25.95,112,26.0,9,1,2022-05-25 09:01:58
1653469318845649000,26.0,1,25.95,112,26.0,8,1,2022-05-25 09:01:58
1653469318953490000,25.95,4,25.95,108,26.0,8,2,2022-05-25 09:01:58
1653469318964961000,25.95,4,25.95,104,26.0,8,2,2022-05-25 09:01:58
1653469318974082000,25.95,4,25.95,100,26.0,8,2,2022-05-25 09:01:58
1653469318981998000,25.95,4,25.95,96,26.0,8,2,2022-05-25 09:01:58
1653469319977168000,25.95,1,25.95,95,26.0,8,2,2022-05-25 09:01:59
1653469320117215000,25.95,1,25.95,94,26.0,8,2,2022-05-25 09:02:00
1653469320235962000,25.95,1,25.95,93,26.0,8,2,2022-05-25 09:02:00
1653469320413735000,25.95,5,25.95,88,26.0,8,2,2022-05-25 09:02:00
1653469320884226000,26.0,1,25.95,88,26.0,8,1,2022-05-25 09:02:00
1653469321410856000,26.0,1,25.95,88,26.0,7,1,2022-05-25 09:02:01
1653469321411329000,26.0,5,25.95,88,26.0,2,1,2022-05-25 09:02:01
1653469322287184000,26.0,1,25.95,88,26.0,1,1,2022-05-25 09:02:02
1653469322828465000,25.95,20,25.95,73,26.0,1,2,2022-05-25 09:02:02
1653469322846286000,26.0,1,25.95,73,26.05,13,1,2022-05-25 09:02:02
1653469322939014000,26.05,1,25.95,73,26.05,12,1,2022-05-25 09:02:02
1653469323607778000,25.95,2,25.95,7,26.05,12,2,2022-05-25 09:02:03
1653469324889084000,26.0,1,25.95,9,26.0,2,2,2022-05-25 09:02:04
1653469325403632000,26.0,2,25.95,9,26.05,9,1,2022-05-25 09:02:05
1653469325403632000,26.05,3,25.95,9,26.05,9,1,2022-05-25 09:02:05
1653469326789456000,25.95,3,25.95,7,26.0,1,2,2022-05-25 09:02:06
1653469328106130000,26.0,1,25.95,57,26.0,5,1,2022-05-25 09:02:08
1653469328543657000,26.0,1,25.95,58,26.0,4,1,2022-05-25 09:02:08
1653469328729430000,25.95,3,25.95,55,26.0,4,2,2022-05-25 09:02:08
1653469328948047000,25.95,1,25.95,54,26.0,4,2,2022-05-25 09:02:08
1653469330216283000,26.0,1,25.95,54,26.0,14,1,2022-05-25 09:02:10
1653469333399577000,26.0,1,25.95,59,26.0,3,1,2022-05-25 09:02:13
1653469334496783000,25.95,15,25.95,44,26.0,3,2,2022-05-25 09:02:14
1653469334531834000,25.95,1,25.95,43,26.0,4,2,2022-05-25 09:02:14
1653469335939384000,25.95,1,25.95,43,26.0,5,2,2022-05-25 09:02:15
1653469336028294000,26.0,1,25.95,43,26.0,4,1,2022-05-25 09:02:16
1653469337148315000,25.95,1,25.95,43,26.0,5,2,2022-05-25 09:02:17
1653469337642199000,25.95,5,25.95,38,26.0,6,2,2022-05-25 09:02:17
1653469337679419000,25.95,1,25.95,37,26.0,6,2,2022-05-25 09:02:17
1653469339823776000,25.95,15,25.95,37,26.0,11,2,2022-05-25 09:02:19
1653469339851245000,25.95,1,25.95,36,26.0,11,2,2022-05-25 09:02:19
1653469339852212000,25.95,1,25.95,35,26.0,11,2,2022-05-25 09:02:19
1653469341024121000,25.95,30,25.95,5,26.0,11,2,2022-05-25 09:02:21
1653469341047914000,25.95,5,25.9,47,26.0,11,2,2022-05-25 09:02:21
1653469342395820000,25.9,1,25.9,47,25.95,13,2,2022-05-25 09:02:22
1653469343341295000,25.9,2,25.9,45,25.95,39,2,2022-05-25 09:02:23
1653469343495229000,25.9,17,25.9,28,25.95,39,2,2022-05-25 09:02:23
1653469343525234000,25.9,16,25.9,12,25.95,39,2,2022-05-25 09:02:23
1653469343525453000,25.9,2,25.9,10,25.95,39,2,2022-05-25 09:02:23
1653469343527848000,25.9,1,25.9,9,25.95,39,2,2022-05-25 09:02:23
1653469343551113000,25.9,1,25.9,8,25.95,39,2,2022-05-25 09:02:23
1653469343560002000,25.9,1,25.9,7,25.95,39,2,2022-05-25 09:02:23
1653469343563350000,25.9,1,25.9,6,25.95,39,2,2022-05-25 09:02:23
1653469343563705000,25.9,1,25.9,5,25.95,39,2,2022-05-25 09:02:23
1653469343581516000,25.9,1,25.9,4,25.95,39,2,2022-05-25 09:02:23
1653469343589981000,25.9,4,25.85,6,25.95,39,2,2022-05-25 09:02:23
1653469343756631000,25.85,6,25.8,30,25.9,19,2,2022-05-25 09:02:23
1653469343756631000,25.8,4,25.8,30,25.9,19,2,2022-05-25 09:02:23
1653469344202313000,25.8,1,25.8,29,25.85,2,2,2022-05-25 09:02:24
1653469344353478000,25.8,5,25.8,24,25.85,2,2,2022-05-25 09:02:24
1653469344394391000,25.8,1,25.8,23,25.85,2,2,2022-05-25 09:02:24
1653469344504700000,25.8,5,25.8,18,25.85,2,2,2022-05-25 09:02:24
1653469344535774000,25.8,1,25.8,17,25.85,2,2,2022-05-25 09:02:24
1653469344536410000,25.8,1,25.8,16,25.85,3,2,2022-05-25 09:02:24
1653469344870193000,25.8,1,25.8,15,25.85,3,2,2022-05-25 09:02:24
1653469345415022000,25.8,1,25.8,14,25.85,3,2,2022-05-25 09:02:25
1653469345620342000,25.8,5,25.8,9,25.85,3,2,2022-05-25 09:02:25
1653469345646104000,25.8,3,25.8,6,25.85,18,2,2022-05-25 09:02:25
1653469345680270000,25.8,1,25.8,5,25.85,18,2,2022-05-25 09:02:25
1653469345708072000,25.8,2,25.8,3,25.85,18,2,2022-05-25 09:02:25
1653469346817072000,25.85,5,25.8,3,25.85,14,1,2022-05-25 09:02:26
1653469348763055000,25.8,1,25.8,2,25.85,14,2,2022-05-25 09:02:28
1653469348801231000,25.8,1,25.8,1,25.85,14,2,2022-05-25 09:02:28
1653469349039122000,25.85,5,25.8,1,25.85,9,1,2022-05-25 09:02:29
1653469349427674000,25.85,3,25.8,1,25.85,6,1,2022-05-25 09:02:29
1653469351662389000,25.8,1,25.75,8,25.85,6,2,2022-05-25 09:02:31
1653469351662389000,25.75,4,25.75,8,25.85,6,2,2022-05-25 09:02:31
1653469352073987000,25.85,1,25.75,8,25.85,5,1,2022-05-25 09:02:32
1653469352268613000,25.75,1,25.75,7,25.85,5,2,2022-05-25 09:02:32
1653469353764171000,25.8,1,25.75,7,25.85,16,1,2022-05-25 09:02:33
1653469353792271000,25.75,7,25.7,5,25.85,16,2,2022-05-25 09:02:33
1653469353846348000,25.85,1,25.7,5,25.85,15,1,2022-05-25 09:02:33
1653469354290821000,25.8,1,25.7,5,25.85,15,2,2022-05-25 09:02:34
1653469355669880000,25.7,4,25.6,29,25.8,2,2,2022-05-25 09:02:35
1653469355669880000,25.65,5,25.6,29,25.8,2,2,2022-05-25 09:02:35
1653469355669880000,25.6,11,25.6,29,25.8,2,2,2022-05-25 09:02:35
1653469355846563000,25.6,2,25.6,27,25.75,7,2,2022-05-25 09:02:35
1653469357343288000,25.6,15,25.6,12,25.7,1,2,2022-05-25 09:02:37
1653469358871350000,25.7,2,25.6,12,25.75,14,1,2022-05-25 09:02:38
1653469359683424000,25.6,1,25.6,11,25.75,14,2,2022-05-25 09:02:39
1653469360126921000,25.6,1,25.6,10,25.75,14,2,2022-05-25 09:02:40
1653469361513855000,25.65,1,25.65,5,25.75,14,2,2022-05-25 09:02:41
1653469361654525000,25.65,5,25.6,10,25.75,14,2,2022-05-25 09:02:41
1653469363041658000,25.6,1,25.6,10,25.7,1,2,2022-05-25 09:02:43
1653469363646611000,25.65,1,25.6,10,25.65,1,1,2022-05-25 09:02:43
1653469363682535000,25.65,1,25.6,10,25.7,2,1,2022-05-25 09:02:43
1653469365147327000,25.65,1,25.6,9,25.7,2,2,2022-05-25 09:02:45
1653469365262922000,25.7,2,25.6,9,25.75,15,1,2022-05-25 09:02:45
1653469367357769000,25.65,5,25.65,1,25.75,15,2,2022-05-25 09:02:47
1653469367652330000,25.75,1,25.65,13,25.75,14,1,2022-05-25 09:02:47
1653469369082481000,25.7,1,25.65,18,25.75,14,2,2022-05-25 09:02:49
1653469369237402000,25.7,1,25.65,18,25.75,12,1,2022-05-25 09:02:49
1653469369237402000,25.75,2,25.65,18,25.75,12,1,2022-05-25 09:02:49
1653469369482748000,25.65,1,25.65,17,25.75,11,2,2022-05-25 09:02:49
1653469369582360000,25.65,1,25.65,17,25.75,11,2,2022-05-25 09:02:49
1653469370676310000,25.65,1,25.65,16,25.75,11,2,2022-05-25 09:02:50
1653469373161184000,25.65,1,25.65,15,25.7,5,2,2022-05-25 09:02:53
1653469373371750000,25.7,1,25.65,25,25.7,4,1,2022-05-25 09:02:53
1653469373752459000,25.7,1,25.65,25,25.7,3,1,2022-05-25 09:02:53
1653469374197609000,25.65,10,25.65,15,25.7,5,2,2022-05-25 09:02:54
1653469374225092000,25.65,1,25.65,14,25.7,5,2,2022-05-25 09:02:54
1653469374248609000,25.65,1,25.65,13,25.7,5,2,2022-05-25 09:02:54
1653469375409105000,25.7,2,25.65,14,25.7,3,1,2022-05-25 09:02:55
1653469375534153000,25.7,1,25.65,14,25.7,3,1,2022-05-25 09:02:55
1653469375575867000,25.65,1,25.65,13,25.7,3,2,2022-05-25 09:02:55
1653469375848763000,25.7,1,25.65,13,25.7,2,1,2022-05-25 09:02:55
1653469376009077000,25.7,1,25.65,13,25.7,1,1,2022-05-25 09:02:56
1653469376827786000,25.65,2,25.65,12,25.7,1,2,2022-05-25 09:02:56
1653469377007307000,25.7,1,25.65,12,25.75,12,1,2022-05-25 09:02:57
1653469377428248000,25.7,1,25.65,14,25.7,19,1,2022-05-25 09:02:57
1653469377858732000,25.7,3,25.65,14,25.7,16,1,2022-05-25 09:02:57
1653469378516234000,25.65,2,25.65,12,25.7,17,2,2022-05-25 09:02:58
1653469378552955000,25.65,1,25.65,11,25.7,17,2,2022-05-25 09:02:58
1653469379910333000,25.65,5,25.65,6,25.7,18,2,2022-05-25 09:02:59
1653469379959959000,25.65,1,25.65,5,25.7,18,2,2022-05-25 09:02:59
1653469379982140000,25.65,1,25.65,4,25.7,18,2,2022-05-25 09:02:59
1653469380033535000,25.7,2,25.65,4,25.7,16,1,2022-05-25 09:03:00
1653469380647463000,25.65,1,25.65,23,25.7,16,2,2022-05-25 09:03:00
1653469380909558000,25.65,2,25.65,21,25.7,16,2,2022-05-25 09:03:00
1653469380953134000,25.65,1,25.65,20,25.7,16,2,2022-05-25 09:03:00
1653469381759513000,25.65,10,25.65,10,25.7,16,2,2022-05-25 09:03:01
1653469381795706000,25.65,1,25.65,9,25.7,16,2,2022-05-25 09:03:01
1653469382131622000,25.65,3,25.65,6,25.7,18,2,2022-05-25 09:03:02
1653469382785344000,25.7,1,25.65,7,25.7,17,1,2022-05-25 09:03:02
1653469383163255000,25.65,1,25.65,7,25.7,17,2,2022-05-25 09:03:03
1653469385061828000,25.7,1,25.65,7,25.7,26,1,2022-05-25 09:03:05
1653469385153069000,25.7,18,25.65,7,25.7,8,1,2022-05-25 09:03:05
1653469385203548000,25.7,8,25.65,7,25.75,4,1,2022-05-25 09:03:05
1653469385263187000,25.65,1,25.65,6,25.75,4,2,2022-05-25 09:03:05
1653469385349001000,25.75,2,25.7,6,25.75,2,1,2022-05-25 09:03:05
1653469385424602000,25.75,1,25.7,20,25.75,1,1,2022-05-25 09:03:05
1653469385461465000,25.75,1,25.7,20,25.8,8,1,2022-05-25 09:03:05
1653469385517313000,25.7,5,25.7,15,25.8,8,2,2022-05-25 09:03:05
1653469385640203000,25.8,5,25.7,30,25.8,3,1,2022-05-25 09:03:05
1653469385934485000,25.8,2,25.7,30,25.8,1,1,2022-05-25 09:03:05
1653469386033309000,25.8,1,25.7,30,25.85,2,1,2022-05-25 09:03:06
1653469387493557000,25.75,4,25.75,13,25.85,2,2,2022-05-25 09:03:07
1653469387630920000,25.8,7,25.75,10,25.85,2,2,2022-05-25 09:03:07
1653469387630920000,25.75,3,25.75,10,25.85,2,2,2022-05-25 09:03:07
1653469387634199000,25.75,1,25.75,9,25.85,2,2,2022-05-25 09:03:07
1653469388349741000,25.8,1,25.8,5,25.85,2,2,2022-05-25 09:03:08
1653469388439999000,25.8,5,25.75,10,25.85,2,2,2022-05-25 09:03:08
1653469392240409000,25.8,1,25.75,11,25.85,25,2,2022-05-25 09:03:12
1653469395439833000,25.75,1,25.75,10,25.8,4,2,2022-05-25 09:03:15
1653469396049963000,25.75,1,25.75,9,25.8,7,2,2022-05-25 09:03:16
1653469396364210000,25.8,1,25.75,9,25.8,6,1,2022-05-25 09:03:16
1653469396560713000,25.8,1,25.75,9,25.8,5,1,2022-05-25 09:03:16
1653469397707161000,25.8,1,25.75,9,25.8,4,1,2022-05-25 09:03:17
1653469398185374000,25.8,3,25.75,9,25.8,1,1,2022-05-25 09:03:18
1653469399228878000,25.8,1,25.8,1,25.85,27,1,2022-05-25 09:03:19
1653469401363843000,25.8,1,25.8,1,25.85,28,2,2022-05-25 09:03:21
1653469402950708000,25.8,1,25.75,10,25.85,28,2,2022-05-25 09:03:22
1653469402950708000,25.75,2,25.75,10,25.85,28,2,2022-05-25 09:03:22
1653469404141814000,25.8,2,25.8,28,25.85,28,1,2022-05-25 09:03:24
1653469404987101000,25.85,9,25.8,85,25.85,19,1,2022-05-25 09:03:24
1653469405023094000,25.85,10,25.8,85,25.85,9,1,2022-05-25 09:03:25
1653469405323960000,25.8,1,25.8,84,25.85,9,2,2022-05-25 09:03:25
1653469407747428000,25.8,1,25.8,104,25.85,9,2,2022-05-25 09:03:27
1653469407748523000,25.85,1,25.8,104,25.85,8,1,2022-05-25 09:03:27
1653469407867542000,25.8,3,25.8,101,25.85,8,2,2022-05-25 09:03:27
1653469408172788000,25.8,1,25.8,100,25.85,9,2,2022-05-25 09:03:28
1653469408379622000,25.8,1,25.8,99,25.85,9,2,2022-05-25 09:03:28
1653469409097776000,25.85,5,25.8,99,25.85,2,1,2022-05-25 09:03:29
1653469409128165000,25.85,1,25.8,99,25.85,1,1,2022-05-25 09:03:29
1653469409859044000,25.85,1,25.85,9,25.9,21,1,2022-05-25 09:03:29
1653469411167698000,25.85,6,25.85,4,25.9,21,2,2022-05-25 09:03:31
1653469412351268000,25.85,1,25.85,10,25.9,21,2,2022-05-25 09:03:32
1653469413521598000,25.85,6,25.85,4,25.9,21,2,2022-05-25 09:03:33
1653469413814653000,25.9,1,25.85,5,25.9,20,1,2022-05-25 09:03:33
1653469419442317000,25.85,2,25.85,14,25.9,25,2,2022-05-25 09:03:39
1653469420720778000,25.85,7,25.85,9,25.9,15,2,2022-05-25 09:03:40
1653469421175682000,25.85,1,25.85,8,25.9,14,2,2022-05-25 09:03:41
1653469421787074000,25.85,2,25.85,6,25.9,14,2,2022-05-25 09:03:41
1653469423914051000,25.85,10,25.85,6,25.9,14,2,2022-05-25 09:03:43
1653469424056801000,25.85,2,25.85,4,25.9,12,2,2022-05-25 09:03:44
1653469424095720000,25.85,4,25.8,97,25.9,12,2,2022-05-25 09:03:44
1653469429056344000,25.8,10,25.8,87,25.85,4,2,2022-05-25 09:03:49
1653469429096226000,25.8,1,25.8,86,25.85,4,2,2022-05-25 09:03:49
1653469429102994000,25.8,1,25.8,85,25.85,4,2,2022-05-25 09:03:49
1653469430366698000,25.8,4,25.8,86,25.85,9,2,2022-05-25 09:03:50
1653469431377803000,25.8,2,25.8,84,25.85,12,2,2022-05-25 09:03:51
1653469432996627000,25.8,40,25.8,44,25.85,23,2,2022-05-25 09:03:52
1653469433027713000,25.8,7,25.8,37,25.85,23,2,2022-05-25 09:03:53
1653469433031734000,25.8,1,25.8,36,25.85,23,2,2022-05-25 09:03:53
1653469433052514000,25.8,1,25.8,35,25.85,23,2,2022-05-25 09:03:53
1653469433065224000,25.8,1,25.8,34,25.85,23,2,2022-05-25 09:03:53
1653469433122981000,25.8,1,25.8,33,25.85,23,2,2022-05-25 09:03:53
1653469433151551000,25.8,2,25.8,31,25.85,23,2,2022-05-25 09:03:53
1653469434023258000,25.8,1,25.8,30,25.85,24,2,2022-05-25 09:03:54
1653469434060480000,25.8,1,25.8,29,25.85,24,2,2022-05-25 09:03:54
1653469434943504000,25.8,2,25.8,27,25.85,25,2,2022-05-25 09:03:54
1653469435045484000,25.8,10,25.8,17,25.85,25,2,2022-05-25 09:03:55
1653469435079376000,25.8,2,25.8,15,25.85,25,2,2022-05-25 09:03:55
1653469435214708000,25.8,1,25.8,14,25.85,25,2,2022-05-25 09:03:55
1653469435248804000,25.8,1,25.8,13,25.85,25,2,2022-05-25 09:03:55
1653469435311393000,25.8,10,25.8,3,25.85,25,2,2022-05-25 09:03:55
1653469435345736000,25.8,3,25.75,20,25.85,25,2,2022-05-25 09:03:55
1653469435836513000,25.8,2,25.75,20,25.85,25,1,2022-05-25 09:03:55
1653469435861745000,25.75,2,25.75,18,25.85,25,2,2022-05-25 09:03:55
1653469439076773000,25.75,18,25.7,31,25.75,32,2,2022-05-25 09:03:59
1653469439116903000,25.7,1,25.7,30,25.75,32,2,2022-05-25 09:03:59
1653469439142634000,25.7,1,25.7,29,25.75,32,2,2022-05-25 09:03:59
1653469439142650000,25.7,1,25.7,28,25.75,32,2,2022-05-25 09:03:59
1653469439186288000,25.7,1,25.7,27,25.75,32,2,2022-05-25 09:03:59
1653469440496141000,25.7,5,25.7,22,25.75,34,2,2022-05-25 09:04:00
1653469440514394000,25.7,1,25.7,21,25.75,34,2,2022-05-25 09:04:00
1653469441344011000,25.7,5,25.7,16,25.75,34,2,2022-05-25 09:04:01
1653469441364826000,25.7,1,25.7,15,25.75,34,2,2022-05-25 09:04:01
1653469442199334000,25.7,1,25.7,14,25.75,34,2,2022-05-25 09:04:02
1653469442551582000,25.75,2,25.7,14,25.75,32,1,2022-05-25 09:04:02
1653469442887679000,25.7,14,25.65,20,25.7,1,2,2022-05-25 09:04:02
1653469442930949000,25.65,1,25.65,19,25.7,1,2,2022-05-25 09:04:02
1653469442932765000,25.65,1,25.65,18,25.7,1,2,2022-05-25 09:04:02
1653469442952063000,25.65,1,25.65,17,25.7,1,2,2022-05-25 09:04:02
1653469442952371000,25.65,1,25.65,16,25.7,1,2,2022-05-25 09:04:02
1653469444489322000,25.7,1,25.65,16,25.7,2,1,2022-05-25 09:04:04
1653469444752969000,25.7,1,25.65,16,25.7,1,1,2022-05-25 09:04:04
1653469446094294000,25.7,1,25.65,16,25.75,83,1,2022-05-25 09:04:06
1653469450579463000,25.7,5,25.65,19,25.7,5,1,2022-05-25 09:04:10
1653469450609241000,25.65,1,25.65,18,25.7,6,2,2022-05-25 09:04:10
1653469450764425000,25.65,1,25.65,17,25.7,6,2,2022-05-25 09:04:10
1653469451571831000,25.65,2,25.65,15,25.7,9,2,2022-05-25 09:04:11
1653469453752618000,25.65,1,25.65,14,25.7,10,2,2022-05-25 09:04:13
1653469454931167000,25.65,1,25.65,14,25.7,11,2,2022-05-25 09:04:14
1653469456951130000,25.7,5,25.65,17,25.7,8,1,2022-05-25 09:04:16
1653469457182032000,25.7,3,25.65,17,25.7,5,1,2022-05-25 09:04:17
1653469457215498000,25.65,1,25.65,16,25.7,5,2,2022-05-25 09:04:17
1653469457519207000,25.65,15,25.65,1,25.7,5,2,2022-05-25 09:04:17
1653469457554428000,25.65,1,25.6,14,25.7,6,2,2022-05-25 09:04:17
1653469462162410000,25.6,5,25.6,9,25.65,3,2,2022-05-25 09:04:22
1653469462205387000,25.6,1,25.6,8,25.65,4,2,2022-05-25 09:04:22
1653469462331088000,25.6,8,25.55,7,25.65,4,2,2022-05-25 09:04:22
1653469462331088000,25.55,2,25.55,7,25.65,4,2,2022-05-25 09:04:22
1653469464652394000,25.55,7,25.5,25,25.6,3,2,2022-05-25 09:04:24
1653469464652394000,25.5,3,25.5,25,25.6,3,2,2022-05-25 09:04:24
1653469466145085000,25.5,10,25.5,15,25.55,2,2,2022-05-25 09:04:26
1653469466793029000,25.55,1,25.5,15,25.55,1,1,2022-05-25 09:04:26
1653469466798417000,25.5,1,25.5,14,25.55,1,2,2022-05-25 09:04:26
1653469467823106000,25.5,10,25.5,3,25.55,1,2,2022-05-25 09:04:27
1653469467871150000,25.5,1,25.5,2,25.55,2,2,2022-05-25 09:04:27
1653469467925079000,25.5,1,25.5,1,25.55,2,2,2022-05-25 09:04:27
1653469468510646000,25.5,1,25.45,9,25.5,9,2,2022-05-25 09:04:28
1653469468916630000,25.5,5,25.45,9,25.5,15,1,2022-05-25 09:04:28
1653469469934189000,25.5,1,25.45,9,25.5,14,1,2022-05-25 09:04:29
1653469470476785000,25.5,1,25.45,9,25.5,13,1,2022-05-25 09:04:30
1653469473009274000,25.45,1,25.45,8,25.5,14,2,2022-05-25 09:04:33
1653469473276046000,25.45,8,25.4,24,25.5,14,2,2022-05-25 09:04:33
1653469473276046000,25.4,2,25.4,24,25.5,14,2,2022-05-25 09:04:33
1653469475135589000,25.5,1,25.4,24,25.5,13,1,2022-05-25 09:04:35
1653469475486941000,25.45,1,25.4,24,25.5,13,1,2022-05-25 09:04:35
1653469475971093000,25.45,1,25.4,24,25.5,13,2,2022-05-25 09:04:35
1653469476369210000,25.4,2,25.4,22,25.5,13,2,2022-05-25 09:04:36
1653469476741393000,25.4,3,25.4,19,25.5,14,2,2022-05-25 09:04:36
1653469477026704000,25.45,1,25.4,19,25.5,14,1,2022-05-25 09:04:37
1653469478249398000,25.45,5,25.4,20,25.5,15,2,2022-05-25 09:04:38
1653469478249398000,25.4,5,25.4,20,25.5,15,2,2022-05-25 09:04:38
1653469478286198000,25.45,1,25.4,20,25.5,15,2,2022-05-25 09:04:38
1653469478740300000,25.45,3,25.4,16,25.5,14,1,2022-05-25 09:04:38
1653469478740300000,25.5,1,25.4,16,25.5,14,1,2022-05-25 09:04:38
1653469481721772000,25.45,3,25.45,4,25.5,15,2,2022-05-25 09:04:41
1653469481768751000,25.45,1,25.45,3,25.5,15,2,2022-05-25 09:04:41
1653469482710957000,25.5,10,25.45,3,25.5,5,1,2022-05-25 09:04:42
1653469482732961000,25.5,5,25.45,3,25.55,4,1,2022-05-25 09:04:42
1653469482770335000,25.45,1,25.45,2,25.5,1,2,2022-05-25 09:04:42
1653469483223472000,25.45,2,25.4,23,25.45,3,2,2022-05-25 09:04:43
1653469483232981000,25.45,2,25.4,23,25.45,1,1,2022-05-25 09:04:43
1653469483256872000,25.45,1,25.4,23,25.5,1,1,2022-05-25 09:04:43
1653469483324425000,25.45,1,25.4,23,25.5,1,1,2022-05-25 09:04:43
1653469485045343000,25.5,1,25.45,8,25.5,2,1,2022-05-25 09:04:45
1653469485072685000,25.5,2,25.45,8,25.55,4,1,2022-05-25 09:04:45
1653469485434326000,25.45,1,25.45,7,25.55,4,2,2022-05-25 09:04:45
1653469485499422000,25.45,2,25.45,5,25.55,4,2,2022-05-25 09:04:45
1653469486583426000,25.5,1,25.5,16,25.55,3,2,2022-05-25 09:04:46
1653469486827093000,25.5,6,25.5,10,25.55,3,2,2022-05-25 09:04:46
1653469486857545000,25.5,1,25.5,9,25.55,3,2,2022-05-25 09:04:46
1653469487213402000,25.5,9,25.45,7,25.55,3,2,2022-05-25 09:04:47
1653469487213402000,25.45,1,25.45,7,25.55,3,2,2022-05-25 09:04:47
1653469487692171000,25.55,1,25.45,7,25.55,2,1,2022-05-25 09:04:47
1653469487716521000,25.55,2,25.45,7,25.6,10,1,2022-05-25 09:04:47
1653469488020402000,25.5,1,25.45,8,25.6,10,1,2022-05-25 09:04:48
1653469489137563000,25.45,1,25.45,7,25.6,10,2,2022-05-25 09:04:49
1653469489147111000,25.45,7,25.4,30,25.6,10,2,2022-05-25 09:04:49
1653469489147111000,25.4,3,25.4,30,25.6,10,2,2022-05-25 09:04:49
1653469491165743000,25.5,1,25.45,5,25.55,2,2,2022-05-25 09:04:51
1653469492830401000,25.55,2,25.55,3,25.6,13,1,2022-05-25 09:04:52
1653469494487502000,25.55,3,25.45,28,25.55,2,2,2022-05-25 09:04:54
1653469498685684000,25.5,1,25.45,29,25.5,19,2,2022-05-25 09:04:58
1653469499495344000,25.5,10,25.45,29,25.5,9,1,2022-05-25 09:04:59
1653469499519445000,25.5,3,25.45,29,25.5,6,1,2022-05-25 09:04:59
1653469501188153000,25.5,1,25.45,29,25.5,6,1,2022-05-25 09:05:01
1653469501813694000,25.45,2,25.45,27,25.5,6,2,2022-05-25 09:05:01
1653469501979662000,25.45,10,25.45,17,25.5,6,2,2022-05-25 09:05:01
1653469503871994000,25.5,2,25.45,18,25.5,7,1,2022-05-25 09:05:03
1653469503991332000,25.5,7,25.45,18,25.55,14,1,2022-05-25 09:05:03
1653469505238743000,25.5,1,25.45,39,25.55,14,1,2022-05-25 09:05:05
1653469505502127000,25.5,1,25.45,39,25.5,3,2,2022-05-25 09:05:05
1653469506162773000,25.5,1,25.45,40,25.5,2,1,2022-05-25 09:05:06
1653469506164716000,25.5,2,25.45,40,25.55,14,1,2022-05-25 09:05:06
1653469507686025000,25.5,1,25.45,40,25.5,9,2,2022-05-25 09:05:07
1653469508300722000,25.45,2,25.45,39,25.5,9,2,2022-05-25 09:05:08
1653469511078174000,25.5,10,25.45,40,25.5,2,1,2022-05-25 09:05:11
1653469512185876000,25.5,1,25.45,40,25.5,2,1,2022-05-25 09:05:12
1653469513626613000,25.45,1,25.45,39,25.5,2,2,2022-05-25 09:05:13
1653469514545734000,25.5,1,25.45,39,25.5,2,1,2022-05-25 09:05:14
1653469514566649000,25.5,1,25.45,39,25.5,1,1,2022-05-25 09:05:14
1653469517543398000,25.5,1,25.45,39,25.5,4,1,2022-05-25 09:05:17
1653469517897397000,25.5,4,25.5,6,25.55,15,1,2022-05-25 09:05:17
1653469518035841000,25.5,3,25.5,3,25.55,15,2,2022-05-25 09:05:18
1653469518067596000,25.5,3,25.45,39,25.55,15,2,2022-05-25 09:05:18
1653469518921679000,25.5,5,25.45,39,25.5,7,1,2022-05-25 09:05:18
1653469520249522000,25.5,1,25.45,39,25.5,11,1,2022-05-25 09:05:20
1653469520285230000,25.5,4,25.45,39,25.5,7,1,2022-05-25 09:05:20
1653469521292506000,25.5,1,25.45,39,25.5,9,1,2022-05-25 09:05:21
1653469521910285000,25.5,1,25.45,39,25.5,8,1,2022-05-25 09:05:21
1653469521915922000,25.45,1,25.45,38,25.5,8,2,2022-05-25 09:05:21
1653469522281512000,25.5,2,25.45,38,25.5,6,1,2022-05-25 09:05:22
1653469526200597000,25.45,1,25.45,38,25.5,12,2,2022-05-25 09:05:26
1653469526579320000,25.5,1,25.45,40,25.5,11,1,2022-05-25 09:05:26
1653469526602410000,25.5,1,25.45,40,25.5,10,1,2022-05-25 09:05:26
1653469527409807000,25.5,1,25.45,40,25.5,9,1,2022-05-25 09:05:27
1653469529011491000,25.45,3,25.45,37,25.5,9,2,2022-05-25 09:05:29
1653469530063990000,25.5,3,25.45,37,25.5,6,1,2022-05-25 09:05:30
1653469531303713000,25.45,1,25.45,36,25.5,6,2,2022-05-25 09:05:31
1653469531376131000,25.45,1,25.45,35,25.5,6,2,2022-05-25 09:05:31
1653469531412212000,25.45,1,25.45,34,25.5,6,2,2022-05-25 09:05:31
1653469538086114000,25.45,2,25.45,37,25.5,9,2,2022-05-25 09:05:38
1653469538809540000,25.5,1,25.45,37,25.5,8,1,2022-05-25 09:05:38
1653469539386937000,25.45,5,25.45,32,25.5,8,2,2022-05-25 09:05:39
1653469540891423000,25.45,20,25.45,13,25.5,9,2,2022-05-25 09:05:40
1653469540916900000,25.45,1,25.45,13,25.5,9,2,2022-05-25 09:05:40
1653469540919003000,25.45,1,25.45,12,25.5,9,2,2022-05-25 09:05:40
1653469541429152000,25.45,10,25.45,2,25.5,9,2,2022-05-25 09:05:41
1653469541458243000,25.45,1,25.45,1,25.5,9,2,2022-05-25 09:05:41
1653469541458829000,25.45,1,25.4,19,25.5,9,2,2022-05-25 09:05:41
1653469542063273000,25.4,3,25.4,16,25.45,1,2,2022-05-25 09:05:42
1653469542101079000,25.4,2,25.4,14,25.45,1,2,2022-05-25 09:05:42
1653469542122004000,25.4,1,25.4,13,25.45,1,2,2022-05-25 09:05:42
1653469542674516000,25.45,3,25.5,8,25.55,14,1,2022-05-25 09:05:42
1653469542674516000,25.5,9,25.5,8,25.55,14,1,2022-05-25 09:05:42
1653469543135383000,25.5,4,25.5,4,25.55,14,2,2022-05-25 09:05:43
1653469543156040000,25.5,1,25.5,3,25.55,14,2,2022-05-25 09:05:43
1653469543185225000,25.5,3,25.4,13,25.55,14,2,2022-05-25 09:05:43
1653469544128950000,25.45,5,25.4,13,25.55,14,1,2022-05-25 09:05:44
1653469546827076000,25.4,1,25.4,12,25.5,5,2,2022-05-25 09:05:46
1653469548257956000,25.4,10,25.4,2,25.5,11,2,2022-05-25 09:05:48
1653469548292968000,25.4,2,25.35,22,25.5,11,2,2022-05-25 09:05:48
1653469548380742000,25.45,1,25.35,22,25.5,11,1,2022-05-25 09:05:48
1653469548543226000,25.35,10,25.35,12,25.5,11,2,2022-05-25 09:05:48
1653469549269441000,25.35,5,25.35,7,25.45,3,2,2022-05-25 09:05:49
1653469549651288000,25.4,1,25.45,6,25.5,11,1,2022-05-25 09:05:49
1653469549651288000,25.45,3,25.45,6,25.5,11,1,2022-05-25 09:05:49
1653469549832818000,25.45,1,25.45,5,25.5,11,2,2022-05-25 09:05:49
1653469550537073000,25.45,3,25.45,2,25.5,11,2,2022-05-25 09:05:50
1653469550564963000,25.45,2,25.35,7,25.5,11,2,2022-05-25 09:05:50
1653469553919700000,25.4,1,25.35,7,25.45,6,2,2022-05-25 09:05:53
1653469556262517000,25.35,2,25.35,8,25.4,14,2,2022-05-25 09:05:56
1653469557450758000,25.4,6,25.35,8,25.4,8,1,2022-05-25 09:05:57
1653469557892532000,25.35,5,25.35,3,25.4,8,2,2022-05-25 09:05:57
1653469559494222000,25.35,1,25.35,3,25.4,8,2,2022-05-25 09:05:59
1653469560246247000,25.35,1,25.35,2,25.4,8,2,2022-05-25 09:06:00
1653469561687591000,25.35,1,25.35,4,25.4,9,2,2022-05-25 09:06:01
1653469562955982000,25.4,2,25.35,8,25.4,7,1,2022-05-25 09:06:02
1653469562997465000,25.35,1,25.35,7,25.4,7,2,2022-05-25 09:06:02
1653469563019475000,25.35,1,25.35,6,25.4,7,2,2022-05-25 09:06:03
1653469563299381000,25.35,2,25.35,4,25.4,8,2,2022-05-25 09:06:03
1653469563554303000,25.35,1,25.35,3,25.4,8,2,2022-05-25 09:06:03
1653469563719924000,25.35,1,25.35,2,25.4,8,2,2022-05-25 09:06:03
1653469564741074000,25.35,2,25.35,1,25.4,12,2,2022-05-25 09:06:04
1653469565463548000,25.35,1,25.3,40,25.4,15,2,2022-05-25 09:06:05
1653469567146844000,25.3,5,25.3,35,25.35,5,2,2022-05-25 09:06:07
1653469567184542000,25.35,1,25.3,35,25.35,4,1,2022-05-25 09:06:07
1653469567213794000,25.3,1,25.3,34,25.35,4,2,2022-05-25 09:06:07
1653469567215828000,25.35,1,25.3,34,25.35,3,1,2022-05-25 09:06:07
1653469568003145000,25.35,3,25.3,34,25.4,17,1,2022-05-25 09:06:08
1653469569194672000,25.35,1,25.35,2,25.4,17,1,2022-05-25 09:06:09
1653469569525122000,25.35,3,25.35,2,25.4,14,2,2022-05-25 09:06:09
1653469569584359000,25.35,1,25.35,1,25.4,14,2,2022-05-25 09:06:09
1653469569586826000,25.35,1,25.3,34,25.4,14,2,2022-05-25 09:06:09
1653469572246293000,25.35,1,25.3,32,25.4,14,2,2022-05-25 09:06:12
1653469572246293000,25.3,4,25.3,32,25.4,14,2,2022-05-25 09:06:12
1653469574714879000,25.35,2,25.3,34,25.35,5,1,2022-05-25 09:06:14
1653469575291601000,25.35,5,25.3,35,25.4,11,1,2022-05-25 09:06:15
1653469575291601000,25.4,3,25.3,35,25.4,11,1,2022-05-25 09:06:15
1653469575403768000,25.35,1,25.3,35,25.4,11,1,2022-05-25 09:06:15
1653469575438736000,25.35,5,25.35,10,25.4,11,2,2022-05-25 09:06:15
1653469575579635000,25.35,10,25.3,15,25.4,11,2,2022-05-25 09:06:15
1653469575579635000,25.3,20,25.3,15,25.4,11,2,2022-05-25 09:06:15
1653469577662101000,25.3,16,25.25,16,25.35,2,2,2022-05-25 09:06:17
1653469577662101000,25.25,4,25.25,16,25.35,2,2,2022-05-25 09:06:17
1653469583550747000,25.25,5,25.25,23,25.3,18,2,2022-05-25 09:06:23
1653469584573755000,25.25,1,25.25,23,25.3,18,2,2022-05-25 09:06:24
1653469584924375000,25.25,1,25.25,22,25.3,18,2,2022-05-25 09:06:24
1653469584985513000,25.3,3,25.25,22,25.3,15,1,2022-05-25 09:06:24
1653469585116891000,25.3,2,25.25,22,25.3,13,1,2022-05-25 09:06:25
1653469585158086000,25.25,1,25.25,21,25.3,13,2,2022-05-25 09:06:25
1653469585225995000,25.25,1,25.25,20,25.3,13,2,2022-05-25 09:06:25
1653469587454841000,25.3,3,25.25,20,25.3,13,1,2022-05-25 09:06:27
1653469587485671000,25.25,1,25.25,19,25.3,13,2,2022-05-25 09:06:27
1653469587800697000,25.3,1,25.25,19,25.3,12,1,2022-05-25 09:06:27
1653469587855227000,25.25,1,25.25,18,25.3,12,2,2022-05-25 09:06:27
1653469589138190000,25.3,12,25.25,19,25.35,4,1,2022-05-25 09:06:29
1653469589191987000,25.25,10,25.25,9,25.35,4,2,2022-05-25 09:06:29
1653469590335864000,25.3,2,25.25,33,25.35,4,1,2022-05-25 09:06:30
1653469590361256000,25.25,1,25.25,32,25.35,4,2,2022-05-25 09:06:30
1653469591028753000,25.3,1,25.25,31,25.35,4,2,2022-05-25 09:06:31
1653469591028753000,25.25,1,25.25,31,25.35,4,2,2022-05-25 09:06:31
1653469592418970000,25.3,1,25.3,4,25.35,5,2,2022-05-25 09:06:32
1653469594320737000,25.3,1,25.3,4,25.35,5,2,2022-05-25 09:06:34
1653469594336798000,25.35,1,25.3,4,25.35,4,1,2022-05-25 09:06:34
1653469595175891000,25.35,2,25.3,15,25.35,2,1,2022-05-25 09:06:35
1653469595252922000,25.35,1,25.3,15,25.35,1,1,2022-05-25 09:06:35
1653469595290844000,25.35,1,25.3,15,25.4,10,1,2022-05-25 09:06:35
1653469597304320000,25.35,2,25.3,47,25.4,10,2,2022-05-25 09:06:37
1653469597304320000,25.3,8,25.3,47,25.4,10,2,2022-05-25 09:06:37
1653469598728377000,25.35,1,25.3,38,25.4,9,2,2022-05-25 09:06:38
1653469598728377000,25.3,9,25.3,38,25.4,9,2,2022-05-25 09:06:38
1653469599214367000,25.3,10,25.3,28,25.35,1,2,2022-05-25 09:06:39
1653469599303944000,25.35,1,25.3,28,25.35,1,1,2022-05-25 09:06:39
1653469600647144000,25.35,3,25.3,28,25.35,3,1,2022-05-25 09:06:40
1653469601578034000,25.35,1,25.3,28,25.35,2,1,2022-05-25 09:06:41
1653469602222214000,25.35,1,25.3,29,25.35,1,1,2022-05-25 09:06:42
1653469602519973000,25.35,2,25.3,29,25.35,1,1,2022-05-25 09:06:42
1653469602959264000,25.35,1,25.3,29,25.35,1,1,2022-05-25 09:06:42
1653469603646611000,25.35,1,25.3,29,25.4,8,1,2022-05-25 09:06:43
1653469604126684000,25.3,6,25.3,23,25.35,1,2,2022-05-25 09:06:44
1653469604510044000,25.35,1,25.3,23,25.4,8,1,2022-05-25 09:06:44
1653469605437968000,25.35,2,25.35,7,25.4,8,2,2022-05-25 09:06:45
1653469607875782000,25.35,8,25.3,13,25.4,8,2,2022-05-25 09:06:47
1653469607875782000,25.3,12,25.3,13,25.4,8,2,2022-05-25 09:06:47
1653469617596980000,25.4,1,25.35,13,25.4,8,1,2022-05-25 09:06:57
1653469619739629000,25.35,1,25.35,12,25.4,8,2,2022-05-25 09:06:59
1653469619791631000,25.35,1,25.35,11,25.4,8,2,2022-05-25 09:06:59
1653469620353463000,25.4,1,25.35,11,25.4,7,1,2022-05-25 09:07:00
1653469620408212000,25.4,7,25.4,3,25.45,7,1,2022-05-25 09:07:00
1653469624440266000,25.4,3,25.3,19,25.35,4,2,2022-05-25 09:07:04
1653469624440266000,25.35,13,25.3,19,25.35,4,2,2022-05-25 09:07:04
1653469624496842000,25.35,1,25.3,18,25.35,3,1,2022-05-25 09:07:04
1653469625505334000,25.35,1,25.3,18,25.35,2,1,2022-05-25 09:07:05
1653469625528449000,25.35,2,25.3,18,25.45,10,1,2022-05-25 09:07:05
1653469628353460000,25.3,4,25.3,15,25.4,6,2,2022-05-25 09:07:08
1653469630661209000,25.3,1,25.3,16,25.35,20,2,2022-05-25 09:07:10
1653469633447411000,25.35,1,25.3,16,25.35,38,1,2022-05-25 09:07:13
1653469635390905000,25.3,1,25.3,16,25.35,38,2,2022-05-25 09:07:15
1653469635394673000,25.3,15,25.3,1,25.35,38,2,2022-05-25 09:07:15
1653469635428794000,25.3,1,25.25,36,25.35,38,2,2022-05-25 09:07:15
1653469636862723000,25.3,1,25.25,36,25.3,4,1,2022-05-25 09:07:16
1653469637344481000,25.3,1,25.25,36,25.3,3,1,2022-05-25 09:07:17
1653469637385727000,25.25,1,25.25,35,25.3,3,2,2022-05-25 09:07:17
1653469638483610000,25.25,5,25.25,30,25.3,3,2,2022-05-25 09:07:18
1653469640452601000,25.25,6,25.25,24,25.3,3,2,2022-05-25 09:07:20
1653469640481824000,25.25,1,25.25,23,25.3,3,2,2022-05-25 09:07:20
1653469640497266000,25.25,1,25.25,22,25.3,3,2,2022-05-25 09:07:20
1653469643892789000,25.25,3,25.25,19,25.3,15,2,2022-05-25 09:07:23
1653469643924183000,25.25,1,25.25,18,25.3,15,2,2022-05-25 09:07:23
1653469643926343000,25.25,1,25.25,17,25.3,15,2,2022-05-25 09:07:23
1653469643960400000,25.25,1,25.25,16,25.3,15,2,2022-05-25 09:07:23
1653469643984229000,25.25,1,25.25,15,25.3,15,2,2022-05-25 09:07:23
1653469643997679000,25.25,1,25.25,14,25.3,15,2,2022-05-25 09:07:23
1653469647576184000,25.3,5,25.25,14,25.3,10,1,2022-05-25 09:07:27
1653469648188571000,25.25,2,25.25,12,25.3,10,2,2022-05-25 09:07:28
1653469648220301000,25.25,1,25.25,11,25.3,10,2,2022-05-25 09:07:28
1653469648635822000,25.25,2,25.25,9,25.3,10,2,2022-05-25 09:07:28
1653469649286791000,25.3,10,25.25,9,25.35,52,1,2022-05-25 09:07:29
1653469650545688000,25.25,2,25.25,7,25.3,2,2,2022-05-25 09:07:30
1653469652865740000,25.25,4,25.25,9,25.3,2,2,2022-05-25 09:07:32
1653469652922408000,25.25,1,25.25,8,25.3,2,2,2022-05-25 09:07:32
1653469653109082000,25.3,2,25.3,3,25.35,51,1,2022-05-25 09:07:33
1653469654055119000,25.3,1,25.3,2,25.35,51,2,2022-05-25 09:07:34
1653469654694302000,25.3,2,25.25,6,25.35,51,2,2022-05-25 09:07:34
1653469654694302000,25.25,2,25.25,6,25.35,51,2,2022-05-25 09:07:34
1653469655125211000,25.25,2,25.25,4,25.35,51,2,2022-05-25 09:07:35
1653469657336050000,25.3,1,25.25,17,25.3,3,1,2022-05-25 09:07:37
1653469660670646000,25.3,1,25.25,32,25.3,5,1,2022-05-25 09:07:40
1653469662776440000,25.3,5,25.3,3,25.35,52,1,2022-05-25 09:07:42
1653469663015749000,25.3,1,25.3,2,25.35,52,2,2022-05-25 09:07:43
1653469663702502000,25.3,4,25.2,19,25.35,52,2,2022-05-25 09:07:43
1653469663702502000,25.25,33,25.2,19,25.35,52,2,2022-05-25 09:07:43
1653469663702502000,25.2,3,25.2,19,25.35,52,2,2022-05-25 09:07:43
1653469667030760000,25.2,1,25.2,7,25.3,4,2,2022-05-25 09:07:47
1653469670600994000,25.2,2,25.2,6,25.25,1,2,2022-05-25 09:07:50
1653469670636390000,25.2,1,25.2,5,25.25,2,2,2022-05-25 09:07:50
1653469673672229000,25.2,5,25.2,1,25.25,2,2,2022-05-25 09:07:53
1653469673703327000,25.2,1,25.15,26,25.25,2,2,2022-05-25 09:07:53
1653469674739931000,25.2,1,25.2,3,25.25,2,2,2022-05-25 09:07:54
1653469674762435000,25.2,1,25.2,2,25.25,2,2,2022-05-25 09:07:54
1653469675480046000,25.2,1,25.2,2,25.25,2,2,2022-05-25 09:07:55
1653469675888186000,25.2,2,25.2,2,25.25,2,2,2022-05-25 09:07:55
1653469675925213000,25.2,1,25.2,2,25.25,2,2,2022-05-25 09:07:55
1653469676519778000,25.25,1,25.2,2,25.25,1,1,2022-05-25 09:07:56
1653469677448539000,25.25,1,25.2,2,25.3,12,1,2022-05-25 09:07:57
1653469678436190000,25.2,1,25.2,1,25.3,12,2,2022-05-25 09:07:58
1653469680416517000,25.25,2,25.15,28,25.2,1,2,2022-05-25 09:08:00
1653469680416517000,25.2,2,25.15,28,25.2,1,2,2022-05-25 09:08:00
1653469680456344000,25.2,1,25.15,28,25.3,12,1,2022-05-25 09:08:00
1653469681891806000,25.25,2,25.25,4,25.3,12,2,2022-05-25 09:08:01
1653469683711667000,25.25,1,25.25,3,25.3,12,2,2022-05-25 09:08:03
1653469691002766000,25.25,1,25.25,2,25.3,12,2,2022-05-25 09:08:11
1653469691037056000,25.25,2,25.2,18,25.3,12,2,2022-05-25 09:08:11
1653469691904049000,25.25,2,25.2,18,25.25,2,1,2022-05-25 09:08:11
1653469691934705000,25.25,2,25.2,18,25.3,12,1,2022-05-25 09:08:11
1653469692089420000,25.2,1,25.2,17,25.3,12,2,2022-05-25 09:08:12
1653469692593089000,25.2,1,25.2,16,25.25,1,2,2022-05-25 09:08:12
1653469694848377000,25.25,1,25.2,16,25.3,12,1,2022-05-25 09:08:14
1653469698623361000,25.25,2,25.25,8,25.3,12,2,2022-05-25 09:08:18
1653469700023194000,25.3,3,25.25,8,25.3,9,1,2022-05-25 09:08:20
1653469701011300000,25.3,1,25.25,8,25.3,8,1,2022-05-25 09:08:21
1653469702996973000,25.3,2,25.25,13,25.3,6,1,2022-05-25 09:08:22
1653469703028597000,25.3,2,25.25,13,25.3,4,1,2022-05-25 09:08:23
1653469703934815000,25.3,3,25.25,17,25.3,1,1,2022-05-25 09:08:23
1653469703961813000,25.3,1,25.25,17,25.35,30,1,2022-05-25 09:08:23
1653469707415518000,25.3,1,25.3,5,25.35,30,2,2022-05-25 09:08:27
1653469713968412000,25.3,5,25.25,33,25.35,32,2,2022-05-25 09:08:33
1653469715347708000,25.3,1,25.25,33,25.35,32,1,2022-05-25 09:08:35
1653469718697088000,25.3,1,25.3,1,25.35,32,2,2022-05-25 09:08:38
1653469721797663000,25.35,2,25.3,3,25.35,30,1,2022-05-25 09:08:41
1653469723902157000,25.3,3,25.3,3,25.35,30,2,2022-05-25 09:08:43
1653469725481190000,25.3,1,25.3,3,25.35,30,2,2022-05-25 09:08:45
1653469727503369000,25.3,1,25.3,5,25.35,30,2,2022-05-25 09:08:47
1653469727966091000,25.3,5,25.25,34,25.35,30,2,2022-05-25 09:08:47
1653469729607210000,25.3,1,25.3,1,25.35,30,2,2022-05-25 09:08:49
1653469729674883000,25.3,1,25.25,34,25.35,30,2,2022-05-25 09:08:49
1653469730278772000,25.25,3,25.25,31,25.35,30,2,2022-05-25 09:08:50
1653469734890177000,25.3,5,25.3,10,25.35,31,2,2022-05-25 09:08:54
1653469735165284000,25.3,2,25.3,8,25.35,31,2,2022-05-25 09:08:55
1653469741569948000,25.35,5,25.3,14,25.35,26,1,2022-05-25 09:09:01
1653469742131597000,25.35,20,25.3,14,25.35,6,1,2022-05-25 09:09:02
1653469742161103000,25.35,5,25.3,14,25.35,1,1,2022-05-25 09:09:02
1653469742278544000,25.35,1,25.35,5,25.4,2,1,2022-05-25 09:09:02
1653469742399937000,25.4,1,25.35,5,25.4,1,1,2022-05-25 09:09:02
1653469742402331000,25.4,1,25.35,5,25.45,2,1,2022-05-25 09:09:02
1653469742627081000,25.45,1,25.4,11,25.45,1,1,2022-05-25 09:09:02
1653469750827440000,25.45,2,25.4,22,25.45,1,1,2022-05-25 09:09:10
1653469751177061000,25.45,1,25.45,19,25.5,10,1,2022-05-25 09:09:11
1653469753487834000,25.45,2,25.45,18,25.5,10,2,2022-05-25 09:09:13
1653469753499265000,25.45,1,25.45,17,25.5,10,2,2022-05-25 09:09:13
1653469755617839000,25.45,1,25.45,16,25.5,10,2,2022-05-25 09:09:15
1653469756934054000,25.5,4,25.45,16,25.5,7,1,2022-05-25 09:09:16
1653469757263506000,25.45,1,25.45,15,25.5,7,2,2022-05-25 09:09:17
1653469762622094000,25.45,1,25.45,17,25.5,8,2,2022-05-25 09:09:22
1653469762959548000,25.5,2,25.45,17,25.5,6,1,2022-05-25 09:09:22
1653469766409307000,25.5,1,25.45,18,25.5,8,1,2022-05-25 09:09:26
1653469767445806000,25.45,3,25.45,16,25.5,8,2,2022-05-25 09:09:27
1653469767743726000,25.5,1,25.45,16,25.5,7,1,2022-05-25 09:09:27
1653469771414427000,25.5,5,25.45,18,25.5,5,1,2022-05-25 09:09:31
1653469772706473000,25.5,2,25.45,20,25.5,3,1,2022-05-25 09:09:32
1653469772971915000,25.5,1,25.45,20,25.5,2,1,2022-05-25 09:09:32
1653469773484683000,25.5,1,25.45,20,25.5,1,1,2022-05-25 09:09:33
1653469773493241000,25.5,1,25.45,20,25.55,18,1,2022-05-25 09:09:33
1653469774496388000,25.5,1,25.45,20,25.5,1,1,2022-05-25 09:09:34
1653469776258543000,25.5,1,25.5,1,25.55,18,1,2022-05-25 09:09:36
1653469776514858000,25.5,1,25.5,1,25.55,18,2,2022-05-25 09:09:36
1653469776929429000,25.5,1,25.45,20,25.55,18,2,2022-05-25 09:09:36
1653469778242987000,25.5,2,25.45,20,25.55,18,2,2022-05-25 09:09:38
1653469779873278000,25.5,1,25.45,20,25.55,18,2,2022-05-25 09:09:39
1653469782342568000,25.5,5,25.45,20,25.5,5,1,2022-05-25 09:09:42
1653469782728896000,25.5,2,25.45,20,25.5,3,1,2022-05-25 09:09:42
1653469787131472000,25.5,1,25.45,20,25.5,3,1,2022-05-25 09:09:47
1653469788772700000,25.5,3,25.45,21,25.55,1,1,2022-05-25 09:09:48
1653469788772700000,25.55,17,25.45,21,25.55,1,1,2022-05-25 09:09:48
1653469789633651000,25.5,10,25.5,6,25.55,1,2,2022-05-25 09:09:49
1653469792000980000,25.5,1,25.5,6,25.55,1,2,2022-05-25 09:09:52
1653469795341082000,25.5,2,25.5,10,25.55,8,2,2022-05-25 09:09:55
1653469796479188000,25.5,1,25.5,9,25.55,8,2,2022-05-25 09:09:56
1653469798185067000,25.55,1,25.5,10,25.55,7,1,2022-05-25 09:09:58
1653469798246685000,25.55,3,25.5,10,25.55,4,1,2022-05-25 09:09:58
1653469803058642000,25.5,17,25.4,26,25.55,5,2,2022-05-25 09:10:03
1653469803058642000,25.45,20,25.4,26,25.55,5,2,2022-05-25 09:10:03
1653469803058642000,25.4,3,25.4,26,25.55,5,2,2022-05-25 09:10:03
1653469808562020000,25.4,2,25.4,23,25.45,1,2,2022-05-25 09:10:08
1653469808630858000,25.4,1,25.4,22,25.45,2,2,2022-05-25 09:10:08
1653469808701414000,25.4,9,25.4,8,25.45,2,2,2022-05-25 09:10:08
1653469808744714000,25.4,1,25.4,7,25.45,2,2,2022-05-25 09:10:08
1653469808755268000,25.4,1,25.4,6,25.45,2,2,2022-05-25 09:10:08
1653469809751419000,25.4,1,25.4,5,25.45,2,2,2022-05-25 09:10:09
1653469809782843000,25.4,5,25.35,4,25.45,2,2,2022-05-25 09:10:09
1653469810406804000,25.4,1,25.35,4,25.45,3,1,2022-05-25 09:10:10
1653469816013805000,25.35,1,25.35,3,25.45,8,2,2022-05-25 09:10:16
1653469820925261000,25.4,2,25.4,1,25.45,22,2,2022-05-25 09:10:20
1653469823545803000,25.4,1,25.35,3,25.45,23,2,2022-05-25 09:10:23
1653469829699973000,25.35,1,25.35,4,25.4,1,2,2022-05-25 09:10:29
1653469832889052000,25.35,5,25.25,21,25.4,2,2,2022-05-25 09:10:32
1653469832889052000,25.3,28,25.25,21,25.4,2,2,2022-05-25 09:10:32
1653469832889052000,25.25,16,25.25,21,25.4,2,2,2022-05-25 09:10:32
1653469838718557000,25.35,2,25.25,20,25.35,4,1,2022-05-25 09:10:38
1653469839023155000,25.35,1,25.25,20,25.35,3,1,2022-05-25 09:10:39
1653469839074055000,25.25,1,25.25,19,25.35,3,2,2022-05-25 09:10:39
1653469840424183000,25.35,2,25.25,19,25.35,1,1,2022-05-25 09:10:40
1653469841295872000,25.25,12,25.25,7,25.35,1,2,2022-05-25 09:10:41
1653469841981380000,25.3,1,25.25,7,25.3,3,1,2022-05-25 09:10:41
1653469845157820000,25.25,1,25.25,6,25.3,3,2,2022-05-25 09:10:45
1653469847440594000,25.25,3,25.25,4,25.3,3,2,2022-05-25 09:10:47
1653469847505674000,25.25,1,25.25,3,25.3,3,2,2022-05-25 09:10:47
1653469853727896000,25.25,2,25.25,1,25.3,5,2,2022-05-25 09:10:53
1653469853756976000,25.25,1,25.2,34,25.3,5,2,2022-05-25 09:10:53
1653469855410463000,25.25,1,25.2,34,25.25,2,1,2022-05-25 09:10:55
1653469856858694000,25.2,10,25.2,24,25.25,3,2,2022-05-25 09:10:56
1653469856893150000,25.2,1,25.2,23,25.25,4,2,2022-05-25 09:10:56
1653469858375472000,25.25,1,25.2,29,25.25,3,1,2022-05-25 09:10:58
1653469862472582000,25.25,3,25.2,30,25.3,5,1,2022-05-25 09:11:02
1653469862592950000,25.25,1,25.2,30,25.3,5,1,2022-05-25 09:11:02
1653469862863533000,25.2,11,25.2,19,25.25,1,2,2022-05-25 09:11:02
1653469862886846000,25.2,11,25.2,8,25.25,1,2,2022-05-25 09:11:02
1653469862901878000,25.2,1,25.2,7,25.25,1,2,2022-05-25 09:11:02
1653469862902792000,25.2,1,25.2,6,25.25,2,2,2022-05-25 09:11:02
1653469862945017000,25.2,1,25.2,6,25.25,2,2,2022-05-25 09:11:02
1653469862945939000,25.2,1,25.2,5,25.25,2,2,2022-05-25 09:11:02
1653469862997223000,25.2,1,25.2,4,25.25,2,2,2022-05-25 09:11:02
1653469863039457000,25.2,1,25.2,3,25.25,2,2,2022-05-25 09:11:03
1653469863043228000,25.2,1,25.2,2,25.25,2,2,2022-05-25 09:11:03
1653469863275687000,25.25,1,25.2,2,25.25,1,1,2022-05-25 09:11:03
1653469864029192000,25.25,1,25.2,12,25.3,5,1,2022-05-25 09:11:04
1653469866445447000,25.25,1,25.25,1,25.3,5,2,2022-05-25 09:11:06
1653469868808106000,25.25,3,25.25,2,25.3,5,2,2022-05-25 09:11:08
1653469869580140000,25.25,2,25.25,1,25.3,5,2,2022-05-25 09:11:09
1653469869649331000,25.25,1,25.2,21,25.3,5,2,2022-05-25 09:11:09
1653469870028598000,25.25,1,25.2,21,25.3,5,1,2022-05-25 09:11:10
1653469870122770000,25.3,1,25.2,21,25.3,4,1,2022-05-25 09:11:10
1653469870314262000,25.2,2,25.2,19,25.3,4,2,2022-05-25 09:11:10
1653469871858806000,25.25,1,25.2,19,25.25,6,1,2022-05-25 09:11:11
1653469873217886000,25.25,1,25.2,22,25.25,6,1,2022-05-25 09:11:13
1653469873892592000,25.25,1,25.2,22,25.25,6,1,2022-05-25 09:11:13
1653469874155152000,25.2,1,25.2,21,25.25,6,2,2022-05-25 09:11:14
1653469882620764000,25.2,2,25.2,23,25.25,17,2,2022-05-25 09:11:22
1653469884277555000,25.2,1,25.2,21,25.25,17,2,2022-05-25 09:11:24
1653469884602990000,25.25,5,25.2,21,25.25,12,1,2022-05-25 09:11:24
1653469884620678000,25.2,1,25.2,20,25.25,12,2,2022-05-25 09:11:24
1653469885586697000,25.2,5,25.2,15,25.25,11,2,2022-05-25 09:11:25
1653469887052890000,25.2,1,25.2,15,25.25,11,2,2022-05-25 09:11:27
1653469887571966000,25.25,3,25.2,15,25.25,8,1,2022-05-25 09:11:27
1653469887637937000,25.2,7,25.2,8,25.25,8,2,2022-05-25 09:11:27
1653469887766623000,25.2,3,25.2,5,25.25,8,2,2022-05-25 09:11:27
1653469888219242000,25.2,1,25.2,4,25.25,9,2,2022-05-25 09:11:28
1653469888248028000,25.2,1,25.2,3,25.25,9,2,2022-05-25 09:11:28
1653469888295149000,25.2,3,25.15,19,25.2,7,2,2022-05-25 09:11:28
1653469889227500000,25.2,4,25.15,19,25.2,3,1,2022-05-25 09:11:29
1653469889257354000,25.2,3,25.15,19,25.25,9,1,2022-05-25 09:11:29
1653469889289250000,25.15,1,25.15,18,25.25,9,2,2022-05-25 09:11:29
1653469891278315000,25.15,4,25.15,14,25.2,2,2,2022-05-25 09:11:31
1653469896381285000,25.2,1,25.15,14,25.2,4,1,2022-05-25 09:11:36
1653469896553799000,25.15,1,25.15,13,25.2,4,2,2022-05-25 09:11:36
1653469897163724000,25.15,5,25.15,8,25.2,5,2,2022-05-25 09:11:37
1653469901829416000,25.15,1,25.15,10,25.2,22,2,2022-05-25 09:11:41
1653469901861084000,25.15,1,25.15,9,25.2,22,2,2022-05-25 09:11:41
1653469903875444000,25.15,1,25.15,13,25.2,26,2,2022-05-25 09:11:43
1653469905433170000,25.15,2,25.15,12,25.2,27,2,2022-05-25 09:11:45
1653469905462578000,25.15,1,25.15,11,25.2,27,2,2022-05-25 09:11:45
1653469905891888000,25.15,2,25.15,9,25.2,27,2,2022-05-25 09:11:45
1653469906680245000,25.15,1,25.15,8,25.2,27,2,2022-05-25 09:11:46
1653469907784915000,25.15,1,25.15,9,25.2,33,2,2022-05-25 09:11:47
1653469907837184000,25.15,1,25.15,8,25.2,33,2,2022-05-25 09:11:47
1653469908302124000,25.15,2,25.15,7,25.2,33,2,2022-05-25 09:11:48
1653469908559204000,25.15,1,25.15,6,25.2,33,2,2022-05-25 09:11:48
1653469908852022000,25.15,1,25.15,5,25.2,36,2,2022-05-25 09:11:48
1653469908900582000,25.15,1,25.15,4,25.2,36,2,2022-05-25 09:11:48
1653469909071692000,25.15,4,25.1,20,25.15,3,2,2022-05-25 09:11:49
1653469911623372000,25.15,2,25.1,24,25.15,3,1,2022-05-25 09:11:51
1653469911663462000,25.1,1,25.1,23,25.15,3,2,2022-05-25 09:11:51
1653469913892740000,25.15,2,25.1,23,25.15,1,1,2022-05-25 09:11:53
1653469913938710000,25.1,1,25.1,22,25.15,1,2,2022-05-25 09:11:53
1653469914012839000,25.15,1,25.1,22,25.2,36,1,2022-05-25 09:11:54
1653469916085279000,25.15,2,25.15,1,25.2,46,2,2022-05-25 09:11:56
1653469916127562000,25.15,1,25.1,23,25.2,46,2,2022-05-25 09:11:56
1653469918406291000,25.15,1,25.15,4,25.2,46,2,2022-05-25 09:11:58
1653469920617274000,25.15,1,25.15,6,25.2,46,2,2022-05-25 09:12:00
1653469921421055000,25.15,4,25.15,2,25.2,46,2,2022-05-25 09:12:01
1653469921446461000,25.15,1,25.15,1,25.2,46,2,2022-05-25 09:12:01
1653469921909290000,25.15,1,25.15,1,25.2,46,2,2022-05-25 09:12:01
1653469921909313000,25.15,1,25.1,27,25.2,46,2,2022-05-25 09:12:01
1653469922791999000,25.1,8,25.1,19,25.15,1,2,2022-05-25 09:12:02
1653469922860240000,25.1,1,25.1,18,25.15,1,2,2022-05-25 09:12:02
1653469926151766000,25.1,10,25.1,8,25.15,1,2,2022-05-25 09:12:06
1653469927559657000,25.1,8,25.05,30,25.1,2,2,2022-05-25 09:12:07
1653469927604470000,25.05,1,25.05,29,25.1,2,2,2022-05-25 09:12:07
1653469927605459000,25.05,1,25.05,28,25.1,2,2,2022-05-25 09:12:07
1653469927798655000,25.1,1,25.05,28,25.1,1,1,2022-05-25 09:12:07
1653469929592369000,25.1,1,25.05,28,25.1,1,1,2022-05-25 09:12:09
1653469929697119000,25.1,1,25.05,28,25.15,3,1,2022-05-25 09:12:09
1653469930990410000,25.1,2,25.05,29,25.1,4,1,2022-05-25 09:12:10
1653469931225473000,25.1,2,25.05,34,25.1,2,1,2022-05-25 09:12:11
1653469931941238000,25.1,1,25.05,34,25.1,1,1,2022-05-25 09:12:11
1653469931970719000,25.1,1,25.05,34,25.15,3,1,2022-05-25 09:12:11
1653469934508075000,25.1,1,25.1,1,25.15,3,2,2022-05-25 09:12:14
1653469934571376000,25.1,1,25.05,36,25.15,3,2,2022-05-25 09:12:14
1653469935114263000,25.1,1,25.05,36,25.15,3,2,2022-05-25 09:12:15
1653469937893588000,25.1,1,25.1,9,25.15,3,2,2022-05-25 09:12:17
1653469940238089000,25.1,1,25.1,8,25.15,3,2,2022-05-25 09:12:20
1653469942398937000,25.1,1,25.1,7,25.15,4,2,2022-05-25 09:12:22
1653469946175258000,25.1,2,25.1,17,25.15,4,2,2022-05-25 09:12:26
1653469946208872000,25.1,1,25.1,16,25.15,4,2,2022-05-25 09:12:26
1653469946234580000,25.1,1,25.1,15,25.15,4,2,2022-05-25 09:12:26
1653469946910598000,25.1,3,25.1,14,25.15,4,2,2022-05-25 09:12:26
1653469950433578000,25.1,1,25.1,14,25.15,4,2,2022-05-25 09:12:30
1653469951473613000,25.15,3,25.1,14,25.15,1,1,2022-05-25 09:12:31
1653469951587836000,25.15,1,25.1,14,25.2,45,1,2022-05-25 09:12:31
1653469956512219000,25.15,1,25.15,13,25.2,30,2,2022-05-25 09:12:36
1653469958795807000,25.15,4,25.15,10,25.2,30,2,2022-05-25 09:12:38
1653469959229991000,25.15,2,25.15,9,25.2,30,2,2022-05-25 09:12:39
1653469960788897000,25.15,9,25.1,32,25.15,1,2,2022-05-25 09:12:40
1653469960818896000,25.1,1,25.1,31,25.15,1,2,2022-05-25 09:12:40
1653469961655225000,25.15,1,25.1,30,25.2,31,1,2022-05-25 09:12:41
1653469965061465000,25.15,1,25.1,31,25.2,31,2,2022-05-25 09:12:45
1653469967843452000,25.15,1,25.15,5,25.2,31,2,2022-05-25 09:12:47
1653469968140130000,25.15,2,25.15,3,25.2,31,2,2022-05-25 09:12:48
1653469969428607000,25.15,2,25.15,1,25.2,31,2,2022-05-25 09:12:49
1653469970626505000,25.15,1,25.1,26,25.15,1,2,2022-05-25 09:12:50
1653469972364907000,25.1,1,25.1,25,25.15,1,2,2022-05-25 09:12:52
1653469977319950000,25.15,1,25.1,25,25.15,3,1,2022-05-25 09:12:57
1653469977335185000,25.15,1,25.1,25,25.15,2,1,2022-05-25 09:12:57
1653469979768256000,25.15,2,25.1,27,25.2,31,1,2022-05-25 09:12:59
1653469982594402000,25.1,20,25.1,1,25.15,3,2,2022-05-25 09:13:02
1653469982625472000,25.1,1,25.05,49,25.15,3,2,2022-05-25 09:13:02
1653469984081489000,25.1,1,25.05,49,25.1,2,1,2022-05-25 09:13:04
1653469986983198000,25.1,1,25.05,49,25.1,3,1,2022-05-25 09:13:06
1653469987258887000,25.05,1,25.05,48,25.1,3,2,2022-05-25 09:13:07
1653469988211018000,25.05,1,25.05,47,25.1,5,2,2022-05-25 09:13:08
1653469998570983000,25.1,5,25.05,50,25.1,12,1,2022-05-25 09:13:18
1653470001494114000,25.1,1,25.05,50,25.1,14,1,2022-05-25 09:13:21
1653470003075951000,25.1,2,25.05,50,25.1,23,1,2022-05-25 09:13:23
1653470003756786000,25.1,1,25.05,50,25.1,23,1,2022-05-25 09:13:23
1653470004684266000,25.1,6,25.05,50,25.1,17,1,2022-05-25 09:13:24
1653470004717176000,25.05,1,25.05,49,25.1,17,2,2022-05-25 09:13:24
1653470004747944000,25.05,1,25.05,48,25.1,17,2,2022-05-25 09:13:24
1653470004802333000,25.05,1,25.05,47,25.1,17,2,2022-05-25 09:13:24
1653470005343649000,25.1,1,25.05,47,25.1,16,1,2022-05-25 09:13:25
1653470005807877000,25.1,1,25.05,47,25.1,15,1,2022-05-25 09:13:25
1653470006498801000,25.1,1,25.05,47,25.1,14,1,2022-05-25 09:13:26
1653470007867722000,25.1,1,25.05,47,25.1,13,1,2022-05-25 09:13:27
1653470008403039000,25.1,3,25.05,47,25.1,10,1,2022-05-25 09:13:28
1653470008707621000,25.1,1,25.05,47,25.1,9,1,2022-05-25 09:13:28
1653470009280079000,25.05,20,25.05,27,25.1,9,2,2022-05-25 09:13:29
1653470009306775000,25.05,1,25.05,26,25.1,9,2,2022-05-25 09:13:29
1653470009308363000,25.05,1,25.05,25,25.1,9,2,2022-05-25 09:13:29
1653470009324633000,25.05,1,25.05,24,25.1,9,2,2022-05-25 09:13:29
1653470009330563000,25.05,1,25.05,23,25.1,9,2,2022-05-25 09:13:29
1653470009915482000,25.1,9,25.05,22,25.15,12,1,2022-05-25 09:13:29
1653470009915482000,25.15,1,25.05,22,25.15,12,1,2022-05-25 09:13:29
1653470010002151000,25.1,1,25.1,1,25.15,12,1,2022-05-25 09:13:30
1653470012722750000,25.1,4,25.1,1,25.15,12,2,2022-05-25 09:13:32
1653470013882443000,25.1,1,25.05,48,25.15,12,2,2022-05-25 09:13:33
1653470016634676000,25.1,5,25.05,53,25.1,3,1,2022-05-25 09:13:36
1653470016726066000,25.1,2,25.05,53,25.1,1,1,2022-05-25 09:13:36
1653470016944966000,25.1,1,25.05,53,25.15,12,1,2022-05-25 09:13:36
1653470026215319000,25.15,1,25.1,28,25.15,21,1,2022-05-25 09:13:46
1653470026309711000,25.15,14,25.1,28,25.15,7,1,2022-05-25 09:13:46
1653470026338796000,25.15,3,25.1,28,25.15,4,1,2022-05-25 09:13:46
1653470026403412000,25.15,2,25.1,28,25.15,2,1,2022-05-25 09:13:46
1653470026433323000,25.15,2,25.1,28,25.2,28,1,2022-05-25 09:13:46
1653470028480827000,25.15,2,25.1,10,25.2,29,2,2022-05-25 09:13:48
1653470028480827000,25.1,18,25.1,10,25.2,29,2,2022-05-25 09:13:48
1653470029213573000,25.1,5,25.1,5,25.15,2,2,2022-05-25 09:13:49
1653470033480246000,25.1,7,25.05,55,25.15,2,2,2022-05-25 09:13:53
1653470034646186000,25.15,1,25.1,1,25.15,1,1,2022-05-25 09:13:54
1653470044527990000,25.15,4,25.15,6,25.2,32,1,2022-05-25 09:14:04
1653470045187452000,25.15,2,25.15,4,25.2,32,2,2022-05-25 09:14:05
1653470050585288000,25.15,2,25.15,2,25.2,32,2,2022-05-25 09:14:10
1653470051573787000,25.15,1,25.15,1,25.2,32,2,2022-05-25 09:14:11
1653470052602505000,25.15,1,25.1,18,25.2,32,2,2022-05-25 09:14:12
1653470055369914000,25.15,1,25.1,18,25.15,4,2,2022-05-25 09:14:15
1653470057048027000,25.1,7,25.1,11,25.15,4,2,2022-05-25 09:14:17
1653470057378262000,25.15,1,25.1,11,25.15,3,1,2022-05-25 09:14:17
1653470057612383000,25.15,3,25.15,7,25.2,32,1,2022-05-25 09:14:17
1653470061031411000,25.15,1,25.15,7,25.2,31,2,2022-05-25 09:14:21
1653470061762707000,25.15,1,25.15,6,25.2,31,2,2022-05-25 09:14:21
1653470062521751000,25.15,2,25.15,4,25.2,29,2,2022-05-25 09:14:22
1653470064582934000,25.15,7,25.1,10,25.2,29,2,2022-05-25 09:14:24
1653470064582934000,25.1,13,25.1,10,25.2,29,2,2022-05-25 09:14:24
1653470067955956000,25.15,1,25.15,1,25.2,29,2,2022-05-25 09:14:27
1653470073186317000,25.2,5,25.15,1,25.2,24,1,2022-05-25 09:14:33
1653470080021458000,25.2,1,25.15,1,25.2,24,1,2022-05-25 09:14:40
1653470080956077000,25.2,1,25.15,1,25.2,23,1,2022-05-25 09:14:40
1653470081634633000,25.2,2,25.15,1,25.2,22,1,2022-05-25 09:14:41
1653470087239384000,25.15,1,25.15,11,25.2,22,2,2022-05-25 09:14:47
1653470087291607000,25.2,15,25.15,11,25.2,7,1,2022-05-25 09:14:47
1653470087327285000,25.2,1,25.15,11,25.2,6,1,2022-05-25 09:14:47
1653470087459962000,25.2,6,25.15,11,25.25,15,1,2022-05-25 09:14:47
1653470089635772000,25.25,1,25.2,3,25.25,14,1,2022-05-25 09:14:49
1653470091033499000,25.2,3,25.1,13,25.25,14,2,2022-05-25 09:14:51
1653470091033499000,25.15,11,25.1,13,25.25,14,2,2022-05-25 09:14:51
1653470091033499000,25.1,6,25.1,13,25.25,14,2,2022-05-25 09:14:51
1653470092185354000,25.2,2,25.1,12,25.25,13,1,2022-05-25 09:14:52
1653470092185354000,25.25,1,25.1,12,25.25,13,1,2022-05-25 09:14:52
1653470092781619000,25.1,1,25.1,11,25.25,7,2,2022-05-25 09:14:52
1653470094285045000,25.2,3,25.2,2,25.25,7,2,2022-05-25 09:14:54
1653470094828045000,25.2,1,25.2,1,25.25,13,2,2022-05-25 09:14:54
1653470100057180000,25.2,2,25.15,1,25.2,3,2,2022-05-25 09:15:00
1653470102106723000,25.2,1,25.15,1,25.2,4,1,2022-05-25 09:15:02
1653470108638194000,25.2,1,25.15,6,25.2,4,1,2022-05-25 09:15:08
1653470111070386000,25.15,1,25.15,7,25.2,5,2,2022-05-25 09:15:11
1653470121053212000,25.15,1,25.15,6,25.2,7,2,2022-05-25 09:15:21
1653470121789160000,25.2,2,25.15,7,25.2,5,1,2022-05-25 09:15:21
1653470125043972000,25.2,1,25.15,8,25.2,4,1,2022-05-25 09:15:25
1653470125139712000,25.2,1,25.15,8,25.2,3,1,2022-05-25 09:15:25
1653470125163530000,25.2,1,25.15,8,25.2,2,1,2022-05-25 09:15:25
1653470125259395000,25.2,1,25.15,8,25.2,1,1,2022-05-25 09:15:25
1653470126203651000,25.2,1,25.15,9,25.25,11,1,2022-05-25 09:15:26
1653470127365515000,25.2,1,25.15,9,25.25,11,1,2022-05-25 09:15:27
1653470134615265000,25.15,1,25.15,9,25.25,10,2,2022-05-25 09:15:34
1653470145746775000,25.2,1,25.15,8,25.25,12,2,2022-05-25 09:15:45
1653470150351120000,25.2,1,25.15,9,25.25,12,1,2022-05-25 09:15:50
1653470159792625000,25.2,2,25.15,15,25.2,4,2,2022-05-25 09:15:59
1653470164866917000,25.2,1,25.15,15,25.2,13,1,2022-05-25 09:16:04
1653470177568153000,25.2,1,25.15,15,25.2,12,1,2022-05-25 09:16:17
1653470178243657000,25.2,1,25.15,16,25.2,11,1,2022-05-25 09:16:18
1653470178280298000,25.2,11,25.15,16,25.25,1,1,2022-05-25 09:16:18
1653470178280298000,25.25,9,25.15,16,25.25,1,1,2022-05-25 09:16:18
1653470178878237000,25.2,1,25.2,8,25.25,1,2,2022-05-25 09:16:18
1653470183668686000,25.25,1,25.25,4,25.3,7,1,2022-05-25 09:16:23
1653470184883143000,25.25,4,25.2,2,25.3,7,2,2022-05-25 09:16:24
1653470184883143000,25.2,6,25.2,2,25.3,7,2,2022-05-25 09:16:24
1653470186738904000,25.2,1,25.2,1,25.25,1,2,2022-05-25 09:16:26
1653470199913544000,25.25,1,25.2,8,25.3,8,1,2022-05-25 09:16:39
1653470206437735000,25.25,1,25.2,15,25.3,8,2,2022-05-25 09:16:46
1653470208782175000,25.25,1,25.2,15,25.25,2,1,2022-05-25 09:16:48
1653470211455214000,25.25,1,25.2,16,25.25,1,1,2022-05-25 09:16:51
1653470211778574000,25.25,1,25.2,16,25.3,8,1,2022-05-25 09:16:51
1653470213596693000,25.25,1,25.25,6,25.3,9,2,2022-05-25 09:16:53
1653470214017575000,25.3,1,25.25,6,25.3,9,1,2022-05-25 09:16:54
1653470217278635000,25.3,1,25.25,7,25.3,8,1,2022-05-25 09:16:57
1653470218544637000,25.3,8,25.25,7,25.35,21,1,2022-05-25 09:16:58
1653470218544637000,25.35,2,25.25,7,25.35,21,1,2022-05-25 09:16:58
1653470223822034000,25.35,5,25.3,6,25.35,16,1,2022-05-25 09:17:03
1653470225464055000,25.3,2,25.3,4,25.35,16,2,2022-05-25 09:17:05
1653470226066659000,25.35,5,25.25,13,25.35,11,1,2022-05-25 09:17:06
1653470226390012000,25.35,1,25.25,13,25.35,10,1,2022-05-25 09:17:06
1653470226987714000,25.35,1,25.25,13,25.35,9,1,2022-05-25 09:17:06
1653470229499379000,25.35,1,25.3,1,25.35,17,1,2022-05-25 09:17:09
1653470230519286000,25.35,2,25.3,1,25.35,15,1,2022-05-25 09:17:10
1653470230952085000,25.3,1,25.25,8,25.35,15,2,2022-05-25 09:17:10
1653470231524712000,25.35,6,25.25,8,25.35,9,1,2022-05-25 09:17:11
1653470235988375000,25.35,1,25.3,1,25.35,8,1,2022-05-25 09:17:15
1653470236642194000,25.35,1,25.3,1,25.35,7,1,2022-05-25 09:17:16
1653470237304938000,25.3,1,25.25,8,25.35,7,2,2022-05-25 09:17:17
1653470238458982000,25.35,1,25.3,1,25.35,6,1,2022-05-25 09:17:18
1653470243526380000,25.35,5,25.3,1,25.35,8,1,2022-05-25 09:17:23
1653470243765351000,25.35,1,25.3,3,25.35,7,1,2022-05-25 09:17:23
1653470245147113000,25.35,10,25.3,3,25.35,2,1,2022-05-25 09:17:25
1653470247676006000,25.35,1,25.3,4,25.35,2,1,2022-05-25 09:17:27
1653470248035477000,25.35,1,25.3,5,25.35,1,1,2022-05-25 09:17:28
1653470248183619000,25.35,1,25.3,6,25.4,20,1,2022-05-25 09:17:28
1653470249276218000,25.35,1,25.3,6,25.35,2,1,2022-05-25 09:17:29
1653470250876410000,25.35,2,25.3,6,25.4,20,1,2022-05-25 09:17:30
1653470253458164000,25.35,1,25.35,2,25.4,20,2,2022-05-25 09:17:33
1653470255667747000,25.35,4,25.35,3,25.4,70,2,2022-05-25 09:17:35
1653470256385106000,25.35,1,25.35,2,25.4,70,2,2022-05-25 09:17:36
1653470258215401000,25.35,5,25.35,2,25.4,70,2,2022-05-25 09:17:38
1653470259435620000,25.35,1,25.35,1,25.4,69,2,2022-05-25 09:17:39
1653470260063648000,25.35,1,25.3,8,25.4,69,2,2022-05-25 09:17:40
1653470264233051000,25.35,4,25.3,8,25.35,21,1,2022-05-25 09:17:44
1653470264721211000,25.35,1,25.3,8,25.35,20,1,2022-05-25 09:17:44
1653470265016540000,25.3,5,25.3,3,25.35,20,2,2022-05-25 09:17:45
1653470265060930000,25.3,1,25.3,2,25.35,20,2,2022-05-25 09:17:45
1653470265112191000,25.3,2,25.25,7,25.3,8,2,2022-05-25 09:17:45
1653470267479135000,25.3,1,25.25,7,25.3,8,1,2022-05-25 09:17:47
1653470270647035000,25.3,2,25.25,7,25.3,10,1,2022-05-25 09:17:50
1653470278567528000,25.25,5,25.25,5,25.3,11,2,2022-05-25 09:17:58
1653470281673527000,25.25,2,25.25,5,25.3,16,2,2022-05-25 09:18:01
1653470283483695000,25.25,1,25.25,4,25.3,16,2,2022-05-25 09:18:03
1653470284152729000,25.25,1,25.25,3,25.3,16,2,2022-05-25 09:18:04
1653470288521159000,25.3,1,25.25,12,25.3,16,1,2022-05-25 09:18:08
1653470289748581000,25.25,2,25.25,10,25.3,16,2,2022-05-25 09:18:09
1653470304555885000,25.25,2,25.25,10,25.3,30,2,2022-05-25 09:18:24
1653470304837353000,25.25,10,25.2,11,25.3,30,2,2022-05-25 09:18:24
1653470307030398000,25.25,1,25.25,2,25.3,31,1,2022-05-25 09:18:27
1653470311261927000,25.3,20,25.25,2,25.3,11,1,2022-05-25 09:18:31
1653470311297691000,25.25,1,25.25,1,25.3,11,2,2022-05-25 09:18:31
1653470311298505000,25.25,1,25.2,11,25.3,11,2,2022-05-25 09:18:31
1653470312813983000,25.25,1,25.2,11,25.25,2,1,2022-05-25 09:18:32
1653470314084297000,25.25,2,25.25,3,25.3,16,1,2022-05-25 09:18:34
1653470321265756000,25.25,3,25.2,11,25.25,2,2,2022-05-25 09:18:41
1653470327272338000,25.2,4,25.2,7,25.25,2,2,2022-05-25 09:18:47
1653470328403395000,25.25,2,25.2,7,25.25,1,1,2022-05-25 09:18:48
1653470329904841000,25.25,1,25.2,7,25.3,26,1,2022-05-25 09:18:49
1653470339310816000,25.25,4,25.2,9,25.25,2,1,2022-05-25 09:18:59
1653470340493715000,25.25,2,25.25,2,25.3,26,1,2022-05-25 09:19:00
1653470340627323000,25.25,1,25.25,1,25.3,26,2,2022-05-25 09:19:00
1653470343455512000,25.3,1,25.25,1,25.3,25,1,2022-05-25 09:19:03
1653470346582082000,25.3,1,25.25,2,25.3,25,1,2022-05-25 09:19:06
1653470348830406000,25.25,2,25.2,9,25.25,1,2,2022-05-25 09:19:08
1653470353331414000,25.25,1,25.2,25,25.3,28,1,2022-05-25 09:19:13
1653470359196302000,25.25,1,25.2,25,25.3,28,2,2022-05-25 09:19:19
1653470362678836000,25.25,8,25.2,25,25.25,4,1,2022-05-25 09:19:22
1653470362841859000,25.25,3,25.2,25,25.25,2,1,2022-05-25 09:19:22
1653470364156036000,25.25,1,25.2,25,25.25,1,1,2022-05-25 09:19:24
1653470364992433000,25.25,1,25.2,25,25.3,28,1,2022-05-25 09:19:24
1653470364992433000,25.3,1,25.2,25,25.3,28,1,2022-05-25 09:19:24
1653470369336764000,25.3,1,25.2,25,25.3,30,1,2022-05-25 09:19:29
1653470370191989000,25.2,1,25.2,24,25.3,30,2,2022-05-25 09:19:30
1653470386874954000,25.3,1,25.25,1,25.3,23,1,2022-05-25 09:19:46
1653470387651220000,25.25,1,25.25,1,25.3,23,2,2022-05-25 09:19:47
1653470397322394000,25.3,1,25.25,4,25.3,22,1,2022-05-25 09:19:57
1653470398290114000,25.3,1,25.25,6,25.3,21,1,2022-05-25 09:19:58
1653470399427220000,25.25,4,25.25,2,25.3,21,2,2022-05-25 09:19:59
1653470411260688000,25.25,10,25.25,3,25.3,21,2,2022-05-25 09:20:11
1653470411292559000,25.25,1,25.25,2,25.3,21,2,2022-05-25 09:20:11
1653470411799448000,25.3,20,25.25,2,25.3,1,1,2022-05-25 09:20:11
1653470415239408000,25.3,1,25.25,3,25.35,19,1,2022-05-25 09:20:15
1653470415239408000,25.35,7,25.25,3,25.35,19,1,2022-05-25 09:20:15
1653470429382285000,25.3,1,25.25,4,25.35,10,1,2022-05-25 09:20:29
1653470436785960000,25.35,1,25.3,2,25.35,9,1,2022-05-25 09:20:36
1653470444772462000,25.35,1,25.3,19,25.35,7,1,2022-05-25 09:20:44
1653470447675652000,25.35,1,25.3,20,25.35,6,1,2022-05-25 09:20:47
1653470450424813000,25.35,1,25.3,20,25.35,5,1,2022-05-25 09:20:50
1653470453176973000,25.35,1,25.3,20,25.35,4,1,2022-05-25 09:20:53
1653470453713711000,25.35,2,25.3,20,25.35,2,1,2022-05-25 09:20:53
1653470454076168000,25.35,1,25.3,20,25.35,1,1,2022-05-25 09:20:54
1653470454494677000,25.35,1,25.3,20,25.4,6,1,2022-05-25 09:20:54
1653470475265503000,25.35,10,25.35,1,25.4,11,2,2022-05-25 09:21:15
1653470475300238000,25.35,1,25.3,22,25.4,11,2,2022-05-25 09:21:15
1653470479916370000,25.3,5,25.3,17,25.4,11,2,2022-05-25 09:21:19
1653470480613336000,25.35,1,25.3,17,25.4,11,1,2022-05-25 09:21:20
1653470484748276000,25.3,1,25.3,16,25.35,1,2,2022-05-25 09:21:24
1653470486521141000,25.3,1,25.3,15,25.35,1,2,2022-05-25 09:21:26
1653470489781666000,25.3,1,25.3,14,25.35,1,2,2022-05-25 09:21:29
1653470496308676000,25.3,1,25.3,14,25.35,3,2,2022-05-25 09:21:36
1653470498886869000,25.3,1,25.3,13,25.35,12,2,2022-05-25 09:21:38
1653470505334822000,25.3,2,25.3,14,25.35,20,2,2022-05-25 09:21:45
1653470506797390000,25.3,3,25.3,11,25.35,20,2,2022-05-25 09:21:46
1653470513797961000,25.3,10,25.3,1,25.35,13,2,2022-05-25 09:21:53
1653470513831695000,25.3,1,25.25,14,25.3,9,2,2022-05-25 09:21:53
1653470516057996000,25.25,10,25.25,4,25.3,18,2,2022-05-25 09:21:56
1653470516083040000,25.25,1,25.25,3,25.3,18,2,2022-05-25 09:21:56
1653470516085972000,25.25,1,25.25,2,25.3,18,2,2022-05-25 09:21:56
1653470516106131000,25.25,1,25.25,1,25.3,18,2,2022-05-25 09:21:56
1653470516123460000,25.25,1,25.2,33,25.3,18,2,2022-05-25 09:21:56
1653470518950957000,25.3,1,25.2,33,25.3,9,1,2022-05-25 09:21:58
1653470522957042000,25.2,8,25.2,25,25.3,1,2,2022-05-25 09:22:02
1653470523022956000,25.25,1,25.25,9,25.3,2,2,2022-05-25 09:22:03
1653470532863250000,25.25,1,25.25,8,25.3,12,2,2022-05-25 09:22:12
1653470539721585000,25.25,1,25.25,7,25.3,12,2,2022-05-25 09:22:19
1653470540556825000,25.25,1,25.25,6,25.3,12,2,2022-05-25 09:22:20
1653470543820299000,25.25,5,25.25,5,25.3,12,2,2022-05-25 09:22:23
1653470552860448000,25.25,3,25.2,25,25.25,2,2,2022-05-25 09:22:32
1653470556014837000,25.2,1,25.2,25,25.25,3,2,2022-05-25 09:22:36
1653470564119472000,25.2,1,25.2,25,25.25,18,2,2022-05-25 09:22:44
1653470565156228000,25.2,8,25.2,17,25.25,18,2,2022-05-25 09:22:45
1653470565193324000,25.2,1,25.2,16,25.25,18,2,2022-05-25 09:22:45
1653470568677008000,25.2,1,25.2,15,25.25,3,2,2022-05-25 09:22:48
1653470569695737000,25.2,1,25.2,14,25.25,3,2,2022-05-25 09:22:49
1653470574567962000,25.2,1,25.2,13,25.25,8,2,2022-05-25 09:22:54
1653470575330111000,25.2,2,25.2,11,25.25,8,2,2022-05-25 09:22:55
1653470576380749000,25.2,5,25.2,6,25.25,8,2,2022-05-25 09:22:56
1653470578571234000,25.2,5,25.2,1,25.25,8,2,2022-05-25 09:22:58
1653470578604251000,25.2,1,25.15,18,25.25,8,2,2022-05-25 09:22:58
1653470588231152000,25.2,1,25.15,19,25.25,19,1,2022-05-25 09:23:08
1653470592581656000,25.15,5,25.15,14,25.2,1,2,2022-05-25 09:23:12
1653470592619325000,25.15,1,25.15,13,25.2,2,2,2022-05-25 09:23:12
1653470592640025000,25.15,1,25.15,12,25.2,2,2,2022-05-25 09:23:12
1653470611337721000,25.15,2,25.15,11,25.2,11,2,2022-05-25 09:23:31
1653470612613741000,25.15,1,25.15,10,25.2,11,2,2022-05-25 09:23:32
1653470615419765000,25.15,1,25.15,9,25.2,11,2,2022-05-25 09:23:35
1653470618962407000,25.15,1,25.15,8,25.2,11,2,2022-05-25 09:23:38
1653470634133111000,25.2,2,25.15,10,25.2,10,1,2022-05-25 09:23:54
1653470634683467000,25.15,1,25.15,9,25.2,10,2,2022-05-25 09:23:54
1653470638044291000,25.15,5,25.15,5,25.2,10,2,2022-05-25 09:23:58
1653470638078251000,25.15,1,25.15,4,25.2,10,2,2022-05-25 09:23:58
1653470638081498000,25.15,1,25.15,3,25.2,10,2,2022-05-25 09:23:58
1653470640998411000,25.2,2,25.15,3,25.2,8,1,2022-05-25 09:24:00
1653470661161840000,25.2,10,25.15,7,25.2,2,1,2022-05-25 09:24:21
1653470662750254000,25.2,1,25.15,7,25.2,1,1,2022-05-25 09:24:22
1653470666003044000,25.2,2,25.2,1,25.25,14,1,2022-05-25 09:24:26
1653470675065522000,25.2,1,25.2,8,25.25,14,2,2022-05-25 09:24:35
1653470676867491000,25.2,1,25.2,14,25.25,14,2,2022-05-25 09:24:36
1653470735082486000,25.2,4,25.2,30,25.25,13,2,2022-05-25 09:25:35
1653470736242802000,25.2,1,25.2,29,25.25,13,2,2022-05-25 09:25:36
1653470737986048000,25.25,1,25.2,29,25.25,12,1,2022-05-25 09:25:37
1653470744770491000,25.25,1,25.2,29,25.25,13,1,2022-05-25 09:25:44
1653470749192421000,25.25,1,25.2,28,25.25,12,1,2022-05-25 09:25:49
1653470753132490000,25.25,2,25.2,28,25.25,10,1,2022-05-25 09:25:53
1653470758341746000,25.25,10,25.2,28,25.3,20,1,2022-05-25 09:25:58
1653470763848716000,25.25,1,25.25,5,25.3,20,2,2022-05-25 09:26:03
1653470804195459000,25.25,1,25.25,9,25.3,30,2,2022-05-25 09:26:44
1653470818816588000,25.25,5,25.25,5,25.3,32,2,2022-05-25 09:26:58
1653470819913928000,25.3,3,25.25,5,25.3,29,1,2022-05-25 09:26:59
1653470828025647000,25.3,2,25.25,12,25.3,27,1,2022-05-25 09:27:08
1653470829259503000,25.3,3,25.25,12,25.3,24,1,2022-05-25 09:27:09
1653470832867399000,25.3,5,25.25,13,25.3,19,1,2022-05-25 09:27:12
1653470833223212000,25.3,3,25.25,14,25.3,16,1,2022-05-25 09:27:13
1653470837376348000,25.25,3,25.25,18,25.3,16,2,2022-05-25 09:27:17
1653470852246965000,25.25,1,25.25,16,25.3,16,2,2022-05-25 09:27:32
1653470857184269000,25.25,10,25.25,5,25.3,16,2,2022-05-25 09:27:37
1653470871803443000,25.25,3,25.25,13,25.3,21,2,2022-05-25 09:27:51
1653470874096758000,25.3,2,25.25,13,25.3,19,1,2022-05-25 09:27:54
1653470892900380000,25.3,4,25.25,14,25.3,17,1,2022-05-25 09:28:12
1653470902173733000,25.25,5,25.25,11,25.3,17,2,2022-05-25 09:28:22
1653470902213122000,25.25,1,25.25,10,25.3,17,2,2022-05-25 09:28:22
1653470909498822000,25.25,1,25.25,9,25.3,17,2,2022-05-25 09:28:29
1653470913709676000,25.3,1,25.25,8,25.3,17,1,2022-05-25 09:28:33
1653470923995539000,25.3,1,25.25,18,25.3,16,1,2022-05-25 09:28:43
1653470930542661000,25.3,5,25.25,18,25.3,11,1,2022-05-25 09:28:50
1653470934251355000,25.3,1,25.25,18,25.3,10,1,2022-05-25 09:28:54
1653470935858751000,25.3,3,25.25,18,25.3,9,1,2022-05-25 09:28:55
1653470938587773000,25.3,5,25.25,18,25.3,4,1,2022-05-25 09:28:58
1653470939610750000,25.3,2,25.25,18,25.3,2,1,2022-05-25 09:28:59
1653470943242651000,25.3,1,25.25,18,25.3,1,1,2022-05-25 09:29:03
1653470944057802000,25.3,1,25.25,18,25.35,27,1,2022-05-25 09:29:04
1653470950547832000,25.3,2,25.25,18,25.3,2,2,2022-05-25 09:29:10
1653471001770716000,25.25,1,25.25,29,25.3,12,2,2022-05-25 09:30:01
1653471002065292000,25.25,19,25.25,10,25.3,12,2,2022-05-25 09:30:02
1653471002100075000,25.25,1,25.25,9,25.3,12,2,2022-05-25 09:30:02
1653471003962634000,25.3,1,25.25,9,25.3,11,1,2022-05-25 09:30:03
1653471065034828000,25.25,1,25.2,16,25.25,14,1,2022-05-25 09:31:05
1653471075065269000,25.2,1,25.2,6,25.25,18,2,2022-05-25 09:31:15
1653471076198721000,25.25,1,25.2,6,25.25,17,1,2022-05-25 09:31:16
1653471077406393000,25.25,1,25.2,6,25.25,16,1,2022-05-25 09:31:17
1653471109435975000,25.25,1,25.2,10,25.25,19,1,2022-05-25 09:31:49
1653471111916848000,25.2,6,25.2,4,25.25,19,2,2022-05-25 09:31:51
1653471114668419000,25.2,1,25.2,3,25.25,18,2,2022-05-25 09:31:54
1653471120082797000,25.2,3,25.15,25,25.2,1,2,2022-05-25 09:32:00
1653471125229897000,25.2,1,25.15,26,25.2,2,1,2022-05-25 09:32:05
1653471126419859000,25.2,1,25.15,26,25.2,1,1,2022-05-25 09:32:06
1653471133263274000,25.2,1,25.2,1,25.25,19,1,2022-05-25 09:32:13
1653471133724090000,25.2,1,25.15,16,25.25,19,2,2022-05-25 09:32:13
1653471133724090000,25.15,10,25.15,16,25.25,19,2,2022-05-25 09:32:13
1653471138398906000,25.15,2,25.15,14,25.2,20,2,2022-05-25 09:32:18
1653471142680597000,25.15,5,25.15,10,25.2,25,2,2022-05-25 09:32:22
1653471145298295000,25.15,2,25.15,8,25.2,25,2,2022-05-25 09:32:25
1653471145778645000,25.15,1,25.15,7,25.2,25,2,2022-05-25 09:32:25
1653471146911392000,25.15,7,25.1,53,25.15,1,2,2022-05-25 09:32:26
1653471150845568000,25.1,10,25.1,44,25.15,34,2,2022-05-25 09:32:30
1653471150875208000,25.1,1,25.1,43,25.15,34,2,2022-05-25 09:32:30
1653471150875848000,25.1,1,25.1,42,25.15,34,2,2022-05-25 09:32:30
1653471153510893000,25.15,1,25.1,42,25.15,28,1,2022-05-25 09:32:33
1653471153785556000,25.1,1,25.1,41,25.15,28,2,2022-05-25 09:32:33
1653471154691753000,25.1,1,25.1,41,25.15,30,2,2022-05-25 09:32:34
1653471155933044000,25.1,1,25.1,40,25.15,30,2,2022-05-25 09:32:35
1653471158428246000,25.1,10,25.1,30,25.15,30,2,2022-05-25 09:32:38
1653471159024667000,25.1,2,25.1,28,25.15,30,2,2022-05-25 09:32:39
1653471159059900000,25.1,1,25.1,27,25.15,30,2,2022-05-25 09:32:39
1653471172337250000,25.1,2,25.1,27,25.15,20,2,2022-05-25 09:32:52
1653471177966273000,25.1,10,25.1,17,25.15,22,2,2022-05-25 09:32:57
1653471177995604000,25.1,10,25.1,7,25.15,22,2,2022-05-25 09:32:57
1653471180282761000,25.1,1,25.1,6,25.15,22,2,2022-05-25 09:33:00
1653471180405767000,25.1,7,25.05,119,25.1,3,2,2022-05-25 09:33:00
1653471180439651000,25.05,1,25.05,118,25.1,3,2,2022-05-25 09:33:00
1653471180482617000,25.05,2,25.05,116,25.1,3,2,2022-05-25 09:33:00
1653471181784297000,25.05,10,25.05,106,25.1,4,2,2022-05-25 09:33:01
1653471181845347000,25.05,1,25.05,105,25.1,4,2,2022-05-25 09:33:01
1653471181845423000,25.05,1,25.05,104,25.1,4,2,2022-05-25 09:33:01
1653471182027555000,25.05,10,25.05,94,25.1,4,2,2022-05-25 09:33:02
1653471182060394000,25.05,1,25.05,93,25.1,4,2,2022-05-25 09:33:02
1653471182673609000,25.05,8,25.05,85,25.1,19,2,2022-05-25 09:33:02
1653471182705915000,25.05,1,25.05,84,25.1,19,2,2022-05-25 09:33:02
1653471182708001000,25.05,1,25.05,83,25.1,19,2,2022-05-25 09:33:02
1653471182709451000,25.05,1,25.05,82,25.1,19,2,2022-05-25 09:33:02
1653471183134212000,25.1,1,25.05,82,25.1,18,1,2022-05-25 09:33:03
1653471183204414000,25.05,1,25.05,81,25.1,28,2,2022-05-25 09:33:03
1653471183229324000,25.05,5,25.05,76,25.1,28,2,2022-05-25 09:33:03
1653471183930026000,25.05,5,25.05,71,25.1,28,2,2022-05-25 09:33:03
1653471183953943000,25.05,1,25.05,70,25.1,28,2,2022-05-25 09:33:03
1653471184000625000,25.05,1,25.05,69,25.1,28,2,2022-05-25 09:33:04
1653471184016498000,25.05,1,25.05,68,25.1,28,2,2022-05-25 09:33:04
1653471187762321000,25.05,4,25.05,23,25.1,28,2,2022-05-25 09:33:07
1653471187800387000,25.05,2,25.05,21,25.1,28,2,2022-05-25 09:33:07
1653471187823938000,25.05,5,25.05,16,25.1,28,2,2022-05-25 09:33:07
1653471187866032000,25.05,2,25.05,14,25.1,28,2,2022-05-25 09:33:07
1653471187875938000,25.05,1,25.05,13,25.1,28,2,2022-05-25 09:33:07
1653471188305808000,25.05,5,25.05,8,25.1,30,2,2022-05-25 09:33:08
1653471188314955000,25.05,2,25.05,6,25.1,30,2,2022-05-25 09:33:08
1653471188330391000,25.05,1,25.05,5,25.1,30,2,2022-05-25 09:33:08
1653471188859296000,25.05,5,25.0,143,25.1,30,2,2022-05-25 09:33:08
1653471189082585000,25.05,1,25.0,143,25.1,30,1,2022-05-25 09:33:09
1653471192097293000,25.05,1,25.0,143,25.05,30,1,2022-05-25 09:33:12
1653471192987279000,25.0,143,24.95,12,25.0,7,2,2022-05-25 09:33:12
1653471193031626000,24.95,1,24.95,11,25.0,9,2,2022-05-25 09:33:13
1653471193032173000,24.95,1,24.95,10,25.0,9,2,2022-05-25 09:33:13
1653471193038222000,24.95,1,24.95,9,25.0,9,2,2022-05-25 09:33:13
1653471193044528000,24.95,1,24.95,8,25.0,9,2,2022-05-25 09:33:13
1653471193053624000,24.95,1,24.95,7,25.0,9,2,2022-05-25 09:33:13
1653471193057660000,24.95,1,24.95,6,25.0,9,2,2022-05-25 09:33:13
1653471193057884000,24.95,1,24.95,5,25.0,9,2,2022-05-25 09:33:13
1653471193058138000,24.95,1,24.95,4,25.0,9,2,2022-05-25 09:33:13
1653471193058374000,24.95,1,24.95,3,25.0,9,2,2022-05-25 09:33:13
1653471193058571000,24.95,1,24.95,2,25.0,9,2,2022-05-25 09:33:13
1653471193062375000,24.95,1,24.95,1,25.0,9,2,2022-05-25 09:33:13
1653471193062461000,24.95,1,24.9,41,25.0,9,2,2022-05-25 09:33:13
1653471193261053000,24.95,1,24.9,41,25.0,17,1,2022-05-25 09:33:13
1653471194082928000,24.9,1,24.9,40,25.0,17,2,2022-05-25 09:33:14
1653471195096435000,24.9,1,24.9,39,24.95,2,2,2022-05-25 09:33:15
1653471195627470000,24.9,1,24.9,38,24.95,2,2,2022-05-25 09:33:15
1653471197127897000,24.9,10,24.9,28,24.95,2,2,2022-05-25 09:33:17
1653471198367484000,24.95,1,24.9,28,24.95,1,1,2022-05-25 09:33:18
1653471199809809000,24.9,4,24.9,24,24.95,1,2,2022-05-25 09:33:19
1653471199864049000,24.9,1,24.9,23,24.95,1,2,2022-05-25 09:33:19
1653471202368667000,24.9,1,24.9,22,24.95,3,2,2022-05-25 09:33:22
1653471203574371000,24.9,1,24.9,22,24.95,3,2,2022-05-25 09:33:23
1653471203621201000,24.95,1,24.9,22,24.95,2,1,2022-05-25 09:33:23
1653471204227598000,24.95,1,24.9,22,24.95,1,1,2022-05-25 09:33:24
1653471204260865000,24.9,1,24.9,21,24.95,1,2,2022-05-25 09:33:24
1653471204786502000,24.9,1,24.9,20,24.95,1,2,2022-05-25 09:33:24
1653471204808986000,24.9,1,24.9,19,24.95,2,2,2022-05-25 09:33:24
1653471204933922000,24.9,10,24.9,9,24.95,2,2,2022-05-25 09:33:24
1653471206862641000,24.9,1,24.9,9,24.95,4,2,2022-05-25 09:33:26
1653471207729147000,24.9,5,24.9,4,24.95,12,2,2022-05-25 09:33:27
1653471207780032000,24.9,1,24.9,3,24.95,12,2,2022-05-25 09:33:27
1653471208167431000,24.9,1,24.9,2,24.95,13,2,2022-05-25 09:33:28
1653471208268094000,24.9,2,24.85,21,24.9,2,2,2022-05-25 09:33:28
1653471209312740000,24.9,1,24.85,21,24.9,21,1,2022-05-25 09:33:29
1653471210011170000,24.85,21,24.8,30,24.85,3,2,2022-05-25 09:33:30
1653471210043448000,24.8,1,24.8,29,24.85,4,2,2022-05-25 09:33:30
1653471210150220000,24.85,3,24.8,29,24.85,2,1,2022-05-25 09:33:30
1653471210160659000,24.85,2,24.8,29,24.95,16,1,2022-05-25 09:33:30
1653471210160659000,24.9,21,24.8,29,24.95,16,1,2022-05-25 09:33:30
1653471210271324000,24.85,1,24.8,29,24.9,1,1,2022-05-25 09:33:30
1653471210271324000,24.9,1,24.8,29,24.9,1,1,2022-05-25 09:33:30
1653471210277759000,24.8,2,24.8,27,24.9,1,2,2022-05-25 09:33:30
1653471210343446000,24.9,1,24.8,27,24.95,16,1,2022-05-25 09:33:30
1653471212026408000,24.9,1,24.85,2,24.95,16,1,2022-05-25 09:33:32
1653471213497652000,24.95,3,24.85,2,24.95,13,1,2022-05-25 09:33:33
1653471214778100000,24.9,1,24.9,38,24.95,13,2,2022-05-25 09:33:34
1653471215197565000,24.95,1,24.9,38,24.95,12,1,2022-05-25 09:33:35
1653471215968806000,24.9,5,24.9,33,24.95,12,2,2022-05-25 09:33:35
1653471219439206000,24.9,1,24.9,34,24.95,17,2,2022-05-25 09:33:39
1653471220228146000,24.9,2,24.9,37,24.95,17,2,2022-05-25 09:33:40
1653471224719271000,24.9,5,24.9,38,24.95,19,2,2022-05-25 09:33:44
1653471225017676000,24.9,1,24.9,37,24.95,19,2,2022-05-25 09:33:45
1653471225475853000,24.9,15,24.9,22,24.95,19,2,2022-05-25 09:33:45
1653471225513722000,24.9,1,24.9,21,24.95,19,2,2022-05-25 09:33:45
1653471225895776000,24.9,4,24.9,17,24.95,19,2,2022-05-25 09:33:45
1653471226894442000,24.9,1,24.9,16,24.95,19,2,2022-05-25 09:33:46
1653471228755037000,24.9,1,24.9,15,24.95,19,2,2022-05-25 09:33:48
1653471228795036000,24.9,1,24.9,14,24.95,19,2,2022-05-25 09:33:48
1653471228992765000,24.95,1,24.9,14,24.95,18,1,2022-05-25 09:33:48
1653471230169344000,24.95,1,24.9,15,24.95,20,1,2022-05-25 09:33:50
1653471234431443000,24.95,1,24.9,19,24.95,19,1,2022-05-25 09:33:54
1653471235164931000,24.9,5,24.9,14,24.95,19,2,2022-05-25 09:33:55
1653471235241935000,24.9,3,24.9,11,24.95,19,2,2022-05-25 09:33:55
1653471235581674000,24.9,4,24.9,7,24.95,19,2,2022-05-25 09:33:55
1653471235619205000,24.9,1,24.9,6,24.95,19,2,2022-05-25 09:33:55
1653471236261386000,24.9,6,24.85,24,24.9,4,2,2022-05-25 09:33:56
1653471236666506000,24.9,5,24.85,24,24.9,6,1,2022-05-25 09:33:56
1653471237765755000,24.9,1,24.85,27,24.9,8,1,2022-05-25 09:33:57
1653471237813798000,24.9,1,24.85,27,24.9,7,1,2022-05-25 09:33:57
1653471237885947000,24.9,6,24.85,27,24.9,1,1,2022-05-25 09:33:57
1653471237919147000,24.9,1,24.85,27,24.9,1,1,2022-05-25 09:33:57
1653471238649094000,24.9,1,24.85,27,24.95,22,1,2022-05-25 09:33:58
1653471241744856000,24.9,1,24.9,3,24.95,22,2,2022-05-25 09:34:01
1653471242880985000,24.9,3,24.85,27,24.95,22,2,2022-05-25 09:34:02
1653471243088529000,24.9,5,24.9,12,24.95,22,2,2022-05-25 09:34:03
1653471244535388000,24.95,3,24.9,23,24.95,19,1,2022-05-25 09:34:04
1653471244647562000,24.95,13,24.9,23,24.95,6,1,2022-05-25 09:34:04
1653471244683654000,24.95,6,24.9,23,25.0,20,1,2022-05-25 09:34:04
1653471244780350000,24.9,2,24.9,21,25.0,20,2,2022-05-25 09:34:04
1653471245983575000,25.0,14,24.95,15,25.0,6,1,2022-05-25 09:34:05
1653471246010428000,25.0,4,24.95,15,25.0,2,1,2022-05-25 09:34:06
1653471246134971000,24.95,1,24.95,14,25.0,2,2,2022-05-25 09:34:06
1653471246152434000,24.95,5,24.95,9,25.0,2,2,2022-05-25 09:34:06
1653471246296910000,25.0,1,24.95,9,25.0,1,1,2022-05-25 09:34:06
1653471246631275000,24.95,21,24.9,5,25.0,1,2,2022-05-25 09:34:06
1653471246631275000,24.9,17,24.9,5,25.0,1,2,2022-05-25 09:34:06
1653471249286498000,24.95,1,24.9,7,24.95,2,1,2022-05-25 09:34:09
1653471250076552000,24.9,4,24.9,4,24.95,2,2,2022-05-25 09:34:10
1653471251590626000,24.95,1,24.9,25,24.95,1,1,2022-05-25 09:34:11
1653471254370537000,24.95,1,24.9,25,24.95,6,1,2022-05-25 09:34:14
1653471254904122000,24.95,2,24.9,26,24.95,4,1,2022-05-25 09:34:14
1653471254972862000,24.95,1,24.9,26,24.95,3,1,2022-05-25 09:34:14
1653471255583841000,24.95,1,24.9,27,24.95,3,1,2022-05-25 09:34:15
1653471255745089000,24.95,1,24.9,27,24.95,2,1,2022-05-25 09:34:15
1653471257555214000,24.95,1,24.9,27,24.95,1,1,2022-05-25 09:34:17
1653471257791001000,24.95,1,24.95,1,25.0,9,1,2022-05-25 09:34:17
1653471264383139000,25.0,2,24.95,17,25.0,10,1,2022-05-25 09:34:24
1653471266398105000,25.0,3,24.95,18,25.0,7,1,2022-05-25 09:34:26
1653471266880388000,24.95,2,24.95,16,25.0,7,2,2022-05-25 09:34:26
1653471267326722000,25.0,3,24.95,16,25.0,4,1,2022-05-25 09:34:27
1653471267678601000,25.0,1,24.95,16,25.0,3,1,2022-05-25 09:34:27
1653471268126307000,25.0,3,25.0,2,25.05,19,1,2022-05-25 09:34:28
1653471275020756000,25.0,1,25.0,12,25.05,19,2,2022-05-25 09:34:35
1653471276334506000,25.0,5,25.0,7,25.05,19,2,2022-05-25 09:34:36
1653471277409405000,25.0,5,25.0,2,25.05,7,2,2022-05-25 09:34:37
1653471277442073000,25.0,2,24.95,23,25.05,7,2,2022-05-25 09:34:37
1653471278638115000,25.0,2,24.95,23,25.05,8,1,2022-05-25 09:34:38
1653471290856792000,25.0,2,25.0,12,25.05,23,2,2022-05-25 09:34:50
1653471294497371000,25.05,10,25.0,2,25.05,13,1,2022-05-25 09:34:54
1653471295465241000,25.0,1,25.0,1,25.05,13,2,2022-05-25 09:34:55
1653471295542988000,25.0,1,24.95,26,25.0,4,2,2022-05-25 09:34:55
1653471296283732000,24.95,2,24.95,24,25.0,4,2,2022-05-25 09:34:56
1653471298276279000,25.0,1,24.95,24,25.0,3,1,2022-05-25 09:34:58
1653471298546814000,24.95,2,24.95,22,25.0,3,2,2022-05-25 09:34:58
1653471298589381000,24.95,1,24.95,21,25.0,3,2,2022-05-25 09:34:58
1653471305740393000,24.95,1,24.95,20,25.0,13,2,2022-05-25 09:35:05
1653471310390444000,24.95,1,24.95,10,25.0,13,2,2022-05-25 09:35:10
1653471311074659000,24.95,5,24.95,5,25.0,13,2,2022-05-25 09:35:11
1653471311102901000,24.95,1,24.95,4,25.0,13,2,2022-05-25 09:35:11
1653471311122260000,24.95,3,24.95,1,25.0,13,2,2022-05-25 09:35:11
1653471311146397000,24.95,1,24.9,24,25.0,13,2,2022-05-25 09:35:11
1653471315374093000,24.95,1,24.9,25,24.95,5,1,2022-05-25 09:35:15
1653471321998171000,24.9,5,24.9,20,24.95,28,2,2022-05-25 09:35:21
1653471322697228000,24.9,5,24.9,15,24.95,28,2,2022-05-25 09:35:22
1653471322727789000,24.9,1,24.9,14,24.95,28,2,2022-05-25 09:35:22
1653471323581089000,24.9,1,24.9,13,24.95,28,2,2022-05-25 09:35:23
1653471324695050000,24.95,4,24.9,13,24.95,24,1,2022-05-25 09:35:24
1653471325337822000,24.95,2,24.9,13,24.95,22,1,2022-05-25 09:35:25
1653471326398837000,24.95,2,24.9,13,24.95,11,1,2022-05-25 09:35:26
1653471328412062000,24.95,1,24.9,13,24.95,10,1,2022-05-25 09:35:28
1653471329169621000,24.9,13,24.85,16,24.9,17,2,2022-05-25 09:35:29
1653471329203558000,24.85,1,24.85,15,24.9,17,2,2022-05-25 09:35:29
1653471329215061000,24.85,1,24.85,14,24.9,17,2,2022-05-25 09:35:29
1653471329733261000,24.9,5,24.85,14,24.9,12,1,2022-05-25 09:35:29
1653471331464092000,24.9,5,24.85,8,24.9,8,1,2022-05-25 09:35:31
1653471331531426000,24.85,1,24.85,7,24.9,8,2,2022-05-25 09:35:31
1653471333394545000,24.85,5,24.85,2,24.9,9,2,2022-05-25 09:35:33
1653471334209129000,24.9,5,24.85,2,24.9,5,1,2022-05-25 09:35:34
1653471335269516000,24.85,2,24.8,29,24.9,5,2,2022-05-25 09:35:35
1653471335269516000,24.8,2,24.8,29,24.9,5,2,2022-05-25 09:35:35
1653471337242465000,24.8,1,24.8,28,24.85,5,2,2022-05-25 09:35:37
1653471337825761000,24.8,1,24.8,27,24.85,5,2,2022-05-25 09:35:37
1653471337848926000,24.8,1,24.8,26,24.85,5,2,2022-05-25 09:35:37
1653471339078404000,24.85,5,24.8,26,24.9,5,1,2022-05-25 09:35:39
1653471343321927000,24.85,12,24.85,5,24.9,7,2,2022-05-25 09:35:43
1653471343350772000,24.85,1,24.85,4,24.9,7,2,2022-05-25 09:35:43
1653471343732693000,24.85,1,24.85,3,24.9,7,2,2022-05-25 09:35:43
1653471343763560000,24.85,1,24.85,2,24.9,7,2,2022-05-25 09:35:43
1653471344858765000,24.85,1,24.85,4,24.9,7,2,2022-05-25 09:35:44
1653471344904145000,24.85,2,24.85,2,24.9,7,2,2022-05-25 09:35:44
1653471344932628000,24.85,1,24.85,1,24.9,7,2,2022-05-25 09:35:44
1653471345913663000,24.85,1,24.85,2,24.9,7,2,2022-05-25 09:35:45
1653471346974031000,24.85,2,24.85,1,24.9,6,2,2022-05-25 09:35:46
1653471347585048000,24.85,1,24.85,1,24.9,6,2,2022-05-25 09:35:47
1653471349037550000,24.85,1,24.8,24,24.9,6,2,2022-05-25 09:35:49
1653471352404077000,24.85,1,24.85,13,24.9,6,2,2022-05-25 09:35:52
1653471353697991000,24.9,1,24.85,13,24.9,5,1,2022-05-25 09:35:53
1653471357298938000,24.85,1,24.85,19,24.9,7,2,2022-05-25 09:35:57
1653471360312621000,24.85,1,24.85,19,24.9,8,2,2022-05-25 09:36:00
1653471361649237000,24.85,1,24.85,18,24.9,8,2,2022-05-25 09:36:01
1653471364133752000,24.85,6,24.85,13,24.9,10,2,2022-05-25 09:36:04
1653471366560558000,24.85,3,24.85,10,24.9,11,2,2022-05-25 09:36:06
1653471369275328000,24.85,2,24.85,8,24.9,11,2,2022-05-25 09:36:09
1653471369448120000,24.85,1,24.85,7,24.9,11,2,2022-05-25 09:36:09
1653471370232535000,24.85,1,24.85,6,24.9,10,2,2022-05-25 09:36:10
1653471370934837000,24.85,1,24.85,5,24.9,10,2,2022-05-25 09:36:10
1653471374524292000,24.85,1,24.85,4,24.9,11,2,2022-05-25 09:36:14
1653471375604949000,24.85,1,24.85,3,24.9,11,2,2022-05-25 09:36:15
1653471376670752000,24.85,1,24.85,2,24.9,11,2,2022-05-25 09:36:16
1653471377120096000,24.85,2,24.8,22,24.85,4,2,2022-05-25 09:36:17
1653471382105588000,24.85,4,24.85,1,24.9,11,1,2022-05-25 09:36:22
1653471392062316000,24.9,1,24.85,9,24.9,10,1,2022-05-25 09:36:32
1653471392783692000,24.9,4,24.85,6,24.9,6,1,2022-05-25 09:36:32
1653471396435687000,24.9,1,24.85,7,24.9,5,1,2022-05-25 09:36:36
1653471397542477000,24.85,6,24.8,35,24.9,5,2,2022-05-25 09:36:37
1653471397542477000,24.8,4,24.8,35,24.9,5,2,2022-05-25 09:36:37
1653471401039785000,24.85,1,24.8,48,24.85,2,1,2022-05-25 09:36:41
1653471403155146000,24.85,1,24.8,48,24.85,1,1,2022-05-25 09:36:43
