ts,close,volume,bid_price,bid_volume,ask_price,ask_volume,tick_type,datetime
1653469339146028000,58.9,1117,58.9,39,59.0,96,2,2022-05-25 09:02:19
1653469339201840000,58.9,2,58.9,37,59.0,96,2,2022-05-25 09:02:19
1653469339210072000,58.9,2,58.9,35,59.0,96,2,2022-05-25 09:02:19
1653469339301353000,58.9,1,58.9,34,59.0,98,2,2022-05-25 09:02:19
1653469339378731000,58.9,1,58.9,33,59.0,98,2,2022-05-25 09:02:19
1653469339500742000,58.9,7,58.9,26,59.0,98,2,2022-05-25 09:02:19
1653469339524115000,58.9,1,58.9,25,59.0,98,2,2022-05-25 09:02:19
1653469339524754000,58.9,4,58.9,21,59.0,98,2,2022-05-25 09:02:19
1653469339700841000,58.9,17,58.9,4,59.0,98,2,2022-05-25 09:02:19
1653469339760853000,58.9,2,58.9,5,59.0,98,2,2022-05-25 09:02:19
1653469339884892000,58.9,5,58.6,37,59.0,98,2,2022-05-25 09:02:19
1653469339884892000,58.8,17,58.6,37,59.0,98,2,2022-05-25 09:02:19
1653469339884892000,58.7,26,58.6,37,59.0,98,2,2022-05-25 09:02:19
1653469339884892000,58.6,3,58.6,37,59.0,98,2,2022-05-25 09:02:19
1653469339887027000,58.6,5,58.6,32,59.0,98,2,2022-05-25 09:02:19
1653469339915587000,58.6,3,58.6,29,58.7,5,2,2022-05-25 09:02:19
1653469339918706000,58.7,3,58.6,29,58.7,2,1,2022-05-25 09:02:19
1653469339919879000,58.6,1,58.6,28,58.7,2,2,2022-05-25 09:02:19
1653469339941852000,58.7,2,58.6,28,58.9,9,1,2022-05-25 09:02:19
1653469340024426000,58.6,9,58.6,19,58.7,1,2,2022-05-25 09:02:20
1653469340046781000,58.6,1,58.6,18,58.7,1,2,2022-05-25 09:02:20
1653469340088367000,58.6,13,58.6,5,58.7,1,2,2022-05-25 09:02:20
1653469340106142000,58.6,5,58.5,97,58.7,1,2,2022-05-25 09:02:20
1653469340197681000,58.5,2,58.5,95,58.6,2,2,2022-05-25 09:02:20
1653469340233166000,58.5,1,58.5,94,58.6,2,2,2022-05-25 09:02:20
1653469340249582000,58.6,3,58.5,94,58.7,1,1,2022-05-25 09:02:20
1653469340249582000,58.7,2,58.5,94,58.7,1,1,2022-05-25 09:02:20
1653469340418364000,58.7,1,58.5,94,58.8,8,1,2022-05-25 09:02:20
1653469340418364000,58.8,4,58.5,94,58.8,8,1,2022-05-25 09:02:20
1653469340669491000,58.6,4,58.5,90,58.8,8,2,2022-05-25 09:02:20
1653469340669491000,58.5,4,58.5,90,58.8,8,2,2022-05-25 09:02:20
1653469341090830000,58.5,20,58.5,65,58.7,1,2,2022-05-25 09:02:21
1653469341211981000,58.5,17,58.5,46,58.7,3,2,2022-05-25 09:02:21
1653469341246972000,58.5,6,58.5,40,58.7,3,2,2022-05-25 09:02:21
1653469341355343000,58.6,5,58.5,40,58.7,4,1,2022-05-25 09:02:21
1653469341528799000,58.7,4,58.5,40,58.8,8,1,2022-05-25 09:02:21
1653469342123884000,58.6,10,58.5,30,58.9,15,2,2022-05-25 09:02:22
1653469342123884000,58.5,10,58.5,30,58.9,15,2,2022-05-25 09:02:22
1653469342928948000,58.6,9,58.3,12,58.4,7,2,2022-05-25 09:02:22
1653469342928948000,58.5,27,58.3,12,58.4,7,2,2022-05-25 09:02:22
1653469342928948000,58.4,7,58.3,12,58.4,7,2,2022-05-25 09:02:22
1653469342973860000,58.3,1,58.3,11,58.4,9,2,2022-05-25 09:02:22
1653469342984588000,58.3,1,58.3,10,58.4,9,2,2022-05-25 09:02:22
1653469343147136000,58.4,5,58.3,10,58.4,4,1,2022-05-25 09:02:23
1653469343187876000,58.4,5,58.3,10,58.6,12,1,2022-05-25 09:02:23
1653469343279169000,58.3,6,58.3,4,58.5,1,2,2022-05-25 09:02:23
1653469343318442000,58.5,1,58.3,4,58.6,8,1,2022-05-25 09:02:23
1653469343318442000,58.6,4,58.3,4,58.6,8,1,2022-05-25 09:02:23
1653469343356320000,58.4,1,58.3,4,58.6,4,1,2022-05-25 09:02:23
1653469343356320000,58.6,4,58.3,4,58.6,4,1,2022-05-25 09:02:23
1653469343579965000,58.6,4,58.6,1,58.7,20,1,2022-05-25 09:02:23
1653469343612482000,58.6,1,58.4,8,58.7,20,2,2022-05-25 09:02:23
1653469343612498000,58.4,4,58.4,4,58.7,20,2,2022-05-25 09:02:23
1653469343641717000,58.4,4,58.4,4,58.7,20,2,2022-05-25 09:02:23
1653469344193464000,58.4,3,58.4,1,58.6,2,2,2022-05-25 09:02:24
1653469344228805000,58.4,1,58.3,6,58.6,2,2,2022-05-25 09:02:24
1653469344376058000,58.5,1,58.3,12,58.6,3,1,2022-05-25 09:02:24
1653469344914339000,58.6,1,58.4,5,58.6,2,1,2022-05-25 09:02:24
1653469345159690000,58.6,1,58.4,10,58.6,1,1,2022-05-25 09:02:25
1653469345183494000,58.4,2,58.4,8,58.6,1,2,2022-05-25 09:02:25
1653469345416057000,58.6,1,58.4,13,58.7,15,1,2022-05-25 09:02:25
1653469345416057000,58.7,5,58.4,13,58.7,15,1,2022-05-25 09:02:25
1653469346340810000,58.7,2,58.5,10,58.7,13,1,2022-05-25 09:02:26
1653469346692559000,58.7,2,58.6,6,58.7,11,1,2022-05-25 09:02:26
1653469346817784000,58.7,2,58.6,6,58.7,9,1,2022-05-25 09:02:26
1653469346899236000,58.7,1,58.6,6,58.7,8,1,2022-05-25 09:02:26
1653469346935569000,58.7,1,58.6,6,58.7,7,1,2022-05-25 09:02:26
1653469347029727000,58.6,6,58.5,7,58.7,7,2,2022-05-25 09:02:27
1653469347029727000,58.5,4,58.5,7,58.7,7,2,2022-05-25 09:02:27
1653469347164884000,58.6,1,58.5,7,58.7,6,1,2022-05-25 09:02:27
1653469347164884000,58.7,1,58.5,7,58.7,6,1,2022-05-25 09:02:27
1653469347329101000,58.7,6,58.6,5,58.7,5,1,2022-05-25 09:02:27
1653469347573052000,58.6,5,58.5,7,58.6,5,2,2022-05-25 09:02:27
1653469347637855000,58.5,7,58.3,6,58.6,6,2,2022-05-25 09:02:27
1653469347637855000,58.4,3,58.3,6,58.6,6,2,2022-05-25 09:02:27
1653469347756165000,58.6,1,58.3,6,58.6,18,1,2022-05-25 09:02:27
1653469347789774000,58.5,10,58.3,6,58.5,34,1,2022-05-25 09:02:27
1653469347901828000,58.4,1,58.3,6,58.5,10,1,2022-05-25 09:02:27
1653469347901828000,58.5,24,58.3,6,58.5,10,1,2022-05-25 09:02:27
1653469348016439000,58.3,6,58.1,12,58.2,29,2,2022-05-25 09:02:28
1653469348016439000,58.2,15,58.1,12,58.2,29,2,2022-05-25 09:02:28
1653469348053141000,58.1,1,58.1,11,58.2,29,2,2022-05-25 09:02:28
1653469348054343000,58.1,1,58.1,10,58.2,29,2,2022-05-25 09:02:28
1653469348055984000,58.1,1,58.1,9,58.2,29,2,2022-05-25 09:02:28
1653469348056917000,58.1,1,58.1,8,58.2,29,2,2022-05-25 09:02:28
1653469348062782000,58.2,1,58.1,8,58.2,28,1,2022-05-25 09:02:28
1653469348078287000,58.1,1,58.1,7,58.2,28,2,2022-05-25 09:02:28
1653469348127931000,58.1,5,58.1,2,58.2,28,2,2022-05-25 09:02:28
1653469348130576000,58.2,2,58.1,2,58.2,26,1,2022-05-25 09:02:28
1653469348188898000,58.1,1,58.1,1,58.2,26,2,2022-05-25 09:02:28
1653469348277253000,58.2,1,58.1,1,58.2,25,1,2022-05-25 09:02:28
1653469348618674000,58.2,1,58.1,1,58.2,24,1,2022-05-25 09:02:28
1653469348760610000,58.2,1,58.1,1,58.2,23,1,2022-05-25 09:02:28
1653469348773608000,58.2,1,58.1,1,58.2,22,1,2022-05-25 09:02:28
1653469348824526000,58.1,1,58.0,71,58.2,22,2,2022-05-25 09:02:28
1653469348824526000,58.0,1,58.0,71,58.2,22,2,2022-05-25 09:02:28
1653469348830526000,58.0,6,58.0,65,58.2,22,2,2022-05-25 09:02:28
1653469349018143000,58.1,3,58.0,66,58.2,20,1,2022-05-25 09:02:29
1653469349018143000,58.2,2,58.0,66,58.2,20,1,2022-05-25 09:02:29
1653469349041700000,58.2,1,58.0,66,58.2,19,1,2022-05-25 09:02:29
1653469349085793000,58.1,1,58.0,66,58.2,19,1,2022-05-25 09:02:29
1653469349362502000,58.1,1,58.0,66,58.2,19,1,2022-05-25 09:02:29
1653469349754196000,58.2,2,58.1,3,58.2,17,1,2022-05-25 09:02:29
1653469349777656000,58.2,3,58.1,3,58.2,14,1,2022-05-25 09:02:29
1653469349796474000,58.1,1,58.1,2,58.2,14,2,2022-05-25 09:02:29
1653469349822714000,58.2,1,58.1,2,58.2,13,1,2022-05-25 09:02:29
1653469350272037000,58.1,2,58.0,68,58.1,3,2,2022-05-25 09:02:30
1653469350280608000,58.1,1,58.0,68,58.1,2,1,2022-05-25 09:02:30
1653469350300349000,58.1,1,58.0,68,58.1,1,1,2022-05-25 09:02:30
1653469350304568000,58.1,1,58.0,68,58.2,13,1,2022-05-25 09:02:30
1653469350308512000,58.0,1,58.0,67,58.2,13,2,2022-05-25 09:02:30
1653469350781450000,58.1,1,58.0,67,58.1,5,1,2022-05-25 09:02:30
1653469350782019000,58.1,5,58.0,67,58.2,13,1,2022-05-25 09:02:30
1653469350827460000,58.1,1,58.0,67,58.2,11,1,2022-05-25 09:02:30
1653469350827460000,58.2,2,58.0,67,58.2,11,1,2022-05-25 09:02:30
1653469351116916000,58.0,1,58.0,66,58.2,11,2,2022-05-25 09:02:31
1653469351143650000,58.0,5,58.0,61,58.2,11,2,2022-05-25 09:02:31
1653469351186482000,58.1,2,58.0,61,58.2,11,1,2022-05-25 09:02:31
1653469351207216000,58.0,3,58.0,58,58.2,11,2,2022-05-25 09:02:31
1653469351286218000,58.1,1,58.0,58,58.2,11,1,2022-05-25 09:02:31
1653469351319927000,58.2,1,58.0,58,58.2,10,1,2022-05-25 09:02:31
1653469351484173000,58.0,1,58.0,58,58.2,10,2,2022-05-25 09:02:31
1653469351547301000,58.2,1,58.0,58,58.2,9,1,2022-05-25 09:02:31
1653469351608122000,58.1,1,58.0,58,58.2,9,1,2022-05-25 09:02:31
1653469351859976000,58.2,1,58.0,60,58.2,8,1,2022-05-25 09:02:31
1653469351906440000,58.1,1,58.1,1,58.2,8,1,2022-05-25 09:02:31
1653469351937620000,58.2,8,58.1,1,58.4,14,1,2022-05-25 09:02:31
1653469352047012000,58.2,1,58.2,1,58.3,1,2,2022-05-25 09:02:32
1653469352603950000,58.3,1,58.2,11,58.4,2,1,2022-05-25 09:02:32
1653469352915964000,58.4,2,58.2,31,58.5,17,1,2022-05-25 09:02:32
1653469352955018000,58.2,5,58.2,26,58.5,11,2,2022-05-25 09:02:32
1653469353183695000,58.2,1,58.2,26,58.5,23,2,2022-05-25 09:02:33
1653469353270394000,58.5,1,58.2,26,58.5,22,1,2022-05-25 09:02:33
1653469353800526000,58.5,10,58.5,20,58.6,19,1,2022-05-25 09:02:33
1653469353836009000,58.5,5,58.5,15,58.6,19,2,2022-05-25 09:02:33
1653469353865196000,58.5,4,58.5,11,58.6,19,2,2022-05-25 09:02:33
1653469354452942000,58.6,1,58.5,11,58.6,18,1,2022-05-25 09:02:34
1653469354818838000,58.6,1,58.5,12,58.6,17,1,2022-05-25 09:02:34
1653469354825002000,58.6,1,58.5,12,58.6,16,1,2022-05-25 09:02:34
1653469355862774000,58.6,1,58.5,12,58.6,35,1,2022-05-25 09:02:35
1653469356411877000,58.6,1,58.5,12,58.6,34,1,2022-05-25 09:02:36
1653469356611981000,58.6,3,58.5,12,58.6,31,1,2022-05-25 09:02:36
1653469356709143000,58.6,5,58.5,12,58.6,26,1,2022-05-25 09:02:36
1653469357014905000,58.6,1,58.5,12,58.6,25,1,2022-05-25 09:02:37
1653469357179164000,58.6,1,58.5,12,58.6,24,1,2022-05-25 09:02:37
1653469357230734000,58.6,24,58.5,15,58.7,2,1,2022-05-25 09:02:37
1653469357444910000,58.5,5,58.5,12,58.6,7,2,2022-05-25 09:02:37
1653469357501726000,58.6,1,58.5,12,58.6,6,1,2022-05-25 09:02:37
1653469357611602000,58.6,1,58.5,12,58.6,5,1,2022-05-25 09:02:37
1653469357784883000,58.6,1,58.5,12,58.6,4,1,2022-05-25 09:02:37
1653469357890836000,58.6,1,58.5,12,58.6,3,1,2022-05-25 09:02:37
1653469358190012000,58.6,1,58.5,12,58.6,22,1,2022-05-25 09:02:38
1653469358461812000,58.6,1,58.5,12,58.6,21,1,2022-05-25 09:02:38
1653469358512383000,58.6,1,58.5,12,58.6,20,1,2022-05-25 09:02:38
1653469358557465000,58.6,1,58.5,12,58.6,19,1,2022-05-25 09:02:38
1653469358755964000,58.6,2,58.5,15,58.6,17,1,2022-05-25 09:02:38
1653469358950805000,58.6,1,58.5,15,58.6,16,1,2022-05-25 09:02:38
1653469359235374000,58.5,5,58.5,4,58.6,16,2,2022-05-25 09:02:39
1653469359295786000,58.6,1,58.5,4,58.6,15,1,2022-05-25 09:02:39
1653469359824006000,58.6,1,58.5,6,58.6,55,1,2022-05-25 09:02:39
1653469360037940000,58.6,3,58.5,6,58.6,52,1,2022-05-25 09:02:40
1653469360342402000,58.6,1,58.5,11,58.6,51,1,2022-05-25 09:02:40
1653469360385093000,58.6,1,58.5,11,58.6,50,1,2022-05-25 09:02:40
1653469360551361000,58.6,1,58.5,11,58.6,49,1,2022-05-25 09:02:40
1653469360709858000,58.6,2,58.5,12,58.6,47,1,2022-05-25 09:02:40
1653469360944465000,58.6,1,58.5,22,58.6,46,1,2022-05-25 09:02:40
1653469360955489000,58.6,2,58.5,22,58.6,44,1,2022-05-25 09:02:40
1653469360994991000,58.6,1,58.5,22,58.6,43,1,2022-05-25 09:02:40
1653469360999880000,58.6,10,58.5,22,58.6,33,1,2022-05-25 09:02:40
1653469361035471000,58.6,4,58.5,22,58.6,29,1,2022-05-25 09:02:41
1653469361069288000,58.6,9,58.5,22,58.6,20,1,2022-05-25 09:02:41
1653469361163805000,58.6,1,58.5,23,58.6,19,1,2022-05-25 09:02:41
1653469361172429000,58.6,2,58.5,23,58.6,17,1,2022-05-25 09:02:41
1653469361315820000,58.6,2,58.5,23,58.6,15,1,2022-05-25 09:02:41
1653469361383256000,58.6,2,58.5,23,58.6,13,1,2022-05-25 09:02:41
1653469361431272000,58.6,1,58.5,23,58.6,12,1,2022-05-25 09:02:41
1653469361454468000,58.6,2,58.5,23,58.6,10,1,2022-05-25 09:02:41
1653469361458307000,58.6,7,58.5,23,58.6,3,1,2022-05-25 09:02:41
1653469361480153000,58.6,1,58.5,23,58.6,2,1,2022-05-25 09:02:41
1653469361489582000,58.6,2,58.5,23,58.7,23,1,2022-05-25 09:02:41
1653469361522589000,58.7,23,58.6,1,58.8,42,1,2022-05-25 09:02:41
1653469361924490000,58.6,1,58.6,5,58.8,42,2,2022-05-25 09:02:41
1653469362602659000,58.7,1,58.6,9,58.7,7,2,2022-05-25 09:02:42
1653469362636351000,58.7,1,58.6,9,58.7,6,1,2022-05-25 09:02:42
1653469362770767000,58.6,2,58.6,13,58.7,6,2,2022-05-25 09:02:42
1653469363247483000,58.7,2,58.6,21,58.7,4,1,2022-05-25 09:02:43
1653469363290062000,58.7,2,58.6,21,58.7,2,1,2022-05-25 09:02:43
1653469363644776000,58.6,20,58.6,7,58.7,2,2,2022-05-25 09:02:43
1653469363870274000,58.6,7,58.5,33,58.6,3,2,2022-05-25 09:02:43
1653469363897477000,58.6,3,58.5,34,58.7,23,1,2022-05-25 09:02:43
1653469364129190000,58.6,1,58.5,34,58.6,7,2,2022-05-25 09:02:44
1653469364437180000,58.6,1,58.5,34,58.6,6,1,2022-05-25 09:02:44
1653469364449728000,58.6,1,58.5,34,58.6,5,1,2022-05-25 09:02:44
1653469364667870000,58.6,1,58.5,35,58.6,4,1,2022-05-25 09:02:44
1653469364844977000,58.6,1,58.5,35,58.6,3,1,2022-05-25 09:02:44
1653469364865237000,58.6,1,58.5,35,58.6,2,1,2022-05-25 09:02:44
1653469365172443000,58.6,1,58.5,35,58.6,3,1,2022-05-25 09:02:45
1653469365325509000,58.6,2,58.5,35,58.6,1,1,2022-05-25 09:02:45
1653469365385181000,58.6,1,58.5,35,58.7,23,1,2022-05-25 09:02:45
1653469365510319000,58.7,2,58.5,35,58.7,21,1,2022-05-25 09:02:45
1653469365611629000,58.7,1,58.5,35,58.7,20,1,2022-05-25 09:02:45
1653469365738917000,58.7,1,58.6,1,58.7,19,1,2022-05-25 09:02:45
1653469365990514000,58.7,1,58.6,2,58.7,18,1,2022-05-25 09:02:45
1653469366024757000,58.7,18,58.6,2,58.8,62,1,2022-05-25 09:02:46
1653469366383497000,58.8,1,58.7,1,58.8,61,1,2022-05-25 09:02:46
1653469366533494000,58.8,1,58.7,1,58.8,60,1,2022-05-25 09:02:46
1653469366721973000,58.8,1,58.7,2,58.8,59,1,2022-05-25 09:02:46
1653469366978716000,58.8,3,58.7,2,58.8,56,1,2022-05-25 09:02:46
1653469367028249000,58.7,2,58.6,3,58.7,6,2,2022-05-25 09:02:47
1653469367244573000,58.7,5,58.6,9,58.7,1,1,2022-05-25 09:02:47
1653469367343022000,58.7,1,58.6,11,58.8,55,1,2022-05-25 09:02:47
1653469367343022000,58.8,1,58.6,11,58.8,55,1,2022-05-25 09:02:47
1653469367399763000,58.8,3,58.6,11,58.8,52,1,2022-05-25 09:02:47
1653469367698867000,58.8,1,58.6,11,58.8,51,1,2022-05-25 09:02:47
1653469367784040000,58.8,2,58.6,11,58.8,49,1,2022-05-25 09:02:47
1653469368190948000,58.8,49,58.7,1,58.9,46,1,2022-05-25 09:02:48
1653469368471262000,58.9,1,58.8,6,58.9,46,1,2022-05-25 09:02:48
1653469368691403000,58.9,10,58.8,7,58.9,36,1,2022-05-25 09:02:48
1653469368930487000,58.8,7,58.6,13,58.7,11,2,2022-05-25 09:02:48
1653469368930487000,58.7,2,58.6,13,58.7,11,2,2022-05-25 09:02:48
1653469368961854000,58.6,1,58.6,12,58.7,11,2,2022-05-25 09:02:48
1653469368966645000,58.6,1,58.6,11,58.7,11,2,2022-05-25 09:02:48
1653469369112171000,58.7,3,58.6,12,58.7,8,1,2022-05-25 09:02:49
1653469369309640000,58.7,2,58.6,12,58.7,6,1,2022-05-25 09:02:49
1653469369349634000,58.7,1,58.6,13,58.7,5,1,2022-05-25 09:02:49
1653469369574551000,58.7,1,58.6,13,58.7,4,1,2022-05-25 09:02:49
1653469369663093000,58.7,1,58.6,13,58.7,3,1,2022-05-25 09:02:49
1653469369734312000,58.7,1,58.6,13,58.7,2,1,2022-05-25 09:02:49
1653469370132857000,58.7,2,58.6,13,58.8,8,1,2022-05-25 09:02:50
1653469370447258000,58.8,2,58.7,1,58.8,7,1,2022-05-25 09:02:50
1653469370656782000,58.8,1,58.7,1,58.8,6,1,2022-05-25 09:02:50
1653469371124061000,58.8,1,58.7,2,58.8,5,1,2022-05-25 09:02:51
1653469371746661000,58.8,1,58.7,3,58.8,4,1,2022-05-25 09:02:51
1653469371789470000,58.8,1,58.7,4,58.8,3,1,2022-05-25 09:02:51
1653469371988387000,58.8,3,58.7,9,58.9,24,1,2022-05-25 09:02:51
1653469371988387000,58.9,2,58.7,9,58.9,24,1,2022-05-25 09:02:51
1653469372079451000,58.9,5,58.7,9,58.9,19,1,2022-05-25 09:02:52
1653469372123076000,58.7,3,58.7,6,58.9,19,2,2022-05-25 09:02:52
1653469372327412000,58.8,6,58.7,6,58.9,19,2,2022-05-25 09:02:52
1653469372880160000,58.9,1,58.7,7,58.9,18,1,2022-05-25 09:02:52
1653469372989574000,58.8,1,58.7,7,58.8,7,1,2022-05-25 09:02:52
1653469373282411000,58.8,2,58.7,7,58.8,5,1,2022-05-25 09:02:53
1653469373337111000,58.7,7,58.6,41,58.7,3,2,2022-05-25 09:02:53
1653469373380387000,58.6,1,58.6,40,58.7,3,2,2022-05-25 09:02:53
1653469373384880000,58.7,1,58.6,40,58.7,2,1,2022-05-25 09:02:53
1653469373404904000,58.6,1,58.6,39,58.7,2,2,2022-05-25 09:02:53
1653469373404924000,58.6,1,58.6,38,58.7,2,2,2022-05-25 09:02:53
1653469373420193000,58.6,1,58.6,37,58.7,3,2,2022-05-25 09:02:53
1653469373432807000,58.7,2,58.6,37,58.7,1,1,2022-05-25 09:02:53
1653469373712749000,58.7,1,58.6,45,58.8,5,1,2022-05-25 09:02:53
1653469373934941000,58.8,1,58.6,45,58.8,4,1,2022-05-25 09:02:53
1653469374125616000,58.8,2,58.6,46,58.8,2,1,2022-05-25 09:02:54
1653469374258983000,58.8,1,58.7,3,58.8,2,1,2022-05-25 09:02:54
1653469374261715000,58.7,1,58.7,2,58.8,2,2,2022-05-25 09:02:54
1653469374330743000,58.8,1,58.7,2,58.8,1,1,2022-05-25 09:02:54
1653469374342877000,58.7,2,58.6,45,58.7,2,2,2022-05-25 09:02:54
1653469374426186000,58.7,1,58.6,45,58.7,1,1,2022-05-25 09:02:54
1653469374557629000,58.7,1,58.6,45,58.8,1,1,2022-05-25 09:02:54
1653469374604294000,58.8,1,58.8,1,58.9,28,1,2022-05-25 09:02:54
1653469374625278000,58.8,1,58.7,1,58.9,28,2,2022-05-25 09:02:54
1653469375021483000,58.8,4,58.7,3,58.8,1,2,2022-05-25 09:02:55
1653469375242768000,58.8,1,58.7,4,58.9,28,1,2022-05-25 09:02:55
1653469375452052000,58.7,5,58.7,5,58.9,28,2,2022-05-25 09:02:55
1653469375903825000,58.8,1,58.7,5,58.9,28,1,2022-05-25 09:02:55
1653469376428711000,58.8,4,58.7,5,58.9,28,2,2022-05-25 09:02:56
1653469376617906000,58.9,3,58.7,7,58.9,25,1,2022-05-25 09:02:56
1653469376732620000,58.8,1,58.7,8,58.9,25,2,2022-05-25 09:02:56
1653469376790381000,58.9,3,58.8,1,58.9,22,1,2022-05-25 09:02:56
1653469377180301000,58.9,1,58.8,2,58.9,41,1,2022-05-25 09:02:57
1653469377257398000,58.9,1,58.8,2,58.9,40,1,2022-05-25 09:02:57
1653469378650318000,58.9,3,58.8,19,58.9,40,1,2022-05-25 09:02:58
1653469378730445000,58.9,5,58.8,20,58.9,35,1,2022-05-25 09:02:58
1653469378918796000,58.8,11,58.8,9,58.9,36,2,2022-05-25 09:02:58
1653469378919774000,58.8,8,58.8,1,58.9,36,2,2022-05-25 09:02:58
1653469378935060000,58.9,6,58.8,1,58.9,30,1,2022-05-25 09:02:58
1653469378962348000,58.8,1,58.7,19,58.9,30,2,2022-05-25 09:02:58
1653469378965970000,58.8,1,58.7,19,58.9,30,1,2022-05-25 09:02:58
1653469378994766000,58.8,1,58.7,19,58.9,21,1,2022-05-25 09:02:58
1653469378994766000,58.9,9,58.7,19,58.9,21,1,2022-05-25 09:02:58
1653469379454741000,58.9,20,58.8,3,58.9,4,1,2022-05-25 09:02:59
1653469379636883000,58.9,2,58.8,4,58.9,2,1,2022-05-25 09:02:59
1653469379665586000,58.9,2,58.8,4,59.0,77,1,2022-05-25 09:02:59
1653469379847135000,58.8,1,58.8,3,59.0,77,2,2022-05-25 09:02:59
1653469380117560000,59.0,1,58.9,1,59.0,76,1,2022-05-25 09:03:00
1653469380241127000,59.0,1,58.9,1,59.0,75,1,2022-05-25 09:03:00
1653469380461715000,59.0,75,58.9,1,59.1,32,1,2022-05-25 09:03:00
1653469380520415000,58.9,1,58.7,28,58.8,35,2,2022-05-25 09:03:00
1653469380520415000,58.8,4,58.7,28,58.8,35,2,2022-05-25 09:03:00
1653469380752951000,58.8,1,58.7,28,58.8,34,1,2022-05-25 09:03:00
1653469380840410000,58.8,1,58.7,28,58.8,33,1,2022-05-25 09:03:00
1653469380960988000,58.8,1,58.7,29,58.8,36,1,2022-05-25 09:03:00
1653469381343537000,58.8,1,58.7,59,58.8,35,1,2022-05-25 09:03:01
1653469381362538000,58.8,3,58.7,59,58.8,32,1,2022-05-25 09:03:01
1653469381375922000,58.8,7,58.7,59,58.8,25,1,2022-05-25 09:03:01
1653469381409584000,58.7,1,58.7,58,58.8,25,2,2022-05-25 09:03:01
1653469381409815000,58.7,1,58.7,57,58.8,25,2,2022-05-25 09:03:01
1653469381437762000,58.8,1,58.7,57,58.8,24,1,2022-05-25 09:03:01
1653469381446046000,58.8,2,58.7,57,58.8,22,1,2022-05-25 09:03:01
1653469381599357000,58.8,1,58.7,57,58.8,21,1,2022-05-25 09:03:01
1653469381622686000,58.8,2,58.7,57,58.8,19,1,2022-05-25 09:03:01
1653469381651000000,58.8,1,58.7,57,58.8,18,1,2022-05-25 09:03:01
1653469381851704000,58.8,3,58.7,55,58.8,15,1,2022-05-25 09:03:01
1653469381855463000,58.8,10,58.7,55,58.8,5,1,2022-05-25 09:03:01
1653469381884593000,58.7,1,58.7,54,58.8,5,2,2022-05-25 09:03:01
1653469381888454000,58.8,1,58.7,54,58.8,4,1,2022-05-25 09:03:01
1653469381892064000,58.8,4,58.7,54,59.0,11,1,2022-05-25 09:03:01
1653469381895961000,58.7,1,58.7,53,59.0,11,2,2022-05-25 09:03:01
1653469381897153000,58.7,1,58.7,52,59.0,11,2,2022-05-25 09:03:01
1653469381995958000,58.8,1,58.7,52,59.0,11,1,2022-05-25 09:03:01
1653469382271727000,58.7,1,58.7,52,59.0,11,2,2022-05-25 09:03:02
1653469382442447000,59.0,1,58.8,1,59.0,10,1,2022-05-25 09:03:02
1653469382679105000,59.0,3,58.8,1,59.0,7,1,2022-05-25 09:03:02
1653469383349852000,58.8,1,58.8,2,59.0,30,2,2022-05-25 09:03:03
1653469383376251000,58.8,2,58.7,55,58.8,3,2,2022-05-25 09:03:03
1653469383454793000,58.8,1,58.7,55,58.8,2,1,2022-05-25 09:03:03
1653469383548838000,58.8,2,58.7,55,59.0,30,1,2022-05-25 09:03:03
1653469384020561000,58.9,1,58.8,5,58.9,3,2,2022-05-25 09:03:04
1653469384701232000,58.9,1,58.8,9,58.9,30,1,2022-05-25 09:03:04
1653469384803437000,58.9,1,58.8,9,58.9,29,1,2022-05-25 09:03:04
1653469385029110000,58.9,1,58.8,10,58.9,28,1,2022-05-25 09:03:05
1653469385129816000,58.9,10,58.8,20,58.9,19,1,2022-05-25 09:03:05
1653469385172248000,58.8,1,58.8,19,58.9,19,2,2022-05-25 09:03:05
1653469385257438000,58.9,2,58.8,19,58.9,17,1,2022-05-25 09:03:05
1653469385332821000,58.8,7,58.8,12,58.9,17,2,2022-05-25 09:03:05
1653469385477404000,58.8,12,58.7,60,58.9,17,2,2022-05-25 09:03:05
1653469385787736000,58.8,2,58.7,60,58.9,9,1,2022-05-25 09:03:05
1653469385787736000,58.9,8,58.7,60,58.9,9,1,2022-05-25 09:03:05
1653469385967192000,58.8,1,58.7,61,58.9,9,1,2022-05-25 09:03:05
1653469386068901000,58.9,1,58.8,1,58.9,8,1,2022-05-25 09:03:06
1653469386098209000,58.9,2,58.8,1,58.9,6,1,2022-05-25 09:03:06
1653469386493454000,58.8,1,58.7,61,58.8,11,2,2022-05-25 09:03:06
1653469386533974000,58.8,2,58.7,61,58.8,9,1,2022-05-25 09:03:06
1653469386603891000,58.8,1,58.7,61,58.8,8,1,2022-05-25 09:03:06
1653469386613350000,58.8,1,58.7,61,58.8,7,1,2022-05-25 09:03:06
1653469386636464000,58.8,3,58.7,61,58.8,4,1,2022-05-25 09:03:06
1653469386679562000,58.8,1,58.7,63,58.8,3,1,2022-05-25 09:03:06
1653469386708516000,58.8,3,58.7,63,58.9,3,1,2022-05-25 09:03:06
1653469386708516000,58.9,5,58.7,63,58.9,3,1,2022-05-25 09:03:06
1653469387194185000,58.9,1,58.8,3,58.9,3,1,2022-05-25 09:03:07
1653469387312057000,58.8,5,58.8,9,58.9,3,2,2022-05-25 09:03:07
1653469387380449000,58.9,1,58.8,9,58.9,2,1,2022-05-25 09:03:07
1653469387621012000,58.9,2,58.9,18,59.0,41,1,2022-05-25 09:03:07
1653469387696741000,58.9,5,58.9,14,59.0,41,2,2022-05-25 09:03:07
1653469387838940000,58.9,2,58.9,12,59.0,41,2,2022-05-25 09:03:07
1653469387991063000,58.9,1,58.9,11,59.0,41,2,2022-05-25 09:03:07
1653469388468940000,59.0,1,58.9,11,59.0,41,1,2022-05-25 09:03:08
1653469388919767000,59.0,2,58.9,13,59.0,39,1,2022-05-25 09:03:08
1653469390019251000,58.9,1,58.9,20,59.0,84,2,2022-05-25 09:03:10
1653469390395849000,59.0,10,58.9,22,59.0,74,1,2022-05-25 09:03:10
1653469390750805000,58.9,1,58.9,22,59.0,74,2,2022-05-25 09:03:10
1653469390864214000,59.0,3,58.9,24,59.0,77,1,2022-05-25 09:03:10
1653469391156023000,59.0,1,58.9,24,59.0,78,1,2022-05-25 09:03:11
1653469391470550000,59.0,3,58.9,25,59.0,75,1,2022-05-25 09:03:11
1653469391899660000,59.0,3,58.9,40,59.0,72,1,2022-05-25 09:03:11
1653469392018331000,59.0,1,58.9,40,59.0,71,1,2022-05-25 09:03:12
1653469392448018000,59.0,1,58.9,40,59.0,71,1,2022-05-25 09:03:12
1653469392611685000,59.0,2,58.9,41,59.0,69,1,2022-05-25 09:03:12
1653469392765805000,59.0,1,58.9,42,59.0,68,1,2022-05-25 09:03:12
1653469393037152000,59.0,3,58.9,42,59.0,65,1,2022-05-25 09:03:13
1653469393500540000,58.9,5,58.9,37,59.0,65,2,2022-05-25 09:03:13
1653469393670377000,59.0,2,58.9,38,59.0,63,1,2022-05-25 09:03:13
1653469393787482000,58.9,5,58.9,33,59.0,63,2,2022-05-25 09:03:13
1653469393814599000,58.9,1,58.9,32,59.0,63,2,2022-05-25 09:03:13
1653469393823696000,59.0,1,58.9,32,59.0,62,1,2022-05-25 09:03:13
1653469393913170000,59.0,2,58.9,33,59.0,60,1,2022-05-25 09:03:13
1653469393929105000,59.0,3,58.9,33,59.0,57,1,2022-05-25 09:03:13
1653469393932818000,58.9,1,58.9,32,59.0,57,2,2022-05-25 09:03:13
1653469393952484000,59.0,1,58.9,32,59.0,56,1,2022-05-25 09:03:13
1653469394132255000,59.0,1,58.9,33,59.0,55,1,2022-05-25 09:03:14
1653469395010231000,59.0,3,58.9,34,59.0,52,1,2022-05-25 09:03:15
1653469395323868000,59.0,1,58.9,36,59.0,51,1,2022-05-25 09:03:15
1653469395324033000,59.0,1,58.9,36,59.0,50,1,2022-05-25 09:03:15
1653469395352478000,59.0,4,58.9,36,59.0,46,1,2022-05-25 09:03:15
1653469395507407000,59.0,1,58.9,36,59.0,45,1,2022-05-25 09:03:15
1653469395669718000,59.0,33,58.9,36,59.0,12,1,2022-05-25 09:03:15
1653469396146537000,59.0,4,58.9,39,59.0,2,1,2022-05-25 09:03:16
1653469396155637000,59.0,6,58.9,39,59.0,16,1,2022-05-25 09:03:16
1653469396242139000,59.0,1,58.9,39,59.0,15,1,2022-05-25 09:03:16
1653469396275142000,59.0,1,58.9,39,59.0,14,1,2022-05-25 09:03:16
1653469396282887000,59.0,1,58.9,39,59.0,13,1,2022-05-25 09:03:16
1653469396340039000,59.0,5,58.9,41,59.0,8,1,2022-05-25 09:03:16
1653469396416361000,59.0,1,58.9,42,59.0,7,1,2022-05-25 09:03:16
1653469396479062000,59.0,2,58.9,42,59.0,5,1,2022-05-25 09:03:16
1653469396606910000,59.0,5,59.0,5,59.1,36,1,2022-05-25 09:03:16
1653469396731522000,59.0,1,59.0,6,59.1,36,2,2022-05-25 09:03:16
1653469397121816000,59.0,1,59.0,17,59.1,56,2,2022-05-25 09:03:17
1653469398005331000,59.1,2,59.0,61,59.1,54,1,2022-05-25 09:03:18
1653469399194671000,59.0,1,59.0,75,59.1,54,2,2022-05-25 09:03:19
1653469399214852000,59.1,10,59.0,75,59.1,44,1,2022-05-25 09:03:19
1653469399218709000,59.1,1,59.0,75,59.1,43,1,2022-05-25 09:03:19
1653469399424949000,59.1,1,59.0,76,59.1,42,1,2022-05-25 09:03:19
1653469399629800000,59.1,1,59.0,76,59.1,41,1,2022-05-25 09:03:19
1653469399658547000,59.1,1,59.0,76,59.1,40,1,2022-05-25 09:03:19
1653469399706685000,59.1,10,59.0,76,59.1,30,1,2022-05-25 09:03:19
1653469400014249000,59.0,20,59.0,57,59.1,30,2,2022-05-25 09:03:20
1653469400765714000,59.1,1,59.0,63,59.1,29,1,2022-05-25 09:03:20
1653469401264535000,59.1,1,59.0,65,59.1,28,1,2022-05-25 09:03:21
1653469401618742000,59.1,1,59.0,65,59.1,47,1,2022-05-25 09:03:21
1653469401698289000,59.1,1,59.0,65,59.1,46,1,2022-05-25 09:03:21
1653469401778371000,59.1,1,59.0,66,59.1,45,1,2022-05-25 09:03:21
1653469401817035000,59.1,1,59.0,66,59.1,44,1,2022-05-25 09:03:21
1653469401911839000,59.1,1,59.0,67,59.1,43,1,2022-05-25 09:03:21
1653469401929341000,59.1,1,59.0,67,59.1,42,1,2022-05-25 09:03:21
1653469402088798000,59.1,2,59.0,68,59.1,40,1,2022-05-25 09:03:22
1653469402409074000,59.1,1,59.0,71,59.1,39,1,2022-05-25 09:03:22
1653469402458936000,59.1,5,59.0,72,59.1,34,1,2022-05-25 09:03:22
1653469402541101000,59.1,1,59.0,72,59.1,33,1,2022-05-25 09:03:22
1653469402672347000,59.1,1,59.0,72,59.1,32,1,2022-05-25 09:03:22
1653469402974952000,59.1,1,59.0,72,59.1,31,1,2022-05-25 09:03:22
1653469403117856000,59.1,1,59.0,74,59.1,30,1,2022-05-25 09:03:23
1653469403376295000,59.1,1,59.0,75,59.1,29,1,2022-05-25 09:03:23
1653469403625102000,59.1,1,59.0,77,59.1,28,1,2022-05-25 09:03:23
1653469403958236000,59.1,5,59.0,77,59.1,25,1,2022-05-25 09:03:23
1653469403960063000,59.1,1,59.0,77,59.1,24,1,2022-05-25 09:03:23
1653469404009617000,59.1,2,59.0,77,59.1,22,1,2022-05-25 09:03:24
1653469404055574000,59.1,1,59.0,77,59.1,21,1,2022-05-25 09:03:24
1653469404341235000,59.1,1,59.0,78,59.1,20,1,2022-05-25 09:03:24
1653469404608229000,59.1,1,59.0,78,59.1,19,1,2022-05-25 09:03:24
1653469404675141000,59.1,2,59.0,78,59.1,17,1,2022-05-25 09:03:24
1653469404701102000,59.1,1,59.0,78,59.1,16,1,2022-05-25 09:03:24
1653469405257117000,59.0,1,59.0,80,59.1,16,2,2022-05-25 09:03:25
1653469405388252000,59.1,1,59.0,83,59.1,15,1,2022-05-25 09:03:25
1653469405452410000,59.1,1,59.0,82,59.1,15,1,2022-05-25 09:03:25
1653469405616561000,59.1,1,59.0,82,59.1,14,1,2022-05-25 09:03:25
1653469405648775000,59.1,4,59.0,82,59.1,10,1,2022-05-25 09:03:25
1653469405748609000,59.1,5,59.0,84,59.1,5,1,2022-05-25 09:03:25
1653469405788321000,59.1,1,59.0,84,59.1,4,1,2022-05-25 09:03:25
1653469405863159000,59.1,1,59.0,84,59.1,3,1,2022-05-25 09:03:25
1653469405863748000,59.1,1,59.0,84,59.1,2,1,2022-05-25 09:03:25
1653469405934440000,59.1,2,59.0,85,59.2,73,1,2022-05-25 09:03:25
1653469406116440000,59.2,2,59.1,3,59.2,71,1,2022-05-25 09:03:26
1653469406171801000,59.1,1,59.1,2,59.2,71,2,2022-05-25 09:03:26
1653469406289623000,59.1,1,59.1,26,59.2,71,2,2022-05-25 09:03:26
1653469407425012000,59.1,7,59.1,36,59.2,111,2,2022-05-25 09:03:27
1653469407453485000,59.1,20,59.1,17,59.2,111,2,2022-05-25 09:03:27
1653469407456730000,59.1,3,59.1,14,59.2,111,2,2022-05-25 09:03:27
1653469407475764000,59.1,4,59.1,10,59.2,111,2,2022-05-25 09:03:27
1653469407583750000,59.1,1,59.1,10,59.2,111,2,2022-05-25 09:03:27
1653469407607974000,59.1,1,59.1,11,59.2,111,2,2022-05-25 09:03:27
1653469407912037000,59.2,5,59.1,18,59.2,106,1,2022-05-25 09:03:27
1653469408799372000,59.1,1,59.1,22,59.2,107,2,2022-05-25 09:03:28
1653469409843954000,59.2,10,59.1,36,59.2,104,1,2022-05-25 09:03:29
1653469409899043000,59.2,1,59.1,36,59.2,103,1,2022-05-25 09:03:29
1653469410178855000,59.2,1,59.1,38,59.2,102,1,2022-05-25 09:03:30
1653469410275930000,59.2,2,59.1,39,59.2,100,1,2022-05-25 09:03:30
1653469410368086000,59.2,1,59.1,39,59.2,99,1,2022-05-25 09:03:30
1653469410390888000,59.2,1,59.1,39,59.2,98,1,2022-05-25 09:03:30
1653469410701782000,59.2,2,59.1,43,59.2,96,1,2022-05-25 09:03:30
1653469411420274000,59.2,1,59.1,47,59.2,95,1,2022-05-25 09:03:31
1653469411734106000,59.2,1,59.1,49,59.2,94,1,2022-05-25 09:03:31
1653469411967880000,59.2,2,59.1,51,59.2,92,1,2022-05-25 09:03:31
1653469412625552000,59.2,1,59.1,52,59.2,91,1,2022-05-25 09:03:32
1653469412743195000,59.2,1,59.1,52,59.2,90,1,2022-05-25 09:03:32
1653469412786525000,59.2,5,59.1,52,59.2,85,1,2022-05-25 09:03:32
1653469412834273000,59.2,10,59.1,52,59.2,85,1,2022-05-25 09:03:32
1653469413011017000,59.2,1,59.1,52,59.2,84,1,2022-05-25 09:03:33
1653469413137819000,59.2,4,59.1,57,59.2,80,1,2022-05-25 09:03:33
1653469413319620000,59.2,1,59.1,57,59.2,80,1,2022-05-25 09:03:33
1653469413320305000,59.2,1,59.1,57,59.2,79,1,2022-05-25 09:03:33
1653469413390115000,59.2,5,59.1,63,59.2,74,1,2022-05-25 09:03:33
1653469413536072000,59.2,1,59.1,73,59.2,73,1,2022-05-25 09:03:33
1653469413865762000,59.2,1,59.1,80,59.2,73,1,2022-05-25 09:03:33
1653469413893303000,59.2,2,59.1,80,59.2,71,1,2022-05-25 09:03:33
1653469414154930000,59.2,20,59.1,81,59.2,51,1,2022-05-25 09:03:34
1653469414215780000,59.2,1,59.1,81,59.2,50,1,2022-05-25 09:03:34
1653469414240072000,59.2,1,59.1,81,59.2,49,1,2022-05-25 09:03:34
1653469414480944000,59.2,1,59.1,101,59.2,48,1,2022-05-25 09:03:34
1653469414489297000,59.2,2,59.1,101,59.2,46,1,2022-05-25 09:03:34
1653469414515957000,59.2,1,59.1,101,59.2,45,1,2022-05-25 09:03:34
1653469414529570000,59.2,1,59.1,101,59.2,44,1,2022-05-25 09:03:34
1653469414718146000,59.2,1,59.1,101,59.2,36,1,2022-05-25 09:03:34
1653469415020199000,59.2,3,59.1,103,59.2,33,1,2022-05-25 09:03:35
1653469415254990000,59.1,2,59.1,102,59.2,33,2,2022-05-25 09:03:35
1653469415287107000,59.1,1,59.1,101,59.2,33,2,2022-05-25 09:03:35
1653469415417695000,59.2,2,59.1,102,59.2,31,1,2022-05-25 09:03:35
1653469415536406000,59.1,5,59.1,97,59.2,31,2,2022-05-25 09:03:35
1653469415795646000,59.2,1,59.1,97,59.2,30,1,2022-05-25 09:03:35
1653469416023307000,59.2,1,59.1,97,59.2,29,1,2022-05-25 09:03:36
1653469416040522000,59.2,1,59.1,97,59.2,28,1,2022-05-25 09:03:36
1653469416337123000,59.2,1,59.1,98,59.2,27,1,2022-05-25 09:03:36
1653469416366219000,59.2,2,59.1,99,59.2,25,1,2022-05-25 09:03:36
1653469416385464000,59.2,1,59.1,99,59.2,24,1,2022-05-25 09:03:36
1653469416388108000,59.2,1,59.1,99,59.2,23,1,2022-05-25 09:03:36
1653469416577836000,59.2,5,59.1,99,59.2,18,1,2022-05-25 09:03:36
1653469416656112000,59.2,1,59.1,99,59.2,17,1,2022-05-25 09:03:36
1653469416712914000,59.2,1,59.1,101,59.2,16,1,2022-05-25 09:03:36
1653469416714726000,59.2,1,59.1,101,59.2,15,1,2022-05-25 09:03:36
1653469416726081000,59.2,1,59.1,101,59.2,14,1,2022-05-25 09:03:36
1653469416873569000,59.2,5,59.1,101,59.2,10,1,2022-05-25 09:03:36
1653469416894958000,59.2,1,59.1,101,59.2,9,1,2022-05-25 09:03:36
1653469417002762000,59.2,1,59.1,101,59.2,8,1,2022-05-25 09:03:37
1653469417076914000,59.2,1,59.1,103,59.2,7,1,2022-05-25 09:03:37
1653469417158731000,59.2,1,59.1,103,59.2,6,1,2022-05-25 09:03:37
1653469417304627000,59.2,1,59.1,103,59.2,5,1,2022-05-25 09:03:37
1653469417368492000,59.2,1,59.1,103,59.2,4,1,2022-05-25 09:03:37
1653469417369843000,59.2,1,59.1,103,59.2,3,1,2022-05-25 09:03:37
1653469418665653000,59.2,1,59.1,104,59.2,3,1,2022-05-25 09:03:38
1653469418763732000,59.2,3,59.1,104,59.3,58,1,2022-05-25 09:03:38
1653469419024319000,59.2,7,59.1,105,59.3,68,2,2022-05-25 09:03:39
1653469419183277000,59.2,3,59.1,105,59.3,68,2,2022-05-25 09:03:39
1653469419502232000,59.3,1,59.2,4,59.3,67,1,2022-05-25 09:03:39
1653469420104263000,59.2,1,59.2,10,59.3,68,2,2022-05-25 09:03:40
1653469420186263000,59.3,1,59.2,15,59.3,67,1,2022-05-25 09:03:40
1653469420371357000,59.2,1,59.2,24,59.3,70,2,2022-05-25 09:03:40
1653469420426588000,59.3,2,59.2,25,59.3,68,1,2022-05-25 09:03:40
1653469420736406000,59.3,1,59.2,33,59.3,67,1,2022-05-25 09:03:40
1653469421086196000,59.2,1,59.2,42,59.3,67,2,2022-05-25 09:03:41
1653469421206506000,59.2,1,59.2,42,59.3,67,2,2022-05-25 09:03:41
1653469421529841000,59.3,20,59.2,44,59.3,47,1,2022-05-25 09:03:41
1653469421615204000,59.2,10,59.2,84,59.3,44,2,2022-05-25 09:03:41
1653469421654173000,59.2,1,59.2,84,59.3,44,2,2022-05-25 09:03:41
1653469421736281000,59.2,5,59.2,79,59.3,44,2,2022-05-25 09:03:41
1653469421777269000,59.2,1,59.2,78,59.3,37,2,2022-05-25 09:03:41
1653469421846073000,59.3,1,59.2,80,59.3,36,1,2022-05-25 09:03:41
1653469422062614000,59.3,2,59.2,81,59.3,34,1,2022-05-25 09:03:42
1653469422103892000,59.2,5,59.2,76,59.3,34,2,2022-05-25 09:03:42
1653469422269011000,59.3,1,59.2,76,59.3,33,1,2022-05-25 09:03:42
1653469422642744000,59.3,3,59.2,78,59.3,30,1,2022-05-25 09:03:42
1653469422726989000,59.3,4,59.2,79,59.3,26,1,2022-05-25 09:03:42
1653469422997886000,59.2,5,59.2,77,59.3,26,2,2022-05-25 09:03:42
1653469423166968000,59.3,1,59.2,92,59.3,25,1,2022-05-25 09:03:43
1653469423294181000,59.3,1,59.2,92,59.3,24,1,2022-05-25 09:03:43
1653469423340060000,59.3,1,59.2,92,59.3,23,1,2022-05-25 09:03:43
1653469423590535000,59.3,15,59.2,94,59.3,8,1,2022-05-25 09:03:43
1653469424035810000,59.3,1,59.2,102,59.3,7,1,2022-05-25 09:03:44
1653469424319644000,59.3,1,59.2,103,59.3,7,1,2022-05-25 09:03:44
1653469424332030000,59.3,1,59.2,103,59.3,6,1,2022-05-25 09:03:44
1653469424368928000,59.3,1,59.2,103,59.3,5,1,2022-05-25 09:03:44
1653469424408127000,59.3,1,59.2,103,59.3,4,1,2022-05-25 09:03:44
1653469424469254000,59.3,3,59.2,104,59.3,1,1,2022-05-25 09:03:44
1653469424685123000,59.3,1,59.3,1,59.4,152,1,2022-05-25 09:03:44
1653469425072345000,59.3,3,59.2,113,59.3,7,2,2022-05-25 09:03:45
1653469425097187000,59.3,1,59.2,113,59.3,6,1,2022-05-25 09:03:45
1653469425160499000,59.3,1,59.2,113,59.3,5,1,2022-05-25 09:03:45
1653469425250337000,59.3,1,59.2,113,59.3,4,1,2022-05-25 09:03:45
1653469425451248000,59.3,4,59.3,1,59.4,159,1,2022-05-25 09:03:45
1653469425834055000,59.4,2,59.3,3,59.4,157,1,2022-05-25 09:03:45
1653469425944831000,59.3,1,59.3,2,59.4,157,2,2022-05-25 09:03:45
1653469426366939000,59.4,3,59.3,3,59.4,154,1,2022-05-25 09:03:46
1653469427463439000,59.4,1,59.3,66,59.4,169,1,2022-05-25 09:03:47
1653469427611876000,59.4,5,59.3,66,59.4,164,1,2022-05-25 09:03:47
1653469427830777000,59.3,1,59.3,70,59.4,164,2,2022-05-25 09:03:47
1653469427972505000,59.4,10,59.3,70,59.4,154,1,2022-05-25 09:03:47
1653469428146371000,59.3,2,59.3,70,59.4,154,2,2022-05-25 09:03:48
1653469428231285000,59.3,1,59.3,69,59.4,155,2,2022-05-25 09:03:48
1653469428522188000,59.4,1,59.3,76,59.4,154,1,2022-05-25 09:03:48
1653469428796292000,59.4,2,59.3,81,59.4,152,1,2022-05-25 09:03:48
1653469428801758000,59.4,10,59.3,81,59.4,142,1,2022-05-25 09:03:48
1653469428926203000,59.3,5,59.3,78,59.4,142,2,2022-05-25 09:03:48
1653469428992210000,59.4,5,59.3,78,59.4,137,1,2022-05-25 09:03:48
1653469429210714000,59.4,2,59.3,78,59.4,135,1,2022-05-25 09:03:49
1653469429710102000,59.4,1,59.3,81,59.4,134,1,2022-05-25 09:03:49
1653469429829548000,59.4,20,59.3,82,59.4,114,1,2022-05-25 09:03:49
1653469430377556000,59.4,1,59.3,85,59.4,113,1,2022-05-25 09:03:50
1653469430481954000,59.4,1,59.3,85,59.4,112,1,2022-05-25 09:03:50
1653469430620205000,59.4,1,59.3,85,59.4,111,1,2022-05-25 09:03:50
1653469430620724000,59.4,10,59.3,85,59.4,101,1,2022-05-25 09:03:50
1653469431068168000,59.4,1,59.3,87,59.4,100,1,2022-05-25 09:03:51
1653469431106682000,59.4,1,59.3,87,59.4,99,1,2022-05-25 09:03:51
1653469431294553000,59.4,1,59.3,87,59.4,98,1,2022-05-25 09:03:51
1653469431331387000,59.4,1,59.3,87,59.4,97,1,2022-05-25 09:03:51
1653469431500434000,59.4,5,59.3,87,59.4,92,1,2022-05-25 09:03:51
1653469431545792000,59.4,5,59.3,87,59.4,87,1,2022-05-25 09:03:51
1653469431667107000,59.4,2,59.3,87,59.4,85,1,2022-05-25 09:03:51
1653469431713617000,59.3,1,59.3,87,59.4,85,2,2022-05-25 09:03:51
1653469431725965000,59.4,1,59.3,87,59.4,84,1,2022-05-25 09:03:51
1653469431731557000,59.4,1,59.3,87,59.4,83,1,2022-05-25 09:03:51
1653469431761505000,59.4,7,59.3,87,59.4,76,1,2022-05-25 09:03:51
1653469431787223000,59.4,1,59.3,87,59.4,75,1,2022-05-25 09:03:51
1653469431831070000,59.4,1,59.3,87,59.4,74,1,2022-05-25 09:03:51
1653469431853388000,59.4,6,59.3,87,59.4,68,1,2022-05-25 09:03:51
1653469432209928000,59.4,5,59.3,90,59.4,63,1,2022-05-25 09:03:52
1653469432296296000,59.4,5,59.3,91,59.4,58,1,2022-05-25 09:03:52
1653469432313376000,59.4,1,59.3,91,59.4,57,1,2022-05-25 09:03:52
1653469432342696000,59.4,1,59.3,91,59.4,56,1,2022-05-25 09:03:52
1653469432377164000,59.4,1,59.3,91,59.4,55,1,2022-05-25 09:03:52
1653469432472638000,59.4,10,59.3,91,59.4,45,1,2022-05-25 09:03:52
1653469432497680000,59.4,1,59.3,91,59.4,44,1,2022-05-25 09:03:52
1653469432541865000,59.4,5,59.3,93,59.4,39,1,2022-05-25 09:03:52
1653469432647954000,59.4,1,59.3,93,59.4,38,1,2022-05-25 09:03:52
1653469432708516000,59.4,1,59.3,94,59.4,37,1,2022-05-25 09:03:52
1653469432800923000,59.4,1,59.3,94,59.4,56,1,2022-05-25 09:03:52
1653469432826975000,59.3,1,59.3,93,59.4,56,2,2022-05-25 09:03:52
1653469432863546000,59.4,1,59.3,93,59.4,55,1,2022-05-25 09:03:52
1653469432872056000,59.4,1,59.3,93,59.4,54,1,2022-05-25 09:03:52
1653469432954416000,59.4,2,59.3,93,59.4,52,1,2022-05-25 09:03:52
1653469432963605000,59.4,3,59.3,93,59.4,49,1,2022-05-25 09:03:52
1653469433163379000,59.4,1,59.3,94,59.4,48,1,2022-05-25 09:03:53
1653469433214650000,59.4,1,59.3,94,59.4,47,1,2022-05-25 09:03:53
1653469433226204000,59.4,1,59.3,94,59.4,46,1,2022-05-25 09:03:53
1653469433297808000,59.4,1,59.3,94,59.4,45,1,2022-05-25 09:03:53
1653469433480915000,59.4,1,59.3,94,59.4,45,1,2022-05-25 09:03:53
1653469433532604000,59.4,2,59.3,99,59.4,43,1,2022-05-25 09:03:53
1653469433585265000,59.4,10,59.3,106,59.4,33,1,2022-05-25 09:03:53
1653469433590198000,59.4,1,59.3,106,59.4,32,1,2022-05-25 09:03:53
1653469433784655000,59.4,1,59.3,107,59.4,31,1,2022-05-25 09:03:53
1653469433900854000,59.4,4,59.3,110,59.4,27,1,2022-05-25 09:03:53
1653469433932228000,59.4,2,59.3,110,59.4,25,1,2022-05-25 09:03:53
1653469433977753000,59.4,3,59.3,110,59.4,22,1,2022-05-25 09:03:53
1653469434043258000,59.4,3,59.3,110,59.4,19,1,2022-05-25 09:03:54
1653469434048082000,59.4,1,59.3,110,59.4,18,1,2022-05-25 09:03:54
1653469434100211000,59.4,10,59.3,111,59.4,8,1,2022-05-25 09:03:54
1653469434166788000,59.4,2,59.3,111,59.4,6,1,2022-05-25 09:03:54
1653469434172586000,59.4,6,59.4,4,59.5,64,1,2022-05-25 09:03:54
1653469434287143000,59.5,20,59.4,7,59.5,44,1,2022-05-25 09:03:54
1653469434455461000,59.5,1,59.4,8,59.5,63,1,2022-05-25 09:03:54
1653469434546481000,59.5,1,59.4,8,59.5,62,1,2022-05-25 09:03:54
1653469434661228000,59.4,2,59.4,9,59.5,62,2,2022-05-25 09:03:54
1653469434801743000,59.5,3,59.4,12,59.5,79,1,2022-05-25 09:03:54
1653469435320771000,59.5,20,59.4,17,59.5,59,1,2022-05-25 09:03:55
1653469436057073000,59.5,3,59.4,40,59.5,56,1,2022-05-25 09:03:56
1653469436192772000,59.5,2,59.4,41,59.5,54,1,2022-05-25 09:03:56
1653469436542755000,59.5,2,59.4,54,59.5,52,1,2022-05-25 09:03:56
1653469436836105000,59.5,2,59.4,57,59.5,50,1,2022-05-25 09:03:56
1653469436914147000,59.5,1,59.4,57,59.5,49,1,2022-05-25 09:03:56
1653469437450442000,59.5,1,59.4,71,59.5,48,1,2022-05-25 09:03:57
1653469437583476000,59.5,1,59.4,71,59.5,47,1,2022-05-25 09:03:57
1653469437639748000,59.5,3,59.4,71,59.5,44,1,2022-05-25 09:03:57
1653469437667447000,59.5,2,59.4,71,59.5,42,1,2022-05-25 09:03:57
1653469437818022000,59.5,1,59.4,72,59.5,42,1,2022-05-25 09:03:57
1653469438257798000,59.5,3,59.4,73,59.5,39,1,2022-05-25 09:03:58
1653469438266176000,59.5,1,59.4,83,59.5,38,1,2022-05-25 09:03:58
1653469438392140000,59.5,1,59.4,83,59.5,37,1,2022-05-25 09:03:58
1653469438558975000,59.5,2,59.4,83,59.5,36,1,2022-05-25 09:03:58
1653469438579208000,59.5,1,59.4,83,59.5,35,1,2022-05-25 09:03:58
1653469438586390000,59.5,1,59.4,83,59.5,34,1,2022-05-25 09:03:58
1653469438858120000,59.4,1,59.4,84,59.5,35,2,2022-05-25 09:03:58
1653469438961627000,59.5,1,59.4,84,59.5,34,1,2022-05-25 09:03:58
1653469439408252000,59.5,1,59.4,85,59.5,33,1,2022-05-25 09:03:59
1653469439566659000,59.5,1,59.4,87,59.5,32,1,2022-05-25 09:03:59
1653469439825806000,59.5,1,59.4,88,59.5,31,1,2022-05-25 09:03:59
1653469439929593000,59.5,1,59.4,87,59.5,30,1,2022-05-25 09:03:59
1653469439947483000,59.5,1,59.4,87,59.5,29,1,2022-05-25 09:03:59
1653469439955595000,59.5,1,59.4,87,59.5,28,1,2022-05-25 09:03:59
1653469439964663000,59.5,1,59.4,87,59.5,27,1,2022-05-25 09:03:59
1653469439983989000,59.5,1,59.4,87,59.5,26,1,2022-05-25 09:03:59
1653469440071962000,59.5,1,59.4,91,59.5,25,1,2022-05-25 09:04:00
1653469440120143000,59.5,1,59.4,91,59.5,24,1,2022-05-25 09:04:00
1653469440133180000,59.5,1,59.4,91,59.5,23,1,2022-05-25 09:04:00
1653469440159084000,59.5,1,59.4,91,59.5,22,1,2022-05-25 09:04:00
1653469440228407000,59.5,1,59.4,91,59.5,27,1,2022-05-25 09:04:00
1653469440392981000,59.5,10,59.4,102,59.5,17,1,2022-05-25 09:04:00
1653469440513075000,59.4,1,59.4,102,59.5,17,2,2022-05-25 09:04:00
1653469440548417000,59.4,1,59.4,101,59.5,17,2,2022-05-25 09:04:00
1653469440579142000,59.5,5,59.4,101,59.5,12,1,2022-05-25 09:04:00
1653469440586201000,59.5,2,59.4,101,59.5,10,1,2022-05-25 09:04:00
1653469440691923000,59.5,1,59.4,161,59.5,9,1,2022-05-25 09:04:00
1653469440806307000,59.5,1,59.4,162,59.5,8,1,2022-05-25 09:04:00
1653469440927706000,59.5,1,59.4,162,59.5,7,1,2022-05-25 09:04:00
1653469440948259000,59.5,1,59.4,161,59.5,6,1,2022-05-25 09:04:00
1653469440965088000,59.5,2,59.4,162,59.5,4,1,2022-05-25 09:04:00
1653469441017434000,59.5,1,59.4,162,59.5,4,1,2022-05-25 09:04:01
1653469441107536000,59.5,1,59.4,161,59.5,3,1,2022-05-25 09:04:01
1653469441192556000,59.5,3,59.5,7,59.6,81,1,2022-05-25 09:04:01
1653469441266429000,59.5,1,59.5,7,59.6,81,2,2022-05-25 09:04:01
1653469441391375000,59.5,5,59.5,3,59.6,81,2,2022-05-25 09:04:01
1653469442131184000,59.5,1,59.5,21,59.6,81,2,2022-05-25 09:04:02
1653469442406030000,59.6,2,59.5,27,59.6,79,1,2022-05-25 09:04:02
1653469442417430000,59.6,1,59.5,28,59.6,78,1,2022-05-25 09:04:02
1653469442729514000,59.6,3,59.5,30,59.6,75,1,2022-05-25 09:04:02
1653469442743176000,59.5,1,59.5,30,59.6,75,2,2022-05-25 09:04:02
1653469442966447000,59.5,20,59.5,10,59.6,75,2,2022-05-25 09:04:02
1653469443058443000,59.5,1,59.5,10,59.6,75,2,2022-05-25 09:04:03
1653469443672393000,59.5,1,59.5,36,59.6,75,2,2022-05-25 09:04:03
1653469443974207000,59.6,1,59.5,42,59.6,75,1,2022-05-25 09:04:03
1653469443977072000,59.5,1,59.5,41,59.6,75,2,2022-05-25 09:04:03
1653469444049828000,59.6,1,59.5,44,59.6,74,1,2022-05-25 09:04:04
1653469444148808000,59.5,1,59.5,44,59.6,74,2,2022-05-25 09:04:04
1653469444425660000,59.6,30,59.5,46,59.6,44,1,2022-05-25 09:04:04
1653469444493545000,59.6,1,59.5,47,59.6,43,1,2022-05-25 09:04:04
1653469445061620000,59.5,1,59.5,60,59.6,43,2,2022-05-25 09:04:05
1653469445111958000,59.6,4,59.5,60,59.6,39,1,2022-05-25 09:04:05
1653469445144032000,59.5,1,59.5,59,59.6,39,2,2022-05-25 09:04:05
1653469445326338000,59.5,1,59.5,59,59.6,39,2,2022-05-25 09:04:05
1653469445347714000,59.6,3,59.5,59,59.6,36,1,2022-05-25 09:04:05
1653469445786006000,59.5,3,59.5,57,59.6,36,2,2022-05-25 09:04:05
1653469446096354000,59.6,1,59.5,57,59.6,36,1,2022-05-25 09:04:06
1653469446152654000,59.5,50,59.5,8,59.6,36,2,2022-05-25 09:04:06
1653469446178673000,59.6,10,59.5,8,59.6,26,1,2022-05-25 09:04:06
1653469446189056000,59.5,1,59.5,7,59.6,30,2,2022-05-25 09:04:06
1653469446189207000,59.5,1,59.5,6,59.6,30,2,2022-05-25 09:04:06
1653469446191006000,59.5,1,59.5,5,59.6,30,2,2022-05-25 09:04:06
1653469446197940000,59.6,1,59.5,5,59.6,29,1,2022-05-25 09:04:06
1653469446284990000,59.5,2,59.5,23,59.6,29,2,2022-05-25 09:04:06
1653469446309759000,59.6,1,59.5,24,59.6,28,1,2022-05-25 09:04:06
1653469446431253000,59.6,1,59.5,27,59.6,27,1,2022-05-25 09:04:06
1653469446458306000,59.6,1,59.5,27,59.6,26,1,2022-05-25 09:04:06
1653469446738066000,59.6,1,59.5,32,59.6,45,1,2022-05-25 09:04:06
1653469446891480000,59.5,1,59.5,34,59.6,45,2,2022-05-25 09:04:06
1653469446944849000,59.6,1,59.5,34,59.6,44,1,2022-05-25 09:04:06
1653469447053852000,59.5,5,59.5,29,59.6,44,2,2022-05-25 09:04:07
1653469447057312000,59.5,10,59.5,19,59.6,44,2,2022-05-25 09:04:07
1653469447058012000,59.6,1,59.5,19,59.6,43,1,2022-05-25 09:04:07
1653469447120280000,59.5,1,59.5,20,59.6,43,2,2022-05-25 09:04:07
1653469447138285000,59.6,1,59.5,20,59.6,42,1,2022-05-25 09:04:07
1653469447224324000,59.5,2,59.5,21,59.6,42,2,2022-05-25 09:04:07
1653469447356984000,59.6,10,59.5,21,59.6,32,1,2022-05-25 09:04:07
1653469447397765000,59.6,3,59.5,21,59.6,29,1,2022-05-25 09:04:07
1653469447445151000,59.6,1,59.5,21,59.6,28,1,2022-05-25 09:04:07
1653469447500915000,59.6,1,59.5,21,59.6,27,1,2022-05-25 09:04:07
1653469447558084000,59.6,3,59.5,24,59.6,24,1,2022-05-25 09:04:07
1653469447671955000,59.6,1,59.5,26,59.6,23,1,2022-05-25 09:04:07
1653469447688481000,59.5,20,59.5,6,59.6,23,2,2022-05-25 09:04:07
1653469447694883000,59.6,1,59.5,6,59.6,22,1,2022-05-25 09:04:07
1653469447720906000,59.5,1,59.5,10,59.6,22,2,2022-05-25 09:04:07
1653469447721902000,59.5,1,59.5,9,59.6,22,2,2022-05-25 09:04:07
1653469447727886000,59.5,1,59.5,8,59.6,22,2,2022-05-25 09:04:07
1653469448057827000,59.5,1,59.5,9,59.6,22,2,2022-05-25 09:04:08
1653469448079948000,59.5,10,59.4,200,59.5,10,2,2022-05-25 09:04:08
1653469448092011000,59.5,3,59.4,200,59.5,7,1,2022-05-25 09:04:08
1653469448121237000,59.5,1,59.4,200,59.5,6,1,2022-05-25 09:04:08
1653469448136180000,59.5,6,59.4,200,59.6,8,1,2022-05-25 09:04:08
1653469448136180000,59.6,14,59.4,200,59.6,8,1,2022-05-25 09:04:08
1653469448212728000,59.5,1,59.4,200,59.6,8,1,2022-05-25 09:04:08
1653469448463922000,59.6,2,59.5,10,59.6,6,1,2022-05-25 09:04:08
1653469448486448000,59.5,1,59.5,9,59.6,6,2,2022-05-25 09:04:08
1653469448571114000,59.5,5,59.5,4,59.6,6,2,2022-05-25 09:04:08
1653469448598897000,59.6,5,59.5,4,59.6,1,1,2022-05-25 09:04:08
1653469448605044000,59.5,4,59.4,192,59.6,1,2,2022-05-25 09:04:08
1653469448605044000,59.4,6,59.4,192,59.6,1,2,2022-05-25 09:04:08
1653469448695692000,59.5,1,59.4,192,59.6,1,1,2022-05-25 09:04:08
1653469448713155000,59.6,1,59.4,192,59.6,1,1,2022-05-25 09:04:08
1653469448762617000,59.6,1,59.5,12,59.7,53,1,2022-05-25 09:04:08
1653469448803173000,59.5,12,59.5,1,59.7,53,2,2022-05-25 09:04:08
1653469448837310000,59.6,1,59.6,4,59.7,53,2,2022-05-25 09:04:08
1653469448843947000,59.6,3,59.6,1,59.7,53,2,2022-05-25 09:04:08
1653469448854566000,59.6,1,59.5,19,59.7,53,2,2022-05-25 09:04:08
1653469448933882000,59.6,1,59.5,19,59.6,4,1,2022-05-25 09:04:08
1653469448965335000,59.5,1,59.5,18,59.6,4,2,2022-05-25 09:04:08
1653469449015059000,59.6,4,59.6,6,59.7,53,1,2022-05-25 09:04:09
1653469449048573000,59.6,6,59.5,19,59.7,53,2,2022-05-25 09:04:09
1653469449112786000,59.5,5,59.5,14,59.6,6,2,2022-05-25 09:04:09
1653469449174357000,59.5,2,59.5,17,59.6,6,2,2022-05-25 09:04:09
1653469449202531000,59.6,1,59.5,17,59.6,5,1,2022-05-25 09:04:09
1653469449203221000,59.5,1,59.5,16,59.6,5,2,2022-05-25 09:04:09
1653469449233439000,59.5,14,59.5,6,59.6,5,2,2022-05-25 09:04:09
1653469449287432000,59.5,2,59.5,4,59.6,15,2,2022-05-25 09:04:09
1653469449309869000,59.6,10,59.5,4,59.6,6,1,2022-05-25 09:04:09
1653469449320010000,59.5,4,59.5,1,59.6,6,2,2022-05-25 09:04:09
1653469449329857000,59.5,1,59.4,132,59.6,6,2,2022-05-25 09:04:09
1653469449527241000,59.5,9,59.4,131,59.6,5,1,2022-05-25 09:04:09
1653469449527241000,59.6,1,59.4,131,59.6,5,1,2022-05-25 09:04:09
1653469449562611000,59.4,2,59.4,129,59.6,5,2,2022-05-25 09:04:09
1653469449589104000,59.4,20,59.4,111,59.6,5,2,2022-05-25 09:04:09
1653469449590109000,59.4,20,59.4,91,59.6,5,2,2022-05-25 09:04:09
1653469449590947000,59.4,20,59.4,71,59.6,5,2,2022-05-25 09:04:09
1653469449835064000,59.5,2,59.4,71,59.5,3,1,2022-05-25 09:04:09
1653469449852155000,59.5,1,59.4,71,59.5,2,1,2022-05-25 09:04:09
1653469449875417000,59.5,1,59.4,71,59.5,1,1,2022-05-25 09:04:09
1653469449892894000,59.4,5,59.4,66,59.5,1,2,2022-05-25 09:04:09
1653469449918689000,59.4,20,59.4,46,59.5,1,2,2022-05-25 09:04:09
1653469449919550000,59.4,20,59.4,26,59.5,1,2,2022-05-25 09:04:09
1653469449922499000,59.5,1,59.4,26,59.6,12,1,2022-05-25 09:04:09
1653469449946389000,59.5,1,59.5,1,59.6,12,2,2022-05-25 09:04:09
1653469449957444000,59.5,1,59.4,26,59.6,12,2,2022-05-25 09:04:09
1653469449961626000,59.5,1,59.5,14,59.6,12,1,2022-05-25 09:04:09
1653469449963411000,59.5,1,59.5,13,59.6,12,2,2022-05-25 09:04:09
1653469449963434000,59.5,1,59.5,12,59.6,12,2,2022-05-25 09:04:09
1653469449963437000,59.5,4,59.5,8,59.6,12,2,2022-05-25 09:04:09
1653469449992643000,59.5,1,59.5,7,59.6,12,2,2022-05-25 09:04:09
1653469449992663000,59.5,3,59.5,4,59.6,12,2,2022-05-25 09:04:09
1653469449996573000,59.5,4,59.4,26,59.6,12,2,2022-05-25 09:04:09
1653469450054212000,59.6,3,59.4,26,59.6,12,1,2022-05-25 09:04:10
1653469450084182000,59.6,1,59.5,1,59.6,11,1,2022-05-25 09:04:10
1653469450095356000,59.5,1,59.4,26,59.6,11,2,2022-05-25 09:04:10
1653469450130243000,59.5,1,59.4,26,59.6,11,2,2022-05-25 09:04:10
1653469450167557000,59.4,2,59.4,24,59.6,11,2,2022-05-25 09:04:10
1653469450168763000,59.6,2,59.4,24,59.6,9,1,2022-05-25 09:04:10
1653469450197180000,59.4,20,59.4,4,59.6,12,2,2022-05-25 09:04:10
1653469450197862000,59.4,4,59.3,116,59.4,16,2,2022-05-25 09:04:10
1653469450232897000,59.3,1,59.3,115,59.4,16,2,2022-05-25 09:04:10
1653469450233009000,59.3,1,59.3,114,59.4,16,2,2022-05-25 09:04:10
1653469450270138000,59.3,1,59.3,113,59.4,23,2,2022-05-25 09:04:10
1653469450429148000,59.3,1,59.3,112,59.4,23,2,2022-05-25 09:04:10
1653469450444931000,59.3,10,59.3,102,59.4,23,2,2022-05-25 09:04:10
1653469450475569000,59.3,1,59.3,101,59.4,43,2,2022-05-25 09:04:10
1653469450492784000,59.3,4,59.3,97,59.4,43,2,2022-05-25 09:04:10
1653469450522007000,59.3,4,59.3,93,59.4,43,2,2022-05-25 09:04:10
1653469450529946000,59.3,1,59.3,92,59.4,43,2,2022-05-25 09:04:10
1653469450576400000,59.4,1,59.3,92,59.4,42,1,2022-05-25 09:04:10
1653469450650417000,59.4,1,59.3,92,59.4,41,1,2022-05-25 09:04:10
1653469450659219000,59.4,1,59.3,92,59.4,40,1,2022-05-25 09:04:10
1653469450759887000,59.4,5,59.3,92,59.4,35,1,2022-05-25 09:04:10
1653469450762646000,59.4,1,59.3,92,59.4,34,1,2022-05-25 09:04:10
1653469450842018000,59.4,1,59.3,92,59.4,33,1,2022-05-25 09:04:10
1653469450867048000,59.3,1,59.3,91,59.4,33,2,2022-05-25 09:04:10
1653469450885123000,59.3,1,59.3,90,59.4,33,2,2022-05-25 09:04:10
1653469450948147000,59.3,7,59.3,83,59.4,38,2,2022-05-25 09:04:10
1653469450954017000,59.4,5,59.3,83,59.4,33,1,2022-05-25 09:04:10
1653469451080304000,59.4,1,59.3,83,59.4,32,1,2022-05-25 09:04:11
1653469451084376000,59.4,1,59.3,83,59.4,31,1,2022-05-25 09:04:11
1653469451202849000,59.3,5,59.3,78,59.4,52,2,2022-05-25 09:04:11
1653469451256056000,59.4,1,59.3,78,59.4,77,1,2022-05-25 09:04:11
1653469451279499000,59.3,4,59.3,74,59.4,77,2,2022-05-25 09:04:11
1653469451313641000,59.3,24,59.3,50,59.4,92,2,2022-05-25 09:04:11
1653469451329115000,59.4,1,59.3,50,59.4,91,1,2022-05-25 09:04:11
1653469451335628000,59.3,5,59.3,45,59.4,91,2,2022-05-25 09:04:11
1653469451353973000,59.3,7,59.3,38,59.4,91,2,2022-05-25 09:04:11
1653469451357574000,59.3,1,59.3,37,59.4,91,2,2022-05-25 09:04:11
1653469451360451000,59.3,1,59.3,36,59.4,91,2,2022-05-25 09:04:11
1653469451362807000,59.3,1,59.3,35,59.4,91,2,2022-05-25 09:04:11
1653469451379256000,59.3,9,59.3,26,59.4,91,2,2022-05-25 09:04:11
1653469451381180000,59.3,1,59.3,25,59.4,91,2,2022-05-25 09:04:11
1653469451384342000,59.3,1,59.3,24,59.4,91,2,2022-05-25 09:04:11
1653469451464989000,59.4,1,59.3,24,59.4,97,1,2022-05-25 09:04:11
1653469451509412000,59.3,4,59.3,20,59.4,122,2,2022-05-25 09:04:11
1653469451549332000,59.3,3,59.3,17,59.4,123,2,2022-05-25 09:04:11
1653469451775818000,59.3,10,59.3,7,59.4,128,2,2022-05-25 09:04:11
1653469451818202000,59.3,2,59.3,5,59.4,130,2,2022-05-25 09:04:11
1653469451821233000,59.3,1,59.3,4,59.4,150,2,2022-05-25 09:04:11
1653469451857969000,59.4,1,59.3,5,59.4,169,1,2022-05-25 09:04:11
1653469452056128000,59.4,1,59.3,5,59.4,169,1,2022-05-25 09:04:12
1653469452058478000,59.3,5,59.2,116,59.4,169,2,2022-05-25 09:04:12
1653469452174891000,59.3,1,59.2,116,59.4,207,1,2022-05-25 09:04:12
1653469452174891000,59.4,2,59.2,116,59.4,207,1,2022-05-25 09:04:12
1653469452276983000,59.3,2,59.2,116,59.3,8,1,2022-05-25 09:04:12
1653469452567379000,59.3,1,59.2,116,59.3,24,1,2022-05-25 09:04:12
1653469452573335000,59.2,5,59.2,111,59.3,24,2,2022-05-25 09:04:12
1653469452785452000,59.3,8,59.2,103,59.3,19,1,2022-05-25 09:04:12
1653469452875889000,59.3,5,59.2,103,59.3,17,1,2022-05-25 09:04:12
1653469452969993000,59.3,1,59.2,103,59.3,15,1,2022-05-25 09:04:12
1653469452981256000,59.3,1,59.2,103,59.3,14,1,2022-05-25 09:04:12
1653469453001626000,59.3,16,59.2,53,59.4,175,1,2022-05-25 09:04:13
1653469453001626000,59.4,34,59.2,53,59.4,175,1,2022-05-25 09:04:13
1653469453119299000,59.3,1,59.2,53,59.4,175,1,2022-05-25 09:04:13
1653469453387413000,59.4,1,59.2,53,59.4,176,1,2022-05-25 09:04:13
1653469453548204000,59.3,1,59.2,53,59.4,179,1,2022-05-25 09:04:13
1653469453935740000,59.2,1,59.2,58,59.3,4,2,2022-05-25 09:04:13
1653469453975076000,59.3,1,59.2,58,59.3,3,1,2022-05-25 09:04:13
1653469454239080000,59.3,1,59.2,58,59.3,2,1,2022-05-25 09:04:14
1653469454264867000,59.3,1,59.2,58,59.3,1,1,2022-05-25 09:04:14
1653469454349869000,59.3,2,59.2,58,59.3,2,1,2022-05-25 09:04:14
1653469454623012000,59.3,1,59.2,42,59.3,1,1,2022-05-25 09:04:14
1653469454702430000,59.3,1,59.2,42,59.4,169,1,2022-05-25 09:04:14
1653469454847243000,59.3,1,59.2,42,59.3,1,1,2022-05-25 09:04:14
1653469455048399000,59.2,2,59.2,39,59.3,1,2,2022-05-25 09:04:15
1653469455611965000,59.2,5,59.2,35,59.3,2,2,2022-05-25 09:04:15
1653469455629447000,59.2,35,59.1,73,59.3,2,2,2022-05-25 09:04:15
1653469455645228000,59.3,2,59.1,73,59.4,163,1,2022-05-25 09:04:15
1653469455683486000,59.2,1,59.1,73,59.3,5,1,2022-05-25 09:04:15
1653469455980992000,59.2,5,59.1,73,59.2,1,1,2022-05-25 09:04:15
1653469456068318000,59.1,10,59.1,63,59.2,1,2,2022-05-25 09:04:16
1653469456099472000,59.1,20,59.1,43,59.2,1,2,2022-05-25 09:04:16
1653469456100153000,59.1,20,59.1,23,59.2,1,2,2022-05-25 09:04:16
1653469456100157000,59.1,20,59.1,3,59.2,1,2,2022-05-25 09:04:16
1653469456100850000,59.1,3,59.0,103,59.1,17,2,2022-05-25 09:04:16
1653469456125464000,59.0,1,59.0,102,59.1,78,2,2022-05-25 09:04:16
1653469456130189000,59.0,1,59.0,101,59.1,78,2,2022-05-25 09:04:16
1653469456138092000,59.0,1,59.0,100,59.1,78,2,2022-05-25 09:04:16
1653469456165158000,59.0,1,59.0,99,59.1,78,2,2022-05-25 09:04:16
1653469456813715000,59.0,1,59.0,95,59.1,78,2,2022-05-25 09:04:16
1653469456869426000,59.1,1,59.0,95,59.1,77,1,2022-05-25 09:04:16
1653469457159387000,59.0,1,59.0,94,59.1,77,2,2022-05-25 09:04:17
1653469457359379000,59.1,1,59.0,94,59.1,78,1,2022-05-25 09:04:17
1653469457620358000,59.0,1,59.0,93,59.1,78,2,2022-05-25 09:04:17
1653469457997148000,59.1,1,59.0,98,59.1,76,1,2022-05-25 09:04:17
1653469458720201000,59.1,10,59.0,97,59.1,66,1,2022-05-25 09:04:18
1653469458765385000,59.1,2,59.0,97,59.1,64,1,2022-05-25 09:04:18
1653469460281105000,59.1,2,59.0,101,59.1,63,1,2022-05-25 09:04:20
1653469460302522000,59.1,1,59.0,101,59.1,62,1,2022-05-25 09:04:20
1653469460366120000,59.1,5,59.0,101,59.1,57,1,2022-05-25 09:04:20
1653469460504382000,59.0,5,59.0,96,59.1,57,2,2022-05-25 09:04:20
1653469460546328000,59.0,1,59.0,95,59.1,57,2,2022-05-25 09:04:20
1653469460846440000,59.0,15,59.0,79,59.1,57,2,2022-05-25 09:04:20
1653469460884216000,59.0,79,58.9,36,59.1,57,2,2022-05-25 09:04:20
1653469461198954000,59.0,1,58.9,36,59.0,1,1,2022-05-25 09:04:21
1653469461412630000,59.0,1,58.9,36,59.1,58,1,2022-05-25 09:04:21
1653469461534975000,59.1,3,58.9,36,59.1,55,1,2022-05-25 09:04:21
1653469461543260000,59.1,1,58.9,36,59.1,54,1,2022-05-25 09:04:21
1653469461705942000,58.9,2,58.9,34,59.1,54,2,2022-05-25 09:04:21
1653469461925967000,59.1,1,58.9,34,59.1,53,1,2022-05-25 09:04:21
1653469462250228000,59.0,1,58.9,34,59.0,1,2,2022-05-25 09:04:22
1653469462484429000,59.0,1,58.9,34,59.1,57,1,2022-05-25 09:04:22
1653469463431405000,59.0,5,58.9,37,59.0,5,2,2022-05-25 09:04:23
1653469463473325000,59.0,2,58.9,37,59.0,3,1,2022-05-25 09:04:23
1653469463594190000,59.0,3,58.9,37,59.1,93,1,2022-05-25 09:04:23
1653469463881573000,59.0,8,58.9,37,59.1,92,2,2022-05-25 09:04:23
1653469464359519000,59.1,1,58.9,38,59.1,92,1,2022-05-25 09:04:24
1653469464578310000,59.1,2,59.0,1,59.1,90,1,2022-05-25 09:04:24
1653469464749995000,59.0,1,58.9,34,59.1,90,2,2022-05-25 09:04:24
1653469464749995000,58.9,4,58.9,34,59.1,90,2,2022-05-25 09:04:24
1653469465048070000,59.1,1,58.9,34,59.1,89,1,2022-05-25 09:04:25
1653469465404819000,59.1,3,59.0,3,59.1,86,1,2022-05-25 09:04:25
1653469465512910000,59.1,2,59.0,89,59.1,83,1,2022-05-25 09:04:25
1653469466457230000,59.0,1,59.0,104,59.1,83,2,2022-05-25 09:04:26
1653469466613107000,59.1,10,59.0,104,59.1,73,1,2022-05-25 09:04:26
1653469466888153000,59.0,1,59.0,103,59.1,73,2,2022-05-25 09:04:26
1653469466991333000,59.1,1,59.0,103,59.1,72,1,2022-05-25 09:04:26
1653469467184948000,59.1,3,59.0,103,59.1,69,1,2022-05-25 09:04:27
1653469467381989000,59.1,14,59.0,103,59.1,55,1,2022-05-25 09:04:27
1653469467442054000,59.1,2,59.0,103,59.1,53,1,2022-05-25 09:04:27
1653469467782416000,59.0,1,59.0,102,59.1,53,2,2022-05-25 09:04:27
1653469467823636000,59.0,1,59.0,101,59.1,53,2,2022-05-25 09:04:27
1653469468024523000,59.1,5,59.0,98,59.1,48,1,2022-05-25 09:04:28
1653469468071548000,59.1,1,59.0,98,59.1,47,1,2022-05-25 09:04:28
1653469468106789000,59.1,16,59.0,98,59.1,31,1,2022-05-25 09:04:28
1653469468235478000,59.1,7,59.0,98,59.1,24,1,2022-05-25 09:04:28
1653469468266077000,59.1,8,59.0,98,59.1,16,1,2022-05-25 09:04:28
1653469468285556000,59.1,2,59.0,98,59.1,14,1,2022-05-25 09:04:28
1653469468297948000,59.1,2,59.0,98,59.1,12,1,2022-05-25 09:04:28
1653469468331890000,59.1,4,59.0,98,59.1,8,1,2022-05-25 09:04:28
1653469468360043000,59.1,4,59.0,98,59.1,4,1,2022-05-25 09:04:28
1653469468401143000,59.1,3,59.0,98,59.1,1,1,2022-05-25 09:04:28
1653469468778169000,59.1,1,59.1,9,59.2,86,1,2022-05-25 09:04:28
1653469469050336000,59.1,1,59.1,9,59.2,86,2,2022-05-25 09:04:29
1653469469161682000,59.1,1,59.1,8,59.2,86,2,2022-05-25 09:04:29
1653469469316768000,59.2,1,59.1,9,59.2,85,1,2022-05-25 09:04:29
1653469469477033000,59.1,15,59.0,102,59.2,85,2,2022-05-25 09:04:29
1653469469646401000,59.2,1,59.0,102,59.2,84,1,2022-05-25 09:04:29
1653469469715482000,59.1,1,59.1,1,59.2,84,2,2022-05-25 09:04:29
1653469469811378000,59.2,2,59.1,3,59.2,82,1,2022-05-25 09:04:29
1653469469819732000,59.1,1,59.1,2,59.2,82,2,2022-05-25 09:04:29
1653469469853215000,59.1,1,59.1,1,59.2,82,2,2022-05-25 09:04:29
1653469469958702000,59.1,1,59.0,102,59.2,82,2,2022-05-25 09:04:29
1653469470352023000,59.2,2,59.0,102,59.2,80,1,2022-05-25 09:04:30
1653469471345019000,59.1,2,59.0,106,59.2,80,2,2022-05-25 09:04:31
1653469471345019000,59.0,3,59.0,106,59.2,80,2,2022-05-25 09:04:31
1653469471603382000,59.1,1,59.0,109,59.1,2,1,2022-05-25 09:04:31
1653469471775531000,59.1,2,59.0,109,59.2,80,1,2022-05-25 09:04:31
1653469473364701000,59.1,10,59.1,6,59.2,80,2,2022-05-25 09:04:33
1653469474108389000,59.2,10,59.1,9,59.2,70,1,2022-05-25 09:04:34
1653469475574808000,59.2,2,59.1,17,59.2,68,1,2022-05-25 09:04:35
1653469476028048000,59.1,1,59.1,22,59.2,68,2,2022-05-25 09:04:36
1653469476150882000,59.1,1,59.1,21,59.2,68,2,2022-05-25 09:04:36
1653469479807276000,59.1,1,59.1,27,59.2,69,2,2022-05-25 09:04:39
1653469480769537000,59.1,2,59.1,28,59.2,69,2,2022-05-25 09:04:40
1653469480818893000,59.2,5,59.1,28,59.2,64,1,2022-05-25 09:04:40
1653469480853605000,59.1,1,59.1,27,59.2,64,2,2022-05-25 09:04:40
1653469481244536000,59.2,1,59.1,27,59.2,63,1,2022-05-25 09:04:41
1653469482495063000,59.1,10,59.1,22,59.2,63,2,2022-05-25 09:04:42
1653469482559683000,59.1,1,59.1,21,59.2,63,2,2022-05-25 09:04:42
1653469483106697000,59.1,2,59.1,19,59.2,63,2,2022-05-25 09:04:43
1653469483336113000,59.2,1,59.1,20,59.2,63,1,2022-05-25 09:04:43
1653469483896092000,59.1,1,59.1,23,59.2,63,2,2022-05-25 09:04:43
1653469484080952000,59.1,2,59.1,21,59.2,63,2,2022-05-25 09:04:44
1653469484518239000,59.1,3,59.1,18,59.2,63,2,2022-05-25 09:04:44
1653469485171885000,59.1,2,59.1,18,59.2,63,2,2022-05-25 09:04:45
1653469485977168000,59.2,1,59.1,21,59.2,62,1,2022-05-25 09:04:45
1653469486294939000,59.1,1,59.1,20,59.2,62,2,2022-05-25 09:04:46
1653469486326680000,59.1,1,59.1,19,59.2,62,2,2022-05-25 09:04:46
1653469486355689000,59.1,1,59.1,18,59.2,62,2,2022-05-25 09:04:46
1653469486782813000,59.2,2,59.1,18,59.2,60,1,2022-05-25 09:04:46
1653469486828344000,59.2,1,59.1,19,59.2,59,1,2022-05-25 09:04:46
1653469487336645000,59.2,1,59.1,24,59.2,58,1,2022-05-25 09:04:47
1653469487345746000,59.1,1,59.1,23,59.2,58,2,2022-05-25 09:04:47
1653469491707698000,59.1,1,59.1,31,59.2,73,2,2022-05-25 09:04:51
1653469495443974000,59.1,1,59.1,38,59.2,75,2,2022-05-25 09:04:55
1653469495787187000,59.1,1,59.1,39,59.2,75,2,2022-05-25 09:04:55
1653469496439191000,59.2,1,59.1,39,59.2,74,1,2022-05-25 09:04:56
1653469497583130000,59.2,1,59.1,40,59.2,73,1,2022-05-25 09:04:57
1653469497621521000,59.1,5,59.1,35,59.2,73,2,2022-05-25 09:04:57
1653469499442335000,59.1,1,59.1,36,59.2,73,2,2022-05-25 09:04:59
1653469499472368000,59.2,1,59.1,36,59.2,72,1,2022-05-25 09:04:59
1653469500118195000,59.2,1,59.1,35,59.2,71,1,2022-05-25 09:05:00
1653469500879639000,59.1,2,59.1,34,59.2,71,2,2022-05-25 09:05:00
1653469500916459000,59.1,34,59.0,148,59.2,71,2,2022-05-25 09:05:00
1653469502210872000,59.1,1,59.0,153,59.2,71,1,2022-05-25 09:05:02
1653469502344920000,59.1,1,59.0,153,59.2,71,2,2022-05-25 09:05:02
1653469503050068000,59.1,1,59.1,1,59.2,71,1,2022-05-25 09:05:03
1653469503082851000,59.1,1,59.0,156,59.2,71,2,2022-05-25 09:05:03
1653469503817598000,59.1,1,59.1,2,59.2,71,1,2022-05-25 09:05:03
1653469503838144000,59.1,1,59.1,1,59.2,71,2,2022-05-25 09:05:03
1653469504469437000,59.1,21,58.9,57,59.0,22,2,2022-05-25 09:05:04
1653469504469437000,59.0,157,58.9,57,59.0,22,2,2022-05-25 09:05:04
1653469504505259000,58.9,1,58.9,56,59.0,22,2,2022-05-25 09:05:04
1653469504505423000,58.9,1,58.9,55,59.0,22,2,2022-05-25 09:05:04
1653469504509514000,58.9,1,58.9,54,59.0,22,2,2022-05-25 09:05:04
1653469504509610000,58.9,1,58.9,53,59.0,22,2,2022-05-25 09:05:04
1653469504528186000,59.0,1,58.9,53,59.0,21,1,2022-05-25 09:05:04
1653469504549232000,58.9,1,58.9,52,59.0,21,2,2022-05-25 09:05:04
1653469504644230000,59.0,2,58.9,52,59.0,19,1,2022-05-25 09:05:04
1653469504813171000,59.0,1,58.9,52,59.0,18,1,2022-05-25 09:05:04
1653469505772353000,59.0,1,58.9,52,59.0,17,1,2022-05-25 09:05:05
1653469506380172000,59.0,1,58.9,52,59.0,16,1,2022-05-25 09:05:06
1653469506786411000,59.0,3,58.9,52,59.0,15,1,2022-05-25 09:05:06
1653469508995468000,58.9,1,58.9,51,59.0,26,2,2022-05-25 09:05:08
1653469509110126000,58.9,2,58.9,49,59.0,27,2,2022-05-25 09:05:09
1653469509533969000,59.0,10,58.9,49,59.0,17,1,2022-05-25 09:05:09
1653469510596809000,58.9,1,58.9,48,59.0,21,2,2022-05-25 09:05:10
1653469513061999000,59.0,1,58.9,43,59.0,24,1,2022-05-25 09:05:13
1653469513758824000,59.0,1,58.9,43,59.0,24,1,2022-05-25 09:05:13
1653469514264324000,59.0,1,58.9,43,59.0,23,1,2022-05-25 09:05:14
1653469514981968000,59.0,1,58.9,43,59.0,22,1,2022-05-25 09:05:14
1653469515811874000,58.9,1,58.9,42,59.0,22,2,2022-05-25 09:05:15
1653469515857062000,58.9,1,58.9,41,59.0,22,2,2022-05-25 09:05:15
1653469515864008000,58.9,1,58.9,40,59.0,22,2,2022-05-25 09:05:15
1653469516547077000,59.0,1,58.9,41,59.0,21,1,2022-05-25 09:05:16
1653469516864538000,59.0,1,58.9,41,59.0,21,1,2022-05-25 09:05:16
1653469516927083000,58.9,2,58.9,39,59.0,21,2,2022-05-25 09:05:16
1653469516996465000,59.0,1,58.9,39,59.0,20,1,2022-05-25 09:05:16
1653469518450323000,58.9,1,58.9,49,59.0,20,2,2022-05-25 09:05:18
1653469518652608000,59.0,10,58.9,49,59.0,9,1,2022-05-25 09:05:18
1653469519239985000,59.0,1,58.9,49,59.0,8,1,2022-05-25 09:05:19
1653469519387448000,59.0,7,58.9,49,59.0,1,1,2022-05-25 09:05:19
1653469519765940000,59.0,1,58.9,49,59.1,5,1,2022-05-25 09:05:19
1653469521357165000,59.0,3,59.0,8,59.1,4,2,2022-05-25 09:05:21
1653469521781100000,59.0,1,59.0,7,59.1,4,2,2022-05-25 09:05:21
1653469521901121000,59.0,7,58.9,44,59.1,4,2,2022-05-25 09:05:21
1653469521901121000,58.9,9,58.9,44,59.1,4,2,2022-05-25 09:05:21
1653469523902425000,59.0,1,59.0,2,59.1,3,2,2022-05-25 09:05:23
1653469524832626000,59.0,1,59.0,15,59.1,3,2,2022-05-25 09:05:24
1653469527454725000,59.1,1,59.0,26,59.1,6,1,2022-05-25 09:05:27
1653469529473010000,59.0,1,59.0,38,59.1,9,2,2022-05-25 09:05:29
1653469530098479000,59.0,5,59.0,33,59.1,10,2,2022-05-25 09:05:30
1653469530467583000,59.0,1,59.0,32,59.1,11,2,2022-05-25 09:05:30
1653469530672683000,59.1,1,59.0,38,59.1,10,1,2022-05-25 09:05:30
1653469531007550000,59.0,1,59.0,37,59.1,10,2,2022-05-25 09:05:31
1653469532335382000,59.1,5,59.0,38,59.1,5,1,2022-05-25 09:05:32
1653469533161135000,59.0,3,59.0,35,59.1,5,2,2022-05-25 09:05:33
1653469534557993000,59.1,1,59.0,45,59.1,5,1,2022-05-25 09:05:34
1653469534558712000,59.1,3,59.0,45,59.1,2,1,2022-05-25 09:05:34
1653469534902492000,59.1,2,59.0,48,59.2,28,1,2022-05-25 09:05:34
1653469537389075000,59.1,1,59.0,55,59.2,30,1,2022-05-25 09:05:37
1653469537577669000,59.2,2,59.1,5,59.2,28,1,2022-05-25 09:05:37
1653469538709498000,59.1,1,59.1,4,59.2,28,2,2022-05-25 09:05:38
1653469538852446000,59.1,2,59.1,2,59.2,34,2,2022-05-25 09:05:38
1653469538857033000,59.1,1,59.1,1,59.2,34,2,2022-05-25 09:05:38
1653469539505223000,59.1,1,59.0,56,59.2,34,2,2022-05-25 09:05:39
1653469541869997000,59.1,1,59.0,57,59.2,28,1,2022-05-25 09:05:41
1653469542288521000,59.0,1,59.0,56,59.2,28,2,2022-05-25 09:05:42
1653469543727341000,59.1,1,59.1,2,59.2,29,2,2022-05-25 09:05:43
1653469544868003000,59.1,1,59.1,1,59.2,29,2,2022-05-25 09:05:44
1653469545612145000,59.1,1,59.0,59,59.2,29,2,2022-05-25 09:05:45
1653469545612145000,59.0,1,59.0,59,59.2,29,2,2022-05-25 09:05:45
1653469545920691000,59.1,1,59.0,59,59.1,1,1,2022-05-25 09:05:45
1653469547113457000,59.1,1,59.0,61,59.1,2,1,2022-05-25 09:05:47
1653469550861594000,59.1,1,59.0,81,59.1,9,1,2022-05-25 09:05:50
1653469550896743000,59.1,1,59.0,81,59.1,8,1,2022-05-25 09:05:50
1653469551759037000,59.1,1,59.0,81,59.1,12,1,2022-05-25 09:05:51
1653469552506455000,59.1,1,59.0,81,59.1,11,1,2022-05-25 09:05:52
1653469553877572000,59.1,1,59.0,82,59.1,16,1,2022-05-25 09:05:53
1653469553933388000,59.1,1,59.0,72,59.1,15,1,2022-05-25 09:05:53
1653469554351325000,59.1,1,59.0,73,59.1,14,1,2022-05-25 09:05:54
1653469555262583000,59.1,1,59.0,74,59.1,13,1,2022-05-25 09:05:55
1653469556214090000,59.0,1,59.0,73,59.1,16,2,2022-05-25 09:05:56
1653469557812202000,59.1,10,59.0,73,59.1,10,1,2022-05-25 09:05:57
1653469557827896000,59.1,1,59.0,73,59.1,9,1,2022-05-25 09:05:57
1653469557840714000,59.0,1,59.0,72,59.1,9,2,2022-05-25 09:05:57
1653469559067523000,59.0,2,59.0,70,59.1,9,2,2022-05-25 09:05:59
1653469561037644000,59.1,1,59.0,70,59.1,8,1,2022-05-25 09:06:01
1653469561066188000,59.1,8,59.0,70,59.2,28,1,2022-05-25 09:06:01
1653469563864220000,59.2,16,59.1,3,59.2,12,1,2022-05-25 09:06:03
1653469563902603000,59.2,7,59.1,3,59.2,5,1,2022-05-25 09:06:03
1653469563994927000,59.2,4,59.1,3,59.3,23,1,2022-05-25 09:06:03
1653469566761552000,59.1,1,59.1,4,59.3,23,2,2022-05-25 09:06:06
1653469568178384000,59.2,1,59.1,14,59.3,23,2,2022-05-25 09:06:08
1653469571157906000,59.2,1,59.1,16,59.2,3,1,2022-05-25 09:06:11
1653469572351955000,59.2,2,59.1,16,59.2,1,1,2022-05-25 09:06:12
1653469572766387000,59.2,1,59.2,1,59.3,23,1,2022-05-25 09:06:12
1653469574984065000,59.2,1,59.1,15,59.3,23,2,2022-05-25 09:06:14
1653469574984065000,59.1,1,59.1,15,59.3,23,2,2022-05-25 09:06:14
1653469575957435000,59.3,1,59.2,1,59.3,22,1,2022-05-25 09:06:15
1653469579500459000,59.3,1,59.2,2,59.3,25,1,2022-05-25 09:06:19
1653469581086386000,59.2,2,59.2,1,59.3,25,2,2022-05-25 09:06:21
1653469581383869000,59.3,22,59.2,1,59.3,3,1,2022-05-25 09:06:21
1653469584687944000,59.3,1,59.2,5,59.3,2,1,2022-05-25 09:06:24
1653469585390647000,59.3,1,59.2,6,59.3,1,1,2022-05-25 09:06:25
1653469585897344000,59.3,1,59.3,4,59.4,27,1,2022-05-25 09:06:25
1653469585928625000,59.3,1,59.3,3,59.4,27,2,2022-05-25 09:06:25
1653469586512601000,59.3,4,59.2,8,59.3,1,2,2022-05-25 09:06:26
1653469587942052000,59.3,1,59.3,10,59.4,28,1,2022-05-25 09:06:27
1653469588266629000,59.4,1,59.3,10,59.4,27,1,2022-05-25 09:06:28
1653469588881340000,59.3,1,59.3,9,59.4,28,2,2022-05-25 09:06:28
1653469589563208000,59.3,1,59.3,10,59.4,28,2,2022-05-25 09:06:29
1653469591915472000,59.3,1,59.3,10,59.4,49,2,2022-05-25 09:06:31
1653469592523149000,59.3,1,59.3,9,59.4,49,2,2022-05-25 09:06:32
1653469593789188000,59.3,2,59.3,10,59.4,52,2,2022-05-25 09:06:33
1653469593963374000,59.4,3,59.3,10,59.4,49,1,2022-05-25 09:06:33
1653469594176033000,59.4,1,59.3,10,59.4,48,1,2022-05-25 09:06:34
1653469595125298000,59.3,3,59.3,12,59.4,50,2,2022-05-25 09:06:35
1653469598539334000,59.4,5,59.3,17,59.4,46,1,2022-05-25 09:06:38
1653469600112236000,59.3,1,59.3,23,59.4,48,2,2022-05-25 09:06:40
1653469601210753000,59.4,1,59.3,23,59.4,46,1,2022-05-25 09:06:41
1653469602219086000,59.4,10,59.3,26,59.4,36,1,2022-05-25 09:06:42
1653469602932444000,59.4,20,59.3,27,59.4,17,1,2022-05-25 09:06:42
1653469603512571000,59.4,1,59.3,28,59.4,16,1,2022-05-25 09:06:43
1653469603872491000,59.4,17,59.4,3,59.5,85,1,2022-05-25 09:06:43
1653469604070005000,59.5,1,59.4,3,59.5,84,1,2022-05-25 09:06:44
1653469604230399000,59.4,1,59.4,2,59.5,84,2,2022-05-25 09:06:44
1653469605080044000,59.5,1,59.4,3,59.5,83,1,2022-05-25 09:06:45
1653469605836978000,59.4,1,59.4,5,59.5,83,2,2022-05-25 09:06:45
1653469605932751000,59.5,6,59.4,7,59.5,77,1,2022-05-25 09:06:45
1653469605958586000,59.5,20,59.4,7,59.5,57,1,2022-05-25 09:06:45
1653469606134378000,59.5,20,59.4,7,59.5,37,1,2022-05-25 09:06:46
1653469606372064000,59.4,1,59.4,7,59.5,37,2,2022-05-25 09:06:46
1653469606892277000,59.4,1,59.4,6,59.5,36,2,2022-05-25 09:06:46
1653469606930448000,59.4,1,59.4,5,59.5,36,2,2022-05-25 09:06:46
1653469607047915000,59.4,1,59.4,12,59.5,36,2,2022-05-25 09:06:47
1653469607372667000,59.5,1,59.4,18,59.5,35,1,2022-05-25 09:06:47
1653469607451553000,59.5,20,59.4,18,59.5,15,1,2022-05-25 09:06:47
1653469608010882000,59.5,1,59.4,18,59.5,14,1,2022-05-25 09:06:48
1653469608136242000,59.5,1,59.4,19,59.5,13,1,2022-05-25 09:06:48
1653469608289450000,59.4,1,59.4,20,59.5,13,2,2022-05-25 09:06:48
1653469608948773000,59.5,1,59.4,31,59.5,12,1,2022-05-25 09:06:48
1653469609277869000,59.5,1,59.4,35,59.5,15,1,2022-05-25 09:06:49
1653469609279187000,59.5,15,59.4,35,59.6,12,1,2022-05-25 09:06:49
1653469609279187000,59.6,5,59.4,35,59.6,12,1,2022-05-25 09:06:49
1653469609397810000,59.6,1,59.4,36,59.6,11,1,2022-05-25 09:06:49
1653469609564324000,59.6,1,59.5,1,59.6,10,1,2022-05-25 09:06:49
1653469609710182000,59.5,1,59.4,39,59.6,10,2,2022-05-25 09:06:49
1653469609720850000,59.6,10,59.4,40,59.7,37,1,2022-05-25 09:06:49
1653469609720850000,59.7,10,59.4,40,59.7,37,1,2022-05-25 09:06:49
1653469609905362000,59.7,20,59.6,5,59.7,17,1,2022-05-25 09:06:49
1653469609953779000,59.7,5,59.6,5,59.7,12,1,2022-05-25 09:06:49
1653469610004898000,59.7,9,59.6,5,59.7,3,1,2022-05-25 09:06:50
1653469610026407000,59.7,3,59.6,5,59.8,61,1,2022-05-25 09:06:50
1653469610118060000,59.8,5,59.6,5,59.8,56,1,2022-05-25 09:06:50
1653469610249165000,59.6,1,59.6,4,59.8,56,2,2022-05-25 09:06:50
1653469610367815000,59.8,1,59.6,4,59.8,56,1,2022-05-25 09:06:50
1653469610527386000,59.8,1,59.6,4,59.8,55,1,2022-05-25 09:06:50
1653469610849289000,59.7,5,59.6,4,59.7,15,2,2022-05-25 09:06:50
1653469611857708000,59.7,5,59.6,1,59.7,31,1,2022-05-25 09:06:51
1653469611863651000,59.6,1,59.5,30,59.7,31,2,2022-05-25 09:06:51
1653469612060506000,59.7,1,59.5,30,59.7,30,1,2022-05-25 09:06:52
1653469612170057000,59.5,1,59.5,29,59.7,30,2,2022-05-25 09:06:52
1653469612978188000,59.7,15,59.5,31,59.7,15,1,2022-05-25 09:06:52
1653469613279472000,59.6,1,59.5,32,59.8,82,1,2022-05-25 09:06:53
1653469613279472000,59.7,15,59.5,32,59.8,82,1,2022-05-25 09:06:53
1653469613279472000,59.8,14,59.5,32,59.8,82,1,2022-05-25 09:06:53
1653469613570093000,59.8,2,59.7,1,59.8,80,1,2022-05-25 09:06:53
1653469613703171000,59.7,1,59.5,33,59.6,1,2,2022-05-25 09:06:53
1653469614698410000,59.6,1,59.5,33,59.6,1,1,2022-05-25 09:06:54
1653469614728571000,59.6,1,59.5,33,59.7,5,1,2022-05-25 09:06:54
1653469615259289000,59.7,1,59.6,2,59.7,20,1,2022-05-25 09:06:55
1653469615867961000,59.6,1,59.6,2,59.7,21,2,2022-05-25 09:06:55
1653469616081330000,59.7,1,59.6,4,59.7,20,1,2022-05-25 09:06:56
1653469616330980000,59.7,5,59.6,4,59.7,20,1,2022-05-25 09:06:56
1653469616349362000,59.6,1,59.6,3,59.7,20,2,2022-05-25 09:06:56
1653469616404354000,59.6,1,59.6,2,59.7,20,2,2022-05-25 09:06:56
1653469616916927000,59.7,1,59.6,3,59.7,21,1,2022-05-25 09:06:56
1653469616944631000,59.7,1,59.6,3,59.7,20,1,2022-05-25 09:06:56
1653469616951587000,59.6,1,59.6,2,59.7,20,2,2022-05-25 09:06:56
1653469617841451000,59.6,3,59.6,2,59.7,21,2,2022-05-25 09:06:57
1653469617880787000,59.6,1,59.6,1,59.7,21,2,2022-05-25 09:06:57
1653469617880928000,59.6,1,59.5,49,59.7,21,2,2022-05-25 09:06:57
1653469618018871000,59.7,1,59.6,10,59.7,20,1,2022-05-25 09:06:58
1653469618055682000,59.6,1,59.6,9,59.7,20,2,2022-05-25 09:06:58
1653469618065379000,59.7,1,59.6,9,59.7,19,1,2022-05-25 09:06:58
1653469618088758000,59.6,1,59.6,8,59.7,19,2,2022-05-25 09:06:58
1653469618113374000,59.7,1,59.6,8,59.7,18,1,2022-05-25 09:06:58
1653469618195239000,59.7,1,59.6,9,59.7,17,1,2022-05-25 09:06:58
1653469618390740000,59.7,1,59.6,10,59.7,17,1,2022-05-25 09:06:58
1653469618425855000,59.7,1,59.6,10,59.7,16,1,2022-05-25 09:06:58
1653469618819266000,59.6,1,59.6,19,59.7,16,2,2022-05-25 09:06:58
1653469618870108000,59.7,1,59.6,19,59.7,15,1,2022-05-25 09:06:58
1653469618982838000,59.7,6,59.6,19,59.7,9,1,2022-05-25 09:06:58
1653469619414685000,59.7,1,59.6,25,59.7,28,1,2022-05-25 09:06:59
1653469620108226000,59.7,5,59.6,28,59.7,26,1,2022-05-25 09:07:00
1653469620115715000,59.6,10,59.6,18,59.7,26,2,2022-05-25 09:07:00
1653469620152439000,59.7,5,59.6,19,59.7,21,1,2022-05-25 09:07:00
1653469620156923000,59.6,1,59.6,18,59.7,21,2,2022-05-25 09:07:00
1653469620157467000,59.6,1,59.6,17,59.7,21,2,2022-05-25 09:07:00
1653469620689462000,59.7,1,59.6,18,59.7,20,1,2022-05-25 09:07:00
1653469621046070000,59.7,5,59.6,18,59.7,25,1,2022-05-25 09:07:01
1653469621146780000,59.7,2,59.6,18,59.7,24,1,2022-05-25 09:07:01
1653469621395241000,59.7,10,59.6,18,59.7,14,1,2022-05-25 09:07:01
1653469621744932000,59.7,5,59.6,18,59.7,13,1,2022-05-25 09:07:01
1653469621773885000,59.7,1,59.6,18,59.7,12,1,2022-05-25 09:07:01
1653469621803556000,59.6,1,59.6,17,59.7,12,2,2022-05-25 09:07:01
1653469621895748000,59.6,2,59.6,15,59.7,12,2,2022-05-25 09:07:01
1653469622196294000,59.7,3,59.6,15,59.7,9,1,2022-05-25 09:07:02
1653469622510493000,59.6,2,59.6,13,59.7,9,2,2022-05-25 09:07:02
1653469622591396000,59.7,1,59.6,14,59.7,8,1,2022-05-25 09:07:02
1653469622780687000,59.7,8,59.6,14,59.8,77,1,2022-05-25 09:07:02
1653469622780687000,59.8,2,59.6,14,59.8,77,1,2022-05-25 09:07:02
1653469622827128000,59.7,1,59.6,14,59.7,1,1,2022-05-25 09:07:02
1653469623241777000,59.7,1,59.6,15,59.7,2,1,2022-05-25 09:07:03
1653469623589135000,59.7,1,59.6,16,59.7,1,1,2022-05-25 09:07:03
1653469623649197000,59.7,1,59.6,16,59.8,75,1,2022-05-25 09:07:03
1653469623649197000,59.8,4,59.6,16,59.8,75,1,2022-05-25 09:07:03
1653469624185251000,59.7,1,59.6,16,59.7,9,2,2022-05-25 09:07:04
1653469624409369000,59.6,1,59.6,15,59.7,9,2,2022-05-25 09:07:04
1653469625143311000,59.7,1,59.6,17,59.7,18,1,2022-05-25 09:07:05
1653469625379479000,59.7,1,59.6,17,59.7,17,1,2022-05-25 09:07:05
1653469625688386000,59.7,2,59.6,17,59.7,15,1,2022-05-25 09:07:05
1653469626124742000,59.7,1,59.6,17,59.7,15,1,2022-05-25 09:07:06
1653469626514786000,59.7,1,59.6,17,59.7,15,1,2022-05-25 09:07:06
1653469626777062000,59.7,2,59.6,18,59.7,18,1,2022-05-25 09:07:06
1653469626835773000,59.6,1,59.6,17,59.7,18,2,2022-05-25 09:07:06
1653469627547690000,59.7,1,59.6,17,59.7,23,1,2022-05-25 09:07:07
1653469627794338000,59.7,1,59.6,19,59.7,23,1,2022-05-25 09:07:07
1653469628174316000,59.7,1,59.6,20,59.7,22,1,2022-05-25 09:07:08
1653469628210060000,59.7,1,59.6,20,59.7,21,1,2022-05-25 09:07:08
1653469628430972000,59.7,1,59.6,20,59.7,20,1,2022-05-25 09:07:08
1653469628920378000,59.7,1,59.6,170,59.7,22,1,2022-05-25 09:07:08
1653469629175969000,59.6,2,59.6,168,59.7,22,2,2022-05-25 09:07:09
1653469629207242000,59.7,2,59.6,168,59.7,20,1,2022-05-25 09:07:09
1653469629329701000,59.7,1,59.6,168,59.7,20,1,2022-05-25 09:07:09
1653469629622897000,59.7,1,59.6,169,59.7,19,1,2022-05-25 09:07:09
1653469629730542000,59.7,1,59.6,219,59.7,18,1,2022-05-25 09:07:09
1653469630110507000,59.7,1,59.6,219,59.7,18,1,2022-05-25 09:07:10
1653469630296187000,59.7,1,59.6,220,59.7,17,1,2022-05-25 09:07:10
1653469630344991000,59.7,2,59.6,220,59.7,15,1,2022-05-25 09:07:10
1653469630379613000,59.6,1,59.6,219,59.7,15,2,2022-05-25 09:07:10
1653469630455509000,59.7,1,59.6,219,59.7,14,1,2022-05-25 09:07:10
1653469630629949000,59.7,1,59.6,220,59.7,13,1,2022-05-25 09:07:10
1653469630669682000,59.6,2,59.6,218,59.7,13,2,2022-05-25 09:07:10
1653469630678348000,59.7,1,59.6,218,59.7,12,1,2022-05-25 09:07:10
1653469630784049000,59.6,3,59.6,215,59.7,12,2,2022-05-25 09:07:10
1653469631067680000,59.7,2,59.6,216,59.7,10,1,2022-05-25 09:07:11
1653469631226234000,59.7,1,59.6,216,59.7,9,1,2022-05-25 09:07:11
1653469631487429000,59.7,2,59.6,218,59.7,7,1,2022-05-25 09:07:11
1653469631671119000,59.7,1,59.6,220,59.7,6,1,2022-05-25 09:07:11
1653469631873726000,59.7,1,59.6,223,59.7,5,1,2022-05-25 09:07:11
1653469632186374000,59.7,5,59.7,1,59.8,81,1,2022-05-25 09:07:12
1653469632240556000,59.7,1,59.7,6,59.8,80,2,2022-05-25 09:07:12
1653469632364954000,59.7,1,59.7,5,59.8,80,2,2022-05-25 09:07:12
1653469632451498000,59.7,1,59.7,4,59.8,80,2,2022-05-25 09:07:12
1653469633123077000,59.7,2,59.7,6,59.8,80,2,2022-05-25 09:07:13
1653469634516735000,59.7,1,59.7,10,59.8,80,2,2022-05-25 09:07:14
1653469634553659000,59.7,1,59.7,9,59.8,80,2,2022-05-25 09:07:14
1653469634793573000,59.7,1,59.7,29,59.8,80,2,2022-05-25 09:07:14
1653469635104501000,59.8,20,59.7,30,59.8,60,1,2022-05-25 09:07:15
1653469635153844000,59.7,1,59.7,29,59.8,60,2,2022-05-25 09:07:15
1653469635503744000,59.7,4,59.7,26,59.8,60,2,2022-05-25 09:07:15
1653469635536782000,59.8,4,59.7,26,59.8,56,1,2022-05-25 09:07:15
1653469635541579000,59.7,3,59.7,23,59.8,56,2,2022-05-25 09:07:15
1653469636914617000,59.8,1,59.7,87,59.8,57,1,2022-05-25 09:07:16
1653469636954519000,59.8,1,59.7,107,59.8,56,1,2022-05-25 09:07:16
1653469637033644000,59.7,1,59.7,106,59.8,56,2,2022-05-25 09:07:17
1653469637473017000,59.8,2,59.7,185,59.8,56,1,2022-05-25 09:07:17
1653469637987710000,59.8,10,59.7,45,59.8,46,1,2022-05-25 09:07:17
1653469638081485000,59.8,20,59.7,45,59.8,26,1,2022-05-25 09:07:18
1653469638416846000,59.8,1,59.7,45,59.8,25,1,2022-05-25 09:07:18
1653469638694755000,59.8,2,59.7,46,59.8,23,1,2022-05-25 09:07:18
1653469638828653000,59.8,7,59.7,48,59.8,16,1,2022-05-25 09:07:18
1653469638920689000,59.8,1,59.7,49,59.8,15,1,2022-05-25 09:07:18
1653469638950048000,59.8,1,59.7,49,59.8,14,1,2022-05-25 09:07:18
1653469638976813000,59.8,1,59.7,49,59.8,13,1,2022-05-25 09:07:18
1653469639272839000,59.7,1,59.7,48,59.8,13,2,2022-05-25 09:07:19
1653469639383503000,59.7,5,59.7,43,59.8,13,2,2022-05-25 09:07:19
1653469639411760000,59.7,1,59.7,42,59.8,13,2,2022-05-25 09:07:19
1653469639442836000,59.7,1,59.7,41,59.8,13,2,2022-05-25 09:07:19
1653469639752100000,59.8,1,59.7,56,59.8,12,1,2022-05-25 09:07:19
1653469639987349000,59.8,1,59.7,57,59.8,12,1,2022-05-25 09:07:19
1653469640133281000,59.8,2,59.7,57,59.8,10,1,2022-05-25 09:07:20
1653469640292579000,59.8,3,59.7,59,59.8,8,1,2022-05-25 09:07:20
1653469640720140000,59.8,1,59.7,60,59.8,8,1,2022-05-25 09:07:20
1653469640928071000,59.7,1,59.7,61,59.8,8,2,2022-05-25 09:07:20
1653469641270966000,59.7,3,59.7,58,59.8,8,2,2022-05-25 09:07:21
1653469641300251000,59.8,1,59.7,58,59.8,7,1,2022-05-25 09:07:21
1653469641461692000,59.8,1,59.7,58,59.8,6,1,2022-05-25 09:07:21
1653469641514927000,59.8,2,59.7,58,59.8,4,1,2022-05-25 09:07:21
1653469641940230000,59.8,2,59.7,59,59.8,2,1,2022-05-25 09:07:21
1653469642289419000,59.8,1,59.7,60,59.8,3,1,2022-05-25 09:07:22
1653469642351585000,59.8,3,59.7,60,59.9,63,1,2022-05-25 09:07:22
1653469642351585000,59.9,1,59.7,60,59.9,63,1,2022-05-25 09:07:22
1653469642551723000,59.8,1,59.8,9,59.9,63,2,2022-05-25 09:07:22
1653469642869705000,59.9,1,59.8,9,59.9,62,1,2022-05-25 09:07:22
1653469642988530000,59.9,1,59.8,9,59.9,61,1,2022-05-25 09:07:22
1653469643025418000,59.9,5,59.8,9,59.9,56,1,2022-05-25 09:07:23
1653469643179126000,59.8,9,59.7,74,59.8,11,2,2022-05-25 09:07:23
1653469643186268000,59.8,10,59.7,74,59.8,1,1,2022-05-25 09:07:23
1653469643229026000,59.8,1,59.7,74,59.8,2,1,2022-05-25 09:07:23
1653469643718324000,59.8,1,59.7,76,59.8,6,1,2022-05-25 09:07:23
1653469644001773000,59.8,1,59.7,81,59.8,6,1,2022-05-25 09:07:24
1653469644084207000,59.8,1,59.7,81,59.8,5,1,2022-05-25 09:07:24
1653469644371490000,59.8,5,59.7,81,59.8,12,1,2022-05-25 09:07:24
1653469644403053000,59.7,1,59.7,80,59.8,12,2,2022-05-25 09:07:24
1653469644477853000,59.8,2,59.7,80,59.8,10,1,2022-05-25 09:07:24
1653469644489458000,59.8,6,59.7,80,59.8,4,1,2022-05-25 09:07:24
1653469644490173000,59.8,1,59.7,80,59.8,3,1,2022-05-25 09:07:24
1653469644574510000,59.8,1,59.7,80,59.8,2,1,2022-05-25 09:07:24
1653469645084524000,59.7,10,59.7,70,59.8,7,2,2022-05-25 09:07:25
1653469645123213000,59.7,1,59.7,69,59.8,7,2,2022-05-25 09:07:25
1653469645154208000,59.7,1,59.7,68,59.8,8,2,2022-05-25 09:07:25
1653469645584925000,59.7,1,59.7,71,59.8,30,2,2022-05-25 09:07:25
1653469645793204000,59.8,10,59.7,71,59.8,20,1,2022-05-25 09:07:25
1653469645952319000,59.8,1,59.7,71,59.8,20,1,2022-05-25 09:07:25
1653469645976098000,59.8,1,59.7,71,59.8,19,1,2022-05-25 09:07:25
1653469646075006000,59.8,1,59.7,71,59.8,20,1,2022-05-25 09:07:26
1653469646102598000,59.7,1,59.7,70,59.8,20,2,2022-05-25 09:07:26
1653469646216118000,59.7,1,59.7,70,59.8,20,2,2022-05-25 09:07:26
1653469646402949000,59.7,2,59.7,69,59.8,22,2,2022-05-25 09:07:26
1653469646551540000,59.7,2,59.7,67,59.8,32,2,2022-05-25 09:07:26
1653469646606762000,59.8,1,59.7,67,59.8,31,1,2022-05-25 09:07:26
1653469647108985000,59.8,1,59.7,68,59.8,31,1,2022-05-25 09:07:27
1653469647114100000,59.8,10,59.7,68,59.8,21,1,2022-05-25 09:07:27
1653469647150424000,59.7,1,59.7,67,59.8,21,2,2022-05-25 09:07:27
1653469647177324000,59.7,1,59.7,66,59.8,21,2,2022-05-25 09:07:27
1653469647402672000,59.8,3,59.7,66,59.8,21,1,2022-05-25 09:07:27
1653469647574314000,59.8,10,59.7,67,59.8,11,1,2022-05-25 09:07:27
1653469648412878000,59.7,1,59.7,66,59.8,17,2,2022-05-25 09:07:28
1653469648584866000,59.8,2,59.7,66,59.8,17,1,2022-05-25 09:07:28
1653469648864305000,59.7,1,59.7,70,59.8,19,2,2022-05-25 09:07:28
1653469649091143000,59.8,1,59.7,70,59.8,20,1,2022-05-25 09:07:29
1653469649144617000,59.8,5,59.7,70,59.8,15,1,2022-05-25 09:07:29
1653469649703337000,59.8,1,59.7,71,59.8,14,1,2022-05-25 09:07:29
1653469649936870000,59.8,1,59.7,73,59.8,12,1,2022-05-25 09:07:29
1653469649960395000,59.8,1,59.7,73,59.8,11,1,2022-05-25 09:07:29
1653469650040974000,59.8,1,59.7,73,59.8,10,1,2022-05-25 09:07:30
1653469650545415000,59.8,1,59.7,80,59.8,9,1,2022-05-25 09:07:30
1653469650736239000,59.8,2,59.7,80,59.8,7,1,2022-05-25 09:07:30
1653469650764133000,59.8,5,59.7,80,59.8,2,1,2022-05-25 09:07:30
1653469650826206000,59.8,2,59.7,80,59.9,57,1,2022-05-25 09:07:30
1653469650826206000,59.9,1,59.7,80,59.9,57,1,2022-05-25 09:07:30
1653469651275048000,59.8,1,59.8,1,59.9,57,2,2022-05-25 09:07:31
1653469651304816000,59.9,1,59.8,1,59.9,56,1,2022-05-25 09:07:31
1653469651389268000,59.8,1,59.7,91,59.8,1,2,2022-05-25 09:07:31
1653469651504683000,59.8,1,59.7,91,59.9,56,1,2022-05-25 09:07:31
1653469651725544000,59.8,1,59.7,91,59.8,1,1,2022-05-25 09:07:31
1653469651971326000,59.8,1,59.7,91,59.9,38,1,2022-05-25 09:07:31
1653469651971326000,59.9,19,59.7,91,59.9,38,1,2022-05-25 09:07:31
1653469652241159000,59.8,2,59.7,114,59.9,38,2,2022-05-25 09:07:32
1653469652279975000,59.8,1,59.7,114,59.9,38,1,2022-05-25 09:07:32
1653469652829187000,59.9,1,59.8,13,59.9,37,1,2022-05-25 09:07:32
1653469653180720000,59.8,1,59.8,22,59.9,39,2,2022-05-25 09:07:33
1653469653234004000,59.8,1,59.8,21,59.9,39,2,2022-05-25 09:07:33
1653469653321513000,59.8,2,59.8,20,59.9,39,2,2022-05-25 09:07:33
1653469653356285000,59.8,1,59.8,19,59.9,39,2,2022-05-25 09:07:33
1653469653530106000,59.8,1,59.8,20,59.9,39,2,2022-05-25 09:07:33
1653469653922270000,59.8,3,59.8,20,59.9,39,2,2022-05-25 09:07:33
1653469654154529000,59.8,1,59.8,20,59.9,39,2,2022-05-25 09:07:34
1653469654458170000,59.8,1,59.8,24,59.9,40,2,2022-05-25 09:07:34
1653469654898997000,59.9,1,59.8,30,59.9,39,1,2022-05-25 09:07:34
1653469654966742000,59.9,1,59.8,30,59.9,39,1,2022-05-25 09:07:34
1653469655345625000,59.8,10,59.8,25,59.9,39,2,2022-05-25 09:07:35
1653469655391836000,59.8,1,59.8,24,59.9,39,2,2022-05-25 09:07:35
1653469656509522000,59.8,1,59.8,25,59.9,40,2,2022-05-25 09:07:36
1653469657774911000,59.9,20,59.8,30,59.9,21,1,2022-05-25 09:07:37
1653469658099487000,59.8,3,59.8,28,59.9,26,2,2022-05-25 09:07:38
1653469658595249000,59.8,1,59.8,28,59.9,28,2,2022-05-25 09:07:38
1653469659071490000,59.9,1,59.8,29,59.9,27,1,2022-05-25 09:07:39
1653469659278387000,59.9,2,59.8,33,59.9,45,1,2022-05-25 09:07:39
1653469659331440000,59.9,5,59.8,33,59.9,40,1,2022-05-25 09:07:39
1653469659812342000,59.8,1,59.8,38,59.9,40,2,2022-05-25 09:07:39
1653469661044731000,59.9,2,59.8,45,59.9,41,1,2022-05-25 09:07:41
1653469661110240000,59.8,4,59.8,41,59.9,41,2,2022-05-25 09:07:41
1653469661144262000,59.8,1,59.8,40,59.9,41,2,2022-05-25 09:07:41
1653469661395958000,59.8,1,59.8,41,59.9,41,2,2022-05-25 09:07:41
1653469662184154000,59.9,10,59.8,52,59.9,31,1,2022-05-25 09:07:42
1653469662455283000,59.8,5,59.8,207,59.9,31,2,2022-05-25 09:07:42
1653469662635946000,59.9,2,59.8,208,59.9,29,1,2022-05-25 09:07:42
1653469663238580000,59.9,1,59.8,208,59.9,28,1,2022-05-25 09:07:43
1653469663347830000,59.8,1,59.8,207,59.9,28,2,2022-05-25 09:07:43
1653469663359064000,59.8,1,59.8,206,59.9,28,2,2022-05-25 09:07:43
1653469663512034000,59.9,4,59.8,206,59.9,24,1,2022-05-25 09:07:43
1653469664063275000,59.9,1,59.8,208,59.9,24,1,2022-05-25 09:07:44
1653469664147311000,59.9,1,59.8,208,59.9,23,1,2022-05-25 09:07:44
1653469664188665000,59.9,15,59.8,209,59.9,8,1,2022-05-25 09:07:44
1653469664783192000,59.9,2,59.8,208,59.9,6,1,2022-05-25 09:07:44
1653469664840757000,59.9,6,59.9,17,60.0,120,1,2022-05-25 09:07:44
1653469665108745000,60.0,1,59.9,25,60.0,119,1,2022-05-25 09:07:45
1653469665152257000,60.0,1,59.9,25,60.0,118,1,2022-05-25 09:07:45
1653469665153216000,60.0,1,59.9,25,60.0,117,1,2022-05-25 09:07:45
1653469665153365000,60.0,1,59.9,25,60.0,116,1,2022-05-25 09:07:45
1653469665163954000,60.0,1,59.9,25,60.0,115,1,2022-05-25 09:07:45
1653469665164819000,60.0,1,59.9,25,60.0,114,1,2022-05-25 09:07:45
1653469665178008000,60.0,1,59.9,25,60.0,113,1,2022-05-25 09:07:45
1653469665202278000,59.9,1,59.9,24,60.0,113,2,2022-05-25 09:07:45
1653469665768604000,60.0,1,59.9,39,60.0,112,1,2022-05-25 09:07:45
1653469665884133000,59.9,5,59.9,37,60.0,112,2,2022-05-25 09:07:45
1653469666418165000,59.9,1,59.9,37,60.0,119,2,2022-05-25 09:07:46
1653469666674800000,60.0,5,59.9,42,60.0,114,1,2022-05-25 09:07:46
1653469666921691000,60.0,1,59.9,42,60.0,113,1,2022-05-25 09:07:46
1653469667027264000,59.9,1,59.9,41,60.0,113,2,2022-05-25 09:07:47
1653469667079123000,59.9,1,59.9,41,60.0,113,2,2022-05-25 09:07:47
1653469667083794000,60.0,1,59.9,41,60.0,112,1,2022-05-25 09:07:47
1653469667243752000,59.9,1,59.9,39,60.0,112,2,2022-05-25 09:07:47
1653469667721192000,60.0,1,59.9,40,60.0,111,1,2022-05-25 09:07:47
1653469667735921000,60.0,1,59.9,40,60.0,110,1,2022-05-25 09:07:47
1653469668070993000,60.0,2,59.9,41,60.0,108,1,2022-05-25 09:07:48
1653469668206921000,60.0,1,59.9,41,60.0,107,1,2022-05-25 09:07:48
1653469668317692000,60.0,1,59.9,41,60.0,106,1,2022-05-25 09:07:48
1653469669212845000,59.9,1,59.9,42,60.0,106,2,2022-05-25 09:07:49
1653469669263094000,60.0,1,59.9,41,60.0,105,1,2022-05-25 09:07:49
1653469669833204000,60.0,1,59.9,43,60.0,104,1,2022-05-25 09:07:49
1653469669847902000,59.9,1,59.9,42,60.0,104,2,2022-05-25 09:07:49
1653469670361054000,59.9,1,59.9,41,60.0,104,2,2022-05-25 09:07:50
1653469670572957000,60.0,10,59.9,45,60.0,93,1,2022-05-25 09:07:50
1653469670962511000,60.0,1,59.9,57,60.0,92,1,2022-05-25 09:07:50
1653469671281157000,59.9,1,59.9,59,60.0,92,2,2022-05-25 09:07:51
1653469671295035000,60.0,2,59.9,59,60.0,90,1,2022-05-25 09:07:51
1653469671318888000,60.0,1,59.9,59,60.0,89,1,2022-05-25 09:07:51
1653469671527914000,59.9,1,59.9,58,60.0,89,2,2022-05-25 09:07:51
1653469671728752000,60.0,1,59.9,59,60.0,88,1,2022-05-25 09:07:51
1653469671793831000,60.0,1,59.9,60,60.0,87,1,2022-05-25 09:07:51
1653469671876032000,59.9,1,59.9,59,60.0,87,2,2022-05-25 09:07:51
1653469671877673000,60.0,1,59.9,59,60.0,86,1,2022-05-25 09:07:51
1653469672090894000,60.0,1,59.9,65,60.0,85,1,2022-05-25 09:07:52
1653469672165542000,60.0,4,59.9,65,60.0,81,1,2022-05-25 09:07:52
1653469672230750000,60.0,1,59.9,67,60.0,80,1,2022-05-25 09:07:52
1653469672452499000,60.0,5,59.9,67,60.0,75,1,2022-05-25 09:07:52
1653469672572283000,60.0,1,59.9,68,60.0,74,1,2022-05-25 09:07:52
1653469672705653000,60.0,2,59.9,69,60.0,72,1,2022-05-25 09:07:52
1653469672730893000,60.0,1,59.9,69,60.0,71,1,2022-05-25 09:07:52
1653469672787346000,60.0,1,59.9,69,60.0,70,1,2022-05-25 09:07:52
1653469672901952000,60.0,10,59.9,71,60.0,61,1,2022-05-25 09:07:52
1653469673050460000,60.0,1,59.9,71,60.0,60,1,2022-05-25 09:07:53
1653469673167397000,60.0,1,59.9,73,60.0,59,1,2022-05-25 09:07:53
1653469673177909000,60.0,3,59.9,73,60.0,56,1,2022-05-25 09:07:53
1653469673237583000,60.0,1,59.9,73,60.0,55,1,2022-05-25 09:07:53
1653469673331510000,60.0,1,59.9,73,60.0,54,1,2022-05-25 09:07:53
1653469673414011000,60.0,2,59.9,73,60.0,52,1,2022-05-25 09:07:53
1653469673502877000,60.0,1,59.9,73,60.0,51,1,2022-05-25 09:07:53
1653469673709924000,60.0,2,59.9,73,60.0,49,1,2022-05-25 09:07:53
1653469673709946000,60.0,1,59.9,73,60.0,48,1,2022-05-25 09:07:53
1653469673793415000,60.0,1,59.9,73,60.0,47,1,2022-05-25 09:07:53
1653469673826871000,60.0,4,59.9,73,60.0,43,1,2022-05-25 09:07:53
1653469673971672000,60.0,1,59.9,73,60.0,47,1,2022-05-25 09:07:53
1653469673999099000,60.0,1,59.9,73,60.0,46,1,2022-05-25 09:07:53
1653469674093577000,60.0,2,59.9,73,60.0,44,1,2022-05-25 09:07:54
1653469674332052000,60.0,1,59.9,73,60.0,43,1,2022-05-25 09:07:54
1653469674484895000,60.0,1,59.9,73,60.0,42,1,2022-05-25 09:07:54
1653469674686287000,60.0,1,59.9,78,60.0,41,1,2022-05-25 09:07:54
1653469674695051000,59.9,1,59.9,77,60.0,41,2,2022-05-25 09:07:54
1653469674708144000,60.0,2,59.9,77,60.0,39,1,2022-05-25 09:07:54
1653469674750485000,60.0,1,59.9,77,60.0,38,1,2022-05-25 09:07:54
1653469674932057000,60.0,5,59.9,77,60.0,35,1,2022-05-25 09:07:54
1653469675043395000,60.0,20,59.9,77,60.0,15,1,2022-05-25 09:07:55
1653469675117812000,60.0,2,59.9,77,60.0,13,1,2022-05-25 09:07:55
1653469675171729000,60.0,1,59.9,77,60.0,22,1,2022-05-25 09:07:55
1653469675198781000,60.0,2,59.9,77,60.0,20,1,2022-05-25 09:07:55
1653469675280190000,60.0,2,59.9,77,60.0,18,1,2022-05-25 09:07:55
1653469675331857000,60.0,1,59.9,77,60.0,17,1,2022-05-25 09:07:55
1653469675344664000,60.0,6,59.9,77,60.0,11,1,2022-05-25 09:07:55
1653469675861779000,60.0,1,59.9,101,60.0,16,1,2022-05-25 09:07:55
1653469675887029000,60.0,2,59.9,101,60.0,14,1,2022-05-25 09:07:55
1653469675923875000,60.0,1,59.9,101,60.0,13,1,2022-05-25 09:07:55
1653469676018066000,60.0,1,59.9,101,60.0,12,1,2022-05-25 09:07:56
1653469676062300000,60.0,1,59.9,101,60.0,11,1,2022-05-25 09:07:56
1653469676153605000,60.0,5,59.9,101,60.0,6,1,2022-05-25 09:07:56
1653469676165105000,60.0,1,59.9,101,60.0,5,1,2022-05-25 09:07:56
1653469676167693000,60.0,5,60.0,5,60.1,50,1,2022-05-25 09:07:56
1653469676446738000,60.1,3,60.0,6,60.1,47,1,2022-05-25 09:07:56
1653469677877460000,60.1,1,60.0,40,60.1,47,1,2022-05-25 09:07:57
1653469678409495000,60.1,1,60.0,60,60.1,46,1,2022-05-25 09:07:58
1653469678497874000,60.0,1,60.0,64,60.1,46,2,2022-05-25 09:07:58
1653469678502149000,60.1,3,60.0,64,60.1,43,1,2022-05-25 09:07:58
1653469678591904000,60.1,3,60.0,65,60.1,40,1,2022-05-25 09:07:58
1653469678830345000,60.1,2,60.0,73,60.1,38,1,2022-05-25 09:07:58
1653469678872372000,60.1,1,60.0,73,60.1,37,1,2022-05-25 09:07:58
1653469678929377000,60.1,1,60.0,74,60.1,36,1,2022-05-25 09:07:58
1653469679508413000,60.1,5,60.0,78,60.1,31,1,2022-05-25 09:07:59
1653469679732497000,60.1,3,60.0,84,60.1,28,1,2022-05-25 09:07:59
1653469679930433000,60.1,1,60.0,92,60.1,27,1,2022-05-25 09:07:59
1653469680555668000,60.1,5,60.0,107,60.1,22,1,2022-05-25 09:08:00
1653469680610803000,60.1,1,60.0,107,60.1,41,1,2022-05-25 09:08:00
1653469680674861000,60.1,1,60.0,108,60.1,40,1,2022-05-25 09:08:00
1653469680805376000,60.0,2,60.0,106,60.1,40,2,2022-05-25 09:08:00
1653469681033755000,60.1,1,60.0,106,60.1,39,1,2022-05-25 09:08:01
1653469681745484000,60.1,1,60.0,114,60.1,43,1,2022-05-25 09:08:01
1653469681775665000,60.1,5,60.0,114,60.1,38,1,2022-05-25 09:08:01
1653469681806764000,60.1,1,60.0,114,60.1,37,1,2022-05-25 09:08:01
1653469681812218000,60.1,1,60.0,114,60.1,36,1,2022-05-25 09:08:01
1653469681907558000,60.1,1,60.0,114,60.1,35,1,2022-05-25 09:08:01
1653469682160920000,60.1,1,60.0,120,60.1,35,1,2022-05-25 09:08:02
1653469682590171000,60.1,10,60.0,128,60.1,28,1,2022-05-25 09:08:02
1653469683011554000,60.0,2,60.0,132,60.1,29,2,2022-05-25 09:08:03
1653469683038274000,60.0,1,60.0,132,60.1,29,2,2022-05-25 09:08:03
1653469683327064000,60.0,1,60.0,138,60.1,33,2,2022-05-25 09:08:03
1653469683348961000,60.0,10,60.0,128,60.1,33,2,2022-05-25 09:08:03
1653469683540345000,60.1,1,60.0,127,60.1,32,1,2022-05-25 09:08:03
1653469683671310000,60.1,1,60.0,127,60.1,32,1,2022-05-25 09:08:03
1653469683824067000,60.1,2,60.0,129,60.1,30,1,2022-05-25 09:08:03
1653469684161763000,60.1,1,60.0,130,60.1,29,1,2022-05-25 09:08:04
1653469684199374000,60.1,1,60.0,130,60.1,28,1,2022-05-25 09:08:04
1653469684278032000,60.1,2,60.0,135,60.1,26,1,2022-05-25 09:08:04
1653469684293479000,60.1,1,60.0,135,60.1,25,1,2022-05-25 09:08:04
1653469684412426000,60.1,1,60.0,135,60.1,24,1,2022-05-25 09:08:04
1653469684582750000,60.1,1,60.0,135,60.1,33,1,2022-05-25 09:08:04
1653469684586849000,60.1,1,60.0,135,60.1,32,1,2022-05-25 09:08:04
1653469684697612000,60.1,5,60.0,135,60.1,27,1,2022-05-25 09:08:04
1653469684899542000,60.1,20,60.0,136,60.1,10,1,2022-05-25 09:08:04
1653469684973512000,60.1,1,60.0,152,60.1,9,1,2022-05-25 09:08:04
1653469685131435000,60.1,1,60.0,153,60.1,8,1,2022-05-25 09:08:05
1653469685247345000,60.1,1,60.0,153,60.1,7,1,2022-05-25 09:08:05
1653469685583145000,60.1,1,60.0,156,60.1,6,1,2022-05-25 09:08:05
1653469685729884000,60.1,1,60.0,156,60.1,5,1,2022-05-25 09:08:05
1653469685835104000,60.1,3,60.0,156,60.1,2,1,2022-05-25 09:08:05
1653469686127457000,60.1,1,60.0,156,60.1,1,1,2022-05-25 09:08:06
1653469686225874000,60.1,1,60.0,156,60.2,98,1,2022-05-25 09:08:06
1653469687031037000,60.2,5,60.1,21,60.2,93,1,2022-05-25 09:08:07
1653469687086098000,60.1,2,60.1,19,60.2,93,2,2022-05-25 09:08:07
1653469687087674000,60.1,2,60.1,17,60.2,93,2,2022-05-25 09:08:07
1653469687493753000,60.1,1,60.1,40,60.2,93,2,2022-05-25 09:08:07
1653469688160945000,60.2,1,60.1,53,60.2,92,1,2022-05-25 09:08:08
1653469688217317000,60.2,1,60.1,54,60.2,91,1,2022-05-25 09:08:08
1653469688353962000,60.1,2,60.1,52,60.2,93,2,2022-05-25 09:08:08
1653469689334347000,60.2,2,60.1,55,60.2,88,1,2022-05-25 09:08:09
1653469689340001000,60.1,1,60.1,54,60.2,88,2,2022-05-25 09:08:09
1653469689347633000,60.2,10,60.1,54,60.2,78,1,2022-05-25 09:08:09
1653469689384981000,60.1,1,60.1,53,60.2,78,2,2022-05-25 09:08:09
1653469689512968000,60.1,1,60.1,52,60.2,78,2,2022-05-25 09:08:09
1653469690062499000,60.1,1,60.1,57,60.2,79,2,2022-05-25 09:08:10
1653469690099280000,60.1,5,60.1,52,60.2,79,2,2022-05-25 09:08:10
1653469690396602000,60.1,1,60.1,52,60.2,79,2,2022-05-25 09:08:10
1653469690947275000,60.2,1,60.1,61,60.2,78,1,2022-05-25 09:08:10
1653469691236310000,60.2,1,60.1,62,60.2,82,1,2022-05-25 09:08:11
1653469691499362000,60.2,2,60.1,63,60.2,80,1,2022-05-25 09:08:11
1653469691525846000,60.1,1,60.1,62,60.2,80,2,2022-05-25 09:08:11
1653469691620934000,60.2,5,60.1,62,60.2,75,1,2022-05-25 09:08:11
1653469691797528000,60.1,5,60.1,64,60.2,75,2,2022-05-25 09:08:11
1653469691815890000,60.1,1,60.1,63,60.2,75,2,2022-05-25 09:08:11
1653469691911670000,60.1,55,60.1,8,60.2,76,2,2022-05-25 09:08:11
1653469691944293000,60.1,8,60.0,185,60.2,76,2,2022-05-25 09:08:11
1653469692037870000,60.1,2,60.0,185,60.2,75,1,2022-05-25 09:08:12
1653469692037870000,60.2,1,60.0,185,60.2,75,1,2022-05-25 09:08:12
1653469692541993000,60.1,2,60.1,151,60.2,76,2,2022-05-25 09:08:12
1653469692553856000,60.1,4,60.1,147,60.2,76,2,2022-05-25 09:08:12
1653469692597224000,60.1,3,60.1,144,60.2,76,2,2022-05-25 09:08:12
1653469692765540000,60.1,50,60.1,94,60.2,76,2,2022-05-25 09:08:12
1653469692772196000,60.2,2,60.1,94,60.2,74,1,2022-05-25 09:08:12
1653469692800787000,60.1,1,60.1,93,60.2,74,2,2022-05-25 09:08:12
1653469692807388000,60.1,1,60.1,92,60.2,74,2,2022-05-25 09:08:12
1653469692821802000,60.1,1,60.1,91,60.2,74,2,2022-05-25 09:08:12
1653469692847325000,60.1,2,60.1,89,60.2,74,2,2022-05-25 09:08:12
1653469692920405000,60.1,2,60.1,87,60.2,74,2,2022-05-25 09:08:12
1653469693155850000,60.1,1,60.1,87,60.2,74,2,2022-05-25 09:08:13
1653469693389166000,60.1,1,60.1,86,60.2,74,2,2022-05-25 09:08:13
1653469693695326000,60.1,1,60.1,85,60.2,75,2,2022-05-25 09:08:13
1653469693716352000,60.1,5,60.1,80,60.2,75,2,2022-05-25 09:08:13
1653469693912415000,60.2,2,60.1,81,60.2,73,1,2022-05-25 09:08:13
1653469694040334000,60.1,1,60.1,85,60.2,73,2,2022-05-25 09:08:14
1653469694112573000,60.1,1,60.1,84,60.2,73,2,2022-05-25 09:08:14
1653469694379034000,60.1,2,60.1,83,60.2,76,2,2022-05-25 09:08:14
1653469694769789000,60.1,1,60.1,92,60.2,76,2,2022-05-25 09:08:14
1653469694925464000,60.2,1,60.1,93,60.2,75,1,2022-05-25 09:08:14
1653469695023376000,60.1,33,60.1,60,60.2,75,2,2022-05-25 09:08:15
1653469695059742000,60.2,1,60.1,60,60.2,74,1,2022-05-25 09:08:15
1653469695071105000,60.1,1,60.1,59,60.2,74,2,2022-05-25 09:08:15
1653469695088621000,60.1,1,60.1,58,60.2,74,2,2022-05-25 09:08:15
1653469695417106000,60.1,1,60.1,58,60.2,94,2,2022-05-25 09:08:15
1653469695426895000,60.1,58,60.0,186,60.2,94,2,2022-05-25 09:08:15
1653469695696627000,60.1,1,60.0,185,60.2,94,1,2022-05-25 09:08:15
1653469695850289000,60.1,1,60.0,185,60.2,94,1,2022-05-25 09:08:15
1653469696338901000,60.1,1,60.0,187,60.1,33,1,2022-05-25 09:08:16
1653469696470530000,60.1,3,60.0,187,60.1,40,1,2022-05-25 09:08:16
1653469696519108000,60.1,2,60.0,189,60.1,38,1,2022-05-25 09:08:16
1653469696524990000,60.1,1,60.0,189,60.1,37,1,2022-05-25 09:08:16
1653469696624542000,60.1,1,60.0,189,60.1,37,1,2022-05-25 09:08:16
1653469696816706000,60.1,1,60.0,189,60.1,41,1,2022-05-25 09:08:16
1653469697242568000,60.0,4,60.0,174,60.1,62,2,2022-05-25 09:08:17
1653469697259781000,60.1,1,60.0,174,60.1,61,1,2022-05-25 09:08:17
1653469697300636000,60.0,10,60.0,164,60.1,63,2,2022-05-25 09:08:17
1653469697317156000,60.1,1,60.0,164,60.1,62,1,2022-05-25 09:08:17
1653469697341595000,60.0,1,60.0,163,60.1,62,2,2022-05-25 09:08:17
1653469697342858000,60.0,1,60.0,162,60.1,62,2,2022-05-25 09:08:17
1653469697360962000,60.1,3,60.0,162,60.1,59,1,2022-05-25 09:08:17
