ts,close,volume,bid_price,bid_volume,ask_price,ask_volume,tick_type,datetime
1655888419206398000,23.4,514,23.35,1,23.4,3,2,2022-06-22 09:00:19
1655888419247089000,23.35,1,23.3,11,23.4,3,2,2022-06-22 09:00:19
1655888419351472000,23.3,1,23.3,10,23.4,3,2,2022-06-22 09:00:19
1655888420068720000,23.3,5,23.3,5,23.4,4,2,2022-06-22 09:00:20
1655888420107740000,23.3,5,23.25,12,23.4,4,2,2022-06-22 09:00:20
1655888421913697000,23.3,2,23.3,3,23.4,29,2,2022-06-22 09:00:21
1655888427353191000,23.3,4,23.3,2,23.4,29,2,2022-06-22 09:00:27
1655888428002672000,23.3,2,23.25,12,23.4,29,2,2022-06-22 09:00:28
1655888430423882000,23.25,5,23.25,7,23.4,30,2,2022-06-22 09:00:30
1655888430858629000,23.25,7,23.2,14,23.4,30,2,2022-06-22 09:00:30
1655888434114945000,23.2,3,23.2,12,23.3,26,2,2022-06-22 09:00:34
1655888436049720000,23.2,1,23.2,11,23.3,26,2,2022-06-22 09:00:36
1655888436823072000,23.2,11,23.15,3,23.2,39,2,2022-06-22 09:00:36
1655888436867546000,23.15,1,23.15,2,23.2,39,2,2022-06-22 09:00:36
1655888436931645000,23.2,2,23.15,2,23.2,37,1,2022-06-22 09:00:36
1655888436951009000,23.2,1,23.15,2,23.2,36,1,2022-06-22 09:00:36
1655888437243941000,23.2,1,23.15,2,23.2,36,1,2022-06-22 09:00:37
1655888438141881000,23.15,2,23.1,8,23.15,13,2,2022-06-22 09:00:38
1655888438827110000,23.15,1,23.1,8,23.15,12,1,2022-06-22 09:00:38
1655888439490757000,23.1,1,23.1,7,23.15,12,2,2022-06-22 09:00:39
1655888440449503000,23.1,7,23.0,29,23.15,12,2,2022-06-22 09:00:40
1655888440449503000,23.05,7,23.0,29,23.15,12,2,2022-06-22 09:00:40
1655888440449503000,23.0,6,23.0,29,23.15,12,2,2022-06-22 09:00:40
1655888441279417000,23.05,17,23.0,29,23.1,1,2,2022-06-22 09:00:41
1655888442237264000,23.1,1,23.05,13,23.15,12,1,2022-06-22 09:00:42
1655888442713413000,23.05,1,23.05,12,23.15,12,2,2022-06-22 09:00:42
1655888443831473000,23.1,4,23.1,1,23.15,12,1,2022-06-22 09:00:43
1655888443924420000,23.15,8,23.1,1,23.15,4,1,2022-06-22 09:00:43
1655888443952021000,23.15,4,23.1,1,23.2,37,1,2022-06-22 09:00:43
1655888444153157000,23.15,3,23.15,2,23.2,37,2,2022-06-22 09:00:44
1655888445186099000,23.15,2,23.1,2,23.2,37,2,2022-06-22 09:00:45
1655888446847581000,23.2,29,23.1,18,23.2,18,1,2022-06-22 09:00:46
1655888446881711000,23.2,1,23.1,18,23.2,17,1,2022-06-22 09:00:46
1655888446881727000,23.2,17,23.1,18,23.4,7,1,2022-06-22 09:00:46
1655888448098918000,23.35,2,23.35,3,23.4,4,1,2022-06-22 09:00:48
1655888448138475000,23.35,1,23.35,2,23.4,4,2,2022-06-22 09:00:48
1655888448180907000,23.35,2,23.25,4,23.4,4,2,2022-06-22 09:00:48
1655888448727320000,23.4,4,23.25,4,23.45,10,1,2022-06-22 09:00:48
1655888448727320000,23.45,1,23.25,4,23.45,10,1,2022-06-22 09:00:48
1655888449523533000,23.45,10,23.45,5,23.5,18,1,2022-06-22 09:00:49
1655888449554009000,23.45,5,23.35,3,23.5,18,2,2022-06-22 09:00:49
1655888452328115000,23.4,5,23.35,5,23.5,16,1,2022-06-22 09:00:52
1655888452871495000,23.5,1,23.35,5,23.5,15,1,2022-06-22 09:00:52
1655888453886573000,23.5,3,23.4,2,23.5,13,1,2022-06-22 09:00:53
1655888454549599000,23.45,1,23.4,1,23.5,13,2,2022-06-22 09:00:54
1655888454752399000,23.5,13,23.55,17,23.6,4,1,2022-06-22 09:00:54
1655888454777219000,23.55,10,23.55,7,23.6,4,2,2022-06-22 09:00:54
1655888454807797000,23.55,6,23.55,1,23.6,4,2,2022-06-22 09:00:54
1655888454808124000,23.55,1,23.4,1,23.6,4,2,2022-06-22 09:00:54
1655888456767274000,23.55,3,23.55,2,23.6,5,1,2022-06-22 09:00:56
1655888460201290000,23.55,1,23.55,1,23.6,5,2,2022-06-22 09:01:00
1655888461282830000,23.6,2,23.55,4,23.6,4,1,2022-06-22 09:01:01
1655888461336612000,23.55,2,23.55,2,23.6,4,2,2022-06-22 09:01:01
1655888461336992000,23.6,2,23.55,2,23.6,2,1,2022-06-22 09:01:01
1655888463440780000,23.6,1,23.55,84,23.6,4,1,2022-06-22 09:01:03
1655888463441107000,23.6,4,23.55,84,23.65,3,1,2022-06-22 09:01:03
1655888463742383000,23.65,1,23.55,84,23.65,2,1,2022-06-22 09:01:03
1655888463762094000,23.65,2,23.55,85,23.7,95,1,2022-06-22 09:01:03
1655888464141616000,23.55,1,23.55,117,23.7,95,2,2022-06-22 09:01:04
1655888465407755000,23.6,1,23.55,117,23.65,23,2,2022-06-22 09:01:05
1655888468093848000,23.6,2,23.6,10,23.65,23,2,2022-06-22 09:01:08
1655888468560022000,23.6,5,23.6,5,23.65,28,2,2022-06-22 09:01:08
1655888468595330000,23.6,1,23.6,4,23.65,28,2,2022-06-22 09:01:08
1655888468595682000,23.6,4,23.55,22,23.65,28,2,2022-06-22 09:01:08
1655888470768351000,23.65,8,23.55,22,23.65,20,1,2022-06-22 09:01:10
1655888471940344000,23.55,10,23.55,12,23.65,6,2,2022-06-22 09:01:11
1655888473273742000,23.65,8,23.6,2,23.65,3,1,2022-06-22 09:01:13
1655888473273786000,23.65,3,23.65,2,23.7,87,1,2022-06-22 09:01:13
1655888474100858000,23.7,2,23.65,2,23.7,85,1,2022-06-22 09:01:14
1655888474143817000,23.65,1,23.65,1,23.7,85,2,2022-06-22 09:01:14
1655888474947460000,23.65,1,23.5,8,23.7,69,2,2022-06-22 09:01:14
1655888474947460000,23.6,2,23.5,8,23.7,69,2,2022-06-22 09:01:14
1655888474947460000,23.55,23,23.5,8,23.7,69,2,2022-06-22 09:01:14
1655888474947460000,23.5,4,23.5,8,23.7,69,2,2022-06-22 09:01:14
1655888480249067000,23.6,1,23.55,3,23.6,8,1,2022-06-22 09:01:20
1655888483228574000,23.55,4,23.55,4,23.6,14,2,2022-06-22 09:01:23
1655888483267530000,23.55,4,23.5,10,23.6,14,2,2022-06-22 09:01:23
1655888487642969000,23.5,1,23.5,9,23.55,9,2,2022-06-22 09:01:27
1655888487680270000,23.5,2,23.5,7,23.55,9,2,2022-06-22 09:01:27
1655888487827912000,23.5,4,23.5,3,23.55,13,2,2022-06-22 09:01:27
1655888488821494000,23.5,1,23.5,22,23.55,18,2,2022-06-22 09:01:28
1655888490382116000,23.55,5,23.5,27,23.55,14,1,2022-06-22 09:01:30
1655888490390269000,23.55,1,23.5,27,23.55,13,1,2022-06-22 09:01:30
1655888490482703000,23.5,1,23.5,26,23.55,13,2,2022-06-22 09:01:30
1655888490966637000,23.55,1,23.5,26,23.55,12,1,2022-06-22 09:01:30
1655888491644113000,23.55,12,23.55,6,23.6,26,1,2022-06-22 09:01:31
1655888493542155000,23.55,5,23.55,6,23.6,27,2,2022-06-22 09:01:33
1655888493801363000,23.55,5,23.55,1,23.6,27,2,2022-06-22 09:01:33
1655888496666220000,23.55,1,23.55,10,23.6,27,2,2022-06-22 09:01:36
1655888503748502000,23.55,15,23.5,14,23.55,5,2,2022-06-22 09:01:43
1655888504007599000,23.55,2,23.5,14,23.55,3,1,2022-06-22 09:01:44
1655888505342444000,23.55,5,23.5,14,23.55,4,1,2022-06-22 09:01:45
1655888505683012000,23.55,2,23.5,14,23.55,3,1,2022-06-22 09:01:45
1655888506186931000,23.55,3,23.55,2,23.6,26,1,2022-06-22 09:01:46
1655888506353609000,23.55,1,23.55,1,23.6,26,2,2022-06-22 09:01:46
1655888507560382000,23.6,1,23.55,1,23.6,25,1,2022-06-22 09:01:47
1655888507604369000,23.55,1,23.5,14,23.6,25,2,2022-06-22 09:01:47
1655888508263970000,23.5,9,23.5,5,23.55,3,2,2022-06-22 09:01:48
1655888510073770000,23.55,3,23.55,2,23.6,25,1,2022-06-22 09:01:50
1655888510183965000,23.55,2,23.5,2,23.6,25,2,2022-06-22 09:01:50
1655888510183965000,23.5,3,23.5,2,23.6,25,2,2022-06-22 09:01:50
1655888513337152000,23.5,2,23.45,9,23.5,3,2,2022-06-22 09:01:53
1655888518617571000,23.45,1,23.45,8,23.5,16,2,2022-06-22 09:01:58
1655888518872382000,23.5,1,23.45,8,23.5,15,1,2022-06-22 09:01:58
1655888519292754000,23.45,9,23.45,1,23.5,15,2,2022-06-22 09:01:59
1655888519354214000,23.5,5,23.45,1,23.5,10,1,2022-06-22 09:01:59
1655888521336351000,23.45,2,23.35,11,23.4,5,2,2022-06-22 09:02:01
1655888521336351000,23.4,43,23.35,11,23.4,5,2,2022-06-22 09:02:01
1655888523130068000,23.35,2,23.35,8,23.4,5,2,2022-06-22 09:02:03
1655888528442467000,23.35,1,23.35,10,23.4,8,2,2022-06-22 09:02:08
1655888528970856000,23.35,10,23.3,4,23.4,8,2,2022-06-22 09:02:08
1655888529820083000,23.35,2,23.35,2,23.45,11,2,2022-06-22 09:02:09
1655888531229313000,23.35,2,23.3,6,23.4,5,2,2022-06-22 09:02:11
1655888534862077000,23.4,1,23.35,6,23.4,5,2,2022-06-22 09:02:14
1655888535072260000,23.4,1,23.35,6,23.4,4,1,2022-06-22 09:02:15
1655888535165481000,23.4,4,23.35,6,23.5,16,1,2022-06-22 09:02:15
1655888535165481000,23.45,10,23.35,6,23.5,16,1,2022-06-22 09:02:15
1655888535553762000,23.4,1,23.4,12,23.5,16,2,2022-06-22 09:02:15
1655888536963909000,23.5,11,23.45,1,23.5,5,1,2022-06-22 09:02:16
1655888536994702000,23.5,4,23.45,1,23.5,1,1,2022-06-22 09:02:16
1655888537029147000,23.5,1,23.45,1,23.55,3,1,2022-06-22 09:02:17
1655888537621569000,23.5,1,23.5,1,23.55,3,2,2022-06-22 09:02:17
1655888538457255000,23.5,1,23.45,1,23.55,7,2,2022-06-22 09:02:18
1655888538457255000,23.45,1,23.45,1,23.55,7,2,2022-06-22 09:02:18
1655888541980810000,23.45,3,23.45,5,23.55,7,2,2022-06-22 09:02:21
1655888546968079000,23.45,8,23.4,12,23.5,10,2,2022-06-22 09:02:26
1655888549024622000,23.5,3,23.45,1,23.5,7,1,2022-06-22 09:02:29
1655888551927873000,23.45,1,23.4,13,23.5,11,2,2022-06-22 09:02:31
1655888551927873000,23.4,1,23.4,13,23.5,11,2,2022-06-22 09:02:31
1655888552605661000,23.4,1,23.4,12,23.5,11,2,2022-06-22 09:02:32
1655888554970783000,23.45,2,23.4,12,23.45,3,1,2022-06-22 09:02:34
1655888557641412000,23.45,3,23.45,2,23.5,17,1,2022-06-22 09:02:37
1655888559957828000,23.45,3,23.4,13,23.45,2,2,2022-06-22 09:02:39
1655888561614264000,23.45,3,23.4,13,23.5,17,1,2022-06-22 09:02:41
1655888563885386000,23.45,1,23.4,18,23.5,41,1,2022-06-22 09:02:43
1655888564206677000,23.4,1,23.4,17,23.45,1,2,2022-06-22 09:02:44
1655888565868333000,23.45,1,23.4,17,23.5,41,1,2022-06-22 09:02:45
1655888567446365000,23.45,3,23.4,17,23.5,41,2,2022-06-22 09:02:47
1655888570574376000,23.45,1,23.4,17,23.5,41,1,2022-06-22 09:02:50
1655888572418389000,23.45,2,23.45,8,23.5,41,1,2022-06-22 09:02:52
1655888572814587000,23.45,1,23.45,7,23.5,41,2,2022-06-22 09:02:52
1655888576414803000,23.45,9,23.4,19,23.45,11,2,2022-06-22 09:02:56
1655888578214131000,23.45,11,23.4,29,23.5,42,1,2022-06-22 09:02:58
1655888584150620000,23.45,1,23.45,6,23.5,42,2,2022-06-22 09:03:04
1655888585317985000,23.45,1,23.45,5,23.5,42,2,2022-06-22 09:03:05
1655888589652533000,23.45,5,23.4,31,23.5,42,2,2022-06-22 09:03:09
1655888593554548000,23.45,2,23.45,8,23.5,42,1,2022-06-22 09:03:13
1655888597224998000,23.45,2,23.45,10,23.5,42,2,2022-06-22 09:03:17
1655888597256220000,23.45,10,23.4,31,23.5,42,2,2022-06-22 09:03:17
1655888597428275000,23.45,3,23.45,3,23.5,42,2,2022-06-22 09:03:17
1655888600050596000,23.45,3,23.4,31,23.45,2,2,2022-06-22 09:03:20
1655888600085766000,23.4,31,23.35,3,23.45,2,2,2022-06-22 09:03:20
1655888600126877000,23.4,3,23.35,3,23.4,2,1,2022-06-22 09:03:20
1655888600162171000,23.4,2,23.35,2,23.45,2,1,2022-06-22 09:03:20
1655888603517662000,23.4,1,23.35,2,23.45,8,2,2022-06-22 09:03:23
1655888604333182000,23.45,6,23.35,2,23.45,2,1,2022-06-22 09:03:24
1655888604359307000,23.45,2,23.35,2,23.5,42,1,2022-06-22 09:03:24
1655888606217139000,23.4,1,23.35,2,23.5,42,2,2022-06-22 09:03:26
1655888609852557000,23.35,4,23.3,7,23.45,8,2,2022-06-22 09:03:29
1655888612945505000,23.4,1,23.4,9,23.45,10,2,2022-06-22 09:03:32
1655888612965499000,23.4,3,23.4,6,23.45,10,2,2022-06-22 09:03:32
1655888612985669000,23.4,5,23.4,1,23.45,10,2,2022-06-22 09:03:32
1655888613005236000,23.4,1,23.35,1,23.45,10,2,2022-06-22 09:03:33
1655888617440764000,23.4,1,23.35,5,23.4,10,1,2022-06-22 09:03:37
1655888618314677000,23.4,1,23.35,5,23.4,9,1,2022-06-22 09:03:38
1655888621913354000,23.35,1,23.35,4,23.4,9,2,2022-06-22 09:03:41
1655888622536532000,23.35,2,23.35,2,23.4,11,2,2022-06-22 09:03:42
1655888626085538000,23.35,2,23.3,6,23.35,1,2,2022-06-22 09:03:46
1655888626915914000,23.3,1,23.3,3,23.35,1,2,2022-06-22 09:03:46
1655888627221133000,23.3,3,23.25,3,23.35,1,2,2022-06-22 09:03:47
1655888627221133000,23.25,7,23.25,3,23.35,1,2,2022-06-22 09:03:47
1655888630745449000,23.25,3,23.2,13,23.35,14,2,2022-06-22 09:03:50
1655888630745449000,23.2,2,23.2,13,23.35,14,2,2022-06-22 09:03:50
1655888630779254000,23.2,1,23.2,12,23.35,14,2,2022-06-22 09:03:50
1655888635866843000,23.2,2,23.2,7,23.3,19,2,2022-06-22 09:03:55
1655888635890952000,23.2,7,23.15,8,23.3,19,2,2022-06-22 09:03:55
1655888635971276000,23.15,5,23.15,3,23.3,19,2,2022-06-22 09:03:55
1655888637300421000,23.15,5,23.15,10,23.2,7,2,2022-06-22 09:03:57
1655888637686817000,23.15,5,23.15,5,23.2,7,2,2022-06-22 09:03:57
1655888638846510000,23.15,1,23.15,11,23.2,7,2,2022-06-22 09:03:58
1655888639008495000,23.15,5,23.15,6,23.2,7,2,2022-06-22 09:03:59
1655888640400267000,23.2,2,23.15,6,23.2,5,1,2022-06-22 09:04:00
1655888640474962000,23.2,1,23.15,6,23.2,4,1,2022-06-22 09:04:00
1655888640947798000,23.15,4,23.15,2,23.2,4,2,2022-06-22 09:04:00
1655888642712594000,23.15,2,23.1,25,23.2,5,2,2022-06-22 09:04:02
1655888646365583000,23.15,3,23.1,25,23.15,2,2,2022-06-22 09:04:06
1655888646384332000,23.15,2,23.1,25,23.2,10,1,2022-06-22 09:04:06
1655888646407928000,23.2,10,23.1,25,23.25,1,1,2022-06-22 09:04:06
1655888646545160000,23.15,1,23.1,27,23.15,3,1,2022-06-22 09:04:06
1655888646545181000,23.15,1,23.1,27,23.15,2,1,2022-06-22 09:04:06
1655888646545184000,23.15,1,23.1,27,23.15,1,1,2022-06-22 09:04:06
1655888646545211000,23.15,1,23.1,27,23.25,1,1,2022-06-22 09:04:06
1655888646733697000,23.25,1,23.25,2,23.3,21,1,2022-06-22 09:04:06
1655888646761836000,23.25,1,23.25,1,23.3,21,2,2022-06-22 09:04:06
1655888646762815000,23.25,1,23.1,27,23.3,21,2,2022-06-22 09:04:06
1655888651997638000,23.25,1,23.2,1,23.25,4,1,2022-06-22 09:04:11
1655888657026969000,23.2,2,23.15,23,23.2,3,2,2022-06-22 09:04:17
1655888657936925000,23.2,2,23.15,21,23.2,1,1,2022-06-22 09:04:17
1655888657977826000,23.2,1,23.15,21,23.25,7,1,2022-06-22 09:04:17
1655888659240013000,23.2,1,23.15,22,23.25,3,1,2022-06-22 09:04:19
1655888660887015000,23.2,1,23.15,21,23.2,4,1,2022-06-22 09:04:20
1655888665103562000,23.15,21,23.1,33,23.2,5,2,2022-06-22 09:04:25
1655888665891395000,23.1,10,23.1,23,23.2,2,2,2022-06-22 09:04:25
1655888666050805000,23.15,1,23.1,21,23.2,7,2,2022-06-22 09:04:26
1655888667281401000,23.1,1,23.1,20,23.2,7,2,2022-06-22 09:04:27
1655888671762154000,23.1,1,23.1,20,23.15,3,2,2022-06-22 09:04:31
1655888673350682000,23.1,4,23.1,16,23.15,3,2,2022-06-22 09:04:33
1655888673439880000,23.1,10,23.1,6,23.15,3,2,2022-06-22 09:04:33
1655888673442872000,23.1,6,23.05,27,23.1,4,2,2022-06-22 09:04:33
1655888678441938000,23.05,1,23.05,27,23.1,17,2,2022-06-22 09:04:38
1655888679485314000,23.05,3,23.05,23,23.1,17,2,2022-06-22 09:04:39
1655888680910900000,23.05,1,23.05,23,23.1,18,2,2022-06-22 09:04:40
1655888682433935000,23.05,2,23.05,21,23.1,18,2,2022-06-22 09:04:42
1655888682828057000,23.05,5,23.05,16,23.1,18,2,2022-06-22 09:04:42
1655888683246274000,23.05,5,23.05,11,23.1,18,2,2022-06-22 09:04:43
1655888683913994000,23.05,3,23.05,8,23.1,19,2,2022-06-22 09:04:43
1655888683947657000,23.05,2,23.05,6,23.1,19,2,2022-06-22 09:04:43
1655888683948441000,23.05,5,23.05,1,23.1,19,2,2022-06-22 09:04:43
1655888684195970000,23.05,1,23.0,67,23.1,20,2,2022-06-22 09:04:44
1655888685246735000,23.05,3,23.05,1,23.1,20,2,2022-06-22 09:04:45
1655888685261762000,23.05,1,23.0,66,23.1,20,2,2022-06-22 09:04:45
1655888685261762000,23.0,1,23.0,66,23.1,20,2,2022-06-22 09:04:45
1655888685543648000,23.0,1,23.0,65,23.1,20,2,2022-06-22 09:04:45
1655888686549228000,23.05,1,23.0,65,23.05,14,1,2022-06-22 09:04:46
1655888686585851000,23.05,4,23.0,65,23.05,10,1,2022-06-22 09:04:46
1655888689154765000,23.05,1,23.0,65,23.05,39,1,2022-06-22 09:04:49
1655888689458590000,23.0,1,23.0,64,23.05,39,2,2022-06-22 09:04:49
1655888689730693000,23.0,4,23.0,60,23.05,39,2,2022-06-22 09:04:49
1655888690569231000,23.0,8,23.0,52,23.05,39,2,2022-06-22 09:04:50
1655888692415883000,23.0,5,23.0,47,23.05,39,2,2022-06-22 09:04:52
1655888694380012000,23.0,20,23.0,30,23.05,40,2,2022-06-22 09:04:54
1655888694598681000,23.0,1,23.0,29,23.05,40,2,2022-06-22 09:04:54
1655888695183546000,23.0,1,23.0,6,23.05,40,2,2022-06-22 09:04:55
1655888695211064000,23.0,2,23.0,4,23.05,40,2,2022-06-22 09:04:55
1655888695225589000,23.0,2,23.0,2,23.05,40,2,2022-06-22 09:04:55
1655888696078175000,23.05,1,23.0,7,23.05,39,1,2022-06-22 09:04:56
1655888696905868000,23.0,1,23.0,6,23.05,39,2,2022-06-22 09:04:56
1655888698074601000,23.0,2,23.0,4,23.05,41,2,2022-06-22 09:04:58
1655888698387514000,23.0,4,22.95,5,23.0,1,2,2022-06-22 09:04:58
1655888698734750000,23.0,3,23.0,7,23.05,41,1,2022-06-22 09:04:58
1655888701167620000,23.0,1,23.0,6,23.05,41,2,2022-06-22 09:05:01
1655888703903711000,23.0,10,22.95,6,23.05,41,2,2022-06-22 09:05:03
1655888707166590000,23.0,1,22.95,5,23.05,41,1,2022-06-22 09:05:07
1655888708306832000,23.0,10,22.95,13,23.05,43,1,2022-06-22 09:05:08
1655888708907894000,23.05,1,23.0,10,23.05,42,1,2022-06-22 09:05:08
1655888710318180000,23.05,5,23.0,16,23.05,37,1,2022-06-22 09:05:10
1655888710350246000,23.05,11,23.0,16,23.05,26,1,2022-06-22 09:05:10
1655888710350264000,23.05,26,23.0,16,23.1,19,1,2022-06-22 09:05:10
1655888711358687000,23.05,1,23.0,18,23.05,1,1,2022-06-22 09:05:11
1655888711359500000,23.05,1,23.0,18,23.1,19,1,2022-06-22 09:05:11
1655888711908290000,23.1,1,23.0,18,23.1,18,1,2022-06-22 09:05:11
1655888711942015000,23.1,3,23.0,18,23.1,15,1,2022-06-22 09:05:11
1655888712267882000,23.0,1,23.0,17,23.1,15,2,2022-06-22 09:05:12
1655888714261658000,23.05,1,23.0,17,23.1,15,2,2022-06-22 09:05:14
1655888716280002000,23.1,1,23.05,1,23.1,14,1,2022-06-22 09:05:16
1655888718320046000,23.05,1,23.05,2,23.1,14,2,2022-06-22 09:05:18
1655888719408522000,23.05,1,23.05,1,23.1,14,2,2022-06-22 09:05:19
1655888728351965000,23.1,1,23.05,14,23.1,16,1,2022-06-22 09:05:28
1655888728377115000,23.1,16,23.05,14,23.15,2,1,2022-06-22 09:05:28
1655888728393356000,23.05,1,23.05,13,23.15,2,2,2022-06-22 09:05:28
1655888734976760000,23.1,1,23.05,19,23.15,2,1,2022-06-22 09:05:34
1655888735828392000,23.05,1,23.05,18,23.15,2,2,2022-06-22 09:05:35
1655888738358806000,23.1,3,23.05,19,23.15,3,2,2022-06-22 09:05:38
1655888745388519000,23.1,1,23.1,1,23.15,3,2,2022-06-22 09:05:45
1655888745423250000,23.1,1,23.05,16,23.15,3,2,2022-06-22 09:05:45
1655888746412499000,23.1,1,23.1,10,23.15,3,2,2022-06-22 09:05:46
1655888746874193000,23.1,10,23.05,17,23.15,8,2,2022-06-22 09:05:46
1655888751753676000,23.1,3,23.1,1,23.15,6,2,2022-06-22 09:05:51
1655888751769343000,23.1,1,23.05,21,23.15,6,2,2022-06-22 09:05:51
1655888752253663000,23.1,1,23.05,20,23.15,9,2,2022-06-22 09:05:52
1655888754286436000,23.1,1,23.05,19,23.15,9,2,2022-06-22 09:05:54
1655888758316365000,23.1,1,23.05,19,23.1,2,1,2022-06-22 09:05:58
1655888758848708000,23.1,2,23.05,19,23.15,9,1,2022-06-22 09:05:58
1655888761900588000,23.1,1,23.05,19,23.15,9,1,2022-06-22 09:06:01
1655888765104580000,23.05,7,23.05,13,23.1,3,2,2022-06-22 09:06:05
1655888765139596000,23.05,13,23.0,45,23.1,3,2,2022-06-22 09:06:05
1655888772222950000,23.05,2,23.0,44,23.1,3,2,2022-06-22 09:06:12
1655888778154041000,23.05,1,23.05,4,23.1,1,1,2022-06-22 09:06:18
1655888779848390000,23.05,1,23.05,4,23.1,1,2,2022-06-22 09:06:19
1655888782488098000,23.1,1,23.05,10,23.1,1,1,2022-06-22 09:06:22
1655888783809179000,23.1,2,23.1,3,23.15,7,1,2022-06-22 09:06:23
1655888784019482000,23.1,1,23.1,2,23.15,7,2,2022-06-22 09:06:24
1655888785047602000,23.1,2,23.05,10,23.1,3,2,2022-06-22 09:06:25
1655888792505756000,23.1,1,23.05,12,23.1,2,1,2022-06-22 09:06:32
1655888800912767000,23.1,2,23.05,12,23.15,24,1,2022-06-22 09:06:40
1655888801084779000,23.05,2,23.05,10,23.15,24,2,2022-06-22 09:06:41
1655888805636645000,23.1,1,23.05,10,23.15,24,2,2022-06-22 09:06:45
1655888807176323000,23.1,1,23.05,10,23.15,24,2,2022-06-22 09:06:47
1655888809116503000,23.05,1,23.05,9,23.15,24,2,2022-06-22 09:06:49
1655888809480174000,23.05,9,23.0,56,23.05,1,2,2022-06-22 09:06:49
1655888815051919000,23.05,1,23.05,9,23.1,1,1,2022-06-22 09:06:55
1655888815993548000,23.05,2,23.05,7,23.1,1,2,2022-06-22 09:06:55
1655888817457434000,23.1,1,23.1,4,23.15,24,1,2022-06-22 09:06:57
1655888817491406000,23.1,4,23.05,7,23.15,24,2,2022-06-22 09:06:57
1655888818257509000,23.05,1,23.05,6,23.15,24,2,2022-06-22 09:06:58
1655888821513812000,23.05,9,23.05,2,23.1,2,2,2022-06-22 09:07:01
1655888821526195000,23.05,2,23.0,59,23.1,2,2,2022-06-22 09:07:01
1655888823003006000,23.1,1,23.0,59,23.1,1,1,2022-06-22 09:07:03
1655888823030640000,23.0,2,23.0,57,23.1,1,2,2022-06-22 09:07:03
1655888826998696000,23.05,1,23.0,59,23.1,1,2,2022-06-22 09:07:06
1655888829549497000,23.0,8,23.0,54,23.1,1,2,2022-06-22 09:07:09
1655888836901833000,23.0,1,23.0,57,23.1,2,2,2022-06-22 09:07:16
1655888837057029000,23.0,7,23.0,50,23.1,2,2,2022-06-22 09:07:17
1655888841776966000,23.0,2,23.0,48,23.1,2,2,2022-06-22 09:07:21
1655888842803678000,23.0,7,23.0,41,23.1,2,2,2022-06-22 09:07:22
1655888845272348000,23.0,10,23.0,31,23.1,5,2,2022-06-22 09:07:25
1655888845304838000,23.0,18,23.0,13,23.1,5,2,2022-06-22 09:07:25
1655888845327223000,23.0,9,23.0,4,23.05,5,2,2022-06-22 09:07:25
1655888845347830000,23.0,4,22.95,11,23.05,5,2,2022-06-22 09:07:25
1655888845347830000,22.95,2,22.95,11,23.05,5,2,2022-06-22 09:07:25
1655888846126445000,22.95,7,22.95,4,23.05,5,2,2022-06-22 09:07:26
1655888849237108000,22.95,5,22.9,8,23.0,1,2,2022-06-22 09:07:29
1655888849237108000,22.9,5,22.9,8,23.0,1,2,2022-06-22 09:07:29
1655888850953417000,22.9,1,22.9,7,22.95,2,2,2022-06-22 09:07:30
1655888852271635000,22.9,6,22.9,1,22.95,2,2,2022-06-22 09:07:32
1655888853418463000,22.9,1,22.85,13,22.9,1,2,2022-06-22 09:07:33
1655888853535053000,22.9,1,22.85,19,22.95,2,1,2022-06-22 09:07:33
1655888853810150000,22.95,1,22.85,21,22.95,1,1,2022-06-22 09:07:33
1655888853926718000,22.9,2,22.85,21,22.95,1,1,2022-06-22 09:07:33
1655888854363443000,22.95,1,22.85,21,23.0,3,1,2022-06-22 09:07:34
1655888859194050000,22.9,2,22.85,18,22.95,12,2,2022-06-22 09:07:39
1655888859194050000,22.85,3,22.85,18,22.95,12,2,2022-06-22 09:07:39
1655888860877135000,22.85,16,22.8,4,22.9,1,2,2022-06-22 09:07:40
1655888861157975000,22.9,1,22.8,13,22.95,12,1,2022-06-22 09:07:41
1655888865737270000,22.9,1,22.8,12,22.95,14,2,2022-06-22 09:07:45
1655888865737270000,22.8,3,22.8,12,22.95,14,2,2022-06-22 09:07:45
1655888866625576000,22.8,2,22.8,14,22.95,14,2,2022-06-22 09:07:46
1655888870982973000,22.8,3,22.8,11,22.95,14,2,2022-06-22 09:07:50
1655888871836389000,22.8,11,22.7,3,22.95,14,2,2022-06-22 09:07:51
1655888871836389000,22.75,3,22.7,3,22.95,14,2,2022-06-22 09:07:51
1655888871836389000,22.7,6,22.7,3,22.95,14,2,2022-06-22 09:07:51
1655888872656783000,22.8,1,22.8,7,22.95,14,2,2022-06-22 09:07:52
1655888873136498000,22.8,1,22.8,6,22.95,14,2,2022-06-22 09:07:53
1655888873325512000,22.8,3,22.8,3,22.9,5,2,2022-06-22 09:07:53
1655888874788498000,22.8,3,22.75,1,22.9,6,2,2022-06-22 09:07:54
1655888875998590000,22.75,1,22.7,5,22.75,14,2,2022-06-22 09:07:55
1655888876031216000,22.75,14,22.7,5,22.9,1,1,2022-06-22 09:07:56
1655888876411895000,22.85,2,22.8,10,22.9,1,2,2022-06-22 09:07:56
1655888876411895000,22.8,2,22.8,10,22.9,1,2,2022-06-22 09:07:56
1655888877818194000,22.8,10,22.75,2,22.95,5,2,2022-06-22 09:07:57
1655888879027853000,22.85,3,22.85,8,22.95,5,2,2022-06-22 09:07:59
1655888880651818000,22.9,1,22.85,8,22.95,4,2,2022-06-22 09:08:00
1655888880963449000,22.85,2,22.85,6,22.95,4,2,2022-06-22 09:08:00
1655888882680173000,22.85,8,22.65,6,22.9,2,2,2022-06-22 09:08:02
1655888882680173000,22.75,5,22.65,6,22.9,2,2,2022-06-22 09:08:02
1655888882680173000,22.7,5,22.65,6,22.9,2,2,2022-06-22 09:08:02
1655888882680173000,22.65,2,22.65,6,22.9,2,2,2022-06-22 09:08:02
1655888882813489000,22.7,1,22.7,1,22.85,2,2,2022-06-22 09:08:02
1655888883177984000,22.7,1,22.65,5,22.85,3,2,2022-06-22 09:08:03
1655888883177984000,22.65,1,22.65,5,22.85,3,2,2022-06-22 09:08:03
1655888883465819000,22.8,1,22.65,5,22.85,3,1,2022-06-22 09:08:03
1655888888239771000,22.75,1,22.7,1,22.85,14,2,2022-06-22 09:08:08
1655888892586573000,22.75,1,22.75,1,22.8,4,2,2022-06-22 09:08:12
1655888892684999000,22.75,1,22.6,23,22.8,4,2,2022-06-22 09:08:12
1655888892684999000,22.7,4,22.6,23,22.8,4,2,2022-06-22 09:08:12
1655888892684999000,22.65,5,22.6,23,22.8,4,2,2022-06-22 09:08:12
1655888895059189000,22.75,1,22.75,2,22.8,5,2,2022-06-22 09:08:15
1655888898675433000,22.75,1,22.75,3,22.8,5,2,2022-06-22 09:08:18
1655888900907233000,22.75,1,22.75,3,22.8,5,2,2022-06-22 09:08:20
1655888901016321000,22.75,2,22.75,1,22.8,5,2,2022-06-22 09:08:21
1655888901454477000,22.75,1,22.7,4,22.8,5,2,2022-06-22 09:08:21
1655888906017137000,22.75,1,22.75,1,22.8,4,2,2022-06-22 09:08:26
1655888907464455000,22.75,1,22.7,6,22.8,8,2,2022-06-22 09:08:27
1655888909962655000,22.8,3,22.75,1,22.8,5,1,2022-06-22 09:08:29
1655888913565726000,22.8,1,22.75,1,22.8,4,1,2022-06-22 09:08:33
1655888914913981000,22.8,5,22.75,2,22.9,14,1,2022-06-22 09:08:34
1655888914913981000,22.85,12,22.75,2,22.9,14,1,2022-06-22 09:08:34
1655888914913981000,22.9,3,22.75,2,22.9,14,1,2022-06-22 09:08:34
1655888915217314000,22.8,3,22.7,12,22.75,3,2,2022-06-22 09:08:35
1655888915217314000,22.75,4,22.7,12,22.75,3,2,2022-06-22 09:08:35
1655888915245060000,22.75,1,22.7,12,22.75,2,1,2022-06-22 09:08:35
1655888915245079000,22.75,1,22.7,12,22.75,1,1,2022-06-22 09:08:35
1655888915245350000,22.75,1,22.7,12,22.9,14,1,2022-06-22 09:08:35
1655888917974565000,22.8,1,22.75,3,22.8,9,2,2022-06-22 09:08:37
1655888918844372000,22.8,1,22.75,3,22.8,8,1,2022-06-22 09:08:38
1655888919827078000,22.8,1,22.75,8,22.8,7,1,2022-06-22 09:08:39
1655888919852703000,22.8,7,22.75,8,22.9,14,1,2022-06-22 09:08:39
1655888924799195000,22.8,1,22.75,15,22.8,4,1,2022-06-22 09:08:44
1655888924825002000,22.8,4,22.75,15,22.9,14,1,2022-06-22 09:08:44
1655888927651001000,22.8,1,22.8,10,22.9,14,2,2022-06-22 09:08:47
1655888928775225000,22.8,8,22.8,8,22.9,14,2,2022-06-22 09:08:48
1655888929545396000,22.8,2,22.8,5,22.85,10,2,2022-06-22 09:08:49
1655888935588346000,22.8,1,22.8,5,22.85,10,2,2022-06-22 09:08:55
1655888936064899000,22.8,1,22.8,4,22.85,11,2,2022-06-22 09:08:56
1655888936064936000,22.8,1,22.8,3,22.85,11,2,2022-06-22 09:08:56
1655888936443655000,22.8,1,22.8,2,22.85,11,2,2022-06-22 09:08:56
1655888937176228000,22.8,1,22.8,1,22.85,11,2,2022-06-22 09:08:57
1655888937829140000,22.8,1,22.75,15,22.85,11,2,2022-06-22 09:08:57
1655888940417767000,22.75,4,22.75,11,22.85,11,2,2022-06-22 09:09:00
1655888943646905000,22.75,4,22.75,4,22.8,1,2,2022-06-22 09:09:03
1655888947715905000,22.75,4,22.7,1,22.8,1,2,2022-06-22 09:09:07
1655888947715905000,22.7,6,22.7,1,22.8,1,2,2022-06-22 09:09:07
1655888949181523000,22.8,1,22.7,2,22.85,2,1,2022-06-22 09:09:09
1655888952366714000,22.75,5,22.7,8,22.8,1,1,2022-06-22 09:09:12
1655888956823945000,22.8,1,22.8,1,22.85,3,1,2022-06-22 09:09:16
1655888968470967000,22.8,3,22.75,5,22.8,7,2,2022-06-22 09:09:28
1655888968878631000,22.8,1,22.75,5,22.8,6,1,2022-06-22 09:09:28
1655888968918119000,22.8,3,22.75,5,22.8,3,1,2022-06-22 09:09:28
1655888970146873000,22.8,4,22.75,7,22.85,1,1,2022-06-22 09:09:30
1655888970860351000,22.85,1,22.75,8,22.9,11,1,2022-06-22 09:09:30
1655888970860351000,22.9,4,22.75,8,22.9,11,1,2022-06-22 09:09:30
1655888975924746000,22.85,2,22.85,2,22.9,11,2,2022-06-22 09:09:35
1655888990789116000,22.85,6,22.75,7,22.9,21,2,2022-06-22 09:09:50
1655888990789116000,22.8,8,22.75,7,22.9,21,2,2022-06-22 09:09:50
1655888990789116000,22.75,1,22.75,7,22.9,21,2,2022-06-22 09:09:50
1655889000364136000,22.85,1,22.75,5,22.85,2,1,2022-06-22 09:10:00
1655889005576127000,22.8,2,22.8,8,22.85,4,1,2022-06-22 09:10:05
1655889007508335000,22.8,1,22.8,8,22.85,3,2,2022-06-22 09:10:07
1655889013589787000,22.85,1,22.8,8,22.85,14,1,2022-06-22 09:10:13
1655889023118902000,22.85,1,22.8,9,22.85,13,1,2022-06-22 09:10:23
1655889023191983000,22.8,1,22.8,8,22.85,13,2,2022-06-22 09:10:23
1655889023220173000,22.8,1,22.8,7,22.85,13,2,2022-06-22 09:10:23
1655889023221178000,22.8,7,22.75,8,22.85,13,2,2022-06-22 09:10:23
1655889028762195000,22.8,7,22.75,8,22.85,12,1,2022-06-22 09:10:28
1655889030483500000,22.8,1,22.75,8,22.85,13,2,2022-06-22 09:10:30
1655889030670584000,22.8,1,22.8,2,22.85,12,2,2022-06-22 09:10:30
1655889030670601000,22.8,1,22.8,1,22.85,12,2,2022-06-22 09:10:30
1655889030671657000,22.8,1,22.75,8,22.85,12,2,2022-06-22 09:10:30
1655889034029627000,22.75,13,22.7,8,22.8,18,2,2022-06-22 09:10:34
1655889034722104000,22.8,1,22.7,8,22.8,17,1,2022-06-22 09:10:34
1655889041979838000,22.7,1,22.7,7,22.75,5,2,2022-06-22 09:10:41
1655889041986057000,22.7,1,22.7,6,22.75,5,2,2022-06-22 09:10:41
1655889041986091000,22.7,1,22.7,5,22.75,5,2,2022-06-22 09:10:41
1655889041986094000,22.7,1,22.7,4,22.75,5,2,2022-06-22 09:10:41
1655889041986111000,22.7,1,22.7,3,22.75,5,2,2022-06-22 09:10:41
1655889041986155000,22.7,1,22.7,2,22.75,5,2,2022-06-22 09:10:41
1655889041986172000,22.7,1,22.7,1,22.75,5,2,2022-06-22 09:10:41
1655889041987075000,22.7,1,22.65,24,22.75,5,2,2022-06-22 09:10:41
1655889045127546000,22.75,1,22.65,24,22.75,5,1,2022-06-22 09:10:45
1655889048976376000,22.7,1,22.7,1,22.75,6,2,2022-06-22 09:10:48
1655889048976488000,22.7,1,22.65,24,22.75,6,2,2022-06-22 09:10:48
1655889052163709000,22.75,1,22.65,24,22.75,5,1,2022-06-22 09:10:52
1655889056680102000,22.75,1,22.7,1,22.75,4,1,2022-06-22 09:10:56
1655889061639662000,22.7,3,22.65,24,22.75,5,2,2022-06-22 09:11:01
1655889064494301000,22.7,2,22.7,18,22.75,5,2,2022-06-22 09:11:04
1655889064527630000,22.7,8,22.7,10,22.75,5,2,2022-06-22 09:11:04
1655889064560265000,22.7,1,22.7,9,22.75,5,2,2022-06-22 09:11:04
1655889064560282000,22.7,1,22.7,8,22.75,5,2,2022-06-22 09:11:04
1655889064560324000,22.7,1,22.7,7,22.75,5,2,2022-06-22 09:11:04
1655889065522676000,22.75,1,22.7,7,22.75,4,1,2022-06-22 09:11:05
1655889066201227000,22.7,5,22.7,2,22.75,4,2,2022-06-22 09:11:06
1655889066501938000,22.7,1,22.7,1,22.75,4,2,2022-06-22 09:11:06
1655889066529875000,22.7,1,22.65,9,22.75,4,2,2022-06-22 09:11:06
1655889071990334000,22.7,1,22.65,9,22.7,2,1,2022-06-22 09:11:11
1655889072545165000,22.7,1,22.65,9,22.7,1,1,2022-06-22 09:11:12
1655889074973337000,22.7,2,22.7,2,22.75,15,1,2022-06-22 09:11:14
1655889075159357000,22.7,1,22.7,1,22.75,14,2,2022-06-22 09:11:15
1655889082544068000,22.7,1,22.7,3,22.75,13,2,2022-06-22 09:11:22
1655889083765899000,22.7,1,22.7,2,22.75,13,2,2022-06-22 09:11:23
1655889084175015000,22.7,1,22.7,1,22.75,13,2,2022-06-22 09:11:24
1655889099180170000,22.7,1,22.7,10,22.75,12,2,2022-06-22 09:11:39
1655889118011473000,22.7,1,22.7,10,22.75,12,2,2022-06-22 09:11:58
1655889181396061000,22.7,18,22.7,3,22.75,8,2,2022-06-22 09:13:01
1655889181423385000,22.7,3,22.65,10,22.75,8,2,2022-06-22 09:13:01
1655889188921061000,22.7,2,22.65,10,22.75,8,2,2022-06-22 09:13:08
1655889188962785000,22.65,10,22.65,1,22.75,12,2,2022-06-22 09:13:08
1655889188992985000,22.65,1,22.6,8,22.75,12,2,2022-06-22 09:13:08
1655889194737911000,22.6,3,22.6,5,22.65,1,2,2022-06-22 09:13:14
1655889196788074000,22.6,5,22.5,71,22.65,2,2,2022-06-22 09:13:16
1655889196788074000,22.55,10,22.5,71,22.65,2,2,2022-06-22 09:13:16
1655889196984390000,22.65,2,22.5,71,22.75,16,1,2022-06-22 09:13:16
1655889199003403000,22.6,1,22.5,71,22.7,5,1,2022-06-22 09:13:19
1655889204683018000,22.55,5,22.5,71,22.7,10,2,2022-06-22 09:13:24
1655889215262571000,22.6,1,22.55,12,22.6,4,1,2022-06-22 09:13:35
1655889215298021000,22.6,4,22.55,12,22.65,11,1,2022-06-22 09:13:35
1655889219722390000,22.6,1,22.55,12,22.65,11,2,2022-06-22 09:13:39
1655889221549206000,22.55,1,22.55,9,22.65,11,2,2022-06-22 09:13:41
1655889227455644000,22.6,3,22.55,15,22.6,8,2,2022-06-22 09:13:47
1655889229874097000,22.6,8,22.55,15,22.65,11,1,2022-06-22 09:13:49
1655889234284186000,22.65,1,22.6,5,22.65,11,1,2022-06-22 09:13:54
1655889234611901000,22.65,2,22.6,5,22.65,9,1,2022-06-22 09:13:54
1655889235769693000,22.65,2,22.6,6,22.65,7,1,2022-06-22 09:13:55
1655889235914134000,22.6,8,22.55,10,22.6,2,2,2022-06-22 09:13:55
1655889241520394000,22.6,1,22.55,10,22.6,2,1,2022-06-22 09:14:01
1655889242789540000,22.6,2,22.6,1,22.65,7,1,2022-06-22 09:14:02
1655889243781495000,22.6,2,22.55,10,22.6,1,2,2022-06-22 09:14:03
1655889246998753000,22.6,1,22.55,12,22.65,6,1,2022-06-22 09:14:06
1655889250548256000,22.55,4,22.55,8,22.6,2,2,2022-06-22 09:14:10
1655889253617062000,22.6,2,22.6,3,22.65,7,1,2022-06-22 09:14:13
1655889258122820000,22.6,1,22.6,2,22.65,8,2,2022-06-22 09:14:18
1655889269577223000,22.6,3,22.6,4,22.65,8,2,2022-06-22 09:14:29
1655889271675899000,22.6,5,22.6,29,22.65,8,2,2022-06-22 09:14:31
1655889276609461000,22.6,1,22.6,28,22.65,9,2,2022-06-22 09:14:36
1655889280215028000,22.6,1,22.6,27,22.65,9,2,2022-06-22 09:14:40
1655889287367201000,22.65,9,22.6,33,22.7,9,1,2022-06-22 09:14:47
1655889287367201000,22.7,1,22.6,33,22.7,9,1,2022-06-22 09:14:47
1655889301764233000,22.7,1,22.65,7,22.7,9,1,2022-06-22 09:15:01
1655889308955441000,22.7,1,22.65,19,22.7,14,1,2022-06-22 09:15:08
1655889311040415000,22.65,16,22.65,3,22.7,14,2,2022-06-22 09:15:11
1655889311067103000,22.65,3,22.6,44,22.7,14,2,2022-06-22 09:15:11
1655889312612938000,22.7,1,22.6,44,22.7,13,1,2022-06-22 09:15:12
1655889313437568000,22.7,13,22.6,44,22.75,6,1,2022-06-22 09:15:13
1655889313437568000,22.75,2,22.6,44,22.75,6,1,2022-06-22 09:15:13
1655889323460207000,22.7,7,22.65,3,22.7,7,1,2022-06-22 09:15:23
1655889324504326000,22.7,5,22.65,3,22.7,2,1,2022-06-22 09:15:24
1655889324521911000,22.7,2,22.65,4,22.75,9,1,2022-06-22 09:15:24
1655889327713072000,22.7,1,22.65,5,22.75,9,1,2022-06-22 09:15:27
1655889341209348000,22.7,1,22.65,6,22.75,15,2,2022-06-22 09:15:41
1655889344623464000,22.65,4,22.65,1,22.75,16,2,2022-06-22 09:15:44
1655889344652097000,22.65,1,22.6,38,22.75,16,2,2022-06-22 09:15:44
1655889383558712000,22.65,6,22.6,39,22.7,6,2,2022-06-22 09:16:23
1655889387786137000,22.6,9,22.6,29,22.65,1,2,2022-06-22 09:16:27
1655889389450185000,22.65,1,22.6,29,22.65,6,1,2022-06-22 09:16:29
1655889395851926000,22.65,2,22.6,30,22.65,2,1,2022-06-22 09:16:35
1655889410986061000,22.65,2,22.6,61,22.7,14,1,2022-06-22 09:16:50
1655889458249935000,22.7,16,22.65,11,22.75,11,1,2022-06-22 09:17:38
1655889477053024000,22.75,10,22.7,11,22.8,59,1,2022-06-22 09:17:57
1655889487803583000,22.75,1,22.75,6,22.8,58,2,2022-06-22 09:18:07
1655889488201491000,22.8,58,22.75,21,22.85,6,1,2022-06-22 09:18:08
1655889488214192000,22.85,1,22.75,21,22.85,5,1,2022-06-22 09:18:08
1655889488214221000,22.85,1,22.75,21,22.85,4,1,2022-06-22 09:18:08
1655889488214238000,22.85,1,22.75,21,22.85,3,1,2022-06-22 09:18:08
1655889488214242000,22.85,1,22.75,21,22.85,2,1,2022-06-22 09:18:08
1655889488214275000,22.85,1,22.75,21,22.85,1,1,2022-06-22 09:18:08
1655889488215163000,22.85,1,22.75,21,22.9,30,1,2022-06-22 09:18:08
1655889488470123000,22.9,5,22.85,2,22.9,24,1,2022-06-22 09:18:08
1655889489755408000,22.9,2,22.75,23,22.9,22,1,2022-06-22 09:18:09
1655889489937163000,22.8,2,22.75,20,22.9,22,2,2022-06-22 09:18:09
1655889489937163000,22.75,1,22.75,20,22.9,22,2,2022-06-22 09:18:09
1655889492608429000,22.85,3,22.75,20,22.9,30,1,2022-06-22 09:18:12
1655889500763710000,22.85,1,22.8,66,22.85,1,1,2022-06-22 09:18:20
1655889504322215000,22.85,2,22.8,66,22.9,22,1,2022-06-22 09:18:24
1655889504322215000,22.9,8,22.8,66,22.9,22,1,2022-06-22 09:18:24
1655889504380625000,22.9,1,22.8,66,22.9,21,1,2022-06-22 09:18:24
1655889507321330000,22.9,10,22.85,4,22.9,12,1,2022-06-22 09:18:27
1655889508855967000,22.9,12,22.9,3,22.95,6,1,2022-06-22 09:18:28
1655889514426279000,22.95,2,22.9,5,22.95,5,1,2022-06-22 09:18:34
1655889517801081000,22.95,2,22.9,5,22.95,3,1,2022-06-22 09:18:37
1655889519113844000,22.95,1,22.9,4,22.95,2,1,2022-06-22 09:18:39
1655889519689637000,22.95,2,22.95,2,23.0,8,1,2022-06-22 09:18:39
1655889522440755000,22.95,2,22.9,6,22.95,8,2,2022-06-22 09:18:42
1655889523929046000,22.9,5,22.85,1,22.95,10,2,2022-06-22 09:18:43
1655889523929046000,22.85,5,22.85,1,22.95,10,2,2022-06-22 09:18:43
1655889524516311000,22.9,1,22.85,1,22.95,15,2,2022-06-22 09:18:44
1655889525436049000,22.95,3,22.85,1,22.95,13,1,2022-06-22 09:18:45
1655889526347727000,22.9,1,22.9,1,22.95,13,2,2022-06-22 09:18:46
1655889526348696000,22.9,1,22.85,1,22.95,12,2,2022-06-22 09:18:46
1655889526720436000,22.95,1,22.85,1,22.95,11,1,2022-06-22 09:18:46
1655889527071656000,22.95,2,22.85,1,22.95,9,1,2022-06-22 09:18:47
1655889527536017000,22.95,2,22.85,1,22.95,7,1,2022-06-22 09:18:47
1655889528914065000,22.95,5,22.85,2,22.95,2,1,2022-06-22 09:18:48
1655889528952499000,22.95,2,22.85,2,23.0,11,1,2022-06-22 09:18:48
1655889530103795000,22.95,1,22.9,1,22.95,5,2,2022-06-22 09:18:50
1655889534074691000,22.9,1,22.85,2,22.95,9,2,2022-06-22 09:18:54
1655889537385914000,22.9,1,22.85,2,22.95,9,2,2022-06-22 09:18:57
1655889537560425000,22.9,5,22.85,2,22.95,10,2,2022-06-22 09:18:57
1655889538259310000,22.95,10,22.95,40,23.0,9,1,2022-06-22 09:18:58
1655889539161812000,23.0,1,22.95,40,23.0,10,1,2022-06-22 09:18:59
1655889539210114000,23.0,2,22.95,40,23.0,8,1,2022-06-22 09:18:59
1655889540645607000,23.0,5,22.95,40,23.0,1,1,2022-06-22 09:19:00
1655889542078037000,23.0,1,22.95,40,23.05,23,1,2022-06-22 09:19:02
1655889542383489000,23.0,1,22.95,40,23.0,3,1,2022-06-22 09:19:02
1655889544895651000,23.0,1,22.95,45,23.0,3,1,2022-06-22 09:19:04
1655889546932073000,23.0,3,22.95,46,23.05,23,1,2022-06-22 09:19:06
1655889549352618000,23.0,2,22.95,46,23.0,8,1,2022-06-22 09:19:09
1655889549701632000,23.0,5,22.95,46,23.0,3,1,2022-06-22 09:19:09
1655889552337756000,23.0,1,22.95,46,23.0,3,1,2022-06-22 09:19:12
1655889554222253000,23.0,2,22.95,46,23.0,1,1,2022-06-22 09:19:14
1655889555215750000,23.0,1,22.95,46,23.05,26,1,2022-06-22 09:19:15
1655889561625490000,23.0,4,23.0,2,23.05,25,2,2022-06-22 09:19:21
1655889561664741000,23.0,2,22.95,41,23.05,25,2,2022-06-22 09:19:21
1655889562904137000,23.0,2,22.95,41,23.05,26,2,2022-06-22 09:19:22
1655889565181625000,22.95,24,22.95,17,23.0,1,2,2022-06-22 09:19:25
1655889565212723000,22.95,1,22.95,16,23.0,1,2,2022-06-22 09:19:25
1655889565212740000,22.95,1,22.95,15,23.0,1,2,2022-06-22 09:19:25
1655889565212756000,22.95,3,22.95,12,23.0,1,2,2022-06-22 09:19:25
1655889565213092000,22.95,12,22.9,8,22.95,5,2,2022-06-22 09:19:25
1655889565675530000,22.95,10,23.0,9,23.05,27,1,2022-06-22 09:19:25
1655889565675530000,23.0,1,23.0,9,23.05,27,1,2022-06-22 09:19:25
1655889565702467000,23.0,1,23.0,8,23.05,27,2,2022-06-22 09:19:25
1655889565702886000,23.0,8,22.9,8,23.05,27,2,2022-06-22 09:19:25
1655889566627538000,23.0,1,23.0,5,23.05,29,2,2022-06-22 09:19:26
1655889566661207000,23.0,5,22.9,8,23.05,29,2,2022-06-22 09:19:26
1655889569708492000,22.95,1,22.9,8,23.0,12,2,2022-06-22 09:19:29
1655889571344897000,22.95,1,22.9,8,23.0,12,2,2022-06-22 09:19:31
1655889581020934000,22.9,2,22.9,7,23.0,15,2,2022-06-22 09:19:41
1655889581049834000,22.9,7,22.85,2,23.0,15,2,2022-06-22 09:19:41
1655889582831780000,22.85,2,22.8,64,22.95,4,2,2022-06-22 09:19:42
1655889590148013000,22.9,1,22.8,63,22.9,3,1,2022-06-22 09:19:50
1655889595682481000,22.9,1,22.85,5,22.9,2,1,2022-06-22 09:19:55
1655889598556827000,22.9,1,22.85,5,22.9,1,1,2022-06-22 09:19:58
1655889600942367000,22.9,1,22.85,5,22.95,7,1,2022-06-22 09:20:00
1655889612119274000,22.9,2,22.85,5,22.95,21,2,2022-06-22 09:20:12
1655889615499262000,22.85,7,22.85,1,22.95,21,2,2022-06-22 09:20:15
1655889615531714000,22.85,1,22.8,63,22.95,21,2,2022-06-22 09:20:15
1655889620453088000,22.85,1,22.8,63,22.95,21,2,2022-06-22 09:20:20
1655889621590647000,22.85,1,22.8,63,22.95,21,2,2022-06-22 09:20:21
1655889624306272000,22.9,4,22.9,6,22.95,21,1,2022-06-22 09:20:24
1655889624339400000,22.9,1,22.9,5,22.95,21,2,2022-06-22 09:20:24
1655889624370377000,22.9,2,22.9,3,22.95,21,2,2022-06-22 09:20:24
1655889627048816000,22.9,3,22.8,63,22.9,2,2,2022-06-22 09:20:27
1655889627144093000,22.85,1,22.8,63,22.85,4,1,2022-06-22 09:20:27
1655889627710925000,22.85,4,22.8,63,22.95,17,1,2022-06-22 09:20:27
1655889627710925000,22.9,2,22.8,63,22.95,17,1,2022-06-22 09:20:27
1655889627710925000,22.95,4,22.8,63,22.95,17,1,2022-06-22 09:20:27
1655889629022639000,22.85,2,22.8,63,22.95,17,1,2022-06-22 09:20:29
1655889632387410000,22.85,2,22.8,55,22.95,17,2,2022-06-22 09:20:32
1655889632387410000,22.8,8,22.8,55,22.95,17,2,2022-06-22 09:20:32
1655889634371162000,22.85,7,22.8,55,22.95,36,2,2022-06-22 09:20:34
1655889635383050000,22.95,5,22.8,55,22.95,31,1,2022-06-22 09:20:35
1655889642382932000,22.8,2,22.8,56,22.9,9,2,2022-06-22 09:20:42
1655889649430677000,22.85,5,22.8,56,22.9,9,1,2022-06-22 09:20:49
1655889658756090000,22.85,1,22.8,56,22.9,8,1,2022-06-22 09:20:58
1655889658756090000,22.9,2,22.8,56,22.9,8,1,2022-06-22 09:20:58
1655889661955709000,22.85,5,22.85,2,22.9,6,2,2022-06-22 09:21:01
1655889661980554000,22.85,1,22.85,1,22.9,6,2,2022-06-22 09:21:01
1655889667953443000,22.85,2,22.8,56,22.9,11,2,2022-06-22 09:21:07
1655889667975797000,22.8,3,22.8,53,22.9,11,2,2022-06-22 09:21:07
1655889672700863000,22.85,1,22.8,53,22.9,14,2,2022-06-22 09:21:12
1655889672741586000,22.8,53,22.75,6,22.9,14,2,2022-06-22 09:21:12
1655889677002906000,22.75,5,22.7,17,22.8,1,2,2022-06-22 09:21:17
1655889679480001000,22.7,1,22.7,16,22.8,4,2,2022-06-22 09:21:19
1655889684222584000,22.8,10,22.7,16,22.8,1,1,2022-06-22 09:21:24
1655889687177283000,22.8,1,22.7,16,22.8,5,1,2022-06-22 09:21:27
1655889689245832000,22.7,1,22.7,15,22.8,5,2,2022-06-22 09:21:29
1655889692571301000,22.8,5,22.7,15,22.85,13,1,2022-06-22 09:21:32
1655889713663025000,22.85,5,22.7,18,22.85,2,1,2022-06-22 09:21:53
1655889722474857000,22.85,5,22.75,2,22.9,14,1,2022-06-22 09:22:02
1655889767255334000,22.85,1,22.75,10,22.9,13,2,2022-06-22 09:22:47
1655889790033972000,22.75,10,22.7,16,22.85,1,2,2022-06-22 09:23:10
1655889790033972000,22.7,5,22.7,16,22.85,1,2,2022-06-22 09:23:10
1655889830763803000,22.75,1,22.7,22,22.75,7,1,2022-06-22 09:23:50
1655889875063388000,22.75,1,22.7,25,22.75,6,1,2022-06-22 09:24:35
1655889879761804000,22.7,1,22.7,24,22.75,6,2,2022-06-22 09:24:39
1655889902655356000,22.7,1,22.7,24,22.75,6,2,2022-06-22 09:25:02
1655889911291920000,22.7,1,22.7,23,22.75,6,2,2022-06-22 09:25:11
1655889921294722000,22.7,34,22.7,1,22.75,6,2,2022-06-22 09:25:21
1655889922372601000,22.7,1,22.65,28,22.75,11,2,2022-06-22 09:25:22
1655889923659935000,22.65,2,22.65,26,22.75,11,2,2022-06-22 09:25:23
1655889928334932000,22.7,1,22.65,24,22.75,12,2,2022-06-22 09:25:28
1655889928334932000,22.65,1,22.65,24,22.75,12,2,2022-06-22 09:25:28
1655889928372219000,22.65,24,22.6,78,22.75,12,2,2022-06-22 09:25:28
1655889941597027000,22.6,1,22.6,77,22.7,16,2,2022-06-22 09:25:41
1655889941634405000,22.6,12,22.6,65,22.7,16,2,2022-06-22 09:25:41
1655889956235031000,22.65,1,22.6,66,22.7,18,2,2022-06-22 09:25:56
1655889960280191000,22.65,1,22.6,67,22.7,18,2,2022-06-22 09:26:00
1655889973973754000,22.65,2,22.65,1,22.7,16,2,2022-06-22 09:26:13
1655889974212803000,22.65,1,22.6,68,22.7,16,2,2022-06-22 09:26:14
1655890003396471000,22.65,2,22.6,68,22.65,3,1,2022-06-22 09:26:43
1655890016735183000,22.65,5,22.6,69,22.7,16,1,2022-06-22 09:26:56
1655890027528427000,22.65,1,22.6,69,22.65,1,2,2022-06-22 09:27:07
1655890030274759000,22.65,1,22.6,69,22.65,4,1,2022-06-22 09:27:10
1655890064473526000,22.65,1,22.6,69,22.65,8,1,2022-06-22 09:27:44
1655890086997326000,22.6,27,22.6,42,22.65,8,2,2022-06-22 09:28:06
1655890087032729000,22.6,2,22.6,40,22.65,8,2,2022-06-22 09:28:07
1655890094310731000,22.6,40,22.55,27,22.65,8,2,2022-06-22 09:28:14
1655890094332271000,22.55,25,22.55,2,22.65,8,2,2022-06-22 09:28:14
1655890097508968000,22.55,2,22.5,58,22.6,9,2,2022-06-22 09:28:17
1655890097508968000,22.5,3,22.5,58,22.6,9,2,2022-06-22 09:28:17
1655890100249679000,22.5,40,22.5,18,22.6,12,2,2022-06-22 09:28:20
1655890102040107000,22.5,2,22.5,16,22.6,12,2,2022-06-22 09:28:22
1655890102311527000,22.5,10,22.5,6,22.6,12,2,2022-06-22 09:28:22
1655890102714539000,22.5,6,22.45,16,22.55,1,2,2022-06-22 09:28:22
1655890104736714000,22.5,1,22.45,16,22.5,19,1,2022-06-22 09:28:24
1655890104779021000,22.45,16,22.4,7,22.5,19,2,2022-06-22 09:28:24
1655890110948054000,22.4,2,22.4,6,22.5,22,2,2022-06-22 09:28:30
1655890111274859000,22.5,1,22.4,6,22.5,21,1,2022-06-22 09:28:31
1655890111981304000,22.4,7,22.35,1,22.4,3,2,2022-06-22 09:28:31
1655890112064269000,22.4,3,22.35,3,22.5,21,1,2022-06-22 09:28:32
1655890112099023000,22.35,1,22.35,2,22.5,20,2,2022-06-22 09:28:32
1655890114973874000,22.35,1,22.3,16,22.5,21,1,2022-06-22 09:28:34
1655890115302446000,22.4,1,22.35,2,22.45,4,2,2022-06-22 09:28:35
1655890116017138000,22.4,2,22.3,14,22.4,16,1,2022-06-22 09:28:36
1655890116554220000,22.4,1,22.35,12,22.4,15,1,2022-06-22 09:28:36
1655890121372661000,22.35,1,22.35,12,22.4,17,2,2022-06-22 09:28:41
1655890122053657000,22.35,2,22.35,10,22.4,17,2,2022-06-22 09:28:42
1655890123582749000,22.35,1,22.35,9,22.4,17,2,2022-06-22 09:28:43
1655890123902782000,22.35,2,22.35,5,22.4,17,2,2022-06-22 09:28:43
1655890124228467000,22.35,3,22.35,2,22.4,17,2,2022-06-22 09:28:44
1655890126329244000,22.35,2,22.3,15,22.35,8,2,2022-06-22 09:28:46
1655890127303681000,22.35,6,22.3,13,22.35,6,1,2022-06-22 09:28:47
1655890127331206000,22.35,6,22.3,13,22.4,18,1,2022-06-22 09:28:47
1655890130349404000,22.35,1,22.35,8,22.4,17,2,2022-06-22 09:28:50
1655890130606754000,22.4,1,22.35,8,22.4,17,1,2022-06-22 09:28:50
1655890130664978000,22.4,10,22.35,8,22.4,7,1,2022-06-22 09:28:50
1655890130700207000,22.4,7,22.35,8,22.45,5,1,2022-06-22 09:28:50
1655890132825818000,22.4,1,22.35,13,22.45,3,1,2022-06-22 09:28:52
1655890133459965000,22.4,2,22.35,15,22.4,1,1,2022-06-22 09:28:53
1655890133497627000,22.4,1,22.35,15,22.45,3,1,2022-06-22 09:28:53
1655890139215766000,22.45,1,22.4,7,22.45,1,1,2022-06-22 09:28:59
1655890141646905000,22.4,1,22.4,8,22.45,1,2,2022-06-22 09:29:01
1655890141793273000,22.45,1,22.4,8,22.5,21,1,2022-06-22 09:29:01
1655890142063886000,22.4,1,22.4,9,22.5,19,2,2022-06-22 09:29:02
1655890153188378000,22.4,1,22.4,7,22.45,3,2,2022-06-22 09:29:13
1655890155549689000,22.4,1,22.4,10,22.45,3,2,2022-06-22 09:29:15
1655890161636603000,22.4,1,22.4,10,22.45,3,2,2022-06-22 09:29:21
1655890162867409000,22.45,3,22.45,2,22.5,19,1,2022-06-22 09:29:22
1655890168894837000,22.5,1,22.45,4,22.5,16,1,2022-06-22 09:29:28
1655890169574054000,22.45,2,22.45,2,22.5,16,2,2022-06-22 09:29:29
1655890183420324000,22.5,1,22.45,8,22.5,15,1,2022-06-22 09:29:43
1655890184408815000,22.45,6,22.45,2,22.5,15,2,2022-06-22 09:29:44
1655890191926886000,22.45,5,22.4,9,22.5,20,2,2022-06-22 09:29:51
1655890197996984000,22.4,3,22.4,8,22.45,1,2,2022-06-22 09:29:57
1655890198029667000,22.4,1,22.4,7,22.45,1,2,2022-06-22 09:29:58
1655890202807128000,22.4,4,22.4,3,22.45,6,2,2022-06-22 09:30:02
1655890202830465000,22.4,3,22.35,10,22.45,6,2,2022-06-22 09:30:02
1655890215570686000,22.4,1,22.35,8,22.45,7,1,2022-06-22 09:30:15
1655890220358553000,22.4,1,22.35,9,22.45,7,1,2022-06-22 09:30:20
1655890224542931000,22.4,1,22.35,13,22.45,6,1,2022-06-22 09:30:24
1655890224607301000,22.45,6,22.35,13,22.5,22,1,2022-06-22 09:30:24
1655890224607301000,22.5,4,22.35,13,22.5,22,1,2022-06-22 09:30:24
1655890225534243000,22.4,1,22.4,1,22.5,21,2,2022-06-22 09:30:25
1655890249657863000,22.4,1,22.4,11,22.5,21,2,2022-06-22 09:30:49
1655890257819598000,22.4,4,22.4,6,22.45,1,2,2022-06-22 09:30:57
1655890258578159000,22.4,2,22.4,4,22.45,1,2,2022-06-22 09:30:58
1655890274273637000,22.4,7,22.35,18,22.4,23,2,2022-06-22 09:31:14
1655890287111141000,22.35,15,22.35,1,22.4,34,2,2022-06-22 09:31:27
1655890287134716000,22.35,1,22.3,16,22.4,34,2,2022-06-22 09:31:27
1655890291775977000,22.3,1,22.3,13,22.4,26,2,2022-06-22 09:31:31
1655890296129398000,22.3,5,22.3,8,22.35,6,2,2022-06-22 09:31:36
1655890296310480000,22.3,5,22.3,3,22.35,6,2,2022-06-22 09:31:36
1655890296315921000,22.35,1,22.3,3,22.35,5,1,2022-06-22 09:31:36
1655890299036646000,22.3,3,22.2,24,22.3,8,2,2022-06-22 09:31:39
1655890299826707000,22.3,1,22.2,24,22.3,7,1,2022-06-22 09:31:39
1655890302685136000,22.3,1,22.2,24,22.3,6,1,2022-06-22 09:31:42
1655890305893287000,22.3,1,22.2,26,22.3,5,1,2022-06-22 09:31:45
1655890307596075000,22.3,2,22.2,26,22.3,13,1,2022-06-22 09:31:47
1655890308534034000,22.3,1,22.2,26,22.3,12,1,2022-06-22 09:31:48
1655890313019954000,22.3,2,22.2,26,22.3,11,1,2022-06-22 09:31:53
1655890315669543000,22.3,1,22.2,26,22.3,10,1,2022-06-22 09:31:55
1655890327742499000,22.25,3,22.25,1,22.3,10,2,2022-06-22 09:32:07
1655890331896401000,22.25,1,22.25,3,22.3,10,2,2022-06-22 09:32:11
1655890332572923000,22.3,1,22.25,3,22.3,9,1,2022-06-22 09:32:12
1655890332629471000,22.3,9,22.25,3,22.35,5,1,2022-06-22 09:32:12
1655890332928076000,22.25,1,22.25,2,22.35,7,2,2022-06-22 09:32:12
1655890335024196000,22.25,5,22.2,27,22.35,7,2,2022-06-22 09:32:15
1655890337703035000,22.25,2,22.2,27,22.35,7,2,2022-06-22 09:32:17
1655890349349525000,22.3,2,22.25,8,22.35,7,1,2022-06-22 09:32:29
1655890350504563000,22.3,1,22.25,8,22.35,7,1,2022-06-22 09:32:30
1655890356564055000,22.35,1,22.3,1,22.35,4,1,2022-06-22 09:32:36
1655890360481322000,22.3,1,22.3,1,22.35,4,2,2022-06-22 09:32:40
1655890390325092000,22.3,7,22.25,19,22.3,16,2,2022-06-22 09:33:10
1655890396231796000,22.25,3,22.25,16,22.3,16,2,2022-06-22 09:33:16
1655890399277036000,22.3,1,22.25,16,22.3,15,1,2022-06-22 09:33:19
1655890402097635000,22.25,16,22.2,6,22.3,15,2,2022-06-22 09:33:22
1655890402097635000,22.2,23,22.2,6,22.3,15,2,2022-06-22 09:33:22
1655890407631402000,22.25,1,22.2,6,22.25,11,1,2022-06-22 09:33:27
1655890408881588000,22.2,2,22.2,4,22.25,11,2,2022-06-22 09:33:28
1655890412885852000,22.2,3,22.2,1,22.25,12,2,2022-06-22 09:33:32
1655890413342632000,22.2,1,22.15,14,22.2,4,2,2022-06-22 09:33:33
1655890418269214000,22.2,1,22.15,14,22.2,14,1,2022-06-22 09:33:38
1655890424583796000,22.2,14,22.15,15,22.25,12,1,2022-06-22 09:33:44
1655890428417643000,22.25,1,22.2,2,22.25,10,1,2022-06-22 09:33:48
1655890428443473000,22.25,10,22.2,2,22.3,15,1,2022-06-22 09:33:48
1655890428659265000,22.3,3,22.2,5,22.3,12,1,2022-06-22 09:33:48
1655890428687887000,22.3,12,22.2,5,22.35,1,1,2022-06-22 09:33:48
1655890434489143000,22.35,3,22.25,3,22.4,5,1,2022-06-22 09:33:54
1655890434489143000,22.4,2,22.25,3,22.4,5,1,2022-06-22 09:33:54
1655890441717464000,22.4,1,22.3,5,22.4,17,1,2022-06-22 09:34:01
1655890443762682000,22.4,5,22.35,10,22.4,15,1,2022-06-22 09:34:03
1655890447643174000,22.4,3,22.35,10,22.4,6,1,2022-06-22 09:34:07
1655890447821620000,22.4,6,22.4,4,22.45,6,1,2022-06-22 09:34:07
1655890447857229000,22.4,4,22.35,10,22.45,6,2,2022-06-22 09:34:07
1655890449910744000,22.4,1,22.35,10,22.45,8,2,2022-06-22 09:34:09
1655890456146646000,22.4,5,22.35,8,22.45,15,2,2022-06-22 09:34:16
1655890456146646000,22.35,3,22.35,8,22.45,15,2,2022-06-22 09:34:16
1655890459720107000,22.35,7,22.35,1,22.4,8,2,2022-06-22 09:34:19
1655890459751845000,22.35,1,22.3,5,22.4,8,2,2022-06-22 09:34:19
1655890461217998000,22.4,1,22.3,5,22.4,9,1,2022-06-22 09:34:21
1655890465496448000,22.4,1,22.3,7,22.4,8,1,2022-06-22 09:34:25
1655890468865795000,22.3,7,22.25,19,22.4,8,2,2022-06-22 09:34:28
1655890468865795000,22.25,8,22.25,19,22.4,8,2,2022-06-22 09:34:28
1655890479317664000,22.3,1,22.25,14,22.35,3,2,2022-06-22 09:34:39
1655890479317664000,22.25,5,22.25,14,22.35,3,2,2022-06-22 09:34:39
1655890486923642000,22.35,1,22.3,3,22.35,2,1,2022-06-22 09:34:46
1655890508818199000,22.35,1,22.3,4,22.35,3,1,2022-06-22 09:35:08
1655890509188603000,22.35,1,22.3,4,22.35,2,1,2022-06-22 09:35:09
1655890509215246000,22.35,2,22.3,4,22.4,5,1,2022-06-22 09:35:09
1655890515126385000,22.35,1,22.3,6,22.4,22,2,2022-06-22 09:35:15
1655890533646311000,22.35,2,22.3,10,22.35,1,1,2022-06-22 09:35:33
1655890549202638000,22.35,1,22.3,10,22.4,26,1,2022-06-22 09:35:49
1655890573900694000,22.35,3,22.3,11,22.4,30,2,2022-06-22 09:36:13
1655890594151570000,22.35,1,22.3,10,22.4,27,1,2022-06-22 09:36:34
1655890594151570000,22.4,3,22.3,10,22.4,27,1,2022-06-22 09:36:34
1655890663418299000,22.4,5,22.35,3,22.4,26,1,2022-06-22 09:37:43
1655890666333191000,22.4,1,22.35,3,22.4,25,1,2022-06-22 09:37:46
1655890678301348000,22.35,1,22.35,2,22.4,25,2,2022-06-22 09:37:58
1655890678407720000,22.35,1,22.35,1,22.4,27,2,2022-06-22 09:37:58
1655890685404222000,22.35,2,22.3,18,22.4,25,2,2022-06-22 09:38:05
1655890724097939000,22.35,1,22.35,2,22.4,24,2,2022-06-22 09:38:44
1655890730692135000,22.35,1,22.35,1,22.4,24,2,2022-06-22 09:38:50
1655890828935661000,22.35,1,22.3,21,22.4,24,2,2022-06-22 09:40:28
1655890866449483000,22.35,1,22.3,21,22.4,24,1,2022-06-22 09:41:06
1655890873532934000,22.35,1,22.3,21,22.4,24,1,2022-06-22 09:41:13
1655890920621316000,22.35,2,22.3,24,22.4,24,2,2022-06-22 09:42:00
1655890944685717000,22.35,3,22.3,24,22.35,1,2,2022-06-22 09:42:24
1655890996858065000,22.35,1,22.3,24,22.35,5,1,2022-06-22 09:43:16
1655890998085240000,22.3,16,22.3,8,22.35,5,2,2022-06-22 09:43:18
1655890998182770000,22.3,2,22.3,6,22.35,7,2,2022-06-22 09:43:18
1655891010483392000,22.3,6,22.25,7,22.3,9,2,2022-06-22 09:43:30
1655891010514778000,22.25,7,22.2,30,22.3,9,2,2022-06-22 09:43:30
1655891012609166000,22.25,1,22.2,28,22.25,3,1,2022-06-22 09:43:32
1655891012646851000,22.2,13,22.2,15,22.25,3,2,2022-06-22 09:43:32
1655891014345589000,22.2,1,22.2,14,22.25,3,2,2022-06-22 09:43:34
1655891017273023000,22.2,1,22.2,13,22.25,3,2,2022-06-22 09:43:37
1655891017340696000,22.2,13,22.15,33,22.25,5,2,2022-06-22 09:43:37
1655891017340696000,22.15,7,22.15,33,22.25,5,2,2022-06-22 09:43:37
1655891017445624000,22.15,5,22.15,28,22.25,7,2,2022-06-22 09:43:37
1655891050025996000,22.2,2,22.15,28,22.25,2,1,2022-06-22 09:44:10
1655891052900547000,22.15,4,22.15,31,22.3,16,2,2022-06-22 09:44:12
1655891069562514000,22.2,1,22.15,35,22.25,1,2,2022-06-22 09:44:29
1655891072542969000,22.2,2,22.15,37,22.25,1,1,2022-06-22 09:44:32
1655891073024091000,22.15,3,22.15,34,22.25,1,2,2022-06-22 09:44:33
1655891079344418000,22.2,1,22.2,12,22.25,1,2,2022-06-22 09:44:39
1655891084912169000,22.25,2,22.2,12,22.25,1,1,2022-06-22 09:44:44
1655891100938898000,22.25,1,22.2,14,22.3,16,1,2022-06-22 09:45:00
1655891101139807000,22.25,1,22.2,14,22.25,4,1,2022-06-22 09:45:01
1655891111332619000,22.25,1,22.2,14,22.25,5,1,2022-06-22 09:45:11
1655891148994898000,22.25,5,22.2,14,22.3,22,1,2022-06-22 09:45:48
1655891154257171000,22.25,2,22.2,12,22.3,25,1,2022-06-22 09:45:54
1655891165619568000,22.3,1,22.2,12,22.3,24,1,2022-06-22 09:46:05
1655891166106745000,22.2,12,22.15,33,22.25,2,2,2022-06-22 09:46:06
1655891194320560000,22.2,2,22.2,11,22.25,7,2,2022-06-22 09:46:34
1655891204745068000,22.25,1,22.2,11,22.25,6,1,2022-06-22 09:46:44
1655891213926616000,22.2,10,22.2,1,22.25,6,2,2022-06-22 09:46:53
1655891213955433000,22.2,1,22.15,34,22.25,8,2,2022-06-22 09:46:53
1655891226039699000,22.15,7,22.15,27,22.25,7,2,2022-06-22 09:47:06
1655891243417682000,22.15,2,22.15,25,22.2,1,2,2022-06-22 09:47:23
1655891243441476000,22.15,1,22.15,24,22.2,1,2,2022-06-22 09:47:23
1655891243837167000,22.15,3,22.15,21,22.2,1,2,2022-06-22 09:47:23
1655891245221670000,22.15,5,22.15,16,22.2,1,2,2022-06-22 09:47:25
1655891246475189000,22.15,1,22.15,15,22.2,3,2,2022-06-22 09:47:26
1655891248719250000,22.2,2,22.15,15,22.2,1,1,2022-06-22 09:47:28
1655891250915561000,22.15,11,22.15,4,22.25,6,2,2022-06-22 09:47:30
1655891250948671000,22.15,4,22.1,52,22.25,6,2,2022-06-22 09:47:30
1655891262636699000,22.15,1,22.15,5,22.25,6,2,2022-06-22 09:47:42
1655891272183791000,22.15,1,22.15,5,22.2,14,2,2022-06-22 09:47:52
1655891281105894000,22.2,3,22.15,8,22.2,11,1,2022-06-22 09:48:01
1655891281126426000,22.2,11,22.15,8,22.25,6,1,2022-06-22 09:48:01
1655891312887511000,22.25,1,22.2,2,22.25,5,1,2022-06-22 09:48:32
1655891313264637000,22.2,4,22.15,5,22.25,5,2,2022-06-22 09:48:33
1655891313264637000,22.15,6,22.15,5,22.25,5,2,2022-06-22 09:48:33
1655891331379953000,22.2,3,22.2,4,22.25,4,2,2022-06-22 09:48:51
1655891344992255000,22.2,1,22.2,3,22.25,4,2,2022-06-22 09:49:04
1655891347838371000,22.2,2,22.2,1,22.25,4,2,2022-06-22 09:49:07
1655891356437181000,22.2,1,22.2,2,22.25,4,2,2022-06-22 09:49:16
1655891362830269000,22.2,1,22.2,1,22.25,4,2,2022-06-22 09:49:22
1655891367685853000,22.2,1,22.15,3,22.25,4,2,2022-06-22 09:49:27
1655891367685853000,22.15,9,22.15,3,22.25,4,2,2022-06-22 09:49:27
1655891391248243000,22.25,1,22.15,6,22.25,16,1,2022-06-22 09:49:51
1655891403752782000,22.15,10,22.15,2,22.25,16,2,2022-06-22 09:50:03
1655891403853984000,22.15,2,22.1,53,22.25,16,2,2022-06-22 09:50:03
1655891412034822000,22.2,1,22.1,53,22.25,8,2,2022-06-22 09:50:12
1655891414253276000,22.25,1,22.1,53,22.25,7,1,2022-06-22 09:50:14
1655891429339777000,22.2,1,22.15,3,22.25,7,2,2022-06-22 09:50:29
1655891437306753000,22.25,2,22.15,17,22.25,5,1,2022-06-22 09:50:37
1655891438048374000,22.25,1,22.15,19,22.25,4,1,2022-06-22 09:50:38
1655891443152987000,22.15,10,22.15,14,22.25,4,2,2022-06-22 09:50:43
1655891443642902000,22.2,3,22.15,12,22.25,6,2,2022-06-22 09:50:43
1655891445370064000,22.25,1,22.15,12,22.25,5,1,2022-06-22 09:50:45
1655891445706804000,22.25,2,22.15,12,22.25,3,1,2022-06-22 09:50:45
1655891473946375000,22.25,1,22.2,4,22.25,1,1,2022-06-22 09:51:13
1655891476596603000,22.25,1,22.2,4,22.3,15,1,2022-06-22 09:51:16
1655891477888130000,22.2,3,22.15,18,22.3,24,2,2022-06-22 09:51:17
1655891482858802000,22.25,1,22.15,18,22.25,4,1,2022-06-22 09:51:22
1655891493182909000,22.2,1,22.15,20,22.25,4,2,2022-06-22 09:51:33
1655891536127113000,22.2,1,22.15,24,22.25,11,2,2022-06-22 09:52:16
1655891536525931000,22.15,10,22.15,14,22.25,15,2,2022-06-22 09:52:16
1655891536556432000,22.15,14,22.1,43,22.25,15,2,2022-06-22 09:52:16
1655891538031736000,22.25,5,22.1,43,22.25,10,1,2022-06-22 09:52:18
1655891546508678000,22.1,4,22.1,39,22.2,10,2,2022-06-22 09:52:26
1655891546508960000,22.1,1,22.1,38,22.2,10,2,2022-06-22 09:52:26
1655891546551866000,22.1,2,22.1,36,22.2,10,2,2022-06-22 09:52:26
1655891546576730000,22.1,14,22.1,22,22.2,11,2,2022-06-22 09:52:26
1655891546613475000,22.1,10,22.1,12,22.2,11,2,2022-06-22 09:52:26
1655891546723800000,22.1,4,22.1,8,22.2,13,2,2022-06-22 09:52:26
1655891546726831000,22.1,8,22.05,23,22.2,13,2,2022-06-22 09:52:26
1655891554061183000,22.1,1,22.1,1,22.2,22,2,2022-06-22 09:52:34
1655891554146531000,22.1,1,22.05,24,22.2,22,2,2022-06-22 09:52:34
1655891561099565000,22.1,1,22.1,2,22.2,27,2,2022-06-22 09:52:41
1655891561209650000,22.1,1,22.1,1,22.2,27,2,2022-06-22 09:52:41
1655891565366918000,22.1,1,22.05,25,22.2,27,2,2022-06-22 09:52:45
1655891571386789000,22.05,2,22.05,23,22.2,33,2,2022-06-22 09:52:51
1655891591322192000,22.1,1,22.05,25,22.15,6,2,2022-06-22 09:53:11
1655891595653071000,22.1,1,22.05,26,22.15,6,2,2022-06-22 09:53:15
1655891597138221000,22.1,11,22.1,4,22.15,6,2,2022-06-22 09:53:17
1655891598494846000,22.15,1,22.1,4,22.15,5,1,2022-06-22 09:53:18
1655891607740175000,22.15,2,22.1,7,22.15,3,1,2022-06-22 09:53:27
1655891628348115000,22.15,1,22.15,1,22.2,6,1,2022-06-22 09:53:48
1655891628409674000,22.15,1,22.1,10,22.2,11,2,2022-06-22 09:53:48
1655891633529766000,22.15,1,22.1,9,22.2,11,2,2022-06-22 09:53:53
1655891681321155000,22.15,4,22.1,10,22.15,7,1,2022-06-22 09:54:41
1655891690269393000,22.15,7,22.1,11,22.2,13,1,2022-06-22 09:54:50
1655891693141738000,22.1,2,22.1,9,22.2,15,2,2022-06-22 09:54:53
1655891695490247000,22.15,2,22.15,2,22.2,15,2,2022-06-22 09:54:55
1655891783153064000,22.2,1,22.15,6,22.2,7,1,2022-06-22 09:56:23
1655891812694708000,22.2,1,22.15,7,22.2,6,1,2022-06-22 09:56:52
1655891823888528000,22.2,3,22.15,9,22.2,3,1,2022-06-22 09:57:03
1655891823908306000,22.2,3,22.15,9,22.25,5,1,2022-06-22 09:57:03
1655891827817821000,22.2,1,22.15,10,22.25,9,2,2022-06-22 09:57:07
1655891843604016000,22.2,5,22.15,12,22.25,11,2,2022-06-22 09:57:23
1655891845153420000,22.2,2,22.15,12,22.2,3,1,2022-06-22 09:57:25
1655891856030160000,22.2,1,22.15,15,22.25,9,2,2022-06-22 09:57:36
1655891898823496000,22.2,1,22.2,4,22.25,9,2,2022-06-22 09:58:18
1655891898858840000,22.2,4,22.15,19,22.25,9,2,2022-06-22 09:58:18
1655891901549726000,22.25,3,22.2,1,22.25,6,1,2022-06-22 09:58:21
1655891911109542000,22.25,1,22.2,1,22.25,5,1,2022-06-22 09:58:31
1655891915424318000,22.25,1,22.2,7,22.25,3,1,2022-06-22 09:58:35
1655891919662417000,22.25,1,22.2,9,22.25,2,1,2022-06-22 09:58:39
1655891919694971000,22.25,2,22.2,9,22.3,7,1,2022-06-22 09:58:39
1655891930979979000,22.3,3,22.25,8,22.3,2,1,2022-06-22 09:58:50
1655891934473048000,22.3,1,22.25,9,22.3,1,1,2022-06-22 09:58:54
1655891934930184000,22.3,1,22.3,1,22.35,15,1,2022-06-22 09:58:54
1655891936133011000,22.3,1,22.25,4,22.35,15,2,2022-06-22 09:58:56
1655891943133998000,22.3,5,22.25,4,22.35,18,2,2022-06-22 09:59:03
1655891948515326000,22.3,1,22.25,4,22.35,20,1,2022-06-22 09:59:08
1655891954509341000,22.3,1,22.25,5,22.35,19,1,2022-06-22 09:59:14
1655891960871068000,22.25,5,22.2,9,22.3,7,2,2022-06-22 09:59:20
1655892000077899000,22.25,1,22.2,16,22.3,11,1,2022-06-22 10:00:00
1655892000077899000,22.3,1,22.2,16,22.3,11,1,2022-06-22 10:00:00
1655892008560701000,22.3,1,22.2,16,22.3,10,1,2022-06-22 10:00:08
1655892035112942000,22.3,2,22.25,3,22.3,10,1,2022-06-22 10:00:35
1655892042822510000,22.3,8,22.25,4,22.3,2,1,2022-06-22 10:00:42
1655892044665477000,22.3,1,22.25,4,22.3,1,1,2022-06-22 10:00:44
1655892044705065000,22.3,1,22.25,4,22.35,17,1,2022-06-22 10:00:44
1655892091335276000,22.3,3,22.25,4,22.35,19,2,2022-06-22 10:01:31
1655892093327563000,22.25,4,22.2,10,22.35,27,2,2022-06-22 10:01:33
1655892148537970000,22.2,10,22.2,2,22.3,10,2,2022-06-22 10:02:28
1655892148576441000,22.2,2,22.15,20,22.3,10,2,2022-06-22 10:02:28
1655892225787119000,22.25,1,22.2,13,22.25,4,1,2022-06-22 10:03:45
1655892256630056000,22.2,14,22.15,20,22.25,6,2,2022-06-22 10:04:16
1655892268167610000,22.2,2,22.15,20,22.25,10,2,2022-06-22 10:04:28
1655892283955337000,22.15,21,22.1,19,22.25,10,2,2022-06-22 10:04:43
1655892286230706000,22.1,19,22.05,29,22.25,11,2,2022-06-22 10:04:46
1655892288437772000,22.05,15,22.05,14,22.15,30,2,2022-06-22 10:04:48
1655892288468307000,22.05,4,22.05,10,22.15,33,2,2022-06-22 10:04:48
1655892288591341000,22.05,10,22.0,49,22.1,4,2,2022-06-22 10:04:48
1655892288857416000,22.0,3,22.0,43,22.05,11,2,2022-06-22 10:04:48
1655892296517226000,22.0,43,21.95,9,22.05,36,2,2022-06-22 10:04:56
1655892298033499000,21.95,5,21.95,4,22.0,7,2,2022-06-22 10:04:58
1655892298084627000,21.95,4,21.9,19,22.0,7,2,2022-06-22 10:04:58
1655892298126715000,21.9,2,21.9,17,22.0,7,2,2022-06-22 10:04:58
1655892302740923000,21.9,1,21.9,16,22.0,23,2,2022-06-22 10:05:02
1655892304100777000,21.9,5,21.9,12,21.95,3,2,2022-06-22 10:05:04
1655892304602966000,21.9,5,21.9,7,21.95,3,2,2022-06-22 10:05:04
1655892304632244000,21.9,3,21.9,4,21.95,3,2,2022-06-22 10:05:04
1655892305344922000,21.9,4,21.85,15,21.95,3,2,2022-06-22 10:05:05
1655892306699653000,21.9,4,21.85,15,21.9,1,1,2022-06-22 10:05:06
1655892309379976000,21.9,2,21.85,15,21.9,3,1,2022-06-22 10:05:09
1655892313373932000,21.9,1,21.85,15,21.9,2,1,2022-06-22 10:05:13
1655892316848185000,21.9,2,21.85,15,21.9,5,1,2022-06-22 10:05:16
1655892322662522000,21.85,7,21.85,8,21.9,5,2,2022-06-22 10:05:22
1655892326853583000,21.85,5,21.85,3,21.9,5,2,2022-06-22 10:05:26
1655892327250260000,21.85,3,21.8,3,21.85,2,2,2022-06-22 10:05:27
1655892329183181000,21.8,1,21.8,2,21.85,2,2,2022-06-22 10:05:29
1655892331084555000,21.85,3,21.8,5,21.9,5,1,2022-06-22 10:05:31
1655892332342175000,21.8,1,21.8,11,21.9,5,2,2022-06-22 10:05:32
1655892343634681000,21.85,5,21.8,21,21.85,5,2,2022-06-22 10:05:43
1655892343665974000,21.85,5,21.8,21,21.9,12,1,2022-06-22 10:05:43
1655892344557706000,21.9,2,21.8,21,21.9,10,1,2022-06-22 10:05:44
1655892355904119000,21.85,2,21.85,5,21.9,10,2,2022-06-22 10:05:55
1655892367804189000,21.85,3,21.85,9,21.9,10,2,2022-06-22 10:06:07
1655892369955526000,21.85,1,21.85,6,21.9,10,2,2022-06-22 10:06:09
1655892370531439000,21.85,1,21.85,5,21.9,11,2,2022-06-22 10:06:10
1655892370822420000,21.85,4,21.85,1,21.9,11,2,2022-06-22 10:06:10
1655892372239333000,21.85,1,21.85,1,21.9,11,2,2022-06-22 10:06:12
1655892378242740000,21.85,3,21.85,1,21.9,14,2,2022-06-22 10:06:18
1655892386121065000,21.85,1,21.85,2,21.9,12,2,2022-06-22 10:06:26
1655892391229400000,21.85,2,21.8,22,21.9,12,2,2022-06-22 10:06:31
1655892396483431000,21.8,11,21.8,11,21.9,12,2,2022-06-22 10:06:36
1655892397277603000,21.85,1,21.8,11,21.9,36,2,2022-06-22 10:06:37
1655892401675236000,21.8,1,21.8,10,21.85,1,2,2022-06-22 10:06:41
1655892401714480000,21.8,2,21.8,8,21.85,1,2,2022-06-22 10:06:41
1655892407509583000,21.85,1,21.8,5,21.85,4,1,2022-06-22 10:06:47
1655892412855662000,21.8,5,21.75,22,21.85,4,2,2022-06-22 10:06:52
1655892416042806000,21.75,22,21.7,9,21.75,20,2,2022-06-22 10:06:56
1655892417883449000,21.7,1,21.7,8,21.75,24,2,2022-06-22 10:06:57
1655892419333084000,21.7,2,21.7,13,21.75,24,2,2022-06-22 10:06:59
1655892420189639000,21.7,1,21.7,12,21.75,24,2,2022-06-22 10:07:00
1655892420596366000,21.75,3,21.7,12,21.75,21,1,2022-06-22 10:07:00
1655892421514485000,21.7,1,21.7,11,21.75,21,2,2022-06-22 10:07:01
1655892424610525000,21.7,5,21.7,6,21.75,22,2,2022-06-22 10:07:04
1655892425203792000,21.7,1,21.7,6,21.75,22,2,2022-06-22 10:07:05
1655892427901618000,21.7,4,21.7,7,21.75,22,2,2022-06-22 10:07:07
1655892428146988000,21.7,1,21.7,4,21.75,22,2,2022-06-22 10:07:08
1655892429234936000,21.7,2,21.7,5,21.75,22,2,2022-06-22 10:07:09
1655892430223009000,21.7,3,21.65,19,21.7,1,2,2022-06-22 10:07:10
1655892430249590000,21.7,1,21.65,19,21.75,22,1,2022-06-22 10:07:10
1655892430563320000,21.7,1,21.65,21,21.7,2,1,2022-06-22 10:07:10
1655892430567831000,21.7,2,21.65,21,21.75,22,1,2022-06-22 10:07:10
1655892431613799000,21.75,5,21.65,22,21.75,17,1,2022-06-22 10:07:11
1655892431643622000,21.75,17,21.65,22,21.8,5,1,2022-06-22 10:07:11
1655892433679201000,21.75,4,21.7,9,21.75,1,1,2022-06-22 10:07:13
1655892433710251000,21.75,1,21.7,9,21.8,9,1,2022-06-22 10:07:13
1655892435122132000,21.7,1,21.7,10,21.8,9,2,2022-06-22 10:07:15
1655892435787855000,21.8,1,21.7,17,21.8,8,1,2022-06-22 10:07:15
1655892436592729000,21.8,1,21.75,5,21.8,7,1,2022-06-22 10:07:16
1655892438671205000,21.75,5,21.7,19,21.8,7,2,2022-06-22 10:07:18
1655892438671205000,21.7,1,21.7,19,21.8,7,2,2022-06-22 10:07:18
1655892441316671000,21.7,1,21.7,18,21.8,7,2,2022-06-22 10:07:21
1655892443377015000,21.8,1,21.7,20,21.8,6,1,2022-06-22 10:07:23
1655892448025272000,21.75,1,21.75,5,21.8,7,2,2022-06-22 10:07:28
1655892451074326000,21.8,7,21.75,5,21.85,7,1,2022-06-22 10:07:31
1655892475497066000,21.8,1,21.8,9,21.85,10,2,2022-06-22 10:07:55
1655892475756940000,21.85,1,21.8,9,21.85,9,1,2022-06-22 10:07:55
1655892478863674000,21.85,9,21.8,19,21.9,8,1,2022-06-22 10:07:58
1655892481796434000,21.9,1,21.8,21,21.9,8,1,2022-06-22 10:08:01
1655892488702999000,21.9,1,21.85,4,21.9,7,1,2022-06-22 10:08:08
1655892491333527000,21.9,1,21.85,4,21.9,6,1,2022-06-22 10:08:11
1655892491868204000,21.9,1,21.85,4,21.9,5,1,2022-06-22 10:08:11
1655892492531445000,21.9,1,21.85,4,21.9,4,1,2022-06-22 10:08:12
1655892494497859000,21.9,2,21.85,5,21.9,2,1,2022-06-22 10:08:14
1655892494713731000,21.85,5,21.8,21,21.9,9,2,2022-06-22 10:08:14
1655892495963104000,21.9,1,21.8,20,21.9,10,1,2022-06-22 10:08:15
1655892497463697000,21.85,1,21.8,20,21.9,14,2,2022-06-22 10:08:17
1655892504921188000,21.9,1,21.8,19,21.9,13,1,2022-06-22 10:08:24
1655892508996842000,21.85,1,21.8,19,21.9,13,2,2022-06-22 10:08:28
1655892517114508000,21.85,1,21.8,18,21.9,20,2,2022-06-22 10:08:37
1655892517435627000,21.85,1,21.8,18,21.9,20,2,2022-06-22 10:08:37
1655892520501455000,21.8,12,21.8,6,21.85,9,2,2022-06-22 10:08:40
1655892520529054000,21.8,6,21.75,2,21.85,9,2,2022-06-22 10:08:40
1655892522371205000,21.8,1,21.75,1,21.8,4,1,2022-06-22 10:08:42
1655892524653640000,21.8,4,21.8,1,21.85,10,1,2022-06-22 10:08:44
1655892524800981000,21.8,1,21.75,1,21.85,20,2,2022-06-22 10:08:44
1655892527734747000,21.75,1,21.75,1,21.8,17,2,2022-06-22 10:08:47
1655892530733592000,21.75,1,21.7,10,21.8,21,2,2022-06-22 10:08:50
1655892538245586000,21.7,7,21.7,7,21.75,4,2,2022-06-22 10:08:58
1655892540853361000,21.75,2,21.7,7,21.75,2,1,2022-06-22 10:09:00
1655892553313227000,21.75,3,21.75,2,21.8,27,1,2022-06-22 10:09:13
1655892557692858000,21.8,25,21.75,3,21.85,11,1,2022-06-22 10:09:17
1655892559690904000,21.75,2,21.75,2,21.85,10,2,2022-06-22 10:09:19
1655892581364901000,21.85,10,21.8,5,21.85,6,1,2022-06-22 10:09:41
1655892581397211000,21.85,1,21.8,5,21.85,5,1,2022-06-22 10:09:41
1655892581397237000,21.85,1,21.8,5,21.85,4,1,2022-06-22 10:09:41
1655892581397253000,21.85,1,21.8,5,21.85,3,1,2022-06-22 10:09:41
1655892581397256000,21.85,1,21.8,5,21.85,2,1,2022-06-22 10:09:41
1655892581397292000,21.85,1,21.8,5,21.85,1,1,2022-06-22 10:09:41
1655892581397685000,21.85,1,21.8,5,21.95,14,1,2022-06-22 10:09:41
1655892585535099000,21.8,6,21.75,10,21.8,19,2,2022-06-22 10:09:45
1655892589015006000,21.8,1,21.75,10,21.8,18,1,2022-06-22 10:09:49
1655892593960886000,21.8,1,21.75,8,21.8,17,1,2022-06-22 10:09:53
1655892594386390000,21.8,1,21.75,8,21.8,16,1,2022-06-22 10:09:54
1655892599463471000,21.8,2,21.75,8,21.8,14,1,2022-06-22 10:09:59
1655892607289563000,21.75,4,21.75,4,21.8,16,2,2022-06-22 10:10:07
1655892630848668000,21.75,7,21.7,10,21.75,3,2,2022-06-22 10:10:30
1655892637252888000,21.7,9,21.65,5,21.7,1,2,2022-06-22 10:10:37
1655892649125242000,21.65,2,21.65,4,21.7,3,2,2022-06-22 10:10:49
1655892667893042000,21.65,2,21.65,11,21.7,4,2,2022-06-22 10:11:07
1655892673370144000,21.65,12,21.6,39,21.65,2,2,2022-06-22 10:11:13
1655892673400953000,21.65,2,21.6,39,21.7,4,1,2022-06-22 10:11:13
1655892678838085000,21.7,4,21.7,1,21.75,4,1,2022-06-22 10:11:18
1655892691797021000,21.75,5,21.7,11,21.8,2,1,2022-06-22 10:11:31
1655892699529164000,21.75,4,21.7,12,21.8,2,2,2022-06-22 10:11:39
1655892699529164000,21.7,1,21.7,12,21.8,2,2,2022-06-22 10:11:39
1655892712389641000,21.7,1,21.7,16,21.75,11,2,2022-06-22 10:11:52
1655892712421642000,21.7,16,21.65,28,21.75,11,2,2022-06-22 10:11:52
1655892722555904000,21.7,2,21.65,23,21.75,12,1,2022-06-22 10:12:02
1655892730018029000,21.7,2,21.7,4,21.75,15,2,2022-06-22 10:12:10
1655892733462174000,21.7,5,21.65,23,21.7,1,2,2022-06-22 10:12:13
1655892734438800000,21.7,1,21.7,1,21.75,10,1,2022-06-22 10:12:14
1655892755307344000,21.7,3,21.65,23,21.7,2,2,2022-06-22 10:12:35
1655892755401780000,21.7,2,21.7,1,21.75,10,1,2022-06-22 10:12:35
1655892775420042000,21.7,1,21.65,23,21.75,12,2,2022-06-22 10:12:55
1655892778243764000,21.7,1,21.65,23,21.75,11,1,2022-06-22 10:12:58
1655892784538438000,21.75,5,21.7,5,21.75,6,1,2022-06-22 10:13:04
1655892808334215000,21.75,1,21.7,6,21.75,6,1,2022-06-22 10:13:28
1655892822687320000,21.75,6,21.75,4,21.8,2,1,2022-06-22 10:13:42
1655892835061831000,21.8,1,21.75,4,21.8,1,1,2022-06-22 10:13:55
1655892837145484000,21.75,1,21.75,3,21.8,1,2,2022-06-22 10:13:57
1655892848117139000,21.8,1,21.75,3,21.95,13,1,2022-06-22 10:14:08
1655892848117139000,21.85,1,21.75,3,21.95,13,1,2022-06-22 10:14:08
1655892848117139000,21.9,1,21.75,3,21.95,13,1,2022-06-22 10:14:08
1655892848181447000,21.8,1,21.75,3,21.9,2,2,2022-06-22 10:14:08
1655892857314883000,21.9,1,21.75,4,21.9,6,1,2022-06-22 10:14:17
1655892860471521000,21.75,5,21.7,2,21.8,3,2,2022-06-22 10:14:20
1655892860504385000,21.7,1,21.7,1,21.75,5,2,2022-06-22 10:14:20
1655892860670074000,21.7,1,21.65,21,21.75,11,2,2022-06-22 10:14:20
1655892865359420000,21.7,1,21.65,21,21.75,11,2,2022-06-22 10:14:25
1655892881932265000,21.7,1,21.7,3,21.75,4,2,2022-06-22 10:14:41
1655892881957947000,21.7,3,21.65,21,21.75,4,2,2022-06-22 10:14:41
1655892895630190000,21.7,7,21.7,3,21.75,6,2,2022-06-22 10:14:55
1655892895630509000,21.7,3,21.65,21,21.75,6,2,2022-06-22 10:14:55
1655892916786892000,21.7,1,21.65,21,21.75,8,2,2022-06-22 10:15:16
1655892916813268000,21.65,2,21.65,19,21.75,8,2,2022-06-22 10:15:16
1655892940486139000,21.65,1,21.65,18,21.7,3,2,2022-06-22 10:15:40
1655892953707534000,21.65,1,21.65,17,21.7,5,2,2022-06-22 10:15:53
1655892957011006000,21.65,4,21.65,13,21.7,9,2,2022-06-22 10:15:57
1655892959706657000,21.65,1,21.65,12,21.7,9,2,2022-06-22 10:15:59
1655892959793881000,21.65,1,21.65,11,21.7,9,2,2022-06-22 10:15:59
1655892961350210000,21.65,1,21.65,10,21.7,9,2,2022-06-22 10:16:01
1655892961555821000,21.65,2,21.65,8,21.7,9,2,2022-06-22 10:16:01
1655892961610549000,21.65,1,21.65,7,21.7,9,2,2022-06-22 10:16:01
1655892961610553000,21.65,1,21.65,6,21.7,9,2,2022-06-22 10:16:01
1655892961610618000,21.65,1,21.65,5,21.7,9,2,2022-06-22 10:16:01
1655892961610635000,21.65,1,21.65,4,21.7,9,2,2022-06-22 10:16:01
1655892961631773000,21.65,4,21.6,15,21.7,10,2,2022-06-22 10:16:01
1655892962698733000,21.6,11,21.6,4,21.7,10,2,2022-06-22 10:16:02
1655892962718358000,21.6,1,21.6,3,21.7,10,2,2022-06-22 10:16:02
1655892970444456000,21.6,3,21.55,24,21.7,8,2,2022-06-22 10:16:10
1655892975850598000,21.6,1,21.55,26,21.6,1,1,2022-06-22 10:16:15
1655892975851531000,21.6,1,21.55,26,21.7,6,1,2022-06-22 10:16:15
1655892976477097000,21.65,2,21.55,26,21.7,6,1,2022-06-22 10:16:16
1655892978360771000,21.55,1,21.55,29,21.7,6,2,2022-06-22 10:16:18
1655892978427769000,21.55,11,21.55,18,21.7,6,2,2022-06-22 10:16:18
1655892981478974000,21.55,2,21.55,16,21.7,12,2,2022-06-22 10:16:21
1655892981976482000,21.55,16,21.5,26,21.55,5,2,2022-06-22 10:16:21
1655892982002530000,21.55,1,21.5,26,21.55,4,1,2022-06-22 10:16:22
1655892982002556000,21.55,1,21.5,26,21.55,3,1,2022-06-22 10:16:22
1655892982002588000,21.55,1,21.5,26,21.55,2,1,2022-06-22 10:16:22
1655892982002591000,21.55,1,21.5,26,21.55,1,1,2022-06-22 10:16:22
1655892982002690000,21.55,1,21.5,26,21.7,12,1,2022-06-22 10:16:22
1655892982724760000,21.5,28,21.45,80,21.5,26,2,2022-06-22 10:16:22
1655892982765203000,21.5,26,21.45,80,21.7,14,1,2022-06-22 10:16:22
1655892985020491000,21.5,1,21.5,7,21.7,14,2,2022-06-22 10:16:25
1655892986079608000,21.5,7,21.45,33,21.7,14,2,2022-06-22 10:16:26
1655892986079608000,21.45,20,21.45,33,21.7,14,2,2022-06-22 10:16:26
1655892987876719000,21.5,4,21.45,32,21.6,8,1,2022-06-22 10:16:27
1655892987956259000,21.45,2,21.45,30,21.6,8,2,2022-06-22 10:16:27
1655892988644160000,21.45,3,21.45,30,21.5,1,2,2022-06-22 10:16:28
1655892988669557000,21.5,1,21.45,30,21.6,8,1,2022-06-22 10:16:28
1655892989006214000,21.45,21,21.45,13,21.6,8,2,2022-06-22 10:16:29
1655892991345974000,21.45,1,21.45,12,21.6,8,2,2022-06-22 10:16:31
1655892991784803000,21.45,8,21.45,4,21.6,8,2,2022-06-22 10:16:31
1655892991816981000,21.45,4,21.4,137,21.6,8,2,2022-06-22 10:16:31
1655892991878136000,21.55,2,21.45,2,21.6,8,1,2022-06-22 10:16:31
1655892991974382000,21.55,1,21.45,5,21.55,1,1,2022-06-22 10:16:31
1655892992006669000,21.55,1,21.45,5,21.7,12,1,2022-06-22 10:16:32
1655892992881445000,21.5,1,21.5,2,21.65,8,2,2022-06-22 10:16:32
1655892995355403000,21.45,4,21.45,14,21.55,8,2,2022-06-22 10:16:35
1655892997131537000,21.45,16,21.4,137,21.45,4,2,2022-06-22 10:16:37
1655892997165695000,21.4,1,21.4,136,21.45,4,2,2022-06-22 10:16:37
1655892998492787000,21.45,2,21.4,138,21.45,3,1,2022-06-22 10:16:38
1655892998596660000,21.4,15,21.4,123,21.45,4,2,2022-06-22 10:16:38
1655892999395916000,21.4,10,21.4,111,21.45,4,2,2022-06-22 10:16:39
1655893001540056000,21.45,5,21.4,110,21.55,10,1,2022-06-22 10:16:41
1655893002517156000,21.4,1,21.4,111,21.55,10,2,2022-06-22 10:16:42
1655893004026204000,21.4,20,21.4,89,21.5,3,2,2022-06-22 10:16:44
1655893004322273000,21.4,4,21.4,85,21.5,13,2,2022-06-22 10:16:44
1655893004475427000,21.45,1,21.45,1,21.5,13,2,2022-06-22 10:16:44
1655893004506193000,21.45,1,21.4,85,21.5,13,2,2022-06-22 10:16:44
1655893005587469000,21.45,2,21.4,86,21.5,14,2,2022-06-22 10:16:45
1655893005845817000,21.4,2,21.4,84,21.5,14,2,2022-06-22 10:16:45
1655893006709581000,21.4,1,21.4,87,21.5,16,2,2022-06-22 10:16:46
1655893007690579000,21.4,2,21.4,85,21.5,16,2,2022-06-22 10:16:47
1655893012045010000,21.5,4,21.45,30,21.5,13,1,2022-06-22 10:16:52
1655893013845092000,21.5,5,21.45,31,21.5,8,1,2022-06-22 10:16:53
1655893013884658000,21.5,8,21.45,31,21.55,8,1,2022-06-22 10:16:53
1655893014687288000,21.45,9,21.45,24,21.55,7,2,2022-06-22 10:16:54
1655893016512920000,21.45,6,21.45,19,21.55,7,2,2022-06-22 10:16:56
1655893018996112000,21.45,5,21.45,16,21.55,7,2,2022-06-22 10:16:58
1655893019397491000,21.45,1,21.45,15,21.55,7,2,2022-06-22 10:16:59
1655893020821138000,21.45,2,21.45,13,21.55,7,2,2022-06-22 10:17:00
1655893023123772000,21.55,7,21.5,1,21.6,15,1,2022-06-22 10:17:03
1655893023351599000,21.5,1,21.5,2,21.55,4,2,2022-06-22 10:17:03
1655893024152182000,21.45,1,21.45,19,21.55,4,2,2022-06-22 10:17:04
1655893031418145000,21.5,1,21.5,3,21.55,4,2,2022-06-22 10:17:11
1655893032649828000,21.55,1,21.5,3,21.55,3,1,2022-06-22 10:17:12
1655893033603601000,21.5,3,21.45,32,21.55,3,2,2022-06-22 10:17:13
1655893036480190000,21.45,1,21.45,60,21.55,5,2,2022-06-22 10:17:16
1655893040192578000,21.5,1,21.45,60,21.5,1,2,2022-06-22 10:17:20
1655893040231405000,21.5,1,21.45,60,21.55,5,1,2022-06-22 10:17:20
1655893043374665000,21.5,3,21.45,60,21.55,5,1,2022-06-22 10:17:23
1655893044185226000,21.5,2,21.45,60,21.55,5,1,2022-06-22 10:17:24
1655893050939287000,21.55,5,21.5,5,21.6,17,1,2022-06-22 10:17:30
1655893052708391000,21.5,1,21.5,36,21.55,2,2,2022-06-22 10:17:32
1655893059022817000,21.55,3,21.5,41,21.55,3,1,2022-06-22 10:17:39
1655893064237080000,21.55,1,21.5,41,21.55,3,1,2022-06-22 10:17:44
1655893069895653000,21.5,10,21.5,31,21.55,7,2,2022-06-22 10:17:49
1655893072628550000,21.5,1,21.5,30,21.55,7,2,2022-06-22 10:17:52
1655893077803194000,21.5,3,21.5,31,21.55,6,2,2022-06-22 10:17:57
1655893080643072000,21.55,2,21.5,32,21.55,4,1,2022-06-22 10:18:00
1655893084147470000,21.5,2,21.5,30,21.55,4,2,2022-06-22 10:18:04
1655893091525597000,21.5,1,21.5,9,21.55,8,2,2022-06-22 10:18:11
1655893091880794000,21.5,1,21.5,8,21.55,8,2,2022-06-22 10:18:11
1655893094850298000,21.5,1,21.5,8,21.55,8,2,2022-06-22 10:18:14
1655893105277528000,21.5,6,21.5,4,21.55,8,2,2022-06-22 10:18:25
1655893105467589000,21.5,1,21.5,3,21.55,8,2,2022-06-22 10:18:25
1655893106510167000,21.5,2,21.5,3,21.55,8,2,2022-06-22 10:18:26
1655893109244049000,21.5,1,21.5,2,21.55,8,2,2022-06-22 10:18:29
1655893111503653000,21.45,44,21.45,12,21.55,8,2,2022-06-22 10:18:31
1655893111540726000,21.45,12,21.4,137,21.55,9,2,2022-06-22 10:18:31
1655893114396143000,21.4,9,21.4,129,21.55,15,2,2022-06-22 10:18:34
1655893115105433000,21.4,1,21.4,130,21.55,15,2,2022-06-22 10:18:35
1655893115490463000,21.4,36,21.4,94,21.55,15,2,2022-06-22 10:18:35
1655893117121985000,21.5,1,21.5,2,21.55,14,2,2022-06-22 10:18:37
1655893117122008000,21.5,1,21.5,1,21.55,14,2,2022-06-22 10:18:37
1655893117122865000,21.5,1,21.4,94,21.55,14,2,2022-06-22 10:18:37
1655893119660504000,21.5,9,21.45,1,21.55,12,1,2022-06-22 10:18:39
1655893123677145000,21.45,1,21.4,92,21.5,3,2,2022-06-22 10:18:43
1655893127721298000,21.4,1,21.4,91,21.5,3,2,2022-06-22 10:18:47
1655893136230970000,21.5,2,21.4,92,21.5,11,1,2022-06-22 10:18:56
1655893144427375000,21.45,1,21.45,3,21.5,11,2,2022-06-22 10:19:04
1655893148861094000,21.45,1,21.45,3,21.5,12,2,2022-06-22 10:19:08
1655893149656740000,21.45,1,21.4,101,21.5,18,2,2022-06-22 10:19:09
1655893152963093000,21.45,1,21.4,123,21.5,18,1,2022-06-22 10:19:12
1655893153153741000,21.4,1,21.4,120,21.45,6,2,2022-06-22 10:19:13
1655893160717066000,21.45,5,21.4,120,21.45,2,1,2022-06-22 10:19:20
1655893160740176000,21.45,2,21.4,120,21.5,18,1,2022-06-22 10:19:20
1655893165812573000,21.5,18,21.45,3,21.55,12,1,2022-06-22 10:19:25
1655893183490536000,21.5,1,21.5,4,21.55,19,2,2022-06-22 10:19:43
1655893189987751000,21.5,3,21.45,27,21.5,2,2,2022-06-22 10:19:49
1655893192353800000,21.5,1,21.45,25,21.5,3,1,2022-06-22 10:19:52
1655893195604725000,21.45,1,21.45,24,21.5,3,2,2022-06-22 10:19:55
1655893199053876000,21.45,1,21.45,23,21.5,3,2,2022-06-22 10:19:59
1655893213307605000,21.45,1,21.45,22,21.5,20,2,2022-06-22 10:20:13
1655893231148445000,21.45,1,21.45,23,21.5,20,2,2022-06-22 10:20:31
1655893231666402000,21.45,1,21.45,20,21.5,20,2,2022-06-22 10:20:31
1655893250180019000,21.45,1,21.45,19,21.5,19,2,2022-06-22 10:20:50
1655893266535230000,21.45,1,21.45,22,21.5,19,2,2022-06-22 10:21:06
1655893266562012000,21.45,15,21.45,7,21.5,19,2,2022-06-22 10:21:06
1655893267001393000,21.5,3,21.45,5,21.5,16,1,2022-06-22 10:21:07
1655893290946303000,21.5,1,21.45,7,21.5,17,1,2022-06-22 10:21:30
1655893299265853000,21.45,8,21.45,20,21.5,17,2,2022-06-22 10:21:39
1655893308312111000,21.45,5,21.45,17,21.5,19,2,2022-06-22 10:21:48
1655893365971935000,21.45,1,21.45,64,21.5,23,2,2022-06-22 10:22:45
1655893383310974000,21.5,14,21.45,64,21.5,9,1,2022-06-22 10:23:03
1655893383339139000,21.5,9,21.45,64,21.55,15,1,2022-06-22 10:23:03
1655893390993529000,21.55,4,21.5,1,21.55,11,1,2022-06-22 10:23:10
1655893391020982000,21.55,11,21.5,1,21.6,15,1,2022-06-22 10:23:11
1655893419253222000,21.5,2,21.45,62,21.55,5,2,2022-06-22 10:23:39
1655893419253222000,21.45,4,21.45,62,21.55,5,2,2022-06-22 10:23:39
1655893420413076000,21.45,1,21.45,61,21.55,5,2,2022-06-22 10:23:40
1655893427950505000,21.55,1,21.45,61,21.55,4,1,2022-06-22 10:23:47
1655893445975894000,21.45,8,21.45,54,21.55,5,2,2022-06-22 10:24:05
1655893491307721000,21.5,2,21.45,70,21.5,2,2,2022-06-22 10:24:51
1655893500798520000,21.5,2,21.45,70,21.55,4,1,2022-06-22 10:25:00
1655893532701320000,21.5,1,21.45,70,21.55,8,2,2022-06-22 10:25:32
1655893557880547000,21.55,1,21.5,10,21.55,9,1,2022-06-22 10:25:57
1655893569565817000,21.5,5,21.5,5,21.55,9,2,2022-06-22 10:26:09
1655893587709148000,21.55,1,21.5,15,21.55,8,1,2022-06-22 10:26:27
1655893609355620000,21.55,3,21.5,20,21.55,5,1,2022-06-22 10:26:49
1655893634623573000,21.55,1,21.5,20,21.55,9,1,2022-06-22 10:27:14
1655893634648750000,21.5,19,21.5,1,21.55,9,2,2022-06-22 10:27:14
1655893634666376000,21.5,1,21.45,78,21.55,9,2,2022-06-22 10:27:14
1655893640860641000,21.5,2,21.45,78,21.55,9,1,2022-06-22 10:27:20
1655893682307899000,21.5,1,21.5,2,21.55,7,1,2022-06-22 10:28:02
1655893713605297000,21.55,1,21.5,6,21.55,8,1,2022-06-22 10:28:33
1655893721031289000,21.5,1,21.5,5,21.55,8,2,2022-06-22 10:28:41
1655893735951174000,21.5,5,21.5,15,21.55,8,2,2022-06-22 10:28:55
1655893736954489000,21.5,2,21.5,13,21.55,8,2,2022-06-22 10:28:56
1655893744052208000,21.5,4,21.5,9,21.55,8,2,2022-06-22 10:29:04
1655893755071279000,21.5,5,21.5,7,21.55,10,2,2022-06-22 10:29:15
1655893759148889000,21.55,2,21.5,7,21.55,8,1,2022-06-22 10:29:19
1655893771337098000,21.5,1,21.5,7,21.55,15,2,2022-06-22 10:29:31
1655893771371828000,21.5,7,21.45,66,21.55,15,2,2022-06-22 10:29:31
1655893782405699000,21.5,5,21.45,66,21.5,3,1,2022-06-22 10:29:42
1655893783361758000,21.5,1,21.45,66,21.5,2,1,2022-06-22 10:29:43
1655893818207284000,21.5,1,21.45,66,21.5,3,1,2022-06-22 10:30:18
1655893825924180000,21.5,1,21.45,66,21.5,2,1,2022-06-22 10:30:25
1655893832759890000,21.5,1,21.45,65,21.5,2,1,2022-06-22 10:30:32
1655893873174822000,21.5,1,21.45,67,21.5,2,1,2022-06-22 10:31:13
1655893875970299000,21.5,2,21.45,67,21.55,15,1,2022-06-22 10:31:15
1655893890542658000,21.5,1,21.5,1,21.55,15,2,2022-06-22 10:31:30
1655893890577558000,21.5,1,21.45,67,21.55,15,2,2022-06-22 10:31:30
1655893894279386000,21.45,1,21.45,66,21.55,14,2,2022-06-22 10:31:34
1655893910160687000,21.5,1,21.45,66,21.5,5,1,2022-06-22 10:31:50
1655893919414102000,21.5,5,21.45,66,21.55,14,1,2022-06-22 10:31:59
1655893921074711000,21.5,1,21.45,66,21.55,14,2,2022-06-22 10:32:01
1655893937417942000,21.5,3,21.45,66,21.55,8,1,2022-06-22 10:32:17
1655893937417942000,21.55,7,21.45,66,21.55,8,1,2022-06-22 10:32:17
1655893956362438000,21.5,2,21.45,67,21.55,13,2,2022-06-22 10:32:36
1655893981496611000,21.45,2,21.45,66,21.5,3,2,2022-06-22 10:33:01
1655893994179830000,21.45,1,21.45,65,21.5,3,2,2022-06-22 10:33:14
1655893999996217000,21.45,5,21.45,60,21.5,5,2,2022-06-22 10:33:19
1655894008911090000,21.5,4,21.5,4,21.55,8,1,2022-06-22 10:33:28
1655894008942347000,21.5,4,21.45,55,21.55,8,2,2022-06-22 10:33:28
1655894025613729000,21.45,1,21.45,59,21.5,1,2,2022-06-22 10:33:45
1655894030250848000,21.5,1,21.5,1,21.55,8,1,2022-06-22 10:33:50
1655894030270073000,21.5,1,21.45,59,21.55,8,2,2022-06-22 10:33:50
1655894075446756000,21.5,2,21.45,59,21.5,1,1,2022-06-22 10:34:35
1655894115060344000,21.45,2,21.45,55,21.5,8,2,2022-06-22 10:35:15
1655894160480537000,21.5,4,21.45,57,21.5,8,1,2022-06-22 10:36:00
1655894212205836000,21.5,3,21.45,57,21.5,15,1,2022-06-22 10:36:52
1655894293206041000,21.45,5,21.45,53,21.5,15,2,2022-06-22 10:38:13
1655894293267006000,21.45,14,21.45,39,21.5,15,2,2022-06-22 10:38:13
1655894293292249000,21.45,22,21.45,17,21.5,15,2,2022-06-22 10:38:13
1655894293324168000,21.45,5,21.45,12,21.5,15,2,2022-06-22 10:38:13
1655894295664125000,21.45,9,21.45,3,21.5,15,2,2022-06-22 10:38:15
1655894295694741000,21.45,3,21.4,154,21.5,15,2,2022-06-22 10:38:15
1655894299988565000,21.4,33,21.4,121,21.45,5,2,2022-06-22 10:38:19
1655894321271087000,21.4,1,21.4,117,21.45,2,2,2022-06-22 10:38:41
1655894336548953000,21.4,1,21.4,116,21.45,15,2,2022-06-22 10:38:56
1655894342886935000,21.4,1,21.4,115,21.45,15,2,2022-06-22 10:39:02
1655894343905729000,21.45,1,21.4,115,21.45,14,1,2022-06-22 10:39:03
1655894393317203000,21.4,2,21.4,118,21.45,30,2,2022-06-22 10:39:53
1655894408520581000,21.4,1,21.4,118,21.45,29,2,2022-06-22 10:40:08
1655894409642478000,21.4,1,21.4,117,21.45,29,2,2022-06-22 10:40:09
1655894425843328000,21.4,1,21.4,117,21.45,30,2,2022-06-22 10:40:25
1655894448787905000,21.4,1,21.4,119,21.45,31,2,2022-06-22 10:40:48
1655894460407182000,21.4,5,21.4,115,21.45,29,2,2022-06-22 10:41:00
1655894466601466000,21.4,2,21.4,120,21.45,29,2,2022-06-22 10:41:06
1655894483857198000,21.4,2,21.4,115,21.45,29,2,2022-06-22 10:41:23
1655894484547751000,21.45,5,21.4,115,21.45,24,1,2022-06-22 10:41:24
1655894486468789000,21.45,2,21.4,119,21.45,22,1,2022-06-22 10:41:26
1655894489178429000,21.4,1,21.4,114,21.45,24,2,2022-06-22 10:41:29
1655894510660062000,21.4,1,21.4,114,21.45,24,2,2022-06-22 10:41:50
1655894527950106000,21.45,2,21.4,117,21.45,22,1,2022-06-22 10:42:07
1655894535467643000,21.45,5,21.4,121,21.45,17,1,2022-06-22 10:42:15
1655894535502812000,21.45,2,21.4,121,21.45,15,1,2022-06-22 10:42:15
1655894535528532000,21.45,15,21.4,118,21.5,19,1,2022-06-22 10:42:15
1655894537497097000,21.45,1,21.45,2,21.5,19,2,2022-06-22 10:42:17
1655894614988129000,21.5,9,21.5,1,21.55,9,1,2022-06-22 10:43:34
1655894620166277000,21.5,1,21.45,23,21.5,1,2,2022-06-22 10:43:40
1655894621513711000,21.5,1,21.45,23,21.5,2,1,2022-06-22 10:43:41
1655894621513970000,21.5,1,21.45,23,21.5,1,1,2022-06-22 10:43:41
1655894634154924000,21.5,1,21.45,23,21.55,9,1,2022-06-22 10:43:54
1655894677471149000,21.5,3,21.45,23,21.55,12,2,2022-06-22 10:44:37
1655894722252704000,21.5,1,21.45,27,21.5,2,1,2022-06-22 10:45:22
1655894746192783000,21.5,1,21.45,30,21.5,4,1,2022-06-22 10:45:46
1655894755515720000,21.45,5,21.45,25,21.5,6,2,2022-06-22 10:45:55
1655894756316059000,21.5,1,21.45,25,21.5,5,1,2022-06-22 10:45:56
1655894773469992000,21.5,1,21.45,25,21.5,4,1,2022-06-22 10:46:13
1655894776257691000,21.5,4,21.45,25,21.55,9,1,2022-06-22 10:46:16
1655894834886677000,21.5,1,21.45,25,21.5,1,1,2022-06-22 10:47:14
1655894925410550000,21.5,1,21.45,25,21.5,5,1,2022-06-22 10:48:45
1655894974470961000,21.5,2,21.45,25,21.5,8,1,2022-06-22 10:49:34
1655895017257109000,21.45,7,21.45,18,21.5,19,2,2022-06-22 10:50:17
1655895017269800000,21.45,18,21.4,101,21.5,19,2,2022-06-22 10:50:17
1655895019344221000,21.4,2,21.4,99,21.45,1,2,2022-06-22 10:50:19
1655895020884072000,21.4,16,21.4,83,21.45,4,2,2022-06-22 10:50:20
1655895020917656000,21.4,56,21.4,27,21.45,4,2,2022-06-22 10:50:20
1655895020978811000,21.4,17,21.4,10,21.45,4,2,2022-06-22 10:50:20
1655895021832444000,21.4,5,21.4,5,21.45,4,2,2022-06-22 10:50:21
1655895023311941000,21.4,1,21.4,4,21.45,6,2,2022-06-22 10:50:23
1655895025262735000,21.4,4,21.35,301,21.45,6,2,2022-06-22 10:50:25
1655895039054927000,21.35,2,21.35,299,21.4,20,2,2022-06-22 10:50:39
1655895039160779000,21.35,2,21.35,297,21.4,24,2,2022-06-22 10:50:39
1655895039189402000,21.35,1,21.35,296,21.4,24,2,2022-06-22 10:50:39
1655895039338570000,21.35,13,21.35,283,21.4,24,2,2022-06-22 10:50:39
1655895043924020000,21.35,10,21.35,273,21.4,23,2,2022-06-22 10:50:43
1655895044914162000,21.35,5,21.35,268,21.4,23,2,2022-06-22 10:50:44
1655895045858146000,21.35,1,21.35,267,21.4,22,2,2022-06-22 10:50:45
1655895046140472000,21.35,5,21.35,262,21.4,22,2,2022-06-22 10:50:46
1655895047279920000,21.35,1,21.35,261,21.4,22,2,2022-06-22 10:50:47
1655895047645768000,21.35,30,21.35,231,21.4,22,2,2022-06-22 10:50:47
1655895049850250000,21.35,1,21.35,230,21.4,22,2,2022-06-22 10:50:49
1655895050756862000,21.35,3,21.35,227,21.4,22,2,2022-06-22 10:50:50
1655895052203659000,21.35,1,21.35,226,21.4,22,2,2022-06-22 10:50:52
1655895053310193000,21.35,3,21.35,223,21.4,22,2,2022-06-22 10:50:53
1655895057518107000,21.35,5,21.35,219,21.4,23,2,2022-06-22 10:50:57
1655895057899973000,21.35,1,21.35,218,21.4,22,2,2022-06-22 10:50:57
1655895060773728000,21.35,5,21.35,213,21.4,22,2,2022-06-22 10:51:00
1655895067122024000,21.35,1,21.35,214,21.4,22,2,2022-06-22 10:51:07
1655895068139276000,21.4,6,21.35,214,21.4,16,1,2022-06-22 10:51:08
1655895069392013000,21.35,1,21.35,213,21.4,15,2,2022-06-22 10:51:09
1655895073285087000,21.35,2,21.35,212,21.4,15,2,2022-06-22 10:51:13
1655895076095262000,21.4,1,21.35,207,21.4,14,1,2022-06-22 10:51:16
1655895076753406000,21.35,5,21.35,203,21.4,14,2,2022-06-22 10:51:16
1655895089936821000,21.4,2,21.35,211,21.4,13,1,2022-06-22 10:51:29
1655895091955861000,21.4,1,21.35,210,21.4,12,1,2022-06-22 10:51:31
1655895108695453000,21.35,43,21.35,171,21.4,20,2,2022-06-22 10:51:48
1655895109298183000,21.35,2,21.35,169,21.4,20,2,2022-06-22 10:51:49
1655895111418101000,21.35,2,21.35,167,21.4,20,2,2022-06-22 10:51:51
1655895116410973000,21.35,1,21.35,166,21.4,22,2,2022-06-22 10:51:56
1655895117428779000,21.35,1,21.35,165,21.4,22,2,2022-06-22 10:51:57
1655895118324602000,21.35,20,21.35,145,21.4,22,2,2022-06-22 10:51:58
1655895119650492000,21.35,1,21.35,144,21.4,22,2,2022-06-22 10:51:59
1655895121292896000,21.35,1,21.35,143,21.4,22,2,2022-06-22 10:52:01
1655895122517051000,21.35,1,21.35,142,21.4,22,2,2022-06-22 10:52:02
1655895122552547000,21.35,15,21.35,127,21.4,22,2,2022-06-22 10:52:02
1655895124317230000,21.35,1,21.35,126,21.4,22,2,2022-06-22 10:52:04
1655895124559248000,21.35,1,21.35,125,21.4,22,2,2022-06-22 10:52:04
1655895124588464000,21.35,4,21.35,121,21.4,22,2,2022-06-22 10:52:04
1655895126658792000,21.35,1,21.35,126,21.4,23,2,2022-06-22 10:52:06
1655895129739521000,21.35,1,21.35,127,21.4,23,2,2022-06-22 10:52:09
1655895130042029000,21.35,1,21.35,126,21.4,23,2,2022-06-22 10:52:10
1655895134964553000,21.35,1,21.35,120,21.4,25,2,2022-06-22 10:52:14
1655895140218436000,21.35,1,21.35,122,21.4,25,2,2022-06-22 10:52:20
1655895142523413000,21.4,1,21.35,130,21.4,27,1,2022-06-22 10:52:22
1655895142670158000,21.35,1,21.35,129,21.4,27,2,2022-06-22 10:52:22
1655895143904586000,21.4,1,21.35,130,21.4,26,1,2022-06-22 10:52:23
1655895148023084000,21.35,1,21.35,130,21.4,26,2,2022-06-22 10:52:28
1655895172512506000,21.4,2,21.35,157,21.4,24,1,2022-06-22 10:52:52
1655895184715885000,21.4,3,21.35,175,21.4,21,1,2022-06-22 10:53:04
1655895194341745000,21.4,3,21.35,181,21.4,23,1,2022-06-22 10:53:14
1655895211262127000,21.35,2,21.35,179,21.4,37,2,2022-06-22 10:53:31
1655895212384590000,21.4,10,21.35,179,21.4,27,1,2022-06-22 10:53:32
1655895213748861000,21.4,1,21.35,179,21.4,26,1,2022-06-22 10:53:33
1655895216069634000,21.4,5,21.35,180,21.4,21,1,2022-06-22 10:53:36
1655895220049940000,21.4,2,21.35,181,21.4,19,1,2022-06-22 10:53:40
1655895222283335000,21.4,2,21.35,181,21.4,17,1,2022-06-22 10:53:42
1655895223948253000,21.4,2,21.35,181,21.4,15,1,2022-06-22 10:53:43
1655895228312863000,21.4,2,21.35,191,21.4,13,1,2022-06-22 10:53:48
1655895228519752000,21.4,1,21.35,191,21.4,12,1,2022-06-22 10:53:48
1655895235887734000,21.4,1,21.35,191,21.4,11,1,2022-06-22 10:53:55
1655895245416433000,21.4,2,21.35,192,21.4,9,1,2022-06-22 10:54:05
1655895248613613000,21.4,5,21.35,193,21.4,4,1,2022-06-22 10:54:08
1655895252137622000,21.4,1,21.35,193,21.4,3,1,2022-06-22 10:54:12
1655895254362146000,21.4,1,21.35,193,21.4,2,1,2022-06-22 10:54:14
1655895255312237000,21.35,1,21.35,192,21.4,2,2,2022-06-22 10:54:15
1655895257544227000,21.4,1,21.35,193,21.4,1,1,2022-06-22 10:54:17
1655895261117747000,21.4,1,21.35,193,21.45,19,1,2022-06-22 10:54:21
1655895308545386000,21.45,1,21.4,5,21.45,26,1,2022-06-22 10:55:08
1655895313926843000,21.45,1,21.4,10,21.45,25,1,2022-06-22 10:55:13
1655895321408267000,21.45,1,21.4,10,21.45,24,1,2022-06-22 10:55:21
1655895339545251000,21.45,2,21.4,16,21.45,22,1,2022-06-22 10:55:39
1655895357991816000,21.45,5,21.4,21,21.45,17,1,2022-06-22 10:55:57
1655895358023319000,21.45,16,21.4,21,21.45,1,1,2022-06-22 10:55:58
1655895358053310000,21.45,1,21.4,21,21.5,13,1,2022-06-22 10:55:58
1655895374601042000,21.45,2,21.4,21,21.5,21,2,2022-06-22 10:56:14
1655895374802958000,21.45,1,21.4,21,21.5,21,2,2022-06-22 10:56:14
1655895432248662000,21.45,4,21.45,1,21.5,21,1,2022-06-22 10:57:12
1655895432279942000,21.45,1,21.4,27,21.5,21,2,2022-06-22 10:57:12
1655895494261689000,21.45,1,21.4,27,21.45,7,1,2022-06-22 10:58:14
1655895518890737000,21.45,5,21.4,27,21.45,3,1,2022-06-22 10:58:38
1655895551321500000,21.45,1,21.4,28,21.45,11,1,2022-06-22 10:59:11
1655895583510901000,21.45,1,21.4,26,21.45,6,1,2022-06-22 10:59:43
1655895652609306000,21.45,1,21.4,24,21.45,5,1,2022-06-22 11:00:52
1655895700542850000,21.45,1,21.4,25,21.45,10,1,2022-06-22 11:01:40
1655895751797667000,21.45,1,21.4,23,21.45,9,1,2022-06-22 11:02:31
1655895803194741000,21.45,1,21.4,22,21.45,9,1,2022-06-22 11:03:23
1655895819801694000,21.4,2,21.4,20,21.45,9,2,2022-06-22 11:03:39
1655895846904890000,21.4,1,21.4,19,21.45,17,2,2022-06-22 11:04:06
1655895877888159000,21.45,1,21.4,23,21.45,17,1,2022-06-22 11:04:37
1655895888236027000,21.4,5,21.4,20,21.45,17,2,2022-06-22 11:04:48
1655895913126970000,21.45,2,21.4,20,21.45,16,1,2022-06-22 11:05:13
1655895930154803000,21.45,1,21.4,20,21.45,15,1,2022-06-22 11:05:30
1655895957254128000,21.45,2,21.4,22,21.45,12,1,2022-06-22 11:05:57
1655896062784511000,21.45,1,21.4,22,21.45,12,1,2022-06-22 11:07:42
1655896072046269000,21.45,12,21.4,22,21.5,8,1,2022-06-22 11:07:52
1655896084092983000,21.5,5,21.45,1,21.5,2,1,2022-06-22 11:08:04
1655896084125264000,21.5,2,21.45,1,21.55,5,1,2022-06-22 11:08:04
1655896122497416000,21.5,1,21.45,4,21.55,7,2,2022-06-22 11:08:42
1655896170797309000,21.5,2,21.45,7,21.55,7,1,2022-06-22 11:09:30
1655896264758948000,21.5,1,21.45,5,21.55,11,2,2022-06-22 11:11:04
1655896279853683000,21.55,1,21.45,5,21.55,10,1,2022-06-22 11:11:19
1655896316948421000,21.5,1,21.45,5,21.55,10,2,2022-06-22 11:11:56
1655896320116108000,21.55,10,21.55,2,21.6,4,1,2022-06-22 11:12:00
1655896320149259000,21.55,2,21.45,5,21.6,4,2,2022-06-22 11:12:00
1655896390179233000,21.55,1,21.5,5,21.55,5,1,2022-06-22 11:13:10
1655896406944046000,21.5,1,21.5,4,21.55,6,2,2022-06-22 11:13:26
1655896406982735000,21.5,4,21.45,5,21.55,6,2,2022-06-22 11:13:26
1655896425949472000,21.45,6,21.4,38,21.5,8,2,2022-06-22 11:13:45
1655896466463341000,21.5,10,21.4,36,21.5,2,1,2022-06-22 11:14:26
1655896549673020000,21.5,1,21.4,39,21.5,12,1,2022-06-22 11:15:49
1655896654955929000,21.5,10,21.4,40,21.5,6,1,2022-06-22 11:17:34
1655896759910667000,21.4,10,21.4,31,21.5,11,2,2022-06-22 11:19:19
1655896775961817000,21.4,10,21.4,23,21.5,12,2,2022-06-22 11:19:35
1655896779806590000,21.4,2,21.4,21,21.5,12,2,2022-06-22 11:19:39
1655896892653234000,21.4,10,21.4,6,21.45,2,2,2022-06-22 11:21:32
1655896892668253000,21.4,6,21.35,194,21.45,2,2,2022-06-22 11:21:32
1655896895782047000,21.45,2,21.35,194,21.45,8,1,2022-06-22 11:21:35
1655896903380227000,21.4,1,21.35,194,21.45,8,1,2022-06-22 11:21:43
1655896950278713000,21.35,1,21.35,193,21.45,5,2,2022-06-22 11:22:30
1655896986346358000,21.35,10,21.35,194,21.4,1,2,2022-06-22 11:23:06
1655896987346814000,21.35,1,21.35,193,21.4,1,2,2022-06-22 11:23:07
1655897016058766000,21.4,2,21.4,3,21.45,1,1,2022-06-22 11:23:36
1655897089541806000,21.45,3,21.45,9,21.5,12,1,2022-06-22 11:24:49
1655897150885121000,21.45,1,21.45,8,21.5,9,2,2022-06-22 11:25:50
1655897307221305000,21.5,2,21.4,19,21.5,4,1,2022-06-22 11:28:27
1655897324113620000,21.5,2,21.45,1,21.5,2,1,2022-06-22 11:28:44
1655897368868532000,21.45,1,21.4,19,21.5,8,2,2022-06-22 11:29:28
1655897389257985000,21.4,2,21.4,17,21.5,8,2,2022-06-22 11:29:49
1655897419563000000,21.4,3,21.4,15,21.5,12,2,2022-06-22 11:30:19
1655897524995130000,21.4,8,21.4,7,21.45,1,2,2022-06-22 11:32:04
1655897598743963000,21.45,1,21.4,37,21.5,14,1,2022-06-22 11:33:18
1655897602339946000,21.4,2,21.4,35,21.5,14,2,2022-06-22 11:33:22
1655897622980112000,21.4,1,21.4,37,21.5,15,2,2022-06-22 11:33:42
1655897625586892000,21.5,2,21.4,37,21.5,13,1,2022-06-22 11:33:45
1655897658346217000,21.5,1,21.4,36,21.5,8,1,2022-06-22 11:34:18
1655897731967925000,21.4,1,21.4,37,21.5,7,2,2022-06-22 11:35:31
1655897760366877000,21.4,3,21.4,36,21.5,7,2,2022-06-22 11:36:00
1655897760426036000,21.4,17,21.4,19,21.5,7,2,2022-06-22 11:36:00
1655897790219496000,21.4,4,21.4,15,21.45,13,2,2022-06-22 11:36:30
1655897790262378000,21.4,15,21.35,178,21.45,13,2,2022-06-22 11:36:30
1655897846027372000,21.45,2,21.4,10,21.45,16,1,2022-06-22 11:37:26
1655898128991414000,21.35,10,21.35,185,21.45,7,2,2022-06-22 11:42:08
1655898150220685000,21.35,1,21.35,184,21.4,2,2,2022-06-22 11:42:30
1655898151913787000,21.35,1,21.35,183,21.4,2,2,2022-06-22 11:42:31
1655898158692554000,21.35,2,21.35,181,21.4,2,2,2022-06-22 11:42:38
1655898167500549000,21.35,6,21.35,178,21.4,7,2,2022-06-22 11:42:47
1655898184534893000,21.4,1,21.35,178,21.4,6,1,2022-06-22 11:43:04
1655898203361718000,21.4,1,21.35,179,21.4,6,1,2022-06-22 11:43:23
1655898249277198000,21.35,10,21.35,177,21.4,10,2,2022-06-22 11:44:09
1655898260899069000,21.35,1,21.35,182,21.4,8,2,2022-06-22 11:44:20
1655898269477712000,21.35,1,21.35,181,21.4,8,2,2022-06-22 11:44:29
1655898284270540000,21.35,20,21.35,157,21.4,8,2,2022-06-22 11:44:44
1655898325633348000,21.35,10,21.35,150,21.4,10,2,2022-06-22 11:45:25
1655898325768928000,21.35,10,21.35,140,21.4,10,2,2022-06-22 11:45:25
1655898347791500000,21.35,6,21.35,134,21.4,9,2,2022-06-22 11:45:47
1655898368741848000,21.35,2,21.35,135,21.4,9,2,2022-06-22 11:46:08
1655898377229973000,21.35,2,21.35,133,21.4,10,2,2022-06-22 11:46:17
1655898399805351000,21.35,1,21.35,136,21.4,17,2,2022-06-22 11:46:39
1655898424402978000,21.35,2,21.35,135,21.4,18,2,2022-06-22 11:47:04
1655898472166032000,21.4,1,21.35,137,21.4,17,1,2022-06-22 11:47:52
1655898489811460000,21.4,1,21.35,143,21.4,21,1,2022-06-22 11:48:09
1655898514546833000,21.4,1,21.35,144,21.4,21,1,2022-06-22 11:48:34
1655898516468164000,21.4,1,21.35,144,21.4,20,1,2022-06-22 11:48:36
1655898519671529000,21.35,1,21.35,143,21.4,20,2,2022-06-22 11:48:39
1655898532570803000,21.4,5,21.35,143,21.4,15,1,2022-06-22 11:48:52
1655898564086214000,21.4,1,21.35,142,21.4,15,1,2022-06-22 11:49:24
1655898573059762000,21.4,1,21.35,142,21.4,14,1,2022-06-22 11:49:33
1655898587140942000,21.35,10,21.35,132,21.4,14,2,2022-06-22 11:49:47
1655898623057104000,21.35,5,21.35,132,21.4,16,2,2022-06-22 11:50:23
1655898627566230000,21.35,1,21.35,131,21.4,16,2,2022-06-22 11:50:27
1655898638788344000,21.35,4,21.35,127,21.4,16,2,2022-06-22 11:50:38
1655898655772995000,21.35,1,21.35,126,21.4,16,2,2022-06-22 11:50:55
1655898656880170000,21.4,1,21.35,126,21.4,15,1,2022-06-22 11:50:56
1655898731791269000,21.4,1,21.35,127,21.4,19,1,2022-06-22 11:52:11
1655898784215669000,21.35,2,21.35,125,21.4,14,2,2022-06-22 11:53:04
1655898794353314000,21.35,1,21.35,125,21.4,14,2,2022-06-22 11:53:14
1655898801456826000,21.35,5,21.35,120,21.4,14,2,2022-06-22 11:53:21
1655898805084539000,21.35,3,21.35,117,21.4,14,2,2022-06-22 11:53:25
1655898835176354000,21.35,3,21.35,116,21.4,11,2,2022-06-22 11:53:55
1655898836085087000,21.35,3,21.35,113,21.4,11,2,2022-06-22 11:53:56
1655898841955669000,21.35,7,21.35,106,21.4,11,2,2022-06-22 11:54:01
1655898851007608000,21.4,1,21.35,111,21.4,10,1,2022-06-22 11:54:11
1655898851299557000,21.35,5,21.35,106,21.4,10,2,2022-06-22 11:54:11
1655898883172565000,21.35,1,21.35,111,21.4,10,2,2022-06-22 11:54:43
1655898890283329000,21.4,1,21.35,111,21.4,9,1,2022-06-22 11:54:50
1655898901752174000,21.4,1,21.35,112,21.4,8,1,2022-06-22 11:55:01
1655898905974668000,21.4,1,21.35,112,21.4,8,1,2022-06-22 11:55:05
1655898931571882000,21.4,1,21.35,112,21.4,7,1,2022-06-22 11:55:31
1655898977010104000,21.4,1,21.35,113,21.4,6,1,2022-06-22 11:56:17
1655899008371916000,21.35,1,21.35,113,21.4,5,2,2022-06-22 11:56:48
1655899017997997000,21.35,2,21.35,113,21.4,5,2,2022-06-22 11:56:57
1655899078329398000,21.4,1,21.35,114,21.4,4,1,2022-06-22 11:57:58
1655899105289979000,21.4,2,21.35,111,21.4,2,1,2022-06-22 11:58:25
1655899110857510000,21.4,1,21.35,112,21.4,3,1,2022-06-22 11:58:30
1655899126534175000,21.4,1,21.35,112,21.4,2,1,2022-06-22 11:58:46
1655899153779024000,21.4,1,21.35,111,21.4,2,1,2022-06-22 11:59:13
1655899155752364000,21.35,1,21.35,110,21.4,2,2,2022-06-22 11:59:15
1655899168156106000,21.35,2,21.35,108,21.4,10,2,2022-06-22 11:59:28
1655899204251654000,21.4,1,21.35,121,21.4,9,1,2022-06-22 12:00:04
1655899209123474000,21.35,2,21.35,119,21.4,9,2,2022-06-22 12:00:09
1655899212725357000,21.4,1,21.35,118,21.4,8,1,2022-06-22 12:00:12
1655899250998333000,21.35,70,21.35,58,21.4,10,2,2022-06-22 12:00:50
1655899251022706000,21.35,1,21.35,57,21.4,10,2,2022-06-22 12:00:51
1655899257820371000,21.35,10,21.35,47,21.4,24,2,2022-06-22 12:00:57
