ts,close,volume,bid_price,bid_volume,ask_price,ask_volume,tick_type,datetime
1655888400679070000,47.0,249,47.0,23,47.1,10,1,2022-06-22 09:00:00
1655888400738232000,47.0,2,47.0,21,47.1,10,2,2022-06-22 09:00:00
1655888400904464000,47.0,2,47.0,19,47.1,10,2,2022-06-22 09:00:00
1655888400917044000,47.0,19,46.9,7,47.0,2,2,2022-06-22 09:00:00
1655888401363586000,47.0,2,46.9,7,47.1,10,1,2022-06-22 09:00:01
1655888402286744000,46.9,2,46.9,5,47.1,10,2,2022-06-22 09:00:02
1655888402813780000,46.9,2,46.9,3,47.1,10,2,2022-06-22 09:00:02
1655888403528901000,46.9,2,46.8,25,46.85,3,2,2022-06-22 09:00:03
1655888403528901000,46.85,1,46.8,25,46.85,3,2,2022-06-22 09:00:03
1655888403551161000,46.85,2,46.8,25,46.85,1,1,2022-06-22 09:00:03
1655888403573488000,46.85,1,46.8,25,46.9,6,1,2022-06-22 09:00:03
1655888403750140000,46.8,2,46.8,23,46.9,6,2,2022-06-22 09:00:03
1655888404150817000,46.85,1,46.8,23,46.85,43,1,2022-06-22 09:00:04
1655888404160482000,46.85,1,46.8,23,46.85,42,1,2022-06-22 09:00:04
1655888404223377000,46.85,1,46.8,23,46.85,41,1,2022-06-22 09:00:04
1655888404811459000,46.8,23,46.75,66,46.8,19,2,2022-06-22 09:00:04
1655888405737953000,46.8,2,46.75,64,46.8,19,1,2022-06-22 09:00:05
1655888406041723000,46.75,2,46.75,62,46.8,21,2,2022-06-22 09:00:06
1655888406076098000,46.75,37,46.75,25,46.8,21,2,2022-06-22 09:00:06
1655888406097552000,46.75,25,46.7,4,46.8,21,2,2022-06-22 09:00:06
1655888406858052000,46.7,1,46.7,3,46.75,4,2,2022-06-22 09:00:06
1655888406886929000,46.7,3,46.65,1,46.75,4,2,2022-06-22 09:00:06
1655888406907370000,46.65,1,46.6,4,46.75,4,2,2022-06-22 09:00:06
1655888406907370000,46.6,4,46.6,4,46.75,4,2,2022-06-22 09:00:06
1655888406944659000,46.6,1,46.6,1,46.75,4,2,2022-06-22 09:00:06
1655888406953774000,46.6,1,46.55,8,46.6,1,2,2022-06-22 09:00:06
1655888407109970000,46.6,1,46.55,8,46.75,4,1,2022-06-22 09:00:07
1655888407142498000,46.75,1,46.55,8,46.75,3,1,2022-06-22 09:00:07
1655888407519528000,46.6,1,46.55,8,46.6,2,1,2022-06-22 09:00:07
1655888407788489000,46.55,2,46.55,6,46.6,2,2,2022-06-22 09:00:07
1655888408121749000,46.6,3,46.55,6,46.8,12,1,2022-06-22 09:00:08
1655888408121749000,46.7,1,46.55,6,46.8,12,1,2022-06-22 09:00:08
1655888408121749000,46.75,4,46.55,6,46.8,12,1,2022-06-22 09:00:08
1655888408121749000,46.8,7,46.55,6,46.8,12,1,2022-06-22 09:00:08
1655888408721478000,46.55,1,46.55,5,46.65,1,2,2022-06-22 09:00:08
1655888409007943000,46.55,2,46.55,3,46.65,1,2,2022-06-22 09:00:09
1655888409933461000,46.55,1,46.55,2,46.65,1,2,2022-06-22 09:00:09
1655888409962600000,46.55,1,46.55,1,46.65,1,2,2022-06-22 09:00:09
1655888410436115000,46.55,1,46.5,10,46.65,1,2,2022-06-22 09:00:10
1655888410436115000,46.5,1,46.5,10,46.65,1,2,2022-06-22 09:00:10
1655888417604009000,46.65,1,46.6,1,46.65,4,1,2022-06-22 09:00:17
1655888417866701000,46.65,4,46.6,11,46.8,14,1,2022-06-22 09:00:17
1655888417921243000,46.8,1,46.6,11,46.8,13,1,2022-06-22 09:00:17
1655888419126243000,46.6,3,46.6,9,46.8,13,2,2022-06-22 09:00:19
1655888421735711000,46.8,1,46.6,10,46.8,12,1,2022-06-22 09:00:21
1655888423944231000,46.8,1,46.6,14,46.8,11,1,2022-06-22 09:00:23
1655888424129310000,46.6,3,46.6,12,46.8,11,2,2022-06-22 09:00:24
1655888424581661000,46.8,10,46.6,14,46.8,1,1,2022-06-22 09:00:24
1655888424598051000,46.6,5,46.6,9,46.8,1,2,2022-06-22 09:00:24
1655888424689696000,46.8,1,46.65,1,46.85,37,1,2022-06-22 09:00:24
1655888424689696000,46.85,4,46.65,1,46.85,37,1,2022-06-22 09:00:24
1655888427493929000,46.85,1,46.8,3,46.85,37,1,2022-06-22 09:00:27
1655888428469768000,46.85,3,46.8,3,46.85,34,1,2022-06-22 09:00:28
1655888428499901000,46.85,3,46.8,3,46.85,31,1,2022-06-22 09:00:28
1655888428783886000,46.85,6,46.8,3,46.85,25,1,2022-06-22 09:00:28
1655888428814741000,46.85,25,46.8,3,46.9,6,1,2022-06-22 09:00:28
1655888429133820000,46.8,3,46.65,5,46.9,6,2,2022-06-22 09:00:29
1655888429215774000,46.85,3,46.85,2,46.9,6,1,2022-06-22 09:00:29
1655888429963130000,46.85,2,46.85,10,46.9,6,2,2022-06-22 09:00:29
1655888430426262000,46.9,1,46.85,11,46.9,5,1,2022-06-22 09:00:30
1655888430976397000,46.9,1,46.85,6,46.9,4,1,2022-06-22 09:00:30
1655888431007639000,46.9,4,46.85,6,47.0,14,1,2022-06-22 09:00:31
1655888431553676000,47.0,2,46.85,7,47.0,12,1,2022-06-22 09:00:31
1655888431581927000,47.0,1,46.85,7,47.0,11,1,2022-06-22 09:00:31
1655888432327293000,46.85,1,46.85,6,47.0,11,2,2022-06-22 09:00:32
1655888432451493000,47.0,2,46.85,6,47.0,9,1,2022-06-22 09:00:32
1655888433151082000,47.0,2,46.85,7,47.0,7,1,2022-06-22 09:00:33
1655888433166768000,47.0,6,46.85,7,47.0,1,1,2022-06-22 09:00:33
1655888434190518000,46.9,2,46.9,1,47.0,1,2,2022-06-22 09:00:34
1655888434771574000,47.0,1,47.0,2,47.05,10,1,2022-06-22 09:00:34
1655888434815758000,47.0,1,47.0,1,47.05,10,2,2022-06-22 09:00:34
1655888435244537000,47.05,1,47.0,1,47.05,9,1,2022-06-22 09:00:35
1655888436800218000,47.05,2,47.0,5,47.05,7,1,2022-06-22 09:00:36
1655888437166154000,47.05,5,47.0,5,47.05,2,1,2022-06-22 09:00:37
1655888437198993000,47.05,2,47.0,5,47.1,11,1,2022-06-22 09:00:37
1655888438415494000,47.05,1,47.0,7,47.05,3,1,2022-06-22 09:00:38
1655888438995499000,47.05,2,47.0,9,47.05,2,1,2022-06-22 09:00:38
1655888439022450000,47.05,1,47.0,9,47.05,1,1,2022-06-22 09:00:39
1655888439088068000,47.05,1,47.0,10,47.1,11,1,2022-06-22 09:00:39
1655888439097880000,47.0,3,47.0,7,47.1,11,2,2022-06-22 09:00:39
1655888439543775000,47.0,2,47.0,6,47.1,11,2,2022-06-22 09:00:39
1655888439741086000,47.0,2,47.0,4,47.1,11,2,2022-06-22 09:00:39
1655888439791407000,47.05,1,47.0,2,47.1,11,2,2022-06-22 09:00:39
1655888439791407000,47.0,2,47.0,2,47.1,11,2,2022-06-22 09:00:39
1655888440127787000,47.1,1,47.0,2,47.1,10,1,2022-06-22 09:00:40
1655888440513745000,47.1,3,47.0,7,47.1,7,1,2022-06-22 09:00:40
1655888440547915000,47.1,7,47.05,2,47.2,13,1,2022-06-22 09:00:40
1655888440793143000,47.1,1,47.0,8,47.05,1,2,2022-06-22 09:00:40
1655888440793143000,47.05,2,47.0,8,47.05,1,2,2022-06-22 09:00:40
1655888440957798000,47.05,1,47.0,8,47.2,13,1,2022-06-22 09:00:40
1655888441368500000,47.2,1,47.05,2,47.2,12,1,2022-06-22 09:00:41
1655888441659693000,47.05,2,47.0,11,47.2,12,2,2022-06-22 09:00:41
1655888442793781000,47.15,2,47.15,8,47.2,12,2,2022-06-22 09:00:42
1655888444155243000,47.15,2,47.15,6,47.2,12,2,2022-06-22 09:00:44
1655888444187801000,47.15,6,47.05,4,47.2,12,2,2022-06-22 09:00:44
1655888444521480000,47.05,1,47.05,3,47.2,12,2,2022-06-22 09:00:44
1655888445316427000,47.2,1,47.05,4,47.2,12,1,2022-06-22 09:00:45
1655888445624158000,47.05,2,47.05,2,47.2,12,2,2022-06-22 09:00:45
1655888446681761000,47.15,1,47.05,9,47.15,4,1,2022-06-22 09:00:46
1655888447404663000,47.15,2,47.05,10,47.2,4,1,2022-06-22 09:00:47
1655888447404663000,47.2,8,47.05,10,47.2,4,1,2022-06-22 09:00:47
1655888448222336000,47.2,4,47.15,1,47.25,3,1,2022-06-22 09:00:48
1655888448222336000,47.25,1,47.15,1,47.25,3,1,2022-06-22 09:00:48
1655888449238698000,47.2,1,47.15,1,47.25,3,1,2022-06-22 09:00:49
1655888449968399000,47.25,1,47.15,4,47.25,2,1,2022-06-22 09:00:49
1655888451392605000,47.25,1,47.2,1,47.25,1,1,2022-06-22 09:00:51
1655888451934503000,47.25,2,47.2,1,47.3,12,1,2022-06-22 09:00:51
1655888452048507000,47.3,6,47.2,1,47.3,6,1,2022-06-22 09:00:52
1655888452201627000,47.25,3,47.2,1,47.3,6,1,2022-06-22 09:00:52
1655888452316604000,47.2,1,47.2,1,47.3,6,2,2022-06-22 09:00:52
1655888452802843000,47.3,1,47.2,1,47.3,5,1,2022-06-22 09:00:52
1655888452847901000,47.3,1,47.2,1,47.3,4,1,2022-06-22 09:00:52
1655888452937139000,47.3,3,47.2,1,47.3,1,1,2022-06-22 09:00:52
1655888454180311000,47.3,1,47.2,4,47.4,14,1,2022-06-22 09:00:54
1655888454180311000,47.35,2,47.2,4,47.4,14,1,2022-06-22 09:00:54
1655888454180311000,47.4,7,47.2,4,47.4,14,1,2022-06-22 09:00:54
1655888454682404000,47.4,5,47.25,1,47.4,9,1,2022-06-22 09:00:54
1655888455378573000,47.3,3,47.3,1,47.4,9,2,2022-06-22 09:00:55
1655888455403478000,47.3,1,47.25,2,47.4,9,2,2022-06-22 09:00:55
1655888455896609000,47.4,1,47.3,5,47.4,9,1,2022-06-22 09:00:55
1655888458179682000,47.4,1,47.35,1,47.4,7,1,2022-06-22 09:00:58
1655888458268255000,47.35,1,47.3,8,47.4,7,2,2022-06-22 09:00:58
1655888459240600000,47.35,1,47.3,8,47.4,7,1,2022-06-22 09:00:59
1655888460006677000,47.4,1,47.35,1,47.4,6,1,2022-06-22 09:01:00
1655888460045423000,47.35,1,47.35,1,47.4,6,2,2022-06-22 09:01:00
1655888460452630000,47.35,1,47.25,10,47.3,1,2,2022-06-22 09:01:00
1655888460452630000,47.3,4,47.25,10,47.3,1,2,2022-06-22 09:01:00
1655888461133122000,47.3,1,47.25,10,47.3,2,1,2022-06-22 09:01:01
1655888461270636000,47.3,1,47.25,10,47.3,1,1,2022-06-22 09:01:01
1655888461593216000,47.25,9,47.2,11,47.3,23,2,2022-06-22 09:01:01
1655888461701699000,47.3,1,47.2,11,47.3,22,1,2022-06-22 09:01:01
1655888462048138000,47.3,8,47.2,11,47.3,14,1,2022-06-22 09:01:02
1655888462361619000,47.3,10,47.2,11,47.3,5,1,2022-06-22 09:01:02
1655888462579738000,47.3,5,47.2,11,47.35,8,1,2022-06-22 09:01:02
1655888462909716000,47.35,1,47.2,11,47.35,8,1,2022-06-22 09:01:02
1655888462912368000,47.35,5,47.2,11,47.35,3,1,2022-06-22 09:01:02
1655888463347966000,47.35,1,47.2,11,47.35,2,1,2022-06-22 09:01:03
1655888463373392000,47.2,11,47.15,4,47.35,2,2,2022-06-22 09:01:03
1655888463607674000,47.35,1,47.15,4,47.35,1,1,2022-06-22 09:01:03
1655888463788641000,47.4,2,47.3,1,47.4,5,1,2022-06-22 09:01:03
1655888464026684000,47.4,1,47.3,1,47.4,4,1,2022-06-22 09:01:04
1655888464438377000,47.4,1,47.3,1,47.4,3,1,2022-06-22 09:01:04
1655888465487263000,47.4,2,47.3,3,47.4,1,1,2022-06-22 09:01:05
1655888465800308000,47.3,2,47.3,1,47.4,1,2,2022-06-22 09:01:05
1655888466073791000,47.4,1,47.3,1,47.45,17,1,2022-06-22 09:01:06
1655888466282695000,47.4,2,47.3,2,47.45,17,2,2022-06-22 09:01:06
1655888466364159000,47.3,2,47.3,5,47.45,17,2,2022-06-22 09:01:06
1655888466735187000,47.35,1,47.35,5,47.45,17,2,2022-06-22 09:01:06
1655888467158006000,47.4,1,47.35,6,47.45,17,2,2022-06-22 09:01:07
1655888467422484000,47.35,1,47.35,5,47.45,17,2,2022-06-22 09:01:07
1655888468114034000,47.4,1,47.35,5,47.45,17,2,2022-06-22 09:01:08
1655888468120575000,47.45,1,47.35,5,47.45,16,1,2022-06-22 09:01:08
1655888468887242000,47.45,1,47.35,6,47.45,15,1,2022-06-22 09:01:08
1655888469366685000,47.4,1,47.35,6,47.45,15,1,2022-06-22 09:01:09
1655888471131374000,47.4,1,47.35,7,47.45,15,2,2022-06-22 09:01:11
1655888471325041000,47.4,1,47.35,7,47.45,15,2,2022-06-22 09:01:11
1655888471792525000,47.4,1,47.35,17,47.4,3,1,2022-06-22 09:01:11
1655888471966852000,47.35,12,47.35,5,47.4,3,2,2022-06-22 09:01:11
1655888471987561000,47.4,1,47.35,5,47.4,2,1,2022-06-22 09:01:11
1655888472036349000,47.4,1,47.35,5,47.4,1,1,2022-06-22 09:01:12
1655888472105870000,47.4,1,47.35,5,47.45,15,1,2022-06-22 09:01:12
1655888472520347000,47.4,1,47.35,5,47.4,1,2,2022-06-22 09:01:12
1655888472664665000,47.4,1,47.4,1,47.45,15,1,2022-06-22 09:01:12
1655888472950659000,47.45,1,47.4,2,47.45,14,1,2022-06-22 09:01:12
1655888473162143000,47.45,10,47.4,3,47.45,4,1,2022-06-22 09:01:13
1655888473746440000,47.45,1,47.4,3,47.45,3,1,2022-06-22 09:01:13
1655888473777251000,47.4,3,47.35,8,47.45,3,2,2022-06-22 09:01:13
1655888474221412000,47.45,1,47.35,24,47.45,2,1,2022-06-22 09:01:14
1655888474442623000,47.45,1,47.35,24,47.45,1,1,2022-06-22 09:01:14
1655888474587384000,47.4,1,47.35,24,47.45,1,1,2022-06-22 09:01:14
1655888474624156000,47.45,1,47.35,24,47.5,13,1,2022-06-22 09:01:14
1655888475224351000,47.4,1,47.4,4,47.5,13,2,2022-06-22 09:01:15
1655888476106478000,47.5,1,47.4,5,47.5,12,1,2022-06-22 09:01:16
1655888476139369000,47.5,2,47.4,5,47.5,10,1,2022-06-22 09:01:16
1655888476364844000,47.45,6,47.4,5,47.5,10,1,2022-06-22 09:01:16
1655888476745924000,47.5,2,47.45,2,47.5,8,1,2022-06-22 09:01:16
1655888477200567000,47.5,1,47.45,2,47.5,7,1,2022-06-22 09:01:17
1655888477327747000,47.5,3,47.45,2,47.5,4,1,2022-06-22 09:01:17
1655888477360738000,47.5,2,47.45,2,47.5,2,1,2022-06-22 09:01:17
1655888477393964000,47.5,2,47.45,2,47.6,10,1,2022-06-22 09:01:17
1655888477675409000,47.45,1,47.45,1,47.6,11,2,2022-06-22 09:01:17
1655888477934764000,47.6,7,47.5,2,47.6,4,1,2022-06-22 09:01:17
1655888478142881000,47.6,1,47.5,2,47.6,3,1,2022-06-22 09:01:18
1655888479022945000,47.55,1,47.5,2,47.6,2,1,2022-06-22 09:01:19
1655888479022945000,47.6,1,47.5,2,47.6,2,1,2022-06-22 09:01:19
1655888480590681000,47.5,1,47.5,1,47.6,2,2,2022-06-22 09:01:20
1655888480779478000,47.6,1,47.5,1,47.6,1,1,2022-06-22 09:01:20
1655888481796644000,47.6,1,47.5,1,47.65,6,2,2022-06-22 09:01:21
1655888483040225000,47.6,1,47.5,2,47.65,6,2,2022-06-22 09:01:23
1655888483652913000,47.55,2,47.55,4,47.65,6,2,2022-06-22 09:01:23
1655888483688230000,47.55,4,47.5,2,47.65,6,2,2022-06-22 09:01:23
1655888484070744000,47.6,2,47.5,4,47.65,6,2,2022-06-22 09:01:24
1655888484097523000,47.6,2,47.6,8,47.65,6,1,2022-06-22 09:01:24
1655888484427397000,47.6,1,47.6,9,47.65,6,2,2022-06-22 09:01:24
1655888485178079000,47.6,1,47.6,9,47.65,6,2,2022-06-22 09:01:25
1655888485903154000,47.6,5,47.6,4,47.65,7,2,2022-06-22 09:01:25
1655888485940177000,47.6,4,47.5,5,47.65,7,2,2022-06-22 09:01:25
1655888486072465000,47.65,7,47.5,5,47.7,10,1,2022-06-22 09:01:26
1655888486072465000,47.7,3,47.5,5,47.7,10,1,2022-06-22 09:01:26
1655888486195345000,47.7,1,47.5,5,47.7,9,1,2022-06-22 09:01:26
1655888486219921000,47.7,1,47.5,5,47.7,8,1,2022-06-22 09:01:26
1655888486427246000,47.5,5,47.45,9,47.7,8,2,2022-06-22 09:01:26
1655888486897657000,47.6,5,47.5,1,47.7,7,1,2022-06-22 09:01:26
1655888486897657000,47.7,1,47.5,1,47.7,7,1,2022-06-22 09:01:26
1655888487179764000,47.6,1,47.5,4,47.6,4,2,2022-06-22 09:01:27
1655888487339797000,47.5,1,47.45,9,47.6,4,2,2022-06-22 09:01:27
1655888487479292000,47.6,3,47.45,9,47.6,2,1,2022-06-22 09:01:27
1655888487603882000,47.6,1,47.45,9,47.6,1,1,2022-06-22 09:01:27
1655888487718204000,47.6,1,47.5,1,47.65,1,1,2022-06-22 09:01:27
1655888487718204000,47.65,1,47.5,1,47.65,1,1,2022-06-22 09:01:27
1655888487880531000,47.65,1,47.5,1,47.7,7,1,2022-06-22 09:01:27
1655888489165809000,47.6,1,47.6,4,47.7,8,2,2022-06-22 09:01:29
1655888490085513000,47.6,1,47.6,6,47.7,8,2,2022-06-22 09:01:30
1655888490772529000,47.6,9,47.5,5,47.65,1,2,2022-06-22 09:01:30
1655888490840456000,47.6,1,47.6,2,47.65,1,1,2022-06-22 09:01:30
1655888491509612000,47.65,5,47.6,2,47.65,2,1,2022-06-22 09:01:31
1655888491518638000,47.6,2,47.5,6,47.65,2,2,2022-06-22 09:01:31
1655888491673560000,47.65,1,47.5,6,47.65,4,1,2022-06-22 09:01:31
1655888492624601000,47.6,1,47.5,6,47.65,5,1,2022-06-22 09:01:32
1655888492864677000,47.65,1,47.5,7,47.65,5,1,2022-06-22 09:01:32
1655888493124774000,47.65,1,47.5,7,47.65,4,1,2022-06-22 09:01:33
1655888493420945000,47.5,8,47.45,12,47.65,4,2,2022-06-22 09:01:33
1655888493705104000,47.6,1,47.6,1,47.65,6,1,2022-06-22 09:01:33
1655888493729131000,47.6,1,47.45,12,47.65,6,2,2022-06-22 09:01:33
1655888494111285000,47.65,2,47.45,12,47.65,4,1,2022-06-22 09:01:34
1655888494231926000,47.65,2,47.45,12,47.65,2,1,2022-06-22 09:01:34
1655888494870026000,47.6,1,47.45,12,47.65,6,2,2022-06-22 09:01:34
1655888495721103000,47.6,1,47.45,13,47.65,4,1,2022-06-22 09:01:35
1655888495721103000,47.65,2,47.45,13,47.65,4,1,2022-06-22 09:01:35
1655888495737356000,47.65,4,47.45,13,47.7,10,1,2022-06-22 09:01:35
1655888496213744000,47.6,1,47.5,6,47.6,1,1,2022-06-22 09:01:36
1655888496350277000,47.6,1,47.65,1,47.7,10,1,2022-06-22 09:01:36
1655888496391022000,47.65,1,47.5,6,47.7,10,2,2022-06-22 09:01:36
1655888496421020000,47.7,2,47.5,6,47.7,8,1,2022-06-22 09:01:36
1655888497160661000,47.65,1,47.65,49,47.7,10,2,2022-06-22 09:01:37
1655888497416503000,47.7,1,47.65,49,47.7,9,1,2022-06-22 09:01:37
1655888497545205000,47.7,1,47.65,49,47.7,8,1,2022-06-22 09:01:37
1655888497783092000,47.65,1,47.65,48,47.7,8,2,2022-06-22 09:01:37
1655888497974640000,47.7,3,47.65,48,47.7,5,1,2022-06-22 09:01:37
1655888498400279000,47.7,1,47.65,49,47.7,4,1,2022-06-22 09:01:38
1655888498569085000,47.7,4,47.7,1,47.75,7,1,2022-06-22 09:01:38
1655888498847120000,47.7,1,47.65,49,47.75,7,2,2022-06-22 09:01:38
1655888499253242000,47.7,1,47.65,49,47.7,2,1,2022-06-22 09:01:39
1655888499497211000,47.7,1,47.65,49,47.7,1,1,2022-06-22 09:01:39
1655888500354081000,47.7,1,47.65,59,47.75,9,1,2022-06-22 09:01:40
1655888501023549000,47.75,2,47.65,59,47.75,7,1,2022-06-22 09:01:41
1655888501259100000,47.65,3,47.65,56,47.7,1,2,2022-06-22 09:01:41
1655888501591165000,47.65,1,47.65,55,47.7,1,2,2022-06-22 09:01:41
1655888501907728000,47.7,1,47.65,55,47.75,7,1,2022-06-22 09:01:41
1655888502011039000,47.7,1,47.65,55,47.75,7,2,2022-06-22 09:01:42
1655888502082266000,47.65,1,47.65,54,47.75,7,2,2022-06-22 09:01:42
1655888502632672000,47.7,1,47.65,53,47.75,7,2,2022-06-22 09:01:42
1655888502632672000,47.65,1,47.65,53,47.75,7,2,2022-06-22 09:01:42
1655888502940813000,47.75,1,47.65,53,47.75,6,1,2022-06-22 09:01:42
1655888503611739000,47.7,1,47.7,4,47.75,6,1,2022-06-22 09:01:43
1655888503643515000,47.7,4,47.65,53,47.75,6,2,2022-06-22 09:01:43
1655888503765012000,47.75,5,47.65,53,47.75,1,1,2022-06-22 09:01:43
1655888504748638000,47.75,1,47.7,1,47.8,7,1,2022-06-22 09:01:44
1655888504748638000,47.8,5,47.7,1,47.8,7,1,2022-06-22 09:01:44
1655888504955818000,47.7,1,47.7,1,47.8,7,2,2022-06-22 09:01:44
1655888504975577000,47.8,1,47.7,1,47.8,6,1,2022-06-22 09:01:44
1655888505424986000,47.8,1,47.7,1,47.8,5,1,2022-06-22 09:01:45
1655888505867078000,47.8,2,47.7,1,47.8,3,1,2022-06-22 09:01:45
1655888506098206000,47.75,1,47.75,39,47.8,8,1,2022-06-22 09:01:46
1655888506280014000,47.8,1,47.75,42,47.8,7,1,2022-06-22 09:01:46
1655888506300416000,47.75,1,47.75,41,47.8,7,2,2022-06-22 09:01:46
1655888506529082000,47.75,42,47.65,53,47.8,7,2,2022-06-22 09:01:46
1655888506529082000,47.7,1,47.65,53,47.8,7,2,2022-06-22 09:01:46
1655888506565571000,47.75,1,47.75,1,47.8,8,2,2022-06-22 09:01:46
1655888506578822000,47.75,1,47.65,53,47.75,1,2,2022-06-22 09:01:46
1655888506586564000,47.75,3,47.65,53,47.8,6,1,2022-06-22 09:01:46
1655888506586564000,47.8,2,47.65,53,47.8,6,1,2022-06-22 09:01:46
1655888507080461000,47.65,5,47.65,47,47.8,6,2,2022-06-22 09:01:47
1655888507092654000,47.8,1,47.65,47,47.8,5,1,2022-06-22 09:01:47
1655888507709801000,47.7,1,47.7,9,47.8,5,2,2022-06-22 09:01:47
1655888507883672000,47.7,1,47.7,8,47.8,5,2,2022-06-22 09:01:47
1655888508452841000,47.8,1,47.7,8,47.8,4,1,2022-06-22 09:01:48
1655888508721793000,47.8,2,47.7,8,47.8,7,1,2022-06-22 09:01:48
1655888509530002000,47.8,2,47.7,8,47.8,8,1,2022-06-22 09:01:49
1655888509587657000,47.75,5,47.7,8,47.8,8,2,2022-06-22 09:01:49
1655888509955693000,47.75,1,47.7,12,47.8,8,2,2022-06-22 09:01:49
1655888509971043000,47.8,2,47.7,12,47.8,6,1,2022-06-22 09:01:49
1655888510407996000,47.75,1,47.7,13,47.8,9,1,2022-06-22 09:01:50
1655888510413584000,47.8,1,47.7,13,47.8,8,1,2022-06-22 09:01:50
1655888510622661000,47.8,1,47.7,14,47.8,7,1,2022-06-22 09:01:50
1655888510637071000,47.7,3,47.7,12,47.8,7,2,2022-06-22 09:01:50
1655888510918202000,47.7,1,47.7,12,47.75,5,2,2022-06-22 09:01:50
1655888511099168000,47.75,1,47.7,12,47.75,4,1,2022-06-22 09:01:51
1655888511125417000,47.75,2,47.7,12,47.75,2,1,2022-06-22 09:01:51
1655888511327170000,47.75,2,47.7,12,47.85,14,1,2022-06-22 09:01:51
1655888511327170000,47.8,8,47.7,12,47.85,14,1,2022-06-22 09:01:51
1655888511589196000,47.75,1,47.75,1,47.85,14,2,2022-06-22 09:01:51
1655888511811643000,47.8,1,47.75,1,47.85,14,2,2022-06-22 09:01:51
1655888512543312000,47.75,1,47.7,12,47.75,1,2,2022-06-22 09:01:52
1655888512635420000,47.75,1,47.7,12,47.85,17,1,2022-06-22 09:01:52
1655888512801183000,47.85,1,47.7,12,47.85,17,1,2022-06-22 09:01:52
1655888512836255000,47.7,2,47.7,10,47.85,17,2,2022-06-22 09:01:52
1655888512857092000,47.85,1,47.7,10,47.85,16,1,2022-06-22 09:01:52
1655888513251834000,47.8,1,47.7,11,47.85,18,1,2022-06-22 09:01:53
1655888513458922000,47.8,1,47.7,11,47.85,18,2,2022-06-22 09:01:53
1655888513669430000,47.75,1,47.7,11,47.8,5,1,2022-06-22 09:01:53
1655888513942513000,47.7,3,47.7,8,47.8,7,2,2022-06-22 09:01:53
1655888514165311000,47.75,1,47.7,8,47.8,8,2,2022-06-22 09:01:54
1655888514209303000,47.7,1,47.7,7,47.8,8,2,2022-06-22 09:01:54
1655888514377973000,47.7,1,47.7,6,47.75,1,2,2022-06-22 09:01:54
1655888514396503000,47.75,1,47.75,1,47.8,8,1,2022-06-22 09:01:54
1655888514432734000,47.75,1,47.7,6,47.8,8,2,2022-06-22 09:01:54
1655888514802958000,47.75,2,47.7,6,47.75,2,1,2022-06-22 09:01:54
1655888514825112000,47.7,6,47.65,38,47.75,2,2,2022-06-22 09:01:54
1655888514881012000,47.7,1,47.65,38,47.75,2,1,2022-06-22 09:01:54
1655888514907001000,47.75,2,47.75,2,47.8,8,1,2022-06-22 09:01:54
1655888515044440000,47.75,3,47.65,38,47.75,1,2,2022-06-22 09:01:55
1655888515567812000,47.7,2,47.65,38,47.7,2,1,2022-06-22 09:01:55
1655888515596311000,47.65,1,47.65,37,47.7,2,2,2022-06-22 09:01:55
1655888515716029000,47.7,1,47.65,37,47.7,2,1,2022-06-22 09:01:55
1655888515888161000,47.7,2,47.65,37,47.8,13,1,2022-06-22 09:01:55
1655888516303170000,47.75,1,47.65,37,47.75,1,1,2022-06-22 09:01:56
1655888517191217000,47.65,1,47.65,36,47.75,2,2,2022-06-22 09:01:57
1655888517254963000,47.7,1,47.65,36,47.7,5,1,2022-06-22 09:01:57
1655888517392993000,47.65,4,47.65,32,47.7,5,2,2022-06-22 09:01:57
1655888517395783000,47.7,1,47.65,32,47.7,4,1,2022-06-22 09:01:57
1655888518147542000,47.7,2,47.65,32,47.7,5,1,2022-06-22 09:01:58
1655888518189362000,47.7,1,47.65,32,47.7,4,1,2022-06-22 09:01:58
1655888518224843000,47.65,7,47.65,25,47.7,4,2,2022-06-22 09:01:58
1655888518262222000,47.65,1,47.65,24,47.7,4,2,2022-06-22 09:01:58
1655888518751897000,47.7,5,47.65,24,47.75,3,1,2022-06-22 09:01:58
1655888518751897000,47.75,5,47.65,24,47.75,3,1,2022-06-22 09:01:58
1655888518935628000,47.75,1,47.65,24,47.75,2,1,2022-06-22 09:01:58
1655888519073601000,47.75,2,47.65,24,47.8,19,1,2022-06-22 09:01:59
1655888519351336000,47.7,1,47.65,24,47.8,18,2,2022-06-22 09:01:59
1655888520184576000,47.75,1,47.7,5,47.75,6,1,2022-06-22 09:02:00
1655888521655802000,47.7,1,47.7,12,47.75,15,2,2022-06-22 09:02:01
1655888521915050000,47.7,2,47.7,10,47.75,15,2,2022-06-22 09:02:01
1655888522422465000,47.75,2,47.7,12,47.75,14,1,2022-06-22 09:02:02
1655888522589181000,47.7,13,47.65,24,47.75,14,2,2022-06-22 09:02:02
1655888522706730000,47.65,24,47.6,15,47.75,14,2,2022-06-22 09:02:02
1655888522832753000,47.7,1,47.6,15,47.7,1,1,2022-06-22 09:02:02
1655888522996462000,47.6,1,47.6,14,47.7,1,2,2022-06-22 09:02:02
1655888523405629000,47.7,1,47.6,14,47.75,14,1,2022-06-22 09:02:03
1655888523440202000,47.6,14,47.55,1,47.75,14,2,2022-06-22 09:02:03
1655888523633574000,47.7,1,47.55,1,47.75,14,1,2022-06-22 09:02:03
1655888523890882000,47.65,1,47.55,4,47.7,6,2,2022-06-22 09:02:03
1655888524167269000,47.7,1,47.55,1,47.7,5,1,2022-06-22 09:02:04
1655888524510984000,47.7,1,47.55,1,47.7,4,1,2022-06-22 09:02:04
1655888524541411000,47.7,1,47.55,1,47.7,3,1,2022-06-22 09:02:04
1655888524718048000,47.65,1,47.55,1,47.65,2,1,2022-06-22 09:02:04
1655888525480780000,47.6,2,47.55,1,47.6,3,1,2022-06-22 09:02:05
1655888525501987000,47.6,3,47.55,1,47.65,2,1,2022-06-22 09:02:05
1655888526620416000,47.6,4,47.55,1,47.65,2,1,2022-06-22 09:02:06
1655888526620416000,47.65,6,47.55,1,47.65,2,1,2022-06-22 09:02:06
1655888526668429000,47.6,1,47.55,1,47.7,2,1,2022-06-22 09:02:06
1655888526668429000,47.65,2,47.55,1,47.7,2,1,2022-06-22 09:02:06
1655888526668429000,47.7,1,47.55,1,47.7,2,1,2022-06-22 09:02:06
1655888527070030000,47.7,1,47.55,1,47.7,5,1,2022-06-22 09:02:07
1655888528123086000,47.55,1,47.5,63,47.7,5,2,2022-06-22 09:02:08
1655888529254298000,47.6,3,47.55,2,47.7,6,2,2022-06-22 09:02:09
1655888529485650000,47.65,1,47.55,2,47.7,5,1,2022-06-22 09:02:09
1655888531376207000,47.7,4,47.65,1,47.7,6,1,2022-06-22 09:02:11
1655888531392988000,47.7,6,47.65,1,47.75,12,1,2022-06-22 09:02:11
1655888531615144000,47.75,3,47.65,1,47.75,9,1,2022-06-22 09:02:11
1655888531826260000,47.65,1,47.6,7,47.75,11,2,2022-06-22 09:02:11
1655888532439673000,47.7,1,47.7,1,47.75,11,2,2022-06-22 09:02:12
1655888533454554000,47.7,1,47.65,1,47.75,11,2,2022-06-22 09:02:13
1655888534722664000,47.7,3,47.65,2,47.75,9,1,2022-06-22 09:02:14
1655888534722664000,47.75,2,47.65,2,47.75,9,1,2022-06-22 09:02:14
1655888534813274000,47.75,1,47.65,2,47.75,8,1,2022-06-22 09:02:14
1655888535501479000,47.7,1,47.7,14,47.75,8,2,2022-06-22 09:02:15
1655888535856874000,47.75,5,47.7,14,47.75,3,1,2022-06-22 09:02:15
1655888535989284000,47.7,1,47.7,13,47.75,3,2,2022-06-22 09:02:15
1655888536271275000,47.7,16,47.6,12,47.75,3,2,2022-06-22 09:02:16
1655888536271275000,47.65,3,47.6,12,47.75,3,2,2022-06-22 09:02:16
1655888536271275000,47.6,6,47.6,12,47.75,3,2,2022-06-22 09:02:16
1655888536427953000,47.7,1,47.7,4,47.75,5,1,2022-06-22 09:02:16
1655888537039166000,47.75,1,47.7,5,47.75,4,1,2022-06-22 09:02:17
1655888537206326000,47.75,2,47.7,5,47.75,2,1,2022-06-22 09:02:17
1655888537442194000,47.7,1,47.7,7,47.75,1,2,2022-06-22 09:02:17
1655888537461625000,47.75,1,47.7,7,47.8,8,1,2022-06-22 09:02:17
1655888538147186000,47.75,1,47.75,5,47.8,8,2,2022-06-22 09:02:18
1655888538834933000,47.8,1,47.75,5,47.8,7,1,2022-06-22 09:02:18
1655888539644917000,47.75,1,47.75,4,47.8,7,2,2022-06-22 09:02:19
1655888539834030000,47.75,1,47.75,3,47.8,7,2,2022-06-22 09:02:19
1655888540087557000,47.75,3,47.7,9,47.8,7,2,2022-06-22 09:02:20
1655888540153687000,47.8,2,47.75,1,47.8,5,1,2022-06-22 09:02:20
1655888540361289000,47.75,1,47.7,11,47.8,5,2,2022-06-22 09:02:20
1655888540363235000,47.8,1,47.7,11,47.8,4,1,2022-06-22 09:02:20
1655888540644823000,47.75,1,47.75,2,47.8,4,2,2022-06-22 09:02:20
1655888540679666000,47.8,1,47.75,2,47.8,3,1,2022-06-22 09:02:20
1655888540795677000,47.8,2,47.75,2,47.8,1,1,2022-06-22 09:02:20
1655888541336450000,47.8,1,47.75,2,47.85,12,1,2022-06-22 09:02:21
1655888541336450000,47.85,3,47.75,2,47.85,12,1,2022-06-22 09:02:21
1655888541387772000,47.85,5,47.75,2,47.85,6,1,2022-06-22 09:02:21
1655888541394901000,47.75,1,47.75,1,47.85,6,2,2022-06-22 09:02:21
1655888541411235000,47.85,6,47.85,2,47.9,16,1,2022-06-22 09:02:21
1655888541739538000,47.85,1,47.85,1,47.9,16,2,2022-06-22 09:02:21
1655888541767245000,47.85,1,47.8,1,47.9,16,2,2022-06-22 09:02:21
1655888542154558000,47.9,5,47.85,11,47.9,11,1,2022-06-22 09:02:22
1655888543393716000,47.85,14,47.8,3,47.9,11,2,2022-06-22 09:02:23
1655888544636223000,47.85,1,47.85,9,47.9,11,2,2022-06-22 09:02:24
1655888544854530000,47.85,1,47.85,8,47.9,11,2,2022-06-22 09:02:24
1655888544926500000,47.9,2,47.85,8,47.9,9,1,2022-06-22 09:02:24
1655888545798262000,47.85,3,47.85,5,47.9,9,2,2022-06-22 09:02:25
1655888547550496000,47.9,1,47.85,5,47.9,8,1,2022-06-22 09:02:27
1655888548208259000,47.9,1,47.85,5,47.9,7,1,2022-06-22 09:02:28
1655888548327410000,47.9,1,47.85,5,47.9,6,1,2022-06-22 09:02:28
1655888548623359000,47.85,1,47.85,4,47.9,7,2,2022-06-22 09:02:28
1655888548955155000,47.9,1,47.85,5,47.9,6,1,2022-06-22 09:02:28
1655888549120432000,47.9,1,47.85,5,47.9,5,1,2022-06-22 09:02:29
1655888549122881000,47.9,2,47.85,5,47.9,3,1,2022-06-22 09:02:29
1655888549137303000,47.9,1,47.85,5,47.9,2,1,2022-06-22 09:02:29
1655888550107273000,47.85,5,47.8,8,47.9,2,2,2022-06-22 09:02:30
1655888550160389000,47.9,1,47.8,8,47.9,1,1,2022-06-22 09:02:30
1655888550174622000,47.8,1,47.8,7,47.9,1,2,2022-06-22 09:02:30
1655888550834089000,47.9,2,47.9,8,47.95,8,1,2022-06-22 09:02:30
1655888550900622000,47.95,1,47.9,8,47.95,7,1,2022-06-22 09:02:30
1655888551408944000,47.95,1,47.9,18,47.95,6,1,2022-06-22 09:02:31
1655888552081693000,47.95,3,47.9,13,47.95,3,1,2022-06-22 09:02:32
1655888552167605000,47.95,1,47.9,13,47.95,2,1,2022-06-22 09:02:32
1655888552212913000,47.95,1,47.9,13,47.95,1,1,2022-06-22 09:02:32
1655888552418072000,47.95,1,47.9,13,48.0,20,1,2022-06-22 09:02:32
1655888552418072000,48.0,12,47.9,13,48.0,20,1,2022-06-22 09:02:32
1655888553125224000,47.9,5,47.9,8,48.0,21,2,2022-06-22 09:02:33
1655888553470380000,47.95,1,47.9,9,48.0,21,2,2022-06-22 09:02:33
1655888553665936000,47.95,1,47.9,9,48.0,21,1,2022-06-22 09:02:33
1655888553702350000,47.9,1,47.9,8,48.0,21,2,2022-06-22 09:02:33
1655888554066291000,48.0,5,47.9,8,48.0,16,1,2022-06-22 09:02:34
1655888554311359000,47.9,5,47.9,3,48.0,16,2,2022-06-22 09:02:34
1655888556486254000,47.9,1,47.9,3,47.95,1,2,2022-06-22 09:02:36
1655888556844193000,47.95,1,47.9,4,48.0,17,1,2022-06-22 09:02:36
1655888556844193000,48.0,1,47.9,4,48.0,17,1,2022-06-22 09:02:36
1655888557610018000,48.0,10,47.9,11,48.0,7,1,2022-06-22 09:02:37
1655888557840049000,47.9,4,47.9,8,48.0,7,2,2022-06-22 09:02:37
1655888558141747000,48.0,1,47.9,10,48.0,7,1,2022-06-22 09:02:38
1655888558504770000,47.9,1,47.9,9,48.0,7,2,2022-06-22 09:02:38
1655888559333592000,47.9,2,47.9,7,48.0,7,2,2022-06-22 09:02:39
1655888559419432000,47.9,1,47.9,6,48.0,8,2,2022-06-22 09:02:39
1655888560323622000,48.0,1,47.9,9,48.0,7,1,2022-06-22 09:02:40
1655888561243445000,47.95,1,47.9,9,48.0,7,2,2022-06-22 09:02:41
1655888561429886000,48.0,1,47.9,9,48.0,6,1,2022-06-22 09:02:41
1655888561505461000,48.0,1,47.9,9,48.0,5,1,2022-06-22 09:02:41
1655888561625123000,48.0,1,47.9,9,48.0,4,1,2022-06-22 09:02:41
1655888561830889000,48.0,1,47.9,9,48.0,3,1,2022-06-22 09:02:41
1655888563424999000,47.9,12,47.85,1,48.0,5,2,2022-06-22 09:02:43
1655888563625127000,47.85,1,47.8,11,48.0,7,2,2022-06-22 09:02:43
1655888563769602000,48.0,1,47.8,10,48.0,6,1,2022-06-22 09:02:43
1655888563977156000,47.95,1,47.8,10,48.0,6,1,2022-06-22 09:02:43
1655888564112956000,48.0,1,47.8,12,48.0,5,1,2022-06-22 09:02:44
1655888564724804000,47.9,1,47.85,1,47.95,5,2,2022-06-22 09:02:44
1655888564774704000,47.95,1,47.85,1,47.95,4,1,2022-06-22 09:02:44
1655888564839174000,47.95,1,47.85,1,47.95,3,1,2022-06-22 09:02:44
1655888565700568000,47.9,1,47.85,1,47.95,5,2,2022-06-22 09:02:45
1655888565840798000,47.95,1,47.85,1,47.95,5,1,2022-06-22 09:02:45
1655888565856363000,47.95,2,47.85,1,47.95,3,1,2022-06-22 09:02:45
1655888566003308000,47.85,1,47.8,12,47.95,3,2,2022-06-22 09:02:46
1655888566077336000,47.95,3,47.8,12,48.0,6,1,2022-06-22 09:02:46
1655888566077336000,48.0,1,47.8,12,48.0,6,1,2022-06-22 09:02:46
1655888566183325000,48.0,2,47.8,12,48.0,4,1,2022-06-22 09:02:46
1655888566626647000,47.95,5,47.8,12,48.0,4,1,2022-06-22 09:02:46
1655888566904107000,47.8,1,47.8,16,48.0,4,2,2022-06-22 09:02:46
1655888567134247000,48.0,1,47.8,17,48.0,3,1,2022-06-22 09:02:47
1655888568165821000,47.85,2,47.8,17,48.0,3,2,2022-06-22 09:02:48
1655888568228517000,48.0,1,47.8,17,48.0,2,1,2022-06-22 09:02:48
1655888568268038000,47.9,1,47.8,17,48.0,2,2,2022-06-22 09:02:48
1655888568803667000,47.95,1,47.9,1,47.95,4,1,2022-06-22 09:02:48
1655888568831189000,47.9,1,47.85,1,47.95,4,2,2022-06-22 09:02:48
1655888568838764000,47.95,3,47.85,1,47.95,1,1,2022-06-22 09:02:48
1655888569069545000,47.95,1,47.9,2,48.0,3,1,2022-06-22 09:02:49
1655888569072461000,47.9,2,47.85,1,48.0,3,2,2022-06-22 09:02:49
1655888570118017000,47.85,1,47.8,17,48.0,8,2,2022-06-22 09:02:50
1655888570583217000,47.9,1,47.8,17,48.0,9,2,2022-06-22 09:02:50
1655888571053818000,47.85,1,47.8,16,48.0,9,2,2022-06-22 09:02:51
1655888571800882000,47.9,1,47.8,17,48.0,10,2,2022-06-22 09:02:51
1655888571909935000,48.0,5,47.8,18,48.0,5,1,2022-06-22 09:02:51
1655888572708629000,48.0,1,47.85,1,48.0,4,1,2022-06-22 09:02:52
1655888572861786000,47.95,1,47.95,1,48.0,4,2,2022-06-22 09:02:52
1655888573022300000,47.95,1,47.85,1,48.0,3,2,2022-06-22 09:02:53
1655888573474828000,47.85,3,47.8,19,48.0,3,2,2022-06-22 09:02:53
1655888573647613000,48.0,1,47.8,19,48.0,2,1,2022-06-22 09:02:53
1655888575108875000,47.95,1,47.8,19,47.95,4,1,2022-06-22 09:02:55
1655888575439540000,47.95,1,47.8,19,47.95,3,1,2022-06-22 09:02:55
1655888575537223000,47.95,1,47.8,19,48.0,2,1,2022-06-22 09:02:55
1655888576539435000,47.95,1,47.85,2,48.0,7,2,2022-06-22 09:02:56
1655888577426053000,47.95,4,47.85,2,47.95,1,1,2022-06-22 09:02:57
1655888578306805000,47.95,4,47.95,11,48.0,8,1,2022-06-22 09:02:58
1655888578308756000,47.95,1,47.95,10,48.0,8,2,2022-06-22 09:02:58
1655888578347647000,48.0,3,47.95,10,48.0,5,1,2022-06-22 09:02:58
1655888578493764000,47.95,10,47.9,1,48.0,5,2,2022-06-22 09:02:58
1655888579879276000,47.9,1,47.85,7,47.95,3,2,2022-06-22 09:02:59
1655888580320243000,47.95,3,47.95,7,48.0,6,1,2022-06-22 09:03:00
1655888581004514000,47.95,1,47.95,7,48.0,7,2,2022-06-22 09:03:01
1655888581029255000,47.95,7,47.85,8,48.0,7,2,2022-06-22 09:03:01
1655888581084783000,48.0,1,47.85,8,48.0,6,1,2022-06-22 09:03:01
1655888582293380000,47.95,1,47.95,4,48.0,8,2,2022-06-22 09:03:02
1655888582331029000,47.95,4,47.85,10,48.0,8,2,2022-06-22 09:03:02
1655888582852702000,47.85,1,47.85,9,48.0,9,2,2022-06-22 09:03:02
1655888583521340000,47.85,3,47.85,6,48.0,9,2,2022-06-22 09:03:03
1655888583543992000,47.85,6,47.8,26,48.0,9,2,2022-06-22 09:03:03
1655888583764977000,47.8,14,47.8,13,47.95,1,2,2022-06-22 09:03:03
1655888583954858000,47.8,1,47.8,12,47.95,2,2,2022-06-22 09:03:03
1655888584575207000,47.95,2,47.8,12,47.95,1,1,2022-06-22 09:03:04
1655888584607681000,47.95,1,47.8,12,48.0,13,1,2022-06-22 09:03:04
1655888584720681000,48.0,1,47.8,12,48.0,12,1,2022-06-22 09:03:04
1655888585015989000,47.9,1,47.8,12,47.9,1,1,2022-06-22 09:03:05
1655888585209637000,48.0,7,47.8,12,48.0,5,1,2022-06-22 09:03:05
1655888586450053000,47.95,1,47.9,2,47.95,6,1,2022-06-22 09:03:06
1655888586868441000,47.9,1,47.9,3,47.95,6,2,2022-06-22 09:03:06
1655888586896989000,47.9,3,47.9,2,47.95,6,2,2022-06-22 09:03:06
1655888587881542000,47.9,7,47.8,14,47.95,7,2,2022-06-22 09:03:07
1655888588219998000,47.95,7,47.8,14,48.0,13,1,2022-06-22 09:03:08
1655888588219998000,48.0,13,47.8,14,48.0,13,1,2022-06-22 09:03:08
1655888588448276000,47.95,1,47.8,14,48.0,13,1,2022-06-22 09:03:08
1655888591142993000,47.95,5,47.85,2,47.95,3,1,2022-06-22 09:03:11
1655888592670478000,47.9,1,47.85,7,47.95,14,2,2022-06-22 09:03:12
1655888593158634000,47.85,7,47.8,18,47.95,15,2,2022-06-22 09:03:13
1655888593518059000,47.9,1,47.8,18,47.9,1,1,2022-06-22 09:03:13
1655888593551867000,47.8,18,47.75,6,47.9,1,2,2022-06-22 09:03:13
1655888593848370000,47.85,2,47.75,6,47.85,1,1,2022-06-22 09:03:13
1655888594091136000,47.85,1,47.75,6,47.9,1,1,2022-06-22 09:03:14
1655888594091136000,47.9,1,47.75,6,47.9,1,1,2022-06-22 09:03:14
1655888595026174000,47.9,1,47.75,6,47.9,6,1,2022-06-22 09:03:15
1655888595112516000,47.85,1,47.75,6,47.85,4,1,2022-06-22 09:03:15
1655888595359212000,47.85,1,47.75,6,47.85,3,1,2022-06-22 09:03:15
1655888595724151000,47.85,3,47.75,6,47.95,17,1,2022-06-22 09:03:15
1655888595724151000,47.9,7,47.75,6,47.95,17,1,2022-06-22 09:03:15
1655888595791951000,47.85,1,47.75,6,47.85,1,1,2022-06-22 09:03:15
1655888595839880000,47.85,1,47.75,6,47.95,17,1,2022-06-22 09:03:15
1655888595933030000,47.95,3,47.75,6,47.95,14,1,2022-06-22 09:03:15
1655888596438633000,47.95,10,47.75,6,47.95,4,1,2022-06-22 09:03:16
1655888599080305000,47.9,1,47.75,7,47.9,4,1,2022-06-22 09:03:19
1655888599269290000,47.8,1,47.75,7,47.9,4,2,2022-06-22 09:03:19
1655888599367863000,47.75,7,47.7,13,47.9,4,2,2022-06-22 09:03:19
1655888599367863000,47.7,3,47.7,13,47.9,4,2,2022-06-22 09:03:19
1655888600679198000,47.85,3,47.8,12,48.0,45,1,2022-06-22 09:03:20
1655888600679198000,47.9,7,47.8,12,48.0,45,1,2022-06-22 09:03:20
1655888600679198000,47.95,8,47.8,12,48.0,45,1,2022-06-22 09:03:20
1655888600679198000,48.0,1,47.8,12,48.0,45,1,2022-06-22 09:03:20
1655888600742278000,47.95,1,47.8,12,48.0,45,2,2022-06-22 09:03:20
1655888601950205000,47.9,1,47.85,5,48.0,48,2,2022-06-22 09:03:21
1655888602002470000,47.85,4,47.85,1,48.0,48,2,2022-06-22 09:03:22
1655888602038711000,47.85,1,47.8,17,48.0,48,2,2022-06-22 09:03:22
1655888602058926000,47.8,1,47.8,16,48.0,49,2,2022-06-22 09:03:22
1655888603192960000,47.8,3,47.8,13,47.85,1,2,2022-06-22 09:03:23
1655888603499136000,47.8,5,47.8,8,47.85,1,2,2022-06-22 09:03:23
1655888603527862000,47.8,8,47.7,19,47.85,1,2,2022-06-22 09:03:23
1655888603859015000,47.85,1,47.7,19,47.95,2,1,2022-06-22 09:03:23
1655888605015366000,47.8,5,47.7,19,47.9,3,2,2022-06-22 09:03:25
1655888606166017000,47.8,1,47.7,19,47.85,2,2,2022-06-22 09:03:26
1655888606520531000,47.8,1,47.7,19,47.85,3,2,2022-06-22 09:03:26
1655888606811661000,47.85,5,47.8,1,47.9,4,1,2022-06-22 09:03:26
1655888607074243000,47.8,1,47.7,19,47.9,4,2,2022-06-22 09:03:27
1655888607093121000,47.7,1,47.7,18,47.9,4,2,2022-06-22 09:03:27
1655888607098040000,47.7,18,47.65,6,47.9,4,2,2022-06-22 09:03:27
1655888607363696000,47.85,1,47.7,6,47.85,3,1,2022-06-22 09:03:27
1655888607973847000,47.7,1,47.7,5,47.85,3,2,2022-06-22 09:03:27
1655888609966570000,47.8,5,47.7,7,47.9,4,1,2022-06-22 09:03:29
1655888609966570000,47.85,3,47.7,7,47.9,4,1,2022-06-22 09:03:29
1655888609966570000,47.9,2,47.7,7,47.9,4,1,2022-06-22 09:03:29
1655888610217527000,47.85,2,47.7,7,47.9,5,1,2022-06-22 09:03:30
1655888610581637000,47.75,1,47.7,8,47.9,4,1,2022-06-22 09:03:30
1655888610581637000,47.9,1,47.7,8,47.9,4,1,2022-06-22 09:03:30
1655888610719958000,47.7,1,47.7,7,47.75,1,2,2022-06-22 09:03:30
1655888610950212000,47.75,1,47.7,7,47.85,2,1,2022-06-22 09:03:30
1655888611266683000,47.7,1,47.7,6,47.85,7,2,2022-06-22 09:03:31
1655888611275835000,47.7,1,47.7,5,47.85,7,2,2022-06-22 09:03:31
1655888611303500000,47.7,5,47.65,6,47.85,7,2,2022-06-22 09:03:31
1655888612036528000,47.7,1,47.65,6,47.8,1,2,2022-06-22 09:03:32
1655888612782721000,47.7,4,47.7,1,47.8,1,2,2022-06-22 09:03:32
1655888612871358000,47.7,1,47.65,7,47.8,4,2,2022-06-22 09:03:32
1655888613361828000,47.65,1,47.65,6,47.8,4,2,2022-06-22 09:03:33
1655888613635655000,47.65,11,47.6,17,47.8,4,2,2022-06-22 09:03:33
1655888613720942000,47.7,1,47.6,17,47.8,7,2,2022-06-22 09:03:33
1655888615491631000,47.7,1,47.6,17,47.8,7,1,2022-06-22 09:03:35
1655888615887011000,47.7,1,47.6,17,47.8,8,1,2022-06-22 09:03:35
1655888616768971000,47.75,1,47.7,5,47.8,8,1,2022-06-22 09:03:36
1655888616768971000,47.8,1,47.7,5,47.8,8,1,2022-06-22 09:03:36
1655888617531459000,47.75,1,47.7,5,47.75,6,1,2022-06-22 09:03:37
1655888618867771000,47.7,7,47.6,17,47.75,6,2,2022-06-22 09:03:38
1655888621792951000,47.7,3,47.7,2,47.75,6,2,2022-06-22 09:03:41
1655888622510276000,47.7,2,47.65,11,47.7,3,2,2022-06-22 09:03:42
1655888625510135000,47.7,7,47.7,3,47.75,6,1,2022-06-22 09:03:45
1655888625553550000,47.7,3,47.65,14,47.7,2,2,2022-06-22 09:03:45
1655888626272941000,47.7,2,47.65,14,47.75,8,1,2022-06-22 09:03:46
1655888628845372000,47.7,2,47.7,12,47.75,8,2,2022-06-22 09:03:48
1655888629167020000,47.7,1,47.7,11,47.75,8,2,2022-06-22 09:03:49
1655888629962293000,47.7,2,47.7,9,47.75,8,2,2022-06-22 09:03:49
1655888629965419000,47.75,8,47.7,9,47.8,6,1,2022-06-22 09:03:49
1655888629965419000,47.8,2,47.7,9,47.8,6,1,2022-06-22 09:03:49
1655888630398453000,47.7,1,47.7,8,47.8,6,2,2022-06-22 09:03:50
1655888630445276000,47.7,1,47.7,7,47.8,6,2,2022-06-22 09:03:50
1655888630780214000,47.75,1,47.75,2,47.8,6,2,2022-06-22 09:03:50
1655888631535974000,47.75,1,47.75,1,47.8,6,2,2022-06-22 09:03:51
1655888632138443000,47.75,1,47.7,8,47.75,4,2,2022-06-22 09:03:52
1655888634225963000,47.75,4,47.7,8,47.75,10,1,2022-06-22 09:03:54
1655888634645892000,47.75,3,47.7,8,47.75,7,1,2022-06-22 09:03:54
1655888634679796000,47.7,1,47.7,7,47.75,7,2,2022-06-22 09:03:54
1655888636389996000,47.75,1,47.7,9,47.75,6,1,2022-06-22 09:03:56
1655888637252895000,47.7,5,47.7,4,47.75,6,2,2022-06-22 09:03:57
1655888637694070000,47.75,3,47.7,4,47.75,3,1,2022-06-22 09:03:57
1655888637924525000,47.7,3,47.7,1,47.75,3,2,2022-06-22 09:03:57
1655888638122226000,47.7,1,47.7,2,47.75,3,2,2022-06-22 09:03:58
1655888638662162000,47.7,1,47.7,1,47.75,3,2,2022-06-22 09:03:58
1655888638678446000,47.7,1,47.7,1,47.75,3,2,2022-06-22 09:03:58
1655888638908116000,47.7,1,47.65,15,47.75,3,2,2022-06-22 09:03:58
1655888639629040000,47.75,3,47.65,12,47.8,6,1,2022-06-22 09:03:59
1655888639788635000,47.65,1,47.65,11,47.7,5,2,2022-06-22 09:03:59
1655888640099771000,47.7,1,47.65,11,47.7,9,1,2022-06-22 09:04:00
1655888640787296000,47.65,11,47.6,29,47.7,14,2,2022-06-22 09:04:00
1655888641295962000,47.6,3,47.6,26,47.65,3,2,2022-06-22 09:04:01
1655888642478167000,47.6,2,47.6,24,47.65,3,2,2022-06-22 09:04:02
1655888642499033000,47.6,17,47.6,7,47.65,3,2,2022-06-22 09:04:02
1655888642502963000,47.6,1,47.6,6,47.65,3,2,2022-06-22 09:04:02
1655888642508897000,47.6,2,47.6,4,47.65,3,2,2022-06-22 09:04:02
1655888642518864000,47.6,4,47.55,3,47.65,3,2,2022-06-22 09:04:02
1655888642528737000,47.55,1,47.55,2,47.6,1,2,2022-06-22 09:04:02
1655888642528777000,47.55,1,47.55,1,47.6,1,2,2022-06-22 09:04:02
1655888642708905000,47.6,1,47.55,1,47.65,5,1,2022-06-22 09:04:02
1655888642768770000,47.55,1,47.5,66,47.65,5,2,2022-06-22 09:04:02
1655888643128926000,47.6,1,47.55,1,47.65,5,2,2022-06-22 09:04:03
1655888643471666000,47.65,3,47.55,1,47.65,2,1,2022-06-22 09:04:03
1655888643519742000,47.65,2,47.55,1,47.7,15,1,2022-06-22 09:04:03
1655888643735270000,47.55,1,47.55,1,47.7,15,2,2022-06-22 09:04:03
1655888643872470000,47.7,1,47.55,1,47.7,14,1,2022-06-22 09:04:03
1655888645021858000,47.65,2,47.65,1,47.7,15,1,2022-06-22 09:04:05
1655888645674495000,47.65,1,47.55,3,47.7,16,2,2022-06-22 09:04:05
1655888646561180000,47.7,2,47.55,3,47.7,16,1,2022-06-22 09:04:06
1655888646807891000,47.55,1,47.55,3,47.7,18,2,2022-06-22 09:04:06
1655888647128056000,47.65,1,47.55,3,47.65,5,1,2022-06-22 09:04:07
1655888648799983000,47.6,1,47.55,3,47.65,5,2,2022-06-22 09:04:08
1655888649672713000,47.65,1,47.55,3,47.65,4,1,2022-06-22 09:04:09
1655888649779093000,47.55,1,47.55,2,47.65,4,2,2022-06-22 09:04:09
1655888650501194000,47.65,2,47.55,8,47.65,2,1,2022-06-22 09:04:10
1655888650506836000,47.65,2,47.65,1,47.7,16,1,2022-06-22 09:04:10
1655888650547117000,47.65,1,47.55,8,47.7,16,2,2022-06-22 09:04:10
1655888650692672000,47.7,3,47.55,8,47.7,13,1,2022-06-22 09:04:10
1655888651097591000,47.55,1,47.55,7,47.7,13,2,2022-06-22 09:04:11
1655888651173219000,47.7,1,47.55,7,47.7,12,1,2022-06-22 09:04:11
1655888652013497000,47.6,1,47.55,20,47.65,1,2,2022-06-22 09:04:12
1655888653301280000,47.65,1,47.55,22,47.7,12,1,2022-06-22 09:04:13
1655888656146494000,47.65,1,47.6,6,47.7,12,2,2022-06-22 09:04:16
1655888656775362000,47.7,5,47.6,7,47.7,7,1,2022-06-22 09:04:16
1655888656790860000,47.7,2,47.6,7,47.7,5,1,2022-06-22 09:04:16
1655888657359465000,47.6,1,47.6,7,47.7,5,2,2022-06-22 09:04:17
1655888659002266000,47.65,1,47.6,8,47.7,6,1,2022-06-22 09:04:19
1655888659813409000,47.6,1,47.6,6,47.7,6,2,2022-06-22 09:04:19
1655888663050585000,47.65,1,47.6,14,47.7,12,1,2022-06-22 09:04:23
1655888663296411000,47.6,5,47.6,9,47.7,12,2,2022-06-22 09:04:23
1655888663920082000,47.65,1,47.65,1,47.7,14,2,2022-06-22 09:04:23
1655888666551937000,47.7,1,47.65,1,47.7,13,1,2022-06-22 09:04:26
1655888666653710000,47.65,1,47.6,11,47.65,2,2,2022-06-22 09:04:26
1655888667239713000,47.65,2,47.6,11,47.7,5,1,2022-06-22 09:04:27
1655888667239713000,47.7,8,47.6,11,47.7,5,1,2022-06-22 09:04:27
1655888667578987000,47.7,1,47.65,2,47.7,4,1,2022-06-22 09:04:27
1655888668173814000,47.7,2,47.65,2,47.7,2,1,2022-06-22 09:04:28
1655888668960671000,47.7,2,47.65,2,47.75,8,1,2022-06-22 09:04:28
1655888669214255000,47.65,2,47.6,19,47.7,1,2,2022-06-22 09:04:29
1655888669214255000,47.6,1,47.6,19,47.7,1,2,2022-06-22 09:04:29
1655888671825494000,47.7,1,47.7,2,47.75,8,1,2022-06-22 09:04:31
1655888672460728000,47.7,2,47.6,20,47.7,3,2,2022-06-22 09:04:32
1655888673741275000,47.65,1,47.6,20,47.7,4,2,2022-06-22 09:04:33
1655888673771746000,47.6,20,47.55,15,47.7,4,2,2022-06-22 09:04:33
1655888673905962000,47.65,2,47.65,8,47.7,6,1,2022-06-22 09:04:33
1655888674116446000,47.7,1,47.65,8,47.7,5,1,2022-06-22 09:04:34
1655888674538932000,47.7,1,47.65,8,47.7,4,1,2022-06-22 09:04:34
1655888675050954000,47.65,1,47.65,7,47.7,5,2,2022-06-22 09:04:35
1655888675265166000,47.7,1,47.65,7,47.7,4,1,2022-06-22 09:04:35
1655888677456292000,47.7,1,47.65,7,47.7,3,1,2022-06-22 09:04:37
1655888678999340000,47.7,1,47.65,7,47.7,2,1,2022-06-22 09:04:38
1655888680326424000,47.7,1,47.65,9,47.7,4,1,2022-06-22 09:04:40
1655888680989597000,47.65,5,47.65,4,47.7,4,2,2022-06-22 09:04:40
1655888681383689000,47.7,1,47.65,4,47.7,3,1,2022-06-22 09:04:41
1655888681420496000,47.7,1,47.65,4,47.7,2,1,2022-06-22 09:04:41
1655888681648552000,47.7,1,47.65,5,47.7,1,1,2022-06-22 09:04:41
1655888681970310000,47.7,1,47.65,5,47.75,8,1,2022-06-22 09:04:41
1655888683034439000,47.65,2,47.65,5,47.75,9,2,2022-06-22 09:04:43
1655888684914937000,47.7,1,47.7,4,47.75,9,2,2022-06-22 09:04:44
1655888684947731000,47.7,1,47.7,3,47.75,9,2,2022-06-22 09:04:44
1655888685597666000,47.7,1,47.7,8,47.75,9,2,2022-06-22 09:04:45
1655888685655080000,47.7,8,47.65,4,47.75,9,2,2022-06-22 09:04:45
1655888685655080000,47.65,1,47.65,4,47.75,9,2,2022-06-22 09:04:45
1655888686124455000,47.65,4,47.55,14,47.7,5,2,2022-06-22 09:04:46
1655888686124455000,47.6,4,47.55,14,47.7,5,2,2022-06-22 09:04:46
1655888686124455000,47.55,2,47.55,14,47.7,5,2,2022-06-22 09:04:46
1655888687143216000,47.7,1,47.65,1,47.7,7,1,2022-06-22 09:04:47
1655888689655302000,47.65,2,47.55,14,47.7,11,2,2022-06-22 09:04:49
1655888689707143000,47.7,1,47.55,14,47.7,10,1,2022-06-22 09:04:49
1655888690725705000,47.7,1,47.6,1,47.7,10,1,2022-06-22 09:04:50
1655888691187983000,47.7,1,47.6,1,47.7,9,1,2022-06-22 09:04:51
1655888691216139000,47.7,5,47.6,1,47.7,4,1,2022-06-22 09:04:51
1655888691713318000,47.7,1,47.6,2,47.7,4,1,2022-06-22 09:04:51
1655888692398323000,47.7,1,47.65,2,47.7,9,1,2022-06-22 09:04:52
1655888694397094000,47.7,1,47.65,2,47.7,11,1,2022-06-22 09:04:54
1655888694525574000,47.65,1,47.65,1,47.7,11,2,2022-06-22 09:04:54
1655888697419775000,47.65,1,47.65,1,47.7,12,2,2022-06-22 09:04:57
1655888698156292000,47.7,1,47.65,1,47.7,14,1,2022-06-22 09:04:58
1655888698544957000,47.7,5,47.65,2,47.7,9,1,2022-06-22 09:04:58
1655888698561933000,47.7,1,47.65,2,47.7,8,1,2022-06-22 09:04:58
1655888698708978000,47.65,2,47.6,4,47.7,8,2,2022-06-22 09:04:58
1655888699555367000,47.65,1,47.6,3,47.7,10,1,2022-06-22 09:04:59
1655888699932872000,47.7,2,47.6,9,47.7,8,1,2022-06-22 09:04:59
1655888700197039000,47.6,9,47.55,14,47.7,9,2,2022-06-22 09:05:00
1655888700197039000,47.55,1,47.55,14,47.7,9,2,2022-06-22 09:05:00
1655888700257405000,47.65,1,47.55,14,47.65,1,1,2022-06-22 09:05:00
1655888700929755000,47.55,3,47.55,11,47.65,1,2,2022-06-22 09:05:00
1655888701803780000,47.65,1,47.55,11,47.65,4,1,2022-06-22 09:05:01
1655888701823353000,47.65,2,47.55,11,47.65,2,1,2022-06-22 09:05:01
1655888702206223000,47.65,3,47.65,1,47.7,10,1,2022-06-22 09:05:02
1655888702234962000,47.65,1,47.55,11,47.7,10,2,2022-06-22 09:05:02
1655888702691802000,47.55,10,47.55,1,47.7,10,2,2022-06-22 09:05:02
1655888702735022000,47.55,1,47.5,76,47.7,10,2,2022-06-22 09:05:02
1655888702946189000,47.55,1,47.5,75,47.65,2,2,2022-06-22 09:05:02
1655888702946189000,47.5,1,47.5,75,47.65,2,2,2022-06-22 09:05:02
1655888703451470000,47.6,1,47.5,73,47.6,6,1,2022-06-22 09:05:03
1655888703863277000,47.5,35,47.5,38,47.55,2,2,2022-06-22 09:05:03
1655888703891713000,47.5,38,47.45,10,47.55,2,2,2022-06-22 09:05:03
1655888703935747000,47.45,2,47.45,8,47.5,4,2,2022-06-22 09:05:03
1655888704007371000,47.45,2,47.45,6,47.5,4,2,2022-06-22 09:05:04
1655888704037299000,47.45,6,47.4,7,47.5,4,2,2022-06-22 09:05:04
1655888705306023000,47.45,1,47.4,7,47.45,7,1,2022-06-22 09:05:05
1655888705340733000,47.4,7,47.35,18,47.45,7,2,2022-06-22 09:05:05
1655888706998689000,47.4,1,47.35,19,47.4,2,1,2022-06-22 09:05:06
1655888707098241000,47.4,2,47.35,18,47.5,4,1,2022-06-22 09:05:07
1655888707098241000,47.45,7,47.35,18,47.5,4,1,2022-06-22 09:05:07
1655888707098241000,47.5,1,47.35,18,47.5,4,1,2022-06-22 09:05:07
1655888708020684000,47.35,1,47.35,17,47.4,1,2,2022-06-22 09:05:08
1655888708516685000,47.4,1,47.35,17,47.5,5,1,2022-06-22 09:05:08
1655888708883479000,47.4,1,47.35,17,47.5,6,2,2022-06-22 09:05:08
1655888709159779000,47.5,2,47.35,17,47.5,4,1,2022-06-22 09:05:09
1655888710310815000,47.4,3,47.35,17,47.45,2,2,2022-06-22 09:05:10
1655888710598137000,47.45,1,47.35,17,47.45,4,1,2022-06-22 09:05:10
1655888711762386000,47.4,1,47.4,7,47.45,8,2,2022-06-22 09:05:11
1655888711986603000,47.4,1,47.4,6,47.45,8,2,2022-06-22 09:05:11
1655888712585535000,47.4,6,47.4,1,47.45,10,2,2022-06-22 09:05:12
1655888712597049000,47.4,1,47.35,19,47.45,10,2,2022-06-22 09:05:12
1655888713830009000,47.45,1,47.4,1,47.45,16,1,2022-06-22 09:05:13
1655888713981581000,47.45,1,47.4,1,47.45,15,1,2022-06-22 09:05:13
1655888714160454000,47.4,2,47.35,19,47.4,8,2,2022-06-22 09:05:14
1655888714330836000,47.4,1,47.35,19,47.4,7,1,2022-06-22 09:05:14
1655888715574670000,47.35,1,47.35,20,47.4,15,2,2022-06-22 09:05:15
1655888715597596000,47.35,1,47.35,19,47.4,15,2,2022-06-22 09:05:15
1655888715615908000,47.4,2,47.35,19,47.4,13,1,2022-06-22 09:05:15
1655888716388119000,47.35,1,47.35,20,47.4,13,2,2022-06-22 09:05:16
1655888716421104000,47.35,1,47.35,19,47.4,13,2,2022-06-22 09:05:16
1655888717138384000,47.4,1,47.35,20,47.4,13,1,2022-06-22 09:05:17
1655888717288528000,47.35,5,47.35,15,47.4,13,2,2022-06-22 09:05:17
1655888717317774000,47.35,1,47.35,14,47.4,13,2,2022-06-22 09:05:17
1655888717317795000,47.35,1,47.35,13,47.4,13,2,2022-06-22 09:05:17
1655888717449462000,47.35,2,47.35,11,47.4,13,2,2022-06-22 09:05:17
1655888718181951000,47.4,2,47.35,11,47.4,11,1,2022-06-22 09:05:18
1655888718225825000,47.35,1,47.35,10,47.4,11,2,2022-06-22 09:05:18
1655888718691426000,47.4,1,47.35,10,47.4,10,1,2022-06-22 09:05:18
1655888720374477000,47.35,2,47.35,6,47.4,16,2,2022-06-22 09:05:20
1655888720403215000,47.35,1,47.35,5,47.4,16,2,2022-06-22 09:05:20
1655888720662394000,47.35,1,47.35,4,47.4,16,2,2022-06-22 09:05:20
1655888721616324000,47.4,5,47.35,5,47.4,5,1,2022-06-22 09:05:21
1655888721811484000,47.4,1,47.35,6,47.4,4,1,2022-06-22 09:05:21
1655888723038818000,47.4,4,47.4,6,47.45,21,1,2022-06-22 09:05:23
1655888723670394000,47.45,14,47.4,16,47.45,8,1,2022-06-22 09:05:23
1655888723700219000,47.45,8,47.4,16,47.5,7,1,2022-06-22 09:05:23
1655888723768665000,47.4,1,47.4,15,47.45,1,2,2022-06-22 09:05:23
1655888723807096000,47.4,5,47.4,10,47.45,1,2,2022-06-22 09:05:23
1655888724702248000,47.45,1,47.4,10,47.45,2,1,2022-06-22 09:05:24
1655888725631141000,47.45,2,47.4,11,47.45,1,1,2022-06-22 09:05:25
1655888726506095000,47.45,1,47.4,11,47.5,6,1,2022-06-22 09:05:26
1655888726506095000,47.5,1,47.4,11,47.5,6,1,2022-06-22 09:05:26
1655888726539331000,47.4,1,47.4,10,47.5,6,2,2022-06-22 09:05:26
1655888726601490000,47.4,1,47.4,9,47.5,6,2,2022-06-22 09:05:26
1655888726632819000,47.5,4,47.4,9,47.5,3,1,2022-06-22 09:05:26
1655888726922139000,47.4,9,47.35,8,47.4,7,2,2022-06-22 09:05:26
1655888726954758000,47.35,1,47.35,7,47.4,7,2,2022-06-22 09:05:26
1655888727769856000,47.4,2,47.35,8,47.4,5,1,2022-06-22 09:05:27
1655888729563418000,47.35,1,47.35,7,47.4,10,2,2022-06-22 09:05:29
1655888730650726000,47.4,1,47.35,7,47.4,9,1,2022-06-22 09:05:30
1655888730803909000,47.35,4,47.35,3,47.4,9,2,2022-06-22 09:05:30
1655888730825724000,47.35,2,47.35,1,47.4,9,2,2022-06-22 09:05:30
1655888731508322000,47.35,1,47.3,22,47.4,10,2,2022-06-22 09:05:31
1655888732589397000,47.4,3,47.35,9,47.4,7,1,2022-06-22 09:05:32
1655888732612003000,47.4,3,47.35,9,47.4,4,1,2022-06-22 09:05:32
1655888732622982000,47.4,3,47.35,10,47.4,1,1,2022-06-22 09:05:32
1655888732645476000,47.4,1,47.35,10,47.45,2,1,2022-06-22 09:05:32
1655888734260509000,47.4,1,47.4,12,47.45,5,2,2022-06-22 09:05:34
1655888734592737000,47.45,5,47.4,12,47.5,4,1,2022-06-22 09:05:34
1655888736332413000,47.45,1,47.4,13,47.5,5,2,2022-06-22 09:05:36
1655888736809992000,47.5,5,47.4,18,47.5,1,1,2022-06-22 09:05:36
1655888739020719000,47.45,2,47.45,14,47.5,1,2,2022-06-22 09:05:39
1655888740609241000,47.5,1,47.5,4,47.55,6,1,2022-06-22 09:05:40
1655888741493542000,47.55,2,47.5,4,47.55,4,1,2022-06-22 09:05:41
1655888741938294000,47.5,1,47.5,3,47.55,4,2,2022-06-22 09:05:41
1655888744038863000,47.5,1,47.5,2,47.55,4,2,2022-06-22 09:05:44
1655888744237358000,47.55,2,47.5,2,47.55,2,1,2022-06-22 09:05:44
1655888745454835000,47.55,2,47.55,3,47.6,3,1,2022-06-22 09:05:45
1655888745474475000,47.55,2,47.55,1,47.6,3,2,2022-06-22 09:05:45
1655888745476197000,47.55,1,47.5,2,47.6,3,2,2022-06-22 09:05:45
1655888746229491000,47.5,1,47.5,1,47.6,3,2,2022-06-22 09:05:46
1655888748645318000,47.55,1,47.45,27,47.5,5,2,2022-06-22 09:05:48
1655888748645318000,47.5,5,47.45,27,47.5,5,2,2022-06-22 09:05:48
1655888749837952000,47.5,1,47.45,27,47.5,6,1,2022-06-22 09:05:49
1655888753154010000,47.5,1,47.45,27,47.5,3,1,2022-06-22 09:05:53
1655888753216473000,47.5,2,47.45,27,47.5,1,1,2022-06-22 09:05:53
1655888753235960000,47.5,1,47.45,27,47.55,15,1,2022-06-22 09:05:53
1655888754320308000,47.5,1,47.45,27,47.55,17,1,2022-06-22 09:05:54
1655888755588045000,47.5,1,47.45,28,47.55,18,1,2022-06-22 09:05:55
1655888755588045000,47.55,1,47.45,28,47.55,18,1,2022-06-22 09:05:55
1655888755616130000,47.45,4,47.45,24,47.55,18,2,2022-06-22 09:05:55
1655888756775226000,47.5,1,47.5,3,47.55,19,2,2022-06-22 09:05:56
1655888757293638000,47.5,1,47.5,2,47.55,19,2,2022-06-22 09:05:57
1655888757663765000,47.55,1,47.5,4,47.55,18,1,2022-06-22 09:05:57
1655888759542203000,47.5,4,47.45,24,47.5,3,2,2022-06-22 09:05:59
1655888759729990000,47.5,1,47.45,24,47.5,3,1,2022-06-22 09:05:59
1655888761055841000,47.5,10,47.45,24,47.5,3,1,2022-06-22 09:06:01
1655888762556132000,47.5,5,47.45,24,47.5,3,1,2022-06-22 09:06:02
1655888764049504000,47.5,1,47.45,24,47.5,2,1,2022-06-22 09:06:04
1655888765665003000,47.5,3,47.5,2,47.55,18,2,2022-06-22 09:06:05
1655888768709792000,47.5,3,47.45,25,47.55,26,2,2022-06-22 09:06:08
1655888771344684000,47.55,10,47.45,25,47.55,12,1,2022-06-22 09:06:11
1655888772619911000,47.5,1,47.45,16,47.55,12,2,2022-06-22 09:06:12
1655888772619911000,47.45,9,47.45,16,47.55,12,2,2022-06-22 09:06:12
1655888772831277000,47.45,1,47.45,15,47.5,2,2,2022-06-22 09:06:12
1655888773645293000,47.5,3,47.45,15,47.55,5,1,2022-06-22 09:06:13
1655888773645293000,47.55,6,47.45,15,47.55,5,1,2022-06-22 09:06:13
1655888776779381000,47.55,5,47.5,1,47.6,2,1,2022-06-22 09:06:16
1655888776779381000,47.6,4,47.5,1,47.6,2,1,2022-06-22 09:06:16
1655888777081463000,47.55,1,47.55,10,47.6,2,2,2022-06-22 09:06:17
1655888777379279000,47.55,1,47.55,9,47.6,2,2,2022-06-22 09:06:17
1655888777589525000,47.6,1,47.55,9,47.6,1,1,2022-06-22 09:06:17
1655888780115388000,47.55,9,47.5,3,47.6,6,2,2022-06-22 09:06:20
1655888783171835000,47.5,4,47.45,7,47.55,4,2,2022-06-22 09:06:23
1655888783171835000,47.45,9,47.45,7,47.55,4,2,2022-06-22 09:06:23
1655888783630758000,47.5,1,47.45,7,47.5,1,1,2022-06-22 09:06:23
1655888783659640000,47.5,1,47.45,7,47.55,6,1,2022-06-22 09:06:23
1655888783862916000,47.5,2,47.5,8,47.55,6,1,2022-06-22 09:06:23
1655888783953991000,47.5,1,47.5,7,47.55,6,2,2022-06-22 09:06:23
1655888783980609000,47.5,7,47.45,7,47.55,6,2,2022-06-22 09:06:23
1655888784149723000,47.5,1,47.45,7,47.55,5,1,2022-06-22 09:06:24
1655888784149723000,47.55,1,47.45,7,47.55,5,1,2022-06-22 09:06:24
1655888784484231000,47.5,2,47.45,7,47.55,5,2,2022-06-22 09:06:24
1655888784593316000,47.55,1,47.45,7,47.55,5,1,2022-06-22 09:06:24
1655888784759718000,47.5,2,47.45,7,47.55,4,1,2022-06-22 09:06:24
1655888784759718000,47.55,1,47.45,7,47.55,4,1,2022-06-22 09:06:24
1655888785275739000,47.55,1,47.45,7,47.55,3,1,2022-06-22 09:06:25
1655888787577871000,47.55,2,47.5,1,47.55,5,1,2022-06-22 09:06:27
1655888788110444000,47.55,1,47.5,1,47.55,4,1,2022-06-22 09:06:28
1655888788234521000,47.5,1,47.45,7,47.55,4,2,2022-06-22 09:06:28
1655888789317618000,47.45,6,47.45,1,47.55,4,2,2022-06-22 09:06:29
1655888790205706000,47.45,1,47.4,13,47.45,4,2,2022-06-22 09:06:30
1655888790972397000,47.4,1,47.4,12,47.45,6,2,2022-06-22 09:06:30
1655888791066069000,47.45,3,47.4,12,47.45,3,1,2022-06-22 09:06:31
1655888791168052000,47.45,1,47.4,12,47.45,2,1,2022-06-22 09:06:31
1655888791264473000,47.4,5,47.4,7,47.45,2,2,2022-06-22 09:06:31
1655888791632088000,47.45,1,47.4,7,47.45,1,1,2022-06-22 09:06:31
1655888791661926000,47.4,1,47.4,6,47.45,1,2,2022-06-22 09:06:31
1655888791670650000,47.4,2,47.4,4,47.45,1,2,2022-06-22 09:06:31
1655888791697895000,47.4,2,47.4,2,47.45,1,2,2022-06-22 09:06:31
1655888791817774000,47.4,2,47.35,12,47.45,3,2,2022-06-22 09:06:31
1655888793044994000,47.45,5,47.35,12,47.5,8,1,2022-06-22 09:06:33
1655888793044994000,47.5,5,47.35,12,47.5,8,1,2022-06-22 09:06:33
1655888795122688000,47.35,3,47.35,9,47.4,2,2,2022-06-22 09:06:35
1655888795151364000,47.35,1,47.35,8,47.4,2,2,2022-06-22 09:06:35
1655888795300064000,47.4,1,47.35,8,47.4,1,1,2022-06-22 09:06:35
1655888797026780000,47.4,1,47.35,8,47.4,5,1,2022-06-22 09:06:37
1655888797160209000,47.4,2,47.35,8,47.4,3,1,2022-06-22 09:06:37
1655888798247009000,47.4,1,47.35,8,47.4,3,1,2022-06-22 09:06:38
1655888798343895000,47.4,2,47.35,8,47.4,1,1,2022-06-22 09:06:38
1655888798378145000,47.35,1,47.35,7,47.4,1,2,2022-06-22 09:06:38
1655888799739057000,47.4,1,47.35,8,47.5,2,1,2022-06-22 09:06:39
1655888802035330000,47.45,3,47.4,10,47.5,2,1,2022-06-22 09:06:42
1655888803239265000,47.5,2,47.4,10,47.55,7,1,2022-06-22 09:06:43
1655888803239265000,47.55,1,47.4,10,47.55,7,1,2022-06-22 09:06:43
1655888803667318000,47.4,1,47.4,9,47.45,5,2,2022-06-22 09:06:43
1655888804304774000,47.45,1,47.4,9,47.45,4,1,2022-06-22 09:06:44
1655888804344320000,47.4,1,47.4,8,47.45,4,2,2022-06-22 09:06:44
1655888805278466000,47.45,4,47.4,9,47.5,1,1,2022-06-22 09:06:45
1655888805278466000,47.5,6,47.4,9,47.5,1,1,2022-06-22 09:06:45
1655888806119663000,47.4,2,47.4,8,47.5,1,2,2022-06-22 09:06:46
1655888807622573000,47.4,1,47.4,8,47.5,1,2,2022-06-22 09:06:47
1655888808749959000,47.45,3,47.4,9,47.5,7,2,2022-06-22 09:06:48
1655888809859104000,47.45,1,47.4,14,47.5,7,1,2022-06-22 09:06:49
1655888809859104000,47.5,2,47.4,14,47.5,7,1,2022-06-22 09:06:49
1655888812871197000,47.5,2,47.4,18,47.5,5,1,2022-06-22 09:06:52
1655888815361465000,47.45,1,47.45,1,47.5,12,2,2022-06-22 09:06:55
1655888815387164000,47.45,1,47.4,18,47.5,12,2,2022-06-22 09:06:55
1655888819674948000,47.45,1,47.4,18,47.5,14,1,2022-06-22 09:06:59
1655888820434704000,47.45,3,47.4,19,47.45,3,1,2022-06-22 09:07:00
1655888824106732000,47.45,5,47.4,19,47.5,13,1,2022-06-22 09:07:04
1655888824324504000,47.5,1,47.4,20,47.5,8,1,2022-06-22 09:07:04
1655888824678377000,47.4,5,47.4,15,47.5,8,2,2022-06-22 09:07:04
1655888828287326000,47.45,1,47.4,14,47.45,6,1,2022-06-22 09:07:08
1655888828305041000,47.45,6,47.4,14,47.5,9,1,2022-06-22 09:07:08
1655888830540259000,47.5,9,47.4,14,47.55,6,1,2022-06-22 09:07:10
1655888830540259000,47.55,1,47.4,14,47.55,6,1,2022-06-22 09:07:10
1655888832965864000,47.5,1,47.45,13,47.5,1,2,2022-06-22 09:07:12
1655888833647287000,47.45,1,47.45,12,47.5,1,2,2022-06-22 09:07:13
1655888833709873000,47.45,2,47.45,10,47.5,1,2,2022-06-22 09:07:13
1655888834968722000,47.5,1,47.45,10,47.55,6,1,2022-06-22 09:07:14
1655888836238517000,47.55,4,47.5,12,47.55,2,1,2022-06-22 09:07:16
1655888836272436000,47.55,2,47.5,12,47.6,7,1,2022-06-22 09:07:16
1655888837227635000,47.6,4,47.5,13,47.6,3,1,2022-06-22 09:07:17
1655888837257712000,47.6,3,47.55,11,47.65,1,1,2022-06-22 09:07:17
1655888837260715000,47.55,2,47.55,9,47.65,1,2,2022-06-22 09:07:17
1655888838169440000,47.65,1,47.55,9,47.7,8,1,2022-06-22 09:07:18
1655888838356080000,47.7,1,47.55,10,47.7,6,1,2022-06-22 09:07:18
1655888838402428000,47.7,1,47.55,10,47.7,7,1,2022-06-22 09:07:18
1655888838954428000,47.7,4,47.55,10,47.7,3,1,2022-06-22 09:07:18
1655888839194184000,47.55,1,47.55,10,47.7,3,2,2022-06-22 09:07:19
1655888843819926000,47.7,3,47.6,2,47.75,9,1,2022-06-22 09:07:23
1655888843819926000,47.75,7,47.6,2,47.75,9,1,2022-06-22 09:07:23
1655888843893878000,47.75,1,47.6,2,47.75,8,1,2022-06-22 09:07:23
1655888843953481000,47.7,4,47.65,10,47.75,6,1,2022-06-22 09:07:23
1655888844802397000,47.75,4,47.65,11,47.75,2,1,2022-06-22 09:07:24
1655888844824773000,47.75,2,47.65,11,47.8,22,1,2022-06-22 09:07:24
1655888844835393000,47.8,1,47.65,11,47.8,21,1,2022-06-22 09:07:24
1655888844927775000,47.8,3,47.65,12,47.8,19,1,2022-06-22 09:07:24
1655888844952763000,47.8,19,47.65,12,47.85,6,1,2022-06-22 09:07:24
1655888845542508000,47.85,5,47.65,12,47.85,1,1,2022-06-22 09:07:25
1655888846490917000,47.85,1,47.85,9,47.9,14,1,2022-06-22 09:07:26
1655888846956374000,47.9,9,47.85,9,47.9,5,1,2022-06-22 09:07:26
1655888846972816000,47.9,5,47.85,9,47.95,4,1,2022-06-22 09:07:26
1655888847071301000,47.85,2,47.85,7,47.95,4,2,2022-06-22 09:07:27
1655888847194991000,47.95,1,47.9,3,47.95,3,1,2022-06-22 09:07:27
1655888847204111000,47.95,1,47.9,3,47.95,2,1,2022-06-22 09:07:27
1655888847271609000,47.95,1,47.9,3,47.95,1,1,2022-06-22 09:07:27
1655888849128541000,47.95,1,47.9,3,48.0,93,1,2022-06-22 09:07:29
1655888852174316000,47.9,3,47.35,5,48.0,93,2,2022-06-22 09:07:32
1655888852174316000,47.75,6,47.35,5,48.0,93,2,2022-06-22 09:07:32
1655888852174316000,47.7,12,47.35,5,48.0,93,2,2022-06-22 09:07:32
1655888852174316000,47.65,2,47.35,5,48.0,93,2,2022-06-22 09:07:32
1655888852174316000,47.6,2,47.35,5,48.0,93,2,2022-06-22 09:07:32
1655888852174316000,47.55,8,47.35,5,48.0,93,2,2022-06-22 09:07:32
1655888852174316000,47.5,15,47.35,5,48.0,93,2,2022-06-22 09:07:32
1655888852174316000,47.45,1,47.35,5,48.0,93,2,2022-06-22 09:07:32
1655888852174316000,47.4,17,47.35,5,48.0,93,2,2022-06-22 09:07:32
1655888852174316000,47.35,14,47.35,5,48.0,93,2,2022-06-22 09:07:32
1655888852340634000,47.45,2,47.35,6,47.75,1,2,2022-06-22 09:07:32
1655888852340634000,47.4,1,47.35,6,47.75,1,2,2022-06-22 09:07:32
1655888852427842000,47.35,1,47.35,5,47.75,1,2,2022-06-22 09:07:32
1655888853744409000,47.75,2,47.45,4,47.95,10,1,2022-06-22 09:07:33
1655888853744409000,47.95,3,47.45,4,47.95,10,1,2022-06-22 09:07:33
1655888856593367000,47.8,1,47.65,1,47.85,5,1,2022-06-22 09:07:36
1655888856593367000,47.85,1,47.65,1,47.85,5,1,2022-06-22 09:07:36
1655888856745291000,47.85,1,47.65,1,47.85,4,1,2022-06-22 09:07:36
1655888858283865000,47.8,1,47.7,14,47.85,12,2,2022-06-22 09:07:38
1655888858540108000,47.85,1,47.7,14,47.85,11,1,2022-06-22 09:07:38
1655888859783179000,47.8,1,47.7,14,47.85,13,1,2022-06-22 09:07:39
1655888859892944000,47.85,1,47.7,14,47.85,12,1,2022-06-22 09:07:39
1655888859895081000,47.7,8,47.7,6,47.85,12,2,2022-06-22 09:07:39
1655888859908104000,47.7,6,47.65,1,47.85,12,2,2022-06-22 09:07:39
1655888861092737000,47.85,1,47.65,1,47.85,13,1,2022-06-22 09:07:41
1655888863966850000,47.8,1,47.7,1,47.8,2,1,2022-06-22 09:07:43
1655888864116069000,47.75,10,47.65,8,47.8,2,2,2022-06-22 09:07:44
1655888864116069000,47.7,1,47.65,8,47.8,2,2,2022-06-22 09:07:44
1655888864116069000,47.65,4,47.65,8,47.8,2,2,2022-06-22 09:07:44
1655888864814469000,47.75,1,47.65,8,47.75,2,1,2022-06-22 09:07:44
1655888864880173000,47.75,1,47.65,8,47.75,1,1,2022-06-22 09:07:44
1655888867850143000,47.7,2,47.65,8,47.7,3,1,2022-06-22 09:07:47
1655888868463784000,47.7,1,47.65,8,47.7,3,1,2022-06-22 09:07:48
1655888869459920000,47.7,1,47.65,8,47.7,2,1,2022-06-22 09:07:49
1655888869482735000,47.7,2,47.65,8,47.75,1,1,2022-06-22 09:07:49
1655888870621662000,47.7,1,47.65,8,47.75,1,2,2022-06-22 09:07:50
1655888871125341000,47.65,8,47.5,23,47.75,1,2,2022-06-22 09:07:51
1655888871156319000,47.7,1,47.55,1,47.75,1,2,2022-06-22 09:07:51
1655888871169215000,47.75,1,47.5,24,47.75,2,1,2022-06-22 09:07:51
1655888873621606000,47.7,1,47.65,1,47.75,2,2,2022-06-22 09:07:53
1655888876021766000,47.65,2,47.55,1,47.65,1,2,2022-06-22 09:07:56
1655888877306086000,47.65,1,47.55,1,47.65,6,1,2022-06-22 09:07:57
1655888877339375000,47.65,1,47.55,2,47.65,6,1,2022-06-22 09:07:57
1655888880603978000,47.65,1,47.6,1,47.65,8,1,2022-06-22 09:08:00
1655888884896854000,47.65,1,47.6,1,47.65,13,1,2022-06-22 09:08:04
1655888885153849000,47.65,1,47.6,1,47.65,12,1,2022-06-22 09:08:05
1655888885803674000,47.65,1,47.6,1,47.65,11,1,2022-06-22 09:08:05
1655888886062018000,47.6,1,47.55,3,47.65,11,2,2022-06-22 09:08:06
1655888888395252000,47.6,3,47.55,1,47.65,12,2,2022-06-22 09:08:08
1655888888395252000,47.55,2,47.55,1,47.65,12,2,2022-06-22 09:08:08
1655888890429361000,47.55,1,47.5,25,47.6,1,2,2022-06-22 09:08:10
1655888890575410000,47.5,2,47.5,23,47.6,1,2,2022-06-22 09:08:10
1655888890830241000,47.6,1,47.6,9,47.65,12,1,2022-06-22 09:08:10
1655888892117701000,47.6,5,47.6,4,47.65,17,2,2022-06-22 09:08:12
1655888892479811000,47.65,4,47.6,4,47.65,13,1,2022-06-22 09:08:12
1655888894058997000,47.65,1,47.6,4,47.65,12,1,2022-06-22 09:08:14
1655888894123336000,47.6,2,47.6,2,47.65,12,2,2022-06-22 09:08:14
1655888895059405000,47.6,2,47.5,23,47.65,12,2,2022-06-22 09:08:15
1655888897662192000,47.6,1,47.5,22,47.6,9,1,2022-06-22 09:08:17
1655888898754985000,47.5,5,47.5,17,47.6,17,2,2022-06-22 09:08:18
1655888898784290000,47.5,17,47.45,2,47.6,17,2,2022-06-22 09:08:18
1655888901521182000,47.5,1,47.5,1,47.55,8,1,2022-06-22 09:08:21
1655888903325104000,47.5,1,47.45,3,47.55,6,2,2022-06-22 09:08:23
1655888903754082000,47.5,1,47.45,3,47.55,4,2,2022-06-22 09:08:23
1655888904979050000,47.55,2,47.45,3,47.55,2,1,2022-06-22 09:08:24
1655888905256463000,47.5,2,47.45,3,47.55,2,2,2022-06-22 09:08:25
1655888905895916000,47.5,1,47.45,3,47.55,6,2,2022-06-22 09:08:25
1655888906694979000,47.5,1,47.45,3,47.5,1,1,2022-06-22 09:08:26
1655888907329864000,47.45,3,47.4,22,47.45,2,2,2022-06-22 09:08:27
1655888907346196000,47.45,1,47.4,22,47.45,1,1,2022-06-22 09:08:27
1655888907980735000,47.45,1,47.4,12,47.5,5,1,2022-06-22 09:08:27
1655888907980735000,47.5,1,47.4,12,47.5,5,1,2022-06-22 09:08:27
1655888908519278000,47.45,1,47.4,12,47.45,1,1,2022-06-22 09:08:28
1655888908708220000,47.4,1,47.4,11,47.45,1,2,2022-06-22 09:08:28
1655888908814331000,47.45,1,47.4,11,47.5,5,1,2022-06-22 09:08:28
1655888908973414000,47.5,1,47.4,11,47.5,4,1,2022-06-22 09:08:28
1655888909061511000,47.5,1,47.4,11,47.5,3,1,2022-06-22 09:08:29
1655888910168759000,47.5,4,47.4,11,47.6,14,1,2022-06-22 09:08:30
1655888910168759000,47.55,7,47.4,11,47.6,14,1,2022-06-22 09:08:30
1655888910168759000,47.6,4,47.4,11,47.6,14,1,2022-06-22 09:08:30
1655888911904961000,47.5,3,47.4,12,47.55,1,2,2022-06-22 09:08:31
1655888921703835000,47.45,1,47.45,1,47.5,14,2,2022-06-22 09:08:41
1655888922199029000,47.45,1,47.4,12,47.5,18,2,2022-06-22 09:08:42
1655888922902955000,47.5,1,47.4,12,47.5,18,1,2022-06-22 09:08:42
1655888925490410000,47.4,2,47.4,10,47.5,13,2,2022-06-22 09:08:45
1655888928539588000,47.45,2,47.4,9,47.45,1,1,2022-06-22 09:08:48
1655888932157750000,47.4,3,47.4,6,47.45,9,2,2022-06-22 09:08:52
1655888932194141000,47.4,1,47.4,5,47.45,9,2,2022-06-22 09:08:52
1655888933707613000,47.4,3,47.4,2,47.45,8,2,2022-06-22 09:08:53
1655888937073595000,47.4,1,47.4,1,47.45,8,2,2022-06-22 09:08:57
1655888938908391000,47.4,1,47.35,11,47.45,3,2,2022-06-22 09:08:58
1655888940446405000,47.4,2,47.35,11,47.45,2,1,2022-06-22 09:09:00
1655888942491326000,47.4,1,47.35,9,47.45,3,1,2022-06-22 09:09:02
1655888950400308000,47.4,1,47.4,14,47.45,4,2,2022-06-22 09:09:10
1655888951688645000,47.45,1,47.4,14,47.45,3,1,2022-06-22 09:09:11
1655888952737598000,47.45,3,47.4,20,47.5,21,1,2022-06-22 09:09:12
1655888953445141000,47.45,1,47.4,20,47.5,20,1,2022-06-22 09:09:13
1655888953445141000,47.5,1,47.4,20,47.5,20,1,2022-06-22 09:09:13
1655888954312988000,47.45,1,47.45,1,47.5,20,1,2022-06-22 09:09:14
1655888958867304000,47.45,1,47.45,2,47.5,20,2,2022-06-22 09:09:18
1655888959804158000,47.45,1,47.45,1,47.5,20,2,2022-06-22 09:09:19
1655888961078993000,47.45,1,47.4,25,47.5,20,2,2022-06-22 09:09:21
1655888964613400000,47.45,1,47.4,25,47.5,20,1,2022-06-22 09:09:24
1655888967238434000,47.4,2,47.4,26,47.45,4,2,2022-06-22 09:09:27
1655888967348407000,47.45,1,47.4,26,47.45,3,1,2022-06-22 09:09:27
1655888968034860000,47.4,3,47.4,23,47.45,3,2,2022-06-22 09:09:28
1655888968599447000,47.4,23,47.35,7,47.4,11,2,2022-06-22 09:09:28
1655888968636896000,47.4,2,47.35,7,47.4,9,1,2022-06-22 09:09:28
1655888968640505000,47.35,1,47.35,6,47.4,9,2,2022-06-22 09:09:28
1655888968668121000,47.35,6,47.3,41,47.4,9,2,2022-06-22 09:09:28
1655888969584431000,47.35,1,47.3,41,47.4,9,1,2022-06-22 09:09:29
1655888969584431000,47.4,1,47.3,41,47.4,9,1,2022-06-22 09:09:29
1655888972029176000,47.4,1,47.3,42,47.4,13,1,2022-06-22 09:09:32
1655888972407394000,47.3,2,47.3,40,47.4,13,2,2022-06-22 09:09:32
1655888972441185000,47.3,40,47.25,10,47.4,13,2,2022-06-22 09:09:32
1655888972441185000,47.25,4,47.25,10,47.4,13,2,2022-06-22 09:09:32
1655888972610952000,47.25,1,47.25,9,47.35,6,2,2022-06-22 09:09:32
1655888973554836000,47.3,2,47.25,9,47.35,4,1,2022-06-22 09:09:33
1655888973554836000,47.35,2,47.25,9,47.35,4,1,2022-06-22 09:09:33
1655888975920457000,47.25,1,47.25,8,47.35,5,2,2022-06-22 09:09:35
1655888976735211000,47.25,2,47.25,6,47.35,11,2,2022-06-22 09:09:36
1655888977313976000,47.25,1,47.25,6,47.35,11,2,2022-06-22 09:09:37
1655888978571782000,47.25,1,47.25,5,47.3,14,2,2022-06-22 09:09:38
1655888978606855000,47.25,2,47.25,3,47.3,14,2,2022-06-22 09:09:38
1655888980296417000,47.25,1,47.25,3,47.3,15,2,2022-06-22 09:09:40
1655888982110724000,47.25,1,47.25,2,47.3,15,2,2022-06-22 09:09:42
1655888982405703000,47.25,1,47.25,1,47.3,15,2,2022-06-22 09:09:42
1655888983550287000,47.3,1,47.25,1,47.3,16,1,2022-06-22 09:09:43
1655888983876427000,47.3,1,47.25,11,47.3,15,1,2022-06-22 09:09:43
1655888986881953000,47.25,1,47.25,10,47.3,15,2,2022-06-22 09:09:46
1655888987178551000,47.25,1,47.25,9,47.3,15,2,2022-06-22 09:09:47
1655888987248410000,47.25,2,47.25,7,47.3,15,2,2022-06-22 09:09:47
1655888989269095000,47.3,1,47.25,7,47.3,32,1,2022-06-22 09:09:49
1655888990138547000,47.3,1,47.25,7,47.3,31,1,2022-06-22 09:09:50
1655888991867888000,47.25,1,47.25,7,47.3,31,2,2022-06-22 09:09:51
1655888991894092000,47.25,1,47.25,6,47.3,31,2,2022-06-22 09:09:51
1655888993175797000,47.25,6,47.2,18,47.3,31,2,2022-06-22 09:09:53
1655888993175797000,47.2,2,47.2,18,47.3,31,2,2022-06-22 09:09:53
1655888994397049000,47.2,8,47.2,10,47.25,3,2,2022-06-22 09:09:54
1655888994422281000,47.2,10,47.15,4,47.25,3,2,2022-06-22 09:09:54
1655888997244292000,47.15,4,47.1,8,47.2,6,2,2022-06-22 09:09:57
1655888997896160000,47.2,1,47.1,8,47.2,5,1,2022-06-22 09:09:57
1655888998361633000,47.2,1,47.1,8,47.2,4,1,2022-06-22 09:09:58
1655889001203008000,47.15,2,47.15,4,47.2,5,2,2022-06-22 09:10:01
1655889001450959000,47.15,2,47.15,2,47.2,5,2,2022-06-22 09:10:01
1655889002312764000,47.2,1,47.15,2,47.2,5,1,2022-06-22 09:10:02
1655889002354843000,47.15,1,47.15,1,47.2,5,2,2022-06-22 09:10:02
1655889003386397000,47.2,1,47.15,1,47.2,15,1,2022-06-22 09:10:03
1655889003614552000,47.15,1,47.1,8,47.2,15,2,2022-06-22 09:10:03
1655889003614552000,47.1,2,47.1,8,47.2,15,2,2022-06-22 09:10:03
1655889004185505000,47.15,1,47.1,7,47.2,17,2,2022-06-22 09:10:04
1655889004456737000,47.1,7,47.05,22,47.1,1,2,2022-06-22 09:10:04
1655889004508554000,47.1,2,47.05,22,47.1,1,1,2022-06-22 09:10:04
1655889010504967000,47.1,1,47.05,17,47.2,17,1,2022-06-22 09:10:10
1655889013737151000,47.1,1,47.05,18,47.15,5,2,2022-06-22 09:10:13
1655889013801054000,47.1,2,47.05,18,47.15,5,1,2022-06-22 09:10:13
1655889014526710000,47.1,1,47.1,2,47.15,5,2,2022-06-22 09:10:14
1655889014553195000,47.1,2,47.05,15,47.15,5,2,2022-06-22 09:10:14
1655889015305828000,47.05,3,47.05,12,47.15,5,2,2022-06-22 09:10:15
1655889016989251000,47.05,13,47.0,40,47.05,37,2,2022-06-22 09:10:16
1655889017017915000,47.0,1,47.0,39,47.05,37,2,2022-06-22 09:10:17
1655889017048462000,47.0,8,47.0,31,47.05,37,2,2022-06-22 09:10:17
1655889017053210000,47.0,1,47.0,30,47.05,37,2,2022-06-22 09:10:17
1655889017081060000,47.0,1,47.0,29,47.05,37,2,2022-06-22 09:10:17
1655889017095234000,47.0,1,47.0,28,47.05,37,2,2022-06-22 09:10:17
1655889017150942000,47.0,5,47.0,23,47.05,37,2,2022-06-22 09:10:17
1655889017224832000,47.0,5,47.0,18,47.05,37,2,2022-06-22 09:10:17
1655889017258746000,47.0,2,47.0,16,47.05,37,2,2022-06-22 09:10:17
1655889017260808000,47.0,1,47.0,15,47.05,37,2,2022-06-22 09:10:17
1655889017354284000,47.0,12,47.0,3,47.05,37,2,2022-06-22 09:10:17
1655889017387459000,47.0,3,46.95,8,47.05,37,2,2022-06-22 09:10:17
1655889017552196000,46.95,3,46.95,5,47.0,1,2,2022-06-22 09:10:17
1655889018091006000,46.95,3,46.95,2,47.0,4,2,2022-06-22 09:10:18
1655889019519660000,47.0,3,46.95,2,47.0,1,1,2022-06-22 09:10:19
1655889020197913000,46.95,1,46.95,1,47.0,3,2,2022-06-22 09:10:20
1655889020686678000,46.95,1,46.9,13,47.0,3,2,2022-06-22 09:10:20
1655889021767133000,46.9,10,46.9,4,46.95,12,2,2022-06-22 09:10:21
1655889021800241000,46.9,1,46.9,3,46.95,12,2,2022-06-22 09:10:21
1655889021803278000,46.9,1,46.9,1,46.95,12,2,2022-06-22 09:10:21
1655889021803380000,46.9,1,46.85,2,46.95,12,2,2022-06-22 09:10:21
1655889021847657000,46.9,1,46.9,1,46.95,12,1,2022-06-22 09:10:21
1655889021864310000,46.95,1,46.9,1,46.95,11,1,2022-06-22 09:10:21
1655889021901896000,46.9,1,46.85,2,46.95,11,2,2022-06-22 09:10:21
1655889022182915000,46.85,2,46.8,10,46.95,11,2,2022-06-22 09:10:22
1655889024192531000,46.9,1,46.85,3,46.9,1,1,2022-06-22 09:10:24
1655889025468458000,46.85,1,46.85,2,46.9,2,2,2022-06-22 09:10:25
1655889025559419000,46.9,1,46.85,2,46.9,1,1,2022-06-22 09:10:25
1655889026287585000,46.85,1,46.85,1,46.9,1,2,2022-06-22 09:10:26
1655889026435640000,46.9,1,46.85,1,46.95,11,1,2022-06-22 09:10:26
1655889026565666000,46.85,1,46.8,12,46.95,11,2,2022-06-22 09:10:26
1655889026732826000,46.85,2,46.8,12,46.95,11,1,2022-06-22 09:10:26
1655889027912194000,46.9,2,46.8,13,46.95,11,1,2022-06-22 09:10:27
1655889028282751000,46.85,2,46.8,13,46.9,1,1,2022-06-22 09:10:28
1655889028400654000,46.9,1,46.8,13,46.95,7,1,2022-06-22 09:10:28
1655889028400654000,46.95,4,46.8,13,46.95,7,1,2022-06-22 09:10:28
1655889029950433000,46.9,1,46.85,4,46.95,7,2,2022-06-22 09:10:29
1655889031886842000,46.95,1,46.9,1,46.95,10,1,2022-06-22 09:10:31
1655889032603393000,46.9,1,46.8,14,46.85,3,2,2022-06-22 09:10:32
1655889032603393000,46.85,3,46.8,14,46.85,3,2,2022-06-22 09:10:32
1655889032639143000,46.85,3,46.8,14,46.85,1,1,2022-06-22 09:10:32
1655889032673633000,46.85,1,46.8,14,46.95,11,1,2022-06-22 09:10:32
1655889033648620000,46.85,1,46.8,12,46.85,1,2,2022-06-22 09:10:33
1655889033673911000,46.85,1,46.8,12,46.95,11,1,2022-06-22 09:10:33
1655889033676703000,46.85,1,46.8,12,46.95,11,1,2022-06-22 09:10:33
1655889035252860000,46.9,2,46.85,3,46.95,30,1,2022-06-22 09:10:35
1655889040005984000,46.9,19,46.85,15,46.95,13,1,2022-06-22 09:10:40
1655889040031893000,46.95,8,46.85,15,46.95,5,1,2022-06-22 09:10:40
1655889040061960000,46.9,1,46.85,15,46.95,1,1,2022-06-22 09:10:40
1655889040061960000,46.95,4,46.85,15,46.95,1,1,2022-06-22 09:10:40
1655889040254309000,46.9,1,46.85,20,46.95,1,2,2022-06-22 09:10:40
1655889040766392000,46.95,1,46.85,21,47.0,7,1,2022-06-22 09:10:40
1655889041172644000,47.0,7,46.85,21,47.05,33,1,2022-06-22 09:10:41
1655889041172644000,47.05,5,46.85,21,47.05,33,1,2022-06-22 09:10:41
1655889041314965000,47.05,1,46.9,2,47.05,32,1,2022-06-22 09:10:41
1655889042359802000,46.9,2,46.9,5,47.05,32,2,2022-06-22 09:10:42
1655889042721601000,46.9,1,46.9,4,47.05,32,2,2022-06-22 09:10:42
1655889043903523000,46.9,1,46.9,3,46.95,1,2,2022-06-22 09:10:43
1655889045579513000,46.9,1,46.9,3,46.95,4,2,2022-06-22 09:10:45
1655889047614163000,46.9,1,46.9,6,46.95,5,2,2022-06-22 09:10:47
1655889052448131000,46.9,1,46.9,8,46.95,18,2,2022-06-22 09:10:52
1655889055174198000,46.9,10,46.9,5,46.95,20,2,2022-06-22 09:10:55
1655889055985691000,46.95,1,46.9,8,46.95,19,1,2022-06-22 09:10:55
1655889056326126000,46.9,2,46.9,6,46.95,19,2,2022-06-22 09:10:56
1655889056353251000,46.9,1,46.9,5,46.95,19,2,2022-06-22 09:10:56
1655889057437550000,46.9,3,46.9,12,46.95,19,2,2022-06-22 09:10:57
1655889057475308000,46.9,1,46.9,11,46.95,19,2,2022-06-22 09:10:57
1655889059358389000,46.9,1,46.9,11,46.95,19,2,2022-06-22 09:10:59
1655889060597250000,46.9,3,46.9,13,46.95,20,2,2022-06-22 09:11:00
1655889060630349000,46.9,1,46.9,12,46.95,20,2,2022-06-22 09:11:00
1655889062072329000,46.95,10,46.9,16,46.95,10,1,2022-06-22 09:11:02
1655889062349053000,46.9,1,46.9,15,46.95,10,2,2022-06-22 09:11:02
1655889062362143000,46.9,1,46.9,14,46.95,10,2,2022-06-22 09:11:02
1655889063176302000,46.9,10,46.9,4,46.95,10,2,2022-06-22 09:11:03
1655889063885486000,46.95,5,46.9,4,46.95,5,1,2022-06-22 09:11:03
1655889064844006000,46.9,1,46.9,4,46.95,5,2,2022-06-22 09:11:04
1655889066557759000,46.9,1,46.9,3,46.95,7,2,2022-06-22 09:11:06
1655889066610287000,46.9,1,46.9,2,46.95,7,2,2022-06-22 09:11:06
1655889066977279000,46.9,1,46.9,1,46.95,7,2,2022-06-22 09:11:06
1655889069981834000,46.95,2,46.9,3,46.95,5,1,2022-06-22 09:11:09
1655889070246715000,46.9,3,46.85,11,46.95,5,2,2022-06-22 09:11:10
1655889070246715000,46.85,2,46.85,11,46.95,5,2,2022-06-22 09:11:10
1655889070658406000,46.9,1,46.85,11,46.95,5,2,2022-06-22 09:11:10
1655889074076343000,46.9,1,46.9,19,46.95,5,2,2022-06-22 09:11:14
1655889074492212000,46.9,1,46.9,18,46.95,5,2,2022-06-22 09:11:14
1655889076161100000,46.95,1,46.9,18,46.95,4,1,2022-06-22 09:11:16
1655889076408138000,46.9,1,46.9,17,46.95,4,2,2022-06-22 09:11:16
1655889077268433000,46.9,16,46.9,2,46.95,4,2,2022-06-22 09:11:17
1655889077310959000,46.9,2,46.85,11,46.95,8,2,2022-06-22 09:11:17
1655889077651212000,46.85,4,46.85,6,46.9,11,2,2022-06-22 09:11:17
1655889077688390000,46.85,2,46.85,4,46.9,11,2,2022-06-22 09:11:17
1655889077718032000,46.85,2,46.85,2,46.9,11,2,2022-06-22 09:11:17
1655889077723913000,46.85,2,46.8,15,46.9,11,2,2022-06-22 09:11:17
1655889077844611000,46.8,10,46.8,4,46.85,1,2,2022-06-22 09:11:17
1655889077867554000,46.85,1,46.8,4,46.9,8,1,2022-06-22 09:11:17
1655889077867554000,46.9,3,46.8,4,46.9,8,1,2022-06-22 09:11:17
1655889077872559000,46.8,4,46.75,12,46.9,8,2,2022-06-22 09:11:17
1655889077974683000,46.75,8,46.75,4,46.85,1,2,2022-06-22 09:11:17
1655889078010918000,46.75,4,46.7,6,46.85,1,2,2022-06-22 09:11:18
1655889078034073000,46.7,1,46.7,5,46.8,2,2,2022-06-22 09:11:18
1655889078093978000,46.7,5,46.65,8,46.7,1,2,2022-06-22 09:11:18
1655889078197571000,46.65,1,46.65,7,46.7,2,2,2022-06-22 09:11:18
1655889078494340000,46.7,1,46.65,7,46.7,3,1,2022-06-22 09:11:18
1655889079021510000,46.7,1,46.65,7,46.7,6,1,2022-06-22 09:11:19
1655889082044171000,46.65,5,46.65,2,46.7,6,2,2022-06-22 09:11:22
1655889082530196000,46.65,2,46.6,10,46.65,13,2,2022-06-22 09:11:22
1655889082604157000,46.65,5,46.6,10,46.65,8,1,2022-06-22 09:11:22
1655889082633374000,46.65,8,46.6,10,46.7,15,1,2022-06-22 09:11:22
1655889085221664000,46.65,2,46.6,10,46.65,17,1,2022-06-22 09:11:25
1655889086445274000,46.65,2,46.6,11,46.65,19,1,2022-06-22 09:11:26
1655889087044362000,46.6,1,46.6,9,46.65,19,2,2022-06-22 09:11:27
1655889087073186000,46.6,1,46.6,8,46.65,19,2,2022-06-22 09:11:27
1655889087106741000,46.6,1,46.6,7,46.65,19,2,2022-06-22 09:11:27
1655889087665359000,46.6,1,46.6,6,46.65,28,2,2022-06-22 09:11:27
1655889087689093000,46.6,1,46.6,5,46.65,28,2,2022-06-22 09:11:27
1655889087712153000,46.6,2,46.6,3,46.65,28,2,2022-06-22 09:11:27
1655889088118740000,46.6,2,46.6,1,46.65,29,2,2022-06-22 09:11:28
1655889088388310000,46.6,1,46.55,6,46.65,30,2,2022-06-22 09:11:28
1655889089269666000,46.6,2,46.6,1,46.65,35,1,2022-06-22 09:11:29
1655889089348097000,46.65,10,46.6,1,46.65,25,1,2022-06-22 09:11:29
1655889089742391000,46.6,1,46.55,7,46.65,25,2,2022-06-22 09:11:29
1655889090295916000,46.65,10,46.55,7,46.65,15,1,2022-06-22 09:11:30
1655889090321373000,46.65,14,46.55,7,46.65,1,1,2022-06-22 09:11:30
1655889090399354000,46.65,2,46.55,7,46.7,4,1,2022-06-22 09:11:30
1655889091688403000,46.6,1,46.55,7,46.7,5,2,2022-06-22 09:11:31
1655889091688403000,46.55,1,46.55,7,46.7,5,2,2022-06-22 09:11:31
1655889091890174000,46.7,2,46.55,6,46.7,3,1,2022-06-22 09:11:31
1655889093588438000,46.6,1,46.6,4,46.65,2,2,2022-06-22 09:11:33
1655889093699747000,46.65,1,46.6,5,46.65,1,1,2022-06-22 09:11:33
1655889093725016000,46.65,1,46.6,5,46.7,6,1,2022-06-22 09:11:33
1655889094396749000,46.6,1,46.6,5,46.7,6,2,2022-06-22 09:11:34
1655889100984925000,46.65,6,46.65,2,46.7,13,2,2022-06-22 09:11:40
1655889102030697000,46.65,2,46.65,1,46.7,14,2,2022-06-22 09:11:42
1655889102690587000,46.7,1,46.65,1,46.7,14,1,2022-06-22 09:11:42
1655889102927831000,46.65,1,46.6,30,46.7,14,2,2022-06-22 09:11:42
1655889105062704000,46.6,1,46.6,29,46.7,16,2,2022-06-22 09:11:45
1655889105962642000,46.65,1,46.6,29,46.65,5,1,2022-06-22 09:11:45
1655889106006914000,46.65,1,46.6,29,46.65,4,1,2022-06-22 09:11:46
1655889107191128000,46.6,1,46.6,31,46.65,12,2,2022-06-22 09:11:47
1655889107244124000,46.65,2,46.6,29,46.65,10,1,2022-06-22 09:11:47
1655889107535354000,46.65,5,46.6,29,46.65,8,1,2022-06-22 09:11:47
1655889107955772000,46.6,5,46.6,24,46.65,8,2,2022-06-22 09:11:47
1655889107988272000,46.6,1,46.6,23,46.65,9,2,2022-06-22 09:11:47
1655889108489590000,46.65,9,46.6,23,46.7,3,1,2022-06-22 09:11:48
1655889108489590000,46.7,1,46.6,23,46.7,3,1,2022-06-22 09:11:48
1655889108920932000,46.65,1,46.6,23,46.7,3,2,2022-06-22 09:11:48
1655889111573910000,46.65,1,46.6,23,46.65,2,1,2022-06-22 09:11:51
1655889113301581000,46.65,1,46.6,23,46.65,3,1,2022-06-22 09:11:53
1655889113308065000,46.65,1,46.6,23,46.65,2,1,2022-06-22 09:11:53
1655889114254904000,46.6,1,46.6,22,46.65,2,2,2022-06-22 09:11:54
1655889114865018000,46.65,1,46.6,22,46.65,1,1,2022-06-22 09:11:54
1655889119044839000,46.65,1,46.6,26,46.65,2,1,2022-06-22 09:11:59
1655889119775777000,46.65,1,46.6,11,46.65,7,1,2022-06-22 09:11:59
1655889119838190000,46.6,1,46.6,10,46.65,7,2,2022-06-22 09:11:59
1655889120867088000,46.65,2,46.6,10,46.65,5,1,2022-06-22 09:12:00
1655889120921106000,46.6,2,46.6,8,46.65,5,2,2022-06-22 09:12:00
1655889120958884000,46.65,1,46.6,8,46.65,4,1,2022-06-22 09:12:00
1655889121087624000,46.6,8,46.55,14,46.6,2,2,2022-06-22 09:12:01
1655889121291502000,46.55,7,46.55,7,46.6,12,2,2022-06-22 09:12:01
1655889121327681000,46.55,7,46.5,41,46.6,12,2,2022-06-22 09:12:01
1655889121372431000,46.55,1,46.5,41,46.6,12,1,2022-06-22 09:12:01
1655889121511586000,46.5,5,46.5,36,46.55,2,2,2022-06-22 09:12:01
1655889121617719000,46.5,8,46.5,28,46.55,2,2,2022-06-22 09:12:01
1655889121659291000,46.5,2,46.5,26,46.55,2,2,2022-06-22 09:12:01
1655889121685990000,46.5,2,46.5,24,46.55,2,2,2022-06-22 09:12:01
1655889121698478000,46.5,4,46.5,20,46.55,2,2,2022-06-22 09:12:01
1655889121718862000,46.5,2,46.5,18,46.55,2,2,2022-06-22 09:12:01
1655889121749072000,46.5,12,46.5,6,46.55,2,2,2022-06-22 09:12:01
1655889121781062000,46.5,3,46.5,3,46.55,2,2,2022-06-22 09:12:01
1655889121783022000,46.5,2,46.5,1,46.55,3,2,2022-06-22 09:12:01
1655889121785903000,46.5,1,46.4,1,46.55,5,2,2022-06-22 09:12:01
1655889122638794000,46.4,1,46.35,8,46.5,3,2,2022-06-22 09:12:02
1655889122662126000,46.35,1,46.35,7,46.5,3,2,2022-06-22 09:12:02
1655889122687430000,46.35,2,46.35,5,46.5,3,2,2022-06-22 09:12:02
1655889125985831000,46.5,1,46.4,3,46.5,4,1,2022-06-22 09:12:05
1655889127235766000,46.4,1,46.4,3,46.5,14,2,2022-06-22 09:12:07
1655889130846443000,46.4,2,46.4,3,46.5,22,2,2022-06-22 09:12:10
1655889136116531000,46.5,19,46.5,1,46.55,5,1,2022-06-22 09:12:16
1655889136244308000,46.5,1,46.5,1,46.55,5,2,2022-06-22 09:12:16
1655889137600517000,46.55,1,46.5,1,46.55,4,1,2022-06-22 09:12:17
1655889137770838000,46.5,2,46.45,2,46.55,4,1,2022-06-22 09:12:17
1655889138619896000,46.45,1,46.45,1,46.5,1,2,2022-06-22 09:12:18
1655889140792668000,46.45,1,46.4,9,46.45,7,2,2022-06-22 09:12:20
1655889141303748000,46.45,6,46.4,9,46.45,5,1,2022-06-22 09:12:21
1655889141942878000,46.45,1,46.4,9,46.45,4,1,2022-06-22 09:12:21
1655889143208693000,46.45,3,46.4,9,46.45,1,1,2022-06-22 09:12:23
1655889143243900000,46.45,1,46.4,9,46.5,3,1,2022-06-22 09:12:23
1655889145595555000,46.45,1,46.4,8,46.45,4,1,2022-06-22 09:12:25
1655889145755695000,46.45,1,46.4,8,46.45,3,1,2022-06-22 09:12:25
1655889146798666000,46.45,3,46.45,2,46.5,1,1,2022-06-22 09:12:26
1655889146885071000,46.45,1,46.45,2,46.5,3,2,2022-06-22 09:12:26
1655889147154692000,46.45,1,46.45,1,46.5,3,2,2022-06-22 09:12:27
1655889150620903000,46.45,1,46.45,11,46.5,3,2,2022-06-22 09:12:30
1655889152739473000,46.45,1,46.45,11,46.5,4,2,2022-06-22 09:12:32
1655889152752093000,46.45,1,46.45,10,46.5,4,2,2022-06-22 09:12:32
1655889152955803000,46.5,1,46.45,10,46.5,3,1,2022-06-22 09:12:32
1655889155154187000,46.45,2,46.45,9,46.5,6,2,2022-06-22 09:12:35
1655889157785925000,46.45,1,46.45,8,46.5,6,2,2022-06-22 09:12:37
1655889158152097000,46.45,1,46.45,7,46.5,6,2,2022-06-22 09:12:38
1655889161131935000,46.45,3,46.45,6,46.5,61,2,2022-06-22 09:12:41
1655889161166503000,46.45,6,46.4,18,46.5,61,2,2022-06-22 09:12:41
1655889162518649000,46.4,1,46.4,17,46.45,2,2,2022-06-22 09:12:42
1655889163376717000,46.45,1,46.4,17,46.45,1,1,2022-06-22 09:12:43
1655889164007585000,46.45,1,46.4,17,46.45,5,1,2022-06-22 09:12:44
1655889164527823000,46.45,1,46.4,17,46.45,4,1,2022-06-22 09:12:44
1655889164845082000,46.45,1,46.4,17,46.45,3,1,2022-06-22 09:12:44
1655889167571145000,46.4,1,46.4,16,46.45,5,2,2022-06-22 09:12:47
1655889167949278000,46.4,1,46.4,15,46.45,6,2,2022-06-22 09:12:47
1655889167978283000,46.4,1,46.4,14,46.45,6,2,2022-06-22 09:12:47
1655889168005646000,46.4,2,46.4,12,46.45,6,2,2022-06-22 09:12:48
1655889168643534000,46.45,2,46.4,12,46.45,6,1,2022-06-22 09:12:48
1655889168734568000,46.4,1,46.4,11,46.45,6,2,2022-06-22 09:12:48
1655889172432900000,46.4,1,46.4,11,46.45,21,2,2022-06-22 09:12:52
1655889173790217000,46.45,1,46.4,11,46.45,22,1,2022-06-22 09:12:53
1655889174502853000,46.4,1,46.4,10,46.45,20,2,2022-06-22 09:12:54
1655889177146366000,46.45,3,46.4,22,46.45,11,1,2022-06-22 09:12:57
1655889177182332000,46.45,3,46.4,22,46.45,8,1,2022-06-22 09:12:57
1655889177217023000,46.45,8,46.4,22,46.5,58,1,2022-06-22 09:12:57
1655889179333169000,46.5,1,46.45,4,46.5,57,1,2022-06-22 09:12:59
1655889179334803000,46.5,1,46.45,4,46.5,56,1,2022-06-22 09:12:59
1655889179378124000,46.5,2,46.45,4,46.5,54,1,2022-06-22 09:12:59
1655889188606560000,46.5,2,46.45,10,46.5,8,1,2022-06-22 09:13:08
1655889189152644000,46.5,1,46.45,10,46.5,7,1,2022-06-22 09:13:09
1655889189191865000,46.5,7,46.45,10,46.55,62,1,2022-06-22 09:13:09
1655889189294567000,46.5,1,46.45,13,46.5,2,1,2022-06-22 09:13:09
1655889192152321000,46.5,1,46.45,23,46.5,2,1,2022-06-22 09:13:12
1655889192180637000,46.5,2,46.45,23,46.55,62,1,2022-06-22 09:13:12
1655889192897104000,46.5,2,46.45,23,46.5,8,1,2022-06-22 09:13:12
1655889192988443000,46.5,1,46.45,23,46.5,7,1,2022-06-22 09:13:12
1655889193553497000,46.5,1,46.45,23,46.5,6,1,2022-06-22 09:13:13
1655889195498383000,46.5,1,46.45,23,46.5,10,1,2022-06-22 09:13:15
1655889196706583000,46.5,1,46.45,28,46.5,13,1,2022-06-22 09:13:16
1655889196911897000,46.45,10,46.45,18,46.5,13,2,2022-06-22 09:13:16
1655889196945035000,46.45,1,46.45,16,46.5,13,2,2022-06-22 09:13:16
1655889198871945000,46.45,1,46.45,15,46.5,17,2,2022-06-22 09:13:18
1655889198891900000,46.45,1,46.45,14,46.5,17,2,2022-06-22 09:13:18
1655889198915038000,46.45,2,46.45,12,46.5,17,2,2022-06-22 09:13:18
1655889199618170000,46.45,8,46.45,4,46.5,18,2,2022-06-22 09:13:19
1655889199649828000,46.45,2,46.45,2,46.5,18,2,2022-06-22 09:13:19
1655889199649844000,46.45,2,46.4,29,46.5,18,2,2022-06-22 09:13:19
1655889199776796000,46.4,11,46.4,18,46.45,3,2,2022-06-22 09:13:19
1655889199810757000,46.4,2,46.4,16,46.45,4,2,2022-06-22 09:13:19
1655889199865715000,46.4,2,46.4,14,46.45,4,2,2022-06-22 09:13:19
1655889199867152000,46.4,8,46.4,6,46.45,4,2,2022-06-22 09:13:19
1655889199895141000,46.4,6,46.35,29,46.45,4,2,2022-06-22 09:13:19
1655889200043236000,46.35,1,46.35,28,46.45,9,2,2022-06-22 09:13:20
1655889200071884000,46.35,13,46.35,15,46.45,9,2,2022-06-22 09:13:20
1655889200084133000,46.35,2,46.35,13,46.45,9,2,2022-06-22 09:13:20
1655889200104163000,46.35,9,46.35,4,46.45,9,2,2022-06-22 09:13:20
1655889200134670000,46.35,4,46.3,17,46.4,1,2,2022-06-22 09:13:20
1655889200228263000,46.3,3,46.3,14,46.4,3,2,2022-06-22 09:13:20
1655889200299538000,46.3,3,46.3,11,46.4,3,2,2022-06-22 09:13:20
1655889200401833000,46.3,1,46.3,10,46.4,3,2,2022-06-22 09:13:20
1655889200439541000,46.3,2,46.3,8,46.4,3,2,2022-06-22 09:13:20
1655889200525541000,46.4,1,46.3,8,46.4,3,1,2022-06-22 09:13:20
1655889201145913000,46.4,1,46.3,8,46.4,1,1,2022-06-22 09:13:21
1655889202573294000,46.4,1,46.35,10,46.45,7,1,2022-06-22 09:13:22
1655889202573294000,46.45,4,46.35,10,46.45,7,1,2022-06-22 09:13:22
1655889202669048000,46.35,1,46.35,9,46.45,5,2,2022-06-22 09:13:22
1655889202695802000,46.35,1,46.35,8,46.45,5,2,2022-06-22 09:13:22
1655889202698252000,46.35,7,46.35,1,46.45,5,2,2022-06-22 09:13:22
1655889202727859000,46.35,1,46.3,8,46.45,5,2,2022-06-22 09:13:22
1655889205654880000,46.3,2,46.3,7,46.4,10,2,2022-06-22 09:13:25
1655889208197257000,46.3,8,46.3,8,46.4,10,2,2022-06-22 09:13:28
1655889208232804000,46.3,8,46.25,9,46.4,11,2,2022-06-22 09:13:28
1655889208520967000,46.3,1,46.25,9,46.3,2,1,2022-06-22 09:13:28
1655889212207258000,46.3,2,46.25,7,46.3,13,1,2022-06-22 09:13:32
1655889212464749000,46.3,1,46.25,7,46.3,12,1,2022-06-22 09:13:32
1655889212634581000,46.25,4,46.25,3,46.3,12,2,2022-06-22 09:13:32
1655889212665044000,46.25,1,46.25,2,46.3,12,2,2022-06-22 09:13:32
1655889212668411000,46.25,1,46.25,1,46.3,12,2,2022-06-22 09:13:32
1655889213283769000,46.25,1,46.15,5,46.3,12,2,2022-06-22 09:13:33
1655889215280680000,46.3,6,46.25,2,46.3,12,1,2022-06-22 09:13:35
1655889215313077000,46.25,1,46.25,1,46.3,12,2,2022-06-22 09:13:35
1655889215325196000,46.25,1,46.15,6,46.3,12,2,2022-06-22 09:13:35
1655889219996176000,46.2,1,46.15,7,46.25,3,2,2022-06-22 09:13:39
1655889220266776000,46.2,1,46.15,7,46.2,1,1,2022-06-22 09:13:40
1655889220352668000,46.2,1,46.15,7,46.3,17,1,2022-06-22 09:13:40
1655889220352668000,46.25,4,46.15,7,46.3,17,1,2022-06-22 09:13:40
1655889220352668000,46.3,5,46.15,7,46.3,17,1,2022-06-22 09:13:40
1655889222698695000,46.2,1,46.15,12,46.25,8,2,2022-06-22 09:13:42
1655889223701973000,46.2,1,46.15,12,46.2,1,2,2022-06-22 09:13:43
1655889223800170000,46.15,1,46.15,11,46.2,1,2,2022-06-22 09:13:43
1655889223822684000,46.15,1,46.15,10,46.2,1,2,2022-06-22 09:13:43
1655889223829741000,46.15,10,46.0,20,46.2,1,2,2022-06-22 09:13:43
1655889223829741000,46.1,11,46.0,20,46.2,1,2,2022-06-22 09:13:43
1655889223829741000,46.05,4,46.0,20,46.2,1,2,2022-06-22 09:13:43
1655889223829741000,46.0,7,46.0,20,46.2,1,2,2022-06-22 09:13:43
1655889223850671000,46.0,2,46.0,18,46.2,1,2,2022-06-22 09:13:43
1655889224539273000,46.1,1,46.0,19,46.1,4,1,2022-06-22 09:13:44
1655889225743443000,46.05,1,46.0,15,46.1,4,2,2022-06-22 09:13:45
1655889225743443000,46.0,4,46.0,15,46.1,4,2,2022-06-22 09:13:45
1655889228647700000,46.1,1,46.05,1,46.1,4,1,2022-06-22 09:13:48
1655889230368236000,46.1,1,46.05,1,46.1,13,1,2022-06-22 09:13:50
1655889230420095000,46.05,1,46.0,16,46.1,13,2,2022-06-22 09:13:50
1655889233266386000,46.05,1,46.05,1,46.1,16,2,2022-06-22 09:13:53
1655889233475202000,46.05,1,46.0,17,46.1,18,2,2022-06-22 09:13:53
1655889233760081000,46.0,2,46.0,14,46.05,2,2,2022-06-22 09:13:53
1655889234017852000,46.0,1,46.0,13,46.05,4,2,2022-06-22 09:13:54
1655889234665348000,46.05,1,46.0,13,46.05,15,1,2022-06-22 09:13:54
1655889235060695000,46.0,10,46.0,3,46.05,15,2,2022-06-22 09:13:55
1655889235084624000,46.0,1,46.0,2,46.05,15,2,2022-06-22 09:13:55
1655889235443519000,46.05,7,46.0,2,46.05,8,1,2022-06-22 09:13:55
1655889235450143000,46.0,1,46.0,1,46.05,8,2,2022-06-22 09:13:55
1655889236091293000,46.0,1,45.95,2,46.05,9,2,2022-06-22 09:13:56
1655889237441510000,45.95,2,45.9,2,46.0,3,2,2022-06-22 09:13:57
1655889237441510000,45.9,1,45.9,2,46.0,3,2,2022-06-22 09:13:57
1655889240043883000,46.0,2,45.95,1,46.0,11,1,2022-06-22 09:14:00
1655889240081131000,45.95,1,45.9,3,46.0,11,2,2022-06-22 09:14:00
1655889240318048000,46.0,2,45.9,3,46.0,9,1,2022-06-22 09:14:00
1655889241176321000,45.9,10,45.85,1,46.0,9,2,2022-06-22 09:14:01
1655889241176321000,45.85,2,45.85,1,46.0,9,2,2022-06-22 09:14:01
1655889241242838000,45.95,1,45.85,3,46.0,9,1,2022-06-22 09:14:01
1655889242098061000,46.0,2,45.9,1,46.0,7,1,2022-06-22 09:14:02
1655889242136920000,46.0,7,45.9,1,46.05,1,1,2022-06-22 09:14:02
1655889242169018000,46.0,1,45.9,3,46.05,1,1,2022-06-22 09:14:02
1655889243660093000,46.0,5,45.95,1,46.05,1,1,2022-06-22 09:14:03
1655889243947446000,45.95,3,45.9,2,46.05,1,2,2022-06-22 09:14:03
1655889243947446000,45.9,2,45.9,2,46.05,1,2,2022-06-22 09:14:03
1655889244968335000,46.0,1,45.9,1,46.0,2,2,2022-06-22 09:14:04
1655889245009611000,46.0,2,45.9,1,46.05,1,1,2022-06-22 09:14:05
1655889245279984000,45.9,1,45.9,2,46.05,1,2,2022-06-22 09:14:05
1655889245459428000,45.9,1,45.9,1,46.0,1,2,2022-06-22 09:14:05
1655889245488280000,45.9,1,45.85,7,46.0,1,2,2022-06-22 09:14:05
1655889245493513000,46.0,1,45.85,7,46.05,1,1,2022-06-22 09:14:05
1655889245545667000,45.9,2,45.85,9,46.05,2,1,2022-06-22 09:14:05
1655889247340468000,45.9,2,45.9,10,46.0,5,2,2022-06-22 09:14:07
1655889248303655000,45.95,1,45.9,10,45.95,4,2,2022-06-22 09:14:08
1655889248701564000,45.9,1,45.9,8,45.95,5,2,2022-06-22 09:14:08
1655889249483815000,45.9,8,45.85,9,45.9,2,2,2022-06-22 09:14:09
1655889249720273000,45.9,1,45.85,9,45.9,1,1,2022-06-22 09:14:09
1655889249879427000,45.9,2,45.9,3,45.95,8,1,2022-06-22 09:14:09
1655889250100457000,45.95,1,45.9,3,45.95,8,1,2022-06-22 09:14:10
1655889250244151000,45.95,1,45.9,3,45.95,7,1,2022-06-22 09:14:10
1655889250614673000,45.95,5,45.9,3,45.95,2,1,2022-06-22 09:14:10
1655889250717329000,45.95,2,45.9,3,46.0,3,1,2022-06-22 09:14:10
1655889250717329000,46.0,3,45.9,3,46.0,3,1,2022-06-22 09:14:10
1655889250875310000,45.9,1,45.9,2,46.0,3,2,2022-06-22 09:14:10
1655889251213607000,45.95,1,45.9,3,45.95,1,1,2022-06-22 09:14:11
1655889251470934000,45.95,1,45.9,4,46.0,3,1,2022-06-22 09:14:11
1655889252324490000,45.95,1,45.9,4,46.0,3,2,2022-06-22 09:14:12
1655889254569000000,45.95,5,45.9,6,46.0,5,2,2022-06-22 09:14:14
1655889254569000000,45.9,3,45.9,6,46.0,5,2,2022-06-22 09:14:14
1655889254938660000,45.95,5,45.9,7,46.0,5,1,2022-06-22 09:14:14
1655889256235708000,46.0,5,45.95,1,46.05,12,1,2022-06-22 09:14:16
1655889256539500000,45.95,1,45.9,8,46.05,12,2,2022-06-22 09:14:16
1655889258679372000,45.95,8,45.9,18,45.95,9,2,2022-06-22 09:14:18
1655889258715136000,45.95,9,45.9,18,46.05,13,1,2022-06-22 09:14:18
1655889258873151000,45.95,2,45.9,9,46.05,13,2,2022-06-22 09:14:18
1655889258873151000,45.9,8,45.9,9,46.05,13,2,2022-06-22 09:14:18
1655889259093900000,45.9,2,45.9,7,46.0,2,2,2022-06-22 09:14:19
1655889260295843000,46.0,1,45.9,7,46.0,1,1,2022-06-22 09:14:20
1655889261453744000,45.95,1,45.9,9,46.0,5,1,2022-06-22 09:14:21
1655889262518884000,46.0,1,45.95,4,46.0,4,1,2022-06-22 09:14:22
1655889262633062000,45.95,2,45.95,2,46.0,4,2,2022-06-22 09:14:22
1655889263896436000,46.0,2,45.95,2,46.0,5,1,2022-06-22 09:14:23
1655889265365398000,46.0,4,45.95,3,46.0,1,1,2022-06-22 09:14:25
1655889265385966000,46.0,1,45.95,3,46.05,11,1,2022-06-22 09:14:25
1655889265939254000,46.0,3,45.95,4,46.05,11,2,2022-06-22 09:14:25
1655889268532179000,46.0,1,45.95,7,46.05,11,2,2022-06-22 09:14:28
1655889268855910000,46.0,1,45.95,7,46.05,13,2,2022-06-22 09:14:28
1655889270878570000,46.0,1,45.95,6,46.0,2,1,2022-06-22 09:14:30
1655889271031664000,46.0,2,45.95,6,46.05,13,1,2022-06-22 09:14:31
1655889271508802000,46.0,2,45.95,9,46.0,2,2,2022-06-22 09:14:31
1655889272123096000,46.0,1,45.95,9,46.0,1,1,2022-06-22 09:14:32
1655889272752165000,46.0,1,46.0,4,46.05,13,1,2022-06-22 09:14:32
1655889276968568000,46.0,1,46.0,11,46.05,15,2,2022-06-22 09:14:36
1655889279051574000,46.0,5,46.0,12,46.05,16,2,2022-06-22 09:14:39
1655889281461445000,46.05,1,46.0,13,46.05,18,1,2022-06-22 09:14:41
1655889282428694000,46.05,1,46.0,14,46.05,17,1,2022-06-22 09:14:42
1655889282494931000,46.05,10,46.0,14,46.05,7,1,2022-06-22 09:14:42
1655889282521183000,46.05,7,46.0,14,46.1,5,1,2022-06-22 09:14:42
1655889283123661000,46.1,3,46.05,5,46.1,2,1,2022-06-22 09:14:43
1655889283214497000,46.1,2,46.05,6,46.15,1,1,2022-06-22 09:14:43
1655889284039316000,46.15,1,46.1,5,46.2,4,1,2022-06-22 09:14:44
1655889285887163000,46.15,1,46.1,6,46.15,1,1,2022-06-22 09:14:45
1655889287175148000,46.15,1,46.1,6,46.2,5,1,2022-06-22 09:14:47
1655889287571400000,46.1,1,46.1,5,46.15,1,2,2022-06-22 09:14:47
1655889288900409000,46.1,2,46.1,3,46.15,1,2,2022-06-22 09:14:48
1655889289869381000,46.15,1,46.1,5,46.15,10,1,2022-06-22 09:14:49
1655889289880119000,46.15,1,46.1,5,46.15,9,1,2022-06-22 09:14:49
1655889290033573000,46.15,1,46.1,5,46.15,8,1,2022-06-22 09:14:50
1655889290395113000,46.15,5,46.1,5,46.15,3,1,2022-06-22 09:14:50
1655889293179051000,46.15,1,46.1,7,46.15,5,1,2022-06-22 09:14:53
1655889294323403000,46.1,1,46.1,6,46.15,5,2,2022-06-22 09:14:54
1655889297779664000,46.15,1,46.1,12,46.15,4,1,2022-06-22 09:14:57
1655889297822608000,46.15,2,46.1,12,46.15,2,1,2022-06-22 09:14:57
1655889298539388000,46.15,1,46.1,12,46.15,1,1,2022-06-22 09:14:58
1655889298565114000,46.15,1,46.1,12,46.2,6,1,2022-06-22 09:14:58
1655889298989648000,46.2,1,46.1,12,46.2,5,1,2022-06-22 09:14:58
1655889299304100000,46.15,1,46.1,12,46.2,6,2,2022-06-22 09:14:59
1655889299851119000,46.15,3,46.15,2,46.2,6,1,2022-06-22 09:14:59
1655889299878169000,46.15,2,46.1,12,46.2,6,2,2022-06-22 09:14:59
1655889302559135000,46.2,7,46.15,2,46.4,7,1,2022-06-22 09:15:02
1655889302559135000,46.25,1,46.15,2,46.4,7,1,2022-06-22 09:15:02
1655889302559135000,46.3,1,46.15,2,46.4,7,1,2022-06-22 09:15:02
1655889302559135000,46.35,1,46.15,2,46.4,7,1,2022-06-22 09:15:02
1655889302964083000,46.15,5,46.1,13,46.2,3,2,2022-06-22 09:15:02
1655889302964083000,46.1,2,46.1,13,46.2,3,2,2022-06-22 09:15:02
1655889303352391000,46.2,1,46.1,14,46.2,2,1,2022-06-22 09:15:03
1655889303467438000,46.1,1,46.1,13,46.2,3,2,2022-06-22 09:15:03
1655889303666417000,46.1,13,46.05,12,46.15,9,2,2022-06-22 09:15:03
1655889303924772000,46.15,1,46.05,11,46.15,11,1,2022-06-22 09:15:03
1655889305519988000,46.05,2,46.05,9,46.1,1,2,2022-06-22 09:15:05
1655889305631036000,46.05,6,46.05,3,46.1,3,2,2022-06-22 09:15:05
1655889305645237000,46.05,3,46.0,28,46.1,3,2,2022-06-22 09:15:05
1655889305743971000,46.05,1,46.0,28,46.1,4,1,2022-06-22 09:15:05
1655889305825856000,46.0,4,46.0,24,46.05,2,2,2022-06-22 09:15:05
1655889305831360000,46.0,1,46.0,23,46.05,2,2,2022-06-22 09:15:05
1655889306545845000,46.1,1,46.0,24,46.1,6,1,2022-06-22 09:15:06
1655889307046244000,46.0,1,46.0,23,46.1,6,2,2022-06-22 09:15:07
1655889307999972000,46.0,23,45.95,15,46.0,1,2,2022-06-22 09:15:07
1655889308072919000,46.0,2,45.95,15,46.0,1,1,2022-06-22 09:15:08
1655889308502644000,46.0,1,45.95,15,46.1,7,1,2022-06-22 09:15:08
1655889308502644000,46.1,2,45.95,15,46.1,7,1,2022-06-22 09:15:08
1655889312437310000,46.0,6,45.95,16,46.05,6,1,2022-06-22 09:15:12
1655889313437529000,46.0,2,45.95,16,46.0,17,1,2022-06-22 09:15:13
1655889313537975000,46.0,1,45.95,16,46.0,16,1,2022-06-22 09:15:13
1655889313836010000,46.0,2,45.95,16,46.0,14,1,2022-06-22 09:15:13
1655889315184740000,46.0,1,45.95,16,46.0,15,1,2022-06-22 09:15:15
1655889315312445000,46.0,1,45.95,16,46.0,14,1,2022-06-22 09:15:15
1655889315369592000,45.95,1,45.95,15,46.0,14,2,2022-06-22 09:15:15
1655889316653035000,46.0,1,45.95,15,46.0,13,1,2022-06-22 09:15:16
1655889317538386000,46.0,1,45.95,14,46.0,19,1,2022-06-22 09:15:17
1655889317615005000,46.0,1,45.95,14,46.0,18,1,2022-06-22 09:15:17
1655889318622786000,46.0,1,45.95,14,46.0,17,1,2022-06-22 09:15:18
1655889320757382000,46.0,2,45.95,22,46.0,17,1,2022-06-22 09:15:20
1655889321141997000,45.95,17,45.95,5,46.0,17,2,2022-06-22 09:15:21
1655889321174465000,45.95,1,45.95,4,46.0,17,2,2022-06-22 09:15:21
1655889321175555000,45.95,1,45.95,3,46.0,17,2,2022-06-22 09:15:21
1655889321181666000,45.95,1,45.95,2,46.0,17,2,2022-06-22 09:15:21
1655889321262609000,45.95,2,45.9,25,46.0,17,2,2022-06-22 09:15:21
1655889321428605000,45.9,4,45.9,21,45.95,1,2,2022-06-22 09:15:21
1655889321487167000,45.9,2,45.9,19,45.95,1,2,2022-06-22 09:15:21
1655889322194856000,45.95,1,45.9,19,46.0,12,1,2022-06-22 09:15:22
1655889322399032000,46.0,1,45.9,19,46.0,13,1,2022-06-22 09:15:22
1655889324112740000,46.0,2,45.95,1,46.0,16,1,2022-06-22 09:15:24
1655889326002225000,46.0,2,45.95,5,46.0,16,1,2022-06-22 09:15:26
1655889326757452000,45.95,5,45.9,15,46.0,16,2,2022-06-22 09:15:26
1655889326757452000,45.9,4,45.9,15,46.0,16,2,2022-06-22 09:15:26
1655889327610601000,45.95,1,45.9,15,45.95,2,1,2022-06-22 09:15:27
1655889328250051000,45.9,2,45.9,13,45.95,17,2,2022-06-22 09:15:28
1655889328326155000,45.95,1,45.9,13,45.95,16,1,2022-06-22 09:15:28
1655889329105846000,45.9,5,45.9,8,45.95,14,2,2022-06-22 09:15:29
1655889329547561000,45.95,1,45.9,8,45.95,13,1,2022-06-22 09:15:29
1655889329700716000,45.9,5,45.9,3,45.95,13,2,2022-06-22 09:15:29
1655889332609777000,45.9,1,45.9,2,45.95,14,2,2022-06-22 09:15:32
1655889332804600000,45.95,5,45.9,2,45.95,9,1,2022-06-22 09:15:32
1655889336185478000,45.9,1,45.9,6,45.95,9,2,2022-06-22 09:15:36
1655889336762074000,45.95,5,45.9,6,45.95,4,1,2022-06-22 09:15:36
1655889337076878000,45.95,1,45.9,6,45.95,5,1,2022-06-22 09:15:37
1655889339197540000,45.95,1,45.9,10,45.95,4,1,2022-06-22 09:15:39
1655889339396906000,45.9,2,45.9,8,45.95,4,2,2022-06-22 09:15:39
1655889340433369000,45.95,1,45.9,8,45.95,3,1,2022-06-22 09:15:40
