ts,close,volume,bid_price,bid_volume,ask_price,ask_volume,tick_type,datetime
1655888415483244000,25.3,900,25.25,7,25.3,27,1,2022-06-22 09:00:15
1655888415600282000,25.3,2,25.25,7,25.3,25,1,2022-06-22 09:00:15
1655888416685337000,25.3,1,25.25,7,25.3,33,1,2022-06-22 09:00:16
1655888416853420000,25.25,1,25.25,6,25.3,34,2,2022-06-22 09:00:16
1655888417522261000,25.25,1,25.25,5,25.3,34,2,2022-06-22 09:00:17
1655888417736748000,25.3,4,25.25,5,25.3,30,1,2022-06-22 09:00:17
1655888418373915000,25.25,1,25.25,4,25.3,30,2,2022-06-22 09:00:18
1655888418512889000,25.25,3,25.25,1,25.3,30,2,2022-06-22 09:00:18
1655888418585371000,25.25,1,25.2,10,25.3,30,2,2022-06-22 09:00:18
1655888419697740000,25.25,1,25.05,150,25.3,80,2,2022-06-22 09:00:19
1655888419697740000,25.2,10,25.05,150,25.3,80,2,2022-06-22 09:00:19
1655888419697740000,25.15,4,25.05,150,25.3,80,2,2022-06-22 09:00:19
1655888419697740000,25.1,22,25.05,150,25.3,80,2,2022-06-22 09:00:19
1655888419697740000,25.05,3,25.05,150,25.3,80,2,2022-06-22 09:00:19
1655888420529943000,25.2,11,25.1,7,25.25,18,1,2022-06-22 09:00:20
1655888420660778000,25.25,5,25.1,7,25.25,13,1,2022-06-22 09:00:20
1655888420735890000,25.25,13,25.15,3,25.3,85,1,2022-06-22 09:00:20
1655888420809304000,25.25,1,25.15,3,25.3,85,2,2022-06-22 09:00:20
1655888421383989000,25.15,1,25.15,2,25.2,16,2,2022-06-22 09:00:21
1655888422479767000,25.15,2,25.1,12,25.15,3,2,2022-06-22 09:00:22
1655888422486954000,25.15,1,25.1,12,25.15,2,1,2022-06-22 09:00:22
1655888422518932000,25.15,2,25.1,13,25.2,7,1,2022-06-22 09:00:22
1655888422519101000,25.1,6,25.1,7,25.2,7,2,2022-06-22 09:00:22
1655888422519117000,25.1,7,25.05,150,25.1,5,2,2022-06-22 09:00:22
1655888422553958000,25.1,2,25.05,150,25.1,3,1,2022-06-22 09:00:22
1655888422553983000,25.1,3,25.05,150,25.2,7,1,2022-06-22 09:00:22
1655888422711984000,25.2,2,25.15,3,25.2,5,1,2022-06-22 09:00:22
1655888423862762000,25.2,1,25.15,6,25.2,5,1,2022-06-22 09:00:23
1655888423873095000,25.15,1,25.15,5,25.2,5,2,2022-06-22 09:00:23
1655888424043320000,25.2,1,25.15,5,25.2,4,1,2022-06-22 09:00:24
1655888424102156000,25.2,1,25.15,5,25.2,3,1,2022-06-22 09:00:24
1655888424133264000,25.2,3,25.15,5,25.25,1,1,2022-06-22 09:00:24
1655888424145614000,25.25,1,25.15,5,25.3,79,1,2022-06-22 09:00:24
1655888424428623000,25.3,1,25.15,5,25.3,78,1,2022-06-22 09:00:24
1655888424509321000,25.15,1,25.15,4,25.3,78,2,2022-06-22 09:00:24
1655888424696558000,25.15,4,25.1,2,25.3,78,2,2022-06-22 09:00:24
1655888424696558000,25.1,16,25.1,2,25.3,78,2,2022-06-22 09:00:24
1655888425004407000,25.25,1,25.15,3,25.25,2,1,2022-06-22 09:00:25
1655888425158766000,25.2,1,25.2,9,25.25,2,2,2022-06-22 09:00:25
1655888425396129000,25.25,1,25.2,9,25.25,1,1,2022-06-22 09:00:25
1655888425527340000,25.25,1,25.2,9,25.3,77,1,2022-06-22 09:00:25
1655888425527340000,25.3,1,25.2,9,25.3,77,1,2022-06-22 09:00:25
1655888426282446000,25.2,2,25.2,7,25.3,78,2,2022-06-22 09:00:26
1655888426403009000,25.25,1,25.2,7,25.3,78,2,2022-06-22 09:00:26
1655888426417397000,25.2,1,25.2,6,25.3,78,2,2022-06-22 09:00:26
1655888427097643000,25.3,1,25.25,3,25.3,77,1,2022-06-22 09:00:27
1655888427575904000,25.25,1,25.2,7,25.3,76,1,2022-06-22 09:00:27
1655888427575904000,25.3,1,25.2,7,25.3,76,1,2022-06-22 09:00:27
1655888428002689000,25.3,20,25.2,8,25.3,56,1,2022-06-22 09:00:28
1655888428037588000,25.3,5,25.2,8,25.3,51,1,2022-06-22 09:00:28
1655888428378192000,25.3,1,25.2,8,25.3,50,1,2022-06-22 09:00:28
1655888428453514000,25.2,1,25.2,9,25.3,50,2,2022-06-22 09:00:28
1655888428456357000,25.2,9,25.15,11,25.3,50,2,2022-06-22 09:00:28
1655888428456357000,25.15,1,25.15,11,25.3,50,2,2022-06-22 09:00:28
1655888428647818000,25.2,1,25.15,11,25.3,50,2,2022-06-22 09:00:28
1655888428722639000,25.3,2,25.15,11,25.3,48,1,2022-06-22 09:00:28
1655888429439097000,25.3,1,25.25,2,25.3,47,1,2022-06-22 09:00:29
1655888430212454000,25.25,2,25.15,13,25.2,20,2,2022-06-22 09:00:30
1655888430212454000,25.2,3,25.15,13,25.2,20,2,2022-06-22 09:00:30
1655888430220545000,25.2,1,25.15,13,25.2,19,1,2022-06-22 09:00:30
1655888430229078000,25.2,6,25.15,13,25.2,13,1,2022-06-22 09:00:30
1655888430234278000,25.2,11,25.15,13,25.2,2,1,2022-06-22 09:00:30
1655888430256859000,25.2,2,25.15,14,25.3,53,1,2022-06-22 09:00:30
1655888430375936000,25.3,1,25.15,13,25.3,52,1,2022-06-22 09:00:30
1655888430996570000,25.2,1,25.15,12,25.25,5,2,2022-06-22 09:00:30
1655888430996570000,25.15,1,25.15,12,25.25,5,2,2022-06-22 09:00:30
1655888431652951000,25.25,5,25.2,2,25.3,55,1,2022-06-22 09:00:31
1655888431693030000,25.3,1,25.2,2,25.3,54,1,2022-06-22 09:00:31
1655888433728247000,25.25,1,25.2,6,25.3,54,2,2022-06-22 09:00:33
1655888434113172000,25.3,1,25.2,12,25.3,53,1,2022-06-22 09:00:34
1655888434201082000,25.3,20,25.2,12,25.3,33,1,2022-06-22 09:00:34
1655888434227942000,25.3,33,25.2,12,25.35,9,1,2022-06-22 09:00:34
1655888434662143000,25.3,1,25.25,2,25.35,9,1,2022-06-22 09:00:34
1655888434694868000,25.25,1,25.25,1,25.35,9,2,2022-06-22 09:00:34
1655888434930665000,25.25,2,25.25,1,25.3,3,2,2022-06-22 09:00:34
1655888435015177000,25.3,4,25.25,2,25.35,9,1,2022-06-22 09:00:35
1655888435542501000,25.25,3,25.2,12,25.25,8,2,2022-06-22 09:00:35
1655888435869746000,25.25,2,25.2,12,25.25,13,1,2022-06-22 09:00:35
1655888436016074000,25.25,2,25.2,12,25.25,12,1,2022-06-22 09:00:36
1655888436466689000,25.25,1,25.2,13,25.25,11,1,2022-06-22 09:00:36
1655888436978969000,25.25,1,25.2,13,25.25,10,1,2022-06-22 09:00:36
1655888437290986000,25.25,2,25.2,13,25.25,8,1,2022-06-22 09:00:37
1655888437418826000,25.25,1,25.2,13,25.25,7,1,2022-06-22 09:00:37
1655888437424205000,25.2,10,25.2,3,25.25,7,2,2022-06-22 09:00:37
1655888437450303000,25.25,1,25.2,4,25.25,6,1,2022-06-22 09:00:37
1655888437584058000,25.2,4,25.15,19,25.2,16,2,2022-06-22 09:00:37
1655888437706982000,25.2,5,25.15,19,25.2,11,1,2022-06-22 09:00:37
1655888438006715000,25.2,10,25.15,19,25.2,1,1,2022-06-22 09:00:38
1655888438039459000,25.2,1,25.15,19,25.25,6,1,2022-06-22 09:00:38
1655888438359118000,25.2,1,25.15,10,25.25,8,2,2022-06-22 09:00:38
1655888438359118000,25.15,9,25.15,10,25.25,8,2,2022-06-22 09:00:38
1655888438710095000,25.2,1,25.15,10,25.2,1,2,2022-06-22 09:00:38
1655888438823469000,25.2,1,25.15,10,25.25,8,1,2022-06-22 09:00:38
1655888439062314000,25.25,1,25.15,10,25.25,7,1,2022-06-22 09:00:39
1655888439423551000,25.2,1,25.15,9,25.25,18,2,2022-06-22 09:00:39
1655888439858912000,25.25,1,25.15,9,25.25,20,1,2022-06-22 09:00:39
1655888440038873000,25.15,8,25.15,1,25.2,10,2,2022-06-22 09:00:40
1655888440070016000,25.15,1,25.1,5,25.2,10,2,2022-06-22 09:00:40
1655888440107968000,25.2,5,25.1,5,25.2,5,1,2022-06-22 09:00:40
1655888440263914000,25.2,4,25.1,5,25.2,3,1,2022-06-22 09:00:40
1655888440527711000,25.2,6,25.1,5,25.25,20,1,2022-06-22 09:00:40
1655888440989512000,25.25,5,25.1,4,25.25,15,1,2022-06-22 09:00:40
1655888441204745000,25.25,2,25.2,1,25.25,13,1,2022-06-22 09:00:41
1655888441458049000,25.2,1,25.1,4,25.2,1,2,2022-06-22 09:00:41
1655888441906445000,25.2,1,25.2,9,25.25,14,1,2022-06-22 09:00:41
1655888442252619000,25.25,1,25.2,44,25.25,13,1,2022-06-22 09:00:42
1655888442320959000,25.25,1,25.2,44,25.25,12,1,2022-06-22 09:00:42
1655888442785298000,25.2,10,25.2,36,25.25,12,2,2022-06-22 09:00:42
1655888442864059000,25.2,1,25.2,35,25.25,12,2,2022-06-22 09:00:42
1655888443015887000,25.25,10,25.2,35,25.25,2,1,2022-06-22 09:00:43
1655888443036807000,25.2,1,25.2,34,25.25,2,2,2022-06-22 09:00:43
1655888443229341000,25.2,5,25.2,29,25.25,2,2,2022-06-22 09:00:43
1655888444192985000,25.2,8,25.2,29,25.25,2,2,2022-06-22 09:00:44
1655888444356976000,25.2,4,25.2,25,25.25,2,2,2022-06-22 09:00:44
1655888444610358000,25.2,1,25.2,28,25.25,3,2,2022-06-22 09:00:44
1655888444809411000,25.2,1,25.2,27,25.25,3,2,2022-06-22 09:00:44
1655888444927816000,25.25,3,25.2,27,25.3,1,1,2022-06-22 09:00:44
1655888445565327000,25.25,1,25.2,27,25.25,1,2,2022-06-22 09:00:45
1655888445613512000,25.25,2,25.2,27,25.3,1,1,2022-06-22 09:00:45
1655888445677032000,25.2,1,25.2,26,25.3,1,2,2022-06-22 09:00:45
1655888445916169000,25.3,1,25.25,3,25.35,8,1,2022-06-22 09:00:45
1655888445930858000,25.25,3,25.2,24,25.35,8,2,2022-06-22 09:00:45
1655888445930858000,25.2,2,25.2,24,25.35,8,2,2022-06-22 09:00:45
1655888446203666000,25.25,9,25.2,25,25.4,62,1,2022-06-22 09:00:46
1655888446203666000,25.35,8,25.2,25,25.4,62,1,2022-06-22 09:00:46
1655888446203666000,25.4,3,25.2,25,25.4,62,1,2022-06-22 09:00:46
1655888446414331000,25.35,1,25.25,3,25.35,2,1,2022-06-22 09:00:46
1655888446450359000,25.25,1,25.25,2,25.35,4,2,2022-06-22 09:00:46
1655888446855875000,25.25,1,25.25,2,25.35,4,2,2022-06-22 09:00:46
1655888447407252000,25.3,3,25.3,11,25.35,4,1,2022-06-22 09:00:47
1655888447426301000,25.35,1,25.3,11,25.35,3,1,2022-06-22 09:00:47
1655888447533161000,25.3,2,25.3,9,25.35,3,2,2022-06-22 09:00:47
1655888447619851000,25.35,1,25.3,9,25.35,2,1,2022-06-22 09:00:47
1655888447885797000,25.35,2,25.3,9,25.4,56,1,2022-06-22 09:00:47
1655888447885797000,25.4,8,25.3,9,25.4,56,1,2022-06-22 09:00:47
1655888448158825000,25.4,2,25.3,9,25.4,54,1,2022-06-22 09:00:48
1655888448418773000,25.4,3,25.3,9,25.4,51,1,2022-06-22 09:00:48
1655888449236839000,25.3,5,25.3,4,25.4,51,2,2022-06-22 09:00:49
1655888449863102000,25.3,3,25.3,1,25.4,51,2,2022-06-22 09:00:49
1655888450170134000,25.4,1,25.3,1,25.4,50,1,2022-06-22 09:00:50
1655888450230769000,25.3,1,25.25,17,25.4,50,2,2022-06-22 09:00:50
1655888450230769000,25.25,1,25.25,17,25.4,50,2,2022-06-22 09:00:50
1655888450581734000,25.4,50,25.25,19,25.45,25,1,2022-06-22 09:00:50
1655888451234567000,25.35,1,25.3,2,25.35,99,1,2022-06-22 09:00:51
1655888451821800000,25.35,1,25.3,2,25.35,101,1,2022-06-22 09:00:51
1655888451899292000,25.3,3,25.25,20,25.3,7,2,2022-06-22 09:00:51
1655888451908610000,25.3,7,25.25,20,25.35,58,1,2022-06-22 09:00:51
1655888451908610000,25.35,43,25.25,20,25.35,58,1,2022-06-22 09:00:51
1655888452140979000,25.35,1,25.25,16,25.35,62,1,2022-06-22 09:00:52
1655888452332035000,25.25,10,25.25,8,25.35,62,2,2022-06-22 09:00:52
1655888452391585000,25.35,1,25.25,8,25.35,61,1,2022-06-22 09:00:52
1655888452583412000,25.25,8,25.2,47,25.3,2,2,2022-06-22 09:00:52
1655888452583412000,25.2,2,25.2,47,25.3,2,2,2022-06-22 09:00:52
1655888452777662000,25.3,1,25.2,47,25.3,2,1,2022-06-22 09:00:52
1655888453028622000,25.3,2,25.2,47,25.3,2,1,2022-06-22 09:00:53
1655888453207472000,25.25,2,25.2,47,25.25,8,2,2022-06-22 09:00:53
1655888453557950000,25.2,10,25.2,37,25.25,8,2,2022-06-22 09:00:53
1655888453673746000,25.25,1,25.2,37,25.25,7,1,2022-06-22 09:00:53
1655888453774501000,25.25,10,25.2,37,25.25,7,1,2022-06-22 09:00:53
1655888453815054000,25.2,10,25.2,27,25.25,7,2,2022-06-22 09:00:53
1655888454081991000,25.25,3,25.2,31,25.25,4,1,2022-06-22 09:00:54
1655888454309660000,25.25,1,25.2,31,25.25,21,1,2022-06-22 09:00:54
1655888454315259000,25.25,1,25.2,31,25.25,20,1,2022-06-22 09:00:54
1655888454335413000,25.25,2,25.2,31,25.25,18,1,2022-06-22 09:00:54
1655888454373070000,25.2,10,25.2,21,25.25,18,2,2022-06-22 09:00:54
1655888454547060000,25.2,1,25.2,20,25.25,18,2,2022-06-22 09:00:54
1655888454647633000,25.25,1,25.2,20,25.25,27,1,2022-06-22 09:00:54
1655888454647662000,25.25,1,25.2,20,25.25,26,1,2022-06-22 09:00:54
1655888454652869000,25.2,20,25.15,5,25.25,26,2,2022-06-22 09:00:54
1655888455303325000,25.2,1,25.15,5,25.2,1,1,2022-06-22 09:00:55
1655888455521477000,25.2,3,25.15,5,25.25,19,1,2022-06-22 09:00:55
1655888455521477000,25.25,7,25.15,5,25.25,19,1,2022-06-22 09:00:55
1655888455602225000,25.15,4,25.15,1,25.2,10,2,2022-06-22 09:00:55
1655888456667291000,25.15,2,25.1,43,25.2,24,2,2022-06-22 09:00:56
1655888456744072000,25.15,1,25.1,43,25.15,1,1,2022-06-22 09:00:56
1655888456819569000,25.15,1,25.1,43,25.2,20,1,2022-06-22 09:00:56
1655888456819569000,25.2,4,25.1,43,25.2,20,1,2022-06-22 09:00:56
1655888456874346000,25.1,5,25.1,38,25.15,2,2,2022-06-22 09:00:56
1655888456987364000,25.15,2,25.1,38,25.15,2,1,2022-06-22 09:00:56
1655888457016128000,25.15,2,25.1,38,25.2,16,1,2022-06-22 09:00:57
1655888457016128000,25.2,6,25.1,38,25.2,16,1,2022-06-22 09:00:57
1655888457104353000,25.2,2,25.1,38,25.2,14,1,2022-06-22 09:00:57
1655888457132492000,25.2,1,25.1,38,25.2,13,1,2022-06-22 09:00:57
1655888457240112000,25.2,2,25.1,38,25.2,11,1,2022-06-22 09:00:57
1655888457302913000,25.2,1,25.15,1,25.2,10,1,2022-06-22 09:00:57
1655888457523872000,25.2,2,25.15,1,25.2,8,1,2022-06-22 09:00:57
1655888457743092000,25.2,5,25.15,1,25.2,13,1,2022-06-22 09:00:57
1655888458165319000,25.2,1,25.15,1,25.2,12,1,2022-06-22 09:00:58
1655888458526576000,25.2,1,25.15,1,25.2,11,1,2022-06-22 09:00:58
1655888458636933000,25.15,1,25.1,38,25.15,1,2,2022-06-22 09:00:58
1655888458886150000,25.15,1,25.1,38,25.2,12,1,2022-06-22 09:00:58
1655888458995900000,25.2,1,25.1,38,25.2,11,1,2022-06-22 09:00:58
1655888460300382000,25.2,2,25.1,41,25.2,21,1,2022-06-22 09:01:00
1655888460530263000,25.1,2,25.1,39,25.2,26,2,2022-06-22 09:01:00
1655888460546758000,25.2,1,25.1,39,25.2,35,1,2022-06-22 09:01:00
1655888460612942000,25.2,1,25.1,39,25.2,34,1,2022-06-22 09:01:00
1655888460697324000,25.15,1,25.1,39,25.2,34,2,2022-06-22 09:01:00
1655888460784850000,25.2,3,25.1,39,25.2,31,1,2022-06-22 09:01:00
1655888460965328000,25.15,1,25.1,39,25.2,31,2,2022-06-22 09:01:00
1655888461361453000,25.15,1,25.1,40,25.2,31,1,2022-06-22 09:01:01
1655888461488597000,25.2,1,25.1,40,25.2,30,1,2022-06-22 09:01:01
1655888461549508000,25.15,1,25.1,40,25.2,30,2,2022-06-22 09:01:01
1655888461981165000,25.2,1,25.15,1,25.2,30,1,2022-06-22 09:01:01
1655888462223995000,25.15,1,25.1,50,25.15,1,2,2022-06-22 09:01:02
1655888462230082000,25.15,1,25.1,50,25.2,30,1,2022-06-22 09:01:02
1655888463704183000,25.15,10,25.15,6,25.2,31,2,2022-06-22 09:01:03
1655888464997793000,25.2,2,25.15,12,25.2,82,1,2022-06-22 09:01:04
1655888465787717000,25.2,1,25.15,23,25.2,81,1,2022-06-22 09:01:05
1655888465845231000,25.2,1,25.15,23,25.2,80,1,2022-06-22 09:01:05
1655888466393013000,25.2,10,25.15,24,25.2,70,1,2022-06-22 09:01:06
1655888466419189000,25.15,3,25.15,21,25.2,70,2,2022-06-22 09:01:06
1655888466786543000,25.2,2,25.15,21,25.2,68,1,2022-06-22 09:01:06
1655888467055992000,25.2,5,25.15,24,25.2,63,1,2022-06-22 09:01:07
1655888467123485000,25.2,10,25.15,24,25.2,53,1,2022-06-22 09:01:07
1655888467152277000,25.2,23,25.15,24,25.2,30,1,2022-06-22 09:01:07
1655888467173607000,25.2,2,25.15,24,25.2,28,1,2022-06-22 09:01:07
1655888467252395000,25.2,24,25.15,24,25.2,4,1,2022-06-22 09:01:07
1655888467284378000,25.2,4,25.15,24,25.25,12,1,2022-06-22 09:01:07
1655888467671913000,25.2,1,25.25,7,25.3,10,1,2022-06-22 09:01:07
1655888467671913000,25.25,12,25.25,7,25.3,10,1,2022-06-22 09:01:07
1655888467699326000,25.25,4,25.25,3,25.3,10,2,2022-06-22 09:01:07
1655888467734130000,25.3,5,25.25,3,25.3,5,1,2022-06-22 09:01:07
1655888468109591000,25.3,1,25.25,3,25.3,9,1,2022-06-22 09:01:08
1655888469117924000,25.3,2,25.25,3,25.3,7,1,2022-06-22 09:01:09
1655888469682189000,25.25,1,25.25,2,25.3,8,2,2022-06-22 09:01:09
1655888469854556000,25.25,2,25.2,22,25.3,8,2,2022-06-22 09:01:09
1655888470022095000,25.2,3,25.2,19,25.3,8,2,2022-06-22 09:01:10
1655888470851725000,25.2,10,25.2,9,25.3,8,2,2022-06-22 09:01:10
1655888470950650000,25.3,1,25.2,9,25.3,7,1,2022-06-22 09:01:10
1655888471724947000,25.3,1,25.2,13,25.3,6,1,2022-06-22 09:01:11
1655888472030554000,25.3,2,25.2,13,25.3,5,1,2022-06-22 09:01:12
1655888472573593000,25.2,3,25.2,12,25.3,5,2,2022-06-22 09:01:12
1655888472607830000,25.3,1,25.2,12,25.3,4,1,2022-06-22 09:01:12
1655888473076591000,25.3,2,25.2,16,25.3,3,1,2022-06-22 09:01:13
1655888474230609000,25.25,3,25.2,22,25.3,3,1,2022-06-22 09:01:14
1655888474335123000,25.2,1,25.2,22,25.3,8,2,2022-06-22 09:01:14
1655888475313098000,25.25,4,25.2,22,25.25,1,1,2022-06-22 09:01:15
1655888476979181000,25.2,4,25.2,22,25.25,8,2,2022-06-22 09:01:16
1655888477224167000,25.25,5,25.2,22,25.25,3,1,2022-06-22 09:01:17
1655888477238337000,25.25,3,25.2,22,25.3,7,1,2022-06-22 09:01:17
1655888477238337000,25.3,2,25.2,22,25.3,7,1,2022-06-22 09:01:17
1655888478588763000,25.25,1,25.2,23,25.25,7,1,2022-06-22 09:01:18
1655888478598458000,25.25,1,25.2,23,25.25,6,1,2022-06-22 09:01:18
1655888478627643000,25.25,2,25.2,23,25.25,4,1,2022-06-22 09:01:18
1655888480462083000,25.25,6,25.25,4,25.3,21,1,2022-06-22 09:01:20
1655888480506341000,25.3,1,25.25,4,25.3,20,1,2022-06-22 09:01:20
1655888480760562000,25.25,4,25.2,40,25.3,20,2,2022-06-22 09:01:20
1655888480893187000,25.25,1,25.2,40,25.25,1,1,2022-06-22 09:01:20
1655888480947072000,25.25,1,25.2,40,25.25,2,1,2022-06-22 09:01:20
1655888480985326000,25.2,2,25.2,39,25.25,2,2,2022-06-22 09:01:20
1655888481005817000,25.25,1,25.2,39,25.25,1,1,2022-06-22 09:01:21
1655888481041100000,25.25,1,25.25,4,25.3,18,1,2022-06-22 09:01:21
1655888481064128000,25.25,3,25.25,1,25.3,18,2,2022-06-22 09:01:21
1655888481338783000,25.3,19,25.3,1,25.35,5,1,2022-06-22 09:01:21
1655888481855604000,25.35,1,25.3,2,25.35,9,1,2022-06-22 09:01:21
1655888482254090000,25.3,2,25.2,23,25.35,9,2,2022-06-22 09:01:22
1655888482254090000,25.25,6,25.2,23,25.35,9,2,2022-06-22 09:01:22
1655888482254090000,25.2,22,25.2,23,25.35,9,2,2022-06-22 09:01:22
1655888482734670000,25.35,1,25.2,23,25.35,10,1,2022-06-22 09:01:22
1655888483891220000,25.35,5,25.2,26,25.35,5,1,2022-06-22 09:01:23
1655888484471710000,25.25,1,25.25,4,25.35,7,1,2022-06-22 09:01:24
1655888485389772000,25.3,1,25.25,4,25.35,5,2,2022-06-22 09:01:25
1655888485764482000,25.25,1,25.25,3,25.35,6,2,2022-06-22 09:01:25
1655888487282181000,25.3,3,25.25,5,25.35,2,1,2022-06-22 09:01:27
1655888487282181000,25.35,4,25.25,5,25.35,2,1,2022-06-22 09:01:27
1655888487310379000,25.35,2,25.25,5,25.4,31,1,2022-06-22 09:01:27
1655888487919203000,25.35,2,25.25,6,25.35,13,1,2022-06-22 09:01:27
1655888488422802000,25.35,1,25.25,8,25.35,12,1,2022-06-22 09:01:28
1655888488504927000,25.25,3,25.25,5,25.35,12,2,2022-06-22 09:01:28
1655888489500528000,25.3,1,25.25,5,25.35,13,2,2022-06-22 09:01:29
1655888489500528000,25.25,1,25.25,5,25.35,13,2,2022-06-22 09:01:29
1655888490943452000,25.3,1,25.25,11,25.3,9,1,2022-06-22 09:01:30
1655888492190254000,25.3,1,25.25,26,25.3,9,1,2022-06-22 09:01:32
1655888492660150000,25.25,26,25.2,21,25.3,9,2,2022-06-22 09:01:32
1655888492660150000,25.2,24,25.2,21,25.3,9,2,2022-06-22 09:01:32
1655888493233452000,25.3,5,25.25,1,25.3,4,1,2022-06-22 09:01:33
1655888493240915000,25.25,1,25.2,23,25.25,9,2,2022-06-22 09:01:33
1655888493813244000,25.25,3,25.2,23,25.25,6,1,2022-06-22 09:01:33
1655888493814750000,25.25,1,25.2,23,25.25,5,1,2022-06-22 09:01:33
1655888494318740000,25.25,2,25.2,23,25.25,3,1,2022-06-22 09:01:34
1655888494403681000,25.25,1,25.2,23,25.25,3,1,2022-06-22 09:01:34
1655888494441785000,25.2,6,25.2,17,25.25,3,2,2022-06-22 09:01:34
1655888494555228000,25.25,1,25.2,17,25.25,2,1,2022-06-22 09:01:34
1655888495623381000,25.25,2,25.25,1,25.3,14,1,2022-06-22 09:01:35
1655888495696555000,25.25,1,25.2,6,25.3,14,2,2022-06-22 09:01:35
1655888495696555000,25.2,11,25.2,6,25.3,14,2,2022-06-22 09:01:35
1655888497743903000,25.2,4,25.2,27,25.25,1,2,2022-06-22 09:01:37
1655888498679018000,25.25,1,25.2,29,25.3,5,1,2022-06-22 09:01:38
1655888499083896000,25.25,1,25.2,29,25.3,7,2,2022-06-22 09:01:39
1655888500227690000,25.25,2,25.2,49,25.25,8,2,2022-06-22 09:01:40
1655888500626933000,25.2,1,25.2,48,25.25,8,2,2022-06-22 09:01:40
1655888501048210000,25.25,2,25.2,48,25.25,6,1,2022-06-22 09:01:41
1655888501541346000,25.2,48,25.15,58,25.2,2,2,2022-06-22 09:01:41
1655888502572293000,25.2,1,25.15,58,25.2,9,1,2022-06-22 09:01:42
1655888502996611000,25.2,1,25.15,58,25.2,8,1,2022-06-22 09:01:42
1655888503376846000,25.2,8,25.15,47,25.25,14,1,2022-06-22 09:01:43
1655888503376846000,25.25,3,25.15,47,25.25,14,1,2022-06-22 09:01:43
1655888503542050000,25.25,1,25.15,47,25.25,13,1,2022-06-22 09:01:43
1655888504053548000,25.15,1,25.15,46,25.25,14,2,2022-06-22 09:01:44
1655888504307622000,25.15,1,25.15,45,25.25,15,2,2022-06-22 09:01:44
1655888504719702000,25.2,1,25.2,3,25.25,15,1,2022-06-22 09:01:44
1655888504757430000,25.2,3,25.15,40,25.25,15,2,2022-06-22 09:01:44
1655888505439366000,25.15,1,25.15,39,25.2,1,2,2022-06-22 09:01:45
1655888505870545000,25.2,2,25.15,39,25.25,18,1,2022-06-22 09:01:45
1655888506037249000,25.15,1,25.15,38,25.25,18,2,2022-06-22 09:01:46
1655888506532428000,25.25,1,25.15,39,25.25,17,1,2022-06-22 09:01:46
1655888507138656000,25.2,1,25.15,39,25.25,17,1,2022-06-22 09:01:47
1655888507294201000,25.25,10,25.15,39,25.25,7,1,2022-06-22 09:01:47
1655888508111502000,25.25,1,25.2,2,25.25,11,1,2022-06-22 09:01:48
1655888508626826000,25.25,2,25.2,2,25.25,9,1,2022-06-22 09:01:48
1655888508695327000,25.2,2,25.15,41,25.25,9,2,2022-06-22 09:01:48
1655888510575865000,25.25,1,25.15,45,25.25,8,1,2022-06-22 09:01:50
1655888511047014000,25.15,1,25.15,44,25.25,8,2,2022-06-22 09:01:51
1655888511673261000,25.2,2,25.15,54,25.2,98,2,2022-06-22 09:01:51
1655888511848952000,25.2,6,25.15,54,25.2,92,1,2022-06-22 09:01:51
1655888512791000000,25.2,2,25.15,59,25.2,93,1,2022-06-22 09:01:52
1655888512881304000,25.2,1,25.15,62,25.2,92,1,2022-06-22 09:01:52
1655888513059397000,25.2,1,25.15,62,25.2,91,1,2022-06-22 09:01:53
1655888513213655000,25.15,20,25.15,42,25.2,91,2,2022-06-22 09:01:53
1655888513250459000,25.15,1,25.15,41,25.2,91,2,2022-06-22 09:01:53
1655888514134872000,25.15,10,25.15,31,25.2,94,2,2022-06-22 09:01:54
1655888514179212000,25.15,20,25.15,11,25.2,94,2,2022-06-22 09:01:54
1655888514201094000,25.2,1,25.15,11,25.2,93,1,2022-06-22 09:01:54
1655888514208461000,25.15,11,25.1,98,25.2,93,2,2022-06-22 09:01:54
1655888514524097000,25.15,5,25.1,98,25.15,1,1,2022-06-22 09:01:54
1655888514544859000,25.15,1,25.1,98,25.2,94,1,2022-06-22 09:01:54
1655888514807532000,25.15,6,25.1,98,25.15,11,1,2022-06-22 09:01:54
1655888514841394000,25.1,1,25.1,97,25.15,13,2,2022-06-22 09:01:54
1655888514848145000,25.1,1,25.1,96,25.15,13,2,2022-06-22 09:01:54
1655888515125376000,25.1,1,25.1,95,25.15,17,2,2022-06-22 09:01:55
1655888515471652000,25.1,1,25.1,94,25.15,24,2,2022-06-22 09:01:55
1655888515514229000,25.1,5,25.1,89,25.15,25,2,2022-06-22 09:01:55
1655888515637412000,25.1,2,25.1,87,25.15,27,2,2022-06-22 09:01:55
1655888515818046000,25.1,2,25.1,85,25.15,30,2,2022-06-22 09:01:55
1655888515861282000,25.1,1,25.1,84,25.15,30,2,2022-06-22 09:01:55
1655888515861664000,25.15,10,25.1,84,25.15,20,1,2022-06-22 09:01:55
1655888515903668000,25.1,5,25.1,79,25.15,20,2,2022-06-22 09:01:55
1655888516195874000,25.1,5,25.1,74,25.15,21,2,2022-06-22 09:01:56
1655888516235864000,25.1,1,25.1,73,25.15,21,2,2022-06-22 09:01:56
1655888516332225000,25.1,2,25.1,71,25.15,21,2,2022-06-22 09:01:56
1655888516667890000,25.1,5,25.1,67,25.15,21,2,2022-06-22 09:01:56
1655888517210352000,25.1,5,25.1,62,25.15,23,2,2022-06-22 09:01:57
1655888517247638000,25.1,1,25.1,61,25.15,23,2,2022-06-22 09:01:57
1655888517306339000,25.1,4,25.1,57,25.15,23,2,2022-06-22 09:01:57
1655888517998029000,25.1,1,25.1,56,25.15,24,2,2022-06-22 09:01:57
1655888518046970000,25.1,2,25.1,54,25.15,24,2,2022-06-22 09:01:58
1655888518055830000,25.1,1,25.1,53,25.15,24,2,2022-06-22 09:01:58
1655888518178688000,25.15,2,25.1,53,25.15,22,1,2022-06-22 09:01:58
1655888518322393000,25.1,5,25.1,48,25.15,22,2,2022-06-22 09:01:58
1655888518368369000,25.1,1,25.1,47,25.15,22,2,2022-06-22 09:01:58
1655888518401483000,25.1,1,25.1,46,25.15,22,2,2022-06-22 09:01:58
1655888518410258000,25.1,5,25.1,41,25.15,22,2,2022-06-22 09:01:58
1655888518634562000,25.1,2,25.1,39,25.15,22,2,2022-06-22 09:01:58
1655888518807533000,25.1,2,25.1,37,25.15,22,2,2022-06-22 09:01:58
1655888519320153000,25.1,2,25.1,35,25.15,22,2,2022-06-22 09:01:59
1655888519689999000,25.1,1,25.1,34,25.15,22,2,2022-06-22 09:01:59
1655888519721102000,25.1,1,25.1,33,25.15,22,2,2022-06-22 09:01:59
1655888519758186000,25.1,1,25.1,32,25.15,22,2,2022-06-22 09:01:59
1655888520133833000,25.1,1,25.1,31,25.15,22,2,2022-06-22 09:02:00
1655888520178385000,25.15,1,25.1,31,25.15,21,1,2022-06-22 09:02:00
1655888520221721000,25.1,2,25.1,29,25.15,26,2,2022-06-22 09:02:00
1655888520274476000,25.1,20,25.1,9,25.15,26,2,2022-06-22 09:02:00
1655888520302960000,25.1,9,25.05,167,25.15,26,2,2022-06-22 09:02:00
1655888520599967000,25.05,1,25.05,166,25.1,2,2,2022-06-22 09:02:00
1655888520651942000,25.05,1,25.05,165,25.1,2,2,2022-06-22 09:02:00
1655888520657633000,25.05,30,25.05,135,25.1,2,2,2022-06-22 09:02:00
1655888520693517000,25.05,1,25.05,134,25.1,2,2,2022-06-22 09:02:00
1655888520693950000,25.05,1,25.05,133,25.1,2,2,2022-06-22 09:02:00
1655888520700895000,25.05,6,25.05,127,25.1,2,2,2022-06-22 09:02:00
1655888520711251000,25.05,1,25.05,126,25.1,2,2,2022-06-22 09:02:00
1655888520733242000,25.1,1,25.05,126,25.1,1,1,2022-06-22 09:02:00
1655888521153199000,25.05,2,25.05,124,25.1,13,2,2022-06-22 09:02:01
1655888521186063000,25.05,100,25.05,24,25.1,13,2,2022-06-22 09:02:01
1655888521191638000,25.05,1,25.05,23,25.1,13,2,2022-06-22 09:02:01
1655888521206223000,25.05,10,25.05,13,25.1,13,2,2022-06-22 09:02:01
1655888521213868000,25.05,1,25.05,12,25.1,23,2,2022-06-22 09:02:01
1655888521220514000,25.05,1,25.05,11,25.1,23,2,2022-06-22 09:02:01
1655888521226830000,25.05,1,25.05,10,25.1,23,2,2022-06-22 09:02:01
1655888521227337000,25.05,1,25.05,9,25.1,23,2,2022-06-22 09:02:01
1655888521241177000,25.05,1,25.05,8,25.1,23,2,2022-06-22 09:02:01
1655888521249131000,25.05,7,25.05,1,25.1,23,2,2022-06-22 09:02:01
1655888521250046000,25.05,1,25.0,180,25.1,23,2,2022-06-22 09:02:01
1655888521291110000,25.0,2,25.0,178,25.1,23,2,2022-06-22 09:02:01
1655888521332062000,25.0,1,25.0,177,25.05,40,2,2022-06-22 09:02:01
1655888522034002000,25.0,1,25.0,176,25.05,45,2,2022-06-22 09:02:02
1655888522620095000,25.0,5,25.0,170,25.05,45,2,2022-06-22 09:02:02
1655888522677328000,25.0,1,25.0,169,25.05,45,2,2022-06-22 09:02:02
1655888522844620000,25.0,10,25.0,159,25.05,45,2,2022-06-22 09:02:02
1655888522873293000,25.0,7,25.0,152,25.05,45,2,2022-06-22 09:02:02
1655888522877123000,25.0,1,25.0,151,25.05,45,2,2022-06-22 09:02:02
1655888523036936000,25.0,1,25.0,150,25.05,45,2,2022-06-22 09:02:03
1655888523364206000,25.0,20,25.0,130,25.05,45,2,2022-06-22 09:02:03
1655888523387228000,25.0,1,25.0,129,25.05,45,2,2022-06-22 09:02:03
1655888523388228000,25.0,1,25.0,128,25.05,45,2,2022-06-22 09:02:03
1655888523669946000,25.0,5,25.0,123,25.05,45,2,2022-06-22 09:02:03
1655888523698056000,25.0,1,25.0,122,25.05,45,2,2022-06-22 09:02:03
1655888523702407000,25.0,1,25.0,121,25.05,45,2,2022-06-22 09:02:03
1655888523927185000,25.0,12,25.0,109,25.05,45,2,2022-06-22 09:02:03
1655888523964259000,25.0,1,25.0,108,25.05,45,2,2022-06-22 09:02:03
1655888524414079000,25.0,1,25.0,107,25.05,45,2,2022-06-22 09:02:04
1655888524463344000,25.0,3,25.0,104,25.05,45,2,2022-06-22 09:02:04
1655888524477114000,25.0,5,25.0,99,25.05,45,2,2022-06-22 09:02:04
1655888524520466000,25.05,4,25.0,95,25.05,41,1,2022-06-22 09:02:04
1655888524613172000,25.0,2,25.0,93,25.05,41,2,2022-06-22 09:02:04
1655888524973002000,25.0,1,25.0,92,25.05,41,2,2022-06-22 09:02:04
1655888525115160000,25.0,1,25.0,91,25.05,41,2,2022-06-22 09:02:05
1655888525506767000,25.0,1,25.0,90,25.05,43,2,2022-06-22 09:02:05
1655888525638843000,25.0,20,25.0,70,25.05,43,2,2022-06-22 09:02:05
1655888525669676000,25.0,1,25.0,69,25.05,43,2,2022-06-22 09:02:05
1655888525852498000,25.0,5,25.0,64,25.05,49,2,2022-06-22 09:02:05
1655888525855793000,25.0,8,25.0,56,25.05,49,2,2022-06-22 09:02:05
1655888525912864000,25.0,2,25.0,54,25.05,49,2,2022-06-22 09:02:05
1655888526041322000,25.0,10,25.0,44,25.05,49,2,2022-06-22 09:02:06
1655888526086470000,25.0,1,25.0,43,25.05,49,2,2022-06-22 09:02:06
1655888526263152000,25.0,1,25.0,42,25.05,43,2,2022-06-22 09:02:06
1655888526295182000,25.0,5,25.0,37,25.05,43,2,2022-06-22 09:02:06
1655888526615427000,25.0,1,25.0,37,25.05,44,2,2022-06-22 09:02:06
1655888526649952000,25.0,2,25.0,35,25.05,47,2,2022-06-22 09:02:06
1655888526748049000,25.0,1,25.0,34,25.05,47,2,2022-06-22 09:02:06
1655888526759420000,25.0,5,25.0,29,25.05,47,2,2022-06-22 09:02:06
1655888526817303000,25.0,2,25.0,27,25.05,47,2,2022-06-22 09:02:06
1655888526854336000,25.0,5,25.0,22,25.05,47,2,2022-06-22 09:02:06
1655888526867906000,25.0,5,25.0,17,25.05,42,2,2022-06-22 09:02:06
1655888526872939000,25.0,1,25.0,16,25.05,42,2,2022-06-22 09:02:06
1655888526894552000,25.0,16,24.95,18,25.05,42,2,2022-06-22 09:02:06
1655888526897218000,24.95,1,24.95,17,25.05,42,2,2022-06-22 09:02:06
1655888526944275000,24.95,1,24.95,19,25.05,42,2,2022-06-22 09:02:06
1655888526999008000,24.95,1,24.95,18,25.05,42,2,2022-06-22 09:02:06
1655888527033050000,25.05,1,24.95,18,25.05,41,1,2022-06-22 09:02:07
1655888527068916000,24.95,1,24.95,17,25.05,41,2,2022-06-22 09:02:07
1655888527069451000,25.05,1,24.95,17,25.05,40,1,2022-06-22 09:02:07
1655888527175463000,24.95,6,24.95,11,25.0,1,2,2022-06-22 09:02:07
1655888527210429000,24.95,10,24.95,1,25.0,1,2,2022-06-22 09:02:07
1655888527213071000,24.95,1,24.9,21,25.0,1,2,2022-06-22 09:02:07
1655888527306406000,24.9,5,24.9,16,24.95,1,2,2022-06-22 09:02:07
1655888527369097000,24.9,1,24.9,15,24.95,1,2,2022-06-22 09:02:07
1655888527546265000,24.9,3,24.9,12,24.95,1,2,2022-06-22 09:02:07
1655888528019809000,24.95,1,24.9,12,25.0,3,1,2022-06-22 09:02:08
1655888528102076000,24.9,3,24.9,9,25.0,4,2,2022-06-22 09:02:08
1655888528325715000,25.0,6,25.0,4,25.05,43,1,2022-06-22 09:02:08
1655888528770052000,25.0,2,25.0,3,25.05,44,2,2022-06-22 09:02:08
1655888529022887000,25.05,2,25.0,3,25.05,42,1,2022-06-22 09:02:09
1655888529256312000,25.0,3,24.8,14,25.05,42,2,2022-06-22 09:02:09
1655888529256312000,24.9,21,24.8,14,25.05,42,2,2022-06-22 09:02:09
1655888529256312000,24.85,14,24.8,14,25.05,42,2,2022-06-22 09:02:09
1655888529256312000,24.8,42,24.8,14,25.05,42,2,2022-06-22 09:02:09
1655888529636569000,25.0,1,24.95,12,25.0,7,1,2022-06-22 09:02:09
1655888529683385000,25.0,1,24.95,12,25.0,6,1,2022-06-22 09:02:09
1655888529874469000,24.95,1,24.95,13,25.0,6,2,2022-06-22 09:02:09
1655888529956434000,25.0,5,24.95,13,25.0,1,1,2022-06-22 09:02:09
1655888529972505000,24.95,7,24.95,6,25.0,1,2,2022-06-22 09:02:09
1655888530016023000,24.95,1,24.95,5,25.0,1,2,2022-06-22 09:02:10
1655888530735705000,24.95,1,24.95,5,25.0,1,2,2022-06-22 09:02:10
1655888530761711000,25.0,1,24.95,5,25.05,45,1,2022-06-22 09:02:10
1655888531222370000,24.95,1,24.95,4,25.0,1,2,2022-06-22 09:02:11
1655888531435993000,25.0,1,24.95,4,25.0,2,1,2022-06-22 09:02:11
1655888531662044000,25.0,1,24.95,4,25.0,1,1,2022-06-22 09:02:11
1655888532576987000,25.0,1,24.95,5,25.0,9,1,2022-06-22 09:02:12
1655888533299726000,24.95,3,24.9,15,24.95,1,2,2022-06-22 09:02:13
1655888533326582000,24.95,1,24.9,15,25.0,4,1,2022-06-22 09:02:13
1655888533326582000,25.0,9,24.9,15,25.0,4,1,2022-06-22 09:02:13
1655888535422981000,25.0,1,24.95,8,25.0,36,1,2022-06-22 09:02:15
1655888535541773000,24.95,8,24.9,18,25.0,36,2,2022-06-22 09:02:15
1655888535541773000,24.9,2,24.9,18,25.0,36,2,2022-06-22 09:02:15
1655888535881168000,24.9,1,24.9,17,25.0,36,2,2022-06-22 09:02:15
1655888535950725000,25.0,3,24.9,17,25.0,33,1,2022-06-22 09:02:15
1655888536052349000,24.9,2,24.9,15,25.0,33,2,2022-06-22 09:02:16
1655888536848497000,25.0,5,24.9,15,25.0,35,1,2022-06-22 09:02:16
1655888537088055000,25.0,3,24.9,18,25.0,33,1,2022-06-22 09:02:17
1655888537512711000,24.95,1,24.9,20,25.0,33,1,2022-06-22 09:02:17
1655888537552458000,25.0,1,24.9,20,25.0,32,1,2022-06-22 09:02:17
1655888537746112000,24.9,3,24.9,17,25.0,33,2,2022-06-22 09:02:17
1655888538290493000,24.95,1,24.9,17,25.0,24,1,2022-06-22 09:02:18
1655888538290493000,25.0,9,24.9,17,25.0,24,1,2022-06-22 09:02:18
1655888538680561000,24.9,10,24.9,8,25.0,23,2,2022-06-22 09:02:18
1655888539147872000,25.0,1,24.9,8,25.0,22,1,2022-06-22 09:02:19
1655888539204845000,24.9,5,24.9,3,25.0,22,2,2022-06-22 09:02:19
1655888539433131000,25.0,10,24.9,3,25.0,14,1,2022-06-22 09:02:19
1655888540165388000,24.9,1,24.9,2,25.0,14,2,2022-06-22 09:02:20
1655888540467229000,25.0,2,24.9,3,25.0,15,1,2022-06-22 09:02:20
1655888540805236000,24.9,3,24.85,32,24.9,7,2,2022-06-22 09:02:20
1655888540831287000,24.9,7,24.85,32,25.0,15,1,2022-06-22 09:02:20
1655888541080454000,24.9,1,24.9,2,25.0,15,2,2022-06-22 09:02:21
1655888541940891000,25.0,1,24.9,7,25.0,18,1,2022-06-22 09:02:21
1655888542451758000,24.95,1,24.9,9,25.0,20,2,2022-06-22 09:02:22
1655888542741086000,24.9,9,24.8,3,25.0,20,2,2022-06-22 09:02:22
1655888542741086000,24.85,27,24.8,3,25.0,20,2,2022-06-22 09:02:22
1655888542741086000,24.8,4,24.8,3,25.0,20,2,2022-06-22 09:02:22
1655888543184152000,24.9,1,24.9,5,24.95,4,2,2022-06-22 09:02:23
1655888543220658000,24.9,5,24.8,3,24.95,4,2,2022-06-22 09:02:23
1655888543439289000,24.9,1,24.8,3,24.95,14,2,2022-06-22 09:02:23
1655888543704215000,24.85,3,24.8,3,24.95,14,1,2022-06-22 09:02:23
1655888544172399000,24.9,1,24.8,6,25.0,31,1,2022-06-22 09:02:24
1655888544172399000,24.95,15,24.8,6,25.0,31,1,2022-06-22 09:02:24
1655888544172399000,25.0,8,24.8,6,25.0,31,1,2022-06-22 09:02:24
1655888544436808000,24.9,2,24.9,1,25.0,28,2,2022-06-22 09:02:24
1655888544539712000,24.85,2,24.85,2,24.95,4,2,2022-06-22 09:02:24
1655888544653994000,24.9,1,24.85,3,24.9,1,1,2022-06-22 09:02:24
1655888544685372000,24.9,1,24.85,3,24.95,3,1,2022-06-22 09:02:24
1655888544685372000,24.95,1,24.85,3,24.95,3,1,2022-06-22 09:02:24
1655888545166325000,24.9,1,24.9,19,24.95,3,2,2022-06-22 09:02:25
1655888545172636000,24.9,19,24.8,3,24.95,3,2,2022-06-22 09:02:25
1655888545172636000,24.85,3,24.8,3,24.95,3,2,2022-06-22 09:02:25
1655888545172636000,24.8,3,24.8,3,24.95,3,2,2022-06-22 09:02:25
1655888545337335000,24.95,2,24.75,7,24.95,11,1,2022-06-22 09:02:25
1655888545986822000,24.9,1,24.85,12,24.95,1,1,2022-06-22 09:02:25
1655888546499510000,24.9,5,24.85,7,24.95,1,2,2022-06-22 09:02:26
1655888546499510000,24.85,5,24.85,7,24.95,1,2,2022-06-22 09:02:26
1655888546541916000,24.9,1,24.85,7,24.95,1,1,2022-06-22 09:02:26
1655888547634660000,24.95,1,24.9,3,25.0,28,1,2022-06-22 09:02:27
1655888547667096000,25.0,20,24.9,3,25.0,8,1,2022-06-22 09:02:27
1655888547773524000,24.9,1,24.9,2,25.0,8,2,2022-06-22 09:02:27
1655888548208550000,24.9,2,24.85,6,25.0,8,2,2022-06-22 09:02:28
1655888548208550000,24.85,2,24.85,6,25.0,8,2,2022-06-22 09:02:28
1655888548686037000,24.95,2,24.95,3,25.0,8,1,2022-06-22 09:02:28
1655888548940682000,24.95,1,24.95,2,25.0,8,2,2022-06-22 09:02:28
1655888549426242000,24.95,2,24.9,2,25.0,10,2,2022-06-22 09:02:29
1655888549426242000,24.9,8,24.9,2,25.0,10,2,2022-06-22 09:02:29
1655888549479303000,24.9,2,24.85,6,25.0,10,2,2022-06-22 09:02:29
1655888549909735000,24.9,3,24.9,3,25.0,11,2,2022-06-22 09:02:29
1655888550768132000,24.95,3,24.85,7,25.0,12,2,2022-06-22 09:02:30
1655888550768132000,24.9,4,24.85,7,25.0,12,2,2022-06-22 09:02:30
1655888552186200000,24.95,2,24.95,9,25.0,38,2,2022-06-22 09:02:32
1655888552228320000,24.95,5,24.95,4,25.0,38,2,2022-06-22 09:02:32
1655888552332213000,24.95,2,24.95,2,25.0,38,2,2022-06-22 09:02:32
1655888554461433000,24.95,4,24.9,21,25.0,41,2,2022-06-22 09:02:34
1655888554461433000,24.9,6,24.9,21,25.0,41,2,2022-06-22 09:02:34
1655888554590258000,24.95,1,24.95,1,25.0,41,2,2022-06-22 09:02:34
1655888555240664000,24.95,1,24.9,21,24.95,1,2,2022-06-22 09:02:35
1655888555270608000,24.95,1,24.9,21,24.95,1,1,2022-06-22 09:02:35
1655888555858463000,24.95,2,24.9,21,24.95,1,1,2022-06-22 09:02:35
1655888556180931000,24.95,1,24.9,21,25.0,44,1,2022-06-22 09:02:36
1655888556567710000,24.95,1,24.9,21,25.0,44,1,2022-06-22 09:02:36
1655888557672489000,24.95,1,24.9,21,24.95,1,2,2022-06-22 09:02:37
1655888557830087000,24.95,1,24.9,21,25.0,44,1,2022-06-22 09:02:37
1655888558222134000,24.95,1,24.9,21,24.95,2,1,2022-06-22 09:02:38
1655888558355748000,24.95,2,24.95,1,25.0,44,1,2022-06-22 09:02:38
1655888558388614000,24.95,1,24.9,21,25.0,44,2,2022-06-22 09:02:38
1655888559156204000,24.95,1,24.95,9,25.0,44,2,2022-06-22 09:02:39
1655888559695555000,25.0,1,24.95,9,25.0,43,1,2022-06-22 09:02:39
1655888561527756000,24.95,15,24.95,3,25.0,45,2,2022-06-22 09:02:41
1655888561580755000,24.95,1,24.95,2,25.0,45,2,2022-06-22 09:02:41
1655888562002917000,24.95,2,24.95,6,25.0,45,2,2022-06-22 09:02:42
1655888563077588000,24.95,1,24.95,8,25.0,45,2,2022-06-22 09:02:43
1655888564423383000,24.95,9,24.9,22,24.95,1,2,2022-06-22 09:02:44
1655888564644952000,24.95,1,24.9,22,24.95,9,1,2022-06-22 09:02:44
1655888565338395000,24.95,1,24.9,22,24.95,8,1,2022-06-22 09:02:45
1655888565684483000,24.95,2,24.9,22,24.95,6,1,2022-06-22 09:02:45
1655888565717394000,24.95,6,24.9,22,25.0,46,1,2022-06-22 09:02:45
1655888565783612000,24.95,1,24.95,9,25.0,46,2,2022-06-22 09:02:45
1655888565859689000,24.95,2,24.95,7,25.0,46,2,2022-06-22 09:02:45
1655888566276676000,24.95,7,24.9,23,24.95,3,2,2022-06-22 09:02:46
1655888566442173000,24.95,1,24.9,23,24.95,2,1,2022-06-22 09:02:46
1655888566509790000,24.95,1,24.9,23,24.95,1,1,2022-06-22 09:02:46
1655888566815934000,24.95,1,24.9,23,25.0,47,1,2022-06-22 09:02:46
1655888566824620000,25.0,9,24.9,23,25.0,38,1,2022-06-22 09:02:46
1655888566988780000,24.95,1,24.9,27,25.0,38,1,2022-06-22 09:02:46
1655888569500273000,24.95,10,24.9,24,24.95,18,1,2022-06-22 09:02:49
1655888569535720000,24.9,1,24.9,23,24.95,18,2,2022-06-22 09:02:49
1655888569560617000,24.95,3,24.9,23,24.95,15,1,2022-06-22 09:02:49
1655888570056671000,24.95,5,24.9,23,24.95,16,1,2022-06-22 09:02:50
1655888570548194000,24.95,5,24.9,21,24.95,11,1,2022-06-22 09:02:50
1655888570649848000,24.95,1,24.9,21,24.95,10,1,2022-06-22 09:02:50
1655888571368981000,24.95,1,24.9,21,24.95,15,1,2022-06-22 09:02:51
1655888571949783000,24.9,1,24.9,21,24.95,31,2,2022-06-22 09:02:51
1655888573876043000,24.95,1,24.9,21,24.95,31,1,2022-06-22 09:02:53
1655888574084948000,24.9,3,24.9,18,24.95,31,2,2022-06-22 09:02:54
1655888574187222000,24.95,1,24.9,18,24.95,30,1,2022-06-22 09:02:54
1655888576192264000,24.95,2,24.9,21,24.95,29,1,2022-06-22 09:02:56
1655888576256355000,24.95,1,24.9,21,24.95,28,1,2022-06-22 09:02:56
1655888577819771000,24.9,1,24.9,21,24.95,28,2,2022-06-22 09:02:57
1655888578363104000,24.95,3,24.9,21,24.95,25,1,2022-06-22 09:02:58
1655888578480425000,24.95,2,24.9,21,24.95,23,1,2022-06-22 09:02:58
1655888578866926000,24.95,1,24.9,23,24.95,22,1,2022-06-22 09:02:58
1655888579284284000,24.95,19,24.9,23,24.95,4,1,2022-06-22 09:02:59
1655888579297844000,24.95,4,24.9,23,25.0,45,1,2022-06-22 09:02:59
1655888579305419000,25.0,1,24.9,23,25.0,44,1,2022-06-22 09:02:59
1655888579425388000,25.0,5,24.9,26,25.0,40,1,2022-06-22 09:02:59
1655888580090704000,24.95,3,24.9,26,24.95,12,1,2022-06-22 09:03:00
1655888580247970000,24.95,10,24.9,26,24.95,2,1,2022-06-22 09:03:00
1655888580280431000,24.95,2,24.9,26,24.95,2,1,2022-06-22 09:03:00
1655888580614060000,24.9,7,24.9,19,24.95,2,2,2022-06-22 09:03:00
1655888580650852000,24.9,1,24.9,15,24.95,2,2,2022-06-22 09:03:00
1655888581036643000,24.95,1,24.9,15,24.95,1,1,2022-06-22 09:03:01
1655888581357665000,24.95,1,24.9,15,25.0,41,1,2022-06-22 09:03:01
1655888581631922000,24.95,1,24.9,15,25.0,41,2,2022-06-22 09:03:01
1655888581773280000,25.0,1,24.9,15,25.0,40,1,2022-06-22 09:03:01
1655888582547605000,25.0,10,24.95,5,25.0,30,1,2022-06-22 09:03:02
1655888582738866000,24.95,6,24.9,25,24.95,8,2,2022-06-22 09:03:02
1655888583149443000,24.95,2,24.9,25,24.95,6,1,2022-06-22 09:03:03
1655888583646795000,24.95,1,24.9,37,24.95,5,1,2022-06-22 09:03:03
1655888583669891000,24.95,5,24.9,37,25.0,35,1,2022-06-22 09:03:03
1655888583680845000,24.9,2,24.9,35,25.0,35,2,2022-06-22 09:03:03
1655888583880802000,24.9,2,24.9,33,24.95,2,2,2022-06-22 09:03:03
1655888583883161000,24.9,2,24.9,31,24.95,2,2,2022-06-22 09:03:03
1655888583919734000,24.9,1,24.9,30,24.95,2,2,2022-06-22 09:03:03
1655888584174611000,24.9,15,24.9,16,24.95,2,2,2022-06-22 09:03:04
1655888584209122000,24.9,1,24.9,15,24.95,2,2,2022-06-22 09:03:04
1655888584209660000,24.9,1,24.9,14,24.95,2,2,2022-06-22 09:03:04
1655888584228656000,24.9,1,24.9,13,24.95,2,2,2022-06-22 09:03:04
1655888584330692000,24.95,3,24.9,13,25.0,30,1,2022-06-22 09:03:04
1655888584330692000,25.0,2,24.9,13,25.0,30,1,2022-06-22 09:03:04
1655888584373644000,25.0,2,24.95,3,25.0,28,1,2022-06-22 09:03:04
1655888584763846000,24.95,4,24.95,1,25.0,29,2,2022-06-22 09:03:04
1655888585158606000,24.95,1,24.9,13,25.0,31,2,2022-06-22 09:03:05
1655888587692437000,25.0,1,24.95,4,25.0,30,1,2022-06-22 09:03:07
1655888587842521000,25.0,1,24.95,4,25.0,29,1,2022-06-22 09:03:07
1655888589614411000,24.95,1,24.95,4,25.0,26,2,2022-06-22 09:03:09
1655888590729800000,25.0,1,24.95,5,25.0,38,1,2022-06-22 09:03:10
1655888590754232000,25.0,10,24.95,5,25.0,28,1,2022-06-22 09:03:10
1655888593324403000,24.95,1,24.95,11,25.0,27,2,2022-06-22 09:03:13
1655888593616341000,25.0,1,24.95,11,25.0,26,1,2022-06-22 09:03:13
1655888594565746000,24.95,2,24.95,11,25.0,24,2,2022-06-22 09:03:14
1655888594846834000,25.0,1,24.95,11,25.0,24,1,2022-06-22 09:03:14
1655888594853836000,25.0,2,24.95,11,25.0,22,1,2022-06-22 09:03:14
1655888595614582000,25.0,3,24.95,15,25.0,19,1,2022-06-22 09:03:15
1655888596649270000,25.0,1,24.95,17,25.0,18,1,2022-06-22 09:03:16
1655888597315258000,25.0,5,24.95,17,25.0,13,1,2022-06-22 09:03:17
1655888597344770000,25.0,3,24.95,17,25.0,10,1,2022-06-22 09:03:17
1655888597458049000,25.0,7,24.95,17,25.0,3,1,2022-06-22 09:03:17
1655888597487320000,25.0,3,24.95,17,25.05,45,1,2022-06-22 09:03:17
1655888598088520000,25.0,2,25.0,1,25.05,45,2,2022-06-22 09:03:18
1655888599593998000,25.05,2,25.0,3,25.05,43,1,2022-06-22 09:03:19
1655888600414810000,25.05,1,25.0,8,25.05,42,1,2022-06-22 09:03:20
1655888600430686000,25.05,2,25.0,8,25.05,40,1,2022-06-22 09:03:20
1655888600568431000,25.05,1,25.0,8,25.05,39,1,2022-06-22 09:03:20
1655888600643506000,25.0,1,25.0,7,25.05,39,2,2022-06-22 09:03:20
1655888601150217000,25.05,3,25.0,7,25.05,36,1,2022-06-22 09:03:21
1655888602100025000,25.0,3,25.0,4,25.05,35,2,2022-06-22 09:03:22
1655888602530332000,25.0,1,25.0,3,25.05,35,2,2022-06-22 09:03:22
1655888602684096000,25.0,1,25.0,4,25.05,35,2,2022-06-22 09:03:22
1655888603333244000,25.0,2,25.0,2,25.05,35,2,2022-06-22 09:03:23
1655888605521202000,25.0,1,25.0,13,25.05,35,2,2022-06-22 09:03:25
1655888605819913000,25.0,1,25.0,57,25.05,35,2,2022-06-22 09:03:25
1655888606931165000,25.05,36,25.05,14,25.1,60,1,2022-06-22 09:03:26
1655888606961202000,25.05,9,25.05,5,25.1,60,2,2022-06-22 09:03:26
1655888607000372000,25.05,4,25.05,1,25.1,61,2,2022-06-22 09:03:27
1655888607225049000,25.05,1,25.0,31,25.1,61,2,2022-06-22 09:03:27
1655888607225049000,25.0,29,25.0,31,25.1,61,2,2022-06-22 09:03:27
1655888607642256000,25.05,1,25.05,2,25.1,61,1,2022-06-22 09:03:27
1655888607882708000,25.05,1,25.05,1,25.1,61,2,2022-06-22 09:03:27
1655888607933847000,25.05,1,25.0,28,25.1,61,2,2022-06-22 09:03:27
1655888607933847000,25.0,4,25.0,28,25.1,61,2,2022-06-22 09:03:27
1655888608255604000,25.1,1,25.0,29,25.1,60,1,2022-06-22 09:03:28
1655888609270664000,25.1,9,25.0,30,25.1,51,1,2022-06-22 09:03:29
1655888610588437000,25.05,1,25.05,2,25.1,50,1,2022-06-22 09:03:30
1655888610676563000,25.05,1,25.05,1,25.1,50,2,2022-06-22 09:03:30
1655888610777279000,25.1,1,25.05,1,25.1,49,1,2022-06-22 09:03:30
1655888610915267000,25.05,1,25.0,38,25.1,49,2,2022-06-22 09:03:30
1655888611276764000,25.05,1,25.0,38,25.1,48,1,2022-06-22 09:03:31
1655888611276764000,25.1,1,25.0,38,25.1,48,1,2022-06-22 09:03:31
1655888611300224000,25.0,5,25.0,33,25.1,48,2,2022-06-22 09:03:31
1655888613874590000,25.1,1,25.05,2,25.1,46,1,2022-06-22 09:03:33
1655888614503177000,25.1,1,25.05,7,25.1,45,1,2022-06-22 09:03:34
1655888615715298000,25.05,8,25.0,44,25.1,45,2,2022-06-22 09:03:35
1655888615715298000,25.0,2,25.0,44,25.1,45,2,2022-06-22 09:03:35
1655888616826099000,25.0,10,25.0,45,25.05,18,2,2022-06-22 09:03:36
1655888616854198000,25.0,6,25.0,39,25.05,18,2,2022-06-22 09:03:36
1655888617304926000,25.0,5,25.0,34,25.05,18,2,2022-06-22 09:03:37
1655888617923533000,25.05,4,25.0,34,25.05,16,1,2022-06-22 09:03:37
1655888617950076000,25.0,5,25.0,29,25.05,16,2,2022-06-22 09:03:37
1655888617981893000,25.0,29,24.95,27,25.05,16,2,2022-06-22 09:03:37
1655888618144476000,24.95,28,24.85,6,25.0,1,2,2022-06-22 09:03:38
1655888618144476000,24.9,43,24.85,6,25.0,1,2,2022-06-22 09:03:38
1655888618144476000,24.85,9,24.85,6,25.0,1,2,2022-06-22 09:03:38
1655888618666420000,24.95,5,24.85,6,24.95,4,1,2022-06-22 09:03:38
1655888619261926000,24.85,6,24.8,79,24.85,4,2,2022-06-22 09:03:39
1655888619883084000,24.85,1,24.8,79,24.85,3,1,2022-06-22 09:03:39
1655888620022247000,24.8,10,24.8,69,24.85,3,2,2022-06-22 09:03:40
1655888620068182000,24.8,1,24.8,68,24.85,3,2,2022-06-22 09:03:40
1655888620764765000,24.8,2,24.8,66,24.85,3,2,2022-06-22 09:03:40
1655888620805990000,24.8,66,24.75,9,24.85,3,2,2022-06-22 09:03:40
1655888620882584000,24.75,1,24.75,8,24.8,8,2,2022-06-22 09:03:40
1655888620890157000,24.75,8,24.7,98,24.8,8,2,2022-06-22 09:03:40
1655888620914996000,24.7,2,24.7,96,24.8,8,2,2022-06-22 09:03:40
1655888620954873000,24.7,1,24.7,95,24.8,8,2,2022-06-22 09:03:40
1655888620956313000,24.7,1,24.7,94,24.8,8,2,2022-06-22 09:03:40
1655888620972352000,24.7,1,24.7,93,24.8,8,2,2022-06-22 09:03:40
1655888621845983000,24.7,5,24.7,88,24.75,1,2,2022-06-22 09:03:41
1655888622013572000,24.7,40,24.7,48,24.75,2,2,2022-06-22 09:03:42
1655888622050708000,24.7,1,24.7,47,24.75,2,2,2022-06-22 09:03:42
1655888622057154000,24.7,1,24.7,46,24.75,2,2,2022-06-22 09:03:42
1655888622064407000,24.7,1,24.7,45,24.75,2,2,2022-06-22 09:03:42
1655888622068653000,24.7,1,24.7,44,24.75,2,2,2022-06-22 09:03:42
1655888622068697000,24.7,1,24.7,43,24.75,2,2,2022-06-22 09:03:42
1655888622068875000,24.7,1,24.7,42,24.75,2,2,2022-06-22 09:03:42
1655888622200826000,24.75,2,24.7,42,24.8,8,1,2022-06-22 09:03:42
1655888622679797000,24.7,1,24.7,41,24.8,8,2,2022-06-22 09:03:42
1655888623646673000,24.75,1,24.7,41,24.8,8,2,2022-06-22 09:03:43
1655888624422051000,24.7,4,24.7,37,24.8,8,2,2022-06-22 09:03:44
1655888624691030000,24.75,1,24.7,37,24.75,5,1,2022-06-22 09:03:44
1655888625005590000,24.7,1,24.7,36,24.75,5,2,2022-06-22 09:03:45
1655888625026904000,24.75,1,24.7,36,24.75,4,1,2022-06-22 09:03:45
1655888625245494000,24.7,4,24.7,32,24.75,4,2,2022-06-22 09:03:45
1655888625530382000,24.7,34,24.6,8,24.75,4,2,2022-06-22 09:03:45
1655888625530382000,24.65,4,24.6,8,24.75,4,2,2022-06-22 09:03:45
1655888625530382000,24.6,2,24.6,8,24.75,4,2,2022-06-22 09:03:45
1655888625575820000,24.6,1,24.6,10,24.7,1,2,2022-06-22 09:03:45
1655888626208096000,24.6,2,24.6,8,24.7,2,2,2022-06-22 09:03:46
1655888626292636000,24.7,2,24.6,8,24.9,5,1,2022-06-22 09:03:46
1655888626292636000,24.75,8,24.6,8,24.9,5,1,2022-06-22 09:03:46
1655888626292636000,24.8,8,24.6,8,24.9,5,1,2022-06-22 09:03:46
1655888626292636000,24.9,2,24.6,8,24.9,5,1,2022-06-22 09:03:46
1655888626651366000,24.65,2,24.65,3,24.85,5,2,2022-06-22 09:03:46
1655888626782567000,24.65,3,24.6,1,24.8,3,2,2022-06-22 09:03:46
1655888626782567000,24.6,7,24.6,1,24.8,3,2,2022-06-22 09:03:46
1655888626974470000,24.75,2,24.55,3,24.75,16,1,2022-06-22 09:03:46
1655888627092590000,24.6,1,24.55,3,24.65,1,1,2022-06-22 09:03:47
1655888627454791000,24.65,1,24.55,3,24.75,1,1,2022-06-22 09:03:47
1655888628043098000,24.75,1,24.55,4,24.8,12,1,2022-06-22 09:03:48
1655888628043098000,24.8,1,24.55,4,24.8,12,1,2022-06-22 09:03:48
1655888628974026000,24.7,1,24.55,14,24.75,14,1,2022-06-22 09:03:48
1655888629204878000,24.6,1,24.55,12,24.75,14,2,2022-06-22 09:03:49
1655888629204878000,24.55,2,24.55,12,24.75,14,2,2022-06-22 09:03:49
1655888631020018000,24.65,1,24.6,14,24.7,1,2,2022-06-22 09:03:51
1655888631020018000,24.6,1,24.6,14,24.7,1,2,2022-06-22 09:03:51
1655888631107090000,24.6,5,24.6,9,24.7,1,2,2022-06-22 09:03:51
1655888631573250000,24.6,5,24.6,4,24.7,1,2,2022-06-22 09:03:51
1655888632163748000,24.65,2,24.6,5,24.7,1,1,2022-06-22 09:03:52
1655888632163748000,24.7,3,24.6,5,24.7,1,1,2022-06-22 09:03:52
1655888632977072000,24.7,1,24.65,3,24.75,10,1,2022-06-22 09:03:52
1655888632977072000,24.75,1,24.65,3,24.75,10,1,2022-06-22 09:03:52
1655888634256594000,24.7,1,24.65,3,24.7,2,1,2022-06-22 09:03:54
1655888634467727000,24.7,2,24.65,4,24.75,10,1,2022-06-22 09:03:54
1655888635536772000,24.65,2,24.65,2,24.7,1,2,2022-06-22 09:03:55
1655888635903045000,24.65,1,24.65,1,24.7,1,2,2022-06-22 09:03:55
1655888636833727000,24.7,2,24.65,1,24.85,4,1,2022-06-22 09:03:56
1655888636833727000,24.75,10,24.65,1,24.85,4,1,2022-06-22 09:03:56
1655888636833727000,24.8,1,24.65,1,24.85,4,1,2022-06-22 09:03:56
1655888636833727000,24.85,2,24.65,1,24.85,4,1,2022-06-22 09:03:56
1655888636930868000,24.85,5,24.65,1,24.85,2,1,2022-06-22 09:03:56
1655888637952503000,24.7,1,24.7,3,24.8,4,2,2022-06-22 09:03:57
1655888640088350000,24.8,1,24.7,3,24.8,3,1,2022-06-22 09:04:00
1655888640999857000,24.8,6,24.75,1,24.85,2,1,2022-06-22 09:04:00
1655888641337101000,24.85,2,24.75,1,24.9,11,1,2022-06-22 09:04:01
1655888642596814000,24.8,1,24.75,9,24.9,11,2,2022-06-22 09:04:02
1655888642596814000,24.75,4,24.75,9,24.9,11,2,2022-06-22 09:04:02
1655888642790057000,24.8,1,24.75,9,24.8,2,2,2022-06-22 09:04:02
1655888642821893000,24.8,2,24.75,9,24.9,11,1,2022-06-22 09:04:02
1655888642895217000,24.75,9,24.7,9,24.75,1,2,2022-06-22 09:04:02
1655888642924414000,24.75,1,24.7,9,24.9,11,1,2022-06-22 09:04:02
1655888642950238000,24.7,1,24.7,8,24.9,11,2,2022-06-22 09:04:02
1655888646191834000,24.85,4,24.7,14,24.9,13,1,2022-06-22 09:04:06
1655888646440318000,24.85,1,24.7,14,24.9,13,2,2022-06-22 09:04:06
1655888648985015000,24.85,2,24.75,4,24.85,22,1,2022-06-22 09:04:08
1655888650707046000,24.8,2,24.8,3,24.85,22,1,2022-06-22 09:04:10
1655888650746586000,24.8,2,24.8,1,24.85,22,2,2022-06-22 09:04:10
1655888650807870000,24.8,1,24.7,17,24.85,22,2,2022-06-22 09:04:10
1655888650807870000,24.75,4,24.7,17,24.85,22,2,2022-06-22 09:04:10
1655888650807870000,24.7,3,24.7,17,24.85,22,2,2022-06-22 09:04:10
1655888651230075000,24.75,1,24.7,17,24.75,1,1,2022-06-22 09:04:11
1655888651271259000,24.75,1,24.7,17,24.85,25,1,2022-06-22 09:04:11
1655888651312189000,24.8,1,24.7,17,24.8,4,1,2022-06-22 09:04:11
1655888653179379000,24.75,1,24.7,17,24.75,4,1,2022-06-22 09:04:13
1655888653284229000,24.75,1,24.7,17,24.75,3,1,2022-06-22 09:04:13
1655888654191992000,24.7,7,24.7,10,24.75,3,2,2022-06-22 09:04:14
1655888654213999000,24.7,1,24.7,9,24.75,3,2,2022-06-22 09:04:14
1655888654292177000,24.75,1,24.7,9,24.75,2,1,2022-06-22 09:04:14
1655888655219510000,24.75,1,24.7,9,24.75,1,1,2022-06-22 09:04:15
1655888655436305000,24.75,1,24.75,1,24.8,10,1,2022-06-22 09:04:15
1655888656148683000,24.75,1,24.7,12,24.8,11,2,2022-06-22 09:04:16
1655888656951597000,24.75,3,24.75,5,24.8,12,1,2022-06-22 09:04:16
1655888657406415000,24.75,4,24.75,1,24.8,13,2,2022-06-22 09:04:17
1655888657439293000,24.75,1,24.7,12,24.8,13,2,2022-06-22 09:04:17
1655888658304028000,24.7,10,24.7,13,24.8,13,2,2022-06-22 09:04:18
1655888658708468000,24.7,1,24.7,14,24.75,1,2,2022-06-22 09:04:18
1655888658981088000,24.75,1,24.7,14,24.8,13,1,2022-06-22 09:04:18
1655888659053436000,24.7,1,24.7,13,24.8,13,2,2022-06-22 09:04:19
1655888659486586000,24.75,1,24.75,2,24.8,13,2,2022-06-22 09:04:19
1655888660134765000,24.75,2,24.7,13,24.8,13,2,2022-06-22 09:04:20
1655888661776562000,24.7,1,24.7,20,24.75,2,2,2022-06-22 09:04:21
1655888662424316000,24.75,2,24.75,3,24.8,11,1,2022-06-22 09:04:22
1655888663639205000,24.75,1,24.75,8,24.8,11,2,2022-06-22 09:04:23
1655888664002135000,24.75,2,24.75,6,24.8,11,2,2022-06-22 09:04:24
1655888665355556000,24.75,1,24.75,5,24.8,11,2,2022-06-22 09:04:25
1655888666957776000,24.75,1,24.75,20,24.8,11,2,2022-06-22 09:04:26
1655888667107323000,24.8,10,24.75,31,24.8,1,1,2022-06-22 09:04:27
1655888667129897000,24.8,1,24.75,31,24.85,14,1,2022-06-22 09:04:27
1655888667137817000,24.75,1,24.75,30,24.85,14,2,2022-06-22 09:04:27
1655888668833858000,24.75,3,24.75,32,24.85,14,2,2022-06-22 09:04:28
1655888670281062000,24.8,1,24.75,35,24.8,1,2,2022-06-22 09:04:30
1655888670315164000,24.8,1,24.75,32,24.85,14,1,2022-06-22 09:04:30
1655888670704442000,24.75,2,24.75,30,24.85,14,2,2022-06-22 09:04:30
1655888670785483000,24.75,1,24.75,29,24.85,14,2,2022-06-22 09:04:30
1655888671330651000,24.8,1,24.75,30,24.85,14,1,2022-06-22 09:04:31
1655888671339837000,24.75,3,24.75,27,24.85,14,2,2022-06-22 09:04:31
1655888672741268000,24.8,1,24.75,32,24.85,14,2,2022-06-22 09:04:32
1655888673617435000,24.8,1,24.8,19,24.85,15,2,2022-06-22 09:04:33
1655888674505661000,24.85,5,24.8,19,24.85,10,1,2022-06-22 09:04:34
1655888675686330000,24.85,4,24.8,19,24.85,6,1,2022-06-22 09:04:35
1655888675716747000,24.85,6,24.8,19,24.9,16,1,2022-06-22 09:04:35
1655888679917944000,24.9,5,24.85,11,24.9,10,1,2022-06-22 09:04:39
1655888683126658000,24.9,9,24.9,1,24.95,14,1,2022-06-22 09:04:43
1655888684066242000,24.95,5,24.9,1,24.95,9,1,2022-06-22 09:04:44
1655888686422695000,24.95,1,24.9,2,24.95,8,1,2022-06-22 09:04:46
1655888687655667000,24.95,1,24.9,3,24.95,7,1,2022-06-22 09:04:47
1655888688081516000,24.9,1,24.9,2,24.95,7,2,2022-06-22 09:04:48
1655888688446043000,24.95,1,24.9,7,24.95,6,1,2022-06-22 09:04:48
1655888689022003000,24.95,1,24.9,8,24.95,5,1,2022-06-22 09:04:49
1655888689052039000,24.95,5,24.9,8,25.0,52,1,2022-06-22 09:04:49
1655888690198399000,24.95,1,24.9,8,25.0,63,2,2022-06-22 09:04:50
1655888692714970000,25.0,1,24.9,8,25.0,64,1,2022-06-22 09:04:52
1655888692885061000,24.95,1,24.95,9,25.0,64,1,2022-06-22 09:04:52
1655888692924714000,24.95,9,24.9,8,25.0,64,2,2022-06-22 09:04:52
1655888693817995000,24.9,1,24.9,21,24.95,2,2,2022-06-22 09:04:53
1655888694593798000,24.9,1,24.9,20,24.95,14,2,2022-06-22 09:04:54
1655888694934772000,24.9,5,24.9,15,24.95,19,2,2022-06-22 09:04:54
1655888695846348000,24.9,1,24.9,24,24.95,32,2,2022-06-22 09:04:55
1655888696310460000,24.9,1,24.9,23,24.95,32,2,2022-06-22 09:04:56
1655888696318867000,24.95,10,24.9,23,24.95,22,1,2022-06-22 09:04:56
1655888696419464000,24.9,2,24.9,21,24.95,22,2,2022-06-22 09:04:56
1655888696853733000,24.95,4,24.9,23,24.95,18,1,2022-06-22 09:04:56
1655888697315838000,24.9,1,24.9,22,24.95,18,2,2022-06-22 09:04:57
1655888697670657000,24.9,5,24.9,20,24.95,21,2,2022-06-22 09:04:57
1655888697907693000,24.9,1,24.9,19,24.95,26,2,2022-06-22 09:04:57
1655888697933211000,24.9,3,24.9,16,24.95,26,2,2022-06-22 09:04:57
1655888698533631000,24.9,2,24.9,14,24.95,26,2,2022-06-22 09:04:58
1655888698969268000,24.9,1,24.9,13,24.95,31,2,2022-06-22 09:04:58
1655888698999672000,24.9,11,24.9,2,24.95,31,2,2022-06-22 09:04:58
1655888699032597000,24.9,2,24.85,23,24.95,31,2,2022-06-22 09:04:59
1655888699163508000,24.95,1,24.85,23,24.95,32,1,2022-06-22 09:04:59
1655888699836488000,24.9,1,24.85,23,24.9,14,1,2022-06-22 09:04:59
1655888700316327000,24.9,1,24.85,23,24.9,13,1,2022-06-22 09:05:00
1655888700461493000,24.85,23,24.8,34,24.9,15,2,2022-06-22 09:05:00
1655888700597707000,24.85,1,24.8,34,24.9,14,1,2022-06-22 09:05:00
1655888700597707000,24.9,1,24.8,34,24.9,14,1,2022-06-22 09:05:00
1655888700966808000,24.85,1,24.8,34,24.85,8,1,2022-06-22 09:05:00
1655888701854709000,24.85,1,24.8,34,24.85,17,1,2022-06-22 09:05:01
1655888701862776000,24.85,1,24.8,34,24.85,16,1,2022-06-22 09:05:01
1655888702414597000,24.8,2,24.8,32,24.85,16,2,2022-06-22 09:05:02
1655888703976082000,24.8,1,24.8,31,24.85,17,2,2022-06-22 09:05:03
1655888705490056000,24.8,1,24.8,40,24.85,20,2,2022-06-22 09:05:05
1655888705847241000,24.8,2,24.8,38,24.85,20,2,2022-06-22 09:05:05
1655888706844769000,24.85,19,24.8,37,24.85,5,1,2022-06-22 09:05:06
1655888707449695000,24.85,1,24.8,38,24.85,5,1,2022-06-22 09:05:07
1655888709509732000,24.8,1,24.8,37,24.85,5,2,2022-06-22 09:05:09
1655888712412917000,24.85,1,24.8,89,24.85,6,1,2022-06-22 09:05:12
1655888712435635000,24.85,6,24.8,89,24.9,22,1,2022-06-22 09:05:12
1655888713875259000,24.85,1,24.8,91,24.85,5,1,2022-06-22 09:05:13
1655888715057440000,24.85,1,24.8,92,24.85,5,1,2022-06-22 09:05:15
1655888717466337000,24.85,5,24.8,93,24.85,4,1,2022-06-22 09:05:17
1655888717580203000,24.85,1,24.8,93,24.85,3,1,2022-06-22 09:05:17
1655888717722423000,24.85,1,24.8,93,24.85,2,1,2022-06-22 09:05:17
1655888717896879000,24.85,2,24.85,33,24.9,21,1,2022-06-22 09:05:17
1655888717933543000,24.85,1,24.85,32,24.9,21,2,2022-06-22 09:05:17
1655888717972343000,24.85,1,24.85,31,24.9,21,2,2022-06-22 09:05:17
1655888719551945000,24.9,1,24.85,38,24.9,20,1,2022-06-22 09:05:19
1655888720228444000,24.85,3,24.85,36,24.9,20,2,2022-06-22 09:05:20
1655888720354375000,24.9,1,24.85,36,24.9,19,1,2022-06-22 09:05:20
1655888720981896000,24.9,16,24.85,57,24.95,35,1,2022-06-22 09:05:20
1655888721058191000,24.9,1,24.85,57,24.95,38,1,2022-06-22 09:05:21
1655888722132837000,24.9,1,24.85,61,24.95,30,1,2022-06-22 09:05:22
1655888724342188000,24.9,1,24.85,46,24.95,32,2,2022-06-22 09:05:24
1655888724342188000,24.85,29,24.85,46,24.95,32,2,2022-06-22 09:05:24
1655888724865951000,24.9,1,24.85,47,24.95,23,1,2022-06-22 09:05:24
1655888724865951000,24.95,9,24.85,47,24.95,23,1,2022-06-22 09:05:24
1655888724977824000,24.85,2,24.85,45,24.95,23,2,2022-06-22 09:05:24
1655888725585090000,24.9,5,24.85,45,24.95,23,2,2022-06-22 09:05:25
1655888726038147000,24.9,1,24.85,45,24.95,23,1,2022-06-22 09:05:26
1655888729008504000,24.95,10,24.9,35,24.95,13,1,2022-06-22 09:05:29
1655888729558164000,24.95,10,24.9,43,25.0,43,1,2022-06-22 09:05:29
1655888729588815000,24.9,1,24.9,42,25.0,43,2,2022-06-22 09:05:29
1655888730537013000,24.95,3,24.95,1,25.0,49,2,2022-06-22 09:05:30
1655888731203600000,24.95,1,24.95,8,25.0,49,2,2022-06-22 09:05:31
1655888732432645000,25.0,1,24.95,12,25.0,48,1,2022-06-22 09:05:32
1655888734793350000,24.95,1,24.95,13,25.0,47,2,2022-06-22 09:05:34
1655888734809724000,25.0,1,24.95,13,25.0,46,1,2022-06-22 09:05:34
1655888735197254000,24.95,1,24.95,12,25.0,46,2,2022-06-22 09:05:35
1655888735424333000,24.95,12,24.9,35,24.95,38,2,2022-06-22 09:05:35
1655888736319828000,24.95,2,24.9,35,24.95,36,1,2022-06-22 09:05:36
1655888737356433000,24.9,33,24.9,2,24.95,41,2,2022-06-22 09:05:37
1655888737378401000,24.9,2,24.85,42,24.95,41,2,2022-06-22 09:05:37
1655888737403972000,24.9,1,24.85,42,24.95,41,1,2022-06-22 09:05:37
1655888737915974000,24.95,1,24.85,42,24.95,45,1,2022-06-22 09:05:37
1655888738356335000,24.9,4,24.85,42,24.9,1,1,2022-06-22 09:05:38
1655888738501824000,24.85,5,24.85,37,24.9,1,2,2022-06-22 09:05:38
1655888739716905000,24.9,1,24.85,37,24.9,4,1,2022-06-22 09:05:39
1655888742367700000,24.9,3,24.85,38,24.9,10,1,2022-06-22 09:05:42
1655888743794686000,24.9,1,24.85,38,24.9,32,1,2022-06-22 09:05:43
1655888746136530000,24.9,1,24.85,41,24.9,53,1,2022-06-22 09:05:46
1655888746721288000,24.85,4,24.85,38,24.9,53,2,2022-06-22 09:05:46
1655888746910824000,24.9,5,24.85,38,24.9,48,1,2022-06-22 09:05:46
1655888747103943000,24.9,1,24.85,38,24.9,47,1,2022-06-22 09:05:47
1655888747157669000,24.85,1,24.85,37,24.9,47,2,2022-06-22 09:05:47
1655888747405740000,24.9,1,24.85,37,24.9,48,1,2022-06-22 09:05:47
1655888747655499000,24.9,1,24.85,37,24.9,47,1,2022-06-22 09:05:47
1655888748262824000,24.9,1,24.85,37,24.9,46,1,2022-06-22 09:05:48
1655888748591569000,24.9,4,24.85,38,24.9,42,1,2022-06-22 09:05:48
1655888749613474000,24.9,3,24.85,61,24.9,41,1,2022-06-22 09:05:49
1655888750043101000,24.9,2,24.85,61,24.9,40,1,2022-06-22 09:05:50
1655888751927989000,24.9,1,24.85,72,24.9,39,1,2022-06-22 09:05:51
1655888752602451000,24.9,3,24.85,72,24.9,36,1,2022-06-22 09:05:52
1655888752652360000,24.85,1,24.85,71,24.9,36,2,2022-06-22 09:05:52
1655888752727892000,24.9,2,24.85,71,24.9,34,1,2022-06-22 09:05:52
1655888753816961000,24.9,5,24.85,71,24.9,30,1,2022-06-22 09:05:53
1655888754244120000,24.9,10,24.85,72,24.9,20,1,2022-06-22 09:05:54
1655888754268011000,24.9,1,24.85,72,24.9,19,1,2022-06-22 09:05:54
1655888754276562000,24.9,14,24.85,72,24.9,5,1,2022-06-22 09:05:54
1655888754297482000,24.9,3,24.85,72,24.95,110,1,2022-06-22 09:05:54
1655888754299839000,24.85,1,24.85,71,24.95,110,2,2022-06-22 09:05:54
1655888755888033000,24.95,5,24.9,3,24.95,112,1,2022-06-22 09:05:55
1655888758927155000,24.9,2,24.9,30,24.95,104,2,2022-06-22 09:05:58
1655888759994836000,24.9,3,24.9,40,24.95,106,2,2022-06-22 09:05:59
1655888760112127000,24.9,2,24.9,38,24.95,106,2,2022-06-22 09:06:00
1655888760715694000,24.9,30,24.9,8,24.95,106,2,2022-06-22 09:06:00
1655888760728315000,24.9,1,24.9,7,24.95,106,2,2022-06-22 09:06:00
1655888760740517000,24.9,3,24.9,4,24.95,106,2,2022-06-22 09:06:00
1655888760747253000,24.9,4,24.85,74,24.9,4,2,2022-06-22 09:06:00
1655888760789075000,24.85,2,24.85,72,24.9,4,2,2022-06-22 09:06:00
1655888760820569000,24.85,1,24.85,71,24.9,4,2,2022-06-22 09:06:00
1655888760928255000,24.9,1,24.85,71,24.9,3,1,2022-06-22 09:06:00
1655888761723205000,24.9,1,24.85,72,24.9,2,1,2022-06-22 09:06:01
1655888763152801000,24.9,3,24.85,76,24.9,4,1,2022-06-22 09:06:03
1655888763340998000,24.9,2,24.85,76,24.9,2,1,2022-06-22 09:06:03
1655888766822096000,24.9,2,24.85,79,24.9,11,1,2022-06-22 09:06:06
1655888767103711000,24.9,1,24.85,79,24.9,10,1,2022-06-22 09:06:07
1655888768073582000,24.9,10,24.85,79,24.9,2,1,2022-06-22 09:06:08
1655888768195273000,24.9,1,24.85,78,24.9,1,1,2022-06-22 09:06:08
1655888768415823000,24.85,2,24.85,77,24.9,1,2,2022-06-22 09:06:08
1655888768900889000,24.85,1,24.85,76,24.9,2,2,2022-06-22 09:06:08
1655888768980394000,24.9,2,24.9,8,24.95,106,1,2022-06-22 09:06:08
1655888769594047000,24.9,2,24.9,7,24.95,106,2,2022-06-22 09:06:09
1655888769904457000,24.9,1,24.9,6,24.95,106,2,2022-06-22 09:06:09
1655888771708667000,24.9,1,24.9,26,24.95,106,2,2022-06-22 09:06:11
1655888772421926000,24.9,1,24.9,28,24.95,106,2,2022-06-22 09:06:12
1655888773168515000,24.9,29,24.85,76,24.95,106,2,2022-06-22 09:06:13
1655888773168515000,24.85,1,24.85,76,24.95,106,2,2022-06-22 09:06:13
1655888773974867000,24.9,1,24.85,76,24.95,106,2,2022-06-22 09:06:13
1655888778080145000,24.9,1,24.85,103,24.9,9,1,2022-06-22 09:06:18
1655888780179067000,24.9,1,24.85,111,24.9,11,1,2022-06-22 09:06:20
1655888786040923000,24.9,1,24.85,109,24.9,20,1,2022-06-22 09:06:26
1655888786871493000,24.9,1,24.85,109,24.9,19,1,2022-06-22 09:06:26
1655888787249328000,24.9,1,24.85,109,24.9,18,1,2022-06-22 09:06:27
1655888788540655000,24.9,1,24.85,109,24.9,17,1,2022-06-22 09:06:28
1655888790861305000,24.9,5,24.85,111,24.9,12,1,2022-06-22 09:06:30
1655888791162404000,24.9,1,24.85,111,24.9,11,1,2022-06-22 09:06:31
1655888791712806000,24.9,3,24.85,111,24.9,8,1,2022-06-22 09:06:31
1655888792358229000,24.9,1,24.85,111,24.9,7,1,2022-06-22 09:06:32
1655888792662586000,24.9,1,24.85,111,24.9,6,1,2022-06-22 09:06:32
1655888792702705000,24.9,2,24.85,111,24.9,4,1,2022-06-22 09:06:32
1655888793419502000,24.9,4,24.9,1,24.95,104,1,2022-06-22 09:06:33
1655888794244023000,24.9,1,24.9,2,24.95,104,2,2022-06-22 09:06:34
1655888795323736000,24.9,2,24.9,5,24.95,104,2,2022-06-22 09:06:35
1655888795576354000,24.9,5,24.85,110,24.95,104,2,2022-06-22 09:06:35
1655888795576354000,24.85,1,24.85,110,24.95,104,2,2022-06-22 09:06:35
1655888797106749000,24.9,1,24.9,10,24.95,104,2,2022-06-22 09:06:37
1655888799829621000,24.9,1,24.9,9,24.95,104,2,2022-06-22 09:06:39
1655888800674156000,24.9,1,24.9,9,24.95,104,2,2022-06-22 09:06:40
1655888802080550000,24.9,9,24.85,112,24.9,11,2,2022-06-22 09:06:42
1655888803452071000,24.9,1,24.85,112,24.9,10,1,2022-06-22 09:06:43
1655888804855885000,24.9,1,24.85,112,24.9,9,1,2022-06-22 09:06:44
1655888805827860000,24.85,2,24.85,110,24.9,10,2,2022-06-22 09:06:45
1655888810723100000,24.85,20,24.85,90,24.9,17,2,2022-06-22 09:06:50
1655888810761091000,24.85,1,24.85,89,24.9,17,2,2022-06-22 09:06:50
1655888812743155000,24.85,1,24.85,98,24.9,20,2,2022-06-22 09:06:52
1655888813086086000,24.9,1,24.85,98,24.9,19,1,2022-06-22 09:06:53
1655888813390693000,24.85,1,24.85,97,24.9,21,2,2022-06-22 09:06:53
1655888814376275000,24.9,1,24.85,97,24.9,23,1,2022-06-22 09:06:54
1655888814744677000,24.9,5,24.85,97,24.9,19,1,2022-06-22 09:06:54
1655888815077974000,24.85,10,24.85,87,24.9,19,2,2022-06-22 09:06:55
1655888815137474000,24.85,1,24.85,86,24.9,19,2,2022-06-22 09:06:55
1655888817229535000,24.9,3,24.85,86,24.9,21,1,2022-06-22 09:06:57
1655888821809575000,24.9,1,24.85,87,24.9,20,1,2022-06-22 09:07:01
1655888821821539000,24.9,1,24.85,87,24.9,19,1,2022-06-22 09:07:01
1655888822980325000,24.9,1,24.85,88,24.9,18,1,2022-06-22 09:07:02
1655888823658894000,24.9,1,24.85,88,24.9,18,1,2022-06-22 09:07:03
1655888824630995000,24.9,3,24.85,87,24.9,15,1,2022-06-22 09:07:04
1655888827641169000,24.9,1,24.85,86,24.9,20,1,2022-06-22 09:07:07
1655888828495873000,24.9,1,24.85,86,24.9,20,1,2022-06-22 09:07:08
1655888829680659000,24.9,3,24.85,86,24.9,27,1,2022-06-22 09:07:09
1655888829802232000,24.9,20,24.85,86,24.9,7,1,2022-06-22 09:07:09
1655888829824292000,24.9,7,24.85,86,24.95,104,1,2022-06-22 09:07:09
1655888830936218000,24.9,1,24.85,86,24.9,14,1,2022-06-22 09:07:10
1655888831719221000,24.9,2,24.85,86,24.9,12,1,2022-06-22 09:07:11
1655888832600337000,24.9,1,24.85,86,24.9,12,1,2022-06-22 09:07:12
1655888832733967000,24.9,2,24.85,86,24.9,10,1,2022-06-22 09:07:12
1655888832764435000,24.9,1,24.85,86,24.9,9,1,2022-06-22 09:07:12
1655888833683853000,24.9,1,24.85,86,24.9,8,1,2022-06-22 09:07:13
1655888834345504000,24.9,2,24.85,86,24.9,6,1,2022-06-22 09:07:14
1655888834492395000,24.9,1,24.85,86,24.9,5,1,2022-06-22 09:07:14
1655888834663223000,24.9,1,24.85,86,24.9,4,1,2022-06-22 09:07:14
1655888835345427000,24.9,1,24.85,86,24.9,5,1,2022-06-22 09:07:15
1655888835383269000,24.9,2,24.85,86,24.9,3,1,2022-06-22 09:07:15
1655888835512269000,24.9,3,24.9,2,24.95,104,1,2022-06-22 09:07:15
1655888835538698000,24.9,2,24.85,86,24.95,104,2,2022-06-22 09:07:15
1655888837008220000,24.95,1,24.9,4,24.95,103,1,2022-06-22 09:07:17
1655888839278495000,24.9,5,24.9,2,24.95,103,2,2022-06-22 09:07:19
1655888839842664000,24.9,1,24.9,1,24.95,103,2,2022-06-22 09:07:19
1655888844102994000,24.95,2,24.9,61,24.95,101,1,2022-06-22 09:07:24
1655888845799781000,24.9,3,24.9,58,24.95,101,2,2022-06-22 09:07:25
1655888846575498000,24.9,2,24.9,58,24.95,102,2,2022-06-22 09:07:26
1655888846878926000,24.95,1,24.9,58,24.95,101,1,2022-06-22 09:07:26
1655888847351426000,24.9,1,24.9,57,24.95,101,2,2022-06-22 09:07:27
1655888853075177000,24.9,1,24.9,58,24.95,102,2,2022-06-22 09:07:33
1655888855115573000,24.9,1,24.9,58,24.95,102,2,2022-06-22 09:07:35
1655888856900113000,24.95,1,24.9,71,24.95,101,1,2022-06-22 09:07:36
1655888858535235000,24.9,30,24.9,41,24.95,101,2,2022-06-22 09:07:38
1655888859724152000,24.9,3,24.9,42,24.95,101,2,2022-06-22 09:07:39
1655888860414835000,24.9,1,24.9,43,24.95,101,2,2022-06-22 09:07:40
1655888861500015000,24.9,10,24.9,33,24.95,101,2,2022-06-22 09:07:41
1655888862340642000,24.9,1,24.9,32,24.95,101,2,2022-06-22 09:07:42
1655888862879893000,24.9,1,24.9,31,24.95,101,2,2022-06-22 09:07:42
1655888863261184000,24.9,1,24.9,30,24.95,101,2,2022-06-22 09:07:43
1655888863304949000,24.9,2,24.9,28,24.95,101,2,2022-06-22 09:07:43
1655888864189486000,24.9,3,24.9,25,24.95,101,2,2022-06-22 09:07:44
1655888864375553000,24.9,2,24.9,23,24.95,101,2,2022-06-22 09:07:44
1655888864505986000,24.9,23,24.85,73,24.9,3,2,2022-06-22 09:07:44
1655888865137383000,24.85,1,24.85,72,24.9,16,2,2022-06-22 09:07:45
1655888865164287000,24.85,72,24.8,110,24.9,16,2,2022-06-22 09:07:45
1655888865480231000,24.8,8,24.8,102,24.85,6,2,2022-06-22 09:07:45
1655888865504682000,24.8,7,24.8,95,24.85,6,2,2022-06-22 09:07:45
1655888865511967000,24.8,1,24.8,94,24.85,6,2,2022-06-22 09:07:45
1655888865534708000,24.8,19,24.8,75,24.85,7,2,2022-06-22 09:07:45
1655888865544203000,24.8,1,24.8,74,24.85,7,2,2022-06-22 09:07:45
1655888865555276000,24.8,9,24.8,65,24.85,7,2,2022-06-22 09:07:45
1655888865559340000,24.8,1,24.8,64,24.85,7,2,2022-06-22 09:07:45
1655888865559731000,24.8,1,24.8,63,24.85,7,2,2022-06-22 09:07:45
1655888865571943000,24.8,2,24.8,61,24.85,7,2,2022-06-22 09:07:45
1655888865577923000,24.8,15,24.8,46,24.85,7,2,2022-06-22 09:07:45
1655888865582321000,24.8,1,24.8,45,24.85,7,2,2022-06-22 09:07:45
1655888865582489000,24.8,1,24.8,44,24.85,7,2,2022-06-22 09:07:45
1655888865603778000,24.8,1,24.8,43,24.85,7,2,2022-06-22 09:07:45
1655888865637078000,24.8,1,24.8,42,24.85,7,2,2022-06-22 09:07:45
1655888865667433000,24.8,17,24.8,25,24.85,7,2,2022-06-22 09:07:45
1655888865699223000,24.8,4,24.8,21,24.85,7,2,2022-06-22 09:07:45
1655888865705487000,24.8,1,24.8,20,24.85,7,2,2022-06-22 09:07:45
1655888865735383000,24.85,3,24.8,20,24.85,4,1,2022-06-22 09:07:45
1655888869411863000,24.85,9,24.8,20,24.9,39,1,2022-06-22 09:07:49
1655888869411863000,24.9,1,24.8,20,24.9,39,1,2022-06-22 09:07:49
1655888869966538000,24.9,1,24.8,20,24.9,38,1,2022-06-22 09:07:49
1655888870085459000,24.8,20,24.75,34,24.9,38,2,2022-06-22 09:07:50
1655888871016095000,24.85,1,24.75,38,24.9,39,1,2022-06-22 09:07:51
1655888873762254000,24.8,1,24.75,39,24.85,4,2,2022-06-22 09:07:53
1655888878924232000,24.8,1,24.8,6,24.85,7,2,2022-06-22 09:07:58
1655888880486707000,24.8,4,24.8,2,24.85,7,2,2022-06-22 09:08:00
1655888881649240000,24.8,20,24.8,12,24.85,20,2,2022-06-22 09:08:01
1655888881735386000,24.8,1,24.8,11,24.85,20,2,2022-06-22 09:08:01
1655888881839032000,24.8,2,24.8,9,24.85,20,2,2022-06-22 09:08:01
1655888883120777000,24.8,1,24.8,10,24.85,20,2,2022-06-22 09:08:03
1655888884466381000,24.8,1,24.8,13,24.85,20,2,2022-06-22 09:08:04
1655888884616211000,24.8,2,24.8,11,24.85,20,2,2022-06-22 09:08:04
1655888884877558000,24.8,1,24.8,10,24.85,20,2,2022-06-22 09:08:04
1655888885261980000,24.8,1,24.8,20,24.85,20,2,2022-06-22 09:08:05
1655888885713724000,24.85,8,24.8,22,24.85,12,1,2022-06-22 09:08:05
1655888885846465000,24.85,12,24.8,22,24.9,73,1,2022-06-22 09:08:05
1655888885895127000,24.8,10,24.8,12,24.9,72,2,2022-06-22 09:08:05
1655888886669410000,24.8,1,24.8,21,24.85,5,2,2022-06-22 09:08:06
1655888886731802000,24.8,1,24.8,20,24.85,5,2,2022-06-22 09:08:06
1655888886767534000,24.85,5,24.8,20,24.9,72,1,2022-06-22 09:08:06
1655888887046893000,24.8,4,24.8,16,24.9,72,2,2022-06-22 09:08:07
1655888888467334000,24.85,1,24.8,19,24.9,72,1,2022-06-22 09:08:08
1655888890805329000,24.8,1,24.8,19,24.9,67,2,2022-06-22 09:08:10
1655888891124288000,24.8,1,24.8,18,24.9,67,2,2022-06-22 09:08:11
1655888892791798000,24.8,5,24.8,13,24.9,67,2,2022-06-22 09:08:12
1655888893277801000,24.8,2,24.8,11,24.9,78,2,2022-06-22 09:08:13
1655888893528852000,24.8,7,24.8,5,24.9,78,2,2022-06-22 09:08:13
1655888894539073000,24.8,1,24.8,4,24.9,78,2,2022-06-22 09:08:14
1655888894878329000,24.8,1,24.8,5,24.9,77,2,2022-06-22 09:08:14
1655888895010290000,24.8,5,24.75,36,24.8,30,2,2022-06-22 09:08:15
1655888895040348000,24.75,6,24.75,26,24.8,30,2,2022-06-22 09:08:15
1655888895078845000,24.75,1,24.75,25,24.8,30,2,2022-06-22 09:08:15
1655888895185676000,24.75,3,24.75,22,24.8,30,2,2022-06-22 09:08:15
1655888898730160000,24.75,5,24.75,17,24.8,30,2,2022-06-22 09:08:18
1655888898742160000,24.8,2,24.75,17,24.8,28,1,2022-06-22 09:08:18
1655888898762429000,24.75,17,24.7,78,24.8,28,2,2022-06-22 09:08:18
1655888898938550000,24.75,3,24.7,78,24.8,28,1,2022-06-22 09:08:18
1655888899097070000,24.75,1,24.7,78,24.75,1,1,2022-06-22 09:08:19
1655888899588305000,24.75,1,24.7,78,24.8,30,1,2022-06-22 09:08:19
1655888899904298000,24.75,1,24.75,1,24.8,30,2,2022-06-22 09:08:19
1655888899925069000,24.75,1,24.7,77,24.75,6,2,2022-06-22 09:08:19
1655888902097645000,24.75,3,24.7,77,24.75,17,2,2022-06-22 09:08:22
1655888902616302000,24.75,1,24.7,77,24.75,16,1,2022-06-22 09:08:22
1655888903345710000,24.75,2,24.7,77,24.75,14,1,2022-06-22 09:08:23
1655888903807141000,24.75,1,24.7,77,24.75,13,1,2022-06-22 09:08:23
1655888908386981000,24.7,1,24.7,78,24.75,19,2,2022-06-22 09:08:28
1655888909073781000,24.75,4,24.7,78,24.75,15,1,2022-06-22 09:08:29
1655888909104503000,24.7,1,24.7,77,24.75,15,2,2022-06-22 09:08:29
1655888910979969000,24.75,1,24.7,76,24.75,15,1,2022-06-22 09:08:30
1655888911143270000,24.75,2,24.7,76,24.75,13,1,2022-06-22 09:08:31
1655888911384051000,24.75,5,24.7,76,24.75,8,1,2022-06-22 09:08:31
1655888911419651000,24.7,1,24.7,75,24.75,8,2,2022-06-22 09:08:31
1655888911446984000,24.7,1,24.7,74,24.75,8,2,2022-06-22 09:08:31
1655888911548483000,24.75,1,24.7,74,24.75,7,1,2022-06-22 09:08:31
1655888911795386000,24.75,2,24.7,74,24.75,5,1,2022-06-22 09:08:31
1655888912567345000,24.75,1,24.7,74,24.75,4,1,2022-06-22 09:08:32
1655888914161506000,24.75,2,24.7,74,24.75,3,1,2022-06-22 09:08:34
1655888914364533000,24.75,2,24.7,74,24.75,1,1,2022-06-22 09:08:34
1655888914414857000,24.75,1,24.75,9,24.8,28,1,2022-06-22 09:08:34
1655888914482451000,24.75,5,24.75,5,24.8,28,2,2022-06-22 09:08:34
1655888914525436000,24.75,1,24.75,4,24.8,28,2,2022-06-22 09:08:34
1655888918276408000,24.75,1,24.75,7,24.8,29,2,2022-06-22 09:08:38
1655888919416030000,24.75,1,24.75,8,24.8,34,2,2022-06-22 09:08:39
1655888920346518000,24.75,5,24.75,3,24.8,34,2,2022-06-22 09:08:40
1655888920817224000,24.75,3,24.7,72,24.8,34,2,2022-06-22 09:08:40
1655888920817224000,24.7,2,24.7,72,24.8,34,2,2022-06-22 09:08:40
1655888921941823000,24.75,1,24.75,1,24.8,34,1,2022-06-22 09:08:41
1655888922045027000,24.75,1,24.7,76,24.8,41,2,2022-06-22 09:08:42
1655888923397461000,24.75,1,24.75,8,24.8,41,2,2022-06-22 09:08:43
1655888924315077000,24.75,1,24.75,7,24.8,41,2,2022-06-22 09:08:44
1655888925128284000,24.75,1,24.75,14,24.8,41,2,2022-06-22 09:08:45
1655888925375359000,24.75,1,24.75,13,24.8,41,2,2022-06-22 09:08:45
1655888925385557000,24.75,1,24.75,12,24.8,41,2,2022-06-22 09:08:45
1655888925713514000,24.75,2,24.75,11,24.8,41,2,2022-06-22 09:08:45
1655888925905318000,24.75,11,24.7,82,24.75,9,2,2022-06-22 09:08:45
1655888926831061000,24.75,2,24.7,82,24.75,7,1,2022-06-22 09:08:46
1655888927058214000,24.75,2,24.7,82,24.75,5,1,2022-06-22 09:08:47
1655888928485381000,24.75,1,24.7,82,24.75,6,1,2022-06-22 09:08:48
1655888928521936000,24.7,1,24.7,81,24.75,6,2,2022-06-22 09:08:48
1655888929908553000,24.75,1,24.7,81,24.75,5,1,2022-06-22 09:08:49
1655888930559223000,24.75,1,24.7,81,24.75,4,1,2022-06-22 09:08:50
1655888930577056000,24.75,4,24.7,81,24.8,42,1,2022-06-22 09:08:50
1655888931265710000,24.75,1,24.7,81,24.8,42,1,2022-06-22 09:08:51
1655888931815970000,24.7,1,24.7,82,24.8,42,2,2022-06-22 09:08:51
1655888932766909000,24.75,1,24.75,3,24.8,42,2,2022-06-22 09:08:52
1655888932827065000,24.75,3,24.7,82,24.75,7,2,2022-06-22 09:08:52
1655888933757901000,24.75,7,24.7,92,24.8,42,1,2022-06-22 09:08:53
1655888934117525000,24.75,1,24.7,91,24.8,48,2,2022-06-22 09:08:54
1655888936669449000,24.75,3,24.7,93,24.75,2,1,2022-06-22 09:08:56
1655888937960676000,24.75,1,24.7,93,24.75,2,1,2022-06-22 09:08:57
1655888939130546000,24.75,1,24.7,94,24.75,1,1,2022-06-22 09:08:59
1655888942051715000,24.75,7,24.7,94,24.75,11,1,2022-06-22 09:09:02
1655888944298057000,24.75,1,24.7,94,24.75,16,1,2022-06-22 09:09:04
1655888944299895000,24.75,2,24.7,94,24.75,14,1,2022-06-22 09:09:04
1655888944376167000,24.75,1,24.7,94,24.75,13,1,2022-06-22 09:09:04
1655888945411020000,24.75,2,24.7,94,24.75,11,1,2022-06-22 09:09:05
1655888946653528000,24.7,2,24.7,92,24.75,11,2,2022-06-22 09:09:06
1655888946688071000,24.7,1,24.7,91,24.75,11,2,2022-06-22 09:09:06
1655888946720193000,24.7,1,24.7,90,24.75,11,2,2022-06-22 09:09:06
1655888947587475000,24.75,10,24.7,90,24.75,1,1,2022-06-22 09:09:07
1655888947941287000,24.75,1,24.7,90,24.8,68,1,2022-06-22 09:09:07
1655888947941287000,24.8,5,24.7,90,24.8,68,1,2022-06-22 09:09:07
1655888948165160000,24.8,5,24.7,91,24.8,63,1,2022-06-22 09:09:08
1655888948210327000,24.8,5,24.7,91,24.8,58,1,2022-06-22 09:09:08
1655888949027559000,24.7,3,24.7,88,24.8,58,2,2022-06-22 09:09:09
1655888949890384000,24.75,1,24.7,88,24.8,58,1,2022-06-22 09:09:09
1655888953262862000,24.75,1,24.75,4,24.8,59,2,2022-06-22 09:09:13
1655888955890067000,24.75,7,24.7,88,24.75,18,2,2022-06-22 09:09:15
1655888956331565000,24.75,1,24.7,90,24.75,17,1,2022-06-22 09:09:16
1655888957880055000,24.75,1,24.7,90,24.75,17,1,2022-06-22 09:09:17
1655888960519209000,24.75,1,24.7,90,24.75,16,1,2022-06-22 09:09:20
1655888960634820000,24.75,16,24.7,90,24.8,53,1,2022-06-22 09:09:20
1655888960735778000,24.8,8,24.7,90,24.8,45,1,2022-06-22 09:09:20
1655888961765256000,24.75,1,24.7,95,24.8,48,2,2022-06-22 09:09:21
1655888966231884000,24.75,5,24.75,4,24.8,48,2,2022-06-22 09:09:26
1655888968088466000,24.8,5,24.75,17,24.8,43,1,2022-06-22 09:09:28
1655888968111094000,24.8,4,24.75,17,24.8,39,1,2022-06-22 09:09:28
1655888968240198000,24.75,7,24.75,10,24.8,39,2,2022-06-22 09:09:28
1655888968626155000,24.75,10,24.7,110,24.8,39,2,2022-06-22 09:09:28
1655888971048374000,24.75,4,24.7,110,24.75,9,2,2022-06-22 09:09:31
1655888971067100000,24.7,1,24.7,109,24.75,9,2,2022-06-22 09:09:31
1655888975826775000,24.7,1,24.7,102,24.75,14,2,2022-06-22 09:09:35
1655888975835946000,24.75,1,24.7,102,24.75,13,1,2022-06-22 09:09:35
1655888976359651000,24.7,5,24.7,97,24.75,13,2,2022-06-22 09:09:36
1655888976421223000,24.7,1,24.7,96,24.75,13,2,2022-06-22 09:09:36
1655888977117324000,24.75,14,24.75,16,24.8,50,1,2022-06-22 09:09:37
1655888982746543000,24.75,20,24.75,2,24.8,50,2,2022-06-22 09:09:42
1655888982786047000,24.75,1,24.75,1,24.8,50,2,2022-06-22 09:09:42
1655888985273640000,24.75,5,24.75,6,24.8,50,2,2022-06-22 09:09:45
1655888987527507000,24.75,3,24.75,6,24.8,50,2,2022-06-22 09:09:47
1655888987826189000,24.75,2,24.75,4,24.8,47,2,2022-06-22 09:09:47
1655888987832628000,24.75,1,24.75,3,24.8,47,2,2022-06-22 09:09:47
1655888989590652000,24.75,1,24.75,26,24.8,47,2,2022-06-22 09:09:49
1655888992131419000,24.75,1,24.75,25,24.8,47,2,2022-06-22 09:09:52
1655888992583805000,24.75,2,24.75,23,24.8,47,2,2022-06-22 09:09:52
1655888993127189000,24.8,2,24.75,23,24.8,45,1,2022-06-22 09:09:53
1655888993425796000,24.8,1,24.75,23,24.8,44,1,2022-06-22 09:09:53
1655888994365805000,24.75,5,24.75,24,24.8,44,2,2022-06-22 09:09:54
1655888994596868000,24.75,1,24.75,24,24.8,44,2,2022-06-22 09:09:54
1655889011067625000,24.8,10,24.75,37,24.8,37,1,2022-06-22 09:10:11
1655889014016893000,24.8,1,24.75,38,24.8,36,1,2022-06-22 09:10:14
1655889014496953000,24.8,5,24.75,38,24.8,31,1,2022-06-22 09:10:14
1655889014531043000,24.8,16,24.75,38,24.8,15,1,2022-06-22 09:10:14
1655889014563509000,24.8,15,24.75,39,24.85,17,1,2022-06-22 09:10:14
1655889015788867000,24.85,3,24.8,4,24.85,15,1,2022-06-22 09:10:15
1655889016026612000,24.85,1,24.8,4,24.85,14,1,2022-06-22 09:10:16
1655889017883928000,24.85,1,24.8,8,24.85,13,1,2022-06-22 09:10:17
1655889019466229000,24.8,1,24.8,13,24.85,13,2,2022-06-22 09:10:19
1655889020930845000,24.85,1,24.8,17,24.85,12,1,2022-06-22 09:10:20
1655889020956814000,24.85,12,24.8,17,24.9,31,1,2022-06-22 09:10:20
1655889021160778000,24.9,2,24.8,17,24.9,33,1,2022-06-22 09:10:21
1655889024959147000,24.9,1,24.85,3,24.9,41,1,2022-06-22 09:10:24
1655889025482232000,24.9,3,24.85,3,24.9,38,1,2022-06-22 09:10:25
1655889026652226000,24.9,1,24.85,3,24.9,38,1,2022-06-22 09:10:26
1655889026742810000,24.85,2,24.85,1,24.9,38,2,2022-06-22 09:10:26
1655889026899135000,24.9,1,24.85,1,24.9,37,1,2022-06-22 09:10:26
1655889028730130000,24.9,1,24.85,1,24.9,36,1,2022-06-22 09:10:28
1655889028883993000,24.9,1,24.85,1,24.9,35,1,2022-06-22 09:10:28
1655889029183299000,24.9,1,24.85,1,24.9,34,1,2022-06-22 09:10:29
1655889031307651000,24.9,1,24.85,4,24.9,33,1,2022-06-22 09:10:31
1655889031310967000,24.9,1,24.85,4,24.9,32,1,2022-06-22 09:10:31
1655889033246110000,24.9,1,24.85,6,24.9,31,1,2022-06-22 09:10:33
1655889034455950000,24.9,2,24.85,17,24.9,29,1,2022-06-22 09:10:34
1655889035233325000,24.9,1,24.85,17,24.9,23,1,2022-06-22 09:10:35
1655889035307321000,24.9,1,24.85,17,24.9,22,1,2022-06-22 09:10:35
1655889035693659000,24.9,20,24.85,18,24.9,2,1,2022-06-22 09:10:35
1655889035726131000,24.9,2,24.85,18,24.95,58,1,2022-06-22 09:10:35
1655889036147043000,24.95,3,24.9,1,24.95,55,1,2022-06-22 09:10:36
1655889036678038000,24.9,2,24.9,5,24.95,55,2,2022-06-22 09:10:36
1655889037405254000,24.95,1,24.9,5,24.95,54,1,2022-06-22 09:10:37
1655889037680293000,24.9,1,24.9,4,24.95,54,2,2022-06-22 09:10:37
1655889038064816000,24.95,1,24.9,4,24.95,53,1,2022-06-22 09:10:38
1655889039870895000,24.9,1,24.9,15,24.95,53,2,2022-06-22 09:10:39
1655889039949596000,24.9,1,24.9,14,24.95,53,2,2022-06-22 09:10:39
1655889046199054000,24.95,14,24.9,32,24.95,31,1,2022-06-22 09:10:46
1655889047219835000,24.95,1,24.9,32,24.95,30,1,2022-06-22 09:10:47
1655889048491469000,24.95,1,24.9,32,24.95,29,1,2022-06-22 09:10:48
1655889048705301000,24.9,10,24.9,22,24.95,29,2,2022-06-22 09:10:48
1655889048765825000,24.95,1,24.9,22,24.95,28,1,2022-06-22 09:10:48
1655889050272607000,24.95,2,24.9,24,24.95,26,1,2022-06-22 09:10:50
1655889050849993000,24.95,1,24.9,24,24.95,25,1,2022-06-22 09:10:50
1655889051693240000,24.95,1,24.9,24,24.95,24,1,2022-06-22 09:10:51
1655889052616327000,24.9,5,24.9,22,24.95,24,2,2022-06-22 09:10:52
1655889053550557000,24.95,2,24.9,21,24.95,27,1,2022-06-22 09:10:53
1655889053682330000,24.95,1,24.9,21,24.95,26,1,2022-06-22 09:10:53
1655889054142926000,24.95,3,24.9,21,24.95,23,1,2022-06-22 09:10:54
1655889059756558000,24.9,1,24.9,42,24.95,24,2,2022-06-22 09:10:59
1655889060645458000,24.95,2,24.9,42,24.95,22,1,2022-06-22 09:11:00
1655889060742938000,24.9,3,24.9,39,24.95,22,2,2022-06-22 09:11:00
1655889064387474000,24.95,10,24.9,87,24.95,13,1,2022-06-22 09:11:04
1655889064944573000,24.9,1,24.9,86,24.95,16,2,2022-06-22 09:11:04
1655889066019452000,24.95,1,24.9,88,24.95,15,1,2022-06-22 09:11:06
1655889066714664000,24.95,1,24.9,88,24.95,14,1,2022-06-22 09:11:06
1655889066747106000,24.95,5,24.9,88,24.95,9,1,2022-06-22 09:11:06
1655889066994695000,24.95,1,24.9,88,24.95,8,1,2022-06-22 09:11:06
1655889067326332000,24.95,1,24.9,88,24.95,7,1,2022-06-22 09:11:07
1655889068266154000,24.95,1,24.9,89,24.95,6,1,2022-06-22 09:11:08
1655889069320798000,24.95,3,24.9,89,24.95,3,1,2022-06-22 09:11:09
1655889069370883000,24.95,1,24.9,89,24.95,2,1,2022-06-22 09:11:09
1655889069391059000,24.95,2,24.9,89,25.0,60,1,2022-06-22 09:11:09
1655889071693962000,24.95,1,24.95,16,25.0,69,2,2022-06-22 09:11:11
1655889071930080000,24.95,1,24.95,23,25.0,69,2,2022-06-22 09:11:11
1655889072175237000,25.0,2,24.95,27,25.0,67,1,2022-06-22 09:11:12
1655889072225246000,25.0,4,24.95,27,25.0,63,1,2022-06-22 09:11:12
1655889072361282000,25.0,1,24.95,27,25.0,62,1,2022-06-22 09:11:12
1655889072779379000,25.0,2,24.95,27,25.0,60,1,2022-06-22 09:11:12
1655889073059361000,25.0,1,24.95,27,25.0,59,1,2022-06-22 09:11:13
1655889075357967000,24.95,10,24.95,18,25.0,58,2,2022-06-22 09:11:15
1655889078127080000,24.95,2,24.95,18,25.0,58,2,2022-06-22 09:11:18
1655889078362860000,25.0,3,24.95,18,25.0,55,1,2022-06-22 09:11:18
1655889078768245000,24.95,3,24.95,20,25.0,55,2,2022-06-22 09:11:18
1655889078807132000,25.0,2,24.95,20,25.0,53,1,2022-06-22 09:11:18
1655889079416643000,24.95,10,24.95,11,25.0,54,2,2022-06-22 09:11:19
1655889080141552000,25.0,1,24.95,13,25.0,53,1,2022-06-22 09:11:20
1655889080490713000,24.95,2,24.95,11,25.0,58,2,2022-06-22 09:11:20
1655889081256326000,24.95,1,24.95,13,25.0,58,2,2022-06-22 09:11:21
1655889081772205000,24.95,1,24.95,12,25.0,58,2,2022-06-22 09:11:21
1655889081794283000,24.95,12,24.9,90,25.0,58,2,2022-06-22 09:11:21
1655889081811300000,25.0,5,24.9,90,25.0,53,1,2022-06-22 09:11:21
1655889082381905000,24.95,1,24.9,89,24.95,2,1,2022-06-22 09:11:22
1655889082637813000,24.95,1,24.9,89,24.95,4,1,2022-06-22 09:11:22
1655889084383596000,24.9,5,24.9,83,24.95,11,2,2022-06-22 09:11:24
1655889085239701000,24.9,15,24.9,68,24.95,28,2,2022-06-22 09:11:25
1655889085273638000,24.9,68,24.85,4,24.95,29,2,2022-06-22 09:11:25
1655889085781805000,24.85,3,24.8,17,24.85,1,2,2022-06-22 09:11:25
1655889085980130000,24.8,1,24.8,15,24.85,6,2,2022-06-22 09:11:25
1655889086132289000,24.8,4,24.8,11,24.85,10,2,2022-06-22 09:11:26
1655889086155782000,24.8,11,24.75,45,24.85,10,2,2022-06-22 09:11:26
1655889086756105000,24.75,4,24.75,37,24.8,26,2,2022-06-22 09:11:26
1655889087379222000,24.8,1,24.75,37,24.8,25,1,2022-06-22 09:11:27
1655889087446567000,24.75,4,24.75,33,24.8,25,2,2022-06-22 09:11:27
1655889087475305000,24.75,1,24.75,32,24.8,25,2,2022-06-22 09:11:27
1655889088083514000,24.8,10,24.75,32,24.8,15,1,2022-06-22 09:11:28
1655889088151580000,24.75,1,24.75,31,24.8,15,2,2022-06-22 09:11:28
1655889090199939000,24.75,1,24.75,28,24.8,20,2,2022-06-22 09:11:30
1655889090334453000,24.8,2,24.75,28,24.8,18,1,2022-06-22 09:11:30
1655889090734967000,24.75,1,24.75,27,24.8,18,2,2022-06-22 09:11:30
1655889091150159000,24.8,6,24.75,27,24.8,12,1,2022-06-22 09:11:31
1655889092464018000,24.8,1,24.75,27,24.8,11,1,2022-06-22 09:11:32
1655889092524293000,24.75,1,24.75,26,24.8,11,2,2022-06-22 09:11:32
1655889092594564000,24.8,1,24.75,26,24.8,10,1,2022-06-22 09:11:32
1655889092834238000,24.8,1,24.75,26,24.8,9,1,2022-06-22 09:11:32
1655889096577371000,24.8,8,24.75,30,24.8,2,1,2022-06-22 09:11:36
1655889096612212000,24.75,1,24.75,29,24.85,12,2,2022-06-22 09:11:36
1655889096619252000,24.75,1,24.75,28,24.85,12,2,2022-06-22 09:11:36
1655889096634811000,24.75,1,24.75,27,24.85,12,2,2022-06-22 09:11:36
1655889096636752000,24.75,1,24.75,26,24.85,12,2,2022-06-22 09:11:36
1655889097278332000,24.8,1,24.75,26,24.85,17,2,2022-06-22 09:11:37
1655889099187879000,24.8,1,24.75,27,24.85,17,2,2022-06-22 09:11:39
1655889101533286000,24.8,1,24.75,25,24.8,7,1,2022-06-22 09:11:41
1655889104076372000,24.8,3,24.75,28,24.9,10,1,2022-06-22 09:11:44
1655889104076372000,24.85,4,24.75,28,24.9,10,1,2022-06-22 09:11:44
1655889104076372000,24.9,3,24.75,28,24.9,10,1,2022-06-22 09:11:44
1655889104194638000,24.75,10,24.75,19,24.9,14,2,2022-06-22 09:11:44
1655889104966432000,24.85,1,24.8,11,24.85,4,1,2022-06-22 09:11:44
1655889105858957000,24.8,1,24.8,11,24.9,20,2,2022-06-22 09:11:45
1655889108367157000,24.85,1,24.8,13,24.9,19,1,2022-06-22 09:11:48
1655889108367157000,24.9,1,24.8,13,24.9,19,1,2022-06-22 09:11:48
1655889115700667000,24.85,5,24.8,16,24.85,17,1,2022-06-22 09:11:55
1655889118098137000,24.85,1,24.8,17,24.85,16,1,2022-06-22 09:11:58
1655889118243958000,24.85,3,24.8,17,24.85,13,1,2022-06-22 09:11:58
1655889118275158000,24.8,1,24.8,16,24.85,13,2,2022-06-22 09:11:58
1655889119404384000,24.85,5,24.8,16,24.85,8,1,2022-06-22 09:11:59
1655889121009915000,24.8,5,24.8,11,24.85,8,2,2022-06-22 09:12:01
1655889122244232000,24.85,1,24.8,21,24.85,12,1,2022-06-22 09:12:02
1655889125072892000,24.85,2,24.8,24,24.85,6,1,2022-06-22 09:12:05
1655889125518897000,24.85,2,24.8,24,24.85,4,1,2022-06-22 09:12:05
1655889125655491000,24.85,1,24.8,24,24.85,3,1,2022-06-22 09:12:05
1655889128105030000,24.85,1,24.8,25,24.85,6,1,2022-06-22 09:12:08
1655889130158623000,24.85,1,24.8,25,24.85,5,1,2022-06-22 09:12:10
1655889133521202000,24.85,1,24.8,31,24.85,17,1,2022-06-22 09:12:13
1655889135731646000,24.85,3,24.8,32,24.85,15,1,2022-06-22 09:12:15
1655889138499590000,24.85,5,24.8,32,24.85,10,1,2022-06-22 09:12:18
1655889141343578000,24.8,1,24.8,33,24.85,10,2,2022-06-22 09:12:21
1655889145124559000,24.85,1,24.8,35,24.85,10,1,2022-06-22 09:12:25
1655889154573908000,24.85,1,24.8,45,24.85,9,1,2022-06-22 09:12:34
1655889157997931000,24.85,2,24.8,44,24.85,8,1,2022-06-22 09:12:37
1655889160878725000,24.85,1,24.8,45,24.85,7,1,2022-06-22 09:12:40
1655889163398064000,24.85,1,24.8,48,24.85,6,1,2022-06-22 09:12:43
1655889165113567000,24.85,6,24.85,4,24.9,35,1,2022-06-22 09:12:45
1655889168643155000,24.85,1,24.85,3,24.9,35,2,2022-06-22 09:12:48
1655889171294866000,24.85,3,24.8,50,24.9,35,2,2022-06-22 09:12:51
1655889174814615000,24.85,1,24.85,1,24.9,36,1,2022-06-22 09:12:54
1655889175538237000,24.85,1,24.8,53,24.9,43,2,2022-06-22 09:12:55
1655889177693891000,24.8,11,24.8,47,24.9,43,2,2022-06-22 09:12:57
1655889178379861000,24.85,1,24.8,48,24.9,43,2,2022-06-22 09:12:58
1655889183586612000,24.8,48,24.75,43,24.8,2,2,2022-06-22 09:13:03
1655889183618563000,24.75,1,24.75,42,24.8,2,2,2022-06-22 09:13:03
1655889185011064000,24.8,2,24.85,4,24.9,48,1,2022-06-22 09:13:05
1655889185011064000,24.85,4,24.85,4,24.9,48,1,2022-06-22 09:13:05
1655889185043417000,24.85,4,24.75,42,24.9,48,2,2022-06-22 09:13:05
1655889186074309000,24.75,10,24.75,32,24.9,53,2,2022-06-22 09:13:06
1655889186105179000,24.75,32,24.7,124,24.9,53,2,2022-06-22 09:13:06
1655889190214211000,24.7,5,24.7,119,24.75,2,2,2022-06-22 09:13:10
1655889190818335000,24.7,5,24.7,114,24.75,2,2,2022-06-22 09:13:10
1655889190862460000,24.7,1,24.7,113,24.75,2,2,2022-06-22 09:13:10
1655889191708388000,24.75,2,24.75,48,24.8,6,1,2022-06-22 09:13:11
1655889192885231000,24.8,1,24.8,1,24.85,15,1,2022-06-22 09:13:12
1655889197336678000,24.8,2,24.75,48,24.8,1,2,2022-06-22 09:13:17
1655889197390123000,24.8,1,24.8,9,24.85,24,1,2022-06-22 09:13:17
1655889197423671000,24.8,1,24.8,8,24.85,24,2,2022-06-22 09:13:17
1655889198051554000,24.8,2,24.8,6,24.85,29,2,2022-06-22 09:13:18
1655889199836153000,24.85,5,24.8,6,24.85,24,1,2022-06-22 09:13:19
1655889200186186000,24.8,5,24.8,1,24.85,24,2,2022-06-22 09:13:20
1655889200813286000,24.8,1,24.75,49,24.85,24,2,2022-06-22 09:13:20
1655889200813286000,24.75,4,24.75,49,24.85,24,2,2022-06-22 09:13:20
1655889202183913000,24.85,3,24.75,49,24.85,21,1,2022-06-22 09:13:22
1655889202252291000,24.8,1,24.75,49,24.85,21,1,2022-06-22 09:13:22
1655889207218682000,24.8,2,24.8,4,24.85,27,2,2022-06-22 09:13:27
1655889207303462000,24.8,1,24.8,3,24.85,27,2,2022-06-22 09:13:27
1655889208350369000,24.85,1,24.8,3,24.85,26,1,2022-06-22 09:13:28
1655889208470110000,24.8,1,24.8,2,24.85,26,2,2022-06-22 09:13:28
1655889208620564000,24.8,2,24.75,53,24.8,3,2,2022-06-22 09:13:28
1655889209905332000,24.75,50,24.75,3,24.8,3,2,2022-06-22 09:13:29
1655889209907800000,24.8,3,24.8,3,24.85,26,1,2022-06-22 09:13:29
1655889209927374000,24.8,3,24.75,3,24.85,26,2,2022-06-22 09:13:29
1655889209932205000,24.75,1,24.75,2,24.85,26,2,2022-06-22 09:13:29
1655889209933780000,24.75,1,24.75,1,24.85,26,2,2022-06-22 09:13:29
1655889209983189000,24.75,1,24.7,102,24.8,1,2,2022-06-22 09:13:29
1655889209983189000,24.7,1,24.7,102,24.8,1,2,2022-06-22 09:13:29
1655889215926967000,24.7,1,24.7,113,24.75,52,2,2022-06-22 09:13:35
1655889218524310000,24.7,1,24.7,112,24.75,52,2,2022-06-22 09:13:38
1655889218805670000,24.7,1,24.7,111,24.75,52,2,2022-06-22 09:13:38
1655889218842311000,24.7,1,24.7,110,24.75,52,2,2022-06-22 09:13:38
1655889219547719000,24.7,50,24.7,60,24.75,52,2,2022-06-22 09:13:39
1655889219587752000,24.7,3,24.7,57,24.75,52,2,2022-06-22 09:13:39
1655889219588495000,24.7,1,24.7,56,24.75,52,2,2022-06-22 09:13:39
1655889219611667000,24.7,1,24.7,55,24.75,52,2,2022-06-22 09:13:39
1655889219612072000,24.7,1,24.7,54,24.75,52,2,2022-06-22 09:13:39
1655889219730387000,24.7,5,24.7,49,24.75,52,2,2022-06-22 09:13:39
1655889219785400000,24.7,1,24.7,48,24.75,52,2,2022-06-22 09:13:39
1655889220461344000,24.7,1,24.7,47,24.75,52,2,2022-06-22 09:13:40
1655889220662570000,24.7,5,24.7,42,24.75,52,2,2022-06-22 09:13:40
1655889220676380000,24.7,8,24.7,34,24.75,52,2,2022-06-22 09:13:40
1655889220708355000,24.7,9,24.7,25,24.75,52,2,2022-06-22 09:13:40
1655889220714106000,24.7,4,24.7,21,24.75,52,2,2022-06-22 09:13:40
1655889220747244000,24.7,1,24.7,20,24.75,52,2,2022-06-22 09:13:40
1655889220759915000,24.7,1,24.7,19,24.75,52,2,2022-06-22 09:13:40
1655889220783142000,24.7,4,24.7,15,24.75,52,2,2022-06-22 09:13:40
1655889220816295000,24.7,1,24.7,14,24.75,52,2,2022-06-22 09:13:40
1655889220816906000,24.7,4,24.7,10,24.75,52,2,2022-06-22 09:13:40
1655889221118050000,24.7,1,24.7,9,24.75,52,2,2022-06-22 09:13:41
1655889221370278000,24.7,5,24.7,4,24.75,61,2,2022-06-22 09:13:41
1655889221399517000,24.7,2,24.7,2,24.75,61,2,2022-06-22 09:13:41
1655889221541719000,24.7,1,24.7,1,24.75,61,2,2022-06-22 09:13:41
1655889221770128000,24.7,1,24.65,84,24.75,61,2,2022-06-22 09:13:41
1655889222672882000,24.7,10,24.65,84,24.7,8,1,2022-06-22 09:13:42
1655889222700845000,24.7,8,24.65,84,24.75,61,1,2022-06-22 09:13:42
1655889225018908000,24.7,2,24.65,84,24.7,1,1,2022-06-22 09:13:45
1655889225497152000,24.65,5,24.65,79,24.7,14,2,2022-06-22 09:13:45
1655889225646300000,24.65,3,24.65,76,24.7,14,2,2022-06-22 09:13:45
1655889225661219000,24.7,4,24.65,76,24.7,10,1,2022-06-22 09:13:45
1655889225665895000,24.65,1,24.65,75,24.7,10,2,2022-06-22 09:13:45
1655889226098056000,24.65,2,24.65,73,24.7,10,2,2022-06-22 09:13:46
1655889226176660000,24.7,5,24.65,73,24.7,10,1,2022-06-22 09:13:46
1655889226197247000,24.7,1,24.65,73,24.7,9,1,2022-06-22 09:13:46
1655889228610154000,24.7,16,24.65,73,24.75,60,1,2022-06-22 09:13:48
1655889228984208000,24.7,1,24.65,73,24.7,3,2,2022-06-22 09:13:48
1655889229003665000,24.7,3,24.65,73,24.75,60,1,2022-06-22 09:13:49
1655889233595263000,24.7,2,24.7,6,24.75,62,2,2022-06-22 09:13:53
1655889233898977000,24.75,1,24.7,6,24.75,61,1,2022-06-22 09:13:53
1655889233931888000,24.75,12,24.7,6,24.75,49,1,2022-06-22 09:13:53
1655889233952410000,24.75,20,24.7,6,24.75,29,1,2022-06-22 09:13:53
1655889233972561000,24.75,14,24.7,6,24.75,15,1,2022-06-22 09:13:53
1655889233972586000,24.75,14,24.7,6,24.75,1,1,2022-06-22 09:13:53
1655889233973511000,24.75,1,24.7,12,24.8,2,1,2022-06-22 09:13:53
1655889234662994000,24.75,1,24.75,3,24.8,2,2,2022-06-22 09:13:54
1655889239290012000,24.8,4,24.75,2,24.85,19,1,2022-06-22 09:13:59
1655889243857321000,24.8,1,24.75,13,24.85,23,1,2022-06-22 09:14:03
1655889245807011000,24.85,3,24.75,25,24.85,17,1,2022-06-22 09:14:05
1655889246938382000,24.8,1,24.75,27,24.8,1,1,2022-06-22 09:14:06
1655889248019042000,24.8,1,24.8,2,24.85,18,1,2022-06-22 09:14:08
1655889248970769000,24.8,1,24.8,2,24.85,27,2,2022-06-22 09:14:08
1655889249226551000,24.8,2,24.75,27,24.8,48,2,2022-06-22 09:14:09
1655889249362276000,24.8,1,24.75,22,24.8,47,1,2022-06-22 09:14:09
1655889249928576000,24.8,5,24.75,22,24.8,42,1,2022-06-22 09:14:09
1655889252108985000,24.8,2,24.75,22,24.8,42,1,2022-06-22 09:14:12
1655889252189564000,24.8,2,24.75,22,24.8,40,1,2022-06-22 09:14:12
1655889253484827000,24.8,2,24.75,22,24.85,27,1,2022-06-22 09:14:13
1655889255443930000,24.85,1,24.8,5,24.85,26,1,2022-06-22 09:14:15
1655889258978629000,24.85,10,24.8,6,24.85,66,1,2022-06-22 09:14:18
1655889262741961000,24.85,1,24.8,7,24.85,65,1,2022-06-22 09:14:22
1655889265819171000,24.85,62,24.8,9,24.85,3,1,2022-06-22 09:14:25
1655889265846820000,24.85,3,24.8,10,24.9,37,1,2022-06-22 09:14:25
1655889266381808000,24.9,5,24.8,14,24.9,27,1,2022-06-22 09:14:26
1655889266531305000,24.9,5,24.85,2,24.9,31,1,2022-06-22 09:14:26
1655889266951145000,24.9,1,24.85,2,24.9,30,1,2022-06-22 09:14:26
1655889267276837000,24.9,1,24.85,2,24.9,29,1,2022-06-22 09:14:27
1655889269235774000,24.9,10,24.85,5,24.9,19,1,2022-06-22 09:14:29
1655889269843458000,24.85,3,24.85,2,24.9,19,2,2022-06-22 09:14:29
1655889269883013000,24.85,2,24.8,10,24.9,19,2,2022-06-22 09:14:29
1655889273133415000,24.85,1,24.85,6,24.9,19,2,2022-06-22 09:14:33
1655889275153256000,24.85,2,24.85,1,24.9,19,2,2022-06-22 09:14:35
1655889276743538000,24.9,4,24.85,1,24.9,15,1,2022-06-22 09:14:36
1655889281962669000,24.85,1,24.85,3,24.9,15,2,2022-06-22 09:14:41
1655889290312965000,24.85,6,24.85,1,24.9,18,2,2022-06-22 09:14:50
1655889291247056000,24.85,3,24.8,42,24.85,2,2,2022-06-22 09:14:51
1655889294201694000,24.85,1,24.8,49,24.85,9,1,2022-06-22 09:14:54
1655889294891632000,24.85,9,24.85,1,24.9,26,1,2022-06-22 09:14:54
1655889294909318000,24.85,1,24.8,49,24.9,26,2,2022-06-22 09:14:54
1655889300473205000,24.85,10,24.8,50,24.9,26,2,2022-06-22 09:15:00
1655889301211745000,24.8,9,24.8,40,24.85,5,2,2022-06-22 09:15:01
1655889301950023000,24.8,20,24.8,21,24.85,5,2,2022-06-22 09:15:01
1655889301950481000,24.8,20,24.8,1,24.85,5,2,2022-06-22 09:15:01
1655889301976191000,24.8,1,24.75,25,24.85,5,2,2022-06-22 09:15:01
1655889302477508000,24.8,1,24.75,20,24.8,3,1,2022-06-22 09:15:02
1655889303853446000,24.8,1,24.75,20,24.8,5,1,2022-06-22 09:15:03
1655889304170135000,24.8,2,24.75,20,24.8,2,1,2022-06-22 09:15:04
1655889304703623000,24.8,2,24.75,20,24.85,24,1,2022-06-22 09:15:04
1655889304703623000,24.85,1,24.75,20,24.85,24,1,2022-06-22 09:15:04
1655889307793305000,24.8,1,24.75,21,24.85,10,1,2022-06-22 09:15:07
1655889313857472000,24.8,1,24.75,34,24.8,2,1,2022-06-22 09:15:13
1655889314430503000,24.8,2,24.8,28,24.85,10,1,2022-06-22 09:15:14
1655889314493739000,24.8,1,24.8,27,24.85,10,2,2022-06-22 09:15:14
1655889315509689000,24.8,2,24.8,25,24.85,10,2,2022-06-22 09:15:15
1655889315865917000,24.8,14,24.8,11,24.85,15,2,2022-06-22 09:15:15
1655889315865965000,24.8,3,24.8,8,24.85,15,2,2022-06-22 09:15:15
1655889315899091000,24.8,8,24.75,34,24.85,15,2,2022-06-22 09:15:15
1655889320116604000,24.8,1,24.75,29,24.8,5,1,2022-06-22 09:15:20
1655889325488941000,24.8,3,24.75,29,24.8,5,1,2022-06-22 09:15:25
1655889327754913000,24.8,1,24.75,54,24.8,4,1,2022-06-22 09:15:27
1655889329142521000,24.8,2,24.75,55,24.8,2,1,2022-06-22 09:15:29
1655889331300598000,24.8,2,24.8,8,24.85,22,1,2022-06-22 09:15:31
1655889331322877000,24.8,8,24.75,57,24.85,23,2,2022-06-22 09:15:31
1655889333438885000,24.85,1,24.8,2,24.85,22,1,2022-06-22 09:15:33
1655889336705926000,24.85,5,24.8,2,24.85,17,1,2022-06-22 09:15:36
1655889340289904000,24.85,3,24.8,6,24.85,14,1,2022-06-22 09:15:40
1655889342321949000,24.85,1,24.8,9,24.85,13,1,2022-06-22 09:15:42
1655889343390205000,24.85,3,24.8,9,24.85,10,1,2022-06-22 09:15:43
1655889343413823000,24.85,7,24.8,9,24.85,2,1,2022-06-22 09:15:43
1655889343434565000,24.85,2,24.8,9,24.9,44,1,2022-06-22 09:15:43
1655889349503813000,24.9,1,24.85,21,24.9,43,1,2022-06-22 09:15:49
1655889356533428000,24.9,1,24.85,22,24.9,43,1,2022-06-22 09:15:56
1655889356676049000,24.9,43,24.9,19,24.95,21,1,2022-06-22 09:15:56
1655889358104822000,24.95,21,24.9,25,25.0,52,1,2022-06-22 09:15:58
1655889358104822000,25.0,29,24.9,25,25.0,52,1,2022-06-22 09:15:58
1655889358209826000,24.9,2,24.9,31,25.0,48,2,2022-06-22 09:15:58
1655889359900687000,25.0,3,24.95,20,25.0,45,1,2022-06-22 09:15:59
1655889359929721000,25.0,45,24.95,20,25.05,24,1,2022-06-22 09:15:59
1655889360415172000,25.05,24,25.0,10,25.1,38,1,2022-06-22 09:16:00
1655889360522267000,25.1,3,25.0,10,25.1,35,1,2022-06-22 09:16:00
1655889360546625000,25.1,10,25.0,10,25.1,25,1,2022-06-22 09:16:00
1655889360565817000,25.1,1,25.0,10,25.1,24,1,2022-06-22 09:16:00
1655889360668115000,25.1,1,25.0,10,25.1,23,1,2022-06-22 09:16:00
1655889360669770000,25.1,1,25.0,10,25.1,22,1,2022-06-22 09:16:00
1655889360676902000,25.1,1,25.0,10,25.1,21,1,2022-06-22 09:16:00
1655889360778377000,25.1,7,25.0,77,25.1,14,1,2022-06-22 09:16:00
1655889360811822000,25.1,2,25.0,77,25.1,12,1,2022-06-22 09:16:00
1655889360811878000,25.1,12,25.0,77,25.15,36,1,2022-06-22 09:16:00
1655889361295662000,25.15,3,25.05,10,25.15,33,1,2022-06-22 09:16:01
1655889361615526000,25.15,3,25.05,20,25.15,30,1,2022-06-22 09:16:01
1655889361914818000,25.15,1,25.1,5,25.15,29,1,2022-06-22 09:16:01
1655889361948129000,25.15,15,25.1,5,25.15,14,1,2022-06-22 09:16:01
1655889362024172000,25.15,16,25.1,5,25.15,5,1,2022-06-22 09:16:02
1655889362320714000,25.15,5,25.1,5,25.2,116,1,2022-06-22 09:16:02
1655889362425461000,25.2,1,25.1,67,25.2,115,1,2022-06-22 09:16:02
1655889362475982000,25.2,1,25.1,67,25.2,114,1,2022-06-22 09:16:02
1655889362559013000,25.2,1,25.1,67,25.2,113,1,2022-06-22 09:16:02
1655889362567364000,25.2,1,25.1,67,25.2,112,1,2022-06-22 09:16:02
1655889362643902000,25.2,5,25.1,67,25.2,114,1,2022-06-22 09:16:02
1655889362662123000,25.2,1,25.1,67,25.2,113,1,2022-06-22 09:16:02
1655889362669277000,25.2,1,25.1,67,25.2,112,1,2022-06-22 09:16:02
1655889363294274000,25.2,1,25.15,1,25.2,111,1,2022-06-22 09:16:03
1655889363411228000,25.2,2,25.15,1,25.2,109,1,2022-06-22 09:16:03
1655889363540239000,25.15,1,25.1,5,25.2,109,2,2022-06-22 09:16:03
1655889363540337000,25.1,5,25.0,7,25.2,109,2,2022-06-22 09:16:03
1655889364169324000,25.05,1,25.0,3,25.15,10,1,2022-06-22 09:16:04
1655889364370805000,25.1,1,25.0,3,25.15,10,2,2022-06-22 09:16:04
1655889364381773000,25.15,2,25.0,3,25.15,8,1,2022-06-22 09:16:04
1655889365526242000,25.15,1,25.05,2,25.15,7,1,2022-06-22 09:16:05
1655889368074210000,25.1,2,25.05,4,25.15,15,2,2022-06-22 09:16:08
1655889368105443000,25.15,2,25.05,4,25.15,13,1,2022-06-22 09:16:08
1655889369051594000,25.15,1,25.05,4,25.15,25,1,2022-06-22 09:16:09
1655889369313177000,25.15,1,25.05,4,25.15,24,1,2022-06-22 09:16:09
1655889369511002000,25.15,1,25.05,4,25.15,25,1,2022-06-22 09:16:09
1655889369706062000,25.15,1,25.05,4,25.15,25,1,2022-06-22 09:16:09
1655889369712070000,25.15,5,25.05,4,25.15,20,1,2022-06-22 09:16:09
1655889369878723000,25.1,1,25.05,4,25.15,18,1,2022-06-22 09:16:09
1655889369878723000,25.15,2,25.05,4,25.15,18,1,2022-06-22 09:16:09
1655889370049831000,25.15,2,25.05,4,25.15,17,1,2022-06-22 09:16:10
1655889370140804000,25.15,2,25.05,5,25.15,15,1,2022-06-22 09:16:10
1655889370381981000,25.15,1,25.05,5,25.15,15,1,2022-06-22 09:16:10
1655889370925484000,25.15,10,25.05,5,25.15,5,1,2022-06-22 09:16:10
1655889372424296000,25.15,1,25.05,5,25.15,10,1,2022-06-22 09:16:12
1655889372910312000,25.15,2,25.05,5,25.15,8,1,2022-06-22 09:16:12
