ts,close,volume,bid_price,bid_volume,ask_price,ask_volume,tick_type,datetime
1648630801969323000,21.45,495,21.4,3,21.45,115,1,2022-03-30 09:00:01
1648630802008490000,21.45,101,21.4,3,21.45,14,1,2022-03-30 09:00:02
1648630802048572000,21.45,14,21.4,3,21.5,1,1,2022-03-30 09:00:02
1648630802070732000,21.5,1,21.4,3,21.55,2,1,2022-03-30 09:00:02
1648630802140319000,21.55,2,21.45,2,21.6,8,1,2022-03-30 09:00:02
1648630802300557000,21.6,8,21.45,2,21.7,1,1,2022-03-30 09:00:02
1648630802330809000,21.45,1,21.45,1,21.7,1,2,2022-03-30 09:00:02
1648630802522457000,21.7,1,21.55,1,21.75,3,1,2022-03-30 09:00:02
1648630802574124000,21.75,1,21.55,1,21.75,2,1,2022-03-30 09:00:02
1648630802598896000,21.75,2,21.55,1,21.85,10,1,2022-03-30 09:00:02
1648630802795307000,21.55,1,21.4,4,21.85,9,2,2022-03-30 09:00:02
1648630802795307000,21.45,1,21.4,4,21.85,9,2,2022-03-30 09:00:02
1648630803443005000,21.4,3,21.25,7,21.55,1,2,2022-03-30 09:00:03
1648630803443005000,21.35,5,21.25,7,21.55,1,2,2022-03-30 09:00:03
1648630803443005000,21.3,21,21.25,7,21.55,1,2,2022-03-30 09:00:03
1648630803443005000,21.25,11,21.25,7,21.55,1,2,2022-03-30 09:00:03
1648630803518443000,21.25,2,21.25,5,21.5,1,2,2022-03-30 09:00:03
1648630803687724000,21.45,1,21.25,5,21.5,1,2,2022-03-30 09:00:03
1648630803688537000,21.5,1,21.25,5,21.55,2,1,2022-03-30 09:00:03
1648630803942213000,21.55,1,21.7,8,21.8,1,1,2022-03-30 09:00:03
1648630803942213000,21.6,1,21.7,8,21.8,1,1,2022-03-30 09:00:03
1648630803975790000,21.7,1,21.7,7,21.8,1,2,2022-03-30 09:00:03
1648630803975971000,21.7,7,21.25,5,21.8,1,2,2022-03-30 09:00:03
1648630807299645000,21.45,1,21.45,2,21.65,2,2,2022-03-30 09:00:07
1648630807372833000,21.65,2,21.45,2,21.7,7,1,2022-03-30 09:00:07
1648630807418720000,21.7,2,21.45,2,21.7,5,1,2022-03-30 09:00:07
1648630808034687000,21.7,1,21.45,2,21.7,4,1,2022-03-30 09:00:08
1648630808819214000,21.7,1,21.5,2,21.7,4,1,2022-03-30 09:00:08
1648630809205694000,21.5,2,21.45,2,21.7,4,2,2022-03-30 09:00:09
1648630809646666000,21.7,1,21.5,1,21.7,25,1,2022-03-30 09:00:09
1648630809865954000,21.7,1,21.5,1,21.7,24,1,2022-03-30 09:00:09
1648630810323120000,21.65,1,21.5,1,21.65,1,1,2022-03-30 09:00:10
1648630810380393000,21.6,2,21.5,1,21.7,20,1,2022-03-30 09:00:10
1648630810380393000,21.65,1,21.5,1,21.7,20,1,2022-03-30 09:00:10
1648630810380393000,21.7,4,21.5,1,21.7,20,1,2022-03-30 09:00:10
1648630810479305000,21.7,1,21.5,1,21.7,19,1,2022-03-30 09:00:10
1648630810943730000,21.65,2,21.5,1,21.65,8,1,2022-03-30 09:00:10
1648630811038425000,21.55,1,21.5,1,21.65,8,1,2022-03-30 09:00:11
1648630811172201000,21.65,1,21.5,1,21.65,7,1,2022-03-30 09:00:11
1648630811490533000,21.6,2,21.5,1,21.65,6,1,2022-03-30 09:00:11
1648630811490533000,21.65,1,21.5,1,21.65,6,1,2022-03-30 09:00:11
1648630812000346000,21.5,2,21.45,2,21.6,1,2,2022-03-30 09:00:12
1648630812004104000,21.6,1,21.45,2,21.65,5,1,2022-03-30 09:00:12
1648630812004104000,21.65,1,21.45,2,21.65,5,1,2022-03-30 09:00:12
1648630812101605000,21.65,5,21.5,1,21.7,20,1,2022-03-30 09:00:12
1648630812457391000,21.5,1,21.5,1,21.7,20,2,2022-03-30 09:00:12
1648630812828255000,21.5,1,21.45,1,21.65,1,2,2022-03-30 09:00:12
1648630813298603000,21.65,1,21.55,1,21.7,16,1,2022-03-30 09:00:13
1648630813298603000,21.7,4,21.55,1,21.7,16,1,2022-03-30 09:00:13
1648630813955357000,21.55,1,21.5,2,21.65,10,2,2022-03-30 09:00:13
1648630816235672000,21.5,2,21.5,41,21.55,1,2,2022-03-30 09:00:16
1648630816833973000,21.55,1,21.5,41,21.55,1,1,2022-03-30 09:00:16
1648630816873454000,21.55,1,21.5,41,21.6,27,1,2022-03-30 09:00:16
1648630816931130000,21.5,10,21.5,31,21.6,27,2,2022-03-30 09:00:16
1648630817297044000,21.5,3,21.5,28,21.6,26,2,2022-03-30 09:00:17
1648630817580662000,21.55,1,21.5,28,21.6,26,2,2022-03-30 09:00:17
1648630817640885000,21.5,1,21.5,27,21.6,26,2,2022-03-30 09:00:17
1648630817726057000,21.5,10,21.5,17,21.6,26,2,2022-03-30 09:00:17
1648630817811872000,21.5,1,21.5,16,21.6,28,2,2022-03-30 09:00:17
1648630817873419000,21.5,1,21.5,15,21.6,28,2,2022-03-30 09:00:17
1648630817897715000,21.5,3,21.5,12,21.6,28,2,2022-03-30 09:00:17
1648630817996253000,21.5,1,21.5,11,21.6,28,2,2022-03-30 09:00:17
1648630818105222000,21.5,1,21.5,10,21.6,28,2,2022-03-30 09:00:18
1648630818379370000,21.5,1,21.5,9,21.6,28,2,2022-03-30 09:00:18
1648630818414410000,21.5,9,21.45,52,21.6,28,2,2022-03-30 09:00:18
1648630818969363000,21.55,1,21.45,54,21.55,8,1,2022-03-30 09:00:18
1648630819003235000,21.45,1,21.45,53,21.55,8,2,2022-03-30 09:00:19
1648630819351660000,21.55,2,21.45,53,21.55,6,1,2022-03-30 09:00:19
1648630819527146000,21.5,3,21.45,53,21.55,11,2,2022-03-30 09:00:19
1648630819934708000,21.55,5,21.45,53,21.55,6,1,2022-03-30 09:00:19
1648630820173613000,21.5,1,21.45,53,21.55,7,2,2022-03-30 09:00:20
1648630820255731000,21.5,1,21.45,49,21.55,7,2,2022-03-30 09:00:20
1648630820255731000,21.45,4,21.45,49,21.55,7,2,2022-03-30 09:00:20
1648630820482563000,21.55,7,21.45,49,21.6,16,1,2022-03-30 09:00:20
1648630820482563000,21.6,3,21.45,49,21.6,16,1,2022-03-30 09:00:20
1648630820715355000,21.45,3,21.45,46,21.6,16,2,2022-03-30 09:00:20
1648630821372228000,21.6,1,21.5,5,21.6,15,1,2022-03-30 09:00:21
1648630821471059000,21.6,5,21.5,5,21.6,10,1,2022-03-30 09:00:21
1648630821557780000,21.55,2,21.5,5,21.6,10,2,2022-03-30 09:00:21
1648630822527979000,21.55,1,21.5,18,21.55,11,1,2022-03-30 09:00:22
1648630822649546000,21.55,1,21.5,18,21.55,10,1,2022-03-30 09:00:22
1648630822830136000,21.55,1,21.5,18,21.55,9,1,2022-03-30 09:00:22
1648630823537965000,21.55,1,21.5,19,21.55,8,1,2022-03-30 09:00:23
1648630823567271000,21.55,4,21.5,19,21.55,4,1,2022-03-30 09:00:23
1648630823657504000,21.5,10,21.5,9,21.55,4,2,2022-03-30 09:00:23
1648630823667017000,21.55,4,21.55,1,21.6,10,1,2022-03-30 09:00:23
1648630823751543000,21.6,1,21.55,1,21.6,9,1,2022-03-30 09:00:23
1648630823790934000,21.55,1,21.5,9,21.55,9,2,2022-03-30 09:00:23
1648630825074313000,21.55,4,21.5,13,21.55,5,1,2022-03-30 09:00:25
1648630825108110000,21.55,5,21.5,13,21.6,9,1,2022-03-30 09:00:25
1648630825345060000,21.55,1,21.5,15,21.6,9,1,2022-03-30 09:00:25
1648630826188399000,21.55,1,21.55,3,21.6,19,2,2022-03-30 09:00:26
1648630826437573000,21.6,1,21.55,3,21.6,18,1,2022-03-30 09:00:26
1648630826514566000,21.6,3,21.55,3,21.6,15,1,2022-03-30 09:00:26
1648630826800201000,21.55,1,21.55,2,21.6,15,2,2022-03-30 09:00:26
1648630827128990000,21.55,2,21.5,18,21.55,3,2,2022-03-30 09:00:27
1648630827182740000,21.5,8,21.5,10,21.55,3,2,2022-03-30 09:00:27
1648630827337647000,21.55,1,21.5,10,21.55,2,1,2022-03-30 09:00:27
1648630827585243000,21.5,1,21.5,29,21.55,2,2,2022-03-30 09:00:27
1648630828040424000,21.55,1,21.5,29,21.55,1,1,2022-03-30 09:00:28
1648630828270656000,21.55,1,21.5,29,21.6,6,1,2022-03-30 09:00:28
1648630828270656000,21.6,9,21.5,29,21.6,6,1,2022-03-30 09:00:28
1648630828453327000,21.6,2,21.5,30,21.6,4,1,2022-03-30 09:00:28
1648630829270704000,21.6,2,21.55,10,21.6,2,1,2022-03-30 09:00:29
1648630829422002000,21.55,1,21.55,9,21.6,2,2,2022-03-30 09:00:29
1648630829482163000,21.55,9,21.5,29,21.6,2,2,2022-03-30 09:00:29
1648630829482163000,21.5,1,21.5,29,21.6,2,2,2022-03-30 09:00:29
1648630829564479000,21.6,2,21.5,29,21.6,1,1,2022-03-30 09:00:29
1648630829617499000,21.6,1,21.5,29,21.65,45,1,2022-03-30 09:00:29
1648630830950943000,21.6,2,21.55,21,21.6,13,1,2022-03-30 09:00:30
1648630830983046000,21.6,2,21.55,21,21.6,11,1,2022-03-30 09:00:30
1648630831249560000,21.55,2,21.55,19,21.6,11,2,2022-03-30 09:00:31
1648630831261515000,21.55,19,21.5,32,21.6,11,2,2022-03-30 09:00:31
1648630831261515000,21.5,1,21.5,32,21.6,11,2,2022-03-30 09:00:31
1648630831479997000,21.6,1,21.5,32,21.6,11,1,2022-03-30 09:00:31
1648630831588550000,21.6,4,21.5,32,21.6,7,1,2022-03-30 09:00:31
1648630832517816000,21.6,3,21.55,1,21.6,4,1,2022-03-30 09:00:32
1648630832646951000,21.6,1,21.55,2,21.6,3,1,2022-03-30 09:00:32
1648630833153364000,21.6,3,21.6,7,21.65,30,1,2022-03-30 09:00:33
1648630835939697000,21.6,4,21.6,8,21.65,30,2,2022-03-30 09:00:35
1648630836646698000,21.65,1,21.6,9,21.65,29,1,2022-03-30 09:00:36
1648630836917961000,21.6,1,21.6,13,21.65,29,2,2022-03-30 09:00:36
1648630838355738000,21.65,10,21.6,23,21.65,19,1,2022-03-30 09:00:38
1648630838386201000,21.65,11,21.6,23,21.65,8,1,2022-03-30 09:00:38
1648630838416504000,21.65,3,21.6,23,21.65,5,1,2022-03-30 09:00:38
1648630838416869000,21.65,3,21.6,23,21.65,2,1,2022-03-30 09:00:38
1648630838416974000,21.65,2,21.6,23,21.7,39,1,2022-03-30 09:00:38
1648630838552744000,21.65,2,21.6,23,21.65,8,2,2022-03-30 09:00:38
1648630838562783000,21.65,1,21.6,23,21.65,7,1,2022-03-30 09:00:38
1648630838715216000,21.65,1,21.6,23,21.65,6,1,2022-03-30 09:00:38
1648630838873586000,21.6,2,21.6,21,21.65,6,2,2022-03-30 09:00:38
1648630839096280000,21.65,1,21.6,21,21.65,5,1,2022-03-30 09:00:39
1648630839176797000,21.65,5,21.65,5,21.7,40,1,2022-03-30 09:00:39
1648630839472705000,21.7,1,21.65,5,21.7,39,1,2022-03-30 09:00:39
1648630841403846000,21.7,30,21.65,10,21.7,9,1,2022-03-30 09:00:41
1648630841440330000,21.7,5,21.65,10,21.7,4,1,2022-03-30 09:00:41
1648630841538425000,21.7,1,21.65,11,21.7,3,1,2022-03-30 09:00:41
1648630841542394000,21.7,1,21.65,11,21.7,2,1,2022-03-30 09:00:41
1648630841603806000,21.7,2,21.65,11,21.75,22,1,2022-03-30 09:00:41
1648630842085666000,21.75,10,21.7,8,21.75,12,1,2022-03-30 09:00:42
1648630842138315000,21.75,1,21.7,8,21.75,11,1,2022-03-30 09:00:42
1648630842854884000,21.75,4,21.7,8,21.75,7,1,2022-03-30 09:00:42
1648630842958348000,21.75,1,21.7,8,21.75,6,1,2022-03-30 09:00:42
1648630843531497000,21.75,1,21.7,9,21.75,5,1,2022-03-30 09:00:43
1648630843572658000,21.75,5,21.75,3,21.8,32,1,2022-03-30 09:00:43
1648630844016186000,21.8,2,21.7,7,21.8,30,1,2022-03-30 09:00:44
1648630844466427000,21.8,2,21.75,6,21.8,28,1,2022-03-30 09:00:44
1648630844564896000,21.8,20,21.75,6,21.8,8,1,2022-03-30 09:00:44
1648630844849095000,21.8,5,21.75,6,21.8,3,1,2022-03-30 09:00:44
1648630845069408000,21.8,1,21.75,12,21.8,2,1,2022-03-30 09:00:45
1648630845075087000,21.8,1,21.75,12,21.8,1,1,2022-03-30 09:00:45
1648630845182637000,21.8,1,21.75,12,21.85,32,1,2022-03-30 09:00:45
1648630845475406000,21.85,5,21.75,12,21.85,27,1,2022-03-30 09:00:45
1648630845574352000,21.85,1,21.75,12,21.85,26,1,2022-03-30 09:00:45
1648630845586086000,21.75,1,21.75,11,21.85,26,2,2022-03-30 09:00:45
1648630846199470000,21.85,1,21.75,13,21.85,25,1,2022-03-30 09:00:46
1648630846744082000,21.8,1,21.8,2,21.85,25,2,2022-03-30 09:00:46
1648630847027936000,21.85,1,21.8,2,21.85,24,1,2022-03-30 09:00:47
1648630847091783000,21.85,1,21.8,2,21.85,23,1,2022-03-30 09:00:47
1648630847186968000,21.85,1,21.8,2,21.85,22,1,2022-03-30 09:00:47
1648630847781672000,21.85,3,21.8,9,21.85,29,1,2022-03-30 09:00:47
1648630847814329000,21.85,10,21.8,9,21.85,19,1,2022-03-30 09:00:47
1648630848482002000,21.85,2,21.8,15,21.85,20,1,2022-03-30 09:00:48
1648630848582467000,21.8,3,21.8,12,21.85,20,2,2022-03-30 09:00:48
1648630848604257000,21.8,2,21.8,10,21.85,20,2,2022-03-30 09:00:48
1648630849354739000,21.8,5,21.8,6,21.85,20,2,2022-03-30 09:00:49
1648630849378004000,21.85,10,21.8,6,21.85,10,1,2022-03-30 09:00:49
1648630849380467000,21.8,6,21.75,21,21.85,10,2,2022-03-30 09:00:49
1648630849588353000,21.85,1,21.75,21,21.85,9,1,2022-03-30 09:00:49
1648630849819720000,21.8,1,21.75,21,21.8,2,1,2022-03-30 09:00:49
1648630849971777000,21.8,5,21.75,21,21.85,4,1,2022-03-30 09:00:49
1648630849971777000,21.85,5,21.75,21,21.85,4,1,2022-03-30 09:00:49
1648630850110486000,21.8,1,21.75,21,21.8,2,1,2022-03-30 09:00:50
1648630850129715000,21.8,2,21.75,21,21.85,11,1,2022-03-30 09:00:50
1648630850129715000,21.85,3,21.75,21,21.85,11,1,2022-03-30 09:00:50
1648630850432045000,21.8,1,21.75,21,21.8,2,1,2022-03-30 09:00:50
1648630850468480000,21.8,2,21.75,21,21.85,11,1,2022-03-30 09:00:50
1648630850516860000,21.85,1,21.75,21,21.85,10,1,2022-03-30 09:00:50
1648630850845476000,21.8,1,21.75,21,21.8,4,1,2022-03-30 09:00:50
1648630850857326000,21.75,11,21.75,10,21.8,4,2,2022-03-30 09:00:50
1648630850882709000,21.8,4,21.75,10,21.85,20,1,2022-03-30 09:00:50
1648630851216850000,21.8,1,21.75,12,21.85,20,1,2022-03-30 09:00:51
1648630851861066000,21.75,10,21.75,3,21.8,11,2,2022-03-30 09:00:51
1648630851898960000,21.75,3,21.7,26,21.8,11,2,2022-03-30 09:00:51
1648630852231208000,21.8,1,21.7,26,21.8,10,1,2022-03-30 09:00:52
1648630852441292000,21.8,1,21.7,26,21.8,9,1,2022-03-30 09:00:52
1648630852524299000,21.8,3,21.7,26,21.8,6,1,2022-03-30 09:00:52
1648630852560794000,21.8,1,21.7,26,21.8,5,1,2022-03-30 09:00:52
1648630852732183000,21.75,1,21.7,26,21.8,16,2,2022-03-30 09:00:52
1648630852938770000,21.75,1,21.7,26,21.75,22,1,2022-03-30 09:00:52
1648630852957469000,21.7,3,21.7,23,21.75,22,2,2022-03-30 09:00:52
1648630852977779000,21.7,14,21.7,9,21.75,22,2,2022-03-30 09:00:52
1648630852999534000,21.75,10,21.7,9,21.75,12,1,2022-03-30 09:00:52
1648630853112038000,21.7,3,21.7,6,21.75,18,2,2022-03-30 09:00:53
1648630853137234000,21.7,6,21.65,27,21.75,18,2,2022-03-30 09:00:53
1648630853158381000,21.75,1,21.65,27,21.75,17,1,2022-03-30 09:00:53
1648630853307327000,21.65,4,21.65,23,21.7,3,2,2022-03-30 09:00:53
1648630853395645000,21.7,1,21.65,23,21.7,2,1,2022-03-30 09:00:53
1648630853519789000,21.65,1,21.65,22,21.7,5,2,2022-03-30 09:00:53
1648630853542072000,21.7,1,21.65,22,21.7,4,1,2022-03-30 09:00:53
1648630853657401000,21.7,2,21.65,22,21.7,2,1,2022-03-30 09:00:53
1648630853683916000,21.65,1,21.65,21,21.7,15,2,2022-03-30 09:00:53
1648630853780235000,21.7,1,21.65,21,21.7,14,1,2022-03-30 09:00:53
1648630853814896000,21.65,7,21.65,14,21.7,14,2,2022-03-30 09:00:53
1648630853857744000,21.65,14,21.6,121,21.7,14,2,2022-03-30 09:00:53
1648630853914699000,21.7,2,21.6,121,21.7,15,1,2022-03-30 09:00:53
1648630854185144000,21.7,1,21.6,121,21.7,33,1,2022-03-30 09:00:54
1648630854550019000,21.6,3,21.6,118,21.65,20,2,2022-03-30 09:00:54
1648630854850094000,21.65,1,21.6,118,21.65,31,1,2022-03-30 09:00:54
1648630854920023000,21.65,10,21.6,118,21.65,21,1,2022-03-30 09:00:54
1648630855006461000,21.65,3,21.6,118,21.65,18,1,2022-03-30 09:00:55
1648630855195925000,21.65,6,21.6,118,21.65,12,1,2022-03-30 09:00:55
1648630855511744000,21.6,2,21.6,16,21.65,12,2,2022-03-30 09:00:55
1648630855544267000,21.6,4,21.6,12,21.65,12,2,2022-03-30 09:00:55
1648630855676879000,21.6,3,21.6,9,21.65,13,2,2022-03-30 09:00:55
1648630856001920000,21.65,1,21.6,9,21.65,12,1,2022-03-30 09:00:56
1648630856269228000,21.6,5,21.6,4,21.65,12,2,2022-03-30 09:00:56
1648630856342073000,21.6,4,21.55,23,21.65,12,2,2022-03-30 09:00:56
1648630856342073000,21.55,6,21.55,23,21.65,12,2,2022-03-30 09:00:56
1648630857045940000,21.55,2,21.55,1,21.6,105,2,2022-03-30 09:00:57
1648630857068769000,21.55,1,21.5,48,21.6,105,2,2022-03-30 09:00:57
1648630857451183000,21.6,1,21.5,49,21.6,114,1,2022-03-30 09:00:57
1648630857653484000,21.5,5,21.5,44,21.6,114,2,2022-03-30 09:00:57
1648630857684632000,21.5,32,21.5,12,21.6,114,2,2022-03-30 09:00:57
1648630857715648000,21.5,12,21.45,51,21.6,114,2,2022-03-30 09:00:57
1648630857956362000,21.6,1,21.5,1,21.6,113,1,2022-03-30 09:00:57
1648630857992269000,21.5,1,21.45,49,21.6,113,2,2022-03-30 09:00:57
1648630857992269000,21.45,2,21.45,49,21.6,113,2,2022-03-30 09:00:57
1648630858039436000,21.45,1,21.45,48,21.6,113,2,2022-03-30 09:00:58
1648630858126950000,21.45,3,21.45,45,21.6,113,2,2022-03-30 09:00:58
1648630858178404000,21.45,10,21.45,35,21.6,113,2,2022-03-30 09:00:58
1648630858232012000,21.45,3,21.45,32,21.6,113,2,2022-03-30 09:00:58
1648630858290985000,21.6,6,21.45,32,21.6,107,1,2022-03-30 09:00:58
1648630858431384000,21.45,20,21.45,12,21.6,107,2,2022-03-30 09:00:58
1648630858466878000,21.45,12,21.4,32,21.6,107,2,2022-03-30 09:00:58
1648630858491645000,21.6,10,21.4,32,21.6,97,1,2022-03-30 09:00:58
1648630858592976000,21.6,10,21.4,32,21.6,87,1,2022-03-30 09:00:58
1648630858969086000,21.6,1,21.4,32,21.6,87,1,2022-03-30 09:00:58
1648630859000418000,21.4,1,21.4,31,21.6,87,2,2022-03-30 09:00:59
1648630859977600000,21.5,1,21.4,30,21.55,1,2,2022-03-30 09:00:59
1648630859977600000,21.4,1,21.4,30,21.55,1,2,2022-03-30 09:00:59
1648630860190923000,21.55,1,21.4,30,21.6,88,1,2022-03-30 09:01:00
1648630860596799000,21.4,10,21.35,36,21.6,88,2,2022-03-30 09:01:00
1648630860682940000,21.6,1,21.35,36,21.6,87,1,2022-03-30 09:01:00
1648630860799221000,21.35,14,21.35,22,21.6,87,2,2022-03-30 09:01:00
1648630860802938000,21.6,1,21.35,22,21.6,86,1,2022-03-30 09:01:00
1648630860872027000,21.35,14,21.35,8,21.4,20,2,2022-03-30 09:01:00
1648630861000388000,21.4,1,21.35,8,21.4,19,1,2022-03-30 09:01:01
1648630861248888000,21.4,3,21.35,8,21.4,16,1,2022-03-30 09:01:01
1648630861394682000,21.4,4,21.35,8,21.4,12,1,2022-03-30 09:01:01
1648630861931494000,21.4,2,21.35,8,21.4,10,1,2022-03-30 09:01:01
1648630862100344000,21.4,1,21.35,8,21.4,9,1,2022-03-30 09:01:02
1648630862243998000,21.4,9,21.35,8,21.45,2,1,2022-03-30 09:01:02
1648630862243998000,21.45,1,21.35,8,21.45,2,1,2022-03-30 09:01:02
1648630862606523000,21.45,1,21.35,9,21.45,1,1,2022-03-30 09:01:02
1648630862860260000,21.45,1,21.35,9,21.55,1,1,2022-03-30 09:01:02
1648630863407218000,21.55,1,21.6,13,21.65,15,1,2022-03-30 09:01:03
1648630863407218000,21.6,86,21.6,13,21.65,15,1,2022-03-30 09:01:03
1648630863731302000,21.6,1,21.6,12,21.65,11,2,2022-03-30 09:01:03
1648630863909773000,21.6,1,21.6,12,21.65,11,2,2022-03-30 09:01:03
1648630864383849000,21.6,2,21.6,10,21.65,11,2,2022-03-30 09:01:04
1648630864417355000,21.6,10,21.5,1,21.65,11,2,2022-03-30 09:01:04
1648630865131140000,21.5,1,21.4,6,21.6,10,2,2022-03-30 09:01:05
1648630865131140000,21.4,2,21.4,6,21.6,10,2,2022-03-30 09:01:05
1648630865434063000,21.55,1,21.4,6,21.6,10,1,2022-03-30 09:01:05
1648630865872274000,21.6,2,21.5,2,21.6,8,1,2022-03-30 09:01:05
1648630866550760000,21.5,1,21.5,1,21.55,3,2,2022-03-30 09:01:06
1648630866565328000,21.5,1,21.4,10,21.45,7,2,2022-03-30 09:01:06
1648630866565328000,21.45,2,21.4,10,21.45,7,2,2022-03-30 09:01:06
1648630866602089000,21.45,2,21.4,12,21.45,5,1,2022-03-30 09:01:06
1648630866602175000,21.45,5,21.4,12,21.55,3,1,2022-03-30 09:01:06
1648630867195542000,21.55,3,21.4,15,21.6,8,1,2022-03-30 09:01:07
1648630867586967000,21.4,10,21.4,7,21.6,8,2,2022-03-30 09:01:07
1648630867740112000,21.6,2,21.4,7,21.6,6,1,2022-03-30 09:01:07
1648630867948106000,21.55,1,21.6,3,21.65,23,1,2022-03-30 09:01:07
1648630867948106000,21.6,6,21.6,3,21.65,23,1,2022-03-30 09:01:07
1648630867991850000,21.6,3,21.4,7,21.6,2,2,2022-03-30 09:01:07
1648630868628010000,21.4,1,21.4,8,21.6,7,2,2022-03-30 09:01:08
1648630869190865000,21.55,1,21.45,1,21.6,2,1,2022-03-30 09:01:09
1648630869190865000,21.6,5,21.45,1,21.6,2,1,2022-03-30 09:01:09
1648630869355058000,21.6,3,21.45,1,21.6,9,1,2022-03-30 09:01:09
1648630870311122000,21.5,1,21.45,2,21.6,12,2,2022-03-30 09:01:10
1648630870311122000,21.45,1,21.45,2,21.6,12,2,2022-03-30 09:01:10
1648630870429624000,21.45,1,21.45,1,21.6,12,2,2022-03-30 09:01:10
1648630870534388000,21.5,2,21.45,1,21.6,12,1,2022-03-30 09:01:10
1648630870803106000,21.45,1,21.4,8,21.6,12,2,2022-03-30 09:01:10
1648630870803106000,21.4,9,21.4,8,21.6,12,2,2022-03-30 09:01:10
1648630871004363000,21.4,8,21.35,41,21.55,1,2,2022-03-30 09:01:11
1648630871004363000,21.35,2,21.35,41,21.55,1,2,2022-03-30 09:01:11
1648630872982316000,21.5,1,21.45,7,21.55,1,1,2022-03-30 09:01:12
1648630875055375000,21.5,3,21.5,7,21.55,10,1,2022-03-30 09:01:15
1648630875563436000,21.5,1,21.5,6,21.55,10,2,2022-03-30 09:01:15
1648630875638324000,21.55,10,21.5,6,21.6,23,1,2022-03-30 09:01:15
1648630875854349000,21.5,3,21.5,3,21.55,1,2,2022-03-30 09:01:15
1648630875929460000,21.5,1,21.5,2,21.55,1,2,2022-03-30 09:01:15
1648630876032841000,21.5,2,21.45,10,21.55,1,2,2022-03-30 09:01:16
1648630876445156000,21.5,1,21.45,12,21.55,1,1,2022-03-30 09:01:16
1648630877456539000,21.5,3,21.45,12,21.5,1,1,2022-03-30 09:01:17
1648630877499225000,21.5,1,21.45,12,21.55,1,1,2022-03-30 09:01:17
1648630877579923000,21.55,1,21.45,12,21.6,14,1,2022-03-30 09:01:17
1648630877579923000,21.6,9,21.45,12,21.6,14,1,2022-03-30 09:01:17
1648630878732222000,21.5,1,21.5,3,21.55,5,2,2022-03-30 09:01:18
1648630878956392000,21.5,1,21.5,2,21.55,5,2,2022-03-30 09:01:18
1648630878985123000,21.5,1,21.5,1,21.55,5,2,2022-03-30 09:01:18
1648630879089237000,21.55,5,21.5,1,21.6,10,1,2022-03-30 09:01:19
1648630879089237000,21.6,4,21.5,1,21.6,10,1,2022-03-30 09:01:19
1648630879158347000,21.55,1,21.5,1,21.6,10,1,2022-03-30 09:01:19
1648630880075538000,21.5,1,21.5,1,21.55,1,2,2022-03-30 09:01:20
1648630880271075000,21.5,1,21.45,17,21.5,3,2,2022-03-30 09:01:20
1648630880307805000,21.5,3,21.45,17,21.55,1,1,2022-03-30 09:01:20
1648630881077958000,21.55,1,21.5,5,21.6,9,1,2022-03-30 09:01:21
1648630881077958000,21.6,1,21.5,5,21.6,9,1,2022-03-30 09:01:21
1648630881866898000,21.55,1,21.55,1,21.6,9,2,2022-03-30 09:01:21
1648630882020451000,21.55,1,21.5,5,21.6,9,2,2022-03-30 09:01:22
1648630882020451000,21.5,1,21.5,5,21.6,9,2,2022-03-30 09:01:22
1648630883127624000,21.55,1,21.5,10,21.6,9,1,2022-03-30 09:01:23
1648630883246011000,21.6,9,21.6,1,21.65,13,1,2022-03-30 09:01:23
1648630883605819000,21.65,10,21.6,1,21.65,2,1,2022-03-30 09:01:23
1648630883704026000,21.6,1,21.5,10,21.65,2,2,2022-03-30 09:01:23
1648630883944870000,21.65,1,21.55,1,21.65,1,1,2022-03-30 09:01:23
1648630884643713000,21.65,1,21.55,2,21.7,16,1,2022-03-30 09:01:24
1648630885055909000,21.55,1,21.55,6,21.7,16,2,2022-03-30 09:01:25
1648630885313267000,21.55,1,21.55,5,21.7,16,2,2022-03-30 09:01:25
1648630885750199000,21.55,5,21.5,5,21.7,16,2,2022-03-30 09:01:25
1648630885750199000,21.5,5,21.5,5,21.7,16,2,2022-03-30 09:01:25
1648630885965399000,21.6,1,21.6,1,21.65,6,1,2022-03-30 09:01:25
1648630886435262000,21.6,1,21.55,1,21.65,7,2,2022-03-30 09:01:26
1648630890063825000,21.6,2,21.55,13,21.65,14,1,2022-03-30 09:01:30
1648630891803808000,21.6,2,21.55,14,21.6,8,2,2022-03-30 09:01:31
1648630891871733000,21.6,1,21.55,14,21.6,7,1,2022-03-30 09:01:31
1648630891917307000,21.6,2,21.55,14,21.6,5,1,2022-03-30 09:01:31
1648630891940891000,21.6,5,21.55,14,21.65,14,1,2022-03-30 09:01:31
1648630892141161000,21.65,2,21.55,14,21.65,12,1,2022-03-30 09:01:32
1648630892496126000,21.65,2,21.55,14,21.65,10,1,2022-03-30 09:01:32
1648630892694110000,21.65,1,21.55,14,21.65,9,1,2022-03-30 09:01:32
1648630893273702000,21.65,6,21.6,10,21.65,3,1,2022-03-30 09:01:33
1648630893373919000,21.65,3,21.6,10,21.7,13,1,2022-03-30 09:01:33
1648630893373919000,21.7,3,21.6,10,21.7,13,1,2022-03-30 09:01:33
1648630894184110000,21.6,11,21.5,15,21.55,5,2,2022-03-30 09:01:34
1648630894184110000,21.55,14,21.5,15,21.55,5,2,2022-03-30 09:01:34
1648630894219195000,21.55,4,21.5,15,21.55,1,1,2022-03-30 09:01:34
1648630894219327000,21.55,1,21.55,1,21.6,5,1,2022-03-30 09:01:34
1648630894950969000,21.6,1,21.5,18,21.6,4,1,2022-03-30 09:01:34
1648630894966040000,21.5,1,21.5,17,21.6,4,2,2022-03-30 09:01:34
1648630895810393000,21.6,2,21.5,17,21.6,2,1,2022-03-30 09:01:35
1648630895989933000,21.6,1,21.5,17,21.6,1,1,2022-03-30 09:01:35
1648630896536574000,21.5,10,21.5,10,21.6,1,2,2022-03-30 09:01:36
1648630896846872000,21.55,1,21.6,3,21.65,1,1,2022-03-30 09:01:36
1648630896846872000,21.6,1,21.6,3,21.65,1,1,2022-03-30 09:01:36
1648630896979954000,21.6,4,21.5,10,21.6,46,2,2022-03-30 09:01:36
1648630897814322000,21.6,1,21.55,1,21.6,45,1,2022-03-30 09:01:37
1648630898293714000,21.55,2,21.5,11,21.6,47,2,2022-03-30 09:01:38
1648630898963493000,21.55,1,21.5,11,21.55,1,1,2022-03-30 09:01:38
1648630899008159000,21.5,1,21.5,10,21.55,1,2,2022-03-30 09:01:39
1648630899041303000,21.5,1,21.5,9,21.55,1,2,2022-03-30 09:01:39
1648630899396835000,21.55,3,21.5,9,21.55,2,1,2022-03-30 09:01:39
1648630899827864000,21.55,3,21.5,9,21.6,48,1,2022-03-30 09:01:39
1648630899827864000,21.6,2,21.5,9,21.6,48,1,2022-03-30 09:01:39
1648630902336417000,21.55,3,21.55,7,21.6,48,1,2022-03-30 09:01:42
1648630902366639000,21.55,7,21.5,11,21.55,13,2,2022-03-30 09:01:42
1648630902480447000,21.5,1,21.5,10,21.55,13,2,2022-03-30 09:01:42
1648630902581575000,21.5,9,21.5,1,21.55,33,2,2022-03-30 09:01:42
1648630902612082000,21.5,1,21.45,40,21.55,33,2,2022-03-30 09:01:42
1648630903173592000,21.5,5,21.45,40,21.5,5,1,2022-03-30 09:01:43
1648630903204187000,21.45,1,21.45,39,21.5,5,2,2022-03-30 09:01:43
1648630903356863000,21.5,1,21.45,39,21.5,4,1,2022-03-30 09:01:43
1648630903416389000,21.45,1,21.45,38,21.5,4,2,2022-03-30 09:01:43
1648630903473773000,21.45,2,21.45,56,21.5,4,2,2022-03-30 09:01:43
1648630903970680000,21.5,1,21.45,56,21.5,3,1,2022-03-30 09:01:43
1648630904118172000,21.5,3,21.45,56,21.6,48,1,2022-03-30 09:01:44
1648630906158719000,21.5,1,21.5,6,21.55,1,2,2022-03-30 09:01:46
1648630906802001000,21.5,2,21.5,4,21.55,1,2,2022-03-30 09:01:46
1648630907282084000,21.5,1,21.5,6,21.55,1,2,2022-03-30 09:01:47
1648630908291477000,21.55,1,21.55,1,21.6,50,1,2022-03-30 09:01:48
1648630908319244000,21.55,1,21.5,14,21.6,50,2,2022-03-30 09:01:48
1648630909010280000,21.5,3,21.5,11,21.6,50,2,2022-03-30 09:01:49
1648630910008538000,21.5,2,21.5,13,21.55,13,2,2022-03-30 09:01:50
1648630910777901000,21.55,1,21.5,13,21.55,17,1,2022-03-30 09:01:50
1648630910842915000,21.55,1,21.5,13,21.55,16,1,2022-03-30 09:01:50
1648630911444674000,21.5,5,21.5,8,21.55,21,2,2022-03-30 09:01:51
1648630911913884000,21.5,11,21.45,55,21.5,7,2,2022-03-30 09:01:51
1648630911970499000,21.45,1,21.45,54,21.5,7,2,2022-03-30 09:01:51
1648630912364754000,21.5,2,21.45,54,21.5,5,1,2022-03-30 09:01:52
1648630912629367000,21.5,3,21.45,56,21.5,2,1,2022-03-30 09:01:52
1648630912662863000,21.5,2,21.45,56,21.55,22,1,2022-03-30 09:01:52
1648630913143860000,21.55,10,21.45,56,21.55,12,1,2022-03-30 09:01:53
1648630913213611000,21.45,1,21.45,55,21.55,12,2,2022-03-30 09:01:53
1648630913754507000,21.5,1,21.45,55,21.55,13,1,2022-03-30 09:01:53
1648630915091672000,21.5,3,21.45,55,21.55,13,2,2022-03-30 09:01:55
1648630915396216000,21.55,10,21.45,55,21.55,3,1,2022-03-30 09:01:55
1648630915947606000,21.5,9,21.45,55,21.5,41,2,2022-03-30 09:01:55
1648630916677267000,21.5,3,21.45,56,21.5,38,1,2022-03-30 09:01:56
1648630917305485000,21.5,1,21.45,59,21.5,37,1,2022-03-30 09:01:57
1648630917511100000,21.45,10,21.45,49,21.5,43,2,2022-03-30 09:01:57
1648630918281097000,21.45,20,21.45,29,21.5,43,2,2022-03-30 09:01:58
1648630918315191000,21.45,1,21.45,28,21.5,43,2,2022-03-30 09:01:58
1648630918316097000,21.45,1,21.45,27,21.5,43,2,2022-03-30 09:01:58
1648630918324884000,21.45,1,21.45,26,21.5,43,2,2022-03-30 09:01:58
1648630918343354000,21.45,1,21.45,25,21.5,43,2,2022-03-30 09:01:58
1648630918529587000,21.5,3,21.45,25,21.5,40,1,2022-03-30 09:01:58
1648630919164193000,21.45,3,21.45,22,21.5,60,2,2022-03-30 09:01:59
1648630919855334000,21.45,5,21.45,17,21.5,100,2,2022-03-30 09:01:59
1648630919880651000,21.45,4,21.45,13,21.5,100,2,2022-03-30 09:01:59
1648630919880823000,21.45,4,21.45,9,21.5,100,2,2022-03-30 09:01:59
1648630919881349000,21.45,9,21.4,38,21.5,100,2,2022-03-30 09:01:59
1648630920032530000,21.45,2,21.4,38,21.5,92,1,2022-03-30 09:02:00
1648630920032530000,21.5,8,21.4,38,21.5,92,1,2022-03-30 09:02:00
1648630920340707000,21.4,14,21.4,25,21.45,6,2,2022-03-30 09:02:00
1648630920370914000,21.4,14,21.4,11,21.45,6,2,2022-03-30 09:02:00
1648630920397496000,21.4,11,21.35,89,21.4,3,2,2022-03-30 09:02:00
1648630920877472000,21.35,7,21.35,82,21.4,6,2,2022-03-30 09:02:00
1648630920917640000,21.35,1,21.35,81,21.4,6,2,2022-03-30 09:02:00
1648630920932987000,21.35,1,21.35,80,21.4,6,2,2022-03-30 09:02:00
1648630920986745000,21.4,1,21.35,80,21.4,5,1,2022-03-30 09:02:00
1648630921288818000,21.35,7,21.35,73,21.4,5,2,2022-03-30 09:02:01
1648630922617574000,21.4,1,21.35,53,21.4,4,1,2022-03-30 09:02:02
1648630922724360000,21.4,1,21.35,55,21.4,3,1,2022-03-30 09:02:02
1648630922763588000,21.35,1,21.35,54,21.4,3,2,2022-03-30 09:02:02
1648630923143799000,21.4,2,21.35,54,21.4,1,1,2022-03-30 09:02:03
1648630923269047000,21.35,50,21.35,4,21.4,1,2,2022-03-30 09:02:03
1648630923305934000,21.35,4,21.3,29,21.4,1,2,2022-03-30 09:02:03
1648630923847539000,21.35,1,21.3,29,21.35,3,1,2022-03-30 09:02:03
1648630923888760000,21.35,3,21.3,29,21.4,1,1,2022-03-30 09:02:03
1648630924051149000,21.4,1,21.3,29,21.45,20,1,2022-03-30 09:02:04
1648630924335005000,21.4,1,21.3,31,21.45,14,1,2022-03-30 09:02:04
1648630924678982000,21.35,1,21.35,3,21.45,14,2,2022-03-30 09:02:04
1648630924698481000,21.35,1,21.35,2,21.45,14,2,2022-03-30 09:02:04
1648630925159839000,21.45,1,21.35,2,21.45,13,1,2022-03-30 09:02:05
1648630925671166000,21.35,4,21.35,5,21.45,13,2,2022-03-30 09:02:05
1648630925963562000,21.45,2,21.35,5,21.45,11,1,2022-03-30 09:02:05
1648630926189434000,21.35,5,21.3,26,21.4,4,2,2022-03-30 09:02:06
1648630926189434000,21.3,5,21.3,26,21.4,4,2,2022-03-30 09:02:06
1648630926261234000,21.35,1,21.3,26,21.35,1,1,2022-03-30 09:02:06
1648630926654460000,21.35,2,21.3,26,21.4,7,2,2022-03-30 09:02:06
1648630927494986000,21.35,3,21.3,26,21.35,1,1,2022-03-30 09:02:07
1648630927563861000,21.35,1,21.35,2,21.4,10,1,2022-03-30 09:02:07
1648630927585937000,21.35,2,21.3,26,21.4,9,2,2022-03-30 09:02:07
1648630927983680000,21.3,10,21.3,16,21.35,50,2,2022-03-30 09:02:07
1648630927992132000,21.35,2,21.3,16,21.35,48,1,2022-03-30 09:02:07
1648630928017190000,21.3,1,21.3,15,21.35,48,2,2022-03-30 09:02:08
1648630928018160000,21.3,1,21.3,14,21.35,48,2,2022-03-30 09:02:08
1648630928033423000,21.3,1,21.3,13,21.35,48,2,2022-03-30 09:02:08
1648630928083184000,21.3,1,21.3,12,21.35,48,2,2022-03-30 09:02:08
1648630928391980000,21.3,10,21.3,2,21.35,48,2,2022-03-30 09:02:08
1648630928433837000,21.3,1,21.3,1,21.35,48,2,2022-03-30 09:02:08
1648630929082472000,21.3,2,21.25,17,21.35,49,2,2022-03-30 09:02:09
1648630929082472000,21.25,1,21.25,17,21.35,49,2,2022-03-30 09:02:09
1648630929199352000,21.25,3,21.25,14,21.35,49,2,2022-03-30 09:02:09
1648630929220511000,21.25,3,21.25,11,21.35,49,2,2022-03-30 09:02:09
1648630929324584000,21.35,10,21.25,11,21.35,40,1,2022-03-30 09:02:09
1648630929368798000,21.25,1,21.25,10,21.35,40,2,2022-03-30 09:02:09
1648630929378255000,21.25,3,21.25,7,21.3,1,2,2022-03-30 09:02:09
1648630929397352000,21.3,1,21.25,7,21.35,50,1,2022-03-30 09:02:09
1648630929506376000,21.25,3,21.25,4,21.35,50,2,2022-03-30 09:02:09
1648630929654172000,21.25,3,21.25,1,21.35,50,2,2022-03-30 09:02:09
1648630929929482000,21.35,1,21.25,1,21.35,49,1,2022-03-30 09:02:09
1648630929949840000,21.25,1,21.2,37,21.35,49,2,2022-03-30 09:02:09
1648630929949840000,21.2,1,21.2,37,21.35,49,2,2022-03-30 09:02:09
1648630930561860000,21.2,10,21.2,27,21.25,17,2,2022-03-30 09:02:10
1648630931573695000,21.2,1,21.2,26,21.25,17,2,2022-03-30 09:02:11
1648630931639805000,21.25,1,21.2,26,21.25,16,1,2022-03-30 09:02:11
1648630931662599000,21.2,1,21.2,25,21.25,16,2,2022-03-30 09:02:11
1648630931924445000,21.25,1,21.2,25,21.25,15,1,2022-03-30 09:02:11
1648630931969904000,21.2,1,21.2,24,21.25,15,2,2022-03-30 09:02:11
1648630932003847000,21.25,1,21.2,24,21.25,14,1,2022-03-30 09:02:12
1648630932005501000,21.2,1,21.2,23,21.25,14,2,2022-03-30 09:02:12
1648630932809509000,21.25,5,21.2,25,21.25,9,1,2022-03-30 09:02:12
1648630932830320000,21.25,9,21.2,25,21.3,3,1,2022-03-30 09:02:12
1648630933015676000,21.2,1,21.2,24,21.25,1,2,2022-03-30 09:02:13
1648630933256538000,21.2,1,21.2,23,21.25,1,2,2022-03-30 09:02:13
1648630934593539000,21.2,28,21.15,8,21.25,1,2,2022-03-30 09:02:14
1648630934593539000,21.15,172,21.15,8,21.25,1,2,2022-03-30 09:02:14
1648630934710894000,21.2,2,21.15,8,21.2,9,1,2022-03-30 09:02:14
1648630934719837000,21.15,4,21.15,4,21.2,11,2,2022-03-30 09:02:14
1648630934750458000,21.15,3,21.15,1,21.2,11,2,2022-03-30 09:02:14
1648630934759479000,21.2,1,21.15,1,21.2,10,1,2022-03-30 09:02:14
1648630934761031000,21.15,1,21.1,4,21.2,10,2,2022-03-30 09:02:14
1648630934761031000,21.1,2,21.1,4,21.2,10,2,2022-03-30 09:02:14
1648630934938367000,21.1,3,21.1,1,21.15,1,2,2022-03-30 09:02:14
1648630935182759000,21.15,5,21.1,1,21.15,3,1,2022-03-30 09:02:15
1648630935465294000,21.1,1,21.05,17,21.15,3,2,2022-03-30 09:02:15
1648630935465294000,21.05,1,21.05,17,21.15,3,2,2022-03-30 09:02:15
1648630935482927000,21.05,7,21.05,10,21.15,3,2,2022-03-30 09:02:15
1648630935924080000,21.15,1,21.05,10,21.15,2,1,2022-03-30 09:02:15
1648630935976236000,21.05,1,21.05,9,21.15,2,2,2022-03-30 09:02:15
1648630936021239000,21.1,1,21.05,9,21.15,2,1,2022-03-30 09:02:16
1648630936061289000,21.05,5,21.05,4,21.15,2,2,2022-03-30 09:02:16
1648630936092586000,21.05,3,21.05,1,21.15,2,2,2022-03-30 09:02:16
1648630936123559000,21.05,1,21.0,191,21.15,2,2,2022-03-30 09:02:16
1648630936308927000,21.0,6,21.0,185,21.15,7,2,2022-03-30 09:02:16
1648630936317730000,21.15,7,21.0,185,21.2,5,1,2022-03-30 09:02:16
1648630936317730000,21.2,3,21.0,185,21.2,5,1,2022-03-30 09:02:16
1648630936630165000,21.05,1,21.05,6,21.2,5,2,2022-03-30 09:02:16
1648630937181060000,21.05,1,21.05,6,21.15,2,2,2022-03-30 09:02:17
1648630937266407000,21.1,1,21.05,6,21.15,2,2,2022-03-30 09:02:17
1648630937311773000,21.15,1,21.05,6,21.15,1,1,2022-03-30 09:02:17
1648630937530780000,21.05,6,21.0,185,21.15,1,2,2022-03-30 09:02:17
1648630937956882000,21.15,1,21.0,185,21.15,1,1,2022-03-30 09:02:17
1648630938149560000,21.15,1,21.1,1,21.15,1,1,2022-03-30 09:02:18
1648630938405983000,21.15,2,21.1,1,21.2,10,1,2022-03-30 09:02:18
1648630938405983000,21.2,3,21.1,1,21.2,10,1,2022-03-30 09:02:18
1648630938738686000,21.2,1,21.1,1,21.2,9,1,2022-03-30 09:02:18
1648630938968158000,21.1,2,21.0,182,21.2,9,2,2022-03-30 09:02:18
1648630938968158000,21.0,3,21.0,182,21.2,9,2,2022-03-30 09:02:18
1648630939032568000,21.15,1,21.0,182,21.15,7,1,2022-03-30 09:02:19
1648630939074702000,21.05,1,21.0,182,21.15,7,1,2022-03-30 09:02:19
1648630939630188000,21.05,1,21.05,3,21.15,7,2,2022-03-30 09:02:19
1648630939724517000,21.1,1,21.05,3,21.15,7,1,2022-03-30 09:02:19
1648630939880586000,21.1,2,21.05,3,21.15,3,1,2022-03-30 09:02:19
1648630940421158000,21.05,1,21.05,2,21.15,3,2,2022-03-30 09:02:20
1648630940873079000,21.15,2,21.05,2,21.2,16,1,2022-03-30 09:02:20
1648630940873079000,21.2,3,21.05,2,21.2,16,1,2022-03-30 09:02:20
1648630942456185000,21.1,1,21.1,1,21.15,21,2,2022-03-30 09:02:22
1648630945150243000,21.15,1,21.1,3,21.15,20,1,2022-03-30 09:02:25
1648630945443265000,21.1,1,21.1,2,21.15,20,2,2022-03-30 09:02:25
1648630946380278000,21.1,2,21.05,36,21.1,7,2,2022-03-30 09:02:26
1648630946414367000,21.1,7,21.05,36,21.15,20,1,2022-03-30 09:02:26
1648630946579137000,21.1,2,21.05,36,21.15,12,1,2022-03-30 09:02:26
1648630946579137000,21.15,8,21.05,36,21.15,12,1,2022-03-30 09:02:26
1648630947261784000,21.1,1,21.05,36,21.15,13,1,2022-03-30 09:02:27
1648630947362937000,21.15,1,21.05,36,21.15,12,1,2022-03-30 09:02:27
1648630947562009000,21.15,7,21.1,4,21.15,5,1,2022-03-30 09:02:27
1648630947595088000,21.15,5,21.1,4,21.2,22,1,2022-03-30 09:02:27
1648630947656805000,21.15,1,21.1,4,21.2,1,1,2022-03-30 09:02:27
1648630947656805000,21.2,21,21.1,4,21.2,1,1,2022-03-30 09:02:27
1648630947929234000,21.2,1,21.1,4,21.35,37,1,2022-03-30 09:02:27
1648630947929234000,21.25,2,21.1,4,21.35,37,1,2022-03-30 09:02:27
1648630947931009000,21.1,1,21.1,3,21.35,37,2,2022-03-30 09:02:27
1648630948561256000,21.15,1,21.1,7,21.25,2,2,2022-03-30 09:02:28
1648630948561256000,21.1,2,21.1,7,21.25,2,2,2022-03-30 09:02:28
1648630948812399000,21.1,1,21.1,9,21.2,1,2,2022-03-30 09:02:28
1648630949441901000,21.2,1,21.2,4,21.25,2,1,2022-03-30 09:02:29
1648630949863110000,21.2,1,21.2,3,21.25,2,2,2022-03-30 09:02:29
1648630951653391000,21.2,1,21.2,2,21.25,4,2,2022-03-30 09:02:31
1648630952245437000,21.2,1,21.2,1,21.25,5,2,2022-03-30 09:02:32
1648630952322075000,21.2,1,21.15,2,21.25,5,2,2022-03-30 09:02:32
1648630953855212000,21.2,1,21.15,2,21.25,3,2,2022-03-30 09:02:33
1648630957508491000,21.2,2,21.15,5,21.2,8,1,2022-03-30 09:02:37
1648630957521351000,21.15,1,21.15,4,21.2,8,2,2022-03-30 09:02:37
1648630957644840000,21.2,2,21.15,4,21.2,6,1,2022-03-30 09:02:37
1648630957703185000,21.2,2,21.15,4,21.2,4,1,2022-03-30 09:02:37
1648630957759270000,21.2,3,21.15,4,21.2,1,1,2022-03-30 09:02:37
1648630957800559000,21.2,1,21.15,4,21.25,7,1,2022-03-30 09:02:37
1648630961728487000,21.2,8,21.15,2,21.25,7,2,2022-03-30 09:02:41
1648630961728487000,21.15,18,21.15,2,21.25,7,2,2022-03-30 09:02:41
1648630961737198000,21.15,1,21.15,1,21.25,7,2,2022-03-30 09:02:41
1648630964516109000,21.2,2,21.15,2,21.2,14,1,2022-03-30 09:02:44
1648630964840958000,21.15,2,21.1,63,21.15,8,2,2022-03-30 09:02:44
1648630965346194000,21.15,1,21.1,63,21.15,7,1,2022-03-30 09:02:45
1648630965523013000,21.15,1,21.1,62,21.15,6,1,2022-03-30 09:02:45
1648630965566872000,21.15,2,21.1,62,21.15,4,1,2022-03-30 09:02:45
1648630966076342000,21.15,1,21.1,62,21.15,3,1,2022-03-30 09:02:46
1648630966625206000,21.15,3,21.15,2,21.2,40,1,2022-03-30 09:02:46
1648630967561962000,21.15,2,21.15,11,21.2,42,2,2022-03-30 09:02:47
1648630968771446000,21.15,1,21.15,14,21.2,48,2,2022-03-30 09:02:48
1648630969190773000,21.15,1,21.15,13,21.2,48,2,2022-03-30 09:02:49
1648630969750445000,21.2,1,21.15,14,21.2,47,1,2022-03-30 09:02:49
1648630970216223000,21.15,2,21.15,12,21.2,47,2,2022-03-30 09:02:50
1648630970704687000,21.2,3,21.15,12,21.2,45,1,2022-03-30 09:02:50
1648630971331645000,21.15,1,21.15,17,21.2,45,2,2022-03-30 09:02:51
1648630972481216000,21.15,5,21.15,9,21.2,45,2,2022-03-30 09:02:52
1648630973547973000,21.15,5,21.15,5,21.2,45,2,2022-03-30 09:02:53
1648630975524340000,21.15,2,21.15,3,21.2,44,2,2022-03-30 09:02:55
1648630976249461000,21.15,2,21.15,1,21.2,45,2,2022-03-30 09:02:56
1648630976476702000,21.15,1,21.1,87,21.15,1,2,2022-03-30 09:02:56
1648630976510808000,21.15,1,21.1,87,21.2,45,1,2022-03-30 09:02:56
1648630977498700000,21.15,1,21.15,20,21.2,45,2,2022-03-30 09:02:57
1648630977526740000,21.15,2,21.15,18,21.2,45,2,2022-03-30 09:02:57
1648630979924113000,21.2,8,21.15,40,21.2,41,1,2022-03-30 09:02:59
1648630979946667000,21.2,5,21.15,40,21.2,36,1,2022-03-30 09:02:59
1648630981470937000,21.15,1,21.15,40,21.2,42,2,2022-03-30 09:03:01
1648630981537801000,21.15,1,21.15,39,21.2,42,2,2022-03-30 09:03:01
1648630981892426000,21.2,2,21.15,40,21.2,40,1,2022-03-30 09:03:01
1648630982380411000,21.15,1,21.15,39,21.2,45,2,2022-03-30 09:03:02
1648630983208043000,21.2,1,21.15,39,21.2,44,1,2022-03-30 09:03:03
1648630983315893000,21.15,1,21.15,38,21.2,44,2,2022-03-30 09:03:03
1648630985360854000,21.15,1,21.15,57,21.2,44,2,2022-03-30 09:03:05
1648630986778673000,21.15,1,21.15,58,21.2,44,2,2022-03-30 09:03:06
1648630987580877000,21.15,1,21.15,61,21.2,44,2,2022-03-30 09:03:07
1648630988267074000,21.15,1,21.15,60,21.2,45,2,2022-03-30 09:03:08
1648630988868089000,21.15,1,21.15,61,21.2,45,2,2022-03-30 09:03:08
1648630989980967000,21.2,2,21.15,73,21.2,43,1,2022-03-30 09:03:09
1648630991022618000,21.15,10,21.15,63,21.2,43,2,2022-03-30 09:03:11
1648630991043421000,21.15,1,21.15,62,21.2,43,2,2022-03-30 09:03:11
1648630991392019000,21.2,20,21.15,62,21.2,23,1,2022-03-30 09:03:11
1648630992703367000,21.2,1,21.15,62,21.2,19,1,2022-03-30 09:03:12
1648630993535395000,21.2,2,21.15,64,21.2,17,1,2022-03-30 09:03:13
1648630993913276000,21.2,2,21.15,75,21.2,15,1,2022-03-30 09:03:13
1648630995581453000,21.2,10,21.15,75,21.2,7,1,2022-03-30 09:03:15
1648630995695109000,21.2,1,21.15,75,21.2,6,1,2022-03-30 09:03:15
1648630995968503000,21.2,1,21.15,75,21.2,5,1,2022-03-30 09:03:15
1648630996383647000,21.2,1,21.15,75,21.2,5,1,2022-03-30 09:03:16
1648630996453854000,21.2,5,21.15,75,21.25,10,1,2022-03-30 09:03:16
1648630997329244000,21.25,10,21.2,2,21.3,9,1,2022-03-30 09:03:17
1648630998274873000,21.2,3,21.15,73,21.3,9,2,2022-03-30 09:03:18
1648630998274873000,21.15,2,21.15,73,21.3,9,2,2022-03-30 09:03:18
1648630999954421000,21.25,1,21.2,2,21.3,8,2,2022-03-30 09:03:19
1648630999954421000,21.2,1,21.2,2,21.3,8,2,2022-03-30 09:03:19
1648631000277474000,21.2,2,21.15,93,21.2,8,2,2022-03-30 09:03:20
1648631000478830000,21.2,5,21.15,93,21.2,3,1,2022-03-30 09:03:20
1648631000506881000,21.2,1,21.15,93,21.2,2,1,2022-03-30 09:03:20
1648631000971531000,21.2,2,21.15,93,21.3,11,1,2022-03-30 09:03:20
1648631002572482000,21.3,1,21.2,2,21.3,11,1,2022-03-30 09:03:22
1648631002658518000,21.3,4,21.2,2,21.3,7,1,2022-03-30 09:03:22
1648631002820015000,21.3,5,21.2,2,21.3,2,1,2022-03-30 09:03:22
1648631007659903000,21.3,2,21.2,24,21.3,18,1,2022-03-30 09:03:27
1648631009168840000,21.3,2,21.25,1,21.3,16,1,2022-03-30 09:03:29
1648631009257057000,21.25,1,21.2,29,21.3,16,2,2022-03-30 09:03:29
1648631011322514000,21.3,3,21.25,1,21.3,13,1,2022-03-30 09:03:31
1648631011363705000,21.25,1,21.2,29,21.25,29,2,2022-03-30 09:03:31
1648631011803128000,21.25,1,21.2,29,21.25,28,1,2022-03-30 09:03:31
1648631012013190000,21.25,1,21.2,29,21.25,27,1,2022-03-30 09:03:32
1648631013019619000,21.25,1,21.2,29,21.25,26,1,2022-03-30 09:03:33
1648631015532104000,21.25,2,21.2,27,21.25,24,1,2022-03-30 09:03:35
1648631016136829000,21.25,1,21.2,27,21.25,23,1,2022-03-30 09:03:36
1648631016318371000,21.25,5,21.2,27,21.25,18,1,2022-03-30 09:03:36
1648631017507359000,21.25,1,21.2,27,21.25,17,1,2022-03-30 09:03:37
1648631017692630000,21.25,1,21.2,27,21.25,16,1,2022-03-30 09:03:37
1648631017981714000,21.25,3,21.2,27,21.25,13,1,2022-03-30 09:03:37
1648631018019122000,21.25,1,21.2,27,21.25,12,1,2022-03-30 09:03:38
1648631018208456000,21.25,1,21.2,27,21.25,11,1,2022-03-30 09:03:38
1648631018620519000,21.25,1,21.2,27,21.25,10,1,2022-03-30 09:03:38
1648631018862263000,21.25,10,21.2,27,21.3,23,1,2022-03-30 09:03:38
1648631020329276000,21.25,1,21.25,20,21.3,24,2,2022-03-30 09:03:40
1648631020940736000,21.25,2,21.25,19,21.3,24,2,2022-03-30 09:03:40
1648631024394384000,21.3,5,21.25,35,21.3,29,1,2022-03-30 09:03:44
1648631025752727000,21.3,1,21.25,36,21.3,28,1,2022-03-30 09:03:45
1648631025830299000,21.25,5,21.25,31,21.3,28,2,2022-03-30 09:03:45
1648631025971944000,21.25,1,21.25,38,21.3,28,2,2022-03-30 09:03:45
1648631026373484000,21.3,3,21.25,39,21.3,26,1,2022-03-30 09:03:46
1648631029090608000,21.25,2,21.25,38,21.3,27,2,2022-03-30 09:03:49
1648631030050353000,21.3,1,21.25,39,21.3,26,1,2022-03-30 09:03:50
1648631030608862000,21.3,1,21.25,41,21.3,25,1,2022-03-30 09:03:50
1648631032256556000,21.3,1,21.25,43,21.3,34,1,2022-03-30 09:03:52
1648631033334295000,21.3,2,21.25,38,21.3,32,1,2022-03-30 09:03:53
1648631033743560000,21.3,10,21.25,38,21.3,24,1,2022-03-30 09:03:53
1648631034578442000,21.25,1,21.25,37,21.3,25,2,2022-03-30 09:03:54
1648631034694318000,21.3,2,21.25,37,21.3,23,1,2022-03-30 09:03:54
1648631034722847000,21.3,1,21.25,37,21.3,22,1,2022-03-30 09:03:54
1648631034841567000,21.3,5,21.25,37,21.3,17,1,2022-03-30 09:03:54
1648631035714412000,21.3,1,21.25,34,21.3,16,1,2022-03-30 09:03:55
1648631035817636000,21.3,1,21.25,34,21.3,15,1,2022-03-30 09:03:55
1648631035896727000,21.3,1,21.25,34,21.3,14,1,2022-03-30 09:03:55
1648631036094376000,21.3,1,21.25,34,21.3,13,1,2022-03-30 09:03:56
1648631036150622000,21.25,1,21.25,34,21.3,13,2,2022-03-30 09:03:56
1648631036288830000,21.3,1,21.25,34,21.3,12,1,2022-03-30 09:03:56
1648631036302596000,21.3,1,21.25,34,21.3,11,1,2022-03-30 09:03:56
1648631036476191000,21.3,1,21.25,34,21.3,10,1,2022-03-30 09:03:56
1648631036632081000,21.3,1,21.25,34,21.3,9,1,2022-03-30 09:03:56
1648631036666281000,21.3,1,21.25,34,21.3,8,1,2022-03-30 09:03:56
1648631037271056000,21.3,2,21.25,34,21.3,4,1,2022-03-30 09:03:57
1648631037875417000,21.3,1,21.25,36,21.3,4,1,2022-03-30 09:03:57
1648631038912966000,21.3,1,21.25,36,21.3,3,1,2022-03-30 09:03:58
1648631039071328000,21.3,3,21.25,36,21.35,39,1,2022-03-30 09:03:59
1648631039532160000,21.3,1,21.25,37,21.35,39,2,2022-03-30 09:03:59
1648631039632992000,21.35,7,21.3,1,21.35,32,1,2022-03-30 09:03:59
1648631039706112000,21.35,4,21.3,1,21.35,28,1,2022-03-30 09:03:59
1648631040825938000,21.3,1,21.3,1,21.35,29,2,2022-03-30 09:04:00
1648631040921451000,21.3,1,21.3,1,21.35,29,2,2022-03-30 09:04:00
1648631041973852000,21.35,4,21.3,10,21.35,27,1,2022-03-30 09:04:01
1648631041986778000,21.3,1,21.3,9,21.35,27,2,2022-03-30 09:04:01
1648631043727953000,21.35,3,21.3,21,21.35,34,1,2022-03-30 09:04:03
1648631043960513000,21.35,1,21.3,21,21.35,33,1,2022-03-30 09:04:03
1648631044353531000,21.35,1,21.3,21,21.35,32,1,2022-03-30 09:04:04
1648631046785555000,21.35,1,21.3,22,21.35,31,1,2022-03-30 09:04:06
1648631047984799000,21.35,1,21.3,25,21.35,31,1,2022-03-30 09:04:07
1648631048997043000,21.35,31,21.35,19,21.4,15,1,2022-03-30 09:04:08
1648631050388564000,21.35,1,21.35,21,21.4,15,2,2022-03-30 09:04:10
1648631050507649000,21.35,1,21.35,20,21.4,15,2,2022-03-30 09:04:10
1648631051043657000,21.35,1,21.35,19,21.4,15,2,2022-03-30 09:04:11
1648631052481375000,21.35,1,21.35,19,21.4,15,2,2022-03-30 09:04:12
1648631053852286000,21.35,1,21.35,18,21.4,15,2,2022-03-30 09:04:13
1648631054000585000,21.4,10,21.35,18,21.4,5,1,2022-03-30 09:04:14
1648631054113337000,21.35,5,21.35,13,21.4,5,2,2022-03-30 09:04:14
1648631055225305000,21.4,1,21.35,16,21.4,5,1,2022-03-30 09:04:15
1648631056271047000,21.35,10,21.35,7,21.4,4,2,2022-03-30 09:04:16
1648631056581424000,21.4,1,21.35,7,21.4,4,1,2022-03-30 09:04:16
1648631057030324000,21.35,7,21.3,23,21.4,4,2,2022-03-30 09:04:17
1648631057216250000,21.4,3,21.3,23,21.4,1,1,2022-03-30 09:04:17
1648631057825835000,21.4,1,21.3,23,21.45,4,2,2022-03-30 09:04:17
1648631059077615000,21.35,10,21.35,25,21.4,1,2,2022-03-30 09:04:19
1648631059236353000,21.4,1,21.35,25,21.45,4,1,2022-03-30 09:04:19
1648631061213364000,21.4,8,21.4,2,21.45,4,2,2022-03-30 09:04:21
1648631062760613000,21.4,1,21.4,3,21.45,5,2,2022-03-30 09:04:22
1648631066120189000,21.4,1,21.4,6,21.45,6,2,2022-03-30 09:04:26
1648631066295265000,21.4,5,21.4,2,21.45,6,2,2022-03-30 09:04:26
1648631068093267000,21.4,2,21.4,5,21.45,7,2,2022-03-30 09:04:28
1648631068381676000,21.4,1,21.4,6,21.45,7,2,2022-03-30 09:04:28
1648631068531011000,21.45,1,21.4,6,21.45,6,1,2022-03-30 09:04:28
1648631072272084000,21.4,10,21.4,9,21.45,22,2,2022-03-30 09:04:32
1648631072588550000,21.45,5,21.4,14,21.45,17,1,2022-03-30 09:04:32
1648631072591967000,21.45,1,21.4,14,21.45,16,1,2022-03-30 09:04:32
1648631073506822000,21.45,1,21.4,15,21.45,15,1,2022-03-30 09:04:33
1648631075763865000,21.45,1,21.4,23,21.45,14,1,2022-03-30 09:04:35
1648631076045579000,21.4,1,21.4,22,21.45,14,2,2022-03-30 09:04:36
1648631076158978000,21.45,1,21.4,24,21.45,13,1,2022-03-30 09:04:36
1648631076386084000,21.4,1,21.4,23,21.45,13,2,2022-03-30 09:04:36
1648631077139023000,21.45,5,21.4,23,21.45,9,1,2022-03-30 09:04:37
1648631077151225000,21.45,1,21.4,23,21.45,8,1,2022-03-30 09:04:37
1648631078520439000,21.4,1,21.4,28,21.45,9,2,2022-03-30 09:04:38
1648631079386873000,21.45,1,21.4,28,21.45,8,1,2022-03-30 09:04:39
1648631079636284000,21.45,5,21.4,28,21.45,3,1,2022-03-30 09:04:39
1648631079661592000,21.45,1,21.4,28,21.45,2,1,2022-03-30 09:04:39
1648631080085779000,21.45,1,21.4,29,21.45,1,1,2022-03-30 09:04:40
1648631080114729000,21.45,1,21.4,29,21.5,10,1,2022-03-30 09:04:40
1648631080541670000,21.5,1,21.45,5,21.5,9,1,2022-03-30 09:04:40
1648631081785055000,21.45,1,21.45,5,21.5,9,2,2022-03-30 09:04:41
1648631083359081000,21.45,1,21.45,8,21.5,9,2,2022-03-30 09:04:43
1648631084230945000,21.5,2,21.45,9,21.5,7,1,2022-03-30 09:04:44
1648631086162344000,21.5,4,21.45,10,21.5,4,1,2022-03-30 09:04:46
1648631086969621000,21.45,1,21.45,9,21.5,4,2,2022-03-30 09:04:46
1648631088172197000,21.5,3,21.45,9,21.5,1,1,2022-03-30 09:04:48
1648631088541119000,21.5,1,21.45,9,21.55,9,1,2022-03-30 09:04:48
1648631091955140000,21.5,1,21.5,5,21.55,9,2,2022-03-30 09:04:51
1648631093201245000,21.55,10,21.5,8,21.55,1,1,2022-03-30 09:04:53
1648631093688259000,21.55,1,21.5,8,21.65,13,1,2022-03-30 09:04:53
1648631093688259000,21.6,3,21.5,8,21.65,13,1,2022-03-30 09:04:53
1648631093688259000,21.65,2,21.5,8,21.65,13,1,2022-03-30 09:04:53
1648631094430599000,21.65,5,21.5,9,21.65,8,1,2022-03-30 09:04:54
1648631095152063000,21.65,1,21.55,1,21.65,7,1,2022-03-30 09:04:55
1648631096151378000,21.55,1,21.5,7,21.65,13,2,2022-03-30 09:04:56
1648631096151378000,21.5,3,21.5,7,21.65,13,2,2022-03-30 09:04:56
1648631097164329000,21.65,3,21.5,7,21.65,10,1,2022-03-30 09:04:57
1648631098479811000,21.65,1,21.5,7,21.65,14,1,2022-03-30 09:04:58
1648631098990121000,21.65,1,21.55,1,21.65,23,1,2022-03-30 09:04:58
1648631100312861000,21.55,1,21.5,9,21.65,25,2,2022-03-30 09:05:00
1648631100600874000,21.5,9,21.45,38,21.5,4,2,2022-03-30 09:05:00
1648631100633294000,21.45,18,21.45,20,21.5,4,2,2022-03-30 09:05:00
1648631100777688000,21.45,20,21.4,56,21.5,4,2,2022-03-30 09:05:00
1648631101366288000,21.5,1,21.4,56,21.5,3,1,2022-03-30 09:05:01
1648631101403502000,21.5,1,21.4,56,21.5,2,1,2022-03-30 09:05:01
1648631101548963000,21.4,1,21.4,55,21.5,2,2,2022-03-30 09:05:01
1648631101849117000,21.5,1,21.4,55,21.5,1,1,2022-03-30 09:05:01
1648631102180199000,21.5,1,21.4,55,21.5,12,1,2022-03-30 09:05:02
1648631102321956000,21.5,12,21.55,15,21.6,83,1,2022-03-30 09:05:02
1648631102321956000,21.55,8,21.55,15,21.6,83,1,2022-03-30 09:05:02
1648631102357677000,21.55,12,21.55,3,21.6,83,2,2022-03-30 09:05:02
1648631102357833000,21.55,3,21.4,55,21.6,83,2,2022-03-30 09:05:02
1648631102902197000,21.5,1,21.4,55,21.55,4,1,2022-03-30 09:05:02
1648631102902197000,21.55,1,21.4,55,21.55,4,1,2022-03-30 09:05:02
1648631103409396000,21.55,1,21.4,55,21.55,3,1,2022-03-30 09:05:03
1648631104864597000,21.55,1,21.5,2,21.55,7,1,2022-03-30 09:05:04
1648631104880519000,21.5,1,21.5,1,21.55,7,2,2022-03-30 09:05:04
1648631104915254000,21.5,1,21.4,55,21.55,7,2,2022-03-30 09:05:04
1648631105075282000,21.55,1,21.4,55,21.55,7,1,2022-03-30 09:05:05
1648631106533566000,21.5,1,21.4,55,21.55,18,1,2022-03-30 09:05:06
1648631106533566000,21.55,9,21.4,55,21.55,18,1,2022-03-30 09:05:06
1648631107310631000,21.5,1,21.4,55,21.5,1,1,2022-03-30 09:05:07
1648631107878833000,21.45,9,21.4,55,21.5,2,2,2022-03-30 09:05:07
1648631108689264000,21.4,1,21.4,55,21.5,3,2,2022-03-30 09:05:08
1648631108891743000,21.5,2,21.4,55,21.5,11,1,2022-03-30 09:05:08
1648631109074250000,21.5,1,21.4,55,21.5,11,1,2022-03-30 09:05:09
1648631109278227000,21.5,1,21.45,2,21.5,10,1,2022-03-30 09:05:09
1648631110576054000,21.5,1,21.45,3,21.5,15,1,2022-03-30 09:05:10
1648631111071730000,21.5,10,21.45,3,21.5,5,1,2022-03-30 09:05:11
1648631111103301000,21.45,1,21.45,2,21.5,5,2,2022-03-30 09:05:11
1648631112304486000,21.45,2,21.45,15,21.5,6,2,2022-03-30 09:05:12
1648631113659892000,21.5,1,21.45,15,21.5,5,1,2022-03-30 09:05:13
1648631116435434000,21.5,7,21.45,15,21.5,3,1,2022-03-30 09:05:16
1648631116475309000,21.45,1,21.45,14,21.5,3,2,2022-03-30 09:05:16
1648631116710770000,21.45,1,21.45,13,21.5,3,2,2022-03-30 09:05:16
1648631116869037000,21.45,13,21.4,59,21.45,7,2,2022-03-30 09:05:16
1648631116905009000,21.4,1,21.4,58,21.45,7,2,2022-03-30 09:05:16
1648631116931984000,21.4,1,21.4,58,21.45,7,2,2022-03-30 09:05:16
1648631117652481000,21.45,5,21.4,58,21.45,7,1,2022-03-30 09:05:17
1648631120111220000,21.4,2,21.4,59,21.45,7,2,2022-03-30 09:05:20
1648631121578023000,21.45,1,21.4,61,21.45,6,1,2022-03-30 09:05:21
1648631127416004000,21.45,1,21.4,65,21.45,15,1,2022-03-30 09:05:27
1648631127472995000,21.4,5,21.4,60,21.45,15,2,2022-03-30 09:05:27
1648631127534011000,21.4,1,21.4,59,21.45,15,2,2022-03-30 09:05:27
1648631127964956000,21.45,1,21.4,59,21.45,14,1,2022-03-30 09:05:27
1648631130409853000,21.4,4,21.4,58,21.45,16,2,2022-03-30 09:05:30
1648631130452837000,21.4,1,21.4,57,21.45,16,2,2022-03-30 09:05:30
1648631130708491000,21.45,2,21.4,57,21.45,14,1,2022-03-30 09:05:30
1648631132255093000,21.45,1,21.4,57,21.45,13,1,2022-03-30 09:05:32
1648631132302530000,21.4,1,21.4,56,21.45,13,2,2022-03-30 09:05:32
1648631134000877000,21.4,1,21.4,55,21.45,13,2,2022-03-30 09:05:34
1648631134182716000,21.4,1,21.4,54,21.45,13,2,2022-03-30 09:05:34
1648631135087148000,21.4,1,21.4,53,21.45,15,2,2022-03-30 09:05:35
1648631135842896000,21.45,1,21.4,53,21.45,14,1,2022-03-30 09:05:35
1648631136516897000,21.4,1,21.4,52,21.45,14,2,2022-03-30 09:05:36
1648631137302230000,21.4,2,21.4,52,21.45,15,2,2022-03-30 09:05:37
1648631138415743000,21.4,50,21.4,2,21.45,16,2,2022-03-30 09:05:38
1648631138445994000,21.4,2,21.35,44,21.45,15,2,2022-03-30 09:05:38
1648631139055626000,21.35,1,21.35,43,21.4,6,2,2022-03-30 09:05:39
1648631139237602000,21.35,2,21.35,41,21.4,6,2,2022-03-30 09:05:39
1648631139986421000,21.35,2,21.35,39,21.4,8,2,2022-03-30 09:05:39
1648631140287126000,21.35,3,21.35,36,21.4,8,2,2022-03-30 09:05:40
1648631140355217000,21.35,1,21.35,35,21.4,8,2,2022-03-30 09:05:40
1648631140891056000,21.4,1,21.35,35,21.4,9,1,2022-03-30 09:05:40
1648631142609185000,21.35,2,21.35,47,21.4,12,2,2022-03-30 09:05:42
1648631143319122000,21.35,3,21.35,44,21.4,13,2,2022-03-30 09:05:43
1648631144448456000,21.4,1,21.35,44,21.4,15,1,2022-03-30 09:05:44
1648631144634507000,21.35,1,21.35,43,21.4,18,2,2022-03-30 09:05:44
1648631145882259000,21.35,1,21.35,43,21.4,25,2,2022-03-30 09:05:45
1648631145919409000,21.35,1,21.35,42,21.4,25,2,2022-03-30 09:05:45
1648631145933683000,21.35,1,21.35,41,21.4,25,2,2022-03-30 09:05:45
1648631145950951000,21.35,1,21.35,40,21.4,25,2,2022-03-30 09:05:45
1648631147476669000,21.35,40,21.35,4,21.4,26,2,2022-03-30 09:05:47
1648631147501292000,21.35,4,21.3,17,21.4,26,2,2022-03-30 09:05:47
1648631147914936000,21.35,1,21.3,17,21.35,8,1,2022-03-30 09:05:47
1648631148938823000,21.35,8,21.3,18,21.4,24,1,2022-03-30 09:05:48
1648631148938823000,21.4,2,21.3,18,21.4,24,1,2022-03-30 09:05:48
1648631148988573000,21.3,1,21.3,17,21.35,1,2,2022-03-30 09:05:48
1648631149486787000,21.3,17,21.25,73,21.35,2,2,2022-03-30 09:05:49
1648631149486787000,21.25,3,21.25,73,21.35,2,2,2022-03-30 09:05:49
1648631150018283000,21.3,1,21.25,73,21.3,1,1,2022-03-30 09:05:50
1648631150377186000,21.3,1,21.3,9,21.35,10,1,2022-03-30 09:05:50
1648631150452215000,21.3,3,21.3,6,21.35,10,2,2022-03-30 09:05:50
1648631150516662000,21.3,1,21.3,5,21.35,10,2,2022-03-30 09:05:50
1648631150624765000,21.3,3,21.3,2,21.35,10,2,2022-03-30 09:05:50
1648631150654512000,21.3,1,21.3,1,21.35,10,2,2022-03-30 09:05:50
1648631150685450000,21.3,1,21.25,73,21.35,10,2,2022-03-30 09:05:50
1648631151433421000,21.25,2,21.25,38,21.35,11,2,2022-03-30 09:05:51
1648631151456081000,21.25,5,21.25,33,21.35,11,2,2022-03-30 09:05:51
1648631152687296000,21.3,1,21.25,33,21.3,7,1,2022-03-30 09:05:52
1648631152859291000,21.25,5,21.25,28,21.3,7,2,2022-03-30 09:05:52
1648631153740798000,21.25,2,21.25,46,21.3,7,2,2022-03-30 09:05:53
1648631153779897000,21.25,1,21.25,45,21.3,7,2,2022-03-30 09:05:53
1648631153944427000,21.25,1,21.25,44,21.3,7,2,2022-03-30 09:05:53
1648631155322154000,21.25,1,21.25,43,21.3,7,2,2022-03-30 09:05:55
1648631157653291000,21.25,1,21.25,43,21.3,9,2,2022-03-30 09:05:57
1648631158838003000,21.3,5,21.25,43,21.3,4,1,2022-03-30 09:05:58
1648631159343194000,21.3,2,21.25,43,21.3,2,1,2022-03-30 09:05:59
1648631159373806000,21.3,2,21.25,43,21.35,12,1,2022-03-30 09:05:59
1648631160038807000,21.3,1,21.25,43,21.3,1,1,2022-03-30 09:06:00
1648631160484261000,21.3,1,21.25,43,21.3,1,1,2022-03-30 09:06:00
1648631160518337000,21.3,1,21.25,43,21.35,12,1,2022-03-30 09:06:00
1648631165128549000,21.3,6,21.3,2,21.35,9,1,2022-03-30 09:06:05
1648631166463755000,21.35,9,21.3,8,21.4,9,1,2022-03-30 09:06:06
1648631167796499000,21.3,10,21.3,7,21.4,8,2,2022-03-30 09:06:07
1648631170426914000,21.35,1,21.3,10,21.4,8,1,2022-03-30 09:06:10
1648631170992385000,21.35,5,21.3,10,21.4,9,1,2022-03-30 09:06:10
1648631175032108000,21.35,2,21.35,1,21.4,13,2,2022-03-30 09:06:15
1648631175179321000,21.35,1,21.3,16,21.4,13,2,2022-03-30 09:06:15
1648631175556552000,21.3,5,21.3,11,21.4,13,2,2022-03-30 09:06:15
1648631175638920000,21.35,1,21.3,11,21.4,13,1,2022-03-30 09:06:15
1648631178275997000,21.35,1,21.3,12,21.4,13,1,2022-03-30 09:06:18
1648631181520403000,21.4,3,21.3,11,21.4,11,1,2022-03-30 09:06:21
1648631183296278000,21.35,2,21.3,14,21.35,3,2,2022-03-30 09:06:23
1648631185321205000,21.35,1,21.3,14,21.35,2,1,2022-03-30 09:06:25
1648631185349400000,21.35,2,21.3,14,21.4,21,1,2022-03-30 09:06:25
1648631185597990000,21.3,1,21.3,13,21.4,21,2,2022-03-30 09:06:25
1648631186803636000,21.35,1,21.3,13,21.35,4,1,2022-03-30 09:06:26
1648631187739617000,21.3,2,21.3,11,21.35,4,2,2022-03-30 09:06:27
1648631188774696000,21.35,2,21.3,11,21.35,2,1,2022-03-30 09:06:28
1648631188810419000,21.35,2,21.3,11,21.4,16,1,2022-03-30 09:06:28
1648631191261359000,21.35,2,21.3,8,21.35,11,1,2022-03-30 09:06:31
1648631194561372000,21.3,10,21.3,3,21.35,12,2,2022-03-30 09:06:34
1648631194592597000,21.3,1,21.3,2,21.35,12,2,2022-03-30 09:06:34
1648631195160173000,21.35,1,21.3,3,21.35,12,1,2022-03-30 09:06:35
1648631195540754000,21.35,1,21.3,7,21.35,11,1,2022-03-30 09:06:35
1648631195604691000,21.3,1,21.3,6,21.35,11,2,2022-03-30 09:06:35
1648631196233251000,21.3,7,21.25,50,21.3,3,2,2022-03-30 09:06:36
1648631196325666000,21.25,10,21.25,40,21.3,3,2,2022-03-30 09:06:36
1648631196653633000,21.3,1,21.25,40,21.3,8,1,2022-03-30 09:06:36
1648631196754846000,21.25,1,21.25,39,21.3,8,2,2022-03-30 09:06:36
1648631200657727000,21.3,1,21.25,40,21.3,10,1,2022-03-30 09:06:40
1648631201056822000,21.25,5,21.25,35,21.3,10,2,2022-03-30 09:06:41
1648631201152821000,21.25,1,21.25,34,21.3,10,2,2022-03-30 09:06:41
1648631201183937000,21.3,2,21.25,34,21.3,8,1,2022-03-30 09:06:41
1648631202100107000,21.3,1,21.25,34,21.3,12,1,2022-03-30 09:06:42
1648631203205331000,21.3,10,21.25,34,21.3,4,1,2022-03-30 09:06:43
1648631204027688000,21.25,1,21.25,33,21.3,6,2,2022-03-30 09:06:44
1648631204199133000,21.3,6,21.25,36,21.35,11,1,2022-03-30 09:06:44
1648631204594332000,21.3,1,21.25,36,21.35,11,2,2022-03-30 09:06:44
1648631207324690000,21.3,1,21.25,36,21.3,18,1,2022-03-30 09:06:47
1648631208470303000,21.3,2,21.25,36,21.3,21,1,2022-03-30 09:06:48
1648631209913863000,21.3,2,21.25,36,21.3,25,1,2022-03-30 09:06:49
1648631211828972000,21.3,1,21.25,36,21.3,25,1,2022-03-30 09:06:51
1648631211984896000,21.25,2,21.25,34,21.3,27,2,2022-03-30 09:06:51
1648631212116689000,21.3,1,21.25,34,21.3,26,1,2022-03-30 09:06:52
1648631212915177000,21.25,29,21.25,5,21.3,26,2,2022-03-30 09:06:52
1648631212950752000,21.25,5,21.2,107,21.3,26,2,2022-03-30 09:06:52
1648631217819915000,21.25,5,21.2,102,21.25,8,1,2022-03-30 09:06:57
1648631218235438000,21.25,8,21.25,14,21.3,26,1,2022-03-30 09:06:58
1648631218267651000,21.25,1,21.25,13,21.3,26,2,2022-03-30 09:06:58
1648631218273217000,21.25,1,21.25,12,21.3,26,2,2022-03-30 09:06:58
1648631219265883000,21.25,1,21.25,11,21.3,26,2,2022-03-30 09:06:59
1648631220951358000,21.25,3,21.25,13,21.3,26,2,2022-03-30 09:07:00
1648631221921412000,21.3,1,21.25,13,21.3,23,1,2022-03-30 09:07:01
1648631222570184000,21.25,5,21.25,8,21.3,23,2,2022-03-30 09:07:02
1648631222631449000,21.25,1,21.25,7,21.3,23,2,2022-03-30 09:07:02
1648631222748913000,21.25,2,21.25,5,21.3,23,2,2022-03-30 09:07:02
1648631224411396000,21.3,2,21.25,5,21.3,21,1,2022-03-30 09:07:04
1648631224506245000,21.25,2,21.25,3,21.3,21,2,2022-03-30 09:07:04
1648631224628441000,21.25,1,21.25,2,21.3,21,2,2022-03-30 09:07:04
1648631225187212000,21.25,2,21.2,119,21.25,18,2,2022-03-30 09:07:05
1648631230339513000,21.25,1,21.2,116,21.25,20,1,2022-03-30 09:07:10
1648631230381693000,21.2,1,21.2,115,21.25,20,2,2022-03-30 09:07:10
1648631233010635000,21.2,2,21.2,63,21.25,22,2,2022-03-30 09:07:13
1648631236576881000,21.25,1,21.2,63,21.25,32,1,2022-03-30 09:07:16
1648631238773569000,21.2,3,21.2,60,21.25,32,2,2022-03-30 09:07:18
1648631241873731000,21.2,1,21.2,59,21.25,32,2,2022-03-30 09:07:21
1648631241997765000,21.25,2,21.2,59,21.25,30,1,2022-03-30 09:07:21
1648631244045294000,21.25,1,21.2,59,21.25,28,1,2022-03-30 09:07:24
1648631244854862000,21.25,2,21.2,59,21.25,26,1,2022-03-30 09:07:24
1648631244932632000,21.25,1,21.2,60,21.25,25,1,2022-03-30 09:07:24
1648631245538333000,21.25,1,21.2,61,21.25,24,1,2022-03-30 09:07:25
1648631245561691000,21.25,8,21.2,61,21.25,16,1,2022-03-30 09:07:25
1648631246353928000,21.2,1,21.2,60,21.25,15,2,2022-03-30 09:07:26
1648631246449228000,21.25,3,21.2,60,21.25,12,1,2022-03-30 09:07:26
1648631246635045000,21.25,1,21.2,60,21.25,11,1,2022-03-30 09:07:26
1648631247855725000,21.2,10,21.2,50,21.25,11,2,2022-03-30 09:07:27
1648631247887503000,21.25,5,21.2,50,21.25,7,1,2022-03-30 09:07:27
1648631247922908000,21.2,1,21.2,69,21.25,7,2,2022-03-30 09:07:27
1648631248550012000,21.2,1,21.2,68,21.25,7,2,2022-03-30 09:07:28
1648631248564151000,21.25,2,21.2,68,21.25,5,1,2022-03-30 09:07:28
1648631248592380000,21.25,4,21.2,68,21.25,1,1,2022-03-30 09:07:28
1648631250026348000,21.25,1,21.25,1,21.3,22,1,2022-03-30 09:07:30
1648631250369790000,21.25,2,21.25,1,21.3,22,2,2022-03-30 09:07:30
1648631255093723000,21.25,1,21.2,74,21.25,9,2,2022-03-30 09:07:35
1648631258511808000,21.25,2,21.2,73,21.25,7,1,2022-03-30 09:07:38
1648631258532367000,21.25,2,21.2,73,21.25,5,1,2022-03-30 09:07:38
1648631258911253000,21.25,5,21.25,5,21.3,21,1,2022-03-30 09:07:38
1648631259255058000,21.25,1,21.25,5,21.3,20,2,2022-03-30 09:07:39
1648631263266302000,21.25,3,21.25,6,21.3,22,2,2022-03-30 09:07:43
1648631265606608000,21.25,2,21.25,4,21.3,22,2,2022-03-30 09:07:45
1648631267481527000,21.25,1,21.25,4,21.3,22,2,2022-03-30 09:07:47
1648631269696491000,21.25,1,21.25,4,21.3,22,2,2022-03-30 09:07:49
1648631271652774000,21.25,3,21.25,3,21.3,22,2,2022-03-30 09:07:51
1648631272280285000,21.25,1,21.25,2,21.3,22,2,2022-03-30 09:07:52
1648631275202566000,21.3,3,21.25,11,21.3,19,1,2022-03-30 09:07:55
1648631278052356000,21.3,1,21.25,11,21.3,18,1,2022-03-30 09:07:58
1648631281750999000,21.25,1,21.25,14,21.3,18,2,2022-03-30 09:08:01
1648631286434521000,21.25,1,21.25,14,21.3,38,2,2022-03-30 09:08:06
1648631291193499000,21.25,10,21.25,6,21.3,39,2,2022-03-30 09:08:11
1648631292836578000,21.25,1,21.25,5,21.3,39,2,2022-03-30 09:08:12
1648631295714189000,21.25,2,21.25,10,21.3,37,2,2022-03-30 09:08:15
1648631296089168000,21.25,2,21.25,8,21.3,37,2,2022-03-30 09:08:16
1648631296889055000,21.25,3,21.25,5,21.3,37,2,2022-03-30 09:08:16
1648631297820372000,21.25,1,21.25,7,21.3,37,2,2022-03-30 09:08:17
1648631298273168000,21.25,7,21.2,79,21.25,3,2,2022-03-30 09:08:18
1648631298281483000,21.2,10,21.2,69,21.25,3,2,2022-03-30 09:08:18
1648631298310089000,21.25,3,21.2,69,21.3,37,1,2022-03-30 09:08:18
1648631298324191000,21.2,1,21.2,68,21.25,1,2,2022-03-30 09:08:18
1648631298343099000,21.2,1,21.2,67,21.3,37,2,2022-03-30 09:08:18
1648631298761542000,21.25,1,21.2,67,21.25,1,1,2022-03-30 09:08:18
1648631302937033000,21.25,2,21.25,3,21.3,37,1,2022-03-30 09:08:22
1648631303756985000,21.25,1,21.25,2,21.3,37,2,2022-03-30 09:08:23
1648631305094169000,21.25,1,21.25,1,21.3,38,2,2022-03-30 09:08:25
1648631305834436000,21.25,1,21.25,11,21.3,38,2,2022-03-30 09:08:25
1648631306542152000,21.25,1,21.25,10,21.3,38,2,2022-03-30 09:08:26
1648631306738304000,21.3,2,21.25,10,21.3,36,1,2022-03-30 09:08:26
1648631307893715000,21.3,12,21.25,19,21.3,25,1,2022-03-30 09:08:27
1648631310294596000,21.3,1,21.25,20,21.3,25,1,2022-03-30 09:08:30
1648631310914112000,21.25,20,21.25,6,21.3,25,2,2022-03-30 09:08:30
1648631311344317000,21.3,1,21.25,6,21.3,24,1,2022-03-30 09:08:31
1648631316045165000,21.25,10,21.25,1,21.3,24,2,2022-03-30 09:08:36
1648631317795509000,21.3,1,21.25,7,21.3,27,1,2022-03-30 09:08:37
1648631324920568000,21.3,1,21.25,10,21.3,27,1,2022-03-30 09:08:44
1648631338594812000,21.25,3,21.25,22,21.3,32,2,2022-03-30 09:08:58
1648631340216492000,21.25,3,21.25,19,21.3,33,2,2022-03-30 09:09:00
1648631343895371000,21.25,1,21.25,28,21.3,34,2,2022-03-30 09:09:03
1648631345721006000,21.25,2,21.25,26,21.3,34,2,2022-03-30 09:09:05
1648631347006503000,21.25,4,21.25,23,21.3,34,2,2022-03-30 09:09:07
1648631347591361000,21.25,10,21.25,13,21.3,34,2,2022-03-30 09:09:07
1648631348877419000,21.25,5,21.25,10,21.3,34,2,2022-03-30 09:09:08
1648631352080246000,21.25,1,21.25,9,21.3,34,2,2022-03-30 09:09:12
1648631354231489000,21.25,2,21.25,7,21.3,34,2,2022-03-30 09:09:14
1648631356165301000,21.25,1,21.25,6,21.3,34,2,2022-03-30 09:09:16
1648631359953540000,21.3,3,21.25,6,21.3,31,1,2022-03-30 09:09:19
1648631360745329000,21.25,1,21.25,5,21.3,30,2,2022-03-30 09:09:20
1648631364342385000,21.25,1,21.25,7,21.3,30,2,2022-03-30 09:09:24
1648631364492077000,21.3,5,21.25,7,21.3,25,1,2022-03-30 09:09:24
1648631371616325000,21.3,1,21.25,13,21.3,24,1,2022-03-30 09:09:31
1648631373686196000,21.25,2,21.25,11,21.3,22,2,2022-03-30 09:09:33
1648631379479977000,21.25,2,21.25,14,21.3,22,2,2022-03-30 09:09:39
1648631381201756000,21.25,3,21.25,11,21.3,22,2,2022-03-30 09:09:41
1648631390170870000,21.3,2,21.25,19,21.3,25,1,2022-03-30 09:09:50
1648631394024707000,21.3,2,21.25,20,21.3,23,1,2022-03-30 09:09:54
1648631406782345000,21.25,3,21.25,17,21.3,30,2,2022-03-30 09:10:06
1648631410084842000,21.25,1,21.25,19,21.3,30,2,2022-03-30 09:10:10
1648631416266658000,21.25,1,21.25,28,21.3,39,2,2022-03-30 09:10:16
1648631418900505000,21.3,1,21.25,27,21.3,37,1,2022-03-30 09:10:18
1648631421816621000,21.3,10,21.25,27,21.3,27,1,2022-03-30 09:10:21
1648631423130875000,21.3,1,21.25,27,21.3,26,1,2022-03-30 09:10:23
1648631427729998000,21.3,10,21.25,28,21.3,17,1,2022-03-30 09:10:27
1648631427924371000,21.25,3,21.25,25,21.3,17,2,2022-03-30 09:10:27
1648631428559376000,21.3,5,21.25,25,21.3,12,1,2022-03-30 09:10:28
1648631429779584000,21.3,5,21.25,25,21.3,7,1,2022-03-30 09:10:29
1648631430027947000,21.3,5,21.25,25,21.3,2,1,2022-03-30 09:10:30
1648631430274568000,21.3,2,21.3,2,21.35,15,1,2022-03-30 09:10:30
1648631432622210000,21.35,1,21.3,5,21.35,14,1,2022-03-30 09:10:32
1648631433865697000,21.3,1,21.3,4,21.35,14,2,2022-03-30 09:10:33
1648631442622940000,21.3,4,21.3,2,21.35,13,2,2022-03-30 09:10:42
1648631451563372000,21.35,1,21.3,5,21.35,13,1,2022-03-30 09:10:51
1648631461783533000,21.35,1,21.3,10,21.35,16,1,2022-03-30 09:11:01
1648631464070683000,21.35,1,21.3,10,21.35,15,1,2022-03-30 09:11:04
1648631465722651000,21.35,1,21.3,10,21.35,15,1,2022-03-30 09:11:05
1648631468976037000,21.35,2,21.3,8,21.35,13,1,2022-03-30 09:11:08
1648631469146137000,21.35,2,21.3,8,21.35,11,1,2022-03-30 09:11:09
1648631474612203000,21.35,1,21.3,18,21.35,10,1,2022-03-30 09:11:14
1648631477254158000,21.35,1,21.3,17,21.35,9,1,2022-03-30 09:11:17
1648631477430010000,21.35,3,21.3,17,21.35,6,1,2022-03-30 09:11:17
1648631479451419000,21.35,1,21.3,17,21.35,5,1,2022-03-30 09:11:19
1648631481745710000,21.35,1,21.3,17,21.35,4,1,2022-03-30 09:11:21
1648631483570917000,21.35,1,21.3,18,21.35,3,1,2022-03-30 09:11:23
1648631488205990000,21.35,1,21.3,20,21.35,2,1,2022-03-30 09:11:28
1648631489690537000,21.35,2,21.3,20,21.4,25,1,2022-03-30 09:11:29
1648631489690537000,21.4,1,21.3,20,21.4,25,1,2022-03-30 09:11:29
1648631491724958000,21.4,1,21.3,19,21.4,24,1,2022-03-30 09:11:31
1648631498195200000,21.4,1,21.3,22,21.4,26,1,2022-03-30 09:11:38
1648631499320545000,21.35,1,21.3,22,21.4,24,1,2022-03-30 09:11:39
1648631499320545000,21.4,2,21.3,22,21.4,24,1,2022-03-30 09:11:39
1648631502691036000,21.4,3,21.35,3,21.4,22,1,2022-03-30 09:11:42
1648631504548610000,21.35,1,21.35,2,21.4,22,2,2022-03-30 09:11:44
1648631509177062000,21.4,1,21.35,2,21.4,25,1,2022-03-30 09:11:49
1648631509452940000,21.35,1,21.35,1,21.4,25,2,2022-03-30 09:11:49
1648631515303075000,21.35,1,21.35,28,21.4,25,2,2022-03-30 09:11:55
1648631517753165000,21.4,3,21.35,28,21.4,22,1,2022-03-30 09:11:57
1648631521844565000,21.4,20,21.35,31,21.4,2,1,2022-03-30 09:12:01
1648631521871314000,21.4,2,21.35,31,21.45,10,1,2022-03-30 09:12:01
1648631522962708000,21.45,10,21.35,31,21.5,17,1,2022-03-30 09:12:02
1648631524798293000,21.35,1,21.35,33,21.5,17,2,2022-03-30 09:12:04
1648631525620006000,21.45,1,21.35,33,21.5,17,2,2022-03-30 09:12:05
1648631535331496000,21.45,2,21.35,34,21.45,1,1,2022-03-30 09:12:15
1648631540728327000,21.4,10,21.35,27,21.45,8,2,2022-03-30 09:12:20
1648631540728327000,21.35,10,21.35,27,21.45,8,2,2022-03-30 09:12:20
1648631547404338000,21.4,1,21.35,37,21.45,9,2,2022-03-30 09:12:27
1648631547785889000,21.35,1,21.35,35,21.45,9,2,2022-03-30 09:12:27
1648631549289022000,21.4,3,21.4,1,21.45,25,2,2022-03-30 09:12:29
1648631551716514000,21.4,1,21.4,1,21.45,28,2,2022-03-30 09:12:31
1648631552435202000,21.4,1,21.35,32,21.4,9,2,2022-03-30 09:12:32
1648631555389806000,21.4,2,21.35,33,21.4,10,1,2022-03-30 09:12:35
1648631558665397000,21.35,5,21.35,31,21.4,11,2,2022-03-30 09:12:38
1648631558699560000,21.35,1,21.35,30,21.4,11,2,2022-03-30 09:12:38
1648631559212597000,21.4,10,21.35,30,21.4,2,1,2022-03-30 09:12:39
1648631564453174000,21.4,1,21.35,40,21.4,2,1,2022-03-30 09:12:44
1648631564902551000,21.4,1,21.35,40,21.4,1,1,2022-03-30 09:12:44
1648631565392006000,21.4,1,21.35,40,21.45,7,1,2022-03-30 09:12:45
1648631565392006000,21.45,4,21.35,40,21.45,7,1,2022-03-30 09:12:45
1648631572842877000,21.4,1,21.35,45,21.4,5,1,2022-03-30 09:12:52
1648631575404948000,21.4,1,21.35,45,21.4,4,1,2022-03-30 09:12:55
1648631576066752000,21.4,1,21.35,46,21.4,3,1,2022-03-30 09:12:56
1648631576956105000,21.4,3,21.4,7,21.45,11,1,2022-03-30 09:12:56
1648631578156555000,21.4,5,21.4,2,21.45,13,2,2022-03-30 09:12:58
1648631578186681000,21.4,2,21.35,48,21.45,13,2,2022-03-30 09:12:58
1648631580466433000,21.45,1,21.4,13,21.45,12,1,2022-03-30 09:13:00
1648631581235467000,21.4,2,21.4,11,21.45,12,2,2022-03-30 09:13:01
1648631582254117000,21.4,1,21.4,10,21.45,12,2,2022-03-30 09:13:02
1648631585518141000,21.4,2,21.4,20,21.45,13,2,2022-03-30 09:13:05
1648631591636441000,21.4,6,21.4,18,21.45,14,2,2022-03-30 09:13:11
1648631593378895000,21.45,5,21.4,19,21.45,9,1,2022-03-30 09:13:13
1648631593924922000,21.4,1,21.4,18,21.45,8,2,2022-03-30 09:13:13
1648631595088033000,21.4,2,21.4,16,21.45,8,2,2022-03-30 09:13:15
1648631602040508000,21.4,1,21.4,24,21.45,11,2,2022-03-30 09:13:22
1648631608186932000,21.45,1,21.4,30,21.45,12,1,2022-03-30 09:13:28
1648631608598709000,21.4,2,21.4,28,21.45,12,2,2022-03-30 09:13:28
1648631614229449000,21.45,13,21.45,17,21.5,18,1,2022-03-30 09:13:34
1648631615422642000,21.45,2,21.45,15,21.5,18,2,2022-03-30 09:13:35
1648631624950296000,21.5,15,21.45,7,21.5,3,1,2022-03-30 09:13:44
1648631626195978000,21.5,1,21.45,8,21.5,2,1,2022-03-30 09:13:46
1648631628419324000,21.5,1,21.45,8,21.5,1,1,2022-03-30 09:13:48
1648631628502482000,21.5,1,21.45,8,21.55,27,1,2022-03-30 09:13:48
1648631630975393000,21.55,2,21.5,2,21.55,25,1,2022-03-30 09:13:50
1648631631263897000,21.55,10,21.5,2,21.55,15,1,2022-03-30 09:13:51
1648631631295055000,21.55,15,21.5,2,21.6,81,1,2022-03-30 09:13:51
1648631633509843000,21.55,2,21.5,7,21.6,79,2,2022-03-30 09:13:53
1648631634654537000,21.55,1,21.55,9,21.6,79,2,2022-03-30 09:13:54
1648631636449452000,21.6,1,21.55,10,21.6,77,1,2022-03-30 09:13:56
1648631636681839000,21.6,3,21.55,10,21.6,75,1,2022-03-30 09:13:56
1648631637571228000,21.6,3,21.55,10,21.6,72,1,2022-03-30 09:13:57
1648631638282051000,21.55,1,21.55,9,21.6,72,2,2022-03-30 09:13:58
1648631638338987000,21.55,2,21.55,7,21.6,72,2,2022-03-30 09:13:58
1648631638864948000,21.6,1,21.55,7,21.6,71,1,2022-03-30 09:13:58
1648631639700168000,21.6,1,21.55,7,21.6,70,1,2022-03-30 09:13:59
1648631639992157000,21.6,1,21.55,7,21.6,69,1,2022-03-30 09:13:59
1648631641607353000,21.6,1,21.55,8,21.6,68,1,2022-03-30 09:14:01
1648631642358539000,21.55,2,21.55,7,21.6,68,2,2022-03-30 09:14:02
1648631642378736000,21.55,6,21.55,1,21.6,68,2,2022-03-30 09:14:02
1648631642509898000,21.6,1,21.5,6,21.6,67,1,2022-03-30 09:14:02
1648631642805107000,21.6,5,21.55,1,21.6,62,1,2022-03-30 09:14:02
1648631643181411000,21.55,1,21.5,6,21.6,62,2,2022-03-30 09:14:03
1648631644692439000,21.55,2,21.5,16,21.55,15,1,2022-03-30 09:14:04
1648631647676097000,21.55,1,21.5,13,21.55,31,1,2022-03-30 09:14:07
1648631650101556000,21.5,10,21.5,9,21.55,32,2,2022-03-30 09:14:10
1648631651329071000,21.5,3,21.5,6,21.55,35,2,2022-03-30 09:14:11
1648631652150952000,21.5,6,21.45,5,21.5,4,2,2022-03-30 09:14:12
1648631653098165000,21.45,1,21.45,4,21.5,15,2,2022-03-30 09:14:13
1648631653914556000,21.45,1,21.45,3,21.5,16,2,2022-03-30 09:14:13
1648631655889202000,21.45,2,21.45,1,21.5,17,2,2022-03-30 09:14:15
1648631655915261000,21.45,1,21.4,19,21.5,17,2,2022-03-30 09:14:15
1648631656771812000,21.45,1,21.4,19,21.5,16,1,2022-03-30 09:14:16
1648631656771812000,21.5,1,21.4,19,21.5,16,1,2022-03-30 09:14:16
1648631658997985000,21.5,2,21.4,19,21.5,16,1,2022-03-30 09:14:18
1648631662709850000,21.5,1,21.45,3,21.5,15,1,2022-03-30 09:14:22
1648631666650546000,21.5,10,21.45,16,21.5,4,1,2022-03-30 09:14:26
1648631666953635000,21.5,1,21.45,16,21.5,3,1,2022-03-30 09:14:26
1648631667160586000,21.5,1,21.45,16,21.5,2,1,2022-03-30 09:14:27
1648631668248391000,21.5,1,21.45,16,21.5,1,1,2022-03-30 09:14:28
1648631669510204000,21.5,1,21.45,16,21.55,39,1,2022-03-30 09:14:29
1648631672837321000,21.5,1,21.45,16,21.55,39,1,2022-03-30 09:14:32
1648631673658077000,21.55,1,21.45,16,21.55,38,1,2022-03-30 09:14:33
1648631679309819000,21.5,1,21.45,11,21.55,32,2,2022-03-30 09:14:39
1648631679309819000,21.45,6,21.45,11,21.55,32,2,2022-03-30 09:14:39
1648631680543548000,21.45,10,21.45,1,21.5,1,2,2022-03-30 09:14:40
1648631680574807000,21.45,1,21.4,16,21.5,1,2,2022-03-30 09:14:40
1648631681240247000,21.45,1,21.5,1,21.55,32,1,2022-03-30 09:14:41
1648631681240247000,21.5,1,21.5,1,21.55,32,1,2022-03-30 09:14:41
1648631681268610000,21.5,1,21.4,16,21.55,32,2,2022-03-30 09:14:41
1648631682251609000,21.5,1,21.5,1,21.55,33,1,2022-03-30 09:14:42
1648631682280299000,21.5,1,21.4,16,21.55,33,2,2022-03-30 09:14:42
1648631689547942000,21.5,6,21.45,4,21.5,6,1,2022-03-30 09:14:49
1648631689619386000,21.45,1,21.45,3,21.5,6,2,2022-03-30 09:14:49
1648631690013311000,21.45,1,21.45,2,21.5,6,2,2022-03-30 09:14:50
1648631690583179000,21.45,1,21.45,1,21.5,7,2,2022-03-30 09:14:50
1648631693415369000,21.45,2,21.4,17,21.45,3,2,2022-03-30 09:14:53
1648631693630211000,21.45,1,21.4,17,21.45,2,1,2022-03-30 09:14:53
1648631694868879000,21.45,1,21.4,17,21.45,1,1,2022-03-30 09:14:54
1648631697524159000,21.45,1,21.4,17,21.45,2,1,2022-03-30 09:14:57
1648631699955254000,21.45,2,21.45,3,21.5,5,1,2022-03-30 09:14:59
1648631705506150000,21.5,1,21.45,4,21.5,4,1,2022-03-30 09:15:05
1648631706797967000,21.5,4,21.45,5,21.55,46,1,2022-03-30 09:15:06
1648631706797967000,21.55,3,21.45,5,21.55,46,1,2022-03-30 09:15:06
1648631710646806000,21.45,3,21.45,2,21.55,46,2,2022-03-30 09:15:10
1648631713881721000,21.5,1,21.5,2,21.55,46,2,2022-03-30 09:15:13
1648631713915403000,21.5,2,21.45,2,21.55,46,2,2022-03-30 09:15:13
1648631717507617000,21.5,1,21.45,5,21.55,46,1,2022-03-30 09:15:17
1648631724514222000,21.5,3,21.45,8,21.5,10,1,2022-03-30 09:15:24
1648631724921874000,21.5,1,21.45,8,21.5,9,1,2022-03-30 09:15:24
1648631725811494000,21.45,1,21.45,7,21.5,13,2,2022-03-30 09:15:25
1648631731540371000,21.5,1,21.45,13,21.5,18,1,2022-03-30 09:15:31
1648631733487241000,21.5,5,21.45,16,21.5,13,1,2022-03-30 09:15:33
1648631736033285000,21.5,1,21.45,16,21.5,12,1,2022-03-30 09:15:36
1648631738749842000,21.45,1,21.45,15,21.5,26,2,2022-03-30 09:15:38
1648631739028605000,21.45,3,21.45,12,21.5,26,2,2022-03-30 09:15:39
1648631739241028000,21.45,1,21.45,11,21.5,26,2,2022-03-30 09:15:39
1648631746632053000,21.5,1,21.45,63,21.5,25,1,2022-03-30 09:15:46
1648631750139053000,21.5,1,21.45,64,21.5,25,1,2022-03-30 09:15:50
1648631757182363000,21.5,1,21.45,89,21.5,25,1,2022-03-30 09:15:57
1648631759830939000,21.45,1,21.45,88,21.5,25,2,2022-03-30 09:15:59
1648631760766136000,21.5,1,21.45,90,21.5,24,1,2022-03-30 09:16:00
1648631764333632000,21.5,1,21.45,90,21.5,19,1,2022-03-30 09:16:04
1648631767122731000,21.45,1,21.45,91,21.5,19,2,2022-03-30 09:16:07
1648631767818516000,21.5,2,21.45,91,21.5,17,1,2022-03-30 09:16:07
1648631767954946000,21.5,5,21.45,91,21.5,12,1,2022-03-30 09:16:07
1648631767982538000,21.5,2,21.45,91,21.5,10,1,2022-03-30 09:16:07
1648631769727170000,21.5,10,21.45,91,21.55,36,1,2022-03-30 09:16:09
1648631779629109000,21.55,5,21.5,7,21.55,31,1,2022-03-30 09:16:19
1648631780530016000,21.55,5,21.5,8,21.55,26,1,2022-03-30 09:16:20
1648631780795189000,21.5,2,21.5,6,21.55,26,2,2022-03-30 09:16:20
1648631780895790000,21.5,2,21.5,4,21.55,26,2,2022-03-30 09:16:20
1648631781031419000,21.55,5,21.5,6,21.55,21,1,2022-03-30 09:16:21
1648631787746663000,21.55,10,21.5,22,21.55,11,1,2022-03-30 09:16:27
1648631787779904000,21.55,3,21.5,22,21.55,8,1,2022-03-30 09:16:27
1648631788479825000,21.55,5,21.5,22,21.55,3,1,2022-03-30 09:16:28
1648631789007909000,21.55,3,21.55,2,21.6,66,1,2022-03-30 09:16:29
1648631789621478000,21.6,1,21.55,3,21.6,65,1,2022-03-30 09:16:29
1648631789967599000,21.55,4,21.5,17,21.6,65,2,2022-03-30 09:16:29
1648631789967599000,21.5,11,21.5,17,21.6,65,2,2022-03-30 09:16:29
1648631790147977000,21.6,1,21.55,4,21.6,64,1,2022-03-30 09:16:30
1648631790752455000,21.55,3,21.55,7,21.6,64,2,2022-03-30 09:16:30
1648631791348885000,21.55,7,21.5,10,21.6,64,2,2022-03-30 09:16:31
1648631791348885000,21.5,13,21.5,10,21.6,64,2,2022-03-30 09:16:31
1648631794902076000,21.5,5,21.5,8,21.55,2,2,2022-03-30 09:16:34
1648631799512558000,21.5,3,21.5,9,21.55,19,2,2022-03-30 09:16:39
1648631800394078000,21.5,1,21.5,9,21.55,20,2,2022-03-30 09:16:40
1648631802695901000,21.5,5,21.5,40,21.55,13,2,2022-03-30 09:16:42
1648631803171296000,21.55,2,21.5,40,21.55,11,1,2022-03-30 09:16:43
1648631810802485000,21.55,2,21.5,47,21.55,11,1,2022-03-30 09:16:50
1648631810856877000,21.55,10,21.5,47,21.55,1,1,2022-03-30 09:16:50
1648631811849527000,21.55,1,21.55,49,21.6,69,1,2022-03-30 09:16:51
1648631823276842000,21.55,30,21.55,31,21.6,69,2,2022-03-30 09:17:03
1648631825431561000,21.55,1,21.55,30,21.6,69,2,2022-03-30 09:17:05
1648631826273831000,21.55,5,21.55,25,21.6,69,2,2022-03-30 09:17:06
1648631826400930000,21.55,1,21.55,24,21.6,69,2,2022-03-30 09:17:06
1648631826678115000,21.55,1,21.55,23,21.6,69,2,2022-03-30 09:17:06
1648631827375253000,21.55,1,21.55,22,21.6,70,2,2022-03-30 09:17:07
1648631827457355000,21.55,2,21.55,20,21.6,70,2,2022-03-30 09:17:07
1648631827489171000,21.55,20,21.5,47,21.6,70,2,2022-03-30 09:17:07
1648631827828220000,21.5,2,21.5,45,21.6,70,2,2022-03-30 09:17:07
1648631831602411000,21.55,2,21.5,51,21.55,6,1,2022-03-30 09:17:11
1648631839315005000,21.55,1,21.5,52,21.55,9,1,2022-03-30 09:17:19
1648631843305037000,21.55,9,21.55,11,21.6,70,1,2022-03-30 09:17:23
1648631843817900000,21.6,1,21.55,11,21.6,69,1,2022-03-30 09:17:23
1648631848221084000,21.6,2,21.55,15,21.6,67,1,2022-03-30 09:17:28
1648631848870945000,21.6,1,21.55,24,21.6,66,1,2022-03-30 09:17:28
1648631851026679000,21.6,4,21.55,24,21.6,62,1,2022-03-30 09:17:31
1648631853288915000,21.55,5,21.55,20,21.6,62,2,2022-03-30 09:17:33
1648631854048171000,21.6,1,21.55,20,21.6,61,1,2022-03-30 09:17:34
1648631854261235000,21.6,2,21.55,20,21.6,59,1,2022-03-30 09:17:34
1648631855669608000,21.6,6,21.55,17,21.6,53,1,2022-03-30 09:17:35
1648631857086559000,21.6,40,21.55,21,21.6,13,1,2022-03-30 09:17:37
1648631857121940000,21.6,13,21.55,22,21.65,25,1,2022-03-30 09:17:37
1648631858067269000,21.65,5,21.6,5,21.65,20,1,2022-03-30 09:17:38
1648631858114550000,21.65,16,21.6,5,21.65,4,1,2022-03-30 09:17:38
1648631858142134000,21.65,2,21.6,5,21.65,2,1,2022-03-30 09:17:38
1648631858142316000,21.65,2,21.6,5,21.7,40,1,2022-03-30 09:17:38
1648631858192162000,21.7,10,21.6,5,21.7,30,1,2022-03-30 09:17:38
1648631858226809000,21.7,30,21.6,10,21.75,18,1,2022-03-30 09:17:38
1648631858249583000,21.75,3,21.6,10,21.75,15,1,2022-03-30 09:17:38
1648631858261620000,21.75,10,21.6,10,21.75,5,1,2022-03-30 09:17:38
1648631858267581000,21.75,1,21.6,10,21.75,4,1,2022-03-30 09:17:38
1648631858272834000,21.75,4,21.6,10,21.8,10,1,2022-03-30 09:17:38
1648631858272834000,21.8,6,21.6,10,21.8,10,1,2022-03-30 09:17:38
1648631858312803000,21.75,1,21.65,6,21.8,10,1,2022-03-30 09:17:38
1648631858390386000,21.8,10,21.65,7,21.85,6,1,2022-03-30 09:17:38
1648631858405084000,21.85,6,21.65,7,21.9,20,1,2022-03-30 09:17:38
1648631858405084000,21.9,4,21.65,7,21.9,20,1,2022-03-30 09:17:38
1648631858407305000,21.9,10,21.65,7,21.9,10,1,2022-03-30 09:17:38
1648631858407967000,21.9,10,21.65,7,21.95,12,1,2022-03-30 09:17:38
1648631858407967000,21.95,10,21.65,7,21.95,12,1,2022-03-30 09:17:38
1648631858442085000,21.95,3,21.7,1,21.95,9,1,2022-03-30 09:17:38
1648631858447276000,21.95,1,21.7,1,22.0,76,1,2022-03-30 09:17:38
1648631858447276000,22.0,4,21.7,1,22.0,76,1,2022-03-30 09:17:38
1648631858456249000,22.0,5,21.7,2,22.0,79,1,2022-03-30 09:17:38
1648631858462365000,22.0,10,21.7,2,22.0,69,1,2022-03-30 09:17:38
1648631858469443000,22.0,10,21.7,1,22.0,59,1,2022-03-30 09:17:38
1648631858472067000,22.0,15,21.7,1,22.0,44,1,2022-03-30 09:17:38
1648631858474674000,22.0,10,21.7,1,22.0,34,1,2022-03-30 09:17:38
1648631858488712000,22.0,3,21.7,2,22.0,23,1,2022-03-30 09:17:38
1648631858514328000,22.0,20,21.8,1,22.0,3,1,2022-03-30 09:17:38
1648631858533626000,22.0,1,21.85,1,22.0,2,1,2022-03-30 09:17:38
1648631858569981000,22.0,2,21.85,2,22.05,4,1,2022-03-30 09:17:38
1648631858607718000,22.05,1,21.85,3,22.05,3,1,2022-03-30 09:17:38
1648631858661902000,22.05,3,21.85,7,22.1,7,1,2022-03-30 09:17:38
1648631858661902000,22.1,3,21.85,7,22.1,7,1,2022-03-30 09:17:38
1648631858700140000,22.1,3,21.85,20,22.1,4,1,2022-03-30 09:17:38
1648631858705515000,22.1,4,21.85,23,22.15,76,1,2022-03-30 09:17:38
1648631858705515000,22.15,6,21.85,23,22.15,76,1,2022-03-30 09:17:38
1648631858714815000,22.15,8,21.85,24,22.15,76,1,2022-03-30 09:17:38
1648631858764669000,22.15,1,21.9,9,22.15,67,1,2022-03-30 09:17:38
1648631858798844000,22.15,10,21.95,1,22.15,57,1,2022-03-30 09:17:38
1648631858934040000,22.15,4,22.0,3,22.15,53,1,2022-03-30 09:17:38
1648631859287279000,22.0,2,22.0,1,22.15,53,2,2022-03-30 09:17:39
1648631859321786000,22.15,2,22.0,1,22.15,51,1,2022-03-30 09:17:39
1648631859341855000,22.15,6,21.9,8,22.15,45,1,2022-03-30 09:17:39
1648631859534022000,22.0,1,22.0,5,22.15,45,2,2022-03-30 09:17:39
1648631859550017000,22.15,4,22.0,5,22.15,41,1,2022-03-30 09:17:39
1648631860170906000,22.15,2,22.0,5,22.15,39,1,2022-03-30 09:17:40
1648631860343585000,22.15,2,22.0,5,22.15,37,1,2022-03-30 09:17:40
1648631860400507000,22.15,19,22.0,5,22.15,18,1,2022-03-30 09:17:40
1648631860659522000,22.15,1,22.0,5,22.15,17,1,2022-03-30 09:17:40
1648631861460585000,22.15,6,22.0,5,22.15,11,1,2022-03-30 09:17:41
1648631861682557000,22.15,1,22.0,5,22.15,10,1,2022-03-30 09:17:41
1648631864330537000,22.15,3,22.0,5,22.15,7,1,2022-03-30 09:17:44
1648631864897749000,22.0,1,22.0,4,22.15,7,2,2022-03-30 09:17:44
1648631865113902000,22.15,5,22.0,4,22.15,2,1,2022-03-30 09:17:45
1648631866403238000,22.15,1,22.0,9,22.15,1,1,2022-03-30 09:17:46
1648631866596236000,22.15,1,22.15,8,22.2,30,1,2022-03-30 09:17:46
1648631866619317000,22.15,8,22.0,9,22.2,30,2,2022-03-30 09:17:46
1648631868849873000,22.0,1,22.0,4,22.1,1,2,2022-03-30 09:17:48
1648631869178743000,22.05,1,22.0,5,22.1,9,2,2022-03-30 09:17:49
1648631869772155000,22.1,1,22.0,6,22.1,8,1,2022-03-30 09:17:49
1648631869908601000,22.1,1,22.0,9,22.1,7,1,2022-03-30 09:17:49
1648631870675986000,22.1,2,22.0,9,22.1,5,1,2022-03-30 09:17:50
1648631871194195000,22.0,3,22.0,6,22.1,5,2,2022-03-30 09:17:51
1648631871234370000,22.1,5,22.0,6,22.2,13,1,2022-03-30 09:17:51
1648631871234370000,22.15,21,22.0,6,22.2,13,1,2022-03-30 09:17:51
1648631871234370000,22.2,9,22.0,6,22.2,13,1,2022-03-30 09:17:51
1648631872384925000,22.1,4,22.0,19,22.1,6,1,2022-03-30 09:17:52
1648631872670830000,22.1,4,22.0,19,22.1,3,1,2022-03-30 09:17:52
1648631873418278000,22.1,3,22.1,4,22.15,1,1,2022-03-30 09:17:53
1648631873447893000,22.1,4,22.05,1,22.15,1,2,2022-03-30 09:17:53
1648631873803579000,22.15,1,22.05,1,22.2,4,1,2022-03-30 09:17:53
1648631873803579000,22.2,9,22.05,1,22.2,4,1,2022-03-30 09:17:53
1648631873886157000,22.05,1,22.0,20,22.2,4,2,2022-03-30 09:17:53
1648631874638364000,22.05,1,22.0,20,22.2,4,1,2022-03-30 09:17:54
1648631875205573000,22.2,1,22.1,5,22.2,3,1,2022-03-30 09:17:55
1648631875430452000,22.2,1,22.1,5,22.2,3,1,2022-03-30 09:17:55
1648631875787489000,22.2,3,22.1,5,22.25,56,1,2022-03-30 09:17:55
1648631875787489000,22.25,2,22.1,5,22.25,56,1,2022-03-30 09:17:55
1648631875984788000,22.1,5,22.1,10,22.25,57,2,2022-03-30 09:17:55
1648631876784199000,22.25,1,22.1,10,22.25,56,1,2022-03-30 09:17:56
1648631876844102000,22.1,1,22.1,9,22.25,56,2,2022-03-30 09:17:56
1648631876943703000,22.15,1,22.1,9,22.25,56,2,2022-03-30 09:17:56
1648631877042277000,22.25,1,22.1,10,22.25,55,1,2022-03-30 09:17:57
1648631877772174000,22.15,1,22.15,3,22.2,1,2,2022-03-30 09:17:57
1648631877797027000,22.15,3,22.1,25,22.2,1,2,2022-03-30 09:17:57
1648631878046723000,22.1,1,22.1,25,22.2,1,2,2022-03-30 09:17:58
1648631879291388000,22.15,1,22.15,1,22.2,1,1,2022-03-30 09:17:59
1648631880259272000,22.2,1,22.15,2,22.2,10,1,2022-03-30 09:18:00
1648631880287853000,22.15,2,22.1,27,22.2,10,2,2022-03-30 09:18:00
1648631881130605000,22.1,20,22.1,7,22.2,11,2,2022-03-30 09:18:01
1648631881164734000,22.1,7,22.05,7,22.2,11,2,2022-03-30 09:18:01
1648631882082697000,22.15,1,22.1,2,22.2,13,2,2022-03-30 09:18:02
1648631882700514000,22.15,1,22.1,15,22.15,4,1,2022-03-30 09:18:02
1648631882751845000,22.1,1,22.1,14,22.15,4,2,2022-03-30 09:18:02
1648631883075128000,22.15,1,22.1,14,22.15,3,1,2022-03-30 09:18:03
1648631883319477000,22.15,4,22.15,1,22.2,14,1,2022-03-30 09:18:03
1648631883348037000,22.15,1,22.1,14,22.2,14,2,2022-03-30 09:18:03
1648631883622364000,22.2,3,22.1,14,22.2,11,1,2022-03-30 09:18:03
1648631883697701000,22.1,1,22.1,14,22.2,11,2,2022-03-30 09:18:03
1648631883927922000,22.15,1,22.1,28,22.2,11,2,2022-03-30 09:18:03
1648631884218453000,22.15,1,22.1,28,22.2,2,1,2022-03-30 09:18:04
1648631884218453000,22.2,9,22.1,28,22.2,2,1,2022-03-30 09:18:04
1648631885703480000,22.15,1,22.1,32,22.15,4,1,2022-03-30 09:18:05
1648631886137713000,22.1,15,22.1,17,22.15,4,2,2022-03-30 09:18:06
1648631886202231000,22.15,1,22.1,18,22.15,3,1,2022-03-30 09:18:06
1648631886377410000,22.15,3,22.1,19,22.2,7,1,2022-03-30 09:18:06
1648631886652357000,22.15,1,22.1,19,22.15,5,1,2022-03-30 09:18:06
1648631886748661000,22.1,1,22.1,18,22.15,5,2,2022-03-30 09:18:06
1648631886920921000,22.1,1,22.1,17,22.15,5,2,2022-03-30 09:18:06
1648631887333416000,22.1,2,22.1,15,22.15,6,2,2022-03-30 09:18:07
1648631887884684000,22.1,5,22.1,10,22.15,6,2,2022-03-30 09:18:07
1648631887915793000,22.1,10,22.05,3,22.15,6,2,2022-03-30 09:18:07
1648631888048600000,22.1,1,22.05,3,22.15,6,2,2022-03-30 09:18:08
1648631888751307000,22.05,3,21.85,29,22.15,12,2,2022-03-30 09:18:08
1648631888751307000,22.0,30,21.85,29,22.15,12,2,2022-03-30 09:18:08
1648631888751307000,21.95,2,21.85,29,22.15,12,2,2022-03-30 09:18:08
1648631888751307000,21.9,9,21.85,29,22.15,12,2,2022-03-30 09:18:08
1648631888751307000,21.85,1,21.85,29,22.15,12,2,2022-03-30 09:18:08
1648631888953454000,22.1,1,21.9,1,22.1,6,1,2022-03-30 09:18:08
1648631889126290000,22.05,2,22.05,3,22.1,6,2,2022-03-30 09:18:09
1648631889126445000,22.05,3,21.9,1,22.1,6,2,2022-03-30 09:18:09
1648631889309645000,22.1,1,21.9,1,22.1,5,1,2022-03-30 09:18:09
1648631889433727000,22.1,1,21.95,1,22.1,5,1,2022-03-30 09:18:09
1648631889653889000,21.95,1,21.9,1,22.1,5,2,2022-03-30 09:18:09
1648631890171774000,22.05,1,21.9,3,22.15,8,1,2022-03-30 09:18:10
1648631890171774000,22.1,4,21.9,3,22.15,8,1,2022-03-30 09:18:10
1648631890171774000,22.15,5,21.9,3,22.15,8,1,2022-03-30 09:18:10
1648631891629700000,22.0,1,21.9,5,22.0,2,1,2022-03-30 09:18:11
1648631891769663000,22.0,2,21.9,5,22.05,3,1,2022-03-30 09:18:11
1648631891891566000,21.9,1,21.9,4,22.05,3,2,2022-03-30 09:18:11
1648631891922862000,21.9,4,21.85,29,22.05,3,2,2022-03-30 09:18:11
1648631892472372000,22.0,3,21.95,1,22.05,4,1,2022-03-30 09:18:12
1648631892472372000,22.05,4,21.95,1,22.05,4,1,2022-03-30 09:18:12
1648631893931310000,21.95,1,21.9,3,22.05,4,2,2022-03-30 09:18:13
1648631894546261000,22.0,1,21.9,1,22.05,7,1,2022-03-30 09:18:14
1648631894958390000,21.95,1,21.9,4,22.05,7,2,2022-03-30 09:18:14
1648631895043528000,22.05,1,21.9,4,22.05,6,1,2022-03-30 09:18:15
1648631895354439000,22.05,1,21.9,4,22.05,5,1,2022-03-30 09:18:15
1648631895454194000,22.05,5,22.05,4,22.1,10,1,2022-03-30 09:18:15
1648631895488820000,22.05,4,21.9,4,22.1,10,2,2022-03-30 09:18:15
1648631896928602000,22.0,2,21.9,4,22.0,8,1,2022-03-30 09:18:16
1648631897498218000,22.0,1,21.9,4,22.0,7,1,2022-03-30 09:18:17
1648631898811989000,21.95,1,21.9,4,22.0,8,1,2022-03-30 09:18:18
1648631898853615000,22.0,1,21.9,4,22.0,7,1,2022-03-30 09:18:18
1648631900795463000,21.95,1,21.9,4,22.0,16,2,2022-03-30 09:18:20
1648631901100135000,22.0,1,21.9,5,22.0,15,1,2022-03-30 09:18:21
1648631902994003000,21.95,1,21.9,7,21.95,8,1,2022-03-30 09:18:22
1648631904022965000,21.95,5,21.9,7,21.95,3,1,2022-03-30 09:18:24
1648631907082521000,21.9,4,21.9,8,21.95,13,2,2022-03-30 09:18:27
1648631907115681000,21.9,1,21.9,7,21.95,13,2,2022-03-30 09:18:27
1648631908141700000,21.95,5,21.9,9,21.95,10,1,2022-03-30 09:18:28
1648631909845854000,21.95,2,21.9,10,21.95,14,1,2022-03-30 09:18:29
1648631910254010000,21.95,5,21.9,10,21.95,17,1,2022-03-30 09:18:30
1648631910654570000,21.9,2,21.9,8,21.95,24,2,2022-03-30 09:18:30
1648631911308029000,21.9,3,21.9,5,21.95,24,2,2022-03-30 09:18:31
1648631911343312000,21.9,2,21.9,3,21.95,24,2,2022-03-30 09:18:31
1648631911552025000,21.95,1,21.9,3,21.95,23,1,2022-03-30 09:18:31
1648631911916610000,21.9,1,21.9,2,21.95,23,2,2022-03-30 09:18:31
1648631912146622000,21.95,1,21.9,2,21.95,23,1,2022-03-30 09:18:32
1648631912642984000,21.95,1,21.9,2,21.95,22,1,2022-03-30 09:18:32
1648631912962933000,21.9,3,21.9,2,21.95,22,2,2022-03-30 09:18:32
1648631914215839000,21.9,2,21.85,34,21.9,1,2,2022-03-30 09:18:34
1648631914669939000,21.9,1,21.9,4,21.95,23,1,2022-03-30 09:18:34
1648631914982817000,21.9,4,21.85,34,21.9,1,2,2022-03-30 09:18:34
1648631915563546000,21.9,1,21.85,34,21.9,1,1,2022-03-30 09:18:35
1648631915782426000,21.9,1,21.85,34,21.9,10,1,2022-03-30 09:18:35
1648631916475847000,21.85,20,21.85,14,21.9,16,2,2022-03-30 09:18:36
1648631916503447000,21.85,1,21.85,13,21.9,16,2,2022-03-30 09:18:36
1648631916522073000,21.85,2,21.85,11,21.9,16,2,2022-03-30 09:18:36
1648631916547513000,21.85,1,21.85,10,21.9,16,2,2022-03-30 09:18:36
1648631916850479000,21.85,10,21.8,5,21.85,20,2,2022-03-30 09:18:36
1648631917861182000,21.9,1,21.8,5,21.9,19,1,2022-03-30 09:18:37
1648631918589793000,21.85,1,21.8,5,21.85,8,1,2022-03-30 09:18:38
1648631918755305000,21.8,1,21.8,4,21.85,8,2,2022-03-30 09:18:38
1648631918981519000,21.8,4,21.65,20,21.85,8,2,2022-03-30 09:18:38
1648631918981519000,21.75,7,21.65,20,21.85,8,2,2022-03-30 09:18:38
1648631918981519000,21.7,15,21.65,20,21.85,8,2,2022-03-30 09:18:38
1648631918981519000,21.65,4,21.65,20,21.85,8,2,2022-03-30 09:18:38
1648631919138157000,21.7,1,21.65,16,21.8,2,2,2022-03-30 09:18:39
1648631919138157000,21.65,4,21.65,16,21.8,2,2,2022-03-30 09:18:39
1648631919185644000,21.65,16,21.6,2,21.8,2,2,2022-03-30 09:18:39
1648631919185644000,21.6,4,21.6,2,21.8,2,2,2022-03-30 09:18:39
1648631920237281000,21.75,1,21.65,1,21.75,1,1,2022-03-30 09:18:40
1648631920957513000,21.75,1,21.65,1,21.8,1,1,2022-03-30 09:18:40
1648631923056991000,21.8,1,21.65,1,21.85,8,1,2022-03-30 09:18:43
1648631932172962000,21.8,2,21.75,2,21.8,12,1,2022-03-30 09:18:52
1648631932588831000,21.8,1,21.75,2,21.8,11,1,2022-03-30 09:18:52
1648631933750249000,21.8,11,21.75,2,21.85,13,1,2022-03-30 09:18:53
1648631933750249000,21.85,14,21.75,2,21.85,13,1,2022-03-30 09:18:53
1648631934362902000,21.8,1,21.75,2,21.85,19,1,2022-03-30 09:18:54
1648631934505431000,21.8,1,21.75,2,21.85,19,2,2022-03-30 09:18:54
1648631936011345000,21.8,1,21.75,5,21.85,19,1,2022-03-30 09:18:56
1648631936120030000,21.8,1,21.75,5,21.8,1,1,2022-03-30 09:18:56
1648631936150597000,21.8,1,21.75,5,21.85,19,1,2022-03-30 09:18:56
1648631936571944000,21.8,1,21.75,5,21.85,19,2,2022-03-30 09:18:56
1648631936598808000,21.75,5,21.7,7,21.85,19,2,2022-03-30 09:18:56
1648631937843326000,21.85,10,21.8,14,21.85,9,1,2022-03-30 09:18:57
1648631937878040000,21.85,9,21.8,14,21.9,25,1,2022-03-30 09:18:57
1648631938365949000,21.8,2,21.8,12,21.9,25,2,2022-03-30 09:18:58
1648631942979699000,21.8,1,21.8,17,21.85,13,2,2022-03-30 09:19:02
1648631943334372000,21.8,13,21.8,8,21.85,13,2,2022-03-30 09:19:03
1648631943428130000,21.85,13,21.85,7,21.9,25,1,2022-03-30 09:19:03
1648631948988728000,21.9,5,21.85,26,21.9,11,1,2022-03-30 09:19:08
1648631949005632000,21.9,7,21.85,26,21.9,4,1,2022-03-30 09:19:09
1648631949005753000,21.9,4,21.85,26,21.95,27,1,2022-03-30 09:19:09
1648631949340384000,21.95,2,21.85,26,21.95,25,1,2022-03-30 09:19:09
1648631949365304000,21.95,5,21.85,26,21.95,20,1,2022-03-30 09:19:09
1648631950282041000,21.95,2,21.85,23,21.95,18,1,2022-03-30 09:19:10
1648631951295643000,21.95,18,21.9,3,22.15,33,1,2022-03-30 09:19:11
1648631951295643000,22.0,43,21.9,3,22.15,33,1,2022-03-30 09:19:11
1648631951295643000,22.05,10,21.9,3,22.15,33,1,2022-03-30 09:19:11
1648631951295643000,22.1,22,21.9,3,22.15,33,1,2022-03-30 09:19:11
1648631951295643000,22.15,1,21.9,3,22.15,33,1,2022-03-30 09:19:11
1648631951887459000,22.05,1,21.9,5,22.15,26,1,2022-03-30 09:19:11
1648631953960712000,22.1,5,22.05,2,22.15,26,1,2022-03-30 09:19:13
1648631955095019000,22.05,2,21.95,4,22.15,26,2,2022-03-30 09:19:15
1648631955095019000,22.0,3,21.95,4,22.15,26,2,2022-03-30 09:19:15
1648631955095019000,21.95,1,21.95,4,22.15,26,2,2022-03-30 09:19:15
1648631956131218000,22.1,3,22.0,1,22.1,3,1,2022-03-30 09:19:16
1648631957004641000,22.1,3,22.1,32,22.15,26,1,2022-03-30 09:19:17
1648631960435754000,22.1,10,22.1,27,22.15,27,2,2022-03-30 09:19:20
1648631960461856000,22.1,1,22.1,26,22.15,27,2,2022-03-30 09:19:20
1648631960527808000,22.1,25,22.1,1,22.15,27,2,2022-03-30 09:19:20
1648631960558239000,22.1,1,22.05,7,22.15,27,2,2022-03-30 09:19:20
1648631961305553000,22.1,1,22.05,7,22.15,31,1,2022-03-30 09:19:21
1648631961409362000,22.05,1,22.05,6,22.15,31,2,2022-03-30 09:19:21
1648631961465228000,22.15,1,22.05,6,22.15,30,1,2022-03-30 09:19:21
1648631962184180000,22.05,2,22.05,4,22.1,14,2,2022-03-30 09:19:22
1648631962225559000,22.05,4,22.0,2,22.1,14,2,2022-03-30 09:19:22
1648631963749709000,22.0,1,22.0,1,22.05,9,2,2022-03-30 09:19:23
1648631965435446000,22.0,1,21.95,4,22.0,4,2,2022-03-30 09:19:25
1648631965567698000,22.0,2,21.95,4,22.0,2,1,2022-03-30 09:19:25
1648631966482092000,22.0,2,21.95,4,22.05,13,1,2022-03-30 09:19:26
1648631966610945000,22.05,3,21.95,4,22.05,10,1,2022-03-30 09:19:26
1648631966739422000,22.05,1,21.95,4,22.05,9,1,2022-03-30 09:19:26
1648631967937441000,22.0,2,22.0,3,22.05,9,1,2022-03-30 09:19:27
1648631969012929000,22.0,1,22.0,4,22.05,9,2,2022-03-30 09:19:29
1648631969554181000,22.0,6,22.0,1,22.05,4,2,2022-03-30 09:19:29
1648631969623301000,22.0,1,21.95,6,22.05,4,2,2022-03-30 09:19:29
1648631970163895000,22.05,4,22.0,1,22.1,29,1,2022-03-30 09:19:30
1648631970163895000,22.1,1,22.0,1,22.1,29,1,2022-03-30 09:19:30
1648631970485731000,22.05,2,22.05,3,22.1,29,2,2022-03-30 09:19:30
1648631970840485000,22.1,3,22.05,3,22.1,26,1,2022-03-30 09:19:30
1648631971814030000,22.05,4,22.0,3,22.1,27,2,2022-03-30 09:19:31
1648631973810896000,22.05,3,22.0,5,22.05,6,1,2022-03-30 09:19:33
1648631975479650000,22.05,2,22.0,15,22.05,10,1,2022-03-30 09:19:35
1648631979150131000,22.05,1,22.0,22,22.05,10,1,2022-03-30 09:19:39
1648631979507125000,22.05,5,22.0,22,22.05,5,1,2022-03-30 09:19:39
1648631980437923000,22.05,1,22.0,22,22.05,9,1,2022-03-30 09:19:40
1648631980884170000,22.05,5,22.0,23,22.05,4,1,2022-03-30 09:19:40
1648631981221226000,22.0,5,22.0,18,22.05,4,2,2022-03-30 09:19:41
1648631982067406000,22.05,2,22.0,18,22.05,2,1,2022-03-30 09:19:42
1648631982151858000,22.05,2,22.05,2,22.1,45,1,2022-03-30 09:19:42
1648631982526828000,22.1,1,22.05,2,22.1,44,1,2022-03-30 09:19:42
1648631984362655000,22.1,10,22.05,5,22.1,34,1,2022-03-30 09:19:44
1648631985798132000,22.1,5,22.05,5,22.1,29,1,2022-03-30 09:19:45
1648631986360647000,22.1,10,22.05,6,22.1,29,1,2022-03-30 09:19:46
1648631986694374000,22.1,5,22.05,6,22.1,24,1,2022-03-30 09:19:46
1648631986924846000,22.1,1,22.05,6,22.1,23,1,2022-03-30 09:19:46
1648631987299609000,22.05,5,22.05,1,22.1,23,2,2022-03-30 09:19:47
1648631987882567000,22.1,1,22.05,1,22.1,22,1,2022-03-30 09:19:47
1648631989523581000,22.1,6,22.05,10,22.1,16,1,2022-03-30 09:19:49
1648631989625169000,22.1,3,22.05,10,22.1,13,1,2022-03-30 09:19:49
1648631991247121000,22.1,2,22.05,15,22.1,14,1,2022-03-30 09:19:51
1648631993240559000,22.1,1,22.05,21,22.1,19,1,2022-03-30 09:19:53
1648631993784178000,22.1,15,22.05,21,22.1,4,1,2022-03-30 09:19:53
1648631994463784000,22.1,1,22.05,21,22.1,3,1,2022-03-30 09:19:54
1648631994647298000,22.1,3,22.1,1,22.15,38,1,2022-03-30 09:19:54
1648631996137695000,22.1,1,22.1,7,22.15,38,2,2022-03-30 09:19:56
1648631997459340000,22.1,4,22.1,8,22.15,34,2,2022-03-30 09:19:57
1648631997838932000,22.15,1,22.1,8,22.15,33,1,2022-03-30 09:19:57
1648631998540492000,22.1,9,22.05,22,22.1,1,2,2022-03-30 09:19:58
1648632000415364000,22.1,1,22.1,8,22.15,33,1,2022-03-30 09:20:00
1648632000704193000,22.15,1,22.1,8,22.15,32,1,2022-03-30 09:20:00
1648632002116032000,22.1,1,22.1,11,22.15,33,2,2022-03-30 09:20:02
1648632002282810000,22.15,1,22.1,11,22.15,32,1,2022-03-30 09:20:02
1648632003900670000,22.1,1,22.1,11,22.15,32,2,2022-03-30 09:20:03
1648632004905303000,22.1,12,22.05,22,22.1,1,2,2022-03-30 09:20:04
1648632004963235000,22.1,1,22.05,22,22.15,31,1,2022-03-30 09:20:04
1648632006050598000,22.1,1,22.1,4,22.15,47,1,2022-03-30 09:20:06
1648632006425117000,22.1,1,22.1,3,22.15,47,2,2022-03-30 09:20:06
1648632006446031000,22.1,1,22.1,2,22.15,47,2,2022-03-30 09:20:06
1648632006737710000,22.15,1,22.1,3,22.15,46,1,2022-03-30 09:20:06
1648632008102397000,22.1,2,22.1,1,22.15,46,2,2022-03-30 09:20:08
1648632010573084000,22.1,2,22.1,12,22.15,46,2,2022-03-30 09:20:10
1648632010939980000,22.1,1,22.1,11,22.15,46,2,2022-03-30 09:20:10
1648632012360585000,22.1,1,22.1,10,22.15,46,2,2022-03-30 09:20:12
1648632012443184000,22.1,10,22.05,23,22.15,46,2,2022-03-30 09:20:12
1648632012776489000,22.1,4,22.1,1,22.15,46,2,2022-03-30 09:20:12
1648632012801073000,22.1,1,22.05,23,22.15,46,2,2022-03-30 09:20:12
1648632013239583000,22.1,1,22.1,10,22.15,46,2,2022-03-30 09:20:13
1648632013313384000,22.1,1,22.1,9,22.15,46,2,2022-03-30 09:20:13
1648632013433910000,22.1,5,22.1,4,22.15,46,2,2022-03-30 09:20:13
1648632013460813000,22.1,4,22.05,23,22.1,1,2,2022-03-30 09:20:13
1648632014390190000,22.05,1,22.05,22,22.1,31,2,2022-03-30 09:20:14
1648632015044386000,22.1,10,22.05,22,22.1,21,1,2022-03-30 09:20:15
1648632015056390000,22.05,1,22.05,21,22.1,21,2,2022-03-30 09:20:15
1648632017249526000,22.05,21,21.95,11,22.0,37,2,2022-03-30 09:20:17
1648632017249526000,22.0,42,21.95,11,22.0,37,2,2022-03-30 09:20:17
1648632019801841000,21.95,1,21.95,9,22.0,37,2,2022-03-30 09:20:19
1648632020122150000,21.95,1,21.95,8,22.0,37,2,2022-03-30 09:20:20
1648632020150892000,21.95,8,21.9,23,22.0,37,2,2022-03-30 09:20:20
1648632020762936000,21.9,2,21.9,20,21.95,1,2,2022-03-30 09:20:20
1648632021129332000,21.95,2,21.9,20,21.95,1,1,2022-03-30 09:20:21
1648632023982645000,21.9,1,21.9,16,21.95,15,2,2022-03-30 09:20:23
1648632024229672000,21.95,1,21.9,16,21.95,14,1,2022-03-30 09:20:24
1648632025016626000,21.9,3,21.9,13,21.95,14,2,2022-03-30 09:20:25
1648632025969292000,21.95,1,21.9,13,21.95,13,1,2022-03-30 09:20:25
1648632026022292000,21.9,2,21.9,11,21.95,13,2,2022-03-30 09:20:26
1648632026106986000,21.95,1,21.9,12,21.95,12,1,2022-03-30 09:20:26
1648632028697593000,21.95,1,21.9,212,21.95,11,1,2022-03-30 09:20:28
1648632029128763000,21.95,1,21.9,212,21.95,10,1,2022-03-30 09:20:29
1648632030221395000,21.9,5,21.9,208,21.95,10,2,2022-03-30 09:20:30
1648632031828920000,21.9,1,21.9,208,21.95,10,2,2022-03-30 09:20:31
1648632032842244000,21.9,5,21.9,203,21.95,10,2,2022-03-30 09:20:32
1648632032858756000,21.9,1,21.9,202,21.95,10,2,2022-03-30 09:20:32
1648632033048336000,21.9,1,21.9,201,21.95,10,2,2022-03-30 09:20:33
1648632034111498000,21.9,1,21.9,202,21.95,20,2,2022-03-30 09:20:34
1648632035355882000,21.95,4,21.9,213,21.95,17,1,2022-03-30 09:20:35
1648632036250567000,21.9,1,21.9,212,21.95,17,2,2022-03-30 09:20:36
1648632037221729000,21.9,1,21.9,212,21.95,17,2,2022-03-30 09:20:37
1648632037226761000,21.95,1,21.9,212,21.95,16,1,2022-03-30 09:20:37
1648632037513202000,21.9,3,21.9,209,21.95,16,2,2022-03-30 09:20:37
1648632038135658000,21.95,1,21.9,209,21.95,15,1,2022-03-30 09:20:38
1648632038745071000,21.95,1,21.9,209,21.95,14,1,2022-03-30 09:20:38
1648632039310535000,21.9,1,21.9,208,21.95,14,2,2022-03-30 09:20:39
1648632040654688000,21.9,1,21.9,207,21.95,5,2,2022-03-30 09:20:40
1648632041046532000,21.95,2,21.9,207,21.95,5,1,2022-03-30 09:20:41
1648632041052319000,21.95,2,21.9,207,21.95,3,1,2022-03-30 09:20:41
1648632041108863000,21.9,1,21.9,206,21.95,3,2,2022-03-30 09:20:41
1648632041599745000,21.95,1,21.9,206,21.95,2,1,2022-03-30 09:20:41
1648632042727796000,21.95,1,21.9,206,21.95,1,1,2022-03-30 09:20:42
1648632044250013000,21.95,1,21.9,206,21.95,1,1,2022-03-30 09:20:44
