ts,close,volume,bid_price,bid_volume,ask_price,ask_volume,tick_type,datetime
1661763604670788000,29.25,3249,29.25,307,29.3,60,0,2022-08-29 09:00:04
1661763604715903000,29.25,13,29.25,294,29.3,60,2,2022-08-29 09:00:04
1661763604715995000,29.25,1,29.25,293,29.3,60,2,2022-08-29 09:00:04
1661763604720804000,29.25,4,29.25,289,29.3,60,2,2022-08-29 09:00:04
1661763604734505000,29.25,52,29.25,237,29.3,60,2,2022-08-29 09:00:04
1661763604743157000,29.25,1,29.25,236,29.3,60,2,2022-08-29 09:00:04
1661763604749698000,29.3,60,29.25,236,29.4,18,1,2022-08-29 09:00:04
1661763604794617000,29.25,8,29.25,228,29.4,18,2,2022-08-29 09:00:04
1661763604814337000,29.25,18,29.25,210,29.4,18,2,2022-08-29 09:00:04
1661763604817845000,29.25,2,29.25,208,29.4,18,2,2022-08-29 09:00:04
1661763604823020000,29.25,58,29.25,150,29.4,18,2,2022-08-29 09:00:04
1661763604824536000,29.25,2,29.25,148,29.4,18,2,2022-08-29 09:00:04
1661763604825965000,29.4,1,29.25,148,29.4,17,1,2022-08-29 09:00:04
1661763604826721000,29.25,10,29.25,138,29.4,17,2,2022-08-29 09:00:04
1661763604827774000,29.25,6,29.25,132,29.4,17,2,2022-08-29 09:00:04
1661763604832665000,29.25,20,29.25,112,29.4,17,2,2022-08-29 09:00:04
1661763604834987000,29.25,10,29.25,102,29.4,17,2,2022-08-29 09:00:04
1661763604897934000,29.25,10,29.25,92,29.4,17,2,2022-08-29 09:00:04
1661763605022849000,29.25,1,29.25,91,29.4,17,2,2022-08-29 09:00:05
1661763605223890000,29.3,2,29.25,91,29.3,2,1,2022-08-29 09:00:05
1661763605270298000,29.25,2,29.25,89,29.4,17,2,2022-08-29 09:00:05
1661763605472504000,29.25,5,29.25,84,29.4,17,2,2022-08-29 09:00:05
1661763605699657000,29.4,1,29.25,84,29.4,16,1,2022-08-29 09:00:05
1661763605729418000,29.25,2,29.25,82,29.4,16,2,2022-08-29 09:00:05
1661763605731541000,29.4,16,29.25,89,29.4,17,1,2022-08-29 09:00:05
1661763605766538000,29.4,3,29.3,18,29.4,3,1,2022-08-29 09:00:05
1661763605818422000,29.3,6,29.25,68,29.4,3,2,2022-08-29 09:00:05
1661763605818422000,29.25,14,29.25,68,29.4,3,2,2022-08-29 09:00:05
1661763605891688000,29.25,6,29.25,62,29.4,3,2,2022-08-29 09:00:05
1661763606167119000,29.25,20,29.25,42,29.4,3,2,2022-08-29 09:00:06
1661763606203491000,29.25,4,29.25,68,29.4,3,2,2022-08-29 09:00:06
1661763606405859000,29.25,1,29.25,37,29.4,3,2,2022-08-29 09:00:06
1661763606676518000,29.3,4,29.25,37,29.4,3,2,2022-08-29 09:00:06
1661763607050691000,29.3,2,29.25,37,29.4,3,2,2022-08-29 09:00:07
1661763607103097000,29.25,1,29.25,36,29.35,1,2,2022-08-29 09:00:07
1661763607517541000,29.3,3,29.25,33,29.35,3,2,2022-08-29 09:00:07
1661763607517541000,29.25,3,29.25,33,29.35,3,2,2022-08-29 09:00:07
1661763607633164000,29.35,1,29.3,3,29.35,3,1,2022-08-29 09:00:07
1661763607801965000,29.3,1,29.25,34,29.4,2,1,2022-08-29 09:00:07
1661763607801965000,29.35,2,29.25,34,29.4,2,1,2022-08-29 09:00:07
1661763607801965000,29.4,1,29.25,34,29.4,2,1,2022-08-29 09:00:07
1661763607871819000,29.25,1,29.25,33,29.4,2,2,2022-08-29 09:00:07
1661763607911926000,29.35,1,29.25,33,29.35,4,1,2022-08-29 09:00:07
1661763608127846000,29.3,2,29.25,30,29.35,4,2,2022-08-29 09:00:08
1661763608127846000,29.25,3,29.25,30,29.35,4,2,2022-08-29 09:00:08
1661763608147689000,29.25,1,29.3,2,29.35,4,2,2022-08-29 09:00:08
1661763608419969000,29.25,1,29.25,121,29.35,4,2,2022-08-29 09:00:08
1661763608639960000,29.25,2,29.25,119,29.35,4,2,2022-08-29 09:00:08
1661763608663077000,29.25,30,29.25,122,29.35,4,2,2022-08-29 09:00:08
1661763608899675000,29.25,1,29.25,89,29.35,4,2,2022-08-29 09:00:08
1661763609067234000,29.35,1,29.25,89,29.35,3,1,2022-08-29 09:00:09
1661763609380206000,29.35,2,29.3,30,29.35,1,1,2022-08-29 09:00:09
1661763609381303000,29.3,10,29.3,20,29.35,1,2,2022-08-29 09:00:09
1661763609410890000,29.3,1,29.3,19,29.35,1,2,2022-08-29 09:00:09
1661763609559575000,29.3,5,29.3,14,29.35,1,2,2022-08-29 09:00:09
1661763609666970000,29.3,14,29.25,79,29.35,1,2,2022-08-29 09:00:09
1661763609666970000,29.25,11,29.25,79,29.35,1,2,2022-08-29 09:00:09
1661763609760292000,29.25,2,29.25,77,29.35,1,2,2022-08-29 09:00:09
1661763609791971000,29.25,1,29.25,76,29.35,1,2,2022-08-29 09:00:09
1661763609824931000,29.35,1,29.25,76,29.4,8,1,2022-08-29 09:00:09
1661763609937203000,29.3,10,29.3,10,29.4,8,2,2022-08-29 09:00:09
1661763609960212000,29.3,10,29.25,77,29.4,8,2,2022-08-29 09:00:09
1661763610150239000,29.4,2,29.3,2,29.4,8,1,2022-08-29 09:00:10
1661763610298127000,29.35,20,29.3,2,29.35,30,1,2022-08-29 09:00:10
1661763610343916000,29.3,1,29.3,1,29.35,30,2,2022-08-29 09:00:10
1661763610350561000,29.3,1,29.25,77,29.35,30,2,2022-08-29 09:00:10
1661763610352875000,29.35,2,29.25,77,29.35,28,1,2022-08-29 09:00:10
1661763610413915000,29.35,1,29.3,1,29.35,27,1,2022-08-29 09:00:10
1661763610466802000,29.3,4,29.25,77,29.3,46,2,2022-08-29 09:00:10
1661763610529647000,29.3,2,29.25,77,29.3,44,1,2022-08-29 09:00:10
1661763610557970000,29.3,1,29.25,77,29.3,43,1,2022-08-29 09:00:10
1661763610658436000,29.3,2,29.25,77,29.3,41,1,2022-08-29 09:00:10
1661763610821634000,29.3,2,29.25,77,29.3,40,1,2022-08-29 09:00:10
1661763610875139000,29.25,8,29.25,69,29.3,40,2,2022-08-29 09:00:10
1661763611020212000,29.25,5,29.25,65,29.3,40,2,2022-08-29 09:00:11
1661763611029285000,29.25,2,29.25,63,29.3,40,2,2022-08-29 09:00:11
1661763611261769000,29.3,1,29.25,63,29.3,39,1,2022-08-29 09:00:11
1661763611456714000,29.25,1,29.25,63,29.3,39,2,2022-08-29 09:00:11
1661763611459919000,29.25,2,29.25,61,29.3,39,2,2022-08-29 09:00:11
1661763611468831000,29.3,1,29.25,61,29.3,38,1,2022-08-29 09:00:11
1661763611548287000,29.25,10,29.25,51,29.3,38,2,2022-08-29 09:00:11
1661763611560521000,29.25,2,29.25,49,29.3,38,2,2022-08-29 09:00:11
1661763611563191000,29.3,1,29.25,49,29.3,37,1,2022-08-29 09:00:11
1661763611602414000,29.25,12,29.25,37,29.3,42,2,2022-08-29 09:00:11
1661763611606130000,29.25,2,29.25,35,29.3,42,2,2022-08-29 09:00:11
1661763611629003000,29.25,35,29.2,90,29.3,42,2,2022-08-29 09:00:11
1661763611652478000,29.3,10,29.2,90,29.3,32,1,2022-08-29 09:00:11
1661763611668913000,29.2,3,29.2,87,29.3,32,2,2022-08-29 09:00:11
1661763611734649000,29.2,2,29.2,87,29.25,1,2,2022-08-29 09:00:11
1661763611773619000,29.25,1,29.2,85,29.3,32,1,2022-08-29 09:00:11
1661763611829549000,29.25,1,29.2,85,29.3,32,1,2022-08-29 09:00:11
1661763611858271000,29.2,4,29.2,81,29.3,32,2,2022-08-29 09:00:11
1661763612053612000,29.25,1,29.2,81,29.25,19,2,2022-08-29 09:00:12
1661763612162226000,29.25,1,29.2,81,29.25,18,1,2022-08-29 09:00:12
1661763612238664000,29.25,1,29.2,81,29.25,22,1,2022-08-29 09:00:12
1661763612249084000,29.25,1,29.2,81,29.25,21,1,2022-08-29 09:00:12
1661763612276440000,29.2,1,29.2,80,29.25,21,2,2022-08-29 09:00:12
1661763612348187000,29.25,1,29.2,80,29.25,20,1,2022-08-29 09:00:12
1661763612375550000,29.25,10,29.2,80,29.25,20,1,2022-08-29 09:00:12
1661763612403291000,29.25,2,29.2,80,29.25,20,1,2022-08-29 09:00:12
1661763612437997000,29.25,1,29.2,80,29.25,19,1,2022-08-29 09:00:12
1661763612531775000,29.25,2,29.2,80,29.25,17,1,2022-08-29 09:00:12
1661763612608617000,29.25,1,29.2,80,29.25,28,1,2022-08-29 09:00:12
1661763612620212000,29.25,1,29.2,80,29.25,27,1,2022-08-29 09:00:12
1661763612628658000,29.2,1,29.2,79,29.25,27,2,2022-08-29 09:00:12
1661763612724977000,29.25,1,29.2,79,29.25,28,1,2022-08-29 09:00:12
1661763612972812000,29.25,1,29.2,79,29.25,35,1,2022-08-29 09:00:12
1661763613027703000,29.2,8,29.2,71,29.25,35,2,2022-08-29 09:00:13
1661763613055554000,29.25,1,29.2,71,29.25,34,1,2022-08-29 09:00:13
1661763613116597000,29.25,1,29.2,71,29.25,36,1,2022-08-29 09:00:13
1661763613124240000,29.2,71,29.15,24,29.25,36,2,2022-08-29 09:00:13
1661763613219675000,29.25,1,29.15,24,29.25,36,1,2022-08-29 09:00:13
1661763613259226000,29.25,1,29.15,24,29.25,35,1,2022-08-29 09:00:13
1661763613384749000,29.15,1,29.15,23,29.25,36,2,2022-08-29 09:00:13
1661763613422835000,29.15,1,29.15,22,29.25,36,2,2022-08-29 09:00:13
1661763613422974000,29.15,1,29.15,21,29.25,36,2,2022-08-29 09:00:13
1661763613423372000,29.15,1,29.15,20,29.25,36,2,2022-08-29 09:00:13
1661763613457841000,29.15,2,29.15,18,29.25,37,2,2022-08-29 09:00:13
1661763613526903000,29.25,2,29.15,18,29.25,35,1,2022-08-29 09:00:13
1661763613535352000,29.15,10,29.15,8,29.25,35,2,2022-08-29 09:00:13
1661763613580419000,29.25,1,29.15,8,29.25,44,1,2022-08-29 09:00:13
1661763613599372000,29.15,3,29.15,5,29.2,1,2,2022-08-29 09:00:13
1661763613625400000,29.15,5,29.1,43,29.2,1,2,2022-08-29 09:00:13
1661763613885464000,29.2,2,29.1,43,29.2,28,1,2022-08-29 09:00:13
1661763613886363000,29.1,1,29.1,42,29.2,28,2,2022-08-29 09:00:13
1661763613928495000,29.1,2,29.1,40,29.2,28,2,2022-08-29 09:00:13
1661763613929654000,29.1,1,29.1,39,29.2,28,2,2022-08-29 09:00:13
1661763613996655000,29.1,1,29.1,38,29.2,28,2,2022-08-29 09:00:13
1661763614201048000,29.1,5,29.1,38,29.2,30,2,2022-08-29 09:00:14
1661763614336762000,29.2,1,29.1,34,29.2,31,1,2022-08-29 09:00:14
1661763614350547000,29.1,1,29.1,33,29.2,31,2,2022-08-29 09:00:14
1661763614384199000,29.1,1,29.1,32,29.2,31,2,2022-08-29 09:00:14
1661763614458714000,29.2,1,29.1,32,29.2,40,1,2022-08-29 09:00:14
1661763614473845000,29.1,2,29.1,30,29.2,40,2,2022-08-29 09:00:14
1661763614497939000,29.1,3,29.1,27,29.2,40,2,2022-08-29 09:00:14
1661763614520647000,29.2,2,29.1,27,29.2,38,1,2022-08-29 09:00:14
1661763614544462000,29.1,5,29.1,22,29.2,38,2,2022-08-29 09:00:14
1661763614579012000,29.1,22,29.05,516,29.2,38,2,2022-08-29 09:00:14
1661763614624017000,29.15,1,29.05,516,29.15,1,1,2022-08-29 09:00:14
1661763614662764000,29.05,10,29.05,520,29.15,1,2,2022-08-29 09:00:14
1661763614671856000,29.05,5,29.05,515,29.15,1,2,2022-08-29 09:00:14
1661763614804311000,29.05,10,29.05,505,29.1,2,2,2022-08-29 09:00:14
1661763614818147000,29.1,1,29.05,505,29.1,1,1,2022-08-29 09:00:14
1661763614838470000,29.1,1,29.05,505,29.15,2,1,2022-08-29 09:00:14
1661763615004790000,29.1,2,29.05,505,29.15,12,1,2022-08-29 09:00:15
1661763615053980000,29.05,1,29.05,504,29.15,12,2,2022-08-29 09:00:15
1661763615099166000,29.05,1,29.05,503,29.15,12,2,2022-08-29 09:00:15
1661763615106453000,29.05,20,29.05,483,29.15,12,2,2022-08-29 09:00:15
1661763615112077000,29.05,1,29.05,482,29.15,12,2,2022-08-29 09:00:15
1661763615389549000,29.05,1,29.05,481,29.15,22,2,2022-08-29 09:00:15
1661763615444127000,29.15,1,29.05,481,29.15,21,1,2022-08-29 09:00:15
1661763615449822000,29.05,1,29.05,480,29.15,21,2,2022-08-29 09:00:15
1661763615597987000,29.05,35,29.05,445,29.15,37,2,2022-08-29 09:00:15
1661763615655793000,29.05,1,29.05,444,29.15,37,2,2022-08-29 09:00:15
1661763615669568000,29.05,1,29.05,443,29.15,38,2,2022-08-29 09:00:15
1661763615832421000,29.05,2,29.05,441,29.1,10,2,2022-08-29 09:00:15
1661763615892621000,29.05,1,29.05,440,29.1,10,2,2022-08-29 09:00:15
1661763615924044000,29.1,1,29.05,440,29.1,9,1,2022-08-29 09:00:15
1661763615925398000,29.1,1,29.05,440,29.1,8,1,2022-08-29 09:00:15
1661763615975928000,29.1,10,29.05,440,29.1,11,1,2022-08-29 09:00:15
1661763616004330000,29.05,1,29.05,439,29.1,11,2,2022-08-29 09:00:16
1661763616124222000,29.1,1,29.05,439,29.1,15,1,2022-08-29 09:00:16
1661763616159869000,29.1,4,29.05,426,29.1,11,1,2022-08-29 09:00:16
1661763616317179000,29.1,1,29.05,426,29.1,10,1,2022-08-29 09:00:16
1661763616341491000,29.1,3,29.05,426,29.1,7,1,2022-08-29 09:00:16
1661763616456282000,29.1,1,29.05,426,29.1,10,1,2022-08-29 09:00:16
1661763616463036000,29.05,2,29.05,424,29.1,10,2,2022-08-29 09:00:16
1661763616485592000,29.1,1,29.05,424,29.1,9,1,2022-08-29 09:00:16
1661763616491992000,29.1,1,29.05,424,29.1,8,1,2022-08-29 09:00:16
1661763616541393000,29.05,5,29.05,419,29.1,18,2,2022-08-29 09:00:16
1661763616548464000,29.1,1,29.05,419,29.1,17,1,2022-08-29 09:00:16
1661763616630718000,29.05,1,29.05,418,29.1,17,2,2022-08-29 09:00:16
1661763616667973000,29.05,3,29.05,415,29.1,17,2,2022-08-29 09:00:16
1661763616670756000,29.05,2,29.05,413,29.1,17,2,2022-08-29 09:00:16
1661763616701027000,29.05,1,29.05,418,29.1,17,2,2022-08-29 09:00:16
1661763616755236000,29.1,1,29.05,412,29.1,16,1,2022-08-29 09:00:16
1661763616774631000,29.05,10,29.05,402,29.1,16,2,2022-08-29 09:00:16
1661763616909465000,29.1,1,29.05,402,29.1,15,1,2022-08-29 09:00:16
1661763616922390000,29.05,1,29.05,401,29.1,15,2,2022-08-29 09:00:16
1661763616972427000,29.05,2,29.05,399,29.1,15,2,2022-08-29 09:00:16
1661763617033167000,29.05,1,29.05,398,29.1,25,2,2022-08-29 09:00:17
1661763617091110000,29.05,2,29.05,396,29.1,25,2,2022-08-29 09:00:17
1661763617140156000,29.05,13,29.05,383,29.1,25,2,2022-08-29 09:00:17
1661763617230744000,29.1,3,29.05,383,29.1,26,1,2022-08-29 09:00:17
1661763617322213000,29.05,4,29.05,379,29.1,33,2,2022-08-29 09:00:17
1661763617396484000,29.1,2,29.05,379,29.1,33,1,2022-08-29 09:00:17
1661763617463809000,29.05,1,29.05,378,29.1,33,2,2022-08-29 09:00:17
1661763617537980000,29.05,1,29.05,377,29.1,35,2,2022-08-29 09:00:17
1661763617546782000,29.05,10,29.05,367,29.1,35,2,2022-08-29 09:00:17
1661763617699280000,29.05,1,29.05,367,29.1,50,2,2022-08-29 09:00:17
1661763617935446000,29.05,1,29.05,365,29.1,55,2,2022-08-29 09:00:17
1661763618032004000,29.05,1,29.05,364,29.1,55,2,2022-08-29 09:00:18
1661763618037787000,29.05,1,29.05,363,29.1,55,2,2022-08-29 09:00:18
1661763618067859000,29.05,2,29.05,361,29.1,55,2,2022-08-29 09:00:18
1661763618113976000,29.05,1,29.05,360,29.1,55,2,2022-08-29 09:00:18
1661763618140810000,29.05,1,29.05,359,29.1,55,2,2022-08-29 09:00:18
1661763618156961000,29.1,1,29.05,360,29.1,55,1,2022-08-29 09:00:18
1661763618247975000,29.05,30,29.05,329,29.1,54,2,2022-08-29 09:00:18
1661763618276835000,29.05,329,29.0,209,29.1,54,2,2022-08-29 09:00:18
1661763618277378000,29.1,1,29.0,209,29.1,53,1,2022-08-29 09:00:18
1661763618374778000,29.0,33,29.0,176,29.1,53,2,2022-08-29 09:00:18
1661763618388987000,29.0,5,29.0,171,29.1,53,2,2022-08-29 09:00:18
1661763618408683000,29.0,7,29.0,164,29.1,53,2,2022-08-29 09:00:18
1661763618415200000,29.0,1,29.0,163,29.1,53,2,2022-08-29 09:00:18
1661763618416856000,29.0,2,29.0,161,29.1,53,2,2022-08-29 09:00:18
1661763618430966000,29.0,5,29.0,179,29.1,53,2,2022-08-29 09:00:18
1661763618431290000,29.0,1,29.0,178,29.1,53,2,2022-08-29 09:00:18
1661763618500110000,29.1,1,29.0,177,29.1,52,1,2022-08-29 09:00:18
1661763618501163000,29.0,2,29.0,175,29.1,52,2,2022-08-29 09:00:18
1661763618533424000,29.0,1,29.0,174,29.1,52,2,2022-08-29 09:00:18
1661763618593807000,29.0,1,29.0,173,29.1,53,2,2022-08-29 09:00:18
1661763618655199000,29.0,10,29.0,163,29.1,53,2,2022-08-29 09:00:18
1661763618719442000,29.0,1,29.0,174,29.1,53,2,2022-08-29 09:00:18
1661763618783255000,29.1,2,29.0,167,29.1,51,1,2022-08-29 09:00:18
1661763618906832000,29.0,1,29.0,166,29.1,51,2,2022-08-29 09:00:18
1661763618912809000,29.0,1,29.0,165,29.1,51,2,2022-08-29 09:00:18
1661763618964856000,29.0,10,29.0,155,29.1,51,2,2022-08-29 09:00:18
1661763619156814000,29.0,1,29.0,154,29.05,8,2,2022-08-29 09:00:19
1661763619167382000,29.05,5,29.0,155,29.05,3,1,2022-08-29 09:00:19
1661763619251562000,29.0,4,29.0,151,29.05,5,2,2022-08-29 09:00:19
1661763619358229000,29.0,5,29.0,146,29.05,25,2,2022-08-29 09:00:19
1661763619434175000,29.05,3,29.0,149,29.05,22,1,2022-08-29 09:00:19
1661763619514313000,29.0,4,29.0,145,29.05,22,2,2022-08-29 09:00:19
1661763619692702000,29.0,2,29.0,143,29.05,27,2,2022-08-29 09:00:19
1661763619884384000,29.05,1,29.0,143,29.05,31,1,2022-08-29 09:00:19
1661763619906260000,29.0,2,29.0,141,29.05,31,2,2022-08-29 09:00:19
1661763619982562000,29.05,1,29.0,141,29.05,30,1,2022-08-29 09:00:19
1661763620001549000,29.0,2,29.0,139,29.05,30,2,2022-08-29 09:00:20
1661763620004399000,29.0,40,29.0,99,29.05,30,2,2022-08-29 09:00:20
1661763620009499000,29.05,2,29.0,99,29.05,28,1,2022-08-29 09:00:20
1661763620099418000,29.0,1,29.0,98,29.05,38,2,2022-08-29 09:00:20
1661763620101685000,29.0,2,29.0,96,29.05,38,2,2022-08-29 09:00:20
1661763620162416000,29.05,1,29.0,96,29.05,39,1,2022-08-29 09:00:20
1661763620173725000,29.05,5,29.0,96,29.05,34,1,2022-08-29 09:00:20
1661763620180919000,29.05,1,29.0,96,29.05,40,1,2022-08-29 09:00:20
1661763620317055000,29.0,10,29.0,86,29.05,33,2,2022-08-29 09:00:20
1661763620320953000,29.05,15,29.0,86,29.05,18,1,2022-08-29 09:00:20
1661763620375057000,29.0,2,29.0,84,29.05,20,2,2022-08-29 09:00:20
1661763620440493000,29.05,3,29.0,84,29.05,17,1,2022-08-29 09:00:20
1661763620494612000,29.05,10,29.0,84,29.05,7,1,2022-08-29 09:00:20
1661763620537286000,29.0,30,29.0,54,29.05,8,2,2022-08-29 09:00:20
1661763620663631000,29.0,1,29.0,54,29.05,9,2,2022-08-29 09:00:20
1661763620934501000,29.0,1,29.0,52,29.05,9,2,2022-08-29 09:00:20
1661763620948319000,29.0,20,29.0,32,29.05,9,2,2022-08-29 09:00:20
1661763621051063000,29.0,15,29.0,37,29.05,9,2,2022-08-29 09:00:21
1661763621065386000,29.0,1,29.0,36,29.05,9,2,2022-08-29 09:00:21
1661763621085931000,29.0,2,29.0,34,29.05,9,2,2022-08-29 09:00:21
1661763621089092000,29.0,1,29.0,33,29.05,9,2,2022-08-29 09:00:21
1661763621125148000,29.0,2,29.0,31,29.05,9,2,2022-08-29 09:00:21
1661763621135779000,29.0,1,29.0,30,29.05,9,2,2022-08-29 09:00:21
1661763621177962000,29.0,5,29.0,25,29.05,9,2,2022-08-29 09:00:21
1661763621265639000,29.0,25,28.95,133,29.05,10,2,2022-08-29 09:00:21
1661763621290259000,28.95,1,28.95,132,29.05,10,2,2022-08-29 09:00:21
1661763621323585000,28.95,35,28.95,97,29.05,10,2,2022-08-29 09:00:21
1661763621324171000,28.95,4,28.95,93,29.05,10,2,2022-08-29 09:00:21
1661763621343395000,29.0,1,29.0,19,29.05,10,2,2022-08-29 09:00:21
1661763621345240000,29.0,5,29.0,14,29.05,10,2,2022-08-29 09:00:21
1661763621429160000,29.0,1,29.0,13,29.05,10,2,2022-08-29 09:00:21
1661763621441048000,29.0,1,29.0,12,29.05,10,2,2022-08-29 09:00:21
1661763621578059000,29.0,2,29.0,10,29.05,20,2,2022-08-29 09:00:21
1661763621874173000,29.0,1,29.0,9,29.05,23,2,2022-08-29 09:00:21
1661763621906562000,29.05,2,29.0,9,29.05,21,1,2022-08-29 09:00:21
1661763621907062000,29.05,1,29.0,9,29.05,20,1,2022-08-29 09:00:21
1661763621985546000,29.0,1,29.0,108,29.05,20,2,2022-08-29 09:00:21
1661763622053609000,29.0,2,29.0,108,29.05,20,2,2022-08-29 09:00:22
1661763622062745000,29.0,3,29.0,105,29.05,20,2,2022-08-29 09:00:22
1661763622078544000,29.05,1,29.0,105,29.05,19,1,2022-08-29 09:00:22
1661763622186409000,29.05,1,29.0,105,29.05,66,1,2022-08-29 09:00:22
1661763622309401000,29.05,1,29.0,105,29.05,64,1,2022-08-29 09:00:22
1661763622312729000,29.0,2,29.0,103,29.05,64,2,2022-08-29 09:00:22
1661763622388544000,29.0,2,29.0,101,29.05,74,2,2022-08-29 09:00:22
1661763622497352000,29.0,1,29.0,100,29.05,74,2,2022-08-29 09:00:22
1661763622568175000,29.0,10,29.0,90,29.05,74,2,2022-08-29 09:00:22
1661763622578912000,29.0,1,29.0,89,29.05,74,2,2022-08-29 09:00:22
1661763622596758000,29.0,1,29.0,88,29.05,74,2,2022-08-29 09:00:22
1661763622704117000,29.0,1,29.0,107,29.05,74,2,2022-08-29 09:00:22
1661763622725530000,29.0,20,29.0,87,29.05,75,2,2022-08-29 09:00:22
1661763622788243000,29.0,1,29.0,88,29.05,75,2,2022-08-29 09:00:22
1661763622805069000,29.05,10,29.0,88,29.05,65,1,2022-08-29 09:00:22
1661763622806919000,29.0,21,29.0,67,29.05,65,2,2022-08-29 09:00:22
1661763622872580000,29.0,5,29.0,62,29.05,65,2,2022-08-29 09:00:22
1661763622961634000,29.05,2,29.0,62,29.05,63,1,2022-08-29 09:00:22
1661763623014108000,29.0,9,29.0,58,29.05,63,2,2022-08-29 09:00:23
1661763623066735000,29.0,3,29.0,55,29.05,63,2,2022-08-29 09:00:23
1661763623130387000,29.0,1,29.0,54,29.05,63,2,2022-08-29 09:00:23
1661763623161823000,29.0,10,29.0,44,29.05,63,2,2022-08-29 09:00:23
1661763623201831000,29.0,1,29.0,67,29.05,63,2,2022-08-29 09:00:23
1661763623285668000,29.0,1,29.0,42,29.05,63,2,2022-08-29 09:00:23
1661763623298779000,29.0,1,29.0,41,29.05,63,2,2022-08-29 09:00:23
1661763623435280000,29.0,10,29.0,31,29.05,64,2,2022-08-29 09:00:23
1661763623459555000,29.0,2,29.0,29,29.05,64,2,2022-08-29 09:00:23
1661763623462531000,29.0,1,29.0,28,29.05,64,2,2022-08-29 09:00:23
1661763623476438000,29.0,5,29.0,23,29.05,64,2,2022-08-29 09:00:23
1661763623544843000,29.05,1,29.0,23,29.05,113,1,2022-08-29 09:00:23
1661763623545433000,29.0,23,28.95,95,29.0,52,2,2022-08-29 09:00:23
1661763623630708000,29.0,2,28.95,95,29.0,65,1,2022-08-29 09:00:23
1661763623738848000,29.0,1,28.95,115,29.0,65,1,2022-08-29 09:00:23
1661763623835363000,29.0,2,28.95,115,29.0,63,1,2022-08-29 09:00:23
1661763623871157000,28.95,19,28.95,96,29.0,73,2,2022-08-29 09:00:23
1661763623896820000,28.95,2,28.95,94,29.0,73,2,2022-08-29 09:00:23
1661763624008623000,29.0,5,28.95,94,29.0,69,1,2022-08-29 09:00:24
1661763624019352000,29.0,69,29.0,31,29.05,166,1,2022-08-29 09:00:24
1661763624046616000,29.0,1,29.0,30,29.05,166,2,2022-08-29 09:00:24
1661763624106704000,29.0,2,29.0,28,29.05,168,2,2022-08-29 09:00:24
1661763624132591000,29.05,3,29.0,28,29.05,165,1,2022-08-29 09:00:24
1661763624204805000,29.0,1,29.0,27,29.05,165,2,2022-08-29 09:00:24
1661763624211006000,29.0,1,29.0,26,29.05,165,2,2022-08-29 09:00:24
1661763624224766000,29.05,60,29.0,26,29.05,105,1,2022-08-29 09:00:24
1661763624237133000,29.05,1,29.0,30,29.05,168,1,2022-08-29 09:00:24
1661763624248595000,29.0,1,29.0,25,29.05,104,2,2022-08-29 09:00:24
1661763624307115000,29.0,5,29.0,20,29.05,104,2,2022-08-29 09:00:24
1661763624342925000,29.0,2,29.0,18,29.05,104,2,2022-08-29 09:00:24
1661763624391188000,29.0,1,29.0,17,29.05,104,2,2022-08-29 09:00:24
1661763624455063000,29.0,2,29.0,15,29.05,104,2,2022-08-29 09:00:24
1661763624629301000,29.0,1,29.0,14,29.05,109,2,2022-08-29 09:00:24
1661763624642938000,29.0,1,29.0,15,29.05,109,2,2022-08-29 09:00:24
1661763624841155000,29.0,10,29.0,3,29.05,109,2,2022-08-29 09:00:24
1661763624943977000,29.05,1,29.0,4,29.05,108,1,2022-08-29 09:00:24
1661763625021426000,29.05,3,29.0,4,29.05,107,1,2022-08-29 09:00:25
1661763625194098000,29.0,1,29.0,3,29.05,107,2,2022-08-29 09:00:25
1661763625196964000,29.0,3,28.95,94,29.05,107,2,2022-08-29 09:00:25
1661763625495705000,29.0,2,28.95,94,29.05,107,1,2022-08-29 09:00:25
1661763625624851000,28.95,2,28.95,95,29.0,2,2,2022-08-29 09:00:25
1661763625643445000,28.95,2,28.95,93,29.0,7,2,2022-08-29 09:00:25
1661763625654092000,29.0,1,28.95,93,29.0,6,1,2022-08-29 09:00:25
1661763625656719000,29.0,6,29.0,10,29.05,107,1,2022-08-29 09:00:25
1661763625739243000,29.0,1,29.0,12,29.05,107,2,2022-08-29 09:00:25
1661763625807496000,29.0,1,29.0,11,29.05,107,2,2022-08-29 09:00:25
1661763625811111000,29.05,1,29.0,11,29.05,106,1,2022-08-29 09:00:25
1661763625846361000,29.0,6,29.0,5,29.05,106,2,2022-08-29 09:00:25
1661763625949569000,29.0,1,29.0,4,29.05,106,2,2022-08-29 09:00:25
1661763626010924000,29.0,1,29.0,4,29.05,106,2,2022-08-29 09:00:26
1661763626173433000,29.0,1,29.0,3,29.05,106,2,2022-08-29 09:00:26
1661763626180691000,29.0,1,29.0,2,29.05,106,2,2022-08-29 09:00:26
1661763626197962000,29.0,1,29.0,1,29.05,106,2,2022-08-29 09:00:26
1661763626240981000,29.05,1,29.0,1,29.05,106,1,2022-08-29 09:00:26
1661763626327273000,29.05,5,29.0,1,29.05,101,1,2022-08-29 09:00:26
1661763626383297000,29.0,1,28.95,91,29.05,101,2,2022-08-29 09:00:26
1661763626383297000,28.95,2,28.95,91,29.05,101,2,2022-08-29 09:00:26
1661763626570062000,29.0,1,28.95,93,29.0,1,2,2022-08-29 09:00:26
1661763626591172000,29.0,1,28.95,93,29.0,1,1,2022-08-29 09:00:26
1661763626635893000,28.95,5,28.95,88,29.0,42,2,2022-08-29 09:00:26
1661763626705130000,29.0,5,28.95,88,29.0,37,1,2022-08-29 09:00:26
1661763626800682000,29.0,5,28.95,88,29.0,32,1,2022-08-29 09:00:26
1661763626845642000,29.0,1,28.95,88,29.0,31,1,2022-08-29 09:00:26
1661763627040328000,29.0,1,28.95,89,29.0,31,1,2022-08-29 09:00:27
1661763627049979000,29.0,1,28.95,89,29.0,30,1,2022-08-29 09:00:27
1661763627052356000,29.0,1,28.95,89,29.0,29,1,2022-08-29 09:00:27
1661763627199400000,28.95,17,28.95,70,29.0,29,2,2022-08-29 09:00:27
1661763627294672000,28.95,12,28.95,58,29.0,31,2,2022-08-29 09:00:27
1661763627328393000,28.95,1,28.95,57,29.0,31,2,2022-08-29 09:00:27
1661763627416685000,29.0,1,28.95,57,29.0,30,1,2022-08-29 09:00:27
1661763627465618000,28.95,5,28.95,52,29.0,30,2,2022-08-29 09:00:27
1661763627467744000,28.95,5,28.95,47,29.0,30,2,2022-08-29 09:00:27
1661763627493939000,29.0,1,28.95,47,29.0,29,1,2022-08-29 09:00:27
1661763627583018000,28.95,3,28.95,44,29.0,29,2,2022-08-29 09:00:27
1661763627588550000,29.0,1,28.95,44,29.0,28,1,2022-08-29 09:00:27
1661763627737802000,29.0,28,29.0,12,29.05,127,1,2022-08-29 09:00:27
1661763628078017000,29.0,1,29.0,33,29.05,127,2,2022-08-29 09:00:28
1661763628194864000,29.0,1,29.0,32,29.05,127,2,2022-08-29 09:00:28
1661763628237095000,29.0,2,29.0,30,29.05,132,2,2022-08-29 09:00:28
1661763628249413000,29.05,5,29.0,30,29.05,127,1,2022-08-29 09:00:28
1661763628261925000,29.0,1,29.0,29,29.05,127,2,2022-08-29 09:00:28
1661763628294813000,29.0,1,29.0,28,29.05,127,2,2022-08-29 09:00:28
1661763628303846000,29.0,1,29.0,27,29.05,127,2,2022-08-29 09:00:28
1661763628343149000,29.0,1,29.0,26,29.05,127,2,2022-08-29 09:00:28
1661763628360509000,29.05,1,29.0,26,29.05,126,1,2022-08-29 09:00:28
1661763628369679000,29.0,1,29.0,25,29.05,126,2,2022-08-29 09:00:28
1661763628410115000,29.0,4,29.0,21,29.05,126,2,2022-08-29 09:00:28
1661763628624390000,29.0,2,29.0,20,29.05,127,2,2022-08-29 09:00:28
1661763628640003000,29.0,5,29.0,15,29.05,127,2,2022-08-29 09:00:28
1661763628672988000,29.05,2,29.0,17,29.05,125,1,2022-08-29 09:00:28
1661763628719624000,29.0,3,29.0,17,29.05,127,2,2022-08-29 09:00:28
1661763628769669000,29.0,1,29.0,13,29.05,125,2,2022-08-29 09:00:28
1661763628778455000,29.0,1,29.0,12,29.05,125,2,2022-08-29 09:00:28
1661763628896296000,29.0,13,28.95,37,29.05,125,2,2022-08-29 09:00:28
1661763628896296000,28.95,7,28.95,37,29.05,125,2,2022-08-29 09:00:28
1661763628956284000,29.0,5,28.95,37,29.0,15,1,2022-08-29 09:00:28
1661763629016377000,29.0,1,28.95,37,29.0,14,1,2022-08-29 09:00:29
1661763629024538000,29.0,1,28.95,37,29.0,13,1,2022-08-29 09:00:29
1661763629099992000,29.0,1,28.95,37,29.0,15,1,2022-08-29 09:00:29
1661763629141996000,29.0,10,28.95,37,29.0,16,1,2022-08-29 09:00:29
1661763629267223000,29.0,5,28.95,37,29.0,1,1,2022-08-29 09:00:29
1661763629277086000,28.95,4,28.95,33,29.0,1,2,2022-08-29 09:00:29
1661763629308042000,29.0,1,28.95,33,29.0,1,1,2022-08-29 09:00:29
1661763629363116000,29.0,1,28.95,33,29.05,126,1,2022-08-29 09:00:29
1661763629420018000,29.0,3,28.95,33,29.05,119,1,2022-08-29 09:00:29
1661763629420018000,29.05,7,28.95,33,29.05,119,1,2022-08-29 09:00:29
1661763629431579000,28.95,9,28.95,24,29.05,119,2,2022-08-29 09:00:29
1661763629538215000,28.95,1,28.95,23,29.0,5,2,2022-08-29 09:00:29
1661763629605117000,29.0,7,28.95,23,29.0,7,1,2022-08-29 09:00:29
1661763629822294000,29.0,5,29.0,3,29.05,122,2,2022-08-29 09:00:29
1661763629932103000,29.0,7,28.95,23,29.0,3,2,2022-08-29 09:00:29
1661763629933106000,28.95,18,28.95,5,29.0,3,2,2022-08-29 09:00:29
1661763629981279000,29.0,1,28.95,5,29.0,17,1,2022-08-29 09:00:29
1661763629983310000,29.0,17,29.0,8,29.05,122,1,2022-08-29 09:00:29
1661763630002062000,29.0,2,29.0,6,29.05,122,2,2022-08-29 09:00:30
1661763630013781000,29.0,5,29.0,1,29.05,122,2,2022-08-29 09:00:30
1661763630151009000,29.0,2,28.9,74,28.95,3,2,2022-08-29 09:00:30
1661763630151009000,28.95,5,28.9,74,28.95,3,2,2022-08-29 09:00:30
1661763630170914000,28.95,1,28.9,74,28.95,2,1,2022-08-29 09:00:30
1661763630189347000,28.95,2,28.9,74,29.0,5,1,2022-08-29 09:00:30
1661763630280186000,29.0,2,28.95,6,29.0,3,1,2022-08-29 09:00:30
1661763630296252000,29.0,3,29.0,27,29.05,122,1,2022-08-29 09:00:30
1661763630310678000,29.0,2,29.0,25,29.05,122,2,2022-08-29 09:00:30
1661763630313239000,29.05,2,29.0,25,29.05,120,1,2022-08-29 09:00:30
1661763630345050000,29.0,5,29.0,20,29.05,120,2,2022-08-29 09:00:30
1661763630365944000,29.0,19,29.0,1,29.05,120,2,2022-08-29 09:00:30
1661763630379909000,29.0,1,28.9,65,28.95,2,2,2022-08-29 09:00:30
1661763630379909000,28.95,7,28.9,65,28.95,2,2,2022-08-29 09:00:30
1661763630580334000,28.95,1,28.9,65,28.95,1,1,2022-08-29 09:00:30
1661763630650547000,28.95,1,28.9,65,29.0,34,1,2022-08-29 09:00:30
1661763630650547000,29.0,1,28.9,65,29.0,34,1,2022-08-29 09:00:30
1661763630772389000,29.0,5,28.9,68,29.0,49,1,2022-08-29 09:00:30
1661763630777630000,29.0,1,28.9,68,29.0,48,1,2022-08-29 09:00:30
1661763630795371000,29.0,1,28.9,68,29.0,47,1,2022-08-29 09:00:30
1661763630811012000,29.0,4,28.9,68,29.0,43,1,2022-08-29 09:00:30
1661763630845173000,29.0,3,28.9,87,29.0,45,1,2022-08-29 09:00:30
1661763630879671000,29.0,20,28.9,87,29.0,28,1,2022-08-29 09:00:30
1661763630943415000,28.95,2,28.9,87,29.0,30,1,2022-08-29 09:00:30
1661763630985884000,29.0,1,28.9,88,29.0,29,1,2022-08-29 09:00:30
1661763631262713000,28.95,4,28.9,89,28.95,6,2,2022-08-29 09:00:31
1661763631270203000,28.95,6,28.9,89,29.0,35,1,2022-08-29 09:00:31
1661763631270203000,29.0,2,28.9,89,29.0,35,1,2022-08-29 09:00:31
1661763631384325000,29.0,5,28.9,89,29.0,31,1,2022-08-29 09:00:31
1661763631388646000,29.0,1,28.9,89,29.0,30,1,2022-08-29 09:00:31
1661763631441240000,29.0,8,28.9,89,29.0,24,1,2022-08-29 09:00:31
1661763631597261000,29.0,8,28.95,2,29.0,18,1,2022-08-29 09:00:31
1661763631598890000,29.0,3,28.95,2,29.0,15,1,2022-08-29 09:00:31
1661763631661807000,29.0,1,28.95,2,29.0,14,1,2022-08-29 09:00:31
1661763631715582000,29.0,1,28.95,2,29.0,15,1,2022-08-29 09:00:31
1661763631801915000,28.95,2,28.95,7,29.0,20,2,2022-08-29 09:00:31
1661763632058805000,28.95,5,28.95,15,29.0,25,2,2022-08-29 09:00:32
1661763632086477000,28.95,1,28.95,14,29.0,25,2,2022-08-29 09:00:32
1661763632135635000,29.0,1,28.95,14,29.0,24,1,2022-08-29 09:00:32
1661763632269122000,29.0,8,28.95,15,29.0,18,1,2022-08-29 09:00:32
1661763632288469000,28.95,1,28.95,14,29.0,18,2,2022-08-29 09:00:32
1661763632337844000,28.95,2,28.95,12,29.0,30,2,2022-08-29 09:00:32
1661763632388896000,29.0,5,28.95,12,29.0,25,1,2022-08-29 09:00:32
1661763632456281000,29.0,1,28.95,12,29.0,28,1,2022-08-29 09:00:32
1661763632470408000,29.0,1,28.95,12,29.0,27,1,2022-08-29 09:00:32
1661763632483600000,29.0,1,28.95,12,29.0,27,1,2022-08-29 09:00:32
1661763632520793000,29.0,8,28.95,12,29.0,19,1,2022-08-29 09:00:32
1661763632520863000,28.95,2,28.95,10,29.0,19,2,2022-08-29 09:00:32
1661763632695558000,29.0,2,28.95,10,29.0,19,1,2022-08-29 09:00:32
1661763632704853000,29.0,8,28.95,10,29.0,21,1,2022-08-29 09:00:32
1661763632757480000,28.95,2,28.95,8,29.0,12,2,2022-08-29 09:00:32
1661763632772919000,29.0,1,28.95,8,29.0,11,1,2022-08-29 09:00:32
1661763632887390000,28.95,1,28.95,7,29.0,11,2,2022-08-29 09:00:32
1661763632952341000,28.95,1,28.95,6,29.0,12,2,2022-08-29 09:00:32
1661763633023478000,29.0,2,28.95,11,29.0,12,1,2022-08-29 09:00:33
1661763633032321000,29.0,1,28.95,11,29.0,11,1,2022-08-29 09:00:33
1661763633304619000,29.0,5,28.95,11,29.0,8,1,2022-08-29 09:00:33
1661763633310219000,29.0,1,28.95,11,29.0,7,1,2022-08-29 09:00:33
1661763633389165000,29.0,7,28.95,29,29.05,110,1,2022-08-29 09:00:33
1661763633389165000,29.05,23,28.95,29,29.05,110,1,2022-08-29 09:00:33
1661763633452304000,29.0,1,29.0,12,29.05,110,2,2022-08-29 09:00:33
1661763633456489000,29.0,5,29.0,7,29.05,110,2,2022-08-29 09:00:33
1661763633494901000,29.0,3,29.0,4,29.05,120,2,2022-08-29 09:00:33
1661763633555961000,29.0,3,29.0,1,29.05,120,2,2022-08-29 09:00:33
1661763633710377000,29.05,3,29.0,1,29.05,117,1,2022-08-29 09:00:33
1661763633715168000,29.0,1,28.95,29,29.0,1,2,2022-08-29 09:00:33
1661763633724538000,29.0,1,29.0,7,29.05,120,1,2022-08-29 09:00:33
1661763633739313000,28.95,5,28.95,24,29.05,117,2,2022-08-29 09:00:33
1661763633742761000,28.95,2,28.95,22,29.05,117,2,2022-08-29 09:00:33
1661763633748402000,28.95,5,28.95,17,29.05,117,2,2022-08-29 09:00:33
1661763633792606000,29.0,1,28.95,17,29.05,117,1,2022-08-29 09:00:33
1661763633891028000,28.95,2,28.95,15,29.05,120,2,2022-08-29 09:00:33
1661763633941912000,29.0,1,28.95,15,29.0,1,1,2022-08-29 09:00:33
1661763633981183000,28.95,10,28.95,5,29.0,1,2,2022-08-29 09:00:33
1661763634030301000,28.95,5,28.9,98,29.0,2,2,2022-08-29 09:00:34
1661763634030301000,28.9,1,28.9,98,29.0,2,2,2022-08-29 09:00:34
1661763634341995000,28.95,4,28.9,98,28.95,46,2,2022-08-29 09:00:34
1661763634367896000,28.95,46,28.9,98,29.0,5,1,2022-08-29 09:00:34
1661763634482100000,29.0,2,28.9,100,29.0,4,1,2022-08-29 09:00:34
1661763634700561000,29.0,1,28.95,30,29.0,6,1,2022-08-29 09:00:34
1661763634708455000,28.95,1,28.95,29,29.0,8,2,2022-08-29 09:00:34
1661763634951626000,28.95,4,28.95,31,29.0,11,2,2022-08-29 09:00:34
1661763634993517000,28.95,1,28.95,30,29.0,11,2,2022-08-29 09:00:34
1661763635194941000,28.95,1,28.95,30,29.0,11,2,2022-08-29 09:00:35
1661763635211313000,29.0,2,28.95,31,29.0,11,1,2022-08-29 09:00:35
1661763635301193000,28.95,1,28.95,29,29.0,10,2,2022-08-29 09:00:35
1661763635370990000,29.0,1,28.95,29,29.0,9,1,2022-08-29 09:00:35
1661763635497005000,28.95,1,28.95,33,29.0,9,2,2022-08-29 09:00:35
1661763635511484000,28.95,1,28.95,32,29.0,9,2,2022-08-29 09:00:35
1661763635709430000,28.95,1,28.95,33,29.0,9,2,2022-08-29 09:00:35
1661763635718373000,28.95,1,28.95,34,29.0,9,2,2022-08-29 09:00:35
1661763635772543000,29.0,2,28.95,32,29.0,7,1,2022-08-29 09:00:35
1661763635880251000,29.0,11,29.0,4,29.05,112,1,2022-08-29 09:00:35
1661763635932998000,29.0,1,29.0,3,29.05,112,2,2022-08-29 09:00:35
1661763635973231000,29.0,3,28.95,32,29.0,7,2,2022-08-29 09:00:35
1661763636109206000,29.0,2,28.95,32,29.0,5,1,2022-08-29 09:00:36
1661763636127464000,28.95,5,28.95,27,29.0,5,2,2022-08-29 09:00:36
1661763636232223000,29.0,3,28.95,27,29.0,26,1,2022-08-29 09:00:36
1661763636239599000,29.0,1,28.95,27,29.0,22,1,2022-08-29 09:00:36
1661763636342954000,29.0,5,28.95,29,29.0,17,1,2022-08-29 09:00:36
1661763636426651000,29.0,2,28.95,29,29.0,15,1,2022-08-29 09:00:36
1661763636530545000,29.0,1,28.95,29,29.0,17,1,2022-08-29 09:00:36
1661763636553744000,28.95,3,28.95,26,29.0,17,2,2022-08-29 09:00:36
1661763636703317000,28.95,1,28.95,25,29.0,18,2,2022-08-29 09:00:36
1661763636717748000,29.0,1,28.95,26,29.0,18,1,2022-08-29 09:00:36
1661763636735369000,28.95,25,28.9,116,28.95,10,2,2022-08-29 09:00:36
1661763636769084000,28.95,10,28.9,116,29.0,17,1,2022-08-29 09:00:36
1661763636803447000,29.0,1,28.95,1,29.0,16,1,2022-08-29 09:00:36
1661763636829968000,28.95,1,28.9,116,29.0,16,2,2022-08-29 09:00:36
1661763636859801000,29.0,5,28.95,1,29.0,11,1,2022-08-29 09:00:36
1661763637041805000,29.0,1,28.95,4,29.0,11,1,2022-08-29 09:00:37
1661763637074414000,28.95,5,28.95,1,29.0,12,2,2022-08-29 09:00:37
1661763637166598000,29.0,5,28.95,1,29.0,9,1,2022-08-29 09:00:37
1661763637215118000,28.95,1,28.9,113,29.0,9,2,2022-08-29 09:00:37
1661763637215118000,28.9,4,28.9,113,29.0,9,2,2022-08-29 09:00:37
1661763637218596000,29.0,5,28.95,1,29.0,14,1,2022-08-29 09:00:37
1661763637268778000,29.0,2,28.95,20,29.0,2,1,2022-08-29 09:00:37
1661763637541042000,29.0,3,28.95,20,29.0,2,1,2022-08-29 09:00:37
1661763637565893000,28.95,2,28.95,18,29.0,2,2,2022-08-29 09:00:37
1661763637573216000,29.0,2,28.95,18,29.05,115,1,2022-08-29 09:00:37
1661763637625140000,28.95,5,28.95,18,29.0,2,2,2022-08-29 09:00:37
1661763637638117000,29.0,1,28.95,18,29.0,1,1,2022-08-29 09:00:37
1661763637641345000,29.0,1,28.95,18,29.05,115,1,2022-08-29 09:00:37
1661763637656985000,29.0,1,28.95,19,29.0,4,1,2022-08-29 09:00:37
1661763637686369000,29.0,3,28.95,20,29.0,4,1,2022-08-29 09:00:37
1661763637805215000,29.0,1,29.0,1,29.05,115,1,2022-08-29 09:00:37
1661763637972374000,29.0,1,28.95,21,29.05,115,2,2022-08-29 09:00:37
1661763637984947000,28.95,1,28.95,20,29.05,115,2,2022-08-29 09:00:37
1661763638034601000,28.95,3,28.95,17,29.05,115,2,2022-08-29 09:00:38
1661763638142638000,28.95,2,28.95,20,29.05,115,2,2022-08-29 09:00:38
1661763638174666000,29.05,1,28.95,22,29.05,115,1,2022-08-29 09:00:38
1661763638276742000,29.0,4,28.95,9,29.05,114,2,2022-08-29 09:00:38
1661763638276742000,28.95,11,28.95,9,29.05,114,2,2022-08-29 09:00:38
1661763638311306000,29.0,1,28.95,9,29.0,1,1,2022-08-29 09:00:38
1661763638318312000,28.95,1,28.95,8,29.0,1,2,2022-08-29 09:00:38
1661763638387183000,28.95,8,28.9,114,28.95,12,2,2022-08-29 09:00:38
1661763638411238000,28.95,12,28.9,114,29.0,4,1,2022-08-29 09:00:38
1661763638447828000,28.95,1,28.95,3,29.0,7,2,2022-08-29 09:00:38
1661763638852999000,28.95,5,28.9,117,29.0,34,2,2022-08-29 09:00:38
1661763639086280000,28.95,5,28.9,117,28.95,10,2,2022-08-29 09:00:39
1661763639095018000,28.95,4,28.9,117,28.95,6,1,2022-08-29 09:00:39
1661763639120042000,28.95,2,28.9,117,28.95,4,1,2022-08-29 09:00:39
1661763639121749000,28.95,4,28.9,117,29.0,40,1,2022-08-29 09:00:39
1661763639207519000,29.0,1,28.9,117,29.0,39,1,2022-08-29 09:00:39
1661763639582384000,28.95,1,28.95,2,29.0,59,2,2022-08-29 09:00:39
1661763639674760000,28.95,1,28.95,2,29.0,59,2,2022-08-29 09:00:39
1661763639757685000,29.0,1,28.95,2,29.0,61,1,2022-08-29 09:00:39
1661763639921847000,29.0,1,28.95,2,29.0,60,1,2022-08-29 09:00:39
1661763639938202000,28.95,2,28.9,122,29.0,63,2,2022-08-29 09:00:39
1661763639938202000,28.9,3,28.9,122,29.0,63,2,2022-08-29 09:00:39
1661763639938887000,29.0,1,28.9,122,29.0,62,1,2022-08-29 09:00:39
1661763640011086000,29.0,10,28.9,122,29.0,54,1,2022-08-29 09:00:40
1661763640267893000,29.0,1,28.95,10,29.0,72,1,2022-08-29 09:00:40
1661763640433181000,29.0,1,28.95,10,29.0,73,1,2022-08-29 09:00:40
1661763640466630000,28.95,3,28.95,7,29.0,73,2,2022-08-29 09:00:40
1661763640532123000,28.95,1,28.95,6,29.0,73,2,2022-08-29 09:00:40
1661763640571372000,28.95,6,28.9,122,29.0,75,2,2022-08-29 09:00:40
1661763640859995000,28.95,1,28.9,126,28.95,6,1,2022-08-29 09:00:40
1661763640907611000,28.95,1,28.9,126,28.95,5,1,2022-08-29 09:00:40
1661763640934887000,28.9,10,28.9,116,28.95,5,2,2022-08-29 09:00:40
1661763641153739000,28.95,1,28.9,118,28.95,7,1,2022-08-29 09:00:41
1661763641170443000,28.95,7,28.9,118,29.0,136,1,2022-08-29 09:00:41
1661763641170443000,29.0,3,28.9,118,29.0,136,1,2022-08-29 09:00:41
1661763641174139000,28.9,2,28.9,116,29.0,136,2,2022-08-29 09:00:41
1661763641380299000,28.95,2,28.95,52,29.0,189,2,2022-08-29 09:00:41
1661763641406166000,28.95,1,28.95,51,29.0,189,2,2022-08-29 09:00:41
1661763641447336000,29.0,1,28.95,51,29.0,189,1,2022-08-29 09:00:41
1661763641619029000,28.95,2,28.95,69,29.0,191,2,2022-08-29 09:00:41
1661763641708558000,29.0,1,28.95,69,29.0,197,1,2022-08-29 09:00:41
1661763641710339000,28.95,5,28.95,69,29.0,198,2,2022-08-29 09:00:41
1661763641734350000,29.0,1,28.95,64,29.0,196,1,2022-08-29 09:00:41
1661763641752507000,29.0,1,28.95,64,29.0,195,1,2022-08-29 09:00:41
1661763641795865000,29.0,189,28.95,74,29.0,6,1,2022-08-29 09:00:41
1661763641829805000,29.0,6,28.95,74,29.0,5,1,2022-08-29 09:00:41
1661763641830195000,29.0,5,28.95,74,29.05,120,1,2022-08-29 09:00:41
1661763641918244000,28.95,24,28.95,50,29.05,125,2,2022-08-29 09:00:41
1661763642071578000,29.05,4,28.95,50,29.05,121,1,2022-08-29 09:00:42
1661763642153184000,29.0,1,29.0,9,29.05,121,2,2022-08-29 09:00:42
1661763642359428000,29.05,1,29.0,9,29.05,120,1,2022-08-29 09:00:42
1661763642633098000,29.05,1,29.0,10,29.05,119,1,2022-08-29 09:00:42
1661763642700486000,29.0,1,29.0,409,29.05,119,2,2022-08-29 09:00:42
1661763642704866000,29.05,79,29.0,409,29.05,40,1,2022-08-29 09:00:42
1661763642715584000,29.0,1,29.0,410,29.05,119,2,2022-08-29 09:00:42
1661763642729999000,29.0,1,29.0,407,29.05,40,2,2022-08-29 09:00:42
1661763642732442000,29.0,9,29.0,398,29.05,40,2,2022-08-29 09:00:42
1661763642739612000,29.05,40,29.0,398,29.1,47,1,2022-08-29 09:00:42
1661763642919793000,29.05,5,29.0,404,29.1,47,1,2022-08-29 09:00:42
1661763643189033000,29.1,20,29.0,424,29.1,27,1,2022-08-29 09:00:43
1661763643254716000,29.0,1,29.0,427,29.1,27,2,2022-08-29 09:00:43
1661763643423914000,29.0,1,29.0,446,29.1,27,2,2022-08-29 09:00:43
1661763643500476000,29.0,1,29.0,445,29.1,27,2,2022-08-29 09:00:43
1661763643502430000,29.0,1,29.0,444,29.1,27,2,2022-08-29 09:00:43
1661763643624827000,29.05,1,29.05,19,29.1,27,2,2022-08-29 09:00:43
1661763643725312000,29.05,1,29.05,20,29.1,27,2,2022-08-29 09:00:43
1661763643766894000,29.05,5,29.05,16,29.1,27,2,2022-08-29 09:00:43
1661763643846101000,29.05,5,29.05,11,29.1,27,2,2022-08-29 09:00:43
1661763643922726000,29.1,2,29.05,22,29.1,29,1,2022-08-29 09:00:43
1661763644056870000,29.05,3,29.05,34,29.1,29,2,2022-08-29 09:00:44
1661763644177794000,29.1,15,29.05,34,29.1,14,1,2022-08-29 09:00:44
1661763644211274000,29.1,2,29.05,34,29.1,62,1,2022-08-29 09:00:44
1661763644322174000,29.05,1,29.05,33,29.1,62,2,2022-08-29 09:00:44
1661763644349806000,29.05,1,29.05,32,29.1,62,2,2022-08-29 09:00:44
1661763644461524000,29.05,1,29.05,46,29.1,62,2,2022-08-29 09:00:44
1661763644485938000,29.05,6,29.05,40,29.1,62,2,2022-08-29 09:00:44
1661763644647215000,29.05,1,29.05,42,29.1,62,2,2022-08-29 09:00:44
1661763644704881000,29.05,1,29.05,41,29.1,62,2,2022-08-29 09:00:44
1661763644727292000,29.05,2,29.05,43,29.1,62,2,2022-08-29 09:00:44
1661763644802549000,29.05,2,29.05,37,29.1,62,2,2022-08-29 09:00:44
1661763645212323000,29.05,2,29.05,111,29.1,62,2,2022-08-29 09:00:45
1661763645258165000,29.1,1,29.05,109,29.1,61,1,2022-08-29 09:00:45
1661763645268386000,29.05,1,29.05,108,29.1,61,2,2022-08-29 09:00:45
1661763645318857000,29.05,30,29.05,78,29.1,61,2,2022-08-29 09:00:45
1661763645454265000,29.1,4,29.05,78,29.1,57,1,2022-08-29 09:00:45
1661763645543924000,29.05,1,29.05,82,29.1,57,2,2022-08-29 09:00:45
1661763645547427000,29.05,2,29.05,80,29.1,57,2,2022-08-29 09:00:45
1661763645582599000,29.1,20,29.05,80,29.1,37,1,2022-08-29 09:00:45
1661763645752060000,29.05,4,29.05,76,29.1,37,2,2022-08-29 09:00:45
1661763645808186000,29.05,13,29.05,63,29.1,38,2,2022-08-29 09:00:45
1661763645823999000,29.05,5,29.05,58,29.1,38,2,2022-08-29 09:00:45
1661763646311317000,29.1,5,29.05,58,29.1,33,1,2022-08-29 09:00:46
1661763646393438000,29.1,6,29.05,58,29.1,27,1,2022-08-29 09:00:46
1661763646495469000,29.05,1,29.05,57,29.1,28,2,2022-08-29 09:00:46
1661763646495726000,29.05,1,29.05,56,29.1,28,2,2022-08-29 09:00:46
1661763646670166000,29.05,1,29.05,56,29.1,28,2,2022-08-29 09:00:46
1661763646711620000,29.1,2,29.05,56,29.1,26,1,2022-08-29 09:00:46
1661763646714231000,29.05,2,29.05,54,29.1,26,2,2022-08-29 09:00:46
1661763646778137000,29.1,1,29.05,55,29.1,25,1,2022-08-29 09:00:46
1661763646993355000,29.1,5,29.05,56,29.1,20,1,2022-08-29 09:00:46
1661763647300112000,29.1,1,29.05,56,29.1,20,1,2022-08-29 09:00:47
1661763647344119000,29.1,1,29.05,56,29.1,19,1,2022-08-29 09:00:47
1661763647383717000,29.05,1,29.05,55,29.1,19,2,2022-08-29 09:00:47
1661763647385269000,29.05,1,29.05,54,29.1,19,2,2022-08-29 09:00:47
1661763647665114000,29.05,2,29.05,67,29.1,19,2,2022-08-29 09:00:47
1661763647681150000,29.1,1,29.05,69,29.1,19,1,2022-08-29 09:00:47
1661763648079913000,29.1,18,29.1,2,29.15,84,1,2022-08-29 09:00:48
1661763648095675000,29.1,1,29.1,1,29.15,84,2,2022-08-29 09:00:48
1661763648257794000,29.15,1,29.1,1,29.15,83,1,2022-08-29 09:00:48
1661763648265468000,29.1,1,29.05,67,29.15,83,2,2022-08-29 09:00:48
1661763648301006000,29.15,1,29.05,67,29.15,82,1,2022-08-29 09:00:48
1661763648446122000,29.05,1,29.05,76,29.15,82,2,2022-08-29 09:00:48
1661763648607223000,29.15,2,29.1,5,29.15,80,1,2022-08-29 09:00:48
1661763648674811000,29.15,1,29.1,6,29.15,80,1,2022-08-29 09:00:48
1661763648785330000,29.15,3,29.1,7,29.15,76,1,2022-08-29 09:00:48
1661763648862765000,29.15,15,29.1,7,29.15,61,1,2022-08-29 09:00:48
1661763648877025000,29.15,10,29.1,7,29.15,51,1,2022-08-29 09:00:48
1661763648888807000,29.1,1,29.1,6,29.15,51,2,2022-08-29 09:00:48
1661763649030610000,29.1,1,29.1,5,29.15,51,2,2022-08-29 09:00:49
1661763649109673000,29.15,4,29.1,7,29.15,47,1,2022-08-29 09:00:49
1661763649184071000,29.1,2,29.1,15,29.15,47,2,2022-08-29 09:00:49
1661763649258702000,29.1,1,29.1,12,29.15,47,2,2022-08-29 09:00:49
1661763649293595000,29.1,3,29.1,19,29.15,47,2,2022-08-29 09:00:49
1661763649318660000,29.1,2,29.1,17,29.15,47,2,2022-08-29 09:00:49
1661763649352370000,29.15,8,29.1,17,29.15,39,1,2022-08-29 09:00:49
1661763649516378000,29.15,8,29.1,17,29.15,34,1,2022-08-29 09:00:49
1661763649593686000,29.1,19,29.05,69,29.15,34,2,2022-08-29 09:00:49
1661763649593686000,29.05,11,29.05,69,29.15,34,2,2022-08-29 09:00:49
1661763649703920000,29.1,1,29.1,1,29.15,34,2,2022-08-29 09:00:49
1661763649795484000,29.15,10,29.05,69,29.15,24,1,2022-08-29 09:00:49
1661763649943628000,29.1,2,29.1,3,29.15,24,1,2022-08-29 09:00:49
1661763650268175000,29.1,2,29.1,4,29.15,24,2,2022-08-29 09:00:50
1661763650268490000,29.15,2,29.1,4,29.15,22,1,2022-08-29 09:00:50
1661763650420210000,29.15,3,29.1,4,29.15,19,1,2022-08-29 09:00:50
1661763650562152000,29.15,1,29.1,5,29.15,18,1,2022-08-29 09:00:50
1661763650628071000,29.1,5,29.05,72,29.1,45,2,2022-08-29 09:00:50
1661763650643197000,29.1,10,29.05,72,29.1,35,1,2022-08-29 09:00:50
1661763650657524000,29.1,7,29.05,72,29.1,28,1,2022-08-29 09:00:50
1661763650725426000,29.1,19,29.05,72,29.1,28,1,2022-08-29 09:00:50
1661763650807086000,29.1,9,29.05,72,29.15,18,1,2022-08-29 09:00:50
1661763650942316000,29.1,10,29.05,72,29.1,14,2,2022-08-29 09:00:50
1661763651059052000,29.1,1,29.05,73,29.1,14,1,2022-08-29 09:00:51
1661763651280246000,29.1,5,29.05,73,29.1,8,1,2022-08-29 09:00:51
1661763651336871000,29.1,1,29.05,73,29.1,7,1,2022-08-29 09:00:51
1661763651379226000,29.05,51,29.05,22,29.1,7,2,2022-08-29 09:00:51
1661763651407849000,29.1,5,29.05,22,29.1,2,1,2022-08-29 09:00:51
1661763651618195000,29.1,2,29.1,18,29.15,18,1,2022-08-29 09:00:51
1661763652049379000,29.15,3,29.1,22,29.15,25,1,2022-08-29 09:00:52
1661763652075923000,29.15,1,29.1,22,29.15,24,1,2022-08-29 09:00:52
1661763652145473000,29.15,2,29.1,22,29.15,22,1,2022-08-29 09:00:52
1661763652449018000,29.1,3,29.1,19,29.15,25,2,2022-08-29 09:00:52
1661763652622319000,29.15,1,29.1,20,29.15,24,1,2022-08-29 09:00:52
1661763652893219000,29.15,24,29.15,9,29.2,46,1,2022-08-29 09:00:52
1661763653026364000,29.15,9,29.1,21,29.2,46,2,2022-08-29 09:00:53
1661763653026364000,29.1,6,29.1,21,29.2,46,2,2022-08-29 09:00:53
1661763653117026000,29.1,1,29.1,21,29.15,117,2,2022-08-29 09:00:53
1661763653135620000,29.1,22,29.05,29,29.15,117,2,2022-08-29 09:00:53
1661763653154345000,29.15,1,29.05,29,29.15,116,1,2022-08-29 09:00:53
1661763653166315000,29.15,1,29.1,4,29.15,115,1,2022-08-29 09:00:53
1661763653168024000,29.1,1,29.1,3,29.15,115,2,2022-08-29 09:00:53
1661763653190851000,29.1,4,29.1,4,29.15,115,2,2022-08-29 09:00:53
1661763653413313000,29.1,2,29.05,35,29.15,115,2,2022-08-29 09:00:53
1661763653501865000,29.1,10,29.05,35,29.15,116,2,2022-08-29 09:00:53
1661763653691910000,29.1,1,29.05,35,29.15,116,2,2022-08-29 09:00:53
1661763653691942000,29.05,29,29.05,6,29.15,116,2,2022-08-29 09:00:53
1661763653694296000,29.05,1,29.1,1,29.15,116,2,2022-08-29 09:00:53
1661763653824612000,29.1,1,29.05,8,29.15,116,2,2022-08-29 09:00:53
1661763654171169000,29.15,2,29.05,63,29.15,118,1,2022-08-29 09:00:54
1661763654297371000,29.05,44,29.05,19,29.1,1,2,2022-08-29 09:00:54
1661763654461599000,29.1,1,29.05,19,29.1,2,1,2022-08-29 09:00:54
1661763654513498000,29.05,13,29.05,6,29.1,2,2,2022-08-29 09:00:54
1661763654578365000,29.1,6,29.05,8,29.15,64,1,2022-08-29 09:00:54
1661763654578365000,29.15,54,29.05,8,29.15,64,1,2022-08-29 09:00:54
1661763654749519000,29.05,8,29.05,1,29.1,132,2,2022-08-29 09:00:54
1661763654749541000,29.05,1,29.0,432,29.1,132,2,2022-08-29 09:00:54
1661763654778752000,29.0,73,29.0,359,29.1,133,2,2022-08-29 09:00:54
1661763654807455000,29.1,1,29.0,359,29.1,132,1,2022-08-29 09:00:54
1661763654846033000,29.1,5,29.0,359,29.1,128,1,2022-08-29 09:00:54
1661763654904404000,29.1,1,29.0,359,29.1,127,1,2022-08-29 09:00:54
1661763655010059000,29.1,5,29.0,359,29.1,122,1,2022-08-29 09:00:55
1661763655022229000,29.1,1,29.0,359,29.1,121,1,2022-08-29 09:00:55
1661763655025173000,29.1,1,29.0,359,29.1,120,1,2022-08-29 09:00:55
1661763655117226000,29.1,2,29.05,1,29.1,161,1,2022-08-29 09:00:55
1661763655132817000,29.05,1,29.0,359,29.1,161,2,2022-08-29 09:00:55
1661763655219773000,29.05,1,29.05,1,29.1,164,2,2022-08-29 09:00:55
1661763655510566000,29.1,1,29.0,359,29.1,173,1,2022-08-29 09:00:55
1661763655543369000,29.1,30,29.0,359,29.1,144,1,2022-08-29 09:00:55
1661763655653227000,29.1,1,29.0,359,29.1,143,1,2022-08-29 09:00:55
1661763655683746000,29.1,2,29.0,359,29.1,143,1,2022-08-29 09:00:55
1661763655723258000,29.1,2,29.0,359,29.1,139,1,2022-08-29 09:00:55
1661763655797231000,29.0,5,29.0,354,29.05,11,2,2022-08-29 09:00:55
1661763655807153000,29.05,2,29.0,354,29.05,9,1,2022-08-29 09:00:55
1661763655831761000,29.05,1,29.0,354,29.05,8,1,2022-08-29 09:00:55
1661763655887238000,29.05,1,29.0,354,29.05,8,1,2022-08-29 09:00:55
1661763655987849000,29.0,1,29.0,353,29.05,18,2,2022-08-29 09:00:55
1661763656000451000,29.05,1,29.0,353,29.05,17,1,2022-08-29 09:00:56
1661763656033703000,29.05,3,29.0,353,29.05,14,1,2022-08-29 09:00:56
1661763656087546000,29.05,1,29.0,353,29.05,13,1,2022-08-29 09:00:56
1661763656094443000,29.05,1,29.0,353,29.05,12,1,2022-08-29 09:00:56
1661763656192709000,29.05,1,29.0,353,29.05,31,1,2022-08-29 09:00:56
1661763656219507000,29.05,1,29.0,354,29.05,31,1,2022-08-29 09:00:56
1661763656232844000,29.05,4,29.0,354,29.05,26,1,2022-08-29 09:00:56
1661763656282556000,29.0,344,29.0,47,29.05,36,2,2022-08-29 09:00:56
1661763656302704000,29.0,47,28.95,185,29.05,36,2,2022-08-29 09:00:56
1661763656452097000,29.05,3,28.95,185,29.05,33,1,2022-08-29 09:00:56
1661763656497750000,29.05,1,28.95,185,29.05,32,1,2022-08-29 09:00:56
1661763656508773000,29.05,3,28.95,185,29.05,29,1,2022-08-29 09:00:56
1661763656705372000,28.95,85,28.95,85,29.0,137,2,2022-08-29 09:00:56
1661763656859475000,29.0,1,28.9,101,29.0,136,1,2022-08-29 09:00:56
1661763656956938000,29.0,2,28.9,101,29.0,134,1,2022-08-29 09:00:56
1661763656988693000,29.0,1,28.9,101,29.0,173,1,2022-08-29 09:00:56
1661763656989757000,29.0,1,28.9,101,29.0,172,1,2022-08-29 09:00:56
1661763657008310000,29.0,3,28.9,101,29.0,169,1,2022-08-29 09:00:57
1661763657020124000,29.0,1,28.9,101,29.0,168,1,2022-08-29 09:00:57
1661763657175147000,29.0,1,28.9,101,29.0,177,1,2022-08-29 09:00:57
1661763657191886000,29.0,1,28.9,101,29.0,178,1,2022-08-29 09:00:57
1661763657241338000,29.0,1,28.9,101,29.0,175,1,2022-08-29 09:00:57
1661763657258165000,29.0,10,28.9,101,29.0,165,1,2022-08-29 09:00:57
1661763657376067000,28.9,2,28.9,99,29.0,166,2,2022-08-29 09:00:57
1661763657397545000,29.0,10,28.9,99,29.0,156,1,2022-08-29 09:00:57
1661763657462691000,28.9,2,28.9,97,28.95,10,2,2022-08-29 09:00:57
1661763657496918000,28.95,1,28.9,97,28.95,9,1,2022-08-29 09:00:57
1661763657561093000,28.9,69,28.9,28,28.95,10,2,2022-08-29 09:00:57
1661763657593138000,28.9,28,28.85,173,28.95,10,2,2022-08-29 09:00:57
1661763657861609000,28.9,1,28.85,193,28.9,122,1,2022-08-29 09:00:57
1661763658036839000,28.85,12,28.85,181,28.9,122,2,2022-08-29 09:00:58
1661763658230147000,28.9,2,28.85,181,28.9,130,1,2022-08-29 09:00:58
1661763658379645000,28.85,181,28.8,392,28.9,130,2,2022-08-29 09:00:58
1661763658449476000,28.9,1,28.8,392,28.9,129,1,2022-08-29 09:00:58
1661763658461834000,28.8,40,28.8,352,28.9,129,2,2022-08-29 09:00:58
1661763658523159000,28.9,1,28.8,352,28.9,138,1,2022-08-29 09:00:58
1661763658613278000,28.8,1,28.8,351,28.9,138,2,2022-08-29 09:00:58
1661763658656313000,28.8,1,28.8,350,28.9,138,2,2022-08-29 09:00:58
1661763658664221000,28.8,2,28.8,348,28.9,138,2,2022-08-29 09:00:58
1661763658675005000,28.8,2,28.8,346,28.9,138,2,2022-08-29 09:00:58
1661763658675299000,28.9,10,28.8,346,28.9,128,1,2022-08-29 09:00:58
1661763658720027000,28.8,10,28.8,336,28.9,128,2,2022-08-29 09:00:58
1661763658921831000,28.8,156,28.65,30,28.7,32,2,2022-08-29 09:00:58
1661763658921831000,28.75,67,28.65,30,28.7,32,2,2022-08-29 09:00:58
1661763658921831000,28.7,45,28.65,30,28.7,32,2,2022-08-29 09:00:58
1661763658988611000,28.7,1,28.65,30,28.7,31,1,2022-08-29 09:00:58
1661763659054796000,28.65,5,28.65,25,28.7,31,2,2022-08-29 09:00:59
1661763659081523000,28.65,1,28.65,24,28.7,32,2,2022-08-29 09:00:59
1661763659092359000,28.65,1,28.65,23,28.7,32,2,2022-08-29 09:00:59
1661763659104762000,28.65,1,28.65,22,28.7,32,2,2022-08-29 09:00:59
1661763659137170000,28.7,2,28.65,22,28.7,30,1,2022-08-29 09:00:59
1661763659167905000,28.65,1,28.65,21,28.7,30,2,2022-08-29 09:00:59
1661763659192117000,28.65,2,28.65,19,28.7,30,2,2022-08-29 09:00:59
1661763659270339000,28.65,19,28.6,68,28.7,30,2,2022-08-29 09:00:59
1661763659270339000,28.6,1,28.6,68,28.7,30,2,2022-08-29 09:00:59
1661763659322998000,28.6,5,28.6,63,28.7,30,2,2022-08-29 09:00:59
1661763659633110000,28.7,5,28.6,83,28.7,25,1,2022-08-29 09:00:59
1661763659682956000,28.6,1,28.6,83,28.7,30,2,2022-08-29 09:00:59
1661763660013461000,28.7,1,28.6,82,28.7,24,1,2022-08-29 09:01:00
1661763660178015000,28.6,4,28.6,81,28.7,24,2,2022-08-29 09:01:00
1661763660216664000,28.6,3,28.6,85,28.7,24,2,2022-08-29 09:01:00
1661763660426679000,28.6,10,28.6,68,28.7,24,2,2022-08-29 09:01:00
1661763660463807000,28.6,68,28.55,45,28.7,24,2,2022-08-29 09:01:00
1661763660520411000,28.55,5,28.55,60,28.7,24,2,2022-08-29 09:01:00
1661763660722267000,28.55,1,28.55,59,28.65,99,2,2022-08-29 09:01:00
1661763660726274000,28.65,10,28.55,59,28.65,89,1,2022-08-29 09:01:00
1661763660796357000,28.65,2,28.55,59,28.65,87,1,2022-08-29 09:01:00
1661763660963800000,28.55,1,28.55,58,28.65,88,2,2022-08-29 09:01:00
1661763660991344000,28.55,25,28.55,33,28.65,88,2,2022-08-29 09:01:00
1661763661016459000,28.55,2,28.55,31,28.65,93,2,2022-08-29 09:01:01
1661763661049565000,28.6,1,28.55,31,28.65,92,1,2022-08-29 09:01:01
1661763661049565000,28.65,1,28.55,31,28.65,92,1,2022-08-29 09:01:01
1661763661153915000,28.55,3,28.55,28,28.6,3,2,2022-08-29 09:01:01
1661763661154819000,28.6,2,28.55,28,28.6,1,1,2022-08-29 09:01:01
1661763661232494000,28.6,1,28.55,28,28.65,88,1,2022-08-29 09:01:01
1661763661232494000,28.65,4,28.55,28,28.65,88,1,2022-08-29 09:01:01
1661763661250211000,28.65,3,28.55,28,28.65,85,1,2022-08-29 09:01:01
1661763661250803000,28.55,3,28.55,25,28.65,85,2,2022-08-29 09:01:01
1661763661398850000,28.55,3,28.55,22,28.65,85,2,2022-08-29 09:01:01
1661763661702135000,28.55,1,28.55,22,28.65,91,2,2022-08-29 09:01:01
1661763661732338000,28.65,1,28.55,21,28.65,90,1,2022-08-29 09:01:01
1661763661746541000,28.55,2,28.55,19,28.65,90,2,2022-08-29 09:01:01
1661763661778212000,28.55,2,28.55,17,28.65,90,2,2022-08-29 09:01:01
1661763661788178000,28.55,3,28.55,14,28.65,90,2,2022-08-29 09:01:01
1661763662095872000,28.6,1,28.55,24,28.65,90,1,2022-08-29 09:01:02
1661763662246157000,28.55,2,28.55,25,28.65,90,2,2022-08-29 09:01:02
1661763662414064000,28.55,1,28.55,24,28.65,89,2,2022-08-29 09:01:02
1661763662532908000,28.55,1,28.55,23,28.65,93,2,2022-08-29 09:01:02
1661763662547971000,28.55,1,28.55,22,28.65,93,2,2022-08-29 09:01:02
1661763662659170000,28.6,1,28.6,72,28.65,93,2,2022-08-29 09:01:02
1661763662918419000,28.6,1,28.6,70,28.65,93,2,2022-08-29 09:01:02
1661763663008810000,28.6,30,28.6,40,28.65,93,2,2022-08-29 09:01:03
1661763663060285000,28.6,31,28.6,9,28.65,93,2,2022-08-29 09:01:03
1661763663076104000,28.6,1,28.6,8,28.65,93,2,2022-08-29 09:01:03
1661763663172667000,28.6,1,28.6,71,28.65,93,2,2022-08-29 09:01:03
1661763663245990000,28.6,1,28.6,6,28.65,93,2,2022-08-29 09:01:03
1661763663454301000,28.6,1,28.6,5,28.65,88,2,2022-08-29 09:01:03
1661763663564388000,28.65,30,28.6,5,28.65,58,1,2022-08-29 09:01:03
1661763663596264000,28.65,1,28.6,5,28.65,57,1,2022-08-29 09:01:03
1661763663694655000,28.65,1,28.6,5,28.65,88,1,2022-08-29 09:01:03
1661763663716683000,28.6,1,28.6,4,28.65,56,2,2022-08-29 09:01:03
1661763663727793000,28.65,4,28.6,4,28.65,52,1,2022-08-29 09:01:03
1661763663758387000,28.65,10,28.6,4,28.65,42,1,2022-08-29 09:01:03
1661763663784281000,28.6,1,28.6,3,28.65,42,2,2022-08-29 09:01:03
1661763663816503000,28.6,1,28.6,2,28.65,42,2,2022-08-29 09:01:03
1661763663845942000,28.6,1,28.6,1,28.65,42,2,2022-08-29 09:01:03
1661763663853030000,28.6,1,28.55,22,28.65,42,2,2022-08-29 09:01:03
1661763663853030000,28.55,1,28.55,22,28.65,42,2,2022-08-29 09:01:03
1661763663887109000,28.55,2,28.55,20,28.6,9,2,2022-08-29 09:01:03
1661763663916751000,28.55,2,28.55,18,28.6,9,2,2022-08-29 09:01:03
1661763663952270000,28.6,1,28.55,18,28.6,8,1,2022-08-29 09:01:03
1661763663953740000,28.55,1,28.55,17,28.6,8,2,2022-08-29 09:01:03
1661763663972558000,28.55,15,28.55,2,28.6,8,2,2022-08-29 09:01:03
1661763663987997000,28.6,8,28.55,2,28.65,42,1,2022-08-29 09:01:03
1661763663996506000,28.55,1,28.55,1,28.65,42,2,2022-08-29 09:01:03
1661763664111807000,28.6,1,28.55,1,28.65,42,1,2022-08-29 09:01:04
1661763664158486000,28.55,1,28.5,105,28.65,42,2,2022-08-29 09:01:04
1661763664344427000,28.55,1,28.55,4,28.65,42,2,2022-08-29 09:01:04
1661763664485407000,28.6,2,28.6,11,28.65,42,2,2022-08-29 09:01:04
1661763664724921000,28.6,1,28.6,10,28.65,42,2,2022-08-29 09:01:04
1661763664790235000,28.65,1,28.6,10,28.65,41,1,2022-08-29 09:01:04
1661763664793976000,28.6,1,28.6,9,28.65,41,2,2022-08-29 09:01:04
1661763664802943000,28.65,10,28.6,9,28.65,31,1,2022-08-29 09:01:04
1661763664813597000,28.65,1,28.6,9,28.65,30,1,2022-08-29 09:01:04
1661763664861794000,28.6,1,28.6,8,28.65,30,2,2022-08-29 09:01:04
1661763664984878000,28.6,4,28.6,4,28.65,30,2,2022-08-29 09:01:04
1661763665056304000,28.6,1,28.6,3,28.65,30,2,2022-08-29 09:01:05
1661763665243402000,28.65,2,28.6,4,28.65,23,1,2022-08-29 09:01:05
1661763665355357000,28.6,1,28.6,3,28.65,23,2,2022-08-29 09:01:05
1661763665394188000,28.65,11,28.6,3,28.65,12,1,2022-08-29 09:01:05
1661763665445048000,28.65,1,28.6,3,28.65,11,1,2022-08-29 09:01:05
1661763665453234000,28.6,1,28.6,2,28.65,11,2,2022-08-29 09:01:05
1661763665496166000,28.65,11,28.6,2,28.7,25,1,2022-08-29 09:01:05
1661763665527352000,28.6,2,28.55,6,28.7,25,2,2022-08-29 09:01:05
1661763665635075000,28.55,2,28.55,7,28.65,1,2,2022-08-29 09:01:05
1661763665759420000,28.55,1,28.55,4,28.6,1,2,2022-08-29 09:01:05
1661763665786207000,28.6,1,28.55,4,28.65,1,1,2022-08-29 09:01:05
1661763665931845000,28.55,6,28.55,4,28.65,1,2,2022-08-29 09:01:05
1661763665947109000,28.65,1,28.55,4,28.7,25,1,2022-08-29 09:01:05
1661763666013252000,28.6,12,28.55,4,28.7,25,1,2022-08-29 09:01:06
1661763666175646000,28.65,1,28.55,5,28.7,25,2,2022-08-29 09:01:06
1661763666344553000,28.6,1,28.55,5,28.7,25,1,2022-08-29 09:01:06
1661763666385092000,28.55,3,28.55,2,28.7,25,2,2022-08-29 09:01:06
1661763666453727000,28.6,2,28.5,101,28.7,25,2,2022-08-29 09:01:06
1661763666453727000,28.55,2,28.5,101,28.7,25,2,2022-08-29 09:01:06
1661763666453727000,28.5,6,28.5,101,28.7,25,2,2022-08-29 09:01:06
1661763666476617000,28.55,1,28.55,5,28.65,18,2,2022-08-29 09:01:06
1661763666489494000,28.55,5,28.5,121,28.65,18,2,2022-08-29 09:01:06
1661763666531984000,28.6,1,28.5,121,28.65,6,1,2022-08-29 09:01:06
1661763666536416000,28.5,4,28.5,117,28.65,6,2,2022-08-29 09:01:06
1661763666577356000,28.6,1,28.5,117,28.65,18,1,2022-08-29 09:01:06
1661763666670570000,28.5,1,28.5,117,28.6,1,2,2022-08-29 09:01:06
1661763666755673000,28.65,2,28.5,116,28.65,16,1,2022-08-29 09:01:06
1661763666925224000,28.55,5,28.5,116,28.55,5,2,2022-08-29 09:01:06
1661763666937178000,28.5,10,28.5,106,28.55,5,2,2022-08-29 09:01:06
1661763666938963000,28.55,1,28.5,106,28.55,4,1,2022-08-29 09:01:06
1661763666960644000,28.55,4,28.5,106,28.65,4,1,2022-08-29 09:01:06
1661763667007560000,28.55,6,28.5,106,28.6,1,1,2022-08-29 09:01:07
1661763667077171000,28.6,1,28.55,21,28.65,4,1,2022-08-29 09:01:07
1661763667120172000,28.65,1,28.55,21,28.65,3,1,2022-08-29 09:01:07
1661763667198919000,28.6,6,28.55,21,28.6,6,1,2022-08-29 09:01:07
1661763667290271000,28.6,1,28.55,22,28.65,3,1,2022-08-29 09:01:07
1661763667536355000,28.6,2,28.5,105,28.65,3,2,2022-08-29 09:01:07
1661763667536355000,28.55,26,28.5,105,28.65,3,2,2022-08-29 09:01:07
1661763667536355000,28.5,12,28.5,105,28.65,3,2,2022-08-29 09:01:07
1661763667808992000,28.65,2,28.6,4,28.65,1,1,2022-08-29 09:01:07
1661763667865554000,28.6,3,28.6,2,28.65,1,2,2022-08-29 09:01:07
1661763668091690000,28.6,1,28.6,2,28.65,2,2,2022-08-29 09:01:08
1661763668179522000,28.6,1,28.6,1,28.65,2,2,2022-08-29 09:01:08
1661763668268176000,28.65,1,28.6,1,28.65,1,1,2022-08-29 09:01:08
1661763668491766000,28.6,2,28.6,2,28.65,3,2,2022-08-29 09:01:08
1661763668577838000,28.6,2,28.55,8,28.65,8,2,2022-08-29 09:01:08
1661763668577838000,28.55,1,28.55,8,28.65,8,2,2022-08-29 09:01:08
1661763668579173000,28.65,5,28.55,8,28.65,3,1,2022-08-29 09:01:08
1661763668660678000,28.55,1,28.55,7,28.65,3,2,2022-08-29 09:01:08
1661763668710044000,28.55,3,28.55,4,28.65,3,2,2022-08-29 09:01:08
1661763668837163000,28.55,5,28.55,1,28.65,3,2,2022-08-29 09:01:08
1661763668983756000,28.6,1,28.55,1,28.65,18,1,2022-08-29 09:01:08
1661763668995913000,28.55,1,28.5,100,28.65,18,2,2022-08-29 09:01:08
1661763668995913000,28.5,4,28.5,100,28.65,18,2,2022-08-29 09:01:08
1661763669952664000,28.65,1,28.55,12,28.65,23,1,2022-08-29 09:01:09
1661763670008996000,28.55,1,28.55,11,28.65,23,2,2022-08-29 09:01:10
1661763670092644000,28.6,2,28.55,16,28.6,2,1,2022-08-29 09:01:10
1661763670255367000,28.65,2,28.55,16,28.65,21,1,2022-08-29 09:01:10
1661763670293178000,28.55,10,28.55,6,28.6,12,2,2022-08-29 09:01:10
1661763670294039000,28.6,10,28.55,6,28.6,2,1,2022-08-29 09:01:10
1661763670301562000,28.6,2,28.6,23,28.65,21,1,2022-08-29 09:01:10
1661763670303015000,28.6,2,28.6,21,28.65,21,2,2022-08-29 09:01:10
1661763670366533000,28.6,3,28.6,19,28.65,21,2,2022-08-29 09:01:10
1661763670425698000,28.6,3,28.6,16,28.65,21,2,2022-08-29 09:01:10
1661763670439756000,28.65,21,28.6,16,28.7,27,1,2022-08-29 09:01:10
1661763670492412000,28.6,3,28.6,13,28.7,27,2,2022-08-29 09:01:10
1661763670509314000,28.6,1,28.6,12,28.7,27,2,2022-08-29 09:01:10
1661763670519102000,28.6,2,28.6,10,28.7,27,2,2022-08-29 09:01:10
1661763670550621000,28.65,1,28.6,10,28.7,8,1,2022-08-29 09:01:10
1661763670550621000,28.7,19,28.6,10,28.7,8,1,2022-08-29 09:01:10
1661763670553427000,28.6,4,28.6,6,28.7,8,2,2022-08-29 09:01:10
1661763670620831000,28.65,1,28.6,6,28.7,7,1,2022-08-29 09:01:10
1661763670620831000,28.7,1,28.6,6,28.7,7,1,2022-08-29 09:01:10
1661763670684898000,28.7,1,28.6,6,28.7,6,1,2022-08-29 09:01:10
1661763670739412000,28.6,1,28.6,5,28.65,2,2,2022-08-29 09:01:10
1661763670820442000,28.6,4,28.6,1,28.65,2,2,2022-08-29 09:01:10
1661763670883990000,28.6,1,28.55,4,28.65,2,2,2022-08-29 09:01:10
1661763670883990000,28.55,8,28.55,4,28.65,2,2,2022-08-29 09:01:10
1661763670938446000,28.55,2,28.55,2,28.65,2,2,2022-08-29 09:01:10
1661763671016843000,28.6,1,28.55,2,28.65,2,1,2022-08-29 09:01:11
1661763671078293000,28.65,2,28.55,2,28.7,10,1,2022-08-29 09:01:11
1661763671078293000,28.7,8,28.55,2,28.7,10,1,2022-08-29 09:01:11
1661763671115043000,28.6,1,28.6,1,28.7,10,2,2022-08-29 09:01:11
1661763671190560000,28.6,2,28.55,2,28.7,10,2,2022-08-29 09:01:11
1661763671280954000,28.6,1,28.55,1,28.75,23,2,2022-08-29 09:01:11
1661763671280954000,28.55,1,28.55,1,28.75,23,2,2022-08-29 09:01:11
1661763671519612000,28.6,1,28.6,5,28.65,10,2,2022-08-29 09:01:11
1661763671580530000,28.6,1,28.55,3,28.65,10,1,2022-08-29 09:01:11
1661763671978606000,28.6,2,28.55,13,28.6,4,1,2022-08-29 09:01:11
1661763672012484000,28.6,4,28.55,13,28.65,11,1,2022-08-29 09:01:12
1661763672025444000,28.55,8,28.55,5,28.65,11,2,2022-08-29 09:01:12
1661763672056319000,28.65,1,28.6,5,28.65,10,1,2022-08-29 09:01:12
1661763672156477000,28.6,2,28.6,13,28.65,10,2,2022-08-29 09:01:12
1661763672198687000,28.6,5,28.6,15,28.65,10,2,2022-08-29 09:01:12
1661763672248359000,28.6,1,28.6,7,28.65,10,2,2022-08-29 09:01:12
1661763672263868000,28.6,2,28.6,5,28.65,10,2,2022-08-29 09:01:12
1661763672374894000,28.65,1,28.6,5,28.65,10,1,2022-08-29 09:01:12
1661763672378143000,28.6,5,28.55,9,28.65,10,2,2022-08-29 09:01:12
1661763672378143000,28.55,5,28.55,9,28.65,10,2,2022-08-29 09:01:12
1661763672399270000,28.65,2,28.55,9,28.65,8,1,2022-08-29 09:01:12
1661763672407107000,28.65,8,28.55,9,28.7,12,1,2022-08-29 09:01:12
1661763672411496000,28.55,4,28.55,5,28.7,12,2,2022-08-29 09:01:12
1661763672641363000,28.65,1,28.65,9,28.7,3,2,2022-08-29 09:01:12
1661763672647555000,28.65,1,28.65,26,28.7,3,2,2022-08-29 09:01:12
1661763672679832000,28.7,3,28.65,26,28.75,23,1,2022-08-29 09:01:12
1661763672773441000,28.65,1,28.65,25,28.75,23,2,2022-08-29 09:01:12
1661763672836409000,28.65,6,28.65,19,28.75,23,2,2022-08-29 09:01:12
1661763672936025000,28.7,6,28.65,19,28.7,4,1,2022-08-29 09:01:12
1661763672966336000,28.65,1,28.65,18,28.7,4,2,2022-08-29 09:01:12
1661763673021223000,28.65,2,28.65,16,28.7,4,2,2022-08-29 09:01:13
1661763673072329000,28.65,10,28.65,6,28.7,4,2,2022-08-29 09:01:13
1661763673081162000,28.65,1,28.65,5,28.7,4,2,2022-08-29 09:01:13
1661763673146621000,28.65,2,28.65,3,28.7,4,2,2022-08-29 09:01:13
1661763673160557000,28.65,3,28.55,15,28.6,5,2,2022-08-29 09:01:13
1661763673160557000,28.6,2,28.55,15,28.6,5,2,2022-08-29 09:01:13
1661763673193085000,28.6,5,28.55,15,28.7,4,1,2022-08-29 09:01:13
1661763673252826000,28.55,5,28.55,10,28.65,2,2,2022-08-29 09:01:13
1661763673284863000,28.6,1,28.6,2,28.65,2,2,2022-08-29 09:01:13
1661763673296482000,28.6,2,28.55,9,28.65,2,2,2022-08-29 09:01:13
1661763673296482000,28.55,1,28.55,9,28.65,2,2,2022-08-29 09:01:13
1661763673352555000,28.55,1,28.55,8,28.65,7,2,2022-08-29 09:01:13
1661763673383931000,28.65,2,28.55,9,28.65,5,1,2022-08-29 09:01:13
1661763673469435000,28.55,9,28.5,93,28.55,1,2,2022-08-29 09:01:13
1661763673483118000,28.55,1,28.6,2,28.65,5,1,2022-08-29 09:01:13
1661763673535863000,28.65,5,28.7,1,28.75,23,1,2022-08-29 09:01:13
1661763673535863000,28.7,4,28.7,1,28.75,23,1,2022-08-29 09:01:13
1661763673564312000,28.7,1,28.6,3,28.75,23,2,2022-08-29 09:01:13
1661763673581286000,28.6,1,28.6,2,28.75,23,2,2022-08-29 09:01:13
1661763673705143000,28.6,1,28.6,2,28.75,23,2,2022-08-29 09:01:13
1661763673708639000,28.6,2,28.55,2,28.75,23,2,2022-08-29 09:01:13
1661763673708639000,28.55,3,28.55,2,28.75,23,2,2022-08-29 09:01:13
1661763673822117000,28.55,1,28.55,3,28.65,2,2,2022-08-29 09:01:13
1661763674117414000,28.55,2,28.55,1,28.65,2,2,2022-08-29 09:01:14
1661763674351625000,28.6,1,28.6,2,28.65,2,2,2022-08-29 09:01:14
1661763674374706000,28.6,2,28.55,3,28.6,3,2,2022-08-29 09:01:14
1661763674384837000,28.6,3,28.55,3,28.65,2,1,2022-08-29 09:01:14
1661763674446723000,28.65,2,28.65,3,28.75,23,1,2022-08-29 09:01:14
1661763674573329000,28.65,3,28.45,5,28.5,106,2,2022-08-29 09:01:14
1661763674573329000,28.55,3,28.45,5,28.5,106,2,2022-08-29 09:01:14
1661763674573329000,28.5,88,28.45,5,28.5,106,2,2022-08-29 09:01:14
1661763674610145000,28.5,29,28.45,5,28.5,77,1,2022-08-29 09:01:14
1661763674610177000,28.5,77,28.45,5,28.7,5,1,2022-08-29 09:01:14
1661763674637536000,28.55,1,28.45,22,28.7,4,1,2022-08-29 09:01:14
1661763674637536000,28.7,1,28.45,22,28.7,4,1,2022-08-29 09:01:14
1661763674640712000,28.7,3,28.45,22,28.7,1,1,2022-08-29 09:01:14
1661763674822116000,28.5,9,28.45,22,28.5,1,2,2022-08-29 09:01:14
1661763674826777000,28.5,1,28.55,1,28.65,6,1,2022-08-29 09:01:14
1661763674904490000,28.6,1,28.55,1,28.6,2,1,2022-08-29 09:01:14
1661763674936484000,28.6,2,28.55,1,28.65,6,1,2022-08-29 09:01:14
1661763675048667000,28.55,1,28.45,22,28.65,6,2,2022-08-29 09:01:15
1661763675183438000,28.5,5,28.45,22,28.65,6,1,2022-08-29 09:01:15
1661763675296008000,28.65,1,28.6,5,28.65,5,1,2022-08-29 09:01:15
1661763675354676000,28.6,5,28.55,3,28.65,5,2,2022-08-29 09:01:15
1661763675354676000,28.55,1,28.55,3,28.65,5,2,2022-08-29 09:01:15
1661763675356918000,28.55,3,28.5,5,28.55,7,2,2022-08-29 09:01:15
1661763675378895000,28.55,6,28.5,5,28.55,1,1,2022-08-29 09:01:15
1661763675393944000,28.55,1,28.5,5,28.65,5,1,2022-08-29 09:01:15
1661763675487760000,28.65,1,28.5,7,28.65,4,1,2022-08-29 09:01:15
1661763675699147000,28.5,6,28.5,4,28.65,4,2,2022-08-29 09:01:15
1661763675712158000,28.65,1,28.5,10,28.65,4,1,2022-08-29 09:01:15
1661763675823697000,28.65,3,28.5,9,28.7,16,1,2022-08-29 09:01:15
1661763675881871000,28.6,1,28.55,7,28.7,15,1,2022-08-29 09:01:15
1661763675881871000,28.65,1,28.55,7,28.7,15,1,2022-08-29 09:01:15
1661763675881871000,28.7,1,28.55,7,28.7,15,1,2022-08-29 09:01:15
1661763675995550000,28.55,1,28.55,51,28.6,1,2,2022-08-29 09:01:15
1661763676003083000,28.6,1,28.55,51,28.7,15,1,2022-08-29 09:01:16
1661763676191688000,28.55,1,28.55,50,28.6,7,2,2022-08-29 09:01:16
1661763676192010000,28.6,7,28.55,50,28.7,15,1,2022-08-29 09:01:16
1661763676274284000,28.55,6,28.55,44,28.6,1,2,2022-08-29 09:01:16
1661763676286734000,28.6,1,28.55,44,28.7,15,1,2022-08-29 09:01:16
1661763676360783000,28.55,2,28.55,42,28.65,1,2,2022-08-29 09:01:16
1661763676569698000,28.65,1,28.6,62,28.7,6,1,2022-08-29 09:01:16
1661763676739943000,28.6,1,28.6,61,28.7,6,2,2022-08-29 09:01:16
1661763676935053000,28.65,2,28.6,61,28.65,3,1,2022-08-29 09:01:16
1661763676960272000,28.6,2,28.6,59,28.65,3,2,2022-08-29 09:01:16
1661763677049819000,28.65,3,28.6,59,28.7,6,1,2022-08-29 09:01:17
1661763677097759000,28.6,1,28.6,58,28.7,6,2,2022-08-29 09:01:17
1661763677107409000,28.6,1,28.6,57,28.7,6,2,2022-08-29 09:01:17
1661763677119997000,28.6,1,28.6,56,28.7,6,2,2022-08-29 09:01:17
1661763677219907000,28.7,6,28.6,57,28.75,20,1,2022-08-29 09:01:17
1661763677360383000,28.6,2,28.6,58,28.75,20,2,2022-08-29 09:01:17
1661763677362236000,28.6,2,28.6,56,28.75,20,2,2022-08-29 09:01:17
1661763677555950000,28.6,1,28.6,56,28.75,20,2,2022-08-29 09:01:17
1661763677631326000,28.7,3,28.6,56,28.7,2,1,2022-08-29 09:01:17
1661763677765211000,28.65,5,28.6,51,28.7,2,2,2022-08-29 09:01:17
1661763677765211000,28.6,5,28.6,51,28.7,2,2,2022-08-29 09:01:17
1661763677815744000,28.6,1,28.6,50,28.7,2,2,2022-08-29 09:01:17
1661763677835600000,28.6,4,28.6,46,28.7,2,2,2022-08-29 09:01:17
1661763677883538000,28.6,2,28.6,44,28.7,2,2,2022-08-29 09:01:17
1661763678317967000,28.6,2,28.6,44,28.7,2,2,2022-08-29 09:01:18
1661763678319409000,28.6,1,28.6,43,28.7,2,2,2022-08-29 09:01:18
1661763678477370000,28.6,2,28.6,41,28.7,2,2,2022-08-29 09:01:18
1661763678544427000,28.7,2,28.6,41,28.7,5,1,2022-08-29 09:01:18
1661763678561216000,28.6,1,28.6,40,28.7,5,2,2022-08-29 09:01:18
1661763678619482000,28.7,2,28.6,40,28.7,3,1,2022-08-29 09:01:18
1661763678770563000,28.6,8,28.6,32,28.7,5,2,2022-08-29 09:01:18
1661763678785271000,28.7,2,28.6,32,28.7,3,1,2022-08-29 09:01:18
1661763678869241000,28.7,1,28.6,32,28.7,2,1,2022-08-29 09:01:18
1661763678992680000,28.65,1,28.6,32,28.7,2,1,2022-08-29 09:01:18
1661763679444366000,28.6,10,28.6,22,28.7,13,2,2022-08-29 09:01:19
1661763679603082000,28.6,2,28.6,20,28.7,13,2,2022-08-29 09:01:19
1661763679645358000,28.65,1,28.6,28,28.7,13,2,2022-08-29 09:01:19
1661763679656830000,28.6,1,28.6,27,28.7,13,2,2022-08-29 09:01:19
1661763679660075000,28.6,1,28.6,26,28.7,13,2,2022-08-29 09:01:19
1661763679693634000,28.6,1,28.6,25,28.7,13,2,2022-08-29 09:01:19
1661763679850183000,28.6,2,28.6,27,28.7,13,2,2022-08-29 09:01:19
1661763679892730000,28.6,20,28.6,7,28.7,13,2,2022-08-29 09:01:19
1661763679916744000,28.6,7,28.55,74,28.6,13,2,2022-08-29 09:01:19
1661763679947084000,28.6,1,28.55,74,28.6,12,1,2022-08-29 09:01:19
1661763680050695000,28.6,1,28.55,74,28.6,11,1,2022-08-29 09:01:20
1661763680147362000,28.55,30,28.55,44,28.6,11,2,2022-08-29 09:01:20
1661763680192560000,28.6,11,28.6,14,28.65,4,1,2022-08-29 09:01:20
1661763680313219000,28.65,2,28.6,14,28.65,2,1,2022-08-29 09:01:20
1661763680421914000,28.6,10,28.6,4,28.65,2,2,2022-08-29 09:01:20
1661763680667329000,28.6,1,28.6,4,28.65,7,2,2022-08-29 09:01:20
1661763680827736000,28.6,3,28.55,26,28.65,7,2,2022-08-29 09:01:20
1661763680827736000,28.55,22,28.55,26,28.65,7,2,2022-08-29 09:01:20
1661763680929725000,28.55,2,28.55,24,28.65,7,2,2022-08-29 09:01:20
1661763681003667000,28.65,1,28.55,24,28.65,6,1,2022-08-29 09:01:21
1661763681057255000,28.65,1,28.55,24,28.65,5,1,2022-08-29 09:01:21
1661763681155769000,28.55,6,28.55,18,28.65,8,2,2022-08-29 09:01:21
1661763681603290000,28.6,1,28.55,24,28.6,22,1,2022-08-29 09:01:21
1661763681635654000,28.6,1,28.55,24,28.6,21,1,2022-08-29 09:01:21
1661763681662012000,28.55,2,28.55,22,28.6,21,2,2022-08-29 09:01:21
1661763681663605000,28.6,1,28.55,24,28.6,23,1,2022-08-29 09:01:21
1661763681749720000,28.6,1,28.55,22,28.6,19,1,2022-08-29 09:01:21
1661763681819087000,28.55,2,28.55,20,28.6,19,2,2022-08-29 09:01:21
1661763681921760000,28.55,2,28.55,18,28.6,19,2,2022-08-29 09:01:21
1661763682224095000,28.6,3,28.55,18,28.6,16,1,2022-08-29 09:01:22
1661763682231545000,28.6,16,28.6,17,28.65,17,1,2022-08-29 09:01:22
1661763682290735000,28.6,2,28.6,15,28.65,17,2,2022-08-29 09:01:22
1661763682317987000,28.6,1,28.6,17,28.65,17,2,2022-08-29 09:01:22
1661763682434250000,28.65,17,28.6,19,28.7,31,1,2022-08-29 09:01:22
1661763682515969000,28.7,1,28.6,19,28.7,31,1,2022-08-29 09:01:22
1661763682581528000,28.6,1,28.6,18,28.7,31,2,2022-08-29 09:01:22
1661763682585529000,28.6,1,28.6,17,28.7,31,2,2022-08-29 09:01:22
1661763682708635000,28.65,3,28.65,2,28.7,32,2,2022-08-29 09:01:22
1661763682710015000,28.65,1,28.65,5,28.7,32,2,2022-08-29 09:01:22
1661763682820927000,28.65,1,28.5,31,28.7,32,2,2022-08-29 09:01:22
1661763682820927000,28.6,19,28.5,31,28.7,32,2,2022-08-29 09:01:22
1661763682820927000,28.55,20,28.5,31,28.7,32,2,2022-08-29 09:01:22
1661763682820927000,28.5,10,28.5,31,28.7,32,2,2022-08-29 09:01:22
1661763682926577000,28.65,2,28.6,1,28.65,3,1,2022-08-29 09:01:22
1661763682965824000,28.65,1,28.65,1,28.7,32,2,2022-08-29 09:01:22
1661763682974223000,28.65,1,28.6,3,28.7,32,2,2022-08-29 09:01:22
1661763682978791000,28.7,5,28.6,3,28.7,27,1,2022-08-29 09:01:22
1661763683045933000,28.65,5,28.6,3,28.65,41,1,2022-08-29 09:01:23
1661763683109092000,28.6,3,28.6,3,28.65,46,2,2022-08-29 09:01:23
1661763683109092000,28.55,2,28.6,3,28.65,46,2,2022-08-29 09:01:23
1661763683287268000,28.55,2,28.5,31,28.65,41,2,2022-08-29 09:01:23
1661763683462623000,28.6,1,28.5,31,28.65,41,1,2022-08-29 09:01:23
1661763684060091000,28.6,2,28.55,4,28.6,6,1,2022-08-29 09:01:24
1661763684562649000,28.6,2,28.55,65,28.6,4,1,2022-08-29 09:01:24
1661763684824880000,28.6,2,28.55,66,28.6,2,1,2022-08-29 09:01:24
1661763684864984000,28.6,2,28.55,66,28.65,44,1,2022-08-29 09:01:24
1661763684897168000,28.65,2,28.55,66,28.65,42,1,2022-08-29 09:01:24
1661763684926238000,28.65,5,28.55,66,28.65,37,1,2022-08-29 09:01:24
1661763685018851000,28.55,1,28.55,65,28.65,37,2,2022-08-29 09:01:25
1661763685022058000,28.55,1,28.55,64,28.65,37,2,2022-08-29 09:01:25
1661763685212299000,28.6,2,28.6,5,28.65,37,2,2022-08-29 09:01:25
1661763685404753000,28.6,3,28.55,76,28.6,2,2,2022-08-29 09:01:25
1661763685600395000,28.6,2,28.55,76,28.65,39,1,2022-08-29 09:01:25
1661763685643241000,28.65,1,28.55,76,28.65,38,1,2022-08-29 09:01:25
1661763685707513000,28.65,1,28.55,76,28.6,2,1,2022-08-29 09:01:25
1661763685778967000,28.55,2,28.55,74,28.65,37,2,2022-08-29 09:01:25
1661763685802525000,28.55,5,28.55,69,28.65,37,2,2022-08-29 09:01:25
1661763685830282000,28.55,40,28.55,29,28.65,37,2,2022-08-29 09:01:25
1661763685950160000,28.55,2,28.55,27,28.65,37,2,2022-08-29 09:01:25
1661763686475294000,28.6,1,28.6,2,28.65,38,2,2022-08-29 09:01:26
1661763686859936000,28.65,38,28.6,21,28.65,3,1,2022-08-29 09:01:26
1661763686894120000,28.65,3,28.6,21,28.7,43,1,2022-08-29 09:01:26
1661763686938911000,28.6,1,28.6,21,28.7,43,2,2022-08-29 09:01:26
1661763687068606000,28.6,1,28.6,20,28.7,44,2,2022-08-29 09:01:27
1661763687160391000,28.65,1,28.6,22,28.7,54,2,2022-08-29 09:01:27
1661763687252140000,28.6,1,28.6,21,28.7,54,2,2022-08-29 09:01:27
1661763687336187000,28.6,1,28.6,20,28.7,54,2,2022-08-29 09:01:27
1661763687372245000,28.6,4,28.6,16,28.7,54,2,2022-08-29 09:01:27
1661763687465205000,28.65,1,28.65,9,28.7,54,2,2022-08-29 09:01:27
1661763687663593000,28.65,1,28.65,9,28.7,59,2,2022-08-29 09:01:27
1661763687782840000,28.65,18,28.6,46,28.65,15,2,2022-08-29 09:01:27
1661763687974501000,28.6,4,28.6,44,28.65,17,2,2022-08-29 09:01:27
1661763688137926000,28.65,1,28.6,44,28.65,16,1,2022-08-29 09:01:28
1661763688177304000,28.65,1,28.6,46,28.65,15,1,2022-08-29 09:01:28
1661763688190227000,28.6,1,28.6,45,28.65,15,2,2022-08-29 09:01:28
1661763688337782000,28.65,15,28.6,55,28.7,59,1,2022-08-29 09:01:28
1661763688450095000,28.6,2,28.6,53,28.7,59,2,2022-08-29 09:01:28
1661763688629569000,28.6,10,28.6,43,28.7,59,2,2022-08-29 09:01:28
1661763688683262000,28.7,1,28.6,43,28.7,58,1,2022-08-29 09:01:28
1661763688690041000,28.6,1,28.6,43,28.7,59,2,2022-08-29 09:01:28
1661763689054524000,28.6,1,28.6,42,28.65,11,2,2022-08-29 09:01:29
1661763689071793000,28.6,5,28.6,37,28.65,11,2,2022-08-29 09:01:29
1661763689100057000,28.6,4,28.6,33,28.65,15,2,2022-08-29 09:01:29
1661763689195437000,28.65,2,28.6,37,28.65,15,1,2022-08-29 09:01:29
1661763689410619000,28.65,1,28.6,35,28.65,12,1,2022-08-29 09:01:29
1661763689420372000,28.65,5,28.6,35,28.65,7,1,2022-08-29 09:01:29
1661763689632796000,28.6,1,28.6,51,28.65,7,2,2022-08-29 09:01:29
1661763689770369000,28.6,3,28.6,48,28.65,7,2,2022-08-29 09:01:29
1661763689899380000,28.6,2,28.6,48,28.65,7,2,2022-08-29 09:01:29
1661763689919785000,28.6,1,28.6,47,28.65,7,2,2022-08-29 09:01:29
1661763690036802000,28.65,1,28.6,47,28.65,6,1,2022-08-29 09:01:30
1661763690485169000,28.65,7,28.65,3,28.7,58,1,2022-08-29 09:01:30
1661763690574165000,28.65,1,28.6,47,28.65,7,2,2022-08-29 09:01:30
1661763690772929000,28.65,2,28.6,47,28.65,3,2,2022-08-29 09:01:30
1661763690782094000,28.6,2,28.6,45,28.65,3,2,2022-08-29 09:01:30
1661763690828909000,28.65,3,28.6,53,28.7,58,1,2022-08-29 09:01:30
1661763690869531000,28.7,58,28.6,54,28.75,34,1,2022-08-29 09:01:30
1661763691049270000,28.7,68,28.6,55,28.75,34,1,2022-08-29 09:01:31
1661763691128134000,28.7,5,28.7,16,28.75,34,2,2022-08-29 09:01:31
1661763691135952000,28.7,1,28.7,15,28.75,34,2,2022-08-29 09:01:31
1661763691148027000,28.7,1,28.7,14,28.75,34,2,2022-08-29 09:01:31
1661763691160451000,28.75,1,28.7,14,28.75,33,1,2022-08-29 09:01:31
1661763691206709000,28.75,33,28.7,14,28.8,34,1,2022-08-29 09:01:31
1661763691220366000,28.7,3,28.7,11,28.8,34,2,2022-08-29 09:01:31
1661763691271592000,28.7,1,28.7,10,28.8,34,2,2022-08-29 09:01:31
1661763691282559000,28.8,5,28.7,10,28.8,29,1,2022-08-29 09:01:31
1661763691398349000,28.7,10,28.65,1,28.75,67,2,2022-08-29 09:01:31
1661763691608173000,28.65,1,28.65,5,28.75,67,2,2022-08-29 09:01:31
1661763691721994000,28.7,1,28.7,34,28.75,67,2,2022-08-29 09:01:31
1661763691741998000,28.7,1,28.7,33,28.75,67,2,2022-08-29 09:01:31
1661763691777817000,28.7,8,28.7,25,28.75,67,2,2022-08-29 09:01:31
1661763692115106000,28.7,1,28.7,24,28.75,67,2,2022-08-29 09:01:32
1661763692323163000,28.7,4,28.7,20,28.75,67,2,2022-08-29 09:01:32
1661763692530500000,28.75,2,28.7,22,28.75,65,1,2022-08-29 09:01:32
1661763692879717000,28.75,3,28.7,22,28.75,62,1,2022-08-29 09:01:32
1661763692953490000,28.7,1,28.7,21,28.75,62,2,2022-08-29 09:01:32
1661763692989331000,28.7,1,28.7,20,28.75,62,2,2022-08-29 09:01:32
1661763693074639000,28.7,20,28.65,26,28.75,62,2,2022-08-29 09:01:33
1661763693177387000,28.75,1,28.65,26,28.75,65,1,2022-08-29 09:01:33
1661763693220117000,28.65,10,28.65,16,28.75,64,2,2022-08-29 09:01:33
1661763693221440000,28.75,1,28.65,16,28.75,63,1,2022-08-29 09:01:33
1661763693222690000,28.75,1,28.65,16,28.75,62,1,2022-08-29 09:01:33
1661763693222961000,28.75,1,28.65,16,28.75,61,1,2022-08-29 09:01:33
1661763693225972000,28.75,1,28.65,16,28.75,60,1,2022-08-29 09:01:33
1661763693234042000,28.75,1,28.65,16,28.75,59,1,2022-08-29 09:01:33
1661763693234737000,28.75,1,28.65,16,28.75,58,1,2022-08-29 09:01:33
1661763693235382000,28.75,1,28.65,16,28.75,57,1,2022-08-29 09:01:33
1661763693236193000,28.75,1,28.65,16,28.75,56,1,2022-08-29 09:01:33
1661763693237787000,28.75,1,28.65,16,28.75,55,1,2022-08-29 09:01:33
1661763693244037000,28.75,1,28.65,16,28.75,54,1,2022-08-29 09:01:33
1661763693404697000,28.65,1,28.65,15,28.75,54,2,2022-08-29 09:01:33
1661763693800607000,28.65,2,28.65,42,28.75,57,2,2022-08-29 09:01:33
1661763693891702000,28.65,30,28.65,32,28.75,57,2,2022-08-29 09:01:33
1661763693924431000,28.75,57,28.65,32,28.8,31,1,2022-08-29 09:01:33
1661763694052313000,28.8,31,28.75,20,28.85,42,1,2022-08-29 09:01:34
1661763694193190000,28.75,1,28.75,20,28.8,31,2,2022-08-29 09:01:34
1661763694264990000,28.75,1,28.75,34,28.85,42,2,2022-08-29 09:01:34
1661763694375466000,28.75,4,28.75,30,28.8,62,2,2022-08-29 09:01:34
1661763694932759000,28.75,1,28.75,29,28.8,62,2,2022-08-29 09:01:34
1661763694966667000,28.75,2,28.75,27,28.8,62,2,2022-08-29 09:01:34
1661763694995559000,28.75,1,28.75,27,28.8,62,2,2022-08-29 09:01:34
1661763695430699000,28.75,26,28.7,2,28.8,62,2,2022-08-29 09:01:35
1661763695458949000,28.7,2,28.65,32,28.8,62,2,2022-08-29 09:01:35
1661763695458949000,28.65,6,28.65,32,28.8,62,2,2022-08-29 09:01:35
1661763695524834000,28.7,1,28.65,40,28.8,62,2,2022-08-29 09:01:35
1661763695524834000,28.65,2,28.65,40,28.8,62,2,2022-08-29 09:01:35
1661763695841954000,28.75,1,28.7,2,28.8,62,1,2022-08-29 09:01:35
1661763695986301000,28.8,3,28.7,10,28.8,60,1,2022-08-29 09:01:35
1661763696544627000,28.75,1,28.75,1,28.8,62,2,2022-08-29 09:01:36
1661763696605136000,28.75,1,28.7,11,28.8,62,2,2022-08-29 09:01:36
1661763696696919000,28.7,1,28.7,12,28.75,10,2,2022-08-29 09:01:36
1661763696885145000,28.75,3,28.7,11,28.75,7,1,2022-08-29 09:01:36
1661763697037042000,28.75,1,28.7,11,28.75,7,1,2022-08-29 09:01:37
1661763697383767000,28.75,7,28.7,16,28.8,62,1,2022-08-29 09:01:37
1661763697383767000,28.8,13,28.7,16,28.8,62,1,2022-08-29 09:01:37
1661763697406599000,28.7,2,28.7,14,28.8,62,2,2022-08-29 09:01:37
1661763697593870000,28.8,5,28.7,14,28.8,57,1,2022-08-29 09:01:37
1661763698113966000,28.7,3,28.7,12,28.75,1,2,2022-08-29 09:01:38
1661763698399205000,28.7,1,28.7,12,28.75,1,2,2022-08-29 09:01:38
1661763698407787000,28.7,1,28.7,11,28.75,1,2,2022-08-29 09:01:38
1661763698560254000,28.75,1,28.75,1,28.8,58,1,2022-08-29 09:01:38
1661763698570951000,28.75,1,28.7,17,28.75,2,2,2022-08-29 09:01:38
1661763698583006000,28.75,1,28.7,17,28.75,1,1,2022-08-29 09:01:38
1661763698639622000,28.75,2,28.7,17,28.8,58,1,2022-08-29 09:01:38
1661763698732053000,28.8,12,28.7,17,28.8,46,1,2022-08-29 09:01:38
1661763698832741000,28.75,1,28.7,15,28.8,46,2,2022-08-29 09:01:38
1661763698832741000,28.7,2,28.7,15,28.8,46,2,2022-08-29 09:01:38
1661763698881014000,28.8,46,28.7,15,28.85,70,1,2022-08-29 09:01:38
1661763699403494000,28.7,2,28.7,22,28.75,3,2,2022-08-29 09:01:39
1661763699495207000,28.7,2,28.7,22,28.75,3,2,2022-08-29 09:01:39
1661763699545024000,28.7,3,28.7,19,28.75,3,2,2022-08-29 09:01:39
1661763700032537000,28.7,5,28.7,16,28.75,3,2,2022-08-29 09:01:40
1661763700357511000,28.75,1,28.7,20,28.75,3,1,2022-08-29 09:01:40
1661763700592995000,28.7,1,28.7,20,28.75,3,2,2022-08-29 09:01:40
1661763700701332000,28.7,1,28.7,20,28.75,8,2,2022-08-29 09:01:40
1661763700736077000,28.75,1,28.7,19,28.75,7,1,2022-08-29 09:01:40
1661763700747319000,28.75,1,28.7,19,28.75,6,1,2022-08-29 09:01:40
1661763701701877000,28.75,4,28.7,33,28.75,29,1,2022-08-29 09:01:41
1661763701801169000,28.75,1,28.7,33,28.75,24,1,2022-08-29 09:01:41
1661763701836156000,28.75,2,28.7,33,28.75,22,1,2022-08-29 09:01:41
1661763701846403000,28.75,1,28.7,33,28.75,21,1,2022-08-29 09:01:41
1661763702055569000,28.7,23,28.7,20,28.75,22,2,2022-08-29 09:01:42
1661763702137152000,28.75,6,28.7,25,28.75,16,1,2022-08-29 09:01:42
1661763702190027000,28.7,5,28.7,25,28.75,22,2,2022-08-29 09:01:42
1661763702420407000,28.75,1,28.7,26,28.75,15,1,2022-08-29 09:01:42
1661763702626654000,28.75,1,28.7,27,28.75,15,1,2022-08-29 09:01:42
1661763702692096000,28.75,1,28.7,27,28.75,14,1,2022-08-29 09:01:42
1661763702750557000,28.75,14,28.75,6,28.8,57,1,2022-08-29 09:01:42
1661763702754711000,28.8,1,28.75,6,28.8,56,1,2022-08-29 09:01:42
1661763702787347000,28.75,1,28.75,5,28.8,56,2,2022-08-29 09:01:42
1661763702787943000,28.75,5,28.7,27,28.8,56,2,2022-08-29 09:01:42
1661763702887844000,28.75,1,28.75,6,28.8,56,2,2022-08-29 09:01:42
1661763702889846000,28.8,2,28.75,6,28.8,54,1,2022-08-29 09:01:42
1661763702891066000,28.75,2,28.75,4,28.8,54,2,2022-08-29 09:01:42
1661763703021744000,28.75,4,28.7,27,28.75,1,2,2022-08-29 09:01:43
1661763703151142000,28.7,6,28.7,21,28.75,2,2,2022-08-29 09:01:43
1661763703666178000,28.7,1,28.7,28,28.75,4,2,2022-08-29 09:01:43
1661763703792699000,28.75,1,28.7,27,28.75,3,1,2022-08-29 09:01:43
1661763703945704000,28.75,1,28.7,27,28.75,2,1,2022-08-29 09:01:43
1661763703984910000,28.75,2,28.7,34,28.8,66,1,2022-08-29 09:01:43
1661763704040097000,28.8,1,28.7,35,28.8,65,1,2022-08-29 09:01:44
1661763704176742000,28.75,1,28.75,1,28.8,69,2,2022-08-29 09:01:44
1661763704309018000,28.75,1,28.7,40,28.75,9,2,2022-08-29 09:01:44
1661763704310089000,28.75,1,28.7,40,28.75,8,1,2022-08-29 09:01:44
1661763704328351000,28.75,1,28.7,40,28.75,7,1,2022-08-29 09:01:44
1661763704446546000,28.7,1,28.7,44,28.75,7,2,2022-08-29 09:01:44
1661763704462577000,28.75,1,28.7,44,28.75,7,1,2022-08-29 09:01:44
1661763704476634000,28.75,7,28.7,44,28.8,69,1,2022-08-29 09:01:44
1661763704672690000,28.7,1,28.7,43,28.8,69,2,2022-08-29 09:01:44
1661763704770720000,28.7,1,28.7,42,28.75,11,2,2022-08-29 09:01:44
1661763704946057000,28.75,1,28.7,43,28.75,10,1,2022-08-29 09:01:44
1661763704963310000,28.75,2,28.7,43,28.75,13,1,2022-08-29 09:01:44
1661763705015727000,28.7,1,28.7,42,28.75,13,2,2022-08-29 09:01:45
1661763705105518000,28.75,10,28.7,42,28.75,14,1,2022-08-29 09:01:45
1661763705153644000,28.75,4,28.75,3,28.8,69,1,2022-08-29 09:01:45
1661763705194274000,28.75,3,28.7,42,28.8,69,2,2022-08-29 09:01:45
1661763705373477000,28.8,1,28.7,50,28.8,82,1,2022-08-29 09:01:45
1661763705449724000,28.75,5,28.7,51,28.8,82,2,2022-08-29 09:01:45
1661763705506769000,28.75,1,28.7,51,28.75,39,1,2022-08-29 09:01:45
1661763705608521000,28.7,1,28.7,50,28.75,39,2,2022-08-29 09:01:45
1661763705685354000,28.7,4,28.7,48,28.75,39,2,2022-08-29 09:01:45
1661763705781753000,28.7,1,28.7,52,28.75,44,2,2022-08-29 09:01:45
1661763705817368000,28.7,52,28.65,39,28.75,44,2,2022-08-29 09:01:45
1661763705944851000,28.7,1,28.65,37,28.75,44,2,2022-08-29 09:01:45
1661763705944851000,28.65,2,28.65,37,28.75,44,2,2022-08-29 09:01:45
1661763706006725000,28.75,1,28.65,38,28.75,43,1,2022-08-29 09:01:46
1661763706198273000,28.75,1,28.65,38,28.75,42,1,2022-08-29 09:01:46
1661763706252280000,28.7,1,28.7,1,28.75,42,1,2022-08-29 09:01:46
1661763706351078000,28.75,18,28.7,1,28.75,24,1,2022-08-29 09:01:46
1661763706485922000,28.7,1,28.7,1,28.75,29,2,2022-08-29 09:01:46
1661763706748104000,28.7,1,28.7,1,28.75,29,2,2022-08-29 09:01:46
1661763706841609000,28.7,1,28.65,38,28.75,30,2,2022-08-29 09:01:46
1661763707084954000,28.7,1,28.65,38,28.7,24,1,2022-08-29 09:01:47
1661763707182662000,28.7,3,28.65,38,28.7,24,1,2022-08-29 09:01:47
1661763707273316000,28.7,2,28.65,38,28.7,19,1,2022-08-29 09:01:47
1661763707356559000,28.65,1,28.65,52,28.7,19,2,2022-08-29 09:01:47
1661763707357579000,28.7,3,28.65,52,28.7,16,1,2022-08-29 09:01:47
1661763707460262000,28.7,1,28.65,52,28.7,15,1,2022-08-29 09:01:47
1661763707569183000,28.65,1,28.65,51,28.7,15,2,2022-08-29 09:01:47
1661763707608115000,28.65,1,28.65,50,28.7,16,2,2022-08-29 09:01:47
1661763707613886000,28.7,1,28.65,50,28.7,15,1,2022-08-29 09:01:47
1661763707737582000,28.65,50,28.6,114,28.7,30,2,2022-08-29 09:01:47
1661763707744884000,28.7,1,28.6,114,28.7,29,1,2022-08-29 09:01:47
1661763707857054000,28.6,13,28.6,101,28.65,2,2,2022-08-29 09:01:47
1661763707873905000,28.6,101,28.55,47,28.65,2,2,2022-08-29 09:01:47
1661763707880880000,28.65,2,28.55,47,28.7,35,1,2022-08-29 09:01:47
1661763707995427000,28.7,1,28.55,57,28.7,34,1,2022-08-29 09:01:47
1661763708103309000,28.65,1,28.55,57,28.65,7,1,2022-08-29 09:01:48
1661763708283294000,28.65,1,28.55,57,28.65,5,1,2022-08-29 09:01:48
1661763708367234000,28.65,1,28.55,57,28.65,4,1,2022-08-29 09:01:48
1661763708440522000,28.65,1,28.6,15,28.65,8,1,2022-08-29 09:01:48
1661763708474267000,28.6,15,28.55,72,28.65,8,2,2022-08-29 09:01:48
1661763708706146000,28.55,1,28.55,72,28.65,18,2,2022-08-29 09:01:48
1661763708761021000,28.65,3,28.55,71,28.65,15,1,2022-08-29 09:01:48
1661763708880040000,28.55,1,28.55,70,28.65,26,2,2022-08-29 09:01:48
1661763708900305000,28.55,1,28.55,69,28.65,26,2,2022-08-29 09:01:48
1661763709088025000,28.6,1,28.55,69,28.65,28,1,2022-08-29 09:01:49
1661763709120573000,28.65,1,28.55,69,28.65,27,1,2022-08-29 09:01:49
1661763709123481000,28.65,2,28.55,69,28.65,25,1,2022-08-29 09:01:49
1661763709436280000,28.55,1,28.55,69,28.65,25,2,2022-08-29 09:01:49
1661763709588234000,28.6,1,28.55,69,28.65,24,1,2022-08-29 09:01:49
1661763709588234000,28.65,1,28.55,69,28.65,24,1,2022-08-29 09:01:49
1661763709666689000,28.55,20,28.55,69,28.65,24,2,2022-08-29 09:01:49
1661763709784487000,28.55,1,28.55,48,28.65,26,2,2022-08-29 09:01:49
1661763709893264000,28.6,1,28.55,48,28.6,9,1,2022-08-29 09:01:49
1661763709969535000,28.6,5,28.55,48,28.6,4,1,2022-08-29 09:01:49
1661763710320698000,28.6,4,28.6,1,28.65,35,1,2022-08-29 09:01:50
1661763710464497000,28.65,1,28.6,1,28.65,44,1,2022-08-29 09:01:50
1661763710576908000,28.65,1,28.6,1,28.65,44,1,2022-08-29 09:01:50
1661763710768378000,28.6,1,28.55,48,28.6,1,2,2022-08-29 09:01:50
1661763711054922000,28.6,1,28.55,48,28.6,1,1,2022-08-29 09:01:51
1661763711099068000,28.6,1,28.55,48,28.65,45,1,2022-08-29 09:01:51
1661763711347411000,28.6,2,28.55,44,28.65,46,2,2022-08-29 09:01:51
1661763711347411000,28.55,5,28.55,44,28.65,46,2,2022-08-29 09:01:51
1661763711476707000,28.55,1,28.55,43,28.6,5,2,2022-08-29 09:01:51
1661763711520268000,28.6,2,28.55,43,28.6,3,1,2022-08-29 09:01:51
1661763712088158000,28.6,1,28.55,43,28.6,8,1,2022-08-29 09:01:52
1661763712151247000,28.55,1,28.55,43,28.6,13,2,2022-08-29 09:01:52
1661763713013184000,28.6,1,28.55,42,28.6,24,1,2022-08-29 09:01:53
1661763713107265000,28.6,1,28.55,42,28.6,23,1,2022-08-29 09:01:53
1661763713186928000,28.6,1,28.55,42,28.6,25,1,2022-08-29 09:01:53
1661763713205518000,28.55,10,28.55,42,28.6,26,2,2022-08-29 09:01:53
1661763713288183000,28.6,1,28.55,39,28.6,24,1,2022-08-29 09:01:53
1661763713321086000,28.55,1,28.55,38,28.6,24,2,2022-08-29 09:01:53
1661763713348161000,28.6,1,28.55,38,28.6,26,1,2022-08-29 09:01:53
1661763713396236000,28.6,2,28.55,38,28.6,24,1,2022-08-29 09:01:53
1661763713729760000,28.6,1,28.55,39,28.6,33,1,2022-08-29 09:01:53
1661763713951516000,28.6,1,28.55,39,28.6,38,1,2022-08-29 09:01:53
1661763714270253000,28.6,2,28.55,39,28.6,38,1,2022-08-29 09:01:54
1661763714419391000,28.6,1,28.55,39,28.6,38,1,2022-08-29 09:01:54
1661763714600773000,28.55,2,28.55,47,28.6,39,2,2022-08-29 09:01:54
1661763714612035000,28.6,2,28.55,47,28.6,37,1,2022-08-29 09:01:54
1661763714745341000,28.55,1,28.55,46,28.6,38,2,2022-08-29 09:01:54
1661763714765403000,28.6,1,28.55,47,28.6,37,1,2022-08-29 09:01:54
1661763714870110000,28.55,1,28.55,47,28.6,37,2,2022-08-29 09:01:54
1661763715177403000,28.6,1,28.55,47,28.6,39,1,2022-08-29 09:01:55
1661763715225547000,28.55,3,28.55,46,28.6,39,2,2022-08-29 09:01:55
1661763715240347000,28.6,1,28.55,48,28.6,38,1,2022-08-29 09:01:55
1661763715440356000,28.6,6,28.55,49,28.6,32,1,2022-08-29 09:01:55
1661763715446728000,28.6,1,28.55,49,28.6,31,1,2022-08-29 09:01:55
1661763715497570000,28.6,1,28.55,49,28.6,30,1,2022-08-29 09:01:55
1661763715923349000,28.6,2,28.55,49,28.6,28,1,2022-08-29 09:01:55
1661763715980027000,28.6,2,28.55,49,28.6,26,1,2022-08-29 09:01:55
1661763716146076000,28.55,1,28.55,49,28.6,26,2,2022-08-29 09:01:56
1661763716253349000,28.6,1,28.55,48,28.6,25,1,2022-08-29 09:01:56
1661763716283747000,28.55,4,28.55,45,28.6,25,2,2022-08-29 09:01:56
1661763716324080000,28.55,1,28.55,44,28.6,25,2,2022-08-29 09:01:56
1661763716370549000,28.55,1,28.55,43,28.6,25,2,2022-08-29 09:01:56
1661763716370970000,28.55,4,28.55,39,28.6,25,2,2022-08-29 09:01:56
1661763716417586000,28.55,1,28.55,38,28.6,25,2,2022-08-29 09:01:56
1661763716449405000,28.55,38,28.5,119,28.6,25,2,2022-08-29 09:01:56
1661763716449405000,28.5,2,28.5,119,28.6,25,2,2022-08-29 09:01:56
1661763716673055000,28.55,1,28.5,121,28.55,2,1,2022-08-29 09:01:56
1661763716786647000,28.55,1,28.5,121,28.6,25,1,2022-08-29 09:01:56
1661763716981432000,28.6,30,28.6,3,28.65,41,1,2022-08-29 09:01:56
1661763717024013000,28.6,2,28.6,1,28.65,41,2,2022-08-29 09:01:57
1661763717053413000,28.6,1,28.5,139,28.65,41,2,2022-08-29 09:01:57
1661763717213141000,28.5,3,28.5,136,28.6,2,2,2022-08-29 09:01:57
1661763717296414000,28.5,7,28.5,129,28.6,2,2,2022-08-29 09:01:57
1661763718024038000,28.55,1,28.5,129,28.55,1,1,2022-08-29 09:01:58
1661763718310983000,28.55,1,28.5,129,28.6,32,1,2022-08-29 09:01:58
1661763718387423000,28.6,1,28.5,129,28.6,31,1,2022-08-29 09:01:58
1661763718549254000,28.55,2,28.5,128,28.55,3,1,2022-08-29 09:01:58
1661763718619502000,28.5,5,28.5,125,28.55,3,2,2022-08-29 09:01:58
1661763718700420000,28.55,3,28.5,125,28.55,3,1,2022-08-29 09:01:58
1661763718700420000,28.6,2,28.5,125,28.55,3,1,2022-08-29 09:01:58
1661763718740385000,28.5,5,28.5,120,28.6,29,2,2022-08-29 09:01:58
1661763718757834000,28.5,5,28.5,115,28.6,29,2,2022-08-29 09:01:58
1661763718899852000,28.55,1,28.5,115,28.55,1,1,2022-08-29 09:01:58
1661763719240929000,28.55,1,28.5,115,28.6,35,1,2022-08-29 09:01:59
1661763719319357000,28.6,1,28.5,115,28.6,34,1,2022-08-29 09:01:59
1661763719412632000,28.5,6,28.5,109,28.6,34,2,2022-08-29 09:01:59
1661763719439539000,28.5,1,28.5,108,28.6,34,2,2022-08-29 09:01:59
1661763719500586000,28.5,2,28.5,106,28.6,34,2,2022-08-29 09:01:59
1661763720022481000,28.55,2,28.55,20,28.6,39,2,2022-08-29 09:02:00
1661763720498179000,28.55,4,28.55,16,28.6,36,2,2022-08-29 09:02:00
1661763720530517000,28.55,16,28.5,101,28.55,8,2,2022-08-29 09:02:00
1661763720688477000,28.55,1,28.55,1,28.6,51,2,2022-08-29 09:02:00
1661763720708999000,28.6,9,28.5,102,28.6,42,1,2022-08-29 09:02:00
1661763720884990000,28.55,1,28.5,103,28.6,34,1,2022-08-29 09:02:00
1661763720884990000,28.6,8,28.5,103,28.6,34,1,2022-08-29 09:02:00
1661763721226379000,28.6,2,28.5,120,28.6,32,1,2022-08-29 09:02:01
1661763721294548000,28.6,1,28.5,120,28.6,34,1,2022-08-29 09:02:01
1661763721620418000,28.6,10,28.5,118,28.6,25,1,2022-08-29 09:02:01
1661763721703156000,28.6,1,28.55,3,28.6,24,1,2022-08-29 09:02:01
1661763721780525000,28.6,24,28.55,3,28.65,41,1,2022-08-29 09:02:01
1661763721841029000,28.55,1,28.55,2,28.65,41,2,2022-08-29 09:02:01
1661763721965038000,28.55,1,28.55,1,28.6,3,2,2022-08-29 09:02:01
1661763722333543000,28.6,1,28.55,13,28.6,2,1,2022-08-29 09:02:02
1661763722548163000,28.55,2,28.55,11,28.6,2,2,2022-08-29 09:02:02
1661763722684548000,28.55,10,28.55,7,28.6,2,2,2022-08-29 09:02:02
1661763722698761000,28.6,2,28.55,17,28.6,2,1,2022-08-29 09:02:02
1661763722782305000,28.65,3,28.6,8,28.65,38,1,2022-08-29 09:02:02
1661763722823774000,28.6,5,28.6,3,28.65,39,2,2022-08-29 09:02:02
1661763722895949000,28.6,1,28.6,2,28.65,39,2,2022-08-29 09:02:02
1661763723141370000,28.6,1,28.6,15,28.65,39,2,2022-08-29 09:02:03
1661763723269819000,28.65,10,28.6,16,28.65,29,1,2022-08-29 09:02:03
1661763723316988000,28.6,1,28.6,15,28.65,29,2,2022-08-29 09:02:03
1661763723394957000,28.6,1,28.6,14,28.65,28,2,2022-08-29 09:02:03
1661763723475238000,28.6,3,28.6,11,28.65,28,2,2022-08-29 09:02:03
1661763723749116000,28.6,1,28.6,10,28.65,28,2,2022-08-29 09:02:03
1661763723898768000,28.6,1,28.6,9,28.65,26,2,2022-08-29 09:02:03
1661763724270009000,28.65,1,28.6,10,28.65,25,1,2022-08-29 09:02:04
1661763724461823000,28.65,25,28.6,11,28.7,68,1,2022-08-29 09:02:04
1661763724683144000,28.6,1,28.6,12,28.65,3,2,2022-08-29 09:02:04
1661763724706398000,28.6,7,28.6,12,28.65,3,2,2022-08-29 09:02:04
1661763725026647000,28.6,2,28.6,3,28.65,3,2,2022-08-29 09:02:05
1661763725193922000,28.6,3,28.6,5,28.65,3,2,2022-08-29 09:02:05
1661763725274793000,28.6,18,28.55,44,28.6,29,1,2022-08-29 09:02:05
1661763725306875000,28.6,10,28.55,44,28.6,19,1,2022-08-29 09:02:05
1661763725310428000,28.6,7,28.55,44,28.6,12,1,2022-08-29 09:02:05
1661763725461707000,28.6,10,28.55,44,28.6,2,1,2022-08-29 09:02:05
1661763725473015000,28.6,2,28.55,44,28.65,3,1,2022-08-29 09:02:05
1661763725481211000,28.55,5,28.55,39,28.65,3,2,2022-08-29 09:02:05
1661763725546082000,28.65,3,28.55,41,28.7,61,1,2022-08-29 09:02:05
1661763725651853000,28.55,5,28.55,38,28.7,61,2,2022-08-29 09:02:05
1661763725831004000,28.7,61,28.6,100,28.75,52,1,2022-08-29 09:02:05
1661763725908844000,28.6,3,28.6,97,28.75,52,2,2022-08-29 09:02:05
1661763726019634000,28.6,1,28.6,96,28.75,52,2,2022-08-29 09:02:06
1661763726040080000,28.6,1,28.6,95,28.75,52,2,2022-08-29 09:02:06
1661763726143775000,28.6,1,28.6,95,28.75,52,2,2022-08-29 09:02:06
1661763726144896000,28.75,5,28.6,95,28.75,47,1,2022-08-29 09:02:06
1661763726205179000,28.65,2,28.6,95,28.75,47,1,2022-08-29 09:02:06
1661763726300138000,28.6,1,28.6,94,28.75,47,2,2022-08-29 09:02:06
1661763726410526000,28.65,1,28.65,2,28.75,47,2,2022-08-29 09:02:06
1661763726450585000,28.75,1,28.65,12,28.75,46,1,2022-08-29 09:02:06
1661763726597732000,28.65,4,28.65,9,28.75,46,2,2022-08-29 09:02:06
1661763726851995000,28.65,10,28.65,9,28.75,46,2,2022-08-29 09:02:06
1661763727520708000,28.7,5,28.7,19,28.75,39,2,2022-08-29 09:02:07
1661763727541606000,28.7,4,28.7,15,28.75,39,2,2022-08-29 09:02:07
1661763727668324000,28.7,10,28.7,19,28.75,39,2,2022-08-29 09:02:07
1661763727756466000,28.7,1,28.7,4,28.75,40,2,2022-08-29 09:02:07
1661763727987755000,28.7,6,28.65,7,28.75,40,2,2022-08-29 09:02:07
1661763727987755000,28.65,7,28.65,7,28.75,40,2,2022-08-29 09:02:07
1661763728204643000,28.65,1,28.65,6,28.75,40,2,2022-08-29 09:02:08
1661763728404391000,28.75,1,28.65,6,28.75,39,1,2022-08-29 09:02:08
1661763728579272000,28.65,1,28.65,5,28.75,39,2,2022-08-29 09:02:08
1661763729024207000,28.7,1,28.65,7,28.8,23,1,2022-08-29 09:02:09
1661763729024207000,28.75,39,28.65,7,28.8,23,1,2022-08-29 09:02:09
1661763729024207000,28.8,70,28.65,7,28.8,23,1,2022-08-29 09:02:09
1661763729415869000,28.65,12,28.6,106,28.8,24,2,2022-08-29 09:02:09
1661763729415869000,28.6,3,28.6,106,28.8,24,2,2022-08-29 09:02:09
1661763729455425000,28.65,2,28.65,3,28.8,24,1,2022-08-29 09:02:09
1661763729462360000,28.65,3,28.6,106,28.65,3,2,2022-08-29 09:02:09
1661763729467000000,28.65,2,28.6,106,28.65,1,1,2022-08-29 09:02:09
1661763729467288000,28.65,1,28.6,106,28.75,12,1,2022-08-29 09:02:09
1661763729468390000,28.6,5,28.6,101,28.75,12,2,2022-08-29 09:02:09
1661763729477898000,28.6,50,28.6,51,28.75,12,2,2022-08-29 09:02:09
1661763729512653000,28.6,2,28.6,49,28.8,24,2,2022-08-29 09:02:09
1661763729657971000,28.75,1,28.6,50,28.75,11,1,2022-08-29 09:02:09
1661763729775317000,28.75,2,28.65,1,28.75,18,1,2022-08-29 09:02:09
1661763730145368000,28.75,8,28.7,10,28.75,10,1,2022-08-29 09:02:10
1661763730313118000,28.7,5,28.7,5,28.75,10,2,2022-08-29 09:02:10
1661763730639090000,28.7,2,28.7,5,28.75,10,2,2022-08-29 09:02:10
1661763730735594000,28.7,2,28.7,1,28.75,10,2,2022-08-29 09:02:10
1661763730827383000,28.7,1,28.65,3,28.75,10,2,2022-08-29 09:02:10
1661763730835613000,28.65,1,28.65,2,28.75,10,2,2022-08-29 09:02:10
1661763730968982000,28.7,1,28.65,2,28.75,20,2,2022-08-29 09:02:10
1661763731079435000,28.75,20,28.65,2,28.8,3,1,2022-08-29 09:02:11
1661763731079435000,28.8,26,28.65,2,28.8,3,1,2022-08-29 09:02:11
1661763731618717000,28.7,20,28.6,45,28.75,10,2,2022-08-29 09:02:11
1661763731618717000,28.65,2,28.6,45,28.75,10,2,2022-08-29 09:02:11
1661763731618717000,28.6,8,28.6,45,28.75,10,2,2022-08-29 09:02:11
1661763731677187000,28.75,6,28.6,45,28.75,16,1,2022-08-29 09:02:11
1661763732499210000,28.7,2,28.65,14,28.75,1,1,2022-08-29 09:02:12
1661763732499210000,28.75,3,28.65,14,28.75,1,1,2022-08-29 09:02:12
1661763732621685000,28.7,1,28.65,16,28.8,13,1,2022-08-29 09:02:12
1661763732621685000,28.75,1,28.65,16,28.8,13,1,2022-08-29 09:02:12
1661763732621685000,28.8,8,28.65,16,28.8,13,1,2022-08-29 09:02:12
1661763732651015000,28.65,1,28.65,15,28.8,13,2,2022-08-29 09:02:12
1661763733089359000,28.75,1,28.75,4,28.8,13,1,2022-08-29 09:02:13
1661763733116057000,28.75,4,28.65,15,28.8,13,2,2022-08-29 09:02:13
1661763733123837000,28.8,5,28.65,15,28.8,8,1,2022-08-29 09:02:13
1661763733256529000,28.65,1,28.65,14,28.8,8,2,2022-08-29 09:02:13
1661763733744122000,28.8,1,28.65,25,28.8,19,1,2022-08-29 09:02:13
1661763733959129000,28.8,1,28.7,1,28.8,8,1,2022-08-29 09:02:13
1661763734332569000,28.8,8,28.75,3,28.85,46,1,2022-08-29 09:02:14
1661763734515898000,28.85,2,28.75,3,28.85,44,1,2022-08-29 09:02:14
1661763734657991000,28.75,2,28.75,1,28.8,8,2,2022-08-29 09:02:14
1661763734677657000,28.75,1,28.75,3,28.8,8,2,2022-08-29 09:02:14
1661763734677657000,28.7,2,28.75,3,28.8,8,2,2022-08-29 09:02:14
1661763734677657000,28.65,2,28.75,3,28.8,8,2,2022-08-29 09:02:14
1661763734689817000,28.75,1,28.75,13,28.8,8,2,2022-08-29 09:02:14
1661763734863528000,28.75,2,28.75,11,28.8,8,2,2022-08-29 09:02:14
1661763734871686000,28.75,3,28.75,8,28.8,8,2,2022-08-29 09:02:14
1661763734912774000,28.75,8,28.7,3,28.8,8,2,2022-08-29 09:02:14
1661763735138683000,28.75,3,28.7,3,28.75,3,1,2022-08-29 09:02:15
1661763735227327000,28.7,3,28.65,37,28.7,12,2,2022-08-29 09:02:15
1661763735494698000,28.65,2,28.65,35,28.7,17,2,2022-08-29 09:02:15
