ts,close,volume,bid_price,bid_volume,ask_price,ask_volume,tick_type,datetime
1661763737546886000,66.3,1071,66.2,4,66.3,45,1,2022-08-29 09:02:17
1661763737570066000,66.3,5,66.2,4,66.3,40,1,2022-08-29 09:02:17
1661763737578731000,66.2,4,66.1,2,66.3,40,2,2022-08-29 09:02:17
1661763737613996000,66.1,2,66.0,23,66.3,40,2,2022-08-29 09:02:17
1661763737668039000,66.0,4,66.0,19,66.3,40,2,2022-08-29 09:02:17
1661763737980226000,66.0,10,66.0,9,66.2,1,2,2022-08-29 09:02:17
1661763738005511000,66.0,9,65.9,1,66.2,1,2,2022-08-29 09:02:18
1661763738445169000,66.2,2,65.9,1,66.2,10,1,2022-08-29 09:02:18
1661763738959689000,66.0,1,65.8,6,66.2,10,2,2022-08-29 09:02:18
1661763738959689000,65.9,1,65.8,6,66.2,10,2,2022-08-29 09:02:18
1661763738981170000,66.2,10,65.8,6,66.3,4,1,2022-08-29 09:02:18
1661763738981170000,66.3,40,65.8,6,66.3,4,1,2022-08-29 09:02:18
1661763739126880000,65.9,2,65.9,9,66.3,4,2,2022-08-29 09:02:19
1661763739342346000,66.2,1,65.9,9,66.3,4,1,2022-08-29 09:02:19
1661763740048008000,65.9,2,65.9,7,66.1,15,2,2022-08-29 09:02:20
1661763740054536000,66.1,1,65.9,7,66.1,14,1,2022-08-29 09:02:20
1661763740088026000,66.1,14,65.9,7,66.2,10,1,2022-08-29 09:02:20
1661763740201879000,66.0,1,66.0,3,66.2,10,2,2022-08-29 09:02:20
1661763740231280000,66.0,3,66.0,4,66.2,10,2,2022-08-29 09:02:20
1661763740607040000,66.0,1,65.9,7,66.2,8,1,2022-08-29 09:02:20
1661763740607040000,66.2,2,65.9,7,66.2,8,1,2022-08-29 09:02:20
1661763740608803000,65.9,7,65.8,3,66.2,8,2,2022-08-29 09:02:20
1661763740608803000,65.8,3,65.8,3,66.2,8,2,2022-08-29 09:02:20
1661763740637686000,66.2,8,65.8,3,66.3,4,1,2022-08-29 09:02:20
1661763741041653000,65.9,2,65.8,5,66.1,1,2,2022-08-29 09:02:21
1661763741041653000,65.8,8,65.8,5,66.1,1,2,2022-08-29 09:02:21
1661763741323833000,66.0,1,65.8,4,66.1,4,2,2022-08-29 09:02:21
1661763741323833000,65.8,1,65.8,4,66.1,4,2,2022-08-29 09:02:21
1661763741587621000,66.0,1,65.8,4,66.1,4,2,2022-08-29 09:02:21
1661763741888897000,65.8,2,65.8,2,66.1,4,2,2022-08-29 09:02:21
1661763742529288000,65.9,1,65.8,2,66.1,4,2,2022-08-29 09:02:22
1661763742751943000,65.8,1,65.8,1,66.1,4,2,2022-08-29 09:02:22
1661763742760362000,66.1,1,65.8,2,66.1,4,1,2022-08-29 09:02:22
1661763742866489000,66.0,1,65.7,8,66.1,3,2,2022-08-29 09:02:22
1661763742866489000,65.8,1,65.7,8,66.1,3,2,2022-08-29 09:02:22
1661763742866489000,65.7,2,65.7,8,66.1,3,2,2022-08-29 09:02:22
1661763743007672000,65.7,2,65.7,6,66.0,1,2,2022-08-29 09:02:23
1661763743203832000,65.9,1,65.7,6,65.9,1,1,2022-08-29 09:02:23
1661763743414033000,66.0,1,65.7,6,66.1,3,1,2022-08-29 09:02:23
1661763743419503000,66.1,3,65.7,6,66.2,3,1,2022-08-29 09:02:23
1661763743419503000,66.2,10,65.7,6,66.2,3,1,2022-08-29 09:02:23
1661763743500864000,66.3,1,65.8,8,66.3,7,1,2022-08-29 09:02:23
1661763743557504000,65.9,1,65.9,1,66.3,7,2,2022-08-29 09:02:23
1661763744102365000,65.9,1,65.8,8,66.2,1,2,2022-08-29 09:02:24
1661763744142826000,66.2,3,65.8,8,66.4,45,1,2022-08-29 09:02:24
1661763744142826000,66.3,7,65.8,8,66.4,45,1,2022-08-29 09:02:24
1661763744210314000,65.8,1,65.8,10,66.0,1,2,2022-08-29 09:02:24
1661763744212304000,66.0,1,65.8,10,66.4,45,1,2022-08-29 09:02:24
1661763744310986000,66.4,7,66.0,1,66.4,38,1,2022-08-29 09:02:24
1661763744604262000,66.0,2,66.0,1,66.4,38,2,2022-08-29 09:02:24
1661763744900185000,66.1,1,66.3,1,66.4,38,1,2022-08-29 09:02:24
1661763744938947000,66.3,1,66.0,3,66.4,38,2,2022-08-29 09:02:24
1661763744941063000,66.4,1,66.0,3,66.4,37,1,2022-08-29 09:02:24
1661763745433644000,66.4,15,66.1,8,66.4,22,1,2022-08-29 09:02:25
1661763745958861000,66.1,2,66.1,7,66.4,22,2,2022-08-29 09:02:25
1661763746101051000,66.4,15,66.1,7,66.4,7,1,2022-08-29 09:02:26
1661763746159148000,66.2,1,66.1,7,66.2,1,1,2022-08-29 09:02:26
1661763746530435000,66.4,1,66.2,11,66.4,6,1,2022-08-29 09:02:26
1661763746953145000,66.4,5,66.2,11,66.5,33,1,2022-08-29 09:02:26
1661763746953145000,66.5,15,66.2,11,66.5,33,1,2022-08-29 09:02:26
1661763747020710000,66.3,1,66.2,10,66.5,33,2,2022-08-29 09:02:27
1661763747020710000,66.2,1,66.2,10,66.5,33,2,2022-08-29 09:02:27
1661763747132146000,66.5,4,66.2,12,66.5,29,1,2022-08-29 09:02:27
1661763747583561000,66.5,3,66.3,2,66.5,26,1,2022-08-29 09:02:27
1661763747709789000,66.5,4,66.3,2,66.5,22,1,2022-08-29 09:02:27
1661763747715847000,66.3,2,66.2,2,66.5,22,2,2022-08-29 09:02:27
1661763747950263000,66.5,1,66.3,1,66.5,21,1,2022-08-29 09:02:27
1661763748395507000,66.5,2,66.4,9,66.5,19,1,2022-08-29 09:02:28
1661763749018612000,66.4,2,66.4,7,66.5,19,2,2022-08-29 09:02:29
1661763749086147000,66.5,10,66.4,8,66.5,9,1,2022-08-29 09:02:29
1661763749123009000,66.5,9,66.4,8,66.6,95,1,2022-08-29 09:02:29
1661763749260516000,66.4,1,66.4,8,66.6,95,2,2022-08-29 09:02:29
1661763749454338000,66.6,2,66.5,4,66.6,93,1,2022-08-29 09:02:29
1661763749578402000,66.6,1,66.5,4,66.6,92,1,2022-08-29 09:02:29
1661763749818864000,66.5,1,66.5,5,66.6,92,2,2022-08-29 09:02:29
1661763749879146000,66.5,1,66.5,4,66.6,92,2,2022-08-29 09:02:29
1661763749953606000,66.5,3,66.5,1,66.6,89,2,2022-08-29 09:02:29
1661763749996539000,66.5,1,66.4,6,66.6,89,2,2022-08-29 09:02:29
1661763749996539000,66.4,4,66.4,6,66.6,89,2,2022-08-29 09:02:29
1661763750022895000,66.4,1,66.4,5,66.6,89,2,2022-08-29 09:02:30
1661763750209254000,66.6,2,66.4,5,66.6,87,1,2022-08-29 09:02:30
1661763750527641000,66.6,1,66.5,20,66.6,86,1,2022-08-29 09:02:30
1661763750729252000,66.5,2,66.5,21,66.6,86,2,2022-08-29 09:02:30
1661763751061293000,66.6,1,66.5,22,66.6,83,1,2022-08-29 09:02:31
1661763751142326000,66.6,1,66.5,22,66.6,84,1,2022-08-29 09:02:31
1661763751448748000,66.6,10,66.5,22,66.6,72,1,2022-08-29 09:02:31
1661763751514642000,66.6,1,66.5,22,66.6,71,1,2022-08-29 09:02:31
1661763751599068000,66.6,1,66.5,22,66.6,70,1,2022-08-29 09:02:31
1661763751689220000,66.6,1,66.5,22,66.6,69,1,2022-08-29 09:02:31
1661763751827035000,66.6,5,66.5,22,66.6,64,1,2022-08-29 09:02:31
1661763751854756000,66.6,19,66.5,22,66.6,45,1,2022-08-29 09:02:31
1661763751884958000,66.6,2,66.5,22,66.6,43,1,2022-08-29 09:02:31
1661763751885490000,66.6,4,66.5,22,66.6,39,1,2022-08-29 09:02:31
1661763751914760000,66.6,8,66.5,22,66.6,31,1,2022-08-29 09:02:31
1661763751937959000,66.6,2,66.5,22,66.6,29,1,2022-08-29 09:02:31
1661763751937964000,66.6,2,66.5,22,66.6,27,1,2022-08-29 09:02:31
1661763751946341000,66.6,2,66.5,23,66.6,25,1,2022-08-29 09:02:31
1661763751956371000,66.6,2,66.5,23,66.6,23,1,2022-08-29 09:02:31
1661763751956394000,66.6,2,66.5,23,66.6,21,1,2022-08-29 09:02:31
1661763751956398000,66.6,2,66.5,23,66.6,19,1,2022-08-29 09:02:31
1661763751969461000,66.6,19,66.5,23,66.7,87,1,2022-08-29 09:02:31
1661763751970301000,66.5,2,66.5,21,66.7,87,2,2022-08-29 09:02:31
1661763751977163000,66.7,1,66.5,21,66.7,86,1,2022-08-29 09:02:31
1661763751992281000,66.7,1,66.5,21,66.7,85,1,2022-08-29 09:02:31
1661763752111675000,66.7,1,66.5,21,66.7,84,1,2022-08-29 09:02:32
1661763752281491000,66.7,10,66.5,11,66.7,74,1,2022-08-29 09:02:32
1661763752423919000,66.7,2,66.5,11,66.7,72,1,2022-08-29 09:02:32
1661763752824232000,66.7,2,66.6,5,66.7,70,1,2022-08-29 09:02:32
1661763752850939000,66.7,1,66.6,5,66.7,69,1,2022-08-29 09:02:32
1661763752867877000,66.7,5,66.6,5,66.7,64,1,2022-08-29 09:02:32
1661763752900856000,66.7,5,66.6,5,66.7,59,1,2022-08-29 09:02:32
1661763752917884000,66.6,3,66.6,2,66.7,59,2,2022-08-29 09:02:32
1661763752933593000,66.7,3,66.6,6,66.7,56,1,2022-08-29 09:02:32
1661763753002566000,66.7,1,66.6,7,66.7,55,1,2022-08-29 09:02:33
1661763753163026000,66.7,1,66.6,7,66.7,54,1,2022-08-29 09:02:33
1661763753305810000,66.7,2,66.6,7,66.7,57,1,2022-08-29 09:02:33
1661763753387629000,66.7,1,66.6,7,66.7,56,1,2022-08-29 09:02:33
1661763753530082000,66.6,1,66.6,7,66.7,56,2,2022-08-29 09:02:33
1661763753538364000,66.7,4,66.6,7,66.7,52,1,2022-08-29 09:02:33
1661763753907523000,66.7,10,66.6,6,66.7,42,1,2022-08-29 09:02:33
1661763753913489000,66.6,6,66.5,11,66.7,42,2,2022-08-29 09:02:33
1661763753913489000,66.5,4,66.5,11,66.7,42,2,2022-08-29 09:02:33
1661763753990681000,66.7,10,66.5,12,66.7,32,1,2022-08-29 09:02:33
1661763754018537000,66.7,1,66.5,12,66.7,31,1,2022-08-29 09:02:34
1661763754145982000,66.7,1,66.5,12,66.7,30,1,2022-08-29 09:02:34
1661763754181695000,66.7,2,66.5,12,66.7,28,1,2022-08-29 09:02:34
1661763754239758000,66.7,1,66.6,3,66.7,28,1,2022-08-29 09:02:34
1661763754294881000,66.7,1,66.6,3,66.7,26,1,2022-08-29 09:02:34
1661763754301552000,66.7,1,66.6,3,66.7,25,1,2022-08-29 09:02:34
1661763754495992000,66.7,1,66.6,3,66.7,24,1,2022-08-29 09:02:34
1661763754572189000,66.7,5,66.6,5,66.7,19,1,2022-08-29 09:02:34
1661763754603489000,66.7,4,66.6,6,66.7,15,1,2022-08-29 09:02:34
1661763754672616000,66.7,1,66.6,6,66.7,14,1,2022-08-29 09:02:34
1661763754707624000,66.7,8,66.6,6,66.7,6,1,2022-08-29 09:02:34
1661763754715694000,66.7,1,66.6,6,66.7,15,1,2022-08-29 09:02:34
1661763754765320000,66.7,1,66.6,6,66.7,4,1,2022-08-29 09:02:34
1661763754781706000,66.7,1,66.6,6,66.7,3,1,2022-08-29 09:02:34
1661763754783501000,66.7,3,66.6,6,66.8,5,1,2022-08-29 09:02:34
1661763754783501000,66.8,7,66.6,6,66.8,5,1,2022-08-29 09:02:34
1661763754883642000,66.8,1,66.7,1,66.8,4,1,2022-08-29 09:02:34
1661763755030524000,66.7,1,66.6,8,66.7,1,2,2022-08-29 09:02:35
1661763755056454000,66.7,1,66.6,8,66.9,6,1,2022-08-29 09:02:35
1661763755056454000,66.8,4,66.6,8,66.9,6,1,2022-08-29 09:02:35
1661763755056454000,66.9,2,66.6,8,66.9,6,1,2022-08-29 09:02:35
1661763755056501000,66.9,3,66.6,8,66.9,3,1,2022-08-29 09:02:35
1661763755154204000,66.9,1,66.6,8,66.9,2,1,2022-08-29 09:02:35
1661763755531195000,66.9,2,66.8,1,67.0,11,1,2022-08-29 09:02:35
1661763755552784000,67.0,1,66.8,1,67.0,10,1,2022-08-29 09:02:35
1661763755640365000,66.8,1,66.6,16,67.0,10,2,2022-08-29 09:02:35
1661763755640365000,66.6,4,66.6,16,67.0,10,2,2022-08-29 09:02:35
1661763755816756000,67.0,1,66.7,2,67.0,9,1,2022-08-29 09:02:35
1661763756065145000,67.0,3,66.7,2,67.0,6,1,2022-08-29 09:02:36
1661763756090834000,67.0,6,66.7,2,67.1,1,1,2022-08-29 09:02:36
1661763756279972000,67.1,1,66.7,19,67.2,4,1,2022-08-29 09:02:36
1661763756415137000,67.2,1,66.8,2,67.2,3,1,2022-08-29 09:02:36
1661763756655909000,67.2,3,66.8,2,67.4,8,1,2022-08-29 09:02:36
1661763756655909000,67.4,2,66.8,2,67.4,8,1,2022-08-29 09:02:36
1661763756947117000,67.4,8,67.0,2,67.8,11,1,2022-08-29 09:02:36
1661763756947117000,67.5,1,67.0,2,67.8,11,1,2022-08-29 09:02:36
1661763756947117000,67.6,2,67.0,2,67.8,11,1,2022-08-29 09:02:36
1661763756947117000,67.7,3,67.0,2,67.8,11,1,2022-08-29 09:02:36
1661763756947117000,67.8,1,67.0,2,67.8,11,1,2022-08-29 09:02:36
1661763756954477000,67.0,2,66.9,14,67.8,11,2,2022-08-29 09:02:36
1661763756954477000,66.9,7,66.9,14,67.8,11,2,2022-08-29 09:02:36
1661763756990123000,67.8,11,67.1,2,68.2,4,1,2022-08-29 09:02:36
1661763756990123000,67.9,13,67.1,2,68.2,4,1,2022-08-29 09:02:36
1661763756990123000,68.0,5,67.1,2,68.2,4,1,2022-08-29 09:02:36
1661763756990123000,68.2,1,67.1,2,68.2,4,1,2022-08-29 09:02:36
1661763757058095000,68.2,1,67.1,2,68.2,3,1,2022-08-29 09:02:37
1661763757091065000,68.2,3,67.1,2,68.9,8,1,2022-08-29 09:02:37
1661763757091065000,68.3,2,67.1,2,68.9,8,1,2022-08-29 09:02:37
1661763757091065000,68.4,3,67.1,2,68.9,8,1,2022-08-29 09:02:37
1661763757091065000,68.5,5,67.1,2,68.9,8,1,2022-08-29 09:02:37
1661763757091065000,68.6,2,67.1,2,68.9,8,1,2022-08-29 09:02:37
1661763877932871000,68.3,309,68.2,6,68.3,16,2,2022-08-29 09:04:37
1661763877961327000,68.2,6,68.1,2,68.3,16,2,2022-08-29 09:04:37
1661763877992662000,68.1,2,68.0,32,68.3,16,2,2022-08-29 09:04:37
1661763878382651000,68.3,3,68.0,33,68.3,14,1,2022-08-29 09:04:38
1661763878611973000,68.0,11,68.0,22,68.3,14,2,2022-08-29 09:04:38
1661763878633461000,68.0,22,67.9,4,68.3,14,2,2022-08-29 09:04:38
1661763878674667000,67.9,4,67.8,10,68.2,1,2,2022-08-29 09:04:38
1661763878782536000,68.2,1,67.8,10,68.3,10,1,2022-08-29 09:04:38
1661763878782536000,68.3,4,67.8,10,68.3,10,1,2022-08-29 09:04:38
1661763878915903000,68.3,1,67.8,10,68.3,12,1,2022-08-29 09:04:38
1661763879460442000,67.8,2,67.8,8,68.2,5,2,2022-08-29 09:04:39
1661763879494010000,67.8,8,67.7,2,68.2,5,2,2022-08-29 09:04:39
1661763879992784000,67.9,5,67.7,2,68.2,15,2,2022-08-29 09:04:39
1661763880163685000,68.1,1,67.7,2,68.1,12,1,2022-08-29 09:04:40
1661763880957227000,67.7,2,67.7,12,68.1,16,2,2022-08-29 09:04:40
1661763881065640000,68.1,1,67.7,12,68.1,15,1,2022-08-29 09:04:41
1661763881579611000,68.0,1,67.8,4,68.1,10,1,2022-08-29 09:04:41
1661763881620093000,67.8,4,67.7,6,68.2,15,2,2022-08-29 09:04:41
1661763881620093000,67.7,6,67.7,6,68.2,15,2,2022-08-29 09:04:41
1661763882083418000,67.9,1,67.7,6,68.0,5,2,2022-08-29 09:04:42
1661763882138068000,68.0,2,67.7,6,68.0,3,1,2022-08-29 09:04:42
1661763882146405000,67.7,5,67.7,1,68.0,3,2,2022-08-29 09:04:42
1661763882624237000,67.8,2,67.6,40,68.0,3,2,2022-08-29 09:04:42
1661763882624237000,67.7,1,67.6,40,68.0,3,2,2022-08-29 09:04:42
1661763882789930000,67.8,1,67.6,40,68.0,3,2,2022-08-29 09:04:42
1661763883661916000,67.7,1,67.7,22,67.9,1,2,2022-08-29 09:04:43
1661763883864509000,67.9,1,67.7,21,68.3,11,1,2022-08-29 09:04:43
1661763883864509000,68.0,4,67.7,21,68.3,11,1,2022-08-29 09:04:43
1661763883864509000,68.2,13,67.7,21,68.3,11,1,2022-08-29 09:04:43
1661763883864509000,68.3,2,67.7,21,68.3,11,1,2022-08-29 09:04:43
1661763883908392000,67.8,2,67.7,21,68.3,11,2,2022-08-29 09:04:43
1661763883960332000,68.2,1,67.8,11,68.3,11,1,2022-08-29 09:04:43
1661763885013374000,68.3,1,68.1,1,68.3,10,1,2022-08-29 09:04:45
1661763885711671000,68.3,3,68.1,3,68.3,7,1,2022-08-29 09:04:45
1661763885715098000,68.3,7,68.1,3,68.4,16,1,2022-08-29 09:04:45
1661763885715098000,68.4,28,68.1,3,68.4,16,1,2022-08-29 09:04:45
1661763885806315000,68.4,5,68.1,3,68.4,11,1,2022-08-29 09:04:45
1661763886141607000,68.1,1,68.1,2,68.4,11,2,2022-08-29 09:04:46
1661763886179508000,68.4,10,68.1,2,68.4,1,1,2022-08-29 09:04:46
1661763886213460000,68.4,1,68.1,2,68.5,89,1,2022-08-29 09:04:46
1661763886358792000,68.3,1,68.3,4,68.5,88,1,2022-08-29 09:04:46
1661763886409606000,68.5,5,68.3,4,68.5,87,1,2022-08-29 09:04:46
1661763886585398000,68.5,5,68.3,4,68.5,82,1,2022-08-29 09:04:46
1661763886717833000,68.5,1,68.3,1,68.5,82,1,2022-08-29 09:04:46
1661763886750654000,68.5,1,68.3,1,68.5,80,1,2022-08-29 09:04:46
1661763886773041000,68.5,5,68.3,1,68.5,75,1,2022-08-29 09:04:46
1661763886859134000,68.3,1,68.2,2,68.3,1,2,2022-08-29 09:04:46
1661763886941633000,68.3,1,68.2,3,68.5,75,1,2022-08-29 09:04:46
1661763887010523000,68.5,5,68.2,3,68.5,67,1,2022-08-29 09:04:47
1661763887073109000,68.5,10,68.2,3,68.5,57,1,2022-08-29 09:04:47
1661763887139470000,68.2,1,68.2,3,68.5,57,2,2022-08-29 09:04:47
1661763887237232000,68.5,1,68.2,2,68.5,56,1,2022-08-29 09:04:47
1661763887414698000,68.5,2,68.3,5,68.5,54,1,2022-08-29 09:04:47
1661763887689730000,68.3,1,68.3,5,68.5,54,2,2022-08-29 09:04:47
1661763888262256000,68.3,1,68.3,2,68.5,54,2,2022-08-29 09:04:48
1661763888299486000,68.3,2,68.2,1,68.5,54,2,2022-08-29 09:04:48
1661763888663761000,68.4,1,68.2,1,68.4,2,1,2022-08-29 09:04:48
1661763889004930000,68.4,1,68.2,1,68.5,54,1,2022-08-29 09:04:49
1661763889311201000,68.3,1,68.2,2,68.5,55,1,2022-08-29 09:04:49
1661763889470429000,68.3,1,68.3,1,68.4,1,2,2022-08-29 09:04:49
1661763889501973000,68.3,1,68.2,2,68.4,1,2,2022-08-29 09:04:49
1661763889554139000,68.4,1,68.2,2,68.5,56,1,2022-08-29 09:04:49
1661763889619784000,68.5,1,68.2,2,68.5,55,1,2022-08-29 09:04:49
1661763889822845000,68.3,1,68.2,3,68.4,1,2,2022-08-29 09:04:49
1661763889918830000,68.2,2,68.2,1,68.4,1,2,2022-08-29 09:04:49
1661763889957224000,68.2,1,68.0,6,68.4,1,2,2022-08-29 09:04:49
1661763890018362000,68.0,1,68.0,5,68.4,1,2,2022-08-29 09:04:50
1661763890253577000,68.4,1,68.4,2,68.5,55,1,2022-08-29 09:04:50
1661763890289164000,68.4,2,68.4,2,68.5,55,2,2022-08-29 09:04:50
1661763890289803000,68.4,2,68.1,1,68.5,55,2,2022-08-29 09:04:50
1661763890616706000,68.0,4,68.0,1,68.3,10,2,2022-08-29 09:04:50
1661763890829696000,68.1,1,68.0,1,68.3,10,1,2022-08-29 09:04:50
1661763891137662000,68.1,3,68.0,1,68.2,1,2,2022-08-29 09:04:51
1661763891170474000,68.0,1,67.8,17,68.2,1,2,2022-08-29 09:04:51
1661763891191617000,67.8,4,67.8,13,68.2,1,2,2022-08-29 09:04:51
1661763891760485000,67.8,13,67.7,2,68.0,10,2,2022-08-29 09:04:51
1661763891768973000,68.0,5,67.7,2,68.0,5,1,2022-08-29 09:04:51
1661763891837631000,68.0,1,67.7,2,68.0,4,1,2022-08-29 09:04:51
1661763891840123000,68.0,1,67.7,2,68.0,3,1,2022-08-29 09:04:51
1661763892441221000,68.0,1,67.9,2,68.0,2,1,2022-08-29 09:04:52
1661763892679461000,68.0,1,67.9,2,68.0,2,1,2022-08-29 09:04:52
1661763892870951000,67.9,2,67.7,2,68.0,2,2,2022-08-29 09:04:52
1661763893205222000,68.0,1,67.7,2,68.0,2,1,2022-08-29 09:04:53
1661763893478741000,67.8,2,67.7,1,67.9,1,2,2022-08-29 09:04:53
1661763893478741000,67.7,1,67.7,1,67.9,1,2,2022-08-29 09:04:53
1661763893765023000,67.8,1,67.7,1,67.9,1,1,2022-08-29 09:04:53
1661763893887375000,67.9,1,67.7,1,68.3,1,1,2022-08-29 09:04:53
1661763893887375000,68.0,1,67.7,1,68.3,1,1,2022-08-29 09:04:53
1661763893887375000,68.1,2,67.7,1,68.3,1,1,2022-08-29 09:04:53
1661763893887375000,68.2,3,67.7,1,68.3,1,1,2022-08-29 09:04:53
1661763893887375000,68.3,1,67.7,1,68.3,1,1,2022-08-29 09:04:53
1661763894026183000,68.2,1,67.8,1,68.3,1,2,2022-08-29 09:04:54
1661763894614931000,68.1,1,68.0,1,68.1,1,1,2022-08-29 09:04:54
1661763894646301000,68.0,1,67.8,1,68.1,1,2,2022-08-29 09:04:54
1661763894656598000,67.8,1,67.6,2,68.1,1,2,2022-08-29 09:04:54
1661763894656598000,67.7,1,67.6,2,68.1,1,2,2022-08-29 09:04:54
1661763894656598000,67.6,3,67.6,2,68.1,1,2,2022-08-29 09:04:54
1661763894808088000,67.8,1,67.6,3,68.0,1,2,2022-08-29 09:04:54
1661763894828629000,67.6,3,67.5,1,68.0,1,2,2022-08-29 09:04:54
1661763894828629000,67.5,2,67.5,1,68.0,1,2,2022-08-29 09:04:54
1661763895487601000,67.9,1,67.6,1,68.0,1,2,2022-08-29 09:04:55
1661763895671944000,67.8,1,67.8,1,68.0,1,2,2022-08-29 09:04:55
1661763895702754000,67.8,1,67.6,1,68.0,1,2,2022-08-29 09:04:55
1661763895931227000,67.6,1,67.5,1,67.6,1,2,2022-08-29 09:04:55
1661763896140414000,67.6,1,67.5,1,68.3,1,1,2022-08-29 09:04:56
1661763896140414000,68.0,1,67.5,1,68.3,1,1,2022-08-29 09:04:56
1661763896140414000,68.1,2,67.5,1,68.3,1,1,2022-08-29 09:04:56
1661763896140414000,68.2,1,67.5,1,68.3,1,1,2022-08-29 09:04:56
1661763896140414000,68.3,5,67.5,1,68.3,1,1,2022-08-29 09:04:56
1661763896317794000,67.6,1,67.4,1,68.0,12,2,2022-08-29 09:04:56
1661763896317794000,67.5,1,67.4,1,68.0,12,2,2022-08-29 09:04:56
1661763896408789000,67.6,1,67.4,1,67.9,1,2,2022-08-29 09:04:56
1661763896415042000,67.4,1,67.3,5,67.9,1,2,2022-08-29 09:04:56
1661763896589697000,67.3,1,67.3,4,67.9,12,2,2022-08-29 09:04:56
1661763896638679000,67.9,1,67.3,4,67.9,11,1,2022-08-29 09:04:56
1661763896692529000,67.9,1,67.4,1,67.9,10,1,2022-08-29 09:04:56
1661763896938204000,68.0,1,67.6,1,68.0,11,1,2022-08-29 09:04:56
1661763897511064000,67.8,1,67.6,1,67.9,1,1,2022-08-29 09:04:57
1661763897891367000,67.8,2,67.8,1,68.0,10,2,2022-08-29 09:04:57
1661763897923145000,67.8,1,67.7,1,68.0,10,2,2022-08-29 09:04:57
1661763898063504000,67.7,1,67.6,1,68.0,10,2,2022-08-29 09:04:58
1661763898106776000,67.6,1,67.5,1,68.0,10,2,2022-08-29 09:04:58
1661763898106776000,67.5,1,67.5,1,68.0,10,2,2022-08-29 09:04:58
1661763898726158000,67.6,1,67.5,2,68.0,10,2,2022-08-29 09:04:58
1661763898881986000,67.6,1,67.5,2,67.6,1,2,2022-08-29 09:04:58
1661763899003779000,67.6,1,67.5,2,67.7,4,1,2022-08-29 09:04:59
1661763899003779000,67.7,1,67.5,2,67.7,4,1,2022-08-29 09:04:59
1661763899126055000,67.5,1,67.5,1,67.7,4,2,2022-08-29 09:04:59
1661763899387663000,67.7,2,67.6,1,67.7,2,1,2022-08-29 09:04:59
1661763899472549000,67.6,1,67.5,3,67.7,2,2,2022-08-29 09:04:59
1661763899561053000,67.6,1,67.5,3,67.6,19,1,2022-08-29 09:04:59
1661763899585784000,67.5,3,67.4,3,67.6,19,2,2022-08-29 09:04:59
1661763900339369000,67.5,1,67.4,3,67.5,4,2,2022-08-29 09:05:00
1661763900473617000,67.4,1,67.4,2,67.5,5,2,2022-08-29 09:05:00
1661763900541739000,67.5,4,67.4,2,67.5,1,1,2022-08-29 09:05:00
1661763900577064000,67.4,1,67.4,1,67.5,1,2,2022-08-29 09:05:00
1661763900607489000,67.4,1,67.3,9,67.5,1,2,2022-08-29 09:05:00
1661763900760681000,67.3,6,67.3,3,67.5,3,2,2022-08-29 09:05:00
1661763900789814000,67.3,3,67.2,4,67.5,4,2,2022-08-29 09:05:00
1661763900827649000,67.5,3,67.2,4,67.5,1,1,2022-08-29 09:05:00
1661763901151545000,67.5,1,67.2,4,67.6,19,1,2022-08-29 09:05:01
1661763901175448000,67.6,2,67.2,4,67.6,17,1,2022-08-29 09:05:01
1661763901222462000,67.6,1,67.2,4,67.6,16,1,2022-08-29 09:05:01
1661763901265889000,67.2,1,67.2,3,67.6,16,2,2022-08-29 09:05:01
1661763901371138000,67.3,1,67.3,1,67.6,16,2,2022-08-29 09:05:01
1661763901385800000,67.3,1,67.2,1,67.6,16,2,2022-08-29 09:05:01
1661763901385800000,67.2,2,67.2,1,67.6,16,2,2022-08-29 09:05:01
1661763901731119000,67.5,1,67.2,1,67.6,16,2,2022-08-29 09:05:01
1661763901808634000,67.2,1,67.1,4,67.2,9,2,2022-08-29 09:05:01
1661763901942276000,67.1,2,67.1,2,67.2,9,2,2022-08-29 09:05:01
1661763901989930000,67.2,1,67.1,2,67.2,8,1,2022-08-29 09:05:01
1661763902067483000,67.1,1,67.1,1,67.2,8,2,2022-08-29 09:05:02
1661763902344219000,67.2,1,67.1,1,67.2,7,1,2022-08-29 09:05:02
1661763902448838000,67.1,1,66.8,1,67.2,7,2,2022-08-29 09:05:02
1661763902448838000,67.0,3,66.8,1,67.2,7,2,2022-08-29 09:05:02
1661763902448838000,66.8,1,66.8,1,67.2,7,2,2022-08-29 09:05:02
1661763903357216000,66.9,1,66.8,1,67.1,1,2,2022-08-29 09:05:03
1661763903643964000,66.8,1,66.7,27,67.1,1,2,2022-08-29 09:05:03
1661763903930651000,66.9,1,66.7,27,67.1,1,2,2022-08-29 09:05:03
1661763904892028000,66.8,1,66.7,31,67.1,1,2,2022-08-29 09:05:04
1661763904892028000,66.7,1,66.7,31,67.1,1,2,2022-08-29 09:05:04
1661763904908593000,66.7,2,66.7,29,66.8,2,2,2022-08-29 09:05:04
1661763904921933000,66.8,2,66.7,29,67.1,1,1,2022-08-29 09:05:04
1661763905120083000,67.0,1,66.7,29,67.1,1,2,2022-08-29 09:05:05
1661763905982232000,66.9,1,66.7,35,67.1,1,2,2022-08-29 09:05:05
1661763905982232000,66.8,1,66.7,35,67.1,1,2,2022-08-29 09:05:05
1661763906652855000,66.9,1,66.7,35,66.9,2,1,2022-08-29 09:05:06
1661763906689050000,66.8,1,66.7,35,66.9,2,1,2022-08-29 09:05:06
1661763907210253000,66.7,29,66.6,7,66.7,21,2,2022-08-29 09:05:07
1661763907250049000,66.6,1,66.6,6,66.7,21,2,2022-08-29 09:05:07
1661763907267120000,66.6,5,66.6,1,66.7,21,2,2022-08-29 09:05:07
1661763907289840000,66.6,1,66.5,15,66.7,21,2,2022-08-29 09:05:07
1661763907290130000,66.5,14,66.5,1,66.7,21,2,2022-08-29 09:05:07
1661763907389365000,66.5,1,66.4,4,66.7,21,2,2022-08-29 09:05:07
1661763907453335000,66.7,10,66.4,4,66.7,11,1,2022-08-29 09:05:07
1661763907953583000,66.4,2,66.4,2,66.7,11,2,2022-08-29 09:05:07
1661763907990696000,66.4,1,66.4,1,66.7,11,2,2022-08-29 09:05:07
1661763908875109000,66.4,1,66.3,11,66.7,11,2,2022-08-29 09:05:08
1661763909021370000,66.3,2,66.3,9,66.7,11,2,2022-08-29 09:05:09
1661763909067454000,66.3,2,66.3,7,66.7,11,2,2022-08-29 09:05:09
1661763909396697000,66.3,2,66.3,5,66.6,11,2,2022-08-29 09:05:09
1661763909463738000,66.7,1,66.4,5,66.7,10,1,2022-08-29 09:05:09
1661763910461572000,66.4,3,66.4,5,66.7,10,2,2022-08-29 09:05:10
1661763910657902000,66.7,1,66.4,5,66.7,9,1,2022-08-29 09:05:10
1661763910904506000,66.4,2,66.4,3,66.7,9,2,2022-08-29 09:05:10
1661763911560017000,66.5,1,66.5,2,66.6,2,2,2022-08-29 09:05:11
1661763911593037000,66.5,2,66.4,3,66.6,2,2,2022-08-29 09:05:11
1661763912012432000,66.6,1,66.5,1,66.6,2,1,2022-08-29 09:05:12
1661763912166962000,66.6,1,66.5,1,66.6,3,1,2022-08-29 09:05:12
1661763912301135000,66.6,1,66.5,1,66.7,11,1,2022-08-29 09:05:12
1661763912504350000,66.5,1,66.4,2,66.7,11,2,2022-08-29 09:05:12
1661763912504350000,66.4,1,66.4,2,66.7,11,2,2022-08-29 09:05:12
1661763912663505000,66.7,10,66.4,2,66.7,1,1,2022-08-29 09:05:12
1661763912690344000,66.7,1,66.4,2,66.8,38,1,2022-08-29 09:05:12
1661763912855786000,66.5,1,66.4,2,66.8,38,1,2022-08-29 09:05:12
1661763912869459000,66.4,1,66.4,1,66.8,38,2,2022-08-29 09:05:12
1661763913245638000,66.4,2,66.3,5,66.7,1,2,2022-08-29 09:05:13
1661763913370289000,66.7,1,66.5,14,66.8,38,1,2022-08-29 09:05:13
1661763913454391000,66.6,1,66.5,14,66.6,1,1,2022-08-29 09:05:13
1661763913856008000,66.4,2,66.4,1,66.8,38,2,2022-08-29 09:05:13
1661763914783728000,66.4,1,66.4,3,66.8,40,2,2022-08-29 09:05:14
1661763915105321000,66.4,1,66.4,3,66.8,40,2,2022-08-29 09:05:15
1661763915141884000,66.4,1,66.4,2,66.8,40,2,2022-08-29 09:05:15
1661763915153357000,66.8,1,66.4,2,66.8,39,1,2022-08-29 09:05:15
1661763915703829000,66.4,1,66.4,6,66.7,1,2,2022-08-29 09:05:15
1661763915788864000,66.7,1,66.4,5,66.7,1,1,2022-08-29 09:05:15
1661763915806817000,66.7,1,66.4,5,66.8,39,1,2022-08-29 09:05:15
1661763916004793000,66.8,1,66.4,7,66.8,38,1,2022-08-29 09:05:16
1661763916043339000,66.4,1,66.4,7,66.8,38,2,2022-08-29 09:05:16
1661763916460761000,66.6,1,66.4,9,66.8,38,1,2022-08-29 09:05:16
1661763916532304000,66.4,5,66.4,9,66.8,38,2,2022-08-29 09:05:16
1661763916841971000,66.4,1,66.4,3,66.8,38,2,2022-08-29 09:05:16
1661763916916618000,66.4,2,66.4,1,66.8,38,2,2022-08-29 09:05:16
1661763917023592000,66.6,1,66.6,1,66.8,38,2,2022-08-29 09:05:17
1661763917068529000,66.6,1,66.3,6,66.8,38,2,2022-08-29 09:05:17
1661763917068529000,66.4,1,66.3,6,66.8,38,2,2022-08-29 09:05:17
1661763917068529000,66.3,3,66.3,6,66.8,38,2,2022-08-29 09:05:17
1661763917196870000,66.6,1,66.3,6,66.6,1,1,2022-08-29 09:05:17
1661763917269477000,66.6,1,66.4,1,66.7,2,1,2022-08-29 09:05:17
1661763917845020000,66.7,8,66.4,4,66.8,47,1,2022-08-29 09:05:17
1661763917845020000,66.8,2,66.4,4,66.8,47,1,2022-08-29 09:05:17
1661763918106419000,66.5,1,66.4,6,66.8,47,2,2022-08-29 09:05:18
1661763918400064000,66.5,5,66.4,9,66.8,46,1,2022-08-29 09:05:18
1661763918863266000,66.6,1,66.5,2,66.8,46,2,2022-08-29 09:05:18
1661763918999868000,66.5,1,66.5,1,66.8,46,2,2022-08-29 09:05:18
1661763919575326000,66.6,2,66.6,3,66.8,46,2,2022-08-29 09:05:19
1661763919867602000,66.6,2,66.6,1,66.7,1,2,2022-08-29 09:05:19
1661763919954558000,66.6,1,66.4,11,66.7,1,2,2022-08-29 09:05:19
1661763919954558000,66.5,4,66.4,11,66.7,1,2,2022-08-29 09:05:19
1661763920655125000,66.5,1,66.4,19,66.7,3,2,2022-08-29 09:05:20
1661763920655125000,66.4,1,66.4,19,66.7,3,2,2022-08-29 09:05:20
1661763921469016000,66.6,1,66.6,2,66.7,3,1,2022-08-29 09:05:21
1661763921579563000,66.7,3,66.6,2,66.8,39,1,2022-08-29 09:05:21
1661763921579563000,66.8,7,66.6,2,66.8,39,1,2022-08-29 09:05:21
1661763921641317000,66.6,2,66.4,24,66.5,2,2,2022-08-29 09:05:21
1661763921641317000,66.5,2,66.4,24,66.5,2,2,2022-08-29 09:05:21
1661763921652581000,66.5,1,66.4,24,66.5,1,1,2022-08-29 09:05:21
1661763921673151000,66.5,1,66.4,24,66.8,39,1,2022-08-29 09:05:21
1661763922439767000,66.5,2,66.5,4,66.8,12,2,2022-08-29 09:05:22
1661763922846208000,66.7,1,66.5,5,66.8,12,1,2022-08-29 09:05:22
1661763922927865000,66.6,2,66.6,3,66.8,12,2,2022-08-29 09:05:22
1661763923435845000,66.8,1,66.6,3,66.8,11,1,2022-08-29 09:05:23
1661763923499337000,66.8,4,66.6,3,66.8,7,1,2022-08-29 09:05:23
1661763923529906000,66.8,7,66.6,3,67.0,5,1,2022-08-29 09:05:23
1661763923949294000,66.6,1,66.6,2,67.0,5,2,2022-08-29 09:05:23
1661763924133128000,67.0,1,66.7,1,67.0,5,1,2022-08-29 09:05:24
1661763924245571000,66.7,1,66.6,3,66.7,2,2,2022-08-29 09:05:24
1661763924283489000,66.7,2,66.6,3,67.0,4,1,2022-08-29 09:05:24
1661763924626053000,66.7,1,66.7,2,67.0,4,2,2022-08-29 09:05:24
1661763925018828000,66.7,1,66.6,4,67.0,3,2,2022-08-29 09:05:25
1661763925761410000,66.9,1,66.7,2,67.5,13,1,2022-08-29 09:05:25
1661763925761410000,67.0,4,66.7,2,67.5,13,1,2022-08-29 09:05:25
1661763925761410000,67.1,2,66.7,2,67.5,13,1,2022-08-29 09:05:25
1661763925761410000,67.3,1,66.7,2,67.5,13,1,2022-08-29 09:05:25
1661763925761410000,67.4,1,66.7,2,67.5,13,1,2022-08-29 09:05:25
1661763925761410000,67.5,1,66.7,2,67.5,13,1,2022-08-29 09:05:25
1661763925878864000,66.8,1,66.7,2,66.8,1,2,2022-08-29 09:05:25
1661763925902615000,66.8,1,66.7,2,67.2,1,1,2022-08-29 09:05:25
1661763925922778000,66.8,1,66.7,2,67.2,1,1,2022-08-29 09:05:25
1661763926319002000,66.7,1,66.7,1,66.9,1,2,2022-08-29 09:05:26
1661763926486177000,66.8,1,66.7,3,66.9,1,2,2022-08-29 09:05:26
1661763927422006000,66.8,1,66.7,5,66.8,1,1,2022-08-29 09:05:27
1661763927455616000,66.8,1,66.7,5,66.9,1,1,2022-08-29 09:05:27
1661763927582875000,66.7,1,66.7,4,66.9,1,2,2022-08-29 09:05:27
1661763928099965000,66.8,1,66.7,3,66.8,1,2,2022-08-29 09:05:28
1661763928939164000,66.7,2,66.7,1,66.8,1,2,2022-08-29 09:05:28
1661763929273733000,66.8,1,66.7,1,67.1,6,1,2022-08-29 09:05:29
1661763929273733000,67.0,1,66.7,1,67.1,6,1,2022-08-29 09:05:29
1661763930042583000,66.9,1,66.7,5,67.1,6,1,2022-08-29 09:05:30
1661763930086646000,67.1,3,66.7,5,67.1,3,1,2022-08-29 09:05:30
1661763930267776000,67.0,1,66.7,5,67.0,1,1,2022-08-29 09:05:30
1661763930402706000,66.7,1,66.7,4,66.8,6,2,2022-08-29 09:05:30
1661763930437082000,66.8,3,66.7,5,66.8,6,1,2022-08-29 09:05:30
1661763930895361000,66.7,1,66.7,3,66.8,3,2,2022-08-29 09:05:30
1661763930975812000,66.7,1,66.7,2,66.8,3,2,2022-08-29 09:05:30
1661763931000532000,66.7,2,66.6,7,66.8,3,2,2022-08-29 09:05:31
1661763931035178000,66.6,1,66.6,7,66.8,3,2,2022-08-29 09:05:31
1661763931785907000,66.6,4,66.6,2,66.8,3,2,2022-08-29 09:05:31
1661763931892187000,66.6,2,66.5,16,66.8,3,2,2022-08-29 09:05:31
1661763932026746000,66.7,1,66.6,1,66.8,3,2,2022-08-29 09:05:32
1661763932226763000,66.6,4,66.5,7,66.8,3,2,2022-08-29 09:05:32
1661763932226763000,66.5,6,66.5,7,66.8,3,2,2022-08-29 09:05:32
1661763932310946000,66.8,3,66.5,7,67.0,2,1,2022-08-29 09:05:32
1661763932322675000,67.0,2,66.5,7,67.1,2,1,2022-08-29 09:05:32
1661763932322675000,67.1,2,66.5,7,67.1,2,1,2022-08-29 09:05:32
1661763932576891000,66.8,4,66.6,2,67.1,2,2,2022-08-29 09:05:32
1661763933940735000,66.7,1,66.7,1,66.8,1,2,2022-08-29 09:05:33
1661763934302253000,66.8,1,66.7,1,67.0,4,1,2022-08-29 09:05:34
1661763934509528000,66.7,1,66.7,1,66.8,1,2,2022-08-29 09:05:34
1661763934944496000,66.7,1,66.6,2,66.7,1,1,2022-08-29 09:05:34
1661763935080162000,66.7,1,66.7,2,66.8,2,1,2022-08-29 09:05:35
1661763935326771000,66.8,1,66.7,3,66.8,3,1,2022-08-29 09:05:35
1661763935718944000,66.8,1,66.7,4,66.8,3,1,2022-08-29 09:05:35
1661763935989703000,66.7,2,66.7,2,66.8,2,2,2022-08-29 09:05:35
1661763936030838000,66.8,1,66.7,2,66.8,1,1,2022-08-29 09:05:36
1661763936321957000,66.8,1,66.7,2,67.0,4,1,2022-08-29 09:05:36
1661763936530192000,66.8,2,66.5,12,67.0,4,2,2022-08-29 09:05:36
1661763936530192000,66.7,3,66.5,12,67.0,4,2,2022-08-29 09:05:36
1661763936530192000,66.6,1,66.5,12,67.0,4,2,2022-08-29 09:05:36
1661763936828250000,66.6,1,66.5,12,66.6,9,1,2022-08-29 09:05:36
1661763937430580000,66.6,1,66.5,12,66.6,8,1,2022-08-29 09:05:37
1661763937980868000,66.6,1,66.5,14,66.6,8,1,2022-08-29 09:05:37
1661763938093937000,66.6,1,66.5,14,66.6,8,1,2022-08-29 09:05:38
1661763938323387000,66.6,3,66.5,14,66.6,4,1,2022-08-29 09:05:38
1661763938350655000,66.6,4,66.5,14,66.7,1,1,2022-08-29 09:05:38
1661763939773060000,66.7,1,66.6,2,66.7,2,1,2022-08-29 09:05:39
1661763939835974000,66.7,1,66.7,1,66.8,1,1,2022-08-29 09:05:39
1661763939842658000,66.8,1,66.7,1,66.9,2,1,2022-08-29 09:05:39
1661763939855154000,66.7,1,66.6,2,66.9,2,2,2022-08-29 09:05:39
1661763940335429000,66.6,5,66.5,2,66.9,2,2,2022-08-29 09:05:40
1661763940335429000,66.5,15,66.5,2,66.9,2,2,2022-08-29 09:05:40
1661763940584728000,66.6,1,66.5,2,66.8,1,1,2022-08-29 09:05:40
1661763941017303000,66.7,1,66.6,2,66.8,1,2,2022-08-29 09:05:41
1661763941680893000,66.8,1,66.7,1,66.8,1,1,2022-08-29 09:05:41
1661763941785916000,66.8,1,66.7,1,66.9,2,1,2022-08-29 09:05:41
1661763942515319000,66.7,1,66.5,5,66.9,2,2,2022-08-29 09:05:42
1661763942663714000,66.8,4,66.5,6,66.9,2,2,2022-08-29 09:05:42
1661763942790876000,66.5,6,66.4,29,66.5,4,2,2022-08-29 09:05:42
1661763942822981000,66.5,1,66.4,29,66.5,3,1,2022-08-29 09:05:42
1661763943221800000,66.5,1,66.4,29,66.5,2,1,2022-08-29 09:05:43
1661763943258393000,66.4,1,66.4,28,66.5,2,2,2022-08-29 09:05:43
1661763943278338000,66.5,1,66.4,28,66.5,1,1,2022-08-29 09:05:43
1661763943683527000,66.5,1,66.4,28,66.8,20,1,2022-08-29 09:05:43
1661763943750855000,66.4,2,66.4,26,66.7,1,2,2022-08-29 09:05:43
1661763943797883000,66.5,1,66.4,19,66.7,1,2,2022-08-29 09:05:43
1661763943797883000,66.4,7,66.4,19,66.7,1,2,2022-08-29 09:05:43
1661763943911312000,66.5,1,66.4,20,66.7,1,2,2022-08-29 09:05:43
1661763944098656000,66.7,2,66.7,4,66.8,20,1,2022-08-29 09:05:44
1661763944129462000,66.7,4,66.4,20,66.8,20,2,2022-08-29 09:05:44
1661763944855586000,66.6,1,66.6,3,66.7,1,2,2022-08-29 09:05:44
1661763945645893000,66.6,3,66.5,1,66.7,1,2,2022-08-29 09:05:45
1661763945645893000,66.5,2,66.5,1,66.7,1,2,2022-08-29 09:05:45
1661763945807844000,66.7,1,66.5,1,66.8,20,1,2022-08-29 09:05:45
1661763945963753000,66.7,6,66.5,1,66.8,20,2,2022-08-29 09:05:45
1661763946219824000,66.8,1,66.5,1,66.8,20,1,2022-08-29 09:05:46
1661763946667496000,66.8,1,66.6,9,66.8,18,1,2022-08-29 09:05:46
1661763946681767000,66.8,1,66.6,9,66.8,17,1,2022-08-29 09:05:46
1661763947188553000,66.6,3,66.6,9,66.7,6,2,2022-08-29 09:05:47
1661763948442187000,66.7,1,66.6,7,66.7,5,1,2022-08-29 09:05:48
1661763948482159000,66.6,1,66.6,6,66.7,5,2,2022-08-29 09:05:48
1661763948936113000,66.7,1,66.6,8,66.7,4,1,2022-08-29 09:05:48
1661763949967878000,66.7,2,66.6,11,66.7,3,1,2022-08-29 09:05:49
1661763950033503000,66.7,1,66.6,11,66.7,2,1,2022-08-29 09:05:50
1661763950236384000,66.7,1,66.6,11,66.7,1,1,2022-08-29 09:05:50
1661763950354658000,66.6,1,66.6,10,66.7,1,2,2022-08-29 09:05:50
1661763950690720000,66.7,1,66.7,4,66.8,20,1,2022-08-29 09:05:50
1661763951280595000,66.7,1,66.7,3,66.8,20,2,2022-08-29 09:05:51
1661763952662736000,66.8,1,66.7,5,66.8,20,1,2022-08-29 09:05:52
1661763953570358000,66.8,1,66.7,13,66.8,19,1,2022-08-29 09:05:53
1661763953748821000,66.8,1,66.7,14,66.8,18,1,2022-08-29 09:05:53
1661763953807023000,66.7,2,66.7,14,66.8,18,2,2022-08-29 09:05:53
1661763954375405000,66.8,1,66.7,12,66.8,17,1,2022-08-29 09:05:54
1661763954495708000,66.8,15,66.7,14,66.8,2,1,2022-08-29 09:05:54
1661763954525693000,66.8,2,66.7,14,66.9,1,1,2022-08-29 09:05:54
1661763954556648000,66.9,1,66.7,14,67.0,8,1,2022-08-29 09:05:54
1661763955281573000,67.0,2,66.8,6,67.0,6,1,2022-08-29 09:05:55
1661763955316477000,67.0,2,66.8,9,67.0,4,1,2022-08-29 09:05:55
1661763955316740000,67.0,4,66.8,9,67.0,6,1,2022-08-29 09:05:55
1661763955880513000,67.1,2,66.8,11,67.6,4,1,2022-08-29 09:05:55
1661763955880513000,67.2,1,66.8,11,67.6,4,1,2022-08-29 09:05:55
1661763955880513000,67.4,2,66.8,11,67.6,4,1,2022-08-29 09:05:55
1661763955880513000,67.5,2,66.8,11,67.6,4,1,2022-08-29 09:05:55
1661763955880513000,67.6,3,66.8,11,67.6,4,1,2022-08-29 09:05:55
1661763956142001000,67.5,1,66.9,1,67.6,1,2,2022-08-29 09:05:56
1661763956334801000,67.0,1,66.9,2,67.5,1,2,2022-08-29 09:05:56
1661763956699561000,67.5,1,67.0,1,67.6,1,1,2022-08-29 09:05:56
1661763956752641000,67.6,1,67.1,1,67.7,2,1,2022-08-29 09:05:56
1661763957698551000,67.6,1,67.2,2,67.7,2,1,2022-08-29 09:05:57
1661763958806276000,67.3,1,67.3,1,67.5,1,2,2022-08-29 09:05:58
1661763958844198000,67.3,1,67.2,2,67.5,1,2,2022-08-29 09:05:58
1661763959002040000,67.2,2,67.1,2,67.5,2,2,2022-08-29 09:05:59
1661763959041802000,67.3,1,67.1,2,67.5,2,2,2022-08-29 09:05:59
1661763959190747000,67.4,1,67.1,2,67.5,2,2,2022-08-29 09:05:59
1661763959205910000,67.5,1,67.1,2,67.5,1,1,2022-08-29 09:05:59
1661763960001411000,67.5,1,67.1,2,67.6,3,1,2022-08-29 09:06:00
1661763960570637000,67.2,1,67.1,2,67.3,3,2,2022-08-29 09:06:00
1661763960620440000,67.1,2,67.0,5,67.3,3,2,2022-08-29 09:06:00
1661763960812096000,67.0,1,67.2,1,67.3,3,2,2022-08-29 09:06:00
1661763961846338000,67.2,1,67.0,4,67.3,3,1,2022-08-29 09:06:01
1661763961948116000,67.3,1,67.0,4,67.3,2,1,2022-08-29 09:06:01
1661763963048510000,67.0,2,66.9,2,67.3,2,2,2022-08-29 09:06:03
1661763963508031000,67.3,2,67.0,1,67.4,1,1,2022-08-29 09:06:03
1661763963798112000,67.0,1,66.9,2,67.3,1,2,2022-08-29 09:06:03
1661763964068987000,66.9,2,66.8,11,67.3,1,2,2022-08-29 09:06:04
1661763964438508000,67.2,1,66.9,2,67.2,1,1,2022-08-29 09:06:04
1661763965026580000,67.2,3,67.0,3,67.3,1,1,2022-08-29 09:06:05
1661763965026580000,67.3,2,67.0,3,67.3,1,1,2022-08-29 09:06:05
1661763965143754000,67.3,1,67.0,3,67.5,5,1,2022-08-29 09:06:05
1661763965143754000,67.4,3,67.0,3,67.5,5,1,2022-08-29 09:06:05
1661763965143754000,67.5,2,67.0,3,67.5,5,1,2022-08-29 09:06:05
1661763965520196000,67.2,1,67.1,1,67.2,3,1,2022-08-29 09:06:05
1661763965930709000,67.2,3,67.1,7,67.4,1,1,2022-08-29 09:06:05
1661763966187562000,67.4,1,67.1,6,67.5,4,1,2022-08-29 09:06:06
1661763966187562000,67.5,1,67.1,6,67.5,4,1,2022-08-29 09:06:06
1661763966574711000,67.5,1,67.3,1,67.5,4,1,2022-08-29 09:06:06
1661763966595987000,67.3,1,67.2,2,67.5,4,2,2022-08-29 09:06:06
1661763967537917000,67.5,3,67.3,2,67.5,1,1,2022-08-29 09:06:07
1661763968116905000,67.5,1,67.3,2,67.6,10,1,2022-08-29 09:06:08
1661763968163211000,67.3,2,67.2,3,67.6,16,2,2022-08-29 09:06:08
1661763968186342000,67.2,1,67.2,2,67.6,16,2,2022-08-29 09:06:08
1661763968285053000,67.6,1,67.2,2,67.6,16,1,2022-08-29 09:06:08
1661763968423753000,67.3,1,67.2,2,67.6,15,2,2022-08-29 09:06:08
1661763968662610000,67.2,1,67.2,1,67.5,4,2,2022-08-29 09:06:08
1661763968692384000,67.2,1,67.1,6,67.5,4,2,2022-08-29 09:06:08
1661763969200233000,67.5,2,67.1,6,67.5,2,1,2022-08-29 09:06:09
1661763969222785000,67.1,3,67.1,3,67.5,2,2,2022-08-29 09:06:09
1661763969495918000,67.5,1,67.1,3,67.5,2,1,2022-08-29 09:06:09
1661763969842769000,67.4,1,67.1,13,67.4,1,1,2022-08-29 09:06:09
1661763970063893000,67.2,1,67.1,14,67.5,2,1,2022-08-29 09:06:10
1661763970187594000,67.3,1,67.1,14,67.5,2,2,2022-08-29 09:06:10
1661763970252759000,67.5,2,67.1,14,67.6,11,1,2022-08-29 09:06:10
1661763970659764000,67.6,1,67.2,5,67.6,10,1,2022-08-29 09:06:10
1661763971357890000,67.3,3,67.3,7,67.6,10,2,2022-08-29 09:06:11
1661763972302041000,67.5,1,67.3,7,67.6,10,2,2022-08-29 09:06:12
1661763972395990000,67.5,1,67.3,7,67.6,10,2,2022-08-29 09:06:12
1661763972562062000,67.4,3,67.3,7,67.5,2,2,2022-08-29 09:06:12
1661763972979889000,67.3,1,67.3,7,67.5,3,2,2022-08-29 09:06:12
1661763973074374000,67.3,1,67.3,6,67.5,3,2,2022-08-29 09:06:13
1661763973200781000,67.5,1,67.3,6,67.5,2,1,2022-08-29 09:06:13
1661763973707335000,67.4,1,67.3,6,67.5,3,1,2022-08-29 09:06:13
1661763973724907000,67.5,1,67.3,6,67.5,2,1,2022-08-29 09:06:13
1661763974046760000,67.5,2,67.3,6,67.6,2,1,2022-08-29 09:06:14
1661763974046760000,67.6,8,67.3,6,67.6,2,1,2022-08-29 09:06:14
1661763974088853000,67.6,1,67.3,6,67.5,2,1,2022-08-29 09:06:14
1661763974842777000,67.6,1,67.3,6,67.6,3,1,2022-08-29 09:06:14
1661763975035302000,67.6,1,67.4,1,67.6,1,1,2022-08-29 09:06:15
1661763975833559000,67.5,1,67.4,1,67.6,1,1,2022-08-29 09:06:15
1661763976330574000,67.6,1,67.5,1,67.7,3,1,2022-08-29 09:06:16
1661763976371723000,67.7,1,67.5,1,67.6,1,1,2022-08-29 09:06:16
1661763977294474000,67.6,1,67.6,3,67.7,2,1,2022-08-29 09:06:17
1661763977371811000,67.6,1,67.5,2,67.6,1,2,2022-08-29 09:06:17
1661763977401393000,67.6,2,67.5,2,67.7,2,2,2022-08-29 09:06:17
1661763977509916000,67.5,2,67.4,1,67.7,2,2,2022-08-29 09:06:17
1661763977509916000,67.4,1,67.4,1,67.7,2,2,2022-08-29 09:06:17
1661763977700003000,67.7,2,67.4,1,67.8,11,1,2022-08-29 09:06:17
1661763977798597000,67.8,10,67.4,1,67.8,1,1,2022-08-29 09:06:17
1661763977827653000,67.8,1,67.4,1,67.9,5,1,2022-08-29 09:06:17
1661763977986156000,67.6,1,67.5,2,67.9,5,2,2022-08-29 09:06:17
1661763978161003000,67.5,1,67.5,1,67.9,5,2,2022-08-29 09:06:18
1661763978300050000,67.9,1,67.5,1,67.9,4,1,2022-08-29 09:06:18
1661763978731042000,67.6,1,67.5,6,67.9,4,1,2022-08-29 09:06:18
1661763979468510000,67.6,1,67.5,5,67.8,1,2,2022-08-29 09:06:19
1661763979835912000,67.5,5,67.5,6,67.6,1,2,2022-08-29 09:06:19
1661763980096268000,67.5,1,67.4,2,67.6,1,2,2022-08-29 09:06:20
1661763980144360000,67.6,1,67.4,2,67.6,1,1,2022-08-29 09:06:20
1661763981761547000,67.6,2,67.6,3,67.8,2,1,2022-08-29 09:06:21
1661763982728244000,67.7,1,67.6,5,67.7,1,1,2022-08-29 09:06:22
1661763984050796000,67.7,1,67.7,2,67.8,3,2,2022-08-29 09:06:24
1661763984215338000,67.7,1,67.7,1,67.8,3,2,2022-08-29 09:06:24
1661763985106428000,67.7,1,67.6,11,67.8,3,2,2022-08-29 09:06:25
1661763986057111000,67.8,1,67.6,11,67.8,2,1,2022-08-29 09:06:26
1661763986298693000,67.6,1,67.6,10,67.8,2,2,2022-08-29 09:06:26
1661763987010384000,67.7,1,67.7,11,67.8,2,2,2022-08-29 09:06:27
1661763987121788000,67.8,2,67.7,11,67.9,4,1,2022-08-29 09:06:27
1661763987121788000,67.9,2,67.7,11,67.9,4,1,2022-08-29 09:06:27
1661763987256883000,67.9,1,67.7,11,67.9,3,1,2022-08-29 09:06:27
1661763987501565000,67.8,2,67.6,10,67.9,3,2,2022-08-29 09:06:27
1661763987501565000,67.7,12,67.6,10,67.9,3,2,2022-08-29 09:06:27
1661763987501565000,67.6,1,67.6,10,67.9,3,2,2022-08-29 09:06:27
1661763988428013000,67.8,1,67.6,15,67.9,3,2,2022-08-29 09:06:28
1661763989581895000,67.9,1,67.8,2,67.9,8,1,2022-08-29 09:06:29
1661763989942858000,67.8,1,67.8,1,67.9,8,2,2022-08-29 09:06:29
1661763990514566000,67.8,3,67.8,8,67.9,8,2,2022-08-29 09:06:30
1661763991024937000,67.8,1,67.8,7,67.9,8,2,2022-08-29 09:06:31
1661763992043548000,67.8,2,67.8,11,67.9,8,2,2022-08-29 09:06:32
1661763992125726000,67.9,1,67.8,11,67.9,7,1,2022-08-29 09:06:32
1661763992474134000,67.9,1,67.8,16,67.9,6,1,2022-08-29 09:06:32
1661763992654188000,67.9,6,67.8,16,67.9,6,1,2022-08-29 09:06:32
1661763992979537000,68.0,6,67.8,16,68.0,51,1,2022-08-29 09:06:32
1661763993784710000,68.0,1,67.9,7,68.0,52,1,2022-08-29 09:06:33
1661763994311395000,67.9,1,67.9,10,68.0,51,2,2022-08-29 09:06:34
1661763994653666000,67.9,1,67.9,8,68.0,51,2,2022-08-29 09:06:34
1661763994735685000,68.0,1,67.9,8,68.0,50,1,2022-08-29 09:06:34
1661763995179271000,68.0,1,67.9,9,68.0,47,1,2022-08-29 09:06:35
1661763995209496000,67.9,4,67.9,9,68.0,47,2,2022-08-29 09:06:35
1661763995515978000,68.0,1,67.9,5,68.0,46,1,2022-08-29 09:06:35
1661763996235512000,68.0,1,67.9,9,68.0,47,1,2022-08-29 09:06:36
1661763996468156000,68.0,8,67.9,9,68.0,38,1,2022-08-29 09:06:36
1661763996526263000,68.0,1,67.9,9,68.0,37,1,2022-08-29 09:06:36
1661763996658996000,68.0,1,67.9,9,68.0,36,1,2022-08-29 09:06:36
1661763997061676000,68.0,3,67.9,9,68.0,34,1,2022-08-29 09:06:37
1661763997083544000,67.9,1,67.9,8,68.0,34,2,2022-08-29 09:06:37
1661763997146313000,67.9,1,67.9,7,68.0,34,2,2022-08-29 09:06:37
1661763997233421000,68.0,5,67.9,7,68.0,29,1,2022-08-29 09:06:37
1661763997259515000,68.0,5,67.9,7,68.0,24,1,2022-08-29 09:06:37
1661763997386404000,68.0,5,67.9,7,68.0,29,1,2022-08-29 09:06:37
1661763997400697000,68.0,2,67.9,7,68.0,17,1,2022-08-29 09:06:37
1661763997513940000,68.0,1,67.9,7,68.0,16,1,2022-08-29 09:06:37
1661763997653250000,68.0,8,67.9,8,68.0,8,1,2022-08-29 09:06:37
1661763997687125000,68.0,8,67.9,9,68.1,1,1,2022-08-29 09:06:37
1661763997688375000,68.1,1,67.9,9,68.2,14,1,2022-08-29 09:06:37
1661763997730233000,68.2,14,67.9,9,68.3,8,1,2022-08-29 09:06:37
1661763997924295000,68.3,5,68.1,10,68.3,3,1,2022-08-29 09:06:37
1661763998020730000,68.3,3,68.1,10,68.4,12,1,2022-08-29 09:06:38
1661763998020730000,68.4,2,68.1,10,68.4,12,1,2022-08-29 09:06:38
1661763998063509000,68.4,4,68.1,10,68.4,8,1,2022-08-29 09:06:38
1661763998235387000,68.4,6,68.2,5,68.4,2,1,2022-08-29 09:06:38
1661763998251123000,68.4,1,68.2,5,68.4,2,1,2022-08-29 09:06:38
1661763998463993000,68.4,1,68.4,4,68.5,66,1,2022-08-29 09:06:38
1661763998516202000,68.4,1,68.4,3,68.5,66,2,2022-08-29 09:06:38
1661763998554057000,68.4,1,68.4,2,68.5,66,2,2022-08-29 09:06:38
1661763998586957000,68.4,2,68.2,5,68.5,66,2,2022-08-29 09:06:38
1661763998712065000,68.5,10,68.2,5,68.5,56,1,2022-08-29 09:06:38
1661763998817363000,68.5,10,68.2,6,68.5,46,1,2022-08-29 09:06:38
1661763999275360000,68.5,1,68.2,7,68.5,45,1,2022-08-29 09:06:39
1661763999648607000,68.2,1,68.2,1,68.5,45,2,2022-08-29 09:06:39
1661763999746649000,68.5,1,68.2,1,68.5,44,1,2022-08-29 09:06:39
1661763999867655000,68.0,1,68.0,12,68.5,44,2,2022-08-29 09:06:39
1661764000090625000,68.4,1,68.0,13,68.5,43,1,2022-08-29 09:06:40
1661764000090625000,68.5,1,68.0,13,68.5,43,1,2022-08-29 09:06:40
1661764000275803000,68.5,1,68.1,2,68.5,42,1,2022-08-29 09:06:40
1661764001163144000,68.4,2,68.1,5,68.4,1,1,2022-08-29 09:06:41
1661764001295249000,68.4,1,68.1,5,68.5,42,1,2022-08-29 09:06:41
1661764001402609000,68.4,1,68.1,5,68.5,42,2,2022-08-29 09:06:41
1661764001487254000,68.1,3,68.1,2,68.5,42,2,2022-08-29 09:06:41
1661764001820775000,68.5,1,68.1,2,68.5,41,1,2022-08-29 09:06:41
1661764001898864000,68.4,1,68.1,2,68.5,41,2,2022-08-29 09:06:41
1661764001981663000,68.4,1,68.1,2,68.5,41,1,2022-08-29 09:06:41
1661764002479901000,68.4,1,68.1,3,68.5,41,1,2022-08-29 09:06:42
1661764002857276000,68.5,1,68.1,4,68.5,41,1,2022-08-29 09:06:42
1661764003002678000,68.5,1,68.1,4,68.5,39,1,2022-08-29 09:06:43
1661764003738641000,68.4,1,68.2,1,68.5,38,1,2022-08-29 09:06:43
1661764003994918000,68.5,1,68.2,1,68.5,37,1,2022-08-29 09:06:43
1661764004501576000,68.2,1,68.1,8,68.5,38,2,2022-08-29 09:06:44
1661764004559900000,68.5,5,68.1,8,68.5,33,1,2022-08-29 09:06:44
1661764004958629000,68.4,1,68.1,9,68.4,2,1,2022-08-29 09:06:44
1661764005108843000,68.4,1,68.2,1,68.4,1,1,2022-08-29 09:06:45
1661764005306194000,68.4,1,68.1,9,68.5,32,1,2022-08-29 09:06:45
1661764005662482000,68.4,2,68.1,13,68.4,3,1,2022-08-29 09:06:45
1661764006012336000,68.4,1,68.1,15,68.4,4,1,2022-08-29 09:06:46
1661764006845879000,68.1,16,68.0,37,68.4,4,2,2022-08-29 09:06:46
1661764006933817000,68.3,1,68.1,1,68.4,4,1,2022-08-29 09:06:46
1661764007167078000,68.4,1,68.1,1,68.4,4,1,2022-08-29 09:06:47
1661764007232716000,68.4,1,68.1,1,68.4,3,1,2022-08-29 09:06:47
1661764007535707000,68.3,1,68.1,11,68.3,1,1,2022-08-29 09:06:47
1661764007884064000,68.3,1,68.1,11,68.4,5,1,2022-08-29 09:06:47
1661764008050915000,68.2,3,68.1,11,68.2,7,2,2022-08-29 09:06:48
1661764008216193000,68.2,2,68.1,11,68.2,5,1,2022-08-29 09:06:48
1661764008216509000,68.1,1,68.1,10,68.2,5,2,2022-08-29 09:06:48
1661764008258089000,68.1,1,68.1,9,68.2,5,2,2022-08-29 09:06:48
1661764008956535000,68.2,1,68.1,9,68.2,4,1,2022-08-29 09:06:48
1661764009107934000,68.1,1,68.1,8,68.2,4,2,2022-08-29 09:06:49
1661764009173486000,68.1,1,68.1,7,68.2,4,2,2022-08-29 09:06:49
1661764009210258000,68.1,3,68.1,4,68.2,4,2,2022-08-29 09:06:49
1661764009520026000,68.2,3,68.1,4,68.2,1,1,2022-08-29 09:06:49
1661764009850882000,68.2,1,68.1,4,68.2,1,1,2022-08-29 09:06:49
1661764009859457000,68.1,1,68.1,3,68.2,1,2,2022-08-29 09:06:49
1661764010149787000,68.1,4,68.0,39,68.2,11,2,2022-08-29 09:06:50
1661764010726305000,68.1,1,68.1,1,68.2,12,2,2022-08-29 09:06:50
1661764010912211000,68.0,1,68.0,40,68.2,12,2,2022-08-29 09:06:50
1661764010915903000,68.2,1,68.0,40,68.2,11,1,2022-08-29 09:06:50
1661764011430538000,68.1,6,68.0,39,68.2,8,1,2022-08-29 09:06:51
1661764011430538000,68.2,4,68.0,39,68.2,8,1,2022-08-29 09:06:51
1661764011520984000,68.0,1,68.0,39,68.2,8,2,2022-08-29 09:06:51
1661764011571015000,68.2,1,68.0,39,68.2,7,1,2022-08-29 09:06:51
1661764011978512000,68.2,1,68.1,2,68.2,6,1,2022-08-29 09:06:51
1661764012497609000,68.1,1,68.1,1,68.2,6,2,2022-08-29 09:06:52
1661764012795503000,68.2,5,68.1,2,68.2,1,1,2022-08-29 09:06:52
1661764012843318000,68.2,1,68.1,2,68.3,2,1,2022-08-29 09:06:52
1661764013384336000,68.2,1,68.1,2,68.2,1,1,2022-08-29 09:06:53
1661764013599617000,68.2,1,68.0,39,68.3,3,2,2022-08-29 09:06:53
1661764013599617000,68.1,2,68.0,39,68.3,3,2,2022-08-29 09:06:53
1661764013705027000,68.1,1,68.1,4,68.3,3,2,2022-08-29 09:06:53
1661764014762793000,68.2,4,68.1,5,68.2,6,1,2022-08-29 09:06:54
1661764015072117000,68.1,3,68.1,2,68.2,6,2,2022-08-29 09:06:55
1661764015077150000,68.2,5,68.1,2,68.2,1,1,2022-08-29 09:06:55
1661764015362680000,68.2,1,68.3,5,68.4,32,1,2022-08-29 09:06:55
1661764015362680000,68.3,4,68.3,5,68.4,32,1,2022-08-29 09:06:55
1661764015395648000,68.3,5,68.1,3,68.2,1,2,2022-08-29 09:06:55
1661764015603805000,68.1,1,68.1,2,68.4,32,2,2022-08-29 09:06:55
1661764015806252000,68.1,1,68.1,1,68.4,32,2,2022-08-29 09:06:55
1661764016090576000,68.1,1,68.1,6,68.4,32,2,2022-08-29 09:06:56
1661764016340692000,68.1,1,68.1,10,68.4,32,2,2022-08-29 09:06:56
1661764016518889000,68.1,1,68.1,9,68.3,2,2,2022-08-29 09:06:56
1661764016644964000,68.1,1,68.1,8,68.3,2,2,2022-08-29 09:06:56
1661764016979779000,68.2,1,68.2,4,68.3,2,2,2022-08-29 09:06:56
1661764017327042000,68.2,3,68.2,1,68.3,2,2,2022-08-29 09:06:57
1661764017358218000,68.2,1,68.1,10,68.3,2,2,2022-08-29 09:06:57
1661764017445065000,68.1,1,68.1,9,68.3,2,2,2022-08-29 09:06:57
1661764017919582000,68.2,1,68.1,11,68.3,2,1,2022-08-29 09:06:57
1661764018426632000,68.3,1,68.1,11,68.3,1,1,2022-08-29 09:06:58
1661764018578750000,68.1,10,68.1,1,68.3,1,2,2022-08-29 09:06:58
1661764018598468000,68.1,1,68.0,41,68.3,1,2,2022-08-29 09:06:58
1661764018850801000,68.0,1,68.0,40,68.1,1,2,2022-08-29 09:06:58
1661764018903488000,68.1,1,68.0,41,68.1,1,1,2022-08-29 09:06:58
1661764019412186000,68.1,1,68.1,1,68.2,3,2,2022-08-29 09:06:59
1661764019488837000,68.0,1,68.0,40,68.2,3,2,2022-08-29 09:06:59
1661764019557336000,68.0,1,68.0,39,68.2,3,2,2022-08-29 09:06:59
1661764019583718000,68.2,2,68.0,39,68.2,1,1,2022-08-29 09:06:59
1661764019720722000,68.2,1,68.0,39,68.3,7,1,2022-08-29 09:06:59
1661764019960681000,68.1,1,68.1,1,68.3,7,2,2022-08-29 09:06:59
1661764019968704000,68.1,1,68.0,38,68.3,7,2,2022-08-29 09:06:59
1661764019968704000,68.0,1,68.0,38,68.3,7,2,2022-08-29 09:06:59
1661764020176470000,68.3,1,68.1,1,68.3,7,1,2022-08-29 09:07:00
1661764020357938000,68.2,1,68.1,1,68.2,1,1,2022-08-29 09:07:00
1661764021277944000,68.2,2,68.2,1,68.3,8,2,2022-08-29 09:07:01
1661764021303383000,68.2,1,68.1,1,68.3,8,2,2022-08-29 09:07:01
1661764021724968000,68.3,2,68.1,1,68.3,7,1,2022-08-29 09:07:01
1661764024216745000,68.3,3,68.2,6,68.3,7,1,2022-08-29 09:07:04
1661764024381138000,68.2,6,68.1,4,68.3,7,2,2022-08-29 09:07:04
1661764024381138000,68.1,4,68.1,4,68.3,7,2,2022-08-29 09:07:04
1661764024566777000,68.1,1,68.1,3,68.3,7,2,2022-08-29 09:07:04
1661764025450694000,68.2,3,68.1,5,68.3,9,2,2022-08-29 09:07:05
1661764025571645000,68.3,1,68.2,1,68.3,8,1,2022-08-29 09:07:05
1661764026315119000,68.3,1,68.2,1,68.3,7,1,2022-08-29 09:07:06
1661764026880332000,68.2,1,68.1,5,68.3,7,2,2022-08-29 09:07:06
1661764027701172000,68.2,1,68.2,2,68.3,7,1,2022-08-29 09:07:07
1661764027787584000,68.2,2,68.1,4,68.3,7,2,2022-08-29 09:07:07
1661764027787584000,68.1,1,68.1,4,68.3,7,2,2022-08-29 09:07:07
1661764027856476000,68.1,1,68.1,5,68.2,1,2,2022-08-29 09:07:07
1661764028084616000,68.3,1,68.1,4,68.3,6,1,2022-08-29 09:07:08
1661764028638785000,68.3,2,68.1,6,68.3,4,1,2022-08-29 09:07:08
1661764028830003000,68.3,4,68.1,6,68.3,4,1,2022-08-29 09:07:08
1661764029186976000,68.2,1,68.1,6,68.4,34,2,2022-08-29 09:07:09
1661764029375222000,68.2,1,68.1,6,68.2,1,1,2022-08-29 09:07:09
1661764029764665000,68.3,1,68.2,9,68.3,1,1,2022-08-29 09:07:09
1661764030094481000,68.2,1,68.2,8,68.3,3,2,2022-08-29 09:07:10
1661764031742339000,68.3,1,68.2,8,68.3,5,1,2022-08-29 09:07:11
1661764032065710000,68.2,2,68.2,6,68.3,7,2,2022-08-29 09:07:12
1661764032081070000,68.2,1,68.2,5,68.3,7,2,2022-08-29 09:07:12
1661764032582289000,68.3,1,68.2,5,68.3,6,1,2022-08-29 09:07:12
1661764032839933000,68.3,2,68.2,5,68.3,4,1,2022-08-29 09:07:12
1661764033272850000,68.2,1,68.2,5,68.3,5,2,2022-08-29 09:07:13
1661764033771375000,68.3,2,68.2,4,68.3,3,1,2022-08-29 09:07:13
1661764033829221000,68.2,1,68.2,3,68.3,3,2,2022-08-29 09:07:13
1661764034098869000,68.3,2,68.2,4,68.3,1,1,2022-08-29 09:07:14
1661764034350516000,68.3,1,68.2,4,68.4,33,1,2022-08-29 09:07:14
1661764035037028000,68.2,1,68.2,4,68.3,2,2,2022-08-29 09:07:15
1661764035467273000,68.3,1,68.2,9,68.3,1,1,2022-08-29 09:07:15
1661764035467324000,68.3,1,68.2,9,68.4,48,1,2022-08-29 09:07:15
1661764035955785000,68.3,5,68.2,10,68.4,48,2,2022-08-29 09:07:15
1661764036619064000,68.4,5,68.3,10,68.4,44,1,2022-08-29 09:07:16
1661764036765869000,68.4,5,68.3,11,68.4,44,1,2022-08-29 09:07:16
1661764037215506000,68.4,10,68.3,11,68.4,30,1,2022-08-29 09:07:17
1661764037331662000,68.3,1,68.3,10,68.4,30,2,2022-08-29 09:07:17
1661764037377625000,68.3,2,68.3,8,68.4,30,2,2022-08-29 09:07:17
1661764037414121000,68.3,1,68.3,11,68.4,30,2,2022-08-29 09:07:17
1661764037527110000,68.4,1,68.3,7,68.4,29,1,2022-08-29 09:07:17
1661764037728822000,68.4,5,68.3,7,68.4,24,1,2022-08-29 09:07:17
1661764037980400000,68.4,3,68.3,9,68.4,21,1,2022-08-29 09:07:17
1661764038302879000,68.3,1,68.3,9,68.4,21,2,2022-08-29 09:07:18
1661764038342732000,68.4,1,68.3,9,68.4,20,1,2022-08-29 09:07:18
1661764038413651000,68.4,1,68.3,10,68.4,21,1,2022-08-29 09:07:18
1661764038699900000,68.4,1,68.3,9,68.4,18,1,2022-08-29 09:07:18
1661764038809281000,68.4,2,68.3,9,68.4,16,1,2022-08-29 09:07:18
1661764039082335000,68.4,10,68.3,9,68.4,6,1,2022-08-29 09:07:19
1661764039109661000,68.4,2,68.3,9,68.4,4,1,2022-08-29 09:07:19
1661764039110239000,68.4,4,68.3,9,68.5,41,1,2022-08-29 09:07:19
1661764039165718000,68.3,1,68.3,8,68.5,41,2,2022-08-29 09:07:19
1661764039812851000,68.4,3,68.4,2,68.5,38,2,2022-08-29 09:07:19
1661764041282099000,68.4,1,68.4,5,68.5,38,2,2022-08-29 09:07:21
1661764041305674000,68.4,1,68.4,5,68.5,38,2,2022-08-29 09:07:21
1661764041551600000,68.4,1,68.4,3,68.5,38,2,2022-08-29 09:07:21
1661764042058013000,68.4,1,68.4,4,68.5,38,2,2022-08-29 09:07:22
1661764042443386000,68.4,1,68.4,3,68.5,38,2,2022-08-29 09:07:22
1661764043222353000,68.5,2,68.4,4,68.5,36,1,2022-08-29 09:07:23
1661764043749958000,68.5,1,68.4,5,68.5,36,1,2022-08-29 09:07:23
1661764044288074000,68.5,1,68.4,5,68.5,34,1,2022-08-29 09:07:24
1661764044419744000,68.4,1,68.4,6,68.5,34,2,2022-08-29 09:07:24
1661764044628473000,68.4,1,68.4,5,68.5,34,2,2022-08-29 09:07:24
1661764044703316000,68.4,5,68.3,4,68.5,34,2,2022-08-29 09:07:24
1661764044703316000,68.3,10,68.3,4,68.5,34,2,2022-08-29 09:07:24
1661764045300053000,68.4,1,68.3,4,68.5,34,1,2022-08-29 09:07:25
1661764045548503000,68.5,1,68.3,6,68.5,33,1,2022-08-29 09:07:25
1661764045747330000,68.3,6,68.3,6,68.4,5,2,2022-08-29 09:07:25
1661764045747330000,68.2,4,68.3,6,68.4,5,2,2022-08-29 09:07:25
1661764046701099000,68.2,4,68.2,13,68.3,6,2,2022-08-29 09:07:26
1661764046721097000,68.2,2,68.2,11,68.3,6,2,2022-08-29 09:07:26
1661764046914061000,68.3,2,68.2,11,68.3,7,1,2022-08-29 09:07:26
1661764047430189000,68.2,10,68.2,11,68.3,6,2,2022-08-29 09:07:27
1661764047455140000,68.2,1,68.1,30,68.3,6,2,2022-08-29 09:07:27
1661764047516317000,68.1,5,68.1,25,68.2,1,2,2022-08-29 09:07:27
1661764047546640000,68.1,3,68.1,22,68.2,1,2,2022-08-29 09:07:27
1661764047571355000,68.1,1,68.1,21,68.2,1,2,2022-08-29 09:07:27
1661764047764655000,68.1,5,68.0,48,68.2,2,2,2022-08-29 09:07:27
1661764048398985000,68.0,10,68.0,38,68.1,5,2,2022-08-29 09:07:28
1661764048421349000,68.1,2,68.0,38,68.1,3,1,2022-08-29 09:07:28
1661764048430090000,68.0,1,68.0,48,68.1,5,2,2022-08-29 09:07:28
1661764048459709000,68.0,5,68.0,32,68.1,3,2,2022-08-29 09:07:28
1661764048490537000,68.0,1,68.0,31,68.1,5,2,2022-08-29 09:07:28
1661764048518709000,68.0,15,68.0,16,68.1,5,2,2022-08-29 09:07:28
1661764048555176000,68.0,1,68.0,15,68.1,5,2,2022-08-29 09:07:28
1661764048601777000,68.0,15,67.9,12,68.1,5,2,2022-08-29 09:07:28
1661764048918802000,68.0,2,67.9,12,68.0,23,1,2022-08-29 09:07:28
1661764049425034000,67.9,6,67.9,12,68.0,39,2,2022-08-29 09:07:29
1661764049457733000,67.9,1,67.9,5,68.0,39,2,2022-08-29 09:07:29
1661764049458453000,67.9,1,67.9,4,68.0,39,2,2022-08-29 09:07:29
1661764049489371000,68.0,1,67.9,4,68.0,38,1,2022-08-29 09:07:29
1661764049493838000,67.9,2,67.9,2,68.0,38,2,2022-08-29 09:07:29
1661764049794775000,67.9,2,67.8,17,68.0,38,2,2022-08-29 09:07:29
1661764049794775000,67.8,2,67.8,17,68.0,38,2,2022-08-29 09:07:29
1661764049977591000,67.9,1,67.8,17,67.9,4,1,2022-08-29 09:07:29
1661764050208306000,67.8,1,67.8,16,67.9,8,2,2022-08-29 09:07:30
1661764050430842000,67.8,1,67.8,15,67.9,10,2,2022-08-29 09:07:30
1661764050501599000,67.9,1,67.8,15,67.9,9,1,2022-08-29 09:07:30
1661764050556612000,67.9,1,67.8,15,67.9,8,1,2022-08-29 09:07:30
1661764050629503000,67.8,1,67.8,14,67.9,8,2,2022-08-29 09:07:30
1661764050649261000,67.8,2,67.8,12,67.9,8,2,2022-08-29 09:07:30
1661764050659310000,67.8,1,67.8,11,67.9,8,2,2022-08-29 09:07:30
1661764050872299000,67.8,2,67.8,11,67.9,9,2,2022-08-29 09:07:30
1661764051479088000,67.8,9,67.7,12,67.8,1,2,2022-08-29 09:07:31
1661764051505263000,67.7,1,67.7,11,67.8,1,2,2022-08-29 09:07:31
1661764051525595000,67.7,1,67.7,10,67.8,1,2,2022-08-29 09:07:31
1661764052021741000,67.8,1,67.7,10,67.8,4,1,2022-08-29 09:07:32
1661764052024780000,67.7,1,67.7,9,67.8,4,2,2022-08-29 09:07:32
1661764052249896000,67.7,1,67.7,8,67.8,4,2,2022-08-29 09:07:32
1661764052425678000,67.7,7,67.7,8,67.8,2,2,2022-08-29 09:07:32
1661764052684500000,67.7,1,67.6,8,67.9,3,2,2022-08-29 09:07:32
1661764052872572000,67.6,1,67.7,1,67.9,3,2,2022-08-29 09:07:32
1661764053248655000,67.9,1,67.6,7,67.9,2,1,2022-08-29 09:07:33
1661764053309039000,67.9,2,67.6,7,68.0,1,1,2022-08-29 09:07:33
1661764054855153000,67.6,2,67.6,10,67.9,1,2,2022-08-29 09:07:34
1661764054917087000,67.6,1,67.6,10,67.8,1,2,2022-08-29 09:07:34
1661764055680726000,67.6,1,67.6,8,67.8,1,2,2022-08-29 09:07:35
1661764056337428000,67.8,1,67.7,2,68.0,2,1,2022-08-29 09:07:36
1661764056337428000,67.9,1,67.7,2,68.0,2,1,2022-08-29 09:07:36
1661764056337428000,68.0,1,67.7,2,68.0,2,1,2022-08-29 09:07:36
1661764057400947000,67.7,2,67.7,2,67.8,3,2,2022-08-29 09:07:37
1661764058219949000,67.6,1,67.6,9,67.7,19,2,2022-08-29 09:07:38
1661764058259824000,67.7,2,67.6,9,67.7,17,1,2022-08-29 09:07:38
1661764058615557000,67.6,5,67.6,7,67.7,17,2,2022-08-29 09:07:38
1661764058833453000,67.6,5,67.6,2,67.7,17,2,2022-08-29 09:07:38
1661764058875088000,67.6,1,67.6,1,67.7,17,2,2022-08-29 09:07:38
1661764058949231000,67.7,1,67.6,1,67.7,16,1,2022-08-29 09:07:38
1661764059433964000,67.6,1,67.5,28,67.6,4,2,2022-08-29 09:07:39
1661764059611691000,67.6,1,67.5,28,67.6,3,1,2022-08-29 09:07:39
1661764059791052000,67.6,1,67.5,28,67.6,2,1,2022-08-29 09:07:39
1661764059809422000,67.6,1,67.5,28,67.6,1,1,2022-08-29 09:07:39
1661764060192428000,67.5,1,67.5,27,67.6,1,2,2022-08-29 09:07:40
1661764060192446000,67.5,1,67.5,26,67.6,1,2,2022-08-29 09:07:40
1661764060233916000,67.5,3,67.5,23,67.6,1,2,2022-08-29 09:07:40
1661764060266335000,67.5,1,67.5,22,67.6,1,2,2022-08-29 09:07:40
1661764060786564000,67.6,1,67.5,22,67.6,1,1,2022-08-29 09:07:40
1661764060982434000,67.6,1,67.5,22,67.7,15,1,2022-08-29 09:07:40
1661764060982434000,67.7,1,67.5,22,67.7,15,1,2022-08-29 09:07:40
1661764061075617000,67.5,1,67.5,21,67.7,15,2,2022-08-29 09:07:41
1661764061856193000,67.7,1,67.5,21,67.7,15,1,2022-08-29 09:07:41
1661764062018007000,67.5,1,67.5,20,67.7,15,2,2022-08-29 09:07:42
1661764062217841000,67.7,10,67.5,20,67.7,5,1,2022-08-29 09:07:42
1661764062279653000,67.5,2,67.5,18,67.6,1,2,2022-08-29 09:07:42
1661764062296628000,67.6,1,67.5,18,67.7,5,1,2022-08-29 09:07:42
1661764063019662000,67.5,1,67.5,22,67.7,5,2,2022-08-29 09:07:43
1661764063079434000,67.6,1,67.5,22,67.6,1,1,2022-08-29 09:07:43
1661764063306499000,67.6,1,67.5,22,67.6,2,1,2022-08-29 09:07:43
1661764063327326000,67.6,2,67.5,22,67.7,5,1,2022-08-29 09:07:43
1661764063560637000,67.7,3,67.5,23,67.7,2,1,2022-08-29 09:07:43
1661764063585507000,67.7,2,67.5,23,67.8,3,1,2022-08-29 09:07:43
1661764064071536000,67.5,5,67.5,20,67.8,3,2,2022-08-29 09:07:44
1661764064328146000,67.5,3,67.5,15,67.7,1,2,2022-08-29 09:07:44
1661764064361280000,67.5,1,67.5,14,67.7,1,2,2022-08-29 09:07:44
1661764064540887000,67.6,1,67.5,14,67.7,1,1,2022-08-29 09:07:44
1661764065892449000,67.7,3,67.6,1,67.7,3,1,2022-08-29 09:07:45
1661764066245571000,67.6,1,67.5,14,67.8,5,2,2022-08-29 09:07:46
1661764066531587000,67.5,5,67.5,9,67.8,5,2,2022-08-29 09:07:46
1661764066729990000,67.7,1,67.5,9,67.7,1,1,2022-08-29 09:07:46
1661764067265465000,67.5,1,67.5,8,67.8,5,2,2022-08-29 09:07:47
1661764067466184000,67.5,2,67.5,6,67.8,5,2,2022-08-29 09:07:47
1661764067906192000,67.8,5,67.5,6,68.0,1,1,2022-08-29 09:07:47
1661764067906192000,67.9,5,67.5,6,68.0,1,1,2022-08-29 09:07:47
1661764068069461000,68.0,3,67.6,1,68.5,23,1,2022-08-29 09:07:48
1661764068069461000,68.1,1,67.6,1,68.5,23,1,2022-08-29 09:07:48
1661764068069461000,68.2,6,67.6,1,68.5,23,1,2022-08-29 09:07:48
1661764068069461000,68.3,8,67.6,1,68.5,23,1,2022-08-29 09:07:48
1661764068069461000,68.4,3,67.6,1,68.5,23,1,2022-08-29 09:07:48
1661764068069461000,68.5,23,67.6,1,68.5,23,1,2022-08-29 09:07:48
1661764068513324000,67.7,1,67.7,4,68.4,2,2,2022-08-29 09:07:48
1661764068622287000,67.7,4,67.6,7,68.4,2,2,2022-08-29 09:07:48
1661764068622287000,67.6,1,67.6,7,68.4,2,2,2022-08-29 09:07:48
1661764068988248000,67.6,2,67.6,2,68.3,3,2,2022-08-29 09:07:48
1661764071026241000,68.2,1,67.8,4,68.0,4,2,2022-08-29 09:07:51
1661764071058461000,68.0,4,67.8,4,68.3,1,1,2022-08-29 09:07:51
1661764073829408000,68.2,5,67.9,1,68.2,5,1,2022-08-29 09:07:53
1661764073853127000,67.9,1,67.8,4,68.2,5,2,2022-08-29 09:07:53
1661764074076441000,67.8,1,67.8,3,68.1,2,2,2022-08-29 09:07:54
1661764077824163000,68.1,4,68.0,5,68.2,2,1,2022-08-29 09:07:57
1661764077824163000,68.2,1,68.0,5,68.2,2,1,2022-08-29 09:07:57
1661764081039201000,68.1,1,68.1,1,68.2,4,2,2022-08-29 09:08:01
1661764081075578000,68.1,1,68.0,6,68.2,4,2,2022-08-29 09:08:01
1661764082182267000,68.2,2,68.1,2,68.2,2,1,2022-08-29 09:08:02
1661764082222737000,68.2,1,68.1,2,68.2,1,1,2022-08-29 09:08:02
1661764082690336000,68.1,2,68.0,9,68.1,1,2,2022-08-29 09:08:02
1661764083178424000,68.1,1,68.2,13,68.3,6,1,2022-08-29 09:08:03
1661764083178424000,68.2,1,68.2,13,68.3,6,1,2022-08-29 09:08:03
1661764084374186000,68.3,5,68.2,15,68.3,3,1,2022-08-29 09:08:04
1661764084429931000,68.3,3,68.2,15,68.3,8,1,2022-08-29 09:08:04
1661764084429931000,68.4,2,68.2,15,68.3,8,1,2022-08-29 09:08:04
1661764084615224000,68.4,5,68.2,15,68.4,7,1,2022-08-29 09:08:04
1661764085101547000,68.4,1,68.2,16,68.4,6,1,2022-08-29 09:08:05
1661764085198312000,68.4,6,68.2,16,68.5,41,1,2022-08-29 09:08:05
1661764085198312000,68.5,4,68.2,16,68.5,41,1,2022-08-29 09:08:05
1661764085251300000,68.5,5,68.3,2,68.5,36,1,2022-08-29 09:08:05
1661764085278136000,68.5,36,68.3,2,68.6,42,1,2022-08-29 09:08:05
1661764085338811000,68.3,2,68.3,2,68.5,41,2,2022-08-29 09:08:05
1661764085504279000,68.3,1,68.2,16,68.6,42,2,2022-08-29 09:08:05
1661764085522615000,68.2,1,68.2,15,68.6,42,2,2022-08-29 09:08:05
1661764085708946000,68.5,6,68.3,2,68.5,1,1,2022-08-29 09:08:05
1661764085747650000,68.5,1,68.3,2,68.6,42,1,2022-08-29 09:08:05
1661764085813885000,68.6,10,68.3,2,68.5,7,1,2022-08-29 09:08:05
1661764085974328000,68.6,2,68.2,15,68.6,30,1,2022-08-29 09:08:05
1661764086673254000,68.5,1,68.2,13,68.6,30,1,2022-08-29 09:08:06
1661764086754215000,68.6,1,68.2,13,68.6,29,1,2022-08-29 09:08:06
1661764086766654000,68.6,1,68.2,13,68.6,28,1,2022-08-29 09:08:06
1661764087342703000,68.6,3,68.3,1,68.6,25,1,2022-08-29 09:08:07
1661764087562095000,68.3,1,68.2,13,68.3,5,2,2022-08-29 09:08:07
1661764087585799000,68.3,2,68.2,13,68.3,3,1,2022-08-29 09:08:07
1661764087587144000,68.3,3,68.2,13,68.6,25,1,2022-08-29 09:08:07
1661764087683612000,68.2,1,68.2,12,68.6,25,2,2022-08-29 09:08:07
1661764087784855000,68.6,1,68.2,12,68.6,24,1,2022-08-29 09:08:07
1661764088102269000,68.5,1,68.2,12,68.6,23,1,2022-08-29 09:08:08
1661764088102269000,68.6,1,68.2,12,68.6,23,1,2022-08-29 09:08:08
1661764088370049000,68.6,1,68.2,14,68.6,22,1,2022-08-29 09:08:08
1661764088395781000,68.6,5,68.2,14,68.6,23,1,2022-08-29 09:08:08
1661764088603375000,68.5,1,68.2,14,68.6,17,1,2022-08-29 09:08:08
1661764088713629000,68.6,1,68.3,2,68.6,16,1,2022-08-29 09:08:08
1661764089013334000,68.3,2,68.2,15,68.6,16,2,2022-08-29 09:08:09
1661764089428824000,68.5,1,68.3,1,68.5,1,1,2022-08-29 09:08:09
1661764089579366000,68.6,5,68.3,3,68.6,11,1,2022-08-29 09:08:09
1661764089668962000,68.6,1,68.4,10,68.6,10,1,2022-08-29 09:08:09
1661764089698954000,68.6,10,68.4,10,68.7,4,1,2022-08-29 09:08:09
1661764090184444000,68.7,5,68.6,5,68.7,4,1,2022-08-29 09:08:10
1661764090226141000,68.7,3,68.6,5,68.7,1,1,2022-08-29 09:08:10
1661764090240999000,68.7,1,68.6,5,68.8,15,1,2022-08-29 09:08:10
1661764090240999000,68.8,1,68.6,5,68.8,15,1,2022-08-29 09:08:10
1661764090241015000,68.8,1,68.6,5,68.8,14,1,2022-08-29 09:08:10
1661764090279326000,68.8,3,68.6,5,68.8,11,1,2022-08-29 09:08:10
1661764090299587000,68.6,1,68.6,4,68.8,11,2,2022-08-29 09:08:10
1661764090319906000,68.8,2,68.6,4,68.8,9,1,2022-08-29 09:08:10
1661764090338439000,68.8,9,68.6,4,68.9,14,1,2022-08-29 09:08:10
1661764090338439000,68.9,1,68.6,4,68.9,14,1,2022-08-29 09:08:10
1661764090388613000,68.9,2,68.6,4,68.9,12,1,2022-08-29 09:08:10
1661764090394421000,68.9,1,68.6,5,68.7,9,1,2022-08-29 09:08:10
1661764090667018000,68.9,3,68.6,7,68.9,8,1,2022-08-29 09:08:10
1661764090701002000,68.9,8,68.6,7,69.0,28,1,2022-08-29 09:08:10
1661764091018914000,68.7,1,68.6,9,69.0,28,2,2022-08-29 09:08:11
1661764091836901000,69.0,2,68.9,10,69.0,28,1,2022-08-29 09:08:11
1661764092057031000,69.0,1,68.9,10,69.0,25,1,2022-08-29 09:08:12
1661764092085301000,69.0,4,68.9,10,69.0,21,1,2022-08-29 09:08:12
1661764092115880000,69.0,7,68.9,10,69.0,14,1,2022-08-29 09:08:12
1661764092146574000,69.0,4,68.9,10,69.0,10,1,2022-08-29 09:08:12
1661764092147073000,69.0,10,68.9,10,69.1,3,1,2022-08-29 09:08:12
1661764092303973000,69.0,1,68.9,10,69.1,3,1,2022-08-29 09:08:12
1661764092453789000,69.1,1,68.9,12,69.1,3,1,2022-08-29 09:08:12
1661764092479820000,69.1,2,68.9,12,69.2,2,1,2022-08-29 09:08:12
1661764092511466000,68.9,1,68.9,11,69.2,2,2,2022-08-29 09:08:12
1661764092700398000,69.2,1,68.9,11,69.2,1,1,2022-08-29 09:08:12
1661764092906479000,69.2,1,68.9,11,69.3,1,1,2022-08-29 09:08:12
1661764092950420000,69.3,1,68.9,11,69.5,22,1,2022-08-29 09:08:12
1661764093152210000,69.5,1,69.1,4,69.5,21,1,2022-08-29 09:08:13
1661764093299055000,69.3,1,69.1,6,69.5,21,1,2022-08-29 09:08:13
1661764093302949000,69.5,1,69.1,6,69.5,20,1,2022-08-29 09:08:13
1661764093529662000,69.3,1,69.1,3,69.5,18,1,2022-08-29 09:08:13
1661764093529662000,69.5,2,69.1,3,69.5,18,1,2022-08-29 09:08:13
1661764093642187000,69.5,4,69.2,1,69.5,14,1,2022-08-29 09:08:13
1661764093947337000,69.5,1,69.2,3,69.5,14,1,2022-08-29 09:08:13
1661764094253038000,69.2,1,69.2,2,69.4,5,2,2022-08-29 09:08:14
1661764094414250000,69.4,5,69.2,3,69.5,13,1,2022-08-29 09:08:14
1661764094471794000,69.5,1,69.2,3,69.5,13,1,2022-08-29 09:08:14
1661764094931657000,69.2,1,69.1,1,69.5,12,2,2022-08-29 09:08:14
1661764094933370000,69.5,5,69.2,1,69.5,12,1,2022-08-29 09:08:14
1661764095089781000,69.4,1,69.1,5,70.0,34,1,2022-08-29 09:08:15
1661764095089781000,69.5,7,69.1,5,70.0,34,1,2022-08-29 09:08:15
1661764095089781000,69.6,13,69.1,5,70.0,34,1,2022-08-29 09:08:15
1661764095089781000,69.7,1,69.1,5,70.0,34,1,2022-08-29 09:08:15
1661764095089781000,69.8,6,69.1,5,70.0,34,1,2022-08-29 09:08:15
1661764095089781000,69.9,6,69.1,5,70.0,34,1,2022-08-29 09:08:15
1661764095089781000,70.0,6,69.1,5,70.0,34,1,2022-08-29 09:08:15
1661764095238257000,70.0,10,69.4,1,70.0,24,1,2022-08-29 09:08:15
1661764095310947000,70.0,1,69.4,1,70.0,23,1,2022-08-29 09:08:15
1661764095783514000,69.5,1,69.5,4,70.0,23,2,2022-08-29 09:08:15
1661764095963718000,69.9,1,69.5,5,69.9,1,1,2022-08-29 09:08:15
1661764096241297000,69.9,1,69.5,5,69.9,4,1,2022-08-29 09:08:16
1661764096362860000,69.9,1,69.5,5,69.9,3,1,2022-08-29 09:08:16
1661764096458370000,69.9,1,69.5,5,69.9,5,1,2022-08-29 09:08:16
1661764096626853000,69.7,1,69.5,5,69.9,2,2,2022-08-29 09:08:16
1661764097058755000,69.9,3,69.6,1,70.0,21,1,2022-08-29 09:08:17
1661764097058755000,70.0,2,69.6,1,70.0,21,1,2022-08-29 09:08:17
1661764097207223000,69.6,1,69.5,3,70.0,21,2,2022-08-29 09:08:17
1661764097231626000,69.8,1,69.5,3,70.0,21,2,2022-08-29 09:08:17
1661764097475511000,69.8,1,69.4,3,70.0,21,1,2022-08-29 09:08:17
1661764097475511000,69.9,3,69.4,3,70.0,21,1,2022-08-29 09:08:17
1661764097498493000,70.0,1,69.4,3,70.0,20,1,2022-08-29 09:08:17
1661764097911470000,69.9,1,69.6,4,70.0,20,2,2022-08-29 09:08:17
1661764098018348000,69.6,1,69.6,3,70.0,20,2,2022-08-29 09:08:18
1661764098060604000,70.0,1,69.6,3,70.0,17,1,2022-08-29 09:08:18
1661764098122789000,69.6,1,69.6,2,70.0,17,2,2022-08-29 09:08:18
1661764098400858000,69.8,1,69.5,5,69.8,1,1,2022-08-29 09:08:18
1661764098542932000,69.8,1,69.6,1,69.9,5,1,2022-08-29 09:08:18
1661764098542932000,69.9,4,69.6,1,69.9,5,1,2022-08-29 09:08:18
1661764098709115000,69.6,1,69.5,4,69.9,5,2,2022-08-29 09:08:18
1661764098798714000,69.9,1,69.5,4,69.9,4,1,2022-08-29 09:08:18
1661764099111395000,69.5,4,69.2,5,69.9,4,2,2022-08-29 09:08:19
1661764099111395000,69.4,2,69.2,5,69.9,4,2,2022-08-29 09:08:19
1661764099111395000,69.3,3,69.2,5,69.9,4,2,2022-08-29 09:08:19
1661764099289611000,69.9,4,69.2,4,70.0,11,1,2022-08-29 09:08:19
1661764099289611000,70.0,6,69.2,4,70.0,11,1,2022-08-29 09:08:19
1661764099513136000,69.9,1,69.3,6,69.9,1,1,2022-08-29 09:08:19
1661764099865855000,69.7,1,69.5,1,69.7,9,1,2022-08-29 09:08:19
1661764099909672000,69.5,1,69.5,1,69.7,9,2,2022-08-29 09:08:19
1661764100100760000,69.7,1,69.4,2,69.7,8,1,2022-08-29 09:08:20
1661764100488154000,69.4,1,69.2,3,69.5,1,2,2022-08-29 09:08:20
1661764100536243000,69.5,1,69.2,3,69.7,8,1,2022-08-29 09:08:20
1661764100681778000,69.6,1,69.3,5,69.7,7,1,2022-08-29 09:08:20
1661764100681778000,69.7,1,69.3,5,69.7,7,1,2022-08-29 09:08:20
1661764100773160000,69.7,1,69.3,3,69.7,7,1,2022-08-29 09:08:20
1661764100837088000,69.7,1,69.3,3,69.7,6,1,2022-08-29 09:08:20
1661764100854109000,69.7,1,69.3,3,69.7,5,1,2022-08-29 09:08:20
1661764100961639000,69.6,2,69.3,3,69.6,5,1,2022-08-29 09:08:20
1661764101017828000,69.6,2,69.3,3,69.6,1,1,2022-08-29 09:08:21
1661764101136479000,69.3,1,69.3,2,69.6,1,2,2022-08-29 09:08:21
1661764101291073000,69.6,1,69.3,2,69.7,5,1,2022-08-29 09:08:21
1661764101381638000,69.3,1,69.3,1,69.7,5,2,2022-08-29 09:08:21
1661764101384694000,69.7,1,69.3,1,69.7,4,1,2022-08-29 09:08:21
1661764101420379000,69.3,1,69.2,3,69.3,1,2,2022-08-29 09:08:21
1661764101442059000,69.3,1,69.2,3,69.6,2,1,2022-08-29 09:08:21
1661764101482248000,69.6,1,69.1,9,69.6,1,1,2022-08-29 09:08:21
1661764101567394000,69.6,1,69.2,3,69.7,3,1,2022-08-29 09:08:21
1661764101915931000,69.6,1,69.2,3,69.6,2,1,2022-08-29 09:08:21
1661764102075549000,69.6,1,69.2,3,69.7,1,1,2022-08-29 09:08:22
1661764102075549000,69.7,2,69.2,3,69.7,1,1,2022-08-29 09:08:22
1661764102222392000,69.7,1,69.3,1,69.8,4,1,2022-08-29 09:08:22
1661764103164890000,69.6,3,69.4,2,69.6,2,1,2022-08-29 09:08:23
1661764103281595000,69.6,1,69.4,2,69.6,1,1,2022-08-29 09:08:23
1661764103413403000,69.6,1,69.4,2,69.6,6,1,2022-08-29 09:08:23
1661764103696677000,69.6,2,69.4,2,69.6,5,1,2022-08-29 09:08:23
1661764104003461000,69.6,3,69.4,2,69.7,2,1,2022-08-29 09:08:24
1661764104036062000,69.7,2,69.4,2,69.8,1,1,2022-08-29 09:08:24
1661764104036062000,69.8,3,69.4,2,69.8,1,1,2022-08-29 09:08:24
1661764104512185000,69.4,2,69.1,5,69.7,1,2,2022-08-29 09:08:24
1661764104512185000,69.3,2,69.1,5,69.7,1,2,2022-08-29 09:08:24
1661764104512185000,69.2,1,69.1,5,69.7,1,2,2022-08-29 09:08:24
1661764104512185000,69.1,5,69.1,5,69.7,1,2,2022-08-29 09:08:24
1661764104568033000,69.5,1,69.5,4,69.6,1,2,2022-08-29 09:08:24
1661764104599203000,69.5,4,69.1,5,69.6,1,2,2022-08-29 09:08:24
1661764104866140000,69.6,1,69.4,1,69.7,3,1,2022-08-29 09:08:24
1661764105150907000,69.7,3,69.4,2,69.9,3,1,2022-08-29 09:08:25
1661764105150907000,69.8,3,69.4,2,69.9,3,1,2022-08-29 09:08:25
1661764105150907000,69.9,4,69.4,2,69.9,3,1,2022-08-29 09:08:25
1661764105662391000,69.6,2,69.5,5,69.8,2,2,2022-08-29 09:08:25
1661764105767665000,69.8,1,69.5,5,69.8,1,1,2022-08-29 09:08:25
1661764105806547000,69.8,1,69.5,5,69.9,3,1,2022-08-29 09:08:25
1661764105894561000,69.6,1,69.5,5,69.9,3,2,2022-08-29 09:08:25
1661764105961903000,69.9,1,69.5,5,69.9,2,1,2022-08-29 09:08:25
1661764106278201000,69.9,2,69.6,2,70.0,31,1,2022-08-29 09:08:26
1661764106278201000,70.0,3,69.6,2,70.0,31,1,2022-08-29 09:08:26
1661764106403561000,70.0,5,69.6,5,70.0,26,1,2022-08-29 09:08:26
1661764106488714000,70.0,10,69.6,5,70.0,16,1,2022-08-29 09:08:26
1661764106865122000,69.7,1,69.6,4,69.9,1,1,2022-08-29 09:08:26
1661764107035930000,69.7,1,69.6,4,69.9,1,2,2022-08-29 09:08:27
1661764107066692000,69.9,1,69.7,1,70.0,15,1,2022-08-29 09:08:27
1661764107066692000,70.0,1,69.7,1,70.0,15,1,2022-08-29 09:08:27
1661764107112650000,70.0,1,69.7,1,70.0,14,1,2022-08-29 09:08:27
1661764107343190000,70.0,5,69.7,2,70.0,9,1,2022-08-29 09:08:27
1661764108352386000,69.8,1,69.7,7,70.0,10,2,2022-08-29 09:08:28
1661764108360690000,69.7,1,69.7,6,70.0,10,2,2022-08-29 09:08:28
1661764108467892000,70.0,1,69.8,1,70.0,10,1,2022-08-29 09:08:28
1661764108635358000,70.0,2,69.7,6,70.0,7,1,2022-08-29 09:08:28
1661764108848349000,70.0,1,69.7,2,70.0,7,1,2022-08-29 09:08:28
1661764109152147000,69.7,1,69.7,1,70.0,6,2,2022-08-29 09:08:29
1661764109442928000,70.0,1,69.7,1,70.0,7,1,2022-08-29 09:08:29
1661764109530910000,69.7,1,69.6,5,70.0,6,2,2022-08-29 09:08:29
1661764109599043000,69.8,1,69.6,5,70.0,5,1,2022-08-29 09:08:29
1661764109599043000,70.0,1,69.6,5,70.0,5,1,2022-08-29 09:08:29
1661764109717310000,69.9,2,69.7,1,70.0,3,1,2022-08-29 09:08:29
1661764109717310000,70.0,2,69.7,1,70.0,3,1,2022-08-29 09:08:29
1661764109767187000,70.0,1,69.7,1,69.9,2,1,2022-08-29 09:08:29
1661764110038451000,70.0,1,69.7,3,70.0,1,1,2022-08-29 09:08:30
1661764110122379000,70.0,1,69.7,3,70.1,5,1,2022-08-29 09:08:30
1661764110400870000,70.0,1,70.0,1,70.1,5,2,2022-08-29 09:08:30
1661764110525840000,69.7,1,69.7,2,70.1,5,2,2022-08-29 09:08:30
1661764110557370000,70.1,4,69.7,2,70.1,1,1,2022-08-29 09:08:30
1661764110562726000,69.7,1,69.7,1,70.1,1,2,2022-08-29 09:08:30
1661764110725526000,69.8,1,69.7,1,70.1,1,1,2022-08-29 09:08:30
1661764110768927000,70.1,1,69.7,4,70.2,2,1,2022-08-29 09:08:30
1661764111044080000,69.9,1,69.8,4,70.2,2,1,2022-08-29 09:08:31
1661764111265569000,70.1,1,69.8,4,70.2,2,1,2022-08-29 09:08:31
1661764111421400000,70.0,1,70.0,2,70.2,2,2,2022-08-29 09:08:31
1661764111568070000,70.2,2,70.0,3,70.5,1,1,2022-08-29 09:08:31
1661764111568070000,70.4,6,70.0,3,70.5,1,1,2022-08-29 09:08:31
1661764111568070000,70.5,2,70.0,3,70.5,1,1,2022-08-29 09:08:31
1661764111752481000,70.5,1,70.1,2,70.6,20,1,2022-08-29 09:08:31
1661764111820082000,70.1,1,70.1,1,70.6,20,2,2022-08-29 09:08:31
1661764111830528000,70.1,1,70.0,15,70.6,20,2,2022-08-29 09:08:31
1661764111830528000,70.0,1,70.0,15,70.6,20,2,2022-08-29 09:08:31
1661764111994766000,70.1,1,70.1,1,70.5,3,2,2022-08-29 09:08:31
1661764112044926000,70.1,1,70.0,20,70.5,3,2,2022-08-29 09:08:32
1661764112667012000,70.5,1,70.2,3,70.5,2,1,2022-08-29 09:08:32
1661764112716054000,70.2,1,70.2,2,70.5,2,2,2022-08-29 09:08:32
1661764112882760000,70.2,1,70.2,2,70.5,1,2,2022-08-29 09:08:32
1661764113068535000,70.2,1,70.1,8,70.5,1,2,2022-08-29 09:08:33
1661764113156448000,70.5,1,70.1,9,70.6,20,1,2022-08-29 09:08:33
1661764113159726000,70.1,1,70.1,8,70.6,20,2,2022-08-29 09:08:33
1661764113167563000,70.1,1,70.1,7,70.6,20,2,2022-08-29 09:08:33
1661764113387347000,70.2,2,70.1,4,70.5,5,2,2022-08-29 09:08:33
1661764113387347000,70.1,3,70.1,4,70.5,5,2,2022-08-29 09:08:33
1661764113663742000,70.1,1,70.1,3,70.4,2,2,2022-08-29 09:08:33
1661764113851357000,70.4,1,70.1,3,70.4,1,1,2022-08-29 09:08:33
1661764114379002000,70.4,1,70.1,3,70.6,19,1,2022-08-29 09:08:34
1661764114379002000,70.5,6,70.1,3,70.6,19,1,2022-08-29 09:08:34
1661764114379002000,70.6,1,70.1,3,70.6,19,1,2022-08-29 09:08:34
1661764114413599000,70.1,3,70.0,31,70.6,19,2,2022-08-29 09:08:34
1661764114413599000,70.0,7,70.0,31,70.6,19,2,2022-08-29 09:08:34
1661764114474429000,70.5,1,70.1,2,70.6,18,1,2022-08-29 09:08:34
1661764114474429000,70.6,1,70.1,2,70.6,18,1,2022-08-29 09:08:34
1661764114474921000,70.1,1,70.1,1,70.6,18,2,2022-08-29 09:08:34
1661764114784596000,70.1,1,70.1,3,70.6,18,2,2022-08-29 09:08:34
1661764114842818000,70.6,2,70.1,3,70.6,16,1,2022-08-29 09:08:34
1661764114859458000,70.1,1,70.1,2,70.6,16,2,2022-08-29 09:08:34
1661764115162730000,70.5,1,70.2,5,70.6,15,1,2022-08-29 09:08:35
1661764115162730000,70.6,1,70.2,5,70.6,15,1,2022-08-29 09:08:35
1661764115298102000,70.6,5,70.3,1,70.6,10,1,2022-08-29 09:08:35
1661764115512720000,70.3,1,70.2,5,70.5,1,2,2022-08-29 09:08:35
1661764115517915000,70.2,1,70.2,4,70.5,1,2,2022-08-29 09:08:35
1661764115581984000,70.4,1,70.2,4,70.6,10,1,2022-08-29 09:08:35
1661764115581984000,70.5,1,70.2,4,70.6,10,1,2022-08-29 09:08:35
1661764115631923000,70.6,1,70.2,4,70.6,9,1,2022-08-29 09:08:35
1661764115682438000,70.2,1,70.2,3,70.4,1,2,2022-08-29 09:08:35
1661764115713406000,70.2,3,70.1,2,70.4,1,2,2022-08-29 09:08:35
1661764115849342000,70.4,1,70.1,2,70.6,7,1,2022-08-29 09:08:35
1661764115849342000,70.6,2,70.1,2,70.6,7,1,2022-08-29 09:08:35
1661764116008346000,70.2,1,70.1,3,70.6,7,2,2022-08-29 09:08:36
1661764116446594000,70.4,2,70.4,2,70.5,1,2,2022-08-29 09:08:36
1661764117948114000,70.3,1,70.2,1,70.3,2,1,2022-08-29 09:08:37
1661764118196243000,70.3,1,70.2,1,70.4,1,1,2022-08-29 09:08:38
1661764118196243000,70.4,1,70.2,1,70.4,1,1,2022-08-29 09:08:38
1661764118625474000,70.4,1,70.2,1,70.5,4,1,2022-08-29 09:08:38
1661764118625474000,70.5,1,70.2,1,70.5,4,1,2022-08-29 09:08:38
1661764118906941000,70.2,2,70.1,10,70.5,4,2,2022-08-29 09:08:38
1661764119031083000,70.2,1,70.1,8,70.5,4,2,2022-08-29 09:08:39
1661764119031083000,70.1,2,70.1,8,70.5,4,2,2022-08-29 09:08:39
1661764119208524000,70.5,1,70.1,8,70.5,3,1,2022-08-29 09:08:39
1661764119536770000,70.5,2,70.2,1,70.5,1,1,2022-08-29 09:08:39
1661764119695111000,70.2,1,70.1,9,70.4,1,2,2022-08-29 09:08:39
1661764119695111000,70.1,1,70.1,9,70.4,1,2,2022-08-29 09:08:39
1661764120059101000,70.3,1,70.1,9,70.4,1,2,2022-08-29 09:08:40
1661764120065854000,70.4,1,70.1,9,70.6,8,1,2022-08-29 09:08:40
1661764120065854000,70.5,1,70.1,9,70.6,8,1,2022-08-29 09:08:40
1661764120065854000,70.6,1,70.1,9,70.6,8,1,2022-08-29 09:08:40
1661764120140282000,70.2,1,70.1,9,70.5,6,2,2022-08-29 09:08:40
1661764121759544000,70.3,1,70.2,3,70.3,4,1,2022-08-29 09:08:41
1661764121785578000,70.2,3,70.1,10,70.3,4,2,2022-08-29 09:08:41
1661764121838983000,70.3,1,70.1,10,70.3,3,1,2022-08-29 09:08:41
1661764122021915000,70.3,2,70.1,11,70.3,1,1,2022-08-29 09:08:42
1661764122070415000,70.2,1,70.1,11,70.3,1,2,2022-08-29 09:08:42
1661764122724569000,70.2,1,70.1,11,70.4,5,1,2022-08-29 09:08:42
1661764122724569000,70.3,2,70.1,11,70.4,5,1,2022-08-29 09:08:42
1661764122724569000,70.4,7,70.1,11,70.4,5,1,2022-08-29 09:08:42
1661764122846092000,70.2,2,70.1,11,70.4,5,1,2022-08-29 09:08:42
1661764122874995000,70.1,1,70.1,10,70.4,5,2,2022-08-29 09:08:42
1661764123050822000,70.4,1,70.1,11,70.4,4,1,2022-08-29 09:08:43
1661764123309699000,70.4,1,70.1,11,70.4,3,1,2022-08-29 09:08:43
1661764123626436000,70.4,1,70.2,1,70.4,2,1,2022-08-29 09:08:43
1661764123810028000,70.2,1,70.1,12,70.3,10,2,2022-08-29 09:08:43
1661764123881193000,70.3,1,70.1,12,70.3,9,1,2022-08-29 09:08:43
1661764124132960000,70.1,2,70.1,12,70.3,9,2,2022-08-29 09:08:44
1661764124222837000,70.3,2,70.1,12,70.3,7,1,2022-08-29 09:08:44
1661764124794753000,70.1,2,70.1,11,70.3,7,2,2022-08-29 09:08:44
1661764124804162000,70.1,1,70.1,10,70.3,7,2,2022-08-29 09:08:44
1661764125120603000,70.1,2,70.1,8,70.3,1,2,2022-08-29 09:08:45
1661764125139969000,70.2,1,70.1,8,70.3,1,2,2022-08-29 09:08:45
1661764125512185000,70.2,1,70.1,8,70.2,10,1,2022-08-29 09:08:45
1661764125527703000,70.2,1,70.1,9,70.2,9,1,2022-08-29 09:08:45
1661764125539416000,70.1,8,70.1,1,70.2,9,2,2022-08-29 09:08:45
1661764125890365000,70.2,1,70.1,2,70.2,9,1,2022-08-29 09:08:45
1661764125960718000,70.1,2,70.1,2,70.2,10,2,2022-08-29 09:08:45
1661764126121523000,70.0,3,70.0,48,70.1,3,2,2022-08-29 09:08:46
1661764126194513000,70.1,1,70.0,47,70.1,2,1,2022-08-29 09:08:46
1661764126305836000,70.0,21,70.0,26,70.1,9,2,2022-08-29 09:08:46
1661764126337137000,70.0,11,70.0,15,70.1,9,2,2022-08-29 09:08:46
1661764126337619000,70.0,1,70.0,14,70.1,9,2,2022-08-29 09:08:46
1661764126368102000,70.0,2,70.0,47,70.1,9,2,2022-08-29 09:08:46
1661764126561868000,70.1,2,70.0,12,70.1,7,1,2022-08-29 09:08:46
1661764126588769000,70.0,10,70.0,2,70.2,9,2,2022-08-29 09:08:46
1661764126711072000,70.0,2,69.9,6,70.2,9,2,2022-08-29 09:08:46
1661764126711072000,69.9,5,69.9,6,70.2,9,2,2022-08-29 09:08:46
1661764126908379000,70.2,4,70.0,12,70.2,9,1,2022-08-29 09:08:46
1661764127073876000,70.2,2,69.9,6,70.2,3,1,2022-08-29 09:08:47
1661764127100358000,70.2,1,69.9,6,70.2,2,1,2022-08-29 09:08:47
1661764127174078000,69.9,2,69.9,4,70.2,2,2,2022-08-29 09:08:47
1661764127361080000,69.9,1,69.9,3,70.1,2,2,2022-08-29 09:08:47
1661764127367146000,69.9,3,69.8,4,70.1,2,2,2022-08-29 09:08:47
1661764127367146000,69.8,2,69.8,4,70.1,2,2,2022-08-29 09:08:47
1661764127470965000,69.8,1,69.8,4,70.1,4,2,2022-08-29 09:08:47
1661764127664502000,70.1,1,69.9,1,70.1,3,1,2022-08-29 09:08:47
1661764127684153000,69.9,1,69.8,3,70.1,3,2,2022-08-29 09:08:47
1661764127969665000,70.1,1,69.8,3,70.1,3,1,2022-08-29 09:08:47
1661764128018177000,70.1,1,69.8,3,70.1,1,1,2022-08-29 09:08:48
1661764128025843000,69.8,1,69.8,2,70.1,1,2,2022-08-29 09:08:48
1661764128078234000,69.8,2,69.7,9,70.1,1,2,2022-08-29 09:08:48
1661764128078234000,69.7,3,69.7,9,70.1,1,2,2022-08-29 09:08:48
1661764128254927000,70.1,1,69.7,9,70.2,2,1,2022-08-29 09:08:48
1661764128273806000,70.2,1,69.7,9,70.2,1,1,2022-08-29 09:08:48
1661764128415731000,69.8,4,69.7,9,70.2,1,2,2022-08-29 09:08:48
1661764128563714000,70.1,1,69.7,9,70.1,4,1,2022-08-29 09:08:48
1661764128594836000,69.7,9,69.5,15,70.1,4,2,2022-08-29 09:08:48
1661764128594836000,69.6,7,69.5,15,70.1,4,2,2022-08-29 09:08:48
1661764128594836000,69.5,4,69.5,15,70.1,4,2,2022-08-29 09:08:48
1661764128604467000,69.5,5,69.5,10,70.1,4,2,2022-08-29 09:08:48
1661764128790329000,70.0,1,69.5,10,70.1,4,2,2022-08-29 09:08:48
1661764128998572000,70.1,1,69.5,9,70.1,3,1,2022-08-29 09:08:48
1661764129296610000,69.7,1,69.5,6,70.0,5,2,2022-08-29 09:08:49
1661764129296610000,69.5,1,69.5,6,70.0,5,2,2022-08-29 09:08:49
1661764129325576000,70.0,5,70.3,1,70.4,4,1,2022-08-29 09:08:49
1661764129325576000,70.1,3,70.3,1,70.4,4,1,2022-08-29 09:08:49
1661764129325576000,70.2,9,70.3,1,70.4,4,1,2022-08-29 09:08:49
1661764129325576000,70.3,2,70.3,1,70.4,4,1,2022-08-29 09:08:49
1661764129362023000,70.3,1,69.5,9,70.4,4,2,2022-08-29 09:08:49
1661764129771489000,69.6,1,69.5,5,70.0,1,2,2022-08-29 09:08:49
1661764129771489000,69.5,1,69.5,5,70.0,1,2,2022-08-29 09:08:49
1661764130625332000,70.0,1,69.5,5,70.0,5,1,2022-08-29 09:08:50
1661764130819765000,70.0,1,69.7,4,70.0,9,1,2022-08-29 09:08:50
1661764130864178000,70.0,1,69.7,4,70.0,8,1,2022-08-29 09:08:50
1661764131800438000,69.8,1,69.7,8,70.0,9,1,2022-08-29 09:08:51
1661764132294938000,69.7,1,69.7,9,70.0,9,2,2022-08-29 09:08:52
1661764132506605000,70.0,1,69.7,8,70.0,8,1,2022-08-29 09:08:52
1661764133486738000,69.9,1,69.8,1,69.9,1,1,2022-08-29 09:08:53
1661764134837349000,69.9,1,69.8,2,69.9,1,1,2022-08-29 09:08:54
1661764134837349000,70.0,1,69.8,2,69.9,1,1,2022-08-29 09:08:54
1661764135243323000,69.8,1,69.8,1,70.0,10,2,2022-08-29 09:08:55
1661764135895500000,69.9,1,69.8,5,70.0,11,2,2022-08-29 09:08:55
1661764136055380000,69.8,2,69.8,3,70.0,11,2,2022-08-29 09:08:56
1661764136497708000,70.0,1,69.9,5,70.0,10,1,2022-08-29 09:08:56
1661764137203890000,70.0,1,69.9,5,70.0,10,1,2022-08-29 09:08:57
1661764137287751000,70.0,1,69.9,5,70.0,9,1,2022-08-29 09:08:57
1661764137314534000,70.0,9,69.9,5,70.1,10,1,2022-08-29 09:08:57
1661764137557477000,69.9,1,69.9,4,70.1,11,2,2022-08-29 09:08:57
1661764137588922000,70.1,1,69.9,4,70.1,10,1,2022-08-29 09:08:57
1661764137771813000,70.0,1,69.9,5,70.1,10,1,2022-08-29 09:08:57
1661764138403146000,70.0,1,69.9,5,70.0,1,1,2022-08-29 09:08:58
1661764138888310000,69.9,3,69.9,2,70.1,10,2,2022-08-29 09:08:58
1661764139126267000,69.9,1,69.9,3,70.1,10,2,2022-08-29 09:08:59
1661764139267752000,70.1,1,69.9,4,70.1,9,1,2022-08-29 09:08:59
1661764139299961000,70.1,9,69.9,4,70.2,2,1,2022-08-29 09:08:59
1661764139890094000,70.0,1,70.0,4,70.1,1,2,2022-08-29 09:08:59
1661764140476656000,70.0,7,70.0,7,70.1,1,2,2022-08-29 09:09:00
1661764140780716000,70.0,1,69.9,8,70.1,1,1,2022-08-29 09:09:00
1661764140816463000,70.1,1,70.0,2,70.2,3,1,2022-08-29 09:09:00
1661764141146505000,70.0,1,70.0,2,70.1,3,2,2022-08-29 09:09:01
1661764141233627000,70.0,1,70.0,1,70.1,3,2,2022-08-29 09:09:01
1661764141547061000,70.1,5,70.0,1,70.2,5,1,2022-08-29 09:09:01
1661764141549512000,70.0,1,69.9,8,70.0,2,2,2022-08-29 09:09:01
1661764141582758000,70.0,2,69.9,8,70.2,5,1,2022-08-29 09:09:01
1661764141619304000,70.2,1,69.9,8,70.2,4,1,2022-08-29 09:09:01
1661764141705051000,70.2,1,69.9,8,70.2,3,1,2022-08-29 09:09:01
1661764142380597000,69.9,1,69.9,8,70.2,2,2,2022-08-29 09:09:02
1661764142792604000,70.2,2,70.0,8,70.3,2,1,2022-08-29 09:09:02
1661764142792604000,70.3,1,70.0,8,70.3,2,1,2022-08-29 09:09:02
1661764142846998000,70.1,1,70.0,8,70.3,2,1,2022-08-29 09:09:02
1661764143490264000,70.3,2,70.1,1,70.5,2,1,2022-08-29 09:09:03
1661764143490264000,70.4,2,70.1,1,70.5,2,1,2022-08-29 09:09:03
1661764143490264000,70.5,6,70.1,1,70.5,2,1,2022-08-29 09:09:03
1661764143538528000,70.5,2,70.1,4,70.6,11,1,2022-08-29 09:09:03
1661764143538528000,70.6,3,70.1,4,70.6,11,1,2022-08-29 09:09:03
1661764143847161000,70.6,1,70.2,1,70.6,11,1,2022-08-29 09:09:03
1661764144086586000,70.2,1,70.1,9,70.6,10,2,2022-08-29 09:09:04
1661764144365754000,70.5,1,70.5,5,70.6,10,1,2022-08-29 09:09:04
1661764144606628000,70.5,1,70.5,4,70.6,10,2,2022-08-29 09:09:04
1661764144956246000,70.6,5,70.5,4,70.6,5,1,2022-08-29 09:09:04
1661764144957491000,70.6,3,70.5,4,70.6,2,1,2022-08-29 09:09:04
1661764144987187000,70.6,2,70.5,4,70.6,10,1,2022-08-29 09:09:04
1661764145928383000,70.5,1,70.5,3,70.7,3,2,2022-08-29 09:09:05
1661764146077763000,70.6,1,70.6,4,70.7,3,2,2022-08-29 09:09:06
1661764146199854000,70.6,5,70.6,6,70.7,3,2,2022-08-29 09:09:06
1661764146557187000,70.6,1,70.5,3,70.7,3,2,2022-08-29 09:09:06
1661764146869582000,70.5,1,70.5,3,70.7,3,2,2022-08-29 09:09:06
1661764268294369000,69.7,131,69.6,2,69.7,10,2,2022-08-29 09:11:08
1661764268313641000,69.6,1,69.6,1,69.7,10,2,2022-08-29 09:11:08
1661764268332811000,69.7,2,69.6,1,69.7,8,1,2022-08-29 09:11:08
1661764268334057000,69.6,1,69.5,10,69.7,8,2,2022-08-29 09:11:08
1661764268735456000,69.5,1,69.5,10,69.7,8,2,2022-08-29 09:11:08
1661764269483838000,69.5,2,69.5,7,69.7,8,2,2022-08-29 09:11:09
1661764270717811000,69.6,1,69.5,7,69.7,8,2,2022-08-29 09:11:10
1661764271174274000,69.7,5,69.5,7,69.7,3,1,2022-08-29 09:11:11
1661764271200034000,69.7,3,69.5,7,69.7,8,1,2022-08-29 09:11:11
1661764271700087000,69.6,1,69.6,2,69.8,2,2,2022-08-29 09:11:11
1661764272918133000,69.7,1,69.7,5,69.8,3,2,2022-08-29 09:11:12
1661764272927926000,69.8,3,69.7,5,69.9,5,1,2022-08-29 09:11:12
1661764272962225000,69.7,5,69.5,7,69.9,5,2,2022-08-29 09:11:12
1661764273864952000,69.6,1,69.6,2,69.9,5,2,2022-08-29 09:11:13
1661764273897617000,69.6,2,69.5,7,69.9,5,2,2022-08-29 09:11:13
1661764274317968000,69.9,1,69.6,1,69.9,5,1,2022-08-29 09:11:14
1661764274557187000,69.9,2,69.6,3,69.9,2,1,2022-08-29 09:11:14
1661764274591433000,69.9,2,69.6,3,69.9,4,1,2022-08-29 09:11:14
1661764274934679000,70.0,1,69.6,3,70.0,19,1,2022-08-29 09:11:14
1661764275101592000,70.0,2,69.6,3,70.0,17,1,2022-08-29 09:11:15
1661764275113306000,69.6,1,69.6,2,70.0,17,2,2022-08-29 09:11:15
1661764275251149000,70.0,10,69.6,2,70.0,7,1,2022-08-29 09:11:15
1661764275540277000,69.6,1,69.6,2,70.0,7,2,2022-08-29 09:11:15
1661764275765654000,69.9,1,69.8,2,70.0,7,2,2022-08-29 09:11:15
1661764276335961000,69.8,1,69.8,1,70.0,7,2,2022-08-29 09:11:16
1661764276363355000,69.8,1,69.8,2,70.0,7,2,2022-08-29 09:11:16
1661764276596212000,70.0,1,69.7,1,70.0,6,1,2022-08-29 09:11:16
1661764277070951000,69.9,1,69.7,3,70.0,6,2,2022-08-29 09:11:17
1661764278145483000,70.0,1,69.9,1,70.0,6,1,2022-08-29 09:11:18
1661764278421096000,70.0,1,69.9,1,70.0,4,1,2022-08-29 09:11:18
1661764279538000000,70.0,3,69.9,1,70.1,6,1,2022-08-29 09:11:19
1661764279983875000,69.9,1,69.8,1,70.1,6,2,2022-08-29 09:11:19
1661764280868764000,70.1,1,69.9,1,70.1,4,1,2022-08-29 09:11:20
1661764281240858000,69.9,1,69.8,1,70.0,6,2,2022-08-29 09:11:21
1661764281717250000,70.0,1,69.8,1,70.0,5,1,2022-08-29 09:11:21
1661764281829868000,69.8,1,69.8,1,70.0,7,2,2022-08-29 09:11:21
1661764282916667000,69.9,1,69.8,1,69.9,2,1,2022-08-29 09:11:22
1661764282955278000,69.8,1,69.7,1,69.9,2,2,2022-08-29 09:11:22
1661764283492008000,69.8,1,69.6,7,69.8,5,1,2022-08-29 09:11:23
1661764284023468000,69.6,6,69.5,9,69.8,5,2,2022-08-29 09:11:24
1661764284092357000,69.8,1,69.5,9,69.8,4,1,2022-08-29 09:11:24
1661764284212414000,69.5,2,69.5,7,69.8,4,2,2022-08-29 09:11:24
1661764284706042000,69.6,2,69.5,7,69.7,3,1,2022-08-29 09:11:24
1661764284761011000,69.7,1,69.5,7,69.7,2,1,2022-08-29 09:11:24
1661764284889183000,69.5,7,69.5,5,69.7,3,2,2022-08-29 09:11:24
1661764284992259000,69.7,3,69.5,5,69.8,3,1,2022-08-29 09:11:24
1661764284992259000,69.8,2,69.5,5,69.8,3,1,2022-08-29 09:11:24
1661764285317553000,69.8,1,69.5,5,69.8,2,1,2022-08-29 09:11:25
1661764285907780000,69.5,4,69.5,1,69.8,2,2,2022-08-29 09:11:25
1661764285932729000,69.5,1,69.4,6,69.8,2,2,2022-08-29 09:11:25
1661764286344852000,69.4,3,69.4,6,69.8,2,2,2022-08-29 09:11:26
1661764287454160000,69.4,3,69.3,1,69.7,1,2,2022-08-29 09:11:27
1661764287454160000,69.3,7,69.3,1,69.7,1,2,2022-08-29 09:11:27
1661764288251172000,69.3,1,69.2,5,69.7,5,2,2022-08-29 09:11:28
1661764288251172000,69.2,2,69.2,5,69.7,5,2,2022-08-29 09:11:28
1661764288756836000,69.6,1,69.2,5,69.7,5,1,2022-08-29 09:11:28
1661764289004446000,69.3,1,69.2,5,69.6,2,2,2022-08-29 09:11:29
1661764289424924000,69.2,1,69.2,4,69.6,3,2,2022-08-29 09:11:29
1661764290879200000,69.2,4,69.1,2,69.5,1,2,2022-08-29 09:11:30
1661764291651521000,69.2,1,69.1,2,69.2,2,1,2022-08-29 09:11:31
1661764292073909000,69.1,1,69.1,2,69.2,2,2,2022-08-29 09:11:32
1661764293237521000,69.2,3,69.1,1,69.2,3,1,2022-08-29 09:11:33
1661764293237521000,69.5,1,69.1,1,69.2,3,1,2022-08-29 09:11:33
1661764293237521000,69.6,1,69.1,1,69.2,3,1,2022-08-29 09:11:33
1661764293843644000,69.2,1,69.1,1,69.4,1,2,2022-08-29 09:11:33
1661764293970891000,69.1,1,69.0,14,69.4,1,2,2022-08-29 09:11:33
1661764293970891000,69.0,4,69.0,14,69.4,1,2,2022-08-29 09:11:33
1661764294035702000,69.0,5,69.0,9,69.4,1,2,2022-08-29 09:11:34
1661764294609501000,69.4,1,69.0,9,69.5,1,1,2022-08-29 09:11:34
1661764294903832000,69.2,1,69.0,9,69.4,1,2,2022-08-29 09:11:34
1661764295134460000,69.2,1,69.0,9,69.5,4,1,2022-08-29 09:11:35
1661764295134460000,69.4,1,69.0,9,69.5,4,1,2022-08-29 09:11:35
1661764295134460000,69.5,1,69.0,9,69.5,4,1,2022-08-29 09:11:35
1661764295394489000,69.1,1,69.0,7,69.5,4,2,2022-08-29 09:11:35
1661764295394489000,69.0,2,69.0,7,69.5,4,2,2022-08-29 09:11:35
1661764295869849000,69.2,1,69.0,7,69.4,1,2,2022-08-29 09:11:35
1661764296962786000,69.1,1,68.9,1,69.4,1,2,2022-08-29 09:11:36
1661764296962786000,69.0,1,68.9,1,69.4,1,2,2022-08-29 09:11:36
1661764296962786000,68.9,3,68.9,1,69.4,1,2,2022-08-29 09:11:36
1661764297402333000,69.1,1,68.9,3,69.5,2,1,2022-08-29 09:11:37
1661764297402333000,69.2,1,68.9,3,69.5,2,1,2022-08-29 09:11:37
1661764297402333000,69.4,1,68.9,3,69.5,2,1,2022-08-29 09:11:37
1661764298282796000,69.2,1,69.0,1,69.6,2,1,2022-08-29 09:11:38
1661764298282796000,69.4,3,69.0,1,69.6,2,1,2022-08-29 09:11:38
1661764298282796000,69.5,2,69.0,1,69.6,2,1,2022-08-29 09:11:38
1661764298282796000,69.6,4,69.0,1,69.6,2,1,2022-08-29 09:11:38
1661764298459960000,69.1,1,69.0,1,69.6,2,2,2022-08-29 09:11:38
1661764298892700000,69.5,1,69.0,4,69.5,2,1,2022-08-29 09:11:38
1661764300397869000,69.2,1,69.2,3,69.4,1,2,2022-08-29 09:11:40
1661764300765578000,69.2,3,69.2,3,69.4,1,2,2022-08-29 09:11:40
1661764301731214000,69.3,1,69.2,3,69.4,2,2,2022-08-29 09:11:41
1661764301980498000,69.2,1,69.2,2,69.4,2,2,2022-08-29 09:11:41
1661764302818908000,69.2,2,69.1,11,69.4,2,2,2022-08-29 09:11:42
1661764302974193000,69.1,2,69.1,9,69.3,1,2,2022-08-29 09:11:42
1661764303203756000,69.1,1,69.1,8,69.3,1,2,2022-08-29 09:11:43
1661764303211341000,69.3,1,69.1,8,69.4,1,1,2022-08-29 09:11:43
1661764303232229000,69.1,8,69.0,12,69.4,1,2,2022-08-29 09:11:43
1661764303543349000,69.4,1,69.0,12,69.5,3,1,2022-08-29 09:11:43
1661764303543349000,69.5,1,69.0,12,69.5,3,1,2022-08-29 09:11:43
1661764304630197000,69.2,2,69.1,3,69.2,18,1,2022-08-29 09:11:44
1661764304970269000,69.2,2,69.1,3,69.2,16,1,2022-08-29 09:11:44
1661764305098650000,69.2,1,69.1,3,69.2,15,1,2022-08-29 09:11:45
1661764305333166000,69.1,1,69.1,2,69.2,15,2,2022-08-29 09:11:45
1661764305368983000,69.1,2,69.1,3,69.2,16,2,2022-08-29 09:11:45
1661764305708794000,69.1,1,69.0,14,69.1,10,1,2022-08-29 09:11:45
1661764305835591000,69.1,1,69.0,14,69.1,9,1,2022-08-29 09:11:45
1661764305862224000,69.0,9,69.0,14,69.1,11,2,2022-08-29 09:11:45
1661764306580918000,69.0,1,69.0,4,69.1,9,2,2022-08-29 09:11:46
1661764306647824000,69.1,3,69.0,4,69.1,6,1,2022-08-29 09:11:46
1661764306683356000,69.0,2,69.0,2,69.1,6,2,2022-08-29 09:11:46
1661764306941454000,69.1,2,69.0,3,69.1,4,1,2022-08-29 09:11:46
1661764307120291000,69.0,3,68.9,1,69.1,4,2,2022-08-29 09:11:47
1661764307146096000,68.9,1,68.8,10,69.1,4,2,2022-08-29 09:11:47
1661764308100711000,69.0,1,68.8,10,69.0,1,1,2022-08-29 09:11:48
1661764308209492000,69.0,1,68.8,10,69.1,4,1,2022-08-29 09:11:48
1661764310010683000,69.0,1,68.8,10,69.1,8,1,2022-08-29 09:11:50
1661764311558607000,68.8,1,68.8,8,69.0,1,2,2022-08-29 09:11:51
1661764311647810000,69.0,1,68.8,8,69.1,9,1,2022-08-29 09:11:51
1661764311676526000,69.1,1,68.8,8,69.1,8,1,2022-08-29 09:11:51
1661764314524233000,69.0,1,68.9,2,69.0,2,1,2022-08-29 09:11:54
1661764315396424000,69.0,2,69.0,2,69.1,10,1,2022-08-29 09:11:55
1661764316485751000,69.0,2,68.9,3,69.1,10,2,2022-08-29 09:11:56
1661764317818162000,69.0,1,69.0,2,69.1,15,2,2022-08-29 09:11:57
1661764318333828000,69.0,1,69.0,1,69.1,15,2,2022-08-29 09:11:58
1661764318367829000,69.0,1,68.9,4,69.1,15,2,2022-08-29 09:11:58
1661764320662153000,69.0,1,68.9,4,69.0,7,1,2022-08-29 09:12:00
1661764320686081000,68.9,4,68.8,10,69.0,7,2,2022-08-29 09:12:00
1661764320701433000,69.0,1,68.8,10,69.0,6,1,2022-08-29 09:12:00
1661764321262108000,68.9,1,68.8,10,69.0,7,2,2022-08-29 09:12:01
1661764321896395000,69.0,1,68.8,10,69.0,11,1,2022-08-29 09:12:01
1661764322009236000,69.0,5,68.8,10,69.0,6,1,2022-08-29 09:12:02
1661764323700182000,68.9,1,68.8,10,69.0,5,1,2022-08-29 09:12:03
1661764323700182000,69.0,1,68.8,10,69.0,5,1,2022-08-29 09:12:03
1661764323787342000,69.0,1,68.8,10,69.0,4,1,2022-08-29 09:12:03
1661764323859340000,68.8,1,68.8,10,68.9,1,2,2022-08-29 09:12:03
1661764323906316000,68.8,1,68.8,8,69.0,4,2,2022-08-29 09:12:03
1661764323931523000,69.0,1,68.8,8,69.0,3,1,2022-08-29 09:12:03
1661764324205178000,69.0,2,68.8,8,69.0,1,1,2022-08-29 09:12:04
1661764324722529000,69.0,2,68.9,1,69.1,10,1,2022-08-29 09:12:04
1661764325387611000,68.9,1,68.9,2,69.0,10,2,2022-08-29 09:12:05
1661764325415140000,69.0,1,68.9,2,69.0,9,1,2022-08-29 09:12:05
1661764326178271000,68.9,1,68.9,1,69.0,11,2,2022-08-29 09:12:06
1661764327031580000,69.0,2,68.9,1,69.0,10,1,2022-08-29 09:12:07
1661764327076136000,69.0,1,68.9,1,69.0,9,1,2022-08-29 09:12:07
1661764327272874000,68.9,1,68.8,10,69.0,9,2,2022-08-29 09:12:07
1661764327445039000,69.0,9,69.0,1,69.1,8,1,2022-08-29 09:12:07
1661764328366894000,69.0,1,69.0,2,69.1,8,2,2022-08-29 09:12:08
1661764329285412000,69.1,2,69.0,10,69.1,8,1,2022-08-29 09:12:09
1661764329766523000,69.1,1,69.0,10,69.1,5,1,2022-08-29 09:12:09
1661764329801673000,69.1,2,69.0,10,69.1,3,1,2022-08-29 09:12:09
1661764329865227000,69.1,1,69.0,10,69.1,2,1,2022-08-29 09:12:09
1661764330045045000,69.1,2,69.0,10,69.2,15,1,2022-08-29 09:12:10
1661764330111933000,69.0,1,69.0,9,69.2,15,2,2022-08-29 09:12:10
1661764330924753000,69.1,1,69.0,11,69.2,15,2,2022-08-29 09:12:10
1661764331638483000,69.1,1,69.0,11,69.2,15,2,2022-08-29 09:12:11
1661764331638483000,69.0,1,69.0,11,69.2,15,2,2022-08-29 09:12:11
1661764331834247000,69.2,4,69.0,11,69.2,15,1,2022-08-29 09:12:11
1661764331876154000,69.2,11,69.0,11,69.3,2,1,2022-08-29 09:12:11
1661764332878731000,69.3,2,69.1,6,69.4,1,1,2022-08-29 09:12:12
1661764332991449000,69.2,1,69.2,1,69.4,1,2,2022-08-29 09:12:12
1661764333507628000,69.3,1,69.2,5,69.4,1,1,2022-08-29 09:12:13
1661764333996721000,69.2,1,69.2,4,69.4,1,2,2022-08-29 09:12:13
1661764335509483000,69.4,1,69.2,5,69.4,1,1,2022-08-29 09:12:15
1661764338175429000,69.3,1,69.2,9,69.3,5,1,2022-08-29 09:12:18
1661764339018609000,69.3,1,69.2,9,69.3,3,1,2022-08-29 09:12:19
1661764340098834000,69.3,3,69.2,10,69.4,2,1,2022-08-29 09:12:20
1661764340130844000,69.4,1,69.2,10,69.4,1,1,2022-08-29 09:12:20
1661764340514125000,69.4,1,69.2,10,69.5,23,1,2022-08-29 09:12:20
1661764340514125000,69.5,1,69.2,10,69.5,23,1,2022-08-29 09:12:20
1661764342390770000,69.4,1,69.4,5,69.5,24,2,2022-08-29 09:12:22
1661764343145151000,69.5,3,69.4,5,69.5,24,1,2022-08-29 09:12:23
1661764343816019000,69.5,1,69.3,2,69.5,21,1,2022-08-29 09:12:23
1661764344118975000,69.5,5,69.3,2,69.5,20,1,2022-08-29 09:12:24
1661764345512851000,69.5,1,69.4,1,69.5,14,1,2022-08-29 09:12:25
1661764346214914000,69.5,1,69.4,3,69.5,13,1,2022-08-29 09:12:26
1661764346271080000,69.5,5,69.4,3,69.5,8,1,2022-08-29 09:12:26
1661764346319616000,69.5,1,69.4,3,69.5,7,1,2022-08-29 09:12:26
1661764346342795000,69.5,1,69.4,3,69.5,13,1,2022-08-29 09:12:26
1661764346582424000,69.5,2,69.4,3,69.5,4,1,2022-08-29 09:12:26
1661764346607823000,69.5,4,69.4,3,69.7,7,1,2022-08-29 09:12:26
1661764347217841000,69.5,1,69.5,14,69.7,7,2,2022-08-29 09:12:27
1661764347879804000,69.5,1,69.5,15,69.7,7,2,2022-08-29 09:12:27
1661764349789547000,69.6,1,69.6,1,69.7,8,2,2022-08-29 09:12:29
1661764349789547000,69.5,2,69.6,1,69.7,8,2,2022-08-29 09:12:29
1661764350848458000,69.6,1,69.5,17,69.6,2,1,2022-08-29 09:12:30
1661764351139978000,69.6,1,69.5,17,69.7,8,1,2022-08-29 09:12:31
1661764351268838000,69.5,10,69.5,7,69.7,8,2,2022-08-29 09:12:31
1661764351306494000,69.5,7,69.5,17,69.7,8,2,2022-08-29 09:12:31
1661764352093729000,69.6,2,69.6,10,69.7,8,2,2022-08-29 09:12:32
1661764353126286000,69.7,1,69.5,24,69.7,8,1,2022-08-29 09:12:33
1661764355751562000,69.5,6,69.5,20,69.6,2,2,2022-08-29 09:12:35
1661764355769354000,69.6,1,69.5,20,69.6,1,1,2022-08-29 09:12:35
1661764355792055000,69.5,1,69.5,19,69.6,1,2,2022-08-29 09:12:35
1661764356121848000,69.5,1,69.5,18,69.6,1,2,2022-08-29 09:12:36
1661764356936576000,69.6,1,69.5,18,69.6,2,1,2022-08-29 09:12:36
1661764357161443000,69.5,1,69.5,17,69.6,2,2,2022-08-29 09:12:37
1661764357883483000,69.5,16,69.5,1,69.6,4,2,2022-08-29 09:12:37
1661764358068137000,69.6,1,69.5,1,69.6,3,1,2022-08-29 09:12:38
1661764358346373000,69.5,2,69.5,2,69.6,4,2,2022-08-29 09:12:38
1661764358559958000,69.5,1,69.4,9,69.5,1,1,2022-08-29 09:12:38
1661764359266397000,69.5,1,69.4,9,69.5,6,1,2022-08-29 09:12:39
1661764359425961000,69.4,1,69.4,8,69.5,5,2,2022-08-29 09:12:39
1661764359542568000,69.4,1,69.4,7,69.5,5,2,2022-08-29 09:12:39
1661764359976164000,69.5,1,69.4,7,69.5,4,1,2022-08-29 09:12:39
1661764360072304000,69.4,1,69.4,6,69.5,4,2,2022-08-29 09:12:40
1661764360330250000,69.5,2,69.4,6,69.5,4,1,2022-08-29 09:12:40
1661764360365805000,69.5,1,69.4,6,69.5,1,1,2022-08-29 09:12:40
1661764360608811000,69.5,1,69.4,6,69.7,11,1,2022-08-29 09:12:40
1661764360608811000,69.6,3,69.4,6,69.7,11,1,2022-08-29 09:12:40
1661764360608811000,69.7,1,69.4,6,69.7,11,1,2022-08-29 09:12:40
1661764361086435000,69.5,1,69.4,6,69.5,4,1,2022-08-29 09:12:41
1661764361132880000,69.5,4,69.4,6,69.7,10,1,2022-08-29 09:12:41
1661764361132880000,69.7,1,69.4,6,69.7,10,1,2022-08-29 09:12:41
1661764361211470000,69.4,1,69.4,6,69.5,5,2,2022-08-29 09:12:41
1661764361663272000,69.4,1,69.4,5,69.7,10,2,2022-08-29 09:12:41
1661764363486430000,69.7,1,69.5,2,69.7,9,1,2022-08-29 09:12:43
1661764364074932000,69.5,1,69.5,1,69.7,9,2,2022-08-29 09:12:44
1661764364631033000,69.5,1,69.5,3,69.7,9,2,2022-08-29 09:12:44
1661764365343127000,69.5,2,69.5,2,69.7,9,2,2022-08-29 09:12:45
1661764368933287000,69.5,1,69.4,14,69.5,2,1,2022-08-29 09:12:48
1661764369258881000,69.5,2,69.4,14,69.6,4,1,2022-08-29 09:12:49
1661764369396021000,69.4,1,69.4,13,69.6,4,2,2022-08-29 09:12:49
1661764369989161000,69.5,3,69.4,13,69.5,2,2,2022-08-29 09:12:49
1661764370202990000,69.5,3,69.4,13,69.5,3,1,2022-08-29 09:12:50
1661764370202990000,69.6,2,69.4,13,69.5,3,1,2022-08-29 09:12:50
1661764370547734000,69.4,2,69.4,6,69.6,2,2,2022-08-29 09:12:50
1661764371052252000,69.6,1,69.5,1,69.6,2,1,2022-08-29 09:12:51
1661764372704221000,69.5,2,69.5,4,69.6,2,2,2022-08-29 09:12:52
1661764372719253000,69.5,1,69.5,3,69.6,2,2,2022-08-29 09:12:52
1661764373187827000,69.5,1,69.5,2,69.6,2,2,2022-08-29 09:12:53
1661764373915199000,69.5,1,69.5,2,69.6,3,2,2022-08-29 09:12:53
