ts,close,volume,bid_price,bid_volume,ask_price,ask_volume,tick_type,datetime
1646816409213904000,43.0,429,42.95,27,43.0,16,2,2022-03-09 09:00:09
1646816409248016000,42.95,1,42.95,26,43.0,16,2,2022-03-09 09:00:09
1646816409299835000,42.95,1,42.95,25,43.0,16,2,2022-03-09 09:00:09
1646816409301595000,42.95,3,42.95,22,43.0,16,2,2022-03-09 09:00:09
1646816409344496000,42.95,16,42.95,6,43.0,17,2,2022-03-09 09:00:09
1646816409426669000,43.0,1,42.95,6,43.0,16,1,2022-03-09 09:00:09
1646816409696357000,43.0,1,42.95,6,43.0,15,1,2022-03-09 09:00:09
1646816409813738000,43.0,15,43.0,5,43.1,32,1,2022-03-09 09:00:09
1646816410710009000,43.1,32,43.0,8,43.35,1,1,2022-03-09 09:00:10
1646816411135021000,43.35,1,43.05,9,43.4,2,1,2022-03-09 09:00:11
1646816411999471000,43.4,2,43.25,3,43.5,6,1,2022-03-09 09:00:11
1646816412453586000,43.5,6,43.25,3,43.75,7,1,2022-03-09 09:00:12
1646816412453586000,43.6,4,43.25,3,43.75,7,1,2022-03-09 09:00:12
1646816415796869000,43.7,1,43.55,3,43.75,4,1,2022-03-09 09:00:15
1646816415796869000,43.75,1,43.55,3,43.75,4,1,2022-03-09 09:00:15
1646816416592247000,43.75,1,43.55,3,43.75,3,1,2022-03-09 09:00:16
1646816416762244000,43.75,1,43.55,3,43.75,2,1,2022-03-09 09:00:16
1646816416999483000,43.75,1,43.55,3,43.75,1,1,2022-03-09 09:00:16
1646816417202120000,43.75,1,43.55,3,43.95,134,1,2022-03-09 09:00:17
1646816417202120000,43.95,4,43.55,3,43.95,134,1,2022-03-09 09:00:17
1646816418281456000,43.95,2,43.55,3,43.95,132,1,2022-03-09 09:00:18
1646816418708742000,43.95,5,43.55,3,43.95,127,1,2022-03-09 09:00:18
1646816419092925000,43.9,1,43.75,1,43.95,127,1,2022-03-09 09:00:19
1646816419319825000,43.95,3,43.85,1,43.95,124,1,2022-03-09 09:00:19
1646816419333307000,43.95,3,43.85,1,43.95,121,1,2022-03-09 09:00:19
1646816419333338000,43.95,1,43.85,1,43.95,120,1,2022-03-09 09:00:19
1646816419460051000,43.95,10,43.85,1,43.95,110,1,2022-03-09 09:00:19
1646816419743871000,43.95,2,43.85,1,43.95,108,1,2022-03-09 09:00:19
1646816420356141000,43.95,5,43.85,1,43.95,103,1,2022-03-09 09:00:20
1646816420575432000,43.95,5,43.85,1,43.95,98,1,2022-03-09 09:00:20
1646816420768199000,43.95,3,43.85,1,43.95,95,1,2022-03-09 09:00:20
1646816420770131000,43.95,1,43.85,1,43.95,94,1,2022-03-09 09:00:20
1646816420799154000,43.95,10,43.85,1,43.95,84,1,2022-03-09 09:00:20
1646816420929103000,43.95,10,43.85,1,43.95,74,1,2022-03-09 09:00:20
1646816421026340000,43.95,5,43.85,1,43.95,69,1,2022-03-09 09:00:21
1646816421196206000,43.95,1,43.85,1,43.95,68,1,2022-03-09 09:00:21
1646816421244524000,43.85,1,43.75,2,43.95,69,2,2022-03-09 09:00:21
1646816421855725000,43.9,2,43.75,2,43.95,67,1,2022-03-09 09:00:21
1646816421855725000,43.95,1,43.75,2,43.95,67,1,2022-03-09 09:00:21
1646816422291212000,43.95,10,43.75,2,43.95,57,1,2022-03-09 09:00:22
1646816422401886000,43.95,2,43.75,2,43.95,55,1,2022-03-09 09:00:22
1646816422449903000,43.75,2,43.65,5,43.95,55,2,2022-03-09 09:00:22
1646816422449903000,43.65,1,43.65,5,43.95,55,2,2022-03-09 09:00:22
1646816422895577000,43.9,1,43.65,5,43.95,53,1,2022-03-09 09:00:22
1646816422895577000,43.95,2,43.65,5,43.95,53,1,2022-03-09 09:00:22
1646816423183482000,43.95,5,43.7,1,43.95,48,1,2022-03-09 09:00:23
1646816423893893000,43.8,5,43.85,5,43.95,48,1,2022-03-09 09:00:23
1646816424242874000,43.95,1,43.85,5,43.95,47,1,2022-03-09 09:00:24
1646816424350567000,43.85,1,43.85,4,43.95,48,2,2022-03-09 09:00:24
1646816424657103000,43.95,10,43.85,4,43.95,38,1,2022-03-09 09:00:24
1646816424712879000,43.95,10,43.85,4,43.95,28,1,2022-03-09 09:00:24
1646816424743336000,43.95,15,43.85,4,43.95,13,1,2022-03-09 09:00:24
1646816424774444000,43.95,1,43.85,4,43.95,12,1,2022-03-09 09:00:24
1646816425652564000,43.9,1,43.85,4,43.9,4,1,2022-03-09 09:00:25
1646816425660715000,43.85,1,43.85,3,43.9,5,2,2022-03-09 09:00:25
1646816425863963000,43.9,1,43.85,3,43.9,5,1,2022-03-09 09:00:25
1646816426100843000,43.9,1,43.85,3,43.9,4,1,2022-03-09 09:00:26
1646816426379444000,43.9,1,43.85,4,43.9,3,1,2022-03-09 09:00:26
1646816426676777000,43.9,1,43.85,4,43.9,2,1,2022-03-09 09:00:26
1646816426817505000,43.9,2,43.85,4,43.95,16,1,2022-03-09 09:00:26
1646816426852307000,43.85,3,43.85,1,43.95,16,2,2022-03-09 09:00:26
1646816426888393000,43.85,1,43.75,10,43.95,16,2,2022-03-09 09:00:26
1646816426926395000,43.95,7,43.75,10,43.95,9,1,2022-03-09 09:00:26
1646816427030555000,43.95,8,43.75,10,43.95,1,1,2022-03-09 09:00:27
1646816427097745000,43.95,1,43.75,10,44.0,47,1,2022-03-09 09:00:27
1646816427201288000,44.0,9,43.95,5,44.0,39,1,2022-03-09 09:00:27
1646816427727279000,43.95,1,43.95,4,44.0,39,2,2022-03-09 09:00:27
1646816428278163000,44.0,5,43.95,7,44.0,34,1,2022-03-09 09:00:28
1646816428665252000,44.0,1,43.95,7,44.0,33,1,2022-03-09 09:00:28
1646816428714113000,44.0,5,43.95,7,44.0,28,1,2022-03-09 09:00:28
1646816428715465000,44.0,1,43.95,7,44.0,27,1,2022-03-09 09:00:28
1646816428753012000,43.95,1,43.95,6,44.0,27,2,2022-03-09 09:00:28
1646816428817322000,44.0,1,43.95,6,44.0,26,1,2022-03-09 09:00:28
1646816428872063000,43.95,5,43.95,1,44.0,26,2,2022-03-09 09:00:28
1646816429235893000,44.0,1,43.95,2,44.0,25,1,2022-03-09 09:00:29
1646816429853298000,44.0,26,43.95,2,44.2,3,1,2022-03-09 09:00:29
1646816429853298000,44.05,2,43.95,2,44.2,3,1,2022-03-09 09:00:29
1646816429853298000,44.1,21,43.95,2,44.2,3,1,2022-03-09 09:00:29
1646816429853298000,44.2,11,43.95,2,44.2,3,1,2022-03-09 09:00:29
1646816430188902000,44.2,2,44.0,6,44.2,1,1,2022-03-09 09:00:30
1646816430211257000,44.2,1,44.0,6,44.3,12,1,2022-03-09 09:00:30
1646816430249233000,44.0,6,44.0,1,44.3,12,2,2022-03-09 09:00:30
1646816430341729000,44.0,1,43.95,9,44.25,5,2,2022-03-09 09:00:30
1646816430341729000,43.95,1,43.95,9,44.25,5,2,2022-03-09 09:00:30
1646816430345383000,44.25,3,43.95,9,44.25,2,1,2022-03-09 09:00:30
1646816430835584000,44.2,1,44.0,8,44.25,1,1,2022-03-09 09:00:30
1646816430835584000,44.25,1,44.0,8,44.25,1,1,2022-03-09 09:00:30
1646816431304905000,44.25,1,44.05,1,44.5,8,1,2022-03-09 09:00:31
1646816431304905000,44.3,12,44.05,1,44.5,8,1,2022-03-09 09:00:31
1646816431304905000,44.4,3,44.05,1,44.5,8,1,2022-03-09 09:00:31
1646816431304905000,44.45,1,44.05,1,44.5,8,1,2022-03-09 09:00:31
1646816431304905000,44.5,3,44.05,1,44.5,8,1,2022-03-09 09:00:31
1646816431336915000,44.05,1,44.0,11,44.5,7,2,2022-03-09 09:00:31
1646816431384673000,44.5,7,44.0,11,44.6,3,1,2022-03-09 09:00:31
1646816431771034000,44.1,3,44.0,8,44.6,4,2,2022-03-09 09:00:31
1646816431771034000,44.05,4,44.0,8,44.6,4,2,2022-03-09 09:00:31
1646816431771034000,44.0,3,44.0,8,44.6,4,2,2022-03-09 09:00:31
1646816433070467000,44.4,1,44.1,1,44.45,1,2,2022-03-09 09:00:33
1646816433070467000,44.1,2,44.1,1,44.45,1,2,2022-03-09 09:00:33
1646816434008951000,44.4,1,44.25,1,44.4,5,1,2022-03-09 09:00:34
1646816434709772000,44.35,5,44.25,4,44.35,1,1,2022-03-09 09:00:34
1646816435525834000,44.35,7,44.25,4,44.55,11,1,2022-03-09 09:00:35
1646816435525834000,44.4,5,44.25,4,44.55,11,1,2022-03-09 09:00:35
1646816435525834000,44.45,1,44.25,4,44.55,11,1,2022-03-09 09:00:35
1646816435971625000,44.45,0,0.0,0,0.0,0,1,2022-03-09 09:00:35
1646816556434086000,44.85,355,44.85,54,44.9,5,1,2022-03-09 09:02:36
1646816556472339000,44.9,5,44.85,54,44.95,14,1,2022-03-09 09:02:36
1646816556473012000,44.85,4,44.85,50,44.95,14,2,2022-03-09 09:02:36
1646816556489181000,44.95,8,44.85,50,44.95,6,1,2022-03-09 09:02:36
1646816556545055000,44.95,2,44.9,1,44.95,4,1,2022-03-09 09:02:36
1646816556631002000,44.9,1,44.85,49,44.95,4,2,2022-03-09 09:02:36
1646816556631002000,44.85,1,44.85,49,44.95,4,2,2022-03-09 09:02:36
1646816556646368000,44.95,4,44.85,49,45.0,54,1,2022-03-09 09:02:36
1646816556646368000,45.0,1,44.85,49,45.0,54,1,2022-03-09 09:02:36
1646816556651213000,44.85,1,44.85,48,45.0,54,2,2022-03-09 09:02:36
1646816556678824000,45.0,5,44.85,48,45.0,49,1,2022-03-09 09:02:36
1646816556721089000,44.85,3,44.85,45,45.0,49,2,2022-03-09 09:02:36
1646816556740510000,44.85,3,44.85,42,45.0,49,2,2022-03-09 09:02:36
1646816556752699000,44.85,3,44.85,39,45.0,49,2,2022-03-09 09:02:36
1646816556775085000,44.85,2,44.85,37,45.0,49,2,2022-03-09 09:02:36
1646816556776012000,44.85,3,44.85,34,45.0,49,2,2022-03-09 09:02:36
1646816556783771000,45.0,1,44.85,34,45.0,48,1,2022-03-09 09:02:36
1646816556858831000,44.85,2,44.85,32,45.0,48,2,2022-03-09 09:02:36
1646816556915689000,44.85,2,44.85,30,45.0,48,2,2022-03-09 09:02:36
1646816557580311000,45.0,3,44.85,30,45.0,49,1,2022-03-09 09:02:37
1646816557925545000,45.0,2,44.9,3,45.0,47,1,2022-03-09 09:02:37
1646816558459670000,44.9,2,44.9,5,45.0,47,2,2022-03-09 09:02:38
1646816558571267000,45.0,2,44.9,5,45.0,45,1,2022-03-09 09:02:38
1646816558775950000,45.0,10,44.9,1,45.0,35,1,2022-03-09 09:02:38
1646816558844623000,45.0,2,44.9,1,45.0,33,1,2022-03-09 09:02:38
1646816559076406000,44.95,3,44.9,5,44.95,1,1,2022-03-09 09:02:39
1646816559260886000,44.95,1,44.9,5,45.0,33,1,2022-03-09 09:02:39
1646816559626384000,45.0,10,44.95,1,45.0,23,1,2022-03-09 09:02:39
1646816559895390000,45.0,5,44.95,1,45.0,18,1,2022-03-09 09:02:39
1646816559955174000,44.95,1,44.9,8,44.95,3,2,2022-03-09 09:02:39
1646816560152463000,44.95,3,44.9,8,45.0,18,1,2022-03-09 09:02:40
1646816560430404000,45.0,1,44.9,5,45.0,23,1,2022-03-09 09:02:40
1646816560435404000,45.0,8,44.9,5,45.0,15,1,2022-03-09 09:02:40
1646816560464222000,45.0,4,44.9,5,45.0,11,1,2022-03-09 09:02:40
1646816560533167000,45.0,2,44.9,5,45.0,9,1,2022-03-09 09:02:40
1646816560556346000,45.0,9,44.9,5,45.2,6,1,2022-03-09 09:02:40
1646816560857830000,44.95,5,44.95,1,45.2,6,2,2022-03-09 09:02:40
1646816561087781000,45.15,8,44.95,5,45.2,4,1,2022-03-09 09:02:41
1646816561087781000,45.2,2,44.95,5,45.2,4,1,2022-03-09 09:02:41
1646816561090748000,45.2,2,44.95,5,45.2,2,1,2022-03-09 09:02:41
1646816561240861000,45.15,6,45.0,1,45.2,2,1,2022-03-09 09:02:41
1646816561401293000,45.15,2,45.0,1,45.65,6,1,2022-03-09 09:02:41
1646816561401293000,45.2,2,45.0,1,45.65,6,1,2022-03-09 09:02:41
1646816561401293000,45.25,5,45.0,1,45.65,6,1,2022-03-09 09:02:41
1646816561401293000,45.3,14,45.0,1,45.65,6,1,2022-03-09 09:02:41
1646816561401293000,45.4,1,45.0,1,45.65,6,1,2022-03-09 09:02:41
1646816561401293000,45.5,8,45.0,1,45.65,6,1,2022-03-09 09:02:41
1646816561401293000,45.55,2,45.0,1,45.65,6,1,2022-03-09 09:02:41
1646816561401293000,45.6,4,45.0,1,45.65,6,1,2022-03-09 09:02:41
1646816561401293000,45.65,2,45.0,1,45.65,6,1,2022-03-09 09:02:41
1646816561446271000,45.65,6,45.05,2,45.7,3,1,2022-03-09 09:02:41
1646816561446271000,45.7,1,45.05,2,45.7,3,1,2022-03-09 09:02:41
1646816561450929000,45.7,3,45.05,2,45.8,8,1,2022-03-09 09:02:41
1646816561450929000,45.8,1,45.05,2,45.8,8,1,2022-03-09 09:02:41
1646816561850179000,45.6,4,45.15,9,45.8,7,1,2022-03-09 09:02:41
1646816561850179000,45.8,1,45.15,9,45.8,7,1,2022-03-09 09:02:41
1646816561889487000,45.15,2,45.15,7,45.8,7,2,2022-03-09 09:02:41
1646816561999861000,45.2,1,45.2,1,45.8,7,2,2022-03-09 09:02:41
1646816562301145000,45.75,1,45.25,1,45.75,1,1,2022-03-09 09:02:42
1646816562369442000,45.75,1,45.25,1,45.8,7,1,2022-03-09 09:02:42
1646816562660118000,45.35,1,45.35,5,45.8,7,2,2022-03-09 09:02:42
1646816562987993000,45.35,3,45.35,1,45.75,2,2,2022-03-09 09:02:42
1646816563019021000,45.35,1,45.25,8,45.75,2,2,2022-03-09 09:02:43
1646816563031124000,45.75,2,45.8,1,45.85,2,1,2022-03-09 09:02:43
1646816563031124000,45.8,7,45.8,1,45.85,2,1,2022-03-09 09:02:43
1646816563049782000,45.8,1,45.3,4,45.85,2,2,2022-03-09 09:02:43
1646816563098977000,45.3,2,45.3,7,45.75,3,2,2022-03-09 09:02:43
1646816563135726000,45.3,1,45.3,1,45.75,5,2,2022-03-09 09:02:43
1646816563230828000,45.3,1,45.2,2,45.75,5,2,2022-03-09 09:02:43
1646816563230828000,45.25,8,45.2,2,45.75,5,2,2022-03-09 09:02:43
1646816563230828000,45.2,1,45.2,2,45.75,5,2,2022-03-09 09:02:43
1646816563250825000,45.2,1,45.2,1,45.75,5,2,2022-03-09 09:02:43
1646816563350402000,45.7,5,45.3,4,45.7,7,1,2022-03-09 09:02:43
1646816563905635000,45.7,1,45.35,4,45.7,11,1,2022-03-09 09:02:43
1646816564160459000,45.6,1,45.35,4,45.6,1,1,2022-03-09 09:02:44
1646816564170802000,45.6,1,45.35,4,45.65,5,1,2022-03-09 09:02:44
1646816564170802000,45.65,1,45.35,4,45.65,5,1,2022-03-09 09:02:44
1646816564254402000,45.35,1,45.35,3,45.6,3,2,2022-03-09 09:02:44
1646816564286278000,45.35,3,45.15,5,45.6,3,2,2022-03-09 09:02:44
1646816564469500000,45.15,1,45.15,2,45.6,3,2,2022-03-09 09:02:44
1646816564831331000,45.4,1,45.2,5,45.4,1,2,2022-03-09 09:02:44
1646816565034395000,45.4,1,45.2,5,45.5,6,1,2022-03-09 09:02:45
1646816565574673000,45.2,3,45.2,2,45.5,20,2,2022-03-09 09:02:45
1646816565656215000,45.5,5,45.2,2,45.5,16,1,2022-03-09 09:02:45
1646816565662663000,45.2,2,45.15,1,45.5,16,2,2022-03-09 09:02:45
1646816565747669000,45.5,2,45.15,1,45.5,14,1,2022-03-09 09:02:45
1646816566035379000,45.15,1,45.1,2,45.4,5,2,2022-03-09 09:02:46
1646816566325974000,45.2,1,45.1,2,45.4,6,2,2022-03-09 09:02:46
1646816566524634000,45.2,1,45.1,2,45.3,5,2,2022-03-09 09:02:46
1646816566625298000,45.3,2,45.1,2,45.3,3,1,2022-03-09 09:02:46
1646816566630145000,45.3,3,45.3,1,45.4,20,1,2022-03-09 09:02:46
1646816566659614000,45.3,1,45.15,1,45.4,20,2,2022-03-09 09:02:46
1646816566805177000,45.35,1,45.15,1,45.4,20,2,2022-03-09 09:02:46
1646816566820420000,45.4,2,45.15,1,45.4,18,1,2022-03-09 09:02:46
1646816566880308000,45.15,1,45.1,2,45.4,18,2,2022-03-09 09:02:46
1646816566917243000,45.35,1,45.1,2,45.35,1,1,2022-03-09 09:02:46
1646816567095649000,45.35,6,45.2,3,45.35,5,1,2022-03-09 09:02:47
1646816567446699000,45.3,1,45.2,3,45.3,5,1,2022-03-09 09:02:47
1646816567585897000,45.2,3,45.1,2,45.3,8,2,2022-03-09 09:02:47
1646816567586988000,45.3,1,45.1,2,45.3,7,1,2022-03-09 09:02:47
1646816567630599000,45.3,6,45.1,2,45.3,1,1,2022-03-09 09:02:47
1646816567831457000,45.2,1,45.1,2,45.3,5,2,2022-03-09 09:02:47
1646816568265426000,45.1,2,45.05,3,45.2,7,2,2022-03-09 09:02:48
1646816568669780000,45.15,1,45.05,3,45.2,7,1,2022-03-09 09:02:48
1646816568802088000,45.15,1,45.05,3,45.15,4,1,2022-03-09 09:02:48
1646816568805254000,45.15,3,45.05,3,45.15,1,1,2022-03-09 09:02:48
1646816568890490000,45.15,1,45.05,3,45.15,4,1,2022-03-09 09:02:48
1646816569039477000,45.15,1,45.05,3,45.15,3,1,2022-03-09 09:02:49
1646816569044412000,45.15,1,45.05,3,45.15,2,1,2022-03-09 09:02:49
1646816569127434000,45.1,1,45.05,3,45.1,3,1,2022-03-09 09:02:49
1646816569148743000,45.1,3,45.05,3,45.15,2,1,2022-03-09 09:02:49
1646816569148743000,45.15,2,45.05,3,45.15,2,1,2022-03-09 09:02:49
1646816569214753000,45.15,1,45.05,3,45.15,1,1,2022-03-09 09:02:49
1646816569235977000,45.15,1,45.05,3,45.2,7,1,2022-03-09 09:02:49
1646816569235977000,45.2,4,45.05,3,45.2,7,1,2022-03-09 09:02:49
1646816569305033000,45.05,1,45.05,2,45.15,2,2,2022-03-09 09:02:49
1646816569473162000,45.15,2,45.05,2,45.2,5,1,2022-03-09 09:02:49
1646816569473162000,45.2,1,45.05,2,45.2,5,1,2022-03-09 09:02:49
1646816569553131000,45.15,3,45.15,1,45.2,3,2,2022-03-09 09:02:49
1646816569628743000,45.15,1,45.05,2,45.2,3,2,2022-03-09 09:02:49
1646816569667360000,45.2,3,45.05,2,45.25,7,1,2022-03-09 09:02:49
1646816569743539000,45.25,1,45.05,2,45.25,6,1,2022-03-09 09:02:49
1646816569804280000,45.25,1,45.05,2,45.25,5,1,2022-03-09 09:02:49
1646816569912249000,45.25,5,45.35,30,45.4,33,1,2022-03-09 09:02:49
1646816569912249000,45.3,1,45.35,30,45.4,33,1,2022-03-09 09:02:49
1646816569912249000,45.35,4,45.35,30,45.4,33,1,2022-03-09 09:02:49
1646816569927943000,45.4,1,45.35,30,45.4,32,1,2022-03-09 09:02:49
1646816569949604000,45.35,1,45.35,29,45.4,32,2,2022-03-09 09:02:49
1646816570056163000,45.35,5,45.35,24,45.4,32,2,2022-03-09 09:02:50
1646816570095423000,45.35,12,45.35,12,45.4,32,2,2022-03-09 09:02:50
1646816570125664000,45.35,1,45.35,11,45.4,32,2,2022-03-09 09:02:50
1646816570216096000,45.35,1,45.35,11,45.4,27,2,2022-03-09 09:02:50
1646816570320036000,45.35,2,45.35,9,45.4,27,2,2022-03-09 09:02:50
1646816570526813000,45.35,1,45.35,9,45.4,27,2,2022-03-09 09:02:50
1646816570554685000,45.4,1,45.35,9,45.4,26,1,2022-03-09 09:02:50
1646816570617534000,45.35,3,45.35,6,45.4,26,2,2022-03-09 09:02:50
1646816570647340000,45.35,1,45.35,5,45.4,26,2,2022-03-09 09:02:50
1646816570731524000,45.35,1,45.35,4,45.4,27,2,2022-03-09 09:02:50
1646816570819587000,45.35,2,45.35,2,45.4,27,2,2022-03-09 09:02:50
1646816570837756000,45.35,1,45.35,1,45.4,27,2,2022-03-09 09:02:50
1646816571165193000,45.4,1,45.35,1,45.4,31,1,2022-03-09 09:02:51
1646816571539538000,45.35,1,45.35,5,45.4,31,2,2022-03-09 09:02:51
1646816571822378000,45.4,3,45.35,6,45.4,23,1,2022-03-09 09:02:51
1646816571950138000,45.35,5,45.35,1,45.4,24,2,2022-03-09 09:02:51
1646816571988703000,45.4,4,45.35,1,45.4,20,1,2022-03-09 09:02:51
1646816572190354000,45.4,2,45.35,1,45.4,18,1,2022-03-09 09:02:52
1646816572243586000,45.4,8,45.35,1,45.4,10,1,2022-03-09 09:02:52
1646816572273857000,45.4,5,45.35,1,45.4,5,1,2022-03-09 09:02:52
1646816572276119000,45.35,1,45.3,1,45.4,5,2,2022-03-09 09:02:52
1646816572376781000,45.4,2,45.3,1,45.4,3,1,2022-03-09 09:02:52
1646816572406623000,45.4,3,45.3,1,45.45,3,1,2022-03-09 09:02:52
1646816572553275000,45.4,1,45.35,1,45.45,7,2,2022-03-09 09:02:52
1646816573053399000,45.45,1,45.4,4,45.45,6,1,2022-03-09 09:02:53
1646816573090488000,45.45,5,45.4,4,45.45,1,1,2022-03-09 09:02:53
1646816573131199000,45.45,1,45.4,4,45.5,2,1,2022-03-09 09:02:53
1646816573272246000,45.4,4,45.35,2,45.5,2,2,2022-03-09 09:02:53
1646816573272246000,45.35,1,45.35,2,45.5,2,2,2022-03-09 09:02:53
1646816573400924000,45.5,1,45.4,10,45.5,1,1,2022-03-09 09:02:53
1646816573438231000,45.5,1,45.4,10,45.55,5,1,2022-03-09 09:02:53
1646816573596397000,45.4,2,45.4,9,45.55,5,2,2022-03-09 09:02:53
1646816573608519000,45.55,1,45.4,9,45.55,4,1,2022-03-09 09:02:53
1646816573718965000,45.55,1,45.4,9,45.55,3,1,2022-03-09 09:02:53
1646816573933519000,45.55,1,45.4,14,45.55,3,1,2022-03-09 09:02:53
1646816573954193000,45.4,1,45.4,13,45.55,3,2,2022-03-09 09:02:53
1646816574185614000,45.45,2,45.45,3,45.55,3,2,2022-03-09 09:02:54
1646816574492951000,45.55,1,45.45,8,45.55,2,1,2022-03-09 09:02:54
1646816574521506000,45.55,2,45.45,8,45.6,4,1,2022-03-09 09:02:54
1646816574568144000,45.6,1,45.45,8,45.6,3,1,2022-03-09 09:02:54
1646816574592931000,45.6,3,45.45,8,45.7,4,1,2022-03-09 09:02:54
1646816574914045000,45.45,2,45.45,6,45.7,2,2,2022-03-09 09:02:54
1646816574983934000,45.45,1,45.45,5,45.65,1,2,2022-03-09 09:02:54
1646816575194316000,45.65,1,45.5,2,45.8,9,1,2022-03-09 09:02:55
1646816575194316000,45.7,2,45.5,2,45.8,9,1,2022-03-09 09:02:55
1646816575194316000,45.75,1,45.5,2,45.8,9,1,2022-03-09 09:02:55
1646816575266167000,45.55,1,45.45,12,45.8,9,2,2022-03-09 09:02:55
1646816575266167000,45.5,2,45.45,12,45.8,9,2,2022-03-09 09:02:55
1646816575304011000,45.65,1,45.5,5,45.8,9,2,2022-03-09 09:02:55
1646816575320347000,45.75,1,45.5,5,45.85,2,1,2022-03-09 09:02:55
1646816575320347000,45.8,9,45.5,5,45.85,2,1,2022-03-09 09:02:55
1646816575397868000,45.85,2,45.5,6,45.95,1,1,2022-03-09 09:02:55
1646816575538297000,45.95,1,45.5,12,46.0,74,1,2022-03-09 09:02:55
1646816575939046000,46.0,1,45.6,6,46.0,75,1,2022-03-09 09:02:55
1646816576540574000,45.75,2,45.7,4,45.75,8,1,2022-03-09 09:02:56
1646816576557255000,45.7,4,45.6,7,45.75,8,2,2022-03-09 09:02:56
1646816576557255000,45.6,1,45.6,7,45.75,8,2,2022-03-09 09:02:56
1646816576592698000,45.6,1,45.6,6,45.75,8,2,2022-03-09 09:02:56
1646816576617920000,45.75,1,45.6,6,45.75,7,1,2022-03-09 09:02:56
1646816576699932000,45.75,1,45.7,2,45.75,6,1,2022-03-09 09:02:56
1646816577351707000,45.75,2,45.7,2,45.75,4,1,2022-03-09 09:02:57
1646816577395988000,45.75,1,45.7,2,45.75,3,1,2022-03-09 09:02:57
1646816577410692000,45.7,1,45.7,1,45.75,3,2,2022-03-09 09:02:57
1646816577444891000,45.75,3,45.7,1,45.9,3,1,2022-03-09 09:02:57
1646816577444891000,45.8,1,45.7,1,45.9,3,1,2022-03-09 09:02:57
1646816577444891000,45.9,1,45.7,1,45.9,3,1,2022-03-09 09:02:57
1646816577542894000,45.7,1,45.7,5,45.9,5,2,2022-03-09 09:02:57
1646816577581059000,45.9,1,45.7,5,45.9,4,1,2022-03-09 09:02:57
1646816577629899000,45.9,1,45.7,5,45.9,3,1,2022-03-09 09:02:57
1646816577698736000,45.85,1,45.65,5,45.9,3,1,2022-03-09 09:02:57
1646816577780413000,45.9,3,45.7,5,45.95,3,1,2022-03-09 09:02:57
1646816577780413000,45.95,2,45.7,5,45.95,3,1,2022-03-09 09:02:57
1646816577792081000,45.95,1,45.7,5,45.95,2,1,2022-03-09 09:02:57
1646816577800180000,45.95,1,45.7,5,45.95,1,1,2022-03-09 09:02:57
1646816578011224000,45.9,2,45.7,6,46.0,71,1,2022-03-09 09:02:58
1646816578011224000,45.95,2,45.7,6,46.0,71,1,2022-03-09 09:02:58
1646816578011224000,46.0,2,45.7,6,46.0,71,1,2022-03-09 09:02:58
1646816578116884000,45.85,1,45.75,1,46.0,71,1,2022-03-09 09:02:58
1646816578117099000,46.0,1,45.75,1,46.0,70,1,2022-03-09 09:02:58
1646816578217029000,45.9,2,45.75,1,46.0,69,1,2022-03-09 09:02:58
1646816578217029000,46.0,1,45.75,1,46.0,69,1,2022-03-09 09:02:58
1646816578954235000,45.9,1,45.85,2,46.0,70,1,2022-03-09 09:02:58
1646816579085705000,46.0,10,45.85,4,46.0,60,1,2022-03-09 09:02:59
1646816579339950000,46.0,3,45.85,4,46.0,57,1,2022-03-09 09:02:59
1646816579345586000,46.0,1,45.85,4,46.0,56,1,2022-03-09 09:02:59
1646816579372056000,46.0,5,45.85,4,46.0,51,1,2022-03-09 09:02:59
1646816579373276000,46.0,2,45.85,4,46.0,49,1,2022-03-09 09:02:59
1646816579500397000,46.0,2,45.85,2,46.0,47,1,2022-03-09 09:02:59
1646816579616828000,46.0,1,45.85,2,46.0,46,1,2022-03-09 09:02:59
1646816579648337000,46.0,1,45.85,2,46.0,45,1,2022-03-09 09:02:59
1646816579710845000,46.0,1,45.95,1,46.0,44,1,2022-03-09 09:02:59
1646816579745630000,45.95,1,45.85,2,46.0,44,2,2022-03-09 09:02:59
1646816579783402000,46.0,1,45.85,2,46.0,43,1,2022-03-09 09:02:59
1646816579951161000,45.95,1,45.85,2,46.0,35,1,2022-03-09 09:02:59
1646816579951161000,46.0,9,45.85,2,46.0,35,1,2022-03-09 09:02:59
1646816580135237000,46.0,1,45.85,2,46.0,34,1,2022-03-09 09:03:00
1646816580205021000,46.0,34,45.85,2,46.5,5,1,2022-03-09 09:03:00
1646816580205021000,46.05,1,45.85,2,46.5,5,1,2022-03-09 09:03:00
1646816580205021000,46.2,3,45.85,2,46.5,5,1,2022-03-09 09:03:00
1646816580205021000,46.25,4,45.85,2,46.5,5,1,2022-03-09 09:03:00
1646816580205021000,46.3,1,45.85,2,46.5,5,1,2022-03-09 09:03:00
1646816580205021000,46.4,1,45.85,2,46.5,5,1,2022-03-09 09:03:00
1646816580266582000,45.9,2,45.85,2,46.5,5,2,2022-03-09 09:03:00
1646816580478345000,45.95,1,45.85,2,45.95,4,1,2022-03-09 09:03:00
1646816580508522000,45.95,1,45.85,2,45.95,3,1,2022-03-09 09:03:00
1646816580543635000,45.95,2,45.9,4,45.95,1,1,2022-03-09 09:03:00
1646816580629596000,45.95,2,45.9,4,46.0,2,1,2022-03-09 09:03:00
1646816580639967000,46.0,1,45.9,4,46.0,1,1,2022-03-09 09:03:00
1646816580671458000,45.9,4,45.9,5,46.0,1,2,2022-03-09 09:03:00
1646816580763461000,46.0,1,45.9,5,46.05,1,1,2022-03-09 09:03:00
1646816580763461000,46.05,1,45.9,5,46.05,1,1,2022-03-09 09:03:00
1646816580927082000,46.05,3,46.0,4,46.45,2,1,2022-03-09 09:03:00
1646816581059569000,46.05,5,46.05,2,46.45,2,2,2022-03-09 09:03:01
1646816581125136000,46.4,4,46.05,3,46.4,1,1,2022-03-09 09:03:01
1646816581167580000,46.05,1,46.05,2,46.4,1,2,2022-03-09 09:03:01
1646816581212609000,46.05,2,46.0,7,46.4,7,2,2022-03-09 09:03:01
1646816581212609000,46.0,3,46.0,7,46.4,7,2,2022-03-09 09:03:01
1646816581303702000,46.4,1,46.15,1,46.4,6,1,2022-03-09 09:03:01
1646816581354953000,46.4,1,46.15,1,46.4,5,1,2022-03-09 09:03:01
1646816581451332000,46.15,1,46.05,2,46.4,4,2,2022-03-09 09:03:01
1646816581451332000,46.05,3,46.05,2,46.4,4,2,2022-03-09 09:03:01
1646816581495794000,46.05,4,46.05,3,46.4,4,2,2022-03-09 09:03:01
1646816581560402000,46.35,1,46.05,3,46.35,4,1,2022-03-09 09:03:01
1646816581562412000,46.05,3,46.0,7,46.35,4,2,2022-03-09 09:03:01
1646816581562412000,46.0,1,46.0,7,46.35,4,2,2022-03-09 09:03:01
1646816581566101000,46.0,4,46.0,3,46.35,4,2,2022-03-09 09:03:01
1646816581592839000,46.0,3,45.9,7,46.35,4,2,2022-03-09 09:03:01
1646816581592839000,45.95,1,45.9,7,46.35,4,2,2022-03-09 09:03:01
1646816581797711000,45.95,1,45.9,7,46.35,6,2,2022-03-09 09:03:01
1646816581797711000,45.9,1,45.9,7,46.35,6,2,2022-03-09 09:03:01
1646816581800248000,46.35,1,45.9,7,46.35,5,1,2022-03-09 09:03:01
1646816581943684000,46.0,1,46.1,1,46.3,1,1,2022-03-09 09:03:01
1646816581976501000,46.1,1,46.1,1,46.3,1,2,2022-03-09 09:03:01
1646816582346102000,46.15,2,46.15,3,46.3,8,2,2022-03-09 09:03:02
1646816582376107000,46.15,3,46.1,1,46.3,8,2,2022-03-09 09:03:02
1646816582408104000,46.1,1,46.0,44,46.3,8,2,2022-03-09 09:03:02
1646816582408104000,46.0,2,46.0,44,46.3,8,2,2022-03-09 09:03:02
1646816582473954000,46.3,3,46.0,44,46.3,5,1,2022-03-09 09:03:02
1646816582619001000,46.0,1,46.0,49,46.3,7,2,2022-03-09 09:03:02
1646816582890552000,46.0,10,46.0,39,46.3,8,2,2022-03-09 09:03:02
1646816583258461000,46.25,1,46.0,42,46.25,2,1,2022-03-09 09:03:03
1646816583483660000,46.2,1,46.1,3,46.2,1,1,2022-03-09 09:03:03
1646816583576522000,46.1,3,46.0,43,46.2,1,2,2022-03-09 09:03:03
1646816583581822000,46.2,1,46.0,43,46.25,11,1,2022-03-09 09:03:03
1646816583581822000,46.25,1,46.0,43,46.25,11,1,2022-03-09 09:03:03
1646816583671630000,46.2,1,46.0,43,46.2,5,1,2022-03-09 09:03:03
1646816583735530000,46.2,2,46.0,43,46.2,3,1,2022-03-09 09:03:03
1646816583884992000,46.2,2,46.05,1,46.2,1,1,2022-03-09 09:03:03
1646816583955491000,46.05,1,46.0,43,46.2,1,2,2022-03-09 09:03:03
1646816584227779000,46.05,2,46.0,36,46.2,1,2,2022-03-09 09:03:04
1646816584227779000,46.0,7,46.0,36,46.2,1,2,2022-03-09 09:03:04
1646816584285770000,46.0,1,46.0,35,46.2,1,2,2022-03-09 09:03:04
1646816584294494000,46.0,1,46.0,34,46.2,1,2,2022-03-09 09:03:04
1646816584682990000,46.05,5,46.05,3,46.2,9,2,2022-03-09 09:03:04
1646816584775708000,46.2,1,46.05,3,46.2,8,1,2022-03-09 09:03:04
1646816585043731000,46.15,2,46.05,3,46.15,6,1,2022-03-09 09:03:05
1646816585158057000,46.15,1,46.05,3,46.15,10,1,2022-03-09 09:03:05
1646816585169003000,46.15,1,46.05,3,46.15,9,1,2022-03-09 09:03:05
1646816585198350000,46.15,2,46.05,3,46.15,7,1,2022-03-09 09:03:05
1646816585280860000,46.15,5,46.05,3,46.15,2,1,2022-03-09 09:03:05
1646816585316328000,46.15,1,46.05,3,46.15,1,1,2022-03-09 09:03:05
1646816585412709000,46.15,1,46.05,7,46.15,2,1,2022-03-09 09:03:05
1646816585442749000,46.05,7,46.0,33,46.15,2,2,2022-03-09 09:03:05
1646816585442749000,46.0,3,46.0,33,46.15,2,2,2022-03-09 09:03:05
1646816585457177000,46.15,2,46.0,33,46.2,10,1,2022-03-09 09:03:05
1646816585620554000,46.15,1,46.05,3,46.15,4,1,2022-03-09 09:03:05
1646816585702464000,46.15,1,46.05,4,46.15,3,1,2022-03-09 09:03:05
1646816585834014000,46.05,1,46.05,3,46.15,3,2,2022-03-09 09:03:05
1646816585989981000,46.1,1,46.05,3,46.2,10,1,2022-03-09 09:03:05
1646816585989981000,46.15,3,46.05,3,46.2,10,1,2022-03-09 09:03:05
1646816585989981000,46.2,2,46.05,3,46.2,10,1,2022-03-09 09:03:05
1646816586051659000,46.05,3,46.0,24,46.2,10,2,2022-03-09 09:03:06
1646816586051659000,46.0,17,46.0,24,46.2,10,2,2022-03-09 09:03:06
1646816586067097000,46.2,1,46.0,24,46.2,9,1,2022-03-09 09:03:06
1646816586235234000,46.1,1,46.05,1,46.1,1,1,2022-03-09 09:03:06
1646816586245148000,46.1,1,46.05,1,46.15,8,1,2022-03-09 09:03:06
1646816586245148000,46.15,2,46.05,1,46.15,8,1,2022-03-09 09:03:06
1646816586429791000,46.05,2,46.0,29,46.05,18,2,2022-03-09 09:03:06
1646816586541669000,46.05,1,46.0,31,46.05,17,1,2022-03-09 09:03:06
1646816586541883000,46.05,1,46.0,31,46.05,16,1,2022-03-09 09:03:06
1646816586542122000,46.05,1,46.0,31,46.05,15,1,2022-03-09 09:03:06
1646816586845954000,46.05,1,46.0,31,46.05,14,1,2022-03-09 09:03:06
1646816586865243000,46.0,1,46.0,30,46.05,14,2,2022-03-09 09:03:06
1646816586889311000,46.0,2,46.0,28,46.05,14,2,2022-03-09 09:03:06
1646816587029645000,46.05,2,46.0,30,46.05,12,1,2022-03-09 09:03:07
1646816587045402000,46.05,1,46.0,30,46.05,11,1,2022-03-09 09:03:07
1646816587075617000,46.05,8,46.0,60,46.05,3,1,2022-03-09 09:03:07
1646816587085843000,46.0,10,46.0,50,46.05,3,2,2022-03-09 09:03:07
1646816587159739000,46.05,3,46.0,56,46.1,2,1,2022-03-09 09:03:07
1646816587268001000,46.1,1,46.0,57,46.1,1,1,2022-03-09 09:03:07
1646816587575761000,46.15,12,46.0,60,46.2,5,1,2022-03-09 09:03:07
1646816587575761000,46.2,3,46.0,60,46.2,5,1,2022-03-09 09:03:07
1646816587661708000,46.2,1,46.0,60,46.2,4,1,2022-03-09 09:03:07
1646816587740998000,46.2,2,46.15,1,46.2,2,1,2022-03-09 09:03:07
1646816587894906000,46.15,1,46.0,63,46.2,4,2,2022-03-09 09:03:07
1646816587966851000,46.0,2,46.0,61,46.1,5,2,2022-03-09 09:03:07
1646816588021836000,46.1,1,46.0,62,46.1,4,1,2022-03-09 09:03:08
1646816588034478000,46.1,1,46.0,62,46.1,3,1,2022-03-09 09:03:08
1646816588059170000,46.1,3,46.05,1,46.1,2,1,2022-03-09 09:03:08
1646816588086956000,46.1,2,46.05,1,46.2,4,1,2022-03-09 09:03:08
1646816588222577000,46.1,1,46.05,1,46.2,4,2,2022-03-09 09:03:08
1646816588222577000,46.05,1,46.05,1,46.2,4,2,2022-03-09 09:03:08
1646816588344325000,46.05,1,46.0,63,46.05,1,2,2022-03-09 09:03:08
1646816588373662000,46.05,1,46.0,63,46.2,5,1,2022-03-09 09:03:08
1646816588451473000,46.2,5,46.0,66,46.25,6,1,2022-03-09 09:03:08
1646816588534872000,46.0,2,46.0,64,46.25,6,2,2022-03-09 09:03:08
1646816588723744000,46.25,2,46.0,69,46.25,6,1,2022-03-09 09:03:08
1646816588846302000,46.0,3,46.0,86,46.25,6,2,2022-03-09 09:03:08
1646816588860434000,46.0,1,46.0,85,46.25,6,2,2022-03-09 09:03:08
1646816589050316000,46.25,3,46.0,87,46.25,3,1,2022-03-09 09:03:09
1646816589151433000,46.25,1,46.2,50,46.25,2,1,2022-03-09 09:03:09
1646816589257840000,46.2,1,46.2,49,46.25,2,2,2022-03-09 09:03:09
1646816589420093000,46.25,1,46.2,49,46.25,1,1,2022-03-09 09:03:09
1646816589433618000,46.2,1,46.2,48,46.25,1,2,2022-03-09 09:03:09
1646816589459736000,46.2,2,46.2,46,46.25,1,2,2022-03-09 09:03:09
1646816589779678000,46.2,1,46.2,47,46.25,3,2,2022-03-09 09:03:09
1646816589811316000,46.25,1,46.2,47,46.25,2,1,2022-03-09 09:03:09
1646816589871385000,46.2,1,46.2,46,46.25,2,2,2022-03-09 09:03:09
1646816589925784000,46.25,2,46.25,3,46.3,23,1,2022-03-09 09:03:09
1646816590222519000,46.25,6,46.2,46,46.25,2,2,2022-03-09 09:03:10
1646816590264361000,46.2,1,46.2,45,46.25,2,2,2022-03-09 09:03:10
1646816590467984000,46.25,1,46.2,45,46.25,1,1,2022-03-09 09:03:10
1646816590492744000,46.25,1,46.25,7,46.3,23,1,2022-03-09 09:03:10
1646816590494142000,46.25,5,46.25,2,46.3,23,2,2022-03-09 09:03:10
1646816590497056000,46.25,1,46.25,1,46.3,23,2,2022-03-09 09:03:10
1646816590543281000,46.25,1,46.2,41,46.3,23,2,2022-03-09 09:03:10
1646816590543281000,46.2,4,46.2,41,46.3,23,2,2022-03-09 09:03:10
1646816590586692000,46.3,11,46.2,41,46.3,12,1,2022-03-09 09:03:10
1646816590614691000,46.3,2,46.2,41,46.3,10,1,2022-03-09 09:03:10
1646816590648195000,46.3,2,46.2,41,46.3,8,1,2022-03-09 09:03:10
1646816590670608000,46.3,8,46.2,41,46.35,6,1,2022-03-09 09:03:10
1646816590719213000,46.2,2,46.2,39,46.35,6,2,2022-03-09 09:03:10
1646816590896355000,46.35,1,46.2,39,46.35,5,1,2022-03-09 09:03:10
1646816590992741000,46.3,2,46.2,36,46.35,5,2,2022-03-09 09:03:10
1646816590992741000,46.25,5,46.2,36,46.35,5,2,2022-03-09 09:03:10
1646816590992741000,46.2,3,46.2,36,46.35,5,2,2022-03-09 09:03:10
1646816591008975000,46.35,1,46.2,36,46.35,4,1,2022-03-09 09:03:11
1646816591053558000,46.25,1,46.2,36,46.35,4,2,2022-03-09 09:03:11
1646816591071236000,46.35,1,46.2,36,46.35,3,1,2022-03-09 09:03:11
1646816591105349000,46.35,3,46.2,36,46.4,1,1,2022-03-09 09:03:11
1646816591199117000,46.4,1,46.3,2,46.45,1,1,2022-03-09 09:03:11
1646816591209320000,46.4,0,0.0,0,0.0,0,2,2022-03-09 09:03:11
1646816711894105000,46.05,522,46.0,112,46.05,1,2,2022-03-09 09:05:11
1646816712115809000,46.0,1,46.0,111,46.05,1,2,2022-03-09 09:05:12
1646816712280537000,46.0,30,46.0,81,46.05,60,2,2022-03-09 09:05:12
1646816712298464000,46.0,6,46.0,75,46.05,60,2,2022-03-09 09:05:12
1646816712390229000,46.0,1,46.0,74,46.05,60,2,2022-03-09 09:05:12
1646816712492057000,46.0,3,46.0,71,46.05,60,2,2022-03-09 09:05:12
1646816712577660000,46.0,30,46.0,41,46.05,60,2,2022-03-09 09:05:12
1646816712894087000,46.0,1,46.0,40,46.05,65,2,2022-03-09 09:05:12
1646816713052093000,46.0,5,46.0,35,46.05,65,2,2022-03-09 09:05:13
1646816713058852000,46.0,1,46.0,34,46.05,65,2,2022-03-09 09:05:13
1646816713357860000,46.0,1,46.0,33,46.05,56,2,2022-03-09 09:05:13
1646816713391568000,46.05,1,46.0,33,46.05,55,1,2022-03-09 09:05:13
1646816713513192000,46.0,2,46.0,31,46.05,55,2,2022-03-09 09:05:13
1646816713828667000,46.0,2,46.0,29,46.05,63,2,2022-03-09 09:05:13
1646816714200695000,46.0,2,46.0,27,46.05,63,2,2022-03-09 09:05:14
1646816714340764000,46.0,22,46.0,5,46.05,63,2,2022-03-09 09:05:14
1646816714418233000,46.0,5,45.95,6,46.0,10,2,2022-03-09 09:05:14
1646816714662921000,45.95,1,45.95,5,46.0,20,2,2022-03-09 09:05:14
1646816714718972000,45.95,5,45.9,15,46.0,20,2,2022-03-09 09:05:14
1646816714718972000,45.9,1,45.9,15,46.0,20,2,2022-03-09 09:05:14
1646816714746855000,45.9,15,45.8,15,46.0,10,2,2022-03-09 09:05:14
1646816714746855000,45.8,5,45.8,15,46.0,10,2,2022-03-09 09:05:14
1646816714821283000,45.8,10,45.8,5,46.0,11,2,2022-03-09 09:05:14
1646816714860749000,45.8,5,45.5,46,46.0,11,2,2022-03-09 09:05:14
1646816714860749000,45.75,1,45.5,46,46.0,11,2,2022-03-09 09:05:14
1646816714860749000,45.7,2,45.5,46,46.0,11,2,2022-03-09 09:05:14
1646816714860749000,45.6,1,45.5,46,46.0,11,2,2022-03-09 09:05:14
1646816714860749000,45.5,1,45.5,46,46.0,11,2,2022-03-09 09:05:14
1646816714882863000,45.5,1,45.5,45,46.0,11,2,2022-03-09 09:05:14
1646816715116060000,45.5,2,45.5,43,45.9,1,2,2022-03-09 09:05:15
1646816715553902000,45.8,2,45.8,13,45.9,1,2,2022-03-09 09:05:15
1646816715923548000,45.85,2,45.8,13,45.85,3,1,2022-03-09 09:05:15
1646816715973054000,45.8,1,45.8,12,45.85,3,2,2022-03-09 09:05:15
1646816716066782000,45.8,3,45.8,9,45.85,3,2,2022-03-09 09:05:16
1646816716218775000,45.8,1,45.8,8,45.85,3,2,2022-03-09 09:05:16
1646816716238049000,45.8,8,45.55,3,45.8,2,2,2022-03-09 09:05:16
1646816716256598000,45.8,2,45.55,3,45.85,2,1,2022-03-09 09:05:16
1646816716256598000,45.85,1,45.55,3,45.85,2,1,2022-03-09 09:05:16
1646816716837341000,45.75,2,45.6,11,45.8,1,1,2022-03-09 09:05:16
1646816716946234000,45.75,1,45.65,5,45.8,1,1,2022-03-09 09:05:16
1646816717267233000,45.75,1,45.7,5,45.8,1,1,2022-03-09 09:05:17
1646816717371347000,45.8,1,45.7,5,45.85,1,1,2022-03-09 09:05:17
1646816717371347000,45.85,2,45.7,5,45.85,1,1,2022-03-09 09:05:17
1646816717448265000,45.85,1,45.7,5,45.9,11,1,2022-03-09 09:05:17
1646816717481703000,45.7,2,45.7,3,45.9,11,2,2022-03-09 09:05:17
1646816717643591000,45.7,3,45.65,4,45.75,4,2,2022-03-09 09:05:17
1646816717643591000,45.65,1,45.65,4,45.75,4,2,2022-03-09 09:05:17
1646816717656371000,45.65,1,45.65,3,45.75,4,2,2022-03-09 09:05:17
1646816717707455000,45.7,1,45.65,3,45.75,4,1,2022-03-09 09:05:17
1646816717799226000,45.65,1,45.65,2,45.75,4,2,2022-03-09 09:05:17
1646816717950027000,45.65,1,45.65,1,45.7,1,2,2022-03-09 09:05:17
1646816717982759000,45.65,1,45.6,11,45.7,1,2,2022-03-09 09:05:17
1646816718510332000,45.7,1,45.6,11,45.75,3,1,2022-03-09 09:05:18
1646816718510332000,45.75,2,45.6,11,45.75,3,1,2022-03-09 09:05:18
1646816718603381000,45.7,1,45.6,11,45.75,3,1,2022-03-09 09:05:18
1646816719653301000,45.6,1,45.6,11,45.7,4,2,2022-03-09 09:05:19
1646816719768604000,45.6,2,45.6,9,45.65,2,2,2022-03-09 09:05:19
1646816720467935000,45.6,1,45.6,7,45.65,2,2,2022-03-09 09:05:20
1646816720496900000,45.6,1,45.6,6,45.65,2,2,2022-03-09 09:05:20
1646816720618305000,45.65,1,45.6,8,45.65,1,1,2022-03-09 09:05:20
1646816720895495000,45.6,2,45.6,6,45.65,1,2,2022-03-09 09:05:20
1646816720933240000,45.6,1,45.6,5,45.65,1,2,2022-03-09 09:05:20
1646816720988395000,45.6,5,45.55,9,45.6,10,2,2022-03-09 09:05:20
1646816721019912000,45.55,1,45.55,8,45.6,10,2,2022-03-09 09:05:21
1646816721272964000,45.6,5,45.55,8,45.6,5,1,2022-03-09 09:05:21
1646816721304694000,45.6,5,45.55,8,45.65,1,1,2022-03-09 09:05:21
1646816721917232000,45.55,1,45.55,8,45.6,1,2,2022-03-09 09:05:21
1646816722114462000,45.55,2,45.55,6,45.6,1,2,2022-03-09 09:05:22
1646816722250111000,45.55,1,45.55,5,45.6,1,2,2022-03-09 09:05:22
1646816722387303000,45.6,1,45.55,5,45.65,1,1,2022-03-09 09:05:22
1646816722391212000,45.65,1,45.55,5,45.75,8,1,2022-03-09 09:05:22
1646816722805518000,45.6,1,45.55,7,45.75,8,1,2022-03-09 09:05:22
1646816722979175000,45.55,7,45.5,43,45.75,9,2,2022-03-09 09:05:22
1646816722979175000,45.5,3,45.5,43,45.75,9,2,2022-03-09 09:05:22
1646816723257487000,45.6,1,45.6,1,45.7,1,2,2022-03-09 09:05:23
1646816723289557000,45.6,1,45.5,38,45.7,1,2,2022-03-09 09:05:23
1646816723500283000,45.65,1,45.6,3,45.7,1,1,2022-03-09 09:05:23
1646816723625747000,45.6,2,45.6,1,45.7,1,2,2022-03-09 09:05:23
1646816723653493000,45.6,1,45.5,38,45.7,1,2,2022-03-09 09:05:23
1646816723796224000,45.6,1,45.5,38,45.6,9,2,2022-03-09 09:05:23
1646816724003213000,45.55,1,45.5,38,45.55,50,1,2022-03-09 09:05:24
1646816724148007000,45.5,3,45.5,35,45.55,51,2,2022-03-09 09:05:24
1646816724184791000,45.5,1,45.5,34,45.55,51,2,2022-03-09 09:05:24
1646816724215886000,45.5,1,45.5,33,45.55,51,2,2022-03-09 09:05:24
1646816724249219000,45.5,1,45.5,32,45.55,51,2,2022-03-09 09:05:24
1646816724249544000,45.5,3,45.5,29,45.55,51,2,2022-03-09 09:05:24
1646816724283579000,45.5,1,45.5,28,45.55,51,2,2022-03-09 09:05:24
1646816724743763000,45.5,2,45.5,26,45.55,51,2,2022-03-09 09:05:24
1646816724822177000,45.5,2,45.5,24,45.55,51,2,2022-03-09 09:05:24
1646816724972327000,45.5,2,45.5,22,45.55,51,2,2022-03-09 09:05:24
1646816725282462000,45.55,2,45.5,22,45.55,49,1,2022-03-09 09:05:25
1646816725390419000,45.5,3,45.5,19,45.55,49,2,2022-03-09 09:05:25
1646816725394578000,45.5,10,45.5,9,45.55,49,2,2022-03-09 09:05:25
1646816725429942000,45.5,2,45.5,7,45.55,49,2,2022-03-09 09:05:25
1646816725434682000,45.5,1,45.5,6,45.55,49,2,2022-03-09 09:05:25
1646816725436677000,45.5,1,45.5,5,45.55,49,2,2022-03-09 09:05:25
1646816725713921000,45.55,1,45.5,5,45.55,48,1,2022-03-09 09:05:25
1646816725770388000,45.5,1,45.5,4,45.55,48,2,2022-03-09 09:05:25
1646816725799952000,45.5,4,45.4,6,45.55,48,2,2022-03-09 09:05:25
1646816726141929000,45.45,2,45.45,2,45.5,1,2,2022-03-09 09:05:26
1646816726245010000,45.45,2,45.35,6,45.5,1,2,2022-03-09 09:05:26
1646816726245010000,45.4,6,45.35,6,45.5,1,2,2022-03-09 09:05:26
1646816726367266000,45.45,2,45.35,9,45.45,1,1,2022-03-09 09:05:26
1646816726748786000,45.35,1,45.35,6,45.4,1,2,2022-03-09 09:05:26
1646816726919845000,45.4,1,45.35,6,45.45,3,1,2022-03-09 09:05:26
1646816726979276000,45.45,3,45.35,6,45.5,6,1,2022-03-09 09:05:26
1646816726979276000,45.5,1,45.35,6,45.5,6,1,2022-03-09 09:05:26
1646816727331039000,45.5,1,45.35,6,45.5,5,1,2022-03-09 09:05:27
1646816727357386000,45.35,6,45.05,10,45.5,5,2,2022-03-09 09:05:27
1646816727357386000,45.3,4,45.05,10,45.5,5,2,2022-03-09 09:05:27
1646816727357386000,45.25,10,45.05,10,45.5,5,2,2022-03-09 09:05:27
1646816727357386000,45.2,6,45.05,10,45.5,5,2,2022-03-09 09:05:27
1646816727357386000,45.15,3,45.05,10,45.5,5,2,2022-03-09 09:05:27
1646816727357386000,45.1,1,45.05,10,45.5,5,2,2022-03-09 09:05:27
1646816727721489000,45.35,2,45.15,2,45.4,4,1,2022-03-09 09:05:27
1646816727802096000,45.35,1,45.35,1,45.4,4,1,2022-03-09 09:05:27
1646816727808686000,45.35,1,45.15,1,45.4,4,2,2022-03-09 09:05:27
1646816727808686000,45.15,1,45.15,1,45.4,4,2,2022-03-09 09:05:27
1646816727809905000,45.4,1,45.15,1,45.4,3,1,2022-03-09 09:05:27
1646816727990023000,45.2,1,45.1,4,45.35,1,2,2022-03-09 09:05:27
1646816727990023000,45.15,1,45.1,4,45.35,1,2,2022-03-09 09:05:27
1646816727990023000,45.1,1,45.1,4,45.35,1,2,2022-03-09 09:05:27
1646816728253346000,45.3,1,45.1,2,45.3,1,1,2022-03-09 09:05:28
1646816728285557000,45.3,1,45.1,2,45.35,1,1,2022-03-09 09:05:28
1646816728302089000,45.1,1,45.1,1,45.35,1,2,2022-03-09 09:05:28
1646816728509161000,45.1,1,45.1,2,45.3,2,2,2022-03-09 09:05:28
1646816728719773000,45.25,1,45.1,2,45.3,5,1,2022-03-09 09:05:28
1646816728719773000,45.3,1,45.1,2,45.3,5,1,2022-03-09 09:05:28
1646816728864104000,45.1,2,45.05,9,45.3,1,2,2022-03-09 09:05:28
1646816728864104000,45.05,1,45.05,9,45.3,1,2,2022-03-09 09:05:28
1646816728887911000,45.1,1,45.1,1,45.25,2,2,2022-03-09 09:05:28
1646816728895316000,45.25,1,45.1,1,45.25,1,1,2022-03-09 09:05:28
1646816729140535000,45.1,1,45.05,9,45.25,1,2,2022-03-09 09:05:29
1646816729166576000,45.05,1,45.05,8,45.25,1,2,2022-03-09 09:05:29
1646816729370453000,45.05,5,45.05,3,45.25,1,2,2022-03-09 09:05:29
1646816729593083000,45.2,1,45.15,1,45.25,1,1,2022-03-09 09:05:29
1646816729694162000,45.25,1,45.15,1,45.3,1,1,2022-03-09 09:05:29
1646816729926412000,45.15,1,45.05,3,45.15,3,2,2022-03-09 09:05:29
1646816729965693000,45.15,3,45.05,3,45.3,1,1,2022-03-09 09:05:29
1646816730184245000,45.1,1,45.1,2,45.25,2,2,2022-03-09 09:05:30
1646816730333081000,45.25,2,45.25,1,45.3,5,1,2022-03-09 09:05:30
1646816730446013000,45.25,1,45.15,1,45.3,1,2,2022-03-09 09:05:30
1646816730568717000,45.15,1,45.1,1,45.25,1,2,2022-03-09 09:05:30
1646816730568717000,45.1,1,45.1,1,45.25,1,2,2022-03-09 09:05:30
1646816730599083000,45.1,1,45.05,3,45.25,1,2,2022-03-09 09:05:30
1646816730709036000,45.25,1,45.25,2,45.3,5,1,2022-03-09 09:05:30
1646816730781528000,45.25,1,45.25,4,45.3,1,2,2022-03-09 09:05:30
1646816730874033000,45.25,2,45.25,5,45.3,1,2,2022-03-09 09:05:30
1646816731134060000,45.25,1,45.25,4,45.3,1,2,2022-03-09 09:05:31
1646816731156947000,45.3,1,45.25,4,45.35,2,1,2022-03-09 09:05:31
1646816731445448000,45.35,2,45.25,4,45.5,5,1,2022-03-09 09:05:31
1646816731445448000,45.45,3,45.25,4,45.5,5,1,2022-03-09 09:05:31
1646816731930277000,45.3,1,45.3,1,45.45,3,2,2022-03-09 09:05:31
1646816733210582000,45.45,4,45.3,2,45.45,3,1,2022-03-09 09:05:33
1646816733988307000,45.3,1,45.3,1,45.35,2,2,2022-03-09 09:05:33
1646816734531671000,45.3,1,45.25,4,45.35,2,2,2022-03-09 09:05:34
1646816734556822000,45.25,1,45.25,3,45.35,2,2,2022-03-09 09:05:34
1646816734917475000,45.25,2,45.25,1,45.3,5,2,2022-03-09 09:05:34
1646816734960484000,45.25,1,45.2,2,45.3,5,2,2022-03-09 09:05:34
1646816735117980000,45.2,2,45.1,4,45.3,5,2,2022-03-09 09:05:35
1646816735117980000,45.15,2,45.1,4,45.3,5,2,2022-03-09 09:05:35
1646816735117980000,45.1,6,45.1,4,45.3,5,2,2022-03-09 09:05:35
1646816735252413000,45.1,1,45.1,6,45.25,1,2,2022-03-09 09:05:35
1646816735364016000,45.25,1,45.1,6,45.3,5,1,2022-03-09 09:05:35
1646816735421243000,45.1,3,45.1,3,45.3,5,2,2022-03-09 09:05:35
1646816735566066000,45.1,1,45.1,2,45.3,5,2,2022-03-09 09:05:35
1646816735795808000,45.1,2,45.0,18,45.25,2,2,2022-03-09 09:05:35
1646816735795808000,45.05,8,45.0,18,45.25,2,2,2022-03-09 09:05:35
1646816735795808000,45.0,10,45.0,18,45.25,2,2,2022-03-09 09:05:35
1646816735879356000,45.2,1,45.05,1,45.2,4,1,2022-03-09 09:05:35
1646816735888190000,45.05,1,45.0,18,45.2,4,2,2022-03-09 09:05:35
1646816736371115000,45.15,1,45.0,23,45.2,4,1,2022-03-09 09:05:36
1646816736406325000,45.2,1,45.0,23,45.2,3,1,2022-03-09 09:05:36
1646816736792406000,45.15,1,45.0,23,45.15,1,1,2022-03-09 09:05:36
1646816737529193000,45.0,10,45.0,14,45.05,1,2,2022-03-09 09:05:37
1646816737553764000,45.0,3,45.0,11,45.05,1,2,2022-03-09 09:05:37
1646816737570015000,45.0,1,45.0,10,45.05,1,2,2022-03-09 09:05:37
1646816737570111000,45.0,1,45.0,9,45.05,1,2,2022-03-09 09:05:37
1646816737599941000,45.0,1,45.0,8,45.05,1,2,2022-03-09 09:05:37
1646816737789469000,45.05,1,45.0,8,45.15,4,1,2022-03-09 09:05:37
1646816737969082000,45.1,1,45.0,17,45.1,1,1,2022-03-09 09:05:37
1646816738017761000,45.0,2,45.0,15,45.1,1,2,2022-03-09 09:05:38
1646816738214227000,45.1,1,45.0,15,45.15,4,1,2022-03-09 09:05:38
1646816738686846000,45.05,1,45.0,15,45.15,6,1,2022-03-09 09:05:38
1646816739167218000,45.1,1,45.05,8,45.15,4,1,2022-03-09 09:05:39
1646816739167218000,45.15,2,45.05,8,45.15,4,1,2022-03-09 09:05:39
1646816739326586000,45.05,1,45.05,7,45.15,4,2,2022-03-09 09:05:39
1646816739327907000,45.05,4,45.05,3,45.15,4,2,2022-03-09 09:05:39
1646816739418442000,45.05,3,45.0,8,45.1,4,2,2022-03-09 09:05:39
1646816739418442000,45.0,7,45.0,8,45.1,4,2,2022-03-09 09:05:39
1646816739445801000,45.0,1,45.0,7,45.1,4,2,2022-03-09 09:05:39
1646816739607532000,45.0,2,45.0,6,45.1,4,2,2022-03-09 09:05:39
1646816739752153000,45.0,2,45.0,4,45.1,4,2,2022-03-09 09:05:39
1646816739883998000,45.05,1,44.9,2,45.1,4,2,2022-03-09 09:05:39
1646816739883998000,45.0,4,44.9,2,45.1,4,2,2022-03-09 09:05:39
1646816739950976000,44.9,2,44.8,13,45.1,4,2,2022-03-09 09:05:39
1646816739950976000,44.85,2,44.8,13,45.1,4,2,2022-03-09 09:05:39
1646816739950976000,44.8,1,44.8,13,45.1,4,2,2022-03-09 09:05:39
1646816739960353000,44.8,5,44.8,8,45.1,4,2,2022-03-09 09:05:39
1646816740155202000,45.05,4,45.0,2,45.1,1,1,2022-03-09 09:05:40
1646816740155202000,45.1,6,45.0,2,45.1,1,1,2022-03-09 09:05:40
1646816740306950000,45.05,1,45.05,1,45.1,1,2,2022-03-09 09:05:40
1646816740381389000,45.05,1,45.0,2,45.1,1,2,2022-03-09 09:05:40
1646816740627127000,45.05,1,45.0,2,45.05,4,1,2022-03-09 09:05:40
1646816741259575000,45.05,3,45.0,4,45.05,1,1,2022-03-09 09:05:41
1646816741281997000,45.0,4,44.95,1,45.05,1,2,2022-03-09 09:05:41
1646816741281997000,44.95,1,44.95,1,45.05,1,2,2022-03-09 09:05:41
1646816741385847000,45.0,1,44.95,1,45.05,1,1,2022-03-09 09:05:41
1646816741485957000,45.0,1,45.05,13,45.1,1,1,2022-03-09 09:05:41
1646816741485957000,45.05,1,45.05,13,45.1,1,1,2022-03-09 09:05:41
1646816741532109000,45.05,3,45.05,10,45.15,1,2,2022-03-09 09:05:41
1646816741646453000,45.1,1,45.05,10,45.15,2,2,2022-03-09 09:05:41
1646816741754620000,45.05,1,45.05,9,45.15,2,2,2022-03-09 09:05:41
1646816741768919000,45.05,1,45.05,8,45.1,2,2,2022-03-09 09:05:41
1646816741935123000,45.05,4,45.05,4,45.1,2,2,2022-03-09 09:05:41
1646816742462887000,45.05,1,45.05,3,45.1,4,2,2022-03-09 09:05:42
1646816743238766000,45.05,3,44.85,3,45.1,4,2,2022-03-09 09:05:43
1646816743238766000,45.0,2,44.85,3,45.1,4,2,2022-03-09 09:05:43
1646816743238766000,44.95,2,44.85,3,45.1,4,2,2022-03-09 09:05:43
1646816743238766000,44.9,2,44.85,3,45.1,4,2,2022-03-09 09:05:43
1646816743238766000,44.85,1,44.85,3,45.1,4,2,2022-03-09 09:05:43
1646816743761511000,45.0,1,44.85,3,45.0,4,1,2022-03-09 09:05:43
1646816743794111000,45.0,4,44.85,3,45.05,1,1,2022-03-09 09:05:43
1646816744085499000,45.0,2,44.85,3,45.0,1,1,2022-03-09 09:05:44
1646816744088795000,45.0,1,44.85,3,45.05,1,1,2022-03-09 09:05:44
1646816744308007000,45.0,1,44.85,3,45.05,1,2,2022-03-09 09:05:44
1646816744339245000,44.85,3,44.8,9,45.05,1,2,2022-03-09 09:05:44
1646816744370015000,45.0,1,44.85,1,45.05,3,2,2022-03-09 09:05:44
1646816744402633000,45.05,1,44.85,1,45.05,2,1,2022-03-09 09:05:44
1646816744433424000,45.05,2,44.9,1,45.1,4,1,2022-03-09 09:05:44
1646816744641122000,45.1,15,44.9,1,45.2,13,1,2022-03-09 09:05:44
1646816744641122000,45.15,4,44.9,1,45.2,13,1,2022-03-09 09:05:44
1646816744641122000,45.2,1,44.9,1,45.2,13,1,2022-03-09 09:05:44
1646816745496752000,45.0,1,45.0,1,45.05,15,2,2022-03-09 09:05:45
1646816745707226000,45.0,1,45.0,2,45.05,15,2,2022-03-09 09:05:45
1646816746482578000,45.0,1,45.0,3,45.05,16,2,2022-03-09 09:05:46
1646816746559415000,45.0,1,45.0,2,45.05,17,2,2022-03-09 09:05:46
1646816747038222000,45.0,1,45.0,1,45.05,17,2,2022-03-09 09:05:47
1646816747512696000,45.0,1,44.95,3,45.05,21,2,2022-03-09 09:05:47
1646816747552516000,45.0,2,44.95,3,45.05,21,1,2022-03-09 09:05:47
1646816747826091000,45.0,1,44.95,6,45.0,2,2,2022-03-09 09:05:47
1646816747925980000,45.0,2,44.95,6,45.05,21,1,2022-03-09 09:05:47
1646816747936152000,45.0,1,45.0,2,45.05,21,2,2022-03-09 09:05:47
1646816748064478000,45.05,1,45.0,2,45.05,20,1,2022-03-09 09:05:48
1646816748329480000,45.05,2,45.0,2,45.05,18,1,2022-03-09 09:05:48
1646816748478525000,45.05,3,45.0,2,45.05,15,1,2022-03-09 09:05:48
1646816748716114000,45.05,15,45.0,4,45.1,7,1,2022-03-09 09:05:48
1646816748750927000,45.1,1,45.0,5,45.1,6,1,2022-03-09 09:05:48
1646816748778350000,45.1,6,45.0,5,45.15,1,1,2022-03-09 09:05:48
1646816748869579000,45.05,1,45.0,5,45.15,1,1,2022-03-09 09:05:48
1646816749068128000,45.15,1,45.05,7,45.2,13,1,2022-03-09 09:05:49
1646816749229128000,45.05,6,45.05,1,45.2,13,2,2022-03-09 09:05:49
1646816749250851000,45.2,1,45.05,3,45.2,12,1,2022-03-09 09:05:49
1646816749274428000,45.05,2,45.05,1,45.2,12,2,2022-03-09 09:05:49
1646816749417188000,45.05,1,45.0,13,45.2,12,2,2022-03-09 09:05:49
1646816749532467000,45.05,1,45.0,18,45.2,12,2,2022-03-09 09:05:49
1646816749679764000,45.1,1,45.0,18,45.2,14,2,2022-03-09 09:05:49
1646816749885906000,45.2,2,45.0,21,45.2,12,1,2022-03-09 09:05:49
1646816749926476000,45.2,11,45.0,21,45.2,1,1,2022-03-09 09:05:49
1646816750022249000,45.2,1,45.05,8,45.25,2,1,2022-03-09 09:05:50
1646816750061921000,45.05,5,45.05,3,45.25,2,2,2022-03-09 09:05:50
1646816750128747000,45.05,3,45.0,19,45.25,5,2,2022-03-09 09:05:50
1646816750128747000,45.0,2,45.0,19,45.25,5,2,2022-03-09 09:05:50
1646816750159341000,45.05,1,45.0,19,45.25,5,2,2022-03-09 09:05:50
1646816750287117000,45.2,1,45.05,1,45.25,1,1,2022-03-09 09:05:50
1646816750287117000,45.25,4,45.05,1,45.25,1,1,2022-03-09 09:05:50
1646816750453476000,45.1,1,45.1,4,45.25,1,2,2022-03-09 09:05:50
1646816750519315000,45.1,1,45.1,3,45.25,1,2,2022-03-09 09:05:50
1646816750623587000,45.15,1,45.1,3,45.25,1,2,2022-03-09 09:05:50
1646816750624852000,45.25,1,45.1,3,45.3,9,1,2022-03-09 09:05:50
1646816750699408000,45.3,3,45.1,3,45.3,6,1,2022-03-09 09:05:50
1646816750739570000,45.3,6,45.1,3,45.35,1,1,2022-03-09 09:05:50
1646816750793332000,45.1,1,45.1,2,45.35,1,2,2022-03-09 09:05:50
1646816750846584000,45.1,1,45.1,1,45.35,3,2,2022-03-09 09:05:50
1646816751186018000,45.1,1,45.1,12,45.35,3,2,2022-03-09 09:05:51
1646816751266211000,45.15,2,45.1,13,45.35,3,2,2022-03-09 09:05:51
1646816751266211000,45.1,1,45.1,13,45.35,3,2,2022-03-09 09:05:51
1646816751315799000,45.35,3,45.1,13,45.4,2,1,2022-03-09 09:05:51
1646816751315799000,45.4,2,45.1,13,45.4,2,1,2022-03-09 09:05:51
1646816751353314000,45.15,3,45.15,1,45.4,2,2,2022-03-09 09:05:51
1646816751611742000,45.35,2,45.15,3,45.4,2,1,2022-03-09 09:05:51
1646816751710802000,45.15,1,45.15,2,45.4,2,2,2022-03-09 09:05:51
1646816751858135000,45.15,1,45.15,2,45.4,2,2,2022-03-09 09:05:51
1646816751912486000,45.35,2,45.15,4,45.4,2,1,2022-03-09 09:05:51
1646816752108244000,45.2,1,45.2,1,45.4,2,2,2022-03-09 09:05:52
1646816752172848000,45.2,1,45.15,9,45.35,2,2,2022-03-09 09:05:52
1646816752189629000,45.2,1,45.2,1,45.35,2,2,2022-03-09 09:05:52
1646816752196949000,45.35,1,45.2,1,45.35,1,1,2022-03-09 09:05:52
1646816752220788000,45.2,1,45.15,6,45.35,1,2,2022-03-09 09:05:52
1646816752220788000,45.15,3,45.15,6,45.35,1,2,2022-03-09 09:05:52
1646816752345585000,45.15,1,45.15,6,45.35,3,2,2022-03-09 09:05:52
1646816752376640000,45.15,2,45.15,4,45.35,3,2,2022-03-09 09:05:52
1646816752686583000,45.2,1,45.2,2,45.35,1,2,2022-03-09 09:05:52
1646816752719897000,45.35,1,45.2,2,45.55,1,1,2022-03-09 09:05:52
1646816752719897000,45.4,2,45.2,2,45.55,1,1,2022-03-09 09:05:52
1646816752719897000,45.45,2,45.2,2,45.55,1,1,2022-03-09 09:05:52
1646816752719897000,45.5,5,45.2,2,45.55,1,1,2022-03-09 09:05:52
1646816753117743000,45.55,1,45.25,2,45.7,2,1,2022-03-09 09:05:53
1646816753117743000,45.6,15,45.25,2,45.7,2,1,2022-03-09 09:05:53
1646816753117743000,45.65,3,45.25,2,45.7,2,1,2022-03-09 09:05:53
1646816753117743000,45.7,1,45.25,2,45.7,2,1,2022-03-09 09:05:53
1646816753141102000,45.25,1,45.25,1,45.7,2,2,2022-03-09 09:05:53
1646816753251279000,45.7,1,45.25,3,45.7,4,1,2022-03-09 09:05:53
1646816753303693000,45.25,1,45.25,2,45.7,1,2,2022-03-09 09:05:53
1646816754442172000,45.45,2,45.3,1,45.5,3,1,2022-03-09 09:05:54
1646816754461630000,45.3,1,45.25,5,45.5,3,2,2022-03-09 09:05:54
1646816754581987000,45.25,2,45.25,5,45.45,3,2,2022-03-09 09:05:54
1646816754695490000,45.25,2,45.25,3,45.45,3,2,2022-03-09 09:05:54
1646816754708652000,45.25,2,45.25,1,45.45,3,2,2022-03-09 09:05:54
1646816754734777000,45.25,1,45.2,12,45.45,3,2,2022-03-09 09:05:54
1646816755126707000,45.5,1,45.3,1,45.5,2,1,2022-03-09 09:05:55
1646816755279161000,45.3,1,45.25,3,45.4,1,2,2022-03-09 09:05:55
1646816755515388000,45.4,2,45.25,3,45.45,1,1,2022-03-09 09:05:55
1646816755515388000,45.45,1,45.25,3,45.45,1,1,2022-03-09 09:05:55
1646816755946900000,45.25,1,45.25,2,45.45,1,2,2022-03-09 09:05:55
1646816755972339000,45.25,2,45.2,8,45.45,4,2,2022-03-09 09:05:55
1646816756153124000,45.45,1,45.2,8,45.45,3,1,2022-03-09 09:05:56
1646816756643710000,45.35,5,45.35,2,45.45,4,2,2022-03-09 09:05:56
1646816756669732000,45.35,2,45.25,3,45.45,4,2,2022-03-09 09:05:56
1646816757461204000,45.4,3,45.25,5,45.5,3,1,2022-03-09 09:05:57
1646816757461204000,45.45,4,45.25,5,45.5,3,1,2022-03-09 09:05:57
1646816757461204000,45.5,3,45.25,5,45.5,3,1,2022-03-09 09:05:57
1646816757772042000,45.25,4,45.2,13,45.4,2,2,2022-03-09 09:05:57
1646816757772042000,45.2,1,45.2,13,45.4,2,2,2022-03-09 09:05:57
1646816757854481000,45.3,1,45.25,2,45.4,2,2,2022-03-09 09:05:57
1646816757854481000,45.25,1,45.25,2,45.4,2,2,2022-03-09 09:05:57
1646816758294458000,45.4,1,45.3,1,45.4,1,1,2022-03-09 09:05:58
1646816758307254000,45.4,1,45.3,1,45.45,5,1,2022-03-09 09:05:58
1646816758307254000,45.45,4,45.3,1,45.45,5,1,2022-03-09 09:05:58
1646816758337652000,45.3,1,45.25,2,45.45,5,2,2022-03-09 09:05:58
1646816758353837000,45.25,2,45.2,7,45.45,5,2,2022-03-09 09:05:58
1646816758353837000,45.2,1,45.2,7,45.45,5,2,2022-03-09 09:05:58
1646816759486148000,45.3,1,45.2,11,45.25,2,2,2022-03-09 09:05:59
1646816759486148000,45.25,1,45.2,11,45.25,2,2,2022-03-09 09:05:59
1646816759528618000,45.2,1,45.2,7,45.25,2,2,2022-03-09 09:05:59
1646816759653420000,45.25,2,45.2,8,45.45,5,1,2022-03-09 09:05:59
1646816759653420000,45.35,2,45.2,8,45.45,5,1,2022-03-09 09:05:59
1646816759653420000,45.4,6,45.2,8,45.45,5,1,2022-03-09 09:05:59
1646816760050705000,45.45,1,45.3,4,45.45,4,1,2022-03-09 09:06:00
1646816760217939000,45.45,1,45.3,6,45.45,5,1,2022-03-09 09:06:00
1646816760498640000,45.3,1,45.3,5,45.4,2,2,2022-03-09 09:06:00
1646816761236507000,45.4,2,45.35,2,45.45,4,1,2022-03-09 09:06:01
1646816761236507000,45.45,3,45.35,2,45.45,4,1,2022-03-09 09:06:01
1646816761236695000,45.35,2,45.3,5,45.45,4,2,2022-03-09 09:06:01
1646816761752595000,45.45,4,45.45,1,45.5,3,1,2022-03-09 09:06:01
1646816761881299000,45.5,1,45.45,1,45.5,2,1,2022-03-09 09:06:01
1646816762001213000,45.45,1,45.3,6,45.5,2,2,2022-03-09 09:06:02
1646816762316435000,45.35,1,45.3,6,45.45,1,1,2022-03-09 09:06:02
1646816762670913000,45.35,1,45.3,6,45.45,1,1,2022-03-09 09:06:02
1646816762815438000,45.4,1,45.3,6,45.45,1,2,2022-03-09 09:06:02
1646816763145679000,45.3,1,45.3,7,45.45,21,2,2022-03-09 09:06:03
1646816763292351000,45.45,1,45.3,7,45.45,20,1,2022-03-09 09:06:03
1646816763461869000,45.4,1,45.3,7,45.4,2,1,2022-03-09 09:06:03
1646816763739482000,45.4,2,45.3,7,45.45,12,1,2022-03-09 09:06:03
1646816763739482000,45.45,8,45.3,7,45.45,12,1,2022-03-09 09:06:03
1646816764170317000,45.4,1,45.3,7,45.4,2,1,2022-03-09 09:06:04
1646816764223269000,45.35,1,45.35,4,45.4,2,2,2022-03-09 09:06:04
1646816764664606000,45.35,1,45.35,3,45.4,4,2,2022-03-09 09:06:04
1646816764693245000,45.35,3,45.3,8,45.4,4,2,2022-03-09 09:06:04
1646816764822223000,45.4,3,45.3,13,45.4,2,1,2022-03-09 09:06:04
1646816764937499000,45.4,2,45.3,13,45.45,25,1,2022-03-09 09:06:04
1646816765164884000,45.3,2,45.3,14,45.35,5,2,2022-03-09 09:06:05
1646816765356818000,45.35,1,45.3,14,45.35,4,1,2022-03-09 09:06:05
1646816765409383000,45.35,1,45.3,14,45.35,3,1,2022-03-09 09:06:05
1646816766082349000,45.35,1,45.3,16,45.35,2,1,2022-03-09 09:06:06
1646816766190597000,45.35,2,45.3,16,45.45,1,1,2022-03-09 09:06:06
1646816766190597000,45.45,28,45.3,16,45.45,1,1,2022-03-09 09:06:06
1646816766495727000,45.4,2,45.3,16,45.6,2,1,2022-03-09 09:06:06
1646816766495727000,45.45,1,45.3,16,45.6,2,1,2022-03-09 09:06:06
1646816766495727000,45.5,3,45.3,16,45.6,2,1,2022-03-09 09:06:06
1646816766495727000,45.55,4,45.3,16,45.6,2,1,2022-03-09 09:06:06
1646816767099485000,45.4,1,45.35,8,45.45,1,1,2022-03-09 09:06:07
1646816767161521000,45.45,1,45.45,3,45.6,5,1,2022-03-09 09:06:07
1646816767435459000,45.45,1,45.45,2,45.6,5,2,2022-03-09 09:06:07
1646816767628664000,45.6,3,45.45,2,45.6,2,1,2022-03-09 09:06:07
1646816768047042000,45.65,1,45.45,2,45.7,2,1,2022-03-09 09:06:08
1646816768136390000,45.45,1,45.45,1,45.5,5,2,2022-03-09 09:06:08
1646816768208365000,45.45,1,45.4,4,45.5,5,2,2022-03-09 09:06:08
1646816768208365000,45.4,1,45.4,4,45.5,5,2,2022-03-09 09:06:08
1646816768322780000,45.5,5,45.45,2,45.7,2,1,2022-03-09 09:06:08
1646816768740847000,45.7,1,45.5,3,45.7,1,1,2022-03-09 09:06:08
1646816768829751000,45.5,1,45.5,2,45.7,1,2,2022-03-09 09:06:08
1646816768926842000,45.7,3,45.5,2,45.8,2,1,2022-03-09 09:06:08
1646816768926842000,45.75,2,45.5,2,45.8,2,1,2022-03-09 09:06:08
1646816768926842000,45.8,1,45.5,2,45.8,2,1,2022-03-09 09:06:08
1646816768949031000,45.5,1,45.5,1,45.8,2,2,2022-03-09 09:06:08
1646816769222730000,45.8,1,45.55,2,45.8,1,1,2022-03-09 09:06:09
1646816769534396000,45.65,1,45.55,2,45.8,2,2,2022-03-09 09:06:09
1646816769603985000,45.8,1,45.55,2,45.8,1,1,2022-03-09 09:06:09
1646816769713119000,45.55,1,45.55,1,45.8,1,2,2022-03-09 09:06:09
1646816769788844000,45.8,1,45.55,1,45.9,9,1,2022-03-09 09:06:09
1646816769788844000,45.9,2,45.55,1,45.9,9,1,2022-03-09 09:06:09
1646816769905400000,45.6,1,45.6,1,45.85,1,2,2022-03-09 09:06:09
1646816769941553000,45.6,1,45.55,1,45.85,1,2,2022-03-09 09:06:09
1646816770253033000,45.75,10,45.6,1,45.85,5,2,2022-03-09 09:06:10
1646816770321920000,45.6,1,45.55,4,45.85,7,2,2022-03-09 09:06:10
1646816770358875000,45.85,1,45.55,4,45.85,6,1,2022-03-09 09:06:10
1646816770374740000,45.85,1,45.55,4,45.85,5,1,2022-03-09 09:06:10
1646816770468020000,45.85,5,45.55,4,45.9,6,1,2022-03-09 09:06:10
1646816770468020000,45.9,3,45.55,4,45.9,6,1,2022-03-09 09:06:10
1646816770786798000,45.55,1,45.55,3,45.85,5,2,2022-03-09 09:06:10
1646816770820589000,45.55,3,45.5,3,45.85,5,2,2022-03-09 09:06:10
1646816770850268000,45.85,1,45.7,2,45.85,4,1,2022-03-09 09:06:10
1646816771026734000,45.85,1,45.7,2,45.85,4,1,2022-03-09 09:06:11
1646816771220839000,45.85,1,45.7,2,45.85,3,1,2022-03-09 09:06:11
1646816771417646000,45.7,1,45.7,1,45.8,1,2,2022-03-09 09:06:11
1646816771447596000,45.7,1,45.6,14,45.8,3,2,2022-03-09 09:06:11
1646816772092626000,45.8,1,45.65,2,45.8,2,1,2022-03-09 09:06:12
1646816772178786000,45.65,2,45.6,14,45.8,2,2,2022-03-09 09:06:12
1646816772178786000,45.6,1,45.6,14,45.8,2,2,2022-03-09 09:06:12
1646816772265414000,45.8,1,45.6,14,45.8,1,1,2022-03-09 09:06:12
1646816772421620000,45.8,1,45.6,19,45.85,2,1,2022-03-09 09:06:12
1646816772421620000,45.85,4,45.6,19,45.85,2,1,2022-03-09 09:06:12
1646816772514733000,45.6,1,45.6,17,45.85,2,2,2022-03-09 09:06:12
1646816772533134000,45.85,1,45.6,17,45.85,1,1,2022-03-09 09:06:12
1646816772572856000,45.85,2,45.6,17,45.85,1,1,2022-03-09 09:06:12
1646816772610255000,45.85,1,45.85,1,45.9,6,1,2022-03-09 09:06:12
1646816772633412000,45.85,1,45.65,1,45.9,6,2,2022-03-09 09:06:12
1646816772640898000,45.65,1,45.6,17,45.65,3,2,2022-03-09 09:06:12
1646816772652159000,45.65,1,45.6,17,45.65,2,1,2022-03-09 09:06:12
1646816773042495000,45.65,2,45.6,5,45.7,21,1,2022-03-09 09:06:13
1646816773270932000,45.7,1,45.6,5,45.7,20,1,2022-03-09 09:06:13
1646816773310583000,45.7,1,45.6,5,45.7,19,1,2022-03-09 09:06:13
1646816773346755000,45.7,4,45.6,5,45.7,15,1,2022-03-09 09:06:13
1646816773471643000,45.7,1,45.6,5,45.7,14,1,2022-03-09 09:06:13
1646816773626911000,45.7,1,45.6,5,45.7,13,1,2022-03-09 09:06:13
1646816773722340000,45.7,2,45.6,5,45.7,11,1,2022-03-09 09:06:13
1646816773997723000,45.7,4,45.6,5,45.7,7,1,2022-03-09 09:06:13
1646816774141986000,45.7,2,45.6,5,45.7,5,1,2022-03-09 09:06:14
1646816774175281000,45.7,1,45.6,5,45.7,4,1,2022-03-09 09:06:14
1646816774182234000,45.6,5,45.5,22,45.7,4,2,2022-03-09 09:06:14
1646816774596136000,45.7,1,45.5,19,45.7,3,1,2022-03-09 09:06:14
1646816774801376000,45.7,1,45.5,19,45.7,2,1,2022-03-09 09:06:14
1646816774958610000,45.65,1,45.55,4,45.6,1,2,2022-03-09 09:06:14
1646816774992800000,45.55,1,45.55,3,45.6,1,2,2022-03-09 09:06:14
1646816775037607000,45.6,1,45.55,3,45.7,1,1,2022-03-09 09:06:15
1646816775037607000,45.7,1,45.55,3,45.7,1,1,2022-03-09 09:06:15
1646816775279741000,45.7,1,45.55,3,45.7,2,1,2022-03-09 09:06:15
1646816775724770000,45.55,3,45.5,19,45.55,2,2,2022-03-09 09:06:15
1646816775830136000,45.55,1,45.5,19,45.55,1,1,2022-03-09 09:06:15
1646816775921876000,45.55,1,45.5,19,45.7,3,1,2022-03-09 09:06:15
1646816775921876000,45.7,1,45.5,19,45.7,3,1,2022-03-09 09:06:15
1646816776037796000,45.7,1,45.55,2,45.7,2,1,2022-03-09 09:06:16
1646816776091856000,45.7,2,45.7,3,45.75,2,1,2022-03-09 09:06:16
1646816776241843000,45.7,1,45.7,2,45.75,2,2,2022-03-09 09:06:16
1646816776276503000,45.7,2,45.6,1,45.75,2,2,2022-03-09 09:06:16
1646816776399723000,45.7,1,45.6,1,45.75,2,2,2022-03-09 09:06:16
1646816776928850000,45.75,2,45.7,2,45.8,7,1,2022-03-09 09:06:16
1646816777467366000,45.7,3,45.6,2,45.75,1,2,2022-03-09 09:06:17
1646816777819870000,45.75,1,45.65,1,45.8,2,1,2022-03-09 09:06:17
1646816777819870000,45.8,5,45.65,1,45.8,2,1,2022-03-09 09:06:17
1646816778048947000,45.8,2,45.7,1,45.8,5,1,2022-03-09 09:06:18
1646816778111882000,45.7,1,45.6,3,45.8,5,2,2022-03-09 09:06:18
1646816778111882000,45.65,2,45.6,3,45.8,5,2,2022-03-09 09:06:18
1646816778111882000,45.6,2,45.6,3,45.8,5,2,2022-03-09 09:06:18
1646816778189012000,45.75,1,45.6,3,45.8,5,1,2022-03-09 09:06:18
1646816778554267000,45.8,1,45.75,10,45.8,4,1,2022-03-09 09:06:18
1646816778757678000,45.75,2,45.75,13,45.8,4,2,2022-03-09 09:06:18
1646816779452112000,45.75,3,45.75,10,45.8,4,2,2022-03-09 09:06:19
1646816779489978000,45.75,1,45.75,9,45.8,4,2,2022-03-09 09:06:19
1646816779514935000,45.75,1,45.75,8,45.8,4,2,2022-03-09 09:06:19
1646816780275429000,45.75,1,45.75,14,45.8,5,2,2022-03-09 09:06:20
1646816780381656000,45.8,1,45.75,14,45.8,4,1,2022-03-09 09:06:20
1646816780480195000,45.8,4,45.75,14,45.85,2,1,2022-03-09 09:06:20
1646816780480195000,45.85,2,45.75,14,45.85,2,1,2022-03-09 09:06:20
1646816781172286000,45.8,1,45.75,16,45.85,3,1,2022-03-09 09:06:21
1646816781325437000,45.85,1,45.75,16,45.85,2,1,2022-03-09 09:06:21
1646816781637709000,45.85,2,45.8,6,45.9,8,1,2022-03-09 09:06:21
1646816781895749000,45.8,5,45.8,1,45.9,8,2,2022-03-09 09:06:21
1646816781927667000,45.8,1,45.75,16,45.9,8,2,2022-03-09 09:06:21
1646816782126561000,45.85,1,45.85,1,45.9,8,2,2022-03-09 09:06:22
1646816782507851000,45.85,1,45.8,3,45.9,8,2,2022-03-09 09:06:22
1646816782911081000,45.9,2,45.8,4,45.9,6,1,2022-03-09 09:06:22
1646816783248414000,45.9,1,45.8,4,45.9,5,1,2022-03-09 09:06:23
1646816783299075000,45.9,5,45.8,4,46.0,13,1,2022-03-09 09:06:23
1646816783299075000,45.95,5,45.8,4,46.0,13,1,2022-03-09 09:06:23
1646816783447978000,45.8,4,45.75,12,46.0,13,2,2022-03-09 09:06:23
1646816783447978000,45.75,5,45.75,12,46.0,13,2,2022-03-09 09:06:23
1646816783687204000,45.95,1,45.95,1,46.0,13,2,2022-03-09 09:06:23
1646816783925828000,45.95,1,45.85,1,46.0,13,2,2022-03-09 09:06:23
1646816784022825000,45.85,1,45.75,12,45.8,7,2,2022-03-09 09:06:24
1646816784022825000,45.8,2,45.75,12,45.8,7,2,2022-03-09 09:06:24
1646816784206899000,45.8,2,45.75,12,45.8,5,1,2022-03-09 09:06:24
1646816784246943000,45.8,5,45.85,3,46.0,13,1,2022-03-09 09:06:24
1646816784376949000,46.0,1,45.85,3,46.0,12,1,2022-03-09 09:06:24
1646816784471106000,46.0,5,45.85,3,46.0,6,1,2022-03-09 09:06:24
1646816784703602000,45.95,2,45.85,4,46.0,6,2,2022-03-09 09:06:24
1646816785166258000,45.85,2,45.85,5,46.0,6,2,2022-03-09 09:06:25
1646816785231766000,46.0,3,45.85,5,46.0,3,1,2022-03-09 09:06:25
1646816785505302000,45.95,1,45.85,5,46.1,25,1,2022-03-09 09:06:25
1646816785505302000,46.0,3,45.85,5,46.1,25,1,2022-03-09 09:06:25
1646816785505302000,46.05,6,45.85,5,46.1,25,1,2022-03-09 09:06:25
1646816786065062000,45.9,1,45.9,4,46.0,2,2,2022-03-09 09:06:26
1646816786132223000,46.0,2,45.9,4,46.1,22,1,2022-03-09 09:06:26
1646816786132223000,46.1,3,45.9,4,46.1,22,1,2022-03-09 09:06:26
1646816786337765000,46.1,1,45.9,5,46.1,21,1,2022-03-09 09:06:26
1646816786696953000,45.9,1,45.9,6,46.1,21,2,2022-03-09 09:06:26
1646816787039114000,46.1,1,46.05,1,46.1,20,1,2022-03-09 09:06:27
1646816787656505000,46.1,1,46.05,1,46.1,4,1,2022-03-09 09:06:27
1646816788176733000,46.1,4,46.1,3,46.15,22,1,2022-03-09 09:06:28
1646816788212902000,46.15,1,46.1,3,46.15,21,1,2022-03-09 09:06:28
1646816788756439000,46.1,2,46.1,1,46.15,21,2,2022-03-09 09:06:28
1646816788862428000,46.1,1,46.1,1,46.15,21,2,2022-03-09 09:06:28
1646816788882325000,46.1,1,46.0,2,46.15,21,2,2022-03-09 09:06:28
1646816788882325000,46.0,1,46.0,2,46.15,21,2,2022-03-09 09:06:28
1646816789376500000,46.15,2,46.05,4,46.15,19,1,2022-03-09 09:06:29
1646816789400976000,46.15,5,46.05,4,46.15,14,1,2022-03-09 09:06:29
1646816789408896000,46.15,2,46.05,4,46.15,12,1,2022-03-09 09:06:29
1646816789433751000,46.15,7,46.05,4,46.15,5,1,2022-03-09 09:06:29
1646816789474583000,46.15,1,46.05,4,46.15,4,1,2022-03-09 09:06:29
1646816789503672000,46.15,4,46.05,4,46.2,13,1,2022-03-09 09:06:29
1646816789623800000,46.05,3,46.05,1,46.2,13,2,2022-03-09 09:06:29
1646816789943446000,46.2,12,46.05,1,46.2,1,1,2022-03-09 09:06:29
1646816790281141000,46.1,2,46.1,48,46.15,2,2,2022-03-09 09:06:30
1646816790444416000,46.15,1,46.1,48,46.15,1,1,2022-03-09 09:06:30
1646816790867651000,46.1,9,46.1,40,46.15,1,2,2022-03-09 09:06:30
1646816791014610000,46.15,1,46.1,40,46.2,1,1,2022-03-09 09:06:31
1646816791118648000,46.2,1,46.15,3,46.3,6,1,2022-03-09 09:06:31
1646816791118648000,46.25,2,46.15,3,46.3,6,1,2022-03-09 09:06:31
1646816791155826000,46.15,1,46.15,2,46.3,6,2,2022-03-09 09:06:31
1646816791446812000,46.15,5,46.15,2,46.2,1,2,2022-03-09 09:06:31
1646816791480728000,46.15,2,46.1,41,46.2,1,2,2022-03-09 09:06:31
1646816791571781000,46.15,2,46.1,23,46.2,1,2,2022-03-09 09:06:31
1646816791571781000,46.1,18,46.1,23,46.2,1,2,2022-03-09 09:06:31
1646816791895583000,46.15,2,46.15,11,46.2,1,2,2022-03-09 09:06:31
1646816791932286000,46.2,1,46.15,11,46.3,6,1,2022-03-09 09:06:31
1646816792538335000,46.2,2,46.2,2,46.25,6,2,2022-03-09 09:06:32
1646816792708593000,46.2,1,46.2,2,46.25,6,2,2022-03-09 09:06:32
1646816792794226000,46.2,1,46.2,1,46.25,6,2,2022-03-09 09:06:32
1646816792819675000,46.2,1,46.1,23,46.25,6,2,2022-03-09 09:06:32
1646816792819675000,46.15,2,46.1,23,46.25,6,2,2022-03-09 09:06:32
1646816792819675000,46.1,2,46.1,23,46.25,6,2,2022-03-09 09:06:32
1646816793615983000,46.2,1,46.15,2,46.2,3,2,2022-03-09 09:06:33
1646816793716031000,46.15,2,46.1,24,46.2,3,2,2022-03-09 09:06:33
1646816793716031000,46.1,1,46.1,24,46.2,3,2,2022-03-09 09:06:33
1646816794286581000,46.15,1,46.1,23,46.2,5,2,2022-03-09 09:06:34
1646816794286581000,46.1,1,46.1,23,46.2,5,2,2022-03-09 09:06:34
1646816794313552000,46.2,1,46.1,23,46.2,4,1,2022-03-09 09:06:34
1646816794340056000,46.2,1,46.1,23,46.2,3,1,2022-03-09 09:06:34
1646816794367366000,46.2,1,46.1,23,46.2,2,1,2022-03-09 09:06:34
1646816794476368000,46.2,1,46.1,23,46.2,1,1,2022-03-09 09:06:34
1646816794501533000,46.2,1,46.1,23,46.25,5,1,2022-03-09 09:06:34
1646816794501533000,46.25,2,46.1,23,46.25,5,1,2022-03-09 09:06:34
1646816794579841000,46.15,1,46.1,22,46.25,5,2,2022-03-09 09:06:34
1646816794579841000,46.1,1,46.1,22,46.25,5,2,2022-03-09 09:06:34
1646816794599792000,46.25,4,46.1,22,46.25,1,1,2022-03-09 09:06:34
1646816794820794000,46.15,1,46.1,22,46.15,7,1,2022-03-09 09:06:34
1646816794839224000,46.15,1,46.1,22,46.15,6,1,2022-03-09 09:06:34
1646816794909016000,46.15,1,46.1,22,46.15,5,1,2022-03-09 09:06:34
1646816794948711000,46.15,2,46.1,22,46.15,3,1,2022-03-09 09:06:34
1646816795222044000,46.15,1,46.1,23,46.15,7,1,2022-03-09 09:06:35
1646816795313060000,46.15,1,46.1,23,46.15,6,1,2022-03-09 09:06:35
1646816796053478000,46.15,1,46.1,23,46.15,5,1,2022-03-09 09:06:36
1646816796179753000,46.1,5,46.1,18,46.15,5,2,2022-03-09 09:06:36
1646816796389619000,46.15,1,46.1,18,46.15,4,1,2022-03-09 09:06:36
1646816796397994000,46.15,4,46.2,8,46.25,4,1,2022-03-09 09:06:36
1646816796397994000,46.2,8,46.2,8,46.25,4,1,2022-03-09 09:06:36
1646816796520206000,46.2,8,46.1,18,46.2,2,2,2022-03-09 09:06:36
1646816796893976000,46.2,1,46.15,3,46.2,1,1,2022-03-09 09:06:36
1646816796900312000,46.2,1,46.2,4,46.25,4,1,2022-03-09 09:06:36
1646816796964101000,46.25,1,46.2,4,46.25,3,1,2022-03-09 09:06:36
1646816797095118000,46.2,1,46.2,10,46.25,3,2,2022-03-09 09:06:37
1646816797401074000,46.2,2,46.2,8,46.25,3,2,2022-03-09 09:06:37
1646816797664935000,46.2,1,46.2,7,46.25,3,2,2022-03-09 09:06:37
1646816797702288000,46.25,1,46.2,7,46.25,2,1,2022-03-09 09:06:37
1646816797826284000,46.2,5,46.2,2,46.25,2,2,2022-03-09 09:06:37
1646816798363908000,46.2,2,46.15,3,46.25,3,2,2022-03-09 09:06:38
1646816798417608000,46.15,1,46.15,2,46.25,3,2,2022-03-09 09:06:38
1646816798449426000,46.25,1,46.15,2,46.25,2,1,2022-03-09 09:06:38
1646816798943490000,46.2,2,46.15,2,46.25,2,2,2022-03-09 09:06:38
1646816799069379000,46.15,1,46.15,1,46.25,2,2,2022-03-09 09:06:39
1646816799103621000,46.25,2,46.15,2,46.3,7,1,2022-03-09 09:06:39
1646816799103621000,46.3,3,46.15,2,46.3,7,1,2022-03-09 09:06:39
1646816799237436000,46.2,1,46.15,2,46.3,7,2,2022-03-09 09:06:39
1646816799325595000,46.3,2,46.15,2,46.3,5,1,2022-03-09 09:06:39
1646816799586353000,46.25,1,46.3,5,46.35,26,1,2022-03-09 09:06:39
1646816799586353000,46.3,5,46.3,5,46.35,26,1,2022-03-09 09:06:39
1646816799605017000,46.35,1,46.3,5,46.35,25,1,2022-03-09 09:06:39
1646816799615146000,46.3,1,46.3,4,46.35,25,2,2022-03-09 09:06:39
1646816799649955000,46.35,2,46.3,4,46.35,23,1,2022-03-09 09:06:39
1646816799651829000,46.3,3,46.3,1,46.35,23,2,2022-03-09 09:06:39
1646816799802444000,46.3,1,46.15,2,46.35,23,2,2022-03-09 09:06:39
1646816800065186000,46.25,1,46.25,6,46.35,23,1,2022-03-09 09:06:40
1646816800087976000,46.35,2,46.25,6,46.35,21,1,2022-03-09 09:06:40
1646816800115194000,46.25,1,46.25,5,46.35,21,2,2022-03-09 09:06:40
1646816800885013000,46.35,2,46.25,10,46.35,19,1,2022-03-09 09:06:40
1646816800998357000,46.25,1,46.25,9,46.35,19,2,2022-03-09 09:06:40
1646816801292376000,46.25,1,46.25,9,46.35,19,2,2022-03-09 09:06:41
1646816801350891000,46.35,1,46.25,9,46.35,18,1,2022-03-09 09:06:41
1646816801417361000,46.35,18,46.25,10,46.4,74,1,2022-03-09 09:06:41
1646816801417361000,46.4,2,46.25,10,46.4,74,1,2022-03-09 09:06:41
1646816801452948000,46.4,1,46.35,9,46.4,73,1,2022-03-09 09:06:41
1646816801502877000,46.35,1,46.35,8,46.4,73,2,2022-03-09 09:06:41
1646816801685415000,46.4,1,46.35,8,46.4,72,1,2022-03-09 09:06:41
1646816801942502000,46.35,1,46.35,7,46.4,72,2,2022-03-09 09:06:41
1646816802159745000,46.35,1,46.35,6,46.4,72,2,2022-03-09 09:06:42
1646816802167966000,46.4,30,46.35,6,46.4,42,1,2022-03-09 09:06:42
1646816802335016000,46.4,30,46.35,6,46.4,12,1,2022-03-09 09:06:42
1646816802361299000,46.4,3,46.35,6,46.4,9,1,2022-03-09 09:06:42
1646816802370958000,46.4,1,46.35,6,46.4,8,1,2022-03-09 09:06:42
1646816802684839000,46.4,3,46.35,6,46.4,5,1,2022-03-09 09:06:42
1646816802727026000,46.4,5,46.35,6,46.45,20,1,2022-03-09 09:06:42
1646816802756546000,46.45,1,46.35,6,46.45,19,1,2022-03-09 09:06:42
1646816802907679000,46.45,5,46.4,43,46.45,14,1,2022-03-09 09:06:42
1646816802922694000,46.45,1,46.4,43,46.45,13,1,2022-03-09 09:06:42
1646816802967404000,46.45,1,46.4,43,46.45,12,1,2022-03-09 09:06:42
1646816803038189000,46.45,2,46.4,43,46.45,10,1,2022-03-09 09:06:43
1646816803131032000,46.45,1,46.4,78,46.45,9,1,2022-03-09 09:06:43
1646816803220048000,46.45,1,46.4,79,46.45,8,1,2022-03-09 09:06:43
1646816803337850000,46.45,5,46.4,79,46.45,3,1,2022-03-09 09:06:43
1646816803495180000,46.45,1,46.4,89,46.45,2,1,2022-03-09 09:06:43
1646816803502372000,46.45,2,46.4,89,46.5,37,1,2022-03-09 09:06:43
1646816803520333000,46.4,1,46.4,88,46.5,37,2,2022-03-09 09:06:43
1646816803700752000,46.5,1,46.4,83,46.5,36,1,2022-03-09 09:06:43
1646816803777948000,46.45,3,46.4,83,46.45,2,2,2022-03-09 09:06:43
1646816803831532000,46.45,1,46.4,83,46.45,1,1,2022-03-09 09:06:43
1646816803844516000,46.45,1,46.4,83,46.5,36,1,2022-03-09 09:06:43
1646816803865175000,46.4,1,46.4,82,46.5,36,2,2022-03-09 09:06:43
1646816803945763000,46.5,1,46.45,5,46.5,35,1,2022-03-09 09:06:43
1646816803966493000,46.5,1,46.45,5,46.5,34,1,2022-03-09 09:06:43
1646816804012979000,46.5,2,46.45,5,46.5,34,1,2022-03-09 09:06:44
1646816804066714000,46.5,1,46.45,5,46.5,33,1,2022-03-09 09:06:44
1646816804089154000,46.5,10,46.45,5,46.5,23,1,2022-03-09 09:06:44
1646816804137774000,46.5,1,46.45,13,46.5,22,1,2022-03-09 09:06:44
1646816804302731000,46.5,1,46.45,13,46.5,21,1,2022-03-09 09:06:44
1646816804551500000,46.5,5,46.45,16,46.5,16,1,2022-03-09 09:06:44
1646816804586062000,46.5,1,46.45,16,46.5,15,1,2022-03-09 09:06:44
1646816804638138000,46.5,1,46.45,16,46.5,14,1,2022-03-09 09:06:44
1646816804914065000,46.5,1,46.45,18,46.5,13,1,2022-03-09 09:06:44
1646816804957490000,46.5,1,46.45,18,46.5,12,1,2022-03-09 09:06:44
1646816805047773000,46.5,1,46.45,18,46.5,11,1,2022-03-09 09:06:45
1646816805244824000,46.5,1,46.45,17,46.5,10,1,2022-03-09 09:06:45
1646816805292436000,46.5,10,46.45,17,46.7,8,1,2022-03-09 09:06:45
1646816805292436000,46.55,10,46.45,17,46.7,8,1,2022-03-09 09:06:45
1646816805292436000,46.6,7,46.45,17,46.7,8,1,2022-03-09 09:06:45
1646816805292436000,46.65,1,46.45,17,46.7,8,1,2022-03-09 09:06:45
1646816805292436000,46.7,2,46.45,17,46.7,8,1,2022-03-09 09:06:45
1646816805327388000,46.65,1,46.5,5,46.7,8,1,2022-03-09 09:06:45
1646816805362798000,46.6,1,46.5,8,46.7,1,1,2022-03-09 09:06:45
1646816805362798000,46.7,7,46.5,8,46.7,1,1,2022-03-09 09:06:45
1646816805389702000,46.7,1,46.5,10,46.75,4,1,2022-03-09 09:06:45
1646816805498788000,46.75,1,46.55,4,46.75,3,1,2022-03-09 09:06:45
1646816805514738000,46.75,3,46.55,4,46.8,14,1,2022-03-09 09:06:45
1646816805530076000,46.8,1,46.55,4,46.8,13,1,2022-03-09 09:06:45
1646816805541592000,46.8,1,46.55,5,46.8,12,1,2022-03-09 09:06:45
1646816805587016000,46.8,2,46.55,5,46.8,10,1,2022-03-09 09:06:45
1646816805608739000,46.8,3,46.55,5,46.8,7,1,2022-03-09 09:06:45
1646816805705645000,46.8,2,46.55,5,46.8,5,1,2022-03-09 09:06:45
1646816805736440000,46.8,1,46.55,5,46.8,4,1,2022-03-09 09:06:45
1646816805765339000,46.8,2,46.55,5,46.8,2,1,2022-03-09 09:06:45
1646816805891379000,46.6,5,46.55,1,46.6,5,1,2022-03-09 09:06:45
1646816805893210000,46.6,1,46.55,1,46.6,4,1,2022-03-09 09:06:45
1646816805899429000,46.6,4,46.55,1,46.8,2,1,2022-03-09 09:06:45
1646816806000419000,46.55,1,46.55,4,46.8,2,2,2022-03-09 09:06:46
1646816806386585000,46.8,1,46.55,4,46.8,2,1,2022-03-09 09:06:46
1646816806925283000,46.75,2,46.6,1,46.75,8,1,2022-03-09 09:06:46
1646816807406612000,46.75,1,46.6,2,46.75,12,1,2022-03-09 09:06:47
1646816807446861000,46.75,1,46.6,2,46.75,11,1,2022-03-09 09:06:47
1646816807496249000,46.6,2,46.55,3,46.75,11,2,2022-03-09 09:06:47
1646816807694578000,46.55,1,46.55,3,46.75,11,2,2022-03-09 09:06:47
1646816808003462000,46.75,6,46.6,1,46.75,8,1,2022-03-09 09:06:48
1646816808139825000,46.75,1,46.6,2,46.75,7,1,2022-03-09 09:06:48
1646816808157663000,46.75,2,46.6,2,46.75,5,1,2022-03-09 09:06:48
1646816808390548000,46.75,1,46.65,1,46.75,5,1,2022-03-09 09:06:48
1646816808421645000,46.65,1,46.6,2,46.65,4,2,2022-03-09 09:06:48
1646816808472149000,46.6,1,46.6,1,46.65,4,2,2022-03-09 09:06:48
1646816808599858000,46.65,2,46.6,1,46.65,2,1,2022-03-09 09:06:48
1646816808770827000,46.65,1,46.6,1,46.65,1,1,2022-03-09 09:06:48
1646816808789080000,46.65,1,46.6,1,46.75,3,1,2022-03-09 09:06:48
1646816808789080000,46.7,2,46.6,1,46.75,3,1,2022-03-09 09:06:48
1646816808789080000,46.75,2,46.6,1,46.75,3,1,2022-03-09 09:06:48
1646816809027036000,46.7,1,46.6,1,46.7,4,1,2022-03-09 09:06:49
1646816809043993000,46.7,2,46.6,1,46.7,2,1,2022-03-09 09:06:49
1646816809069944000,46.7,1,46.6,1,46.7,1,1,2022-03-09 09:06:49
1646816809138824000,46.7,1,46.6,1,46.75,3,1,2022-03-09 09:06:49
1646816809292539000,46.6,1,46.55,6,46.7,5,2,2022-03-09 09:06:49
1646816809342565000,46.55,2,46.55,4,46.7,5,2,2022-03-09 09:06:49
1646816809527813000,46.55,1,46.55,4,46.7,5,2,2022-03-09 09:06:49
1646816809954717000,46.65,1,46.65,4,46.7,10,2,2022-03-09 09:06:49
1646816810088455000,46.7,1,46.65,4,46.7,14,1,2022-03-09 09:06:50
1646816810139544000,46.65,4,46.55,24,46.65,6,2,2022-03-09 09:06:50
1646816810208050000,46.55,1,46.55,23,46.65,6,2,2022-03-09 09:06:50
1646816810259370000,46.65,1,46.55,23,46.65,6,1,2022-03-09 09:06:50
1646816810288318000,46.65,4,46.55,27,46.65,2,1,2022-03-09 09:06:50
1646816810296757000,46.65,1,46.55,27,46.65,1,1,2022-03-09 09:06:50
1646816810431929000,46.65,1,46.6,1,46.65,1,1,2022-03-09 09:06:50
1646816810444766000,46.65,1,46.6,1,46.7,14,1,2022-03-09 09:06:50
1646816810553641000,46.7,1,46.6,3,46.7,13,1,2022-03-09 09:06:50
1646816810707099000,46.7,2,46.6,3,46.7,11,1,2022-03-09 09:06:50
1646816810856373000,46.7,2,46.6,3,46.7,9,1,2022-03-09 09:06:50
1646816810887030000,46.6,3,46.55,27,46.7,9,2,2022-03-09 09:06:50
1646816810918844000,46.7,5,46.55,27,46.7,4,1,2022-03-09 09:06:50
1646816810945727000,46.55,1,46.55,26,46.7,4,2,2022-03-09 09:06:50
1646816811128055000,46.7,1,46.55,26,46.7,7,1,2022-03-09 09:06:51
1646816811281162000,46.6,1,46.55,26,46.6,3,1,2022-03-09 09:06:51
1646816811294271000,46.6,1,46.55,26,46.6,2,1,2022-03-09 09:06:51
1646816811295471000,46.6,2,46.55,26,46.7,4,1,2022-03-09 09:06:51
1646816811295471000,46.7,3,46.55,26,46.7,4,1,2022-03-09 09:06:51
1646816811387826000,46.7,2,46.55,26,46.7,2,1,2022-03-09 09:06:51
1646816811415180000,46.7,1,46.55,26,46.7,1,1,2022-03-09 09:06:51
1646816811566218000,46.6,2,46.55,26,46.65,1,1,2022-03-09 09:06:51
1646816811621992000,46.65,1,46.55,26,46.7,2,1,2022-03-09 09:06:51
1646816812039655000,46.65,5,46.55,29,46.65,3,1,2022-03-09 09:06:52
1646816812424204000,46.6,1,46.55,31,46.6,1,1,2022-03-09 09:06:52
1646816812496032000,46.6,1,46.55,31,46.65,3,1,2022-03-09 09:06:52
1646816812578156000,46.55,1,46.55,30,46.65,3,2,2022-03-09 09:06:52
1646816812932837000,46.65,1,46.6,2,46.65,2,1,2022-03-09 09:06:52
1646816812963114000,46.6,1,46.6,1,46.65,2,2,2022-03-09 09:06:52
1646816813012809000,46.65,1,46.6,1,46.65,1,1,2022-03-09 09:06:53
1646816813081644000,46.6,1,46.55,31,46.65,1,2,2022-03-09 09:06:53
1646816813081644000,46.55,1,46.55,31,46.65,1,2,2022-03-09 09:06:53
1646816813107301000,46.65,1,46.55,31,46.7,4,1,2022-03-09 09:06:53
1646816813107301000,46.7,1,46.55,31,46.7,4,1,2022-03-09 09:06:53
1646816813139194000,46.55,1,46.55,30,46.7,4,2,2022-03-09 09:06:53
1646816813177223000,46.6,2,46.6,8,46.65,1,2,2022-03-09 09:06:53
1646816813260389000,46.65,1,46.6,8,46.7,3,1,2022-03-09 09:06:53
1646816813260389000,46.7,1,46.6,8,46.7,3,1,2022-03-09 09:06:53
1646816813657053000,46.65,1,46.6,8,46.65,5,1,2022-03-09 09:06:53
1646816814149734000,46.6,9,46.55,31,46.6,11,2,2022-03-09 09:06:54
1646816814169964000,46.55,1,46.55,30,46.6,11,2,2022-03-09 09:06:54
1646816814202066000,46.55,3,46.55,27,46.6,11,2,2022-03-09 09:06:54
1646816814202296000,46.55,27,46.5,36,46.6,11,2,2022-03-09 09:06:54
1646816814358405000,46.55,2,46.5,36,46.65,10,1,2022-03-09 09:06:54
1646816814358405000,46.6,11,46.5,36,46.65,10,1,2022-03-09 09:06:54
1646816814358405000,46.65,2,46.5,36,46.65,10,1,2022-03-09 09:06:54
1646816814369787000,46.5,19,46.5,17,46.65,12,2,2022-03-09 09:06:54
1646816814471095000,46.65,5,46.5,17,46.65,7,1,2022-03-09 09:06:54
1646816814519047000,46.5,3,46.5,14,46.65,7,2,2022-03-09 09:06:54
1646816814659323000,46.5,6,46.5,8,46.65,12,2,2022-03-09 09:06:54
1646816814923323000,46.55,1,46.5,8,46.55,3,1,2022-03-09 09:06:54
1646816815026210000,46.5,1,46.5,7,46.55,3,2,2022-03-09 09:06:55
1646816815110328000,46.55,1,46.5,7,46.55,2,1,2022-03-09 09:06:55
1646816815301673000,46.55,1,46.5,8,46.55,4,1,2022-03-09 09:06:55
1646816815358071000,46.55,1,46.5,14,46.55,3,1,2022-03-09 09:06:55
1646816815376549000,46.55,1,46.5,14,46.55,2,1,2022-03-09 09:06:55
1646816815377452000,46.55,2,46.5,14,46.6,18,1,2022-03-09 09:06:55
1646816815377452000,46.6,1,46.5,14,46.6,18,1,2022-03-09 09:06:55
1646816815428450000,46.5,5,46.5,9,46.6,18,2,2022-03-09 09:06:55
1646816815448912000,46.6,1,46.5,9,46.6,17,1,2022-03-09 09:06:55
1646816815513380000,46.6,1,46.5,9,46.6,22,1,2022-03-09 09:06:55
1646816815652988000,46.6,5,46.55,1,46.6,17,1,2022-03-09 09:06:55
1646816815667540000,46.6,1,46.55,1,46.6,15,1,2022-03-09 09:06:55
1646816815809167000,46.55,1,46.5,9,46.6,15,2,2022-03-09 09:06:55
1646816815847904000,46.5,1,46.5,9,46.55,10,2,2022-03-09 09:06:55
1646816815916307000,46.55,1,46.5,9,46.55,9,1,2022-03-09 09:06:55
1646816815970224000,46.5,2,46.5,7,46.55,12,2,2022-03-09 09:06:55
1646816815984144000,46.5,1,46.5,6,46.55,12,2,2022-03-09 09:06:55
1646816816201601000,46.5,2,46.5,5,46.55,17,2,2022-03-09 09:06:56
1646816816267261000,46.55,1,46.5,5,46.55,16,1,2022-03-09 09:06:56
1646816816499479000,46.5,2,46.5,4,46.55,16,2,2022-03-09 09:06:56
1646816816552413000,46.5,3,46.5,1,46.55,16,2,2022-03-09 09:06:56
1646816816612708000,46.55,16,46.5,1,46.6,12,1,2022-03-09 09:06:56
1646816816612708000,46.6,4,46.5,1,46.6,12,1,2022-03-09 09:06:56
1646816816614861000,46.5,1,46.45,1,46.5,1,2,2022-03-09 09:06:56
1646816816619415000,46.5,1,46.45,1,46.6,12,1,2022-03-09 09:06:56
1646816816688147000,46.6,1,46.45,1,46.6,11,1,2022-03-09 09:06:56
1646816816725563000,46.6,1,46.45,1,46.6,10,1,2022-03-09 09:06:56
1646816816900400000,46.55,1,46.45,1,46.55,2,2,2022-03-09 09:06:56
1646816816929884000,46.55,2,46.45,1,46.6,11,1,2022-03-09 09:06:56
1646816817153474000,46.6,1,46.5,10,46.6,10,1,2022-03-09 09:06:57
1646816817206303000,46.5,10,46.4,13,46.45,4,2,2022-03-09 09:06:57
1646816817206303000,46.45,1,46.4,13,46.45,4,2,2022-03-09 09:06:57
1646816817271603000,46.45,4,46.4,13,46.6,4,1,2022-03-09 09:06:57
1646816817271603000,46.6,6,46.4,13,46.6,4,1,2022-03-09 09:06:57
1646816817327763000,46.6,1,46.4,13,46.6,3,1,2022-03-09 09:06:57
1646816817685195000,46.45,1,46.4,13,46.6,2,1,2022-03-09 09:06:57
1646816817685195000,46.55,1,46.4,13,46.6,2,1,2022-03-09 09:06:57
1646816817685195000,46.6,1,46.4,13,46.6,2,1,2022-03-09 09:06:57
1646816817726047000,46.6,1,46.4,13,46.6,1,1,2022-03-09 09:06:57
1646816817859957000,46.45,1,46.4,13,46.6,1,1,2022-03-09 09:06:57
1646816818117634000,46.4,2,46.4,11,46.5,1,2,2022-03-09 09:06:58
1646816818238958000,46.5,1,46.4,16,46.55,1,1,2022-03-09 09:06:58
1646816818484689000,46.5,1,46.5,1,46.55,1,2,2022-03-09 09:06:58
1646816818902858000,46.5,1,46.5,7,46.55,3,2,2022-03-09 09:06:58
1646816819442937000,46.5,5,46.5,4,46.55,3,2,2022-03-09 09:06:59
1646816819751638000,46.55,1,46.5,4,46.55,3,1,2022-03-09 09:06:59
1646816819793557000,46.55,1,46.5,4,46.55,2,1,2022-03-09 09:06:59
1646816819802994000,46.55,1,46.5,4,46.55,1,1,2022-03-09 09:06:59
1646816819957293000,46.55,4,46.5,4,46.6,12,1,2022-03-09 09:06:59
1646816819957293000,46.6,2,46.5,4,46.6,12,1,2022-03-09 09:06:59
1646816820126253000,46.5,2,46.5,2,46.6,12,2,2022-03-09 09:07:00
1646816820280293000,46.5,1,46.5,1,46.6,12,2,2022-03-09 09:07:00
1646816820349293000,46.5,1,46.45,1,46.6,12,2,2022-03-09 09:07:00
1646816820751194000,46.55,1,46.5,1,46.55,1,1,2022-03-09 09:07:00
1646816820879561000,46.5,1,46.45,1,46.5,2,2,2022-03-09 09:07:00
1646816821177696000,46.5,2,46.45,1,46.5,1,1,2022-03-09 09:07:01
1646816821321220000,46.5,1,46.45,1,46.55,12,1,2022-03-09 09:07:01
1646816821395780000,46.5,1,46.4,14,46.55,12,2,2022-03-09 09:07:01
1646816821395780000,46.45,1,46.4,14,46.55,12,2,2022-03-09 09:07:01
1646816821395780000,46.4,1,46.4,14,46.55,12,2,2022-03-09 09:07:01
1646816821518915000,46.5,1,46.4,14,46.55,5,1,2022-03-09 09:07:01
1646816821518915000,46.55,7,46.4,14,46.55,5,1,2022-03-09 09:07:01
1646816821864808000,46.45,1,46.4,14,46.55,5,1,2022-03-09 09:07:01
1646816822011560000,46.45,3,46.4,14,46.55,5,1,2022-03-09 09:07:02
1646816822011560000,46.55,2,46.4,14,46.55,5,1,2022-03-09 09:07:02
1646816822252355000,46.55,5,46.4,14,46.6,37,1,2022-03-09 09:07:02
1646816822252355000,46.6,5,46.4,14,46.6,37,1,2022-03-09 09:07:02
1646816822314117000,46.4,7,46.4,7,46.6,37,2,2022-03-09 09:07:02
1646816822458044000,46.5,1,46.4,7,46.6,37,2,2022-03-09 09:07:02
1646816822649320000,46.5,1,46.5,10,46.6,42,2,2022-03-09 09:07:02
1646816822887906000,46.5,1,46.5,10,46.6,42,2,2022-03-09 09:07:02
1646816822991141000,46.5,1,46.5,9,46.6,42,2,2022-03-09 09:07:02
1646816823069211000,46.6,1,46.5,9,46.6,41,1,2022-03-09 09:07:03
1646816823295289000,46.5,2,46.5,7,46.55,1,2,2022-03-09 09:07:03
1646816823327398000,46.5,1,46.5,8,46.55,1,2,2022-03-09 09:07:03
1646816823343477000,46.5,3,46.5,5,46.55,1,2,2022-03-09 09:07:03
1646816824054577000,46.55,4,46.5,5,46.55,1,1,2022-03-09 09:07:04
1646816824263689000,46.55,1,46.5,5,46.6,43,1,2022-03-09 09:07:04
1646816824354410000,46.55,1,46.5,5,46.55,1,2,2022-03-09 09:07:04
1646816824632646000,46.5,1,46.5,4,46.55,6,2,2022-03-09 09:07:04
1646816824809073000,46.5,1,46.5,3,46.55,7,2,2022-03-09 09:07:04
1646816825022819000,46.55,3,46.5,3,46.55,5,1,2022-03-09 09:07:05
1646816825821613000,46.5,2,46.5,9,46.55,14,2,2022-03-09 09:07:05
1646816825911123000,46.55,10,46.5,9,46.55,4,1,2022-03-09 09:07:05
1646816826384135000,46.5,1,46.5,9,46.55,4,2,2022-03-09 09:07:06
1646816826466475000,46.55,1,46.5,10,46.55,3,1,2022-03-09 09:07:06
1646816826541665000,46.55,2,46.5,10,46.55,1,1,2022-03-09 09:07:06
1646816826571865000,46.55,1,46.5,10,46.6,36,1,2022-03-09 09:07:06
1646816826571865000,46.6,19,46.5,10,46.6,36,1,2022-03-09 09:07:06
1646816826623291000,46.6,1,46.5,10,46.6,35,1,2022-03-09 09:07:06
1646816826849715000,46.5,1,46.5,14,46.6,35,2,2022-03-09 09:07:06
1646816827290304000,46.55,1,46.55,9,46.6,35,2,2022-03-09 09:07:07
1646816827385101000,46.55,1,46.55,8,46.6,35,2,2022-03-09 09:07:07
1646816827455743000,46.6,2,46.55,8,46.6,33,1,2022-03-09 09:07:07
1646816827797996000,46.6,1,46.55,8,46.6,32,1,2022-03-09 09:07:07
1646816828192807000,46.6,5,46.55,8,46.6,27,1,2022-03-09 09:07:08
1646816828209360000,46.6,10,46.55,8,46.6,17,1,2022-03-09 09:07:08
1646816828219502000,46.6,6,46.55,8,46.6,11,1,2022-03-09 09:07:08
1646816828255106000,46.55,2,46.55,6,46.6,11,2,2022-03-09 09:07:08
1646816828281111000,46.6,11,46.55,6,46.65,11,1,2022-03-09 09:07:08
1646816828750238000,46.6,2,46.55,6,46.6,1,1,2022-03-09 09:07:08
1646816828814297000,46.6,1,46.55,6,46.65,11,1,2022-03-09 09:07:08
1646816828900925000,46.6,2,46.5,9,46.65,11,2,2022-03-09 09:07:08
1646816828900925000,46.55,6,46.5,9,46.65,11,2,2022-03-09 09:07:08
1646816828900925000,46.5,12,46.5,9,46.65,11,2,2022-03-09 09:07:08
1646816829210994000,46.65,2,46.6,1,46.65,9,1,2022-03-09 09:07:09
1646816829432185000,46.6,1,46.55,1,46.65,9,2,2022-03-09 09:07:09
1646816829432185000,46.55,1,46.55,1,46.65,9,2,2022-03-09 09:07:09
1646816829502032000,46.65,5,46.55,1,46.65,4,1,2022-03-09 09:07:09
1646816829504469000,46.55,1,46.5,11,46.65,4,2,2022-03-09 09:07:09
1646816829504469000,46.5,2,46.5,11,46.65,4,2,2022-03-09 09:07:09
1646816829535207000,46.65,4,46.5,11,46.7,47,1,2022-03-09 09:07:09
1646816829705205000,46.6,2,46.5,11,46.7,40,1,2022-03-09 09:07:09
1646816829705205000,46.7,7,46.5,11,46.7,40,1,2022-03-09 09:07:09
1646816829901076000,46.6,1,46.55,1,46.7,40,1,2022-03-09 09:07:09
1646816830638520000,46.65,2,46.55,5,46.7,39,2,2022-03-09 09:07:10
1646816830638520000,46.6,2,46.55,5,46.7,39,2,2022-03-09 09:07:10
1646816830638520000,46.55,1,46.55,5,46.7,39,2,2022-03-09 09:07:10
1646816830798331000,46.55,1,46.55,4,46.7,39,2,2022-03-09 09:07:10
1646816831060497000,46.55,4,46.35,13,46.65,1,2,2022-03-09 09:07:11
1646816831060497000,46.5,21,46.35,13,46.65,1,2,2022-03-09 09:07:11
1646816831060497000,46.45,5,46.35,13,46.65,1,2,2022-03-09 09:07:11
1646816831060497000,46.4,10,46.35,13,46.65,1,2,2022-03-09 09:07:11
1646816831152204000,46.4,1,46.35,10,46.6,1,2,2022-03-09 09:07:11
1646816831152204000,46.35,3,46.35,10,46.6,1,2,2022-03-09 09:07:11
1646816831184620000,46.6,1,46.35,10,46.7,36,1,2022-03-09 09:07:11
1646816831184620000,46.65,1,46.35,10,46.7,36,1,2022-03-09 09:07:11
1646816831184620000,46.7,3,46.35,10,46.7,36,1,2022-03-09 09:07:11
1646816831452020000,46.7,2,46.55,1,46.7,34,1,2022-03-09 09:07:11
1646816831779675000,46.6,1,46.55,2,46.65,2,2,2022-03-09 09:07:11
1646816831779675000,46.55,1,46.55,2,46.65,2,2,2022-03-09 09:07:11
1646816832101286000,46.65,1,46.55,5,46.65,1,1,2022-03-09 09:07:12
1646816832391143000,46.65,1,46.6,2,46.65,1,1,2022-03-09 09:07:12
1646816832775087000,46.65,4,46.6,2,46.7,32,1,2022-03-09 09:07:12
1646816832775087000,46.7,6,46.6,2,46.7,32,1,2022-03-09 09:07:12
1646816832813286000,46.6,2,46.55,10,46.7,33,2,2022-03-09 09:07:12
1646816832813286000,46.55,1,46.55,10,46.7,33,2,2022-03-09 09:07:12
1646816833249237000,46.6,1,46.55,20,46.7,33,2,2022-03-09 09:07:13
1646816833269555000,46.7,1,46.55,20,46.7,32,1,2022-03-09 09:07:13
1646816833956121000,46.6,1,46.6,1,46.65,5,2,2022-03-09 09:07:13
1646816833988862000,46.6,1,46.55,20,46.65,5,2,2022-03-09 09:07:13
1646816834284616000,46.55,1,46.55,19,46.65,5,2,2022-03-09 09:07:14
1646816834421928000,46.55,1,46.55,18,46.65,5,2,2022-03-09 09:07:14
1646816834831871000,46.6,1,46.6,9,46.65,5,2,2022-03-09 09:07:14
1646816834990039000,46.6,1,46.6,8,46.65,6,2,2022-03-09 09:07:14
1646816835298763000,46.6,2,46.6,6,46.65,6,2,2022-03-09 09:07:15
1646816835566703000,46.65,5,46.6,6,46.65,4,1,2022-03-09 09:07:15
1646816835779543000,46.65,1,46.6,6,46.65,3,1,2022-03-09 09:07:15
1646816836335817000,46.65,1,46.6,7,46.65,2,1,2022-03-09 09:07:16
1646816836575768000,46.6,1,46.6,6,46.65,2,2,2022-03-09 09:07:16
1646816837121787000,46.6,1,46.6,5,46.65,2,2,2022-03-09 09:07:17
1646816837174797000,46.65,2,46.6,10,46.7,35,1,2022-03-09 09:07:17
1646816837174797000,46.7,3,46.6,10,46.7,35,1,2022-03-09 09:07:17
1646816837712490000,46.6,1,46.6,11,46.7,36,2,2022-03-09 09:07:17
1646816837963914000,46.65,1,46.6,11,46.7,36,1,2022-03-09 09:07:17
1646816839071084000,46.7,1,46.65,2,46.7,37,1,2022-03-09 09:07:19
1646816839317504000,46.65,2,46.6,12,46.7,37,2,2022-03-09 09:07:19
1646816839691507000,46.65,1,46.65,21,46.7,37,2,2022-03-09 09:07:19
1646816840102431000,46.65,1,46.65,20,46.7,37,2,2022-03-09 09:07:20
1646816840309534000,46.7,1,46.65,20,46.7,37,1,2022-03-09 09:07:20
1646816840450485000,46.7,1,46.65,20,46.7,36,1,2022-03-09 09:07:20
1646816840471620000,46.65,5,46.65,15,46.7,36,2,2022-03-09 09:07:20
1646816840482384000,46.7,10,46.65,15,46.7,26,1,2022-03-09 09:07:20
1646816840519379000,46.7,2,46.65,15,46.7,24,1,2022-03-09 09:07:20
1646816840534123000,46.7,1,46.65,15,46.7,23,1,2022-03-09 09:07:20
1646816840648387000,46.65,6,46.65,9,46.7,23,2,2022-03-09 09:07:20
1646816840804146000,46.7,2,46.65,15,46.7,21,1,2022-03-09 09:07:20
1646816840902393000,46.7,2,46.65,15,46.7,19,1,2022-03-09 09:07:20
1646816841438106000,46.7,10,46.65,15,46.7,9,1,2022-03-09 09:07:21
1646816841604090000,46.7,9,46.65,15,46.95,3,1,2022-03-09 09:07:21
1646816841604090000,46.75,16,46.65,15,46.95,3,1,2022-03-09 09:07:21
1646816841604090000,46.8,13,46.65,15,46.95,3,1,2022-03-09 09:07:21
1646816841604090000,46.85,3,46.65,15,46.95,3,1,2022-03-09 09:07:21
1646816841604090000,46.9,5,46.65,15,46.95,3,1,2022-03-09 09:07:21
1646816841604090000,46.95,4,46.65,15,46.95,3,1,2022-03-09 09:07:21
1646816841649079000,46.9,1,46.7,8,46.95,3,1,2022-03-09 09:07:21
1646816841671035000,46.7,1,46.7,10,46.95,3,2,2022-03-09 09:07:21
1646816841831473000,46.7,1,46.7,20,46.9,1,2,2022-03-09 09:07:21
1646816841879149000,46.9,1,46.85,1,46.95,3,1,2022-03-09 09:07:21
1646816841887932000,46.9,1,46.85,1,46.95,3,1,2022-03-09 09:07:21
1646816842071545000,46.95,2,46.85,1,46.95,1,1,2022-03-09 09:07:22
1646816842186252000,46.85,1,46.75,2,46.95,1,2,2022-03-09 09:07:22
1646816842403406000,46.95,1,46.85,2,47.0,76,1,2022-03-09 09:07:22
1646816843007936000,46.85,2,46.8,12,46.95,6,2,2022-03-09 09:07:23
1646816843007936000,46.8,2,46.8,12,46.95,6,2,2022-03-09 09:07:23
1646816843239196000,46.9,1,46.85,1,46.95,6,2,2022-03-09 09:07:23
1646816843340404000,46.95,5,46.85,4,46.95,1,1,2022-03-09 09:07:23
1646816843378752000,46.95,1,46.85,4,47.0,74,1,2022-03-09 09:07:23
1646816843703844000,47.0,1,46.85,5,47.0,75,1,2022-03-09 09:07:23
1646816843997093000,46.85,12,46.8,15,46.85,13,2,2022-03-09 09:07:23
1646816844427525000,46.85,1,46.8,15,46.85,12,1,2022-03-09 09:07:24
1646816844555192000,46.85,2,46.8,15,46.85,10,1,2022-03-09 09:07:24
1646816844823865000,46.8,1,46.8,14,46.85,10,2,2022-03-09 09:07:24
1646816845150061000,46.85,1,46.8,6,46.85,9,1,2022-03-09 09:07:25
1646816845864059000,46.85,5,46.8,5,46.85,4,1,2022-03-09 09:07:25
1646816845890932000,46.85,4,46.8,5,46.95,4,1,2022-03-09 09:07:25
1646816845890932000,46.9,2,46.8,5,46.95,4,1,2022-03-09 09:07:25
1646816845890932000,46.95,9,46.8,5,46.95,4,1,2022-03-09 09:07:25
1646816846784783000,46.85,1,46.8,7,46.9,6,2,2022-03-09 09:07:26
1646816847164075000,46.85,1,46.85,1,46.9,5,2,2022-03-09 09:07:27
1646816847484371000,46.85,6,46.8,7,46.85,4,2,2022-03-09 09:07:27
1646816847770387000,46.85,3,46.8,7,46.85,1,1,2022-03-09 09:07:27
1646816847792384000,46.8,1,46.8,6,46.85,1,2,2022-03-09 09:07:27
1646816847859586000,46.85,5,46.8,6,46.85,21,1,2022-03-09 09:07:27
1646816847960351000,46.85,1,46.8,6,46.85,20,1,2022-03-09 09:07:27
1646816848041981000,46.8,1,46.8,5,46.85,20,2,2022-03-09 09:07:28
1646816848057553000,46.85,4,46.8,5,46.85,16,1,2022-03-09 09:07:28
1646816848091005000,46.85,1,46.8,11,46.85,15,1,2022-03-09 09:07:28
1646816848166458000,46.8,11,46.7,5,46.85,15,2,2022-03-09 09:07:28
1646816848166458000,46.75,8,46.7,5,46.85,15,2,2022-03-09 09:07:28
1646816848166458000,46.7,31,46.7,5,46.85,15,2,2022-03-09 09:07:28
1646816848771336000,46.85,1,46.7,5,46.85,19,1,2022-03-09 09:07:28
1646816848908276000,46.8,1,46.7,5,46.8,2,1,2022-03-09 09:07:28
1646816849032304000,46.8,2,46.8,8,46.85,19,1,2022-03-09 09:07:29
1646816849040997000,46.85,1,46.8,8,46.85,18,1,2022-03-09 09:07:29
1646816849056279000,46.85,1,46.8,8,46.85,17,1,2022-03-09 09:07:29
1646816849067829000,46.8,8,46.7,5,46.85,17,2,2022-03-09 09:07:29
1646816849123875000,46.8,1,46.7,5,46.8,2,1,2022-03-09 09:07:29
1646816849225757000,46.75,1,46.7,5,46.8,3,1,2022-03-09 09:07:29
1646816849401933000,46.8,1,46.7,5,46.8,4,1,2022-03-09 09:07:29
1646816849402756000,46.8,3,46.7,5,46.8,1,1,2022-03-09 09:07:29
1646816849943798000,46.7,1,46.7,3,46.75,2,2,2022-03-09 09:07:29
1646816850449205000,46.75,1,46.7,3,46.75,1,1,2022-03-09 09:07:30
1646816850939057000,46.75,1,46.75,9,46.8,6,1,2022-03-09 09:07:30
1646816850972970000,46.75,9,46.7,3,46.8,6,2,2022-03-09 09:07:30
1646816851021786000,46.8,1,46.7,3,46.8,5,1,2022-03-09 09:07:31
1646816851083107000,46.7,1,46.7,2,46.75,2,2,2022-03-09 09:07:31
1646816851234583000,46.7,2,46.65,17,46.7,8,2,2022-03-09 09:07:31
1646816851410495000,46.7,2,46.65,17,46.7,6,1,2022-03-09 09:07:31
1646816851929609000,46.7,1,46.65,17,46.7,5,1,2022-03-09 09:07:31
1646816851975229000,46.7,1,46.65,17,46.7,4,1,2022-03-09 09:07:31
1646816852155181000,46.7,1,46.65,17,46.7,3,1,2022-03-09 09:07:32
1646816852184367000,46.7,2,46.65,17,46.7,1,1,2022-03-09 09:07:32
1646816852415399000,46.7,1,46.65,17,46.75,2,1,2022-03-09 09:07:32
1646816852565397000,46.7,1,46.65,17,46.7,3,1,2022-03-09 09:07:32
1646816852692806000,46.65,3,46.65,14,46.7,3,2,2022-03-09 09:07:32
1646816852719118000,46.65,1,46.65,13,46.7,3,2,2022-03-09 09:07:32
1646816852977515000,46.7,2,46.65,13,46.7,1,1,2022-03-09 09:07:32
1646816853829358000,46.65,1,46.65,12,46.7,2,2,2022-03-09 09:07:33
1646816854259791000,46.65,8,46.65,4,46.7,3,2,2022-03-09 09:07:34
1646816854286020000,46.65,4,46.6,24,46.7,3,2,2022-03-09 09:07:34
1646816854328922000,46.6,5,46.6,19,46.7,3,2,2022-03-09 09:07:34
1646816854449366000,46.7,1,46.65,1,46.7,2,1,2022-03-09 09:07:34
1646816854539081000,46.65,1,46.6,22,46.7,2,2,2022-03-09 09:07:34
1646816854539081000,46.6,1,46.6,22,46.7,2,2,2022-03-09 09:07:34
1646816854902688000,46.7,2,46.6,22,46.75,6,1,2022-03-09 09:07:34
1646816854902688000,46.75,4,46.6,22,46.75,6,1,2022-03-09 09:07:34
1646816855022306000,46.6,1,46.6,21,46.75,6,2,2022-03-09 09:07:35
1646816855171741000,46.75,2,46.6,21,46.75,4,1,2022-03-09 09:07:35
1646816855179696000,46.75,1,46.6,21,46.75,3,1,2022-03-09 09:07:35
1646816855383860000,46.6,10,46.6,14,46.7,2,2,2022-03-09 09:07:35
1646816855393818000,46.7,2,46.6,14,46.8,5,1,2022-03-09 09:07:35
1646816855393818000,46.75,3,46.6,14,46.8,5,1,2022-03-09 09:07:35
1646816855446782000,46.7,1,46.6,14,46.7,1,1,2022-03-09 09:07:35
1646816855461228000,46.7,1,46.6,14,46.8,4,1,2022-03-09 09:07:35
1646816855461228000,46.8,1,46.6,14,46.8,4,1,2022-03-09 09:07:35
1646816855671727000,46.75,2,46.7,1,46.8,4,1,2022-03-09 09:07:35
1646816855826377000,46.75,1,46.7,1,46.8,3,1,2022-03-09 09:07:35
1646816855826377000,46.8,1,46.7,1,46.8,3,1,2022-03-09 09:07:35
1646816855844057000,46.7,1,46.65,4,46.8,3,2,2022-03-09 09:07:35
1646816856010637000,46.7,1,46.65,4,46.8,1,1,2022-03-09 09:07:36
1646816856010637000,46.8,2,46.65,4,46.8,1,1,2022-03-09 09:07:36
1646816856063991000,46.65,2,46.65,2,46.8,1,2,2022-03-09 09:07:36
1646816856721221000,46.7,1,46.65,7,46.7,1,1,2022-03-09 09:07:36
1646816856732359000,46.7,1,46.65,7,46.85,15,1,2022-03-09 09:07:36
1646816856732359000,46.8,1,46.65,7,46.85,15,1,2022-03-09 09:07:36
1646816856732359000,46.85,8,46.65,7,46.85,15,1,2022-03-09 09:07:36
1646816856740002000,46.65,1,46.65,6,46.85,15,2,2022-03-09 09:07:36
1646816856945195000,46.7,2,46.65,7,46.85,15,1,2022-03-09 09:07:36
1646816857353687000,46.7,1,46.65,10,46.7,6,1,2022-03-09 09:07:37
1646816857629834000,46.7,2,46.65,10,46.7,4,1,2022-03-09 09:07:37
1646816857918982000,46.7,1,46.65,10,46.7,3,1,2022-03-09 09:07:37
1646816857948294000,46.7,1,46.65,10,46.7,2,1,2022-03-09 09:07:37
1646816858306248000,46.7,2,46.65,12,46.75,29,1,2022-03-09 09:07:38
1646816858306248000,46.75,2,46.65,12,46.75,29,1,2022-03-09 09:07:38
1646816858524060000,46.7,1,46.65,12,46.75,29,1,2022-03-09 09:07:38
1646816858729286000,46.7,1,46.65,12,46.75,29,2,2022-03-09 09:07:38
1646816858786304000,46.65,2,46.65,10,46.75,29,2,2022-03-09 09:07:38
1646816859030280000,46.75,1,46.65,10,46.75,38,1,2022-03-09 09:07:39
1646816859041992000,46.75,1,46.65,10,46.75,37,1,2022-03-09 09:07:39
1646816859599057000,46.75,1,46.65,11,46.75,36,1,2022-03-09 09:07:39
1646816859680288000,46.65,1,46.65,10,46.75,36,2,2022-03-09 09:07:39
1646816859726624000,46.65,1,46.65,9,46.7,1,2,2022-03-09 09:07:39
1646816859996518000,46.7,1,46.65,9,46.75,40,1,2022-03-09 09:07:39
1646816860135114000,46.75,10,46.7,1,46.75,30,1,2022-03-09 09:07:40
1646816860177524000,46.7,2,46.7,2,46.75,30,2,2022-03-09 09:07:40
1646816860607691000,46.7,2,46.65,10,46.75,30,2,2022-03-09 09:07:40
1646816861649970000,46.75,2,46.7,4,46.75,29,1,2022-03-09 09:07:41
1646816862225437000,46.7,5,46.65,12,46.75,29,2,2022-03-09 09:07:42
1646816862631512000,46.7,1,46.65,12,46.7,2,1,2022-03-09 09:07:42
1646816862662536000,46.7,2,46.7,2,46.75,29,1,2022-03-09 09:07:42
1646816862711786000,46.7,2,46.65,12,46.7,23,2,2022-03-09 09:07:42
1646816862835934000,46.7,1,46.65,12,46.7,22,1,2022-03-09 09:07:42
1646816863077935000,46.7,1,46.65,13,46.7,21,1,2022-03-09 09:07:43
1646816863224063000,46.7,2,46.65,13,46.7,24,1,2022-03-09 09:07:43
1646816863400348000,46.7,2,46.65,13,46.7,23,1,2022-03-09 09:07:43
1646816863580675000,46.7,10,46.65,13,46.7,13,1,2022-03-09 09:07:43
1646816863759506000,46.65,10,46.65,3,46.7,13,2,2022-03-09 09:07:43
1646816863841208000,46.65,3,46.6,48,46.7,13,2,2022-03-09 09:07:43
1646816863841208000,46.6,2,46.6,48,46.7,13,2,2022-03-09 09:07:43
1646816863944063000,46.7,1,46.6,48,46.7,17,1,2022-03-09 09:07:43
1646816863958891000,46.7,1,46.6,48,46.7,16,1,2022-03-09 09:07:43
1646816864309006000,46.7,2,46.65,4,46.7,14,1,2022-03-09 09:07:44
1646816864354922000,46.7,1,46.65,4,46.7,13,1,2022-03-09 09:07:44
1646816864387987000,46.7,3,46.65,4,46.7,10,1,2022-03-09 09:07:44
1646816864514199000,46.7,2,46.65,4,46.7,8,1,2022-03-09 09:07:44
1646816864583205000,46.7,2,46.65,4,46.7,6,1,2022-03-09 09:07:44
1646816864604065000,46.7,6,46.65,4,46.75,31,1,2022-03-09 09:07:44
1646816864612523000,46.65,2,46.65,2,46.75,31,2,2022-03-09 09:07:44
1646816864650089000,46.7,1,46.7,4,46.75,31,2,2022-03-09 09:07:44
1646816864671887000,46.7,4,46.6,49,46.65,4,2,2022-03-09 09:07:44
1646816864671887000,46.65,2,46.6,49,46.65,4,2,2022-03-09 09:07:44
1646816864863251000,46.65,1,46.6,49,46.65,3,1,2022-03-09 09:07:44
1646816865077820000,46.65,1,46.6,49,46.65,4,1,2022-03-09 09:07:45
1646816865255812000,46.65,1,46.6,49,46.65,3,1,2022-03-09 09:07:45
1646816865939269000,46.65,3,46.6,50,46.7,4,1,2022-03-09 09:07:45
1646816865939269000,46.7,2,46.6,50,46.7,4,1,2022-03-09 09:07:45
1646816866287965000,46.65,1,46.6,49,46.65,2,1,2022-03-09 09:07:46
1646816866869146000,46.65,2,46.6,49,46.65,3,1,2022-03-09 09:07:46
1646816867024801000,46.6,1,46.6,48,46.65,3,2,2022-03-09 09:07:47
1646816867223950000,46.6,13,46.6,35,46.65,4,2,2022-03-09 09:07:47
1646816867259781000,46.65,2,46.6,35,46.65,2,1,2022-03-09 09:07:47
1646816867276262000,46.6,35,46.55,12,46.65,2,2,2022-03-09 09:07:47
1646816867276262000,46.55,15,46.55,12,46.65,2,2,2022-03-09 09:07:47
1646816867290266000,46.65,2,46.55,12,46.7,5,1,2022-03-09 09:07:47
1646816867290266000,46.7,1,46.55,12,46.7,5,1,2022-03-09 09:07:47
1646816867296584000,46.55,11,46.55,1,46.7,5,2,2022-03-09 09:07:47
1646816867665776000,46.65,1,46.65,2,46.7,5,2,2022-03-09 09:07:47
1646816868128716000,46.65,2,46.6,1,46.7,5,2,2022-03-09 09:07:48
