ts,close,volume,bid_price,bid_volume,ask_price,ask_volume,tick_type,datetime
1650877321530408000,40.7,2893,40.65,18,40.7,81,2,2022-04-25 09:02:01
1650877321560484000,40.7,81,40.65,18,40.7,5,1,2022-04-25 09:02:01
1650877321579495000,40.65,2,40.65,16,40.7,5,2,2022-04-25 09:02:01
1650877321582030000,40.65,1,40.65,15,40.7,5,2,2022-04-25 09:02:01
1650877321586181000,40.65,1,40.65,14,40.7,5,2,2022-04-25 09:02:01
1650877321589500000,40.65,1,40.65,13,40.7,5,2,2022-04-25 09:02:01
1650877321596366000,40.7,5,40.65,13,40.75,29,1,2022-04-25 09:02:01
1650877321596958000,40.65,13,40.6,18,40.75,29,2,2022-04-25 09:02:01
1650877321596958000,40.6,17,40.6,18,40.75,29,2,2022-04-25 09:02:01
1650877321598256000,40.6,2,40.6,16,40.75,29,2,2022-04-25 09:02:01
1650877321600866000,40.6,1,40.6,15,40.75,29,2,2022-04-25 09:02:01
1650877321611202000,40.6,1,40.6,14,40.75,29,2,2022-04-25 09:02:01
1650877321620825000,40.6,3,40.6,11,40.75,29,2,2022-04-25 09:02:01
1650877321624595000,40.6,1,40.6,10,40.75,29,2,2022-04-25 09:02:01
1650877321625196000,40.6,1,40.6,9,40.75,29,2,2022-04-25 09:02:01
1650877321684661000,40.6,2,40.6,7,40.7,1,2,2022-04-25 09:02:01
1650877321692859000,40.6,3,40.6,4,40.7,1,2,2022-04-25 09:02:01
1650877321732577000,40.6,4,40.55,10,40.7,6,2,2022-04-25 09:02:01
1650877321736986000,40.7,3,40.55,10,40.7,3,1,2022-04-25 09:02:01
1650877321928243000,40.55,5,40.55,5,40.7,12,2,2022-04-25 09:02:01
1650877321984437000,40.55,2,40.55,3,40.7,12,2,2022-04-25 09:02:01
1650877322061274000,40.7,2,40.55,3,40.7,10,1,2022-04-25 09:02:02
1650877322292002000,40.55,3,40.55,1,40.65,1,2,2022-04-25 09:02:02
1650877322317594000,40.55,1,40.5,207,40.65,1,2,2022-04-25 09:02:02
1650877322986081000,40.65,1,40.5,208,40.7,6,1,2022-04-25 09:02:02
1650877322986081000,40.7,4,40.5,208,40.7,6,1,2022-04-25 09:02:02
1650877323017934000,40.5,15,40.5,193,40.7,22,2,2022-04-25 09:02:03
1650877323131417000,40.5,2,40.5,191,40.7,24,2,2022-04-25 09:02:03
1650877323134338000,40.5,1,40.5,190,40.7,24,2,2022-04-25 09:02:03
1650877323139928000,40.5,7,40.5,183,40.7,24,2,2022-04-25 09:02:03
1650877323309798000,40.7,1,40.5,183,40.7,23,1,2022-04-25 09:02:03
1650877323369821000,40.7,1,40.5,183,40.7,22,1,2022-04-25 09:02:03
1650877323806389000,40.5,1,40.5,179,40.65,1,2,2022-04-25 09:02:03
1650877323814409000,40.5,2,40.5,177,40.65,1,2,2022-04-25 09:02:03
1650877324148407000,40.5,2,40.5,175,40.65,1,2,2022-04-25 09:02:04
1650877324612166000,40.65,1,40.5,176,40.7,27,1,2022-04-25 09:02:04
1650877324731872000,40.7,2,40.5,176,40.7,25,1,2022-04-25 09:02:04
1650877324818110000,40.5,176,40.45,1,40.5,323,2,2022-04-25 09:02:04
1650877324848404000,40.45,1,40.35,23,40.5,324,2,2022-04-25 09:02:04
1650877324848404000,40.4,1,40.35,23,40.5,324,2,2022-04-25 09:02:04
1650877324863315000,40.35,1,40.35,22,40.5,324,2,2022-04-25 09:02:04
1650877324864593000,40.35,1,40.35,21,40.5,324,2,2022-04-25 09:02:04
1650877324894258000,40.35,1,40.35,20,40.5,324,2,2022-04-25 09:02:04
1650877325052367000,40.35,8,40.35,12,40.5,339,2,2022-04-25 09:02:05
1650877325165725000,40.35,2,40.35,10,40.5,15,2,2022-04-25 09:02:05
1650877325190265000,40.4,1,40.35,4,40.5,15,2,2022-04-25 09:02:05
1650877325190265000,40.35,6,40.35,4,40.5,15,2,2022-04-25 09:02:05
1650877325339226000,40.35,6,40.3,8,40.5,16,2,2022-04-25 09:02:05
1650877325339226000,40.3,16,40.3,8,40.5,16,2,2022-04-25 09:02:05
1650877325375801000,40.3,2,40.3,6,40.45,1,2,2022-04-25 09:02:05
1650877325434720000,40.45,1,40.3,11,40.5,14,1,2022-04-25 09:02:05
1650877325434720000,40.5,1,40.3,11,40.5,14,1,2022-04-25 09:02:05
1650877325721233000,40.35,1,40.3,5,40.5,15,2,2022-04-25 09:02:05
1650877325721233000,40.3,1,40.3,5,40.5,15,2,2022-04-25 09:02:05
1650877325791448000,40.3,5,40.25,31,40.5,15,2,2022-04-25 09:02:05
1650877325791448000,40.25,3,40.25,31,40.5,15,2,2022-04-25 09:02:05
1650877325798979000,40.5,15,40.25,31,40.65,3,1,2022-04-25 09:02:05
1650877325798979000,40.6,14,40.25,31,40.65,3,1,2022-04-25 09:02:05
1650877325798979000,40.65,1,40.25,31,40.65,3,1,2022-04-25 09:02:05
1650877325918522000,40.6,1,40.35,1,40.6,11,1,2022-04-25 09:02:05
1650877327047398000,40.45,2,40.4,2,40.55,14,1,2022-04-25 09:02:07
1650877327047398000,40.55,3,40.4,2,40.55,14,1,2022-04-25 09:02:07
1650877327095127000,40.55,1,40.4,2,40.55,13,1,2022-04-25 09:02:07
1650877327525471000,40.4,1,40.4,3,40.5,1,2,2022-04-25 09:02:07
1650877327701372000,40.5,1,40.4,3,40.55,9,1,2022-04-25 09:02:07
1650877327701372000,40.55,4,40.4,3,40.55,9,1,2022-04-25 09:02:07
1650877328185806000,40.5,2,40.45,1,40.6,21,2,2022-04-25 09:02:08
1650877328236371000,40.45,1,40.4,5,40.6,30,2,2022-04-25 09:02:08
1650877328327282000,40.55,1,40.4,5,40.6,30,1,2022-04-25 09:02:08
1650877329035138000,40.4,1,40.4,4,40.55,10,2,2022-04-25 09:02:09
1650877329234827000,40.4,1,40.4,4,40.55,11,2,2022-04-25 09:02:09
1650877329599444000,40.55,1,40.4,4,40.55,10,1,2022-04-25 09:02:09
1650877329822872000,40.55,1,40.4,4,40.55,9,1,2022-04-25 09:02:09
1650877329844420000,40.55,1,40.4,4,40.55,8,1,2022-04-25 09:02:09
1650877329993299000,40.55,1,40.4,4,40.55,7,1,2022-04-25 09:02:09
1650877330016973000,40.55,6,40.4,4,40.55,1,1,2022-04-25 09:02:10
1650877330060762000,40.5,1,40.4,4,40.55,1,1,2022-04-25 09:02:10
1650877330066874000,40.55,1,40.4,4,40.6,30,1,2022-04-25 09:02:10
1650877330446967000,40.55,1,40.45,1,40.6,29,1,2022-04-25 09:02:10
1650877330446967000,40.6,1,40.45,1,40.6,29,1,2022-04-25 09:02:10
1650877330498265000,40.45,1,40.4,4,40.6,29,2,2022-04-25 09:02:10
1650877330530704000,40.6,5,40.4,4,40.6,24,1,2022-04-25 09:02:10
1650877330548276000,40.4,1,40.4,3,40.6,24,2,2022-04-25 09:02:10
1650877330592758000,40.6,6,40.4,3,40.6,18,1,2022-04-25 09:02:10
1650877330608275000,40.6,18,40.4,3,40.65,23,1,2022-04-25 09:02:10
1650877330769878000,40.65,1,40.5,2,40.65,22,1,2022-04-25 09:02:10
1650877330897365000,40.5,2,40.3,5,40.65,22,2,2022-04-25 09:02:10
1650877330897365000,40.4,3,40.3,5,40.65,22,2,2022-04-25 09:02:10
1650877330897365000,40.35,5,40.3,5,40.65,22,2,2022-04-25 09:02:10
1650877330897365000,40.3,4,40.3,5,40.65,22,2,2022-04-25 09:02:10
1650877330921720000,40.3,2,40.3,3,40.65,22,2,2022-04-25 09:02:10
1650877331012444000,40.5,1,40.35,5,40.6,13,2,2022-04-25 09:02:11
1650877331012444000,40.45,1,40.35,5,40.6,13,2,2022-04-25 09:02:11
1650877331085630000,40.5,1,40.35,5,40.55,12,1,2022-04-25 09:02:11
1650877331281478000,40.35,1,40.35,4,40.55,12,2,2022-04-25 09:02:11
1650877331466845000,40.55,1,40.35,4,40.55,11,1,2022-04-25 09:02:11
1650877331530115000,40.4,1,40.35,2,40.55,11,2,2022-04-25 09:02:11
1650877331530115000,40.35,2,40.35,2,40.55,11,2,2022-04-25 09:02:11
1650877331530322000,40.35,2,40.3,2,40.55,11,2,2022-04-25 09:02:11
1650877331530322000,40.3,1,40.3,2,40.55,11,2,2022-04-25 09:02:11
1650877331558748000,40.55,1,40.3,2,40.55,10,1,2022-04-25 09:02:11
1650877331675523000,40.45,6,40.35,1,40.55,10,1,2022-04-25 09:02:11
1650877331800003000,40.35,1,40.35,5,40.55,10,2,2022-04-25 09:02:11
1650877331890762000,40.55,1,40.35,5,40.55,9,1,2022-04-25 09:02:11
1650877331933946000,40.55,5,40.35,5,40.55,5,1,2022-04-25 09:02:11
1650877331960852000,40.55,1,40.4,1,40.55,4,1,2022-04-25 09:02:11
1650877332009597000,40.55,1,40.4,11,40.55,3,1,2022-04-25 09:02:12
1650877332026251000,40.55,2,40.4,12,40.55,1,1,2022-04-25 09:02:12
1650877332052625000,40.45,1,40.4,12,40.45,5,1,2022-04-25 09:02:12
1650877332073776000,40.45,3,40.4,12,40.45,2,1,2022-04-25 09:02:12
1650877332077065000,40.45,2,40.4,12,40.55,1,1,2022-04-25 09:02:12
1650877332113862000,40.4,1,40.4,13,40.55,1,2,2022-04-25 09:02:12
1650877332256451000,40.5,1,40.4,8,40.5,6,1,2022-04-25 09:02:12
1650877332588941000,40.4,9,40.25,35,40.5,7,2,2022-04-25 09:02:12
1650877332588941000,40.3,2,40.25,35,40.5,7,2,2022-04-25 09:02:12
1650877332588941000,40.25,14,40.25,35,40.5,7,2,2022-04-25 09:02:12
1650877332731389000,40.25,1,40.25,34,40.5,7,2,2022-04-25 09:02:12
1650877332817011000,40.5,1,40.25,34,40.5,6,1,2022-04-25 09:02:12
1650877333146393000,40.4,10,40.4,1,40.5,7,2,2022-04-25 09:02:13
1650877333178298000,40.4,1,40.4,100,40.5,6,2,2022-04-25 09:02:13
1650877333237365000,40.5,1,40.4,100,40.5,5,1,2022-04-25 09:02:13
1650877333320921000,40.4,1,40.4,99,40.5,5,2,2022-04-25 09:02:13
1650877333360701000,40.45,1,40.4,99,40.5,5,1,2022-04-25 09:02:13
1650877333365404000,40.4,1,40.4,98,40.5,5,2,2022-04-25 09:02:13
1650877333399014000,40.4,1,40.4,97,40.5,5,2,2022-04-25 09:02:13
1650877333657425000,40.5,2,40.4,97,40.5,7,1,2022-04-25 09:02:13
1650877333693449000,40.5,1,40.4,97,40.5,6,1,2022-04-25 09:02:13
1650877333759194000,40.5,1,40.4,97,40.5,5,1,2022-04-25 09:02:13
1650877333769835000,40.5,5,40.4,98,40.55,2,1,2022-04-25 09:02:13
1650877333769835000,40.55,4,40.4,98,40.55,2,1,2022-04-25 09:02:13
1650877333840335000,40.4,3,40.4,95,40.55,3,2,2022-04-25 09:02:13
1650877333872029000,40.45,2,40.4,95,40.55,3,1,2022-04-25 09:02:13
1650877334090560000,40.4,1,40.4,95,40.55,3,2,2022-04-25 09:02:14
1650877334325332000,40.45,1,40.4,95,40.5,10,2,2022-04-25 09:02:14
1650877334929981000,40.4,5,40.4,90,40.5,10,2,2022-04-25 09:02:14
1650877334940600000,40.5,1,40.4,90,40.5,9,1,2022-04-25 09:02:14
1650877334961928000,40.5,1,40.4,91,40.5,8,1,2022-04-25 09:02:14
1650877334967532000,40.5,8,40.4,91,40.55,3,1,2022-04-25 09:02:14
1650877335053278000,40.4,1,40.4,90,40.55,3,2,2022-04-25 09:02:15
1650877335250529000,40.45,2,40.45,4,40.55,3,2,2022-04-25 09:02:15
1650877335266845000,40.45,1,40.45,3,40.55,3,2,2022-04-25 09:02:15
1650877335283629000,40.55,1,40.45,3,40.55,2,1,2022-04-25 09:02:15
1650877335623125000,40.5,1,40.5,1,40.55,2,2,2022-04-25 09:02:15
1650877335637770000,40.55,1,40.5,1,40.55,1,1,2022-04-25 09:02:15
1650877335688006000,40.5,1,40.45,3,40.55,1,2,2022-04-25 09:02:15
1650877336351493000,40.45,2,40.45,3,40.55,1,2,2022-04-25 09:02:16
1650877336367008000,40.45,1,40.45,2,40.55,1,2,2022-04-25 09:02:16
1650877336498503000,40.55,1,40.45,2,40.6,16,1,2022-04-25 09:02:16
1650877336498503000,40.6,1,40.45,2,40.6,16,1,2022-04-25 09:02:16
1650877336518004000,40.45,1,40.45,1,40.6,16,2,2022-04-25 09:02:16
1650877336528192000,40.45,1,40.4,92,40.6,16,2,2022-04-25 09:02:16
1650877336666989000,40.4,1,40.4,91,40.5,1,2,2022-04-25 09:02:16
1650877336712323000,40.5,1,40.4,91,40.6,21,1,2022-04-25 09:02:16
1650877336771668000,40.4,5,40.4,86,40.6,21,2,2022-04-25 09:02:16
1650877336910195000,40.55,1,40.4,86,40.6,21,1,2022-04-25 09:02:16
1650877337184854000,40.45,1,40.45,3,40.6,21,2,2022-04-25 09:02:17
1650877337510417000,40.45,3,40.45,1,40.6,21,2,2022-04-25 09:02:17
1650877337510721000,40.45,1,40.4,90,40.6,21,2,2022-04-25 09:02:17
1650877337510721000,40.4,2,40.4,90,40.6,21,2,2022-04-25 09:02:17
1650877337530940000,40.6,1,40.4,90,40.6,20,1,2022-04-25 09:02:17
1650877337695794000,40.4,1,40.4,95,40.6,20,2,2022-04-25 09:02:17
1650877337850661000,40.45,1,40.45,4,40.6,20,2,2022-04-25 09:02:17
1650877338200946000,40.45,1,40.45,5,40.6,20,2,2022-04-25 09:02:18
1650877338205897000,40.45,1,40.45,4,40.6,20,2,2022-04-25 09:02:18
1650877338302748000,40.45,1,40.45,3,40.6,20,2,2022-04-25 09:02:18
1650877338314236000,40.6,3,40.45,3,40.6,17,1,2022-04-25 09:02:18
1650877338445197000,40.45,1,40.45,4,40.55,2,2,2022-04-25 09:02:18
1650877338514286000,40.45,2,40.45,3,40.55,2,2,2022-04-25 09:02:18
1650877338610410000,40.45,1,40.45,2,40.55,2,2,2022-04-25 09:02:18
1650877338678975000,40.45,1,40.45,1,40.55,2,2,2022-04-25 09:02:18
1650877339182556000,40.5,1,40.45,7,40.5,1,2,2022-04-25 09:02:19
1650877339242436000,40.5,1,40.45,7,40.6,19,1,2022-04-25 09:02:19
1650877339242436000,40.55,3,40.45,7,40.6,19,1,2022-04-25 09:02:19
1650877339391266000,40.55,1,40.45,7,40.6,20,2,2022-04-25 09:02:19
1650877339462492000,40.45,1,40.45,6,40.6,15,2,2022-04-25 09:02:19
1650877339588427000,40.45,2,40.45,4,40.6,15,2,2022-04-25 09:02:19
1650877339753596000,40.55,2,40.45,4,40.6,15,2,2022-04-25 09:02:19
1650877339789584000,40.45,1,40.45,3,40.6,15,2,2022-04-25 09:02:19
1650877340296086000,40.5,5,40.45,8,40.55,1,1,2022-04-25 09:02:20
1650877340476796000,40.5,1,40.45,7,40.55,1,2,2022-04-25 09:02:20
1650877340476796000,40.45,1,40.45,7,40.55,1,2,2022-04-25 09:02:20
1650877340614968000,40.45,4,40.45,3,40.5,1,2,2022-04-25 09:02:20
1650877341016811000,40.5,1,40.45,4,40.55,14,1,2022-04-25 09:02:21
1650877341423110000,40.5,1,40.45,6,40.55,18,2,2022-04-25 09:02:21
1650877341483505000,40.45,6,40.4,99,40.55,18,2,2022-04-25 09:02:21
1650877341483505000,40.4,14,40.4,99,40.55,18,2,2022-04-25 09:02:21
1650877341507840000,40.55,1,40.4,99,40.55,17,1,2022-04-25 09:02:21
1650877341644316000,40.4,4,40.4,96,40.55,17,2,2022-04-25 09:02:21
1650877341810633000,40.55,37,40.4,96,40.6,15,1,2022-04-25 09:02:21
1650877342335342000,40.55,3,40.45,3,40.6,16,2,2022-04-25 09:02:22
1650877342336787000,40.45,2,40.45,1,40.55,3,2,2022-04-25 09:02:22
1650877342535280000,40.5,1,40.45,4,40.55,3,1,2022-04-25 09:02:22
1650877342906227000,40.5,1,40.5,4,40.55,3,2,2022-04-25 09:02:22
1650877342949799000,40.5,1,40.5,3,40.55,3,2,2022-04-25 09:02:22
1650877342952899000,40.5,1,40.5,2,40.55,3,2,2022-04-25 09:02:22
1650877343042901000,40.5,1,40.5,1,40.55,3,2,2022-04-25 09:02:23
1650877343086553000,40.5,1,40.45,6,40.55,3,2,2022-04-25 09:02:23
1650877343135326000,40.45,1,40.45,5,40.55,3,2,2022-04-25 09:02:23
1650877343276577000,40.5,1,40.5,1,40.55,3,2,2022-04-25 09:02:23
1650877343299193000,40.5,1,40.5,1,40.55,4,2,2022-04-25 09:02:23
1650877343309568000,40.5,1,40.45,15,40.55,4,2,2022-04-25 09:02:23
1650877343318303000,40.55,4,40.45,15,40.6,15,1,2022-04-25 09:02:23
1650877343318303000,40.6,1,40.45,15,40.6,15,1,2022-04-25 09:02:23
1650877343342251000,40.45,1,40.45,14,40.6,15,2,2022-04-25 09:02:23
1650877343351813000,40.6,1,40.45,14,40.6,14,1,2022-04-25 09:02:23
1650877343362401000,40.45,1,40.45,13,40.6,14,2,2022-04-25 09:02:23
1650877343481560000,40.55,5,40.5,1,40.6,14,2,2022-04-25 09:02:23
1650877343526560000,40.5,1,40.45,7,40.6,14,2,2022-04-25 09:02:23
1650877343526560000,40.45,6,40.45,7,40.6,14,2,2022-04-25 09:02:23
1650877343687339000,40.45,2,40.45,11,40.6,14,2,2022-04-25 09:02:23
1650877343791405000,40.45,1,40.45,10,40.6,14,2,2022-04-25 09:02:23
1650877343851444000,40.6,1,40.45,10,40.6,13,1,2022-04-25 09:02:23
1650877343976943000,40.45,1,40.45,15,40.6,12,2,2022-04-25 09:02:23
1650877344107373000,40.45,1,40.45,14,40.55,24,2,2022-04-25 09:02:24
1650877344222737000,40.45,5,40.45,4,40.55,24,2,2022-04-25 09:02:24
1650877344412913000,40.55,1,40.5,1,40.55,23,1,2022-04-25 09:02:24
1650877344627508000,40.5,1,40.45,11,40.55,23,2,2022-04-25 09:02:24
1650877344627508000,40.45,4,40.45,11,40.55,23,2,2022-04-25 09:02:24
1650877345316665000,40.5,2,40.45,18,40.55,24,2,2022-04-25 09:02:25
1650877345610040000,40.5,1,40.45,19,40.55,24,1,2022-04-25 09:02:25
1650877345640507000,40.5,1,40.45,19,40.55,24,2,2022-04-25 09:02:25
1650877345930690000,40.45,1,40.45,18,40.55,24,2,2022-04-25 09:02:25
1650877345973990000,40.45,1,40.45,17,40.55,24,2,2022-04-25 09:02:25
1650877346147421000,40.55,1,40.45,18,40.55,23,1,2022-04-25 09:02:26
1650877346214152000,40.55,2,40.45,18,40.55,21,1,2022-04-25 09:02:26
1650877346359196000,40.5,3,40.45,20,40.55,21,1,2022-04-25 09:02:26
1650877346596634000,40.5,1,40.5,14,40.55,21,1,2022-04-25 09:02:26
1650877346865054000,40.5,1,40.5,17,40.55,21,2,2022-04-25 09:02:26
1650877346895802000,40.5,2,40.5,15,40.55,21,2,2022-04-25 09:02:26
1650877346948014000,40.5,1,40.5,14,40.55,21,2,2022-04-25 09:02:26
1650877347154397000,40.5,1,40.5,13,40.55,21,2,2022-04-25 09:02:27
1650877347193152000,40.55,1,40.5,13,40.55,20,1,2022-04-25 09:02:27
1650877347372469000,40.5,1,40.5,12,40.55,20,2,2022-04-25 09:02:27
1650877347475288000,40.55,1,40.5,12,40.55,19,1,2022-04-25 09:02:27
1650877347508471000,40.55,19,40.5,12,40.6,13,1,2022-04-25 09:02:27
1650877347548765000,40.6,13,40.5,17,40.65,4,1,2022-04-25 09:02:27
1650877347670807000,40.5,1,40.5,16,40.65,4,2,2022-04-25 09:02:27
1650877347701660000,40.5,3,40.5,19,40.65,5,2,2022-04-25 09:02:27
1650877347768070000,40.55,10,40.5,15,40.65,4,2,2022-04-25 09:02:27
1650877347995584000,40.5,4,40.5,18,40.65,5,2,2022-04-25 09:02:27
1650877348003736000,40.5,1,40.5,17,40.65,5,2,2022-04-25 09:02:28
1650877348030233000,40.55,1,40.5,17,40.65,1,1,2022-04-25 09:02:28
1650877348030233000,40.65,4,40.5,17,40.65,1,1,2022-04-25 09:02:28
1650877348206366000,40.55,2,40.5,13,40.7,27,2,2022-04-25 09:02:28
1650877348224086000,40.5,1,40.5,12,40.7,27,2,2022-04-25 09:02:28
1650877348404571000,40.6,1,40.5,7,40.7,27,2,2022-04-25 09:02:28
1650877348404571000,40.5,5,40.5,7,40.7,27,2,2022-04-25 09:02:28
1650877348563325000,40.5,2,40.5,5,40.7,27,2,2022-04-25 09:02:28
1650877348915129000,40.55,3,40.55,2,40.7,27,2,2022-04-25 09:02:28
1650877349218918000,40.7,1,40.55,2,40.7,26,1,2022-04-25 09:02:29
1650877349387826000,40.6,2,40.55,2,40.7,26,1,2022-04-25 09:02:29
1650877349729339000,40.55,1,40.55,12,40.7,26,2,2022-04-25 09:02:29
1650877350049245000,40.55,3,40.55,9,40.7,26,2,2022-04-25 09:02:30
1650877350130673000,40.55,2,40.55,15,40.7,26,2,2022-04-25 09:02:30
1650877350156623000,40.55,1,40.55,14,40.7,26,2,2022-04-25 09:02:30
1650877350211737000,40.55,8,40.55,6,40.7,26,2,2022-04-25 09:02:30
1650877350308836000,40.7,1,40.55,6,40.7,25,1,2022-04-25 09:02:30
1650877350317877000,40.55,1,40.55,5,40.7,25,2,2022-04-25 09:02:30
1650877350404926000,40.55,2,40.55,3,40.65,9,2,2022-04-25 09:02:30
1650877350528947000,40.6,1,40.6,19,40.65,9,2,2022-04-25 09:02:30
1650877350788707000,40.65,1,40.6,21,40.65,8,1,2022-04-25 09:02:30
1650877351066464000,40.6,1,40.6,20,40.65,8,2,2022-04-25 09:02:31
1650877351167902000,40.6,1,40.6,19,40.65,8,2,2022-04-25 09:02:31
1650877351193822000,40.6,19,40.55,4,40.65,8,2,2022-04-25 09:02:31
1650877351247443000,40.55,3,40.55,1,40.65,14,2,2022-04-25 09:02:31
1650877351336528000,40.55,1,40.5,39,40.65,14,2,2022-04-25 09:02:31
1650877351564889000,40.5,5,40.5,34,40.65,14,2,2022-04-25 09:02:31
1650877351591845000,40.5,5,40.5,29,40.65,16,2,2022-04-25 09:02:31
1650877351920392000,40.6,1,40.5,30,40.6,5,1,2022-04-25 09:02:31
1650877352023507000,40.6,1,40.5,35,40.6,5,1,2022-04-25 09:02:32
1650877352942752000,40.55,1,40.55,3,40.6,3,2,2022-04-25 09:02:32
1650877353440860000,40.55,1,40.55,4,40.6,2,2,2022-04-25 09:02:33
1650877353464149000,40.55,3,40.55,1,40.6,2,2,2022-04-25 09:02:33
1650877353474038000,40.6,1,40.55,1,40.6,1,1,2022-04-25 09:02:33
1650877353505850000,40.6,1,40.6,59,40.65,22,1,2022-04-25 09:02:33
1650877353526428000,40.65,4,40.6,59,40.65,18,1,2022-04-25 09:02:33
1650877353630226000,40.65,18,40.6,61,40.7,29,1,2022-04-25 09:02:33
1650877353765601000,40.6,1,40.6,65,40.7,29,2,2022-04-25 09:02:33
1650877353841762000,40.7,2,40.6,65,40.7,27,1,2022-04-25 09:02:33
1650877353857127000,40.7,1,40.6,65,40.7,26,1,2022-04-25 09:02:33
1650877353906651000,40.7,1,40.6,65,40.7,25,1,2022-04-25 09:02:33
1650877354152924000,40.6,10,40.6,55,40.7,25,2,2022-04-25 09:02:34
1650877354432921000,40.6,3,40.6,52,40.7,25,2,2022-04-25 09:02:34
1650877354714752000,40.65,1,40.65,1,40.7,25,2,2022-04-25 09:02:34
1650877354865529000,40.7,2,40.65,3,40.7,23,1,2022-04-25 09:02:34
1650877354888009000,40.65,3,40.6,30,40.7,23,2,2022-04-25 09:02:34
1650877354888009000,40.6,21,40.6,30,40.7,23,2,2022-04-25 09:02:34
1650877354892257000,40.7,23,40.6,30,40.75,27,1,2022-04-25 09:02:34
1650877354962282000,40.75,10,40.6,35,40.75,17,1,2022-04-25 09:02:34
1650877355089885000,40.75,2,40.6,35,40.75,15,1,2022-04-25 09:02:35
1650877355173005000,40.65,1,40.6,40,40.75,15,2,2022-04-25 09:02:35
1650877355448702000,40.65,1,40.65,6,40.75,15,2,2022-04-25 09:02:35
1650877355558997000,40.65,1,40.65,5,40.75,15,2,2022-04-25 09:02:35
1650877355741284000,40.65,2,40.65,3,40.75,15,2,2022-04-25 09:02:35
1650877355808222000,40.75,15,40.65,14,40.8,157,1,2022-04-25 09:02:35
1650877355829845000,40.8,157,40.65,14,40.85,36,1,2022-04-25 09:02:35
1650877355849301000,40.65,1,40.65,13,40.85,36,2,2022-04-25 09:02:35
1650877355859603000,40.65,1,40.65,12,40.85,36,2,2022-04-25 09:02:35
1650877356180322000,40.65,1,40.65,11,40.85,36,2,2022-04-25 09:02:36
1650877356198084000,40.65,1,40.65,10,40.85,36,2,2022-04-25 09:02:36
1650877356243229000,40.85,1,40.65,10,40.85,35,1,2022-04-25 09:02:36
1650877356272871000,40.65,10,40.6,31,40.85,35,2,2022-04-25 09:02:36
1650877356272871000,40.6,14,40.6,31,40.85,35,2,2022-04-25 09:02:36
1650877356430773000,40.65,1,40.65,3,40.8,4,2,2022-04-25 09:02:36
1650877356495317000,40.8,4,40.65,3,40.85,35,1,2022-04-25 09:02:36
1650877356965452000,40.65,1,40.65,2,40.8,3,2,2022-04-25 09:02:36
1650877357105146000,40.65,2,40.6,32,40.8,7,2,2022-04-25 09:02:37
1650877357324792000,40.65,1,40.6,32,40.8,8,2,2022-04-25 09:02:37
1650877357987677000,40.75,1,40.7,2,40.8,13,2,2022-04-25 09:02:37
1650877357995649000,40.8,5,40.7,2,40.8,8,1,2022-04-25 09:02:37
1650877358021827000,40.8,1,40.7,2,40.8,7,1,2022-04-25 09:02:38
1650877358040842000,40.7,2,40.6,24,40.8,7,2,2022-04-25 09:02:38
1650877358040842000,40.65,14,40.6,24,40.8,7,2,2022-04-25 09:02:38
1650877358040842000,40.6,8,40.6,24,40.8,7,2,2022-04-25 09:02:38
1650877358232061000,40.65,1,40.65,1,40.8,8,2,2022-04-25 09:02:38
1650877358437696000,40.65,1,40.6,26,40.65,9,2,2022-04-25 09:02:38
1650877358458112000,40.65,1,40.6,26,40.65,8,1,2022-04-25 09:02:38
1650877358469067000,40.65,8,40.6,26,40.8,3,1,2022-04-25 09:02:38
1650877359007709000,40.8,3,40.65,1,40.8,1,1,2022-04-25 09:02:39
1650877359175430000,40.75,1,40.65,4,40.75,19,1,2022-04-25 09:02:39
1650877359206686000,40.7,1,40.65,1,40.75,19,2,2022-04-25 09:02:39
1650877359206686000,40.65,3,40.65,1,40.75,19,2,2022-04-25 09:02:39
1650877359422823000,40.65,2,40.6,29,40.75,19,2,2022-04-25 09:02:39
1650877359422823000,40.6,22,40.6,29,40.75,19,2,2022-04-25 09:02:39
1650877359517516000,40.65,1,40.6,26,40.75,19,2,2022-04-25 09:02:39
1650877359517516000,40.6,3,40.6,26,40.75,19,2,2022-04-25 09:02:39
1650877359612790000,40.75,1,40.6,56,40.75,18,1,2022-04-25 09:02:39
1650877359791632000,40.7,1,40.6,56,40.75,18,2,2022-04-25 09:02:39
1650877359896480000,40.65,1,40.6,36,40.75,20,2,2022-04-25 09:02:39
1650877359896480000,40.6,20,40.6,36,40.75,20,2,2022-04-25 09:02:39
1650877359971291000,40.6,4,40.6,32,40.75,22,2,2022-04-25 09:02:39
1650877360080396000,40.7,1,40.6,32,40.75,22,2,2022-04-25 09:02:40
1650877360239392000,40.7,2,40.6,32,40.75,21,1,2022-04-25 09:02:40
1650877360239392000,40.75,1,40.6,32,40.75,21,1,2022-04-25 09:02:40
1650877360371628000,40.7,2,40.65,1,40.75,21,1,2022-04-25 09:02:40
1650877360460263000,40.65,1,40.6,23,40.75,21,2,2022-04-25 09:02:40
1650877360460263000,40.6,9,40.6,23,40.75,21,2,2022-04-25 09:02:40
1650877360724815000,40.7,1,40.65,3,40.7,1,1,2022-04-25 09:02:40
1650877360774283000,40.7,1,40.65,3,40.7,2,1,2022-04-25 09:02:40
1650877360891316000,40.7,4,40.65,4,40.85,22,1,2022-04-25 09:02:40
1650877360891316000,40.75,21,40.65,4,40.85,22,1,2022-04-25 09:02:40
1650877360891316000,40.8,10,40.65,4,40.85,22,1,2022-04-25 09:02:40
1650877360891316000,40.85,15,40.65,4,40.85,22,1,2022-04-25 09:02:40
1650877361015622000,40.7,1,40.7,1,40.85,22,2,2022-04-25 09:02:41
1650877361119067000,40.7,1,40.6,16,40.85,22,2,2022-04-25 09:02:41
1650877361119067000,40.65,14,40.6,16,40.85,22,2,2022-04-25 09:02:41
1650877361119067000,40.6,9,40.6,16,40.85,22,2,2022-04-25 09:02:41
1650877361263690000,40.65,1,40.6,16,40.7,4,2,2022-04-25 09:02:41
1650877361406460000,40.65,1,40.6,15,40.7,4,2,2022-04-25 09:02:41
1650877361406460000,40.6,1,40.6,15,40.7,4,2,2022-04-25 09:02:41
1650877361462096000,40.7,1,40.6,15,40.7,3,1,2022-04-25 09:02:41
1650877361813833000,40.7,1,40.65,7,40.7,5,1,2022-04-25 09:02:41
1650877361894083000,40.7,2,40.65,8,40.7,3,1,2022-04-25 09:02:41
1650877361913425000,40.7,1,40.65,8,40.7,2,1,2022-04-25 09:02:41
1650877361977053000,40.7,2,40.7,1,40.8,38,1,2022-04-25 09:02:41
1650877362124317000,40.7,1,40.65,6,40.8,38,2,2022-04-25 09:02:42
1650877362124317000,40.65,4,40.65,6,40.8,38,2,2022-04-25 09:02:42
1650877362148393000,40.65,2,40.65,4,40.8,38,2,2022-04-25 09:02:42
1650877362170472000,40.75,1,40.65,4,40.8,38,1,2022-04-25 09:02:42
1650877362454752000,40.65,1,40.65,8,40.8,39,2,2022-04-25 09:02:42
1650877362497212000,40.8,1,40.65,8,40.8,38,1,2022-04-25 09:02:42
1650877362506757000,40.8,10,40.65,8,40.8,28,1,2022-04-25 09:02:42
1650877362853961000,40.7,2,40.6,11,40.8,33,2,2022-04-25 09:02:42
1650877362853961000,40.65,9,40.6,11,40.8,33,2,2022-04-25 09:02:42
1650877362853961000,40.6,13,40.6,11,40.8,33,2,2022-04-25 09:02:42
1650877363072619000,40.75,10,40.6,14,40.8,33,2,2022-04-25 09:02:43
1650877363149568000,40.8,1,40.75,2,40.8,32,1,2022-04-25 09:02:43
1650877363176911000,40.75,1,40.75,1,40.8,32,2,2022-04-25 09:02:43
1650877363177016000,40.75,1,40.6,14,40.8,32,2,2022-04-25 09:02:43
1650877363202496000,40.75,5,40.65,5,40.75,45,1,2022-04-25 09:02:43
1650877363325923000,40.75,2,40.65,5,40.75,43,1,2022-04-25 09:02:43
1650877363358525000,40.65,5,40.6,14,40.75,43,2,2022-04-25 09:02:43
1650877363516255000,40.75,5,40.7,2,40.75,38,1,2022-04-25 09:02:43
1650877363518993000,40.7,2,40.65,1,40.7,2,2,2022-04-25 09:02:43
1650877363519393000,40.7,2,40.7,8,40.75,38,1,2022-04-25 09:02:43
1650877364226678000,40.7,1,40.7,10,40.75,38,2,2022-04-25 09:02:44
1650877364284216000,40.7,10,40.65,19,40.75,38,2,2022-04-25 09:02:44
1650877364284216000,40.65,14,40.65,19,40.75,38,2,2022-04-25 09:02:44
1650877364380315000,40.75,10,40.65,19,40.75,28,1,2022-04-25 09:02:44
1650877364467894000,40.75,1,40.65,19,40.75,27,1,2022-04-25 09:02:44
1650877364559602000,40.75,11,40.65,19,40.75,16,1,2022-04-25 09:02:44
1650877364596002000,40.75,16,40.7,1,40.8,30,1,2022-04-25 09:02:44
1650877364690049000,40.8,1,40.7,1,40.8,29,1,2022-04-25 09:02:44
1650877365225213000,40.75,1,40.7,23,40.8,30,2,2022-04-25 09:02:45
1650877365305703000,40.8,1,40.7,23,40.8,29,1,2022-04-25 09:02:45
1650877365436588000,40.7,23,40.65,38,40.8,30,2,2022-04-25 09:02:45
1650877366158888000,40.7,3,40.65,18,40.75,1,2,2022-04-25 09:02:46
1650877366158888000,40.65,21,40.65,18,40.75,1,2,2022-04-25 09:02:46
1650877366622110000,40.7,1,40.7,1,40.75,1,2,2022-04-25 09:02:46
1650877366653707000,40.7,1,40.65,19,40.75,1,2,2022-04-25 09:02:46
1650877366653707000,40.65,1,40.65,19,40.75,1,2,2022-04-25 09:02:46
1650877366727225000,40.65,1,40.65,18,40.7,1,2,2022-04-25 09:02:46
1650877366800624000,40.7,1,40.65,18,40.75,51,1,2022-04-25 09:02:46
1650877366927705000,40.7,1,40.7,1,40.75,51,2,2022-04-25 09:02:46
1650877366945220000,40.7,1,40.65,18,40.75,51,2,2022-04-25 09:02:46
1650877366979455000,40.75,1,40.65,19,40.75,50,1,2022-04-25 09:02:46
1650877367096016000,40.75,5,40.65,19,40.75,45,1,2022-04-25 09:02:47
1650877367182486000,40.75,1,40.65,17,40.75,44,1,2022-04-25 09:02:47
1650877367239786000,40.75,1,40.65,17,40.75,43,1,2022-04-25 09:02:47
1650877367432945000,40.75,1,40.7,11,40.75,42,1,2022-04-25 09:02:47
1650877367436734000,40.75,1,40.7,12,40.75,41,1,2022-04-25 09:02:47
1650877367613678000,40.7,12,40.65,19,40.7,38,2,2022-04-25 09:02:47
1650877367818018000,40.65,1,40.65,18,40.7,38,2,2022-04-25 09:02:47
1650877367865046000,40.65,1,40.65,17,40.7,38,2,2022-04-25 09:02:47
1650877367885789000,40.7,1,40.65,17,40.7,37,1,2022-04-25 09:02:47
1650877367925368000,40.7,5,40.65,17,40.7,32,1,2022-04-25 09:02:47
1650877368029133000,40.7,1,40.65,17,40.7,31,1,2022-04-25 09:02:48
1650877368048067000,40.7,10,40.65,17,40.7,21,1,2022-04-25 09:02:48
1650877368062378000,40.7,2,40.65,17,40.7,19,1,2022-04-25 09:02:48
1650877368096832000,40.65,17,40.6,32,40.7,20,2,2022-04-25 09:02:48
1650877368096832000,40.6,7,40.6,32,40.7,20,2,2022-04-25 09:02:48
1650877368257241000,40.65,2,40.6,32,40.65,1,1,2022-04-25 09:02:48
1650877368306216000,40.65,1,40.6,32,40.7,26,1,2022-04-25 09:02:48
1650877368368099000,40.7,2,40.6,32,40.7,24,1,2022-04-25 09:02:48
1650877368542779000,40.65,1,40.65,2,40.7,24,2,2022-04-25 09:02:48
1650877368575143000,40.7,1,40.65,2,40.7,23,1,2022-04-25 09:02:48
1650877368611775000,40.7,1,40.65,2,40.7,22,1,2022-04-25 09:02:48
1650877368654021000,40.7,1,40.65,2,40.7,21,1,2022-04-25 09:02:48
1650877368950950000,40.7,21,40.65,10,40.75,42,1,2022-04-25 09:02:48
1650877368969682000,40.65,5,40.65,5,40.75,42,2,2022-04-25 09:02:48
1650877368985090000,40.65,5,40.6,34,40.65,4,2,2022-04-25 09:02:48
1650877369009075000,40.65,4,40.6,34,40.65,1,1,2022-04-25 09:02:49
1650877369010185000,40.65,1,40.6,34,40.7,1,1,2022-04-25 09:02:49
1650877369185038000,40.7,1,40.65,3,40.75,42,1,2022-04-25 09:02:49
1650877369367696000,40.7,1,40.65,13,40.7,2,1,2022-04-25 09:02:49
1650877369391085000,40.7,2,40.65,13,40.75,34,1,2022-04-25 09:02:49
1650877369391085000,40.75,8,40.65,13,40.75,34,1,2022-04-25 09:02:49
1650877369491632000,40.7,1,40.65,14,40.75,34,2,2022-04-25 09:02:49
1650877369545902000,40.75,1,40.65,14,40.75,34,1,2022-04-25 09:02:49
1650877370194390000,40.7,11,40.65,2,40.75,35,2,2022-04-25 09:02:50
1650877370194390000,40.65,13,40.65,2,40.75,35,2,2022-04-25 09:02:50
1650877370205359000,40.75,2,40.65,2,40.75,33,1,2022-04-25 09:02:50
1650877370464881000,40.75,5,40.65,3,40.75,28,1,2022-04-25 09:02:50
1650877370475859000,40.65,1,40.65,2,40.75,28,2,2022-04-25 09:02:50
1650877370538383000,40.65,2,40.6,26,40.65,1,2,2022-04-25 09:02:50
1650877370559573000,40.65,1,40.6,26,40.75,28,1,2022-04-25 09:02:50
1650877370579178000,40.75,1,40.6,26,40.75,27,1,2022-04-25 09:02:50
1650877370666787000,40.75,1,40.65,1,40.75,26,1,2022-04-25 09:02:50
1650877370755291000,40.75,1,40.7,4,40.75,25,1,2022-04-25 09:02:50
1650877370849372000,40.7,1,40.7,3,40.75,25,2,2022-04-25 09:02:50
1650877370982762000,40.75,1,40.7,3,40.75,24,1,2022-04-25 09:02:50
1650877370983575000,40.7,3,40.6,26,40.65,1,2,2022-04-25 09:02:50
1650877370983575000,40.65,1,40.6,26,40.65,1,2,2022-04-25 09:02:50
1650877371010524000,40.65,1,40.6,26,40.75,24,1,2022-04-25 09:02:51
1650877371055430000,40.6,26,40.6,1,40.75,25,2,2022-04-25 09:02:51
1650877371142692000,40.6,1,40.55,27,40.75,33,2,2022-04-25 09:02:51
1650877371301311000,40.75,1,40.55,27,40.75,33,1,2022-04-25 09:02:51
1650877371471052000,40.55,1,40.55,26,40.75,28,2,2022-04-25 09:02:51
1650877371580603000,40.75,3,40.55,26,40.75,25,1,2022-04-25 09:02:51
1650877371647054000,40.7,1,40.55,26,40.75,25,2,2022-04-25 09:02:51
1650877371914137000,40.55,2,40.55,24,40.75,27,2,2022-04-25 09:02:51
1650877372121913000,40.7,1,40.55,24,40.75,32,2,2022-04-25 09:02:52
1650877372150565000,40.55,10,40.55,14,40.75,32,2,2022-04-25 09:02:52
1650877372187571000,40.65,1,40.55,14,40.7,11,2,2022-04-25 09:02:52
1650877372206921000,40.7,2,40.55,14,40.7,9,1,2022-04-25 09:02:52
1650877372374753000,40.65,1,40.55,14,40.7,11,2,2022-04-25 09:02:52
1650877372411316000,40.7,1,40.55,14,40.7,10,1,2022-04-25 09:02:52
1650877372661516000,40.7,1,40.55,18,40.7,9,1,2022-04-25 09:02:52
1650877372713857000,40.7,2,40.55,18,40.7,7,1,2022-04-25 09:02:52
1650877372826611000,40.65,5,40.55,18,40.7,7,2,2022-04-25 09:02:52
1650877372873886000,40.55,1,40.55,17,40.7,7,2,2022-04-25 09:02:52
1650877372909029000,40.55,1,40.55,16,40.7,7,2,2022-04-25 09:02:52
1650877373018951000,40.65,3,40.55,16,40.7,9,2,2022-04-25 09:02:53
1650877373048265000,40.55,1,40.55,15,40.7,9,2,2022-04-25 09:02:53
1650877373366149000,40.7,1,40.55,18,40.7,15,1,2022-04-25 09:02:53
1650877373379455000,40.7,1,40.55,18,40.7,14,1,2022-04-25 09:02:53
1650877373581412000,40.65,1,40.55,18,40.7,14,1,2022-04-25 09:02:53
1650877373620865000,40.6,10,40.55,18,40.7,9,1,2022-04-25 09:02:53
1650877373645417000,40.7,1,40.55,18,40.7,8,1,2022-04-25 09:02:53
1650877374173205000,40.7,1,40.6,3,40.7,7,1,2022-04-25 09:02:54
1650877374298577000,40.7,7,40.6,3,40.75,18,1,2022-04-25 09:02:54
1650877374298577000,40.75,8,40.6,3,40.75,18,1,2022-04-25 09:02:54
1650877374424271000,40.7,1,40.6,3,40.75,18,2,2022-04-25 09:02:54
1650877374523089000,40.6,1,40.6,3,40.75,23,2,2022-04-25 09:02:54
1650877374523220000,40.6,1,40.6,2,40.75,23,2,2022-04-25 09:02:54
1650877374937800000,40.7,1,40.65,2,40.7,2,1,2022-04-25 09:02:54
1650877375099784000,40.7,2,40.65,3,40.7,1,1,2022-04-25 09:02:55
1650877375228365000,40.65,1,40.65,2,40.7,1,2,2022-04-25 09:02:55
1650877375510162000,40.7,1,40.65,3,40.75,19,1,2022-04-25 09:02:55
1650877375857494000,40.75,1,40.65,3,40.75,18,1,2022-04-25 09:02:55
1650877375896502000,40.7,1,40.65,3,40.7,9,1,2022-04-25 09:02:55
1650877375916765000,40.7,1,40.65,3,40.7,8,1,2022-04-25 09:02:55
1650877376027383000,40.65,1,40.65,2,40.7,8,2,2022-04-25 09:02:56
1650877376049567000,40.7,1,40.65,2,40.7,7,1,2022-04-25 09:02:56
1650877376517058000,40.7,1,40.65,2,40.7,7,1,2022-04-25 09:02:56
1650877376976433000,40.65,2,40.6,7,40.7,11,2,2022-04-25 09:02:56
1650877377037776000,40.7,1,40.6,12,40.7,12,1,2022-04-25 09:02:57
1650877377407602000,40.6,1,40.6,11,40.7,14,2,2022-04-25 09:02:57
1650877377612578000,40.65,1,40.6,11,40.7,14,1,2022-04-25 09:02:57
1650877377644347000,40.6,1,40.6,10,40.7,14,2,2022-04-25 09:02:57
1650877377658909000,40.7,14,40.7,3,40.75,27,1,2022-04-25 09:02:57
1650877377687313000,40.7,3,40.6,10,40.75,27,2,2022-04-25 09:02:57
1650877377762272000,40.6,7,40.6,3,40.7,2,2,2022-04-25 09:02:57
1650877377909010000,40.7,1,40.6,3,40.7,1,1,2022-04-25 09:02:57
1650877378026168000,40.6,2,40.6,2,40.7,3,2,2022-04-25 09:02:58
1650877378049618000,40.7,3,40.6,2,40.75,27,1,2022-04-25 09:02:58
1650877378049618000,40.75,1,40.6,2,40.75,27,1,2022-04-25 09:02:58
1650877378154494000,40.7,1,40.6,5,40.7,4,1,2022-04-25 09:02:58
1650877378316210000,40.65,1,40.6,6,40.7,4,2,2022-04-25 09:02:58
1650877378436390000,40.7,2,40.6,7,40.7,2,1,2022-04-25 09:02:58
1650877378560143000,40.7,1,40.6,7,40.7,2,1,2022-04-25 09:02:58
1650877378640315000,40.6,2,40.6,5,40.7,2,2,2022-04-25 09:02:58
1650877378907093000,40.7,1,40.6,7,40.7,16,1,2022-04-25 09:02:58
1650877379081953000,40.65,1,40.6,9,40.7,11,1,2022-04-25 09:02:59
1650877379483028000,40.7,2,40.6,11,40.7,9,1,2022-04-25 09:02:59
1650877379510667000,40.65,5,40.6,6,40.7,9,2,2022-04-25 09:02:59
1650877379510667000,40.6,5,40.6,6,40.7,9,2,2022-04-25 09:02:59
1650877379511021000,40.6,1,40.6,5,40.7,9,2,2022-04-25 09:02:59
1650877379537568000,40.6,1,40.6,4,40.7,9,2,2022-04-25 09:02:59
1650877379649308000,40.7,5,40.6,4,40.7,9,1,2022-04-25 09:02:59
1650877379755286000,40.6,1,40.6,4,40.7,10,2,2022-04-25 09:02:59
1650877380244516000,40.6,2,40.6,4,40.7,22,2,2022-04-25 09:03:00
1650877380314553000,40.7,2,40.6,4,40.7,20,1,2022-04-25 09:03:00
1650877380397190000,40.7,1,40.6,9,40.7,19,1,2022-04-25 09:03:00
1650877380490623000,40.65,1,40.6,9,40.7,19,2,2022-04-25 09:03:00
1650877380593355000,40.65,1,40.6,9,40.7,19,2,2022-04-25 09:03:00
1650877380717855000,40.65,1,40.6,9,40.65,5,1,2022-04-25 09:03:00
1650877380741255000,40.6,1,40.6,8,40.65,5,2,2022-04-25 09:03:00
1650877380746918000,40.6,1,40.6,7,40.65,5,2,2022-04-25 09:03:00
1650877380749537000,40.6,3,40.6,4,40.65,5,2,2022-04-25 09:03:00
1650877380822338000,40.65,1,40.6,4,40.65,4,1,2022-04-25 09:03:00
1650877380881776000,40.6,4,40.55,36,40.65,4,2,2022-04-25 09:03:00
1650877380881776000,40.55,4,40.55,36,40.65,4,2,2022-04-25 09:03:00
1650877381119458000,40.65,2,40.55,36,40.65,5,1,2022-04-25 09:03:01
1650877381274819000,40.55,12,40.55,24,40.65,5,2,2022-04-25 09:03:01
1650877381306555000,40.65,5,40.55,24,40.65,7,1,2022-04-25 09:03:01
1650877381407519000,40.6,1,40.55,24,40.65,7,2,2022-04-25 09:03:01
1650877381455781000,40.65,1,40.55,24,40.65,6,1,2022-04-25 09:03:01
1650877381507999000,40.6,1,40.55,24,40.65,6,2,2022-04-25 09:03:01
1650877381804862000,40.65,1,40.6,16,40.65,17,1,2022-04-25 09:03:01
1650877381904739000,40.65,5,40.6,16,40.65,14,1,2022-04-25 09:03:01
1650877381932898000,40.6,16,40.55,29,40.65,14,2,2022-04-25 09:03:01
1650877382056523000,40.6,2,40.55,29,40.65,20,2,2022-04-25 09:03:02
1650877382135963000,40.65,2,40.55,29,40.65,18,1,2022-04-25 09:03:02
1650877382223366000,40.55,20,40.55,9,40.65,19,2,2022-04-25 09:03:02
1650877382239748000,40.65,1,40.55,9,40.65,18,1,2022-04-25 09:03:02
1650877382249569000,40.65,3,40.55,9,40.65,15,1,2022-04-25 09:03:02
1650877382263290000,40.55,9,40.5,71,40.65,15,2,2022-04-25 09:03:02
1650877382323127000,40.65,1,40.5,71,40.65,19,1,2022-04-25 09:03:02
1650877382335262000,40.65,1,40.5,71,40.65,18,1,2022-04-25 09:03:02
1650877382377735000,40.6,1,40.5,71,40.65,18,1,2022-04-25 09:03:02
1650877382480859000,40.6,1,40.5,71,40.65,18,2,2022-04-25 09:03:02
1650877382604168000,40.5,1,40.5,70,40.65,21,2,2022-04-25 09:03:02
1650877382611085000,40.65,20,40.5,70,40.65,1,1,2022-04-25 09:03:02
1650877383357854000,40.55,7,40.5,94,40.6,11,2,2022-04-25 09:03:03
1650877383357854000,40.5,3,40.5,94,40.6,11,2,2022-04-25 09:03:03
1650877383672237000,40.6,1,40.5,88,40.6,10,1,2022-04-25 09:03:03
1650877383719117000,40.5,2,40.5,86,40.6,10,2,2022-04-25 09:03:03
1650877383873335000,40.55,2,40.5,87,40.6,10,2,2022-04-25 09:03:03
1650877383897031000,40.6,1,40.5,87,40.6,14,1,2022-04-25 09:03:03
1650877383999651000,40.6,2,40.5,87,40.6,17,1,2022-04-25 09:03:03
1650877384058155000,40.6,1,40.55,1,40.6,16,1,2022-04-25 09:03:04
1650877384068842000,40.55,1,40.5,87,40.6,16,2,2022-04-25 09:03:04
1650877384203584000,40.5,4,40.5,82,40.55,1,2,2022-04-25 09:03:04
1650877384275332000,40.5,14,40.5,68,40.55,6,2,2022-04-25 09:03:04
1650877384318690000,40.5,21,40.5,47,40.55,6,2,2022-04-25 09:03:04
1650877384318777000,40.5,21,40.5,26,40.55,6,2,2022-04-25 09:03:04
1650877384343755000,40.5,26,40.45,53,40.55,11,2,2022-04-25 09:03:04
1650877384377825000,40.55,2,40.45,53,40.55,9,1,2022-04-25 09:03:04
1650877384490901000,40.55,1,40.45,53,40.55,13,1,2022-04-25 09:03:04
1650877384532388000,40.55,1,40.45,53,40.55,12,1,2022-04-25 09:03:04
1650877384750327000,40.45,1,40.45,52,40.55,12,2,2022-04-25 09:03:04
1650877384853202000,40.55,5,40.45,52,40.55,7,1,2022-04-25 09:03:04
1650877385023341000,40.55,1,40.45,52,40.55,7,1,2022-04-25 09:03:05
1650877385211356000,40.55,11,40.45,52,40.6,4,1,2022-04-25 09:03:05
1650877385211356000,40.6,9,40.45,52,40.6,4,1,2022-04-25 09:03:05
1650877385385016000,40.55,1,40.45,52,40.6,4,1,2022-04-25 09:03:05
1650877385742768000,40.6,1,40.45,52,40.6,7,1,2022-04-25 09:03:05
1650877386587330000,40.55,20,40.5,2,40.6,10,2,2022-04-25 09:03:06
1650877386706566000,40.55,2,40.5,2,40.55,33,1,2022-04-25 09:03:06
1650877386752743000,40.55,1,40.5,7,40.55,32,1,2022-04-25 09:03:06
1650877387144083000,40.5,1,40.5,6,40.55,32,2,2022-04-25 09:03:07
1650877387466065000,40.55,1,40.5,7,40.55,31,1,2022-04-25 09:03:07
1650877387545693000,40.5,7,40.45,50,40.55,31,2,2022-04-25 09:03:07
1650877387545693000,40.45,2,40.45,50,40.55,31,2,2022-04-25 09:03:07
1650877387679121000,40.55,1,40.45,50,40.55,30,1,2022-04-25 09:03:07
1650877387855131000,40.5,2,40.45,50,40.5,8,1,2022-04-25 09:03:07
1650877387936268000,40.45,5,40.45,45,40.5,8,2,2022-04-25 09:03:07
1650877388201192000,40.5,8,40.5,192,40.55,18,1,2022-04-25 09:03:08
1650877388233578000,40.55,1,40.5,192,40.55,12,1,2022-04-25 09:03:08
1650877388286858000,40.5,5,40.5,187,40.55,12,2,2022-04-25 09:03:08
1650877388526016000,40.5,4,40.5,183,40.55,13,2,2022-04-25 09:03:08
1650877388526048000,40.5,1,40.5,182,40.55,13,2,2022-04-25 09:03:08
1650877388526064000,40.5,2,40.5,180,40.55,13,2,2022-04-25 09:03:08
1650877388527274000,40.5,2,40.5,178,40.55,13,2,2022-04-25 09:03:08
1650877388527291000,40.5,3,40.5,175,40.55,13,2,2022-04-25 09:03:08
1650877388555744000,40.5,2,40.5,173,40.55,13,2,2022-04-25 09:03:08
1650877388557744000,40.5,4,40.5,169,40.55,13,2,2022-04-25 09:03:08
1650877388561547000,40.5,2,40.5,167,40.55,13,2,2022-04-25 09:03:08
1650877388620101000,40.55,2,40.5,167,40.55,11,1,2022-04-25 09:03:08
1650877388675309000,40.5,1,40.5,166,40.55,11,2,2022-04-25 09:03:08
1650877388830607000,40.55,11,40.5,166,40.65,30,1,2022-04-25 09:03:08
1650877388830607000,40.6,16,40.5,166,40.65,30,1,2022-04-25 09:03:08
1650877388830607000,40.65,23,40.5,166,40.65,30,1,2022-04-25 09:03:08
1650877389002686000,40.5,2,40.5,165,40.65,30,2,2022-04-25 09:03:09
1650877389028884000,40.5,1,40.5,163,40.65,30,2,2022-04-25 09:03:09
1650877389714202000,40.5,5,40.5,159,40.55,2,2,2022-04-25 09:03:09
1650877389719974000,40.5,1,40.5,158,40.55,2,2,2022-04-25 09:03:09
1650877389776079000,40.5,13,40.5,145,40.55,2,2,2022-04-25 09:03:09
1650877389862149000,40.55,2,40.5,145,40.6,3,1,2022-04-25 09:03:09
1650877390108243000,40.55,2,40.5,146,40.6,10,2,2022-04-25 09:03:10
1650877390228238000,40.55,2,40.5,146,40.6,10,2,2022-04-25 09:03:10
1650877390261483000,40.5,2,40.5,144,40.6,15,2,2022-04-25 09:03:10
1650877390334649000,40.55,1,40.5,144,40.6,15,2,2022-04-25 09:03:10
1650877390334670000,40.5,1,40.5,143,40.6,15,2,2022-04-25 09:03:10
1650877390757639000,40.6,1,40.5,144,40.6,14,1,2022-04-25 09:03:10
1650877391899671000,40.55,1,40.5,148,40.6,13,1,2022-04-25 09:03:11
1650877392042459000,40.55,1,40.5,148,40.6,13,2,2022-04-25 09:03:12
1650877392176464000,40.5,1,40.5,147,40.6,13,2,2022-04-25 09:03:12
1650877392481941000,40.55,1,40.5,149,40.6,12,1,2022-04-25 09:03:12
1650877392481941000,40.6,1,40.5,149,40.6,12,1,2022-04-25 09:03:12
1650877392531364000,40.5,1,40.5,148,40.6,12,2,2022-04-25 09:03:12
1650877392582710000,40.6,5,40.5,148,40.6,8,1,2022-04-25 09:03:12
1650877392754241000,40.5,50,40.5,99,40.6,10,2,2022-04-25 09:03:12
1650877392759257000,40.5,1,40.5,98,40.6,10,2,2022-04-25 09:03:12
1650877392777884000,40.5,1,40.5,97,40.6,10,2,2022-04-25 09:03:12
1650877392782853000,40.5,10,40.5,87,40.6,10,2,2022-04-25 09:03:12
1650877392807057000,40.5,10,40.5,77,40.6,15,2,2022-04-25 09:03:12
1650877392908427000,40.5,2,40.5,75,40.55,4,2,2022-04-25 09:03:12
1650877392933391000,40.5,1,40.5,74,40.55,5,2,2022-04-25 09:03:12
1650877392933587000,40.5,37,40.5,37,40.55,5,2,2022-04-25 09:03:12
1650877392933968000,40.5,28,40.5,9,40.55,5,2,2022-04-25 09:03:12
1650877392968120000,40.5,9,40.45,48,40.55,5,2,2022-04-25 09:03:12
1650877393013570000,40.55,6,40.45,48,40.55,4,1,2022-04-25 09:03:13
1650877393231867000,40.45,1,40.45,47,40.5,3,2,2022-04-25 09:03:13
1650877393414670000,40.5,1,40.45,47,40.5,2,1,2022-04-25 09:03:13
1650877393419313000,40.45,1,40.45,46,40.5,2,2,2022-04-25 09:03:13
1650877393734215000,40.5,1,40.45,46,40.5,1,1,2022-04-25 09:03:13
1650877393748950000,40.5,1,40.45,46,40.6,64,1,2022-04-25 09:03:13
1650877393770416000,40.45,10,40.45,36,40.6,64,2,2022-04-25 09:03:13
1650877393793763000,40.45,36,40.4,111,40.55,5,2,2022-04-25 09:03:13
1650877393870381000,40.4,5,40.4,106,40.55,5,2,2022-04-25 09:03:13
1650877394067759000,40.55,1,40.4,106,40.55,4,1,2022-04-25 09:03:14
1650877394448017000,40.5,2,40.4,106,40.5,3,1,2022-04-25 09:03:14
1650877394484331000,40.5,1,40.4,106,40.5,2,1,2022-04-25 09:03:14
1650877394491776000,40.5,2,40.4,106,40.55,5,1,2022-04-25 09:03:14
1650877394669064000,40.5,1,40.4,106,40.55,10,2,2022-04-25 09:03:14
1650877394912989000,40.55,1,40.4,106,40.55,9,1,2022-04-25 09:03:14
1650877395131224000,40.55,1,40.5,2,40.55,8,1,2022-04-25 09:03:15
1650877395219913000,40.55,1,40.5,3,40.55,13,1,2022-04-25 09:03:15
1650877395309779000,40.5,1,40.5,2,40.55,14,2,2022-04-25 09:03:15
1650877395383189000,40.5,1,40.5,1,40.55,14,2,2022-04-25 09:03:15
1650877395501102000,40.55,11,40.5,2,40.55,23,1,2022-04-25 09:03:15
1650877395717395000,40.5,2,40.4,106,40.5,1,2,2022-04-25 09:03:15
1650877395858298000,40.45,2,40.4,106,40.55,36,1,2022-04-25 09:03:15
1650877395858298000,40.5,1,40.4,106,40.55,36,1,2022-04-25 09:03:15
1650877396292122000,40.45,1,40.4,106,40.45,4,1,2022-04-25 09:03:16
1650877396325048000,40.45,4,40.4,106,40.55,36,1,2022-04-25 09:03:16
1650877396922776000,40.5,1,40.4,106,40.5,1,1,2022-04-25 09:03:16
1650877397027348000,40.4,2,40.4,104,40.5,1,2,2022-04-25 09:03:17
1650877397279917000,40.45,1,40.4,104,40.5,2,2,2022-04-25 09:03:17
1650877397356014000,40.4,1,40.4,103,40.5,2,2,2022-04-25 09:03:17
1650877397376933000,40.4,5,40.4,98,40.5,2,2,2022-04-25 09:03:17
1650877398482153000,40.4,97,40.35,6,40.5,5,2,2022-04-25 09:03:18
1650877398482153000,40.35,3,40.35,6,40.5,5,2,2022-04-25 09:03:18
1650877398759803000,40.4,1,40.35,6,40.4,6,1,2022-04-25 09:03:18
1650877398970946000,40.4,2,40.35,6,40.4,4,1,2022-04-25 09:03:18
1650877399423726000,40.35,2,40.35,4,40.4,4,2,2022-04-25 09:03:19
1650877399516895000,40.4,1,40.35,4,40.4,3,1,2022-04-25 09:03:19
1650877399617213000,40.4,3,40.35,4,40.5,10,1,2022-04-25 09:03:19
1650877399617213000,40.45,1,40.35,4,40.5,10,1,2022-04-25 09:03:19
1650877399617213000,40.5,1,40.35,4,40.5,10,1,2022-04-25 09:03:19
1650877399832132000,40.5,1,40.45,1,40.5,9,1,2022-04-25 09:03:19
1650877399854122000,40.45,1,40.35,4,40.5,9,2,2022-04-25 09:03:19
1650877399888921000,40.5,1,40.35,5,40.5,8,1,2022-04-25 09:03:19
1650877400296275000,40.5,7,40.35,5,40.5,1,1,2022-04-25 09:03:20
1650877400379262000,40.5,1,40.4,1,40.55,37,1,2022-04-25 09:03:20
1650877400804627000,40.5,1,40.45,1,40.55,33,1,2022-04-25 09:03:20
1650877400804627000,40.55,4,40.45,1,40.55,33,1,2022-04-25 09:03:20
1650877400928232000,40.45,1,40.35,5,40.5,9,2,2022-04-25 09:03:20
1650877400928232000,40.4,1,40.35,5,40.5,9,2,2022-04-25 09:03:20
1650877401028588000,40.5,9,40.4,1,40.55,22,1,2022-04-25 09:03:21
1650877401028588000,40.55,11,40.4,1,40.55,22,1,2022-04-25 09:03:21
1650877401112870000,40.4,1,40.35,5,40.55,22,2,2022-04-25 09:03:21
1650877401112870000,40.35,1,40.35,5,40.55,22,2,2022-04-25 09:03:21
1650877401178604000,40.4,1,40.35,4,40.55,22,2,2022-04-25 09:03:21
1650877401205946000,40.35,1,40.35,3,40.55,22,2,2022-04-25 09:03:21
1650877401393839000,40.5,5,40.35,2,40.5,5,2,2022-04-25 09:03:21
1650877401937116000,40.4,1,40.3,22,40.5,6,2,2022-04-25 09:03:21
1650877401937116000,40.35,10,40.3,22,40.5,6,2,2022-04-25 09:03:21
1650877401937116000,40.3,19,40.3,22,40.5,6,2,2022-04-25 09:03:21
1650877402095158000,40.3,12,40.3,11,40.5,19,2,2022-04-25 09:03:22
1650877402099341000,40.3,6,40.3,5,40.5,19,2,2022-04-25 09:03:22
1650877402186553000,40.35,1,40.35,4,40.45,2,2,2022-04-25 09:03:22
1650877402562189000,40.35,1,40.35,4,40.45,2,2,2022-04-25 09:03:22
1650877402836830000,40.45,2,40.35,5,40.5,12,1,2022-04-25 09:03:22
1650877402836830000,40.5,1,40.35,5,40.5,12,1,2022-04-25 09:03:22
1650877403965911000,40.45,1,40.4,2,40.5,26,2,2022-04-25 09:03:23
1650877404018598000,40.5,10,40.4,2,40.5,16,1,2022-04-25 09:03:24
1650877404533551000,40.4,4,40.35,9,40.4,1,2,2022-04-25 09:03:24
1650877404562752000,40.4,1,40.35,10,40.45,1,1,2022-04-25 09:03:24
1650877404649807000,40.35,4,40.35,6,40.45,1,2,2022-04-25 09:03:24
1650877404658382000,40.35,1,40.35,5,40.45,1,2,2022-04-25 09:03:24
1650877404715001000,40.35,1,40.35,5,40.45,2,2,2022-04-25 09:03:24
1650877404740464000,40.35,1,40.35,3,40.45,2,2,2022-04-25 09:03:24
1650877405111656000,40.35,2,40.35,1,40.45,5,2,2022-04-25 09:03:25
1650877405133654000,40.35,1,40.3,5,40.45,5,2,2022-04-25 09:03:25
1650877405201388000,40.35,1,40.3,6,40.45,4,1,2022-04-25 09:03:25
1650877405230633000,40.45,1,40.3,6,40.45,4,1,2022-04-25 09:03:25
1650877405459723000,40.45,1,40.4,1,40.45,3,1,2022-04-25 09:03:25
1650877405469757000,40.4,1,40.3,7,40.45,3,2,2022-04-25 09:03:25
1650877405883210000,40.45,1,40.3,8,40.45,2,1,2022-04-25 09:03:25
1650877405884560000,40.45,2,40.3,8,40.5,80,1,2022-04-25 09:03:25
1650877405884560000,40.5,8,40.3,8,40.5,80,1,2022-04-25 09:03:25
1650877406187104000,40.45,1,40.45,9,40.5,81,2,2022-04-25 09:03:26
1650877406188010000,40.45,1,40.45,8,40.5,81,2,2022-04-25 09:03:26
1650877406416041000,40.45,2,40.45,11,40.5,82,2,2022-04-25 09:03:26
1650877406644271000,40.45,11,40.3,8,40.4,8,2,2022-04-25 09:03:26
1650877406644271000,40.4,1,40.3,8,40.4,8,2,2022-04-25 09:03:26
1650877406802047000,40.3,1,40.3,8,40.4,8,2,2022-04-25 09:03:26
1650877407050168000,40.4,4,40.3,8,40.4,4,1,2022-04-25 09:03:27
1650877407082983000,40.4,4,40.35,1,40.5,83,1,2022-04-25 09:03:27
1650877407929324000,40.4,1,40.4,1,40.45,4,2,2022-04-25 09:03:27
1650877408090852000,40.45,1,40.4,1,40.45,3,1,2022-04-25 09:03:28
1650877408219824000,40.4,1,40.35,5,40.45,4,2,2022-04-25 09:03:28
1650877408233444000,40.35,1,40.35,4,40.45,4,2,2022-04-25 09:03:28
1650877408382513000,40.4,1,40.35,4,40.4,2,2,2022-04-25 09:03:28
1650877408399496000,40.4,2,40.35,4,40.45,4,1,2022-04-25 09:03:28
1650877408541002000,40.35,2,40.35,2,40.45,4,2,2022-04-25 09:03:28
1650877408541386000,40.45,1,40.35,2,40.45,3,1,2022-04-25 09:03:28
1650877408633134000,40.35,2,40.35,1,40.45,6,2,2022-04-25 09:03:28
1650877408723921000,40.45,1,40.35,7,40.45,8,1,2022-04-25 09:03:28
1650877408823004000,40.4,2,40.35,7,40.45,8,1,2022-04-25 09:03:28
1650877409101591000,40.45,1,40.4,13,40.45,7,1,2022-04-25 09:03:29
1650877409422793000,40.4,1,40.4,12,40.45,13,2,2022-04-25 09:03:29
1650877409547292000,40.4,6,40.4,6,40.45,18,2,2022-04-25 09:03:29
1650877409582338000,40.4,6,40.35,9,40.45,18,2,2022-04-25 09:03:29
1650877409601360000,40.45,5,40.35,9,40.45,13,1,2022-04-25 09:03:29
1650877409759546000,40.45,3,40.35,11,40.45,10,1,2022-04-25 09:03:29
1650877409784266000,40.35,13,40.25,10,40.45,10,2,2022-04-25 09:03:29
1650877409784266000,40.3,20,40.25,10,40.45,10,2,2022-04-25 09:03:29
1650877409784266000,40.25,17,40.25,10,40.45,10,2,2022-04-25 09:03:29
1650877409797644000,40.45,10,40.25,10,40.5,92,1,2022-04-25 09:03:29
1650877409968052000,40.35,2,40.3,6,40.35,4,2,2022-04-25 09:03:29
1650877410002923000,40.35,4,40.3,7,40.45,2,1,2022-04-25 09:03:30
1650877410071306000,40.45,2,40.3,7,40.5,97,1,2022-04-25 09:03:30
1650877410283159000,40.35,1,40.3,1,40.5,101,2,2022-04-25 09:03:30
1650877410326605000,40.3,1,40.3,6,40.4,1,2,2022-04-25 09:03:30
1650877410358898000,40.4,1,40.3,11,40.5,100,1,2022-04-25 09:03:30
1650877410574489000,40.4,1,40.3,5,40.4,4,1,2022-04-25 09:03:30
1650877410610864000,40.4,4,40.3,6,40.5,100,1,2022-04-25 09:03:30
1650877411639046000,40.35,2,40.35,18,40.4,2,2,2022-04-25 09:03:31
1650877411933965000,40.4,2,40.4,1,40.45,1,1,2022-04-25 09:03:31
1650877411991020000,40.45,1,40.4,1,40.5,102,1,2022-04-25 09:03:31
1650877412139271000,40.45,1,40.4,1,40.5,97,1,2022-04-25 09:03:32
1650877412440551000,40.5,1,40.4,1,40.5,97,1,2022-04-25 09:03:32
1650877412665573000,40.4,1,40.35,25,40.4,4,2,2022-04-25 09:03:32
1650877412697088000,40.4,4,40.35,25,40.5,100,1,2022-04-25 09:03:32
1650877412873874000,40.35,5,40.35,20,40.45,1,2,2022-04-25 09:03:32
1650877412903047000,40.45,1,40.4,1,40.5,103,1,2022-04-25 09:03:32
1650877413343522000,40.5,3,40.4,2,40.5,101,1,2022-04-25 09:03:33
1650877413354081000,40.4,2,40.35,20,40.5,101,2,2022-04-25 09:03:33
1650877413730559000,40.45,2,40.4,4,40.5,101,2,2022-04-25 09:03:33
1650877414116065000,40.45,30,40.4,5,40.5,105,1,2022-04-25 09:03:34
1650877414160690000,40.4,1,40.4,4,40.5,102,2,2022-04-25 09:03:34
1650877414297542000,40.4,2,40.4,2,40.5,102,2,2022-04-25 09:03:34
1650877414651771000,40.4,1,40.4,1,40.5,104,2,2022-04-25 09:03:34
1650877415277658000,40.4,3,40.35,39,40.45,5,2,2022-04-25 09:03:35
1650877415277658000,40.35,2,40.35,39,40.45,5,2,2022-04-25 09:03:35
1650877416060110000,40.4,1,40.4,7,40.45,6,2,2022-04-25 09:03:36
1650877416103789000,40.4,1,40.4,6,40.45,6,2,2022-04-25 09:03:36
1650877416269905000,40.4,1,40.4,5,40.45,6,2,2022-04-25 09:03:36
1650877416496932000,40.4,1,40.4,4,40.45,11,2,2022-04-25 09:03:36
1650877416809058000,40.4,1,40.4,6,40.45,11,2,2022-04-25 09:03:36
1650877416956016000,40.4,1,40.4,6,40.45,11,2,2022-04-25 09:03:36
1650877416972732000,40.4,6,40.35,28,40.45,11,2,2022-04-25 09:03:36
1650877416972732000,40.35,9,40.35,28,40.45,11,2,2022-04-25 09:03:36
1650877416976152000,40.45,2,40.35,28,40.45,9,1,2022-04-25 09:03:36
1650877417171329000,40.4,1,40.4,8,40.45,9,2,2022-04-25 09:03:37
1650877417180669000,40.4,8,40.35,30,40.4,12,2,2022-04-25 09:03:37
1650877417207995000,40.4,12,40.35,29,40.4,1,1,2022-04-25 09:03:37
1650877417293134000,40.4,1,40.35,30,40.45,9,1,2022-04-25 09:03:37
1650877417348324000,40.45,1,40.35,30,40.45,8,1,2022-04-25 09:03:37
1650877417734307000,40.35,2,40.35,32,40.4,1,2,2022-04-25 09:03:37
1650877417754738000,40.4,1,40.35,32,40.45,14,1,2022-04-25 09:03:37
1650877417960154000,40.45,2,40.4,1,40.45,12,1,2022-04-25 09:03:37
1650877418142023000,40.45,1,40.4,1,40.45,11,1,2022-04-25 09:03:38
1650877418269115000,40.4,1,40.35,37,40.45,11,2,2022-04-25 09:03:38
1650877418269115000,40.35,2,40.35,37,40.45,11,2,2022-04-25 09:03:38
1650877418364602000,40.4,1,40.35,44,40.45,10,1,2022-04-25 09:03:38
1650877418364602000,40.45,1,40.35,44,40.45,10,1,2022-04-25 09:03:38
1650877418403415000,40.4,2,40.35,44,40.45,10,1,2022-04-25 09:03:38
1650877418426571000,40.45,1,40.35,44,40.45,9,1,2022-04-25 09:03:38
1650877418605328000,40.35,2,40.35,42,40.45,9,2,2022-04-25 09:03:38
1650877418634750000,40.35,1,40.35,41,40.45,9,2,2022-04-25 09:03:38
1650877418684684000,40.45,9,40.4,53,40.5,106,1,2022-04-25 09:03:38
1650877418690030000,40.4,1,40.4,52,40.5,106,2,2022-04-25 09:03:38
1650877418770309000,40.4,1,40.4,64,40.5,106,2,2022-04-25 09:03:38
1650877419030358000,40.4,15,40.4,54,40.5,106,2,2022-04-25 09:03:39
1650877419060393000,40.4,1,40.4,54,40.5,106,2,2022-04-25 09:03:39
1650877419202580000,40.4,1,40.4,53,40.45,1,2,2022-04-25 09:03:39
1650877419215257000,40.45,1,40.4,53,40.5,106,1,2022-04-25 09:03:39
1650877419351941000,40.4,10,40.4,43,40.5,106,2,2022-04-25 09:03:39
1650877419494784000,40.5,1,40.4,42,40.5,105,1,2022-04-25 09:03:39
1650877419545033000,40.4,1,40.4,43,40.5,105,2,2022-04-25 09:03:39
1650877419559532000,40.5,1,40.4,43,40.5,104,1,2022-04-25 09:03:39
1650877419598994000,40.4,5,40.4,40,40.5,104,2,2022-04-25 09:03:39
1650877419881201000,40.4,2,40.4,44,40.5,106,2,2022-04-25 09:03:39
1650877419896484000,40.5,2,40.4,44,40.5,104,1,2022-04-25 09:03:39
1650877419993754000,40.45,1,40.4,44,40.5,104,1,2022-04-25 09:03:39
1650877420105605000,40.45,1,40.4,44,40.5,99,1,2022-04-25 09:03:40
1650877420105605000,40.5,5,40.4,44,40.5,99,1,2022-04-25 09:03:40
1650877420220110000,40.4,2,40.4,52,40.5,99,2,2022-04-25 09:03:40
1650877420238804000,40.5,14,40.4,52,40.5,85,1,2022-04-25 09:03:40
1650877420304732000,40.45,1,40.45,2,40.5,85,1,2022-04-25 09:03:40
1650877420385267000,40.45,2,40.4,50,40.5,85,2,2022-04-25 09:03:40
1650877420786450000,40.4,1,40.4,50,40.45,55,2,2022-04-25 09:03:40
1650877420818710000,40.45,1,40.4,50,40.45,54,1,2022-04-25 09:03:40
1650877420901400000,40.4,1,40.4,49,40.45,54,2,2022-04-25 09:03:40
1650877421371114000,40.45,1,40.4,54,40.45,53,1,2022-04-25 09:03:41
1650877421636653000,40.4,2,40.4,52,40.45,55,2,2022-04-25 09:03:41
1650877421698638000,40.4,4,40.4,48,40.45,55,2,2022-04-25 09:03:41
1650877421702427000,40.45,22,40.4,48,40.45,33,1,2022-04-25 09:03:41
1650877421795056000,40.45,1,40.4,48,40.45,32,1,2022-04-25 09:03:41
1650877422067346000,40.45,1,40.4,49,40.45,32,1,2022-04-25 09:03:42
1650877422134268000,40.45,1,40.4,50,40.45,31,1,2022-04-25 09:03:42
1650877422266406000,40.4,48,40.4,5,40.45,31,2,2022-04-25 09:03:42
1650877422286634000,40.45,24,40.4,5,40.45,7,1,2022-04-25 09:03:42
1650877422295646000,40.4,1,40.4,4,40.45,7,2,2022-04-25 09:03:42
1650877422354071000,40.4,2,40.4,1,40.45,7,2,2022-04-25 09:03:42
1650877422839089000,40.45,1,40.4,11,40.45,7,1,2022-04-25 09:03:42
1650877423079150000,40.45,1,40.4,12,40.45,6,1,2022-04-25 09:03:43
1650877423622613000,40.4,1,40.4,12,40.45,7,2,2022-04-25 09:03:43
1650877424138197000,40.4,1,40.4,27,40.45,9,2,2022-04-25 09:03:44
1650877424151224000,40.4,1,40.4,26,40.45,9,2,2022-04-25 09:03:44
1650877424397333000,40.45,5,40.4,26,40.45,4,1,2022-04-25 09:03:44
1650877424535085000,40.45,1,40.4,27,40.45,4,1,2022-04-25 09:03:44
1650877424560844000,40.45,2,40.4,27,40.45,2,1,2022-04-25 09:03:44
1650877424664358000,40.45,2,40.4,28,40.5,91,1,2022-04-25 09:03:44
1650877424790745000,40.4,5,40.4,23,40.5,91,2,2022-04-25 09:03:44
1650877426167614000,40.4,1,40.4,25,40.45,10,2,2022-04-25 09:03:46
1650877426286257000,40.45,2,40.4,26,40.45,8,1,2022-04-25 09:03:46
1650877426344936000,40.45,1,40.4,26,40.45,7,1,2022-04-25 09:03:46
1650877426526225000,40.4,1,40.4,25,40.45,7,2,2022-04-25 09:03:46
1650877426802552000,40.4,1,40.4,24,40.45,10,2,2022-04-25 09:03:46
1650877426836191000,40.45,1,40.4,24,40.45,9,1,2022-04-25 09:03:46
1650877427250710000,40.45,1,40.4,24,40.45,8,1,2022-04-25 09:03:47
1650877427321649000,40.4,5,40.4,19,40.45,8,2,2022-04-25 09:03:47
1650877427360158000,40.45,5,40.4,19,40.45,3,1,2022-04-25 09:03:47
1650877427507425000,40.4,1,40.4,19,40.45,3,2,2022-04-25 09:03:47
1650877427710762000,40.4,1,40.4,19,40.45,13,2,2022-04-25 09:03:47
1650877427998557000,40.45,1,40.4,19,40.45,12,1,2022-04-25 09:03:47
1650877428184686000,40.45,1,40.4,21,40.45,11,1,2022-04-25 09:03:48
1650877428840670000,40.4,4,40.4,28,40.45,15,2,2022-04-25 09:03:48
1650877428991849000,40.4,12,40.4,16,40.45,15,2,2022-04-25 09:03:48
1650877429003087000,40.45,1,40.4,17,40.45,14,1,2022-04-25 09:03:49
1650877429121888000,40.45,1,40.4,17,40.45,13,1,2022-04-25 09:03:49
1650877429166063000,40.45,3,40.4,17,40.45,10,1,2022-04-25 09:03:49
1650877429205414000,40.4,1,40.4,16,40.45,10,2,2022-04-25 09:03:49
1650877429279955000,40.4,5,40.4,11,40.45,17,2,2022-04-25 09:03:49
1650877429509529000,40.45,1,40.4,13,40.45,20,1,2022-04-25 09:03:49
1650877430019322000,40.45,1,40.4,17,40.45,20,1,2022-04-25 09:03:50
1650877430078245000,40.45,1,40.4,17,40.45,19,1,2022-04-25 09:03:50
1650877430089943000,40.4,17,40.35,62,40.4,33,2,2022-04-25 09:03:50
1650877430093179000,40.4,1,40.35,62,40.4,32,1,2022-04-25 09:03:50
1650877430158317000,40.4,10,40.35,57,40.4,22,1,2022-04-25 09:03:50
1650877430291908000,40.4,2,40.35,57,40.4,20,1,2022-04-25 09:03:50
1650877430655553000,40.4,1,40.35,57,40.4,19,1,2022-04-25 09:03:50
1650877430688602000,40.4,5,40.35,57,40.4,14,1,2022-04-25 09:03:50
1650877430731950000,40.4,14,40.35,57,40.45,19,1,2022-04-25 09:03:50
1650877430994409000,40.45,1,40.35,68,40.45,18,1,2022-04-25 09:03:50
1650877431100829000,40.45,1,40.4,2,40.45,17,1,2022-04-25 09:03:51
1650877431132053000,40.4,1,40.4,1,40.45,17,2,2022-04-25 09:03:51
1650877431317609000,40.45,1,40.4,2,40.45,16,1,2022-04-25 09:03:51
1650877431356396000,40.45,4,40.4,2,40.45,12,1,2022-04-25 09:03:51
1650877431386454000,40.4,2,40.4,1,40.45,12,2,2022-04-25 09:03:51
1650877431418544000,40.45,5,40.4,1,40.45,7,1,2022-04-25 09:03:51
1650877431534625000,40.45,1,40.4,11,40.45,6,1,2022-04-25 09:03:51
1650877431598612000,40.45,2,40.4,12,40.45,4,1,2022-04-25 09:03:51
1650877431740978000,40.4,1,40.4,11,40.45,4,2,2022-04-25 09:03:51
1650877432704379000,40.45,2,40.4,12,40.45,4,1,2022-04-25 09:03:52
1650877432876339000,40.45,4,40.45,6,40.5,98,1,2022-04-25 09:03:52
1650877432891574000,40.45,5,40.45,1,40.5,98,2,2022-04-25 09:03:52
1650877432926160000,40.45,1,40.4,7,40.5,98,2,2022-04-25 09:03:52
1650877432968564000,40.4,1,40.4,1,40.5,98,2,2022-04-25 09:03:52
1650877433194799000,40.45,2,40.45,3,40.5,98,2,2022-04-25 09:03:53
1650877433862556000,40.45,1,40.45,2,40.5,98,2,2022-04-25 09:03:53
1650877433943967000,40.45,2,40.4,10,40.5,98,2,2022-04-25 09:03:53
1650877434118563000,40.4,1,40.4,9,40.5,99,2,2022-04-25 09:03:54
1650877434374947000,40.45,1,40.4,9,40.5,99,2,2022-04-25 09:03:54
1650877434701226000,40.5,1,40.45,1,40.5,103,1,2022-04-25 09:03:54
1650877434934523000,40.45,1,40.4,40,40.5,97,2,2022-04-25 09:03:54
1650877435752713000,40.5,1,40.45,5,40.5,98,1,2022-04-25 09:03:55
1650877435784608000,40.45,1,40.45,4,40.5,98,2,2022-04-25 09:03:55
1650877436285633000,40.5,3,40.45,5,40.5,95,1,2022-04-25 09:03:56
1650877436468661000,40.5,1,40.45,5,40.5,94,1,2022-04-25 09:03:56
1650877437428442000,40.45,2,40.45,4,40.5,94,2,2022-04-25 09:03:57
1650877437611371000,40.45,1,40.45,11,40.5,99,2,2022-04-25 09:03:57
1650877437634252000,40.45,2,40.45,9,40.5,99,2,2022-04-25 09:03:57
1650877437746269000,40.45,1,40.45,8,40.5,99,2,2022-04-25 09:03:57
1650877437912459000,40.5,8,40.45,9,40.5,91,1,2022-04-25 09:03:57
1650877437991097000,40.5,1,40.45,9,40.5,90,1,2022-04-25 09:03:57
1650877438398649000,40.45,1,40.45,9,40.5,90,2,2022-04-25 09:03:58
1650877438800097000,40.45,1,40.45,8,40.5,90,2,2022-04-25 09:03:58
1650877439490744000,40.5,1,40.45,8,40.5,90,1,2022-04-25 09:03:59
1650877439563814000,40.5,1,40.45,8,40.5,89,1,2022-04-25 09:03:59
1650877439677246000,40.5,5,40.45,8,40.5,84,1,2022-04-25 09:03:59
1650877439862838000,40.45,1,40.45,9,40.5,84,2,2022-04-25 09:03:59
1650877440214702000,40.45,1,40.45,12,40.5,84,2,2022-04-25 09:04:00
1650877440248959000,40.45,2,40.45,10,40.5,85,2,2022-04-25 09:04:00
1650877440699687000,40.45,2,40.45,10,40.5,85,2,2022-04-25 09:04:00
1650877440703969000,40.45,2,40.45,8,40.5,85,2,2022-04-25 09:04:00
1650877440741053000,40.5,2,40.45,8,40.5,83,1,2022-04-25 09:04:00
1650877440780707000,40.5,3,40.45,8,40.5,80,1,2022-04-25 09:04:00
1650877440904181000,40.45,1,40.45,7,40.5,80,2,2022-04-25 09:04:00
1650877441069349000,40.45,1,40.45,6,40.5,80,2,2022-04-25 09:04:01
1650877441116102000,40.45,1,40.45,6,40.5,80,2,2022-04-25 09:04:01
1650877441728554000,40.5,1,40.45,7,40.5,79,1,2022-04-25 09:04:01
1650877441873451000,40.5,2,40.45,7,40.5,77,1,2022-04-25 09:04:01
1650877442215173000,40.45,14,40.4,67,40.45,2,2,2022-04-25 09:04:02
1650877442227188000,40.45,2,40.4,67,40.5,73,1,2022-04-25 09:04:02
1650877442227188000,40.5,4,40.4,67,40.5,73,1,2022-04-25 09:04:02
1650877442573029000,40.5,5,40.45,2,40.5,68,1,2022-04-25 09:04:02
1650877442653558000,40.45,1,40.45,1,40.5,70,2,2022-04-25 09:04:02
1650877442681814000,40.45,1,40.4,67,40.5,70,2,2022-04-25 09:04:02
1650877442811891000,40.5,2,40.45,1,40.5,68,1,2022-04-25 09:04:02
1650877442863564000,40.45,1,40.4,66,40.5,68,2,2022-04-25 09:04:02
1650877442863564000,40.4,1,40.4,66,40.5,68,2,2022-04-25 09:04:02
1650877442928448000,40.5,50,40.4,67,40.5,18,1,2022-04-25 09:04:02
1650877442932629000,40.4,3,40.4,64,40.5,18,2,2022-04-25 09:04:02
1650877442965385000,40.5,18,40.4,64,40.55,44,1,2022-04-25 09:04:02
1650877443045318000,40.45,1,40.45,5,40.55,44,2,2022-04-25 09:04:03
1650877443164182000,40.45,1,40.45,5,40.55,44,2,2022-04-25 09:04:03
1650877443170577000,40.45,1,40.45,4,40.55,44,2,2022-04-25 09:04:03
1650877443412887000,40.5,2,40.4,66,40.55,44,1,2022-04-25 09:04:03
1650877443760548000,40.45,1,40.45,1,40.55,44,2,2022-04-25 09:04:03
1650877443946921000,40.45,10,40.4,67,40.55,44,2,2022-04-25 09:04:03
1650877443987660000,40.45,1,40.45,4,40.55,44,2,2022-04-25 09:04:03
1650877444358541000,40.5,6,40.5,14,40.55,48,1,2022-04-25 09:04:04
1650877444933685000,40.55,15,40.5,24,40.55,33,1,2022-04-25 09:04:04
1650877446064883000,40.55,29,40.5,29,40.55,5,1,2022-04-25 09:04:06
1650877446129308000,40.55,5,40.5,25,40.6,91,1,2022-04-25 09:04:06
1650877446534897000,40.5,1,40.5,30,40.6,91,2,2022-04-25 09:04:06
1650877447693950000,40.55,1,40.55,1,40.6,92,2,2022-04-25 09:04:07
1650877447854165000,40.55,1,40.5,29,40.6,92,2,2022-04-25 09:04:07
1650877447956770000,40.5,5,40.5,24,40.6,92,2,2022-04-25 09:04:07
1650877448381267000,40.6,2,40.5,25,40.6,95,1,2022-04-25 09:04:08
1650877448402709000,40.5,1,40.5,24,40.6,95,2,2022-04-25 09:04:08
1650877449258892000,40.55,3,40.5,25,40.55,48,1,2022-04-25 09:04:09
1650877449307567000,40.55,1,40.5,25,40.55,47,1,2022-04-25 09:04:09
1650877449420228000,40.55,1,40.5,25,40.55,46,1,2022-04-25 09:04:09
1650877449477479000,40.55,1,40.5,25,40.55,45,1,2022-04-25 09:04:09
1650877450018783000,40.5,1,40.5,34,40.55,46,2,2022-04-25 09:04:10
1650877450106848000,40.55,1,40.5,35,40.55,46,1,2022-04-25 09:04:10
1650877451050330000,40.5,1,40.5,43,40.55,46,2,2022-04-25 09:04:11
1650877451389421000,40.55,5,40.5,45,40.55,41,1,2022-04-25 09:04:11
1650877451608092000,40.55,10,40.5,45,40.55,33,1,2022-04-25 09:04:11
1650877451818614000,40.55,1,40.5,45,40.55,32,1,2022-04-25 09:04:11
1650877452290718000,40.55,10,40.5,47,40.55,22,1,2022-04-25 09:04:12
1650877452533228000,40.5,10,40.5,42,40.55,22,2,2022-04-25 09:04:12
1650877452570175000,40.55,10,40.5,37,40.55,12,1,2022-04-25 09:04:12
1650877452821301000,40.55,2,40.5,42,40.55,10,1,2022-04-25 09:04:12
1650877453185388000,40.5,5,40.5,37,40.55,11,2,2022-04-25 09:04:13
1650877453247755000,40.55,1,40.5,32,40.55,10,1,2022-04-25 09:04:13
1650877453258675000,40.55,1,40.5,32,40.55,9,1,2022-04-25 09:04:13
1650877453296186000,40.55,2,40.5,32,40.55,7,1,2022-04-25 09:04:13
1650877453311463000,40.5,1,40.5,31,40.55,7,2,2022-04-25 09:04:13
1650877453410555000,40.55,1,40.5,32,40.55,6,1,2022-04-25 09:04:13
1650877453836293000,40.55,1,40.5,35,40.55,5,1,2022-04-25 09:04:13
1650877454370865000,40.55,1,40.5,47,40.55,32,1,2022-04-25 09:04:14
1650877454514707000,40.55,2,40.5,51,40.55,30,1,2022-04-25 09:04:14
1650877455101734000,40.55,1,40.5,52,40.55,29,1,2022-04-25 09:04:15
1650877455458463000,40.55,1,40.5,55,40.55,28,1,2022-04-25 09:04:15
1650877455474675000,40.55,1,40.5,55,40.55,27,1,2022-04-25 09:04:15
1650877455476055000,40.55,1,40.5,55,40.55,26,1,2022-04-25 09:04:15
1650877455818242000,40.55,1,40.5,55,40.55,25,1,2022-04-25 09:04:15
1650877456135646000,40.55,2,40.5,55,40.55,23,1,2022-04-25 09:04:16
1650877456136498000,40.55,2,40.5,55,40.55,21,1,2022-04-25 09:04:16
1650877456150259000,40.55,1,40.5,55,40.55,20,1,2022-04-25 09:04:16
1650877456223194000,40.55,1,40.5,55,40.55,19,1,2022-04-25 09:04:16
1650877456675458000,40.55,1,40.5,62,40.55,19,1,2022-04-25 09:04:16
1650877456691920000,40.55,2,40.5,60,40.55,17,1,2022-04-25 09:04:16
1650877456851846000,40.5,3,40.5,57,40.55,18,2,2022-04-25 09:04:16
1650877456856970000,40.55,2,40.5,57,40.55,16,1,2022-04-25 09:04:16
1650877456970061000,40.55,2,40.5,57,40.55,14,1,2022-04-25 09:04:16
1650877457024415000,40.5,1,40.5,56,40.55,14,2,2022-04-25 09:04:17
1650877457472655000,40.55,5,40.5,58,40.55,9,1,2022-04-25 09:04:17
1650877457521097000,40.55,2,40.5,59,40.55,7,1,2022-04-25 09:04:17
1650877457577626000,40.55,1,40.5,59,40.55,6,1,2022-04-25 09:04:17
1650877457777313000,40.55,1,40.5,59,40.55,5,1,2022-04-25 09:04:17
1650877458014991000,40.55,1,40.5,59,40.55,6,1,2022-04-25 09:04:18
1650877458132651000,40.55,1,40.5,59,40.55,5,1,2022-04-25 09:04:18
1650877458387808000,40.55,1,40.5,61,40.55,4,1,2022-04-25 09:04:18
1650877458454255000,40.55,4,40.5,61,40.6,87,1,2022-04-25 09:04:18
1650877458454255000,40.6,6,40.5,61,40.6,87,1,2022-04-25 09:04:18
1650877458768936000,40.6,10,40.5,61,40.6,77,1,2022-04-25 09:04:18
1650877458970855000,40.55,1,40.5,68,40.6,77,1,2022-04-25 09:04:18
1650877459308756000,40.55,1,40.5,67,40.6,77,2,2022-04-25 09:04:19
1650877459308756000,40.5,2,40.5,67,40.6,77,2,2022-04-25 09:04:19
1650877459724907000,40.6,1,40.55,1,40.6,76,1,2022-04-25 09:04:19
1650877460703432000,40.55,1,40.55,30,40.6,76,2,2022-04-25 09:04:20
1650877460756498000,40.55,2,40.55,28,40.6,76,2,2022-04-25 09:04:20
1650877460926973000,40.6,1,40.55,29,40.6,75,1,2022-04-25 09:04:20
1650877460937996000,40.55,1,40.55,28,40.6,75,2,2022-04-25 09:04:20
1650877460939280000,40.6,2,40.55,28,40.6,73,1,2022-04-25 09:04:20
1650877460940238000,40.6,1,40.55,28,40.6,72,1,2022-04-25 09:04:20
1650877461085429000,40.55,1,40.55,27,40.6,72,2,2022-04-25 09:04:21
1650877461440237000,40.55,1,40.55,27,40.6,72,2,2022-04-25 09:04:21
1650877461799446000,40.55,1,40.55,31,40.6,72,2,2022-04-25 09:04:21
1650877462462667000,40.55,1,40.55,45,40.6,72,2,2022-04-25 09:04:22
1650877462470494000,40.6,1,40.55,45,40.6,71,1,2022-04-25 09:04:22
1650877462721261000,40.55,13,40.55,32,40.6,71,2,2022-04-25 09:04:22
1650877463102484000,40.6,1,40.55,27,40.6,70,1,2022-04-25 09:04:23
1650877465688847000,40.55,5,40.55,34,40.6,71,2,2022-04-25 09:04:25
1650877465750381000,40.6,10,40.55,34,40.6,61,1,2022-04-25 09:04:25
1650877465887033000,40.6,2,40.55,34,40.6,59,1,2022-04-25 09:04:25
1650877466280217000,40.6,1,40.55,40,40.6,56,1,2022-04-25 09:04:26
1650877466494240000,40.6,7,40.55,41,40.6,49,1,2022-04-25 09:04:26
1650877466582229000,40.6,1,40.55,41,40.6,48,1,2022-04-25 09:04:26
1650877466645359000,40.6,48,40.55,42,40.65,36,1,2022-04-25 09:04:26
1650877466645359000,40.65,2,40.55,42,40.65,36,1,2022-04-25 09:04:26
1650877467144730000,40.6,1,40.6,4,40.65,36,2,2022-04-25 09:04:27
1650877467723290000,40.6,1,40.6,19,40.65,36,2,2022-04-25 09:04:27
1650877468167560000,40.65,1,40.6,29,40.65,35,1,2022-04-25 09:04:28
1650877468280510000,40.65,1,40.6,31,40.65,34,1,2022-04-25 09:04:28
1650877468287161000,40.6,2,40.6,29,40.65,34,2,2022-04-25 09:04:28
1650877468313188000,40.65,20,40.6,29,40.65,14,1,2022-04-25 09:04:28
1650877468345944000,40.65,2,40.6,29,40.65,12,1,2022-04-25 09:04:28
1650877468346019000,40.65,2,40.6,26,40.65,10,1,2022-04-25 09:04:28
1650877468349466000,40.65,10,40.6,26,40.7,102,1,2022-04-25 09:04:28
1650877468424309000,40.7,26,40.65,5,40.7,76,1,2022-04-25 09:04:28
1650877468470439000,40.7,18,40.65,5,40.7,58,1,2022-04-25 09:04:28
1650877468479895000,40.7,23,40.65,5,40.7,35,1,2022-04-25 09:04:28
1650877468508977000,40.7,35,40.65,1,40.75,62,1,2022-04-25 09:04:28
1650877469150867000,40.75,1,40.7,15,40.75,61,1,2022-04-25 09:04:29
1650877469150871000,40.75,1,40.7,15,40.75,60,1,2022-04-25 09:04:29
1650877469150961000,40.75,1,40.7,15,40.75,59,1,2022-04-25 09:04:29
1650877469169430000,40.75,2,40.7,15,40.75,57,1,2022-04-25 09:04:29
1650877469170139000,40.75,1,40.7,15,40.75,56,1,2022-04-25 09:04:29
1650877469171192000,40.75,2,40.7,15,40.75,54,1,2022-04-25 09:04:29
1650877469431474000,40.7,3,40.7,13,40.75,54,2,2022-04-25 09:04:29
1650877469645486000,40.75,1,40.7,16,40.75,51,1,2022-04-25 09:04:29
1650877469712015000,40.7,1,40.7,15,40.75,51,2,2022-04-25 09:04:29
1650877469772586000,40.75,51,40.75,29,40.8,34,1,2022-04-25 09:04:29
1650877469803382000,40.8,5,40.75,29,40.8,29,1,2022-04-25 09:04:29
1650877469809215000,40.75,1,40.75,28,40.8,29,2,2022-04-25 09:04:29
1650877469957038000,40.75,2,40.75,31,40.8,29,2,2022-04-25 09:04:29
1650877470692537000,40.8,5,40.75,33,40.8,24,1,2022-04-25 09:04:30
1650877470715583000,40.8,24,40.75,33,40.85,22,1,2022-04-25 09:04:30
1650877470998984000,40.85,1,40.8,1,40.85,21,1,2022-04-25 09:04:30
1650877471130069000,40.85,1,40.8,1,40.85,20,1,2022-04-25 09:04:31
1650877471309584000,40.8,2,40.8,4,40.85,20,2,2022-04-25 09:04:31
1650877471376313000,40.85,2,40.8,4,40.85,18,1,2022-04-25 09:04:31
1650877471644232000,40.8,5,40.75,26,40.85,18,2,2022-04-25 09:04:31
1650877471644232000,40.75,3,40.75,26,40.85,18,2,2022-04-25 09:04:31
1650877471835276000,40.85,1,40.8,1,40.85,17,1,2022-04-25 09:04:31
1650877471929175000,40.8,1,40.75,32,40.85,17,2,2022-04-25 09:04:31
1650877472040794000,40.75,1,40.75,31,40.85,17,2,2022-04-25 09:04:32
1650877472154136000,40.85,10,40.75,31,40.85,7,1,2022-04-25 09:04:32
1650877472217272000,40.75,3,40.75,28,40.85,7,2,2022-04-25 09:04:32
1650877472444766000,40.85,3,40.75,29,40.85,4,1,2022-04-25 09:04:32
1650877472505859000,40.85,1,40.75,29,40.85,3,1,2022-04-25 09:04:32
1650877472977661000,40.8,1,40.75,11,40.8,14,1,2022-04-25 09:04:32
1650877473323490000,40.8,1,40.75,12,40.8,13,1,2022-04-25 09:04:33
1650877473399082000,40.8,1,40.75,12,40.8,12,1,2022-04-25 09:04:33
1650877473436306000,40.8,4,40.75,12,40.8,8,1,2022-04-25 09:04:33
1650877473486776000,40.8,1,40.75,13,40.8,7,1,2022-04-25 09:04:33
1650877473698018000,40.8,3,40.75,13,40.8,4,1,2022-04-25 09:04:33
1650877473735584000,40.8,1,40.75,13,40.8,3,1,2022-04-25 09:04:33
1650877473881250000,40.8,1,40.75,13,40.8,2,1,2022-04-25 09:04:33
1650877474057721000,40.8,1,40.75,13,40.8,1,1,2022-04-25 09:04:34
1650877474181101000,40.8,1,40.75,13,40.85,3,1,2022-04-25 09:04:34
1650877474215658000,40.85,2,40.75,13,40.85,1,1,2022-04-25 09:04:34
1650877474479277000,40.85,1,40.8,15,40.9,84,1,2022-04-25 09:04:34
1650877475015836000,40.85,3,40.8,15,40.85,2,1,2022-04-25 09:04:35
1650877475060539000,40.85,1,40.8,15,40.85,1,1,2022-04-25 09:04:35
1650877475147805000,40.8,2,40.8,13,40.85,1,2,2022-04-25 09:04:35
1650877475321345000,40.8,12,40.8,2,40.85,1,2,2022-04-25 09:04:35
1650877475365070000,40.8,1,40.75,6,40.8,1,2,2022-04-25 09:04:35
1650877475649856000,40.8,1,40.75,12,40.85,1,1,2022-04-25 09:04:35
1650877475817231000,40.8,1,40.75,12,40.8,1,2,2022-04-25 09:04:35
1650877475914862000,40.75,1,40.75,13,40.8,1,2,2022-04-25 09:04:35
1650877476084856000,40.8,1,40.85,8,40.9,84,1,2022-04-25 09:04:36
1650877476084856000,40.85,1,40.85,8,40.9,84,1,2022-04-25 09:04:36
1650877476211943000,40.85,5,40.85,3,40.9,84,2,2022-04-25 09:04:36
1650877476234626000,40.85,1,40.85,3,40.9,89,2,2022-04-25 09:04:36
1650877476266767000,40.85,3,40.75,9,40.9,89,2,2022-04-25 09:04:36
1650877476473482000,40.8,2,40.7,20,40.75,37,2,2022-04-25 09:04:36
1650877476473482000,40.75,11,40.7,20,40.75,37,2,2022-04-25 09:04:36
1650877476476279000,40.75,1,40.7,20,40.75,36,1,2022-04-25 09:04:36
1650877476713636000,40.75,1,40.7,15,40.75,35,1,2022-04-25 09:04:36
1650877476948440000,40.75,1,40.7,15,40.75,34,1,2022-04-25 09:04:36
1650877477375869000,40.75,10,40.7,15,40.75,24,1,2022-04-25 09:04:37
1650877477484681000,40.75,1,40.7,5,40.75,23,1,2022-04-25 09:04:37
1650877477530862000,40.75,1,40.7,5,40.75,22,1,2022-04-25 09:04:37
1650877477684419000,40.75,1,40.7,5,40.75,21,1,2022-04-25 09:04:37
1650877477894822000,40.75,9,40.7,5,40.75,12,1,2022-04-25 09:04:37
1650877478236265000,40.75,1,40.7,5,40.75,11,1,2022-04-25 09:04:38
1650877478302884000,40.75,2,40.7,5,40.75,9,1,2022-04-25 09:04:38
1650877478364414000,40.75,1,40.7,5,40.75,8,1,2022-04-25 09:04:38
1650877478438222000,40.75,1,40.7,5,40.75,8,1,2022-04-25 09:04:38
1650877478487362000,40.75,1,40.7,5,40.75,7,1,2022-04-25 09:04:38
1650877478507516000,40.75,7,40.8,2,40.85,59,1,2022-04-25 09:04:38
1650877478507516000,40.8,11,40.8,2,40.85,59,1,2022-04-25 09:04:38
1650877478573490000,40.85,1,40.8,2,40.85,58,1,2022-04-25 09:04:38
1650877478587638000,40.85,1,40.8,2,40.85,57,1,2022-04-25 09:04:38
1650877478825043000,40.8,2,40.8,2,40.85,57,2,2022-04-25 09:04:38
1650877478982303000,40.8,2,40.75,1,40.85,57,2,2022-04-25 09:04:38
1650877479106846000,40.85,1,40.8,3,40.85,62,1,2022-04-25 09:04:39
1650877479216139000,40.8,3,40.75,2,40.8,47,2,2022-04-25 09:04:39
1650877479752459000,40.8,5,40.75,13,40.8,45,1,2022-04-25 09:04:39
1650877479765574000,40.75,5,40.75,8,40.8,45,2,2022-04-25 09:04:39
1650877479777302000,40.75,1,40.75,7,40.8,45,2,2022-04-25 09:04:39
1650877479796896000,40.8,2,40.75,7,40.8,43,1,2022-04-25 09:04:39
1650877479797046000,40.8,1,40.75,7,40.8,42,1,2022-04-25 09:04:39
1650877479866934000,40.8,1,40.75,7,40.8,41,1,2022-04-25 09:04:39
1650877479921731000,40.75,1,40.75,6,40.8,41,2,2022-04-25 09:04:39
1650877479945508000,40.8,2,40.75,6,40.8,39,1,2022-04-25 09:04:39
1650877480171880000,40.8,1,40.75,9,40.8,38,1,2022-04-25 09:04:40
1650877480477453000,40.8,10,40.75,9,40.8,28,1,2022-04-25 09:04:40
1650877480493515000,40.8,5,40.75,9,40.8,23,1,2022-04-25 09:04:40
1650877480505708000,40.8,3,40.75,9,40.8,20,1,2022-04-25 09:04:40
1650877480790233000,40.8,1,40.75,9,40.8,19,1,2022-04-25 09:04:40
1650877480938278000,40.75,2,40.75,10,40.8,19,2,2022-04-25 09:04:40
1650877481041172000,40.75,1,40.75,9,40.8,19,2,2022-04-25 09:04:41
1650877481042458000,40.8,1,40.75,9,40.8,18,1,2022-04-25 09:04:41
1650877481557405000,40.8,1,40.75,13,40.8,19,1,2022-04-25 09:04:41
1650877481592454000,40.8,1,40.75,13,40.8,18,1,2022-04-25 09:04:41
1650877481651570000,40.8,1,40.75,14,40.8,17,1,2022-04-25 09:04:41
1650877481789191000,40.8,1,40.75,15,40.8,16,1,2022-04-25 09:04:41
1650877481875744000,40.8,2,40.75,15,40.8,14,1,2022-04-25 09:04:41
1650877482013277000,40.8,3,40.75,15,40.8,11,1,2022-04-25 09:04:42
1650877482188498000,40.8,1,40.75,15,40.8,10,1,2022-04-25 09:04:42
1650877482376200000,40.8,1,40.75,15,40.8,9,1,2022-04-25 09:04:42
1650877482882979000,40.8,2,40.75,19,40.8,9,1,2022-04-25 09:04:42
1650877482985130000,40.75,1,40.75,18,40.8,9,2,2022-04-25 09:04:42
1650877483219852000,40.8,1,40.75,18,40.8,5,1,2022-04-25 09:04:43
1650877483264916000,40.8,1,40.75,18,40.8,4,1,2022-04-25 09:04:43
1650877483585365000,40.8,1,40.75,18,40.8,5,1,2022-04-25 09:04:43
1650877483792963000,40.8,3,40.75,18,40.8,2,1,2022-04-25 09:04:43
1650877483810827000,40.8,1,40.75,18,40.8,1,1,2022-04-25 09:04:43
1650877483942952000,40.75,2,40.75,16,40.8,1,2,2022-04-25 09:04:43
1650877484032261000,40.8,1,40.75,16,40.85,67,1,2022-04-25 09:04:44
1650877485103296000,40.8,1,40.8,2,40.85,69,2,2022-04-25 09:04:45
1650877485798116000,40.8,5,40.75,19,40.8,45,2,2022-04-25 09:04:45
1650877485848509000,40.75,1,40.75,18,40.8,45,2,2022-04-25 09:04:45
1650877485911213000,40.8,20,40.75,18,40.8,25,1,2022-04-25 09:04:45
1650877485968249000,40.8,10,40.75,18,40.8,15,1,2022-04-25 09:04:45
1650877486172771000,40.8,1,40.75,38,40.8,14,1,2022-04-25 09:04:46
1650877486206854000,40.8,2,40.75,38,40.8,12,1,2022-04-25 09:04:46
1650877486441241000,40.8,1,40.75,39,40.8,13,1,2022-04-25 09:04:46
1650877486669019000,40.8,2,40.75,39,40.8,11,1,2022-04-25 09:04:46
1650877486673424000,40.8,1,40.75,39,40.8,10,1,2022-04-25 09:04:46
1650877486673712000,40.8,1,40.75,39,40.8,9,1,2022-04-25 09:04:46
1650877486880577000,40.8,1,40.75,45,40.8,8,1,2022-04-25 09:04:46
1650877487058114000,40.8,1,40.75,50,40.8,7,1,2022-04-25 09:04:47
1650877487625262000,40.8,5,40.75,50,40.8,5,1,2022-04-25 09:04:47
1650877487663121000,40.8,2,40.75,50,40.8,3,1,2022-04-25 09:04:47
1650877487947814000,40.8,1,40.75,50,40.8,2,1,2022-04-25 09:04:47
1650877488091252000,40.8,1,40.75,50,40.8,2,1,2022-04-25 09:04:48
1650877488136170000,40.8,1,40.75,50,40.8,1,1,2022-04-25 09:04:48
1650877488138795000,40.8,1,40.75,50,40.85,76,1,2022-04-25 09:04:48
1650877488438634000,40.8,1,40.75,58,40.8,3,1,2022-04-25 09:04:48
1650877488541318000,40.8,1,40.75,58,40.8,52,1,2022-04-25 09:04:48
1650877488598921000,40.8,1,40.75,58,40.8,51,1,2022-04-25 09:04:48
1650877488748377000,40.8,10,40.75,58,40.8,41,1,2022-04-25 09:04:48
1650877488814240000,40.8,1,40.75,63,40.8,40,1,2022-04-25 09:04:48
1650877489126372000,40.8,1,40.75,63,40.8,39,1,2022-04-25 09:04:49
1650877489216403000,40.8,1,40.75,63,40.8,38,1,2022-04-25 09:04:49
1650877489322936000,40.8,1,40.75,63,40.8,37,1,2022-04-25 09:04:49
1650877489397749000,40.8,1,40.75,64,40.8,37,1,2022-04-25 09:04:49
1650877489503671000,40.8,1,40.75,64,40.8,36,1,2022-04-25 09:04:49
1650877489646085000,40.8,1,40.75,64,40.8,35,1,2022-04-25 09:04:49
1650877490170405000,40.8,10,40.75,66,40.8,27,1,2022-04-25 09:04:50
1650877490321778000,40.75,1,40.75,66,40.8,28,2,2022-04-25 09:04:50
1650877490373294000,40.75,6,40.75,60,40.8,28,2,2022-04-25 09:04:50
1650877490498775000,40.8,1,40.75,60,40.8,27,1,2022-04-25 09:04:50
1650877490592648000,40.8,2,40.75,60,40.8,25,1,2022-04-25 09:04:50
1650877490639253000,40.8,3,40.75,60,40.8,22,1,2022-04-25 09:04:50
1650877490711220000,40.8,1,40.75,60,40.8,21,1,2022-04-25 09:04:50
1650877490849788000,40.8,21,40.75,60,40.85,49,1,2022-04-25 09:04:50
1650877490849788000,40.85,30,40.75,60,40.85,49,1,2022-04-25 09:04:50
1650877490994788000,40.85,1,40.8,4,40.85,48,1,2022-04-25 09:04:50
1650877491147019000,40.85,1,40.8,11,40.85,47,1,2022-04-25 09:04:51
1650877491452585000,40.8,1,40.8,13,40.85,47,2,2022-04-25 09:04:51
1650877491552222000,40.8,1,40.8,22,40.85,47,2,2022-04-25 09:04:51
1650877491905108000,40.8,1,40.8,24,40.85,55,2,2022-04-25 09:04:51
1650877492595200000,40.8,1,40.8,61,40.85,55,2,2022-04-25 09:04:52
1650877493259104000,40.85,1,40.8,187,40.85,58,1,2022-04-25 09:04:53
1650877493842303000,40.85,1,40.8,195,40.85,57,1,2022-04-25 09:04:53
1650877494301335000,40.85,3,40.8,198,40.85,74,1,2022-04-25 09:04:54
1650877494387009000,40.85,5,40.8,199,40.85,69,1,2022-04-25 09:04:54
1650877494468251000,40.8,1,40.8,198,40.85,69,2,2022-04-25 09:04:54
1650877494482554000,40.85,2,40.8,198,40.85,67,1,2022-04-25 09:04:54
1650877494773002000,40.85,10,40.8,206,40.85,57,1,2022-04-25 09:04:54
1650877494795822000,40.85,2,40.8,206,40.85,55,1,2022-04-25 09:04:54
1650877494845474000,40.85,3,40.8,207,40.85,52,1,2022-04-25 09:04:54
1650877494922845000,40.8,1,40.8,206,40.85,52,2,2022-04-25 09:04:54
1650877494958866000,40.85,2,40.8,206,40.85,50,1,2022-04-25 09:04:54
1650877495151428000,40.85,20,40.8,206,40.85,30,1,2022-04-25 09:04:55
1650877495177983000,40.85,24,40.8,206,40.85,6,1,2022-04-25 09:04:55
1650877495180808000,40.85,6,40.8,206,40.9,84,1,2022-04-25 09:04:55
1650877495518659000,40.85,3,40.85,23,40.9,84,2,2022-04-25 09:04:55
1650877495584334000,40.85,1,40.85,21,40.9,84,2,2022-04-25 09:04:55
1650877495909059000,40.85,26,40.8,210,40.85,24,2,2022-04-25 09:04:55
1650877496054283000,40.85,1,40.8,210,40.85,23,1,2022-04-25 09:04:56
1650877496111611000,40.85,2,40.8,210,40.85,21,1,2022-04-25 09:04:56
1650877496491808000,40.85,2,40.8,213,40.85,23,1,2022-04-25 09:04:56
1650877496585670000,40.85,10,40.8,213,40.85,13,1,2022-04-25 09:04:56
1650877496763939000,40.85,10,40.8,214,40.85,3,1,2022-04-25 09:04:56
1650877497037240000,40.85,3,40.85,2,40.9,84,1,2022-04-25 09:04:57
1650877497247899000,40.9,6,40.85,2,40.9,78,1,2022-04-25 09:04:57
1650877497314068000,40.9,20,40.85,2,40.9,58,1,2022-04-25 09:04:57
1650877497568101000,40.85,1,40.85,3,40.9,58,2,2022-04-25 09:04:57
1650877497709357000,40.9,5,40.85,3,40.9,53,1,2022-04-25 09:04:57
1650877497797399000,40.9,4,40.85,7,40.9,49,1,2022-04-25 09:04:57
1650877497801303000,40.9,4,40.85,7,40.9,45,1,2022-04-25 09:04:57
1650877498265926000,40.9,20,40.85,12,40.9,25,1,2022-04-25 09:04:58
1650877498860072000,40.9,2,40.85,16,40.9,23,1,2022-04-25 09:04:58
1650877499805269000,40.85,12,40.85,68,40.9,73,2,2022-04-25 09:04:59
1650877499879625000,40.9,5,40.85,67,40.9,68,1,2022-04-25 09:04:59
1650877499949300000,40.85,1,40.85,67,40.9,68,2,2022-04-25 09:04:59
1650877500109493000,40.9,3,40.85,68,40.9,65,1,2022-04-25 09:05:00
1650877500326090000,40.85,2,40.85,66,40.9,65,2,2022-04-25 09:05:00
1650877500416797000,40.85,1,40.85,67,40.9,65,2,2022-04-25 09:05:00
1650877500808964000,40.85,1,40.85,87,40.9,69,2,2022-04-25 09:05:00
1650877500818606000,40.9,1,40.85,87,40.9,68,1,2022-04-25 09:05:00
1650877501008244000,40.9,3,40.85,90,40.9,65,1,2022-04-25 09:05:01
1650877501461999000,40.9,1,40.85,91,40.9,64,1,2022-04-25 09:05:01
1650877501510892000,40.9,5,40.85,91,40.9,59,1,2022-04-25 09:05:01
1650877501860557000,40.9,1,40.85,94,40.9,58,1,2022-04-25 09:05:01
1650877502370831000,40.9,4,40.85,94,40.9,55,1,2022-04-25 09:05:02
1650877502378780000,40.9,1,40.85,94,40.9,54,1,2022-04-25 09:05:02
1650877502423605000,40.85,20,40.85,74,40.9,54,2,2022-04-25 09:05:02
1650877502546645000,40.9,1,40.85,74,40.9,53,1,2022-04-25 09:05:02
1650877502699633000,40.85,5,40.85,69,40.9,53,2,2022-04-25 09:05:02
1650877502802399000,40.85,1,40.85,68,40.9,53,2,2022-04-25 09:05:02
1650877502926181000,40.85,2,40.85,66,40.9,53,2,2022-04-25 09:05:02
1650877502966654000,40.85,3,40.85,63,40.9,53,2,2022-04-25 09:05:02
1650877502996083000,40.85,63,40.8,246,40.9,53,2,2022-04-25 09:05:02
1650877503198584000,40.9,1,40.8,246,40.9,62,1,2022-04-25 09:05:03
1650877503382997000,40.9,1,40.85,1,40.9,56,1,2022-04-25 09:05:03
1650877503732501000,40.9,1,40.85,5,40.9,55,1,2022-04-25 09:05:03
1650877503756824000,40.9,3,40.85,5,40.9,52,1,2022-04-25 09:05:03
1650877503797789000,40.85,2,40.85,3,40.9,52,2,2022-04-25 09:05:03
1650877503841739000,40.9,1,40.85,3,40.9,51,1,2022-04-25 09:05:03
1650877504211062000,40.85,4,40.8,246,40.9,71,2,2022-04-25 09:05:04
1650877504242928000,40.85,1,40.8,246,40.9,71,1,2022-04-25 09:05:04
1650877504493145000,40.9,1,40.85,1,40.9,97,1,2022-04-25 09:05:04
1650877504495841000,40.9,5,40.85,1,40.9,92,1,2022-04-25 09:05:04
1650877504521339000,40.9,10,40.85,1,40.9,82,1,2022-04-25 09:05:04
1650877504530971000,40.85,1,40.8,246,40.9,82,2,2022-04-25 09:05:04
1650877504565930000,40.85,1,40.8,246,40.9,72,2,2022-04-25 09:05:04
1650877504596406000,40.9,10,40.85,4,40.9,32,1,2022-04-25 09:05:04
1650877504604015000,40.9,4,40.85,4,40.9,28,1,2022-04-25 09:05:04
1650877504669662000,40.9,2,40.85,4,40.9,21,1,2022-04-25 09:05:04
1650877504865042000,40.9,2,40.85,4,40.9,14,1,2022-04-25 09:05:04
1650877505193549000,40.9,2,40.85,4,40.9,12,1,2022-04-25 09:05:05
1650877505216614000,40.85,4,40.8,249,40.85,4,2,2022-04-25 09:05:05
1650877505302998000,40.85,1,40.8,249,40.85,3,1,2022-04-25 09:05:05
1650877505403264000,40.85,2,40.8,249,40.85,1,1,2022-04-25 09:05:05
1650877505503486000,40.85,1,40.85,2,40.9,14,1,2022-04-25 09:05:05
1650877505602941000,40.9,1,40.85,2,40.9,13,1,2022-04-25 09:05:05
1650877505710959000,40.9,2,40.85,2,40.9,11,1,2022-04-25 09:05:05
1650877505756366000,40.85,1,40.85,1,40.9,11,2,2022-04-25 09:05:05
1650877505762236000,40.85,1,40.8,248,40.9,11,2,2022-04-25 09:05:05
1650877505886517000,40.9,1,40.85,2,40.9,10,1,2022-04-25 09:05:05
1650877506051627000,40.9,5,40.85,3,40.9,5,1,2022-04-25 09:05:06
1650877506245499000,40.9,1,40.85,6,40.9,4,1,2022-04-25 09:05:06
1650877506258615000,40.9,2,40.85,6,40.9,2,1,2022-04-25 09:05:06
1650877506351261000,40.9,2,40.85,6,40.95,34,1,2022-04-25 09:05:06
1650877506351261000,40.95,3,40.85,6,40.95,34,1,2022-04-25 09:05:06
1650877506365277000,40.95,11,40.85,6,40.95,23,1,2022-04-25 09:05:06
1650877506457137000,40.9,1,40.85,14,40.95,21,1,2022-04-25 09:05:06
1650877506457137000,40.95,2,40.85,14,40.95,21,1,2022-04-25 09:05:06
1650877506571654000,40.9,5,40.85,9,40.9,46,1,2022-04-25 09:05:06
1650877506912487000,40.9,1,40.85,11,40.9,45,1,2022-04-25 09:05:06
1650877506959368000,40.9,1,40.85,11,40.9,44,1,2022-04-25 09:05:06
1650877507145396000,40.9,1,40.85,12,40.9,43,1,2022-04-25 09:05:07
1650877507156868000,40.9,2,40.85,12,40.9,41,1,2022-04-25 09:05:07
1650877507310345000,40.9,10,40.85,12,40.9,31,1,2022-04-25 09:05:07
1650877507570225000,40.9,2,40.85,22,40.9,30,1,2022-04-25 09:05:07
1650877507573247000,40.9,1,40.85,22,40.9,29,1,2022-04-25 09:05:07
1650877507579170000,40.9,4,40.85,22,40.9,25,1,2022-04-25 09:05:07
1650877507650437000,40.9,1,40.85,25,40.9,24,1,2022-04-25 09:05:07
1650877507960886000,40.85,10,40.85,15,40.9,24,2,2022-04-25 09:05:07
1650877508205265000,40.85,17,40.8,253,40.9,62,2,2022-04-25 09:05:08
1650877508571922000,40.85,1,40.8,253,40.9,72,1,2022-04-25 09:05:08
1650877508717177000,40.85,1,40.8,253,40.85,19,1,2022-04-25 09:05:08
1650877508775996000,40.8,1,40.8,252,40.85,19,2,2022-04-25 09:05:08
1650877508868511000,40.85,3,40.8,252,40.85,17,1,2022-04-25 09:05:08
1650877508876092000,40.85,1,40.8,252,40.85,16,1,2022-04-25 09:05:08
1650877508942230000,40.8,252,40.75,107,40.8,98,2,2022-04-25 09:05:08
1650877508967903000,40.75,107,40.7,34,40.8,103,2,2022-04-25 09:05:08
1650877509408665000,40.7,6,40.7,28,40.75,12,2,2022-04-25 09:05:09
1650877509482229000,40.75,1,40.7,28,40.75,11,1,2022-04-25 09:05:09
1650877509544172000,40.75,1,40.7,28,40.75,11,1,2022-04-25 09:05:09
1650877509558432000,40.7,1,40.7,27,40.75,11,2,2022-04-25 09:05:09
1650877509558962000,40.7,1,40.7,26,40.75,11,2,2022-04-25 09:05:09
1650877509558990000,40.7,1,40.7,25,40.75,11,2,2022-04-25 09:05:09
1650877509560287000,40.7,3,40.7,22,40.75,11,2,2022-04-25 09:05:09
1650877509590176000,40.7,2,40.7,20,40.75,17,2,2022-04-25 09:05:09
1650877509590372000,40.7,1,40.7,19,40.75,17,2,2022-04-25 09:05:09
1650877509592142000,40.7,2,40.7,17,40.75,17,2,2022-04-25 09:05:09
1650877509630817000,40.7,17,40.65,168,40.75,22,2,2022-04-25 09:05:09
1650877509701025000,40.75,1,40.65,168,40.75,11,1,2022-04-25 09:05:09
1650877509905875000,40.7,1,40.65,168,40.7,1,1,2022-04-25 09:05:09
1650877510005286000,40.7,1,40.65,168,40.7,20,1,2022-04-25 09:05:10
1650877510044870000,40.7,2,40.65,168,40.7,18,1,2022-04-25 09:05:10
1650877510337868000,40.7,1,40.65,168,40.7,27,1,2022-04-25 09:05:10
1650877510597805000,40.7,2,40.65,168,40.7,27,1,2022-04-25 09:05:10
1650877510645922000,40.7,2,40.65,168,40.7,25,1,2022-04-25 09:05:10
1650877510667783000,40.65,10,40.65,158,40.7,25,2,2022-04-25 09:05:10
1650877510819368000,40.7,6,40.65,158,40.7,24,1,2022-04-25 09:05:10
1650877511181219000,40.7,2,40.65,158,40.7,22,1,2022-04-25 09:05:11
1650877511292989000,40.7,1,40.65,158,40.7,21,1,2022-04-25 09:05:11
1650877511585893000,40.7,2,40.65,158,40.7,19,1,2022-04-25 09:05:11
1650877511975920000,40.7,1,40.65,158,40.7,20,1,2022-04-25 09:05:11
1650877512528310000,40.7,1,40.65,158,40.7,19,1,2022-04-25 09:05:12
1650877512886963000,40.7,10,40.65,158,40.7,9,1,2022-04-25 09:05:12
1650877512910477000,40.7,9,40.65,158,40.75,44,1,2022-04-25 09:05:12
1650877512910477000,40.75,1,40.65,158,40.75,44,1,2022-04-25 09:05:12
1650877512922406000,40.75,5,40.65,158,40.75,39,1,2022-04-25 09:05:12
1650877512941241000,40.75,2,40.65,158,40.75,32,1,2022-04-25 09:05:12
1650877513053513000,40.75,5,40.65,163,40.75,27,1,2022-04-25 09:05:13
1650877513819615000,40.7,1,40.65,158,40.7,9,2,2022-04-25 09:05:13
1650877514136184000,40.7,1,40.65,158,40.7,8,1,2022-04-25 09:05:14
1650877514496087000,40.7,3,40.65,158,40.7,5,1,2022-04-25 09:05:14
1650877514540754000,40.7,3,40.65,158,40.7,2,1,2022-04-25 09:05:14
1650877514938105000,40.7,1,40.65,158,40.7,1,1,2022-04-25 09:05:14
1650877515197512000,40.7,1,40.65,160,40.75,24,1,2022-04-25 09:05:15
1650877515197512000,40.75,4,40.65,160,40.75,24,1,2022-04-25 09:05:15
1650877515342126000,40.75,1,40.65,171,40.75,23,1,2022-04-25 09:05:15
1650877515719664000,40.65,2,40.65,169,40.7,2,2,2022-04-25 09:05:15
1650877515741513000,40.65,1,40.65,168,40.7,32,2,2022-04-25 09:05:15
1650877515873900000,40.7,3,40.65,163,40.7,29,1,2022-04-25 09:05:15
1650877516321661000,40.7,1,40.65,163,40.7,45,1,2022-04-25 09:05:16
1650877516586584000,40.7,1,40.65,158,40.7,44,1,2022-04-25 09:05:16
1650877516786569000,40.65,1,40.65,157,40.7,44,2,2022-04-25 09:05:16
1650877516806879000,40.7,1,40.65,157,40.7,43,1,2022-04-25 09:05:16
1650877517165938000,40.65,64,40.65,94,40.7,43,2,2022-04-25 09:05:17
1650877517538324000,40.65,1,40.65,93,40.7,43,2,2022-04-25 09:05:17
1650877517610053000,40.7,1,40.65,93,40.7,47,1,2022-04-25 09:05:17
1650877517631105000,40.65,15,40.65,78,40.7,47,2,2022-04-25 09:05:17
1650877517742541000,40.65,5,40.65,73,40.7,52,2,2022-04-25 09:05:17
1650877517976041000,40.65,1,40.65,72,40.7,52,2,2022-04-25 09:05:17
1650877518379786000,40.65,2,40.65,69,40.7,47,2,2022-04-25 09:05:18
1650877518584171000,40.7,1,40.65,69,40.7,46,1,2022-04-25 09:05:18
1650877518684852000,40.65,1,40.65,68,40.7,46,2,2022-04-25 09:05:18
1650877519085871000,40.65,5,40.65,64,40.7,46,2,2022-04-25 09:05:19
1650877519234347000,40.65,4,40.65,60,40.7,46,2,2022-04-25 09:05:19
1650877519242900000,40.65,3,40.65,57,40.7,46,2,2022-04-25 09:05:19
1650877519262496000,40.65,20,40.65,38,40.7,46,2,2022-04-25 09:05:19
1650877519263130000,40.7,3,40.65,38,40.7,43,1,2022-04-25 09:05:19
1650877519285019000,40.65,20,40.65,18,40.7,38,2,2022-04-25 09:05:19
1650877519320171000,40.65,18,40.6,17,40.7,38,2,2022-04-25 09:05:19
1650877519352259000,40.65,1,40.6,17,40.65,4,2,2022-04-25 09:05:19
1650877519406282000,40.6,1,40.6,16,40.65,5,2,2022-04-25 09:05:19
1650877519522081000,40.6,1,40.6,15,40.65,10,2,2022-04-25 09:05:19
1650877519586479000,40.65,10,40.7,7,40.75,31,1,2022-04-25 09:05:19
1650877519586479000,40.7,33,40.7,7,40.75,31,1,2022-04-25 09:05:19
1650877519587381000,40.7,1,40.7,6,40.75,31,2,2022-04-25 09:05:19
1650877519615016000,40.7,6,40.6,15,40.75,31,2,2022-04-25 09:05:19
1650877519757720000,40.7,1,40.6,20,40.7,5,1,2022-04-25 09:05:19
1650877519954408000,40.7,5,40.6,20,40.7,4,1,2022-04-25 09:05:19
1650877520453108000,40.7,20,40.65,2,40.7,8,1,2022-04-25 09:05:20
1650877520643709000,40.65,1,40.65,11,40.7,8,2,2022-04-25 09:05:20
1650877520654064000,40.65,5,40.65,6,40.7,8,2,2022-04-25 09:05:20
1650877520835728000,40.65,2,40.65,4,40.7,13,2,2022-04-25 09:05:20
1650877520885013000,40.7,2,40.65,4,40.7,11,1,2022-04-25 09:05:20
1650877520894681000,40.7,1,40.65,4,40.7,10,1,2022-04-25 09:05:20
1650877521043964000,40.65,4,40.6,23,40.65,66,2,2022-04-25 09:05:21
1650877521300873000,40.65,1,40.6,19,40.65,65,1,2022-04-25 09:05:21
1650877521335666000,40.6,2,40.6,17,40.65,65,2,2022-04-25 09:05:21
1650877521652515000,40.65,1,40.6,17,40.65,73,1,2022-04-25 09:05:21
1650877521684208000,40.65,2,40.6,17,40.65,71,1,2022-04-25 09:05:21
1650877521815544000,40.65,1,40.6,17,40.65,73,1,2022-04-25 09:05:21
1650877522001655000,40.65,1,40.6,17,40.65,72,1,2022-04-25 09:05:22
1650877522019239000,40.65,1,40.6,17,40.65,71,1,2022-04-25 09:05:22
1650877522085807000,40.6,2,40.6,16,40.65,71,2,2022-04-25 09:05:22
1650877522546127000,40.65,10,40.6,26,40.65,86,1,2022-04-25 09:05:22
1650877522812053000,40.6,5,40.6,21,40.65,87,2,2022-04-25 09:05:22
1650877522930810000,40.6,6,40.6,15,40.65,87,2,2022-04-25 09:05:22
1650877523340175000,40.65,2,40.6,15,40.65,90,1,2022-04-25 09:05:23
1650877523401483000,40.6,1,40.6,14,40.65,90,2,2022-04-25 09:05:23
1650877524209075000,40.65,1,40.6,29,40.65,85,1,2022-04-25 09:05:24
1650877524315458000,40.6,2,40.6,27,40.65,85,2,2022-04-25 09:05:24
1650877524374995000,40.65,5,40.6,27,40.65,80,1,2022-04-25 09:05:24
1650877524678171000,40.6,10,40.6,17,40.65,79,2,2022-04-25 09:05:24
1650877524824699000,40.6,18,40.55,42,40.65,79,2,2022-04-25 09:05:24
1650877524824699000,40.55,2,40.55,42,40.65,79,2,2022-04-25 09:05:24
1650877524882255000,40.65,1,40.55,42,40.65,78,1,2022-04-25 09:05:24
1650877525899853000,40.6,2,40.6,2,40.65,78,2,2022-04-25 09:05:25
1650877525926732000,40.6,2,40.55,41,40.6,1,2,2022-04-25 09:05:25
1650877526368497000,40.6,1,40.55,111,40.65,78,1,2022-04-25 09:05:26
1650877527111651000,40.6,3,40.55,111,40.6,7,2,2022-04-25 09:05:27
1650877527158400000,40.55,1,40.55,110,40.6,7,2,2022-04-25 09:05:27
1650877527224306000,40.6,1,40.55,110,40.6,6,1,2022-04-25 09:05:27
1650877527501298000,40.6,5,40.55,110,40.6,1,1,2022-04-25 09:05:27
1650877527513985000,40.6,1,40.6,1,40.65,78,1,2022-04-25 09:05:27
1650877527537388000,40.6,1,40.55,96,40.65,78,2,2022-04-25 09:05:27
1650877527537388000,40.55,14,40.55,96,40.65,78,2,2022-04-25 09:05:27
1650877527805355000,40.65,2,40.55,97,40.65,76,1,2022-04-25 09:05:27
1650877527898717000,40.6,2,40.55,102,40.6,28,2,2022-04-25 09:05:27
1650877527911808000,40.6,3,40.55,102,40.6,25,1,2022-04-25 09:05:27
1650877528106480000,40.6,1,40.55,97,40.6,25,1,2022-04-25 09:05:28
1650877528248406000,40.6,1,40.55,97,40.6,26,1,2022-04-25 09:05:28
1650877528854598000,40.55,5,40.55,92,40.6,26,2,2022-04-25 09:05:28
1650877528946087000,40.6,10,40.55,92,40.6,16,1,2022-04-25 09:05:28
1650877529088985000,40.6,1,40.55,92,40.6,25,1,2022-04-25 09:05:29
1650877529878633000,40.6,10,40.55,97,40.6,15,1,2022-04-25 09:05:29
1650877530471944000,40.6,2,40.55,97,40.6,15,1,2022-04-25 09:05:30
1650877531226529000,40.6,1,40.55,98,40.6,19,1,2022-04-25 09:05:31
1650877531276169000,40.6,1,40.55,98,40.6,18,1,2022-04-25 09:05:31
1650877532232951000,40.6,1,40.55,99,40.6,31,1,2022-04-25 09:05:32
1650877532376236000,40.6,1,40.55,99,40.6,34,1,2022-04-25 09:05:32
1650877532737906000,40.55,1,40.55,102,40.6,35,2,2022-04-25 09:05:32
1650877532927553000,40.6,2,40.55,102,40.6,35,1,2022-04-25 09:05:32
1650877532952335000,40.6,1,40.55,102,40.6,34,1,2022-04-25 09:05:32
1650877532967687000,40.6,2,40.55,102,40.6,32,1,2022-04-25 09:05:32
1650877533107079000,40.6,5,40.55,102,40.6,27,1,2022-04-25 09:05:33
1650877533150381000,40.6,1,40.55,102,40.6,26,1,2022-04-25 09:05:33
1650877533549998000,40.55,5,40.55,97,40.6,42,2,2022-04-25 09:05:33
1650877533678219000,40.6,1,40.55,97,40.6,41,1,2022-04-25 09:05:33
1650877534253572000,40.55,1,40.55,98,40.6,51,2,2022-04-25 09:05:34
1650877534256665000,40.6,2,40.55,98,40.6,49,1,2022-04-25 09:05:34
1650877534314565000,40.6,1,40.55,98,40.6,48,1,2022-04-25 09:05:34
1650877534407259000,40.55,1,40.55,98,40.6,48,2,2022-04-25 09:05:34
1650877534662673000,40.6,1,40.55,98,40.6,49,1,2022-04-25 09:05:34
1650877535002904000,40.6,2,40.55,98,40.6,51,1,2022-04-25 09:05:35
1650877535720894000,40.6,1,40.55,99,40.6,53,1,2022-04-25 09:05:35
1650877536497431000,40.6,1,40.55,100,40.6,49,1,2022-04-25 09:05:36
1650877537122860000,40.6,1,40.55,100,40.6,48,1,2022-04-25 09:05:37
1650877537167150000,40.6,1,40.55,100,40.6,47,1,2022-04-25 09:05:37
1650877538197915000,40.6,1,40.55,103,40.6,52,1,2022-04-25 09:05:38
1650877538496912000,40.55,20,40.55,83,40.6,57,2,2022-04-25 09:05:38
1650877538531621000,40.55,37,40.55,46,40.6,57,2,2022-04-25 09:05:38
1650877538599877000,40.55,46,40.5,124,40.6,57,2,2022-04-25 09:05:38
1650877538772692000,40.55,1,40.55,1,40.6,67,2,2022-04-25 09:05:38
1650877538971380000,40.6,50,40.55,1,40.6,18,1,2022-04-25 09:05:38
1650877539192312000,40.6,4,40.55,1,40.6,9,1,2022-04-25 09:05:39
1650877539354437000,40.6,2,40.55,1,40.6,7,1,2022-04-25 09:05:39
1650877539539678000,40.6,2,40.55,1,40.6,5,1,2022-04-25 09:05:39
1650877540658290000,40.55,1,40.55,15,40.6,30,2,2022-04-25 09:05:40
1650877540873190000,40.6,1,40.55,15,40.6,37,1,2022-04-25 09:05:40
1650877541158306000,40.55,1,40.55,14,40.6,37,2,2022-04-25 09:05:41
1650877541614100000,40.6,1,40.55,12,40.6,38,1,2022-04-25 09:05:41
1650877542496767000,40.6,1,40.55,17,40.6,49,1,2022-04-25 09:05:42
1650877542996419000,40.6,1,40.55,18,40.6,48,1,2022-04-25 09:05:42
1650877543145468000,40.6,1,40.55,18,40.6,51,1,2022-04-25 09:05:43
1650877543507633000,40.55,1,40.55,17,40.6,66,2,2022-04-25 09:05:43
1650877543511198000,40.55,1,40.55,16,40.6,66,2,2022-04-25 09:05:43
1650877543897843000,40.55,20,40.5,124,40.55,30,2,2022-04-25 09:05:43
1650877543974886000,40.55,1,40.5,124,40.55,31,1,2022-04-25 09:05:43
1650877543988062000,40.55,1,40.5,124,40.55,30,1,2022-04-25 09:05:43
1650877544244086000,40.55,1,40.5,124,40.55,29,1,2022-04-25 09:05:44
1650877544764831000,40.55,2,40.5,124,40.55,52,1,2022-04-25 09:05:44
1650877545547515000,40.55,5,40.5,124,40.55,51,1,2022-04-25 09:05:45
1650877545565491000,40.55,1,40.5,124,40.55,50,1,2022-04-25 09:05:45
1650877545901826000,40.55,2,40.5,126,40.55,56,1,2022-04-25 09:05:45
1650877546932722000,40.5,1,40.5,125,40.55,57,2,2022-04-25 09:05:46
1650877547492401000,40.55,2,40.5,125,40.55,52,1,2022-04-25 09:05:47
1650877548082807000,40.5,10,40.5,118,40.55,52,2,2022-04-25 09:05:48
1650877548128765000,40.55,1,40.5,118,40.55,51,1,2022-04-25 09:05:48
1650877549126141000,40.55,1,40.5,124,40.55,53,1,2022-04-25 09:05:49
1650877549208091000,40.55,1,40.5,124,40.55,52,1,2022-04-25 09:05:49
1650877549686670000,40.55,5,40.5,125,40.55,47,1,2022-04-25 09:05:49
1650877549796896000,40.5,5,40.5,120,40.55,47,2,2022-04-25 09:05:49
1650877550248900000,40.5,1,40.5,119,40.55,48,2,2022-04-25 09:05:50
1650877550878796000,40.5,4,40.5,116,40.55,48,2,2022-04-25 09:05:50
1650877551640133000,40.55,11,40.5,117,40.55,40,1,2022-04-25 09:05:51
1650877551834955000,40.5,2,40.5,115,40.55,37,2,2022-04-25 09:05:51
1650877551891453000,40.55,1,40.5,115,40.55,36,1,2022-04-25 09:05:51
1650877552058092000,40.55,1,40.5,115,40.55,35,1,2022-04-25 09:05:52
1650877552889304000,40.5,4,40.5,111,40.55,35,2,2022-04-25 09:05:52
1650877553079270000,40.5,2,40.5,110,40.55,35,2,2022-04-25 09:05:53
1650877553228572000,40.5,4,40.5,106,40.55,35,2,2022-04-25 09:05:53
1650877553305875000,40.5,1,40.5,105,40.55,35,2,2022-04-25 09:05:53
1650877553355681000,40.55,2,40.5,105,40.55,33,1,2022-04-25 09:05:53
1650877553443306000,40.55,1,40.5,105,40.55,32,1,2022-04-25 09:05:53
1650877553447476000,40.5,4,40.5,101,40.55,32,2,2022-04-25 09:05:53
1650877553454575000,40.5,2,40.5,99,40.55,32,2,2022-04-25 09:05:53
1650877553475279000,40.5,2,40.5,97,40.55,32,2,2022-04-25 09:05:53
1650877553497494000,40.5,1,40.5,96,40.55,32,2,2022-04-25 09:05:53
1650877553599413000,40.5,5,40.5,92,40.55,32,2,2022-04-25 09:05:53
1650877553710811000,40.5,1,40.5,91,40.55,32,2,2022-04-25 09:05:53
1650877553754595000,40.5,1,40.5,90,40.55,32,2,2022-04-25 09:05:53
1650877553788363000,40.5,1,40.5,89,40.55,32,2,2022-04-25 09:05:53
1650877553835422000,40.5,1,40.5,88,40.55,32,2,2022-04-25 09:05:53
1650877553900414000,40.5,4,40.5,84,40.55,32,2,2022-04-25 09:05:53
1650877553932634000,40.5,1,40.5,83,40.55,32,2,2022-04-25 09:05:53
1650877553949140000,40.5,2,40.5,81,40.55,32,2,2022-04-25 09:05:53
1650877553950412000,40.55,1,40.5,81,40.55,31,1,2022-04-25 09:05:53
1650877554092469000,40.5,2,40.5,79,40.55,31,2,2022-04-25 09:05:54
1650877554120342000,40.5,25,40.5,54,40.55,31,2,2022-04-25 09:05:54
1650877554151914000,40.5,54,40.45,77,40.55,33,2,2022-04-25 09:05:54
1650877554164489000,40.45,1,40.45,76,40.55,33,2,2022-04-25 09:05:54
1650877554300138000,40.45,4,40.45,72,40.5,2,2,2022-04-25 09:05:54
1650877554581819000,40.45,1,40.45,71,40.5,2,2,2022-04-25 09:05:54
1650877554652701000,40.45,1,40.45,70,40.5,2,2,2022-04-25 09:05:54
1650877554659863000,40.5,1,40.45,70,40.5,1,1,2022-04-25 09:05:54
1650877554679907000,40.45,1,40.45,69,40.5,1,2,2022-04-25 09:05:54
1650877554757677000,40.45,1,40.45,68,40.5,1,2,2022-04-25 09:05:54
1650877554775316000,40.5,1,40.45,68,40.55,35,1,2022-04-25 09:05:54
1650877554775316000,40.55,1,40.45,68,40.55,35,1,2022-04-25 09:05:54
1650877555019378000,40.55,5,40.45,68,40.55,31,1,2022-04-25 09:05:55
1650877555759995000,40.45,4,40.45,64,40.5,6,2,2022-04-25 09:05:55
1650877556003673000,40.45,2,40.45,62,40.5,11,2,2022-04-25 09:05:56
1650877556003689000,40.45,2,40.45,60,40.5,11,2,2022-04-25 09:05:56
1650877556019877000,40.45,15,40.45,45,40.5,11,2,2022-04-25 09:05:56
1650877556090654000,40.5,1,40.45,45,40.5,10,1,2022-04-25 09:05:56
1650877556189969000,40.45,2,40.45,43,40.5,12,2,2022-04-25 09:05:56
1650877556309366000,40.45,2,40.45,41,40.5,12,2,2022-04-25 09:05:56
1650877556329729000,40.5,1,40.45,41,40.5,11,1,2022-04-25 09:05:56
1650877556348913000,40.45,41,40.4,112,40.5,11,2,2022-04-25 09:05:56
1650877556881567000,40.5,2,40.4,112,40.5,10,1,2022-04-25 09:05:56
1650877556920720000,40.5,1,40.4,112,40.5,9,1,2022-04-25 09:05:56
1650877557040858000,40.5,3,40.4,112,40.5,10,1,2022-04-25 09:05:57
1650877557731143000,40.45,3,40.4,112,40.45,1,1,2022-04-25 09:05:57
1650877558023181000,40.45,1,40.4,112,40.45,2,1,2022-04-25 09:05:58
1650877558117223000,40.4,2,40.4,110,40.45,2,2,2022-04-25 09:05:58
