ts,close,volume,bid_price,bid_volume,ask_price,ask_volume,tick_type,datetime
1638262800927873000,16.3,4254,16.2,3,16.3,113,1,2021-11-30 09:00:00
1638262801406628000,16.3,15,16.2,3,16.3,98,1,2021-11-30 09:00:01
1638262801513817000,16.2,3,16.05,7,16.1,194,2,2021-11-30 09:00:01
1638262801513817000,16.1,3,16.05,7,16.1,194,2,2021-11-30 09:00:01
1638262801521525000,16.05,7,16.0,84,16.1,194,2,2021-11-30 09:00:01
1638262801521525000,16.0,3,16.0,84,16.1,194,2,2021-11-30 09:00:01
1638262801548570000,16.1,116,16.0,84,16.1,78,1,2021-11-30 09:00:01
1638262801580954000,16.1,29,16.0,84,16.1,56,1,2021-11-30 09:00:01
1638262801783849000,16.0,5,16.0,79,16.1,56,2,2021-11-30 09:00:01
1638262801786861000,16.0,1,16.0,78,16.1,56,2,2021-11-30 09:00:01
1638262801952103000,16.05,3,16.0,78,16.1,56,1,2021-11-30 09:00:01
1638262802546459000,16.1,2,16.0,78,16.1,54,1,2021-11-30 09:00:02
1638262802742849000,16.0,1,16.0,77,16.1,54,2,2021-11-30 09:00:02
1638262802863091000,16.1,2,16.0,77,16.1,52,1,2021-11-30 09:00:02
1638262802940577000,16.0,2,16.0,75,16.1,7,2,2021-11-30 09:00:02
1638262803188549000,16.0,2,16.0,73,16.1,7,2,2021-11-30 09:00:03
1638262803285159000,16.0,8,16.0,65,16.1,7,2,2021-11-30 09:00:03
1638262803319945000,16.0,15,16.0,50,16.1,7,2,2021-11-30 09:00:03
1638262803359058000,16.0,2,16.0,48,16.1,7,2,2021-11-30 09:00:03
1638262803405979000,16.0,48,15.95,6,16.0,2,2,2021-11-30 09:00:03
1638262803484764000,16.0,1,15.95,6,16.0,1,1,2021-11-30 09:00:03
1638262803531184000,15.95,5,15.95,1,16.0,1,2,2021-11-30 09:00:03
1638262803605737000,15.95,1,15.9,1,16.0,1,2,2021-11-30 09:00:03
1638262803768985000,16.0,1,15.9,1,16.1,6,1,2021-11-30 09:00:03
1638262803768985000,16.1,1,15.9,1,16.1,6,1,2021-11-30 09:00:03
1638262804402885000,16.1,6,15.9,1,16.2,7,1,2021-11-30 09:00:04
1638262804402885000,16.2,24,15.9,1,16.2,7,1,2021-11-30 09:00:04
1638262804420746000,15.9,1,15.85,27,16.2,7,2,2021-11-30 09:00:04
1638262804420746000,15.85,3,15.85,27,16.2,7,2,2021-11-30 09:00:04
1638262804454841000,16.25,1,15.95,4,16.25,9,1,2021-11-30 09:00:04
1638262804721067000,15.95,4,15.85,20,16.15,5,2,2021-11-30 09:00:04
1638262804721067000,15.85,7,15.85,20,16.15,5,2,2021-11-30 09:00:04
1638262805180504000,15.85,5,15.85,15,16.15,5,2,2021-11-30 09:00:05
1638262805328943000,16.0,1,15.85,15,16.15,5,1,2021-11-30 09:00:05
1638262805387076000,16.0,1,15.8,13,16.15,5,2,2021-11-30 09:00:05
1638262805387076000,15.85,15,15.8,13,16.15,5,2,2021-11-30 09:00:05
1638262805387076000,15.8,14,15.8,13,16.15,5,2,2021-11-30 09:00:05
1638262805471514000,16.15,1,15.8,13,16.15,4,1,2021-11-30 09:00:05
1638262805502711000,15.8,13,15.75,28,16.15,4,2,2021-11-30 09:00:05
1638262805502711000,15.75,17,15.75,28,16.15,4,2,2021-11-30 09:00:05
1638262805870647000,15.75,20,15.75,8,16.05,3,2,2021-11-30 09:00:05
1638262806060900000,16.05,3,15.75,8,16.15,4,1,2021-11-30 09:00:06
1638262806143902000,15.85,1,15.75,8,16.15,4,2,2021-11-30 09:00:06
1638262806192210000,15.75,8,0.0,0,0.0,0,2,2021-11-30 09:00:06
1638262806192210000,15.75,0,0.0,0,0.0,0,2,2021-11-30 09:00:06
1638262926808460000,15.65,1332,15.65,163,15.7,100,2,2021-11-30 09:02:06
1638262926843198000,15.7,100,15.65,164,15.75,116,1,2021-11-30 09:02:06
1638262926890734000,15.65,3,15.65,161,15.75,116,2,2021-11-30 09:02:06
1638262926906689000,15.75,86,15.65,161,15.75,30,1,2021-11-30 09:02:06
1638262927060906000,15.75,15,15.65,172,15.75,15,1,2021-11-30 09:02:07
1638262927087923000,15.75,6,15.65,172,15.75,9,1,2021-11-30 09:02:07
1638262927114360000,15.65,10,15.65,162,15.75,9,2,2021-11-30 09:02:07
1638262927116069000,15.65,5,15.65,157,15.75,9,2,2021-11-30 09:02:07
1638262927324639000,15.75,2,15.65,157,15.75,7,1,2021-11-30 09:02:07
1638262927365399000,15.75,7,15.65,157,15.8,30,1,2021-11-30 09:02:07
1638262927365399000,15.8,1,15.65,157,15.8,30,1,2021-11-30 09:02:07
1638262927699144000,15.65,1,15.65,157,15.8,35,2,2021-11-30 09:02:07
1638262928492497000,15.7,2,15.7,9,15.75,3,1,2021-11-30 09:02:08
1638262928507151000,15.7,5,15.7,4,15.75,3,2,2021-11-30 09:02:08
1638262928640960000,15.7,1,15.7,3,15.75,6,2,2021-11-30 09:02:08
1638262928742962000,15.7,2,15.7,1,15.75,6,2,2021-11-30 09:02:08
1638262928831538000,15.7,1,15.65,149,15.75,9,2,2021-11-30 09:02:08
1638262928831538000,15.65,9,15.65,149,15.75,9,2,2021-11-30 09:02:08
1638262928992409000,15.7,1,15.65,148,15.75,9,1,2021-11-30 09:02:08
1638262928992409000,15.65,2,15.65,148,15.75,9,2,2021-11-30 09:02:08
1638262929155264000,15.65,11,15.65,137,15.75,9,2,2021-11-30 09:02:09
1638262929458218000,15.65,1,15.65,131,15.75,9,2,2021-11-30 09:02:09
1638262929504200000,15.75,3,15.65,131,15.75,6,1,2021-11-30 09:02:09
1638262929589446000,15.7,1,15.7,2,15.75,6,2,2021-11-30 09:02:09
1638262929689193000,15.7,2,15.65,128,15.75,6,2,2021-11-30 09:02:09
1638262929689193000,15.65,3,15.65,128,15.75,6,2,2021-11-30 09:02:09
1638262930587792000,15.65,3,15.65,125,15.75,6,2,2021-11-30 09:02:10
1638262930683659000,15.65,20,15.65,105,15.75,6,2,2021-11-30 09:02:10
1638262930942467000,15.65,7,15.65,98,15.75,9,2,2021-11-30 09:02:10
1638262931855118000,15.65,3,15.65,97,15.75,9,2,2021-11-30 09:02:11
1638262931930483000,15.7,2,15.65,97,15.7,18,1,2021-11-30 09:02:11
1638262932040814000,15.7,1,15.65,97,15.7,19,1,2021-11-30 09:02:12
1638262932413968000,15.65,3,15.65,94,15.7,19,2,2021-11-30 09:02:12
1638262932556534000,15.65,4,15.65,90,15.7,19,2,2021-11-30 09:02:12
1638262932564149000,15.7,1,15.65,90,15.7,18,1,2021-11-30 09:02:12
1638262932587668000,15.65,5,15.65,85,15.7,18,2,2021-11-30 09:02:12
1638262932657201000,15.65,2,15.65,83,15.7,18,2,2021-11-30 09:02:12
1638262932664117000,15.65,2,15.65,81,15.7,18,2,2021-11-30 09:02:12
1638262933139940000,15.65,1,15.65,80,15.7,18,2,2021-11-30 09:02:13
1638262933145862000,15.65,3,15.65,77,15.7,18,2,2021-11-30 09:02:13
1638262933209517000,15.65,50,15.65,27,15.7,18,2,2021-11-30 09:02:13
1638262933216402000,15.65,26,15.65,1,15.7,18,2,2021-11-30 09:02:13
1638262933240643000,15.65,1,15.6,143,15.7,18,2,2021-11-30 09:02:13
1638262933317358000,15.65,1,15.6,143,15.65,2,2,2021-11-30 09:02:13
1638262933560995000,15.6,1,15.6,136,15.65,22,2,2021-11-30 09:02:13
1638262933731734000,15.65,1,15.6,135,15.65,24,1,2021-11-30 09:02:13
1638262933810357000,15.65,1,15.6,135,15.65,23,1,2021-11-30 09:02:13
1638262933900288000,15.65,1,15.6,135,15.65,52,1,2021-11-30 09:02:13
1638262933959971000,15.6,1,15.6,134,15.65,52,2,2021-11-30 09:02:13
1638262933996600000,15.65,3,15.6,134,15.65,49,1,2021-11-30 09:02:13
1638262934021218000,15.65,1,15.6,134,15.65,48,1,2021-11-30 09:02:14
1638262934315842000,15.6,3,15.6,131,15.65,64,2,2021-11-30 09:02:14
1638262934464509000,15.6,4,15.6,127,15.65,64,2,2021-11-30 09:02:14
1638262934484009000,15.6,3,15.6,124,15.65,64,2,2021-11-30 09:02:14
1638262934518548000,15.6,18,15.6,106,15.65,64,2,2021-11-30 09:02:14
1638262934525022000,15.6,100,15.6,6,15.65,64,2,2021-11-30 09:02:14
1638262934547741000,15.6,6,15.55,59,15.65,64,2,2021-11-30 09:02:14
1638262934571606000,15.55,7,15.55,52,15.65,64,2,2021-11-30 09:02:14
1638262934639258000,15.55,4,15.55,53,15.65,64,2,2021-11-30 09:02:14
1638262934649608000,15.65,1,15.55,53,15.65,63,1,2021-11-30 09:02:14
1638262934671470000,15.55,29,15.55,24,15.65,63,2,2021-11-30 09:02:14
1638262934672725000,15.55,4,15.55,20,15.65,63,2,2021-11-30 09:02:14
1638262934881424000,15.55,1,15.55,19,15.65,68,2,2021-11-30 09:02:14
1638262934922282000,15.55,10,15.55,9,15.65,68,2,2021-11-30 09:02:14
1638262935270731000,15.6,3,15.55,9,15.6,10,1,2021-11-30 09:02:15
1638262935285454000,15.55,5,15.55,4,15.6,10,2,2021-11-30 09:02:15
1638262935366958000,15.55,2,15.55,2,15.6,15,2,2021-11-30 09:02:15
1638262935453715000,15.6,15,15.65,17,15.7,19,1,2021-11-30 09:02:15
1638262935453715000,15.65,68,15.65,17,15.7,19,1,2021-11-30 09:02:15
1638262935476111000,15.65,1,15.65,16,15.7,19,2,2021-11-30 09:02:15
1638262935683837000,15.65,3,15.65,14,15.7,19,2,2021-11-30 09:02:15
1638262935855460000,15.65,5,15.65,9,15.7,19,2,2021-11-30 09:02:15
1638262935864571000,15.65,1,15.65,8,15.7,19,2,2021-11-30 09:02:15
1638262936370266000,15.65,1,15.65,8,15.7,24,2,2021-11-30 09:02:16
1638262936374903000,15.65,5,15.65,3,15.7,24,2,2021-11-30 09:02:16
1638262936544049000,15.65,1,15.65,5,15.7,24,2,2021-11-30 09:02:16
1638262936573054000,15.7,1,15.65,5,15.7,23,1,2021-11-30 09:02:16
1638262936663438000,15.65,1,15.65,4,15.7,23,2,2021-11-30 09:02:16
1638262937056379000,15.65,1,15.65,3,15.7,28,2,2021-11-30 09:02:17
1638262937221030000,15.65,1,15.65,12,15.7,28,2,2021-11-30 09:02:17
1638262937306384000,15.65,12,15.55,28,15.7,28,2,2021-11-30 09:02:17
1638262937306384000,15.6,1,15.55,28,15.7,28,2,2021-11-30 09:02:17
1638262937306384000,15.55,7,15.55,28,15.7,28,2,2021-11-30 09:02:17
1638262937432192000,15.65,2,15.55,28,15.65,10,1,2021-11-30 09:02:17
1638262937515213000,15.6,2,15.5,204,15.65,15,2,2021-11-30 09:02:17
1638262937515213000,15.55,28,15.5,204,15.65,15,2,2021-11-30 09:02:17
1638262937724454000,15.55,1,15.55,2,15.65,15,2,2021-11-30 09:02:17
1638262938013748000,15.55,1,15.55,1,15.65,21,2,2021-11-30 09:02:18
1638262938123680000,15.55,1,15.5,195,15.65,23,2,2021-11-30 09:02:18
1638262938123680000,15.5,9,15.5,195,15.65,23,2,2021-11-30 09:02:18
1638262938209292000,15.6,10,15.5,195,15.6,2,1,2021-11-30 09:02:18
1638262939099188000,15.55,2,15.55,8,15.6,7,2,2021-11-30 09:02:19
1638262939392529000,15.55,4,15.55,4,15.6,12,2,2021-11-30 09:02:19
1638262939770246000,15.55,4,15.5,195,15.6,12,2,2021-11-30 09:02:19
1638262939770246000,15.5,1,15.5,195,15.6,12,2,2021-11-30 09:02:19
1638262939775560000,15.6,1,15.5,195,15.6,11,1,2021-11-30 09:02:19
1638262939949100000,15.55,2,15.5,183,15.6,15,2,2021-11-30 09:02:19
1638262939949100000,15.5,12,15.5,183,15.6,15,2,2021-11-30 09:02:19
1638262940742592000,15.55,3,15.5,183,15.55,7,1,2021-11-30 09:02:20
1638262940984343000,15.5,20,15.5,163,15.55,8,2,2021-11-30 09:02:20
1638262941151103000,15.5,20,15.5,143,15.55,8,2,2021-11-30 09:02:21
1638262941612537000,15.5,10,15.5,133,15.55,8,2,2021-11-30 09:02:21
1638262941621544000,15.5,2,15.5,131,15.55,8,2,2021-11-30 09:02:21
1638262941674074000,15.55,8,15.5,131,15.6,18,1,2021-11-30 09:02:21
1638262941674074000,15.6,2,15.5,131,15.6,18,1,2021-11-30 09:02:21
1638262941989068000,15.5,1,15.5,130,15.6,23,2,2021-11-30 09:02:21
1638262942349768000,15.5,2,15.5,128,15.6,25,2,2021-11-30 09:02:22
1638262942772456000,15.5,20,15.5,108,15.6,25,2,2021-11-30 09:02:22
1638262942841595000,15.5,50,15.5,58,15.6,25,2,2021-11-30 09:02:22
1638262942875079000,15.5,58,15.45,65,15.6,25,2,2021-11-30 09:02:22
1638262942882687000,15.6,1,15.45,65,15.6,24,1,2021-11-30 09:02:22
1638262942904456000,15.45,15,15.45,50,15.6,24,2,2021-11-30 09:02:22
1638262943008602000,15.45,50,15.45,5,15.5,10,2,2021-11-30 09:02:23
1638262943124432000,15.45,2,15.45,3,15.5,10,2,2021-11-30 09:02:23
1638262943142181000,15.5,1,15.45,3,15.5,9,1,2021-11-30 09:02:23
1638262943185509000,15.5,2,15.45,3,15.5,7,1,2021-11-30 09:02:23
1638262943227292000,15.5,1,15.45,3,15.5,6,1,2021-11-30 09:02:23
1638262943404787000,15.45,3,15.4,109,15.5,12,2,2021-11-30 09:02:23
1638262943539190000,15.5,1,15.4,109,15.5,11,1,2021-11-30 09:02:23
1638262944076704000,15.45,1,15.4,110,15.5,12,2,2021-11-30 09:02:24
1638262944225944000,15.4,5,15.4,105,15.5,12,2,2021-11-30 09:02:24
1638262944338978000,15.4,10,15.4,95,15.5,22,2,2021-11-30 09:02:24
1638262944473191000,15.4,20,15.4,75,15.45,3,2,2021-11-30 09:02:24
1638262944528387000,15.4,5,15.4,70,15.45,8,2,2021-11-30 09:02:24
1638262944579597000,15.45,8,15.45,2,15.5,22,1,2021-11-30 09:02:24
1638262944654511000,15.45,2,15.4,67,15.5,22,2,2021-11-30 09:02:24
1638262944654511000,15.4,3,15.4,67,15.5,22,2,2021-11-30 09:02:24
1638262944661246000,15.4,3,15.4,64,15.5,22,2,2021-11-30 09:02:24
1638262944686529000,15.4,29,15.4,35,15.5,22,2,2021-11-30 09:02:24
1638262944719574000,15.4,2,15.4,33,15.5,22,2,2021-11-30 09:02:24
1638262944806384000,15.4,5,15.4,28,15.5,22,2,2021-11-30 09:02:24
1638262944913633000,15.4,5,15.4,23,15.5,22,2,2021-11-30 09:02:24
1638262944953670000,15.4,2,15.4,21,15.5,22,2,2021-11-30 09:02:24
1638262944963062000,15.4,10,15.4,11,15.5,22,2,2021-11-30 09:02:24
1638262945178329000,15.4,5,15.4,6,15.5,22,2,2021-11-30 09:02:25
1638262945332400000,15.45,5,15.4,6,15.5,17,1,2021-11-30 09:02:25
1638262945332400000,15.5,5,15.4,6,15.5,17,1,2021-11-30 09:02:25
1638262945433429000,15.4,6,15.35,199,15.5,20,2,2021-11-30 09:02:25
1638262945433429000,15.35,4,15.35,199,15.5,20,2,2021-11-30 09:02:25
1638262945586904000,15.35,1,15.35,198,15.45,13,2,2021-11-30 09:02:25
1638262945609745000,15.35,2,15.35,196,15.45,13,2,2021-11-30 09:02:25
1638262945650417000,15.45,1,15.35,196,15.45,12,1,2021-11-30 09:02:25
1638262945795447000,15.4,1,15.35,196,15.45,12,2,2021-11-30 09:02:25
1638262945855540000,15.4,10,15.35,196,15.45,12,1,2021-11-30 09:02:25
1638262946003779000,15.35,1,15.35,195,15.45,22,2,2021-11-30 09:02:26
1638262946154153000,15.35,50,15.35,145,15.45,22,2,2021-11-30 09:02:26
1638262946431459000,15.35,50,15.35,95,15.45,22,2,2021-11-30 09:02:26
1638262946679140000,15.35,10,15.35,85,15.4,10,2,2021-11-30 09:02:26
1638262946783560000,15.35,5,15.35,80,15.4,12,2,2021-11-30 09:02:26
1638262946870197000,15.35,50,15.35,30,15.4,12,2,2021-11-30 09:02:26
1638262946904511000,15.35,1,15.35,29,15.4,12,2,2021-11-30 09:02:26
1638262946940988000,15.35,29,15.3,102,15.4,12,2,2021-11-30 09:02:26
1638262946940988000,15.3,21,15.3,102,15.4,12,2,2021-11-30 09:02:26
1638262946967063000,15.3,2,15.3,100,15.4,12,2,2021-11-30 09:02:26
1638262947016586000,15.4,3,15.3,100,15.4,14,1,2021-11-30 09:02:27
1638262947198539000,15.3,10,15.3,90,15.4,14,2,2021-11-30 09:02:27
1638262947201890000,15.3,10,15.3,80,15.4,14,2,2021-11-30 09:02:27
1638262947284884000,15.4,1,15.3,80,15.4,13,1,2021-11-30 09:02:27
1638262947789969000,15.3,6,15.3,74,15.35,10,2,2021-11-30 09:02:27
1638262947961355000,15.3,2,15.3,72,15.35,10,2,2021-11-30 09:02:27
1638262948096646000,15.3,10,15.3,62,15.35,30,2,2021-11-30 09:02:28
1638262948165530000,15.3,5,15.3,57,15.35,30,2,2021-11-30 09:02:28
1638262948217191000,15.35,5,15.3,57,15.35,25,1,2021-11-30 09:02:28
1638262948309002000,15.3,36,15.3,21,15.35,25,2,2021-11-30 09:02:28
1638262948323709000,15.35,10,15.3,21,15.35,15,1,2021-11-30 09:02:28
1638262948337445000,15.3,1,15.3,20,15.35,15,2,2021-11-30 09:02:28
1638262948532198000,15.3,2,15.3,18,15.35,15,2,2021-11-30 09:02:28
1638262948541715000,15.3,5,15.3,13,15.35,15,2,2021-11-30 09:02:28
1638262948656794000,15.3,15,15.3,3,15.35,15,2,2021-11-30 09:02:28
1638262948769625000,15.35,16,15.35,14,15.4,16,1,2021-11-30 09:02:28
1638262948899397000,15.35,2,15.35,12,15.4,16,2,2021-11-30 09:02:28
1638262948942167000,15.35,10,15.35,2,15.4,16,2,2021-11-30 09:02:28
1638262949204362000,15.4,1,15.35,2,15.4,16,1,2021-11-30 09:02:29
1638262949217962000,15.35,2,15.25,131,15.3,15,2,2021-11-30 09:02:29
1638262949217962000,15.3,3,15.25,131,15.3,15,2,2021-11-30 09:02:29
1638262949243028000,15.3,15,15.25,131,15.35,2,1,2021-11-30 09:02:29
1638262949263229000,15.35,1,15.25,131,15.35,1,1,2021-11-30 09:02:29
1638262949578870000,15.3,5,15.3,5,15.35,1,2,2021-11-30 09:02:29
1638262949770459000,15.3,5,15.25,136,15.35,1,2,2021-11-30 09:02:29
1638262949770540000,15.35,20,15.25,136,15.35,1,1,2021-11-30 09:02:29
1638262949787173000,15.25,1,15.25,135,15.35,1,2,2021-11-30 09:02:29
1638262950084184000,15.3,5,15.25,100,15.35,1,1,2021-11-30 09:02:30
1638262950084184000,15.25,35,15.25,100,15.35,1,2,2021-11-30 09:02:30
1638262950117680000,15.35,1,15.25,100,15.35,12,1,2021-11-30 09:02:30
1638262950268955000,15.25,1,15.25,99,15.35,13,2,2021-11-30 09:02:30
1638262950340136000,15.25,1,15.25,98,15.3,6,2,2021-11-30 09:02:30
1638262950354964000,15.25,1,15.25,97,15.3,6,2,2021-11-30 09:02:30
1638262950447366000,15.3,5,15.25,97,15.3,1,1,2021-11-30 09:02:30
1638262950542045000,15.25,2,15.25,95,15.3,1,2,2021-11-30 09:02:30
1638262950887833000,15.3,8,15.25,95,15.35,15,1,2021-11-30 09:02:30
1638262951035423000,15.3,1,15.25,95,15.3,21,1,2021-11-30 09:02:31
1638262951046858000,15.25,1,15.25,94,15.3,21,2,2021-11-30 09:02:31
1638262951345453000,15.3,5,15.25,99,15.3,16,1,2021-11-30 09:02:31
1638262951349732000,15.25,1,15.25,98,15.3,16,2,2021-11-30 09:02:31
1638262951390521000,15.3,16,15.25,98,15.35,2,1,2021-11-30 09:02:31
1638262951430829000,15.25,5,15.25,93,15.35,2,2,2021-11-30 09:02:31
1638262951463126000,15.35,1,15.25,93,15.35,13,1,2021-11-30 09:02:31
1638262951613147000,15.25,20,15.25,73,15.3,5,2,2021-11-30 09:02:31
1638262951635647000,15.25,1,15.25,72,15.3,5,2,2021-11-30 09:02:31
1638262951715658000,15.25,8,15.25,64,15.3,10,2,2021-11-30 09:02:31
1638262952091716000,15.25,30,15.25,34,15.3,35,2,2021-11-30 09:02:32
1638262952214030000,15.25,2,15.25,32,15.3,35,2,2021-11-30 09:02:32
1638262952329213000,15.25,10,15.25,22,15.3,35,2,2021-11-30 09:02:32
1638262952364926000,15.25,10,15.25,12,15.3,35,2,2021-11-30 09:02:32
1638262952431632000,15.25,2,15.25,10,15.3,35,2,2021-11-30 09:02:32
1638262952637605000,15.3,1,15.25,10,15.3,34,1,2021-11-30 09:02:32
1638262952684693000,15.25,2,15.25,8,15.3,34,2,2021-11-30 09:02:32
1638262953105199000,15.25,3,15.25,5,15.3,39,2,2021-11-30 09:02:33
1638262953200444000,15.25,5,15.2,622,15.3,39,2,2021-11-30 09:02:33
1638262953200444000,15.2,5,15.2,622,15.3,39,2,2021-11-30 09:02:33
1638262953289232000,15.2,10,15.2,612,15.25,13,2,2021-11-30 09:02:33
1638262953498525000,15.25,10,15.2,613,15.25,23,1,2021-11-30 09:02:33
1638262953530441000,15.25,1,15.2,613,15.25,22,1,2021-11-30 09:02:33
1638262953670024000,15.2,20,15.2,593,15.25,22,2,2021-11-30 09:02:33
1638262953734504000,15.2,6,15.2,587,15.25,26,2,2021-11-30 09:02:33
1638262953774641000,15.25,1,15.2,587,15.25,25,1,2021-11-30 09:02:33
1638262953908257000,15.25,1,15.2,587,15.25,25,1,2021-11-30 09:02:33
1638262953972210000,15.2,10,15.2,577,15.25,25,2,2021-11-30 09:02:33
1638262954392443000,15.2,1,15.2,576,15.25,25,2,2021-11-30 09:02:34
1638262954655602000,15.2,200,15.2,374,15.25,33,2,2021-11-30 09:02:34
1638262954684941000,15.2,204,15.2,170,15.25,34,2,2021-11-30 09:02:34
1638262954719938000,15.2,170,15.15,67,15.25,34,2,2021-11-30 09:02:34
1638262954778159000,15.25,20,15.15,72,15.25,15,1,2021-11-30 09:02:34
1638262955280428000,15.15,2,15.15,70,15.2,5,2,2021-11-30 09:02:35
1638262955639708000,15.15,1,15.15,74,15.2,6,2,2021-11-30 09:02:35
1638262955763431000,15.15,20,15.15,54,15.2,6,2,2021-11-30 09:02:35
1638262956080233000,15.2,2,15.15,54,15.2,7,1,2021-11-30 09:02:36
1638262956358089000,15.15,6,15.15,48,15.2,8,2,2021-11-30 09:02:36
1638262956365722000,15.15,10,15.15,38,15.2,8,2,2021-11-30 09:02:36
1638262956375151000,15.2,2,15.15,38,15.2,6,1,2021-11-30 09:02:36
1638262956585355000,15.2,1,15.15,43,15.2,5,1,2021-11-30 09:02:36
1638262956619373000,15.2,5,15.15,43,15.25,30,1,2021-11-30 09:02:36
1638262956838491000,15.15,2,15.15,41,15.2,2,2,2021-11-30 09:02:36
1638262956878205000,15.2,2,15.15,41,15.25,30,1,2021-11-30 09:02:36
1638262956887054000,15.15,1,15.15,40,15.25,30,2,2021-11-30 09:02:36
1638262956899808000,15.15,4,15.15,36,15.25,30,2,2021-11-30 09:02:36
1638262956938675000,15.15,1,15.15,35,15.25,30,2,2021-11-30 09:02:36
1638262956985899000,15.15,1,15.15,34,15.25,30,2,2021-11-30 09:02:36
1638262957320273000,15.15,1,15.15,33,15.25,40,2,2021-11-30 09:02:37
1638262957327250000,15.15,1,15.15,32,15.25,40,2,2021-11-30 09:02:37
1638262957386615000,15.2,2,15.2,3,15.25,40,1,2021-11-30 09:02:37
1638262957404800000,15.25,1,15.2,3,15.25,39,1,2021-11-30 09:02:37
1638262957841411000,15.25,39,15.2,53,15.3,102,1,2021-11-30 09:02:37
1638262957909515000,15.3,102,15.25,30,15.35,1,1,2021-11-30 09:02:37
1638262957935776000,15.25,5,15.25,25,15.35,1,2,2021-11-30 09:02:37
1638262957936332000,15.25,5,15.25,20,15.35,1,2,2021-11-30 09:02:37
1638262957943719000,15.35,1,15.25,40,15.4,133,1,2021-11-30 09:02:37
1638262957946914000,15.25,5,15.25,35,15.4,128,2,2021-11-30 09:02:37
1638262958168685000,15.25,1,15.25,34,15.35,21,2,2021-11-30 09:02:38
1638262958189160000,15.25,4,15.25,30,15.35,21,2,2021-11-30 09:02:38
1638262958208995000,15.25,2,15.25,28,15.35,21,2,2021-11-30 09:02:38
1638262958223908000,15.25,1,15.25,27,15.35,21,2,2021-11-30 09:02:38
1638262958281723000,15.25,2,15.25,25,15.35,21,2,2021-11-30 09:02:38
1638262958313767000,15.25,2,15.25,23,15.35,21,2,2021-11-30 09:02:38
1638262958383457000,15.25,2,15.25,21,15.35,21,2,2021-11-30 09:02:38
1638262958425871000,15.25,2,15.25,19,15.35,21,2,2021-11-30 09:02:38
1638262958572079000,15.25,4,15.25,15,15.35,21,2,2021-11-30 09:02:38
1638262958595510000,15.25,2,15.25,13,15.35,21,2,2021-11-30 09:02:38
1638262958674012000,15.25,13,15.2,56,15.35,21,2,2021-11-30 09:02:38
1638262958674012000,15.2,7,15.2,56,15.35,21,2,2021-11-30 09:02:38
1638262958845817000,15.25,3,15.2,55,15.35,21,1,2021-11-30 09:02:38
1638262958845817000,15.2,2,15.2,55,15.35,21,2,2021-11-30 09:02:38
1638262958928033000,15.25,2,15.25,3,15.3,12,1,2021-11-30 09:02:38
1638262959411855000,15.3,1,15.3,14,15.35,14,1,2021-11-30 09:02:39
1638262959438481000,15.3,8,15.3,6,15.35,14,2,2021-11-30 09:02:39
1638262959678248000,15.3,1,15.3,6,15.35,14,2,2021-11-30 09:02:39
1638262959743886000,15.3,1,15.3,5,15.35,14,2,2021-11-30 09:02:39
1638262960217850000,15.3,5,15.25,3,15.35,14,2,2021-11-30 09:02:40
1638262960308322000,15.25,2,15.25,6,15.4,127,2,2021-11-30 09:02:40
1638262960778076000,15.3,10,15.3,40,15.35,3,1,2021-11-30 09:02:40
1638262961041692000,15.3,3,15.3,37,15.35,3,2,2021-11-30 09:02:41
1638262961221576000,15.3,2,15.3,35,15.35,3,2,2021-11-30 09:02:41
1638262961342790000,15.3,1,15.3,36,15.35,3,2,2021-11-30 09:02:41
1638262961369326000,15.3,3,15.3,33,15.35,3,2,2021-11-30 09:02:41
1638262961373244000,15.35,3,15.3,33,15.4,128,1,2021-11-30 09:02:41
1638262961553188000,15.3,3,15.3,30,15.4,128,2,2021-11-30 09:02:41
1638262961658014000,15.35,3,15.35,2,15.4,128,1,2021-11-30 09:02:41
1638262961676432000,15.35,2,15.25,100,15.4,128,2,2021-11-30 09:02:41
1638262961676432000,15.3,31,15.25,100,15.4,128,2,2021-11-30 09:02:41
1638262961676432000,15.25,6,15.25,100,15.4,128,2,2021-11-30 09:02:41
1638262961694032000,15.25,1,15.25,99,15.4,128,2,2021-11-30 09:02:41
1638262961884740000,15.25,1,15.25,98,15.35,12,2,2021-11-30 09:02:41
1638262961918401000,15.25,1,15.25,97,15.35,12,2,2021-11-30 09:02:41
1638262962165215000,15.4,1,15.3,2,15.4,128,1,2021-11-30 09:02:42
1638262962532675000,15.4,24,15.35,52,15.45,2,1,2021-11-30 09:02:42
1638262962553864000,15.35,1,15.35,51,15.45,2,2,2021-11-30 09:02:42
1638262963422043000,15.45,2,15.4,50,15.5,20,1,2021-11-30 09:02:43
1638262963577825000,15.4,20,15.4,61,15.5,20,2,2021-11-30 09:02:43
1638262963626984000,15.5,10,15.4,61,15.5,11,1,2021-11-30 09:02:43
1638262963643276000,15.5,10,15.4,61,15.5,1,1,2021-11-30 09:02:43
1638262963670778000,15.5,1,15.4,70,15.6,60,1,2021-11-30 09:02:43
1638262963697999000,15.4,1,15.4,69,15.6,60,2,2021-11-30 09:02:43
1638262964405393000,15.45,2,15.45,48,15.55,12,1,2021-11-30 09:02:44
1638262964448275000,15.45,1,15.45,47,15.55,12,2,2021-11-30 09:02:44
1638262964693762000,15.5,1,15.5,4,15.6,60,1,2021-11-30 09:02:44
1638262964908840000,15.6,10,15.55,5,15.6,50,1,2021-11-30 09:02:44
1638262964928996000,15.55,5,15.5,4,15.6,50,2,2021-11-30 09:02:44
1638262965166278000,15.5,1,15.5,12,15.6,50,2,2021-11-30 09:02:45
1638262965399900000,15.6,5,15.5,12,15.6,45,1,2021-11-30 09:02:45
1638262965494680000,15.55,1,15.5,12,15.6,50,2,2021-11-30 09:02:45
1638262965570706000,15.6,50,15.5,13,15.65,30,1,2021-11-30 09:02:45
1638262965609040000,15.5,12,15.5,1,15.65,30,2,2021-11-30 09:02:45
1638262965877716000,15.5,2,15.5,10,15.6,12,2,2021-11-30 09:02:45
1638262966936186000,15.55,4,15.55,6,15.6,3,1,2021-11-30 09:02:46
1638262966953143000,15.6,3,15.6,47,15.65,30,1,2021-11-30 09:02:46
1638262967034665000,15.6,2,15.6,45,15.65,30,2,2021-11-30 09:02:47
1638262967527927000,15.6,1,15.6,49,15.65,30,2,2021-11-30 09:02:47
1638262967690479000,15.65,5,15.6,49,15.65,25,1,2021-11-30 09:02:47
1638262967725674000,15.65,5,15.6,49,15.65,20,1,2021-11-30 09:02:47
1638262967742948000,15.6,1,15.6,48,15.65,20,2,2021-11-30 09:02:47
1638262967769913000,15.6,2,15.6,46,15.65,20,2,2021-11-30 09:02:47
1638262968035839000,15.65,1,15.6,46,15.65,19,1,2021-11-30 09:02:48
1638262968309179000,15.6,1,15.6,45,15.65,19,2,2021-11-30 09:02:48
1638262968586537000,15.65,5,15.6,45,15.65,14,1,2021-11-30 09:02:48
1638262968731407000,15.6,20,15.6,25,15.65,14,2,2021-11-30 09:02:48
1638262968732203000,15.6,1,15.6,24,15.65,14,2,2021-11-30 09:02:48
1638262969233319000,15.6,2,15.6,22,15.65,14,2,2021-11-30 09:02:49
1638262969620074000,15.6,1,15.6,21,15.65,14,2,2021-11-30 09:02:49
1638262969768297000,15.6,10,15.6,12,15.65,14,2,2021-11-30 09:02:49
1638262970175539000,15.6,2,15.6,10,15.65,14,2,2021-11-30 09:02:50
1638262970249183000,15.65,5,15.6,10,15.65,9,1,2021-11-30 09:02:50
1638262970376351000,15.65,5,15.6,11,15.65,4,1,2021-11-30 09:02:50
1638262970458850000,15.6,1,15.6,10,15.65,4,2,2021-11-30 09:02:50
1638262970496304000,15.6,1,15.6,9,15.65,4,2,2021-11-30 09:02:50
1638262970528990000,15.6,4,15.6,5,15.65,4,2,2021-11-30 09:02:50
1638262971453029000,15.6,1,15.6,6,15.65,12,2,2021-11-30 09:02:51
1638262972043402000,15.6,1,15.6,7,15.65,15,2,2021-11-30 09:02:52
1638262972126337000,15.6,3,15.6,4,15.65,15,2,2021-11-30 09:02:52
1638262972197567000,15.65,3,15.6,4,15.65,12,1,2021-11-30 09:02:52
1638262972251542000,15.6,4,15.5,18,15.65,12,2,2021-11-30 09:02:52
1638262972251542000,15.55,60,15.5,18,15.65,12,2,2021-11-30 09:02:52
1638262972251542000,15.5,36,15.5,18,15.65,12,2,2021-11-30 09:02:52
1638262972657021000,15.55,1,15.5,18,15.6,9,1,2021-11-30 09:02:52
1638262972812910000,15.5,1,15.5,17,15.6,21,2,2021-11-30 09:02:52
1638262972948266000,15.5,3,15.5,14,15.6,21,2,2021-11-30 09:02:52
1638262973394988000,15.6,2,15.5,14,15.6,20,1,2021-11-30 09:02:53
1638262973439951000,15.6,5,15.5,14,15.6,13,1,2021-11-30 09:02:53
1638262973889764000,15.55,4,15.55,46,15.6,45,2,2021-11-30 09:02:53
1638262974195505000,15.55,10,15.55,36,15.6,45,2,2021-11-30 09:02:54
1638262974230866000,15.55,18,15.55,18,15.6,45,2,2021-11-30 09:02:54
1638262974252234000,15.55,18,15.5,14,15.6,45,2,2021-11-30 09:02:54
1638262974443548000,15.6,1,15.5,14,15.6,49,1,2021-11-30 09:02:54
1638262974494807000,15.6,1,15.5,14,15.6,48,1,2021-11-30 09:02:54
1638262975122626000,15.5,3,15.5,11,15.55,10,2,2021-11-30 09:02:55
1638262975258797000,15.5,11,15.45,47,15.55,10,2,2021-11-30 09:02:55
1638262975518364000,15.55,2,15.5,1,15.55,9,1,2021-11-30 09:02:55
1638262975574783000,15.5,1,15.45,47,15.55,14,2,2021-11-30 09:02:55
1638262976157937000,15.45,16,15.45,31,15.55,33,2,2021-11-30 09:02:56
1638262976192649000,15.45,1,15.45,30,15.5,10,2,2021-11-30 09:02:56
1638262976667135000,15.45,2,15.45,28,15.5,13,2,2021-11-30 09:02:56
1638262976703150000,15.45,28,15.4,33,15.5,13,2,2021-11-30 09:02:56
1638262977422261000,15.4,28,15.4,5,15.45,1,2,2021-11-30 09:02:57
1638262977451383000,15.4,5,15.35,50,15.45,1,2,2021-11-30 09:02:57
1638262977484481000,15.45,1,15.35,50,15.5,23,1,2021-11-30 09:02:57
1638262978040828000,15.35,10,15.35,40,15.45,14,2,2021-11-30 09:02:58
1638262978621122000,15.35,19,15.35,21,15.4,16,2,2021-11-30 09:02:58
1638262978980780000,15.35,5,15.35,16,15.4,17,2,2021-11-30 09:02:58
1638262979015382000,15.35,16,15.3,64,15.4,17,2,2021-11-30 09:02:59
1638262979041589000,15.4,15,15.3,64,15.4,2,1,2021-11-30 09:02:59
1638262979089128000,15.35,2,15.3,69,15.4,3,2,2021-11-30 09:02:59
1638262980002903000,15.3,1,15.3,68,15.35,16,2,2021-11-30 09:03:00
1638262980017700000,15.35,20,15.3,68,15.4,8,1,2021-11-30 09:03:00
1638262980066635000,15.3,5,15.3,58,15.4,18,2,2021-11-30 09:03:00
1638262980170573000,15.3,2,15.3,56,15.4,23,2,2021-11-30 09:03:00
1638262980384503000,15.4,3,15.3,56,15.4,20,1,2021-11-30 09:03:00
1638262980399392000,15.3,1,15.3,55,15.4,20,2,2021-11-30 09:03:00
1638262980792815000,15.35,1,15.35,49,15.4,21,1,2021-11-30 09:03:00
1638262980933371000,15.35,1,15.35,48,15.4,21,2,2021-11-30 09:03:00
1638262981100029000,15.35,2,15.35,46,15.4,21,2,2021-11-30 09:03:01
1638262981745840000,15.35,1,15.35,45,15.4,26,2,2021-11-30 09:03:01
1638262981801930000,15.35,1,15.35,44,15.4,26,2,2021-11-30 09:03:01
1638262981847860000,15.35,5,15.35,39,15.4,26,2,2021-11-30 09:03:01
1638262981966140000,15.35,10,15.35,29,15.4,26,2,2021-11-30 09:03:01
1638262982012585000,15.35,1,15.35,28,15.4,27,2,2021-11-30 09:03:02
1638262982031847000,15.35,1,15.35,27,15.4,27,2,2021-11-30 09:03:02
1638262982220846000,15.35,1,15.35,26,15.4,27,2,2021-11-30 09:03:02
1638262982537589000,15.4,7,15.35,26,15.4,20,1,2021-11-30 09:03:02
1638262982544773000,15.35,3,15.35,23,15.4,20,2,2021-11-30 09:03:02
1638262982814295000,15.35,2,15.35,21,15.4,21,2,2021-11-30 09:03:02
1638262982898823000,15.35,3,15.35,18,15.4,22,2,2021-11-30 09:03:02
1638262983014251000,15.35,4,15.35,14,15.4,22,2,2021-11-30 09:03:03
1638262983032017000,15.35,10,15.35,4,15.4,22,2,2021-11-30 09:03:03
1638262983065134000,15.35,4,15.3,56,15.35,6,2,2021-11-30 09:03:03
1638262983269300000,15.3,50,15.3,7,15.35,7,2,2021-11-30 09:03:03
1638262983622334000,15.3,7,15.25,109,15.35,7,2,2021-11-30 09:03:03
1638262983622334000,15.25,3,15.25,109,15.35,7,2,2021-11-30 09:03:03
1638262983633895000,15.25,20,15.25,89,15.35,7,2,2021-11-30 09:03:03
1638262984106565000,15.3,1,15.25,89,15.3,1,1,2021-11-30 09:03:04
1638262984108032000,15.3,1,15.3,4,15.35,14,1,2021-11-30 09:03:04
1638262984132304000,15.3,1,15.3,3,15.35,14,2,2021-11-30 09:03:04
1638262984339156000,15.35,1,15.3,4,15.35,14,1,2021-11-30 09:03:04
1638262984702573000,15.3,5,15.25,92,15.3,25,2,2021-11-30 09:03:04
1638262984725551000,15.3,10,15.25,92,15.3,15,1,2021-11-30 09:03:04
1638262984755516000,15.3,15,15.3,15,15.35,22,1,2021-11-30 09:03:04
1638262984874663000,15.3,4,15.3,11,15.35,22,2,2021-11-30 09:03:04
1638262984994682000,15.35,4,15.3,11,15.35,18,1,2021-11-30 09:03:04
1638262985133872000,15.3,1,15.3,10,15.35,18,2,2021-11-30 09:03:05
1638262985136085000,15.35,3,15.3,10,15.35,15,1,2021-11-30 09:03:05
1638262985322247000,15.35,15,15.3,60,15.4,24,1,2021-11-30 09:03:05
1638262985453077000,15.3,5,15.3,63,15.4,24,2,2021-11-30 09:03:05
1638262985616216000,15.3,5,15.3,108,15.4,24,2,2021-11-30 09:03:05
1638262985881073000,15.35,15,15.35,35,15.4,24,1,2021-11-30 09:03:05
1638262985917228000,15.35,1,15.35,34,15.4,24,2,2021-11-30 09:03:05
1638262986130932000,15.35,4,15.35,30,15.4,24,2,2021-11-30 09:03:06
1638262986258866000,15.4,10,15.35,30,15.4,15,1,2021-11-30 09:03:06
1638262986718544000,15.4,25,15.4,5,15.45,14,1,2021-11-30 09:03:06
1638262986810541000,15.4,1,15.4,4,15.45,14,2,2021-11-30 09:03:06
1638262986858957000,15.4,1,15.4,3,15.45,14,2,2021-11-30 09:03:06
1638262986973129000,15.4,1,15.4,2,15.45,14,2,2021-11-30 09:03:06
1638262986976754000,15.4,1,15.4,1,15.45,14,2,2021-11-30 09:03:06
1638262986988321000,15.4,1,15.35,31,15.45,14,2,2021-11-30 09:03:06
1638262987001277000,15.35,5,15.4,50,15.45,14,2,2021-11-30 09:03:07
1638262987108451000,15.4,1,15.4,49,15.45,14,1,2021-11-30 09:03:07
1638262987577264000,15.4,5,15.4,46,15.45,14,2,2021-11-30 09:03:07
1638262987690911000,15.4,1,15.4,45,15.45,12,2,2021-11-30 09:03:07
1638262988069983000,15.4,2,15.4,43,15.45,12,2,2021-11-30 09:03:08
1638262988215659000,15.4,8,15.4,35,15.45,8,2,2021-11-30 09:03:08
1638262988332693000,15.4,1,15.4,34,15.45,8,2,2021-11-30 09:03:08
1638262988599291000,15.4,1,15.4,33,15.45,8,2,2021-11-30 09:03:08
1638262988632784000,15.4,1,15.4,32,15.45,8,2,2021-11-30 09:03:08
1638262989056557000,15.45,1,15.4,32,15.45,7,1,2021-11-30 09:03:09
1638262989298666000,15.4,1,15.4,31,15.45,7,2,2021-11-30 09:03:09
1638262989490997000,15.45,1,15.4,31,15.45,6,1,2021-11-30 09:03:09
1638262989723889000,15.45,2,15.4,31,15.45,4,1,2021-11-30 09:03:09
1638262990177637000,15.4,1,15.4,30,15.45,4,2,2021-11-30 09:03:10
1638262990355807000,15.4,1,15.4,29,15.45,4,2,2021-11-30 09:03:10
1638262990374054000,15.4,1,15.4,28,15.45,4,2,2021-11-30 09:03:10
1638262990574641000,15.4,2,15.4,24,15.45,4,2,2021-11-30 09:03:10
1638262990581236000,15.4,1,15.4,23,15.45,4,2,2021-11-30 09:03:10
1638262990660280000,15.4,2,15.4,21,15.45,4,2,2021-11-30 09:03:10
1638262991311886000,15.4,5,15.4,16,15.45,4,2,2021-11-30 09:03:11
1638262991802352000,15.4,1,15.4,19,15.45,4,2,2021-11-30 09:03:11
1638262992242785000,15.45,1,15.4,19,15.45,6,1,2021-11-30 09:03:12
1638262992253143000,15.4,15,15.4,4,15.45,6,2,2021-11-30 09:03:12
1638262992364015000,15.4,1,15.4,3,15.45,6,2,2021-11-30 09:03:12
1638262992695974000,15.45,1,15.4,10,15.45,5,1,2021-11-30 09:03:12
1638262993077297000,15.4,4,15.4,7,15.45,5,2,2021-11-30 09:03:13
1638262993797394000,15.4,1,15.4,7,15.45,5,2,2021-11-30 09:03:13
1638262993910159000,15.45,1,15.4,7,15.45,4,1,2021-11-30 09:03:13
1638262994357115000,15.4,6,15.4,1,15.45,14,2,2021-11-30 09:03:14
1638262994810839000,15.4,1,15.35,35,15.45,14,2,2021-11-30 09:03:14
1638262994984282000,15.45,2,15.35,40,15.45,17,1,2021-11-30 09:03:14
1638262995114478000,15.45,17,15.45,3,15.5,39,1,2021-11-30 09:03:15
1638262995240970000,15.45,1,15.45,2,15.5,39,2,2021-11-30 09:03:15
1638262995314031000,15.45,1,15.45,1,15.5,39,2,2021-11-30 09:03:15
1638262995464065000,15.45,1,15.4,1,15.5,39,2,2021-11-30 09:03:15
1638262995755190000,15.4,1,15.35,40,15.4,4,2,2021-11-30 09:03:15
1638262995755735000,15.4,1,15.35,40,15.4,4,2,2021-11-30 09:03:15
1638262995781861000,15.4,4,15.35,40,15.4,1,1,2021-11-30 09:03:15
1638262995781931000,15.4,4,15.35,40,15.4,1,1,2021-11-30 09:03:15
1638262995826724000,15.4,1,15.35,40,15.5,39,1,2021-11-30 09:03:15
1638262995846376000,15.35,40,15.3,75,15.5,39,2,2021-11-30 09:03:15
1638262995846376000,15.3,10,15.3,75,15.5,39,2,2021-11-30 09:03:15
1638262995872495000,15.35,3,15.3,75,15.45,12,1,2021-11-30 09:03:15
1638262996445239000,15.4,1,15.3,75,15.4,20,1,2021-11-30 09:03:16
1638262996778961000,15.4,1,15.3,75,15.4,26,1,2021-11-30 09:03:16
1638262996811433000,15.4,5,15.3,75,15.4,21,1,2021-11-30 09:03:16
1638262996958224000,15.35,2,15.3,72,15.4,21,2,2021-11-30 09:03:16
1638262996958224000,15.3,3,15.3,72,15.4,21,2,2021-11-30 09:03:16
1638262997635933000,15.35,1,15.3,67,15.35,29,1,2021-11-30 09:03:17
1638262997728079000,15.35,29,15.3,67,15.4,11,1,2021-11-30 09:03:17
1638262997728079000,15.4,21,15.3,67,15.4,11,1,2021-11-30 09:03:17
1638262997829959000,15.3,1,15.3,66,15.4,11,2,2021-11-30 09:03:17
1638262998028519000,15.35,1,15.3,66,15.35,19,1,2021-11-30 09:03:18
1638262998353331000,15.35,1,15.3,66,15.35,18,1,2021-11-30 09:03:18
1638262998530839000,15.35,1,15.3,66,15.35,19,1,2021-11-30 09:03:18
1638262998765259000,15.3,1,15.3,65,15.35,20,2,2021-11-30 09:03:18
1638262999212526000,15.35,1,15.3,66,15.35,19,1,2021-11-30 09:03:19
1638262999417226000,15.35,2,15.3,66,15.35,17,1,2021-11-30 09:03:19
1638262999442726000,15.3,1,15.3,65,15.35,17,2,2021-11-30 09:03:19
1638262999696181000,15.35,1,15.3,65,15.35,16,1,2021-11-30 09:03:19
1638262999766216000,15.3,1,15.3,64,15.35,16,2,2021-11-30 09:03:19
1638263000156314000,15.35,12,15.3,69,15.35,4,1,2021-11-30 09:03:20
1638263000179739000,15.35,4,15.3,69,15.4,17,1,2021-11-30 09:03:20
1638263000823529000,15.3,5,15.3,77,15.35,20,2,2021-11-30 09:03:20
1638263001497057000,15.35,5,15.3,77,15.35,17,1,2021-11-30 09:03:21
1638263001505930000,15.35,17,15.3,77,15.4,16,1,2021-11-30 09:03:21
1638263001505930000,15.4,3,15.3,77,15.4,16,1,2021-11-30 09:03:21
1638263001874494000,15.4,1,15.35,11,15.4,20,1,2021-11-30 09:03:21
1638263002058855000,15.35,1,15.35,10,15.4,20,2,2021-11-30 09:03:22
1638263002097636000,15.35,1,15.35,9,15.4,20,2,2021-11-30 09:03:22
1638263002303807000,15.35,1,15.35,8,15.4,20,2,2021-11-30 09:03:22
1638263002468319000,15.4,1,15.35,9,15.4,19,1,2021-11-30 09:03:22
1638263002651134000,15.4,14,15.35,29,15.45,29,1,2021-11-30 09:03:22
1638263002955052000,15.35,31,15.3,83,15.35,69,2,2021-11-30 09:03:22
1638263003899692000,15.3,5,15.3,78,15.35,69,2,2021-11-30 09:03:23
1638263004125910000,15.3,1,15.3,78,15.35,69,2,2021-11-30 09:03:24
1638263004337900000,15.35,9,15.3,78,15.35,65,1,2021-11-30 09:03:24
1638263005297165000,15.35,1,15.3,79,15.35,64,1,2021-11-30 09:03:25
1638263005336197000,15.35,10,15.3,79,15.35,54,1,2021-11-30 09:03:25
1638263005369301000,15.35,27,15.3,79,15.35,77,1,2021-11-30 09:03:25
1638263005629147000,15.35,2,15.3,79,15.35,75,1,2021-11-30 09:03:25
1638263005688187000,15.35,1,15.3,79,15.35,74,1,2021-11-30 09:03:25
1638263006232539000,15.3,78,15.25,80,15.3,22,2,2021-11-30 09:03:26
1638263006676384000,15.3,1,15.25,69,15.3,27,1,2021-11-30 09:03:26
1638263006690565000,15.3,1,15.25,69,15.3,26,1,2021-11-30 09:03:26
1638263006711709000,15.3,20,15.25,69,15.3,6,1,2021-11-30 09:03:26
1638263006925712000,15.25,20,15.25,49,15.3,7,2,2021-11-30 09:03:26
1638263007167944000,15.3,10,15.25,49,15.3,18,1,2021-11-30 09:03:27
1638263007366782000,15.3,10,15.25,49,15.3,8,1,2021-11-30 09:03:27
1638263007414713000,15.3,2,15.25,49,15.3,6,1,2021-11-30 09:03:27
1638263007859030000,15.3,1,15.25,50,15.3,7,1,2021-11-30 09:03:27
1638263008313741000,15.25,1,15.25,50,15.3,8,2,2021-11-30 09:03:28
1638263008599006000,15.25,10,15.25,40,15.3,10,2,2021-11-30 09:03:28
1638263008735626000,15.25,5,15.25,35,15.3,10,2,2021-11-30 09:03:28
1638263008967921000,15.25,6,15.25,29,15.3,11,2,2021-11-30 09:03:28
1638263008986832000,15.25,1,15.25,28,15.3,11,2,2021-11-30 09:03:28
1638263009064648000,15.25,1,15.25,29,15.3,11,2,2021-11-30 09:03:29
1638263009169976000,15.3,2,15.25,29,15.3,9,1,2021-11-30 09:03:29
1638263009352188000,15.3,2,15.25,29,15.3,7,1,2021-11-30 09:03:29
1638263009456615000,15.25,1,15.25,28,15.3,7,2,2021-11-30 09:03:29
1638263009648806000,15.25,1,15.25,27,15.3,8,2,2021-11-30 09:03:29
1638263009796360000,15.25,1,15.25,26,15.3,8,2,2021-11-30 09:03:29
1638263010536481000,15.25,1,15.25,26,15.3,18,2,2021-11-30 09:03:30
1638263010594191000,15.25,10,15.25,16,15.3,18,2,2021-11-30 09:03:30
1638263010706345000,15.25,3,15.25,13,15.3,18,2,2021-11-30 09:03:30
1638263010731592000,15.25,13,15.2,157,15.3,18,2,2021-11-30 09:03:30
1638263010793800000,15.3,1,15.2,157,15.3,22,1,2021-11-30 09:03:30
1638263010869165000,15.3,1,15.2,157,15.3,23,1,2021-11-30 09:03:30
1638263011070693000,15.3,1,15.2,159,15.3,26,1,2021-11-30 09:03:31
1638263011344151000,15.25,14,15.2,159,15.3,11,2,2021-11-30 09:03:31
1638263011344151000,15.3,16,15.2,159,15.3,11,1,2021-11-30 09:03:31
1638263011796007000,15.2,1,15.2,159,15.25,30,2,2021-11-30 09:03:31
1638263012316472000,15.2,2,15.2,157,15.25,30,2,2021-11-30 09:03:32
1638263012487227000,15.2,50,15.2,107,15.25,30,2,2021-11-30 09:03:32
1638263012787186000,15.2,2,15.2,105,15.25,37,2,2021-11-30 09:03:32
1638263013326171000,15.2,3,15.2,103,15.25,47,2,2021-11-30 09:03:33
1638263013337555000,15.2,40,15.2,63,15.25,47,2,2021-11-30 09:03:33
1638263013364919000,15.2,5,15.2,58,15.25,47,2,2021-11-30 09:03:33
1638263013374840000,15.2,58,15.15,33,15.25,47,2,2021-11-30 09:03:33
1638263013514470000,15.15,5,15.15,33,15.2,5,2,2021-11-30 09:03:33
1638263013762489000,15.15,1,15.15,32,15.2,17,2,2021-11-30 09:03:33
1638263013785211000,15.2,5,15.15,32,15.2,12,1,2021-11-30 09:03:33
1638263013788278000,15.15,10,15.15,22,15.2,12,2,2021-11-30 09:03:33
1638263013946560000,15.2,1,15.15,22,15.2,13,1,2021-11-30 09:03:33
1638263014112035000,15.15,1,15.15,21,15.2,13,2,2021-11-30 09:03:34
1638263014409230000,15.15,6,15.15,15,15.2,14,2,2021-11-30 09:03:34
1638263014525607000,15.15,10,15.1,92,15.2,14,2,2021-11-30 09:03:34
1638263014558189000,15.2,14,15.2,6,15.25,60,1,2021-11-30 09:03:34
1638263014697223000,15.2,1,15.2,5,15.25,60,2,2021-11-30 09:03:34
1638263014803559000,15.2,1,15.2,4,15.25,60,2,2021-11-30 09:03:34
1638263014822132000,15.2,2,15.2,2,15.25,60,2,2021-11-30 09:03:34
1638263014844647000,15.2,2,15.1,92,15.2,3,2,2021-11-30 09:03:34
1638263014975042000,15.15,1,15.1,92,15.2,3,2,2021-11-30 09:03:34
1638263014990312000,15.2,1,15.1,92,15.2,2,1,2021-11-30 09:03:34
1638263015484791000,15.2,0,0.0,0,0.0,0,1,2021-11-30 09:03:35
1638263136320417000,15.2,1374,15.15,201,15.2,328,1,2021-11-30 09:05:36
1638263136361223000,15.2,31,15.15,201,15.2,297,1,2021-11-30 09:05:36
1638263137090021000,15.15,1,15.15,200,15.2,297,2,2021-11-30 09:05:37
1638263137119138000,15.2,30,15.15,200,15.2,267,1,2021-11-30 09:05:37
1638263137454371000,15.2,2,15.15,200,15.2,273,1,2021-11-30 09:05:37
1638263137912215000,15.2,1,15.15,200,15.2,272,1,2021-11-30 09:05:37
1638263137996968000,15.15,2,15.15,198,15.2,270,2,2021-11-30 09:05:37
1638263138284095000,15.15,5,15.15,193,15.2,270,2,2021-11-30 09:05:38
1638263138516769000,15.15,1,15.15,192,15.2,270,2,2021-11-30 09:05:38
1638263138667449000,15.15,5,15.15,187,15.2,270,2,2021-11-30 09:05:38
1638263138679363000,15.2,10,15.15,187,15.2,260,1,2021-11-30 09:05:38
1638263139052830000,15.2,1,15.15,187,15.2,259,1,2021-11-30 09:05:39
1638263139069711000,15.2,35,15.15,187,15.2,224,1,2021-11-30 09:05:39
1638263139842985000,15.15,10,15.15,182,15.2,224,2,2021-11-30 09:05:39
1638263140918666000,15.2,15,15.15,182,15.2,209,1,2021-11-30 09:05:40
1638263141184963000,15.2,2,15.15,182,15.2,207,1,2021-11-30 09:05:41
1638263141463676000,15.15,1,15.15,187,15.2,207,2,2021-11-30 09:05:41
1638263142215338000,15.2,15,15.15,187,15.2,192,1,2021-11-30 09:05:42
1638263142348580000,15.2,5,15.15,187,15.2,187,1,2021-11-30 09:05:42
1638263142362070000,15.15,2,15.15,185,15.2,187,2,2021-11-30 09:05:42
1638263142515880000,15.2,10,15.15,185,15.2,177,1,2021-11-30 09:05:42
1638263142654223000,15.2,50,15.15,185,15.2,127,1,2021-11-30 09:05:42
1638263142674353000,15.2,16,15.15,185,15.25,18,1,2021-11-30 09:05:42
1638263142674580000,15.2,34,15.15,185,15.25,18,1,2021-11-30 09:05:42
1638263142674625000,15.2,77,15.15,185,15.25,18,1,2021-11-30 09:05:42
1638263142966621000,15.25,18,15.25,2,15.3,69,1,2021-11-30 09:05:42
1638263143739478000,15.3,10,15.25,2,15.3,59,1,2021-11-30 09:05:43
1638263144146537000,15.3,30,15.25,22,15.3,29,1,2021-11-30 09:05:44
1638263144201353000,15.25,5,15.25,17,15.3,29,2,2021-11-30 09:05:44
1638263144209773000,15.25,2,15.25,15,15.3,29,2,2021-11-30 09:05:44
1638263144415698000,15.25,5,15.25,20,15.3,29,2,2021-11-30 09:05:44
1638263144559899000,15.25,2,15.25,18,15.3,29,2,2021-11-30 09:05:44
1638263144706231000,15.3,10,15.25,18,15.3,19,1,2021-11-30 09:05:44
1638263144941752000,15.3,1,15.25,18,15.3,18,1,2021-11-30 09:05:44
1638263144947624000,15.25,3,15.25,15,15.3,18,2,2021-11-30 09:05:44
1638263145043315000,15.25,1,15.25,14,15.3,18,2,2021-11-30 09:05:45
1638263145494023000,15.25,10,15.2,105,15.3,18,2,2021-11-30 09:05:45
1638263145808015000,15.2,1,15.2,109,15.3,18,2,2021-11-30 09:05:45
1638263145846097000,15.3,5,15.2,109,15.3,13,1,2021-11-30 09:05:45
1638263146006978000,15.2,10,15.2,99,15.3,13,2,2021-11-30 09:05:46
1638263146269173000,15.2,5,15.2,94,15.3,13,2,2021-11-30 09:05:46
1638263146879070000,15.2,7,15.2,86,15.25,1,2,2021-11-30 09:05:46
1638263146879950000,15.2,1,15.2,86,15.25,1,2,2021-11-30 09:05:46
1638263147614519000,15.2,1,15.2,85,15.25,1,2,2021-11-30 09:05:47
1638263147947136000,15.2,3,15.2,84,15.25,1,2,2021-11-30 09:05:47
1638263148033793000,15.25,1,15.25,4,15.3,16,1,2021-11-30 09:05:48
1638263148140118000,15.25,2,15.25,2,15.3,16,2,2021-11-30 09:05:48
1638263148182061000,15.25,2,15.2,84,15.3,16,2,2021-11-30 09:05:48
1638263148390361000,15.3,1,15.2,84,15.3,15,1,2021-11-30 09:05:48
1638263148678696000,15.25,3,15.25,2,15.3,15,2,2021-11-30 09:05:48
1638263148727907000,15.3,10,15.25,2,15.3,5,1,2021-11-30 09:05:48
1638263148831638000,15.25,2,15.2,86,15.25,8,2,2021-11-30 09:05:48
1638263149303903000,15.2,2,15.2,84,15.25,32,2,2021-11-30 09:05:49
1638263149499131000,15.25,33,15.25,67,15.3,6,1,2021-11-30 09:05:49
1638263149534224000,15.25,5,15.25,62,15.3,11,2,2021-11-30 09:05:49
1638263149538318000,15.3,2,15.25,62,15.3,9,1,2021-11-30 09:05:49
1638263149962342000,15.3,2,15.25,65,15.3,7,1,2021-11-30 09:05:49
1638263150217946000,15.25,20,15.25,45,15.3,7,2,2021-11-30 09:05:50
1638263150476300000,15.3,2,15.25,45,15.3,10,1,2021-11-30 09:05:50
1638263150748945000,15.3,1,15.25,45,15.3,19,1,2021-11-30 09:05:50
1638263151011992000,15.3,3,15.25,45,15.3,16,1,2021-11-30 09:05:51
1638263151136678000,15.3,1,15.25,45,15.3,14,1,2021-11-30 09:05:51
1638263151560408000,15.25,1,15.25,44,15.3,14,2,2021-11-30 09:05:51
1638263151695348000,15.3,5,15.25,44,15.3,10,1,2021-11-30 09:05:51
1638263151800397000,15.3,10,15.25,44,15.35,37,1,2021-11-30 09:05:51
1638263151883683000,15.3,1,15.25,44,15.35,37,2,2021-11-30 09:05:51
1638263152477022000,15.3,5,15.25,44,15.3,6,1,2021-11-30 09:05:52
1638263152529973000,15.3,1,15.25,45,15.3,5,1,2021-11-30 09:05:52
1638263152717632000,15.3,5,15.25,50,15.35,37,1,2021-11-30 09:05:52
1638263153061751000,15.35,5,15.3,3,15.35,27,1,2021-11-30 09:05:53
1638263153406567000,15.3,1,15.3,7,15.35,27,2,2021-11-30 09:05:53
1638263154310576000,15.3,1,15.3,12,15.35,27,2,2021-11-30 09:05:54
1638263154355385000,15.35,3,15.3,14,15.35,24,1,2021-11-30 09:05:54
1638263154858125000,15.3,1,15.3,13,15.35,24,2,2021-11-30 09:05:54
1638263154904664000,15.35,20,15.3,13,15.35,4,1,2021-11-30 09:05:54
1638263156051452000,15.3,3,15.3,16,15.35,4,2,2021-11-30 09:05:56
1638263156610008000,15.35,4,15.35,6,15.4,46,1,2021-11-30 09:05:56
1638263156714866000,15.35,2,15.35,4,15.4,51,2,2021-11-30 09:05:56
1638263156752928000,15.35,4,15.3,16,15.4,51,2,2021-11-30 09:05:56
1638263157747652000,15.3,1,15.3,15,15.35,6,2,2021-11-30 09:05:57
1638263157828327000,15.35,4,15.3,15,15.35,2,1,2021-11-30 09:05:57
1638263159130800000,15.35,1,15.3,12,15.35,6,1,2021-11-30 09:05:59
1638263159159929000,15.3,1,15.3,11,15.35,6,2,2021-11-30 09:05:59
1638263159529676000,15.3,1,15.3,8,15.35,6,2,2021-11-30 09:05:59
1638263160014308000,15.35,5,15.3,8,15.35,2,1,2021-11-30 09:06:00
1638263160200732000,15.3,8,15.25,53,15.3,12,2,2021-11-30 09:06:00
1638263160377926000,15.3,1,15.25,53,15.3,11,1,2021-11-30 09:06:00
1638263160462598000,15.3,2,15.25,54,15.3,9,1,2021-11-30 09:06:00
1638263161383432000,15.25,8,15.25,46,15.3,10,2,2021-11-30 09:06:01
1638263161391878000,15.3,1,15.25,46,15.3,9,1,2021-11-30 09:06:01
1638263161737974000,15.3,2,15.25,46,15.3,7,1,2021-11-30 09:06:01
1638263162363319000,15.3,8,15.25,46,15.35,1,1,2021-11-30 09:06:02
1638263162363319000,15.35,2,15.25,46,15.35,1,1,2021-11-30 09:06:02
1638263162704421000,15.35,1,15.25,46,15.35,5,1,2021-11-30 09:06:02
1638263162782154000,15.35,5,15.25,46,15.4,31,1,2021-11-30 09:06:02
1638263162853404000,15.35,1,15.3,5,15.35,4,1,2021-11-30 09:06:02
1638263165152803000,15.35,13,15.3,12,15.5,119,1,2021-11-30 09:06:05
1638263165152803000,15.4,32,15.3,12,15.5,119,1,2021-11-30 09:06:05
1638263165152803000,15.45,54,15.3,12,15.5,119,1,2021-11-30 09:06:05
1638263165152803000,15.5,1,15.3,12,15.5,119,1,2021-11-30 09:06:05
1638263165430250000,15.5,10,15.35,10,15.5,109,1,2021-11-30 09:06:05
1638263165543785000,15.5,1,15.35,21,15.5,108,1,2021-11-30 09:06:05
1638263165774704000,15.35,10,15.35,11,15.5,108,2,2021-11-30 09:06:05
1638263168111519000,15.4,1,15.35,13,15.4,3,1,2021-11-30 09:06:08
1638263168210525000,15.35,3,15.35,10,15.4,3,2,2021-11-30 09:06:08
1638263170928535000,15.35,19,15.3,37,15.35,1,2,2021-11-30 09:06:10
1638263171951986000,15.35,1,15.3,33,15.4,13,1,2021-11-30 09:06:11
1638263171951986000,15.4,1,15.3,33,15.4,13,1,2021-11-30 09:06:11
1638263172146596000,15.35,1,15.3,27,15.4,13,2,2021-11-30 09:06:12
1638263172146596000,15.4,5,15.3,27,15.4,13,1,2021-11-30 09:06:12
1638263172599409000,15.35,1,15.35,2,15.4,13,2,2021-11-30 09:06:12
1638263172881820000,15.35,1,15.35,2,15.4,13,2,2021-11-30 09:06:12
1638263173298990000,15.4,1,15.35,2,15.4,9,1,2021-11-30 09:06:13
1638263173890538000,15.35,5,15.3,27,15.4,9,2,2021-11-30 09:06:13
1638263173890538000,15.3,2,15.3,27,15.4,9,2,2021-11-30 09:06:13
1638263174649594000,15.4,1,15.3,27,15.4,29,1,2021-11-30 09:06:14
1638263175115292000,15.35,1,15.3,30,15.4,32,2,2021-11-30 09:06:15
1638263175878804000,15.4,3,15.3,30,15.4,29,1,2021-11-30 09:06:15
1638263176082358000,15.3,10,15.3,20,15.4,29,2,2021-11-30 09:06:16
1638263176354733000,15.4,1,15.3,21,15.4,28,1,2021-11-30 09:06:16
1638263177019583000,15.35,6,15.3,21,15.35,29,2,2021-11-30 09:06:17
1638263177400092000,15.3,21,15.25,61,15.35,39,2,2021-11-30 09:06:17
1638263177647898000,15.35,32,15.25,61,15.35,13,1,2021-11-30 09:06:17
1638263177732636000,15.35,2,15.25,66,15.35,5,1,2021-11-30 09:06:17
1638263177794366000,15.25,10,15.25,56,15.35,5,2,2021-11-30 09:06:17
1638263179219020000,15.25,51,15.2,184,15.3,39,2,2021-11-30 09:06:19
1638263179390166000,15.2,5,15.2,179,15.3,44,2,2021-11-30 09:06:19
1638263179574808000,15.3,1,15.2,179,15.3,43,1,2021-11-30 09:06:19
1638263179614272000,15.2,10,15.2,169,15.3,43,2,2021-11-30 09:06:19
1638263180038380000,15.2,29,15.2,145,15.25,29,2,2021-11-30 09:06:20
1638263180074506000,15.2,7,15.2,138,15.25,29,2,2021-11-30 09:06:20
1638263180100077000,15.2,44,15.2,94,15.25,29,2,2021-11-30 09:06:20
1638263180122518000,15.2,10,15.2,84,15.25,29,2,2021-11-30 09:06:20
1638263180131915000,15.2,18,15.2,66,15.25,29,2,2021-11-30 09:06:20
1638263180137599000,15.2,14,15.2,52,15.25,23,2,2021-11-30 09:06:20
1638263180139127000,15.2,6,15.2,46,15.25,23,2,2021-11-30 09:06:20
1638263180161117000,15.2,18,15.2,28,15.25,23,2,2021-11-30 09:06:20
1638263180176184000,15.2,28,15.15,229,15.25,33,2,2021-11-30 09:06:20
1638263180177626000,15.15,5,15.15,224,15.25,33,2,2021-11-30 09:06:20
1638263180542405000,15.15,50,15.15,169,15.2,1,2,2021-11-30 09:06:20
1638263180543984000,15.2,1,15.15,169,15.25,49,1,2021-11-30 09:06:20
1638263181020334000,15.25,1,15.15,168,15.25,55,1,2021-11-30 09:06:21
1638263181151696000,15.15,47,15.15,121,15.2,5,2,2021-11-30 09:06:21
1638263181161960000,15.15,33,15.15,88,15.2,5,2,2021-11-30 09:06:21
1638263181302774000,15.2,1,15.15,88,15.2,4,1,2021-11-30 09:06:21
1638263181381036000,15.15,10,15.15,78,15.2,24,2,2021-11-30 09:06:21
1638263181695479000,15.15,5,15.15,73,15.2,64,2,2021-11-30 09:06:21
1638263181845885000,15.15,5,15.15,68,15.2,74,2,2021-11-30 09:06:21
1638263182346372000,15.15,20,15.15,48,15.2,76,2,2021-11-30 09:06:22
1638263182440935000,15.2,2,15.15,46,15.2,76,1,2021-11-30 09:06:22
1638263183004015000,15.15,5,15.15,41,15.2,76,2,2021-11-30 09:06:23
1638263183065888000,15.15,1,15.15,40,15.2,76,2,2021-11-30 09:06:23
1638263183076391000,15.15,10,15.15,30,15.2,76,2,2021-11-30 09:06:23
1638263183164190000,15.2,1,15.15,30,15.2,75,1,2021-11-30 09:06:23
1638263183507152000,15.15,20,15.15,11,15.2,75,2,2021-11-30 09:06:23
1638263183545144000,15.15,1,15.15,11,15.2,75,2,2021-11-30 09:06:23
1638263184081830000,15.15,1,15.15,12,15.2,77,2,2021-11-30 09:06:24
1638263184135337000,15.15,5,15.15,7,15.2,77,2,2021-11-30 09:06:24
1638263184337910000,15.15,2,15.15,5,15.2,78,2,2021-11-30 09:06:24
1638263184396260000,15.15,1,15.15,4,15.2,78,2,2021-11-30 09:06:24
1638263184398308000,15.15,1,15.15,3,15.2,78,2,2021-11-30 09:06:24
1638263184652645000,15.15,3,15.1,192,15.15,2,2,2021-11-30 09:06:24
1638263184720738000,15.15,1,15.1,192,15.15,1,1,2021-11-30 09:06:24
1638263185147117000,15.1,6,15.1,186,15.15,1,2,2021-11-30 09:06:25
1638263185183466000,15.1,1,15.1,185,15.15,1,2,2021-11-30 09:06:25
1638263185226957000,15.15,1,15.15,4,15.2,77,1,2021-11-30 09:06:25
1638263185462366000,15.15,4,15.1,185,15.15,6,2,2021-11-30 09:06:25
1638263185656511000,15.1,15,15.1,170,15.15,7,2,2021-11-30 09:06:25
1638263185828015000,15.1,2,15.1,168,15.15,31,2,2021-11-30 09:06:25
1638263185831118000,15.1,4,15.1,164,15.15,31,2,2021-11-30 09:06:25
1638263186258486000,15.1,50,15.1,114,15.15,52,2,2021-11-30 09:06:26
1638263186450710000,15.1,1,15.1,113,15.15,53,2,2021-11-30 09:06:26
1638263186520665000,15.15,1,15.1,113,15.15,52,1,2021-11-30 09:06:26
1638263186691035000,15.1,3,15.1,110,15.15,52,2,2021-11-30 09:06:26
1638263186888889000,15.15,1,15.1,110,15.15,56,1,2021-11-30 09:06:26
1638263187081336000,15.1,1,15.1,109,15.15,56,2,2021-11-30 09:06:27
1638263187121239000,15.1,1,15.1,108,15.15,56,2,2021-11-30 09:06:27
1638263187246672000,15.15,10,15.1,108,15.15,48,1,2021-11-30 09:06:27
1638263187452861000,15.1,1,15.1,107,15.15,48,2,2021-11-30 09:06:27
1638263187469914000,15.1,1,15.1,106,15.15,48,2,2021-11-30 09:06:27
1638263187661998000,15.1,30,15.1,76,15.15,48,2,2021-11-30 09:06:27
1638263188237520000,15.15,2,15.1,76,15.15,46,1,2021-11-30 09:06:28
1638263188464470000,15.1,76,15.05,71,15.15,56,2,2021-11-30 09:06:28
1638263188464470000,15.05,4,15.05,71,15.15,56,2,2021-11-30 09:06:28
1638263188714254000,15.15,34,15.1,151,15.2,71,1,2021-11-30 09:06:28
1638263188714307000,15.15,22,15.1,151,15.2,71,1,2021-11-30 09:06:28
1638263189028050000,15.1,20,15.1,171,15.2,73,2,2021-11-30 09:06:29
1638263189081531000,15.1,5,15.1,166,15.2,78,2,2021-11-30 09:06:29
1638263189199258000,15.1,5,15.1,162,15.2,78,2,2021-11-30 09:06:29
1638263189553744000,15.1,1,15.1,161,15.2,91,2,2021-11-30 09:06:29
1638263190044847000,15.15,1,15.1,161,15.2,91,1,2021-11-30 09:06:30
1638263190377812000,15.15,8,15.1,161,15.2,91,2,2021-11-30 09:06:30
1638263190377812000,15.1,2,15.1,161,15.2,91,2,2021-11-30 09:06:30
1638263190424174000,15.2,10,15.1,161,15.2,76,1,2021-11-30 09:06:30
1638263190559852000,15.1,5,15.1,156,15.15,5,2,2021-11-30 09:06:30
1638263190632015000,15.15,5,15.1,156,15.2,75,1,2021-11-30 09:06:30
1638263190742831000,15.1,2,15.1,154,15.2,75,2,2021-11-30 09:06:30
1638263190832072000,15.15,2,15.1,154,15.2,75,1,2021-11-30 09:06:30
1638263191542278000,15.1,9,15.1,146,15.15,6,2,2021-11-30 09:06:31
1638263191850452000,15.1,2,15.1,146,15.15,6,2,2021-11-30 09:06:31
1638263191851938000,15.1,10,15.1,136,15.15,6,2,2021-11-30 09:06:31
1638263192050995000,15.15,6,15.15,4,15.2,73,1,2021-11-30 09:06:32
1638263192198981000,15.15,4,15.1,136,15.2,73,2,2021-11-30 09:06:32
1638263192198981000,15.1,1,15.1,136,15.2,73,2,2021-11-30 09:06:32
1638263192353123000,15.2,10,15.1,136,15.2,63,1,2021-11-30 09:06:32
1638263193006586000,15.15,2,15.1,136,15.2,65,2,2021-11-30 09:06:33
1638263193039937000,15.1,1,15.1,135,15.2,65,2,2021-11-30 09:06:33
1638263193617121000,15.15,1,15.15,9,15.2,65,1,2021-11-30 09:06:33
1638263193664470000,15.15,2,15.15,7,15.2,65,2,2021-11-30 09:06:33
1638263193873092000,15.15,2,15.15,5,15.2,65,2,2021-11-30 09:06:33
1638263194210967000,15.15,5,15.15,1,15.2,65,2,2021-11-30 09:06:34
1638263195105493000,15.2,6,15.15,12,15.2,65,1,2021-11-30 09:06:35
1638263195518673000,15.15,10,15.15,2,15.2,63,2,2021-11-30 09:06:35
1638263195559319000,15.15,2,15.15,5,15.2,63,2,2021-11-30 09:06:35
1638263195738287000,15.2,25,15.15,43,15.2,38,1,2021-11-30 09:06:35
1638263195769729000,15.2,30,15.15,55,15.2,13,1,2021-11-30 09:06:35
1638263195793440000,15.2,13,15.15,63,15.25,14,1,2021-11-30 09:06:35
1638263195795747000,15.15,10,15.15,53,15.25,14,2,2021-11-30 09:06:35
1638263197106376000,15.15,2,15.15,92,15.2,1,2,2021-11-30 09:06:37
1638263197140125000,15.2,1,15.2,19,15.25,14,1,2021-11-30 09:06:37
1638263197845289000,15.2,6,15.2,19,15.25,14,2,2021-11-30 09:06:37
1638263198006005000,15.2,1,15.2,18,15.25,14,2,2021-11-30 09:06:38
1638263198261484000,15.2,10,15.2,8,15.25,14,2,2021-11-30 09:06:38
1638263198297514000,15.25,1,15.2,9,15.25,13,1,2021-11-30 09:06:38
1638263199597122000,15.25,4,15.2,11,15.25,4,1,2021-11-30 09:06:39
1638263200076122000,15.2,1,15.2,10,15.25,4,2,2021-11-30 09:06:40
1638263200223160000,15.2,5,15.2,5,15.25,4,2,2021-11-30 09:06:40
1638263200420038000,15.2,1,15.2,8,15.25,9,2,2021-11-30 09:06:40
1638263200733032000,15.2,2,15.2,6,15.25,9,2,2021-11-30 09:06:40
1638263200798300000,15.25,1,15.15,89,15.25,8,1,2021-11-30 09:06:40
1638263200933399000,15.15,5,15.15,84,15.25,8,2,2021-11-30 09:06:40
1638263201106958000,15.15,20,15.15,64,15.25,8,2,2021-11-30 09:06:41
1638263202081160000,15.15,1,15.15,59,15.25,20,2,2021-11-30 09:06:42
1638263202983528000,15.2,1,15.15,53,15.25,20,1,2021-11-30 09:06:42
1638263203582328000,15.15,1,15.15,47,15.2,15,2,2021-11-30 09:06:43
1638263204227263000,15.2,1,15.15,47,15.2,34,1,2021-11-30 09:06:44
1638263204821761000,15.2,2,15.15,47,15.2,34,1,2021-11-30 09:06:44
1638263204844128000,15.2,8,15.15,47,15.2,26,1,2021-11-30 09:06:44
1638263205500308000,15.2,10,15.15,47,15.2,16,1,2021-11-30 09:06:45
1638263205873712000,15.15,1,15.15,47,15.2,28,2,2021-11-30 09:06:45
1638263206011410000,15.2,1,15.15,47,15.2,27,1,2021-11-30 09:06:46
1638263206111040000,15.2,2,15.15,48,15.2,25,1,2021-11-30 09:06:46
1638263206145892000,15.2,4,15.15,48,15.2,21,1,2021-11-30 09:06:46
1638263206276737000,15.2,1,15.15,48,15.2,20,1,2021-11-30 09:06:46
1638263206353435000,15.15,3,15.15,45,15.2,20,2,2021-11-30 09:06:46
1638263206669370000,15.15,10,15.15,36,15.2,20,2,2021-11-30 09:06:46
1638263206959673000,15.15,1,15.15,42,15.2,20,2,2021-11-30 09:06:46
1638263208505774000,15.15,10,15.15,42,15.2,21,2,2021-11-30 09:06:48
1638263208672748000,15.15,2,15.15,47,15.2,21,2,2021-11-30 09:06:48
1638263209384877000,15.15,2,15.15,46,15.2,22,2,2021-11-30 09:06:49
1638263209893901000,15.15,1,15.15,45,15.2,24,2,2021-11-30 09:06:49
1638263210030428000,15.15,10,15.15,35,15.2,29,2,2021-11-30 09:06:50
1638263210057694000,15.15,35,15.1,44,15.2,29,2,2021-11-30 09:06:50
1638263210414446000,15.15,2,15.15,8,15.2,59,2,2021-11-30 09:06:50
1638263210443603000,15.15,3,15.15,5,15.2,59,2,2021-11-30 09:06:50
1638263210769910000,15.15,2,15.15,5,15.2,59,2,2021-11-30 09:06:50
1638263211137372000,15.15,5,15.15,5,15.2,61,2,2021-11-30 09:06:51
1638263211229050000,15.15,1,15.15,4,15.2,61,2,2021-11-30 09:06:51
1638263211566229000,15.15,5,15.1,52,15.15,45,2,2021-11-30 09:06:51
1638263211680942000,15.1,10,15.1,42,15.15,45,2,2021-11-30 09:06:51
1638263211710534000,15.15,10,15.1,42,15.15,35,1,2021-11-30 09:06:51
1638263211876654000,15.15,2,15.1,42,15.15,33,1,2021-11-30 09:06:51
1638263212584181000,15.15,1,15.1,45,15.15,34,1,2021-11-30 09:06:52
1638263213352148000,15.1,1,15.1,45,15.15,34,2,2021-11-30 09:06:53
1638263214518318000,15.15,2,15.1,46,15.15,34,1,2021-11-30 09:06:54
1638263215023523000,15.15,3,15.1,46,15.15,31,1,2021-11-30 09:06:55
1638263215537052000,15.15,8,15.1,47,15.15,23,1,2021-11-30 09:06:55
1638263216785006000,15.1,4,15.1,43,15.15,29,2,2021-11-30 09:06:56
1638263217700217000,15.1,2,15.1,36,15.15,39,2,2021-11-30 09:06:57
1638263218104672000,15.15,1,15.1,36,15.15,38,1,2021-11-30 09:06:58
1638263218226123000,15.1,5,15.1,31,15.15,41,2,2021-11-30 09:06:58
1638263218355084000,15.1,4,15.1,27,15.15,41,2,2021-11-30 09:06:58
1638263218393114000,15.1,4,15.1,23,15.15,41,2,2021-11-30 09:06:58
1638263218454876000,15.1,1,15.1,22,15.15,41,2,2021-11-30 09:06:58
1638263219431437000,15.1,1,15.1,41,15.15,46,2,2021-11-30 09:06:59
1638263219735811000,15.1,10,15.1,31,15.15,47,2,2021-11-30 09:06:59
1638263220491147000,15.1,1,15.1,44,15.15,47,2,2021-11-30 09:07:00
1638263221386506000,15.1,10,15.1,44,15.15,50,2,2021-11-30 09:07:01
1638263221453083000,15.1,10,15.1,34,15.15,50,2,2021-11-30 09:07:01
1638263221603159000,15.1,1,15.1,33,15.15,50,2,2021-11-30 09:07:01
1638263221768730000,15.15,1,15.1,34,15.15,49,1,2021-11-30 09:07:01
1638263221847384000,15.15,1,15.1,39,15.15,54,1,2021-11-30 09:07:01
1638263222563226000,15.1,5,15.1,35,15.15,56,2,2021-11-30 09:07:02
1638263223049376000,15.1,1,15.1,37,15.15,56,2,2021-11-30 09:07:03
1638263223256365000,15.1,1,15.1,36,15.15,56,2,2021-11-30 09:07:03
1638263224081851000,15.1,1,15.1,39,15.15,56,2,2021-11-30 09:07:04
1638263224923981000,15.1,1,15.1,40,15.15,56,2,2021-11-30 09:07:04
1638263225504168000,15.1,1,15.1,40,15.15,57,2,2021-11-30 09:07:05
1638263225528712000,15.1,6,15.1,34,15.15,57,2,2021-11-30 09:07:05
1638263225631652000,15.1,1,15.1,33,15.15,57,2,2021-11-30 09:07:05
1638263225722668000,15.1,1,15.1,32,15.15,58,2,2021-11-30 09:07:05
1638263226739017000,15.1,1,15.1,38,15.15,58,2,2021-11-30 09:07:06
1638263226848292000,15.1,1,15.1,37,15.15,58,2,2021-11-30 09:07:06
1638263227828589000,15.15,5,15.1,37,15.15,53,1,2021-11-30 09:07:07
1638263228321736000,15.15,3,15.1,37,15.15,50,1,2021-11-30 09:07:08
1638263228564314000,15.15,3,15.1,37,15.15,47,1,2021-11-30 09:07:08
1638263229077342000,15.1,10,15.1,27,15.15,47,2,2021-11-30 09:07:09
1638263229491143000,15.1,1,15.1,28,15.15,47,2,2021-11-30 09:07:09
1638263229554201000,15.1,1,15.1,27,15.15,47,2,2021-11-30 09:07:09
1638263231773992000,15.15,1,15.1,33,15.15,53,1,2021-11-30 09:07:11
1638263232470250000,15.1,2,15.1,31,15.15,53,2,2021-11-30 09:07:12
1638263233604496000,15.15,1,15.1,32,15.15,52,1,2021-11-30 09:07:13
1638263233642490000,15.15,1,15.1,32,15.15,51,1,2021-11-30 09:07:13
1638263234047246000,15.1,10,15.1,22,15.15,51,2,2021-11-30 09:07:14
1638263234202449000,15.1,1,15.1,21,15.15,51,2,2021-11-30 09:07:14
1638263236784133000,15.1,2,15.1,30,15.15,51,2,2021-11-30 09:07:16
1638263236816610000,15.15,1,15.1,30,15.15,50,1,2021-11-30 09:07:16
1638263236835815000,15.1,4,15.1,26,15.15,50,2,2021-11-30 09:07:16
1638263237103142000,15.15,31,15.1,56,15.15,19,1,2021-11-30 09:07:17
1638263237271802000,15.1,5,15.1,66,15.15,19,2,2021-11-30 09:07:17
1638263237493777000,15.1,1,15.1,65,15.15,19,2,2021-11-30 09:07:17
1638263238268156000,15.1,2,15.1,65,15.15,19,2,2021-11-30 09:07:18
1638263238293845000,15.1,6,15.1,59,15.15,13,2,2021-11-30 09:07:18
1638263238723437000,15.15,1,15.1,60,15.15,12,1,2021-11-30 09:07:18
1638263239998820000,15.15,2,15.1,59,15.15,12,1,2021-11-30 09:07:19
1638263240885736000,15.1,5,15.1,56,15.15,12,2,2021-11-30 09:07:20
1638263241120624000,15.15,1,15.1,57,15.15,11,1,2021-11-30 09:07:21
1638263241222331000,15.15,1,15.1,57,15.15,10,1,2021-11-30 09:07:21
1638263241635032000,15.15,10,15.1,59,15.2,101,1,2021-11-30 09:07:21
1638263242090302000,15.15,10,15.15,1,15.2,103,2,2021-11-30 09:07:22
1638263242581925000,15.15,2,15.15,23,15.2,113,2,2021-11-30 09:07:22
1638263243287219000,15.15,4,15.15,31,15.2,113,2,2021-11-30 09:07:23
1638263243734399000,15.15,2,15.15,31,15.2,113,2,2021-11-30 09:07:23
1638263244051429000,15.15,4,15.15,27,15.2,113,2,2021-11-30 09:07:24
1638263244098776000,15.2,2,15.15,29,15.2,111,1,2021-11-30 09:07:24
1638263245434573000,15.15,4,15.15,28,15.2,111,2,2021-11-30 09:07:25
1638263246945057000,15.15,2,15.15,32,15.2,111,2,2021-11-30 09:07:26
1638263247564473000,15.15,2,15.15,33,15.2,116,2,2021-11-30 09:07:27
1638263249200979000,15.15,1,15.15,37,15.2,120,2,2021-11-30 09:07:29
1638263249703547000,15.15,2,15.15,35,15.2,120,2,2021-11-30 09:07:29
1638263250243665000,15.2,1,15.15,35,15.2,121,1,2021-11-30 09:07:30
1638263250766507000,15.15,10,15.15,26,15.2,121,2,2021-11-30 09:07:30
1638263252242792000,15.15,2,15.15,25,15.2,125,2,2021-11-30 09:07:32
1638263252581118000,15.15,2,15.15,23,15.2,125,2,2021-11-30 09:07:32
1638263254681456000,15.15,2,15.15,24,15.2,125,2,2021-11-30 09:07:34
1638263254809960000,15.15,10,15.15,14,15.2,125,2,2021-11-30 09:07:34
1638263254989190000,15.15,14,15.1,129,15.15,6,2,2021-11-30 09:07:34
1638263255372886000,15.15,2,15.1,120,15.15,12,1,2021-11-30 09:07:35
1638263256995599000,15.1,10,15.1,87,15.15,25,2,2021-11-30 09:07:36
1638263257337933000,15.15,2,15.1,87,15.15,26,1,2021-11-30 09:07:37
1638263258669987000,15.15,5,15.1,81,15.15,21,1,2021-11-30 09:07:38
1638263259594070000,15.15,5,15.1,89,15.15,29,1,2021-11-30 09:07:39
1638263259961443000,15.15,1,15.1,91,15.15,28,1,2021-11-30 09:07:39
1638263260734580000,15.15,1,15.1,130,15.15,36,1,2021-11-30 09:07:40
1638263260996342000,15.15,2,15.1,130,15.15,84,1,2021-11-30 09:07:40
1638263262424695000,15.1,1,15.1,134,15.15,86,2,2021-11-30 09:07:42
1638263262499325000,15.1,5,15.1,129,15.15,86,2,2021-11-30 09:07:42
1638263263467733000,15.15,1,15.1,132,15.15,131,1,2021-11-30 09:07:43
1638263264119687000,15.1,20,15.1,114,15.15,131,2,2021-11-30 09:07:44
1638263264153815000,15.1,67,15.1,47,15.15,131,2,2021-11-30 09:07:44
1638263264155602000,15.1,9,15.1,38,15.15,131,2,2021-11-30 09:07:44
1638263264186458000,15.1,38,15.05,100,15.15,131,2,2021-11-30 09:07:44
1638263264819638000,15.1,1,15.05,95,15.1,29,1,2021-11-30 09:07:44
1638263264976936000,15.1,1,15.05,95,15.1,28,1,2021-11-30 09:07:44
1638263265669253000,15.1,10,15.05,95,15.1,21,1,2021-11-30 09:07:45
1638263265685923000,15.05,30,15.05,65,15.1,21,2,2021-11-30 09:07:45
1638263266210185000,15.05,3,15.05,62,15.1,22,2,2021-11-30 09:07:46
1638263266443505000,15.1,2,15.05,62,15.1,20,1,2021-11-30 09:07:46
1638263266778793000,15.1,1,15.05,62,15.1,19,1,2021-11-30 09:07:46
1638263266796879000,15.05,3,15.05,59,15.1,19,2,2021-11-30 09:07:46
1638263266876895000,15.1,1,15.05,59,15.1,18,1,2021-11-30 09:07:46
1638263266943611000,15.1,1,15.05,59,15.1,17,1,2021-11-30 09:07:46
1638263267343723000,15.05,10,15.05,49,15.1,20,2,2021-11-30 09:07:47
1638263267530312000,15.05,1,15.05,48,15.1,20,2,2021-11-30 09:07:47
1638263267762396000,15.05,1,15.05,47,15.1,21,2,2021-11-30 09:07:47
1638263267861102000,15.05,30,15.05,17,15.1,21,2,2021-11-30 09:07:47
1638263267898685000,15.05,17,15.0,347,15.1,21,2,2021-11-30 09:07:47
1638263268888373000,15.0,3,15.0,346,15.05,37,2,2021-11-30 09:07:48
1638263269015788000,15.0,3,15.0,343,15.05,37,2,2021-11-30 09:07:49
1638263269552097000,15.05,1,15.0,343,15.05,37,1,2021-11-30 09:07:49
1638263269738740000,15.05,5,15.0,343,15.05,34,1,2021-11-30 09:07:49
1638263270106623000,15.0,1,15.0,342,15.05,34,2,2021-11-30 09:07:50
1638263270814547000,15.0,1,15.0,341,15.05,35,2,2021-11-30 09:07:50
1638263271621401000,15.05,2,15.0,341,15.05,27,1,2021-11-30 09:07:51
1638263272345466000,15.0,1,15.0,339,15.05,27,2,2021-11-30 09:07:52
1638263272854356000,15.05,5,15.0,339,15.05,22,1,2021-11-30 09:07:52
1638263273346857000,15.0,1,15.0,338,15.05,22,2,2021-11-30 09:07:53
1638263273442927000,15.0,10,15.0,328,15.05,22,2,2021-11-30 09:07:53
1638263273511047000,15.0,5,15.0,322,15.05,22,2,2021-11-30 09:07:53
1638263273937061000,15.0,1,15.0,321,15.05,22,2,2021-11-30 09:07:53
1638263273948790000,15.0,20,15.0,301,15.05,22,2,2021-11-30 09:07:53
1638263274517732000,15.05,2,15.0,302,15.05,21,1,2021-11-30 09:07:54
1638263274817813000,15.0,1,15.0,301,15.05,21,2,2021-11-30 09:07:54
1638263275184996000,15.0,1,15.0,300,15.05,21,2,2021-11-30 09:07:55
1638263275309356000,15.0,8,15.0,292,15.05,21,2,2021-11-30 09:07:55
1638263275457016000,15.0,1,15.0,291,15.05,6,2,2021-11-30 09:07:55
1638263276064149000,15.0,1,15.0,290,15.05,10,2,2021-11-30 09:07:56
1638263276375040000,15.05,2,15.0,276,15.05,14,1,2021-11-30 09:07:56
1638263276565910000,15.05,1,15.0,276,15.05,14,1,2021-11-30 09:07:56
1638263276630475000,15.05,3,15.0,275,15.05,11,1,2021-11-30 09:07:56
1638263276661588000,15.0,1,15.0,274,15.05,11,2,2021-11-30 09:07:56
1638263276893286000,15.0,1,15.0,273,15.05,11,2,2021-11-30 09:07:56
1638263278095907000,15.0,2,15.0,272,15.05,12,2,2021-11-30 09:07:58
1638263279192474000,15.0,1,15.0,275,15.05,37,2,2021-11-30 09:07:59
1638263279886344000,15.05,1,15.0,275,15.05,38,1,2021-11-30 09:07:59
1638263279970480000,15.0,2,15.0,273,15.05,38,2,2021-11-30 09:07:59
1638263280846772000,15.0,1,15.0,271,15.05,39,2,2021-11-30 09:08:00
1638263282327521000,15.0,5,15.0,271,15.05,39,2,2021-11-30 09:08:02
1638263283126608000,15.0,1,15.0,270,15.05,49,2,2021-11-30 09:08:03
1638263283553270000,15.0,1,15.0,269,15.05,48,2,2021-11-30 09:08:03
1638263283729469000,15.0,10,15.0,259,15.05,48,2,2021-11-30 09:08:03
1638263283822137000,15.0,2,15.0,257,15.05,48,2,2021-11-30 09:08:03
1638263284659904000,15.0,1,15.0,277,15.05,58,2,2021-11-30 09:08:04
1638263285014671000,15.05,5,15.0,277,15.05,55,1,2021-11-30 09:08:05
1638263285632567000,15.0,4,15.0,273,15.05,58,2,2021-11-30 09:08:05
1638263285657429000,15.0,3,15.0,270,15.05,58,2,2021-11-30 09:08:05
1638263286195845000,15.0,1,15.0,273,15.05,80,2,2021-11-30 09:08:06
1638263286474007000,15.0,2,15.0,271,15.05,80,2,2021-11-30 09:08:06
1638263287069745000,15.0,10,15.0,260,15.05,80,2,2021-11-30 09:08:07
1638263287380978000,15.05,2,15.0,260,15.05,78,1,2021-11-30 09:08:07
1638263288080713000,15.0,1,15.0,259,15.05,78,2,2021-11-30 09:08:08
1638263288412883000,15.05,20,15.0,259,15.05,58,1,2021-11-30 09:08:08
1638263288542642000,15.0,5,15.0,254,15.05,58,2,2021-11-30 09:08:08
1638263289729005000,15.0,10,15.0,247,15.05,58,2,2021-11-30 09:08:09
1638263289871295000,15.0,10,15.0,237,15.05,58,2,2021-11-30 09:08:09
1638263290055281000,15.05,10,15.0,227,15.05,48,1,2021-11-30 09:08:10
1638263290344515000,15.0,2,15.0,225,15.05,48,2,2021-11-30 09:08:10
1638263290454979000,15.0,1,15.0,224,15.05,48,2,2021-11-30 09:08:10
1638263290826344000,15.0,2,15.0,222,15.05,48,2,2021-11-30 09:08:10
1638263291602146000,15.0,3,15.0,219,15.05,48,2,2021-11-30 09:08:11
1638263291613975000,15.0,200,15.0,19,15.05,48,2,2021-11-30 09:08:11
1638263291632068000,15.0,13,14.95,49,15.05,48,2,2021-11-30 09:08:11
1638263291632281000,15.0,6,14.95,49,15.05,48,2,2021-11-30 09:08:11
1638263291656085000,15.0,1,15.0,1,15.05,53,1,2021-11-30 09:08:11
1638263291912984000,15.0,1,14.95,54,15.0,4,2,2021-11-30 09:08:11
1638263293067380000,15.0,20,14.95,54,15.0,68,1,2021-11-30 09:08:13
1638263293252398000,14.95,6,14.95,48,15.0,68,2,2021-11-30 09:08:13
1638263293553587000,15.0,1,14.95,43,15.0,68,1,2021-11-30 09:08:13
1638263294190585000,14.95,5,14.95,38,15.0,121,2,2021-11-30 09:08:14
1638263294504562000,15.0,1,14.95,38,15.0,121,1,2021-11-30 09:08:14
1638263294571842000,15.0,1,14.95,38,15.0,120,1,2021-11-30 09:08:14
1638263294621326000,14.95,5,14.95,33,15.0,120,2,2021-11-30 09:08:14
1638263294781918000,15.0,2,14.95,33,15.0,118,1,2021-11-30 09:08:14
1638263295057293000,15.0,10,14.95,33,15.0,108,1,2021-11-30 09:08:15
1638263295173881000,14.95,1,14.95,32,15.0,108,2,2021-11-30 09:08:15
1638263295231361000,15.0,1,14.95,32,15.0,87,1,2021-11-30 09:08:15
1638263295367208000,15.0,5,14.95,32,15.0,82,1,2021-11-30 09:08:15
1638263295709697000,14.95,10,14.95,22,15.0,82,2,2021-11-30 09:08:15
1638263296580470000,15.0,1,14.95,32,15.0,84,1,2021-11-30 09:08:16
1638263297206515000,14.95,1,14.95,31,15.0,90,2,2021-11-30 09:08:17
1638263297309741000,14.95,4,14.95,27,15.0,110,2,2021-11-30 09:08:17
1638263297445008000,14.95,9,14.95,20,15.0,110,2,2021-11-30 09:08:17
1638263297795391000,15.0,2,14.95,20,15.0,111,1,2021-11-30 09:08:17
1638263297839902000,14.95,10,14.95,10,15.0,111,2,2021-11-30 09:08:17
1638263299063513000,14.95,1,14.95,12,15.0,216,2,2021-11-30 09:08:19
1638263299134810000,14.95,5,14.95,7,15.0,216,2,2021-11-30 09:08:19
1638263299189913000,15.0,5,14.95,7,15.0,211,1,2021-11-30 09:08:19
1638263299451086000,14.95,4,14.95,3,15.0,211,2,2021-11-30 09:08:19
1638263299653122000,15.0,1,14.95,13,15.0,210,1,2021-11-30 09:08:19
1638263299702852000,14.95,1,14.95,12,15.0,210,2,2021-11-30 09:08:19
1638263299929990000,14.95,5,14.95,7,15.0,210,2,2021-11-30 09:08:19
1638263299955654000,14.95,1,14.95,7,15.0,210,2,2021-11-30 09:08:19
1638263300086225000,14.95,3,14.95,4,15.0,210,2,2021-11-30 09:08:20
1638263300313567000,14.95,4,14.9,144,15.0,212,2,2021-11-30 09:08:20
1638263300823922000,14.95,2,14.95,59,15.0,212,2,2021-11-30 09:08:20
1638263301011865000,14.95,1,14.95,58,15.0,212,2,2021-11-30 09:08:21
1638263301080918000,14.95,5,14.95,53,15.0,214,2,2021-11-30 09:08:21
1638263301154708000,14.95,2,14.95,51,15.0,214,2,2021-11-30 09:08:21
1638263301468251000,14.95,4,14.95,47,15.0,214,2,2021-11-30 09:08:21
1638263301719809000,14.95,3,14.95,45,15.0,215,2,2021-11-30 09:08:21
1638263301757671000,14.95,5,14.95,40,15.0,215,2,2021-11-30 09:08:21
1638263302134161000,14.95,1,14.95,42,15.0,218,2,2021-11-30 09:08:22
1638263302467408000,14.95,5,14.95,40,15.0,218,2,2021-11-30 09:08:22
1638263302728078000,14.95,1,14.95,54,15.0,218,2,2021-11-30 09:08:22
1638263302805762000,14.95,33,14.95,21,15.0,222,2,2021-11-30 09:08:22
1638263302837928000,14.95,4,14.95,17,15.0,222,2,2021-11-30 09:08:22
1638263303597881000,14.95,19,14.9,133,15.0,224,2,2021-11-30 09:08:23
1638263303597881000,14.9,11,14.9,133,15.0,224,2,2021-11-30 09:08:23
1638263303906687000,14.95,2,14.9,139,14.95,8,1,2021-11-30 09:08:23
1638263303917339000,14.95,8,14.95,7,15.0,224,1,2021-11-30 09:08:23
1638263303927819000,14.95,1,14.95,6,15.0,224,2,2021-11-30 09:08:23
1638263304073632000,14.95,1,14.95,5,15.0,224,2,2021-11-30 09:08:24
1638263304094994000,14.95,1,14.95,4,15.0,224,2,2021-11-30 09:08:24
1638263304344984000,14.95,1,14.95,3,15.0,224,2,2021-11-30 09:08:24
1638263304571617000,14.95,1,14.95,2,15.0,222,2,2021-11-30 09:08:24
1638263304663796000,14.95,1,14.95,2,15.0,222,2,2021-11-30 09:08:24
1638263304886442000,14.95,4,14.9,62,15.0,222,2,2021-11-30 09:08:24
1638263304886442000,14.9,76,14.9,62,15.0,222,2,2021-11-30 09:08:24
1638263305830408000,14.9,2,14.9,56,14.95,7,2,2021-11-30 09:08:25
1638263305966015000,14.95,1,14.9,56,14.95,8,1,2021-11-30 09:08:25
1638263307566621000,14.9,3,14.9,53,14.95,13,2,2021-11-30 09:08:27
1638263308833514000,14.95,10,14.9,53,14.95,20,1,2021-11-30 09:08:28
1638263308846440000,14.95,1,14.9,53,14.95,19,1,2021-11-30 09:08:28
1638263308946020000,14.9,1,14.9,52,14.95,19,2,2021-11-30 09:08:28
1638263309229937000,14.9,30,14.9,22,14.95,21,2,2021-11-30 09:08:29
1638263309822535000,14.9,2,14.9,50,14.95,26,2,2021-11-30 09:08:29
1638263310063097000,14.9,5,14.9,44,14.95,26,2,2021-11-30 09:08:30
1638263310439108000,14.95,10,14.9,45,14.95,16,1,2021-11-30 09:08:30
1638263310722446000,14.9,1,14.9,54,14.95,18,2,2021-11-30 09:08:30
1638263310762803000,14.95,1,14.9,54,14.95,17,1,2021-11-30 09:08:30
1638263311209024000,14.9,1,14.9,53,14.95,27,2,2021-11-30 09:08:31
1638263311322031000,14.9,1,14.9,52,14.95,27,2,2021-11-30 09:08:31
1638263311527254000,14.9,16,14.9,36,14.95,27,2,2021-11-30 09:08:31
1638263311561082000,14.9,1,14.9,35,14.95,27,2,2021-11-30 09:08:31
1638263311688256000,14.95,1,14.9,35,14.95,26,1,2021-11-30 09:08:31
1638263311915980000,14.9,1,14.9,35,14.95,26,2,2021-11-30 09:08:31
1638263311998878000,14.95,1,14.9,35,14.95,105,1,2021-11-30 09:08:31
1638263312012262000,14.95,1,14.9,35,14.95,104,1,2021-11-30 09:08:32
1638263312015397000,14.95,1,14.9,36,14.95,103,1,2021-11-30 09:08:32
1638263312054361000,14.9,1,14.9,35,14.95,103,2,2021-11-30 09:08:32
1638263312430291000,14.9,1,14.9,34,14.95,104,2,2021-11-30 09:08:32
1638263312639084000,14.95,5,14.9,34,14.95,99,1,2021-11-30 09:08:32
1638263312820642000,14.95,1,14.9,34,14.95,121,1,2021-11-30 09:08:32
1638263313457678000,14.9,2,14.9,35,14.95,139,2,2021-11-30 09:08:33
1638263313552049000,14.9,8,14.9,27,14.95,142,2,2021-11-30 09:08:33
1638263313956469000,14.9,1,14.9,26,14.95,142,2,2021-11-30 09:08:33
1638263314094924000,14.9,1,14.9,26,14.95,142,2,2021-11-30 09:08:34
1638263314124587000,14.9,7,14.9,19,14.95,142,2,2021-11-30 09:08:34
1638263314276258000,14.9,2,14.9,18,14.95,142,2,2021-11-30 09:08:34
1638263314330919000,14.9,2,14.9,16,14.95,142,2,2021-11-30 09:08:34
1638263314640216000,14.9,10,14.9,5,14.95,143,2,2021-11-30 09:08:34
1638263314824427000,14.9,1,14.9,4,14.95,143,2,2021-11-30 09:08:34
1638263314879279000,14.9,4,14.85,26,14.95,143,2,2021-11-30 09:08:34
1638263314879279000,14.85,26,14.85,26,14.95,143,2,2021-11-30 09:08:34
1638263315140396000,14.9,5,14.85,26,14.9,25,1,2021-11-30 09:08:35
1638263316591664000,14.85,10,14.85,17,14.9,45,2,2021-11-30 09:08:36
1638263317469370000,14.85,1,14.85,17,14.9,75,2,2021-11-30 09:08:37
1638263317691034000,14.85,27,14.75,17,14.9,76,2,2021-11-30 09:08:37
1638263317691034000,14.8,109,14.75,17,14.9,76,2,2021-11-30 09:08:37
1638263317691034000,14.75,10,14.75,17,14.9,76,2,2021-11-30 09:08:37
1638263318149187000,14.85,2,14.8,6,14.85,7,1,2021-11-30 09:08:38
1638263319650798000,14.8,1,14.8,6,14.85,10,2,2021-11-30 09:08:39
1638263320806262000,14.8,3,14.8,3,14.85,23,2,2021-11-30 09:08:40
1638263321077978000,14.8,1,14.8,2,14.85,24,2,2021-11-30 09:08:41
1638263321586290000,14.8,3,14.75,5,14.85,24,2,2021-11-30 09:08:41
1638263321586290000,14.75,17,14.75,5,14.85,24,2,2021-11-30 09:08:41
1638263322210880000,14.85,5,14.7,199,14.85,34,1,2021-11-30 09:08:42
1638263322713489000,14.8,5,14.75,16,14.8,1,2,2021-11-30 09:08:42
1638263322795653000,14.8,1,14.75,16,14.85,65,1,2021-11-30 09:08:42
1638263322821840000,14.75,3,14.75,13,14.85,65,2,2021-11-30 09:08:42
1638263322902086000,14.8,1,14.75,13,14.8,3,1,2021-11-30 09:08:42
1638263323008076000,14.8,1,14.75,23,14.8,2,1,2021-11-30 09:08:43
1638263323036167000,14.8,2,14.75,23,14.85,65,1,2021-11-30 09:08:43
1638263323652847000,14.8,3,14.8,17,14.85,65,1,2021-11-30 09:08:43
1638263324002734000,14.8,10,14.8,15,14.85,65,2,2021-11-30 09:08:44
1638263324834371000,14.85,10,14.8,21,14.85,17,1,2021-11-30 09:08:44
1638263324870559000,14.85,17,14.8,21,14.9,93,1,2021-11-30 09:08:44
1638263325056168000,14.85,3,14.8,23,14.9,85,1,2021-11-30 09:08:45
1638263325288904000,14.9,10,14.8,23,14.9,75,1,2021-11-30 09:08:45
1638263325438508000,14.8,3,14.8,25,14.9,75,2,2021-11-30 09:08:45
1638263325654159000,14.85,5,14.8,26,14.9,75,1,2021-11-30 09:08:45
1638263325905620000,14.8,1,14.8,25,14.9,75,2,2021-11-30 09:08:45
1638263326091913000,14.8,10,14.8,15,14.85,5,2,2021-11-30 09:08:46
1638263326145222000,14.8,3,14.8,12,14.85,5,2,2021-11-30 09:08:46
1638263326182401000,14.85,5,14.8,12,14.9,75,1,2021-11-30 09:08:46
1638263326506359000,14.85,1,14.85,7,14.9,75,2,2021-11-30 09:08:46
1638263326548062000,14.85,1,14.85,6,14.9,75,2,2021-11-30 09:08:46
1638263326825644000,14.85,6,14.7,205,14.9,75,2,2021-11-30 09:08:46
1638263326825644000,14.8,17,14.7,205,14.9,75,2,2021-11-30 09:08:46
1638263326825644000,14.75,29,14.7,205,14.9,75,2,2021-11-30 09:08:46
1638263326825644000,14.7,15,14.7,205,14.9,75,2,2021-11-30 09:08:46
1638263326893543000,14.7,1,14.7,209,14.85,6,2,2021-11-30 09:08:46
1638263327097667000,14.75,1,14.75,5,14.85,13,1,2021-11-30 09:08:47
1638263327303233000,14.85,1,14.8,10,14.85,6,1,2021-11-30 09:08:47
1638263327389086000,14.8,5,14.8,5,14.85,6,2,2021-11-30 09:08:47
1638263327687783000,14.85,5,14.8,7,14.85,1,1,2021-11-30 09:08:47
1638263328005361000,14.8,2,14.8,6,14.85,1,2,2021-11-30 09:08:48
1638263328564142000,14.85,1,14.8,6,14.9,102,1,2021-11-30 09:08:48
1638263328832626000,14.85,1,14.8,6,14.9,85,1,2021-11-30 09:08:48
1638263329065905000,14.85,3,14.8,5,14.9,87,2,2021-11-30 09:08:49
1638263329065905000,14.8,1,14.8,5,14.9,87,2,2021-11-30 09:08:49
1638263330222156000,14.8,1,14.8,6,14.9,93,2,2021-11-30 09:08:50
1638263330587425000,14.9,1,14.8,8,14.9,92,1,2021-11-30 09:08:50
1638263331232618000,14.8,10,14.8,52,14.9,92,2,2021-11-30 09:08:51
1638263331791274000,14.85,1,14.85,4,14.9,87,1,2021-11-30 09:08:51
1638263332015490000,14.85,4,14.8,47,14.9,87,2,2021-11-30 09:08:52
1638263332015490000,14.8,6,14.8,47,14.9,87,2,2021-11-30 09:08:52
1638263332213314000,14.85,2,14.8,47,14.9,88,1,2021-11-30 09:08:52
1638263332224693000,14.8,1,14.8,46,14.9,90,2,2021-11-30 09:08:52
1638263332687348000,14.8,8,14.8,38,14.9,90,2,2021-11-30 09:08:52
1638263333095456000,14.8,1,14.8,37,14.85,1,2,2021-11-30 09:08:53
1638263333539550000,14.85,1,14.8,44,14.9,88,1,2021-11-30 09:08:53
1638263333539550000,14.9,4,14.8,44,14.9,88,1,2021-11-30 09:08:53
1638263333938533000,14.85,1,14.85,6,14.9,89,2,2021-11-30 09:08:53
1638263334863781000,14.85,3,14.85,23,14.9,99,2,2021-11-30 09:08:54
1638263334953174000,14.85,1,14.85,22,14.9,98,2,2021-11-30 09:08:54
1638263334960383000,14.9,2,14.85,22,14.9,96,1,2021-11-30 09:08:54
1638263335203319000,14.85,1,14.85,21,14.9,96,2,2021-11-30 09:08:55
1638263335305497000,14.85,3,14.85,20,14.9,96,2,2021-11-30 09:08:55
1638263335523972000,14.9,2,14.85,20,14.9,74,1,2021-11-30 09:08:55
1638263335549730000,14.9,1,14.85,20,14.9,73,1,2021-11-30 09:08:55
1638263335551462000,14.9,12,14.85,20,14.9,61,1,2021-11-30 09:08:55
1638263335584571000,14.9,50,14.85,20,14.9,11,1,2021-11-30 09:08:55
1638263335884678000,14.85,2,14.85,24,14.9,11,2,2021-11-30 09:08:55
1638263336668366000,14.9,2,14.85,28,14.9,9,1,2021-11-30 09:08:56
1638263337590560000,14.9,2,14.85,48,14.9,36,1,2021-11-30 09:08:57
1638263338225098000,14.9,1,14.85,49,14.9,35,1,2021-11-30 09:08:58
1638263338678916000,14.9,2,14.85,43,14.9,33,1,2021-11-30 09:08:58
1638263338726295000,14.85,2,14.85,41,14.9,33,2,2021-11-30 09:08:58
1638263339087875000,14.85,1,14.85,40,14.9,33,2,2021-11-30 09:08:59
1638263339502104000,14.9,10,14.85,42,14.9,23,1,2021-11-30 09:08:59
1638263339745692000,14.9,7,14.85,43,14.9,16,1,2021-11-30 09:08:59
1638263339793019000,14.9,5,14.85,43,14.9,11,1,2021-11-30 09:08:59
1638263340126422000,14.9,3,14.85,49,14.9,8,1,2021-11-30 09:09:00
1638263340197649000,14.9,5,14.85,49,14.9,3,1,2021-11-30 09:09:00
1638263340263728000,14.9,1,14.85,49,14.9,2,1,2021-11-30 09:09:00
1638263341027416000,14.85,4,14.85,46,14.9,2,2,2021-11-30 09:09:01
1638263341202980000,14.85,1,14.85,45,14.9,2,2,2021-11-30 09:09:01
1638263341207151000,14.9,2,14.85,45,14.95,62,1,2021-11-30 09:09:01
1638263341424494000,14.85,1,14.85,44,14.95,62,2,2021-11-30 09:09:01
1638263341577198000,14.85,1,14.85,43,14.95,64,2,2021-11-30 09:09:01
1638263341921052000,14.9,1,14.85,45,14.95,63,1,2021-11-30 09:09:01
1638263342054883000,14.85,5,14.85,44,14.95,63,2,2021-11-30 09:09:02
1638263342096629000,14.85,2,14.85,42,14.95,63,2,2021-11-30 09:09:02
1638263343263916000,14.9,1,14.85,48,14.95,68,1,2021-11-30 09:09:03
1638263343544901000,14.85,3,14.85,52,14.9,1,2,2021-11-30 09:09:03
1638263343718346000,14.9,1,14.85,52,14.95,65,1,2021-11-30 09:09:03
1638263344567423000,14.9,2,14.85,57,14.9,8,2,2021-11-30 09:09:04
1638263344569613000,14.85,1,14.85,56,14.9,8,2,2021-11-30 09:09:04
1638263345091151000,14.85,1,14.85,50,14.9,8,2,2021-11-30 09:09:05
1638263345325315000,14.9,8,14.85,45,14.95,55,1,2021-11-30 09:09:05
1638263345325315000,14.95,2,14.85,45,14.95,55,1,2021-11-30 09:09:05
1638263347765839000,14.9,1,14.85,46,14.9,13,2,2021-11-30 09:09:07
1638263347958867000,14.85,8,14.85,38,14.9,13,2,2021-11-30 09:09:07
1638263348198409000,14.85,10,14.85,28,14.9,13,2,2021-11-30 09:09:08
1638263348958008000,14.85,2,14.85,29,14.9,16,2,2021-11-30 09:09:08
1638263349319963000,14.9,4,14.85,31,14.9,13,1,2021-11-30 09:09:09
1638263349333201000,14.85,4,14.85,27,14.9,13,2,2021-11-30 09:09:09
1638263349694743000,14.9,1,14.85,27,14.9,12,1,2021-11-30 09:09:09
1638263350640894000,14.85,3,14.85,25,14.9,17,2,2021-11-30 09:09:10
1638263350918635000,14.85,1,14.85,25,14.9,17,2,2021-11-30 09:09:10
1638263351148957000,14.9,1,14.85,26,14.9,16,1,2021-11-30 09:09:11
1638263352020187000,14.85,1,14.85,29,14.9,16,2,2021-11-30 09:09:12
1638263352913231000,14.85,7,14.85,25,14.9,17,2,2021-11-30 09:09:12
1638263352960223000,14.85,3,14.85,22,14.9,17,2,2021-11-30 09:09:12
1638263353739108000,14.85,5,14.85,17,14.9,17,2,2021-11-30 09:09:13
1638263354270915000,14.85,1,14.85,26,14.9,18,2,2021-11-30 09:09:14
1638263355597801000,14.9,2,14.85,94,14.9,22,1,2021-11-30 09:09:15
1638263355642742000,14.9,7,14.85,104,14.9,15,1,2021-11-30 09:09:15
1638263355721435000,14.85,44,14.85,66,14.9,25,2,2021-11-30 09:09:15
1638263357558095000,14.85,1,14.85,87,14.9,31,2,2021-11-30 09:09:17
1638263357809031000,14.85,1,14.85,86,14.9,31,2,2021-11-30 09:09:17
1638263358089607000,14.85,5,14.85,82,14.9,33,2,2021-11-30 09:09:18
1638263359158802000,14.85,1,14.85,84,14.9,40,2,2021-11-30 09:09:19
1638263360522959000,14.85,1,14.85,84,14.9,43,2,2021-11-30 09:09:20
1638263361734746000,14.85,1,14.85,100,14.9,127,2,2021-11-30 09:09:21
1638263362045127000,14.85,2,14.85,117,14.9,127,2,2021-11-30 09:09:22
1638263363850934000,14.85,5,14.85,114,14.9,127,2,2021-11-30 09:09:23
1638263365364525000,14.85,4,14.85,110,14.9,129,2,2021-11-30 09:09:25
1638263366265994000,14.85,4,14.85,109,14.9,157,2,2021-11-30 09:09:26
1638263366780483000,14.85,10,14.85,99,14.9,157,2,2021-11-30 09:09:26
1638263367378756000,14.85,1,14.85,99,14.9,157,2,2021-11-30 09:09:27
1638263367704412000,14.85,4,14.85,95,14.9,158,2,2021-11-30 09:09:27
1638263368077436000,14.85,1,14.85,94,14.9,158,2,2021-11-30 09:09:28
1638263368842132000,14.85,4,14.85,92,14.9,158,2,2021-11-30 09:09:28
1638263369476643000,14.85,1,14.85,97,14.9,158,2,2021-11-30 09:09:29
1638263371353634000,14.85,1,14.85,96,14.9,158,2,2021-11-30 09:09:31
1638263371409815000,14.9,10,14.85,96,14.9,148,1,2021-11-30 09:09:31
1638263372867449000,14.85,1,14.85,95,14.9,149,2,2021-11-30 09:09:32
1638263373667578000,14.85,7,14.85,88,14.9,150,2,2021-11-30 09:09:33
1638263373806547000,14.85,1,14.85,87,14.9,150,2,2021-11-30 09:09:33
1638263374013087000,14.85,4,14.85,83,14.9,150,2,2021-11-30 09:09:34
1638263374347470000,14.85,2,14.85,81,14.9,150,2,2021-11-30 09:09:34
1638263374484649000,14.85,5,14.85,76,14.9,150,2,2021-11-30 09:09:34
1638263375081771000,14.85,3,14.85,78,14.9,150,2,2021-11-30 09:09:35
1638263375307710000,14.85,30,14.85,48,14.9,155,2,2021-11-30 09:09:35
1638263375782603000,14.85,30,14.85,21,14.9,162,2,2021-11-30 09:09:35
1638263375919166000,14.85,10,14.85,11,14.9,162,2,2021-11-30 09:09:35
1638263376732646000,14.85,1,14.85,15,14.9,162,2,2021-11-30 09:09:36
1638263376811026000,14.85,5,14.85,10,14.9,162,2,2021-11-30 09:09:36
1638263376925368000,14.85,2,14.85,8,14.9,162,2,2021-11-30 09:09:36
1638263376998417000,14.85,8,14.8,266,14.85,2,2,2021-11-30 09:09:36
1638263378238683000,14.85,5,14.8,267,14.9,117,1,2021-11-30 09:09:38
1638263378238683000,14.9,45,14.8,267,14.9,117,1,2021-11-30 09:09:38
1638263378348646000,14.85,3,14.8,267,14.9,117,2,2021-11-30 09:09:38
1638263378510362000,14.85,1,14.8,272,14.9,117,1,2021-11-30 09:09:38
1638263378657443000,14.8,1,14.8,271,14.85,11,2,2021-11-30 09:09:38
1638263379635273000,14.85,1,14.8,271,14.85,10,1,2021-11-30 09:09:39
1638263379666182000,14.85,10,14.8,266,14.9,119,1,2021-11-30 09:09:39
1638263380501245000,14.8,2,14.8,264,14.85,10,2,2021-11-30 09:09:40
1638263380955146000,14.85,3,14.8,264,14.85,8,1,2021-11-30 09:09:40
1638263381421574000,14.8,5,14.8,259,14.85,8,2,2021-11-30 09:09:41
1638263381460406000,14.85,8,14.8,259,14.9,119,1,2021-11-30 09:09:41
1638263381966778000,14.85,1,14.85,10,14.9,119,2,2021-11-30 09:09:41
1638263382939792000,14.85,1,14.85,20,14.9,129,2,2021-11-30 09:09:42
1638263382996050000,14.85,1,14.85,29,14.9,129,2,2021-11-30 09:09:42
1638263383634363000,14.9,50,14.85,59,14.9,99,1,2021-11-30 09:09:43
1638263383665512000,14.9,82,14.85,59,14.9,17,1,2021-11-30 09:09:43
1638263384320546000,14.9,17,14.85,66,14.95,68,1,2021-11-30 09:09:44
1638263384320546000,14.95,13,14.85,66,14.95,68,1,2021-11-30 09:09:44
1638263384421863000,14.85,10,14.85,56,14.95,68,2,2021-11-30 09:09:44
1638263384493214000,14.95,10,14.85,56,14.95,58,1,2021-11-30 09:09:44
1638263384660390000,14.85,5,14.85,51,14.95,58,2,2021-11-30 09:09:44
1638263385203393000,14.95,1,14.85,67,14.95,57,1,2021-11-30 09:09:45
1638263385671797000,14.9,8,14.85,67,14.9,2,2,2021-11-30 09:09:45
1638263386022457000,14.9,1,14.85,69,14.9,1,1,2021-11-30 09:09:46
1638263386097573000,14.9,1,14.85,76,14.95,28,1,2021-11-30 09:09:46
1638263386097573000,14.95,29,14.85,76,14.95,28,1,2021-11-30 09:09:46
1638263386235088000,14.9,1,14.85,76,14.9,2,2,2021-11-30 09:09:46
1638263386851786000,14.9,2,14.85,76,14.95,25,1,2021-11-30 09:09:46
1638263386851786000,14.95,3,14.85,76,14.95,25,1,2021-11-30 09:09:46
1638263387793226000,14.95,10,14.9,30,14.95,15,1,2021-11-30 09:09:47
1638263388192738000,14.9,1,14.9,34,14.95,15,2,2021-11-30 09:09:48
1638263389182311000,14.95,1,14.9,35,14.95,14,1,2021-11-30 09:09:49
1638263389808423000,14.9,1,14.9,34,14.95,14,2,2021-11-30 09:09:49
1638263390262178000,14.9,16,14.9,23,14.95,14,2,2021-11-30 09:09:50
1638263390297676000,14.9,1,14.9,22,14.95,14,2,2021-11-30 09:09:50
1638263390990801000,14.9,10,14.9,13,14.95,14,2,2021-11-30 09:09:50
1638263391825068000,14.95,1,14.9,38,14.95,18,1,2021-11-30 09:09:51
1638263391849812000,14.95,5,14.9,38,14.95,13,1,2021-11-30 09:09:51
1638263391934674000,14.9,20,14.9,28,14.95,13,2,2021-11-30 09:09:51
1638263391996117000,14.9,1,14.9,27,14.95,13,2,2021-11-30 09:09:51
1638263392738234000,14.95,2,14.9,47,14.95,11,1,2021-11-30 09:09:52
1638263394440969000,14.95,1,14.9,48,14.95,13,1,2021-11-30 09:09:54
1638263395016946000,14.9,5,14.9,143,14.95,13,2,2021-11-30 09:09:55
1638263395068335000,14.9,3,14.9,140,14.95,13,2,2021-11-30 09:09:55
1638263395495851000,14.95,4,14.9,140,14.95,9,1,2021-11-30 09:09:55
1638263395761270000,14.95,5,14.9,140,14.95,4,1,2021-11-30 09:09:55
1638263396163726000,14.95,1,14.9,140,14.95,3,1,2021-11-30 09:09:56
1638263396836213000,14.95,3,14.9,140,15.0,189,1,2021-11-30 09:09:56
1638263396836213000,15.0,7,14.9,140,15.0,189,1,2021-11-30 09:09:56
1638263396913291000,14.95,1,14.95,1,15.0,189,2,2021-11-30 09:09:56
1638263397139948000,15.0,1,14.95,3,15.0,188,1,2021-11-30 09:09:57
1638263397164852000,15.0,1,14.95,3,15.0,187,1,2021-11-30 09:09:57
1638263397255505000,14.95,2,14.95,1,15.0,187,2,2021-11-30 09:09:57
1638263397269635000,15.0,1,14.95,1,15.0,186,1,2021-11-30 09:09:57
1638263398522180000,15.0,1,14.95,11,15.0,176,1,2021-11-30 09:09:58
1638263398795040000,14.95,1,14.95,17,15.0,176,2,2021-11-30 09:09:58
1638263400115203000,15.0,2,14.95,33,15.0,174,1,2021-11-30 09:10:00
1638263400122175000,14.95,5,14.95,28,15.0,174,2,2021-11-30 09:10:00
1638263400744798000,15.0,1,14.95,28,15.0,173,1,2021-11-30 09:10:00
1638263400907092000,15.0,1,14.95,29,15.0,172,1,2021-11-30 09:10:00
1638263401842695000,15.0,50,14.95,35,15.0,122,1,2021-11-30 09:10:01
1638263401886589000,15.0,10,14.95,40,15.0,112,1,2021-11-30 09:10:01
1638263402475096000,14.95,7,14.95,35,15.0,112,2,2021-11-30 09:10:02
1638263402612534000,15.0,100,14.95,35,15.0,12,1,2021-11-30 09:10:02
1638263402655497000,15.0,12,14.95,35,15.05,25,1,2021-11-30 09:10:02
1638263402670588000,15.05,25,14.95,41,15.2,169,1,2021-11-30 09:10:02
1638263402670588000,15.1,24,14.95,41,15.2,169,1,2021-11-30 09:10:02
1638263402670588000,15.15,26,14.95,41,15.2,169,1,2021-11-30 09:10:02
1638263402670588000,15.2,5,14.95,41,15.2,169,1,2021-11-30 09:10:02
1638263402877240000,15.15,6,15.0,80,15.2,165,2,2021-11-30 09:10:02
1638263402877240000,15.2,4,15.0,80,15.2,165,1,2021-11-30 09:10:02
1638263403016880000,15.2,4,15.0,120,15.2,161,1,2021-11-30 09:10:03
1638263403331541000,15.0,2,15.0,148,15.1,3,2,2021-11-30 09:10:03
1638263403801648000,15.0,1,15.0,162,15.1,3,2,2021-11-30 09:10:03
1638263404268168000,15.1,1,15.0,164,15.1,2,1,2021-11-30 09:10:04
1638263405343864000,15.05,2,15.05,1,15.1,2,2,2021-11-30 09:10:05
1638263407608777000,15.05,1,15.05,17,15.1,7,2,2021-11-30 09:10:07
1638263408237043000,15.05,17,15.0,139,15.1,7,2,2021-11-30 09:10:08
1638263408237043000,15.0,17,15.0,139,15.1,7,2,2021-11-30 09:10:08
1638263409925460000,15.1,2,15.05,4,15.1,5,1,2021-11-30 09:10:09
1638263410878406000,15.1,2,15.05,14,15.1,3,1,2021-11-30 09:10:10
1638263410884825000,15.05,3,15.05,11,15.1,3,2,2021-11-30 09:10:10
1638263412319056000,15.05,1,15.05,32,15.1,33,2,2021-11-30 09:10:12
1638263413481922000,15.05,1,15.05,32,15.1,33,2,2021-11-30 09:10:13
1638263416734730000,15.05,1,15.05,34,15.1,33,2,2021-11-30 09:10:16
1638263418202886000,15.05,10,15.05,29,15.1,35,2,2021-11-30 09:10:18
1638263419683032000,15.1,4,15.05,29,15.1,32,1,2021-11-30 09:10:19
1638263424235011000,15.1,1,15.05,47,15.1,36,1,2021-11-30 09:10:24
1638263424517760000,15.05,1,15.05,46,15.1,36,2,2021-11-30 09:10:24
1638263425949227000,15.05,5,15.05,41,15.1,36,2,2021-11-30 09:10:25
1638263426458273000,15.1,2,15.05,41,15.1,34,1,2021-11-30 09:10:26
1638263427829862000,15.1,5,15.05,45,15.1,29,1,2021-11-30 09:10:27
1638263428479191000,15.1,2,15.05,46,15.1,27,1,2021-11-30 09:10:28
1638263429507225000,15.05,1,15.05,45,15.1,29,2,2021-11-30 09:10:29
1638263430275566000,15.05,46,15.0,71,15.1,50,2,2021-11-30 09:10:30
1638263430275566000,15.0,24,15.0,71,15.1,50,2,2021-11-30 09:10:30
1638263430846558000,15.05,5,15.0,76,15.05,26,1,2021-11-30 09:10:30
1638263432546060000,15.05,2,15.0,71,15.05,33,1,2021-11-30 09:10:32
1638263432970213000,15.05,2,15.0,71,15.05,31,1,2021-11-30 09:10:32
1638263435548569000,15.05,2,15.0,72,15.05,40,1,2021-11-30 09:10:35
1638263435894210000,15.05,1,15.0,73,15.05,39,1,2021-11-30 09:10:35
1638263436357785000,15.0,2,15.0,71,15.05,41,2,2021-11-30 09:10:36
1638263437057240000,15.05,4,15.0,53,15.05,37,1,2021-11-30 09:10:37
1638263437129688000,15.05,1,15.0,53,15.05,36,1,2021-11-30 09:10:37
1638263437307794000,15.0,53,14.95,4,15.05,37,2,2021-11-30 09:10:37
1638263437307794000,14.95,47,14.95,4,15.05,37,2,2021-11-30 09:10:37
1638263438755765000,14.95,4,14.9,263,15.0,22,2,2021-11-30 09:10:38
1638263440599888000,14.95,1,14.9,263,14.95,17,1,2021-11-30 09:10:40
1638263441027958000,14.95,1,14.9,263,14.95,16,1,2021-11-30 09:10:41
1638263442733969000,14.95,4,14.9,263,14.95,12,1,2021-11-30 09:10:42
1638263443575413000,14.9,5,14.9,258,14.95,12,2,2021-11-30 09:10:43
1638263444640367000,14.9,2,14.9,251,14.95,18,2,2021-11-30 09:10:44
1638263445071449000,14.95,1,14.9,251,14.95,17,1,2021-11-30 09:10:45
1638263445363763000,14.95,5,14.9,251,14.95,12,1,2021-11-30 09:10:45
1638263446170338000,14.9,3,14.9,148,14.95,12,2,2021-11-30 09:10:46
1638263446292977000,14.95,10,14.9,148,14.95,7,1,2021-11-30 09:10:46
1638263446718959000,14.9,10,14.9,138,14.95,7,2,2021-11-30 09:10:46
1638263447283545000,14.9,5,14.9,134,14.95,8,2,2021-11-30 09:10:47
1638263447749744000,14.9,9,14.9,125,14.95,9,2,2021-11-30 09:10:47
1638263447919624000,14.9,10,14.9,115,14.95,10,2,2021-11-30 09:10:47
1638263448354432000,14.9,2,14.9,113,14.95,12,2,2021-11-30 09:10:48
1638263449431498000,14.95,3,14.9,113,14.95,9,1,2021-11-30 09:10:49
1638263450643758000,14.95,1,14.9,114,14.95,14,1,2021-11-30 09:10:50
1638263450963388000,14.9,1,14.9,113,14.95,15,2,2021-11-30 09:10:50
1638263453019795000,14.9,1,14.9,117,14.95,25,2,2021-11-30 09:10:53
1638263453193090000,14.9,10,14.9,107,14.95,25,2,2021-11-30 09:10:53
1638263453338288000,14.9,10,14.9,97,14.95,25,2,2021-11-30 09:10:53
1638263454059692000,14.9,4,14.9,93,14.95,30,2,2021-11-30 09:10:54
1638263455258386000,14.9,5,14.9,88,14.95,30,2,2021-11-30 09:10:55
1638263455420029000,14.95,6,14.9,88,14.95,26,1,2021-11-30 09:10:55
1638263455641984000,14.9,2,14.9,86,14.95,26,2,2021-11-30 09:10:55
1638263456310333000,14.9,1,14.9,85,14.95,26,2,2021-11-30 09:10:56
1638263456698354000,14.9,10,14.9,75,14.95,26,2,2021-11-30 09:10:56
1638263456700287000,14.9,1,14.9,74,14.95,26,2,2021-11-30 09:10:56
1638263457633280000,14.9,1,14.9,74,14.95,26,2,2021-11-30 09:10:57
1638263457664167000,14.9,5,14.9,69,14.95,26,2,2021-11-30 09:10:57
1638263458759086000,14.9,1,14.9,68,14.95,26,2,2021-11-30 09:10:58
1638263458949600000,14.9,5,14.9,63,14.95,26,2,2021-11-30 09:10:58
1638263459158660000,14.9,1,14.9,62,14.95,26,2,2021-11-30 09:10:59
1638263461704176000,14.9,5,14.9,57,14.95,29,2,2021-11-30 09:11:01
1638263462580382000,14.9,10,14.9,47,14.95,29,2,2021-11-30 09:11:02
1638263463292253000,14.9,1,14.9,46,14.95,28,2,2021-11-30 09:11:03
1638263464238199000,14.9,2,14.9,45,14.95,32,2,2021-11-30 09:11:04
1638263464467320000,14.9,5,14.9,40,14.95,32,2,2021-11-30 09:11:04
1638263464827152000,14.9,3,14.9,37,14.95,32,2,2021-11-30 09:11:04
1638263464880690000,14.9,5,14.9,32,14.95,32,2,2021-11-30 09:11:04
1638263465068118000,14.9,5,14.9,27,14.95,32,2,2021-11-30 09:11:05
1638263465319960000,14.9,1,14.9,26,14.95,32,2,2021-11-30 09:11:05
1638263465521546000,14.9,2,14.9,24,14.95,32,2,2021-11-30 09:11:05
1638263467579176000,14.95,1,14.9,24,14.95,29,1,2021-11-30 09:11:07
1638263467679079000,14.9,5,14.9,19,14.95,29,2,2021-11-30 09:11:07
1638263470493341000,14.9,1,14.9,20,14.95,27,2,2021-11-30 09:11:10
1638263471499035000,14.9,2,14.9,21,14.95,27,2,2021-11-30 09:11:11
1638263474310339000,14.9,6,14.9,20,14.95,22,2,2021-11-30 09:11:14
1638263475012855000,14.9,2,14.9,18,14.95,32,2,2021-11-30 09:11:15
1638263475210925000,14.95,25,14.9,18,14.95,7,1,2021-11-30 09:11:15
1638263475322573000,14.9,18,14.85,100,14.95,7,2,2021-11-30 09:11:15
1638263476444112000,14.9,3,14.85,99,14.95,11,2,2021-11-30 09:11:16
1638263476676708000,14.95,3,14.85,99,14.95,8,1,2021-11-30 09:11:16
1638263477619270000,14.9,1,14.9,5,14.95,8,2,2021-11-30 09:11:17
1638263477868752000,14.9,1,14.9,4,14.95,8,2,2021-11-30 09:11:17
1638263478699413000,14.9,1,14.9,6,14.95,9,2,2021-11-30 09:11:18
1638263479008350000,14.95,5,14.9,6,14.95,4,1,2021-11-30 09:11:19
1638263480009622000,14.9,5,14.9,5,14.95,4,2,2021-11-30 09:11:20
1638263481824095000,14.9,1,14.9,5,14.95,4,2,2021-11-30 09:11:21
1638263482076660000,14.9,1,14.9,5,14.95,6,2,2021-11-30 09:11:22
1638263482117941000,14.95,1,14.9,5,14.95,5,1,2021-11-30 09:11:22
1638263483341470000,14.9,1,14.9,33,14.95,5,2,2021-11-30 09:11:23
1638263484664214000,14.95,1,14.9,38,14.95,4,1,2021-11-30 09:11:24
1638263485035093000,14.95,2,14.95,22,15.0,40,1,2021-11-30 09:11:25
1638263485148074000,15.0,2,14.95,22,15.0,38,1,2021-11-30 09:11:25
1638263485880728000,14.95,15,14.95,7,15.0,38,2,2021-11-30 09:11:25
1638263487453975000,15.0,1,14.95,12,15.0,36,1,2021-11-30 09:11:27
1638263487994795000,14.95,1,14.95,11,15.0,36,2,2021-11-30 09:11:27
1638263488238676000,15.0,1,14.95,12,15.0,35,1,2021-11-30 09:11:28
1638263488458919000,14.95,1,14.95,12,15.0,34,2,2021-11-30 09:11:28
1638263489311968000,14.95,8,14.95,4,15.0,34,2,2021-11-30 09:11:29
1638263491044555000,15.0,1,14.95,4,15.0,34,1,2021-11-30 09:11:31
1638263496307462000,14.95,10,14.95,48,15.0,34,2,2021-11-30 09:11:36
1638263497325182000,15.0,5,14.95,48,15.0,31,1,2021-11-30 09:11:37
1638263498411646000,15.0,5,14.95,55,15.0,26,1,2021-11-30 09:11:38
1638263499448965000,15.0,24,14.95,60,15.0,3,1,2021-11-30 09:11:39
1638263499463259000,15.0,3,14.95,65,15.05,31,1,2021-11-30 09:11:39
1638263501499360000,15.05,3,15.0,61,15.05,23,1,2021-11-30 09:11:41
1638263501832908000,15.05,1,15.0,61,15.05,22,1,2021-11-30 09:11:41
1638263502361968000,15.0,10,15.0,71,15.05,22,2,2021-11-30 09:11:42
1638263503025300000,15.0,1,15.0,78,15.05,22,2,2021-11-30 09:11:43
1638263504271584000,15.05,2,15.0,80,15.05,20,1,2021-11-30 09:11:44
1638263505922842000,15.05,10,15.0,91,15.05,10,1,2021-11-30 09:11:45
1638263506927488000,15.0,3,15.0,88,15.05,10,2,2021-11-30 09:11:46
1638263507526190000,15.05,5,15.0,89,15.05,5,1,2021-11-30 09:11:47
1638263507779814000,15.05,1,15.0,89,15.05,4,1,2021-11-30 09:11:47
1638263508504303000,15.05,1,15.0,89,15.05,3,1,2021-11-30 09:11:48
1638263508526460000,15.05,2,15.0,89,15.05,1,1,2021-11-30 09:11:48
1638263508531423000,15.05,1,15.0,89,15.1,67,1,2021-11-30 09:11:48
1638263510972903000,15.05,6,15.05,6,15.1,61,2,2021-11-30 09:11:50
1638263514807092000,15.1,1,15.05,26,15.1,75,1,2021-11-30 09:11:54
1638263516946631000,15.05,4,15.05,30,15.1,75,2,2021-11-30 09:11:56
1638263520705927000,15.1,50,15.05,46,15.1,25,1,2021-11-30 09:12:00
1638263523223346000,15.1,15,15.1,5,15.15,48,1,2021-11-30 09:12:03
1638263523255270000,15.1,5,15.05,67,15.15,43,2,2021-11-30 09:12:03
1638263523255366000,15.15,5,15.05,67,15.15,43,1,2021-11-30 09:12:03
1638263525313606000,15.1,6,15.05,71,15.1,4,2,2021-11-30 09:12:05
1638263525534218000,15.1,4,15.1,6,15.15,43,1,2021-11-30 09:12:05
1638263525619947000,15.1,1,15.1,13,15.15,43,2,2021-11-30 09:12:05
1638263526420584000,15.15,10,15.1,13,15.15,33,1,2021-11-30 09:12:06
1638263526426745000,15.1,1,15.1,12,15.15,33,2,2021-11-30 09:12:06
1638263526699470000,15.1,1,15.1,11,15.15,43,2,2021-11-30 09:12:06
1638263528141418000,15.1,11,15.05,66,15.1,7,2,2021-11-30 09:12:08
1638263528197144000,15.1,2,15.05,66,15.1,5,1,2021-11-30 09:12:08
1638263528826438000,15.1,1,15.05,66,15.1,9,1,2021-11-30 09:12:08
1638263529521855000,15.1,1,15.05,64,15.1,8,1,2021-11-30 09:12:09
1638263530558958000,15.1,12,15.1,38,15.15,46,1,2021-11-30 09:12:10
1638263530594156000,15.1,12,15.1,26,15.15,46,2,2021-11-30 09:12:10
1638263530628770000,15.1,26,15.05,65,15.15,46,2,2021-11-30 09:12:10
1638263532541241000,15.05,5,15.05,60,15.1,30,2,2021-11-30 09:12:12
1638263532729135000,15.1,1,15.05,59,15.1,29,1,2021-11-30 09:12:12
1638263533308981000,15.1,1,15.05,59,15.1,38,1,2021-11-30 09:12:13
1638263534272693000,15.1,1,15.05,58,15.1,40,1,2021-11-30 09:12:14
1638263538118645000,15.05,1,15.05,58,15.1,30,2,2021-11-30 09:12:18
1638263538160290000,15.05,1,15.05,57,15.1,30,2,2021-11-30 09:12:18
1638263538920875000,15.1,3,15.05,58,15.1,27,1,2021-11-30 09:12:18
1638263538986970000,15.1,5,15.05,58,15.1,22,1,2021-11-30 09:12:18
1638263540111448000,15.1,20,15.05,39,15.1,2,1,2021-11-30 09:12:20
1638263540945449000,15.1,10,15.05,39,15.1,6,1,2021-11-30 09:12:20
1638263541066081000,15.1,1,15.05,39,15.1,3,1,2021-11-30 09:12:21
1638263541577162000,15.1,1,15.05,39,15.1,9,1,2021-11-30 09:12:21
1638263541593818000,15.1,9,15.1,11,15.15,56,1,2021-11-30 09:12:21
1638263541616917000,15.1,11,15.05,39,15.15,56,2,2021-11-30 09:12:21
1638263542065114000,15.1,1,15.05,39,15.15,56,2,2021-11-30 09:12:22
1638263542110828000,15.1,1,15.05,39,15.15,56,2,2021-11-30 09:12:22
1638263543419609000,15.1,1,15.05,40,15.15,56,2,2021-11-30 09:12:23
1638263543459184000,15.1,2,15.05,40,15.15,56,2,2021-11-30 09:12:23
1638263544485912000,15.1,5,15.05,43,15.1,2,1,2021-11-30 09:12:24
1638263544942655000,15.1,2,15.1,3,15.15,57,1,2021-11-30 09:12:24
1638263544978184000,15.1,3,15.05,43,15.15,57,2,2021-11-30 09:12:24
1638263545681635000,15.1,1,15.05,43,15.15,57,1,2021-11-30 09:12:25
1638263546067664000,15.1,5,15.1,5,15.15,57,2,2021-11-30 09:12:26
1638263546100309000,15.1,5,15.05,43,15.15,57,2,2021-11-30 09:12:26
1638263548652400000,15.1,1,15.05,43,15.1,7,1,2021-11-30 09:12:28
1638263549176878000,15.1,7,15.1,13,15.15,57,1,2021-11-30 09:12:29
1638263549209813000,15.1,13,15.05,43,15.15,57,2,2021-11-30 09:12:29
1638263549510564000,15.1,3,15.05,43,15.15,57,2,2021-11-30 09:12:29
1638263550601401000,15.1,2,15.05,43,15.1,5,1,2021-11-30 09:12:30
1638263551396461000,15.1,1,15.05,43,15.1,4,1,2021-11-30 09:12:31
