ts,close,volume,bid_price,bid_volume,ask_price,ask_volume,tick_type,datetime
1661504537079900000,42.95,1211,42.95,23,43.0,6,0,2022-08-26 09:02:17
1661504537120253000,42.95,1,42.95,22,43.0,6,2,2022-08-26 09:02:17
1661504537124511000,42.95,7,42.95,23,43.0,6,2,2022-08-26 09:02:17
1661504537161196000,42.95,3,42.95,12,43.0,6,2,2022-08-26 09:02:17
1661504537190120000,42.95,3,42.95,9,43.0,6,2,2022-08-26 09:02:17
1661504537728390000,42.95,2,42.95,7,43.0,7,2,2022-08-26 09:02:17
1661504538354287000,42.95,4,42.95,3,43.0,7,2,2022-08-26 09:02:18
1661504538357860000,42.95,3,42.9,104,43.0,7,2,2022-08-26 09:02:18
1661504538357860000,42.9,8,42.9,104,43.0,7,2,2022-08-26 09:02:18
1661504538359123000,42.9,93,42.9,11,43.0,7,2,2022-08-26 09:02:18
1661504538377953000,42.9,2,42.9,9,43.0,7,2,2022-08-26 09:02:18
1661504538378365000,42.9,9,42.85,24,43.0,7,2,2022-08-26 09:02:18
1661504538944014000,42.85,5,42.85,19,42.95,17,2,2022-08-26 09:02:18
1661504538976570000,42.85,19,42.8,38,42.95,17,2,2022-08-26 09:02:18
1661504539059945000,42.8,5,42.8,33,42.95,17,2,2022-08-26 09:02:19
1661504539088628000,42.8,33,42.75,30,42.95,17,2,2022-08-26 09:02:19
1661504539132793000,42.75,2,42.75,30,42.95,17,2,2022-08-26 09:02:19
1661504539697506000,42.9,2,42.75,28,42.95,13,1,2022-08-26 09:02:19
1661504539697506000,42.95,4,42.75,28,42.95,13,1,2022-08-26 09:02:19
1661504540817319000,42.95,1,42.75,28,42.95,3,1,2022-08-26 09:02:20
1661504540852528000,42.75,28,42.7,14,42.95,3,2,2022-08-26 09:02:20
1661504541347443000,42.75,2,42.7,2,42.9,5,2,2022-08-26 09:02:21
1661504541347443000,42.7,12,42.7,2,42.9,5,2,2022-08-26 09:02:21
1661504541372967000,42.7,2,42.65,10,42.9,5,2,2022-08-26 09:02:21
1661504542742786000,42.65,1,42.65,6,42.85,11,2,2022-08-26 09:02:22
1661504543033358000,42.85,1,42.65,6,42.85,23,1,2022-08-26 09:02:23
1661504543418640000,42.75,1,42.65,6,42.75,1,2,2022-08-26 09:02:23
1661504543924271000,42.65,1,42.65,6,42.8,15,2,2022-08-26 09:02:23
1661504544184287000,42.75,1,42.65,5,42.75,1,2,2022-08-26 09:02:24
1661504544318642000,42.65,5,42.6,22,42.75,1,2,2022-08-26 09:02:24
1661504544318642000,42.6,15,42.6,22,42.75,1,2,2022-08-26 09:02:24
1661504545217153000,42.65,1,42.6,22,42.75,12,2,2022-08-26 09:02:25
1661504545241727000,42.6,3,42.6,19,42.75,12,2,2022-08-26 09:02:25
1661504546145157000,42.65,1,42.6,19,42.7,1,2,2022-08-26 09:02:26
1661504547123773000,42.7,2,42.6,19,42.7,13,1,2022-08-26 09:02:27
1661504547271391000,42.6,1,42.6,18,42.7,11,2,2022-08-26 09:02:27
1661504547666957000,42.6,16,42.6,2,42.65,2,2,2022-08-26 09:02:27
1661504547703643000,42.6,1,42.6,1,42.65,2,2,2022-08-26 09:02:27
1661504547732338000,42.6,1,42.55,28,42.65,2,2,2022-08-26 09:02:27
1661504549032973000,42.6,1,42.55,28,42.6,12,1,2022-08-26 09:02:29
1661504549187648000,42.55,3,42.55,25,42.6,11,2,2022-08-26 09:02:29
1661504549240047000,42.55,10,42.55,15,42.6,11,2,2022-08-26 09:02:29
1661504549274557000,42.55,15,42.5,44,42.6,11,2,2022-08-26 09:02:29
1661504549329130000,42.5,1,42.5,43,42.55,1,2,2022-08-26 09:02:29
1661504549371105000,42.5,1,42.5,42,42.55,1,2,2022-08-26 09:02:29
1661504549764100000,42.55,1,42.5,42,42.55,20,1,2022-08-26 09:02:29
1661504549841231000,42.55,1,42.5,42,42.55,19,1,2022-08-26 09:02:29
1661504549960327000,42.5,3,42.5,39,42.55,19,2,2022-08-26 09:02:29
1661504549975409000,42.55,1,42.5,39,42.55,18,1,2022-08-26 09:02:29
1661504549992634000,42.5,2,42.5,37,42.55,18,2,2022-08-26 09:02:29
1661504549992873000,42.5,1,42.5,36,42.55,18,2,2022-08-26 09:02:29
1661504549993187000,42.5,2,42.5,34,42.55,18,2,2022-08-26 09:02:29
1661504549993377000,42.5,1,42.5,33,42.55,18,2,2022-08-26 09:02:29
1661504549993654000,42.5,1,42.5,32,42.55,18,2,2022-08-26 09:02:29
1661504550046662000,42.5,5,42.5,27,42.55,18,2,2022-08-26 09:02:30
1661504550048843000,42.5,1,42.5,26,42.55,18,2,2022-08-26 09:02:30
1661504550101963000,42.5,1,42.5,25,42.55,18,2,2022-08-26 09:02:30
1661504550294068000,42.55,3,42.5,25,42.55,15,1,2022-08-26 09:02:30
1661504550298363000,42.55,1,42.5,25,42.55,14,1,2022-08-26 09:02:30
1661504550738340000,42.5,23,42.5,2,42.55,14,2,2022-08-26 09:02:30
1661504550769385000,42.55,1,42.5,2,42.55,13,1,2022-08-26 09:02:30
1661504550774560000,42.5,2,42.45,16,42.55,13,2,2022-08-26 09:02:30
1661504550774560000,42.45,11,42.45,16,42.55,13,2,2022-08-26 09:02:30
1661504551385602000,42.5,3,42.45,16,42.5,1,1,2022-08-26 09:02:31
1661504551507127000,42.45,10,42.45,6,42.5,1,2,2022-08-26 09:02:31
1661504551547183000,42.45,6,42.4,29,42.5,1,2,2022-08-26 09:02:31
1661504552194377000,42.4,1,42.4,33,42.45,21,2,2022-08-26 09:02:32
1661504552248032000,42.4,4,42.4,29,42.45,21,2,2022-08-26 09:02:32
1661504552273393000,42.4,2,42.4,27,42.45,21,2,2022-08-26 09:02:32
1661504552307045000,42.4,2,42.4,25,42.45,21,2,2022-08-26 09:02:32
1661504553053162000,42.4,6,42.4,19,42.45,22,2,2022-08-26 09:02:33
1661504553065418000,42.4,6,42.4,13,42.45,22,2,2022-08-26 09:02:33
1661504553084052000,42.4,13,42.35,3,42.45,22,2,2022-08-26 09:02:33
1661504553736813000,42.45,1,42.35,3,42.45,21,1,2022-08-26 09:02:33
1661504553815903000,42.35,2,42.35,1,42.45,21,2,2022-08-26 09:02:33
1661504553961394000,42.35,1,42.3,29,42.4,1,2,2022-08-26 09:02:33
1661504553961394000,42.3,14,42.3,29,42.4,1,2,2022-08-26 09:02:33
1661504553970235000,42.3,1,42.3,28,42.4,1,2,2022-08-26 09:02:33
1661504554020587000,42.3,1,42.3,27,42.4,1,2,2022-08-26 09:02:34
1661504554113381000,42.35,1,42.3,27,42.35,1,1,2022-08-26 09:02:34
1661504554235185000,42.3,1,42.3,26,42.4,1,2,2022-08-26 09:02:34
1661504554590744000,42.3,2,42.3,24,42.35,10,2,2022-08-26 09:02:34
1661504554594901000,42.35,1,42.3,24,42.35,9,1,2022-08-26 09:02:34
1661504554625127000,42.35,9,42.3,26,42.35,10,1,2022-08-26 09:02:34
1661504554817487000,42.3,3,42.3,21,42.4,1,2,2022-08-26 09:02:34
1661504554847855000,42.4,1,42.3,21,42.45,21,1,2022-08-26 09:02:34
1661504554896095000,42.3,2,42.3,21,42.45,20,2,2022-08-26 09:02:34
1661504555514050000,42.3,1,42.3,19,42.45,20,2,2022-08-26 09:02:35
1661504556021407000,42.4,1,42.3,13,42.45,21,2,2022-08-26 09:02:36
1661504556021407000,42.35,4,42.3,13,42.45,21,2,2022-08-26 09:02:36
1661504556021407000,42.3,5,42.3,13,42.45,21,2,2022-08-26 09:02:36
1661504556345030000,42.3,5,42.3,8,42.4,11,2,2022-08-26 09:02:36
1661504556365568000,42.3,8,42.25,2,42.4,11,2,2022-08-26 09:02:36
1661504557190409000,42.35,1,42.3,1,42.4,11,1,2022-08-26 09:02:37
1661504557453370000,42.4,1,42.3,1,42.4,10,1,2022-08-26 09:02:37
1661504557463307000,42.4,10,42.3,1,42.35,1,1,2022-08-26 09:02:37
1661504557950174000,42.45,1,42.3,1,42.45,20,1,2022-08-26 09:02:37
1661504558212671000,42.3,1,42.3,3,42.45,20,2,2022-08-26 09:02:38
1661504558467297000,42.3,1,42.3,2,42.45,21,2,2022-08-26 09:02:38
1661504558567262000,42.45,7,42.3,1,42.45,14,1,2022-08-26 09:02:38
1661504559331292000,42.4,10,42.3,3,42.4,10,1,2022-08-26 09:02:39
1661504559765123000,42.3,1,42.3,7,42.45,14,2,2022-08-26 09:02:39
1661504559902037000,42.35,1,42.3,8,42.35,11,2,2022-08-26 09:02:39
1661504559912553000,42.35,1,42.3,8,42.35,10,1,2022-08-26 09:02:39
1661504559935410000,42.35,10,42.3,8,42.45,14,1,2022-08-26 09:02:39
1661504559958064000,42.3,7,42.3,1,42.45,14,2,2022-08-26 09:02:39
1661504559963999000,42.3,1,42.25,10,42.3,9,2,2022-08-26 09:02:39
1661504559988506000,42.3,9,42.25,10,42.45,14,1,2022-08-26 09:02:39
1661504560069289000,42.45,3,42.35,1,42.45,14,1,2022-08-26 09:02:40
1661504560244993000,42.45,5,42.25,10,42.45,6,1,2022-08-26 09:02:40
1661504561269044000,42.45,1,42.3,7,42.45,6,1,2022-08-26 09:02:41
1661504561298441000,42.45,6,42.3,7,42.45,23,1,2022-08-26 09:02:41
1661504561326235000,42.3,1,42.3,6,42.45,23,2,2022-08-26 09:02:41
1661504562635137000,42.35,1,42.3,12,42.45,20,1,2022-08-26 09:02:42
1661504562635137000,42.45,9,42.3,12,42.45,20,1,2022-08-26 09:02:42
1661504562729191000,42.35,1,42.3,12,42.45,20,2,2022-08-26 09:02:42
1661504563083648000,42.45,10,42.35,1,42.45,10,1,2022-08-26 09:02:43
1661504563113161000,42.45,10,42.35,1,42.45,10,1,2022-08-26 09:02:43
1661504563257694000,42.35,1,42.3,4,42.5,28,2,2022-08-26 09:02:43
1661504563257694000,42.3,9,42.3,4,42.5,28,2,2022-08-26 09:02:43
1661504563318246000,42.4,1,42.4,4,42.5,28,2,2022-08-26 09:02:43
1661504563442738000,42.45,1,42.4,4,42.45,1,1,2022-08-26 09:02:43
1661504563684119000,42.4,1,42.4,3,42.5,28,2,2022-08-26 09:02:43
1661504564322851000,42.4,3,42.3,7,42.5,28,2,2022-08-26 09:02:44
1661504564322851000,42.35,5,42.3,7,42.5,28,2,2022-08-26 09:02:44
1661504564322851000,42.3,2,42.3,7,42.5,28,2,2022-08-26 09:02:44
1661504564513072000,42.35,1,42.3,4,42.5,28,2,2022-08-26 09:02:44
1661504564513072000,42.3,4,42.3,4,42.5,28,2,2022-08-26 09:02:44
1661504565129119000,42.35,1,42.3,5,42.5,29,2,2022-08-26 09:02:45
1661504565544484000,42.35,4,42.3,4,42.5,29,2,2022-08-26 09:02:45
1661504565544484000,42.3,1,42.3,4,42.5,29,2,2022-08-26 09:02:45
1661504565737393000,42.35,2,42.3,4,42.5,29,1,2022-08-26 09:02:45
1661504566369346000,42.3,1,42.3,3,42.4,10,2,2022-08-26 09:02:46
1661504567186833000,42.35,1,42.35,1,42.4,11,2,2022-08-26 09:02:47
1661504567343187000,42.35,1,42.35,1,42.4,11,2,2022-08-26 09:02:47
1661504568045702000,42.4,2,42.35,2,42.4,9,1,2022-08-26 09:02:48
1661504568310375000,42.35,1,42.35,6,42.4,8,2,2022-08-26 09:02:48
1661504568334238000,42.4,8,42.35,7,42.45,10,1,2022-08-26 09:02:48
1661504568912826000,42.45,1,42.35,7,42.45,10,1,2022-08-26 09:02:48
1661504569651225000,42.4,1,42.4,1,42.45,10,2,2022-08-26 09:02:49
1661504569662707000,42.45,10,42.4,1,42.5,20,1,2022-08-26 09:02:49
1661504569662707000,42.5,10,42.4,1,42.5,20,1,2022-08-26 09:02:49
1661504570067256000,42.5,1,42.4,1,42.5,19,1,2022-08-26 09:02:50
1661504570843887000,42.5,18,42.4,17,42.55,18,1,2022-08-26 09:02:50
1661504572335340000,42.5,1,42.45,7,42.55,18,2,2022-08-26 09:02:52
1661504572480353000,42.5,1,42.45,7,42.55,18,1,2022-08-26 09:02:52
1661504573010167000,42.45,7,42.4,13,42.55,18,2,2022-08-26 09:02:53
1661504573010167000,42.4,3,42.4,13,42.55,18,2,2022-08-26 09:02:53
1661504574246914000,42.45,1,42.4,16,42.5,1,1,2022-08-26 09:02:54
1661504574618053000,42.5,1,42.4,16,42.5,1,1,2022-08-26 09:02:54
1661504575379546000,42.55,1,42.4,16,42.55,17,1,2022-08-26 09:02:55
1661504575400102000,42.4,2,42.4,16,42.55,18,2,2022-08-26 09:02:55
1661504576248720000,42.45,1,42.25,18,42.5,1,2,2022-08-26 09:02:56
1661504576248720000,42.4,15,42.25,18,42.5,1,2,2022-08-26 09:02:56
1661504576248720000,42.35,26,42.25,18,42.5,1,2,2022-08-26 09:02:56
1661504576248720000,42.3,51,42.25,18,42.5,1,2,2022-08-26 09:02:56
1661504576248720000,42.25,7,42.25,18,42.5,1,2,2022-08-26 09:02:56
1661504576317415000,42.45,3,42.4,6,42.55,14,1,2022-08-26 09:02:56
1661504576317415000,42.5,14,42.4,6,42.55,14,1,2022-08-26 09:02:56
1661504576317415000,42.55,3,42.4,6,42.55,14,1,2022-08-26 09:02:56
1661504576341086000,42.45,2,42.4,6,42.45,1,1,2022-08-26 09:02:56
1661504576522600000,42.45,1,42.4,7,42.55,14,1,2022-08-26 09:02:56
1661504577210729000,42.5,2,42.45,3,42.5,8,2,2022-08-26 09:02:57
1661504577307661000,42.5,1,42.45,3,42.5,7,1,2022-08-26 09:02:57
1661504577434359000,42.5,6,42.45,4,42.5,2,1,2022-08-26 09:02:57
1661504577608069000,42.45,3,42.45,4,42.5,8,2,2022-08-26 09:02:57
1661504577695644000,42.4,2,42.4,5,42.5,2,2,2022-08-26 09:02:57
1661504577704192000,42.5,2,42.4,5,42.55,6,1,2022-08-26 09:02:57
1661504577704192000,42.55,8,42.4,5,42.55,6,1,2022-08-26 09:02:57
1661504577793767000,42.55,6,42.4,6,42.6,9,1,2022-08-26 09:02:57
1661504577793767000,42.6,4,42.4,6,42.6,9,1,2022-08-26 09:02:57
1661504578948890000,42.5,1,42.45,12,42.5,1,1,2022-08-26 09:02:58
1661504579794786000,42.55,2,42.45,15,42.55,3,1,2022-08-26 09:02:59
1661504581032839000,42.55,10,42.5,11,42.6,10,1,2022-08-26 09:03:01
1661504581470329000,42.55,4,42.5,9,42.6,10,2,2022-08-26 09:03:01
1661504581470329000,42.5,4,42.5,9,42.6,10,2,2022-08-26 09:03:01
1661504581551025000,42.5,1,42.5,8,42.6,10,2,2022-08-26 09:03:01
1661504581601805000,42.5,2,42.55,4,42.6,10,2,2022-08-26 09:03:01
1661504582002687000,42.6,1,42.5,7,42.6,9,1,2022-08-26 09:03:02
1661504583480467000,42.6,5,42.55,11,42.6,4,1,2022-08-26 09:03:03
1661504583504162000,42.6,4,42.55,11,42.65,9,1,2022-08-26 09:03:03
1661504583801853000,42.65,2,42.55,15,42.65,7,1,2022-08-26 09:03:03
1661504584015451000,42.55,11,42.55,4,42.65,7,2,2022-08-26 09:03:04
1661504584357548000,42.55,1,42.55,4,42.65,9,2,2022-08-26 09:03:04
1661504584500397000,42.6,5,42.6,15,42.65,9,2,2022-08-26 09:03:04
1661504584918921000,42.6,4,42.6,11,42.65,9,2,2022-08-26 09:03:04
1661504585053442000,42.65,1,42.6,11,42.65,8,1,2022-08-26 09:03:05
1661504586646243000,42.6,10,42.6,9,42.65,11,2,2022-08-26 09:03:06
1661504586659956000,42.65,1,42.6,9,42.65,10,1,2022-08-26 09:03:06
1661504586822048000,42.6,2,42.6,7,42.65,10,2,2022-08-26 09:03:06
1661504586901379000,42.65,1,42.6,7,42.65,9,1,2022-08-26 09:03:06
1661504587409976000,42.6,1,42.6,8,42.65,12,2,2022-08-26 09:03:07
1661504587770322000,42.65,5,42.6,9,42.65,12,1,2022-08-26 09:03:07
1661504588410378000,42.65,7,42.6,10,42.7,10,1,2022-08-26 09:03:08
1661504588410378000,42.7,5,42.6,10,42.7,10,1,2022-08-26 09:03:08
1661504588705863000,42.65,1,42.65,3,42.7,10,2,2022-08-26 09:03:08
1661504588840344000,42.65,3,42.6,11,42.65,1,2,2022-08-26 09:03:08
1661504588864244000,42.65,1,42.6,11,42.7,10,1,2022-08-26 09:03:08
1661504589042742000,42.65,1,42.6,11,42.7,10,1,2022-08-26 09:03:09
1661504589780962000,42.7,1,42.65,5,42.7,9,1,2022-08-26 09:03:09
1661504589808127000,42.7,3,42.65,7,42.7,6,1,2022-08-26 09:03:09
1661504589888553000,42.7,6,42.65,8,42.75,12,1,2022-08-26 09:03:09
1661504590766356000,42.75,1,42.65,10,42.75,11,1,2022-08-26 09:03:10
1661504590804444000,42.75,11,42.65,10,42.8,5,1,2022-08-26 09:03:10
1661504591484794000,42.8,1,42.7,2,42.8,5,1,2022-08-26 09:03:11
1661504591516934000,42.8,1,42.7,2,42.8,6,1,2022-08-26 09:03:11
1661504591652025000,42.8,4,42.7,2,42.85,9,1,2022-08-26 09:03:11
1661504591688765000,42.7,1,42.7,1,42.85,9,2,2022-08-26 09:03:11
1661504592046153000,42.75,1,42.7,1,42.75,3,1,2022-08-26 09:03:12
1661504592077635000,42.75,3,42.7,1,42.75,4,1,2022-08-26 09:03:12
1661504592204106000,42.85,9,42.85,41,42.9,10,1,2022-08-26 09:03:12
1661504592274471000,42.85,38,42.85,3,42.9,10,2,2022-08-26 09:03:12
1661504592313014000,42.85,3,42.7,5,42.9,10,2,2022-08-26 09:03:12
1661504594853299000,42.85,1,42.75,5,42.85,5,1,2022-08-26 09:03:14
1661504595090992000,42.85,5,42.75,6,42.85,5,1,2022-08-26 09:03:15
1661504595135533000,42.75,4,42.75,2,42.9,10,2,2022-08-26 09:03:15
1661504595502719000,42.75,2,42.75,6,42.8,1,2,2022-08-26 09:03:15
1661504595620229000,42.8,1,42.75,4,42.85,1,1,2022-08-26 09:03:15
1661504595620229000,42.85,1,42.75,4,42.85,1,1,2022-08-26 09:03:15
1661504595708669000,42.85,1,42.75,4,42.9,10,1,2022-08-26 09:03:15
1661504595798670000,42.9,1,42.75,4,42.9,9,1,2022-08-26 09:03:15
1661504595934062000,42.9,2,42.75,4,42.9,9,1,2022-08-26 09:03:15
1661504596155736000,42.75,1,42.75,3,42.9,7,2,2022-08-26 09:03:16
1661504596364076000,42.85,2,42.9,21,42.95,9,1,2022-08-26 09:03:16
1661504596364076000,42.9,7,42.9,21,42.95,9,1,2022-08-26 09:03:16
1661504596384735000,42.95,1,42.9,21,42.95,8,1,2022-08-26 09:03:16
1661504596386563000,42.9,21,42.75,3,42.95,8,2,2022-08-26 09:03:16
1661504597075525000,42.85,1,42.8,1,42.85,5,1,2022-08-26 09:03:17
1661504597129775000,42.85,1,42.8,1,42.85,3,1,2022-08-26 09:03:17
1661504597437397000,42.85,3,42.85,7,42.9,2,1,2022-08-26 09:03:17
1661504597443646000,42.9,1,42.85,7,42.9,1,1,2022-08-26 09:03:17
1661504597459374000,42.9,1,42.85,7,42.95,8,1,2022-08-26 09:03:17
1661504597597812000,42.95,2,42.85,11,42.95,6,1,2022-08-26 09:03:17
1661504597966112000,42.9,2,42.85,11,42.95,5,1,2022-08-26 09:03:17
1661504597966112000,42.95,3,42.85,11,42.95,5,1,2022-08-26 09:03:17
1661504598539170000,42.9,1,42.85,12,42.9,2,1,2022-08-26 09:03:18
1661504599066627000,42.9,2,42.85,12,42.9,2,1,2022-08-26 09:03:19
1661504599202012000,42.85,3,42.85,9,42.95,6,2,2022-08-26 09:03:19
1661504599231374000,42.85,9,42.8,4,42.95,6,2,2022-08-26 09:03:19
1661504599311421000,42.95,2,42.8,6,42.95,4,1,2022-08-26 09:03:19
1661504599546748000,42.9,2,42.9,3,42.95,4,1,2022-08-26 09:03:19
1661504599569770000,42.9,3,42.8,6,42.9,2,2,2022-08-26 09:03:19
1661504599663023000,42.9,1,42.85,1,42.95,4,2,2022-08-26 09:03:19
1661504599715349000,42.9,3,42.85,1,42.95,4,2,2022-08-26 09:03:19
1661504599749817000,42.95,4,42.95,96,43.0,29,1,2022-08-26 09:03:19
1661504599776585000,42.95,53,42.95,43,43.0,29,2,2022-08-26 09:03:19
1661504599807535000,42.95,6,42.95,37,43.0,29,2,2022-08-26 09:03:19
1661504599807538000,42.95,32,42.95,5,43.0,29,2,2022-08-26 09:03:19
1661504599837780000,42.95,3,42.95,2,43.0,29,2,2022-08-26 09:03:19
1661504600022896000,42.95,2,42.85,1,43.0,29,2,2022-08-26 09:03:20
1661504600166775000,42.9,3,42.85,1,43.0,27,1,2022-08-26 09:03:20
1661504600166775000,43.0,2,42.85,1,43.0,27,1,2022-08-26 09:03:20
1661504600234217000,42.9,2,42.85,1,43.0,27,1,2022-08-26 09:03:20
1661504601210479000,42.9,4,42.85,12,43.0,44,1,2022-08-26 09:03:21
1661504601210479000,42.95,2,42.85,12,43.0,44,1,2022-08-26 09:03:21
1661504601210479000,43.0,4,42.85,12,43.0,44,1,2022-08-26 09:03:21
1661504601469607000,42.95,1,42.9,1,42.95,1,1,2022-08-26 09:03:21
1661504601487390000,42.95,1,42.95,3,43.0,44,1,2022-08-26 09:03:21
1661504601537012000,43.0,1,42.95,3,43.0,43,1,2022-08-26 09:03:21
1661504601604477000,43.0,20,42.95,3,43.0,23,1,2022-08-26 09:03:21
1661504601799054000,43.0,1,42.95,3,43.0,22,1,2022-08-26 09:03:21
1661504601846034000,42.95,2,42.95,1,43.0,22,2,2022-08-26 09:03:21
1661504602362457000,43.0,1,42.95,1,43.0,23,1,2022-08-26 09:03:22
1661504602566649000,43.0,1,42.95,1,43.0,22,1,2022-08-26 09:03:22
1661504602590417000,42.95,1,42.95,1,43.0,23,2,2022-08-26 09:03:22
1661504602657652000,42.95,1,42.9,6,43.0,22,1,2022-08-26 09:03:22
1661504603561562000,42.95,2,42.95,4,43.0,22,2,2022-08-26 09:03:23
1661504603564341000,43.0,1,42.95,4,43.0,21,1,2022-08-26 09:03:23
1661504603739580000,42.95,2,42.95,2,43.0,21,2,2022-08-26 09:03:23
1661504603945053000,42.95,2,42.9,7,43.0,22,2,2022-08-26 09:03:23
1661504603959184000,43.0,2,42.9,7,43.0,20,1,2022-08-26 09:03:23
1661504603980414000,43.0,1,42.95,1,43.0,20,1,2022-08-26 09:03:23
1661504604227522000,42.95,1,42.9,7,42.95,1,2,2022-08-26 09:03:24
1661504604241674000,42.95,1,42.9,7,43.0,39,1,2022-08-26 09:03:24
1661504604270102000,42.9,7,42.85,19,42.9,3,2,2022-08-26 09:03:24
1661504604301577000,42.85,1,42.85,18,42.9,3,2,2022-08-26 09:03:24
1661504604591472000,42.9,3,42.85,19,42.9,3,1,2022-08-26 09:03:24
1661504604707684000,42.95,1,42.85,19,42.95,1,1,2022-08-26 09:03:24
1661504605070000000,42.95,1,42.9,1,43.0,40,1,2022-08-26 09:03:25
1661504605237962000,42.95,3,42.95,1,43.0,40,2,2022-08-26 09:03:25
1661504605272746000,42.95,1,42.9,1,43.0,40,2,2022-08-26 09:03:25
1661504605425328000,42.95,1,42.9,1,43.0,36,1,2022-08-26 09:03:25
1661504605425328000,43.0,4,42.9,1,43.0,36,1,2022-08-26 09:03:25
1661504605429620000,42.9,1,42.9,1,42.95,1,2,2022-08-26 09:03:25
1661504605691351000,43.0,1,42.85,20,43.0,35,1,2022-08-26 09:03:25
1661504605748374000,42.95,1,42.85,20,43.0,35,1,2022-08-26 09:03:25
1661504605825416000,42.95,1,42.85,20,42.95,1,1,2022-08-26 09:03:25
1661504605998932000,42.95,1,42.85,22,43.0,35,1,2022-08-26 09:03:25
1661504606034299000,43.0,31,42.85,22,43.0,4,1,2022-08-26 09:03:26
1661504606075519000,43.0,4,42.85,22,42.95,1,1,2022-08-26 09:03:26
1661504606516894000,42.95,1,42.9,10,42.95,1,1,2022-08-26 09:03:26
1661504606774525000,42.95,1,42.9,10,42.95,1,1,2022-08-26 09:03:26
1661504606808899000,42.95,1,42.9,10,43.05,312,1,2022-08-26 09:03:26
1661504607132624000,43.0,3,43.0,7,43.05,312,2,2022-08-26 09:03:27
1661504607146280000,43.05,1,43.0,7,43.05,311,1,2022-08-26 09:03:27
1661504607163207000,43.05,7,43.0,7,43.05,304,1,2022-08-26 09:03:27
1661504607401792000,43.0,7,42.95,7,43.05,304,2,2022-08-26 09:03:27
1661504607401792000,42.95,13,42.95,7,43.05,304,2,2022-08-26 09:03:27
1661504607623705000,43.0,1,42.95,9,43.0,1,1,2022-08-26 09:03:27
1661504608045897000,43.0,1,42.95,11,43.0,8,1,2022-08-26 09:03:28
1661504608131438000,43.0,1,42.95,11,43.0,6,1,2022-08-26 09:03:28
1661504608180296000,42.95,6,42.95,6,43.0,6,2,2022-08-26 09:03:28
1661504608213899000,42.95,6,42.9,16,43.0,6,2,2022-08-26 09:03:28
1661504608399646000,42.95,1,42.9,38,43.0,6,1,2022-08-26 09:03:28
1661504608405573000,43.0,1,42.95,3,43.0,5,1,2022-08-26 09:03:28
1661504609245365000,43.0,1,42.95,15,43.0,74,1,2022-08-26 09:03:29
1661504609247006000,43.0,2,42.95,15,43.0,72,1,2022-08-26 09:03:29
1661504609428230000,42.95,10,42.95,5,43.0,76,2,2022-08-26 09:03:29
1661504609436236000,43.0,2,42.95,5,43.0,74,1,2022-08-26 09:03:29
1661504609457836000,42.95,5,42.9,41,43.0,74,2,2022-08-26 09:03:29
1661504609464860000,42.95,1,42.9,41,43.0,73,1,2022-08-26 09:03:29
1661504609464860000,43.0,1,42.9,41,43.0,73,1,2022-08-26 09:03:29
1661504609488148000,42.95,1,42.95,1,43.0,73,1,2022-08-26 09:03:29
1661504610082270000,42.95,5,42.95,9,43.0,81,2,2022-08-26 09:03:30
1661504610135485000,42.95,3,42.95,2,43.0,81,2,2022-08-26 09:03:30
1661504610171262000,42.95,2,42.9,44,43.0,81,2,2022-08-26 09:03:30
1661504610370281000,42.95,1,42.9,44,43.0,81,2,2022-08-26 09:03:30
1661504610518716000,43.0,1,42.9,45,43.0,80,1,2022-08-26 09:03:30
1661504610843239000,42.95,2,42.9,44,42.95,1,1,2022-08-26 09:03:30
1661504610886082000,42.95,1,42.9,44,43.0,85,1,2022-08-26 09:03:30
1661504610923399000,43.0,1,42.9,44,43.0,84,1,2022-08-26 09:03:30
1661504610959352000,42.95,2,42.9,44,43.0,84,2,2022-08-26 09:03:30
1661504611048573000,42.95,3,42.9,44,42.95,17,1,2022-08-26 09:03:31
1661504611123476000,42.95,1,42.9,44,42.95,20,1,2022-08-26 09:03:31
1661504611132677000,42.95,1,42.9,44,42.95,15,1,2022-08-26 09:03:31
1661504611139074000,42.9,1,42.9,43,42.95,15,2,2022-08-26 09:03:31
1661504611547312000,42.95,2,42.9,45,42.95,18,1,2022-08-26 09:03:31
1661504611555576000,42.95,10,42.9,45,42.95,8,1,2022-08-26 09:03:31
1661504611596102000,42.9,1,42.9,44,42.95,8,2,2022-08-26 09:03:31
1661504611605833000,42.9,1,42.9,45,42.95,20,2,2022-08-26 09:03:31
1661504612006440000,42.95,3,42.9,44,42.95,8,1,2022-08-26 09:03:32
1661504612062973000,42.9,1,42.9,43,42.95,8,2,2022-08-26 09:03:32
1661504612136956000,42.95,1,42.9,43,42.95,10,1,2022-08-26 09:03:32
1661504612230535000,42.95,1,42.9,43,42.95,9,1,2022-08-26 09:03:32
1661504612338266000,42.95,1,42.9,43,42.95,8,1,2022-08-26 09:03:32
1661504612484717000,42.95,1,42.9,43,42.95,10,1,2022-08-26 09:03:32
1661504612616117000,42.95,1,42.9,43,42.95,8,1,2022-08-26 09:03:32
1661504612738266000,42.9,12,42.9,31,42.95,31,2,2022-08-26 09:03:32
1661504612769302000,42.9,4,42.9,27,42.95,31,2,2022-08-26 09:03:32
1661504612794000000,42.9,1,42.9,26,42.95,31,2,2022-08-26 09:03:32
1661504612861281000,42.95,1,42.9,26,42.95,31,1,2022-08-26 09:03:32
1661504612965489000,42.95,1,42.9,26,42.95,30,1,2022-08-26 09:03:32
1661504613074622000,42.95,1,42.9,26,42.95,31,1,2022-08-26 09:03:33
1661504613640094000,42.9,10,42.9,17,42.95,31,2,2022-08-26 09:03:33
1661504613649526000,42.95,3,42.9,17,42.95,28,1,2022-08-26 09:03:33
1661504613669701000,42.9,17,42.85,30,42.95,28,2,2022-08-26 09:03:33
1661504613761229000,42.9,1,42.85,30,42.95,33,1,2022-08-26 09:03:33
1661504614034858000,42.95,10,42.85,30,42.9,1,1,2022-08-26 09:03:34
1661504614375457000,42.9,1,42.85,30,42.9,1,1,2022-08-26 09:03:34
1661504614388910000,42.85,1,42.85,29,42.9,1,2,2022-08-26 09:03:34
1661504614498081000,42.9,1,42.85,30,42.9,1,1,2022-08-26 09:03:34
1661504614898389000,42.9,1,42.85,29,42.9,5,1,2022-08-26 09:03:34
1661504615112489000,42.9,1,42.85,29,42.9,3,1,2022-08-26 09:03:35
1661504615115327000,42.9,3,42.85,29,42.95,26,1,2022-08-26 09:03:35
1661504615115327000,42.95,2,42.85,29,42.95,26,1,2022-08-26 09:03:35
1661504615511800000,42.9,1,42.85,29,42.95,26,1,2022-08-26 09:03:35
1661504615511800000,42.95,1,42.85,29,42.95,26,1,2022-08-26 09:03:35
1661504615761452000,42.9,1,42.85,29,42.95,26,1,2022-08-26 09:03:35
1661504615824872000,42.95,1,42.85,29,42.95,25,1,2022-08-26 09:03:35
1661504615914664000,42.95,1,42.85,29,42.95,24,1,2022-08-26 09:03:35
1661504616288076000,42.9,1,42.9,2,42.95,24,2,2022-08-26 09:03:36
1661504616422051000,42.9,2,42.85,29,42.9,38,2,2022-08-26 09:03:36
1661504616665029000,42.85,2,42.85,27,42.9,39,2,2022-08-26 09:03:36
1661504616806048000,42.9,2,42.85,27,42.9,37,1,2022-08-26 09:03:36
1661504616841594000,42.9,2,42.85,27,42.9,35,1,2022-08-26 09:03:36
1661504616860583000,42.9,1,42.85,27,42.9,34,1,2022-08-26 09:03:36
1661504617075476000,42.85,1,42.85,27,42.9,39,2,2022-08-26 09:03:37
1661504617167550000,42.9,1,42.85,26,42.9,33,1,2022-08-26 09:03:37
1661504617327500000,42.9,1,42.85,26,42.9,37,1,2022-08-26 09:03:37
1661504617430799000,42.9,1,42.85,26,42.9,36,1,2022-08-26 09:03:37
1661504617553263000,42.9,1,42.85,36,42.9,36,1,2022-08-26 09:03:37
1661504617617209000,42.9,1,42.85,36,42.9,34,1,2022-08-26 09:03:37
1661504617668377000,42.9,2,42.85,36,42.9,32,1,2022-08-26 09:03:37
1661504617776498000,42.9,1,42.85,36,42.9,31,1,2022-08-26 09:03:37
1661504617820295000,42.9,1,42.85,36,42.9,32,1,2022-08-26 09:03:37
1661504617893542000,42.85,2,42.85,34,42.9,37,2,2022-08-26 09:03:37
1661504617911427000,42.85,3,42.85,31,42.9,37,2,2022-08-26 09:03:37
1661504618199198000,42.9,2,42.85,31,42.9,35,1,2022-08-26 09:03:38
1661504618610048000,42.9,1,42.85,31,42.9,36,1,2022-08-26 09:03:38
1661504618791284000,42.85,1,42.85,30,42.9,35,2,2022-08-26 09:03:38
1661504618914495000,42.9,5,42.85,31,42.9,35,1,2022-08-26 09:03:38
1661504619415309000,42.85,5,42.85,25,42.9,35,2,2022-08-26 09:03:39
1661504619430677000,42.9,1,42.85,25,42.9,34,1,2022-08-26 09:03:39
1661504619439181000,42.85,5,42.85,20,42.9,34,2,2022-08-26 09:03:39
1661504619444143000,42.9,10,42.85,20,42.9,24,1,2022-08-26 09:03:39
1661504619562396000,42.85,20,42.8,18,42.85,10,2,2022-08-26 09:03:39
1661504619620782000,42.8,1,42.8,17,42.85,10,2,2022-08-26 09:03:39
1661504619732796000,42.8,1,42.8,16,42.85,10,2,2022-08-26 09:03:39
1661504620058461000,42.85,1,42.8,16,42.85,9,1,2022-08-26 09:03:40
1661504620119540000,42.8,1,42.8,15,42.85,9,2,2022-08-26 09:03:40
1661504620284311000,42.8,1,42.8,14,42.85,9,2,2022-08-26 09:03:40
1661504620611983000,42.8,1,42.8,15,42.85,9,2,2022-08-26 09:03:40
1661504620683175000,42.8,2,42.8,12,42.85,9,2,2022-08-26 09:03:40
1661504620741079000,42.8,1,42.8,11,42.85,9,2,2022-08-26 09:03:40
1661504621034641000,42.85,2,42.8,11,42.85,7,1,2022-08-26 09:03:41
1661504621054199000,42.85,1,42.8,14,42.85,9,1,2022-08-26 09:03:41
1661504621395741000,42.85,1,42.8,11,42.85,5,1,2022-08-26 09:03:41
1661504622447678000,42.8,1,42.8,16,42.85,6,2,2022-08-26 09:03:42
1661504622682657000,42.8,1,42.8,15,42.85,6,2,2022-08-26 09:03:42
1661504622935340000,42.85,5,42.8,15,42.85,2,1,2022-08-26 09:03:42
1661504623031171000,42.85,1,42.8,15,42.85,7,1,2022-08-26 09:03:43
1661504623128234000,42.8,4,42.8,11,42.85,1,2,2022-08-26 09:03:43
1661504623690093000,42.8,5,42.8,6,42.85,2,2,2022-08-26 09:03:43
1661504624072892000,42.85,1,42.8,6,42.85,2,1,2022-08-26 09:03:44
1661504624179010000,42.8,6,42.75,7,42.8,4,2,2022-08-26 09:03:44
1661504624571430000,42.8,1,42.75,7,42.8,4,1,2022-08-26 09:03:44
1661504624834727000,42.8,1,42.75,7,42.8,2,1,2022-08-26 09:03:44
1661504624899388000,42.75,1,42.75,6,42.8,2,2,2022-08-26 09:03:44
1661504625192250000,42.8,1,42.75,6,42.8,2,1,2022-08-26 09:03:45
1661504625242943000,42.75,1,42.75,5,42.8,4,2,2022-08-26 09:03:45
1661504625326037000,42.75,1,42.75,4,42.8,4,2,2022-08-26 09:03:45
1661504625784384000,42.8,1,42.75,4,42.8,3,1,2022-08-26 09:03:45
1661504625861182000,42.8,3,42.8,2,42.85,24,1,2022-08-26 09:03:45
1661504625889952000,42.8,1,42.8,1,42.85,28,2,2022-08-26 09:03:45
1661504625899694000,42.8,1,42.75,4,42.85,28,2,2022-08-26 09:03:45
1661504625980609000,42.75,4,42.7,29,42.8,1,2,2022-08-26 09:03:45
1661504625980609000,42.7,1,42.7,29,42.8,1,2,2022-08-26 09:03:45
1661504626683950000,42.75,1,42.7,29,42.8,9,2,2022-08-26 09:03:46
1661504626858231000,42.8,1,42.75,1,42.8,9,1,2022-08-26 09:03:46
1661504627261322000,42.75,1,42.7,22,42.8,10,2,2022-08-26 09:03:47
1661504627261322000,42.7,7,42.7,22,42.8,10,2,2022-08-26 09:03:47
1661504628546159000,42.7,5,42.7,22,42.75,7,2,2022-08-26 09:03:48
1661504628652371000,42.75,5,42.7,17,42.75,9,1,2022-08-26 09:03:48
1661504629339896000,42.75,1,42.7,17,42.75,12,1,2022-08-26 09:03:49
1661504629730171000,42.75,1,42.7,17,42.75,11,1,2022-08-26 09:03:49
1661504630183595000,42.75,1,42.7,18,42.75,16,1,2022-08-26 09:03:50
1661504630478578000,42.7,1,42.7,17,42.75,29,2,2022-08-26 09:03:50
1661504630574044000,42.7,10,42.7,17,42.75,29,2,2022-08-26 09:03:50
1661504630856348000,42.7,1,42.7,6,42.75,29,2,2022-08-26 09:03:50
1661504630858234000,42.75,1,42.7,6,42.75,28,1,2022-08-26 09:03:50
1661504630900307000,42.7,3,42.7,3,42.75,28,2,2022-08-26 09:03:50
1661504631174974000,42.7,3,42.65,11,42.75,28,2,2022-08-26 09:03:51
1661504631174974000,42.65,3,42.65,11,42.75,28,2,2022-08-26 09:03:51
1661504631533088000,42.7,1,42.7,1,42.75,28,2,2022-08-26 09:03:51
1661504631533088000,42.65,2,42.7,1,42.75,28,2,2022-08-26 09:03:51
1661504631629765000,42.75,1,42.65,9,42.75,27,1,2022-08-26 09:03:51
1661504631940461000,42.7,4,42.65,9,42.7,4,1,2022-08-26 09:03:51
1661504632597466000,42.65,3,42.65,9,42.75,33,2,2022-08-26 09:03:52
1661504632971682000,42.7,1,42.65,6,42.75,32,1,2022-08-26 09:03:52
1661504632971682000,42.75,1,42.65,6,42.75,32,1,2022-08-26 09:03:52
1661504633509982000,42.7,1,42.65,6,42.7,1,2,2022-08-26 09:03:53
1661504634201326000,42.7,2,42.65,6,42.7,6,1,2022-08-26 09:03:54
1661504634227465000,42.7,3,42.65,6,42.7,3,1,2022-08-26 09:03:54
1661504635387890000,42.7,2,42.65,7,42.7,1,1,2022-08-26 09:03:55
1661504635910465000,42.65,1,42.65,6,42.7,1,2,2022-08-26 09:03:55
1661504637132650000,42.7,3,42.7,7,42.75,31,1,2022-08-26 09:03:57
1661504637252407000,42.75,1,42.7,7,42.75,30,1,2022-08-26 09:03:57
1661504637357625000,42.7,2,42.7,5,42.75,30,2,2022-08-26 09:03:57
1661504637492914000,42.75,20,42.7,5,42.75,10,1,2022-08-26 09:03:57
1661504637558435000,42.7,1,42.7,7,42.75,31,2,2022-08-26 09:03:57
1661504638380796000,42.75,10,42.7,5,42.75,1,1,2022-08-26 09:03:58
1661504638411294000,42.75,1,42.7,5,42.8,7,1,2022-08-26 09:03:58
1661504639010430000,42.7,1,42.7,10,42.8,8,2,2022-08-26 09:03:59
1661504639337778000,42.7,1,42.7,10,42.8,8,2,2022-08-26 09:03:59
1661504639345608000,42.7,5,42.7,6,42.8,8,2,2022-08-26 09:03:59
1661504639629128000,42.7,1,42.7,5,42.8,8,2,2022-08-26 09:03:59
1661504640141499000,42.7,2,42.7,3,42.8,8,2,2022-08-26 09:04:00
1661504640222799000,42.75,1,42.7,3,42.8,8,2,2022-08-26 09:04:00
1661504640508016000,42.7,2,42.7,4,42.8,8,2,2022-08-26 09:04:00
1661504640713168000,42.7,1,42.7,1,42.8,8,2,2022-08-26 09:04:00
1661504641333097000,42.7,1,42.7,1,42.8,10,2,2022-08-26 09:04:01
1661504642012536000,42.75,1,42.7,2,42.8,10,2,2022-08-26 09:04:02
1661504642215519000,42.8,1,42.7,5,42.8,9,1,2022-08-26 09:04:02
1661504642256372000,42.7,2,42.7,3,42.8,9,2,2022-08-26 09:04:02
1661504642607918000,42.7,4,42.7,2,42.8,9,2,2022-08-26 09:04:02
1661504642621799000,42.7,2,42.65,19,42.7,8,2,2022-08-26 09:04:02
1661504642636902000,42.7,3,42.65,19,42.7,5,1,2022-08-26 09:04:02
1661504642643346000,42.7,5,42.65,19,42.8,9,1,2022-08-26 09:04:02
1661504642671400000,42.8,9,42.65,19,42.85,14,1,2022-08-26 09:04:02
1661504642671400000,42.85,1,42.65,19,42.85,14,1,2022-08-26 09:04:02
1661504643279075000,42.7,2,42.7,3,42.85,14,2,2022-08-26 09:04:03
1661504643349900000,42.85,3,42.7,3,42.85,11,1,2022-08-26 09:04:03
1661504643388061000,42.7,1,42.7,2,42.85,11,2,2022-08-26 09:04:03
1661504643411543000,42.7,1,42.7,1,42.85,11,2,2022-08-26 09:04:03
1661504645995070000,42.8,1,42.75,1,42.8,1,1,2022-08-26 09:04:05
1661504646022691000,42.8,1,42.75,1,42.85,11,1,2022-08-26 09:04:06
1661504647035230000,42.8,1,42.75,7,42.8,1,1,2022-08-26 09:04:07
1661504647411615000,42.85,1,42.75,7,42.85,11,1,2022-08-26 09:04:07
1661504649387441000,42.8,1,42.75,9,42.85,11,2,2022-08-26 09:04:09
1661504650222193000,42.75,1,42.75,10,42.85,11,2,2022-08-26 09:04:10
1661504650664794000,42.75,2,42.75,8,42.85,11,2,2022-08-26 09:04:10
1661504651998718000,42.85,1,42.75,11,42.85,10,1,2022-08-26 09:04:11
1661504652896327000,42.8,1,42.75,15,42.85,10,1,2022-08-26 09:04:12
1661504652937902000,42.75,10,42.75,5,42.85,10,2,2022-08-26 09:04:12
1661504653696057000,42.75,1,42.75,4,42.85,10,2,2022-08-26 09:04:13
1661504653856719000,42.8,2,42.75,1,42.85,10,2,2022-08-26 09:04:13
1661504653856719000,42.75,3,42.75,1,42.85,10,2,2022-08-26 09:04:13
1661504654878120000,42.85,2,42.8,10,42.85,8,1,2022-08-26 09:04:14
1661504655694375000,42.8,5,42.8,9,42.85,8,2,2022-08-26 09:04:15
1661504655860642000,42.8,5,42.8,4,42.85,8,2,2022-08-26 09:04:15
1661504656174738000,42.85,1,42.8,4,42.85,7,1,2022-08-26 09:04:16
1661504656611859000,42.8,1,42.8,3,42.85,7,2,2022-08-26 09:04:16
1661504656627992000,42.85,1,42.8,3,42.85,6,1,2022-08-26 09:04:16
1661504657381172000,42.8,1,42.8,7,42.85,8,2,2022-08-26 09:04:17
1661504658046277000,42.85,1,42.8,7,42.85,20,1,2022-08-26 09:04:18
1661504658724053000,42.85,19,42.8,7,42.9,14,1,2022-08-26 09:04:18
1661504658724053000,42.9,1,42.8,7,42.9,14,1,2022-08-26 09:04:18
1661504659212363000,42.85,1,42.8,12,42.85,5,1,2022-08-26 09:04:19
1661504659215730000,42.8,1,42.8,11,42.85,5,2,2022-08-26 09:04:19
1661504659329518000,42.85,5,42.8,11,42.9,14,1,2022-08-26 09:04:19
1661504659562073000,42.8,10,42.8,2,42.9,15,2,2022-08-26 09:04:19
1661504659572521000,42.8,2,42.75,16,42.9,15,2,2022-08-26 09:04:19
1661504659615101000,42.75,14,42.75,2,42.8,1,2,2022-08-26 09:04:19
1661504659723569000,42.8,1,42.75,2,42.9,15,1,2022-08-26 09:04:19
1661504660595825000,42.85,1,42.85,1,42.9,15,2,2022-08-26 09:04:20
1661504660595825000,42.8,2,42.85,1,42.9,15,2,2022-08-26 09:04:20
1661504660595825000,42.75,2,42.85,1,42.9,15,2,2022-08-26 09:04:20
1661504660595825000,42.7,5,42.85,1,42.9,15,2,2022-08-26 09:04:20
1661504661625021000,42.9,3,42.8,1,42.9,12,1,2022-08-26 09:04:21
1661504662073018000,42.8,1,42.75,6,42.85,2,2,2022-08-26 09:04:22
1661504662434672000,42.85,1,42.75,6,42.85,1,1,2022-08-26 09:04:22
1661504662602256000,42.85,1,42.75,6,42.9,10,1,2022-08-26 09:04:22
1661504662602256000,42.9,3,42.75,6,42.9,10,1,2022-08-26 09:04:22
1661504663593337000,42.75,7,42.75,7,42.9,10,2,2022-08-26 09:04:23
1661504663593337000,42.7,3,42.75,7,42.9,10,2,2022-08-26 09:04:23
1661504668086586000,42.8,2,42.8,3,42.85,1,2,2022-08-26 09:04:28
1661504668649756000,42.8,1,42.75,2,42.85,23,2,2022-08-26 09:04:28
1661504669761557000,42.8,1,42.75,18,42.85,23,2,2022-08-26 09:04:29
1661504669761557000,42.75,8,42.75,18,42.85,23,2,2022-08-26 09:04:29
1661504670428681000,42.75,10,42.75,20,42.8,1,2,2022-08-26 09:04:30
1661504670959054000,42.75,2,42.75,10,42.8,1,2,2022-08-26 09:04:30
1661504671146748000,42.75,7,42.75,1,42.8,1,2,2022-08-26 09:04:31
1661504671542514000,42.8,1,42.75,3,42.8,1,1,2022-08-26 09:04:31
1661504671697448000,42.8,1,42.75,3,42.8,7,2,2022-08-26 09:04:31
1661504671746987000,42.75,1,42.75,2,42.8,7,2,2022-08-26 09:04:31
1661504671794960000,42.75,2,42.7,98,42.8,7,2,2022-08-26 09:04:31
1661504672662493000,42.75,1,42.75,3,42.8,8,2,2022-08-26 09:04:32
1661504673089820000,42.8,3,42.75,2,42.8,5,1,2022-08-26 09:04:33
1661504673927750000,42.8,1,42.75,7,42.8,4,1,2022-08-26 09:04:33
1661504673962860000,42.8,4,42.75,7,42.8,5,1,2022-08-26 09:04:33
1661504674453232000,42.85,2,42.75,7,42.85,22,1,2022-08-26 09:04:34
1661504675072871000,42.75,1,42.75,8,42.85,22,2,2022-08-26 09:04:35
1661504675282575000,42.8,10,42.8,1,42.85,22,2,2022-08-26 09:04:35
1661504675552593000,42.8,1,42.75,8,42.85,22,2,2022-08-26 09:04:35
1661504676873303000,42.8,1,42.75,11,42.85,22,2,2022-08-26 09:04:36
1661504677236502000,42.75,1,42.75,10,42.85,22,2,2022-08-26 09:04:37
1661504677613368000,42.85,1,42.75,10,42.85,20,1,2022-08-26 09:04:37
1661504678313073000,42.8,1,42.8,22,42.85,20,2,2022-08-26 09:04:38
1661504678970189000,42.85,3,42.8,21,42.85,17,1,2022-08-26 09:04:38
1661504681341778000,42.85,5,42.8,22,42.85,14,1,2022-08-26 09:04:41
1661504681583031000,42.8,1,42.8,25,42.85,14,2,2022-08-26 09:04:41
1661504681605113000,42.8,10,42.8,14,42.85,14,2,2022-08-26 09:04:41
1661504681657208000,42.8,13,42.8,1,42.85,14,2,2022-08-26 09:04:41
1661504682510754000,42.8,1,42.75,28,42.8,4,2,2022-08-26 09:04:42
1661504682569553000,42.8,1,42.75,28,42.8,4,1,2022-08-26 09:04:42
1661504683011348000,42.8,3,42.75,28,42.8,2,1,2022-08-26 09:04:43
1661504683106750000,42.8,2,42.75,28,42.85,6,1,2022-08-26 09:04:43
1661504683106750000,42.85,8,42.75,28,42.85,6,1,2022-08-26 09:04:43
1661504684042295000,42.8,1,42.75,24,42.85,7,2,2022-08-26 09:04:44
1661504684042295000,42.75,4,42.75,24,42.85,7,2,2022-08-26 09:04:44
1661504684368755000,42.8,3,42.75,24,42.85,7,2,2022-08-26 09:04:44
1661504687151250000,42.8,1,42.75,27,42.8,1,1,2022-08-26 09:04:47
1661504687177393000,42.8,1,42.8,1,42.85,7,1,2022-08-26 09:04:47
1661504687230815000,42.8,1,42.8,3,42.85,7,2,2022-08-26 09:04:47
1661504687260595000,42.8,3,42.75,27,42.85,7,2,2022-08-26 09:04:47
1661504687514019000,42.75,1,42.8,4,42.85,7,2,2022-08-26 09:04:47
1661504687999396000,42.8,2,42.75,26,42.8,2,1,2022-08-26 09:04:47
1661504688222262000,42.85,5,42.8,2,42.85,2,1,2022-08-26 09:04:48
1661504689310801000,42.8,1,42.8,1,42.85,2,2,2022-08-26 09:04:49
1661504689560369000,42.8,1,42.75,31,42.8,1,2,2022-08-26 09:04:49
1661504690090706000,42.8,1,42.75,31,42.8,1,1,2022-08-26 09:04:50
1661504690466492000,42.85,2,42.85,1,42.9,38,1,2022-08-26 09:04:50
1661504690492702000,42.85,1,42.8,1,42.9,38,2,2022-08-26 09:04:50
1661504690973815000,42.8,2,42.75,32,42.8,1,2,2022-08-26 09:04:50
1661504691156802000,42.8,1,42.8,1,42.9,38,1,2022-08-26 09:04:51
1661504692445011000,42.85,4,42.8,6,42.9,38,1,2022-08-26 09:04:52
1661504692588127000,42.8,1,42.8,7,42.9,38,2,2022-08-26 09:04:52
1661504694239937000,42.8,1,42.8,15,42.85,1,2,2022-08-26 09:04:54
1661504695616925000,42.8,1,42.8,16,42.85,1,2,2022-08-26 09:04:55
1661504696623432000,42.85,1,42.8,19,42.9,38,1,2022-08-26 09:04:56
1661504696750238000,42.8,2,42.8,17,42.9,38,2,2022-08-26 09:04:56
1661504697261965000,42.8,5,42.8,12,42.9,38,2,2022-08-26 09:04:57
1661504698215947000,42.9,3,42.8,15,42.9,38,1,2022-08-26 09:04:58
1661504698829149000,42.9,11,42.85,2,42.9,24,1,2022-08-26 09:04:58
1661504698918016000,42.85,1,42.85,6,42.9,24,2,2022-08-26 09:04:58
1661504699143036000,42.85,5,42.8,15,42.9,24,2,2022-08-26 09:04:59
1661504699990228000,42.85,1,42.8,16,42.85,10,2,2022-08-26 09:04:59
1661504700334707000,42.85,1,42.8,16,42.85,11,1,2022-08-26 09:05:00
1661504700338821000,42.85,11,42.8,16,42.9,26,1,2022-08-26 09:05:00
1661504700338821000,42.9,1,42.8,16,42.9,26,1,2022-08-26 09:05:00
1661504700685548000,42.8,2,42.8,14,42.9,26,2,2022-08-26 09:05:00
1661504700937620000,42.9,2,42.8,17,42.9,26,1,2022-08-26 09:05:00
1661504702157008000,42.85,1,42.8,9,42.9,25,2,2022-08-26 09:05:02
1661504702157008000,42.8,9,42.8,9,42.9,25,2,2022-08-26 09:05:02
1661504702285060000,42.8,1,42.8,8,42.9,25,2,2022-08-26 09:05:02
1661504702507441000,42.9,1,42.85,1,42.9,25,1,2022-08-26 09:05:02
1661504702796992000,42.85,1,42.8,8,42.85,4,2,2022-08-26 09:05:02
1661504703399056000,42.85,1,42.8,8,42.85,3,1,2022-08-26 09:05:03
1661504704003831000,42.8,1,42.8,7,42.85,3,2,2022-08-26 09:05:04
1661504704791629000,42.8,1,42.8,11,42.85,3,2,2022-08-26 09:05:04
1661504705747290000,42.85,5,42.8,12,42.9,8,1,2022-08-26 09:05:05
1661504705747290000,42.9,15,42.8,12,42.9,8,1,2022-08-26 09:05:05
1661504705877065000,42.9,1,42.8,17,42.9,9,1,2022-08-26 09:05:05
1661504706824776000,42.85,1,42.8,19,42.9,9,2,2022-08-26 09:05:06
1661504707778345000,42.85,1,42.85,1,42.9,9,2,2022-08-26 09:05:07
1661504708904788000,42.85,1,42.8,24,42.9,9,2,2022-08-26 09:05:08
1661504709128355000,42.8,1,42.8,23,42.9,9,2,2022-08-26 09:05:09
1661504709718448000,42.9,5,42.8,23,42.9,4,1,2022-08-26 09:05:09
1661504710172505000,42.9,2,42.8,24,42.9,4,1,2022-08-26 09:05:10
1661504710192050000,42.9,2,42.8,24,42.9,2,1,2022-08-26 09:05:10
1661504710222877000,42.9,2,42.9,8,42.95,45,1,2022-08-26 09:05:10
1661504710268529000,42.9,7,42.9,1,42.95,45,2,2022-08-26 09:05:10
1661504710312591000,42.9,1,42.85,2,42.95,45,2,2022-08-26 09:05:10
1661504711024494000,42.85,3,42.85,5,42.95,46,2,2022-08-26 09:05:11
1661504711645397000,42.95,1,42.85,2,42.95,45,1,2022-08-26 09:05:11
1661504711952279000,42.85,1,42.85,1,42.95,45,2,2022-08-26 09:05:11
1661504712323729000,42.95,45,42.95,5,43.0,102,1,2022-08-26 09:05:12
1661504712827158000,42.95,1,42.95,4,43.0,102,2,2022-08-26 09:05:12
1661504712829639000,42.95,1,42.95,3,43.0,102,2,2022-08-26 09:05:12
1661504714467968000,43.0,1,42.95,3,43.0,101,1,2022-08-26 09:05:14
1661504716554782000,43.0,1,42.95,6,43.0,101,1,2022-08-26 09:05:16
1661504716805817000,43.0,1,42.95,6,43.0,99,1,2022-08-26 09:05:16
1661504717000308000,43.0,1,42.95,6,43.0,98,1,2022-08-26 09:05:17
1661504717292147000,43.0,3,42.95,7,43.0,95,1,2022-08-26 09:05:17
1661504717633533000,43.0,3,42.95,8,43.0,92,1,2022-08-26 09:05:17
1661504718036495000,42.95,1,42.95,8,43.0,92,2,2022-08-26 09:05:18
1661504718117228000,43.0,1,42.95,7,43.0,91,1,2022-08-26 09:05:18
1661504718345310000,43.0,3,42.95,7,43.0,88,1,2022-08-26 09:05:18
1661504718953450000,43.0,1,42.95,8,43.0,88,1,2022-08-26 09:05:18
1661504719474600000,43.0,5,42.95,28,43.0,82,1,2022-08-26 09:05:19
1661504719547414000,43.0,1,42.95,28,43.0,81,1,2022-08-26 09:05:19
1661504719573300000,43.0,1,42.95,28,43.0,87,1,2022-08-26 09:05:19
1661504719614860000,43.0,5,42.95,28,43.0,75,1,2022-08-26 09:05:19
1661504719630747000,43.0,1,42.95,28,43.0,74,1,2022-08-26 09:05:19
1661504719715163000,43.0,10,42.95,28,43.0,64,1,2022-08-26 09:05:19
1661504720098300000,43.0,1,42.95,28,43.0,63,1,2022-08-26 09:05:20
1661504720328794000,43.0,1,42.95,28,43.0,62,1,2022-08-26 09:05:20
1661504720764199000,43.0,2,42.95,29,43.0,60,1,2022-08-26 09:05:20
1661504721371512000,43.0,1,42.95,30,43.0,62,1,2022-08-26 09:05:21
1661504721416118000,43.0,10,42.95,30,43.0,52,1,2022-08-26 09:05:21
1661504721509307000,43.0,1,42.95,30,43.0,51,1,2022-08-26 09:05:21
1661504721948237000,43.0,1,42.95,32,43.0,50,1,2022-08-26 09:05:21
1661504722584230000,43.0,2,42.95,33,43.0,48,1,2022-08-26 09:05:22
1661504722592813000,43.0,2,42.95,33,43.0,46,1,2022-08-26 09:05:22
1661504722599353000,43.0,1,42.95,33,43.0,45,1,2022-08-26 09:05:22
1661504722773775000,42.95,10,42.95,23,43.0,46,2,2022-08-26 09:05:22
1661504722940222000,43.0,30,42.95,23,43.0,16,1,2022-08-26 09:05:22
1661504723062074000,43.0,1,42.95,23,43.0,46,1,2022-08-26 09:05:23
1661504723096577000,43.0,1,42.95,23,43.0,14,1,2022-08-26 09:05:23
1661504723162117000,43.0,1,42.95,23,43.0,13,1,2022-08-26 09:05:23
1661504723239829000,43.0,1,42.95,23,43.0,12,1,2022-08-26 09:05:23
1661504723265515000,43.0,5,42.95,23,43.0,7,1,2022-08-26 09:05:23
1661504723675723000,43.0,4,42.95,23,43.0,4,1,2022-08-26 09:05:23
1661504723707002000,43.0,1,42.95,23,43.0,3,1,2022-08-26 09:05:23
1661504723811134000,43.0,2,42.95,23,43.0,1,1,2022-08-26 09:05:23
1661504723832857000,43.0,1,42.95,23,43.05,299,1,2022-08-26 09:05:23
1661504723832857000,43.05,5,42.95,23,43.05,299,1,2022-08-26 09:05:23
1661504723886007000,43.05,6,42.95,23,43.05,293,1,2022-08-26 09:05:23
1661504724109505000,43.05,1,42.95,23,43.05,292,1,2022-08-26 09:05:24
1661504724340125000,43.05,1,42.95,24,43.05,291,1,2022-08-26 09:05:24
1661504724386191000,43.05,1,42.95,24,43.05,290,1,2022-08-26 09:05:24
1661504724608318000,43.05,6,43.0,1,43.05,284,1,2022-08-26 09:05:24
1661504724913951000,43.05,3,43.0,12,43.05,282,1,2022-08-26 09:05:24
1661504725158396000,43.05,3,43.0,15,43.05,279,1,2022-08-26 09:05:25
1661504725215973000,43.05,2,43.0,20,43.05,277,1,2022-08-26 09:05:25
1661504725751653000,43.0,1,43.0,19,43.05,277,2,2022-08-26 09:05:25
1661504726512510000,43.05,1,43.0,24,43.05,277,1,2022-08-26 09:05:26
1661504726837653000,43.0,5,43.0,19,43.05,276,2,2022-08-26 09:05:26
1661504727282035000,43.05,1,43.0,19,43.05,275,1,2022-08-26 09:05:27
1661504727400894000,43.05,1,43.0,19,43.05,274,1,2022-08-26 09:05:27
1661504727696948000,43.0,1,43.0,20,43.05,274,2,2022-08-26 09:05:27
1661504727851599000,43.05,1,43.0,21,43.05,273,1,2022-08-26 09:05:27
1661504728395697000,43.05,1,43.0,24,43.05,272,1,2022-08-26 09:05:28
1661504728640178000,43.05,1,43.0,27,43.05,271,1,2022-08-26 09:05:28
1661504728832676000,43.05,1,43.0,29,43.05,270,1,2022-08-26 09:05:28
1661504728900434000,43.05,1,43.0,29,43.05,269,1,2022-08-26 09:05:28
1661504728922981000,43.05,1,43.0,29,43.05,268,1,2022-08-26 09:05:28
1661504729133769000,43.05,1,43.0,30,43.05,267,1,2022-08-26 09:05:29
1661504729731883000,43.0,3,43.0,27,43.05,267,2,2022-08-26 09:05:29
1661504732214098000,43.05,1,43.0,31,43.05,267,1,2022-08-26 09:05:32
1661504732369723000,43.05,1,43.0,31,43.05,266,1,2022-08-26 09:05:32
1661504733319809000,43.05,5,43.0,53,43.05,261,1,2022-08-26 09:05:33
1661504733721715000,43.0,1,43.0,52,43.05,261,2,2022-08-26 09:05:33
1661504733796880000,43.0,1,43.0,51,43.05,261,2,2022-08-26 09:05:33
1661504734088518000,43.05,2,43.0,55,43.05,259,1,2022-08-26 09:05:34
1661504734406026000,43.0,4,43.0,51,43.05,259,2,2022-08-26 09:05:34
1661504734615094000,43.05,1,43.0,52,43.05,259,1,2022-08-26 09:05:34
1661504734689707000,43.05,2,43.0,52,43.05,256,1,2022-08-26 09:05:34
1661504734934585000,43.05,3,43.0,54,43.05,253,1,2022-08-26 09:05:34
1661504734977714000,43.05,1,43.0,55,43.05,253,1,2022-08-26 09:05:34
1661504735288814000,43.05,5,43.0,56,43.05,247,1,2022-08-26 09:05:35
1661504735878715000,43.05,10,43.0,66,43.05,237,1,2022-08-26 09:05:35
1661504736005795000,43.05,6,43.0,66,43.05,231,1,2022-08-26 09:05:36
1661504736025048000,43.0,15,43.0,51,43.05,231,2,2022-08-26 09:05:36
1661504736049858000,43.0,1,43.0,50,43.05,231,2,2022-08-26 09:05:36
1661504736053362000,43.0,1,43.0,49,43.05,231,2,2022-08-26 09:05:36
1661504736201759000,43.05,1,43.0,52,43.05,230,1,2022-08-26 09:05:36
1661504737055337000,43.05,2,43.0,58,43.05,229,1,2022-08-26 09:05:37
1661504737387184000,43.05,1,43.0,58,43.05,228,1,2022-08-26 09:05:37
1661504737653423000,43.05,1,43.0,78,43.05,227,1,2022-08-26 09:05:37
1661504737997321000,43.0,1,43.0,78,43.05,227,2,2022-08-26 09:05:37
1661504738330908000,43.05,1,43.0,79,43.05,226,1,2022-08-26 09:05:38
1661504738424014000,43.0,1,43.0,78,43.05,226,2,2022-08-26 09:05:38
1661504738903153000,43.05,2,43.0,80,43.05,224,1,2022-08-26 09:05:38
1661504739491510000,43.05,10,43.0,84,43.05,214,1,2022-08-26 09:05:39
1661504739648488000,43.0,5,43.0,80,43.05,214,2,2022-08-26 09:05:39
1661504739690915000,43.05,1,43.0,81,43.05,213,1,2022-08-26 09:05:39
1661504739710668000,43.05,1,43.0,81,43.05,212,1,2022-08-26 09:05:39
1661504739941609000,43.0,1,43.0,80,43.05,212,2,2022-08-26 09:05:39
1661504740024164000,43.0,20,43.0,61,43.05,212,2,2022-08-26 09:05:40
1661504740055430000,43.0,1,43.0,60,43.05,212,2,2022-08-26 09:05:40
1661504740124597000,43.0,10,43.0,50,43.05,212,2,2022-08-26 09:05:40
1661504740340191000,43.05,5,43.0,60,43.05,207,1,2022-08-26 09:05:40
1661504740421756000,43.05,1,43.0,61,43.05,206,1,2022-08-26 09:05:40
1661504740698914000,43.05,1,43.0,62,43.05,205,1,2022-08-26 09:05:40
1661504740806465000,43.05,2,43.0,63,43.05,203,1,2022-08-26 09:05:40
1661504740917369000,43.05,1,43.0,63,43.05,202,1,2022-08-26 09:05:40
1661504741085510000,43.0,1,43.0,62,43.05,202,2,2022-08-26 09:05:41
1661504741295515000,43.0,1,43.0,62,43.05,202,2,2022-08-26 09:05:41
1661504741338185000,43.0,1,43.0,61,43.05,202,2,2022-08-26 09:05:41
1661504741609582000,43.05,3,43.0,66,43.05,202,1,2022-08-26 09:05:41
1661504741889808000,43.05,5,43.0,66,43.05,194,1,2022-08-26 09:05:41
1661504741984511000,43.0,5,43.0,61,43.05,194,2,2022-08-26 09:05:41
1661504742223931000,43.05,2,43.0,62,43.05,192,1,2022-08-26 09:05:42
1661504742242974000,43.05,3,43.0,62,43.05,189,1,2022-08-26 09:05:42
1661504742292063000,43.0,6,43.0,56,43.05,189,2,2022-08-26 09:05:42
1661504742301771000,43.0,5,43.0,51,43.05,189,2,2022-08-26 09:05:42
1661504742534941000,43.05,5,43.0,50,43.05,184,1,2022-08-26 09:05:42
1661504742922555000,43.0,1,43.0,50,43.05,184,2,2022-08-26 09:05:42
1661504743231764000,43.05,20,43.0,50,43.05,164,1,2022-08-26 09:05:43
1661504743476820000,43.0,2,43.0,48,43.05,164,2,2022-08-26 09:05:43
1661504743608127000,43.0,2,43.0,50,43.05,184,2,2022-08-26 09:05:43
1661504744020790000,43.05,1,43.0,46,43.05,163,1,2022-08-26 09:05:44
1661504744301019000,43.05,5,43.0,52,43.05,158,1,2022-08-26 09:05:44
1661504744749012000,43.05,5,43.0,52,43.05,153,1,2022-08-26 09:05:44
1661504744866244000,43.05,1,43.0,52,43.05,152,1,2022-08-26 09:05:44
1661504745373810000,43.05,2,43.0,53,43.05,150,1,2022-08-26 09:05:45
1661504745381715000,43.05,20,43.0,53,43.05,130,1,2022-08-26 09:05:45
1661504745410182000,43.05,7,43.0,53,43.05,123,1,2022-08-26 09:05:45
1661504745412188000,43.05,3,43.0,53,43.05,120,1,2022-08-26 09:05:45
1661504745441845000,43.05,1,43.0,58,43.05,119,1,2022-08-26 09:05:45
1661504745903952000,43.05,10,43.0,61,43.05,109,1,2022-08-26 09:05:45
1661504745941156000,43.05,8,43.0,61,43.05,101,1,2022-08-26 09:05:45
1661504745983998000,43.05,100,43.0,61,43.05,1,1,2022-08-26 09:05:45
1661504745984306000,43.05,1,43.0,61,43.1,43,1,2022-08-26 09:05:45
1661504746085395000,43.05,8,43.05,1,43.1,43,2,2022-08-26 09:05:46
1661504746391471000,43.1,3,43.05,4,43.1,40,1,2022-08-26 09:05:46
1661504746435545000,43.1,3,43.05,4,43.1,41,1,2022-08-26 09:05:46
1661504746436455000,43.1,2,43.05,4,43.1,39,1,2022-08-26 09:05:46
1661504746463849000,43.1,1,43.05,4,43.1,38,1,2022-08-26 09:05:46
1661504746494429000,43.1,2,43.05,14,43.1,36,1,2022-08-26 09:05:46
1661504746582496000,43.1,1,43.05,14,43.1,35,1,2022-08-26 09:05:46
1661504746663449000,43.05,3,43.05,11,43.1,35,2,2022-08-26 09:05:46
1661504746760755000,43.1,2,43.05,22,43.1,33,1,2022-08-26 09:05:46
1661504747291073000,43.1,1,43.05,36,43.1,32,1,2022-08-26 09:05:47
1661504747302047000,43.05,35,43.05,2,43.1,32,2,2022-08-26 09:05:47
1661504747523684000,43.1,1,43.05,4,43.1,31,1,2022-08-26 09:05:47
1661504747526714000,43.1,2,43.05,4,43.1,29,1,2022-08-26 09:05:47
1661504747568257000,43.05,2,43.05,6,43.1,29,2,2022-08-26 09:05:47
1661504747701126000,43.1,1,43.05,10,43.1,29,1,2022-08-26 09:05:47
1661504747755164000,43.1,1,43.05,10,43.1,27,1,2022-08-26 09:05:47
1661504747876238000,43.05,1,43.05,9,43.1,27,2,2022-08-26 09:05:47
1661504747991637000,43.1,1,43.05,13,43.1,26,1,2022-08-26 09:05:47
1661504748233371000,43.1,1,43.05,21,43.1,25,1,2022-08-26 09:05:48
1661504748348183000,43.05,1,43.05,20,43.1,25,2,2022-08-26 09:05:48
1661504748454712000,43.1,1,43.05,20,43.1,24,1,2022-08-26 09:05:48
1661504748623960000,43.1,2,43.05,21,43.1,22,1,2022-08-26 09:05:48
1661504749072166000,43.1,2,43.05,24,43.1,20,1,2022-08-26 09:05:49
1661504749086752000,43.05,2,43.05,22,43.1,20,2,2022-08-26 09:05:49
1661504749164239000,43.05,20,43.05,22,43.1,20,2,2022-08-26 09:05:49
1661504749701337000,43.05,3,43.0,63,43.1,20,2,2022-08-26 09:05:49
1661504749726955000,43.1,1,43.0,63,43.1,19,1,2022-08-26 09:05:49
1661504749773029000,43.1,1,43.0,62,43.1,30,1,2022-08-26 09:05:49
1661504749843804000,43.1,1,43.0,62,43.1,29,1,2022-08-26 09:05:49
1661504749874526000,43.0,1,43.0,61,43.1,29,2,2022-08-26 09:05:49
1661504750318675000,43.05,1,43.0,61,43.1,28,1,2022-08-26 09:05:50
1661504750318675000,43.1,1,43.0,61,43.1,28,1,2022-08-26 09:05:50
1661504750335667000,43.1,5,43.0,61,43.1,23,1,2022-08-26 09:05:50
1661504750357216000,43.1,2,43.0,62,43.1,21,1,2022-08-26 09:05:50
1661504750798377000,43.1,15,43.05,5,43.1,6,1,2022-08-26 09:05:50
1661504751728608000,43.15,1,43.1,7,43.15,28,1,2022-08-26 09:05:51
1661504751784327000,43.1,7,43.05,2,43.15,32,2,2022-08-26 09:05:51
1661504751784327000,43.05,5,43.05,2,43.15,32,2,2022-08-26 09:05:51
1661504751869487000,43.1,1,43.05,13,43.15,38,1,2022-08-26 09:05:51
1661504752162019000,43.05,1,43.05,13,43.15,38,2,2022-08-26 09:05:52
1661504752382424000,43.05,1,43.05,11,43.15,38,2,2022-08-26 09:05:52
1661504752664338000,43.1,1,43.05,15,43.1,1,1,2022-08-26 09:05:52
1661504752848717000,43.15,2,43.05,15,43.15,36,1,2022-08-26 09:05:52
1661504753026357000,43.1,1,43.05,15,43.15,36,1,2022-08-26 09:05:53
1661504753879687000,43.1,1,43.1,1,43.15,30,1,2022-08-26 09:05:53
1661504754392399000,43.15,1,43.1,1,43.15,29,1,2022-08-26 09:05:54
1661504754611913000,43.15,1,43.1,1,43.15,28,1,2022-08-26 09:05:54
1661504754702243000,43.1,1,43.1,1,43.15,28,2,2022-08-26 09:05:54
1661504754736354000,43.05,1,43.05,23,43.15,28,2,2022-08-26 09:05:54
1661504755599729000,43.15,1,43.1,7,43.15,27,1,2022-08-26 09:05:55
1661504755659479000,43.1,1,43.1,6,43.15,27,2,2022-08-26 09:05:55
1661504755753530000,43.15,1,43.1,6,43.15,27,1,2022-08-26 09:05:55
1661504755772900000,43.1,6,43.05,32,43.1,4,2,2022-08-26 09:05:55
1661504756402862000,43.1,1,43.05,35,43.1,7,1,2022-08-26 09:05:56
1661504756541817000,43.1,1,43.05,35,43.1,9,1,2022-08-26 09:05:56
1661504756643254000,43.1,1,43.05,35,43.1,8,1,2022-08-26 09:05:56
1661504757376455000,43.1,2,43.05,39,43.1,6,1,2022-08-26 09:05:57
1661504757502761000,43.1,3,43.05,39,43.1,3,1,2022-08-26 09:05:57
1661504757672917000,43.1,3,43.1,5,43.15,37,1,2022-08-26 09:05:57
1661504757721433000,43.1,4,43.1,5,43.15,37,2,2022-08-26 09:05:57
1661504758229452000,43.1,2,43.1,2,43.15,37,2,2022-08-26 09:05:58
1661504758229452000,43.05,3,43.1,2,43.15,37,2,2022-08-26 09:05:58
1661504758486978000,43.1,1,43.1,1,43.15,37,2,2022-08-26 09:05:58
1661504758487103000,43.1,1,43.05,35,43.15,37,2,2022-08-26 09:05:58
1661504758618183000,43.1,1,43.05,35,43.25,86,1,2022-08-26 09:05:58
1661504758618183000,43.15,43,43.05,35,43.25,86,1,2022-08-26 09:05:58
1661504758618183000,43.2,22,43.05,35,43.25,86,1,2022-08-26 09:05:58
1661504758618183000,43.25,59,43.05,35,43.25,86,1,2022-08-26 09:05:58
1661504758633790000,43.25,5,43.05,35,43.25,81,1,2022-08-26 09:05:58
1661504758803008000,43.1,1,43.1,1,43.2,4,2,2022-08-26 09:05:58
1661504758988093000,43.1,2,43.05,40,43.1,3,2,2022-08-26 09:05:58
1661504759094944000,43.1,1,43.1,2,43.2,4,1,2022-08-26 09:05:59
1661504759806657000,43.1,2,43.05,40,43.1,2,1,2022-08-26 09:05:59
1661504759837241000,43.05,1,43.05,39,43.1,3,2,2022-08-26 09:05:59
1661504759969390000,43.1,1,43.05,40,43.1,3,1,2022-08-26 09:05:59
1661504760131975000,43.05,2,43.05,38,43.1,3,2,2022-08-26 09:06:00
1661504760241746000,43.1,1,43.05,40,43.1,3,1,2022-08-26 09:06:00
1661504760250800000,43.1,2,43.05,40,43.1,1,1,2022-08-26 09:06:00
1661504760281050000,43.1,1,43.05,40,43.2,4,1,2022-08-26 09:06:00
1661504760292948000,43.05,1,43.05,39,43.2,4,2,2022-08-26 09:06:00
1661504760495837000,43.05,2,43.05,37,43.2,4,2,2022-08-26 09:06:00
1661504761336263000,43.1,1,43.05,40,43.2,4,1,2022-08-26 09:06:01
1661504761377760000,43.2,2,43.05,40,43.2,2,1,2022-08-26 09:06:01
1661504761861555000,43.2,2,43.1,10,43.25,3,1,2022-08-26 09:06:01
1661504761861555000,43.25,8,43.1,10,43.25,3,1,2022-08-26 09:06:01
1661504762056859000,43.25,2,43.1,11,43.25,1,1,2022-08-26 09:06:02
1661504762274560000,43.25,1,43.1,16,43.3,18,1,2022-08-26 09:06:02
1661504762274560000,43.3,3,43.1,16,43.3,18,1,2022-08-26 09:06:02
1661504762584773000,43.2,1,43.1,17,43.3,18,1,2022-08-26 09:06:02
1661504762841069000,43.1,1,43.1,31,43.3,18,2,2022-08-26 09:06:02
1661504764249962000,43.25,2,43.1,39,43.3,5,1,2022-08-26 09:06:04
1661504764249962000,43.3,13,43.1,39,43.3,5,1,2022-08-26 09:06:04
1661504765347469000,43.25,6,43.1,42,43.3,2,1,2022-08-26 09:06:05
1661504765347469000,43.3,4,43.1,42,43.3,2,1,2022-08-26 09:06:05
1661504765587004000,43.3,1,43.1,43,43.3,1,1,2022-08-26 09:06:05
1661504765818917000,43.15,1,43.15,7,43.3,1,1,2022-08-26 09:06:05
1661504766610618000,43.3,5,43.2,1,43.3,18,1,2022-08-26 09:06:06
1661504767292153000,43.2,1,43.15,19,43.3,13,2,2022-08-26 09:06:07
1661504768507732000,43.3,1,43.2,2,43.3,12,1,2022-08-26 09:06:08
1661504768567709000,43.3,2,43.2,2,43.3,10,1,2022-08-26 09:06:08
1661504769050137000,43.2,1,43.2,3,43.3,11,2,2022-08-26 09:06:09
1661504769147867000,43.2,2,43.2,1,43.25,1,2,2022-08-26 09:06:09
1661504769664070000,43.25,1,43.2,13,43.25,2,1,2022-08-26 09:06:09
1661504769846094000,43.25,1,43.2,13,43.3,11,1,2022-08-26 09:06:09
1661504769846094000,43.3,1,43.2,13,43.3,11,1,2022-08-26 09:06:09
1661504769977557000,43.3,10,43.2,13,43.3,5,1,2022-08-26 09:06:09
1661504771018590000,43.25,1,43.2,19,43.25,3,1,2022-08-26 09:06:11
1661504771514769000,43.25,1,43.2,20,43.25,2,1,2022-08-26 09:06:11
1661504771656602000,43.25,1,43.2,21,43.25,1,1,2022-08-26 09:06:11
1661504771784666000,43.25,1,43.2,22,43.3,15,1,2022-08-26 09:06:11
1661504771934295000,43.3,5,43.25,1,43.3,10,1,2022-08-26 09:06:11
1661504771972805000,43.25,1,43.2,27,43.3,10,2,2022-08-26 09:06:11
1661504772311910000,43.2,1,43.2,28,43.3,10,2,2022-08-26 09:06:12
1661504772466203000,43.2,28,43.0,169,43.3,14,2,2022-08-26 09:06:12
1661504772466203000,43.15,22,43.0,169,43.3,14,2,2022-08-26 09:06:12
1661504772466203000,43.1,68,43.0,169,43.3,14,2,2022-08-26 09:06:12
1661504772466203000,43.05,64,43.0,169,43.3,14,2,2022-08-26 09:06:12
1661504772466203000,43.0,68,43.0,169,43.3,14,2,2022-08-26 09:06:12
1661504772498574000,43.05,2,43.0,165,43.05,2,2,2022-08-26 09:06:12
1661504772527409000,43.0,2,43.0,163,43.05,2,2,2022-08-26 09:06:12
1661504772665251000,43.05,1,43.0,164,43.05,7,1,2022-08-26 09:06:12
1661504772779005000,43.05,5,43.0,165,43.05,2,1,2022-08-26 09:06:12
1661504772796684000,43.05,1,43.0,165,43.05,1,1,2022-08-26 09:06:12
1661504772841937000,43.1,1,43.0,165,43.1,4,1,2022-08-26 09:06:12
1661504773575078000,43.1,5,43.0,164,43.1,2,1,2022-08-26 09:06:13
1661504773773218000,43.15,2,43.0,164,43.15,2,1,2022-08-26 09:06:13
1661504774056082000,43.0,2,43.0,162,43.1,1,2,2022-08-26 09:06:14
1661504774761306000,43.1,2,43.0,162,43.2,12,1,2022-08-26 09:06:14
1661504774761306000,43.2,3,43.0,162,43.2,12,1,2022-08-26 09:06:14
1661504774794452000,43.15,1,43.0,162,43.2,12,2,2022-08-26 09:06:14
1661504775131825000,43.1,1,43.05,3,43.15,7,2,2022-08-26 09:06:15
1661504775153207000,43.05,3,43.0,34,43.15,7,2,2022-08-26 09:06:15
1661504775153207000,43.0,3,43.0,34,43.15,7,2,2022-08-26 09:06:15
1661504775154939000,43.0,26,43.0,8,43.15,7,2,2022-08-26 09:06:15
1661504775156549000,43.0,8,42.95,24,43.15,7,2,2022-08-26 09:06:15
1661504775156549000,42.95,29,42.95,24,43.15,7,2,2022-08-26 09:06:15
1661504775158293000,42.95,24,42.9,17,42.95,9,2,2022-08-26 09:06:15
1661504775184543000,42.9,1,42.9,16,42.95,67,2,2022-08-26 09:06:15
1661504775191403000,42.9,1,42.9,15,42.95,67,2,2022-08-26 09:06:15
1661504775197617000,42.9,1,42.9,14,42.95,67,2,2022-08-26 09:06:15
1661504775205485000,42.9,13,42.9,1,42.95,67,2,2022-08-26 09:06:15
1661504775205681000,42.9,1,42.85,21,42.95,67,2,2022-08-26 09:06:15
1661504775582225000,42.9,3,42.85,21,42.9,3,1,2022-08-26 09:06:15
1661504775655932000,42.9,1,42.85,21,42.9,2,1,2022-08-26 09:06:15
1661504776272823000,42.95,2,42.85,21,42.95,65,1,2022-08-26 09:06:16
1661504776433637000,42.95,3,42.85,21,42.95,62,1,2022-08-26 09:06:16
1661504776569241000,42.95,5,42.85,21,42.95,57,1,2022-08-26 09:06:16
1661504776904310000,42.85,1,42.85,20,42.95,57,2,2022-08-26 09:06:16
1661504776961382000,42.85,5,42.85,15,42.95,57,2,2022-08-26 09:06:16
1661504777763475000,42.9,1,42.85,15,42.9,6,2,2022-08-26 09:06:17
1661504778315613000,42.9,1,42.85,15,42.9,8,1,2022-08-26 09:06:18
1661504778603836000,42.9,9,42.85,15,42.95,57,1,2022-08-26 09:06:18
1661504778603836000,42.95,1,42.85,15,42.95,57,1,2022-08-26 09:06:18
1661504778718903000,42.95,3,42.85,15,42.95,58,1,2022-08-26 09:06:18
1661504779563560000,42.85,4,42.85,15,42.9,6,2,2022-08-26 09:06:19
1661504779789121000,42.9,2,42.85,11,42.9,4,1,2022-08-26 09:06:19
1661504779944566000,42.85,1,42.85,10,42.9,4,2,2022-08-26 09:06:19
1661504780201399000,42.9,1,42.85,20,42.9,17,1,2022-08-26 09:06:20
1661504780321361000,42.85,3,42.85,17,42.9,16,2,2022-08-26 09:06:20
1661504780490502000,42.9,1,42.85,17,42.9,15,1,2022-08-26 09:06:20
1661504781096373000,42.85,12,42.85,5,42.9,21,2,2022-08-26 09:06:21
1661504781127445000,42.85,5,42.8,46,42.9,21,2,2022-08-26 09:06:21
1661504781191219000,42.8,2,42.8,46,42.9,21,2,2022-08-26 09:06:21
1661504781280668000,42.9,1,42.8,44,42.9,20,1,2022-08-26 09:06:21
1661504781880609000,42.8,1,42.8,43,42.9,21,2,2022-08-26 09:06:21
1661504781890477000,42.9,1,42.8,43,42.9,20,1,2022-08-26 09:06:21
1661504782017679000,42.8,1,42.8,42,42.9,20,2,2022-08-26 09:06:22
1661504782034399000,42.9,1,42.8,42,42.9,19,1,2022-08-26 09:06:22
1661504782133619000,42.85,1,42.8,42,42.9,18,1,2022-08-26 09:06:22
1661504782133619000,42.9,1,42.8,42,42.9,18,1,2022-08-26 09:06:22
1661504782402001000,42.85,1,42.8,42,42.9,18,2,2022-08-26 09:06:22
1661504782568708000,42.9,1,42.8,43,42.9,17,1,2022-08-26 09:06:22
1661504782791065000,42.8,15,42.8,28,42.9,16,2,2022-08-26 09:06:22
1661504782884081000,42.85,1,42.8,28,42.85,1,1,2022-08-26 09:06:22
1661504782946585000,42.85,1,42.8,28,42.85,2,1,2022-08-26 09:06:22
1661504784493644000,42.85,6,42.8,28,42.85,1,1,2022-08-26 09:06:24
1661504784702731000,42.8,1,42.8,27,42.85,1,2,2022-08-26 09:06:24
1661504785138516000,42.8,10,42.8,17,42.85,2,2,2022-08-26 09:06:25
1661504785286343000,42.85,1,42.8,17,42.85,1,1,2022-08-26 09:06:25
1661504785751197000,42.85,1,42.85,3,42.9,16,1,2022-08-26 09:06:25
1661504785783804000,42.85,3,42.8,17,42.9,16,2,2022-08-26 09:06:25
1661504786743844000,42.85,1,42.8,22,42.85,2,1,2022-08-26 09:06:26
1661504787037831000,42.85,1,42.8,23,42.9,16,1,2022-08-26 09:06:27
1661504787325524000,42.8,10,42.8,15,42.9,16,2,2022-08-26 09:06:27
1661504787593816000,42.9,1,42.8,15,42.9,16,1,2022-08-26 09:06:27
1661504787916182000,42.85,5,42.8,16,42.85,5,1,2022-08-26 09:06:27
1661504788155959000,42.8,1,42.8,15,42.85,5,2,2022-08-26 09:06:28
1661504788350121000,42.85,2,42.8,17,42.85,3,1,2022-08-26 09:06:28
1661504788521764000,42.85,1,42.8,17,42.85,2,1,2022-08-26 09:06:28
1661504788726926000,42.85,1,42.8,17,42.85,1,1,2022-08-26 09:06:28
1661504790018041000,42.85,2,42.8,22,42.85,6,1,2022-08-26 09:06:30
1661504790372392000,42.85,1,42.8,22,42.85,6,1,2022-08-26 09:06:30
1661504790469145000,42.8,10,42.8,12,42.85,6,2,2022-08-26 09:06:30
1661504790706745000,42.85,1,42.8,12,42.85,5,1,2022-08-26 09:06:30
1661504791376483000,42.85,4,42.8,12,42.85,2,1,2022-08-26 09:06:31
1661504792082915000,42.85,1,42.8,13,42.85,9,1,2022-08-26 09:06:32
1661504792198528000,42.85,5,42.8,13,42.85,10,1,2022-08-26 09:06:32
1661504792260230000,42.8,1,42.8,12,42.85,4,2,2022-08-26 09:06:32
1661504792576500000,42.85,5,42.8,16,42.85,10,1,2022-08-26 09:06:32
1661504793251750000,42.85,1,42.8,17,42.85,9,1,2022-08-26 09:06:33
1661504793422948000,42.85,1,42.8,17,42.85,10,1,2022-08-26 09:06:33
1661504793561068000,42.8,1,42.8,16,42.85,14,2,2022-08-26 09:06:33
1661504793675723000,42.85,1,42.8,17,42.85,14,1,2022-08-26 09:06:33
1661504794179688000,42.85,1,42.8,16,42.85,13,1,2022-08-26 09:06:34
1661504794846975000,42.8,5,42.8,12,42.85,15,2,2022-08-26 09:06:34
1661504796218996000,42.8,1,42.8,9,42.85,17,2,2022-08-26 09:06:36
1661504796491857000,42.8,5,42.8,4,42.85,17,2,2022-08-26 09:06:36
1661504796868088000,42.8,2,42.8,2,42.85,17,2,2022-08-26 09:06:36
1661504796888502000,42.8,2,42.8,1,42.85,17,2,2022-08-26 09:06:36
1661504796904990000,42.8,1,42.75,33,42.85,17,2,2022-08-26 09:06:36
1661504796904990000,42.75,9,42.75,33,42.85,17,2,2022-08-26 09:06:36
1661504796959514000,42.85,1,42.8,5,42.85,16,1,2022-08-26 09:06:36
1661504797056039000,42.85,1,42.8,5,42.85,17,1,2022-08-26 09:06:37
1661504797499892000,42.8,1,42.8,5,42.85,15,2,2022-08-26 09:06:37
1661504797527828000,42.8,5,42.75,32,42.85,15,2,2022-08-26 09:06:37
1661504798259741000,42.8,1,42.8,1,42.85,15,2,2022-08-26 09:06:38
1661504798637556000,42.8,1,42.75,33,42.85,15,2,2022-08-26 09:06:38
1661504799164700000,42.8,1,42.8,2,42.85,15,2,2022-08-26 09:06:39
1661504799326544000,42.85,1,42.8,1,42.85,14,1,2022-08-26 09:06:39
1661504799615238000,42.85,1,42.8,1,42.85,13,1,2022-08-26 09:06:39
1661504800092046000,42.8,1,42.8,1,42.85,13,2,2022-08-26 09:06:40
1661504800521177000,42.85,1,42.8,2,42.85,12,1,2022-08-26 09:06:40
1661504801101403000,42.8,1,42.8,5,42.85,12,2,2022-08-26 09:06:41
1661504801511578000,42.8,7,42.75,33,42.8,4,2,2022-08-26 09:06:41
1661504802112709000,42.8,2,42.75,38,42.8,2,1,2022-08-26 09:06:42
1661504802251634000,42.8,1,42.75,38,42.8,1,1,2022-08-26 09:06:42
1661504802266007000,42.8,1,42.75,38,42.8,4,1,2022-08-26 09:06:42
1661504802917408000,42.8,1,42.75,38,42.85,14,2,2022-08-26 09:06:42
1661504802970611000,42.85,1,42.75,38,42.85,13,1,2022-08-26 09:06:42
1661504803270996000,42.8,3,42.75,38,42.8,3,1,2022-08-26 09:06:43
1661504804173266000,42.75,1,42.75,37,42.85,13,2,2022-08-26 09:06:44
1661504804362459000,42.75,2,42.75,36,42.8,3,2,2022-08-26 09:06:44
1661504804804021000,42.8,3,42.8,7,42.85,14,1,2022-08-26 09:06:44
1661504805376399000,42.85,1,42.8,7,42.85,13,1,2022-08-26 09:06:45
1661504805849668000,42.85,1,42.8,8,42.85,12,1,2022-08-26 09:06:45
1661504806340993000,42.8,2,42.8,6,42.85,12,2,2022-08-26 09:06:46
1661504808151398000,42.8,10,42.75,38,42.8,15,2,2022-08-26 09:06:48
1661504808213082000,42.8,2,42.75,38,42.8,13,1,2022-08-26 09:06:48
1661504808219211000,42.75,1,42.75,38,42.8,15,2,2022-08-26 09:06:48
1661504808442868000,42.8,2,42.75,37,42.8,13,1,2022-08-26 09:06:48
1661504809124599000,42.75,5,42.75,37,42.8,12,2,2022-08-26 09:06:49
1661504809606061000,42.8,2,42.75,33,42.8,12,1,2022-08-26 09:06:49
1661504809950052000,42.75,3,42.75,30,42.8,20,2,2022-08-26 09:06:49
1661504810015118000,42.8,10,42.75,30,42.8,10,1,2022-08-26 09:06:50
1661504810432953000,42.75,1,42.75,30,42.8,11,2,2022-08-26 09:06:50
1661504810925984000,42.8,5,42.75,29,42.8,12,1,2022-08-26 09:06:50
1661504811499643000,42.8,3,42.75,29,42.8,5,1,2022-08-26 09:06:51
1661504811535541000,42.8,1,42.75,29,42.8,4,1,2022-08-26 09:06:51
1661504811648509000,42.75,1,42.75,32,42.8,5,2,2022-08-26 09:06:51
1661504812520357000,42.8,1,42.75,31,42.8,9,1,2022-08-26 09:06:52
1661504812893960000,42.8,4,42.75,32,42.8,8,1,2022-08-26 09:06:52
1661504814036980000,42.8,5,42.75,36,42.8,3,1,2022-08-26 09:06:54
1661504814761353000,42.75,5,42.75,38,42.8,3,2,2022-08-26 09:06:54
1661504815089918000,42.8,1,42.75,33,42.8,4,1,2022-08-26 09:06:55
1661504815191696000,42.8,1,42.75,34,42.8,4,1,2022-08-26 09:06:55
1661504815334240000,42.75,20,42.75,14,42.8,3,2,2022-08-26 09:06:55
1661504815425131000,42.8,3,42.8,2,42.85,11,1,2022-08-26 09:06:55
1661504815634872000,42.8,1,42.8,2,42.85,11,2,2022-08-26 09:06:55
1661504816112227000,42.8,2,42.75,12,42.85,11,2,2022-08-26 09:06:56
1661504816112227000,42.75,3,42.75,12,42.85,11,2,2022-08-26 09:06:56
1661504816832470000,42.85,10,42.8,1,42.85,1,1,2022-08-26 09:06:56
1661504816871235000,42.85,1,42.8,4,42.9,11,1,2022-08-26 09:06:56
1661504816913848000,42.8,4,42.75,11,42.9,11,2,2022-08-26 09:06:56
1661504816913848000,42.75,1,42.75,11,42.9,11,2,2022-08-26 09:06:56
1661504817637882000,42.8,1,42.75,17,42.8,3,1,2022-08-26 09:06:57
1661504817874875000,42.8,10,42.75,17,42.8,4,1,2022-08-26 09:06:57
1661504817906847000,42.8,3,42.75,17,42.8,1,1,2022-08-26 09:06:57
1661504817947883000,42.8,1,42.75,17,42.9,11,1,2022-08-26 09:06:57
1661504819622371000,42.8,1,42.75,15,42.8,3,1,2022-08-26 09:06:59
1661504820351988000,42.8,2,42.75,15,42.8,1,1,2022-08-26 09:07:00
1661504820674397000,42.75,2,42.75,15,42.8,2,2,2022-08-26 09:07:00
1661504821852766000,42.8,1,42.75,13,42.8,3,1,2022-08-26 09:07:01
1661504822239477000,42.75,2,42.75,11,42.8,5,2,2022-08-26 09:07:02
1661504822294802000,42.8,1,42.75,11,42.8,4,1,2022-08-26 09:07:02
1661504823484371000,42.75,1,42.75,10,42.8,4,2,2022-08-26 09:07:03
1661504824243698000,42.8,3,42.75,11,42.8,8,1,2022-08-26 09:07:04
1661504826595686000,42.75,1,42.75,17,42.8,19,2,2022-08-26 09:07:06
1661504826652571000,42.75,1,42.75,18,42.8,19,2,2022-08-26 09:07:06
1661504826927086000,42.75,9,42.75,7,42.8,21,2,2022-08-26 09:07:06
1661504826956517000,42.75,7,42.7,93,42.8,21,2,2022-08-26 09:07:06
1661504827221711000,42.75,1,42.7,93,42.8,21,2,2022-08-26 09:07:07
1661504827239429000,42.8,1,42.75,1,42.8,21,1,2022-08-26 09:07:07
1661504827446975000,42.7,2,42.7,91,42.8,21,2,2022-08-26 09:07:07
1661504829461382000,42.8,1,42.7,95,42.8,22,1,2022-08-26 09:07:09
1661504833222209000,42.75,5,42.75,6,42.8,54,2,2022-08-26 09:07:13
1661504833257625000,42.75,6,42.75,8,42.8,54,2,2022-08-26 09:07:13
1661504834476394000,42.75,1,42.75,1,42.8,56,2,2022-08-26 09:07:14
1661504835252316000,42.75,1,42.75,1,42.8,56,2,2022-08-26 09:07:15
1661504835366599000,42.8,2,42.7,96,42.8,54,1,2022-08-26 09:07:15
1661504835466875000,42.75,1,42.75,99,42.8,54,1,2022-08-26 09:07:15
1661504836985825000,42.75,2,42.75,97,42.8,54,2,2022-08-26 09:07:16
1661504839317610000,42.8,5,42.75,100,42.8,49,1,2022-08-26 09:07:19
1661504839747675000,42.8,1,42.75,100,42.8,48,1,2022-08-26 09:07:19
1661504839970132000,42.8,2,42.75,100,42.8,46,1,2022-08-26 09:07:19
1661504840484511000,42.8,1,42.75,120,42.8,45,1,2022-08-26 09:07:20
1661504840624832000,42.8,1,42.75,120,42.8,44,1,2022-08-26 09:07:20
1661504840650157000,42.75,2,42.75,120,42.8,44,2,2022-08-26 09:07:20
1661504842273033000,42.75,5,42.75,116,42.8,44,2,2022-08-26 09:07:22
1661504842656665000,42.75,20,42.75,96,42.8,24,2,2022-08-26 09:07:22
1661504842676988000,42.8,2,42.75,96,42.8,22,1,2022-08-26 09:07:22
1661504842914440000,42.8,1,42.75,96,42.8,21,1,2022-08-26 09:07:22
1661504844019868000,42.8,5,42.75,96,42.8,16,1,2022-08-26 09:07:24
1661504844049185000,42.8,1,42.75,96,42.8,15,1,2022-08-26 09:07:24
1661504844901111000,42.8,3,42.75,101,42.8,12,1,2022-08-26 09:07:24
1661504844967711000,42.75,1,42.75,100,42.8,12,2,2022-08-26 09:07:24
1661504845968971000,42.75,1,42.75,99,42.8,12,2,2022-08-26 09:07:25
1661504846416539000,42.8,1,42.75,100,42.8,11,1,2022-08-26 09:07:26
1661504847715088000,42.8,2,42.75,100,42.8,9,1,2022-08-26 09:07:27
1661504848255805000,42.8,1,42.75,101,42.8,10,1,2022-08-26 09:07:28
1661504849866548000,42.8,2,42.75,104,42.8,13,1,2022-08-26 09:07:29
1661504850531833000,42.75,2,42.75,102,42.8,13,2,2022-08-26 09:07:30
1661504850835884000,42.8,2,42.75,102,42.8,11,1,2022-08-26 09:07:30
1661504850840204000,42.8,10,42.75,102,42.8,1,1,2022-08-26 09:07:30
1661504850856459000,42.8,1,42.8,4,42.85,11,1,2022-08-26 09:07:30
1661504851947652000,42.8,4,42.75,98,42.85,11,2,2022-08-26 09:07:31
1661504851947652000,42.75,6,42.75,98,42.85,11,2,2022-08-26 09:07:31
1661504853096042000,42.8,7,42.8,8,42.85,11,2,2022-08-26 09:07:33
1661504853368201000,42.8,1,42.75,98,42.85,11,2,2022-08-26 09:07:33
1661504854112765000,42.8,1,42.75,98,42.8,3,1,2022-08-26 09:07:34
1661504854326521000,42.75,1,42.75,97,42.8,2,2,2022-08-26 09:07:34
1661504854513974000,42.8,2,42.75,97,42.85,11,1,2022-08-26 09:07:34
1661504855594476000,42.75,3,42.75,98,42.85,11,2,2022-08-26 09:07:35
1661504856013668000,42.8,1,42.75,93,42.85,11,2,2022-08-26 09:07:36
1661504856013668000,42.75,2,42.75,93,42.85,11,2,2022-08-26 09:07:36
1661504856014854000,42.75,1,42.75,92,42.85,11,2,2022-08-26 09:07:36
1661504856016337000,42.75,6,42.75,86,42.85,11,2,2022-08-26 09:07:36
1661504856017584000,42.75,4,42.75,82,42.85,11,2,2022-08-26 09:07:36
1661504856019417000,42.75,7,42.75,75,42.85,11,2,2022-08-26 09:07:36
1661504856020532000,42.75,13,42.75,62,42.85,11,2,2022-08-26 09:07:36
1661504856021588000,42.75,19,42.75,43,42.85,11,2,2022-08-26 09:07:36
1661504856052686000,42.75,31,42.75,12,42.85,11,2,2022-08-26 09:07:36
1661504856131186000,42.75,1,42.75,11,42.8,1,2,2022-08-26 09:07:36
1661504856252360000,42.8,1,42.8,1,42.85,11,1,2022-08-26 09:07:36
1661504856286075000,42.8,1,42.75,12,42.8,1,2,2022-08-26 09:07:36
1661504857007793000,42.75,1,42.75,10,42.8,8,2,2022-08-26 09:07:37
1661504858106246000,42.8,1,42.75,8,42.85,12,2,2022-08-26 09:07:38
1661504858106246000,42.75,4,42.75,8,42.85,12,2,2022-08-26 09:07:38
1661504858160688000,42.75,1,42.75,7,42.85,12,2,2022-08-26 09:07:38
1661504858201691000,42.75,1,42.75,7,42.85,17,2,2022-08-26 09:07:38
1661504858530814000,42.75,6,42.7,82,42.8,1,2,2022-08-26 09:07:38
1661504858530814000,42.7,2,42.7,82,42.8,1,2,2022-08-26 09:07:38
1661504858579807000,42.7,1,42.7,81,42.8,1,2,2022-08-26 09:07:38
1661504859657140000,42.75,2,42.7,76,42.75,9,1,2022-08-26 09:07:39
1661504860221445000,42.75,5,42.7,76,42.75,4,1,2022-08-26 09:07:40
1661504862371605000,42.7,5,42.7,71,42.75,4,2,2022-08-26 09:07:42
1661504863030206000,42.75,4,42.75,1,42.8,5,1,2022-08-26 09:07:43
1661504863065565000,42.75,1,42.7,71,42.8,5,2,2022-08-26 09:07:43
1661504863528108000,42.7,1,42.7,75,42.8,5,2,2022-08-26 09:07:43
1661504864411326000,42.7,1,42.7,74,42.8,5,2,2022-08-26 09:07:44
1661504864485351000,42.7,1,42.7,73,42.8,5,2,2022-08-26 09:07:44
1661504865505282000,42.7,1,42.7,72,42.75,1,2,2022-08-26 09:07:45
1661504865596009000,42.7,1,42.7,71,42.75,1,2,2022-08-26 09:07:45
1661504866374189000,42.7,1,42.7,69,42.75,1,2,2022-08-26 09:07:46
1661504866424489000,42.7,5,42.7,64,42.75,1,2,2022-08-26 09:07:46
1661504867362167000,42.7,1,42.7,62,42.75,3,2,2022-08-26 09:07:47
1661504868508539000,42.7,1,42.7,61,42.75,4,2,2022-08-26 09:07:48
1661504868533021000,42.7,1,42.7,60,42.75,4,2,2022-08-26 09:07:48
1661504868633818000,42.7,1,42.7,59,42.75,4,2,2022-08-26 09:07:48
1661504868641703000,42.7,1,42.7,58,42.75,4,2,2022-08-26 09:07:48
1661504868889508000,42.7,1,42.7,57,42.75,4,2,2022-08-26 09:07:48
1661504869955163000,42.75,1,42.7,60,42.75,8,1,2022-08-26 09:07:49
1661504870680858000,42.75,1,42.7,60,42.75,10,1,2022-08-26 09:07:50
1661504870948874000,42.7,1,42.7,59,42.75,9,2,2022-08-26 09:07:50
1661504871412141000,42.7,10,42.7,49,42.75,10,2,2022-08-26 09:07:51
1661504872195451000,42.7,2,42.7,47,42.75,10,2,2022-08-26 09:07:52
1661504872225652000,42.7,14,42.7,33,42.75,10,2,2022-08-26 09:07:52
1661504872256714000,42.7,33,42.65,33,42.75,10,2,2022-08-26 09:07:52
1661504873534548000,42.65,1,42.65,32,42.7,3,2,2022-08-26 09:07:53
1661504873693142000,42.65,1,42.65,31,42.7,3,2,2022-08-26 09:07:53
1661504874425708000,42.65,1,42.65,30,42.7,5,2,2022-08-26 09:07:54
1661504874459084000,42.65,4,42.65,26,42.7,5,2,2022-08-26 09:07:54
1661504874623047000,42.65,2,42.65,25,42.7,6,2,2022-08-26 09:07:54
1661504874737755000,42.65,20,42.65,5,42.7,6,2,2022-08-26 09:07:54
1661504874769102000,42.65,2,42.65,5,42.7,6,2,2022-08-26 09:07:54
1661504875149618000,42.65,1,42.65,2,42.7,6,2,2022-08-26 09:07:55
1661504875393131000,42.65,1,42.65,1,42.7,6,2,2022-08-26 09:07:55
1661504875418372000,42.65,1,42.6,44,42.7,6,2,2022-08-26 09:07:55
1661504875721077000,42.7,2,42.6,44,42.7,6,1,2022-08-26 09:07:55
1661504876111768000,42.7,4,42.6,44,42.7,4,1,2022-08-26 09:07:56
1661504876111768000,42.75,1,42.6,44,42.7,4,1,2022-08-26 09:07:56
1661504878004293000,42.6,20,42.6,24,42.65,8,2,2022-08-26 09:07:58
1661504878166496000,42.65,1,42.6,24,42.65,7,1,2022-08-26 09:07:58
1661504878786229000,42.6,1,42.6,23,42.65,7,2,2022-08-26 09:07:58
1661504878844578000,42.65,2,42.6,23,42.65,5,1,2022-08-26 09:07:58
1661504878852165000,42.6,1,42.6,22,42.65,5,2,2022-08-26 09:07:58
1661504878945853000,42.6,1,42.6,21,42.65,5,2,2022-08-26 09:07:58
1661504878995609000,42.6,20,42.6,1,42.65,5,2,2022-08-26 09:07:58
1661504879054797000,42.6,1,42.55,36,42.65,5,2,2022-08-26 09:07:59
1661504879284432000,42.65,5,42.55,36,42.65,5,1,2022-08-26 09:07:59
1661504879542842000,42.65,1,42.65,4,42.7,1,2,2022-08-26 09:07:59
1661504879860059000,42.65,3,42.65,1,42.7,1,2,2022-08-26 09:07:59
1661504879968932000,42.65,1,42.6,1,42.7,1,2,2022-08-26 09:07:59
1661504883252992000,42.65,2,42.6,4,42.75,7,1,2022-08-26 09:08:03
1661504883252992000,42.7,1,42.6,4,42.75,7,1,2022-08-26 09:08:03
1661504883252992000,42.75,2,42.6,4,42.75,7,1,2022-08-26 09:08:03
1661504885853092000,42.6,8,42.55,35,42.65,5,2,2022-08-26 09:08:05
1661504885853092000,42.55,2,42.55,35,42.65,5,2,2022-08-26 09:08:05
1661504886064411000,42.55,2,42.55,35,42.65,5,2,2022-08-26 09:08:06
1661504888038967000,42.65,2,42.6,6,42.65,5,1,2022-08-26 09:08:08
1661504890596766000,42.6,9,42.55,29,42.6,3,2,2022-08-26 09:08:10
1661504891025186000,42.6,4,42.55,31,42.65,4,1,2022-08-26 09:08:11
1661504891032215000,42.65,4,42.55,31,42.7,3,1,2022-08-26 09:08:11
1661504891032215000,42.7,2,42.55,31,42.7,3,1,2022-08-26 09:08:11
1661504891627158000,42.65,1,42.55,22,42.7,3,2,2022-08-26 09:08:11
1661504891627158000,42.55,9,42.55,22,42.7,3,2,2022-08-26 09:08:11
1661504891951434000,42.6,1,42.55,22,42.7,3,1,2022-08-26 09:08:11
1661504892214199000,42.65,1,42.55,10,42.7,3,2,2022-08-26 09:08:12
1661504892214199000,42.55,14,42.55,10,42.7,3,2,2022-08-26 09:08:12
1661504893664590000,42.65,1,42.6,1,42.7,3,2,2022-08-26 09:08:13
1661504897659550000,42.6,1,42.6,3,42.7,3,2,2022-08-26 09:08:17
1661504897784086000,42.6,1,42.6,2,42.65,1,2,2022-08-26 09:08:17
1661504898230842000,42.6,2,42.55,23,42.6,8,2,2022-08-26 09:08:18
1661504899256712000,42.6,5,42.55,27,42.6,3,1,2022-08-26 09:08:19
1661504899288196000,42.6,3,42.55,27,42.65,7,1,2022-08-26 09:08:19
1661504899349526000,42.65,5,42.55,27,42.65,7,1,2022-08-26 09:08:19
1661504901037216000,42.65,2,42.6,1,42.65,8,1,2022-08-26 09:08:21
1661504902057959000,42.6,1,42.55,28,42.6,1,2,2022-08-26 09:08:22
1661504902111029000,42.55,1,42.55,27,42.6,1,2,2022-08-26 09:08:22
1661504902216146000,42.55,1,42.55,26,42.6,1,2,2022-08-26 09:08:22
1661504902780131000,42.6,1,42.55,26,42.65,9,1,2022-08-26 09:08:22
1661504902780131000,42.65,1,42.55,26,42.65,9,1,2022-08-26 09:08:22
1661504905180299000,42.65,1,42.6,3,42.65,11,1,2022-08-26 09:08:25
1661504906335962000,42.6,5,42.6,8,42.65,11,2,2022-08-26 09:08:26
1661504908490603000,42.65,6,42.6,7,42.65,7,1,2022-08-26 09:08:28
1661504909883359000,42.65,8,42.6,9,42.7,13,1,2022-08-26 09:08:29
1661504909883359000,42.7,2,42.6,9,42.7,13,1,2022-08-26 09:08:29
1661504912133741000,42.65,1,42.6,17,42.7,13,2,2022-08-26 09:08:32
1661504913254856000,42.6,3,42.6,16,42.7,12,2,2022-08-26 09:08:33
1661504914890479000,42.6,4,42.6,13,42.7,12,2,2022-08-26 09:08:34
1661504915772865000,42.65,1,42.6,15,42.7,12,1,2022-08-26 09:08:35
1661504915906076000,42.65,1,42.6,15,42.7,12,1,2022-08-26 09:08:35
1661504922634271000,42.6,5,42.6,21,42.65,12,2,2022-08-26 09:08:42
1661504923144216000,42.6,20,42.6,1,42.65,12,2,2022-08-26 09:08:43
1661504925315725000,42.6,10,42.6,1,42.65,12,2,2022-08-26 09:08:45
1661504925654155000,42.6,1,42.55,36,42.65,12,2,2022-08-26 09:08:45
1661504926778822000,42.6,1,42.55,36,42.65,26,1,2022-08-26 09:08:46
1661504927405677000,42.6,1,42.55,36,42.6,2,2,2022-08-26 09:08:47
1661504928113503000,42.6,1,42.55,36,42.6,1,1,2022-08-26 09:08:48
1661504930612491000,42.6,1,42.55,36,42.6,2,1,2022-08-26 09:08:50
1661504933953994000,42.55,1,42.55,36,42.6,7,2,2022-08-26 09:08:53
1661504934446355000,42.6,2,42.55,36,42.6,8,1,2022-08-26 09:08:54
1661504937151027000,42.55,10,42.55,28,42.6,17,2,2022-08-26 09:08:57
1661504937443122000,42.55,2,42.55,27,42.6,17,2,2022-08-26 09:08:57
1661504938877233000,42.6,5,42.55,26,42.6,19,1,2022-08-26 09:08:58
1661504939792973000,42.6,1,42.55,26,42.6,13,1,2022-08-26 09:08:59
1661504939807992000,42.6,2,42.55,26,42.6,11,1,2022-08-26 09:08:59
1661504940142245000,42.6,3,42.55,26,42.6,8,1,2022-08-26 09:09:00
1661504940246289000,42.6,1,42.55,26,42.6,8,1,2022-08-26 09:09:00
1661504940400348000,42.55,1,42.55,25,42.6,8,2,2022-08-26 09:09:00
1661504940408345000,42.55,1,42.55,24,42.6,8,2,2022-08-26 09:09:00
1661504943807775000,42.55,2,42.55,27,42.6,9,2,2022-08-26 09:09:03
1661504944566411000,42.6,1,42.55,31,42.6,12,1,2022-08-26 09:09:04
1661504945514618000,42.55,3,42.55,30,42.6,14,2,2022-08-26 09:09:05
1661504945565723000,42.55,22,42.55,8,42.6,14,2,2022-08-26 09:09:05
1661504946280441000,42.55,8,42.5,78,42.6,16,2,2022-08-26 09:09:06
1661504946280441000,42.5,2,42.5,78,42.6,16,2,2022-08-26 09:09:06
1661504947362850000,42.55,5,42.55,11,42.6,17,2,2022-08-26 09:09:07
1661504947397198000,42.55,6,42.5,72,42.6,17,2,2022-08-26 09:09:07
1661504947397198000,42.5,7,42.5,72,42.6,17,2,2022-08-26 09:09:07
1661504948538467000,42.55,1,42.5,71,42.55,2,1,2022-08-26 09:09:08
1661504949957946000,42.55,3,42.55,2,42.6,20,1,2022-08-26 09:09:09
1661504950089084000,42.55,1,42.55,1,42.6,20,2,2022-08-26 09:09:10
1661504951328928000,42.55,1,42.5,71,42.6,25,2,2022-08-26 09:09:11
1661504952299988000,42.55,3,42.55,22,42.6,25,1,2022-08-26 09:09:12
1661504952303995000,42.55,1,42.55,21,42.6,25,2,2022-08-26 09:09:12
1661504952361505000,42.55,1,42.5,70,42.55,3,2,2022-08-26 09:09:12
1661504954845478000,42.55,1,42.55,21,42.6,35,2,2022-08-26 09:09:14
1661504955392423000,42.55,1,42.55,20,42.6,35,2,2022-08-26 09:09:15
1661504957632128000,42.55,13,42.55,8,42.6,44,2,2022-08-26 09:09:17
1661504957994525000,42.55,1,42.55,9,42.6,45,2,2022-08-26 09:09:17
1661504959212969000,42.55,2,42.55,6,42.6,50,2,2022-08-26 09:09:19
1661504959292485000,42.55,1,42.55,8,42.6,50,2,2022-08-26 09:09:19
1661504960132275000,42.55,2,42.55,3,42.6,50,2,2022-08-26 09:09:20
1661504960258264000,42.55,1,42.55,2,42.6,50,2,2022-08-26 09:09:20
1661504960842589000,42.55,2,42.55,3,42.6,51,2,2022-08-26 09:09:20
1661504961530045000,42.55,1,42.55,2,42.6,51,2,2022-08-26 09:09:21
1661504961591844000,42.55,2,42.5,72,42.55,3,2,2022-08-26 09:09:21
1661504962196060000,42.55,2,42.5,72,42.55,24,1,2022-08-26 09:09:22
1661504963433919000,42.5,1,42.5,71,42.55,22,2,2022-08-26 09:09:23
1661504963798360000,42.55,5,42.5,70,42.55,18,1,2022-08-26 09:09:23
1661504966052517000,42.5,5,42.5,66,42.55,19,2,2022-08-26 09:09:26
1661504967401627000,42.55,1,42.5,66,42.55,19,1,2022-08-26 09:09:27
1661504967763489000,42.55,5,42.5,66,42.55,14,1,2022-08-26 09:09:27
1661504968946707000,42.55,5,42.5,66,42.55,10,1,2022-08-26 09:09:28
1661504969732075000,42.55,1,42.5,66,42.55,9,1,2022-08-26 09:09:29
1661504969748733000,42.55,9,42.5,66,42.6,53,1,2022-08-26 09:09:29
1661504971819218000,42.55,1,42.55,1,42.6,43,2,2022-08-26 09:09:31
1661504972367077000,42.55,1,42.5,66,42.55,4,2,2022-08-26 09:09:32
1661504972396044000,42.55,4,42.5,66,42.6,43,1,2022-08-26 09:09:32
1661504973715366000,42.55,1,42.55,4,42.6,43,1,2022-08-26 09:09:33
1661504974067043000,42.55,1,42.55,3,42.6,44,2,2022-08-26 09:09:34
1661504974747758000,42.55,2,42.55,1,42.6,45,2,2022-08-26 09:09:34
1661504975660933000,42.55,1,42.5,66,42.6,45,2,2022-08-26 09:09:35
1661504975982070000,42.55,1,42.5,66,42.55,1,1,2022-08-26 09:09:35
1661504977075730000,42.5,20,42.5,47,42.55,1,2,2022-08-26 09:09:37
1661504977510434000,42.55,1,42.5,47,42.6,47,1,2022-08-26 09:09:37
1661504979088610000,42.55,1,42.55,4,42.6,47,2,2022-08-26 09:09:39
1661504980096474000,42.55,1,42.55,4,42.6,47,2,2022-08-26 09:09:40
1661504980905735000,42.55,4,42.5,48,42.55,1,2,2022-08-26 09:09:40
1661504980940155000,42.55,1,42.5,48,42.6,47,1,2022-08-26 09:09:40
1661504981626128000,42.5,10,42.5,40,42.6,47,2,2022-08-26 09:09:41
1661504983026919000,42.55,2,42.55,1,42.6,47,2,2022-08-26 09:09:43
1661504983402154000,42.55,1,42.5,41,42.6,47,2,2022-08-26 09:09:43
1661504983538054000,42.55,1,42.5,41,42.6,47,1,2022-08-26 09:09:43
1661504984415444000,42.55,1,42.5,41,42.6,47,2,2022-08-26 09:09:44
1661504987430245000,42.55,1,42.5,42,42.6,48,1,2022-08-26 09:09:47
1661504990439082000,42.5,1,42.5,52,42.6,53,2,2022-08-26 09:09:50
1661504991058156000,42.55,1,42.5,50,42.6,53,2,2022-08-26 09:09:51
1661504991058156000,42.5,2,42.5,50,42.6,53,2,2022-08-26 09:09:51
1661504991274253000,42.55,1,42.5,50,42.55,1,1,2022-08-26 09:09:51
1661504991929901000,42.5,1,42.5,49,42.6,52,2,2022-08-26 09:09:51
1661504992136849000,42.55,1,42.5,49,42.55,1,1,2022-08-26 09:09:52
1661504993274619000,42.55,1,42.55,1,42.6,53,2,2022-08-26 09:09:53
1661504994141783000,42.55,1,42.55,10,42.6,53,2,2022-08-26 09:09:54
1661504995648391000,42.55,3,42.55,7,42.6,53,2,2022-08-26 09:09:55
1661504996386357000,42.55,7,42.5,49,42.6,46,2,2022-08-26 09:09:56
1661504996513404000,42.5,1,42.5,48,42.6,46,2,2022-08-26 09:09:56
1661504997353897000,42.55,1,42.5,44,42.6,46,2,2022-08-26 09:09:57
1661504997353897000,42.5,4,42.5,44,42.6,46,2,2022-08-26 09:09:57
1661504997426535000,42.5,2,42.5,42,42.6,46,2,2022-08-26 09:09:57
1661504997599785000,42.55,1,42.5,42,42.6,46,1,2022-08-26 09:09:57
1661504998248645000,42.55,1,42.5,42,42.55,3,2,2022-08-26 09:09:58
1661504998271924000,42.55,3,42.55,1,42.6,46,1,2022-08-26 09:09:58
1661504999232175000,42.55,1,42.5,43,42.55,4,2,2022-08-26 09:09:59
1661504999251241000,42.55,4,42.5,43,42.6,41,1,2022-08-26 09:09:59
1661504999282206000,42.6,41,42.5,43,42.65,20,1,2022-08-26 09:09:59
1661504999333166000,42.65,20,42.5,47,42.65,20,1,2022-08-26 09:09:59
1661505000556452000,42.6,2,42.5,49,42.7,29,1,2022-08-26 09:10:00
1661505001292848000,42.55,1,42.5,49,42.7,29,2,2022-08-26 09:10:01
1661505002055473000,42.6,1,42.55,3,42.7,28,1,2022-08-26 09:10:02
1661505004898487000,42.55,5,42.55,2,42.7,30,2,2022-08-26 09:10:04
1661505004911046000,42.55,1,42.55,1,42.7,30,2,2022-08-26 09:10:04
1661505005136690000,42.55,4,42.5,51,42.55,1,2,2022-08-26 09:10:05
1661505005159809000,42.55,1,42.5,51,42.6,1,1,2022-08-26 09:10:05
1661505006346088000,42.6,1,42.55,8,42.6,1,1,2022-08-26 09:10:06
1661505006448063000,42.55,2,42.55,6,42.65,2,2,2022-08-26 09:10:06
1661505006518587000,42.65,1,42.55,6,42.65,1,1,2022-08-26 09:10:06
1661505007409647000,42.55,1,42.55,6,42.65,1,2,2022-08-26 09:10:07
1661505007728369000,42.6,1,42.55,6,42.65,1,1,2022-08-26 09:10:07
1661505009103427000,42.65,1,42.55,8,42.7,31,1,2022-08-26 09:10:09
1661505010146580000,42.55,5,42.55,10,42.7,31,2,2022-08-26 09:10:10
1661505011181780000,42.6,1,42.5,53,42.55,6,2,2022-08-26 09:10:11
1661505011181780000,42.55,13,42.5,53,42.55,6,2,2022-08-26 09:10:11
1661505011209573000,42.55,1,42.5,53,42.55,5,1,2022-08-26 09:10:11
1661505011209721000,42.55,5,42.5,53,42.7,30,1,2022-08-26 09:10:11
1661505014986399000,42.5,5,42.5,48,42.65,2,2,2022-08-26 09:10:14
1661505016639438000,42.55,1,42.5,52,42.55,4,2,2022-08-26 09:10:16
1661505016674633000,42.55,4,42.5,52,42.65,2,1,2022-08-26 09:10:16
1661505017943749000,42.55,3,42.5,55,42.55,2,2,2022-08-26 09:10:17
1661505017963432000,42.55,2,42.5,55,42.65,14,1,2022-08-26 09:10:17
1661505019107014000,42.65,14,42.55,3,42.7,31,1,2022-08-26 09:10:19
1661505020196950000,42.65,2,42.55,11,42.65,2,1,2022-08-26 09:10:20
1661505024640959000,42.6,1,42.55,15,42.6,4,2,2022-08-26 09:10:24
1661505024659915000,42.6,4,42.55,15,42.7,31,1,2022-08-26 09:10:24
1661505024957516000,42.55,7,42.55,5,42.7,31,2,2022-08-26 09:10:24
1661505026038870000,42.65,1,42.55,9,42.7,34,2,2022-08-26 09:10:26
1661505026879288000,42.6,1,42.55,9,42.7,34,2,2022-08-26 09:10:26
1661505030126750000,42.65,1,42.55,10,42.7,34,1,2022-08-26 09:10:30
1661505030386931000,42.55,5,42.55,13,42.7,34,2,2022-08-26 09:10:30
1661505030979334000,42.6,1,42.55,8,42.7,34,1,2022-08-26 09:10:30
1661505036812784000,42.6,1,42.55,19,42.6,4,1,2022-08-26 09:10:36
1661505036842269000,42.6,4,42.55,20,42.65,3,1,2022-08-26 09:10:36
1661505037036470000,42.6,1,42.55,20,42.65,3,1,2022-08-26 09:10:37
1661505038106032000,42.6,1,42.55,22,42.6,2,1,2022-08-26 09:10:38
1661505038140889000,42.6,2,42.55,22,42.65,3,1,2022-08-26 09:10:38
1661505038892453000,42.55,22,42.5,68,42.55,8,2,2022-08-26 09:10:38
1661505038927516000,42.55,8,42.5,68,42.65,3,1,2022-08-26 09:10:38
1661505040970819000,42.5,1,42.5,71,42.65,3,2,2022-08-26 09:10:40
1661505041267349000,42.65,3,42.6,1,42.7,34,1,2022-08-26 09:10:41
1661505042642040000,42.6,1,42.55,1,42.6,3,2,2022-08-26 09:10:42
1661505042742051000,42.55,4,42.55,4,42.6,3,2,2022-08-26 09:10:42
1661505042742051000,42.5,6,42.55,4,42.6,3,2,2022-08-26 09:10:42
1661505043559352000,42.6,3,42.55,1,42.6,3,1,2022-08-26 09:10:43
1661505044706660000,42.55,1,42.55,4,42.7,31,2,2022-08-26 09:10:44
1661505047178803000,42.55,5,42.5,70,42.7,33,2,2022-08-26 09:10:47
1661505049187066000,42.55,2,42.55,3,42.7,36,2,2022-08-26 09:10:49
1661505049464227000,42.65,1,42.55,3,42.7,36,1,2022-08-26 09:10:49
1661505050209281000,42.55,4,42.5,70,42.55,6,2,2022-08-26 09:10:50
1661505050242068000,42.55,6,42.5,66,42.7,36,1,2022-08-26 09:10:50
1661505056726603000,42.55,1,42.55,5,42.65,8,2,2022-08-26 09:10:56
1661505058635019000,42.65,8,42.55,7,42.7,37,1,2022-08-26 09:10:58
1661505060311015000,42.55,20,42.55,1,42.7,37,2,2022-08-26 09:11:00
1661505062166332000,42.55,1,42.55,11,42.7,37,2,2022-08-26 09:11:02
1661505067574157000,42.6,1,42.55,21,42.65,20,2,2022-08-26 09:11:07
1661505068421300000,42.6,10,42.55,22,42.65,20,1,2022-08-26 09:11:08
1661505068533491000,42.55,1,42.55,21,42.65,20,2,2022-08-26 09:11:08
1661505074932452000,42.55,9,42.55,19,42.6,20,2,2022-08-26 09:11:14
1661505076076201000,42.6,1,42.55,19,42.6,19,1,2022-08-26 09:11:16
1661505077092047000,42.55,1,42.55,18,42.6,19,2,2022-08-26 09:11:17
1661505079916624000,42.55,4,42.55,15,42.6,19,2,2022-08-26 09:11:19
1661505080920556000,42.55,10,42.55,17,42.6,19,2,2022-08-26 09:11:20
1661505087976170000,42.55,1,42.55,18,42.6,19,2,2022-08-26 09:11:27
1661505090051267000,42.6,1,42.55,19,42.6,19,1,2022-08-26 09:11:30
1661505092619091000,42.6,1,42.55,29,42.6,18,1,2022-08-26 09:11:32
1661505093402078000,42.6,2,42.55,29,42.6,16,1,2022-08-26 09:11:33
1661505093437246000,42.6,16,42.55,29,42.65,15,1,2022-08-26 09:11:33
1661505094532083000,42.6,2,42.55,29,42.65,12,1,2022-08-26 09:11:34
1661505095032565000,42.65,1,42.55,29,42.65,11,1,2022-08-26 09:11:35
1661505095254244000,42.6,1,42.55,28,42.65,11,2,2022-08-26 09:11:35
1661505095254244000,42.55,1,42.55,28,42.65,11,2,2022-08-26 09:11:35
1661505098316372000,42.65,1,42.55,33,42.65,10,1,2022-08-26 09:11:38
1661505102094309000,42.55,5,42.55,28,42.6,2,2,2022-08-26 09:11:42
1661505103440383000,42.6,1,42.55,29,42.6,1,1,2022-08-26 09:11:43
1661505103750240000,42.6,1,42.55,28,42.6,1,1,2022-08-26 09:11:43
1661505104863592000,42.65,1,42.55,28,42.65,15,1,2022-08-26 09:11:44
1661505129275118000,42.65,1,42.6,9,42.65,16,1,2022-08-26 09:12:09
1661505129822116000,42.65,1,42.6,9,42.65,15,1,2022-08-26 09:12:09
1661505129850219000,42.65,1,42.6,10,42.65,14,1,2022-08-26 09:12:09
1661505130371336000,42.65,14,42.6,13,42.7,38,1,2022-08-26 09:12:10
1661505131082869000,42.65,2,42.6,17,42.7,35,1,2022-08-26 09:12:11
1661505140839412000,42.7,35,42.65,12,42.75,23,1,2022-08-26 09:12:20
1661505141704254000,42.65,2,42.65,14,42.75,23,2,2022-08-26 09:12:21
1661505143798162000,42.65,15,42.6,18,42.75,23,2,2022-08-26 09:12:23
1661505144283052000,42.6,10,42.6,8,42.75,23,2,2022-08-26 09:12:24
1661505144328368000,42.65,1,42.6,8,42.65,2,1,2022-08-26 09:12:24
1661505144361461000,42.65,2,42.6,5,42.75,23,1,2022-08-26 09:12:24
1661505146524705000,42.65,3,42.6,7,42.65,2,2,2022-08-26 09:12:26
1661505147011833000,42.65,1,42.6,7,42.65,1,1,2022-08-26 09:12:27
1661505147041728000,42.65,1,42.6,7,42.75,23,1,2022-08-26 09:12:27
1661505158357397000,42.65,1,42.65,10,42.7,5,2,2022-08-26 09:12:38
1661505159998666000,42.65,10,42.65,1,42.7,5,2,2022-08-26 09:12:39
1661505160557390000,42.65,1,42.6,16,42.7,7,2,2022-08-26 09:12:40
1661505164082440000,42.7,8,42.8,9,42.85,26,1,2022-08-26 09:12:44
1661505164082440000,42.75,25,42.8,9,42.85,26,1,2022-08-26 09:12:44
1661505164082440000,42.8,8,42.8,9,42.85,26,1,2022-08-26 09:12:44
1661505164116725000,42.8,6,42.8,3,42.85,26,2,2022-08-26 09:12:44
1661505164117114000,42.8,3,42.6,16,42.85,22,2,2022-08-26 09:12:44
1661505169050771000,42.65,1,42.65,1,42.7,2,2,2022-08-26 09:12:49
1661505171580475000,42.7,1,42.65,1,42.7,1,1,2022-08-26 09:12:51
1661505173177567000,42.7,1,42.65,3,42.8,1,1,2022-08-26 09:12:53
1661505178726073000,42.7,1,42.65,6,42.7,1,1,2022-08-26 09:12:58
1661505179131037000,42.7,1,42.65,8,42.75,1,1,2022-08-26 09:12:59
1661505180829922000,42.65,3,42.65,5,42.75,1,2,2022-08-26 09:13:00
1661505182321112000,42.75,1,42.7,7,42.8,3,1,2022-08-26 09:13:02
1661505184557094000,42.7,1,42.7,13,42.8,6,2,2022-08-26 09:13:04
1661505184654814000,42.7,1,42.7,14,42.8,6,2,2022-08-26 09:13:04
1661505191870840000,42.75,1,42.7,12,42.8,6,1,2022-08-26 09:13:11
1661505192653348000,42.8,5,42.7,7,42.8,1,1,2022-08-26 09:13:12
1661505194892399000,42.75,1,42.7,6,42.85,17,2,2022-08-26 09:13:14
1661505196674523000,42.8,1,42.7,6,42.85,17,1,2022-08-26 09:13:16
1661505199631265000,42.85,2,42.75,2,42.85,18,1,2022-08-26 09:13:19
1661505202626891000,42.8,1,42.75,2,42.8,4,1,2022-08-26 09:13:22
1661505203234090000,42.75,1,42.75,1,42.8,4,2,2022-08-26 09:13:23
1661505204327624000,42.8,2,42.75,1,42.8,2,1,2022-08-26 09:13:24
1661505205402662000,42.75,1,42.7,12,42.8,8,2,2022-08-26 09:13:25
1661505205926086000,42.8,1,42.7,9,42.8,7,1,2022-08-26 09:13:25
1661505206990009000,42.8,1,42.7,10,42.8,6,1,2022-08-26 09:13:26
1661505207813440000,42.8,1,42.7,10,42.8,5,1,2022-08-26 09:13:27
1661505208752187000,42.7,9,42.7,1,42.75,1,2,2022-08-26 09:13:28
1661505208782396000,42.7,1,42.65,14,42.75,1,2,2022-08-26 09:13:28
1661505210104960000,42.75,1,42.7,2,42.8,9,1,2022-08-26 09:13:30
1661505210131211000,42.7,2,42.65,14,42.8,9,2,2022-08-26 09:13:30
1661505210439277000,42.75,1,42.75,1,42.8,13,2,2022-08-26 09:13:30
1661505211241032000,42.75,1,42.65,14,42.8,13,2,2022-08-26 09:13:31
1661505211353326000,42.7,1,42.65,14,42.8,13,2,2022-08-26 09:13:31
1661505211404998000,42.8,2,42.65,14,42.8,11,1,2022-08-26 09:13:31
1661505211486350000,42.7,1,42.7,1,42.8,11,2,2022-08-26 09:13:31
1661505215943117000,42.75,2,42.7,3,42.8,11,2,2022-08-26 09:13:35
1661505215977786000,42.7,2,42.7,1,42.8,11,2,2022-08-26 09:13:35
1661505224122496000,42.7,1,42.7,2,42.75,5,2,2022-08-26 09:13:44
1661505224269851000,42.7,2,42.65,21,42.7,3,2,2022-08-26 09:13:44
1661505225627420000,42.7,2,42.65,22,42.7,5,1,2022-08-26 09:13:45
1661505227305217000,42.65,2,42.65,20,42.7,11,2,2022-08-26 09:13:47
1661505227326385000,42.65,20,42.6,63,42.7,11,2,2022-08-26 09:13:47
1661505229207561000,42.7,1,42.6,63,42.7,10,1,2022-08-26 09:13:49
1661505232391255000,42.65,1,42.6,60,42.65,2,1,2022-08-26 09:13:52
1661505232690136000,42.65,1,42.6,60,42.65,1,1,2022-08-26 09:13:52
1661505232910715000,42.65,1,42.65,2,42.7,10,1,2022-08-26 09:13:52
1661505235184724000,42.65,3,42.6,60,42.65,7,2,2022-08-26 09:13:55
1661505235300620000,42.65,1,42.6,60,42.65,6,1,2022-08-26 09:13:55
1661505236432421000,42.65,1,42.6,60,42.65,5,1,2022-08-26 09:13:56
1661505237897528000,42.65,1,42.6,60,42.65,5,1,2022-08-26 09:13:57
1661505238842936000,42.65,1,42.6,60,42.65,4,1,2022-08-26 09:13:58
1661505240346766000,42.65,1,42.6,60,42.65,3,1,2022-08-26 09:14:00
1661505241750781000,42.65,1,42.6,60,42.65,2,1,2022-08-26 09:14:01
1661505242890222000,42.65,1,42.6,60,42.65,1,1,2022-08-26 09:14:02
1661505245041310000,42.65,1,42.6,60,42.65,12,1,2022-08-26 09:14:05
1661505246029186000,42.65,2,42.6,58,42.65,10,1,2022-08-26 09:14:06
1661505247120198000,42.65,10,42.6,63,42.65,1,1,2022-08-26 09:14:07
1661505247152404000,42.65,1,42.6,63,42.7,19,1,2022-08-26 09:14:07
1661505249241874000,42.65,1,42.65,1,42.7,19,2,2022-08-26 09:14:09
1661505258156056000,42.65,1,42.65,7,42.7,27,2,2022-08-26 09:14:18
1661505260635698000,42.65,1,42.65,10,42.7,27,2,2022-08-26 09:14:20
1661505264274041000,42.7,1,42.65,12,42.7,26,1,2022-08-26 09:14:24
1661505266551969000,42.65,1,42.65,11,42.7,28,2,2022-08-26 09:14:26
1661505272148133000,42.65,10,42.65,2,42.7,29,2,2022-08-26 09:14:32
1661505272167516000,42.65,2,42.6,57,42.7,29,2,2022-08-26 09:14:32
1661505277835867000,42.6,1,42.6,56,42.65,3,2,2022-08-26 09:14:37
1661505278354421000,42.65,1,42.6,56,42.65,2,1,2022-08-26 09:14:38
1661505283134816000,42.65,1,42.6,56,42.65,7,1,2022-08-26 09:14:43
1661505284241648000,42.65,1,42.6,55,42.65,11,1,2022-08-26 09:14:44
1661505286709197000,42.65,11,42.65,1,42.7,33,1,2022-08-26 09:14:46
1661505295513637000,42.65,1,42.65,10,42.7,33,2,2022-08-26 09:14:55
1661505295603270000,42.65,1,42.65,9,42.7,33,2,2022-08-26 09:14:55
1661505301554018000,42.65,6,42.65,4,42.7,33,2,2022-08-26 09:15:01
1661505303067289000,42.65,4,42.6,52,42.7,33,2,2022-08-26 09:15:03
1661505303067289000,42.6,4,42.6,52,42.7,33,2,2022-08-26 09:15:03
1661505306264256000,42.65,2,42.65,8,42.7,33,2,2022-08-26 09:15:06
1661505306666506000,42.65,3,42.65,5,42.7,33,2,2022-08-26 09:15:06
1661505307128377000,42.65,3,42.65,2,42.7,33,2,2022-08-26 09:15:07
1661505307159456000,42.65,2,42.6,52,42.7,33,2,2022-08-26 09:15:07
1661505309826997000,42.7,1,42.6,52,42.7,33,1,2022-08-26 09:15:09
1661505314171632000,42.6,1,42.6,52,42.65,4,2,2022-08-26 09:15:14
1661505316225201000,42.65,1,42.6,52,42.65,4,1,2022-08-26 09:15:16
1661505317373051000,42.65,1,42.6,52,42.65,3,1,2022-08-26 09:15:17
1661505317633293000,42.65,1,42.6,52,42.65,2,1,2022-08-26 09:15:17
1661505320990604000,42.6,1,42.6,51,42.65,2,2,2022-08-26 09:15:20
1661505322631948000,42.6,2,42.6,49,42.65,2,2,2022-08-26 09:15:22
1661505323752565000,42.65,1,42.6,49,42.65,1,1,2022-08-26 09:15:23
1661505325411084000,42.65,1,42.6,49,42.7,29,1,2022-08-26 09:15:25
1661505325411084000,42.7,4,42.6,49,42.7,29,1,2022-08-26 09:15:25
1661505325902566000,42.7,1,42.6,49,42.7,28,1,2022-08-26 09:15:25
1661505326459020000,42.6,5,42.6,44,42.7,23,2,2022-08-26 09:15:26
1661505327293264000,42.65,1,42.6,44,42.7,23,2,2022-08-26 09:15:27
1661505334398832000,42.65,1,42.65,3,42.7,23,2,2022-08-26 09:15:34
1661505334919818000,42.65,1,42.65,2,42.7,23,2,2022-08-26 09:15:34
1661505335965866000,42.65,2,42.6,44,42.65,18,2,2022-08-26 09:15:35
1661505339926460000,42.65,1,42.6,44,42.65,17,1,2022-08-26 09:15:39
1661505341001052000,42.6,1,42.6,43,42.65,17,2,2022-08-26 09:15:41
1661505346868679000,42.65,1,42.6,46,42.65,17,1,2022-08-26 09:15:46
1661505347483689000,42.6,1,42.6,46,42.65,17,2,2022-08-26 09:15:47
1661505348091491000,42.6,3,42.6,43,42.65,17,2,2022-08-26 09:15:48
1661505348900874000,42.65,5,42.6,43,42.65,12,1,2022-08-26 09:15:48
1661505350232913000,42.6,43,42.55,37,42.6,6,2,2022-08-26 09:15:50
1661505354641452000,42.6,7,42.6,23,42.65,13,1,2022-08-26 09:15:54
1661505355551575000,42.6,1,42.6,22,42.65,13,2,2022-08-26 09:15:55
1661505356140242000,42.6,20,42.6,2,42.65,13,2,2022-08-26 09:15:56
1661505356151315000,42.6,2,42.55,37,42.65,13,2,2022-08-26 09:15:56
1661505356268344000,42.55,1,42.55,36,42.65,14,2,2022-08-26 09:15:56
1661505360458969000,42.55,1,42.55,34,42.6,9,2,2022-08-26 09:16:00
1661505362688100000,42.55,10,42.55,24,42.6,9,2,2022-08-26 09:16:02
1661505362715384000,42.55,5,42.55,19,42.6,9,2,2022-08-26 09:16:02
1661505362742972000,42.55,12,42.55,7,42.6,9,2,2022-08-26 09:16:02
1661505362743213000,42.55,6,42.55,1,42.6,9,2,2022-08-26 09:16:02
1661505362774338000,42.55,1,42.5,117,42.6,9,2,2022-08-26 09:16:02
1661505364398944000,42.55,1,42.5,117,42.55,1,1,2022-08-26 09:16:04
1661505370326433000,42.55,1,42.5,117,42.55,5,1,2022-08-26 09:16:10
1661505370489690000,42.5,100,42.5,17,42.55,4,2,2022-08-26 09:16:10
1661505370519564000,42.5,4,42.5,13,42.55,4,2,2022-08-26 09:16:10
1661505370519809000,42.5,13,42.45,45,42.55,4,2,2022-08-26 09:16:10
1661505370779623000,42.45,1,42.45,45,42.5,55,2,2022-08-26 09:16:10
1661505372686079000,42.45,4,42.45,40,42.5,56,2,2022-08-26 09:16:12
1661505372811515000,42.45,1,42.45,40,42.5,56,2,2022-08-26 09:16:12
1661505373644792000,42.45,2,42.45,37,42.5,56,2,2022-08-26 09:16:13
1661505373753601000,42.45,5,42.45,32,42.5,56,2,2022-08-26 09:16:13
1661505374118076000,42.45,10,42.45,22,42.5,56,2,2022-08-26 09:16:14
1661505374155822000,42.45,5,42.45,17,42.5,41,2,2022-08-26 09:16:14
1661505375073194000,42.45,4,42.45,13,42.5,41,2,2022-08-26 09:16:15
1661505375153476000,42.45,3,42.45,10,42.5,41,2,2022-08-26 09:16:15
1661505375387412000,42.45,1,42.45,9,42.5,41,2,2022-08-26 09:16:15
1661505375547455000,42.5,10,42.45,9,42.5,31,1,2022-08-26 09:16:15
1661505375754671000,42.45,3,42.45,6,42.5,31,2,2022-08-26 09:16:15
1661505376133857000,42.45,1,42.45,5,42.5,31,2,2022-08-26 09:16:16
1661505376345413000,42.45,1,42.45,4,42.5,31,2,2022-08-26 09:16:16
1661505376427262000,42.5,1,42.45,4,42.5,30,1,2022-08-26 09:16:16
1661505376753367000,42.45,1,42.45,3,42.5,30,2,2022-08-26 09:16:16
1661505377102653000,42.45,1,42.45,2,42.5,31,2,2022-08-26 09:16:17
1661505377270918000,42.45,2,42.4,44,42.5,31,2,2022-08-26 09:16:17
1661505377270918000,42.4,3,42.4,44,42.5,31,2,2022-08-26 09:16:17
1661505377477286000,42.4,2,42.4,42,42.45,2,2,2022-08-26 09:16:17
1661505377566603000,42.45,1,42.4,44,42.45,2,1,2022-08-26 09:16:17
1661505379832994000,42.45,1,42.4,42,42.5,33,1,2022-08-26 09:16:19
1661505379832994000,42.5,1,42.4,42,42.5,33,1,2022-08-26 09:16:19
1661505380410979000,42.45,1,42.4,42,42.5,6,2,2022-08-26 09:16:20
1661505381276656000,42.45,2,42.4,42,42.45,2,1,2022-08-26 09:16:21
1661505381700891000,42.5,6,42.45,1,42.5,6,1,2022-08-26 09:16:21
1661505381945719000,42.45,1,42.4,42,42.55,6,2,2022-08-26 09:16:21
1661505383092788000,42.45,1,42.4,41,42.5,6,2,2022-08-26 09:16:23
1661505383092788000,42.4,1,42.4,41,42.5,6,2,2022-08-26 09:16:23
1661505383508932000,42.4,1,42.4,40,42.5,6,2,2022-08-26 09:16:23
1661505386589578000,42.45,1,42.4,37,42.5,6,2,2022-08-26 09:16:26
1661505386589578000,42.4,3,42.4,37,42.5,6,2,2022-08-26 09:16:26
1661505386626669000,42.5,1,42.4,37,42.5,5,1,2022-08-26 09:16:26
1661505386646482000,42.4,1,42.4,36,42.5,5,2,2022-08-26 09:16:26
1661505388112920000,42.45,1,42.4,38,42.5,5,2,2022-08-26 09:16:28
1661505390908142000,42.45,1,42.4,39,42.5,9,2,2022-08-26 09:16:30
1661505390938946000,42.45,1,42.4,39,42.5,9,1,2022-08-26 09:16:30
1661505391240173000,42.45,1,42.4,39,42.45,1,1,2022-08-26 09:16:31
1661505391597039000,42.4,4,42.4,35,42.5,9,2,2022-08-26 09:16:31
1661505391829254000,42.45,1,42.4,35,42.45,1,1,2022-08-26 09:16:31
1661505394160909000,42.45,2,42.45,2,42.5,12,2,2022-08-26 09:16:34
