ts,close,volume,bid_price,bid_volume,ask_price,ask_volume,tick_type,datetime
1661504407727086000,68.5,542,68.4,5,68.5,24,1,2022-08-26 09:00:07
1661504407851464000,68.5,1,68.4,5,68.5,23,1,2022-08-26 09:00:07
1661504407866463000,68.5,1,68.4,5,68.5,22,1,2022-08-26 09:00:07
1661504407877385000,68.5,1,68.4,5,68.5,21,1,2022-08-26 09:00:07
1661504407899101000,68.5,6,68.4,5,68.5,15,1,2022-08-26 09:00:07
1661504407951354000,68.5,2,68.4,5,68.5,13,1,2022-08-26 09:00:07
1661504407978884000,68.4,2,68.4,3,68.5,13,2,2022-08-26 09:00:07
1661504408512726000,68.5,1,68.4,3,68.5,12,1,2022-08-26 09:00:08
1661504408534264000,68.5,5,68.4,3,68.5,7,1,2022-08-26 09:00:08
1661504408558186000,68.5,7,68.4,3,68.6,9,1,2022-08-26 09:00:08
1661504409166328000,68.4,3,68.1,9,68.2,19,2,2022-08-26 09:00:09
1661504409166328000,68.3,2,68.1,9,68.2,19,2,2022-08-26 09:00:09
1661504409166328000,68.2,5,68.1,9,68.2,19,2,2022-08-26 09:00:09
1661504409194757000,68.2,1,68.1,9,68.2,83,1,2022-08-26 09:00:09
1661504409194774000,68.2,1,68.1,9,68.2,82,1,2022-08-26 09:00:09
1661504409194807000,68.2,1,68.1,9,68.2,81,1,2022-08-26 09:00:09
1661504409228332000,68.2,81,68.1,9,68.5,2,1,2022-08-26 09:00:09
1661504409339594000,68.5,2,68.1,9,68.6,13,1,2022-08-26 09:00:09
1661504409339594000,68.6,1,68.1,9,68.6,13,1,2022-08-26 09:00:09
1661504410366392000,68.5,2,68.2,1,68.6,6,1,2022-08-26 09:00:10
1661504410366392000,68.6,7,68.2,1,68.6,6,1,2022-08-26 09:00:10
1661504410496512000,68.5,1,68.2,2,68.5,2,1,2022-08-26 09:00:10
1661504410783778000,68.5,1,68.2,2,68.6,6,1,2022-08-26 09:00:10
1661504411125374000,68.6,2,68.2,2,68.6,4,1,2022-08-26 09:00:11
1661504411484240000,68.6,1,68.2,3,68.6,3,1,2022-08-26 09:00:11
1661504411767863000,68.5,1,68.2,3,68.6,1,1,2022-08-26 09:00:11
1661504411767863000,68.6,2,68.2,3,68.6,1,1,2022-08-26 09:00:11
1661504411987764000,68.6,1,68.2,3,68.7,4,1,2022-08-26 09:00:11
1661504412160697000,68.7,4,68.3,2,68.8,7,1,2022-08-26 09:00:12
1661504412160697000,68.8,6,68.3,2,68.8,7,1,2022-08-26 09:00:12
1661504412430412000,68.7,1,68.6,1,68.8,7,1,2022-08-26 09:00:12
1661504412742382000,68.6,1,68.0,52,68.7,1,2,2022-08-26 09:00:12
1661504412742382000,68.4,2,68.0,52,68.7,1,2,2022-08-26 09:00:12
1661504412742382000,68.3,6,68.0,52,68.7,1,2,2022-08-26 09:00:12
1661504412742382000,68.2,3,68.0,52,68.7,1,2,2022-08-26 09:00:12
1661504412742382000,68.1,11,68.0,52,68.7,1,2,2022-08-26 09:00:12
1661504412742382000,68.0,12,68.0,52,68.7,1,2,2022-08-26 09:00:12
1661504413221325000,68.6,1,68.6,7,68.7,53,2,2022-08-26 09:00:13
1661504413221490000,68.6,1,68.6,6,68.7,53,2,2022-08-26 09:00:13
1661504413221506000,68.6,1,68.6,5,68.7,53,2,2022-08-26 09:00:13
1661504413222485000,68.6,5,68.5,5,68.7,53,2,2022-08-26 09:00:13
1661504413283911000,68.6,1,68.5,5,68.6,7,1,2022-08-26 09:00:13
1661504413658871000,68.5,1,68.5,5,68.6,7,2,2022-08-26 09:00:13
1661504413974170000,68.6,1,68.5,4,68.6,6,1,2022-08-26 09:00:13
1661504414241917000,68.5,4,68.4,1,68.6,6,2,2022-08-26 09:00:14
1661504414241917000,68.4,1,68.4,1,68.6,6,2,2022-08-26 09:00:14
1661504414284161000,68.6,5,68.4,1,68.6,1,1,2022-08-26 09:00:14
1661504414557219000,68.6,1,68.4,1,68.7,53,1,2022-08-26 09:00:14
1661504414560373000,68.7,5,68.4,1,68.7,48,1,2022-08-26 09:00:14
1661504414664668000,68.7,2,68.4,1,68.7,46,1,2022-08-26 09:00:14
1661504414844360000,68.6,1,68.4,1,68.6,1,1,2022-08-26 09:00:14
1661504415077762000,68.6,1,68.4,1,68.6,2,1,2022-08-26 09:00:15
1661504415710695000,68.5,1,68.4,1,68.5,1,1,2022-08-26 09:00:15
1661504415710695000,68.6,1,68.4,1,68.5,1,1,2022-08-26 09:00:15
1661504416217887000,68.5,1,68.5,1,68.7,46,2,2022-08-26 09:00:16
1661504416294879000,68.7,3,68.4,1,68.7,43,1,2022-08-26 09:00:16
1661504416454424000,68.7,3,68.4,1,68.7,40,1,2022-08-26 09:00:16
1661504416890524000,68.6,1,68.4,2,68.7,40,2,2022-08-26 09:00:16
1661504416910675000,68.7,3,68.4,2,68.7,37,1,2022-08-26 09:00:16
1661504417083027000,68.6,1,68.5,1,68.6,1,1,2022-08-26 09:00:17
1661504417648987000,68.6,1,68.6,1,68.7,37,2,2022-08-26 09:00:17
1661504417774717000,68.7,1,68.6,21,68.7,36,1,2022-08-26 09:00:17
1661504418054280000,68.7,2,68.6,23,68.7,34,1,2022-08-26 09:00:18
1661504418086401000,68.7,1,68.6,23,68.7,33,1,2022-08-26 09:00:18
1661504418086418000,68.7,1,68.6,23,68.7,32,1,2022-08-26 09:00:18
1661504418086433000,68.7,1,68.6,23,68.7,31,1,2022-08-26 09:00:18
1661504418086436000,68.7,1,68.6,23,68.7,30,1,2022-08-26 09:00:18
1661504418086481000,68.7,1,68.6,23,68.7,29,1,2022-08-26 09:00:18
1661504418086512000,68.7,1,68.6,23,68.7,28,1,2022-08-26 09:00:18
1661504418086528000,68.7,1,68.6,23,68.7,27,1,2022-08-26 09:00:18
1661504418086544000,68.7,1,68.6,23,68.7,26,1,2022-08-26 09:00:18
1661504418086567000,68.7,1,68.6,23,68.7,25,1,2022-08-26 09:00:18
1661504418086608000,68.7,1,68.6,23,68.7,24,1,2022-08-26 09:00:18
1661504418122933000,68.7,10,68.6,23,68.7,14,1,2022-08-26 09:00:18
1661504418124131000,68.7,1,68.6,23,68.7,13,1,2022-08-26 09:00:18
1661504418124171000,68.7,1,68.6,23,68.7,12,1,2022-08-26 09:00:18
1661504418132840000,68.7,1,68.6,23,68.7,11,1,2022-08-26 09:00:18
1661504418132856000,68.7,1,68.6,23,68.7,10,1,2022-08-26 09:00:18
1661504418132944000,68.7,1,68.6,23,68.7,9,1,2022-08-26 09:00:18
1661504418132960000,68.7,1,68.6,23,68.7,8,1,2022-08-26 09:00:18
1661504418132989000,68.7,1,68.6,23,68.7,7,1,2022-08-26 09:00:18
1661504418133006000,68.7,1,68.6,23,68.7,6,1,2022-08-26 09:00:18
1661504418139014000,68.7,1,68.6,23,68.7,5,1,2022-08-26 09:00:18
1661504418139058000,68.7,1,68.6,23,68.7,4,1,2022-08-26 09:00:18
1661504418174098000,68.7,1,68.6,23,68.7,3,1,2022-08-26 09:00:18
1661504418175461000,68.7,1,68.6,23,68.7,2,1,2022-08-26 09:00:18
1661504418180054000,68.7,1,68.6,23,68.7,1,1,2022-08-26 09:00:18
1661504418182067000,68.7,1,68.6,23,68.8,9,1,2022-08-26 09:00:18
1661504418383229000,68.8,3,68.7,5,68.8,6,1,2022-08-26 09:00:18
1661504418423783000,68.8,1,68.7,5,68.8,5,1,2022-08-26 09:00:18
1661504418423817000,68.8,1,68.7,5,68.8,4,1,2022-08-26 09:00:18
1661504418423842000,68.8,1,68.7,5,68.8,3,1,2022-08-26 09:00:18
1661504418448599000,68.8,3,68.7,5,68.9,13,1,2022-08-26 09:00:18
1661504418711426000,68.9,2,68.8,3,68.9,13,1,2022-08-26 09:00:18
1661504418895575000,68.9,2,68.8,3,68.9,9,1,2022-08-26 09:00:18
1661504419091766000,68.9,2,68.8,3,68.9,7,1,2022-08-26 09:00:19
1661504419115886000,68.9,4,68.8,3,68.9,3,1,2022-08-26 09:00:19
1661504419216377000,68.9,3,68.8,3,69.0,50,1,2022-08-26 09:00:19
1661504419355921000,69.0,2,68.9,2,69.0,48,1,2022-08-26 09:00:19
1661504419380831000,68.9,2,68.8,3,69.0,48,2,2022-08-26 09:00:19
1661504419435743000,69.0,2,68.8,3,69.0,46,1,2022-08-26 09:00:19
1661504419614757000,68.8,1,68.8,2,69.0,46,2,2022-08-26 09:00:19
1661504419664135000,69.0,5,68.8,2,69.0,41,1,2022-08-26 09:00:19
1661504419708441000,69.0,1,68.8,2,69.0,41,1,2022-08-26 09:00:19
1661504419831739000,68.8,1,68.8,1,69.0,40,2,2022-08-26 09:00:19
1661504419838860000,69.0,30,68.8,1,69.0,10,1,2022-08-26 09:00:19
1661504419870438000,69.0,1,68.8,1,69.0,9,1,2022-08-26 09:00:19
1661504419870454000,69.0,1,68.8,1,69.0,8,1,2022-08-26 09:00:19
1661504419870471000,69.0,1,68.8,1,69.0,7,1,2022-08-26 09:00:19
1661504419870497000,69.0,1,68.8,1,69.0,6,1,2022-08-26 09:00:19
1661504419870512000,69.0,1,68.8,1,69.0,5,1,2022-08-26 09:00:19
1661504419870528000,69.0,1,68.8,1,69.0,4,1,2022-08-26 09:00:19
1661504419870545000,69.0,1,68.8,1,69.0,3,1,2022-08-26 09:00:19
1661504419870585000,69.0,1,68.8,1,69.0,2,1,2022-08-26 09:00:19
1661504419870588000,69.0,1,68.8,1,69.0,1,1,2022-08-26 09:00:19
1661504419870590000,69.0,1,68.8,1,69.1,1,1,2022-08-26 09:00:19
1661504420048774000,69.1,1,68.8,1,69.2,4,1,2022-08-26 09:00:20
1661504420511535000,69.2,1,68.8,7,69.2,3,1,2022-08-26 09:00:20
1661504420552592000,69.0,10,68.8,7,69.0,40,1,2022-08-26 09:00:20
1661504420552608000,69.0,1,68.8,7,69.0,39,1,2022-08-26 09:00:20
1661504420720851000,68.8,1,68.7,22,69.0,39,2,2022-08-26 09:00:20
1661504420720851000,68.7,1,68.7,22,69.0,39,2,2022-08-26 09:00:20
1661504420959994000,69.0,2,68.9,3,69.0,37,1,2022-08-26 09:00:20
1661504421069988000,69.0,1,68.9,3,69.0,36,1,2022-08-26 09:00:21
1661504421070006000,68.9,1,68.9,2,69.0,36,2,2022-08-26 09:00:21
1661504421269805000,69.0,10,68.9,3,69.0,26,1,2022-08-26 09:00:21
1661504421300186000,69.0,1,68.9,3,69.0,25,1,2022-08-26 09:00:21
1661504421557484000,69.0,2,68.9,4,69.0,23,1,2022-08-26 09:00:21
1661504422070280000,69.0,1,68.9,5,69.0,22,1,2022-08-26 09:00:22
1661504422168513000,69.0,1,68.9,5,69.0,21,1,2022-08-26 09:00:22
1661504422777695000,69.0,1,68.9,5,69.0,21,1,2022-08-26 09:00:22
1661504423299917000,69.0,1,68.9,5,69.0,20,1,2022-08-26 09:00:23
1661504423309544000,69.0,1,68.9,5,69.0,19,1,2022-08-26 09:00:23
1661504423426238000,69.0,1,68.9,5,69.0,18,1,2022-08-26 09:00:23
1661504423473017000,69.0,6,68.9,5,69.0,13,1,2022-08-26 09:00:23
1661504423496248000,69.0,1,68.9,5,69.0,12,1,2022-08-26 09:00:23
1661504423570552000,69.0,1,68.9,5,69.0,11,1,2022-08-26 09:00:23
1661504423627607000,69.0,1,68.9,5,69.0,12,1,2022-08-26 09:00:23
1661504424123808000,68.9,1,68.9,4,69.0,10,2,2022-08-26 09:00:24
1661504424320468000,69.0,1,68.9,4,69.0,19,1,2022-08-26 09:00:24
1661504424413785000,69.0,5,68.9,4,69.0,14,1,2022-08-26 09:00:24
1661504424690173000,69.0,5,68.9,5,69.0,10,1,2022-08-26 09:00:24
1661504424696441000,69.0,1,68.9,5,69.0,15,1,2022-08-26 09:00:24
1661504424813525000,69.0,2,68.9,5,69.0,7,1,2022-08-26 09:00:24
1661504424823269000,68.9,2,68.9,3,69.0,7,2,2022-08-26 09:00:24
1661504424872182000,69.0,7,68.9,3,69.1,10,1,2022-08-26 09:00:24
1661504424872182000,69.1,3,68.9,3,69.1,10,1,2022-08-26 09:00:24
1661504425242411000,69.1,1,68.9,3,69.1,9,1,2022-08-26 09:00:25
1661504425294070000,69.1,1,68.9,3,69.1,8,1,2022-08-26 09:00:25
1661504425438494000,69.1,1,68.9,3,69.1,7,1,2022-08-26 09:00:25
1661504425884980000,68.9,1,68.9,2,69.0,1,2,2022-08-26 09:00:25
1661504425931110000,69.0,1,68.9,2,69.1,17,1,2022-08-26 09:00:25
1661504426074212000,69.0,1,68.9,2,69.1,15,1,2022-08-26 09:00:26
1661504426074212000,69.1,2,68.9,2,69.1,15,1,2022-08-26 09:00:26
1661504426318566000,69.0,1,69.0,2,69.1,15,2,2022-08-26 09:00:26
1661504426461762000,69.1,1,69.0,2,69.1,19,1,2022-08-26 09:00:26
1661504426762087000,69.0,1,69.0,1,69.1,29,2,2022-08-26 09:00:26
1661504426797359000,69.0,1,68.9,2,69.1,29,2,2022-08-26 09:00:26
1661504427359712000,69.1,1,68.9,2,69.1,28,1,2022-08-26 09:00:27
1661504427473567000,69.1,4,68.9,2,69.1,24,1,2022-08-26 09:00:27
1661504427598066000,68.9,2,68.8,8,69.1,24,2,2022-08-26 09:00:27
1661504427598066000,68.8,1,68.8,8,69.1,24,2,2022-08-26 09:00:27
1661504428217144000,69.0,3,69.0,3,69.1,24,2,2022-08-26 09:00:28
1661504428376830000,69.0,2,68.9,3,69.0,1,1,2022-08-26 09:00:28
1661504428594404000,69.0,3,68.9,3,69.0,1,1,2022-08-26 09:00:28
1661504428687137000,69.0,1,68.9,3,69.0,4,1,2022-08-26 09:00:28
1661504429060915000,68.9,1,68.9,2,69.1,24,2,2022-08-26 09:00:29
1661504429487220000,69.0,1,68.9,2,69.1,25,2,2022-08-26 09:00:29
1661504429742690000,69.0,1,69.0,5,69.1,36,2,2022-08-26 09:00:29
1661504429770316000,69.0,5,68.9,2,69.1,36,2,2022-08-26 09:00:29
1661504429853376000,69.0,5,68.9,2,69.0,1,1,2022-08-26 09:00:29
1661504429867746000,69.0,1,69.0,1,69.1,36,1,2022-08-26 09:00:29
1661504429898705000,69.0,1,68.9,2,69.1,36,2,2022-08-26 09:00:29
1661504430088148000,68.9,1,68.9,2,69.0,15,2,2022-08-26 09:00:30
1661504430116815000,68.9,1,68.9,1,69.0,15,2,2022-08-26 09:00:30
1661504430116841000,68.9,1,68.8,9,69.0,15,2,2022-08-26 09:00:30
1661504430237205000,68.9,1,68.8,9,69.0,14,1,2022-08-26 09:00:30
1661504430237205000,69.0,1,68.8,9,69.0,14,1,2022-08-26 09:00:30
1661504430442243000,68.8,1,68.8,13,69.0,14,2,2022-08-26 09:00:30
1661504430458646000,69.0,5,68.8,13,69.0,9,1,2022-08-26 09:00:30
1661504430743013000,68.9,1,68.8,13,69.0,12,1,2022-08-26 09:00:30
1661504430748917000,69.0,4,68.8,13,69.0,8,1,2022-08-26 09:00:30
1661504430825883000,69.0,1,68.8,13,69.0,7,1,2022-08-26 09:00:30
1661504430856941000,69.0,1,68.8,13,69.0,6,1,2022-08-26 09:00:30
1661504430859235000,69.0,1,68.8,13,69.0,5,1,2022-08-26 09:00:30
1661504430985694000,68.8,4,68.8,9,69.0,5,2,2022-08-26 09:00:30
1661504431020742000,69.0,1,68.8,9,69.0,4,1,2022-08-26 09:00:31
1661504431525320000,68.9,5,68.8,9,68.9,6,1,2022-08-26 09:00:31
1661504431536650000,68.9,1,68.8,9,68.9,5,1,2022-08-26 09:00:31
1661504432208498000,68.8,8,68.8,1,68.9,6,2,2022-08-26 09:00:32
1661504432235925000,68.8,1,68.8,9,68.9,6,2,2022-08-26 09:00:32
1661504432309978000,68.8,5,68.7,31,68.8,10,1,2022-08-26 09:00:32
1661504432458938000,68.8,1,68.7,31,68.8,9,1,2022-08-26 09:00:32
1661504432555120000,68.8,1,68.7,31,68.8,9,1,2022-08-26 09:00:32
1661504432750478000,68.8,1,68.7,31,68.8,7,1,2022-08-26 09:00:32
1661504432774557000,68.8,1,68.7,31,68.8,6,1,2022-08-26 09:00:32
1661504432785286000,68.8,1,68.7,31,68.8,5,1,2022-08-26 09:00:32
1661504432859321000,68.8,1,68.7,31,68.8,5,1,2022-08-26 09:00:32
1661504432863049000,68.8,2,68.7,31,68.8,3,1,2022-08-26 09:00:32
1661504433007777000,68.8,1,68.7,31,68.8,2,1,2022-08-26 09:00:33
1661504433111392000,68.8,1,68.7,31,68.8,1,1,2022-08-26 09:00:33
1661504433390096000,68.8,2,68.7,31,68.9,1,1,2022-08-26 09:00:33
1661504433390096000,68.9,8,68.7,31,68.9,1,1,2022-08-26 09:00:33
1661504433443267000,68.9,1,68.9,1,69.0,26,1,2022-08-26 09:00:33
1661504433460515000,69.0,13,68.9,1,69.0,13,1,2022-08-26 09:00:33
1661504433460576000,68.9,1,68.7,31,68.8,9,2,2022-08-26 09:00:33
1661504433583067000,68.8,1,68.7,31,68.8,8,1,2022-08-26 09:00:33
1661504433898536000,68.7,1,68.7,30,68.8,8,2,2022-08-26 09:00:33
1661504434028520000,68.7,11,68.7,19,68.8,8,2,2022-08-26 09:00:34
1661504434081326000,68.8,1,68.7,19,68.8,7,1,2022-08-26 09:00:34
1661504434122625000,68.7,15,68.7,4,68.8,7,2,2022-08-26 09:00:34
1661504434161878000,68.7,4,68.6,34,68.8,7,2,2022-08-26 09:00:34
1661504434184988000,68.8,1,68.6,34,68.8,6,1,2022-08-26 09:00:34
1661504434497324000,68.6,6,68.6,28,68.8,8,2,2022-08-26 09:00:34
1661504434533095000,68.6,28,68.5,3,68.8,8,2,2022-08-26 09:00:34
1661504434617638000,68.5,2,68.5,1,68.8,8,2,2022-08-26 09:00:34
1661504434647245000,68.5,1,68.4,6,68.8,8,2,2022-08-26 09:00:34
1661504434871761000,68.4,1,68.4,5,68.8,8,2,2022-08-26 09:00:34
1661504434889749000,68.8,1,68.4,5,68.8,7,1,2022-08-26 09:00:34
1661504434975965000,68.8,1,68.4,5,68.8,6,1,2022-08-26 09:00:34
1661504434979509000,68.8,1,68.4,5,68.8,5,1,2022-08-26 09:00:34
1661504434993424000,68.4,5,68.3,1,68.8,5,2,2022-08-26 09:00:34
1661504435329102000,68.6,1,68.3,1,68.6,2,1,2022-08-26 09:00:35
1661504435673985000,68.6,1,68.3,1,68.6,1,1,2022-08-26 09:00:35
1661504435987562000,68.6,1,68.3,1,68.7,2,1,2022-08-26 09:00:35
1661504435995146000,68.7,2,68.3,1,69.0,15,1,2022-08-26 09:00:35
1661504435995146000,68.8,2,68.3,1,69.0,15,1,2022-08-26 09:00:35
1661504435995146000,68.9,6,68.3,1,69.0,15,1,2022-08-26 09:00:35
1661504436314454000,68.9,1,68.4,2,68.9,5,1,2022-08-26 09:00:36
1661504437369390000,68.5,1,68.4,5,68.6,3,1,2022-08-26 09:00:37
1661504437825782000,68.6,1,68.4,5,68.6,2,1,2022-08-26 09:00:37
1661504439004064000,68.6,1,68.4,6,68.6,1,1,2022-08-26 09:00:39
1661504439989845000,68.5,1,68.5,1,68.6,1,2,2022-08-26 09:00:39
1661504440131992000,68.5,1,68.5,2,68.6,1,2,2022-08-26 09:00:40
1661504440135675000,68.5,1,68.5,1,68.6,1,2,2022-08-26 09:00:40
1661504440174071000,68.5,1,68.5,3,68.6,1,2,2022-08-26 09:00:40
1661504440266552000,68.4,1,68.4,6,68.6,1,2,2022-08-26 09:00:40
1661504440306921000,68.6,1,68.4,7,68.8,2,1,2022-08-26 09:00:40
1661504440337467000,68.4,1,68.4,6,68.8,2,2,2022-08-26 09:00:40
1661504440545619000,68.8,1,68.4,6,68.8,1,1,2022-08-26 09:00:40
1661504440838736000,68.8,1,68.6,1,68.9,5,1,2022-08-26 09:00:40
1661504441105182000,68.8,1,68.8,1,68.9,5,2,2022-08-26 09:00:41
1661504441511629000,68.8,1,68.6,3,68.9,5,2,2022-08-26 09:00:41
1661504441575544000,68.9,1,68.6,3,68.9,4,1,2022-08-26 09:00:41
1661504441628363000,68.9,1,68.6,3,68.9,5,1,2022-08-26 09:00:41
1661504442080090000,68.9,3,68.9,2,69.0,24,1,2022-08-26 09:00:42
1661504442127049000,68.9,1,68.9,1,69.0,24,2,2022-08-26 09:00:42
1661504442153003000,68.9,1,68.7,2,69.0,24,2,2022-08-26 09:00:42
1661504442714450000,68.7,1,68.7,2,68.9,20,2,2022-08-26 09:00:42
1661504443767560000,68.8,1,68.7,1,68.8,5,1,2022-08-26 09:00:43
1661504444030390000,68.8,1,68.7,1,68.8,5,1,2022-08-26 09:00:44
1661504444202718000,68.7,1,68.6,10,68.8,5,2,2022-08-26 09:00:44
1661504444697599000,68.8,1,68.7,1,68.8,5,1,2022-08-26 09:00:44
1661504445035670000,68.8,1,68.7,1,68.8,3,1,2022-08-26 09:00:45
1661504445862483000,68.8,1,68.7,4,68.8,3,1,2022-08-26 09:00:45
1661504446593048000,68.8,2,68.7,15,68.8,6,1,2022-08-26 09:00:46
1661504446947863000,68.8,5,68.8,25,68.9,23,1,2022-08-26 09:00:46
1661504447636214000,68.9,1,68.8,38,68.9,22,1,2022-08-26 09:00:47
1661504447716977000,68.8,2,68.8,36,68.9,22,2,2022-08-26 09:00:47
1661504448388308000,68.9,2,68.8,36,68.9,21,1,2022-08-26 09:00:48
1661504448846984000,68.9,5,68.8,36,68.9,17,1,2022-08-26 09:00:48
1661504449136271000,68.8,1,68.8,37,68.9,18,2,2022-08-26 09:00:49
1661504449341839000,68.9,4,68.8,38,68.9,14,1,2022-08-26 09:00:49
1661504449797015000,68.8,1,68.8,38,68.9,14,2,2022-08-26 09:00:49
1661504449880065000,68.9,1,68.8,39,68.9,13,1,2022-08-26 09:00:49
1661504450065700000,68.9,1,68.8,40,68.9,14,1,2022-08-26 09:00:50
1661504450283412000,68.9,5,68.8,40,68.9,8,1,2022-08-26 09:00:50
1661504450317563000,68.9,1,68.8,40,68.9,7,1,2022-08-26 09:00:50
1661504450629153000,68.9,1,68.8,40,68.9,6,1,2022-08-26 09:00:50
1661504450660170000,68.9,6,68.8,40,68.9,7,1,2022-08-26 09:00:50
1661504451099181000,69.0,3,68.9,4,69.0,33,1,2022-08-26 09:00:51
1661504451110968000,69.0,1,68.9,4,69.0,32,1,2022-08-26 09:00:51
1661504451297939000,68.9,1,68.9,6,69.0,32,2,2022-08-26 09:00:51
1661504451518597000,69.0,2,68.9,6,69.0,30,1,2022-08-26 09:00:51
1661504451663095000,68.9,1,68.9,6,69.0,30,2,2022-08-26 09:00:51
1661504451830030000,69.0,2,68.9,5,69.0,28,1,2022-08-26 09:00:51
1661504451848693000,69.0,3,68.9,5,69.0,25,1,2022-08-26 09:00:51
1661504452388469000,69.0,1,68.9,12,69.0,24,1,2022-08-26 09:00:52
1661504452693766000,69.0,1,68.9,12,69.0,24,1,2022-08-26 09:00:52
1661504452856160000,69.0,2,68.9,12,69.0,21,1,2022-08-26 09:00:52
1661504452882066000,69.0,3,68.9,12,69.0,18,1,2022-08-26 09:00:52
1661504452915800000,69.0,2,68.9,12,69.0,16,1,2022-08-26 09:00:52
1661504452945538000,69.0,6,68.9,12,69.0,10,1,2022-08-26 09:00:52
1661504452968210000,69.0,6,68.9,12,69.0,4,1,2022-08-26 09:00:52
1661504453191581000,69.0,1,68.9,12,69.0,3,1,2022-08-26 09:00:53
1661504453202363000,68.9,1,68.9,11,69.0,3,2,2022-08-26 09:00:53
1661504453222281000,69.0,3,68.9,12,69.0,21,1,2022-08-26 09:00:53
1661504453738215000,69.1,5,69.0,13,69.1,38,1,2022-08-26 09:00:53
1661504454070896000,69.0,6,69.0,7,69.1,33,2,2022-08-26 09:00:54
1661504454114655000,69.0,1,69.0,13,69.1,33,2,2022-08-26 09:00:54
1661504454580528000,69.1,1,69.0,6,69.1,32,1,2022-08-26 09:00:54
1661504454850259000,69.1,2,69.0,6,69.1,30,1,2022-08-26 09:00:54
1661504455149535000,69.1,1,69.0,2,69.1,30,1,2022-08-26 09:00:55
1661504455321038000,69.1,10,69.0,2,69.1,19,1,2022-08-26 09:00:55
1661504455800783000,69.1,10,69.0,6,69.1,9,1,2022-08-26 09:00:55
1661504455841932000,69.1,1,69.0,6,69.1,8,1,2022-08-26 09:00:55
1661504456023607000,69.0,1,69.0,5,69.1,8,2,2022-08-26 09:00:56
1661504456147901000,69.0,1,69.0,9,69.1,8,2,2022-08-26 09:00:56
1661504456270927000,69.1,2,69.0,8,69.1,6,1,2022-08-26 09:00:56
1661504456376509000,69.1,2,69.0,8,69.1,4,1,2022-08-26 09:00:56
1661504456578639000,69.1,1,69.0,13,69.1,3,1,2022-08-26 09:00:56
1661504456616778000,69.1,2,69.0,13,69.1,1,1,2022-08-26 09:00:56
1661504456658272000,69.1,1,69.0,13,69.3,21,1,2022-08-26 09:00:56
1661504456658272000,69.2,15,69.0,13,69.3,21,1,2022-08-26 09:00:56
1661504456658272000,69.3,4,69.0,13,69.3,21,1,2022-08-26 09:00:56
1661504456722737000,69.3,1,69.0,13,69.3,21,1,2022-08-26 09:00:56
1661504457545796000,69.2,1,69.1,10,69.2,8,1,2022-08-26 09:00:57
1661504458330331000,69.1,1,69.1,10,69.2,8,2,2022-08-26 09:00:58
1661504458711318000,69.2,6,69.1,12,69.2,2,1,2022-08-26 09:00:58
1661504458980539000,69.2,1,69.1,13,69.2,1,1,2022-08-26 09:00:58
1661504458999373000,69.2,1,69.1,13,69.3,17,1,2022-08-26 09:00:58
1661504458999373000,69.3,2,69.1,13,69.3,17,1,2022-08-26 09:00:58
1661504459194099000,69.3,1,69.1,13,69.3,16,1,2022-08-26 09:00:59
1661504459516225000,69.3,1,69.1,13,69.3,15,1,2022-08-26 09:00:59
1661504459620199000,69.3,1,69.1,13,69.3,16,1,2022-08-26 09:00:59
1661504460672910000,69.2,1,69.1,13,69.2,1,1,2022-08-26 09:01:00
1661504460672910000,69.3,20,69.1,13,69.2,1,1,2022-08-26 09:01:00
1661504461230199000,69.2,1,69.1,14,69.2,9,1,2022-08-26 09:01:01
1661504461324806000,69.1,2,69.1,13,69.2,9,2,2022-08-26 09:01:01
1661504461484919000,69.1,1,69.1,12,69.2,9,2,2022-08-26 09:01:01
1661504461515246000,69.1,2,69.1,10,69.2,9,2,2022-08-26 09:01:01
1661504461539989000,69.2,1,69.1,10,69.2,8,1,2022-08-26 09:01:01
1661504461664276000,69.2,2,69.1,10,69.2,6,1,2022-08-26 09:01:01
1661504461739127000,69.2,1,69.1,10,69.2,6,1,2022-08-26 09:01:01
1661504462057869000,69.2,1,69.1,10,69.2,4,1,2022-08-26 09:01:02
1661504462070018000,69.1,2,69.1,8,69.2,4,2,2022-08-26 09:01:02
1661504462090360000,69.2,1,69.1,8,69.2,3,1,2022-08-26 09:01:02
1661504462112315000,69.1,2,69.1,7,69.2,3,2,2022-08-26 09:01:02
1661504462129121000,69.1,2,69.1,9,69.2,3,2,2022-08-26 09:01:02
1661504462490533000,69.2,3,69.1,5,69.3,5,1,2022-08-26 09:01:02
1661504462490533000,69.3,2,69.1,5,69.3,5,1,2022-08-26 09:01:02
1661504463086024000,69.2,1,69.1,6,69.2,3,1,2022-08-26 09:01:03
1661504463105914000,69.2,1,69.1,6,69.2,2,1,2022-08-26 09:01:03
1661504463117223000,69.2,1,69.1,6,69.2,1,1,2022-08-26 09:01:03
1661504463141568000,69.2,1,69.2,1,69.3,6,1,2022-08-26 09:01:03
1661504463485115000,69.2,1,69.1,6,69.3,10,2,2022-08-26 09:01:03
1661504463523718000,69.3,2,69.1,6,69.3,9,1,2022-08-26 09:01:03
1661504463673649000,69.3,2,69.1,6,69.3,7,1,2022-08-26 09:01:03
1661504463766048000,69.1,1,69.1,5,69.3,7,2,2022-08-26 09:01:03
1661504463819178000,69.2,1,69.1,5,69.3,7,2,2022-08-26 09:01:03
1661504464166955000,69.1,1,69.1,4,69.2,7,2,2022-08-26 09:01:04
1661504464171301000,69.2,1,69.1,5,69.2,7,1,2022-08-26 09:01:04
1661504464337158000,69.2,1,69.1,4,69.2,5,1,2022-08-26 09:01:04
1661504464962164000,69.1,1,69.1,10,69.2,5,2,2022-08-26 09:01:04
1661504465153889000,69.2,1,69.1,10,69.2,4,1,2022-08-26 09:01:05
1661504465171887000,69.2,4,69.1,10,69.3,9,1,2022-08-26 09:01:05
1661504465171887000,69.3,2,69.1,10,69.3,9,1,2022-08-26 09:01:05
1661504466139925000,69.2,1,69.1,12,69.2,4,1,2022-08-26 09:01:06
1661504466193866000,69.1,2,69.1,12,69.2,4,2,2022-08-26 09:01:06
1661504466770319000,69.1,1,69.1,11,69.2,4,2,2022-08-26 09:01:06
1661504466966723000,69.2,1,69.1,12,69.2,3,1,2022-08-26 09:01:06
1661504467192382000,69.1,2,69.1,10,69.2,3,2,2022-08-26 09:01:07
1661504467446799000,69.2,2,69.1,11,69.2,3,1,2022-08-26 09:01:07
1661504467583521000,69.2,2,69.1,14,69.2,1,1,2022-08-26 09:01:07
1661504467962130000,69.2,1,69.1,16,69.2,1,1,2022-08-26 09:01:07
1661504468069206000,69.2,1,69.1,16,69.3,15,1,2022-08-26 09:01:08
1661504468069206000,69.3,2,69.1,16,69.3,15,1,2022-08-26 09:01:08
1661504468265344000,69.2,1,69.1,16,69.2,5,1,2022-08-26 09:01:08
1661504468274097000,69.2,1,69.1,16,69.2,4,1,2022-08-26 09:01:08
1661504468311863000,69.1,1,69.1,15,69.2,4,2,2022-08-26 09:01:08
1661504468687992000,69.2,1,69.1,18,69.2,3,1,2022-08-26 09:01:08
1661504468711779000,69.2,2,69.1,18,69.2,4,1,2022-08-26 09:01:08
1661504468799364000,69.2,1,69.2,1,69.3,15,1,2022-08-26 09:01:08
1661504468837385000,69.3,1,69.2,1,69.3,14,1,2022-08-26 09:01:08
1661504468903854000,69.3,3,69.2,1,69.3,11,1,2022-08-26 09:01:08
1661504469045051000,69.2,1,69.1,20,69.3,12,2,2022-08-26 09:01:09
1661504469168254000,69.3,2,69.2,1,69.3,10,1,2022-08-26 09:01:09
1661504469174534000,69.3,2,69.2,1,69.3,12,1,2022-08-26 09:01:09
1661504469318055000,69.2,1,69.2,1,69.3,8,2,2022-08-26 09:01:09
1661504469489901000,69.2,1,69.1,17,69.3,8,2,2022-08-26 09:01:09
1661504469489901000,69.1,4,69.1,17,69.3,8,2,2022-08-26 09:01:09
1661504470882639000,69.3,1,69.2,4,69.3,9,1,2022-08-26 09:01:10
1661504471281020000,69.2,1,69.2,6,69.3,10,2,2022-08-26 09:01:11
1661504471919989000,69.3,1,69.2,6,69.3,10,1,2022-08-26 09:01:11
1661504472135586000,69.2,2,69.2,4,69.3,10,2,2022-08-26 09:01:12
1661504472555156000,69.2,9,69.1,31,69.2,1,2,2022-08-26 09:01:12
1661504472884794000,69.2,1,69.1,32,69.3,6,1,2022-08-26 09:01:12
1661504472884794000,69.3,4,69.1,32,69.3,6,1,2022-08-26 09:01:12
1661504473390117000,69.3,5,69.2,1,69.3,1,1,2022-08-26 09:01:13
1661504473462466000,69.2,1,69.1,33,69.3,1,2,2022-08-26 09:01:13
1661504473571389000,69.1,1,69.1,32,69.2,12,2,2022-08-26 09:01:13
1661504473763975000,69.2,1,69.1,33,69.2,12,1,2022-08-26 09:01:13
1661504474021208000,69.2,1,69.1,33,69.2,10,1,2022-08-26 09:01:14
1661504474096554000,69.2,1,69.1,33,69.2,9,1,2022-08-26 09:01:14
1661504474243930000,69.1,5,69.1,33,69.2,9,2,2022-08-26 09:01:14
1661504474415659000,69.2,1,69.1,29,69.2,8,1,2022-08-26 09:01:14
1661504474679222000,69.1,2,69.1,30,69.2,8,2,2022-08-26 09:01:14
1661504475063973000,69.2,8,69.1,29,69.3,2,1,2022-08-26 09:01:15
1661504475063973000,69.3,2,69.1,29,69.3,2,1,2022-08-26 09:01:15
1661504475086698000,69.3,1,69.1,29,69.3,1,1,2022-08-26 09:01:15
1661504475251486000,69.2,1,69.1,29,69.3,3,2,2022-08-26 09:01:15
1661504475265071000,69.3,1,69.2,1,69.3,3,1,2022-08-26 09:01:15
1661504475283382000,69.1,29,69.0,55,69.3,2,2,2022-08-26 09:01:15
1661504475399554000,69.2,1,69.0,55,69.4,11,1,2022-08-26 09:01:15
1661504475399554000,69.3,2,69.0,55,69.4,11,1,2022-08-26 09:01:15
1661504475472625000,69.2,1,69.0,55,69.4,11,2,2022-08-26 09:01:15
1661504475657277000,69.2,4,69.1,2,69.2,6,2,2022-08-26 09:01:15
1661504476337506000,69.1,1,69.1,1,69.2,32,2,2022-08-26 09:01:16
1661504476337538000,69.1,1,69.0,54,69.2,32,2,2022-08-26 09:01:16
1661504477251907000,69.1,1,69.0,54,69.1,13,1,2022-08-26 09:01:17
1661504477271177000,69.1,1,69.0,54,69.1,11,1,2022-08-26 09:01:17
1661504477306714000,69.0,1,69.0,53,69.1,11,2,2022-08-26 09:01:17
1661504477358712000,69.1,1,69.0,53,69.1,10,1,2022-08-26 09:01:17
1661504477447972000,69.0,5,69.0,48,69.1,11,2,2022-08-26 09:01:17
1661504477641043000,69.1,1,69.0,50,69.1,19,1,2022-08-26 09:01:17
1661504477645144000,69.0,1,69.0,49,69.1,19,2,2022-08-26 09:01:17
1661504477954632000,69.1,1,69.0,49,69.1,20,1,2022-08-26 09:01:17
1661504478161198000,69.1,1,69.0,49,69.1,22,1,2022-08-26 09:01:18
1661504478472012000,69.0,1,69.0,49,69.1,22,2,2022-08-26 09:01:18
1661504478524864000,69.0,1,69.0,48,69.1,22,2,2022-08-26 09:01:18
1661504479051141000,69.1,1,69.0,48,69.1,21,1,2022-08-26 09:01:19
1661504479288776000,69.0,1,69.0,47,69.1,21,2,2022-08-26 09:01:19
1661504479332592000,69.0,1,69.0,46,69.1,21,2,2022-08-26 09:01:19
1661504479528324000,69.0,1,69.0,45,69.1,21,2,2022-08-26 09:01:19
1661504479743042000,69.0,5,69.0,49,69.1,21,2,2022-08-26 09:01:19
1661504479777793000,69.0,1,69.0,43,69.1,21,2,2022-08-26 09:01:19
1661504479777810000,69.0,1,69.0,42,69.1,21,2,2022-08-26 09:01:19
1661504479777812000,69.0,1,69.0,41,69.1,21,2,2022-08-26 09:01:19
1661504479777830000,69.0,1,69.0,40,69.1,21,2,2022-08-26 09:01:19
1661504479777834000,69.0,1,69.0,39,69.1,21,2,2022-08-26 09:01:19
1661504479777860000,69.0,1,69.0,38,69.1,21,2,2022-08-26 09:01:19
1661504479777876000,69.0,1,69.0,37,69.1,21,2,2022-08-26 09:01:19
1661504479777893000,69.0,1,69.0,36,69.1,21,2,2022-08-26 09:01:19
1661504479777908000,69.0,1,69.0,35,69.1,21,2,2022-08-26 09:01:19
1661504479777946000,69.0,1,69.0,34,69.1,21,2,2022-08-26 09:01:19
1661504479782620000,69.0,1,69.0,33,69.1,21,2,2022-08-26 09:01:19
1661504479814569000,69.0,1,69.0,32,69.1,21,2,2022-08-26 09:01:19
1661504479814585000,69.0,1,69.0,31,69.1,21,2,2022-08-26 09:01:19
1661504479814650000,69.0,1,69.0,30,69.1,21,2,2022-08-26 09:01:19
1661504479816947000,69.0,1,69.0,29,69.1,21,2,2022-08-26 09:01:19
1661504479816983000,69.0,1,69.0,28,69.1,21,2,2022-08-26 09:01:19
1661504479816999000,69.0,1,69.0,27,69.1,21,2,2022-08-26 09:01:19
1661504479817016000,69.0,1,69.0,26,69.1,21,2,2022-08-26 09:01:19
1661504479819209000,69.0,1,69.0,25,69.1,21,2,2022-08-26 09:01:19
1661504479819225000,69.0,1,69.0,24,69.1,21,2,2022-08-26 09:01:19
1661504479819321000,69.0,1,69.0,23,69.1,21,2,2022-08-26 09:01:19
1661504479825800000,69.0,1,69.0,22,69.1,21,2,2022-08-26 09:01:19
1661504479836830000,69.0,1,69.0,21,69.1,21,2,2022-08-26 09:01:19
1661504479849303000,69.0,3,69.0,18,69.1,21,2,2022-08-26 09:01:19
1661504479852764000,69.0,18,68.9,23,69.1,21,2,2022-08-26 09:01:19
1661504479913585000,69.0,1,68.9,23,69.0,2,1,2022-08-26 09:01:19
1661504479967074000,69.0,1,68.9,23,69.0,1,1,2022-08-26 09:01:19
1661504479970649000,69.0,1,68.9,23,69.1,22,1,2022-08-26 09:01:19
1661504480320425000,69.0,3,68.9,23,69.1,22,1,2022-08-26 09:01:20
1661504480571952000,69.0,2,69.0,4,69.1,23,1,2022-08-26 09:01:20
1661504480610721000,69.0,1,69.0,3,69.1,23,2,2022-08-26 09:01:20
1661504480610737000,69.0,1,69.0,2,69.1,23,2,2022-08-26 09:01:20
1661504480610756000,69.0,1,69.0,1,69.1,23,2,2022-08-26 09:01:20
1661504480610759000,69.0,1,68.9,23,69.1,23,2,2022-08-26 09:01:20
1661504480645508000,68.9,1,68.9,22,69.1,23,2,2022-08-26 09:01:20
1661504480645525000,68.9,1,68.9,21,69.1,23,2,2022-08-26 09:01:20
1661504480645553000,68.9,1,68.9,20,69.1,23,2,2022-08-26 09:01:20
1661504480645627000,68.9,1,68.9,19,69.1,23,2,2022-08-26 09:01:20
1661504480882689000,69.0,1,68.9,19,69.0,8,1,2022-08-26 09:01:20
1661504481040059000,69.0,1,68.9,19,69.0,7,1,2022-08-26 09:01:21
1661504481262939000,69.0,1,68.9,19,69.0,7,1,2022-08-26 09:01:21
1661504481318871000,69.0,5,68.9,19,69.0,3,1,2022-08-26 09:01:21
1661504481364618000,69.0,1,68.9,19,69.0,2,1,2022-08-26 09:01:21
1661504481442959000,68.9,2,68.9,17,69.0,5,2,2022-08-26 09:01:21
1661504481622170000,69.0,5,68.9,19,69.0,5,1,2022-08-26 09:01:21
1661504481622170000,69.1,2,68.9,19,69.0,5,1,2022-08-26 09:01:21
1661504482199664000,69.0,1,68.9,17,69.0,2,1,2022-08-26 09:01:22
1661504482573165000,69.0,1,68.9,17,69.0,3,1,2022-08-26 09:01:22
1661504482762180000,69.0,1,68.9,17,69.0,4,1,2022-08-26 09:01:22
1661504483074390000,68.9,1,68.9,16,69.0,8,2,2022-08-26 09:01:23
1661504483239382000,69.0,1,68.9,16,69.0,7,1,2022-08-26 09:01:23
1661504483254879000,69.0,1,68.9,16,69.0,8,1,2022-08-26 09:01:23
1661504483526803000,68.9,2,68.9,14,69.0,7,2,2022-08-26 09:01:23
1661504483620620000,69.0,7,68.9,14,69.1,14,1,2022-08-26 09:01:23
1661504483620620000,69.1,3,68.9,14,69.1,14,1,2022-08-26 09:01:23
1661504485549226000,69.0,2,69.0,2,69.1,15,2,2022-08-26 09:01:25
1661504485589626000,69.0,2,68.9,14,69.1,15,2,2022-08-26 09:01:25
1661504485603963000,68.9,4,69.0,4,69.1,15,2,2022-08-26 09:01:25
1661504486167800000,69.0,1,68.9,10,69.0,3,1,2022-08-26 09:01:26
1661504486622397000,69.0,1,68.9,10,69.0,23,1,2022-08-26 09:01:26
1661504486946298000,69.0,1,68.9,12,69.0,21,1,2022-08-26 09:01:26
1661504487302694000,69.0,2,68.9,12,69.0,20,1,2022-08-26 09:01:27
1661504487344293000,68.9,1,68.9,11,69.0,20,2,2022-08-26 09:01:27
1661504487687962000,69.0,16,68.9,11,69.0,21,1,2022-08-26 09:01:27
1661504488163221000,69.0,1,68.9,11,69.0,4,1,2022-08-26 09:01:28
1661504488174218000,68.9,1,68.9,10,69.0,4,2,2022-08-26 09:01:28
1661504488353702000,69.0,1,68.9,10,69.0,3,1,2022-08-26 09:01:28
1661504488377300000,69.0,1,68.9,11,69.0,2,1,2022-08-26 09:01:28
1661504488996987000,69.0,1,68.9,11,69.0,1,1,2022-08-26 09:01:28
1661504489504799000,68.9,5,68.9,7,69.0,23,2,2022-08-26 09:01:29
1661504489540292000,68.9,1,68.9,6,69.0,23,2,2022-08-26 09:01:29
1661504489540936000,68.9,1,68.9,5,69.0,23,2,2022-08-26 09:01:29
1661504489707505000,69.0,1,68.9,5,69.0,24,1,2022-08-26 09:01:29
1661504490460729000,69.0,4,68.9,6,69.0,23,1,2022-08-26 09:01:30
1661504490688196000,69.0,1,68.9,6,69.0,22,1,2022-08-26 09:01:30
1661504490914414000,69.0,1,68.9,6,69.0,21,1,2022-08-26 09:01:30
1661504491112678000,68.9,5,68.9,1,69.0,21,2,2022-08-26 09:01:31
1661504491146964000,68.9,1,68.8,61,69.0,21,2,2022-08-26 09:01:31
1661504491506083000,68.9,1,68.8,61,69.0,23,2,2022-08-26 09:01:31
1661504491506083000,68.8,1,68.8,61,69.0,23,2,2022-08-26 09:01:31
1661504491642164000,69.0,1,68.9,1,69.0,22,1,2022-08-26 09:01:31
1661504492025378000,68.9,1,68.9,4,69.0,24,2,2022-08-26 09:01:32
1661504492049720000,68.9,1,68.9,3,69.0,24,2,2022-08-26 09:01:32
1661504492083041000,68.9,1,68.9,3,69.0,24,2,2022-08-26 09:01:32
1661504492504111000,69.0,1,68.9,2,69.0,23,1,2022-08-26 09:01:32
1661504492834835000,69.0,1,68.9,2,69.0,22,1,2022-08-26 09:01:32
1661504493837861000,69.0,1,68.9,4,69.0,21,1,2022-08-26 09:01:33
1661504493876438000,69.0,1,68.9,4,69.0,20,1,2022-08-26 09:01:33
1661504493921061000,69.0,1,68.9,4,69.0,19,1,2022-08-26 09:01:33
1661504494252095000,69.0,1,68.9,4,69.0,18,1,2022-08-26 09:01:34
1661504494292941000,69.0,1,68.9,4,69.0,17,1,2022-08-26 09:01:34
1661504494952747000,68.9,1,68.9,4,69.0,22,2,2022-08-26 09:01:34
1661504495553337000,68.9,1,68.9,3,69.0,22,2,2022-08-26 09:01:35
1661504495553576000,68.9,1,68.9,2,69.0,22,2,2022-08-26 09:01:35
1661504495553812000,68.9,1,68.9,1,69.0,22,2,2022-08-26 09:01:35
1661504495554053000,68.9,1,68.8,63,69.0,22,2,2022-08-26 09:01:35
1661504496051951000,68.9,3,68.8,63,68.9,9,1,2022-08-26 09:01:36
1661504496185738000,68.9,1,68.8,61,68.9,9,1,2022-08-26 09:01:36
1661504496360343000,68.9,1,68.8,61,68.9,7,1,2022-08-26 09:01:36
1661504496562282000,68.9,1,68.8,61,68.9,7,1,2022-08-26 09:01:36
1661504497318260000,68.9,1,68.8,61,68.9,7,1,2022-08-26 09:01:37
1661504497521507000,68.8,1,68.8,60,68.9,7,2,2022-08-26 09:01:37
1661504497706990000,68.9,2,68.8,61,68.9,5,1,2022-08-26 09:01:37
1661504498042952000,68.9,1,68.8,63,68.9,10,1,2022-08-26 09:01:38
1661504498606956000,68.8,1,68.8,66,68.9,15,2,2022-08-26 09:01:38
1661504498686193000,68.9,2,68.8,67,68.9,15,1,2022-08-26 09:01:38
1661504499279613000,68.9,1,68.8,66,68.9,14,1,2022-08-26 09:01:39
1661504499568803000,68.8,1,68.8,65,68.9,13,2,2022-08-26 09:01:39
1661504499672609000,68.9,2,68.8,66,68.9,13,1,2022-08-26 09:01:39
1661504500914896000,68.9,1,68.8,65,68.9,10,1,2022-08-26 09:01:40
1661504501269111000,68.9,1,68.8,68,68.9,10,1,2022-08-26 09:01:41
1661504503078353000,68.9,1,68.8,68,68.9,15,1,2022-08-26 09:01:43
1661504503960745000,68.9,1,68.8,69,68.9,13,1,2022-08-26 09:01:43
1661504504131919000,68.8,1,68.8,68,68.9,13,2,2022-08-26 09:01:44
1661504504422339000,68.9,1,68.8,67,68.9,13,1,2022-08-26 09:01:44
1661504504513907000,68.9,1,68.8,67,68.9,14,1,2022-08-26 09:01:44
1661504505002693000,68.9,1,68.8,67,68.9,11,1,2022-08-26 09:01:45
1661504505536941000,68.9,1,68.8,67,68.9,11,1,2022-08-26 09:01:45
1661504505692310000,68.9,1,68.8,67,68.9,10,1,2022-08-26 09:01:45
1661504505701956000,68.9,2,68.8,67,68.9,8,1,2022-08-26 09:01:45
1661504505824881000,68.8,4,68.8,63,68.9,8,2,2022-08-26 09:01:45
1661504505861458000,68.8,1,68.8,62,68.9,8,2,2022-08-26 09:01:45
1661504506096871000,68.8,1,68.8,61,68.9,8,2,2022-08-26 09:01:46
1661504506141932000,68.9,1,68.8,61,68.9,7,1,2022-08-26 09:01:46
1661504506474536000,68.9,1,68.8,63,68.9,6,1,2022-08-26 09:01:46
1661504506538848000,68.9,1,68.8,63,68.9,5,1,2022-08-26 09:01:46
1661504506688109000,68.9,1,68.8,63,68.9,4,1,2022-08-26 09:01:46
1661504506877233000,68.8,1,68.8,62,68.9,4,2,2022-08-26 09:01:46
1661504507361803000,68.9,3,68.8,62,68.9,1,1,2022-08-26 09:01:47
1661504507402408000,68.8,1,68.8,61,68.9,1,2,2022-08-26 09:01:47
1661504507788276000,68.8,8,68.8,61,68.9,2,2,2022-08-26 09:01:47
1661504507826255000,68.8,1,68.8,52,68.9,2,2,2022-08-26 09:01:47
1661504507826478000,68.8,1,68.8,51,68.9,2,2,2022-08-26 09:01:47
1661504507826749000,68.8,1,68.8,50,68.9,2,2,2022-08-26 09:01:47
1661504507826963000,68.8,1,68.8,49,68.9,2,2,2022-08-26 09:01:47
1661504507827158000,68.8,1,68.8,48,68.9,2,2,2022-08-26 09:01:47
1661504507839528000,68.8,1,68.8,47,68.9,2,2,2022-08-26 09:01:47
1661504507887971000,68.8,1,68.8,46,68.9,2,2,2022-08-26 09:01:47
1661504508038627000,68.9,1,68.8,46,68.9,2,1,2022-08-26 09:01:48
1661504508291191000,68.9,1,68.8,46,69.0,68,1,2022-08-26 09:01:48
1661504508436271000,68.9,1,68.9,1,69.0,68,2,2022-08-26 09:01:48
1661504508584698000,68.9,1,68.8,46,69.0,68,2,2022-08-26 09:01:48
1661504508767190000,68.8,1,68.8,45,69.0,68,2,2022-08-26 09:01:48
1661504508860775000,68.9,1,68.8,45,69.0,68,2,2022-08-26 09:01:48
1661504509840913000,68.9,1,68.9,3,69.0,68,1,2022-08-26 09:01:49
1661504510305891000,68.9,1,68.9,8,69.0,67,2,2022-08-26 09:01:50
1661504510483758000,68.9,1,68.9,7,69.0,67,2,2022-08-26 09:01:50
1661504510520402000,68.9,1,68.9,6,69.0,67,2,2022-08-26 09:01:50
1661504510772786000,68.9,2,68.9,6,69.0,67,2,2022-08-26 09:01:50
1661504510906333000,68.9,4,68.8,47,68.9,6,2,2022-08-26 09:01:50
1661504510910212000,68.9,1,68.8,47,68.9,5,1,2022-08-26 09:01:50
1661504511218491000,68.8,2,68.8,45,68.9,6,2,2022-08-26 09:01:51
1661504512832742000,68.8,3,68.8,45,68.9,14,2,2022-08-26 09:01:52
1661504513044811000,68.8,1,68.8,44,68.9,14,2,2022-08-26 09:01:53
1661504513080280000,68.8,1,68.8,43,68.9,14,2,2022-08-26 09:01:53
1661504513561037000,68.8,5,68.8,38,68.9,15,2,2022-08-26 09:01:53
1661504513596653000,68.8,24,68.8,14,68.9,15,2,2022-08-26 09:01:53
1661504513610384000,68.9,1,68.8,14,68.9,14,1,2022-08-26 09:01:53
1661504513629960000,68.8,14,68.7,31,68.9,14,2,2022-08-26 09:01:53
1661504514059022000,68.8,1,68.7,31,68.8,5,1,2022-08-26 09:01:54
1661504514544291000,68.8,2,68.7,31,68.8,7,1,2022-08-26 09:01:54
1661504515171263000,68.8,10,68.7,27,68.8,6,1,2022-08-26 09:01:55
1661504516166502000,68.7,1,68.7,26,68.8,13,2,2022-08-26 09:01:56
1661504516957934000,68.7,20,68.7,6,68.8,23,2,2022-08-26 09:01:56
1661504516988879000,68.7,6,68.6,16,68.8,23,2,2022-08-26 09:01:56
1661504517593572000,68.7,1,68.6,16,68.7,3,1,2022-08-26 09:01:57
1661504518176937000,68.7,1,68.6,16,68.7,2,1,2022-08-26 09:01:58
1661504518454854000,68.6,1,68.6,15,68.7,4,2,2022-08-26 09:01:58
1661504518761060000,68.6,4,68.6,11,68.7,4,2,2022-08-26 09:01:58
1661504518797740000,68.6,1,68.6,10,68.7,4,2,2022-08-26 09:01:58
1661504518831289000,68.6,1,68.6,9,68.7,4,2,2022-08-26 09:01:58
1661504519136768000,68.6,1,68.6,8,68.7,4,2,2022-08-26 09:01:59
1661504519258745000,68.7,2,68.6,8,68.7,2,1,2022-08-26 09:01:59
1661504519260040000,68.7,1,68.6,8,68.7,1,1,2022-08-26 09:01:59
1661504519302499000,68.6,1,68.6,7,68.7,1,2,2022-08-26 09:01:59
1661504519400045000,68.6,1,68.6,6,68.7,1,2,2022-08-26 09:01:59
1661504519676092000,68.6,2,68.6,4,68.7,1,2,2022-08-26 09:01:59
1661504519752668000,68.6,1,68.6,3,68.7,1,2,2022-08-26 09:01:59
1661504519773796000,68.7,1,68.6,3,68.8,26,1,2022-08-26 09:01:59
1661504519817135000,68.6,2,68.6,1,68.8,26,2,2022-08-26 09:01:59
1661504520153203000,68.7,1,68.6,1,68.8,25,1,2022-08-26 09:02:00
1661504520153203000,68.8,1,68.6,1,68.8,25,1,2022-08-26 09:02:00
1661504520259157000,68.6,2,68.6,3,68.8,25,2,2022-08-26 09:02:00
1661504520519693000,68.6,1,68.5,20,68.8,25,2,2022-08-26 09:02:00
1661504520519693000,68.5,3,68.5,20,68.8,25,2,2022-08-26 09:02:00
1661504520702264000,68.7,1,68.7,2,68.8,25,2,2022-08-26 09:02:00
1661504520991388000,68.7,1,68.7,2,68.8,25,2,2022-08-26 09:02:00
1661504521028177000,68.7,1,68.7,1,68.8,25,2,2022-08-26 09:02:01
1661504521038227000,68.7,1,68.5,20,68.8,25,2,2022-08-26 09:02:01
1661504521038227000,68.6,2,68.5,20,68.8,25,2,2022-08-26 09:02:01
1661504523059663000,68.6,2,68.5,25,68.6,8,1,2022-08-26 09:02:03
1661504523092323000,68.5,5,68.5,20,68.6,8,2,2022-08-26 09:02:03
1661504523131146000,68.5,1,68.5,19,68.6,8,2,2022-08-26 09:02:03
1661504523964594000,68.5,2,68.5,16,68.6,8,2,2022-08-26 09:02:03
1661504524753568000,68.5,2,68.5,14,68.6,9,2,2022-08-26 09:02:04
1661504524794110000,68.5,1,68.5,16,68.6,9,2,2022-08-26 09:02:04
1661504525186012000,68.5,6,68.5,2,68.6,9,2,2022-08-26 09:02:05
1661504525186036000,68.5,2,68.4,9,68.6,9,2,2022-08-26 09:02:05
1661504525259516000,68.5,1,68.4,9,68.5,1,1,2022-08-26 09:02:05
1661504526014741000,68.5,1,68.4,9,68.5,1,1,2022-08-26 09:02:06
1661504526038215000,68.5,1,68.4,9,68.6,10,1,2022-08-26 09:02:06
1661504526262302000,68.5,1,68.5,3,68.6,10,2,2022-08-26 09:02:06
1661504526378136000,68.5,1,68.5,1,68.6,20,2,2022-08-26 09:02:06
1661504526413147000,68.5,1,68.4,9,68.6,20,2,2022-08-26 09:02:06
1661504526906080000,68.5,1,68.4,13,68.5,5,1,2022-08-26 09:02:06
1661504527560347000,68.5,2,68.4,13,68.5,8,1,2022-08-26 09:02:07
1661504527887890000,68.5,3,68.4,13,68.5,6,1,2022-08-26 09:02:07
1661504527918931000,68.5,1,68.4,13,68.5,5,1,2022-08-26 09:02:07
1661504528374345000,68.5,1,68.4,14,68.5,5,1,2022-08-26 09:02:08
1661504528408184000,68.5,5,68.4,14,68.6,20,1,2022-08-26 09:02:08
1661504529189264000,68.5,1,68.4,19,68.6,25,1,2022-08-26 09:02:09
1661504529334894000,68.4,1,68.4,18,68.5,2,2,2022-08-26 09:02:09
1661504529630856000,68.5,2,68.4,18,68.6,25,1,2022-08-26 09:02:09
1661504529955648000,68.6,5,68.5,3,68.6,20,1,2022-08-26 09:02:09
1661504529995960000,68.5,1,68.5,2,68.6,20,2,2022-08-26 09:02:09
1661504530021354000,68.5,1,68.5,3,68.6,25,2,2022-08-26 09:02:10
1661504530738362000,68.6,1,68.5,1,68.6,19,1,2022-08-26 09:02:10
1661504531394679000,68.5,2,68.5,3,68.6,19,2,2022-08-26 09:02:11
1661504531976204000,68.5,2,68.5,4,68.6,19,2,2022-08-26 09:02:11
1661504532009116000,68.5,1,68.5,3,68.6,19,2,2022-08-26 09:02:12
1661504532182212000,68.6,3,68.5,3,68.6,16,1,2022-08-26 09:02:12
1661504532214046000,68.6,6,68.5,3,68.6,10,1,2022-08-26 09:02:12
1661504532247668000,68.6,9,68.5,3,68.6,1,1,2022-08-26 09:02:12
1661504532270583000,68.6,1,68.5,6,68.6,19,1,2022-08-26 09:02:12
1661504532514743000,68.7,1,68.5,4,68.7,5,1,2022-08-26 09:02:12
1661504532605100000,68.5,1,68.5,3,68.7,5,2,2022-08-26 09:02:12
1661504532717762000,68.5,3,68.5,4,68.7,5,2,2022-08-26 09:02:12
1661504533293316000,68.7,1,68.5,5,68.7,5,1,2022-08-26 09:02:13
1661504533832308000,68.7,1,68.5,5,68.7,2,1,2022-08-26 09:02:13
1661504534569004000,68.7,1,68.5,8,68.7,1,1,2022-08-26 09:02:14
1661504534869084000,68.6,4,68.5,9,68.6,1,1,2022-08-26 09:02:14
1661504534887292000,68.5,5,68.5,4,68.6,1,2,2022-08-26 09:02:14
1661504534901927000,68.6,1,68.5,4,68.7,1,1,2022-08-26 09:02:14
1661504535581943000,68.7,1,68.5,5,68.7,1,1,2022-08-26 09:02:15
1661504536117126000,68.7,5,68.5,11,68.7,1,1,2022-08-26 09:02:16
1661504536548385000,68.6,2,68.5,8,68.7,1,2,2022-08-26 09:02:16
1661504536548385000,68.5,3,68.5,8,68.7,1,2,2022-08-26 09:02:16
1661504536888620000,68.5,4,68.5,5,68.7,1,2,2022-08-26 09:02:16
1661504537504482000,68.7,2,68.6,16,68.8,17,1,2022-08-26 09:02:17
1661504538159538000,68.6,5,68.6,16,68.8,27,2,2022-08-26 09:02:18
1661504538322815000,68.6,2,68.6,9,68.8,27,2,2022-08-26 09:02:18
1661504538777701000,68.6,1,68.6,9,68.8,27,2,2022-08-26 09:02:18
1661504540501053000,68.6,1,68.6,9,68.7,5,2,2022-08-26 09:02:20
1661504540696464000,68.7,5,68.6,9,68.7,5,1,2022-08-26 09:02:20
1661504541377434000,68.7,1,68.6,6,68.8,22,2,2022-08-26 09:02:21
1661504541377434000,68.6,4,68.6,6,68.8,22,2,2022-08-26 09:02:21
1661504542767492000,68.7,1,68.6,7,68.7,1,1,2022-08-26 09:02:22
1661504542837685000,68.6,3,68.6,4,68.7,1,2,2022-08-26 09:02:22
1661504543202363000,68.7,1,68.6,4,68.8,22,1,2022-08-26 09:02:23
1661504543460817000,68.6,2,68.6,3,68.7,10,2,2022-08-26 09:02:23
1661504544589370000,68.7,3,68.6,11,68.7,10,1,2022-08-26 09:02:24
1661504544844064000,68.7,2,68.6,11,68.7,5,1,2022-08-26 09:02:24
1661504545331585000,68.7,3,68.6,12,68.7,2,1,2022-08-26 09:02:25
1661504545361412000,68.7,2,68.6,12,68.8,22,1,2022-08-26 09:02:25
1661504545596014000,68.6,3,68.6,11,68.8,22,2,2022-08-26 09:02:25
1661504545692660000,68.8,1,68.6,11,68.8,21,1,2022-08-26 09:02:25
1661504546966374000,68.7,5,68.7,5,68.8,21,2,2022-08-26 09:02:26
1661504547851582000,68.8,2,68.7,10,68.8,19,1,2022-08-26 09:02:27
1661504549212556000,68.7,1,68.7,14,68.8,19,2,2022-08-26 09:02:29
1661504549691142000,68.8,1,68.7,15,68.8,19,1,2022-08-26 09:02:29
1661504552194299000,68.8,10,68.7,23,68.8,11,1,2022-08-26 09:02:32
1661504552226526000,68.8,6,68.7,24,68.8,11,1,2022-08-26 09:02:32
1661504552651645000,68.8,2,68.7,24,68.8,3,1,2022-08-26 09:02:32
1661504553274447000,68.8,2,68.7,24,68.8,1,1,2022-08-26 09:02:33
1661504553310510000,68.7,1,68.7,23,68.8,1,2,2022-08-26 09:02:33
1661504553311605000,68.8,1,68.7,23,68.9,22,1,2022-08-26 09:02:33
1661504556647861000,68.9,1,68.8,19,68.9,16,1,2022-08-26 09:02:36
1661504556718372000,68.9,10,68.8,19,68.9,17,1,2022-08-26 09:02:36
1661504557722006000,68.9,2,68.8,19,68.9,9,1,2022-08-26 09:02:37
1661504558211732000,68.8,1,68.8,20,68.9,7,2,2022-08-26 09:02:38
1661504558219538000,68.9,2,68.8,20,68.9,5,1,2022-08-26 09:02:38
1661504558698133000,68.8,1,68.8,22,68.9,5,2,2022-08-26 09:02:38
1661504558958208000,68.9,1,68.8,22,68.9,4,1,2022-08-26 09:02:38
1661504559032261000,68.8,13,68.8,9,68.9,4,2,2022-08-26 09:02:39
1661504559214255000,68.9,1,68.8,7,68.9,3,1,2022-08-26 09:02:39
1661504559489302000,68.9,2,68.8,8,68.9,1,1,2022-08-26 09:02:39
1661504561024486000,68.9,2,68.9,3,69.0,123,1,2022-08-26 09:02:41
1661504561116418000,68.9,1,68.9,2,69.0,123,2,2022-08-26 09:02:41
1661504561145088000,68.9,2,68.8,12,69.0,123,2,2022-08-26 09:02:41
1661504561360156000,69.0,1,68.8,14,69.0,123,1,2022-08-26 09:02:41
1661504561715336000,68.9,1,68.8,14,68.9,1,2,2022-08-26 09:02:41
1661504562675277000,68.8,1,68.8,12,68.9,1,2,2022-08-26 09:02:42
1661504563682214000,68.9,1,68.8,13,69.0,123,1,2022-08-26 09:02:43
1661504564858333000,68.9,1,68.8,18,69.0,122,2,2022-08-26 09:02:44
1661504565011407000,68.8,1,68.8,27,69.0,122,2,2022-08-26 09:02:45
1661504565914291000,68.9,2,68.8,29,68.9,2,1,2022-08-26 09:02:45
1661504566030595000,68.9,1,68.8,29,68.9,1,1,2022-08-26 09:02:46
1661504566419519000,68.9,1,68.8,29,69.0,121,1,2022-08-26 09:02:46
1661504566419519000,69.0,2,68.8,29,69.0,121,1,2022-08-26 09:02:46
1661504566969842000,68.9,1,68.9,1,69.0,121,2,2022-08-26 09:02:46
1661504566989388000,68.9,1,68.8,32,69.0,121,2,2022-08-26 09:02:46
1661504568191934000,68.9,1,68.8,33,68.9,1,2,2022-08-26 09:02:48
1661504568645145000,68.9,1,68.8,35,68.9,1,1,2022-08-26 09:02:48
1661504569489008000,68.9,1,68.8,36,69.0,122,2,2022-08-26 09:02:49
1661504570782829000,68.9,2,68.8,49,68.9,2,1,2022-08-26 09:02:50
1661504571322046000,68.9,1,68.8,49,69.0,122,1,2022-08-26 09:02:51
1661504571326962000,68.8,1,68.8,49,68.9,1,2,2022-08-26 09:02:51
1661504571384324000,68.9,1,68.8,48,69.0,122,2,2022-08-26 09:02:51
1661504571513395000,69.0,3,68.9,1,69.0,122,1,2022-08-26 09:02:51
1661504572674271000,69.0,1,68.8,48,69.0,118,1,2022-08-26 09:02:52
1661504574322990000,68.9,1,68.9,1,69.0,118,2,2022-08-26 09:02:54
1661504574666986000,69.0,1,68.9,1,69.0,117,1,2022-08-26 09:02:54
1661504576333015000,69.0,2,68.9,3,69.0,116,1,2022-08-26 09:02:56
1661504576520139000,69.0,1,68.9,3,69.0,114,1,2022-08-26 09:02:56
1661504578387071000,69.0,2,68.9,4,69.0,114,1,2022-08-26 09:02:58
1661504578711482000,69.0,1,68.9,4,69.0,113,1,2022-08-26 09:02:58
1661504579846117000,69.0,4,68.9,8,69.0,109,1,2022-08-26 09:02:59
1661504580238137000,68.9,8,68.8,49,69.0,119,2,2022-08-26 09:03:00
1661504580656460000,68.9,1,68.8,49,69.0,121,2,2022-08-26 09:03:00
1661504580792973000,68.8,5,68.8,44,68.9,4,2,2022-08-26 09:03:00
1661504580825262000,68.8,36,68.8,49,68.9,4,2,2022-08-26 09:03:00
1661504580859097000,68.8,8,68.7,14,68.9,4,2,2022-08-26 09:03:00
1661504580972034000,68.8,1,68.8,1,68.9,4,1,2022-08-26 09:03:00
1661504581214121000,68.9,1,68.8,1,68.9,3,1,2022-08-26 09:03:01
1661504581404169000,68.9,1,68.8,1,68.9,2,1,2022-08-26 09:03:01
1661504581709474000,68.8,1,68.7,14,68.8,7,2,2022-08-26 09:03:01
1661504582603675000,68.7,1,68.7,13,68.8,7,2,2022-08-26 09:03:02
1661504582729094000,68.8,2,68.7,13,68.8,5,1,2022-08-26 09:03:02
1661504582762764000,68.7,1,68.7,12,68.8,5,2,2022-08-26 09:03:02
1661504582775530000,68.7,1,68.7,11,68.8,5,2,2022-08-26 09:03:02
1661504582833707000,68.7,1,68.7,10,68.8,5,2,2022-08-26 09:03:02
1661504583048075000,68.7,7,68.7,3,68.8,8,2,2022-08-26 09:03:03
1661504583077187000,68.7,3,68.6,19,68.8,8,2,2022-08-26 09:03:03
1661504584031729000,68.7,1,68.6,19,68.7,2,1,2022-08-26 09:03:04
1661504584456441000,68.7,1,68.6,19,68.7,5,1,2022-08-26 09:03:04
1661504584960320000,68.7,2,68.6,19,68.7,8,1,2022-08-26 09:03:04
1661504585046612000,68.6,1,68.6,18,68.7,8,2,2022-08-26 09:03:05
1661504585366774000,68.6,5,68.6,13,68.7,8,2,2022-08-26 09:03:05
1661504585398469000,68.6,11,68.6,2,68.7,8,2,2022-08-26 09:03:05
1661504585433125000,68.6,1,68.6,1,68.7,8,2,2022-08-26 09:03:05
1661504585433244000,68.6,1,68.5,26,68.7,8,2,2022-08-26 09:03:05
1661504586435390000,68.5,3,68.5,23,68.6,10,2,2022-08-26 09:03:06
1661504586472379000,68.5,9,68.5,14,68.6,10,2,2022-08-26 09:03:06
1661504586535877000,68.5,8,68.5,6,68.6,10,2,2022-08-26 09:03:06
1661504586558133000,68.5,1,68.5,5,68.6,10,2,2022-08-26 09:03:06
1661504586669019000,68.5,2,68.5,3,68.6,10,2,2022-08-26 09:03:06
1661504586773000000,68.5,1,68.5,5,68.6,10,2,2022-08-26 09:03:06
1661504587046034000,68.5,2,68.5,1,68.6,10,2,2022-08-26 09:03:07
1661504587076924000,68.5,1,68.4,10,68.6,10,2,2022-08-26 09:03:07
1661504588778653000,68.4,1,68.4,9,68.6,9,2,2022-08-26 09:03:08
1661504588813162000,68.4,1,68.4,9,68.6,9,2,2022-08-26 09:03:08
1661504588972624000,68.4,2,68.4,6,68.6,19,2,2022-08-26 09:03:08
1661504589984369000,68.4,6,68.3,26,68.5,3,2,2022-08-26 09:03:09
1661504590025290000,68.3,2,68.3,24,68.5,3,2,2022-08-26 09:03:10
1661504590077475000,68.3,2,68.3,22,68.5,4,2,2022-08-26 09:03:10
1661504590421004000,68.5,1,68.3,22,68.5,3,1,2022-08-26 09:03:10
1661504590458321000,68.3,1,68.3,21,68.5,3,2,2022-08-26 09:03:10
1661504590711010000,68.3,1,68.3,20,68.5,3,2,2022-08-26 09:03:10
1661504591042314000,68.4,1,68.3,19,68.4,1,1,2022-08-26 09:03:11
1661504591042314000,68.5,1,68.3,19,68.4,1,1,2022-08-26 09:03:11
1661504591473154000,68.3,1,68.3,18,68.5,2,2,2022-08-26 09:03:11
1661504591895001000,68.3,10,68.3,7,68.5,2,2,2022-08-26 09:03:11
1661504591912537000,68.3,3,68.3,4,68.5,2,2,2022-08-26 09:03:11
1661504592696580000,68.3,1,68.3,3,68.5,4,2,2022-08-26 09:03:12
1661504592829824000,68.3,1,68.3,3,68.4,1,2,2022-08-26 09:03:12
1661504592869432000,68.3,1,68.3,1,68.4,1,2,2022-08-26 09:03:12
1661504592914815000,68.3,1,68.2,58,68.4,1,2,2022-08-26 09:03:12
1661504593801612000,68.2,14,68.2,44,68.4,1,2,2022-08-26 09:03:13
1661504593811564000,68.2,1,68.2,43,68.4,1,2,2022-08-26 09:03:13
1661504593839562000,68.2,1,68.2,42,68.4,1,2,2022-08-26 09:03:13
1661504594698997000,68.2,2,68.2,40,68.3,2,2,2022-08-26 09:03:14
1661504594789308000,68.3,2,68.2,42,68.3,2,1,2022-08-26 09:03:14
1661504595030458000,68.3,1,68.2,40,68.4,2,2,2022-08-26 09:03:15
1661504595798932000,68.2,1,68.2,39,68.4,2,2,2022-08-26 09:03:15
1661504597433713000,68.2,10,68.2,29,68.4,2,2,2022-08-26 09:03:17
1661504597501076000,68.2,5,68.2,24,68.4,2,2,2022-08-26 09:03:17
1661504597938328000,68.3,1,68.2,24,68.5,1,1,2022-08-26 09:03:17
1661504597938328000,68.4,11,68.2,24,68.5,1,1,2022-08-26 09:03:17
1661504597938328000,68.5,3,68.2,24,68.5,1,1,2022-08-26 09:03:17
1661504598006661000,68.2,1,68.2,23,68.5,1,2,2022-08-26 09:03:18
1661504598236303000,68.2,2,68.2,23,68.3,1,2,2022-08-26 09:03:18
1661504598625560000,68.3,1,68.2,22,68.3,1,1,2022-08-26 09:03:18
1661504599221802000,68.2,2,68.2,22,68.3,1,2,2022-08-26 09:03:19
1661504599501002000,68.3,1,68.2,20,68.5,1,1,2022-08-26 09:03:19
1661504599858181000,68.2,9,68.2,12,68.5,1,2,2022-08-26 09:03:19
1661504600048947000,68.2,1,68.2,12,68.5,1,2,2022-08-26 09:03:20
1661504601237160000,68.2,1,68.2,11,68.5,1,2,2022-08-26 09:03:21
1661504601371287000,68.2,1,68.2,10,68.5,1,2,2022-08-26 09:03:21
1661504601408654000,68.2,3,68.2,7,68.5,1,2,2022-08-26 09:03:21
1661504601694395000,68.2,1,68.2,6,68.4,1,2,2022-08-26 09:03:21
1661504602392699000,68.3,1,68.3,1,68.4,2,2,2022-08-26 09:03:22
1661504602869476000,68.3,1,68.2,8,68.4,2,2,2022-08-26 09:03:22
1661504603035958000,68.2,1,68.2,7,68.4,2,2,2022-08-26 09:03:23
1661504603656195000,68.2,2,68.2,8,68.4,2,2,2022-08-26 09:03:23
1661504603956947000,68.2,1,68.2,6,68.4,2,2,2022-08-26 09:03:23
1661504604552650000,68.3,1,68.2,7,68.3,1,1,2022-08-26 09:03:24
1661504605550679000,68.3,1,68.2,22,68.4,2,2,2022-08-26 09:03:25
1661504606598466000,68.3,1,68.2,23,68.4,2,1,2022-08-26 09:03:26
1661504609161755000,68.4,2,68.3,4,68.4,2,1,2022-08-26 09:03:29
1661504609161755000,68.5,1,68.3,4,68.4,2,1,2022-08-26 09:03:29
1661504609689078000,68.3,1,68.3,4,68.5,22,2,2022-08-26 09:03:29
1661504610100525000,68.3,1,68.3,2,68.5,22,2,2022-08-26 09:03:30
1661504610125049000,68.3,1,68.3,1,68.5,22,2,2022-08-26 09:03:30
1661504610486792000,68.3,1,68.3,8,68.5,22,2,2022-08-26 09:03:30
1661504610556420000,68.3,1,68.3,7,68.5,22,2,2022-08-26 09:03:30
1661504610875864000,68.3,1,68.3,9,68.4,1,2,2022-08-26 09:03:30
1661504611354596000,68.4,1,68.4,5,68.5,22,1,2022-08-26 09:03:31
1661504611616701000,68.4,1,68.4,4,68.5,23,2,2022-08-26 09:03:31
1661504611660536000,68.4,2,68.4,5,68.5,23,2,2022-08-26 09:03:31
1661504612886890000,68.4,2,68.3,17,68.4,2,2,2022-08-26 09:03:32
1661504613268991000,68.3,1,68.3,17,68.4,2,2,2022-08-26 09:03:33
1661504614014355000,68.4,1,68.3,16,68.4,5,1,2022-08-26 09:03:34
1661504614197723000,68.4,2,68.3,16,68.4,6,1,2022-08-26 09:03:34
1661504616703719000,68.3,3,68.3,19,68.4,4,2,2022-08-26 09:03:36
1661504618274414000,68.4,1,68.3,19,68.4,4,1,2022-08-26 09:03:38
1661504619200290000,68.4,1,68.3,20,68.4,8,1,2022-08-26 09:03:39
1661504619556123000,68.4,1,68.3,20,68.4,8,1,2022-08-26 09:03:39
1661504619743471000,68.3,5,68.3,15,68.4,10,2,2022-08-26 09:03:39
1661504619815912000,68.3,1,68.3,14,68.4,10,2,2022-08-26 09:03:39
1661504619851468000,68.3,14,68.2,32,68.4,10,2,2022-08-26 09:03:39
1661504620555638000,68.3,1,68.3,1,68.4,10,2,2022-08-26 09:03:40
1661504622102555000,68.3,3,68.2,30,68.3,2,2,2022-08-26 09:03:42
1661504622326698000,68.3,1,68.2,30,68.3,1,1,2022-08-26 09:03:42
1661504622595737000,68.3,1,68.2,30,68.4,13,1,2022-08-26 09:03:42
1661504622715249000,68.4,2,68.2,30,68.3,1,1,2022-08-26 09:03:42
1661504624369128000,68.3,1,68.2,30,68.3,1,1,2022-08-26 09:03:44
1661504624422291000,68.2,1,68.2,29,68.3,1,2,2022-08-26 09:03:44
1661504624423026000,68.2,2,68.2,27,68.3,1,2,2022-08-26 09:03:44
1661504625524430000,68.3,1,68.2,37,68.4,13,1,2022-08-26 09:03:45
1661504628167883000,68.2,3,68.2,34,68.3,3,2,2022-08-26 09:03:48
1661504628534551000,68.3,1,68.2,35,68.3,11,1,2022-08-26 09:03:48
1661504628598028000,68.2,1,68.2,35,68.3,12,2,2022-08-26 09:03:48
1661504628970994000,68.3,1,68.2,34,68.3,10,1,2022-08-26 09:03:48
1661504629035420000,68.3,1,68.2,34,68.3,9,1,2022-08-26 09:03:49
1661504629037648000,68.2,1,68.2,34,68.3,11,2,2022-08-26 09:03:49
1661504629558697000,68.2,1,68.2,27,68.3,9,2,2022-08-26 09:03:49
1661504629573882000,68.3,1,68.2,28,68.3,9,1,2022-08-26 09:03:49
1661504629985648000,68.3,1,68.2,27,68.3,7,1,2022-08-26 09:03:49
1661504630019843000,68.2,6,68.2,21,68.3,7,2,2022-08-26 09:03:50
1661504630030710000,68.2,1,68.2,20,68.3,7,2,2022-08-26 09:03:50
1661504630522777000,68.3,2,68.2,20,68.3,5,1,2022-08-26 09:03:50
1661504630593484000,68.2,1,68.2,20,68.3,5,2,2022-08-26 09:03:50
1661504630743107000,68.2,5,68.2,14,68.3,5,2,2022-08-26 09:03:50
1661504630777888000,68.2,14,68.1,15,68.2,10,2,2022-08-26 09:03:50
1661504630811326000,68.1,1,68.1,14,68.2,10,2,2022-08-26 09:03:50
1661504630831806000,68.1,1,68.1,13,68.2,10,2,2022-08-26 09:03:50
1661504630842150000,68.1,13,68.0,85,68.2,10,2,2022-08-26 09:03:50
1661504630842492000,68.2,1,68.0,85,68.2,9,1,2022-08-26 09:03:50
1661504631176120000,68.0,1,68.0,84,68.1,1,2,2022-08-26 09:03:51
1661504631225002000,68.0,1,68.0,83,68.1,1,2,2022-08-26 09:03:51
1661504631226970000,68.0,1,68.0,82,68.1,1,2,2022-08-26 09:03:51
1661504631316063000,68.1,1,68.0,82,68.1,3,1,2022-08-26 09:03:51
1661504631761185000,68.0,1,68.0,83,68.1,3,2,2022-08-26 09:03:51
1661504631974527000,68.1,3,68.2,1,68.3,5,1,2022-08-26 09:03:51
1661504631974527000,68.2,1,68.2,1,68.3,5,1,2022-08-26 09:03:51
1661504632005313000,68.2,1,68.0,79,68.3,5,2,2022-08-26 09:03:52
1661504632005313000,68.0,4,68.0,79,68.3,5,2,2022-08-26 09:03:52
1661504632128526000,68.2,1,68.0,79,68.2,4,1,2022-08-26 09:03:52
1661504632277069000,68.0,1,68.0,78,68.2,3,2,2022-08-26 09:03:52
1661504632821625000,68.0,1,68.0,77,68.2,3,2,2022-08-26 09:03:52
1661504633263979000,68.2,1,68.0,77,68.2,6,1,2022-08-26 09:03:53
1661504633297871000,68.0,2,68.0,75,68.2,6,2,2022-08-26 09:03:53
1661504633370723000,68.2,2,68.0,75,68.2,4,1,2022-08-26 09:03:53
1661504633400905000,68.0,1,68.0,74,68.2,4,2,2022-08-26 09:03:53
1661504634266573000,68.1,1,68.0,74,68.2,4,2,2022-08-26 09:03:54
1661504634614046000,68.0,1,68.0,73,68.1,1,2,2022-08-26 09:03:54
1661504634825543000,68.1,1,68.0,73,68.2,4,1,2022-08-26 09:03:54
1661504634825543000,68.2,2,68.0,73,68.2,4,1,2022-08-26 09:03:54
1661504635203389000,68.0,5,68.0,69,68.2,4,2,2022-08-26 09:03:55
1661504636222714000,68.1,1,68.0,65,68.2,5,2,2022-08-26 09:03:56
1661504636222714000,68.0,4,68.0,65,68.2,5,2,2022-08-26 09:03:56
1661504636763945000,68.1,3,68.0,63,68.2,5,1,2022-08-26 09:03:56
1661504638705048000,68.0,1,68.0,63,68.1,6,2,2022-08-26 09:03:58
1661504638718429000,68.1,1,68.0,64,68.1,6,1,2022-08-26 09:03:58
1661504639162612000,68.0,3,68.0,60,68.1,5,2,2022-08-26 09:03:59
1661504639198740000,68.0,1,68.0,63,68.1,5,2,2022-08-26 09:03:59
1661504639460687000,68.1,3,68.0,59,68.1,2,1,2022-08-26 09:03:59
1661504639851539000,68.0,2,68.0,59,68.1,2,2,2022-08-26 09:03:59
1661504640152024000,68.0,2,68.0,69,68.1,2,2,2022-08-26 09:04:00
1661504640161200000,68.1,2,68.0,69,68.2,15,1,2022-08-26 09:04:00
1661504640463491000,68.0,5,68.0,65,68.2,15,2,2022-08-26 09:04:00
1661504640483418000,68.0,1,68.0,64,68.2,15,2,2022-08-26 09:04:00
1661504640514906000,68.0,1,68.0,63,68.2,15,2,2022-08-26 09:04:00
1661504640515175000,68.0,1,68.0,62,68.2,15,2,2022-08-26 09:04:00
1661504640515431000,68.0,1,68.0,61,68.2,15,2,2022-08-26 09:04:00
1661504640515580000,68.0,1,68.0,60,68.2,15,2,2022-08-26 09:04:00
1661504640515767000,68.0,1,68.0,59,68.2,15,2,2022-08-26 09:04:00
1661504640645783000,68.0,7,68.0,53,68.2,15,2,2022-08-26 09:04:00
1661504640717281000,68.1,3,68.0,53,68.2,15,2,2022-08-26 09:04:00
1661504640876767000,68.2,1,68.0,53,68.2,14,1,2022-08-26 09:04:00
1661504641257571000,68.0,1,68.0,53,68.2,14,2,2022-08-26 09:04:01
1661504642175578000,68.2,10,68.1,2,68.2,4,1,2022-08-26 09:04:02
1661504642194142000,68.2,4,68.1,2,68.2,14,1,2022-08-26 09:04:02
1661504644230568000,68.1,1,68.1,8,68.3,9,2,2022-08-26 09:04:04
1661504644746188000,68.3,2,68.1,10,68.3,10,1,2022-08-26 09:04:04
1661504646114264000,68.1,1,68.1,15,68.3,22,2,2022-08-26 09:04:06
1661504646930222000,68.1,1,68.1,13,68.3,19,2,2022-08-26 09:04:06
1661504647807610000,68.1,2,68.1,12,68.3,19,2,2022-08-26 09:04:07
1661504649835123000,68.1,1,68.1,13,68.3,22,2,2022-08-26 09:04:09
1661504650121316000,68.1,5,68.1,8,68.3,22,2,2022-08-26 09:04:10
1661504650756790000,68.1,5,68.1,3,68.3,22,2,2022-08-26 09:04:10
1661504651269325000,68.1,5,68.0,80,68.1,5,2,2022-08-26 09:04:11
1661504651533267000,68.1,5,68.0,80,68.4,11,1,2022-08-26 09:04:11
1661504651533267000,68.3,23,68.0,80,68.4,11,1,2022-08-26 09:04:11
1661504651533267000,68.4,7,68.0,80,68.4,11,1,2022-08-26 09:04:11
1661504653880115000,68.1,1,68.1,13,68.2,4,2,2022-08-26 09:04:13
1661504654603923000,68.2,1,68.1,8,68.2,4,1,2022-08-26 09:04:14
1661504654962423000,68.2,3,68.2,2,68.3,1,1,2022-08-26 09:04:14
1661504657465552000,68.3,2,68.2,3,68.3,2,1,2022-08-26 09:04:17
1661504659215955000,68.4,1,68.2,3,68.4,11,1,2022-08-26 09:04:19
1661504659614403000,68.2,1,68.2,2,68.3,1,2,2022-08-26 09:04:19
1661504660183717000,68.2,3,68.1,14,68.3,1,2,2022-08-26 09:04:20
1661504660183717000,68.1,2,68.1,14,68.3,1,2,2022-08-26 09:04:20
1661504660202190000,68.1,1,68.1,13,68.3,1,2,2022-08-26 09:04:20
1661504660559859000,68.3,1,68.2,6,68.3,1,1,2022-08-26 09:04:20
1661504661080612000,68.2,5,68.2,6,68.4,10,2,2022-08-26 09:04:21
1661504661241727000,68.4,1,68.2,1,68.4,9,1,2022-08-26 09:04:21
1661504662143742000,68.2,1,68.1,15,68.4,9,2,2022-08-26 09:04:22
1661504662774529000,68.1,1,68.1,14,68.3,2,2,2022-08-26 09:04:22
1661504664773959000,68.2,4,68.2,2,68.3,2,2,2022-08-26 09:04:24
1661504665930747000,68.3,1,68.2,3,68.3,2,1,2022-08-26 09:04:25
1661504666239727000,68.2,1,68.2,3,68.3,2,2,2022-08-26 09:04:26
1661504666783285000,68.3,1,68.2,4,68.3,1,1,2022-08-26 09:04:26
1661504667143537000,68.3,1,68.2,7,68.3,1,1,2022-08-26 09:04:27
1661504667848469000,68.3,1,68.2,7,68.4,10,2,2022-08-26 09:04:27
1661504668045384000,68.2,1,68.2,6,68.4,10,2,2022-08-26 09:04:28
1661504668753792000,68.2,1,68.2,7,68.4,11,2,2022-08-26 09:04:28
1661504670028948000,68.3,1,68.3,1,68.4,11,2,2022-08-26 09:04:30
1661504670184740000,68.2,1,68.2,11,68.4,11,2,2022-08-26 09:04:30
1661504671477572000,68.3,1,68.2,20,68.4,10,1,2022-08-26 09:04:31
1661504671477572000,68.4,1,68.2,20,68.4,10,1,2022-08-26 09:04:31
1661504672007188000,68.3,1,68.2,20,68.4,19,1,2022-08-26 09:04:32
1661504672007188000,68.4,1,68.2,20,68.4,19,1,2022-08-26 09:04:32
1661504672025685000,68.2,1,68.2,19,68.4,19,2,2022-08-26 09:04:32
1661504672697870000,68.2,1,68.2,18,68.3,1,2,2022-08-26 09:04:32
1661504672785828000,68.2,2,68.2,16,68.3,1,2,2022-08-26 09:04:32
1661504673691602000,68.2,1,68.2,15,68.3,1,2,2022-08-26 09:04:33
1661504674534192000,68.3,1,68.2,17,68.4,29,1,2022-08-26 09:04:34
1661504676324887000,68.2,2,68.2,25,68.4,29,2,2022-08-26 09:04:36
1661504676508105000,68.2,2,68.2,23,68.4,29,2,2022-08-26 09:04:36
1661504676944585000,68.3,1,68.2,23,68.3,4,1,2022-08-26 09:04:36
1661504679090708000,68.2,2,68.2,28,68.3,5,2,2022-08-26 09:04:39
1661504681235137000,68.2,32,68.1,25,68.3,11,2,2022-08-26 09:04:41
1661504681387805000,68.2,1,68.1,25,68.2,1,1,2022-08-26 09:04:41
1661504681698228000,68.2,1,68.1,25,68.3,11,2,2022-08-26 09:04:41
1661504681841507000,68.3,2,68.1,25,68.3,11,1,2022-08-26 09:04:41
1661504682052267000,68.2,2,68.2,2,68.3,11,2,2022-08-26 09:04:42
1661504682066415000,68.2,2,68.2,4,68.3,11,2,2022-08-26 09:04:42
1661504682596853000,68.2,1,68.1,23,68.2,4,1,2022-08-26 09:04:42
1661504684565922000,68.2,1,68.1,23,68.2,3,1,2022-08-26 09:04:44
1661504685176650000,68.1,10,68.1,13,68.2,3,2,2022-08-26 09:04:45
1661504685660462000,68.1,1,68.1,14,68.2,9,2,2022-08-26 09:04:45
1661504686324695000,68.2,1,68.1,14,68.2,8,1,2022-08-26 09:04:46
1661504687099566000,68.2,5,68.1,15,68.2,16,1,2022-08-26 09:04:47
1661504687865567000,68.2,10,68.1,15,68.2,1,1,2022-08-26 09:04:47
1661504688159280000,68.2,1,68.1,15,68.2,1,1,2022-08-26 09:04:48
1661504688520903000,68.1,5,68.1,10,68.2,2,2,2022-08-26 09:04:48
1661504689652600000,68.1,2,68.1,11,68.2,6,2,2022-08-26 09:04:49
1661504690870814000,68.1,1,68.1,10,68.2,6,2,2022-08-26 09:04:50
1661504691386662000,68.1,1,68.1,9,68.2,16,2,2022-08-26 09:04:51
1661504691422528000,68.1,1,68.1,8,68.2,16,2,2022-08-26 09:04:51
1661504691510087000,68.1,8,68.0,113,68.1,2,2,2022-08-26 09:04:51
1661504691536557000,68.0,2,68.0,111,68.1,2,2,2022-08-26 09:04:51
1661504691581906000,68.0,1,68.1,10,68.2,16,2,2022-08-26 09:04:51
1661504692584305000,68.1,2,68.0,110,68.2,16,1,2022-08-26 09:04:52
1661504692677267000,68.2,1,68.0,110,68.2,17,1,2022-08-26 09:04:52
1661504692800241000,68.0,1,68.0,109,68.2,17,2,2022-08-26 09:04:52
1661504692930682000,68.1,1,68.1,2,68.2,17,2,2022-08-26 09:04:52
1661504693287876000,68.1,2,68.0,109,68.1,1,2,2022-08-26 09:04:53
1661504694111390000,68.1,1,68.0,109,68.2,20,1,2022-08-26 09:04:54
1661504694297833000,68.0,1,68.0,108,68.2,25,2,2022-08-26 09:04:54
1661504694659498000,68.0,2,68.0,108,68.2,33,2,2022-08-26 09:04:54
1661504695840950000,68.0,1,68.0,105,68.2,35,2,2022-08-26 09:04:55
1661504696802850000,68.0,1,68.0,104,68.2,35,2,2022-08-26 09:04:56
1661504696915919000,68.1,2,68.1,5,68.2,35,1,2022-08-26 09:04:56
1661504696945942000,68.1,1,68.1,4,68.2,35,2,2022-08-26 09:04:56
1661504697072420000,68.1,1,68.1,3,68.2,35,2,2022-08-26 09:04:57
1661504698324889000,68.2,1,68.1,4,68.2,34,1,2022-08-26 09:04:58
1661504699636018000,68.1,1,68.1,5,68.2,38,2,2022-08-26 09:04:59
1661504699937934000,68.1,3,68.1,2,68.2,38,2,2022-08-26 09:04:59
1661504700077509000,68.1,4,68.0,103,68.1,3,2,2022-08-26 09:05:00
1661504700133165000,68.0,1,68.0,102,68.1,3,2,2022-08-26 09:05:00
1661504700428333000,68.0,8,68.0,94,68.1,5,2,2022-08-26 09:05:00
1661504700428853000,68.0,4,68.0,90,68.1,5,2,2022-08-26 09:05:00
1661504700464593000,68.0,9,68.0,81,68.1,5,2,2022-08-26 09:05:00
1661504700498221000,68.0,4,68.0,77,68.1,5,2,2022-08-26 09:05:00
1661504700633492000,68.0,2,68.0,75,68.1,5,2,2022-08-26 09:05:00
1661504701664557000,68.0,1,68.0,73,68.1,2,2,2022-08-26 09:05:01
1661504702212320000,68.0,1,68.0,71,68.1,3,2,2022-08-26 09:05:02
1661504702846105000,68.0,3,68.0,69,68.1,5,2,2022-08-26 09:05:02
1661504703080357000,68.0,3,68.0,66,68.1,5,2,2022-08-26 09:05:03
1661504703964066000,68.0,1,68.0,66,68.1,5,2,2022-08-26 09:05:03
1661504704128617000,68.0,1,68.0,66,68.1,5,2,2022-08-26 09:05:04
1661504704265109000,68.0,1,68.0,64,68.1,5,2,2022-08-26 09:05:04
1661504704278876000,68.0,1,68.0,63,68.1,7,2,2022-08-26 09:05:04
1661504704372055000,68.0,2,68.0,61,68.1,7,2,2022-08-26 09:05:04
1661504704784960000,68.0,2,68.0,58,68.1,22,2,2022-08-26 09:05:04
1661504704819892000,68.0,4,68.0,54,68.1,22,2,2022-08-26 09:05:04
1661504704898142000,68.0,1,68.0,53,68.1,22,2,2022-08-26 09:05:04
1661504705796749000,68.0,15,68.0,38,68.1,27,2,2022-08-26 09:05:05
1661504705809264000,68.0,38,67.9,30,68.0,12,2,2022-08-26 09:05:05
1661504705834415000,67.9,5,67.9,25,68.0,12,2,2022-08-26 09:05:05
1661504705837859000,67.9,1,67.9,24,68.0,12,2,2022-08-26 09:05:05
1661504705871965000,67.9,18,67.9,6,68.0,12,2,2022-08-26 09:05:05
1661504705880743000,67.9,6,67.8,19,68.0,12,2,2022-08-26 09:05:05
1661504705880743000,67.8,12,67.8,19,68.0,12,2,2022-08-26 09:05:05
1661504705886823000,67.8,1,67.8,18,67.9,1,2,2022-08-26 09:05:05
1661504705919089000,67.8,2,67.8,16,67.9,2,2,2022-08-26 09:05:05
1661504705933888000,67.8,2,67.8,14,67.9,3,2,2022-08-26 09:05:05
1661504705971332000,67.8,2,67.8,12,67.9,3,2,2022-08-26 09:05:05
1661504705974337000,67.8,1,67.8,11,67.9,3,2,2022-08-26 09:05:05
1661504706315342000,67.8,1,67.8,10,67.9,3,2,2022-08-26 09:05:06
1661504707171410000,67.8,6,67.8,4,67.9,3,2,2022-08-26 09:05:07
1661504707318421000,67.8,1,67.8,3,67.9,3,2,2022-08-26 09:05:07
1661504707750356000,67.8,3,67.7,3,67.9,3,2,2022-08-26 09:05:07
1661504707750356000,67.7,4,67.7,3,67.9,3,2,2022-08-26 09:05:07
1661504707786545000,67.7,2,67.7,1,67.9,3,2,2022-08-26 09:05:07
1661504707788330000,67.7,1,67.6,6,67.9,3,2,2022-08-26 09:05:07
1661504707788330000,67.6,1,67.6,6,67.9,3,2,2022-08-26 09:05:07
1661504707797350000,67.6,1,67.6,5,67.9,3,2,2022-08-26 09:05:07
1661504707875567000,67.6,2,67.6,3,67.8,5,2,2022-08-26 09:05:07
1661504708168480000,67.6,1,67.6,2,67.8,5,2,2022-08-26 09:05:08
1661504708489039000,67.8,2,67.6,2,67.8,5,1,2022-08-26 09:05:08
1661504708610237000,67.7,1,67.6,2,67.8,2,2,2022-08-26 09:05:08
1661504708636062000,67.6,1,67.7,1,67.8,2,2,2022-08-26 09:05:08
1661504708842822000,67.6,1,67.5,31,67.8,3,2,2022-08-26 09:05:08
1661504708842822000,67.5,1,67.5,31,67.8,3,2,2022-08-26 09:05:08
1661504708940314000,67.8,1,67.5,31,67.8,2,1,2022-08-26 09:05:08
1661504708983569000,67.5,7,67.5,24,67.8,2,2,2022-08-26 09:05:08
1661504709007252000,67.5,1,67.5,23,67.8,2,2,2022-08-26 09:05:09
1661504709789181000,67.6,1,67.5,24,67.8,8,2,2022-08-26 09:05:09
1661504709792340000,67.5,1,67.5,23,67.8,8,2,2022-08-26 09:05:09
1661504710567391000,67.8,2,67.5,22,67.8,6,1,2022-08-26 09:05:10
1661504710675398000,67.5,2,67.5,20,67.8,6,2,2022-08-26 09:05:10
1661504711948323000,67.7,1,67.6,1,67.7,1,1,2022-08-26 09:05:11
1661504711979428000,67.7,1,67.6,1,67.7,2,1,2022-08-26 09:05:11
1661504712501620000,67.6,2,67.6,1,67.8,6,2,2022-08-26 09:05:12
1661504713017094000,67.6,3,67.6,3,67.8,6,2,2022-08-26 09:05:13
1661504713066550000,67.6,2,67.6,1,67.8,6,2,2022-08-26 09:05:13
1661504714209269000,67.6,1,67.6,4,67.8,7,2,2022-08-26 09:05:14
1661504714958815000,67.6,4,67.5,23,67.8,7,2,2022-08-26 09:05:14
1661504714958815000,67.5,1,67.5,23,67.8,7,2,2022-08-26 09:05:14
1661504715325354000,67.6,1,67.5,23,67.8,7,2,2022-08-26 09:05:15
1661504715568931000,67.5,1,67.5,22,67.8,7,2,2022-08-26 09:05:15
1661504716067173000,67.5,1,67.5,22,67.7,1,2,2022-08-26 09:05:16
1661504716212044000,67.7,1,67.7,19,67.8,7,1,2022-08-26 09:05:16
1661504716341550000,67.7,2,67.7,17,67.8,9,2,2022-08-26 09:05:16
1661504716372371000,67.7,1,67.7,16,67.8,9,2,2022-08-26 09:05:16
1661504716391471000,67.7,1,67.7,15,67.8,9,2,2022-08-26 09:05:16
1661504716733169000,67.7,2,67.7,13,67.8,9,2,2022-08-26 09:05:16
1661504717056720000,67.7,9,67.7,4,67.8,4,2,2022-08-26 09:05:17
1661504717089464000,67.7,1,67.7,3,67.8,4,2,2022-08-26 09:05:17
1661504717094793000,67.7,1,67.7,2,67.8,4,2,2022-08-26 09:05:17
1661504717164041000,67.7,2,67.7,13,67.8,4,2,2022-08-26 09:05:17
1661504717395412000,67.6,3,67.6,7,67.8,4,2,2022-08-26 09:05:17
1661504717454077000,67.8,1,67.6,7,67.8,3,1,2022-08-26 09:05:17
1661504718359694000,67.6,1,67.6,9,67.8,3,2,2022-08-26 09:05:18
1661504718795613000,67.6,1,67.6,7,67.8,3,2,2022-08-26 09:05:18
1661504718861507000,67.6,1,67.6,6,67.8,3,2,2022-08-26 09:05:18
1661504719029704000,67.8,1,67.6,6,67.8,2,1,2022-08-26 09:05:19
1661504719353630000,67.6,1,67.6,6,67.8,2,2,2022-08-26 09:05:19
1661504719554476000,67.6,1,67.6,5,67.8,2,2,2022-08-26 09:05:19
1661504719653576000,67.6,2,67.6,3,67.8,2,2,2022-08-26 09:05:19
1661504720083500000,67.6,1,67.6,5,67.8,2,2,2022-08-26 09:05:20
1661504720363451000,67.6,1,67.6,3,67.8,2,2,2022-08-26 09:05:20
1661504721649395000,67.8,1,67.6,10,67.8,14,1,2022-08-26 09:05:21
1661504724402324000,67.6,2,67.6,12,67.7,4,2,2022-08-26 09:05:24
1661504724707080000,67.6,1,67.6,11,67.7,4,2,2022-08-26 09:05:24
1661504724746490000,67.6,1,67.6,10,67.7,4,2,2022-08-26 09:05:24
1661504724888927000,67.6,3,67.6,7,67.7,4,2,2022-08-26 09:05:24
1661504725258234000,67.6,2,67.6,5,67.7,4,2,2022-08-26 09:05:25
1661504725447565000,67.6,2,67.6,3,67.7,4,2,2022-08-26 09:05:25
1661504725542791000,67.6,3,67.5,12,67.7,4,2,2022-08-26 09:05:25
1661504725542791000,67.5,5,67.5,12,67.7,4,2,2022-08-26 09:05:25
1661504725673447000,67.7,2,67.5,13,67.7,2,1,2022-08-26 09:05:25
1661504726826146000,67.5,1,67.5,12,67.6,7,2,2022-08-26 09:05:26
1661504727219803000,67.5,5,67.5,7,67.6,7,2,2022-08-26 09:05:27
1661504727382190000,67.5,5,67.5,2,67.6,7,2,2022-08-26 09:05:27
1661504727437048000,67.5,1,67.5,1,67.6,7,2,2022-08-26 09:05:27
1661504727643421000,67.6,1,67.5,1,67.6,7,1,2022-08-26 09:05:27
1661504727800774000,67.5,1,67.4,9,67.6,6,2,2022-08-26 09:05:27
1661504727800774000,67.4,3,67.4,9,67.6,6,2,2022-08-26 09:05:27
1661504727983273000,67.5,1,67.4,9,67.5,5,1,2022-08-26 09:05:27
1661504728054178000,67.5,1,67.4,9,67.5,6,1,2022-08-26 09:05:28
1661504728216754000,67.5,1,67.4,9,67.5,3,1,2022-08-26 09:05:28
1661504728228246000,67.4,3,67.4,6,67.5,3,2,2022-08-26 09:05:28
1661504728307616000,67.5,1,67.4,6,67.5,2,1,2022-08-26 09:05:28
1661504728413855000,67.4,5,67.4,1,67.5,2,2,2022-08-26 09:05:28
1661504728588886000,67.5,1,67.4,1,67.5,1,1,2022-08-26 09:05:28
1661504728924168000,67.5,1,67.4,1,67.6,8,1,2022-08-26 09:05:28
1661504728937367000,67.4,1,67.3,53,67.6,8,2,2022-08-26 09:05:28
1661504728937367000,67.3,4,67.3,53,67.6,8,2,2022-08-26 09:05:28
1661504728980197000,67.3,1,67.3,52,67.6,8,2,2022-08-26 09:05:28
1661504729079483000,67.3,2,67.3,50,67.5,1,2,2022-08-26 09:05:29
1661504729550473000,67.3,2,67.3,48,67.5,1,2,2022-08-26 09:05:29
1661504729797900000,67.3,2,67.3,46,67.5,1,2,2022-08-26 09:05:29
1661504730189051000,67.3,12,67.3,34,67.5,1,2,2022-08-26 09:05:30
1661504730625036000,67.3,1,67.3,22,67.4,1,2,2022-08-26 09:05:30
1661504730652623000,67.3,1,67.3,23,67.4,1,2,2022-08-26 09:05:30
1661504731004500000,67.4,6,67.3,21,67.4,21,1,2022-08-26 09:05:31
1661504731476682000,67.3,1,67.3,20,67.4,15,2,2022-08-26 09:05:31
1661504731854822000,67.3,1,67.3,19,67.4,15,2,2022-08-26 09:05:31
1661504731955692000,67.3,1,67.3,18,67.4,15,2,2022-08-26 09:05:31
1661504732034671000,67.4,10,67.3,18,67.4,5,1,2022-08-26 09:05:32
1661504732189753000,67.3,1,67.3,17,67.4,5,2,2022-08-26 09:05:32
1661504732611892000,67.3,8,67.3,9,67.4,10,2,2022-08-26 09:05:32
1661504732649842000,67.3,1,67.3,17,67.4,10,2,2022-08-26 09:05:32
1661504732710851000,67.3,2,67.3,6,67.4,10,2,2022-08-26 09:05:32
1661504732719335000,67.4,5,67.3,6,67.4,5,1,2022-08-26 09:05:32
1661504733232643000,67.3,1,67.3,5,67.4,5,2,2022-08-26 09:05:33
1661504733287171000,67.3,2,67.3,3,67.4,5,2,2022-08-26 09:05:33
1661504733332291000,67.3,1,67.3,2,67.4,5,2,2022-08-26 09:05:33
1661504733400508000,67.3,1,67.3,1,67.4,5,2,2022-08-26 09:05:33
1661504733523130000,67.3,1,67.2,14,67.4,5,2,2022-08-26 09:05:33
1661504735079296000,67.3,2,67.2,14,67.3,3,1,2022-08-26 09:05:35
1661504735293424000,67.3,3,67.2,14,67.4,10,1,2022-08-26 09:05:35
1661504735381451000,67.2,3,67.2,11,67.4,10,2,2022-08-26 09:05:35
1661504735423509000,67.2,3,67.2,8,67.4,10,2,2022-08-26 09:05:35
1661504735605258000,67.3,2,67.2,8,67.3,14,1,2022-08-26 09:05:35
1661504735611474000,67.3,6,67.2,8,67.3,8,1,2022-08-26 09:05:35
1661504735701322000,67.3,1,67.2,8,67.3,7,1,2022-08-26 09:05:35
1661504735753174000,67.3,1,67.2,8,67.3,6,1,2022-08-26 09:05:35
1661504736125505000,67.3,1,67.2,10,67.3,6,1,2022-08-26 09:05:36
1661504736279507000,67.2,10,67.1,28,67.3,5,2,2022-08-26 09:05:36
1661504736304501000,67.1,1,67.1,27,67.3,5,2,2022-08-26 09:05:36
1661504736433135000,67.2,1,67.1,27,67.3,5,1,2022-08-26 09:05:36
1661504737052350000,67.3,3,67.1,28,67.3,3,1,2022-08-26 09:05:37
1661504737180940000,67.1,1,67.1,27,67.3,3,2,2022-08-26 09:05:37
1661504737444152000,67.1,2,67.1,25,67.3,3,2,2022-08-26 09:05:37
1661504737795071000,67.1,2,67.1,23,67.3,3,2,2022-08-26 09:05:37
1661504738030389000,67.3,1,67.1,23,67.3,2,1,2022-08-26 09:05:38
1661504738363058000,67.2,1,67.1,23,67.2,11,2,2022-08-26 09:05:38
1661504738650055000,67.1,1,67.1,22,67.2,11,2,2022-08-26 09:05:38
1661504738718342000,67.2,1,67.1,22,67.2,10,1,2022-08-26 09:05:38
1661504738977875000,67.1,1,67.1,21,67.2,10,2,2022-08-26 09:05:38
1661504739045355000,67.2,1,67.1,21,67.2,9,1,2022-08-26 09:05:39
1661504739544746000,67.1,1,67.1,21,67.2,9,2,2022-08-26 09:05:39
1661504740272481000,67.2,1,67.1,20,67.2,9,1,2022-08-26 09:05:40
1661504740827690000,67.2,1,67.1,21,67.2,8,1,2022-08-26 09:05:40
1661504741349302000,67.2,1,67.1,21,67.2,7,1,2022-08-26 09:05:41
1661504742033892000,67.1,1,67.1,21,67.2,9,2,2022-08-26 09:05:42
1661504742302890000,67.1,1,67.1,20,67.2,10,2,2022-08-26 09:05:42
1661504743082754000,67.1,1,67.1,19,67.2,10,2,2022-08-26 09:05:43
1661504743091616000,67.1,5,67.1,14,67.2,10,2,2022-08-26 09:05:43
1661504743143525000,67.2,1,67.1,14,67.2,9,1,2022-08-26 09:05:43
1661504743272715000,67.2,1,67.1,14,67.2,8,1,2022-08-26 09:05:43
1661504744008793000,67.1,1,67.1,13,67.2,10,2,2022-08-26 09:05:44
1661504744019873000,67.1,4,67.1,9,67.2,10,2,2022-08-26 09:05:44
1661504744352333000,67.1,1,67.1,19,67.2,10,2,2022-08-26 09:05:44
1661504744453799000,67.2,1,67.1,19,67.2,9,1,2022-08-26 09:05:44
1661504744752555000,67.1,1,67.1,22,67.2,14,2,2022-08-26 09:05:44
1661504745663500000,67.1,1,67.1,22,67.2,14,2,2022-08-26 09:05:45
1661504745703813000,67.1,1,67.1,21,67.2,14,2,2022-08-26 09:05:45
1661504745890346000,67.1,1,67.1,20,67.2,14,2,2022-08-26 09:05:45
1661504745898964000,67.1,1,67.1,19,67.2,14,2,2022-08-26 09:05:45
1661504746124428000,67.1,1,67.1,20,67.2,14,2,2022-08-26 09:05:46
1661504746273557000,67.1,1,67.1,18,67.2,14,2,2022-08-26 09:05:46
1661504746365359000,67.2,1,67.1,18,67.2,13,1,2022-08-26 09:05:46
1661504747067883000,67.2,2,67.1,21,67.2,14,1,2022-08-26 09:05:47
1661504747264592000,67.1,1,67.1,20,67.2,13,2,2022-08-26 09:05:47
1661504747640904000,67.1,1,67.1,25,67.2,14,2,2022-08-26 09:05:47
1661504747935829000,67.1,1,67.1,23,67.2,15,2,2022-08-26 09:05:47
1661504748005060000,67.1,1,67.1,22,67.2,14,2,2022-08-26 09:05:48
1661504748386797000,67.1,1,67.1,24,67.2,15,2,2022-08-26 09:05:48
1661504748457809000,67.1,1,67.1,25,67.2,15,2,2022-08-26 09:05:48
1661504749156308000,67.1,2,67.1,24,67.2,15,2,2022-08-26 09:05:49
1661504749491471000,67.1,5,67.1,19,67.2,15,2,2022-08-26 09:05:49
1661504749558718000,67.1,1,67.1,18,67.2,15,2,2022-08-26 09:05:49
1661504749559353000,67.2,1,67.1,24,67.2,15,1,2022-08-26 09:05:49
1661504750228954000,67.2,4,67.1,19,67.2,11,1,2022-08-26 09:05:50
1661504750503086000,67.1,2,67.1,24,67.2,11,2,2022-08-26 09:05:50
1661504750941609000,67.2,1,67.1,26,67.2,12,1,2022-08-26 09:05:50
1661504751098433000,67.1,2,67.1,24,67.2,12,2,2022-08-26 09:05:51
1661504752131726000,67.2,2,67.1,29,67.2,12,1,2022-08-26 09:05:52
1661504752799698000,67.1,1,67.1,28,67.2,10,2,2022-08-26 09:05:52
1661504752965048000,67.2,2,67.1,28,67.2,8,1,2022-08-26 09:05:52
1661504753031415000,67.2,1,67.1,28,67.2,7,1,2022-08-26 09:05:53
1661504753124260000,67.2,2,67.1,29,67.2,5,1,2022-08-26 09:05:53
1661504753144847000,67.2,5,67.1,29,67.2,7,1,2022-08-26 09:05:53
1661504753329890000,67.2,1,67.2,1,67.3,11,2,2022-08-26 09:05:53
1661504753366074000,67.2,1,67.1,28,67.3,11,2,2022-08-26 09:05:53
1661504753366074000,67.1,1,67.1,28,67.3,11,2,2022-08-26 09:05:53
1661504754051371000,67.2,1,67.2,7,67.3,11,2,2022-08-26 09:05:54
1661504754155870000,67.2,1,67.2,8,67.3,11,2,2022-08-26 09:05:54
1661504754466317000,67.3,1,67.2,7,67.3,10,1,2022-08-26 09:05:54
1661504755665705000,67.3,2,67.2,7,67.3,8,1,2022-08-26 09:05:55
1661504755706868000,67.3,5,67.2,7,67.3,3,1,2022-08-26 09:05:55
1661504755971171000,67.3,3,67.2,7,67.4,7,1,2022-08-26 09:05:55
1661504757841018000,67.4,1,67.3,17,67.4,6,1,2022-08-26 09:05:57
1661504757967045000,67.3,1,67.3,16,67.4,6,2,2022-08-26 09:05:57
1661504758897944000,67.3,1,67.3,16,67.4,6,2,2022-08-26 09:05:58
1661504758985054000,67.4,6,67.3,16,67.6,5,1,2022-08-26 09:05:58
1661504758985054000,67.5,9,67.3,16,67.6,5,1,2022-08-26 09:05:58
1661504758985054000,67.6,5,67.3,16,67.6,5,1,2022-08-26 09:05:58
1661504759880519000,67.6,1,67.3,23,67.6,4,1,2022-08-26 09:05:59
1661504760896202000,67.3,10,67.3,5,67.6,6,2,2022-08-26 09:06:00
1661504761484925000,67.3,1,67.3,4,67.5,1,2,2022-08-26 09:06:01
1661504762678802000,67.4,2,67.4,5,67.5,1,2,2022-08-26 09:06:02
1661504762702333000,67.4,3,67.4,2,67.5,1,2,2022-08-26 09:06:02
1661504762712763000,67.4,2,67.3,14,67.5,1,2,2022-08-26 09:06:02
1661504763704677000,67.3,1,67.3,14,67.5,1,2,2022-08-26 09:06:03
1661504763989948000,67.5,1,67.5,1,67.6,5,1,2022-08-26 09:06:03
1661504764839271000,67.5,1,67.3,21,67.6,5,2,2022-08-26 09:06:04
1661504766270897000,67.5,2,67.5,5,67.6,5,2,2022-08-26 09:06:06
1661504766967579000,67.5,3,67.5,3,67.6,5,2,2022-08-26 09:06:06
1661504769053758000,67.5,1,67.4,2,67.5,3,1,2022-08-26 09:06:09
1661504770866251000,67.5,1,67.4,17,67.5,1,1,2022-08-26 09:06:10
1661504770894203000,67.5,1,67.4,17,67.6,6,1,2022-08-26 09:06:10
1661504771519102000,67.4,3,67.4,14,67.6,6,2,2022-08-26 09:06:11
1661504771625343000,67.6,3,67.4,14,67.6,3,1,2022-08-26 09:06:11
1661504772654633000,67.5,2,67.4,18,67.6,3,2,2022-08-26 09:06:12
1661504775523326000,67.6,1,67.5,15,67.6,15,1,2022-08-26 09:06:15
1661504776026253000,67.5,2,67.5,15,67.6,15,2,2022-08-26 09:06:16
1661504777885426000,67.6,3,67.5,20,67.6,12,1,2022-08-26 09:06:17
1661504778350431000,67.5,12,67.5,9,67.6,12,2,2022-08-26 09:06:18
1661504778687533000,67.6,1,67.5,14,67.6,11,1,2022-08-26 09:06:18
1661504778902261000,67.6,5,67.5,14,67.6,6,1,2022-08-26 09:06:18
1661504779243546000,67.5,1,67.5,13,67.6,6,2,2022-08-26 09:06:19
1661504779245021000,67.6,1,67.5,13,67.6,5,1,2022-08-26 09:06:19
1661504779355794000,67.6,1,67.5,13,67.6,4,1,2022-08-26 09:06:19
1661504779715695000,67.6,1,67.5,14,67.6,3,1,2022-08-26 09:06:19
1661504779904697000,67.6,1,67.5,14,67.6,2,1,2022-08-26 09:06:19
1661504781945376000,67.6,1,67.5,22,67.6,13,1,2022-08-26 09:06:21
1661504782598270000,67.6,1,67.5,26,67.6,20,1,2022-08-26 09:06:22
1661504782818099000,67.5,1,67.5,25,67.6,19,2,2022-08-26 09:06:22
1661504782859084000,67.6,1,67.5,25,67.6,18,1,2022-08-26 09:06:22
1661504783490181000,67.6,1,67.5,27,67.6,17,1,2022-08-26 09:06:23
1661504783815608000,67.6,1,67.5,27,67.6,16,1,2022-08-26 09:06:23
1661504784324166000,67.6,5,67.5,22,67.6,11,1,2022-08-26 09:06:24
1661504784346831000,67.5,1,67.5,25,67.6,11,2,2022-08-26 09:06:24
1661504785369565000,67.5,1,67.5,25,67.6,12,2,2022-08-26 09:06:25
1661504785980964000,67.5,1,67.5,25,67.6,12,2,2022-08-26 09:06:25
1661504786645980000,67.6,1,67.5,24,67.6,12,1,2022-08-26 09:06:26
1661504786916560000,67.6,2,67.5,24,67.6,9,1,2022-08-26 09:06:26
1661504788255306000,67.6,1,67.5,26,67.6,8,1,2022-08-26 09:06:28
1661504788381538000,67.6,1,67.5,26,67.6,8,1,2022-08-26 09:06:28
1661504790398808000,67.5,16,67.5,12,67.6,8,2,2022-08-26 09:06:30
1661504790476324000,67.6,1,67.5,12,67.6,7,1,2022-08-26 09:06:30
1661504791484824000,67.6,2,67.5,13,67.6,5,1,2022-08-26 09:06:31
1661504791574993000,67.6,1,67.5,13,67.6,7,1,2022-08-26 09:06:31
1661504791907878000,67.5,10,67.5,3,67.6,4,2,2022-08-26 09:06:31
1661504791944045000,67.5,1,67.5,2,67.6,4,2,2022-08-26 09:06:31
1661504791990455000,67.5,1,67.5,13,67.6,4,2,2022-08-26 09:06:31
1661504792355652000,67.6,1,67.5,1,67.6,3,1,2022-08-26 09:06:32
1661504792944956000,67.5,1,67.4,24,67.6,5,2,2022-08-26 09:06:32
1661504792970566000,67.6,1,67.4,24,67.6,4,1,2022-08-26 09:06:32
1661504793190585000,67.6,1,67.4,24,67.6,10,1,2022-08-26 09:06:33
1661504793229446000,67.6,5,67.4,24,67.6,5,1,2022-08-26 09:06:33
1661504794163830000,67.5,1,67.4,24,67.5,1,1,2022-08-26 09:06:34
1661504795523018000,67.4,1,67.4,24,67.5,2,2,2022-08-26 09:06:35
1661504796732667000,67.5,1,67.4,24,67.5,3,1,2022-08-26 09:06:36
1661504798699303000,67.4,1,67.4,23,67.5,3,2,2022-08-26 09:06:38
1661504799253773000,67.5,2,67.4,23,67.5,1,1,2022-08-26 09:06:39
1661504800321670000,67.4,2,67.4,21,67.5,6,2,2022-08-26 09:06:40
1661504801068074000,67.4,1,67.4,21,67.5,7,2,2022-08-26 09:06:41
1661504801364165000,67.5,2,67.4,20,67.5,5,1,2022-08-26 09:06:41
1661504801373075000,67.5,1,67.4,20,67.5,4,1,2022-08-26 09:06:41
1661504801447231000,67.4,2,67.4,18,67.5,4,2,2022-08-26 09:06:41
1661504801563629000,67.4,1,67.4,17,67.5,4,2,2022-08-26 09:06:41
1661504802110540000,67.5,2,67.4,17,67.5,2,1,2022-08-26 09:06:42
1661504804160371000,67.5,1,67.4,21,67.5,2,1,2022-08-26 09:06:44
1661504807547511000,67.5,1,67.4,24,67.5,3,1,2022-08-26 09:06:47
1661504807642064000,67.4,1,67.4,23,67.5,3,2,2022-08-26 09:06:47
1661504807656933000,67.5,1,67.4,23,67.5,2,1,2022-08-26 09:06:47
1661504808212976000,67.5,3,67.4,24,67.5,3,1,2022-08-26 09:06:48
1661504809629813000,67.5,2,67.4,25,67.5,2,1,2022-08-26 09:06:49
1661504812839510000,67.4,1,67.4,25,67.5,11,2,2022-08-26 09:06:52
1661504813423505000,67.5,1,67.4,25,67.5,11,1,2022-08-26 09:06:53
1661504815096274000,67.4,8,67.4,17,67.5,11,2,2022-08-26 09:06:55
1661504815120844000,67.4,17,67.3,49,67.5,11,2,2022-08-26 09:06:55
1661504815313733000,67.4,1,67.3,48,67.5,11,1,2022-08-26 09:06:55
1661504815704432000,67.5,1,67.3,48,67.5,10,1,2022-08-26 09:06:55
1661504816918749000,67.5,1,67.3,47,67.5,9,1,2022-08-26 09:06:56
1661504817264531000,67.5,1,67.3,47,67.5,8,1,2022-08-26 09:06:57
1661504818200219000,67.5,1,67.3,45,67.5,7,1,2022-08-26 09:06:58
1661504819425189000,67.4,1,67.3,45,67.5,11,1,2022-08-26 09:06:59
1661504820036978000,67.5,2,67.3,45,67.5,9,1,2022-08-26 09:07:00
1661504820131643000,67.5,2,67.3,47,67.5,9,1,2022-08-26 09:07:00
1661504821122699000,67.4,1,67.3,47,67.5,8,1,2022-08-26 09:07:01
1661504822834168000,67.4,5,67.3,43,67.5,10,2,2022-08-26 09:07:02
1661504822834168000,67.3,5,67.3,43,67.5,10,2,2022-08-26 09:07:02
1661504823001573000,67.5,5,67.3,43,67.5,5,1,2022-08-26 09:07:03
1661504823419220000,67.3,1,67.3,42,67.5,5,2,2022-08-26 09:07:03
1661504826621207000,67.4,1,67.4,2,67.5,6,2,2022-08-26 09:07:06
1661504826663510000,67.4,1,67.4,1,67.5,6,2,2022-08-26 09:07:06
1661504827401208000,67.4,1,67.3,44,67.4,2,2,2022-08-26 09:07:07
1661504827424774000,67.3,10,67.3,34,67.4,2,2,2022-08-26 09:07:07
1661504827450224000,67.3,1,67.3,33,67.4,2,2,2022-08-26 09:07:07
1661504827460625000,67.3,1,67.3,32,67.4,2,2,2022-08-26 09:07:07
1661504827994202000,67.4,1,67.3,35,67.4,3,1,2022-08-26 09:07:07
1661504829161371000,67.4,2,67.3,35,67.5,6,1,2022-08-26 09:07:09
1661504829682589000,67.4,1,67.3,35,67.5,6,2,2022-08-26 09:07:09
1661504830835408000,67.4,3,67.3,36,67.5,6,1,2022-08-26 09:07:10
1661504831679508000,67.3,40,67.2,32,67.4,1,2,2022-08-26 09:07:11
1661504831679508000,67.2,10,67.2,32,67.4,1,2,2022-08-26 09:07:11
1661504831723035000,67.4,1,67.2,32,67.5,7,1,2022-08-26 09:07:11
1661504831724858000,67.2,5,67.2,27,67.5,7,2,2022-08-26 09:07:11
1661504832426616000,67.3,1,67.2,29,67.5,8,1,2022-08-26 09:07:12
1661504834074797000,67.4,1,67.4,2,67.5,8,2,2022-08-26 09:07:14
1661504834566211000,67.4,1,67.4,1,67.5,9,2,2022-08-26 09:07:14
1661504835155264000,67.3,1,67.3,4,67.5,9,2,2022-08-26 09:07:15
1661504838185877000,67.3,1,67.3,6,67.4,1,2,2022-08-26 09:07:18
1661504839813236000,67.3,1,67.3,7,67.4,1,2,2022-08-26 09:07:19
1661504840399372000,67.3,1,67.3,6,67.4,1,2,2022-08-26 09:07:20
1661504840589089000,67.4,1,67.4,2,67.5,13,1,2022-08-26 09:07:20
1661504840644539000,67.4,1,67.4,1,67.5,13,2,2022-08-26 09:07:20
1661504840928621000,67.4,1,67.3,8,67.5,13,2,2022-08-26 09:07:20
1661504846581578000,67.4,1,67.3,11,67.4,13,1,2022-08-26 09:07:26
1661504847588255000,67.4,1,67.3,11,67.4,12,1,2022-08-26 09:07:27
1661504851274381000,67.4,3,67.3,15,67.4,10,1,2022-08-26 09:07:31
1661504851437259000,67.4,1,67.3,15,67.4,9,1,2022-08-26 09:07:31
1661504851515926000,67.3,5,67.3,15,67.4,10,2,2022-08-26 09:07:31
1661504853119615000,67.4,9,67.3,12,67.4,9,1,2022-08-26 09:07:33
1661504853728814000,67.4,1,67.4,30,67.5,28,2,2022-08-26 09:07:33
1661504854474052000,67.4,1,67.4,28,67.5,28,2,2022-08-26 09:07:34
1661504854492347000,67.5,10,67.4,28,67.5,18,1,2022-08-26 09:07:34
1661504854520226000,67.5,2,67.4,28,67.5,16,1,2022-08-26 09:07:34
1661504854520967000,67.5,16,67.4,28,67.6,18,1,2022-08-26 09:07:34
1661504854982605000,67.5,2,67.4,30,67.5,1,1,2022-08-26 09:07:34
1661504855658658000,67.4,1,67.4,30,67.5,1,2,2022-08-26 09:07:35
1661504856313033000,67.4,1,67.4,30,67.5,1,2,2022-08-26 09:07:36
1661504856868893000,67.5,1,67.5,9,67.6,18,1,2022-08-26 09:07:36
1661504856912974000,67.5,5,67.5,4,67.6,18,2,2022-08-26 09:07:36
1661504858951856000,67.6,8,67.5,5,67.6,10,1,2022-08-26 09:07:38
1661504859276544000,67.6,1,67.5,6,67.6,9,1,2022-08-26 09:07:39
1661504860067971000,67.5,2,67.5,7,67.6,9,2,2022-08-26 09:07:40
1661504861984160000,67.5,1,67.5,16,67.6,9,2,2022-08-26 09:07:41
1661504862512242000,67.5,1,67.5,22,67.6,9,2,2022-08-26 09:07:42
1661504863793459000,67.6,1,67.5,21,67.6,8,1,2022-08-26 09:07:43
1661504865643650000,67.6,5,67.5,21,67.6,3,1,2022-08-26 09:07:45
1661504865678272000,67.6,3,67.5,21,67.7,14,1,2022-08-26 09:07:45
1661504868203613000,67.7,1,67.6,1,67.7,18,1,2022-08-26 09:07:48
1661504869890487000,67.6,1,67.5,24,67.7,18,2,2022-08-26 09:07:49
1661504869937834000,67.7,5,67.5,24,67.7,13,1,2022-08-26 09:07:49
1661504870075725000,67.5,10,67.5,14,67.7,13,2,2022-08-26 09:07:50
1661504870298671000,67.6,1,67.5,14,67.7,13,1,2022-08-26 09:07:50
1661504870531506000,67.6,1,67.6,1,67.7,13,2,2022-08-26 09:07:50
1661504870898831000,67.6,1,67.5,14,67.6,1,1,2022-08-26 09:07:50
1661504870935985000,67.6,1,67.5,14,67.7,13,1,2022-08-26 09:07:50
1661504875087501000,67.6,5,67.5,14,67.7,13,2,2022-08-26 09:07:55
1661504875292049000,67.6,1,67.5,14,67.6,4,1,2022-08-26 09:07:55
1661504876011340000,67.6,2,67.5,14,67.6,2,1,2022-08-26 09:07:56
1661504879033755000,67.6,1,67.5,20,67.6,6,1,2022-08-26 09:07:59
1661504881279405000,67.6,1,67.5,20,67.6,8,1,2022-08-26 09:08:01
1661504882104075000,67.6,1,67.5,20,67.6,7,1,2022-08-26 09:08:02
1661504882209077000,67.6,5,67.5,20,67.6,2,1,2022-08-26 09:08:02
1661504882230745000,67.6,1,67.5,20,67.6,1,1,2022-08-26 09:08:02
1661504883127925000,67.6,1,67.6,9,67.7,13,1,2022-08-26 09:08:03
1661504885208408000,67.6,14,67.5,29,67.6,6,2,2022-08-26 09:08:05
1661504885232285000,67.6,1,67.5,29,67.6,5,1,2022-08-26 09:08:05
1661504885308313000,67.6,1,67.5,29,67.6,4,1,2022-08-26 09:08:05
1661504885568630000,67.6,1,67.5,29,67.6,5,1,2022-08-26 09:08:05
1661504885783436000,67.6,3,67.5,29,67.7,19,1,2022-08-26 09:08:05
1661504885783436000,67.7,2,67.5,29,67.7,19,1,2022-08-26 09:08:05
1661504888415893000,67.7,1,67.6,1,67.7,18,1,2022-08-26 09:08:08
1661504888543648000,67.6,1,67.5,29,67.7,18,2,2022-08-26 09:08:08
1661504892391492000,67.7,1,67.6,1,67.7,17,1,2022-08-26 09:08:12
1661504892665998000,67.6,1,67.5,29,67.7,17,2,2022-08-26 09:08:12
1661504893666444000,67.6,1,67.6,3,67.7,17,1,2022-08-26 09:08:13
1661504893871489000,67.6,2,67.6,1,67.7,17,2,2022-08-26 09:08:13
1661504893901038000,67.6,1,67.5,25,67.7,17,2,2022-08-26 09:08:13
1661504896074860000,67.7,1,67.6,7,67.7,17,1,2022-08-26 09:08:16
1661504898034364000,67.6,1,67.6,7,67.7,17,2,2022-08-26 09:08:18
1661504901599027000,67.6,1,67.6,15,67.7,17,2,2022-08-26 09:08:21
1661504902170349000,67.6,1,67.6,13,67.7,17,2,2022-08-26 09:08:22
1661504904989103000,67.6,1,67.6,14,67.7,22,2,2022-08-26 09:08:24
1661504905164580000,67.6,1,67.6,13,67.7,23,2,2022-08-26 09:08:25
1661504906205828000,67.7,2,67.6,13,67.7,22,1,2022-08-26 09:08:26
1661504906911279000,67.6,1,67.6,12,67.7,22,2,2022-08-26 09:08:26
1661504914096249000,67.7,1,67.6,30,67.7,24,1,2022-08-26 09:08:34
1661504918098023000,67.6,1,67.6,31,67.7,24,2,2022-08-26 09:08:38
1661504919636789000,67.6,1,67.6,35,67.7,24,2,2022-08-26 09:08:39
1661504922182103000,67.6,1,67.6,37,67.7,24,2,2022-08-26 09:08:42
1661504923472685000,67.7,1,67.6,38,67.7,23,1,2022-08-26 09:08:43
1661504924399794000,67.7,1,67.6,38,67.7,22,1,2022-08-26 09:08:44
1661504925231248000,67.6,1,67.6,37,67.7,22,2,2022-08-26 09:08:45
1661504926677202000,67.6,1,67.6,36,67.7,22,2,2022-08-26 09:08:46
1661504926791669000,67.7,1,67.6,36,67.7,21,1,2022-08-26 09:08:46
1661504928876365000,67.6,1,67.6,35,67.7,21,2,2022-08-26 09:08:48
1661504929594611000,67.7,5,67.6,36,67.7,16,1,2022-08-26 09:08:49
1661504931002767000,67.6,2,67.6,35,67.7,16,2,2022-08-26 09:08:51
1661504932343783000,67.7,3,67.6,35,67.7,13,1,2022-08-26 09:08:52
1661504933622844000,67.6,4,67.6,31,67.7,13,2,2022-08-26 09:08:53
1661504934578595000,67.7,1,67.6,32,67.7,12,1,2022-08-26 09:08:54
1661504935605992000,67.6,5,67.6,30,67.7,20,2,2022-08-26 09:08:55
1661504935631141000,67.6,1,67.6,35,67.7,20,2,2022-08-26 09:08:55
1661504936691679000,67.7,3,67.6,29,67.7,17,1,2022-08-26 09:08:56
1661504936745144000,67.6,11,67.6,18,67.7,37,2,2022-08-26 09:08:56
1661504936764421000,67.6,1,67.6,17,67.7,37,2,2022-08-26 09:08:56
1661504936764439000,67.6,1,67.6,16,67.7,37,2,2022-08-26 09:08:56
1661504936764479000,67.6,1,67.6,15,67.7,37,2,2022-08-26 09:08:56
1661504936764495000,67.6,1,67.6,14,67.7,37,2,2022-08-26 09:08:56
1661504936764520000,67.6,1,67.6,13,67.7,37,2,2022-08-26 09:08:56
1661504936764535000,67.6,1,67.6,12,67.7,37,2,2022-08-26 09:08:56
1661504936764551000,67.6,1,67.6,11,67.7,37,2,2022-08-26 09:08:56
1661504936764579000,67.6,1,67.6,10,67.7,37,2,2022-08-26 09:08:56
1661504936764595000,67.6,1,67.6,9,67.7,37,2,2022-08-26 09:08:56
1661504936764645000,67.6,1,67.6,29,67.7,37,2,2022-08-26 09:08:56
1661504936793995000,67.6,1,67.6,7,67.7,37,2,2022-08-26 09:08:56
1661504936794059000,67.6,1,67.6,6,67.7,37,2,2022-08-26 09:08:56
1661504936806486000,67.6,4,67.6,2,67.7,37,2,2022-08-26 09:08:56
1661504936816187000,67.6,2,67.5,35,67.7,37,2,2022-08-26 09:08:56
1661504942232032000,67.6,1,67.5,32,67.6,9,1,2022-08-26 09:09:02
1661504942590240000,67.5,5,67.5,27,67.6,16,2,2022-08-26 09:09:02
1661504942615118000,67.5,27,67.4,29,67.6,16,2,2022-08-26 09:09:02
1661504942855651000,67.5,1,67.4,29,67.6,16,1,2022-08-26 09:09:02
1661504944106375000,67.5,1,67.4,27,67.5,5,1,2022-08-26 09:09:04
1661504945394569000,67.4,1,67.4,26,67.5,9,2,2022-08-26 09:09:05
1661504946789349000,67.5,1,67.4,26,67.5,11,1,2022-08-26 09:09:06
1661504946954897000,67.4,14,67.4,12,67.5,11,2,2022-08-26 09:09:06
1661504946970501000,67.4,6,67.4,6,67.5,11,2,2022-08-26 09:09:06
1661504946975688000,67.4,1,67.4,5,67.5,11,2,2022-08-26 09:09:06
1661504948465443000,67.4,1,67.4,4,67.5,12,2,2022-08-26 09:09:08
1661504948497926000,67.4,4,67.3,42,67.5,12,2,2022-08-26 09:09:08
1661504948879329000,67.5,1,67.3,42,67.5,11,1,2022-08-26 09:09:08
1661504948954965000,67.3,1,67.3,41,67.5,11,2,2022-08-26 09:09:08
1661504949267049000,67.3,2,67.3,39,67.4,1,2,2022-08-26 09:09:09
1661504950286085000,67.4,2,67.3,39,67.5,11,1,2022-08-26 09:09:10
1661504955129197000,67.3,1,67.3,38,67.4,3,2,2022-08-26 09:09:15
1661504955397784000,67.3,1,67.3,37,67.4,3,2,2022-08-26 09:09:15
1661504958258376000,67.3,1,67.3,36,67.4,3,2,2022-08-26 09:09:18
1661504961632025000,67.3,6,67.3,36,67.4,3,2,2022-08-26 09:09:21
1661504961782186000,67.3,1,67.3,35,67.4,3,2,2022-08-26 09:09:21
1661504962253257000,67.3,1,67.3,36,67.4,7,2,2022-08-26 09:09:22
1661504963043573000,67.3,1,67.3,36,67.4,7,2,2022-08-26 09:09:23
1661504964873142000,67.4,2,67.3,36,67.4,5,1,2022-08-26 09:09:24
1661504970236038000,67.3,1,67.3,37,67.4,6,2,2022-08-26 09:09:30
1661504973977537000,67.3,4,67.3,35,67.4,14,2,2022-08-26 09:09:33
1661504974010054000,67.3,1,67.3,34,67.4,14,2,2022-08-26 09:09:34
1661504976380451000,67.4,10,67.3,36,67.4,4,1,2022-08-26 09:09:36
1661504976429701000,67.3,1,67.3,35,67.4,4,2,2022-08-26 09:09:36
1661504977592464000,67.3,2,67.3,34,67.4,6,2,2022-08-26 09:09:37
1661504977752268000,67.4,2,67.3,34,67.4,4,1,2022-08-26 09:09:37
1661504979295500000,67.3,3,67.3,34,67.4,4,2,2022-08-26 09:09:39
1661504979613040000,67.4,4,67.4,1,67.5,12,1,2022-08-26 09:09:39
1661504982944288000,67.4,1,67.4,2,67.5,12,2,2022-08-26 09:09:42
1661504983324071000,67.4,2,67.3,32,67.5,12,2,2022-08-26 09:09:43
1661504983889879000,67.4,1,67.3,32,67.5,12,1,2022-08-26 09:09:43
1661504987158034000,67.4,1,67.4,1,67.5,12,2,2022-08-26 09:09:47
1661504987697550000,67.4,1,67.4,3,67.5,12,2,2022-08-26 09:09:47
1661504988268939000,67.4,2,67.3,30,67.5,12,2,2022-08-26 09:09:48
1661504988268939000,67.3,3,67.3,30,67.5,12,2,2022-08-26 09:09:48
1661504989890433000,67.4,1,67.3,33,67.4,1,1,2022-08-26 09:09:49
1661504989919845000,67.4,1,67.3,33,67.5,12,1,2022-08-26 09:09:49
1661504989976890000,67.3,3,67.3,33,67.4,2,2,2022-08-26 09:09:49
1661504991908673000,67.5,5,67.4,3,67.5,7,1,2022-08-26 09:09:51
1661504993023530000,67.5,3,67.4,4,67.5,2,1,2022-08-26 09:09:53
1661504993050265000,67.5,2,67.4,4,67.6,6,1,2022-08-26 09:09:53
1661504995034320000,67.4,1,67.4,8,67.5,1,2,2022-08-26 09:09:55
1661504995068939000,67.4,6,67.4,2,67.5,1,2,2022-08-26 09:09:55
1661504995574975000,67.4,1,67.4,1,67.5,6,2,2022-08-26 09:09:55
1661505001047632000,67.4,1,67.4,5,67.5,6,2,2022-08-26 09:10:01
1661505001766292000,67.5,1,67.4,5,67.5,5,1,2022-08-26 09:10:01
1661505002938998000,67.5,1,67.4,13,67.5,4,1,2022-08-26 09:10:02
1661505002957215000,67.5,4,67.4,13,67.6,11,1,2022-08-26 09:10:02
1661505006265708000,67.5,1,67.5,1,67.6,12,2,2022-08-26 09:10:06
1661505006719971000,67.5,1,67.4,17,67.6,12,2,2022-08-26 09:10:06
1661505009583822000,67.5,1,67.5,1,67.6,12,2,2022-08-26 09:10:09
1661505009752764000,67.5,1,67.4,19,67.6,12,2,2022-08-26 09:10:09
1661505009915183000,67.6,12,67.5,26,67.7,38,1,2022-08-26 09:10:09
1661505011622681000,67.6,1,67.5,27,67.7,38,1,2022-08-26 09:10:11
1661505012853513000,67.5,7,67.5,21,67.6,5,2,2022-08-26 09:10:12
1661505013375136000,67.6,1,67.5,21,67.6,4,1,2022-08-26 09:10:13
1661505013942466000,67.5,2,67.5,19,67.6,4,2,2022-08-26 09:10:13
1661505017592123000,67.6,3,67.5,21,67.6,6,1,2022-08-26 09:10:17
1661505017996557000,67.6,1,67.5,21,67.6,6,1,2022-08-26 09:10:17
1661505018615535000,67.6,1,67.5,21,67.6,5,1,2022-08-26 09:10:18
1661505021424747000,67.6,1,67.5,23,67.6,4,1,2022-08-26 09:10:21
1661505021688869000,67.6,1,67.5,23,67.6,3,1,2022-08-26 09:10:21
1661505021942976000,67.6,1,67.5,23,67.6,2,1,2022-08-26 09:10:21
1661505023301076000,67.6,1,67.5,23,67.6,2,1,2022-08-26 09:10:23
1661505024192437000,67.6,1,67.5,23,67.6,1,1,2022-08-26 09:10:24
1661505028248841000,67.6,1,67.5,23,67.6,12,1,2022-08-26 09:10:28
1661505030048698000,67.6,1,67.5,24,67.6,19,1,2022-08-26 09:10:30
1661505031228031000,67.6,1,67.5,24,67.6,19,1,2022-08-26 09:10:31
1661505031267935000,67.6,2,67.5,24,67.6,20,1,2022-08-26 09:10:31
1661505033945885000,67.6,2,67.5,29,67.6,18,1,2022-08-26 09:10:33
1661505034470552000,67.6,3,67.5,29,67.6,15,1,2022-08-26 09:10:34
1661505038766275000,67.6,1,67.5,30,67.6,19,1,2022-08-26 09:10:38
1661505041140916000,67.6,4,67.5,30,67.6,15,1,2022-08-26 09:10:41
1661505041333606000,67.6,2,67.5,30,67.6,13,1,2022-08-26 09:10:41
1661505042690156000,67.6,1,67.5,30,67.6,12,1,2022-08-26 09:10:42
1661505043597980000,67.6,2,67.5,30,67.6,11,1,2022-08-26 09:10:43
1661505046713108000,67.6,1,67.5,33,67.6,12,1,2022-08-26 09:10:46
1661505052834471000,67.5,2,67.5,31,67.6,14,2,2022-08-26 09:10:52
1661505052879014000,67.6,1,67.5,31,67.6,13,1,2022-08-26 09:10:52
1661505054165166000,67.6,1,67.5,31,67.6,12,1,2022-08-26 09:10:54
1661505054591530000,67.6,1,67.5,31,67.6,11,1,2022-08-26 09:10:54
1661505055163073000,67.6,1,67.5,31,67.6,10,1,2022-08-26 09:10:55
1661505055179446000,67.6,1,67.5,31,67.6,9,1,2022-08-26 09:10:55
1661505055851908000,67.6,5,67.5,32,67.6,4,1,2022-08-26 09:10:55
1661505056114105000,67.6,3,67.5,32,67.6,1,1,2022-08-26 09:10:56
1661505056819460000,67.6,1,67.5,32,67.6,1,1,2022-08-26 09:10:56
1661505064098387000,67.6,1,67.6,1,67.7,35,2,2022-08-26 09:11:04
1661505065195864000,67.6,1,67.5,35,67.6,4,2,2022-08-26 09:11:05
1661505065826519000,67.5,1,67.5,18,67.6,4,2,2022-08-26 09:11:05
1661505066568231000,67.6,1,67.5,18,67.6,3,1,2022-08-26 09:11:06
1661505066659018000,67.6,1,67.5,18,67.6,2,1,2022-08-26 09:11:06
1661505068036829000,67.6,1,67.5,18,67.6,1,1,2022-08-26 09:11:08
1661505068968606000,67.6,1,67.5,18,67.7,35,1,2022-08-26 09:11:08
1661505070707795000,67.5,4,67.5,18,67.7,35,2,2022-08-26 09:11:10
1661505071141182000,67.5,14,67.5,14,67.6,20,2,2022-08-26 09:11:11
1661505071976123000,67.6,1,67.4,29,67.6,19,1,2022-08-26 09:11:11
1661505074721547000,67.4,1,67.4,29,67.5,6,2,2022-08-26 09:11:14
1661505075474762000,67.5,1,67.4,29,67.5,5,1,2022-08-26 09:11:15
1661505075599760000,67.5,5,67.4,29,67.5,5,1,2022-08-26 09:11:15
1661505076707758000,67.4,2,67.4,27,67.5,5,2,2022-08-26 09:11:16
1661505076741176000,67.4,1,67.4,26,67.5,5,2,2022-08-26 09:11:16
1661505081451934000,67.4,29,67.3,62,67.4,1,2,2022-08-26 09:11:21
1661505081859610000,67.4,1,67.5,4,67.6,19,1,2022-08-26 09:11:21
1661505081859610000,67.5,5,67.5,4,67.6,19,1,2022-08-26 09:11:21
1661505081907832000,67.5,2,67.5,2,67.6,19,2,2022-08-26 09:11:21
1661505081932003000,67.5,2,67.3,62,67.6,19,2,2022-08-26 09:11:21
1661505090342002000,67.5,1,67.4,3,67.5,7,1,2022-08-26 09:11:30
1661505091792839000,67.5,1,67.4,3,67.5,6,1,2022-08-26 09:11:31
1661505091834854000,67.5,2,67.4,3,67.5,4,1,2022-08-26 09:11:31
1661505097469115000,67.5,1,67.4,15,67.5,7,1,2022-08-26 09:11:37
1661505103779606000,67.5,1,67.4,26,67.5,11,1,2022-08-26 09:11:43
1661505106936857000,67.4,5,67.4,22,67.5,11,2,2022-08-26 09:11:46
1661505114595207000,67.4,1,67.4,23,67.5,12,2,2022-08-26 09:11:54
1661505117054512000,67.4,5,67.4,18,67.5,17,2,2022-08-26 09:11:57
1661505117832067000,67.5,1,67.4,18,67.5,16,1,2022-08-26 09:11:57
1661505117939501000,67.4,1,67.4,17,67.5,16,2,2022-08-26 09:11:57
1661505118888558000,67.4,10,67.4,7,67.5,16,2,2022-08-26 09:11:58
1661505118922159000,67.4,1,67.4,6,67.5,16,2,2022-08-26 09:11:58
1661505118938972000,67.4,4,67.4,2,67.5,16,2,2022-08-26 09:11:58
1661505118996733000,67.4,1,67.4,1,67.5,16,2,2022-08-26 09:11:58
1661505121196764000,67.4,1,67.3,53,67.5,16,2,2022-08-26 09:12:01
1661505125980570000,67.4,1,67.3,54,67.4,15,1,2022-08-26 09:12:05
1661505126791654000,67.4,10,67.3,54,67.4,5,1,2022-08-26 09:12:06
1661505131289790000,67.3,1,67.3,63,67.4,5,2,2022-08-26 09:12:11
1661505132861994000,67.4,1,67.3,63,67.4,4,1,2022-08-26 09:12:12
1661505133844170000,67.3,2,67.3,61,67.4,4,2,2022-08-26 09:12:13
1661505134324022000,67.3,1,67.3,60,67.4,4,2,2022-08-26 09:12:14
1661505136632342000,67.4,2,67.3,58,67.4,2,1,2022-08-26 09:12:16
1661505137584525000,67.3,5,67.3,54,67.4,2,2,2022-08-26 09:12:17
1661505137615365000,67.3,1,67.3,53,67.4,2,2,2022-08-26 09:12:17
1661505139933326000,67.4,1,67.3,54,67.4,6,1,2022-08-26 09:12:19
1661505145893762000,67.3,1,67.3,53,67.4,6,2,2022-08-26 09:12:25
1661505148831855000,67.4,1,67.3,51,67.4,6,1,2022-08-26 09:12:28
1661505151411978000,67.3,19,67.3,52,67.4,6,2,2022-08-26 09:12:31
1661505151448032000,67.3,1,67.3,32,67.4,6,2,2022-08-26 09:12:31
1661505152132647000,67.3,3,67.3,30,67.4,6,2,2022-08-26 09:12:32
1661505153443886000,67.4,5,67.3,31,67.4,2,1,2022-08-26 09:12:33
1661505153829056000,67.3,3,67.3,28,67.4,2,2,2022-08-26 09:12:33
1661505154712598000,67.4,2,67.4,8,67.5,11,1,2022-08-26 09:12:34
1661505155856884000,67.4,5,67.4,3,67.5,11,2,2022-08-26 09:12:35
1661505155887241000,67.4,3,67.3,27,67.5,11,2,2022-08-26 09:12:35
1661505155887586000,67.3,5,67.3,22,67.5,11,2,2022-08-26 09:12:35
1661505159812708000,67.3,1,67.3,21,67.5,12,2,2022-08-26 09:12:39
1661505161192236000,67.3,1,67.3,22,67.5,12,2,2022-08-26 09:12:41
1661505161771802000,67.4,1,67.4,2,67.5,12,2,2022-08-26 09:12:41
