ts,close,volume,bid_price,bid_volume,ask_price,ask_volume,tick_type,datetime
1656320539056786000,50.5,752,50.5,22,50.6,2,1,2022-06-27 09:02:19
1656320539183734000,50.5,1,50.5,22,50.6,2,2,2022-06-27 09:02:19
1656320539730487000,50.5,1,50.5,22,50.6,2,2,2022-06-27 09:02:19
1656320540129134000,50.5,1,50.5,20,50.6,2,2,2022-06-27 09:02:20
1656320540286576000,50.5,1,50.5,19,50.6,2,2,2022-06-27 09:02:20
1656320540475798000,50.5,9,50.5,10,50.6,2,2,2022-06-27 09:02:20
1656320540508093000,50.5,10,50.4,190,50.6,2,2,2022-06-27 09:02:20
1656320540532693000,50.6,1,50.4,190,50.6,1,1,2022-06-27 09:02:20
1656320541104970000,50.6,1,50.5,1,50.6,1,1,2022-06-27 09:02:21
1656320541529378000,50.5,1,50.4,189,50.7,6,2,2022-06-27 09:02:21
1656320541529378000,50.4,1,50.4,189,50.7,6,2,2022-06-27 09:02:21
1656320541661859000,50.5,1,50.5,9,50.7,6,2,2022-06-27 09:02:21
1656320541728190000,50.5,1,50.5,10,50.7,6,2,2022-06-27 09:02:21
1656320542407289000,50.6,1,50.6,9,50.7,6,2,2022-06-27 09:02:22
1656320542407881000,50.6,5,50.6,4,50.7,6,2,2022-06-27 09:02:22
1656320542430658000,50.6,4,50.5,8,50.7,6,2,2022-06-27 09:02:22
1656320542494964000,50.7,6,50.5,8,50.8,6,1,2022-06-27 09:02:22
1656320543948764000,50.6,1,50.6,1,50.8,6,2,2022-06-27 09:02:23
1656320544261973000,50.8,1,50.5,14,50.8,5,1,2022-06-27 09:02:24
1656320544648445000,50.8,1,50.5,14,50.8,4,1,2022-06-27 09:02:24
1656320544941682000,50.6,1,50.6,1,50.8,4,2,2022-06-27 09:02:24
1656320545318311000,50.7,2,50.6,4,50.8,4,1,2022-06-27 09:02:25
1656320545441664000,50.8,1,50.6,4,50.8,3,1,2022-06-27 09:02:25
1656320545604526000,50.8,1,50.6,4,50.8,2,1,2022-06-27 09:02:25
1656320545724919000,50.6,1,50.6,3,50.8,2,2,2022-06-27 09:02:25
1656320545841929000,50.6,1,50.6,2,50.8,2,2,2022-06-27 09:02:25
1656320545850910000,50.8,1,50.6,2,50.8,1,1,2022-06-27 09:02:25
1656320546203387000,50.7,4,50.6,2,50.7,5,1,2022-06-27 09:02:26
1656320546389466000,50.7,1,50.6,3,50.9,12,1,2022-06-27 09:02:26
1656320546389466000,50.8,6,50.6,3,50.9,12,1,2022-06-27 09:02:26
1656320546389466000,50.9,43,50.6,3,50.9,12,1,2022-06-27 09:02:26
1656320546464427000,50.7,1,50.6,3,50.9,12,1,2022-06-27 09:02:26
1656320546905850000,50.8,1,50.8,2,50.9,17,2,2022-06-27 09:02:26
1656320546937331000,50.8,2,50.6,3,50.9,17,2,2022-06-27 09:02:26
1656320548321328000,50.9,2,50.8,1,50.9,16,1,2022-06-27 09:02:28
1656320548534239000,50.9,1,50.8,1,50.9,14,1,2022-06-27 09:02:28
1656320549093641000,50.8,2,50.7,7,50.8,3,2,2022-06-27 09:02:29
1656320549117586000,50.8,3,50.8,2,50.9,14,1,2022-06-27 09:02:29
1656320549848777000,50.9,2,50.8,5,50.9,12,1,2022-06-27 09:02:29
1656320549978572000,50.8,3,50.8,2,50.9,12,2,2022-06-27 09:02:29
1656320550016643000,50.8,1,50.8,1,50.9,12,2,2022-06-27 09:02:30
1656320550107002000,50.9,1,50.8,1,50.9,12,1,2022-06-27 09:02:30
1656320550378927000,50.9,5,50.8,1,50.9,6,1,2022-06-27 09:02:30
1656320550430953000,50.9,1,50.8,1,50.9,5,1,2022-06-27 09:02:30
1656320550468991000,50.8,1,50.7,7,50.9,5,2,2022-06-27 09:02:30
1656320550622684000,50.9,1,50.8,2,50.9,9,1,2022-06-27 09:02:30
1656320550734029000,50.9,5,50.8,2,50.9,10,1,2022-06-27 09:02:30
1656320550789154000,50.8,2,50.7,7,50.8,3,2,2022-06-27 09:02:30
1656320550896982000,50.7,3,50.7,6,50.8,3,2,2022-06-27 09:02:30
1656320551245534000,50.7,4,50.7,4,50.8,3,2,2022-06-27 09:02:31
1656320551245534000,50.6,7,50.7,4,50.8,3,2,2022-06-27 09:02:31
1656320551245534000,50.5,5,50.7,4,50.8,3,2,2022-06-27 09:02:31
1656320551284999000,50.8,1,50.5,18,50.8,3,1,2022-06-27 09:02:31
1656320551354873000,50.7,1,50.5,20,50.7,4,1,2022-06-27 09:02:31
1656320551755303000,50.7,1,50.5,18,50.7,3,1,2022-06-27 09:02:31
1656320551787855000,50.7,1,50.5,18,50.7,2,1,2022-06-27 09:02:31
1656320551838299000,50.7,2,50.5,18,50.8,4,1,2022-06-27 09:02:31
1656320551908668000,50.5,1,50.5,17,50.8,4,2,2022-06-27 09:02:31
1656320552662568000,50.7,1,50.5,17,50.7,3,1,2022-06-27 09:02:32
1656320552839286000,50.7,2,50.5,17,50.7,6,1,2022-06-27 09:02:32
1656320553129482000,50.6,1,50.5,17,50.7,6,1,2022-06-27 09:02:33
1656320553155884000,50.6,2,50.5,17,50.6,4,1,2022-06-27 09:02:33
1656320553407439000,50.6,2,50.5,20,50.7,5,1,2022-06-27 09:02:33
1656320553407439000,50.7,6,50.5,20,50.7,5,1,2022-06-27 09:02:33
1656320553684074000,50.7,1,50.5,20,50.7,10,1,2022-06-27 09:02:33
1656320553958492000,50.5,4,50.5,16,50.7,9,2,2022-06-27 09:02:33
1656320554401087000,50.6,2,50.5,17,50.7,11,1,2022-06-27 09:02:34
1656320554401087000,50.7,3,50.5,17,50.7,11,1,2022-06-27 09:02:34
1656320554487805000,50.7,1,50.5,17,50.7,10,1,2022-06-27 09:02:34
1656320554980048000,50.6,1,50.5,17,50.6,1,1,2022-06-27 09:02:34
1656320555241451000,50.6,1,50.5,17,50.7,6,1,2022-06-27 09:02:35
1656320555241451000,50.7,4,50.5,17,50.7,6,1,2022-06-27 09:02:35
1656320555422162000,50.6,2,50.5,17,50.7,6,1,2022-06-27 09:02:35
1656320555736380000,50.5,11,50.5,17,50.6,8,2,2022-06-27 09:02:35
1656320555769280000,50.5,6,50.4,184,50.6,8,2,2022-06-27 09:02:35
1656320556097370000,50.6,2,50.4,184,50.6,8,1,2022-06-27 09:02:36
1656320556775029000,50.4,15,50.4,171,50.5,6,2,2022-06-27 09:02:36
1656320556897904000,50.4,15,50.4,156,50.5,6,2,2022-06-27 09:02:36
1656320556941337000,50.5,1,50.4,156,50.5,6,1,2022-06-27 09:02:36
1656320557011869000,50.5,1,50.4,156,50.5,6,1,2022-06-27 09:02:37
1656320558289147000,50.5,2,50.4,156,50.5,12,1,2022-06-27 09:02:38
1656320558343759000,50.4,1,50.4,155,50.5,11,2,2022-06-27 09:02:38
1656320558392103000,50.5,5,50.4,155,50.5,6,1,2022-06-27 09:02:38
1656320558617628000,50.4,2,50.4,153,50.5,6,2,2022-06-27 09:02:38
1656320558644018000,50.4,1,50.4,152,50.5,6,2,2022-06-27 09:02:38
1656320558729843000,50.4,2,50.4,150,50.5,6,2,2022-06-27 09:02:38
1656320558759064000,50.5,1,50.4,156,50.5,11,1,2022-06-27 09:02:38
1656320559128447000,50.4,1,50.4,150,50.5,10,2,2022-06-27 09:02:39
1656320559636105000,50.4,2,50.4,147,50.5,12,2,2022-06-27 09:02:39
1656320559647445000,50.4,2,50.4,145,50.5,12,2,2022-06-27 09:02:39
1656320559659315000,50.4,1,50.4,144,50.5,12,2,2022-06-27 09:02:39
1656320559693099000,50.5,1,50.4,144,50.5,13,1,2022-06-27 09:02:39
1656320559784983000,50.5,1,50.4,144,50.5,11,1,2022-06-27 09:02:39
1656320559888663000,50.5,1,50.4,144,50.5,10,1,2022-06-27 09:02:39
1656320559982255000,50.4,2,50.4,142,50.5,9,2,2022-06-27 09:02:39
1656320559994716000,50.4,2,50.4,140,50.5,9,2,2022-06-27 09:02:39
1656320560004872000,50.5,1,50.4,140,50.5,8,1,2022-06-27 09:02:40
1656320560102812000,50.4,2,50.4,138,50.5,8,2,2022-06-27 09:02:40
1656320560228014000,50.5,2,50.4,138,50.5,9,1,2022-06-27 09:02:40
1656320560258303000,50.4,2,50.4,138,50.5,11,2,2022-06-27 09:02:40
1656320560268728000,50.4,2,50.4,134,50.5,9,2,2022-06-27 09:02:40
1656320560334986000,50.4,2,50.4,132,50.5,9,2,2022-06-27 09:02:40
1656320560424508000,50.5,6,50.4,132,50.5,3,1,2022-06-27 09:02:40
1656320560475510000,50.4,2,50.4,130,50.5,2,2,2022-06-27 09:02:40
1656320560487993000,50.4,2,50.4,128,50.5,2,2,2022-06-27 09:02:40
1656320560628983000,50.4,2,50.4,126,50.5,2,2,2022-06-27 09:02:40
1656320560888983000,50.5,2,50.4,126,50.5,1,1,2022-06-27 09:02:40
1656320560936388000,50.4,2,50.4,124,50.6,18,2,2022-06-27 09:02:40
1656320561082985000,50.6,2,50.4,124,50.6,17,1,2022-06-27 09:02:41
1656320561091331000,50.4,2,50.4,122,50.6,17,2,2022-06-27 09:02:41
1656320561246923000,50.4,2,50.4,124,50.6,19,2,2022-06-27 09:02:41
1656320561277354000,50.6,1,50.4,120,50.6,16,1,2022-06-27 09:02:41
1656320561559299000,50.5,1,50.4,120,50.6,16,1,2022-06-27 09:02:41
1656320561616704000,50.4,1,50.4,119,50.6,16,2,2022-06-27 09:02:41
1656320561911443000,50.5,2,50.4,121,50.6,16,2,2022-06-27 09:02:41
1656320562528257000,50.4,1,50.4,121,50.6,16,2,2022-06-27 09:02:42
1656320562584827000,50.5,1,50.5,1,50.6,11,2,2022-06-27 09:02:42
1656320562584827000,50.4,1,50.5,1,50.6,11,2,2022-06-27 09:02:42
1656320562956698000,50.5,2,50.5,2,50.6,11,2,2022-06-27 09:02:42
1656320563271984000,50.5,4,50.4,118,50.6,10,2,2022-06-27 09:02:43
1656320563271984000,50.4,3,50.4,118,50.6,10,2,2022-06-27 09:02:43
1656320563489581000,50.6,1,50.5,10,50.6,9,1,2022-06-27 09:02:43
1656320563534859000,50.5,1,50.5,10,50.6,9,2,2022-06-27 09:02:43
1656320563981784000,50.5,4,50.5,5,50.6,9,2,2022-06-27 09:02:43
1656320564121694000,50.6,1,50.5,5,50.6,8,1,2022-06-27 09:02:44
1656320564193025000,50.5,1,50.5,5,50.6,8,2,2022-06-27 09:02:44
1656320564915457000,50.5,1,50.5,6,50.6,8,2,2022-06-27 09:02:44
1656320565102590000,50.5,2,50.5,5,50.6,11,2,2022-06-27 09:02:45
1656320565104684000,50.6,2,50.5,5,50.6,9,1,2022-06-27 09:02:45
1656320565325962000,50.5,1,50.5,5,50.6,9,2,2022-06-27 09:02:45
1656320565794224000,50.5,5,50.4,134,50.6,9,2,2022-06-27 09:02:45
1656320566093003000,50.5,1,50.5,4,50.6,8,1,2022-06-27 09:02:46
1656320566156367000,50.5,2,50.5,3,50.6,8,2,2022-06-27 09:02:46
1656320566887966000,50.5,1,50.5,4,50.6,14,2,2022-06-27 09:02:46
1656320567044214000,50.5,1,50.5,3,50.6,14,2,2022-06-27 09:02:47
1656320567265416000,50.5,1,50.5,3,50.6,14,2,2022-06-27 09:02:47
1656320567370708000,50.6,3,50.5,2,50.6,11,1,2022-06-27 09:02:47
1656320567436289000,50.6,6,50.5,2,50.6,5,1,2022-06-27 09:02:47
1656320567587881000,50.6,1,50.5,2,50.6,7,1,2022-06-27 09:02:47
1656320568222016000,50.5,1,50.5,10,50.6,12,2,2022-06-27 09:02:48
1656320568431394000,50.5,1,50.5,9,50.6,12,2,2022-06-27 09:02:48
1656320568569226000,50.5,5,50.5,4,50.6,12,2,2022-06-27 09:02:48
1656320568768487000,50.5,1,50.5,3,50.6,13,2,2022-06-27 09:02:48
1656320568769038000,50.5,3,50.4,146,50.5,7,2,2022-06-27 09:02:48
1656320568850992000,50.5,2,50.4,146,50.5,5,1,2022-06-27 09:02:48
1656320569139414000,50.4,5,50.4,142,50.5,5,2,2022-06-27 09:02:49
1656320569181691000,50.5,3,50.4,147,50.5,5,1,2022-06-27 09:02:49
1656320569545869000,50.5,1,50.4,142,50.5,1,1,2022-06-27 09:02:49
1656320569658172000,50.5,1,50.4,142,50.6,13,1,2022-06-27 09:02:49
1656320569817517000,50.4,1,50.4,141,50.5,1,2,2022-06-27 09:02:49
1656320569965970000,50.5,1,50.5,2,50.6,13,1,2022-06-27 09:02:49
1656320570252081000,50.5,1,50.5,3,50.6,15,2,2022-06-27 09:02:50
1656320570276430000,50.6,1,50.5,2,50.6,14,1,2022-06-27 09:02:50
1656320570634558000,50.5,1,50.5,1,50.6,12,2,2022-06-27 09:02:50
1656320572254181000,50.6,1,50.5,6,50.6,16,1,2022-06-27 09:02:52
1656320573333672000,50.5,5,50.5,4,50.6,18,2,2022-06-27 09:02:53
1656320573342764000,50.5,1,50.5,3,50.6,18,2,2022-06-27 09:02:53
1656320573361459000,50.6,1,50.5,3,50.6,17,1,2022-06-27 09:02:53
1656320573469605000,50.6,1,50.5,3,50.6,16,1,2022-06-27 09:02:53
1656320574024537000,50.5,2,50.5,1,50.6,16,2,2022-06-27 09:02:54
1656320574034786000,50.5,1,50.4,146,50.6,16,2,2022-06-27 09:02:54
1656320574034786000,50.4,1,50.4,146,50.6,16,2,2022-06-27 09:02:54
1656320574395267000,50.5,2,50.5,2,50.6,16,2,2022-06-27 09:02:54
1656320574414733000,50.6,1,50.5,2,50.6,15,1,2022-06-27 09:02:54
1656320574453812000,50.6,3,50.5,2,50.6,12,1,2022-06-27 09:02:54
1656320574705936000,50.6,1,50.5,3,50.6,11,1,2022-06-27 09:02:54
1656320575128321000,50.5,2,50.5,3,50.6,11,2,2022-06-27 09:02:55
1656320575139686000,50.5,2,50.5,1,50.6,11,2,2022-06-27 09:02:55
1656320575336675000,50.5,1,50.5,5,50.6,11,2,2022-06-27 09:02:55
1656320575633260000,50.5,1,50.5,4,50.6,12,2,2022-06-27 09:02:55
1656320576409066000,50.5,3,50.5,2,50.6,13,2,2022-06-27 09:02:56
1656320577011166000,50.5,1,50.5,1,50.6,13,2,2022-06-27 09:02:57
1656320577041446000,50.5,1,50.4,147,50.5,2,2,2022-06-27 09:02:57
1656320577267138000,50.4,30,50.4,148,50.6,14,2,2022-06-27 09:02:57
1656320577297418000,50.6,1,50.4,118,50.6,13,1,2022-06-27 09:02:57
1656320578004028000,50.5,1,50.5,1,50.6,12,2,2022-06-27 09:02:58
1656320578043774000,50.5,1,50.4,117,50.5,2,2,2022-06-27 09:02:58
1656320578064633000,50.5,1,50.4,117,50.5,1,1,2022-06-27 09:02:58
1656320578257459000,50.5,1,50.5,2,50.6,12,1,2022-06-27 09:02:58
1656320579478728000,50.5,1,50.5,2,50.6,12,2,2022-06-27 09:02:59
1656320579957489000,50.5,1,50.5,1,50.6,12,2,2022-06-27 09:02:59
1656320580012233000,50.5,1,50.4,116,50.6,14,2,2022-06-27 09:03:00
1656320580012233000,50.4,1,50.4,116,50.6,14,2,2022-06-27 09:03:00
1656320580178222000,50.4,1,50.4,116,50.6,15,2,2022-06-27 09:03:00
1656320580300704000,50.4,14,50.4,101,50.6,15,2,2022-06-27 09:03:00
1656320580559944000,50.5,1,50.4,101,50.6,15,1,2022-06-27 09:03:00
1656320581102636000,50.5,1,50.4,101,50.6,15,1,2022-06-27 09:03:01
1656320581282338000,50.5,1,50.4,99,50.6,16,1,2022-06-27 09:03:01
1656320581472043000,50.6,5,50.4,99,50.6,11,1,2022-06-27 09:03:01
1656320581505577000,50.4,5,50.4,94,50.6,11,2,2022-06-27 09:03:01
1656320581611110000,50.6,1,50.4,99,50.6,11,1,2022-06-27 09:03:01
1656320582562915000,50.4,19,50.4,86,50.5,5,2,2022-06-27 09:03:02
1656320582611499000,50.5,1,50.4,87,50.5,10,1,2022-06-27 09:03:02
1656320582875281000,50.4,2,50.4,85,50.5,10,2,2022-06-27 09:03:02
1656320582911152000,50.4,3,50.4,82,50.5,10,2,2022-06-27 09:03:02
1656320583594242000,50.4,2,50.4,80,50.5,10,2,2022-06-27 09:03:03
1656320583685433000,50.4,5,50.4,75,50.5,10,2,2022-06-27 09:03:03
1656320583984534000,50.4,8,50.4,67,50.5,7,2,2022-06-27 09:03:03
1656320583986047000,50.5,5,50.4,67,50.5,2,1,2022-06-27 09:03:03
1656320584333612000,50.4,5,50.4,62,50.5,3,2,2022-06-27 09:03:04
1656320584456005000,50.4,4,50.4,58,50.5,3,2,2022-06-27 09:03:04
1656320584461990000,50.5,1,50.4,58,50.5,2,1,2022-06-27 09:03:04
1656320584463951000,50.5,2,50.4,58,50.6,13,1,2022-06-27 09:03:04
1656320584541291000,50.4,5,50.4,53,50.6,14,2,2022-06-27 09:03:04
1656320584684536000,50.4,5,50.4,48,50.6,14,2,2022-06-27 09:03:04
1656320584711410000,50.4,48,50.3,25,50.6,14,2,2022-06-27 09:03:04
1656320584775948000,50.4,1,50.3,25,50.5,4,2,2022-06-27 09:03:04
1656320585041681000,50.4,2,50.3,25,50.4,3,1,2022-06-27 09:03:05
1656320585167698000,50.3,16,50.3,9,50.4,11,2,2022-06-27 09:03:05
1656320585177764000,50.3,1,50.3,8,50.4,11,2,2022-06-27 09:03:05
1656320585199246000,50.3,8,50.2,34,50.4,11,2,2022-06-27 09:03:05
1656320585444484000,50.2,2,50.2,33,50.4,15,2,2022-06-27 09:03:05
1656320585464662000,50.2,2,50.2,31,50.4,15,2,2022-06-27 09:03:05
1656320585485550000,50.2,1,50.2,30,50.4,15,2,2022-06-27 09:03:05
1656320585582524000,50.2,1,50.2,29,50.4,15,2,2022-06-27 09:03:05
1656320585589761000,50.4,1,50.2,29,50.4,14,1,2022-06-27 09:03:05
1656320585661692000,50.2,2,50.2,27,50.4,16,2,2022-06-27 09:03:05
1656320585787045000,50.2,5,50.2,22,50.4,21,2,2022-06-27 09:03:05
1656320586338358000,50.3,1,50.2,19,50.3,14,1,2022-06-27 09:03:06
1656320586347552000,50.2,2,50.2,17,50.3,14,2,2022-06-27 09:03:06
1656320586420408000,50.3,1,50.2,17,50.3,13,1,2022-06-27 09:03:06
1656320586577498000,50.3,1,50.2,17,50.3,12,1,2022-06-27 09:03:06
1656320586587596000,50.2,15,50.2,2,50.3,12,2,2022-06-27 09:03:06
1656320586616133000,50.2,2,50.1,7,50.2,1,2,2022-06-27 09:03:06
1656320587072098000,50.3,1,50.1,7,50.3,11,1,2022-06-27 09:03:07
1656320587137422000,50.3,5,50.1,7,50.3,6,1,2022-06-27 09:03:07
1656320587223997000,50.3,3,50.1,7,50.3,3,1,2022-06-27 09:03:07
1656320587401301000,50.3,8,50.1,8,50.4,23,1,2022-06-27 09:03:07
1656320587401301000,50.4,11,50.1,8,50.4,23,1,2022-06-27 09:03:07
1656320587737202000,50.2,4,50.1,8,50.3,5,1,2022-06-27 09:03:07
1656320588484715000,50.3,1,50.1,8,50.4,6,1,2022-06-27 09:03:08
1656320588484715000,50.4,13,50.1,8,50.4,6,1,2022-06-27 09:03:08
1656320588585246000,50.4,2,50.1,8,50.4,6,1,2022-06-27 09:03:08
1656320589046802000,50.4,4,50.1,10,50.6,11,1,2022-06-27 09:03:09
1656320589046802000,50.5,12,50.1,10,50.6,11,1,2022-06-27 09:03:09
1656320589046802000,50.6,4,50.1,10,50.6,11,1,2022-06-27 09:03:09
1656320589623304000,50.2,1,50.2,19,50.5,3,2,2022-06-27 09:03:09
1656320590014158000,50.5,1,50.2,18,50.5,2,1,2022-06-27 09:03:10
1656320590633131000,50.4,1,50.3,3,50.5,2,1,2022-06-27 09:03:10
1656320590688466000,50.3,1,50.3,3,50.5,1,2,2022-06-27 09:03:10
1656320590927426000,50.3,1,50.3,1,50.5,1,2,2022-06-27 09:03:10
1656320591740351000,50.3,1,50.3,1,50.5,2,2,2022-06-27 09:03:11
1656320592067473000,50.3,2,50.2,15,50.5,1,2,2022-06-27 09:03:12
1656320592067473000,50.2,3,50.2,15,50.5,1,2,2022-06-27 09:03:12
1656320592307439000,50.2,2,50.2,13,50.5,3,2,2022-06-27 09:03:12
1656320592473503000,50.2,5,50.2,8,50.5,4,2,2022-06-27 09:03:12
1656320592583903000,50.2,2,50.2,6,50.5,4,2,2022-06-27 09:03:12
1656320593544345000,50.5,2,50.2,8,50.5,6,1,2022-06-27 09:03:13
1656320593582573000,50.2,1,50.2,7,50.5,6,2,2022-06-27 09:03:13
1656320594601374000,50.3,5,50.3,3,50.4,3,2,2022-06-27 09:03:14
1656320594620720000,50.4,1,50.3,8,50.4,3,1,2022-06-27 09:03:14
1656320595268922000,50.3,1,50.3,3,50.4,5,2,2022-06-27 09:03:15
1656320595501555000,50.4,4,50.3,4,50.4,1,1,2022-06-27 09:03:15
1656320596430021000,50.4,1,50.3,4,50.5,15,1,2022-06-27 09:03:16
1656320596811509000,50.4,1,50.3,4,50.5,15,1,2022-06-27 09:03:16
1656320597509667000,50.3,2,50.3,2,50.4,1,2,2022-06-27 09:03:17
1656320598367111000,50.4,2,50.3,2,50.5,15,1,2022-06-27 09:03:18
1656320598889722000,50.4,2,50.3,6,50.5,15,2,2022-06-27 09:03:18
1656320598889722000,50.3,1,50.3,6,50.5,15,2,2022-06-27 09:03:18
1656320599349575000,50.3,1,50.3,5,50.5,15,2,2022-06-27 09:03:19
1656320599783415000,50.3,5,50.3,9,50.5,15,2,2022-06-27 09:03:19
1656320599964765000,50.4,1,50.3,8,50.5,15,1,2022-06-27 09:03:19
1656320600461016000,50.3,1,50.3,8,50.5,20,2,2022-06-27 09:03:20
1656320600668953000,50.3,1,50.3,7,50.5,22,2,2022-06-27 09:03:20
1656320600796356000,50.3,1,50.3,6,50.5,24,2,2022-06-27 09:03:20
1656320600824381000,50.5,1,50.3,5,50.5,23,1,2022-06-27 09:03:20
1656320601137765000,50.3,1,50.3,5,50.5,23,2,2022-06-27 09:03:21
1656320601956352000,50.4,1,50.3,7,50.5,23,1,2022-06-27 09:03:21
1656320602006419000,50.3,3,50.3,4,50.5,23,2,2022-06-27 09:03:22
1656320602521504000,50.5,2,50.3,3,50.5,24,1,2022-06-27 09:03:22
1656320603376260000,50.5,2,50.4,1,50.5,22,1,2022-06-27 09:03:23
1656320604222198000,50.4,1,50.4,3,50.5,22,2,2022-06-27 09:03:24
1656320604347507000,50.5,1,50.4,2,50.5,22,1,2022-06-27 09:03:24
1656320604410485000,50.5,5,50.4,2,50.5,17,1,2022-06-27 09:03:24
1656320604448210000,50.5,4,50.4,3,50.5,13,1,2022-06-27 09:03:24
1656320605353183000,50.4,1,50.4,3,50.5,13,2,2022-06-27 09:03:25
1656320605773587000,50.4,1,50.4,3,50.5,13,2,2022-06-27 09:03:25
1656320606127582000,50.4,1,50.4,3,50.5,13,2,2022-06-27 09:03:26
1656320606941051000,50.4,2,50.4,10,50.5,13,2,2022-06-27 09:03:26
1656320607234942000,50.4,2,50.4,11,50.5,13,2,2022-06-27 09:03:27
1656320607898925000,50.5,1,50.4,9,50.5,12,1,2022-06-27 09:03:27
1656320608242754000,50.4,1,50.4,8,50.5,12,2,2022-06-27 09:03:28
1656320608301542000,50.5,10,50.4,8,50.5,2,1,2022-06-27 09:03:28
1656320608717004000,50.5,2,50.5,3,50.6,14,1,2022-06-27 09:03:28
1656320608720719000,50.5,1,50.5,2,50.6,14,2,2022-06-27 09:03:28
1656320608763842000,50.5,1,50.5,2,50.6,13,2,2022-06-27 09:03:28
1656320609196122000,50.6,1,50.5,1,50.6,12,1,2022-06-27 09:03:29
1656320609538370000,50.6,2,50.5,1,50.6,10,1,2022-06-27 09:03:29
1656320609606460000,50.6,2,50.5,2,50.6,8,1,2022-06-27 09:03:29
1656320609749881000,50.5,2,50.5,1,50.6,8,2,2022-06-27 09:03:29
1656320609915774000,50.5,1,50.4,11,50.6,8,1,2022-06-27 09:03:29
1656320609998608000,50.4,1,50.4,10,50.6,8,2,2022-06-27 09:03:29
1656320610021057000,50.5,2,50.4,10,50.6,8,2,2022-06-27 09:03:30
1656320610141792000,50.6,5,50.4,9,50.6,3,1,2022-06-27 09:03:30
1656320610593921000,50.5,1,50.4,10,50.6,3,1,2022-06-27 09:03:30
1656320610781578000,50.6,1,50.4,10,50.6,2,1,2022-06-27 09:03:30
1656320610933361000,50.5,1,50.5,6,50.6,2,2,2022-06-27 09:03:30
1656320611428824000,50.5,1,50.5,7,50.6,3,2,2022-06-27 09:03:31
1656320611566828000,50.6,3,50.6,1,50.7,17,1,2022-06-27 09:03:31
1656320611738623000,50.6,1,50.6,1,50.7,17,2,2022-06-27 09:03:31
1656320611738623000,50.5,1,50.6,1,50.7,17,2,2022-06-27 09:03:31
1656320612404886000,50.5,1,50.5,5,50.7,17,2,2022-06-27 09:03:32
1656320613320364000,50.7,2,50.5,5,50.7,16,1,2022-06-27 09:03:33
1656320615181446000,50.6,1,50.6,2,50.7,16,1,2022-06-27 09:03:35
1656320615581026000,50.6,2,50.5,4,50.7,17,2,2022-06-27 09:03:35
1656320615581026000,50.5,3,50.5,4,50.7,17,2,2022-06-27 09:03:35
1656320615785419000,50.5,1,50.5,3,50.7,17,2,2022-06-27 09:03:35
1656320615946122000,50.5,2,50.5,1,50.7,17,2,2022-06-27 09:03:35
1656320616554561000,50.6,1,50.5,1,50.7,16,1,2022-06-27 09:03:36
1656320616554561000,50.7,1,50.5,1,50.7,16,1,2022-06-27 09:03:36
1656320617019738000,50.5,1,50.5,10,50.7,16,2,2022-06-27 09:03:37
1656320617628967000,50.5,1,50.5,8,50.7,17,2,2022-06-27 09:03:37
1656320617955379000,50.7,1,50.5,10,50.7,16,1,2022-06-27 09:03:37
1656320618161466000,50.5,2,50.5,8,50.7,16,2,2022-06-27 09:03:38
1656320619206472000,50.5,2,50.5,12,50.7,15,2,2022-06-27 09:03:39
1656320620526326000,50.6,1,50.5,22,50.7,17,2,2022-06-27 09:03:40
1656320620555539000,50.5,1,50.5,21,50.7,16,2,2022-06-27 09:03:40
1656320620840859000,50.5,20,50.3,17,50.7,17,2,2022-06-27 09:03:40
1656320620840859000,50.4,8,50.3,17,50.7,17,2,2022-06-27 09:03:40
1656320620840859000,50.3,2,50.3,17,50.7,17,2,2022-06-27 09:03:40
1656320621160177000,50.5,1,50.3,15,50.7,16,1,2022-06-27 09:03:41
1656320621251024000,50.5,1,50.4,2,50.6,3,2,2022-06-27 09:03:41
1656320621475948000,50.6,1,50.4,2,50.6,3,1,2022-06-27 09:03:41
1656320621676104000,50.6,1,50.4,2,50.6,2,1,2022-06-27 09:03:41
1656320622163442000,50.5,1,50.5,2,50.6,4,2,2022-06-27 09:03:42
1656320622193537000,50.5,2,50.4,2,50.5,1,2,2022-06-27 09:03:42
1656320623159654000,50.5,1,50.4,2,50.5,1,1,2022-06-27 09:03:43
1656320623454938000,50.4,2,50.3,17,50.6,6,2,2022-06-27 09:03:43
1656320623507630000,50.6,2,50.3,16,50.6,4,1,2022-06-27 09:03:43
1656320623567390000,50.6,4,50.3,17,50.7,21,1,2022-06-27 09:03:43
1656320624158653000,50.6,1,50.6,1,50.7,22,2,2022-06-27 09:03:44
1656320624528787000,50.6,1,50.5,2,50.7,22,1,2022-06-27 09:03:44
1656320624694953000,50.6,1,50.5,2,50.7,22,2,2022-06-27 09:03:44
1656320627043104000,50.5,1,50.5,1,50.6,3,2,2022-06-27 09:03:47
1656320627189842000,50.6,1,50.5,3,50.6,4,1,2022-06-27 09:03:47
1656320627241487000,50.5,1,50.5,3,50.6,4,2,2022-06-27 09:03:47
1656320627682923000,50.6,2,50.5,2,50.6,2,1,2022-06-27 09:03:47
1656320630301940000,50.5,2,50.5,4,50.6,3,2,2022-06-27 09:03:50
1656320630583871000,50.6,1,50.5,2,50.6,2,1,2022-06-27 09:03:50
1656320630618079000,50.6,1,50.5,2,50.6,1,1,2022-06-27 09:03:50
1656320630786658000,50.6,1,50.5,2,50.7,29,1,2022-06-27 09:03:50
1656320630786658000,50.7,1,50.5,2,50.7,29,1,2022-06-27 09:03:50
1656320632071358000,50.6,1,50.6,3,50.7,29,2,2022-06-27 09:03:52
1656320632354712000,50.6,1,50.6,3,50.7,29,2,2022-06-27 09:03:52
1656320632396611000,50.6,2,50.6,1,50.7,29,2,2022-06-27 09:03:52
1656320632481067000,50.6,1,50.5,3,50.6,3,2,2022-06-27 09:03:52
1656320633056890000,50.6,1,50.5,3,50.6,4,1,2022-06-27 09:03:53
1656320633379210000,50.5,1,50.5,2,50.6,5,2,2022-06-27 09:03:53
1656320635694194000,50.6,2,50.5,5,50.6,10,1,2022-06-27 09:03:55
1656320636263630000,50.6,1,50.5,8,50.6,12,1,2022-06-27 09:03:56
1656320636746520000,50.6,3,50.5,9,50.6,11,1,2022-06-27 09:03:56
1656320637189725000,50.5,1,50.5,9,50.6,8,2,2022-06-27 09:03:57
1656320637602511000,50.6,1,50.5,9,50.6,7,1,2022-06-27 09:03:57
1656320638249402000,50.6,1,50.5,12,50.6,6,1,2022-06-27 09:03:58
1656320638663422000,50.5,1,50.5,11,50.6,6,2,2022-06-27 09:03:58
1656320639017100000,50.6,1,50.5,10,50.6,6,1,2022-06-27 09:03:59
1656320639304770000,50.6,1,50.5,10,50.6,6,1,2022-06-27 09:03:59
1656320639690372000,50.6,3,50.5,21,50.6,11,1,2022-06-27 09:03:59
1656320640046648000,50.6,2,50.5,21,50.6,6,1,2022-06-27 09:04:00
1656320640048484000,50.5,1,50.5,20,50.6,6,2,2022-06-27 09:04:00
1656320640560109000,50.6,2,50.5,20,50.6,4,1,2022-06-27 09:04:00
1656320640621708000,50.5,1,50.5,19,50.6,4,2,2022-06-27 09:04:00
1656320640631027000,50.6,1,50.5,19,50.6,3,1,2022-06-27 09:04:00
1656320640861721000,50.6,2,50.5,20,50.6,1,1,2022-06-27 09:04:00
1656320640904674000,50.6,1,50.5,20,50.7,36,1,2022-06-27 09:04:00
1656320641130186000,50.5,4,50.5,16,50.7,37,2,2022-06-27 09:04:01
1656320641176038000,50.5,3,50.5,13,50.6,1,2,2022-06-27 09:04:01
1656320641604868000,50.6,1,50.6,2,50.7,38,1,2022-06-27 09:04:01
1656320641613605000,50.6,2,50.5,16,50.6,3,2,2022-06-27 09:04:01
1656320643233477000,50.6,1,50.5,16,50.6,2,1,2022-06-27 09:04:03
1656320644114316000,50.5,10,50.5,6,50.6,6,2,2022-06-27 09:04:04
1656320644619249000,50.6,2,50.5,6,50.6,5,1,2022-06-27 09:04:04
1656320644799943000,50.6,2,50.5,6,50.6,7,1,2022-06-27 09:04:04
1656320644908390000,50.5,6,50.3,120,50.6,5,2,2022-06-27 09:04:04
1656320644908390000,50.4,17,50.3,120,50.6,5,2,2022-06-27 09:04:04
1656320644908390000,50.3,7,50.3,120,50.6,5,2,2022-06-27 09:04:04
1656320647410499000,50.3,11,50.3,107,50.5,1,2,2022-06-27 09:04:07
1656320647636964000,50.5,1,50.3,107,50.6,11,1,2022-06-27 09:04:07
1656320648582466000,50.6,3,50.3,107,50.6,8,1,2022-06-27 09:04:08
1656320649689641000,50.4,1,50.3,107,50.6,10,1,2022-06-27 09:04:09
1656320649756237000,50.6,1,50.3,107,50.6,9,1,2022-06-27 09:04:09
1656320649781033000,50.6,1,50.3,107,50.6,8,1,2022-06-27 09:04:09
1656320650082348000,50.6,1,50.3,109,50.6,7,1,2022-06-27 09:04:10
1656320651331354000,50.6,3,50.3,111,50.6,7,1,2022-06-27 09:04:11
1656320651416984000,50.6,1,50.4,1,50.6,6,1,2022-06-27 09:04:11
1656320651631616000,50.6,4,50.4,1,50.6,2,1,2022-06-27 09:04:11
1656320652317034000,50.4,1,50.4,1,50.6,2,2,2022-06-27 09:04:12
1656320652841653000,50.5,2,50.5,1,50.6,4,2,2022-06-27 09:04:12
1656320652847758000,50.5,1,50.4,1,50.5,4,2,2022-06-27 09:04:12
1656320654574090000,50.5,1,50.3,114,50.5,4,1,2022-06-27 09:04:14
1656320657093807000,50.5,1,50.4,3,50.5,11,1,2022-06-27 09:04:17
1656320657850621000,50.4,1,50.4,2,50.5,10,2,2022-06-27 09:04:17
1656320658268444000,50.4,1,50.4,2,50.5,10,2,2022-06-27 09:04:18
1656320658649095000,50.5,1,50.4,2,50.5,10,1,2022-06-27 09:04:18
1656320659311844000,50.4,1,50.4,2,50.5,13,2,2022-06-27 09:04:19
1656320659553346000,50.4,1,50.3,163,50.5,13,2,2022-06-27 09:04:19
1656320661792905000,50.5,1,50.3,163,50.5,13,1,2022-06-27 09:04:21
1656320664510072000,50.5,1,50.4,24,50.5,25,1,2022-06-27 09:04:24
1656320664518796000,50.5,1,50.4,24,50.5,24,1,2022-06-27 09:04:24
1656320665066217000,50.4,8,50.4,19,50.5,25,2,2022-06-27 09:04:25
1656320665634986000,50.4,1,50.4,18,50.5,25,2,2022-06-27 09:04:25
1656320665988079000,50.5,2,50.4,18,50.5,24,1,2022-06-27 09:04:25
1656320666242383000,50.5,2,50.4,18,50.5,22,1,2022-06-27 09:04:26
1656320666398040000,50.4,1,50.4,17,50.5,21,2,2022-06-27 09:04:26
1656320667055160000,50.4,5,50.4,13,50.5,21,2,2022-06-27 09:04:27
1656320669884765000,50.4,3,50.4,10,50.5,32,2,2022-06-27 09:04:29
1656320670583895000,50.4,1,50.4,11,50.5,32,2,2022-06-27 09:04:30
1656320671097595000,50.4,2,50.4,8,50.5,32,2,2022-06-27 09:04:31
1656320671304268000,50.5,1,50.4,10,50.5,32,1,2022-06-27 09:04:31
1656320671533345000,50.4,1,50.4,7,50.5,31,2,2022-06-27 09:04:31
1656320672477297000,50.5,2,50.4,9,50.5,29,1,2022-06-27 09:04:32
1656320672608258000,50.4,9,50.3,165,50.4,1,2,2022-06-27 09:04:32
1656320673610823000,50.4,1,50.3,165,50.5,29,1,2022-06-27 09:04:33
1656320674772917000,50.4,1,50.3,165,50.4,4,1,2022-06-27 09:04:34
1656320674817137000,50.4,4,50.3,165,50.4,5,1,2022-06-27 09:04:34
1656320677376297000,50.5,2,50.4,2,50.5,28,1,2022-06-27 09:04:37
1656320678089504000,50.5,1,50.4,2,50.5,27,1,2022-06-27 09:04:38
1656320678806785000,50.5,1,50.4,3,50.5,26,1,2022-06-27 09:04:38
1656320679293196000,50.5,1,50.4,3,50.5,26,1,2022-06-27 09:04:39
1656320679435765000,50.5,1,50.4,3,50.5,24,1,2022-06-27 09:04:39
1656320679805859000,50.5,24,50.4,5,50.6,23,1,2022-06-27 09:04:39
1656320680679361000,50.6,2,50.5,1,50.6,22,1,2022-06-27 09:04:40
1656320680894901000,50.5,1,50.3,148,50.6,22,2,2022-06-27 09:04:40
1656320680894901000,50.4,10,50.3,148,50.6,22,2,2022-06-27 09:04:40
1656320680894901000,50.3,19,50.3,148,50.6,22,2,2022-06-27 09:04:40
1656320680970751000,50.4,1,50.3,148,50.6,22,2,2022-06-27 09:04:40
1656320682061695000,50.5,2,50.3,147,50.5,7,1,2022-06-27 09:04:42
1656320682555498000,50.3,1,50.3,147,50.5,6,2,2022-06-27 09:04:42
1656320683119578000,50.5,2,50.3,146,50.5,4,1,2022-06-27 09:04:43
1656320683761880000,50.5,4,50.3,147,50.6,12,1,2022-06-27 09:04:43
1656320683761880000,50.6,11,50.3,147,50.6,12,1,2022-06-27 09:04:43
1656320684951988000,50.4,1,50.4,2,50.5,2,2,2022-06-27 09:04:44
1656320685147231000,50.5,1,50.4,2,50.5,1,1,2022-06-27 09:04:45
1656320685822042000,50.5,7,50.4,5,50.5,7,1,2022-06-27 09:04:45
1656320685822042000,50.6,9,50.4,5,50.5,7,1,2022-06-27 09:04:45
1656320686311356000,50.6,6,50.4,7,50.6,9,1,2022-06-27 09:04:46
1656320688040999000,50.4,4,50.4,4,50.6,3,2,2022-06-27 09:04:48
1656320688124397000,50.5,1,50.5,19,50.6,3,1,2022-06-27 09:04:48
1656320691112821000,50.6,1,50.5,21,50.6,10,1,2022-06-27 09:04:51
1656320692134693000,50.6,1,50.5,22,50.6,11,1,2022-06-27 09:04:52
1656320692275842000,50.5,1,50.5,22,50.6,11,2,2022-06-27 09:04:52
1656320692828633000,50.6,11,50.6,19,50.7,39,1,2022-06-27 09:04:52
1656320692885575000,50.6,12,50.6,7,50.7,39,2,2022-06-27 09:04:52
1656320692916721000,50.6,7,50.5,28,50.7,39,2,2022-06-27 09:04:52
1656320693531950000,50.7,1,50.5,27,50.7,38,1,2022-06-27 09:04:53
1656320694008848000,50.5,1,50.5,28,50.7,42,2,2022-06-27 09:04:54
1656320694425664000,50.5,1,50.5,27,50.6,1,2,2022-06-27 09:04:54
1656320694442922000,50.6,1,50.5,27,50.7,41,1,2022-06-27 09:04:54
1656320694799581000,50.7,1,50.6,1,50.7,40,1,2022-06-27 09:04:54
1656320694882561000,50.7,1,50.6,2,50.7,39,1,2022-06-27 09:04:54
1656320695202438000,50.7,3,50.6,2,50.7,36,1,2022-06-27 09:04:55
1656320696117998000,50.6,1,50.6,1,50.7,48,2,2022-06-27 09:04:56
1656320696183538000,50.6,1,50.5,29,50.6,2,2,2022-06-27 09:04:56
1656320696207532000,50.6,2,50.5,29,50.7,48,1,2022-06-27 09:04:56
1656320696768541000,50.5,3,50.5,26,50.6,1,2,2022-06-27 09:04:56
1656320696838129000,50.6,1,50.5,26,50.7,48,1,2022-06-27 09:04:56
1656320697195496000,50.6,1,50.5,25,50.6,1,1,2022-06-27 09:04:57
1656320697195496000,50.7,2,50.5,25,50.6,1,1,2022-06-27 09:04:57
1656320698251101000,50.6,5,50.6,1,50.7,47,2,2022-06-27 09:04:58
1656320699002040000,50.7,1,50.6,1,50.7,46,1,2022-06-27 09:04:59
1656320699142924000,50.6,1,50.5,26,50.7,46,2,2022-06-27 09:04:59
1656320699344526000,50.7,1,50.5,26,50.7,45,1,2022-06-27 09:04:59
1656320700179470000,50.6,1,50.5,26,50.7,45,2,2022-06-27 09:05:00
1656320700748053000,50.7,4,50.6,1,50.7,41,1,2022-06-27 09:05:00
1656320700895177000,50.6,2,50.5,29,50.6,17,2,2022-06-27 09:05:00
1656320701025404000,50.6,1,50.5,27,50.6,16,1,2022-06-27 09:05:01
1656320701125203000,50.6,2,50.5,27,50.6,14,1,2022-06-27 09:05:01
1656320702040859000,50.5,5,50.5,22,50.6,14,2,2022-06-27 09:05:02
1656320702073525000,50.5,1,50.5,21,50.6,14,2,2022-06-27 09:05:02
1656320702414403000,50.6,1,50.5,21,50.7,46,2,2022-06-27 09:05:02
1656320702563580000,50.6,1,50.5,21,50.7,46,1,2022-06-27 09:05:02
1656320702650314000,50.7,1,50.5,21,50.7,45,1,2022-06-27 09:05:02
1656320702916795000,50.6,2,50.5,8,50.7,45,2,2022-06-27 09:05:02
1656320702916795000,50.5,14,50.5,8,50.7,45,2,2022-06-27 09:05:02
1656320704985968000,50.6,2,50.5,8,50.6,3,1,2022-06-27 09:05:04
1656320705413160000,50.5,9,50.4,68,50.6,3,2,2022-06-27 09:05:05
1656320706073325000,50.6,1,50.5,1,50.6,8,1,2022-06-27 09:05:06
1656320706644712000,50.5,2,50.4,67,50.6,7,2,2022-06-27 09:05:06
1656320706968149000,50.6,2,50.4,67,50.6,5,1,2022-06-27 09:05:06
1656320707504768000,50.6,3,50.4,67,50.6,5,1,2022-06-27 09:05:07
1656320709186340000,50.5,5,50.4,67,50.5,5,1,2022-06-27 09:05:09
1656320710103403000,50.4,1,50.4,66,50.5,5,2,2022-06-27 09:05:10
1656320710314471000,50.5,1,50.4,68,50.5,4,1,2022-06-27 09:05:10
1656320710681723000,50.4,5,50.4,64,50.5,4,2,2022-06-27 09:05:10
1656320710981893000,50.5,2,50.4,64,50.5,2,1,2022-06-27 09:05:10
1656320712063533000,50.5,1,50.4,64,50.5,1,1,2022-06-27 09:05:12
1656320712134412000,50.5,1,50.4,64,50.6,5,1,2022-06-27 09:05:12
1656320713074976000,50.6,1,50.4,65,50.6,5,1,2022-06-27 09:05:13
1656320713320387000,50.6,1,50.4,65,50.6,3,1,2022-06-27 09:05:13
1656320713829556000,50.5,1,50.5,9,50.6,3,1,2022-06-27 09:05:13
1656320714436695000,50.5,9,50.4,68,50.6,3,2,2022-06-27 09:05:14
1656320714474401000,50.6,2,50.4,68,50.6,1,1,2022-06-27 09:05:14
1656320716450652000,50.5,1,50.4,68,50.6,1,1,2022-06-27 09:05:16
1656320719958816000,50.6,2,50.5,2,50.6,4,1,2022-06-27 09:05:19
1656320720006789000,50.6,1,50.5,2,50.6,4,1,2022-06-27 09:05:20
1656320720349103000,50.6,3,50.6,2,50.7,43,1,2022-06-27 09:05:20
1656320720712012000,50.6,1,50.6,2,50.7,43,2,2022-06-27 09:05:20
1656320720865179000,50.6,1,50.5,3,50.7,43,2,2022-06-27 09:05:20
1656320721458132000,50.7,1,50.5,3,50.7,42,1,2022-06-27 09:05:21
1656320722595942000,50.5,2,50.5,2,50.6,1,2,2022-06-27 09:05:22
1656320722633570000,50.5,1,50.5,1,50.6,1,2,2022-06-27 09:05:22
1656320722674879000,50.5,1,50.4,71,50.6,1,2,2022-06-27 09:05:22
1656320723011206000,50.5,10,50.4,70,50.5,40,1,2022-06-27 09:05:23
1656320723262255000,50.5,10,50.4,70,50.5,30,1,2022-06-27 09:05:23
1656320723640619000,50.5,1,50.4,70,50.5,29,1,2022-06-27 09:05:23
1656320724181525000,50.5,1,50.4,70,50.5,28,1,2022-06-27 09:05:24
1656320725994516000,50.5,2,50.4,70,50.5,26,1,2022-06-27 09:05:25
1656320726004634000,50.5,6,50.4,70,50.5,20,1,2022-06-27 09:05:26
1656320726397964000,50.5,1,50.4,70,50.5,19,1,2022-06-27 09:05:26
1656320727017669000,50.5,1,50.4,70,50.5,18,1,2022-06-27 09:05:27
1656320727056324000,50.5,1,50.4,70,50.5,17,1,2022-06-27 09:05:27
1656320728450574000,50.5,2,50.4,70,50.5,15,1,2022-06-27 09:05:28
1656320728611178000,50.5,1,50.4,70,50.5,14,1,2022-06-27 09:05:28
1656320728747373000,50.5,14,50.4,100,50.6,4,1,2022-06-27 09:05:28
1656320731585514000,50.6,1,50.5,3,50.6,3,1,2022-06-27 09:05:31
1656320732719786000,50.6,1,50.5,5,50.6,3,1,2022-06-27 09:05:32
1656320733994918000,50.6,1,50.5,5,50.6,2,1,2022-06-27 09:05:33
1656320734417294000,50.6,2,50.6,3,50.7,43,1,2022-06-27 09:05:34
1656320734451274000,50.7,2,50.6,3,50.7,41,1,2022-06-27 09:05:34
1656320734467558000,50.6,1,50.6,2,50.7,41,2,2022-06-27 09:05:34
1656320734893463000,50.6,1,50.6,1,50.7,41,2,2022-06-27 09:05:34
1656320735587266000,50.6,1,50.6,1,50.7,40,2,2022-06-27 09:05:35
1656320736066017000,50.6,1,50.5,7,50.6,1,1,2022-06-27 09:05:36
1656320737603260000,50.6,1,50.5,14,50.7,40,1,2022-06-27 09:05:37
1656320738133755000,50.6,1,50.6,1,50.7,40,2,2022-06-27 09:05:38
1656320739111773000,50.5,1,50.5,16,50.6,1,2,2022-06-27 09:05:39
1656320739865347000,50.6,1,50.5,16,50.7,40,1,2022-06-27 09:05:39
1656320740441410000,50.6,1,50.5,17,50.7,40,1,2022-06-27 09:05:40
1656320741603215000,50.7,1,50.6,1,50.7,41,1,2022-06-27 09:05:41
1656320742454840000,50.7,1,50.6,1,50.7,43,1,2022-06-27 09:05:42
1656320744813941000,50.6,1,50.6,2,50.7,43,2,2022-06-27 09:05:44
1656320748542756000,50.7,1,50.6,4,50.7,44,1,2022-06-27 09:05:48
1656320749611092000,50.7,2,50.6,4,50.7,42,1,2022-06-27 09:05:49
1656320749663088000,50.6,2,50.6,2,50.7,42,2,2022-06-27 09:05:49
1656320749898394000,50.6,2,50.5,20,50.7,42,2,2022-06-27 09:05:49
1656320753284603000,50.5,1,50.5,19,50.6,2,2,2022-06-27 09:05:53
1656320753443936000,50.5,1,50.5,17,50.6,2,2,2022-06-27 09:05:53
1656320753865203000,50.5,1,50.5,15,50.6,3,2,2022-06-27 09:05:53
1656320753879224000,50.6,1,50.5,15,50.6,2,1,2022-06-27 09:05:53
1656320753990013000,50.5,1,50.5,14,50.6,2,2,2022-06-27 09:05:53
1656320754348196000,50.5,1,50.5,13,50.6,2,2,2022-06-27 09:05:54
1656320754634080000,50.5,8,50.5,5,50.6,2,2,2022-06-27 09:05:54
1656320754680377000,50.6,1,50.5,5,50.6,2,1,2022-06-27 09:05:54
1656320755026276000,50.6,1,50.5,55,50.7,42,1,2022-06-27 09:05:55
1656320756231990000,50.5,1,50.5,54,50.6,4,2,2022-06-27 09:05:56
1656320756273600000,50.6,4,50.5,54,50.7,29,1,2022-06-27 09:05:56
1656320756273600000,50.7,13,50.5,54,50.7,29,1,2022-06-27 09:05:56
1656320758234933000,50.7,1,50.6,2,50.7,28,1,2022-06-27 09:05:58
1656320758362607000,50.6,1,50.6,1,50.7,28,2,2022-06-27 09:05:58
1656320758909519000,50.6,1,50.5,58,50.7,29,2,2022-06-27 09:05:58
1656320760508830000,50.7,2,50.6,5,50.7,28,1,2022-06-27 09:06:00
1656320761377793000,50.7,2,50.6,5,50.7,26,1,2022-06-27 09:06:01
1656320761986505000,50.7,1,50.6,6,50.7,25,1,2022-06-27 09:06:01
1656320762227676000,50.7,1,50.6,7,50.7,24,1,2022-06-27 09:06:02
1656320762276313000,50.7,2,50.6,7,50.7,22,1,2022-06-27 09:06:02
1656320762751128000,50.7,5,50.6,7,50.7,17,1,2022-06-27 09:06:02
1656320763497551000,50.7,1,50.6,10,50.7,16,1,2022-06-27 09:06:03
1656320763610758000,50.7,1,50.6,10,50.7,15,1,2022-06-27 09:06:03
1656320764016042000,50.7,1,50.6,10,50.7,14,1,2022-06-27 09:06:04
1656320764806724000,50.7,4,50.6,10,50.7,10,1,2022-06-27 09:06:04
1656320765455095000,50.7,10,50.6,10,50.8,39,1,2022-06-27 09:06:05
1656320765502682000,50.8,2,50.6,11,50.8,37,1,2022-06-27 09:06:05
1656320765685965000,50.8,1,50.7,1,50.8,37,1,2022-06-27 09:06:05
1656320766138761000,50.7,1,50.7,2,50.8,36,2,2022-06-27 09:06:06
1656320766648518000,50.7,1,50.6,12,50.8,36,2,2022-06-27 09:06:06
1656320766838654000,50.8,1,50.6,13,50.8,35,1,2022-06-27 09:06:06
1656320767544540000,50.7,1,50.6,13,50.8,35,2,2022-06-27 09:06:07
1656320767762558000,50.8,6,50.6,13,50.8,29,1,2022-06-27 09:06:07
1656320769049396000,50.8,1,50.7,1,50.8,29,1,2022-06-27 09:06:09
1656320769286039000,50.8,3,50.7,2,50.8,26,1,2022-06-27 09:06:09
1656320771319703000,50.8,1,50.7,2,50.8,26,1,2022-06-27 09:06:11
1656320771789148000,50.8,1,50.7,2,50.8,25,1,2022-06-27 09:06:11
1656320773032450000,50.8,1,50.7,2,50.8,25,1,2022-06-27 09:06:13
1656320774002187000,50.8,26,50.8,24,50.9,73,1,2022-06-27 09:06:14
1656320775794511000,50.9,20,50.8,25,50.9,53,1,2022-06-27 09:06:15
1656320775846961000,50.9,2,50.8,25,50.9,51,1,2022-06-27 09:06:15
1656320775872201000,50.8,1,50.8,24,50.9,51,2,2022-06-27 09:06:15
1656320775929701000,50.9,1,50.8,24,50.9,50,1,2022-06-27 09:06:15
1656320776024058000,50.9,1,50.8,24,50.9,49,1,2022-06-27 09:06:16
1656320776406524000,50.9,1,50.8,24,50.9,48,1,2022-06-27 09:06:16
1656320776494359000,50.9,2,50.8,24,50.9,46,1,2022-06-27 09:06:16
1656320776620648000,50.9,1,50.8,24,50.9,45,1,2022-06-27 09:06:16
1656320776638093000,50.8,1,50.8,23,50.9,45,2,2022-06-27 09:06:16
1656320776924646000,50.8,1,50.8,22,50.9,46,2,2022-06-27 09:06:16
1656320776954059000,50.8,1,50.8,21,50.9,46,2,2022-06-27 09:06:16
1656320777091622000,50.9,1,50.8,22,50.9,45,1,2022-06-27 09:06:17
1656320777170671000,50.9,10,50.8,22,50.9,46,1,2022-06-27 09:06:17
1656320777205634000,50.9,3,50.8,22,50.9,32,1,2022-06-27 09:06:17
1656320777205659000,50.9,27,50.8,22,50.9,5,1,2022-06-27 09:06:17
1656320777238431000,50.9,2,50.8,22,50.9,3,1,2022-06-27 09:06:17
1656320777238503000,50.9,3,50.8,22,51.0,76,1,2022-06-27 09:06:17
1656320777571461000,50.9,8,50.8,1,51.0,76,2,2022-06-27 09:06:17
1656320777571461000,50.8,22,50.8,1,51.0,76,2,2022-06-27 09:06:17
1656320777670031000,50.9,6,50.9,11,51.0,76,2,2022-06-27 09:06:17
1656320777716960000,50.9,1,50.9,3,51.0,76,2,2022-06-27 09:06:17
1656320777966745000,51.0,4,50.9,3,51.0,72,1,2022-06-27 09:06:17
1656320778007244000,51.0,10,50.9,3,51.0,62,1,2022-06-27 09:06:18
1656320778043200000,51.0,4,50.9,7,51.0,58,1,2022-06-27 09:06:18
1656320778105558000,51.0,3,50.9,7,51.0,55,1,2022-06-27 09:06:18
1656320778132587000,51.0,3,50.9,7,51.0,52,1,2022-06-27 09:06:18
1656320778140499000,51.0,1,50.9,7,51.0,51,1,2022-06-27 09:06:18
1656320778153609000,51.0,2,50.9,7,51.0,49,1,2022-06-27 09:06:18
1656320778153634000,51.0,2,50.9,7,51.0,47,1,2022-06-27 09:06:18
1656320778161727000,51.0,3,50.9,7,51.0,44,1,2022-06-27 09:06:18
1656320778161748000,51.0,8,50.9,7,51.0,36,1,2022-06-27 09:06:18
1656320778162541000,51.0,2,50.9,7,51.0,34,1,2022-06-27 09:06:18
1656320778163275000,51.0,4,50.9,7,51.0,62,1,2022-06-27 09:06:18
1656320778199866000,51.0,1,50.9,8,51.0,29,1,2022-06-27 09:06:18
1656320778238529000,51.0,5,50.9,8,51.0,24,1,2022-06-27 09:06:18
1656320778238930000,51.0,1,50.9,8,51.0,23,1,2022-06-27 09:06:18
1656320778239185000,51.0,4,50.9,8,51.0,19,1,2022-06-27 09:06:18
1656320778273647000,51.0,4,50.9,8,51.0,15,1,2022-06-27 09:06:18
1656320778306853000,51.0,4,50.9,8,51.0,11,1,2022-06-27 09:06:18
1656320778337441000,51.0,4,50.9,8,51.0,7,1,2022-06-27 09:06:18
1656320778368418000,51.0,4,50.9,8,51.0,30,1,2022-06-27 09:06:18
1656320778883125000,51.0,3,50.9,8,51.1,7,1,2022-06-27 09:06:18
1656320778883125000,51.1,7,50.9,8,51.1,7,1,2022-06-27 09:06:18
1656320779273659000,51.1,1,51.0,8,51.1,6,1,2022-06-27 09:06:19
1656320779321217000,51.1,1,51.0,8,51.1,5,1,2022-06-27 09:06:19
1656320779401811000,51.1,2,51.0,18,51.1,3,1,2022-06-27 09:06:19
1656320780064891000,51.1,3,51.0,29,51.2,12,1,2022-06-27 09:06:20
1656320780096047000,51.1,1,51.0,29,51.2,12,2,2022-06-27 09:06:20
1656320780638711000,51.2,1,51.1,7,51.2,12,1,2022-06-27 09:06:20
1656320780794937000,51.2,2,51.1,8,51.2,9,1,2022-06-27 09:06:20
1656320780876575000,51.2,3,51.1,8,51.2,6,1,2022-06-27 09:06:20
1656320781265017000,51.2,3,51.1,8,51.2,3,1,2022-06-27 09:06:21
1656320781866249000,51.1,1,51.1,7,51.2,13,2,2022-06-27 09:06:21
1656320781967419000,51.2,1,51.1,6,51.2,12,1,2022-06-27 09:06:21
1656320781991173000,51.2,5,51.1,6,51.2,12,1,2022-06-27 09:06:21
1656320782201648000,51.2,1,51.1,6,51.2,11,1,2022-06-27 09:06:22
1656320782686251000,51.2,1,51.1,12,51.2,10,1,2022-06-27 09:06:22
1656320782693104000,51.1,1,51.1,11,51.2,10,2,2022-06-27 09:06:22
1656320783027398000,51.2,2,51.1,16,51.2,8,1,2022-06-27 09:06:23
1656320783059261000,51.2,1,51.1,19,51.2,7,1,2022-06-27 09:06:23
1656320783250943000,51.2,1,51.1,20,51.2,6,1,2022-06-27 09:06:23
1656320783456848000,51.1,1,51.1,15,51.2,6,2,2022-06-27 09:06:23
1656320783738455000,51.2,1,51.1,15,51.2,5,1,2022-06-27 09:06:23
1656320783909397000,51.1,1,51.1,14,51.2,5,2,2022-06-27 09:06:23
1656320784568747000,51.2,1,51.1,16,51.2,4,1,2022-06-27 09:06:24
1656320784578017000,51.2,4,51.1,16,51.3,16,1,2022-06-27 09:06:24
1656320784578017000,51.3,2,51.1,16,51.3,16,1,2022-06-27 09:06:24
1656320784655580000,51.3,1,51.1,14,51.3,15,1,2022-06-27 09:06:24
1656320784723739000,51.2,1,51.2,4,51.3,15,2,2022-06-27 09:06:24
1656320785821502000,51.2,2,51.2,9,51.3,15,2,2022-06-27 09:06:25
1656320786107570000,51.3,1,51.2,9,51.3,15,1,2022-06-27 09:06:26
1656320786605819000,51.2,1,51.2,13,51.3,14,2,2022-06-27 09:06:26
1656320786974467000,51.3,2,51.2,10,51.3,13,1,2022-06-27 09:06:26
1656320787485339000,51.2,2,51.2,9,51.3,14,2,2022-06-27 09:06:27
1656320787615154000,51.3,1,51.2,10,51.3,13,1,2022-06-27 09:06:27
1656320787650088000,51.3,3,51.2,10,51.3,14,1,2022-06-27 09:06:27
1656320787778798000,51.3,4,51.2,11,51.3,5,1,2022-06-27 09:06:27
1656320787892347000,51.2,2,51.2,10,51.3,5,2,2022-06-27 09:06:27
1656320788023757000,51.3,1,51.2,10,51.3,4,1,2022-06-27 09:06:28
1656320788057006000,51.3,1,51.2,10,51.3,3,1,2022-06-27 09:06:28
1656320788628621000,51.3,4,51.3,6,51.4,15,1,2022-06-27 09:06:28
1656320788687638000,51.3,3,51.3,3,51.4,16,2,2022-06-27 09:06:28
1656320788714309000,51.3,3,51.2,10,51.4,16,2,2022-06-27 09:06:28
1656320788831579000,51.4,5,51.2,11,51.4,11,1,2022-06-27 09:06:28
1656320788949913000,51.4,8,51.2,11,51.4,4,1,2022-06-27 09:06:28
1656320789049363000,51.3,1,51.3,2,51.4,3,1,2022-06-27 09:06:29
1656320789281648000,51.3,1,51.3,6,51.4,2,2,2022-06-27 09:06:29
1656320789473471000,51.3,1,51.3,10,51.4,2,2,2022-06-27 09:06:29
1656320789582963000,51.4,2,51.3,10,51.5,12,1,2022-06-27 09:06:29
1656320789582963000,51.5,14,51.3,10,51.5,12,1,2022-06-27 09:06:29
1656320789966925000,51.3,2,51.3,10,51.5,12,2,2022-06-27 09:06:29
1656320790087166000,51.3,1,51.3,9,51.5,12,2,2022-06-27 09:06:30
1656320790143051000,51.5,1,51.3,9,51.5,12,1,2022-06-27 09:06:30
1656320790710597000,51.3,9,51.2,16,51.4,4,2,2022-06-27 09:06:30
1656320790710597000,51.2,2,51.2,16,51.4,4,2,2022-06-27 09:06:30
1656320791170886000,51.4,1,51.3,1,51.4,3,1,2022-06-27 09:06:31
1656320791412056000,51.3,1,51.2,14,51.4,15,2,2022-06-27 09:06:31
1656320791475805000,51.4,1,51.2,13,51.4,15,1,2022-06-27 09:06:31
1656320791541795000,51.4,2,51.2,13,51.4,12,1,2022-06-27 09:06:31
1656320791659735000,51.4,2,51.2,13,51.4,13,1,2022-06-27 09:06:31
1656320791751028000,51.4,2,51.2,13,51.4,8,1,2022-06-27 09:06:31
1656320792361924000,51.3,1,51.2,13,51.3,1,1,2022-06-27 09:06:32
1656320792652292000,51.3,2,51.2,13,51.3,3,1,2022-06-27 09:06:32
1656320792760448000,51.3,1,51.2,13,51.3,2,1,2022-06-27 09:06:32
1656320793479808000,51.3,6,51.2,14,51.4,6,1,2022-06-27 09:06:33
1656320793479808000,51.4,4,51.2,14,51.4,6,1,2022-06-27 09:06:33
1656320794017349000,51.4,1,51.3,1,51.4,6,1,2022-06-27 09:06:34
1656320794199775000,51.4,1,51.3,1,51.4,5,1,2022-06-27 09:06:34
1656320794355316000,51.4,1,51.3,2,51.4,3,1,2022-06-27 09:06:34
1656320794535414000,51.4,3,51.3,7,51.5,16,1,2022-06-27 09:06:34
1656320794535414000,51.5,1,51.3,7,51.5,16,1,2022-06-27 09:06:34
1656320794575543000,51.3,4,51.3,4,51.5,16,2,2022-06-27 09:06:34
1656320794776769000,51.5,2,51.3,4,51.5,16,1,2022-06-27 09:06:34
1656320795188479000,51.5,10,51.3,4,51.5,5,1,2022-06-27 09:06:35
1656320795191411000,51.5,2,51.3,4,51.5,3,1,2022-06-27 09:06:35
1656320795631996000,51.4,2,51.4,9,51.5,2,2,2022-06-27 09:06:35
1656320795918680000,51.4,3,51.4,6,51.5,2,2,2022-06-27 09:06:35
1656320796177250000,51.4,2,51.4,3,51.5,2,2,2022-06-27 09:06:36
1656320796367576000,51.4,3,51.3,8,51.5,6,2,2022-06-27 09:06:36
1656320796593010000,51.3,3,51.3,4,51.5,6,2,2022-06-27 09:06:36
1656320796693145000,51.5,1,51.3,4,51.5,6,1,2022-06-27 09:06:36
1656320796764148000,51.5,5,51.3,4,51.6,2,1,2022-06-27 09:06:36
1656320796764148000,51.6,5,51.3,4,51.6,2,1,2022-06-27 09:06:36
1656320796855672000,51.4,3,51.3,5,51.6,2,1,2022-06-27 09:06:36
1656320796855672000,51.5,5,51.3,5,51.6,2,1,2022-06-27 09:06:36
1656320796855672000,51.6,2,51.3,5,51.6,2,1,2022-06-27 09:06:36
1656320797574722000,51.5,1,51.3,5,51.6,2,2,2022-06-27 09:06:37
1656320797577615000,51.6,1,51.3,5,51.6,1,1,2022-06-27 09:06:37
1656320798183162000,51.6,1,51.3,7,51.7,2,1,2022-06-27 09:06:38
1656320798183162000,51.7,9,51.3,7,51.7,2,1,2022-06-27 09:06:38
1656320798309453000,51.6,1,51.5,5,51.6,1,1,2022-06-27 09:06:38
1656320798355740000,51.6,1,51.5,8,51.7,2,2,2022-06-27 09:06:38
1656320798425006000,51.5,1,51.5,7,51.7,2,2,2022-06-27 09:06:38
1656320798761882000,51.5,1,51.5,6,51.7,3,2,2022-06-27 09:06:38
1656320798825811000,51.5,5,51.4,1,51.7,3,2,2022-06-27 09:06:38
1656320799478681000,51.5,1,51.4,31,51.5,1,1,2022-06-27 09:06:39
1656320799538049000,51.5,1,51.4,31,51.8,32,1,2022-06-27 09:06:39
1656320799538049000,51.6,7,51.4,31,51.8,32,1,2022-06-27 09:06:39
1656320799538049000,51.7,2,51.4,31,51.8,32,1,2022-06-27 09:06:39
1656320799577755000,51.7,1,51.6,1,51.7,2,1,2022-06-27 09:06:39
1656320799588543000,51.6,1,51.4,31,51.8,32,2,2022-06-27 09:06:39
1656320799945257000,51.6,1,51.4,31,51.6,2,2,2022-06-27 09:06:39
1656320801040289000,51.6,4,51.5,1,51.8,32,1,2022-06-27 09:06:41
1656320801040289000,51.7,5,51.5,1,51.8,32,1,2022-06-27 09:06:41
1656320801040289000,51.8,1,51.5,1,51.8,32,1,2022-06-27 09:06:41
1656320801084619000,51.5,1,51.4,32,51.8,32,2,2022-06-27 09:06:41
1656320801378155000,51.5,1,51.5,4,51.7,2,2,2022-06-27 09:06:41
1656320801499566000,51.5,2,51.5,2,51.7,3,2,2022-06-27 09:06:41
1656320801865416000,51.5,2,51.4,33,51.6,9,2,2022-06-27 09:06:41
1656320801865416000,51.4,3,51.4,33,51.6,9,2,2022-06-27 09:06:41
1656320801895446000,51.6,1,51.4,33,51.6,8,1,2022-06-27 09:06:41
1656320801895819000,51.6,1,51.4,33,51.6,7,1,2022-06-27 09:06:41
1656320802187173000,51.6,1,51.4,37,51.6,6,1,2022-06-27 09:06:42
1656320802391497000,51.6,1,51.4,37,51.6,5,1,2022-06-27 09:06:42
1656320802666009000,51.6,2,51.5,1,51.6,7,1,2022-06-27 09:06:42
1656320802849647000,51.6,5,51.5,1,51.7,8,1,2022-06-27 09:06:42
1656320802849647000,51.7,5,51.5,1,51.7,8,1,2022-06-27 09:06:42
1656320803481089000,51.5,1,51.4,39,51.7,9,2,2022-06-27 09:06:43
1656320804155344000,51.6,1,51.4,39,51.6,1,1,2022-06-27 09:06:44
1656320804155344000,51.7,9,51.4,39,51.6,1,1,2022-06-27 09:06:44
1656320804607108000,51.7,1,51.4,40,51.7,4,1,2022-06-27 09:06:44
1656320804809576000,51.6,1,51.5,1,51.7,4,2,2022-06-27 09:06:44
1656320805447078000,51.5,1,51.5,3,51.6,2,2,2022-06-27 09:06:45
1656320805508536000,51.5,2,51.5,1,51.6,2,2,2022-06-27 09:06:45
1656320805530328000,51.5,1,51.4,40,51.6,3,2,2022-06-27 09:06:45
1656320805963050000,51.6,2,51.4,39,51.6,1,1,2022-06-27 09:06:45
1656320806061907000,51.5,1,51.4,40,51.6,1,2,2022-06-27 09:06:46
1656320806070221000,51.6,1,51.4,40,51.7,25,1,2022-06-27 09:06:46
1656320806070221000,51.7,2,51.4,40,51.7,25,1,2022-06-27 09:06:46
1656320806253324000,51.5,1,51.5,8,51.7,25,2,2022-06-27 09:06:46
1656320806312907000,51.7,3,51.5,8,51.7,22,1,2022-06-27 09:06:46
1656320806484631000,51.5,8,51.4,40,51.5,2,2,2022-06-27 09:06:46
1656320807714514000,51.5,1,51.4,39,51.5,3,1,2022-06-27 09:06:47
1656320807973568000,51.5,1,51.4,41,51.5,2,1,2022-06-27 09:06:47
1656320808145353000,51.5,1,51.4,41,51.5,3,1,2022-06-27 09:06:48
1656320808187697000,51.5,1,51.6,1,51.7,25,1,2022-06-27 09:06:48
1656320808187697000,51.6,8,51.6,1,51.7,25,1,2022-06-27 09:06:48
1656320808215295000,51.6,1,51.4,42,51.7,25,2,2022-06-27 09:06:48
1656320808297226000,51.5,1,51.5,2,51.7,25,2,2022-06-27 09:06:48
1656320808332552000,51.5,2,51.4,42,51.7,25,2,2022-06-27 09:06:48
1656320808555105000,51.6,1,51.4,41,51.7,25,2,2022-06-27 09:06:48
1656320809285414000,51.5,7,51.4,42,51.7,25,2,2022-06-27 09:06:49
1656320809498273000,51.5,5,51.5,1,51.6,3,2,2022-06-27 09:06:49
1656320809522797000,51.5,1,51.4,42,51.6,3,2,2022-06-27 09:06:49
1656320809998913000,51.5,1,51.5,2,51.6,3,2,2022-06-27 09:06:49
1656320810487026000,51.5,1,51.5,4,51.6,3,2,2022-06-27 09:06:50
1656320811166895000,51.6,2,51.5,14,51.6,3,1,2022-06-27 09:06:51
1656320812079841000,51.5,1,51.5,15,51.6,2,2,2022-06-27 09:06:52
1656320812322947000,51.6,2,51.5,14,51.7,33,1,2022-06-27 09:06:52
1656320812841602000,51.5,6,51.5,8,51.6,5,2,2022-06-27 09:06:52
1656320812856289000,51.5,8,51.4,47,51.6,5,2,2022-06-27 09:06:52
1656320813096892000,51.5,2,51.5,2,51.6,5,2,2022-06-27 09:06:53
1656320813660899000,51.5,2,51.4,47,51.6,5,2,2022-06-27 09:06:53
1656320813680228000,51.6,5,51.4,47,51.7,34,1,2022-06-27 09:06:53
1656320814097997000,51.5,1,51.4,47,51.6,1,2,2022-06-27 09:06:54
1656320814146854000,51.6,1,51.4,48,51.6,1,1,2022-06-27 09:06:54
1656320814402045000,51.5,1,51.5,1,51.7,34,2,2022-06-27 09:06:54
1656320815902714000,51.5,2,51.5,1,51.6,3,2,2022-06-27 09:06:55
1656320815927980000,51.5,1,51.4,43,51.6,3,2,2022-06-27 09:06:55
1656320815991224000,51.5,1,51.4,43,51.6,3,2,2022-06-27 09:06:55
1656320816031314000,51.4,20,51.4,23,51.6,3,2,2022-06-27 09:06:56
1656320816054273000,51.4,23,51.3,9,51.6,3,2,2022-06-27 09:06:56
1656320818013432000,51.5,1,51.3,8,51.5,15,1,2022-06-27 09:06:58
1656320818522622000,51.3,1,51.3,7,51.5,15,2,2022-06-27 09:06:58
1656320818973694000,51.3,7,51.2,17,51.4,1,2,2022-06-27 09:06:58
1656320819223122000,51.4,1,51.2,17,51.5,16,1,2022-06-27 09:06:59
1656320819223122000,51.5,1,51.2,17,51.5,16,1,2022-06-27 09:06:59
1656320819707369000,51.5,13,51.3,2,51.5,3,1,2022-06-27 09:06:59
1656320819738523000,51.3,2,51.2,18,51.5,3,2,2022-06-27 09:06:59
1656320820144971000,51.4,1,51.2,18,51.5,3,2,2022-06-27 09:07:00
1656320821589860000,51.4,1,51.3,2,51.4,1,1,2022-06-27 09:07:01
1656320821616548000,51.3,2,51.3,2,51.4,2,2,2022-06-27 09:07:01
1656320821864626000,51.4,1,51.4,9,51.5,4,1,2022-06-27 09:07:01
1656320821888524000,51.4,9,51.2,17,51.5,4,2,2022-06-27 09:07:01
1656320822450672000,51.5,1,51.2,17,51.5,3,1,2022-06-27 09:07:02
1656320822746046000,51.2,1,51.2,17,51.3,1,2,2022-06-27 09:07:02
1656320822844834000,51.3,1,51.2,17,51.5,5,1,2022-06-27 09:07:02
1656320822920937000,51.5,1,51.2,17,51.5,4,1,2022-06-27 09:07:02
1656320823146685000,51.2,2,51.2,17,51.3,1,2,2022-06-27 09:07:03
1656320823655621000,51.5,1,51.2,15,51.5,3,1,2022-06-27 09:07:03
1656320825690844000,51.3,1,51.2,14,51.5,11,2,2022-06-27 09:07:05
1656320826147878000,51.5,4,51.3,6,51.5,11,1,2022-06-27 09:07:06
1656320827244966000,51.4,1,51.3,8,51.5,4,1,2022-06-27 09:07:07
1656320827244966000,51.5,3,51.3,8,51.5,4,1,2022-06-27 09:07:07
1656320828047901000,51.5,1,51.3,9,51.5,4,1,2022-06-27 09:07:08
1656320828418617000,51.5,1,51.3,10,51.5,2,1,2022-06-27 09:07:08
1656320830467310000,51.5,2,51.3,11,51.5,3,1,2022-06-27 09:07:10
1656320830896514000,51.5,1,51.3,11,51.5,4,1,2022-06-27 09:07:10
1656320831848584000,51.5,1,51.3,12,51.5,2,1,2022-06-27 09:07:11
1656320832479508000,51.3,1,51.3,12,51.5,2,2,2022-06-27 09:07:12
1656320833160380000,51.5,2,51.3,11,51.6,19,1,2022-06-27 09:07:13
1656320833583392000,51.5,1,51.3,10,51.5,5,1,2022-06-27 09:07:13
1656320834338912000,51.5,5,51.3,11,51.6,14,1,2022-06-27 09:07:14
1656320834338912000,51.6,5,51.3,11,51.6,14,1,2022-06-27 09:07:14
1656320834479845000,51.6,1,51.3,11,51.6,13,1,2022-06-27 09:07:14
1656320836737802000,51.5,1,51.4,3,51.6,14,1,2022-06-27 09:07:16
1656320837093562000,51.5,1,51.4,2,51.6,15,2,2022-06-27 09:07:17
1656320837326573000,51.5,1,51.4,2,51.6,15,2,2022-06-27 09:07:17
1656320837910420000,51.5,5,51.5,5,51.6,15,2,2022-06-27 09:07:17
1656320841482643000,51.5,1,51.5,21,51.6,16,2,2022-06-27 09:07:21
1656320841752189000,51.5,2,51.5,21,51.6,17,2,2022-06-27 09:07:21
1656320842326413000,51.6,1,51.5,21,51.6,16,1,2022-06-27 09:07:22
1656320842459315000,51.6,1,51.5,21,51.6,15,1,2022-06-27 09:07:22
1656320843236030000,51.6,10,51.5,21,51.6,5,1,2022-06-27 09:07:23
1656320843244163000,51.5,5,51.5,16,51.6,5,2,2022-06-27 09:07:23
1656320843337471000,51.5,2,51.5,14,51.6,5,2,2022-06-27 09:07:23
1656320843980713000,51.5,1,51.5,13,51.6,6,2,2022-06-27 09:07:23
1656320844160372000,51.5,1,51.5,12,51.6,6,2,2022-06-27 09:07:24
1656320844265599000,51.5,1,51.5,11,51.6,6,2,2022-06-27 09:07:24
1656320844282029000,51.6,2,51.5,11,51.6,4,1,2022-06-27 09:07:24
1656320844391739000,51.5,1,51.5,10,51.6,4,2,2022-06-27 09:07:24
1656320844592491000,51.6,4,51.7,15,51.8,35,1,2022-06-27 09:07:24
1656320844592491000,51.7,31,51.7,15,51.8,35,1,2022-06-27 09:07:24
1656320844599701000,51.8,1,51.7,15,51.8,34,1,2022-06-27 09:07:24
1656320844621324000,51.7,15,51.5,11,51.8,34,2,2022-06-27 09:07:24
1656320844808059000,51.8,2,51.7,4,51.8,32,1,2022-06-27 09:07:24
1656320844898099000,51.8,1,51.7,4,51.8,31,1,2022-06-27 09:07:24
1656320844936000000,51.7,1,51.7,3,51.8,31,2,2022-06-27 09:07:24
1656320844951403000,51.8,31,51.8,19,51.9,76,1,2022-06-27 09:07:24
1656320844951457000,51.9,10,51.8,19,51.9,66,1,2022-06-27 09:07:24
1656320845211598000,51.8,1,51.8,19,51.9,66,2,2022-06-27 09:07:25
1656320846326986000,51.8,1,51.8,18,51.9,66,2,2022-06-27 09:07:26
1656320846458436000,51.9,2,51.8,18,51.9,64,1,2022-06-27 09:07:26
1656320846605583000,51.8,1,51.8,16,51.9,64,2,2022-06-27 09:07:26
1656320846643813000,51.9,1,51.8,17,51.9,64,1,2022-06-27 09:07:26
1656320846933746000,51.8,1,51.8,16,51.9,63,2,2022-06-27 09:07:26
1656320847683174000,51.9,2,51.8,15,51.9,61,1,2022-06-27 09:07:27
1656320847726124000,51.9,1,51.8,15,51.9,60,1,2022-06-27 09:07:27
1656320847921973000,51.8,2,51.8,13,51.9,60,2,2022-06-27 09:07:27
1656320848045813000,51.8,8,51.8,13,51.9,60,2,2022-06-27 09:07:28
1656320848335233000,51.9,3,51.8,5,51.9,57,1,2022-06-27 09:07:28
1656320848745099000,51.9,1,51.6,3,51.9,56,1,2022-06-27 09:07:28
1656320848791850000,51.9,5,51.6,3,51.9,51,1,2022-06-27 09:07:28
1656320848818394000,51.9,1,51.6,3,51.9,50,1,2022-06-27 09:07:28
1656320849295709000,51.8,1,51.6,6,51.8,1,1,2022-06-27 09:07:29
1656320849447232000,51.8,1,51.6,6,51.8,1,1,2022-06-27 09:07:29
1656320850716768000,51.6,1,51.6,4,51.8,2,2,2022-06-27 09:07:30
1656320850881187000,51.8,1,51.6,3,51.8,1,1,2022-06-27 09:07:30
1656320851376205000,51.8,1,51.5,61,51.9,51,1,2022-06-27 09:07:31
1656320851376205000,51.9,1,51.5,61,51.9,51,1,2022-06-27 09:07:31
1656320851480037000,51.8,1,51.6,2,51.8,1,1,2022-06-27 09:07:31
1656320851979165000,51.8,1,51.6,2,51.9,52,1,2022-06-27 09:07:31
1656320852831325000,51.8,1,51.6,2,51.9,53,1,2022-06-27 09:07:32
1656320852831325000,51.9,1,51.6,2,51.9,53,1,2022-06-27 09:07:32
1656320853179031000,51.8,1,51.6,2,51.8,3,1,2022-06-27 09:07:33
1656320853476254000,51.8,1,51.6,2,51.8,2,1,2022-06-27 09:07:33
1656320853589524000,51.8,1,51.6,2,51.8,4,1,2022-06-27 09:07:33
1656320854131512000,51.8,1,51.6,4,51.8,5,1,2022-06-27 09:07:34
1656320854132151000,51.6,3,51.6,4,51.8,6,2,2022-06-27 09:07:34
1656320854348501000,51.8,5,51.6,1,51.9,48,1,2022-06-27 09:07:34
1656320854348501000,51.9,5,51.6,1,51.9,48,1,2022-06-27 09:07:34
1656320854489717000,51.9,1,51.6,2,51.9,47,1,2022-06-27 09:07:34
1656320854524639000,51.8,1,51.6,2,51.9,47,2,2022-06-27 09:07:34
1656320855298110000,51.8,1,51.8,4,51.9,47,1,2022-06-27 09:07:35
1656320855705526000,51.8,1,51.8,3,51.9,47,2,2022-06-27 09:07:35
1656320856480157000,51.8,1,51.8,4,51.9,47,2,2022-06-27 09:07:36
1656320857265690000,51.8,2,51.8,1,51.9,47,2,2022-06-27 09:07:37
1656320858192597000,51.8,2,51.6,15,51.9,47,2,2022-06-27 09:07:38
1656320859118201000,51.6,1,51.6,15,51.8,2,2,2022-06-27 09:07:39
1656320859405534000,51.8,1,51.6,13,51.8,2,1,2022-06-27 09:07:39
1656320860559978000,51.8,2,51.6,12,51.8,3,1,2022-06-27 09:07:40
1656320860756721000,51.8,1,51.6,12,51.9,50,1,2022-06-27 09:07:40
1656320861514366000,51.8,1,51.7,2,51.8,9,1,2022-06-27 09:07:41
1656320861601630000,51.8,1,51.7,2,51.8,10,1,2022-06-27 09:07:41
1656320861753512000,51.8,1,51.7,2,51.8,8,1,2022-06-27 09:07:41
1656320862295318000,51.8,1,51.7,2,51.8,7,1,2022-06-27 09:07:42
1656320862560050000,51.8,1,51.7,2,51.8,6,1,2022-06-27 09:07:42
1656320863550318000,51.8,5,51.7,2,51.8,6,1,2022-06-27 09:07:43
1656320864525352000,51.8,2,51.7,3,51.8,7,1,2022-06-27 09:07:44
1656320865079937000,51.8,1,51.7,4,51.8,5,1,2022-06-27 09:07:45
1656320865973848000,51.7,1,51.7,3,51.8,6,2,2022-06-27 09:07:45
1656320866143013000,51.7,3,51.7,3,51.8,9,2,2022-06-27 09:07:46
1656320866394242000,51.8,1,51.6,15,51.8,10,1,2022-06-27 09:07:46
1656320867026011000,51.6,1,51.6,14,51.8,10,2,2022-06-27 09:07:47
1656320867133733000,51.7,1,51.7,1,51.8,10,2,2022-06-27 09:07:47
1656320867283412000,51.8,5,51.6,14,51.8,5,1,2022-06-27 09:07:47
1656320867641396000,51.7,1,51.7,1,51.8,5,2,2022-06-27 09:07:47
1656320868412995000,51.6,14,51.5,59,51.7,1,2,2022-06-27 09:07:48
1656320868412995000,51.5,6,51.5,59,51.7,1,2,2022-06-27 09:07:48
1656320870334811000,51.5,2,51.5,61,51.6,12,2,2022-06-27 09:07:50
1656320870369339000,51.5,61,51.5,6,51.6,12,2,2022-06-27 09:07:50
1656320870402015000,51.5,1,51.5,5,51.6,12,2,2022-06-27 09:07:50
1656320870402170000,51.5,5,51.4,9,51.6,12,2,2022-06-27 09:07:50
1656320870413853000,51.4,1,51.4,8,51.6,12,2,2022-06-27 09:07:50
1656320871442679000,51.6,10,51.5,1,51.6,2,1,2022-06-27 09:07:51
1656320871501030000,51.5,1,51.4,8,51.5,4,2,2022-06-27 09:07:51
1656320872402473000,51.5,4,51.4,8,51.6,1,1,2022-06-27 09:07:52
1656320872402473000,51.6,1,51.4,8,51.6,1,1,2022-06-27 09:07:52
1656320872704570000,51.4,2,51.4,6,51.6,1,2,2022-06-27 09:07:52
1656320874059147000,51.5,1,51.4,6,51.6,1,1,2022-06-27 09:07:54
1656320874521497000,51.6,1,51.4,6,51.7,8,1,2022-06-27 09:07:54
1656320874521497000,51.7,4,51.4,6,51.7,8,1,2022-06-27 09:07:54
1656320876075408000,51.6,1,51.4,7,51.6,1,1,2022-06-27 09:07:56
1656320876349647000,51.4,7,51.3,14,51.5,1,2,2022-06-27 09:07:56
1656320876881244000,51.5,1,51.4,3,51.7,8,1,2022-06-27 09:07:56
1656320877473137000,51.7,8,51.4,5,51.8,23,1,2022-06-27 09:07:57
1656320877473137000,51.8,2,51.4,5,51.8,23,1,2022-06-27 09:07:57
1656320878203441000,51.5,1,51.5,5,51.7,2,2,2022-06-27 09:07:58
1656320878525147000,51.6,7,51.6,3,51.7,2,2,2022-06-27 09:07:58
1656320878559000000,51.6,3,51.5,5,51.7,2,2,2022-06-27 09:07:58
1656320878776118000,51.7,2,51.5,4,51.8,25,1,2022-06-27 09:07:58
1656320880907379000,51.7,1,51.5,13,51.8,20,1,2022-06-27 09:08:00
1656320880907379000,51.8,4,51.5,13,51.8,20,1,2022-06-27 09:08:00
1656320881647130000,51.7,1,51.5,17,51.7,4,1,2022-06-27 09:08:01
1656320884587917000,51.6,1,51.5,19,51.6,2,1,2022-06-27 09:08:04
1656320886199447000,51.5,9,51.5,6,51.6,11,2,2022-06-27 09:08:06
1656320886221084000,51.5,6,51.4,17,51.6,11,2,2022-06-27 09:08:06
1656320886330626000,51.6,2,51.4,17,51.6,10,1,2022-06-27 09:08:06
1656320886422162000,51.6,2,51.4,17,51.6,7,1,2022-06-27 09:08:06
1656320887493342000,51.5,2,51.4,17,51.6,15,2,2022-06-27 09:08:07
1656320887670775000,51.6,1,51.4,17,51.6,14,1,2022-06-27 09:08:07
1656320887894434000,51.6,1,51.4,13,51.6,13,1,2022-06-27 09:08:07
1656320888932594000,51.4,1,51.4,12,51.5,15,2,2022-06-27 09:08:08
1656320889079611000,51.4,10,51.4,2,51.5,15,2,2022-06-27 09:08:09
1656320889231900000,51.4,2,51.3,12,51.4,8,2,2022-06-27 09:08:09
1656320889284215000,51.3,7,51.3,5,51.4,8,2,2022-06-27 09:08:09
1656320889699097000,51.4,1,51.3,5,51.4,7,1,2022-06-27 09:08:09
1656320889955805000,51.4,1,51.3,5,51.4,6,1,2022-06-27 09:08:09
1656320890988194000,51.3,2,51.3,5,51.4,7,2,2022-06-27 09:08:10
1656320891236490000,51.4,5,51.3,3,51.4,2,1,2022-06-27 09:08:11
1656320891886993000,51.3,3,51.3,3,51.4,2,2,2022-06-27 09:08:11
1656320893319962000,51.3,5,51.2,29,51.3,2,1,2022-06-27 09:08:13
1656320893962249000,51.3,1,51.2,29,51.3,2,1,2022-06-27 09:08:13
1656320894219921000,51.3,1,51.2,29,51.3,1,1,2022-06-27 09:08:14
1656320894432632000,51.3,1,51.2,29,51.4,9,1,2022-06-27 09:08:14
1656320894735859000,51.2,1,51.2,28,51.4,9,2,2022-06-27 09:08:14
1656320895049005000,51.3,1,51.2,28,51.4,6,1,2022-06-27 09:08:15
1656320895049005000,51.4,3,51.2,28,51.4,6,1,2022-06-27 09:08:15
1656320895594009000,51.2,1,51.2,27,51.4,6,2,2022-06-27 09:08:15
1656320895641924000,51.2,1,51.2,28,51.4,6,2,2022-06-27 09:08:15
1656320896508756000,51.2,1,51.2,25,51.4,7,2,2022-06-27 09:08:16
1656320896821681000,51.3,1,51.2,25,51.4,7,2,2022-06-27 09:08:16
1656320898296290000,51.4,1,51.2,25,51.4,6,1,2022-06-27 09:08:18
1656320898651512000,51.2,1,51.2,24,51.4,6,2,2022-06-27 09:08:18
1656320899093942000,51.2,1,51.2,23,51.4,6,2,2022-06-27 09:08:19
1656320899450259000,51.2,1,51.2,22,51.4,7,2,2022-06-27 09:08:19
1656320899968569000,51.2,1,51.2,21,51.4,6,2,2022-06-27 09:08:19
1656320901118265000,51.4,6,51.4,6,51.5,27,1,2022-06-27 09:08:21
1656320901175212000,51.4,3,51.4,3,51.5,27,2,2022-06-27 09:08:21
1656320901363256000,51.5,2,51.4,3,51.5,25,1,2022-06-27 09:08:21
1656320901724418000,51.4,2,51.4,1,51.5,25,2,2022-06-27 09:08:21
1656320901772562000,51.4,1,51.3,51,51.5,25,2,2022-06-27 09:08:21
1656320901773588000,51.3,1,51.3,50,51.5,25,2,2022-06-27 09:08:21
1656320902044451000,51.3,4,51.3,46,51.5,25,2,2022-06-27 09:08:22
1656320902549117000,51.4,1,51.4,1,51.5,25,2,2022-06-27 09:08:22
1656320903351880000,51.4,2,51.3,46,51.5,25,2,2022-06-27 09:08:23
1656320906191169000,51.4,1,51.3,49,51.5,25,2,2022-06-27 09:08:26
1656320906764667000,51.3,1,51.3,48,51.4,1,2,2022-06-27 09:08:26
1656320908194737000,51.3,1,51.3,48,51.4,14,2,2022-06-27 09:08:28
1656320908283037000,51.3,5,51.3,43,51.4,14,2,2022-06-27 09:08:28
1656320909236489000,51.4,1,51.3,43,51.4,24,1,2022-06-27 09:08:29
1656320910212137000,51.3,5,51.3,38,51.4,26,2,2022-06-27 09:08:30
1656320911592904000,51.4,2,51.3,38,51.4,26,1,2022-06-27 09:08:31
1656320911674685000,51.3,38,51.2,27,51.3,12,2,2022-06-27 09:08:31
1656320912871041000,51.2,1,51.2,24,51.3,14,2,2022-06-27 09:08:32
1656320912968659000,51.2,2,51.2,24,51.3,14,2,2022-06-27 09:08:32
1656320914007443000,51.3,3,51.2,22,51.3,14,1,2022-06-27 09:08:34
1656320914648439000,51.2,3,51.2,19,51.3,9,2,2022-06-27 09:08:34
1656320915655417000,51.2,5,51.2,14,51.3,9,2,2022-06-27 09:08:35
1656320916628889000,51.3,1,51.2,14,51.3,8,1,2022-06-27 09:08:36
1656320919002990000,51.3,12,51.2,14,51.3,7,1,2022-06-27 09:08:39
1656320919114414000,51.3,1,51.2,14,51.3,7,1,2022-06-27 09:08:39
1656320919135793000,51.3,4,51.2,14,51.3,2,1,2022-06-27 09:08:39
1656320919378124000,51.2,4,51.2,10,51.3,2,2,2022-06-27 09:08:39
1656320922435710000,51.2,1,51.2,15,51.3,8,2,2022-06-27 09:08:42
1656320923670189000,51.3,1,51.2,15,51.3,10,1,2022-06-27 09:08:43
1656320924113788000,51.2,10,51.2,16,51.3,12,2,2022-06-27 09:08:44
1656320924899979000,51.3,1,51.2,6,51.3,11,1,2022-06-27 09:08:44
1656320925661583000,51.2,2,51.2,6,51.3,11,2,2022-06-27 09:08:45
1656320925812579000,51.2,1,51.2,5,51.3,11,2,2022-06-27 09:08:45
1656320926576616000,51.2,1,51.2,4,51.3,11,2,2022-06-27 09:08:46
1656320927165787000,51.2,1,51.2,4,51.3,11,2,2022-06-27 09:08:47
1656320927762542000,51.2,1,51.2,3,51.3,11,2,2022-06-27 09:08:47
1656320928562549000,51.3,2,51.2,3,51.3,12,1,2022-06-27 09:08:48
1656320930429260000,51.2,2,51.2,4,51.3,14,2,2022-06-27 09:08:50
1656320931667039000,51.3,1,51.2,9,51.3,14,1,2022-06-27 09:08:51
1656320932086895000,51.2,1,51.2,9,51.3,14,2,2022-06-27 09:08:52
1656320932924099000,51.2,8,51.1,34,51.2,2,2,2022-06-27 09:08:52
1656320932941979000,51.2,2,51.1,33,51.3,14,1,2022-06-27 09:08:52
1656320933050294000,51.3,1,51.1,33,51.2,2,1,2022-06-27 09:08:53
1656320934574216000,51.1,11,51.1,22,51.2,5,2,2022-06-27 09:08:54
1656320936089017000,51.2,1,51.1,22,51.2,4,1,2022-06-27 09:08:56
1656320938599101000,51.1,2,51.1,22,51.2,17,2,2022-06-27 09:08:58
1656320939327591000,51.2,2,51.1,22,51.2,15,1,2022-06-27 09:08:59
1656320939373286000,51.1,1,51.1,21,51.2,15,2,2022-06-27 09:08:59
1656320940001370000,51.1,3,51.1,18,51.2,16,2,2022-06-27 09:09:00
1656320941425890000,51.1,2,51.1,16,51.2,19,2,2022-06-27 09:09:01
1656320941443777000,51.2,1,51.1,16,51.2,18,1,2022-06-27 09:09:01
1656320942035257000,51.1,5,51.1,11,51.2,18,2,2022-06-27 09:09:02
1656320942425918000,51.1,1,51.1,10,51.2,18,2,2022-06-27 09:09:02
1656320942898422000,51.1,1,51.1,9,51.2,18,2,2022-06-27 09:09:02
1656320942916268000,51.1,1,51.1,8,51.2,18,2,2022-06-27 09:09:02
1656320943319312000,51.1,1,51.1,7,51.2,18,2,2022-06-27 09:09:03
1656320943338609000,51.2,1,51.1,7,51.2,17,1,2022-06-27 09:09:03
1656320943360279000,51.1,7,51.1,1,51.2,17,2,2022-06-27 09:09:03
1656320943463518000,51.1,1,51.0,151,51.2,20,2,2022-06-27 09:09:03
1656320943463518000,51.0,1,51.0,151,51.2,20,2,2022-06-27 09:09:03
1656320943686715000,51.0,4,51.0,147,51.2,21,2,2022-06-27 09:09:03
1656320943974252000,51.1,1,51.0,147,51.2,21,1,2022-06-27 09:09:03
1656320944575606000,51.2,2,51.0,151,51.2,22,1,2022-06-27 09:09:04
1656320945194273000,51.1,1,51.0,151,51.2,20,1,2022-06-27 09:09:05
1656320945521211000,51.0,1,51.0,151,51.1,2,2,2022-06-27 09:09:05
1656320948130267000,51.1,1,51.0,150,51.1,3,1,2022-06-27 09:09:08
1656320950026674000,51.1,1,51.0,154,51.1,12,1,2022-06-27 09:09:10
1656320953781207000,51.1,2,51.0,159,51.1,19,1,2022-06-27 09:09:13
1656320954167838000,51.1,2,51.0,159,51.1,15,1,2022-06-27 09:09:14
1656320954659057000,51.1,1,51.0,159,51.1,14,1,2022-06-27 09:09:14
1656320954861583000,51.1,1,51.0,159,51.1,14,1,2022-06-27 09:09:14
1656320955894744000,51.0,3,51.0,156,51.1,16,2,2022-06-27 09:09:15
1656320955928697000,51.0,5,51.0,151,51.1,16,2,2022-06-27 09:09:15
1656320956130881000,51.1,2,51.0,151,51.1,14,1,2022-06-27 09:09:16
1656320956404826000,51.1,1,51.0,151,51.1,14,1,2022-06-27 09:09:16
1656320957827634000,51.0,2,51.0,150,51.1,14,2,2022-06-27 09:09:17
1656320958547754000,51.1,1,51.0,156,51.1,14,1,2022-06-27 09:09:18
1656320959172173000,51.1,5,51.0,156,51.1,8,1,2022-06-27 09:09:19
1656320959205123000,51.1,8,51.0,156,51.2,17,1,2022-06-27 09:09:19
1656320964452962000,51.1,2,51.0,159,51.1,8,2,2022-06-27 09:09:24
1656320965754293000,51.1,1,51.0,160,51.1,18,1,2022-06-27 09:09:25
1656320966348029000,51.1,1,51.0,161,51.1,18,1,2022-06-27 09:09:26
1656320966923956000,51.1,1,51.0,161,51.1,17,1,2022-06-27 09:09:26
1656320967182096000,51.1,1,51.0,161,51.1,16,1,2022-06-27 09:09:27
1656320967449715000,51.1,1,51.0,161,51.1,15,1,2022-06-27 09:09:27
1656320968514908000,51.1,1,51.0,163,51.1,18,1,2022-06-27 09:09:28
1656320968573379000,51.0,1,51.0,162,51.1,18,2,2022-06-27 09:09:28
1656320968576090000,51.1,10,51.0,162,51.1,8,1,2022-06-27 09:09:28
1656320969447286000,51.1,2,51.0,163,51.1,7,1,2022-06-27 09:09:29
1656320969732017000,51.0,1,51.0,162,51.1,7,2,2022-06-27 09:09:29
1656320970787504000,51.1,2,51.0,162,51.1,21,1,2022-06-27 09:09:30
1656320973116137000,51.1,1,51.0,165,51.1,20,1,2022-06-27 09:09:33
1656320973331074000,51.0,1,51.0,164,51.1,20,2,2022-06-27 09:09:33
1656320974626672000,51.0,3,51.0,161,51.1,22,2,2022-06-27 09:09:34
1656320975409303000,51.1,1,51.0,161,51.1,21,1,2022-06-27 09:09:35
1656320981205091000,51.0,16,51.0,148,51.1,22,2,2022-06-27 09:09:41
1656320981649045000,51.1,5,51.0,149,51.1,17,1,2022-06-27 09:09:41
1656320982100723000,51.1,2,51.0,149,51.1,17,1,2022-06-27 09:09:42
1656320982983800000,51.0,5,51.0,144,51.1,16,2,2022-06-27 09:09:42
1656320984122408000,51.1,1,51.0,144,51.1,15,1,2022-06-27 09:09:44
1656320985196929000,51.0,5,51.0,139,51.1,16,2,2022-06-27 09:09:45
1656320985494681000,51.1,1,51.0,139,51.1,15,1,2022-06-27 09:09:45
1656320986079066000,51.1,1,51.0,139,51.1,15,1,2022-06-27 09:09:46
1656320987604850000,51.0,1,51.0,142,51.1,15,2,2022-06-27 09:09:47
1656320987618316000,51.1,10,51.0,141,51.1,5,1,2022-06-27 09:09:47
1656320988934022000,51.0,1,51.0,142,51.1,11,2,2022-06-27 09:09:48
1656320989157833000,51.1,1,51.0,141,51.1,10,1,2022-06-27 09:09:49
1656320989610796000,51.1,5,51.0,141,51.1,5,1,2022-06-27 09:09:49
1656320990897985000,51.0,1,51.0,143,51.1,55,2,2022-06-27 09:09:50
1656320993171909000,51.0,1,51.0,142,51.1,58,2,2022-06-27 09:09:53
1656320993943533000,51.0,2,51.0,142,51.1,58,2,2022-06-27 09:09:53
1656320993954499000,51.1,1,51.0,142,51.1,57,1,2022-06-27 09:09:53
1656320994129631000,51.1,2,51.0,143,51.1,55,1,2022-06-27 09:09:54
1656320994624119000,51.1,6,51.0,144,51.1,49,1,2022-06-27 09:09:54
1656320996156229000,51.0,1,51.0,144,51.1,49,2,2022-06-27 09:09:56
1656320997556294000,51.0,4,51.0,144,51.1,49,2,2022-06-27 09:09:57
1656320998254945000,51.0,1,51.0,138,51.1,49,2,2022-06-27 09:09:58
1656320999657898000,51.1,1,51.0,216,51.1,49,1,2022-06-27 09:09:59
1656321000830838000,51.0,1,51.0,217,51.1,50,2,2022-06-27 09:10:00
1656321001545930000,51.0,1,51.0,216,51.1,50,2,2022-06-27 09:10:01
1656321003646131000,51.0,3,51.0,214,51.1,51,2,2022-06-27 09:10:03
1656321003701021000,51.1,1,51.0,214,51.1,50,1,2022-06-27 09:10:03
1656321003874709000,51.0,20,51.0,194,51.1,50,2,2022-06-27 09:10:03
1656321005495557000,51.1,10,51.0,195,51.1,40,1,2022-06-27 09:10:05
1656321005966554000,51.1,2,51.0,195,51.1,41,1,2022-06-27 09:10:05
1656321006605088000,51.1,10,51.0,195,51.1,31,1,2022-06-27 09:10:06
1656321007204396000,51.0,1,51.0,195,51.1,31,2,2022-06-27 09:10:07
1656321007239501000,51.0,15,51.0,180,51.1,31,2,2022-06-27 09:10:07
1656321007635696000,51.1,1,51.0,180,51.1,30,1,2022-06-27 09:10:07
1656321008056247000,51.1,1,51.0,180,51.1,29,1,2022-06-27 09:10:08
1656321008731260000,51.1,1,51.0,180,51.1,28,1,2022-06-27 09:10:08
1656321008747318000,51.1,1,51.0,180,51.1,27,1,2022-06-27 09:10:08
1656321009712321000,51.1,5,51.0,180,51.1,22,1,2022-06-27 09:10:09
1656321009754334000,51.1,2,51.0,180,51.1,20,1,2022-06-27 09:10:09
1656321009886097000,51.1,1,51.0,180,51.1,19,1,2022-06-27 09:10:09
1656321010017575000,51.1,1,51.0,180,51.1,18,1,2022-06-27 09:10:10
1656321010632958000,51.1,1,51.0,190,51.1,19,1,2022-06-27 09:10:10
1656321010817104000,51.1,2,51.0,190,51.1,16,1,2022-06-27 09:10:10
1656321011218100000,51.1,5,51.0,190,51.1,11,1,2022-06-27 09:10:11
1656321011247587000,51.1,4,51.0,190,51.1,7,1,2022-06-27 09:10:11
1656321011298029000,51.0,3,51.0,187,51.1,7,2,2022-06-27 09:10:11
1656321011806136000,51.0,1,51.0,186,51.1,7,2,2022-06-27 09:10:11
1656321012040595000,51.1,5,51.0,186,51.1,2,1,2022-06-27 09:10:12
1656321012102436000,51.1,1,51.0,186,51.1,1,1,2022-06-27 09:10:12
1656321012127247000,51.1,1,51.1,1,51.2,26,1,2022-06-27 09:10:12
1656321012500564000,51.2,2,51.1,1,51.2,24,1,2022-06-27 09:10:12
1656321012932161000,51.1,1,51.1,5,51.2,24,2,2022-06-27 09:10:12
1656321013209196000,51.1,1,51.1,4,51.2,24,2,2022-06-27 09:10:13
1656321013704169000,51.1,6,51.1,10,51.2,24,2,2022-06-27 09:10:13
1656321014039798000,51.2,1,51.1,6,51.2,23,1,2022-06-27 09:10:14
1656321014266446000,51.1,2,51.1,4,51.2,23,2,2022-06-27 09:10:14
1656321015160579000,51.2,1,51.1,6,51.2,22,1,2022-06-27 09:10:15
1656321016607061000,51.2,2,51.1,12,51.2,22,1,2022-06-27 09:10:16
1656321021992810000,51.1,3,51.1,13,51.2,22,2,2022-06-27 09:10:21
1656321022032969000,51.1,1,51.1,12,51.2,22,2,2022-06-27 09:10:22
1656321023773451000,51.1,5,51.1,8,51.2,22,2,2022-06-27 09:10:23
1656321023804574000,51.1,8,51.0,192,51.2,22,2,2022-06-27 09:10:23
1656321024083728000,51.2,1,51.1,2,51.2,21,1,2022-06-27 09:10:24
1656321025184217000,51.2,2,51.1,3,51.2,5,1,2022-06-27 09:10:25
1656321025224421000,51.2,1,51.1,3,51.2,4,1,2022-06-27 09:10:25
1656321026427253000,51.2,1,51.1,6,51.2,4,1,2022-06-27 09:10:26
1656321026607204000,51.2,1,51.1,6,51.2,3,1,2022-06-27 09:10:26
1656321027108600000,51.1,1,51.1,5,51.2,3,2,2022-06-27 09:10:27
1656321027406968000,51.2,3,51.1,5,51.3,10,1,2022-06-27 09:10:27
1656321027406968000,51.3,2,51.1,5,51.3,10,1,2022-06-27 09:10:27
1656321027782530000,51.3,1,51.1,6,51.3,9,1,2022-06-27 09:10:27
1656321028616241000,51.1,1,51.1,8,51.2,5,2,2022-06-27 09:10:28
1656321029634570000,51.1,8,51.0,195,51.1,42,2,2022-06-27 09:10:29
1656321030390297000,51.1,3,51.0,195,51.1,44,1,2022-06-27 09:10:30
1656321031521557000,51.1,1,51.0,195,51.1,40,1,2022-06-27 09:10:31
1656321033656826000,51.1,1,51.0,195,51.1,39,1,2022-06-27 09:10:33
1656321033885162000,51.1,1,51.0,195,51.1,38,1,2022-06-27 09:10:33
1656321038803502000,51.0,10,51.0,187,51.1,40,2,2022-06-27 09:10:38
1656321038881092000,51.0,4,51.0,183,51.1,40,2,2022-06-27 09:10:38
1656321038881108000,51.0,6,51.0,177,51.1,40,2,2022-06-27 09:10:38
1656321038911703000,51.0,177,50.9,7,51.1,40,2,2022-06-27 09:10:38
1656321038932153000,50.9,7,50.8,26,51.0,7,2,2022-06-27 09:10:38
1656321039173845000,50.8,1,50.8,25,51.0,4,2,2022-06-27 09:10:39
1656321039184703000,50.8,2,50.8,23,51.0,4,2,2022-06-27 09:10:39
1656321039186605000,50.8,1,50.8,22,51.0,4,2,2022-06-27 09:10:39
1656321039207261000,50.8,4,50.8,22,51.0,4,2,2022-06-27 09:10:39
1656321039435330000,50.8,5,50.8,13,51.0,4,2,2022-06-27 09:10:39
1656321039471657000,50.8,13,50.7,16,51.0,4,2,2022-06-27 09:10:39
1656321041286294000,50.8,1,50.7,16,50.8,14,1,2022-06-27 09:10:41
1656321041620681000,50.7,6,50.7,10,50.8,14,2,2022-06-27 09:10:41
1656321041731604000,50.8,1,50.7,10,50.8,14,1,2022-06-27 09:10:41
1656321041996685000,50.7,1,50.7,9,50.8,13,2,2022-06-27 09:10:41
1656321042305855000,50.8,1,50.7,9,50.8,12,1,2022-06-27 09:10:42
1656321042560673000,50.7,5,50.7,4,50.8,2,2,2022-06-27 09:10:42
1656321043192989000,50.7,4,50.6,36,50.7,6,2,2022-06-27 09:10:43
1656321048798352000,50.6,10,50.6,25,50.7,6,2,2022-06-27 09:10:48
1656321049427031000,50.6,1,50.6,25,50.7,7,2,2022-06-27 09:10:49
1656321049835436000,50.6,2,50.6,22,50.7,7,2,2022-06-27 09:10:49
1656321049856831000,50.7,1,50.6,22,50.7,6,1,2022-06-27 09:10:49
1656321050463294000,50.6,10,50.6,12,50.7,9,2,2022-06-27 09:10:50
1656321050987116000,50.6,5,50.6,17,50.7,10,2,2022-06-27 09:10:50
1656321051446904000,50.7,1,50.6,17,50.7,9,1,2022-06-27 09:10:51
1656321051584698000,50.6,1,50.6,16,50.7,9,2,2022-06-27 09:10:51
1656321051629963000,50.6,1,50.6,15,50.7,9,2,2022-06-27 09:10:51
1656321051743913000,50.6,1,50.6,14,50.7,9,2,2022-06-27 09:10:51
1656321051899416000,50.6,2,50.6,12,50.7,10,2,2022-06-27 09:10:51
1656321051938977000,50.6,1,50.6,11,50.7,10,2,2022-06-27 09:10:51
1656321052001486000,50.6,3,50.6,8,50.7,10,2,2022-06-27 09:10:52
1656321052086817000,50.6,2,50.6,9,50.7,11,2,2022-06-27 09:10:52
1656321052455739000,50.6,1,50.6,6,50.7,11,2,2022-06-27 09:10:52
1656321052521204000,50.6,5,50.6,1,50.7,11,2,2022-06-27 09:10:52
1656321052639478000,50.6,1,50.5,25,50.6,1,2,2022-06-27 09:10:52
1656321052681276000,50.6,1,50.5,25,50.7,11,1,2022-06-27 09:10:52
1656321053197883000,50.6,3,50.6,1,50.7,11,1,2022-06-27 09:10:53
1656321053425269000,50.7,1,50.6,1,50.7,10,1,2022-06-27 09:10:53
1656321053434243000,50.6,1,50.5,26,50.7,10,2,2022-06-27 09:10:53
1656321053516522000,50.5,11,50.5,15,50.7,10,2,2022-06-27 09:10:53
1656321053529192000,50.5,13,50.5,2,50.7,10,2,2022-06-27 09:10:53
1656321053557914000,50.5,1,50.4,50,50.6,3,2,2022-06-27 09:10:53
1656321054689049000,50.6,2,50.5,5,50.6,1,1,2022-06-27 09:10:54
1656321055112039000,50.5,2,50.5,5,50.6,1,2,2022-06-27 09:10:55
1656321055213786000,50.6,1,50.5,5,50.7,24,1,2022-06-27 09:10:55
1656321055440992000,50.7,1,50.5,5,50.7,23,1,2022-06-27 09:10:55
1656321055714593000,50.6,1,50.5,5,50.7,23,2,2022-06-27 09:10:55
1656321055994804000,50.5,1,50.5,5,50.7,23,2,2022-06-27 09:10:55
1656321056327173000,50.6,1,50.5,6,50.6,1,1,2022-06-27 09:10:56
1656321056380132000,50.5,4,50.5,2,50.6,1,2,2022-06-27 09:10:56
1656321056971411000,50.5,5,50.4,51,50.5,5,2,2022-06-27 09:10:56
1656321057129237000,50.5,1,50.4,50,50.5,5,1,2022-06-27 09:10:57
1656321057292046000,50.5,1,50.4,50,50.5,3,1,2022-06-27 09:10:57
1656321057749224000,50.5,3,50.4,50,50.6,2,1,2022-06-27 09:10:57
1656321058064634000,50.6,1,50.4,50,50.6,1,1,2022-06-27 09:10:58
1656321058794402000,50.5,1,50.5,2,50.6,2,2,2022-06-27 09:10:58
1656321059498209000,50.6,2,50.5,3,50.7,20,1,2022-06-27 09:10:59
1656321060656992000,50.6,1,50.5,12,50.7,20,2,2022-06-27 09:11:00
1656321060656992000,50.5,4,50.5,12,50.7,20,2,2022-06-27 09:11:00
1656321060766141000,50.5,1,50.6,1,50.7,20,2,2022-06-27 09:11:00
1656321061171261000,50.5,1,50.5,11,50.7,20,2,2022-06-27 09:11:01
1656321061515733000,50.5,1,50.5,9,50.6,1,2,2022-06-27 09:11:01
1656321061735642000,50.5,1,50.5,8,50.6,1,2,2022-06-27 09:11:01
1656321062963851000,50.5,1,50.5,23,50.6,2,2,2022-06-27 09:11:02
1656321063062962000,50.5,1,50.5,22,50.6,2,2,2022-06-27 09:11:03
1656321063187619000,50.5,1,50.5,23,50.6,2,2,2022-06-27 09:11:03
1656321063322229000,50.6,1,50.5,21,50.6,1,1,2022-06-27 09:11:03
1656321064424671000,50.6,1,50.5,22,50.6,5,1,2022-06-27 09:11:04
1656321064520969000,50.5,1,50.5,22,50.6,6,2,2022-06-27 09:11:04
1656321066193360000,50.6,5,50.5,22,50.6,3,1,2022-06-27 09:11:06
1656321067107882000,50.6,1,50.5,22,50.6,2,1,2022-06-27 09:11:07
1656321067837471000,50.6,2,50.5,25,50.7,15,1,2022-06-27 09:11:07
1656321069122136000,50.6,3,50.5,28,50.7,14,1,2022-06-27 09:11:09
1656321069148763000,50.7,1,50.5,28,50.6,3,1,2022-06-27 09:11:09
1656321070246563000,50.6,1,50.5,15,50.7,13,2,2022-06-27 09:11:10
1656321070246563000,50.5,16,50.5,15,50.7,13,2,2022-06-27 09:11:10
1656321070355468000,50.5,1,50.5,13,50.7,13,2,2022-06-27 09:11:10
1656321070906587000,50.7,1,50.6,13,50.7,12,1,2022-06-27 09:11:10
1656321073598393000,50.7,1,50.6,13,50.7,12,1,2022-06-27 09:11:13
1656321073656007000,50.7,1,50.6,13,50.7,11,1,2022-06-27 09:11:13
1656321074119202000,50.7,3,50.6,13,50.7,11,1,2022-06-27 09:11:14
1656321074847720000,50.7,1,50.6,13,50.7,7,1,2022-06-27 09:11:14
1656321074944980000,50.6,1,50.6,12,50.7,7,2,2022-06-27 09:11:14
1656321075066699000,50.7,1,50.6,12,50.7,6,1,2022-06-27 09:11:15
1656321076013680000,50.7,1,50.6,12,50.7,5,1,2022-06-27 09:11:16
1656321076168969000,50.6,10,50.6,2,50.7,5,2,2022-06-27 09:11:16
1656321077360968000,50.7,1,50.6,2,50.7,6,1,2022-06-27 09:11:17
1656321078743778000,50.6,2,50.5,21,50.7,8,2,2022-06-27 09:11:18
1656321079466651000,50.6,1,50.5,19,50.7,8,1,2022-06-27 09:11:19
1656321080297312000,50.6,1,50.5,19,50.6,1,1,2022-06-27 09:11:20
1656321080692812000,50.5,1,50.5,18,50.6,4,2,2022-06-27 09:11:20
1656321081441103000,50.6,1,50.5,18,50.6,10,1,2022-06-27 09:11:21
1656321081949207000,50.6,1,50.5,18,50.6,8,1,2022-06-27 09:11:21
1656321082539726000,50.6,8,50.6,2,50.7,8,1,2022-06-27 09:11:22
1656321082926477000,50.6,1,50.6,1,50.7,8,2,2022-06-27 09:11:22
1656321083048615000,50.6,1,50.5,71,50.7,8,2,2022-06-27 09:11:23
1656321084007521000,50.5,2,50.5,69,50.7,8,2,2022-06-27 09:11:24
1656321084349590000,50.7,1,50.5,68,50.7,10,1,2022-06-27 09:11:24
1656321085220354000,50.5,1,50.5,67,50.6,1,2,2022-06-27 09:11:25
1656321085255633000,50.5,1,50.5,68,50.6,1,2,2022-06-27 09:11:25
1656321086055795000,50.6,1,50.6,1,50.7,10,1,2022-06-27 09:11:26
1656321086361304000,50.6,1,50.5,67,50.6,19,2,2022-06-27 09:11:26
1656321087277357000,50.6,1,50.5,67,50.6,22,1,2022-06-27 09:11:27
1656321089861243000,50.6,3,50.5,72,50.6,23,1,2022-06-27 09:11:29
1656321090642068000,50.6,1,50.5,72,50.6,23,1,2022-06-27 09:11:30
1656321091026168000,50.5,3,50.5,69,50.6,23,2,2022-06-27 09:11:31
1656321091121571000,50.5,5,50.5,69,50.6,24,2,2022-06-27 09:11:31
1656321091371723000,50.6,1,50.5,64,50.6,23,1,2022-06-27 09:11:31
1656321091928156000,50.5,1,50.5,65,50.6,23,2,2022-06-27 09:11:31
1656321092725153000,50.5,1,50.5,78,50.6,26,2,2022-06-27 09:11:32
1656321092820999000,50.5,1,50.5,76,50.6,26,2,2022-06-27 09:11:32
1656321094764647000,50.5,1,50.5,79,50.6,27,2,2022-06-27 09:11:34
1656321094837091000,50.6,20,50.5,79,50.6,7,1,2022-06-27 09:11:34
1656321096738631000,50.5,1,50.5,75,50.6,12,2,2022-06-27 09:11:36
1656321096818668000,50.6,2,50.5,75,50.6,12,1,2022-06-27 09:11:36
1656321096899748000,50.6,2,50.5,75,50.6,8,1,2022-06-27 09:11:36
1656321097314781000,50.5,60,50.5,76,50.6,8,2,2022-06-27 09:11:37
1656321098362224000,50.5,1,50.5,15,50.6,11,2,2022-06-27 09:11:38
1656321098391161000,50.6,1,50.5,15,50.6,10,1,2022-06-27 09:11:38
1656321098820650000,50.6,1,50.5,16,50.6,9,1,2022-06-27 09:11:38
1656321098947549000,50.6,5,50.5,16,50.6,4,1,2022-06-27 09:11:38
1656321099280449000,50.5,1,50.5,16,50.6,4,2,2022-06-27 09:11:39
1656321099940320000,50.5,5,50.5,10,50.6,4,2,2022-06-27 09:11:39
1656321100993522000,50.5,1,50.5,9,50.6,27,2,2022-06-27 09:11:40
1656321100995217000,50.5,4,50.5,5,50.6,27,2,2022-06-27 09:11:40
1656321101032572000,50.5,3,50.5,2,50.6,27,2,2022-06-27 09:11:41
1656321101649456000,50.5,1,50.5,1,50.6,28,2,2022-06-27 09:11:41
1656321101836446000,50.5,1,50.4,58,50.5,2,2,2022-06-27 09:11:41
1656321102702285000,50.5,1,50.4,59,50.5,7,1,2022-06-27 09:11:42
1656321103425993000,50.5,1,50.4,60,50.5,7,1,2022-06-27 09:11:43
1656321103909566000,50.5,3,50.4,60,50.5,4,1,2022-06-27 09:11:43
1656321105183601000,50.4,2,50.4,58,50.5,4,2,2022-06-27 09:11:45
1656321105237823000,50.5,1,50.4,58,50.5,3,1,2022-06-27 09:11:45
1656321105390434000,50.5,1,50.4,58,50.5,2,1,2022-06-27 09:11:45
1656321105806226000,50.5,2,50.4,59,50.5,6,1,2022-06-27 09:11:45
1656321105830720000,50.5,1,50.4,59,50.5,3,1,2022-06-27 09:11:45
1656321105990165000,50.4,1,50.4,58,50.5,6,2,2022-06-27 09:11:45
1656321106523656000,50.4,1,50.4,57,50.5,6,2,2022-06-27 09:11:46
1656321107745850000,50.4,1,50.4,56,50.5,7,2,2022-06-27 09:11:47
1656321109203852000,50.5,1,50.4,61,50.5,6,1,2022-06-27 09:11:49
1656321110504996000,50.4,1,50.4,60,50.5,8,2,2022-06-27 09:11:50
1656321110890281000,50.5,1,50.4,60,50.5,7,1,2022-06-27 09:11:50
1656321112395296000,50.5,1,50.4,61,50.5,8,1,2022-06-27 09:11:52
1656321112508890000,50.4,1,50.4,60,50.5,8,2,2022-06-27 09:11:52
1656321112599163000,50.5,1,50.4,60,50.5,7,1,2022-06-27 09:11:52
1656321114038688000,50.5,4,50.4,60,50.5,9,1,2022-06-27 09:11:54
1656321114222861000,50.5,3,50.4,60,50.5,9,1,2022-06-27 09:11:54
1656321114963692000,50.5,2,50.4,60,50.5,26,1,2022-06-27 09:11:54
1656321114964892000,50.4,2,50.4,58,50.5,26,2,2022-06-27 09:11:54
1656321116591961000,50.5,1,50.4,58,50.5,26,1,2022-06-27 09:11:56
1656321116878661000,50.4,1,50.4,57,50.5,26,2,2022-06-27 09:11:56
1656321116951851000,50.5,1,50.4,57,50.5,25,1,2022-06-27 09:11:56
1656321118704406000,50.5,2,50.4,57,50.5,26,1,2022-06-27 09:11:58
1656321119412594000,50.5,1,50.4,57,50.5,25,1,2022-06-27 09:11:59
1656321119999046000,50.4,2,50.4,55,50.5,25,2,2022-06-27 09:11:59
1656321121146776000,50.4,2,50.4,64,50.5,31,2,2022-06-27 09:12:01
1656321121443140000,50.4,1,50.4,63,50.5,33,2,2022-06-27 09:12:01
1656321122506127000,50.5,3,50.4,64,50.5,31,1,2022-06-27 09:12:02
1656321122789560000,50.4,1,50.4,65,50.5,31,2,2022-06-27 09:12:02
1656321123228394000,50.4,1,50.4,73,50.5,32,2,2022-06-27 09:12:03
1656321124686312000,50.5,1,50.4,79,50.5,52,1,2022-06-27 09:12:04
1656321126338212000,50.4,1,50.4,79,50.5,62,2,2022-06-27 09:12:06
1656321126412252000,50.5,1,50.4,78,50.5,61,1,2022-06-27 09:12:06
1656321127846135000,50.5,10,50.4,79,50.5,53,1,2022-06-27 09:12:07
1656321127923719000,50.4,1,50.4,78,50.5,53,2,2022-06-27 09:12:07
1656321130392067000,50.5,1,50.4,78,50.5,55,1,2022-06-27 09:12:10
1656321132707553000,50.4,3,50.4,79,50.5,63,2,2022-06-27 09:12:12
1656321132736990000,50.4,1,50.4,78,50.5,63,2,2022-06-27 09:12:12
1656321133026658000,50.4,2,50.4,76,50.5,63,2,2022-06-27 09:12:13
1656321133289144000,50.5,1,50.4,76,50.5,62,1,2022-06-27 09:12:13
1656321133925470000,50.5,1,50.4,76,50.5,61,1,2022-06-27 09:12:13
1656321134405335000,50.5,1,50.4,76,50.5,60,1,2022-06-27 09:12:14
1656321134436548000,50.4,1,50.4,75,50.5,60,2,2022-06-27 09:12:14
1656321135323577000,50.5,5,50.4,75,50.5,55,1,2022-06-27 09:12:15
1656321135485844000,50.5,1,50.4,75,50.5,54,1,2022-06-27 09:12:15
1656321136040485000,50.4,2,50.4,74,50.5,54,2,2022-06-27 09:12:16
1656321136957470000,50.4,1,50.4,73,50.5,54,2,2022-06-27 09:12:16
1656321137815936000,50.4,1,50.4,72,50.5,54,2,2022-06-27 09:12:17
1656321138235807000,50.4,1,50.4,72,50.5,54,2,2022-06-27 09:12:18
1656321138246799000,50.4,1,50.4,71,50.5,54,2,2022-06-27 09:12:18
1656321138868807000,50.5,10,50.4,71,50.5,44,1,2022-06-27 09:12:18
1656321139133314000,50.4,1,50.4,70,50.5,44,2,2022-06-27 09:12:19
1656321139174681000,50.5,2,50.4,70,50.5,42,1,2022-06-27 09:12:19
1656321139712238000,50.5,5,50.4,70,50.5,37,1,2022-06-27 09:12:19
1656321140437592000,50.5,1,50.4,70,50.5,40,1,2022-06-27 09:12:20
1656321140467545000,50.5,1,50.4,70,50.5,39,1,2022-06-27 09:12:20
1656321140570299000,50.5,2,50.4,70,50.5,37,1,2022-06-27 09:12:20
1656321140606270000,50.5,37,50.4,70,50.6,27,1,2022-06-27 09:12:20
1656321141249363000,50.5,1,50.4,70,50.6,27,2,2022-06-27 09:12:21
1656321141249363000,50.4,2,50.4,70,50.6,27,2,2022-06-27 09:12:21
1656321142996799000,50.5,2,50.5,13,50.6,27,2,2022-06-27 09:12:22
1656321144214295000,50.6,1,50.5,15,50.6,26,1,2022-06-27 09:12:24
1656321144335909000,50.5,5,50.5,11,50.6,26,2,2022-06-27 09:12:24
1656321144558848000,50.5,1,50.5,11,50.6,26,2,2022-06-27 09:12:24
1656321144589231000,50.5,1,50.5,10,50.6,26,2,2022-06-27 09:12:24
1656321145510025000,50.5,1,50.5,24,50.6,27,2,2022-06-27 09:12:25
1656321145601389000,50.5,1,50.5,23,50.6,27,2,2022-06-27 09:12:25
1656321146376411000,50.5,1,50.5,22,50.6,27,2,2022-06-27 09:12:26
1656321147257203000,50.6,1,50.5,23,50.6,26,1,2022-06-27 09:12:27
1656321148223772000,50.5,5,50.5,17,50.6,26,2,2022-06-27 09:12:28
1656321148276078000,50.5,15,50.5,2,50.6,26,2,2022-06-27 09:12:28
1656321148289053000,50.5,1,50.5,1,50.6,26,2,2022-06-27 09:12:28
1656321148305060000,50.5,1,50.4,71,50.6,26,2,2022-06-27 09:12:28
1656321148812106000,50.5,1,50.4,70,50.5,1,1,2022-06-27 09:12:28
1656321149695524000,50.5,5,50.4,70,50.6,21,1,2022-06-27 09:12:29
1656321149695524000,50.6,5,50.4,70,50.6,21,1,2022-06-27 09:12:29
1656321150480781000,50.4,1,50.4,70,50.5,1,2,2022-06-27 09:12:30
1656321153681411000,50.5,1,50.4,77,50.5,1,1,2022-06-27 09:12:33
1656321154235175000,50.5,1,50.4,79,50.5,31,1,2022-06-27 09:12:34
1656321155002881000,50.4,1,50.4,76,50.5,30,2,2022-06-27 09:12:35
1656321156316392000,50.5,1,50.4,77,50.5,29,1,2022-06-27 09:12:36
1656321156968123000,50.5,1,50.4,77,50.5,28,1,2022-06-27 09:12:36
1656321157659048000,50.4,1,50.4,77,50.5,28,2,2022-06-27 09:12:37
1656321158136083000,50.5,1,50.4,78,50.5,27,1,2022-06-27 09:12:38
1656321158699058000,50.5,1,50.4,79,50.5,27,1,2022-06-27 09:12:38
1656321160719176000,50.4,2,50.4,77,50.5,27,2,2022-06-27 09:12:40
1656321160724069000,50.5,10,50.4,77,50.5,17,1,2022-06-27 09:12:40
1656321161261032000,50.5,10,50.4,77,50.5,7,1,2022-06-27 09:12:41
1656321161281089000,50.4,1,50.4,76,50.5,7,2,2022-06-27 09:12:41
1656321161452782000,50.5,1,50.4,76,50.5,6,1,2022-06-27 09:12:41
1656321161639720000,50.4,10,50.4,66,50.5,6,2,2022-06-27 09:12:41
1656321161690722000,50.4,10,50.4,56,50.5,6,2,2022-06-27 09:12:41
1656321161867960000,50.5,1,50.4,56,50.5,5,1,2022-06-27 09:12:41
1656321163207938000,50.4,1,50.4,55,50.5,5,2,2022-06-27 09:12:43
1656321163715249000,50.4,2,50.4,55,50.5,9,2,2022-06-27 09:12:43
1656321164033144000,50.5,1,50.4,53,50.5,14,1,2022-06-27 09:12:44
1656321164602952000,50.5,2,50.4,53,50.5,12,1,2022-06-27 09:12:44
1656321166122439000,50.5,1,50.4,55,50.5,12,1,2022-06-27 09:12:46
1656321166760720000,50.5,1,50.4,56,50.5,12,1,2022-06-27 09:12:46
1656321168471240000,50.5,1,50.4,57,50.5,26,1,2022-06-27 09:12:48
1656321169837651000,50.5,1,50.4,57,50.5,34,1,2022-06-27 09:12:49
1656321170709734000,50.5,3,50.4,56,50.5,31,1,2022-06-27 09:12:50
1656321170744600000,50.4,1,50.4,55,50.5,31,2,2022-06-27 09:12:50
1656321171491019000,50.5,1,50.4,55,50.5,30,1,2022-06-27 09:12:51
1656321171746089000,50.5,10,50.4,55,50.5,20,1,2022-06-27 09:12:51
1656321171798192000,50.5,1,50.4,55,50.5,20,1,2022-06-27 09:12:51
1656321172402025000,50.5,2,50.4,55,50.5,17,1,2022-06-27 09:12:52
1656321172597115000,50.5,1,50.4,55,50.5,16,1,2022-06-27 09:12:52
1656321172695763000,50.4,5,50.4,50,50.5,16,2,2022-06-27 09:12:52
1656321172890868000,50.4,1,50.4,49,50.5,16,2,2022-06-27 09:12:52
1656321174377490000,50.4,1,50.4,48,50.5,16,2,2022-06-27 09:12:54
1656321174774286000,50.5,1,50.4,48,50.5,16,1,2022-06-27 09:12:54
1656321174912950000,50.4,6,50.4,42,50.5,16,2,2022-06-27 09:12:54
1656321175495585000,50.5,1,50.4,42,50.5,15,1,2022-06-27 09:12:55
1656321176898745000,50.4,10,50.4,32,50.5,17,2,2022-06-27 09:12:56
1656321177023552000,50.4,1,50.4,31,50.5,17,2,2022-06-27 09:12:57
1656321177060010000,50.4,1,50.4,30,50.5,17,2,2022-06-27 09:12:57
1656321178139569000,50.4,1,50.4,29,50.5,20,2,2022-06-27 09:12:58
1656321178180104000,50.4,2,50.4,27,50.5,20,2,2022-06-27 09:12:58
1656321178551634000,50.4,10,50.4,18,50.5,25,2,2022-06-27 09:12:58
1656321178583087000,50.4,3,50.4,15,50.5,25,2,2022-06-27 09:12:58
1656321178583104000,50.4,3,50.4,12,50.5,25,2,2022-06-27 09:12:58
1656321178616228000,50.4,4,50.4,8,50.5,25,2,2022-06-27 09:12:58
1656321178850235000,50.4,2,50.4,8,50.5,26,2,2022-06-27 09:12:58
1656321178879126000,50.4,6,50.3,103,50.5,26,2,2022-06-27 09:12:58
1656321179028989000,50.3,10,50.3,93,50.4,7,2,2022-06-27 09:12:59
1656321179669235000,50.3,3,50.3,88,50.4,18,2,2022-06-27 09:12:59
1656321180255012000,50.3,2,50.3,86,50.4,27,2,2022-06-27 09:13:00
1656321180322771000,50.3,1,50.3,85,50.4,27,2,2022-06-27 09:13:00
1656321180354448000,50.3,2,50.3,88,50.4,27,2,2022-06-27 09:13:00
1656321180647083000,50.3,2,50.3,81,50.4,27,2,2022-06-27 09:13:00
1656321180857649000,50.4,2,50.3,81,50.4,25,1,2022-06-27 09:13:00
1656321181207790000,50.3,1,50.3,80,50.4,25,2,2022-06-27 09:13:01
1656321182482508000,50.4,1,50.3,80,50.4,22,1,2022-06-27 09:13:02
1656321182774124000,50.4,10,50.3,81,50.4,12,1,2022-06-27 09:13:02
1656321183092256000,50.3,1,50.3,80,50.4,12,2,2022-06-27 09:13:03
1656321183404971000,50.3,1,50.3,79,50.4,12,2,2022-06-27 09:13:03
1656321184459643000,50.3,2,50.3,77,50.4,23,2,2022-06-27 09:13:04
1656321184742883000,50.4,10,50.3,77,50.4,13,1,2022-06-27 09:13:04
1656321185238771000,50.3,1,50.3,76,50.4,12,2,2022-06-27 09:13:05
1656321185343725000,50.3,2,50.3,74,50.4,12,2,2022-06-27 09:13:05
1656321185427237000,50.4,2,50.3,74,50.4,10,1,2022-06-27 09:13:05
1656321185909906000,50.4,1,50.3,74,50.4,10,1,2022-06-27 09:13:05
1656321187673912000,50.3,41,50.3,33,50.4,11,2,2022-06-27 09:13:07
1656321187704632000,50.3,33,50.2,44,50.4,12,2,2022-06-27 09:13:07
1656321189507034000,50.3,1,50.2,44,50.3,17,1,2022-06-27 09:13:09
1656321189616241000,50.3,1,50.2,44,50.3,15,1,2022-06-27 09:13:09
1656321190825346000,50.3,1,50.2,44,50.3,30,1,2022-06-27 09:13:10
1656321191652946000,50.3,2,50.2,44,50.3,28,1,2022-06-27 09:13:11
1656321191855239000,50.3,1,50.2,44,50.3,29,1,2022-06-27 09:13:11
1656321192538127000,50.2,1,50.2,43,50.3,28,2,2022-06-27 09:13:12
1656321192570668000,50.2,1,50.2,42,50.3,28,2,2022-06-27 09:13:12
1656321192806490000,50.2,1,50.2,41,50.3,28,2,2022-06-27 09:13:12
1656321193795488000,50.3,10,50.2,42,50.3,13,1,2022-06-27 09:13:13
1656321193797611000,50.2,4,50.2,38,50.3,13,2,2022-06-27 09:13:13
1656321194834906000,50.3,1,50.2,38,50.3,13,1,2022-06-27 09:13:14
1656321196233415000,50.2,1,50.2,37,50.3,14,2,2022-06-27 09:13:16
1656321196295196000,50.3,11,50.2,37,50.3,3,1,2022-06-27 09:13:16
1656321196507075000,50.3,1,50.2,37,50.3,2,1,2022-06-27 09:13:16
1656321197264763000,50.2,5,50.2,32,50.3,3,2,2022-06-27 09:13:17
1656321197359252000,50.2,2,50.2,30,50.3,3,2,2022-06-27 09:13:17
1656321199074782000,50.2,1,50.2,29,50.3,8,2,2022-06-27 09:13:19
1656321199103675000,50.2,1,50.2,28,50.3,8,2,2022-06-27 09:13:19
1656321200137869000,50.2,1,50.2,27,50.3,10,2,2022-06-27 09:13:20
1656321200202871000,50.2,3,50.2,24,50.3,10,2,2022-06-27 09:13:20
1656321200237137000,50.2,1,50.2,24,50.3,10,2,2022-06-27 09:13:20
1656321200837326000,50.2,5,50.2,18,50.3,10,2,2022-06-27 09:13:20
1656321200989013000,50.2,1,50.2,17,50.3,10,2,2022-06-27 09:13:20
1656321201222708000,50.2,3,50.2,14,50.3,10,2,2022-06-27 09:13:21
1656321201682552000,50.2,2,50.2,12,50.3,10,2,2022-06-27 09:13:21
1656321201691583000,50.2,1,50.2,11,50.3,10,2,2022-06-27 09:13:21
1656321201715439000,50.2,1,50.2,10,50.3,10,2,2022-06-27 09:13:21
1656321201750756000,50.2,2,50.2,8,50.3,10,2,2022-06-27 09:13:21
1656321201871886000,50.2,1,50.2,7,50.3,10,2,2022-06-27 09:13:21
1656321202406196000,50.2,1,50.2,8,50.3,11,2,2022-06-27 09:13:22
1656321202831988000,50.2,2,50.2,8,50.3,11,2,2022-06-27 09:13:22
1656321203303359000,50.2,1,50.2,5,50.3,12,2,2022-06-27 09:13:23
1656321203335613000,50.3,1,50.2,5,50.3,11,1,2022-06-27 09:13:23
1656321203522241000,50.3,1,50.2,5,50.3,10,1,2022-06-27 09:13:23
1656321203790765000,50.2,1,50.2,4,50.3,10,2,2022-06-27 09:13:23
1656321203933363000,50.2,1,50.2,3,50.3,10,2,2022-06-27 09:13:23
1656321203989821000,50.2,1,50.2,2,50.3,10,2,2022-06-27 09:13:23
1656321204027370000,50.2,1,50.2,1,50.3,10,2,2022-06-27 09:13:24
1656321204321545000,50.2,1,50.1,32,50.2,4,2,2022-06-27 09:13:24
1656321204824066000,50.2,4,50.1,32,50.3,4,1,2022-06-27 09:13:24
1656321204824066000,50.3,6,50.1,32,50.3,4,1,2022-06-27 09:13:24
1656321205390651000,50.2,1,50.1,36,50.2,3,1,2022-06-27 09:13:25
1656321205416948000,50.2,2,50.1,36,50.3,9,1,2022-06-27 09:13:25
1656321205451006000,50.1,1,50.1,35,50.3,9,2,2022-06-27 09:13:25
1656321205574009000,50.1,1,50.1,34,50.3,9,2,2022-06-27 09:13:25
1656321205596300000,50.1,1,50.1,33,50.3,9,2,2022-06-27 09:13:25
1656321205680248000,50.1,4,50.1,29,50.3,9,2,2022-06-27 09:13:25
1656321205952421000,50.2,1,50.2,2,50.3,9,1,2022-06-27 09:13:25
1656321207232296000,50.2,1,50.2,9,50.3,9,2,2022-06-27 09:13:27
1656321208123068000,50.2,1,50.2,7,50.3,9,2,2022-06-27 09:13:28
1656321208343270000,50.3,3,50.2,7,50.3,6,1,2022-06-27 09:13:28
1656321209603381000,50.2,2,50.2,6,50.3,6,2,2022-06-27 09:13:29
1656321209687662000,50.2,6,50.1,31,50.2,22,2,2022-06-27 09:13:29
1656321210512937000,50.2,1,50.1,30,50.2,23,1,2022-06-27 09:13:30
1656321212534859000,50.2,1,50.1,30,50.2,25,1,2022-06-27 09:13:32
1656321215208658000,50.2,1,50.1,31,50.2,25,1,2022-06-27 09:13:35
1656321215746032000,50.1,19,50.1,12,50.2,5,2,2022-06-27 09:13:35
1656321215847293000,50.2,5,50.1,12,50.3,1,1,2022-06-27 09:13:35
1656321215847293000,50.3,5,50.1,12,50.3,1,1,2022-06-27 09:13:35
1656321217240742000,50.2,5,50.2,1,50.3,1,2,2022-06-27 09:13:37
1656321217272990000,50.2,1,50.1,17,50.3,1,2,2022-06-27 09:13:37
1656321217540987000,50.3,1,50.1,17,50.4,19,1,2022-06-27 09:13:37
1656321217945553000,50.1,6,50.1,12,50.3,1,2,2022-06-27 09:13:37
1656321218203716000,50.2,2,50.2,2,50.3,1,2,2022-06-27 09:13:38
1656321220505909000,50.2,2,50.2,9,50.3,2,2,2022-06-27 09:13:40
1656321221634417000,50.2,1,50.2,10,50.3,3,2,2022-06-27 09:13:41
1656321223123929000,50.3,2,50.2,10,50.3,4,1,2022-06-27 09:13:43
1656321224341631000,50.3,1,50.2,12,50.3,3,1,2022-06-27 09:13:44
1656321226013515000,50.3,1,50.2,12,50.3,3,1,2022-06-27 09:13:46
1656321226598978000,50.3,3,50.2,14,50.4,28,1,2022-06-27 09:13:46
1656321226877357000,50.4,6,50.2,14,50.4,28,1,2022-06-27 09:13:46
1656321228549520000,50.3,1,50.2,20,50.3,1,1,2022-06-27 09:13:48
1656321229453725000,50.3,1,50.2,20,50.4,22,1,2022-06-27 09:13:49
1656321231318325000,50.3,1,50.3,2,50.4,20,2,2022-06-27 09:13:51
1656321231898840000,50.4,1,50.3,2,50.4,20,1,2022-06-27 09:13:51
1656321233224538000,50.4,1,50.3,2,50.4,20,1,2022-06-27 09:13:53
1656321233418044000,50.4,5,50.3,3,50.4,15,1,2022-06-27 09:13:53
1656321236110614000,50.3,5,50.3,3,50.4,15,2,2022-06-27 09:13:56
1656321237026593000,50.3,2,50.3,1,50.4,15,2,2022-06-27 09:13:57
1656321237386978000,50.4,1,50.3,1,50.4,15,1,2022-06-27 09:13:57
1656321237902240000,50.4,2,50.2,15,50.4,12,1,2022-06-27 09:13:57
1656321239224718000,50.3,1,50.3,1,50.4,12,2,2022-06-27 09:13:59
1656321239374096000,50.3,1,50.2,14,50.4,12,2,2022-06-27 09:13:59
1656321239374096000,50.2,1,50.2,14,50.4,12,2,2022-06-27 09:13:59
1656321239396692000,50.4,1,50.3,1,50.4,12,1,2022-06-27 09:13:59
1656321240290920000,50.3,1,50.2,14,50.3,4,2,2022-06-27 09:14:00
1656321240321859000,50.3,4,50.2,13,50.4,11,1,2022-06-27 09:14:00
1656321241306741000,50.4,1,50.2,14,50.4,10,1,2022-06-27 09:14:01
1656321242320423000,50.4,13,50.3,1,50.5,19,1,2022-06-27 09:14:02
1656321242320423000,50.5,17,50.3,1,50.5,19,1,2022-06-27 09:14:02
1656321242434306000,50.5,1,50.3,2,50.5,18,1,2022-06-27 09:14:02
1656321242974510000,50.3,3,50.2,15,50.3,5,2,2022-06-27 09:14:02
1656321243269755000,50.3,1,50.2,15,50.3,4,1,2022-06-27 09:14:03
1656321244062036000,50.3,2,50.2,20,50.3,3,1,2022-06-27 09:14:04
1656321244085873000,50.3,1,50.2,21,50.3,2,1,2022-06-27 09:14:04
1656321244370881000,50.3,1,50.2,23,50.3,1,1,2022-06-27 09:14:04
1656321244392069000,50.3,1,50.2,23,50.5,18,1,2022-06-27 09:14:04
1656321244623818000,50.5,1,50.3,5,50.5,17,1,2022-06-27 09:14:04
1656321244841186000,50.5,2,50.3,7,50.5,15,1,2022-06-27 09:14:04
1656321246402298000,50.5,1,50.3,8,50.5,14,1,2022-06-27 09:14:06
1656321247648504000,50.3,1,50.3,11,50.5,14,2,2022-06-27 09:14:07
1656321248930733000,50.5,4,50.4,1,50.5,10,1,2022-06-27 09:14:08
1656321251144815000,50.4,3,50.4,2,50.5,9,2,2022-06-27 09:14:11
1656321251397639000,50.5,1,50.4,2,50.5,9,1,2022-06-27 09:14:11
1656321252963926000,50.5,1,50.4,2,50.5,9,1,2022-06-27 09:14:12
1656321253327301000,50.5,1,50.4,2,50.5,8,1,2022-06-27 09:14:13
1656321257068669000,50.4,2,50.4,4,50.5,7,2,2022-06-27 09:14:17
1656321258126878000,50.5,2,50.4,5,50.5,5,1,2022-06-27 09:14:18
1656321258404128000,50.5,1,50.4,5,50.5,4,1,2022-06-27 09:14:18
1656321258932549000,50.5,1,50.4,5,50.5,3,1,2022-06-27 09:14:18
1656321259956344000,50.5,1,50.4,5,50.5,2,1,2022-06-27 09:14:19
1656321265228145000,50.5,3,50.4,8,50.5,8,1,2022-06-27 09:14:25
1656321265358345000,50.5,2,50.4,8,50.5,6,1,2022-06-27 09:14:25
1656321265403594000,50.5,1,50.4,8,50.5,6,1,2022-06-27 09:14:25
1656321266810537000,50.5,3,50.4,10,50.5,1,1,2022-06-27 09:14:26
1656321266842151000,50.5,1,50.4,10,50.6,19,1,2022-06-27 09:14:26
1656321268854451000,50.6,1,50.5,1,50.6,19,1,2022-06-27 09:14:28
1656321268955176000,50.5,1,50.4,9,50.6,19,2,2022-06-27 09:14:28
1656321268955176000,50.4,1,50.4,9,50.6,19,2,2022-06-27 09:14:28
1656321269934374000,50.5,2,50.4,9,50.5,3,1,2022-06-27 09:14:29
1656321270347562000,50.5,1,50.4,9,50.5,3,1,2022-06-27 09:14:30
1656321270980501000,50.5,1,50.4,9,50.5,2,1,2022-06-27 09:14:30
1656321271249853000,50.5,2,50.4,9,50.6,18,1,2022-06-27 09:14:31
1656321271249853000,50.6,2,50.4,9,50.6,18,1,2022-06-27 09:14:31
1656321272415118000,50.6,1,50.4,9,50.6,17,1,2022-06-27 09:14:32
1656321273235433000,50.5,1,50.4,9,50.6,12,1,2022-06-27 09:14:33
1656321273235433000,50.6,4,50.4,9,50.6,12,1,2022-06-27 09:14:33
1656321276978668000,50.6,1,50.4,13,50.6,11,1,2022-06-27 09:14:36
1656321278774419000,50.6,5,50.4,21,50.6,6,1,2022-06-27 09:14:38
1656321279422489000,50.6,1,50.4,22,50.6,5,1,2022-06-27 09:14:39
1656321280002922000,50.6,3,50.4,22,50.6,2,1,2022-06-27 09:14:40
1656321280700495000,50.5,1,50.4,22,50.6,3,2,2022-06-27 09:14:40
1656321281323184000,50.6,1,50.5,1,50.6,2,1,2022-06-27 09:14:41
1656321282011386000,50.6,2,50.5,1,50.7,17,1,2022-06-27 09:14:42
1656321284071497000,50.7,4,50.6,1,50.7,14,1,2022-06-27 09:14:44
1656321284459648000,50.7,5,50.6,2,50.7,9,1,2022-06-27 09:14:44
1656321285513061000,50.7,1,50.6,2,50.7,9,1,2022-06-27 09:14:45
1656321286622033000,50.7,1,50.6,2,50.7,8,1,2022-06-27 09:14:46
1656321289184489000,50.7,1,50.6,4,50.7,7,1,2022-06-27 09:14:49
1656321290582576000,50.7,1,50.6,8,50.7,6,1,2022-06-27 09:14:50
1656321290853885000,50.7,5,50.6,8,50.7,1,1,2022-06-27 09:14:50
1656321291962128000,50.7,1,50.6,8,50.8,19,1,2022-06-27 09:14:51
1656321291962128000,50.8,4,50.6,8,50.8,19,1,2022-06-27 09:14:51
1656321292255999000,50.7,1,50.6,8,50.7,1,1,2022-06-27 09:14:52
1656321292255999000,50.8,3,50.6,8,50.7,1,1,2022-06-27 09:14:52
1656321292480051000,50.8,5,50.6,8,50.8,12,1,2022-06-27 09:14:52
1656321292506123000,50.8,1,50.6,8,50.8,11,1,2022-06-27 09:14:52
1656321293031318000,50.8,2,50.7,7,50.8,11,1,2022-06-27 09:14:53
1656321293636233000,50.8,1,50.7,7,50.8,11,1,2022-06-27 09:14:53
1656321294544565000,50.7,3,50.7,7,50.8,11,2,2022-06-27 09:14:54
1656321294902749000,50.7,1,50.7,6,50.8,11,2,2022-06-27 09:14:54
1656321295227567000,50.7,1,50.7,5,50.8,11,2,2022-06-27 09:14:55
1656321295312241000,50.8,4,50.7,5,50.8,7,1,2022-06-27 09:14:55
1656321296686633000,50.8,5,50.7,6,50.8,2,1,2022-06-27 09:14:56
