ts,close,volume,bid_price,bid_volume,ask_price,ask_volume,tick_type,datetime
1656406931765080000,95.5,270,95.5,19,95.6,15,2,2022-06-28 09:02:11
1656406931798021000,95.5,19,95.4,3,95.6,15,2,2022-06-28 09:02:11
1656406931826602000,95.4,1,95.4,2,95.6,15,2,2022-06-28 09:02:11
1656406931862624000,95.5,2,95.4,2,95.6,15,2,2022-06-28 09:02:11
1656406933091063000,95.4,2,95.3,4,95.5,5,2,2022-06-28 09:02:13
1656406935275978000,95.3,4,95.2,1,95.5,6,2,2022-06-28 09:02:15
1656406935275978000,95.2,2,95.2,1,95.5,6,2,2022-06-28 09:02:15
1656406935443428000,95.5,2,95.2,1,95.5,5,1,2022-06-28 09:02:15
1656406937319235000,95.4,1,95.2,1,95.5,1,1,2022-06-28 09:02:17
1656406937319235000,95.5,4,95.2,1,95.5,1,1,2022-06-28 09:02:17
1656406938730102000,95.4,3,95.2,1,95.4,8,1,2022-06-28 09:02:18
1656406938901697000,95.4,1,95.2,1,95.4,10,1,2022-06-28 09:02:18
1656406939214040000,95.4,2,95.2,1,95.4,8,1,2022-06-28 09:02:19
1656406939536189000,95.3,1,95.2,1,95.4,6,1,2022-06-28 09:02:19
1656406939536189000,95.4,1,95.2,1,95.4,6,1,2022-06-28 09:02:19
1656406940067491000,95.4,1,95.2,1,95.4,5,1,2022-06-28 09:02:20
1656406941006694000,95.4,5,95.2,1,95.5,1,1,2022-06-28 09:02:21
1656406945258318000,95.4,1,95.2,5,95.5,6,2,2022-06-28 09:02:25
1656406946796572000,95.4,1,95.2,5,95.4,1,1,2022-06-28 09:02:26
1656406946825534000,95.4,1,95.2,5,95.5,6,1,2022-06-28 09:02:26
1656406947870453000,95.4,1,95.2,5,95.4,2,1,2022-06-28 09:02:27
1656406948074782000,95.4,1,95.2,5,95.4,1,1,2022-06-28 09:02:28
1656406949304127000,95.3,1,95.3,4,95.4,2,2,2022-06-28 09:02:29
1656406949908753000,95.3,5,95.3,1,95.4,2,2,2022-06-28 09:02:29
1656406949944245000,95.3,1,95.2,5,95.4,2,2,2022-06-28 09:02:29
1656406952706490000,95.2,1,95.2,5,95.4,4,2,2022-06-28 09:02:32
1656406953251487000,95.2,2,95.2,3,95.4,4,2,2022-06-28 09:02:33
1656406954127144000,95.2,1,95.2,2,95.3,2,2,2022-06-28 09:02:34
1656406955627092000,95.2,1,95.2,1,95.3,2,2,2022-06-28 09:02:35
1656406955943064000,95.3,2,95.2,1,95.4,7,1,2022-06-28 09:02:35
1656406956647163000,95.4,1,95.2,1,95.4,6,1,2022-06-28 09:02:36
1656406957261485000,95.2,1,95.1,6,95.4,9,2,2022-06-28 09:02:37
1656406957301464000,95.4,4,95.1,6,95.4,5,1,2022-06-28 09:02:37
1656406958049131000,95.2,3,95.1,6,95.4,5,1,2022-06-28 09:02:38
1656406961745472000,95.4,3,95.2,1,95.4,11,1,2022-06-28 09:02:41
1656406961811856000,95.2,1,95.1,6,95.2,3,2,2022-06-28 09:02:41
1656406962450331000,95.1,1,95.1,5,95.2,3,2,2022-06-28 09:02:42
1656406962627260000,95.1,5,95.0,15,95.2,3,2,2022-06-28 09:02:42
1656406962627260000,95.0,5,95.0,15,95.2,3,2,2022-06-28 09:02:42
1656406964116865000,95.2,1,95.0,15,95.2,5,1,2022-06-28 09:02:44
1656406964666465000,95.0,1,95.0,14,95.2,5,2,2022-06-28 09:02:44
1656406966719161000,95.0,5,95.0,9,95.1,6,2,2022-06-28 09:02:46
1656406966770509000,95.0,1,95.0,8,95.1,6,2,2022-06-28 09:02:46
1656406968376075000,95.1,1,95.0,8,95.1,8,1,2022-06-28 09:02:48
1656406968696997000,95.1,2,95.0,18,95.1,5,1,2022-06-28 09:02:48
1656406969442789000,95.0,1,95.0,17,95.1,7,2,2022-06-28 09:02:49
1656406969667905000,95.0,1,95.0,16,95.1,7,2,2022-06-28 09:02:49
1656406970953795000,95.1,7,95.0,16,95.1,2,1,2022-06-28 09:02:50
1656406970960382000,95.1,2,95.1,7,95.2,6,1,2022-06-28 09:02:50
1656406971808736000,95.2,6,95.1,7,95.2,2,1,2022-06-28 09:02:51
1656406971845760000,95.1,1,95.1,6,95.2,2,2,2022-06-28 09:02:51
1656406973834115000,95.1,3,95.1,3,95.2,10,2,2022-06-28 09:02:53
1656406973905171000,95.1,1,95.1,2,95.2,10,2,2022-06-28 09:02:53
1656406974240976000,95.1,2,95.0,18,95.1,1,2,2022-06-28 09:02:54
1656406974959637000,95.1,1,95.0,21,95.1,3,1,2022-06-28 09:02:54
1656406975380233000,95.0,1,95.0,21,95.1,3,2,2022-06-28 09:02:55
1656406976591612000,95.1,1,95.0,20,95.1,2,1,2022-06-28 09:02:56
1656406977156729000,95.0,5,95.0,15,95.1,3,2,2022-06-28 09:02:57
1656406978810300000,95.1,1,95.0,15,95.1,7,1,2022-06-28 09:02:58
1656406979268695000,95.1,1,95.0,15,95.1,10,1,2022-06-28 09:02:59
1656406981149431000,95.0,1,95.0,14,95.1,16,2,2022-06-28 09:03:01
1656406981173306000,95.0,10,95.0,4,95.1,16,2,2022-06-28 09:03:01
1656406981203060000,95.0,3,95.0,1,95.1,16,2,2022-06-28 09:03:01
1656406981203139000,95.0,1,94.9,7,95.1,16,2,2022-06-28 09:03:01
1656406981815128000,94.9,4,94.9,3,95.0,1,2,2022-06-28 09:03:01
1656406981847407000,94.9,3,94.8,66,95.0,1,2,2022-06-28 09:03:01
1656406981885211000,94.9,1,94.9,5,95.0,1,2,2022-06-28 09:03:01
1656406982897988000,95.0,1,94.9,4,95.1,16,1,2022-06-28 09:03:02
1656406983449772000,94.9,4,94.8,66,94.9,1,2,2022-06-28 09:03:03
1656406983486117000,94.9,1,94.8,66,95.1,17,1,2022-06-28 09:03:03
1656406986440593000,94.8,1,94.8,65,94.9,4,2,2022-06-28 09:03:06
1656406986794524000,94.8,1,94.8,64,94.9,4,2,2022-06-28 09:03:06
1656406986921958000,94.8,15,94.8,49,94.9,6,2,2022-06-28 09:03:06
1656406987163572000,94.8,1,94.8,48,94.9,7,2,2022-06-28 09:03:07
1656406987373352000,94.8,10,94.8,38,94.9,7,2,2022-06-28 09:03:07
1656406987742223000,94.8,38,94.6,1,94.9,9,2,2022-06-28 09:03:07
1656406991314558000,94.6,2,94.5,5,94.6,2,2,2022-06-28 09:03:11
1656406991347204000,94.6,2,94.5,5,94.7,3,1,2022-06-28 09:03:11
1656406994828281000,94.6,2,94.5,8,94.6,2,1,2022-06-28 09:03:14
1656406995887239000,94.5,5,94.5,8,94.6,6,2,2022-06-28 09:03:15
1656406996761138000,94.6,1,94.5,4,94.6,9,1,2022-06-28 09:03:16
1656406997709166000,94.6,9,94.5,4,94.7,3,1,2022-06-28 09:03:17
1656406998462748000,94.6,2,94.5,4,94.6,3,2,2022-06-28 09:03:18
1656406998496660000,94.6,3,94.5,4,94.7,3,1,2022-06-28 09:03:18
1656406999647192000,94.6,3,94.4,1,94.5,2,2,2022-06-28 09:03:19
1656406999647192000,94.5,5,94.4,1,94.5,2,2,2022-06-28 09:03:19
1656406999675522000,94.5,2,94.4,1,94.7,5,1,2022-06-28 09:03:19
1656407001690237000,94.6,1,94.6,6,94.7,6,2,2022-06-28 09:03:21
1656407003042530000,94.7,8,94.6,10,94.8,6,1,2022-06-28 09:03:23
1656407004985348000,94.8,1,94.7,3,94.8,7,1,2022-06-28 09:03:24
1656407007040599000,94.7,1,94.7,2,94.8,6,2,2022-06-28 09:03:27
1656407007403253000,94.7,2,94.6,10,94.7,3,2,2022-06-28 09:03:27
1656407007428968000,94.7,3,94.6,10,94.8,6,1,2022-06-28 09:03:27
1656407009540678000,94.6,1,94.6,9,94.8,8,2,2022-06-28 09:03:29
1656407010939650000,94.6,1,94.6,9,94.8,10,2,2022-06-28 09:03:30
1656407013449633000,94.7,1,94.7,1,94.8,10,2,2022-06-28 09:03:33
1656407014334066000,94.7,1,94.7,6,94.8,12,2,2022-06-28 09:03:34
1656407015661140000,94.7,1,94.7,6,94.8,12,2,2022-06-28 09:03:35
1656407015917171000,94.8,1,94.7,6,94.8,11,1,2022-06-28 09:03:35
1656407016120279000,94.8,1,94.7,6,94.8,10,1,2022-06-28 09:03:36
1656407016136632000,94.8,3,94.7,7,94.8,7,1,2022-06-28 09:03:36
1656407016136648000,94.8,7,94.7,7,94.9,12,1,2022-06-28 09:03:36
1656407018290639000,94.7,1,94.7,7,94.9,13,2,2022-06-28 09:03:38
1656407019053656000,94.9,12,94.8,4,94.9,1,1,2022-06-28 09:03:39
1656407019058293000,94.9,1,94.8,4,95.0,4,1,2022-06-28 09:03:39
1656407019152677000,94.9,2,94.7,7,95.0,4,2,2022-06-28 09:03:39
1656407019152677000,94.8,3,94.7,7,95.0,4,2,2022-06-28 09:03:39
1656407019774839000,94.8,1,94.8,2,95.0,4,2,2022-06-28 09:03:39
1656407021817937000,94.8,1,94.7,6,95.0,6,2,2022-06-28 09:03:41
1656407022115435000,94.7,1,94.7,5,95.0,6,2,2022-06-28 09:03:42
1656407023299112000,94.7,1,94.7,3,94.8,6,2,2022-06-28 09:03:43
1656407023887814000,94.7,1,94.7,2,94.8,6,2,2022-06-28 09:03:43
1656407024375090000,94.7,2,94.6,13,94.8,6,2,2022-06-28 09:03:44
1656407026806113000,94.7,1,94.6,12,94.8,8,1,2022-06-28 09:03:46
1656407029086906000,94.7,2,94.6,12,94.8,10,2,2022-06-28 09:03:49
1656407032823292000,94.7,3,94.7,7,94.8,12,2,2022-06-28 09:03:52
1656407037085794000,94.7,1,94.7,7,94.8,14,2,2022-06-28 09:03:57
1656407037150579000,94.7,1,94.7,6,94.8,14,2,2022-06-28 09:03:57
1656407038957322000,94.7,1,94.7,6,94.8,16,2,2022-06-28 09:03:58
1656407040141975000,94.8,5,94.7,11,94.8,11,1,2022-06-28 09:04:00
1656407040186400000,94.7,1,94.7,10,94.8,11,2,2022-06-28 09:04:00
1656407040353696000,94.7,2,94.7,8,94.8,11,2,2022-06-28 09:04:00
1656407040813677000,94.7,7,94.7,1,94.8,11,2,2022-06-28 09:04:00
1656407040847272000,94.7,1,94.6,17,94.8,11,2,2022-06-28 09:04:00
1656407041568782000,94.7,3,94.6,16,94.8,11,1,2022-06-28 09:04:01
1656407041568782000,94.8,1,94.6,16,94.8,11,1,2022-06-28 09:04:01
1656407042500238000,94.8,1,94.7,5,94.8,10,1,2022-06-28 09:04:02
1656407042645901000,94.8,1,94.7,5,94.8,9,1,2022-06-28 09:04:02
1656407042789784000,94.8,1,94.7,5,94.8,8,1,2022-06-28 09:04:02
1656407042943979000,94.8,1,94.7,5,94.8,7,1,2022-06-28 09:04:02
1656407043092988000,94.8,1,94.7,5,94.8,6,1,2022-06-28 09:04:03
1656407043659534000,94.8,1,94.7,5,94.8,5,1,2022-06-28 09:04:03
1656407043706379000,94.8,1,94.7,5,94.8,4,1,2022-06-28 09:04:03
1656407043806495000,94.8,1,94.7,6,94.8,3,1,2022-06-28 09:04:03
1656407043842812000,94.8,3,94.7,7,94.9,2,1,2022-06-28 09:04:03
1656407046738799000,94.9,1,94.8,4,95.0,7,1,2022-06-28 09:04:06
1656407050973444000,95.0,3,94.8,4,95.0,7,1,2022-06-28 09:04:10
1656407051004704000,95.0,7,94.8,4,95.1,10,1,2022-06-28 09:04:11
1656407052421290000,95.0,1,94.9,4,95.0,1,1,2022-06-28 09:04:12
1656407053737397000,95.0,1,95.0,2,95.1,10,2,2022-06-28 09:04:13
1656407056529013000,95.1,1,95.0,2,95.1,9,1,2022-06-28 09:04:16
1656407057151982000,95.1,1,95.0,4,95.1,8,1,2022-06-28 09:04:17
1656407057152032000,95.1,8,95.0,4,95.2,13,1,2022-06-28 09:04:17
1656407057685111000,95.2,2,95.0,8,95.2,11,1,2022-06-28 09:04:17
1656407057716147000,95.2,5,95.0,8,95.2,6,1,2022-06-28 09:04:17
1656407057746530000,95.2,6,95.1,1,95.3,5,1,2022-06-28 09:04:17
1656407063357887000,95.3,2,95.2,6,95.3,3,1,2022-06-28 09:04:23
1656407064032151000,95.3,3,95.3,2,95.4,3,1,2022-06-28 09:04:24
1656407065024307000,95.4,1,95.3,2,95.4,2,1,2022-06-28 09:04:25
1656407065476972000,95.4,2,95.4,3,95.5,8,1,2022-06-28 09:04:25
1656407068964039000,95.5,1,95.4,4,95.5,6,1,2022-06-28 09:04:28
1656407069159269000,95.5,5,95.4,4,95.5,1,1,2022-06-28 09:04:29
1656407070018978000,95.4,1,95.4,3,95.5,1,2,2022-06-28 09:04:30
1656407070034748000,95.5,1,95.5,4,95.6,12,1,2022-06-28 09:04:30
1656407071001445000,95.6,1,95.5,4,95.6,10,1,2022-06-28 09:04:31
1656407071974018000,95.6,7,95.5,4,95.6,3,1,2022-06-28 09:04:31
1656407072980552000,95.5,4,95.2,4,95.3,6,2,2022-06-28 09:04:32
1656407072980552000,95.4,3,95.2,4,95.3,6,2,2022-06-28 09:04:32
1656407072980552000,95.3,7,95.2,4,95.3,6,2,2022-06-28 09:04:32
1656407073012687000,95.3,6,95.2,4,95.6,4,1,2022-06-28 09:04:33
1656407073726653000,95.3,1,95.2,6,95.6,4,1,2022-06-28 09:04:33
1656407074810472000,95.6,4,95.2,6,95.6,1,1,2022-06-28 09:04:34
1656407075587631000,95.6,1,95.5,1,95.7,13,1,2022-06-28 09:04:35
1656407078373270000,95.6,2,95.5,1,95.7,13,2,2022-06-28 09:04:38
1656407080535941000,95.6,3,95.5,1,95.7,13,1,2022-06-28 09:04:40
1656407080918843000,95.7,2,95.5,1,95.7,11,1,2022-06-28 09:04:40
1656407082120454000,95.6,1,95.5,3,95.6,9,2,2022-06-28 09:04:42
1656407083053489000,95.6,1,95.5,1,95.6,8,1,2022-06-28 09:04:43
1656407084569697000,95.6,5,95.5,3,95.6,3,1,2022-06-28 09:04:44
1656407084602943000,95.6,3,95.5,4,95.7,11,1,2022-06-28 09:04:44
1656407084818523000,95.7,1,95.6,1,95.7,11,1,2022-06-28 09:04:44
1656407085483639000,95.7,2,95.6,2,95.7,10,1,2022-06-28 09:04:45
1656407085513077000,95.7,1,95.6,3,95.7,7,1,2022-06-28 09:04:45
1656407085846189000,95.6,2,95.6,1,95.7,7,2,2022-06-28 09:04:45
1656407091806269000,95.7,1,95.6,10,95.7,6,1,2022-06-28 09:04:51
1656407091848085000,95.6,1,95.6,9,95.7,6,2,2022-06-28 09:04:51
1656407092174846000,95.7,2,95.6,9,95.7,4,1,2022-06-28 09:04:52
1656407092351856000,95.7,1,95.6,9,95.7,3,1,2022-06-28 09:04:52
1656407093163802000,95.7,3,95.7,2,95.8,12,1,2022-06-28 09:04:53
1656407093995378000,95.7,10,95.7,6,95.8,12,2,2022-06-28 09:04:53
1656407095457182000,95.8,5,95.7,9,95.8,7,1,2022-06-28 09:04:55
1656407095636570000,95.8,1,95.7,9,95.8,6,1,2022-06-28 09:04:55
1656407096595428000,95.8,1,95.7,9,95.8,5,1,2022-06-28 09:04:56
1656407098647587000,95.8,2,95.7,10,95.8,3,1,2022-06-28 09:04:58
1656407098686371000,95.8,3,95.7,10,95.9,10,1,2022-06-28 09:04:58
1656407100218215000,95.8,2,95.8,1,95.9,10,2,2022-06-28 09:05:00
1656407100393796000,95.8,1,95.7,16,95.8,1,2,2022-06-28 09:05:00
1656407100466373000,95.7,1,95.7,15,95.8,1,2,2022-06-28 09:05:00
1656407100758660000,95.8,1,95.8,1,95.9,10,1,2022-06-28 09:05:00
1656407101116767000,95.8,1,95.7,16,95.9,10,2,2022-06-28 09:05:01
1656407101738182000,95.8,1,95.7,16,95.8,4,2,2022-06-28 09:05:01
1656407101749546000,95.8,1,95.7,16,95.8,3,1,2022-06-28 09:05:01
1656407102270836000,95.8,3,95.7,16,95.9,10,1,2022-06-28 09:05:02
1656407104045886000,95.9,1,95.8,5,95.9,8,1,2022-06-28 09:05:04
1656407105597159000,95.9,1,95.8,12,95.9,7,1,2022-06-28 09:05:05
1656407106444540000,95.9,1,95.8,13,95.9,6,1,2022-06-28 09:05:06
1656407106980539000,95.9,1,95.8,13,95.9,5,1,2022-06-28 09:05:06
1656407107106663000,95.9,5,95.8,13,96.0,10,1,2022-06-28 09:05:07
1656407107106663000,96.0,5,95.8,13,96.0,10,1,2022-06-28 09:05:07
1656407109664846000,95.9,12,95.8,15,96.0,9,2,2022-06-28 09:05:09
1656407109725662000,95.9,1,95.8,14,96.0,9,2,2022-06-28 09:05:09
1656407109887927000,95.8,9,95.8,14,95.9,1,2,2022-06-28 09:05:09
1656407110157331000,95.9,1,95.8,5,96.2,10,1,2022-06-28 09:05:10
1656407110157331000,96.0,9,95.8,5,96.2,10,1,2022-06-28 09:05:10
1656407110157331000,96.1,6,95.8,5,96.2,10,1,2022-06-28 09:05:10
1656407110157331000,96.2,2,95.8,5,96.2,10,1,2022-06-28 09:05:10
1656407110572396000,96.0,1,95.9,2,96.1,1,1,2022-06-28 09:05:10
1656407111746145000,96.1,1,95.9,2,96.2,9,1,2022-06-28 09:05:11
1656407112640490000,96.0,1,95.9,5,96.1,1,1,2022-06-28 09:05:12
1656407113500015000,95.9,8,95.8,21,96.0,2,2,2022-06-28 09:05:13
1656407113545303000,95.8,21,95.7,25,95.9,3,2,2022-06-28 09:05:13
1656407113602163000,95.7,10,95.7,15,95.8,2,2,2022-06-28 09:05:13
1656407113636770000,95.7,15,95.6,12,95.8,2,2,2022-06-28 09:05:13
1656407114397005000,95.7,1,95.6,12,95.7,3,1,2022-06-28 09:05:14
1656407114457910000,95.7,1,95.6,12,95.7,1,1,2022-06-28 09:05:14
1656407114595219000,95.7,1,95.6,12,95.7,2,1,2022-06-28 09:05:14
1656407114857963000,95.7,1,95.6,12,95.7,1,1,2022-06-28 09:05:14
1656407115398624000,95.7,1,95.6,12,95.7,2,1,2022-06-28 09:05:15
1656407115857105000,95.8,1,95.6,12,95.8,5,1,2022-06-28 09:05:15
1656407118581110000,95.7,1,95.6,12,95.8,5,1,2022-06-28 09:05:18
1656407119011645000,95.8,1,95.6,12,95.8,4,1,2022-06-28 09:05:19
1656407119459365000,95.7,1,95.6,12,95.8,4,2,2022-06-28 09:05:19
1656407120391174000,95.7,1,95.5,15,95.8,14,2,2022-06-28 09:05:20
1656407120391174000,95.6,12,95.5,15,95.8,14,2,2022-06-28 09:05:20
1656407120472230000,95.7,1,95.5,15,95.8,14,1,2022-06-28 09:05:20
1656407120673615000,95.6,5,95.5,15,95.7,1,2,2022-06-28 09:05:20
1656407120673756000,95.7,1,95.5,15,95.8,13,1,2022-06-28 09:05:20
1656407120829277000,95.7,1,95.5,15,95.7,1,1,2022-06-28 09:05:20
1656407121641089000,95.7,1,95.5,15,95.8,13,2,2022-06-28 09:05:21
1656407121881625000,95.7,1,95.5,15,95.7,2,1,2022-06-28 09:05:21
1656407122333317000,95.7,1,95.5,16,95.7,2,1,2022-06-28 09:05:22
1656407122403709000,95.7,1,95.5,16,95.8,9,1,2022-06-28 09:05:22
1656407122403709000,95.8,4,95.5,16,95.8,9,1,2022-06-28 09:05:22
1656407122535275000,95.5,3,95.5,13,95.8,9,2,2022-06-28 09:05:22
1656407122554406000,95.8,1,95.5,13,95.8,8,1,2022-06-28 09:05:22
1656407122773335000,95.7,1,95.7,1,95.8,8,2,2022-06-28 09:05:22
1656407123653069000,95.8,3,95.5,13,95.8,5,1,2022-06-28 09:05:23
1656407125973125000,95.7,1,95.5,14,95.7,1,1,2022-06-28 09:05:25
1656407126012924000,95.7,1,95.5,14,95.8,5,1,2022-06-28 09:05:26
1656407131331649000,95.7,3,95.6,4,95.7,2,2,2022-06-28 09:05:31
1656407131743897000,95.7,1,95.6,4,95.7,2,1,2022-06-28 09:05:31
1656407133371811000,95.7,1,95.6,3,95.7,2,1,2022-06-28 09:05:33
1656407134270435000,95.7,1,95.6,3,95.7,2,1,2022-06-28 09:05:34
1656407135454359000,95.7,1,95.6,3,95.7,5,1,2022-06-28 09:05:35
1656407135903130000,95.7,1,95.6,3,95.7,4,1,2022-06-28 09:05:35
1656407135911198000,95.7,1,95.6,3,95.7,3,1,2022-06-28 09:05:35
1656407138419322000,95.7,1,95.6,3,95.7,4,1,2022-06-28 09:05:38
1656407140934154000,95.7,1,95.6,4,95.7,3,1,2022-06-28 09:05:40
1656407142007676000,95.7,2,95.6,3,95.7,3,1,2022-06-28 09:05:42
1656407144193373000,95.6,1,95.6,3,95.7,3,2,2022-06-28 09:05:44
1656407144356730000,95.7,1,95.6,3,95.7,4,1,2022-06-28 09:05:44
1656407145746136000,95.6,3,95.5,17,95.7,4,2,2022-06-28 09:05:45
1656407146855072000,95.6,1,95.5,17,95.7,3,1,2022-06-28 09:05:46
1656407146855072000,95.7,1,95.5,17,95.7,3,1,2022-06-28 09:05:46
1656407147271234000,95.7,1,95.5,17,95.7,5,1,2022-06-28 09:05:47
1656407147904215000,95.5,1,95.5,16,95.7,4,2,2022-06-28 09:05:47
1656407148193509000,95.5,16,95.3,5,95.6,7,2,2022-06-28 09:05:48
1656407148280375000,95.3,2,95.3,4,95.5,1,2,2022-06-28 09:05:48
1656407151697811000,95.3,2,95.2,28,95.4,5,2,2022-06-28 09:05:51
1656407152827869000,95.4,2,95.2,28,95.4,4,1,2022-06-28 09:05:52
1656407153734307000,95.3,1,95.3,1,95.4,6,2,2022-06-28 09:05:53
1656407153841816000,95.3,1,95.2,27,95.4,7,2,2022-06-28 09:05:53
1656407153841816000,95.2,1,95.2,27,95.4,7,2,2022-06-28 09:05:53
1656407155763433000,95.4,1,95.2,27,95.4,5,1,2022-06-28 09:05:55
1656407159493431000,95.4,9,95.3,2,95.5,4,1,2022-06-28 09:05:59
1656407159493431000,95.5,1,95.3,2,95.5,4,1,2022-06-28 09:05:59
1656407160047157000,95.3,1,95.3,1,95.5,4,2,2022-06-28 09:06:00
1656407160895038000,95.3,1,95.2,28,95.5,4,2,2022-06-28 09:06:00
1656407164016332000,95.5,1,95.4,1,95.5,5,1,2022-06-28 09:06:04
1656407165534052000,95.4,1,95.2,15,95.5,7,2,2022-06-28 09:06:05
1656407165534052000,95.3,2,95.2,15,95.5,7,2,2022-06-28 09:06:05
1656407165534052000,95.2,2,95.2,15,95.5,7,2,2022-06-28 09:06:05
1656407165990439000,95.4,1,95.3,1,95.5,7,1,2022-06-28 09:06:05
1656407170770738000,95.3,1,95.3,2,95.4,13,2,2022-06-28 09:06:10
1656407172888803000,95.3,1,95.3,1,95.4,15,2,2022-06-28 09:06:12
1656407173374692000,95.4,10,95.3,2,95.4,5,1,2022-06-28 09:06:13
1656407173825007000,95.4,1,95.3,3,95.4,5,1,2022-06-28 09:06:13
1656407175336528000,95.4,1,95.3,2,95.4,7,1,2022-06-28 09:06:15
1656407176904930000,95.4,3,95.3,5,95.4,14,1,2022-06-28 09:06:16
1656407177024507000,95.4,1,95.3,5,95.4,13,1,2022-06-28 09:06:17
1656407178415575000,95.4,1,95.3,7,95.4,14,1,2022-06-28 09:06:18
1656407179134051000,95.3,7,95.2,17,95.3,3,2,2022-06-28 09:06:19
1656407183740885000,95.2,20,95.2,1,95.3,7,2,2022-06-28 09:06:23
1656407183775788000,95.2,1,95.1,7,95.3,7,2,2022-06-28 09:06:23
1656407184312473000,95.3,1,95.1,7,95.3,9,1,2022-06-28 09:06:24
1656407184505485000,95.3,1,95.1,7,95.3,9,1,2022-06-28 09:06:24
1656407185719914000,95.2,1,95.1,7,95.3,8,1,2022-06-28 09:06:25
1656407188518239000,95.3,1,95.1,8,95.3,9,1,2022-06-28 09:06:28
1656407194446170000,95.3,5,95.2,4,95.3,8,1,2022-06-28 09:06:34
1656407195145967000,95.3,1,95.2,4,95.3,7,1,2022-06-28 09:06:35
1656407195743049000,95.3,10,95.2,4,95.4,9,1,2022-06-28 09:06:35
1656407195743049000,95.4,5,95.2,4,95.4,9,1,2022-06-28 09:06:35
1656407197580928000,95.4,9,95.3,15,95.5,10,1,2022-06-28 09:06:37
1656407197782041000,95.5,1,95.4,2,95.5,10,1,2022-06-28 09:06:37
1656407198054741000,95.5,1,95.4,57,95.5,8,1,2022-06-28 09:06:38
1656407198076910000,95.5,1,95.4,57,95.5,7,1,2022-06-28 09:06:38
1656407198077546000,95.5,7,95.4,57,95.6,8,1,2022-06-28 09:06:38
1656407200314835000,95.6,1,95.5,56,95.6,9,1,2022-06-28 09:06:40
1656407200340070000,95.6,5,95.5,55,95.6,4,1,2022-06-28 09:06:40
1656407200802756000,95.6,4,95.5,55,95.6,4,1,2022-06-28 09:06:40
1656407205519916000,95.7,11,95.6,6,95.8,18,1,2022-06-28 09:06:45
1656407205984787000,95.8,1,95.6,6,95.8,17,1,2022-06-28 09:06:45
1656407208015142000,95.6,7,95.4,1,95.7,5,2,2022-06-28 09:06:48
1656407208151691000,95.4,1,95.3,19,95.7,6,2,2022-06-28 09:06:48
1656407209103601000,95.5,1,95.5,1,95.7,7,2,2022-06-28 09:06:49
1656407216865314000,95.6,1,95.4,1,95.6,7,1,2022-06-28 09:06:56
1656407217727629000,95.6,1,95.4,1,95.6,7,1,2022-06-28 09:06:57
1656407219792302000,95.6,2,95.4,1,95.6,8,1,2022-06-28 09:06:59
1656407220697213000,95.6,4,95.4,3,95.6,2,1,2022-06-28 09:07:00
1656407224623466000,95.4,4,95.3,19,95.6,5,2,2022-06-28 09:07:04
1656407229607400000,95.4,1,95.4,2,95.6,12,2,2022-06-28 09:07:09
1656407232299413000,95.6,1,95.4,3,95.6,13,1,2022-06-28 09:07:12
1656407238515547000,95.6,1,95.4,4,95.6,16,1,2022-06-28 09:07:18
1656407241619950000,95.6,1,95.4,4,95.6,15,1,2022-06-28 09:07:21
1656407241763620000,95.6,1,95.4,4,95.6,14,1,2022-06-28 09:07:21
1656407241828443000,95.5,1,95.4,4,95.6,14,1,2022-06-28 09:07:21
1656407241919212000,95.6,1,95.4,4,95.6,12,1,2022-06-28 09:07:21
1656407242088898000,95.6,1,95.4,5,95.6,11,1,2022-06-28 09:07:22
1656407242303821000,95.6,1,95.4,5,95.6,10,1,2022-06-28 09:07:22
1656407242729737000,95.6,1,95.4,5,95.6,10,1,2022-06-28 09:07:22
1656407246845942000,95.5,1,95.4,13,95.5,7,1,2022-06-28 09:07:26
1656407250578846000,95.5,1,95.4,8,95.5,8,1,2022-06-28 09:07:30
1656407253089166000,95.5,1,95.4,10,95.5,9,1,2022-06-28 09:07:33
1656407256563972000,95.5,2,95.4,11,95.5,8,1,2022-06-28 09:07:36
1656407259245172000,95.5,3,95.4,11,95.5,6,1,2022-06-28 09:07:39
1656407260207332000,95.5,2,95.4,15,95.5,6,1,2022-06-28 09:07:40
1656407262906306000,95.5,1,95.4,15,95.5,4,1,2022-06-28 09:07:42
1656407262943396000,95.4,1,95.4,14,95.5,5,2,2022-06-28 09:07:42
1656407263067124000,95.5,1,95.4,14,95.5,4,1,2022-06-28 09:07:43
1656407263250932000,95.5,4,95.4,14,95.5,4,1,2022-06-28 09:07:43
1656407266596340000,95.5,1,95.4,16,95.6,12,2,2022-06-28 09:07:46
1656407269085909000,95.5,1,95.4,16,95.6,13,2,2022-06-28 09:07:49
1656407270142131000,95.5,1,95.4,17,95.6,13,2,2022-06-28 09:07:50
1656407270287542000,95.4,2,95.4,15,95.6,14,2,2022-06-28 09:07:50
1656407280930180000,95.5,1,95.4,16,95.6,17,2,2022-06-28 09:08:00
1656407284833843000,95.5,1,95.4,18,95.5,4,1,2022-06-28 09:08:04
1656407286978334000,95.5,1,95.4,23,95.5,4,1,2022-06-28 09:08:06
1656407293442509000,95.5,1,95.4,23,95.5,5,1,2022-06-28 09:08:13
1656407293586210000,95.5,1,95.4,23,95.5,4,1,2022-06-28 09:08:13
1656407293814904000,95.5,1,95.4,23,95.5,3,1,2022-06-28 09:08:13
1656407300058592000,95.4,1,95.4,22,95.5,8,2,2022-06-28 09:08:20
1656407300078123000,95.4,12,95.4,10,95.5,8,2,2022-06-28 09:08:20
1656407300107416000,95.4,8,95.4,2,95.5,8,2,2022-06-28 09:08:20
1656407300139814000,95.4,1,95.4,1,95.5,10,2,2022-06-28 09:08:20
1656407300170823000,95.4,1,95.3,38,95.5,10,2,2022-06-28 09:08:20
1656407303582807000,95.4,1,95.3,38,95.4,2,1,2022-06-28 09:08:23
1656407304231486000,95.4,2,95.3,38,95.5,11,1,2022-06-28 09:08:24
1656407304231486000,95.5,1,95.3,38,95.5,11,1,2022-06-28 09:08:24
1656407306797118000,95.4,1,95.4,4,95.5,12,2,2022-06-28 09:08:26
1656407307180198000,95.4,4,95.3,38,95.5,12,2,2022-06-28 09:08:27
1656407307180198000,95.3,1,95.3,38,95.5,12,2,2022-06-28 09:08:27
1656407308721670000,95.4,2,95.4,4,95.5,12,2,2022-06-28 09:08:28
1656407310982962000,95.5,2,95.4,4,95.5,11,1,2022-06-28 09:08:30
1656407311624850000,95.4,1,95.4,7,95.5,10,2,2022-06-28 09:08:31
1656407311701505000,95.5,2,95.4,7,95.5,10,1,2022-06-28 09:08:31
1656407312510213000,95.4,1,95.4,8,95.5,9,2,2022-06-28 09:08:32
1656407313709788000,95.5,1,95.4,8,95.5,8,1,2022-06-28 09:08:33
1656407314486838000,95.4,1,95.4,7,95.5,8,2,2022-06-28 09:08:34
1656407318933467000,95.4,2,95.4,5,95.5,10,2,2022-06-28 09:08:38
1656407319161152000,95.4,1,95.4,5,95.5,10,2,2022-06-28 09:08:39
1656407319301419000,95.5,1,95.4,4,95.5,9,1,2022-06-28 09:08:39
1656407319363806000,95.5,3,95.4,4,95.5,6,1,2022-06-28 09:08:39
1656407319921604000,95.5,1,95.4,4,95.5,6,1,2022-06-28 09:08:39
1656407322909409000,95.5,5,95.4,14,95.5,2,1,2022-06-28 09:08:42
1656407323077466000,95.4,1,95.4,13,95.5,2,2,2022-06-28 09:08:43
1656407333280005000,95.4,15,95.3,37,95.5,17,2,2022-06-28 09:08:53
1656407335538294000,95.5,1,95.3,37,95.5,15,1,2022-06-28 09:08:55
1656407345752250000,95.4,1,95.3,38,95.4,4,1,2022-06-28 09:09:05
1656407346708342000,95.3,3,95.3,36,95.4,4,2,2022-06-28 09:09:06
1656407347744445000,95.4,1,95.3,36,95.4,4,1,2022-06-28 09:09:07
1656407349216490000,95.3,3,95.3,23,95.4,5,2,2022-06-28 09:09:09
1656407350226796000,95.3,1,95.3,22,95.4,7,2,2022-06-28 09:09:10
1656407354287784000,95.3,10,95.3,12,95.4,18,2,2022-06-28 09:09:14
1656407354319189000,95.3,7,95.3,5,95.4,18,2,2022-06-28 09:09:14
1656407354321833000,95.3,1,95.3,4,95.4,18,2,2022-06-28 09:09:14
1656407354322971000,95.3,1,95.3,3,95.4,18,2,2022-06-28 09:09:14
1656407354353363000,95.3,1,95.3,2,95.4,18,2,2022-06-28 09:09:14
1656407354356096000,95.3,2,95.2,21,95.3,1,2,2022-06-28 09:09:14
1656407354425215000,95.2,9,95.2,20,95.3,2,2,2022-06-28 09:09:14
1656407355196399000,95.2,1,95.2,10,95.3,2,2,2022-06-28 09:09:15
1656407360103132000,95.2,1,95.2,9,95.3,11,2,2022-06-28 09:09:20
1656407360243156000,95.2,1,95.2,8,95.3,12,2,2022-06-28 09:09:20
1656407360243293000,95.2,1,95.2,7,95.3,12,2,2022-06-28 09:09:20
1656407361177197000,95.2,4,95.2,3,95.3,12,2,2022-06-28 09:09:21
1656407361208299000,95.2,1,95.2,2,95.3,12,2,2022-06-28 09:09:21
1656407361304605000,95.2,2,95.1,11,95.2,12,2,2022-06-28 09:09:21
1656407362623829000,95.2,2,95.1,10,95.2,11,1,2022-06-28 09:09:22
1656407369973985000,95.1,1,95.1,9,95.2,22,2,2022-06-28 09:09:29
1656407372077011000,95.1,1,95.1,6,95.2,22,2,2022-06-28 09:09:32
1656407372444395000,95.1,5,95.1,1,95.2,23,2,2022-06-28 09:09:32
1656407372468844000,95.1,1,95.0,52,95.2,23,2,2022-06-28 09:09:32
1656407373264815000,95.1,1,95.0,52,95.1,1,1,2022-06-28 09:09:33
1656407374833775000,95.0,4,95.0,48,95.1,1,2,2022-06-28 09:09:34
1656407374887405000,95.0,1,95.0,47,95.1,1,2,2022-06-28 09:09:34
1656407378714351000,95.1,1,95.0,47,95.1,10,1,2022-06-28 09:09:38
1656407385087423000,95.1,1,95.0,53,95.1,11,1,2022-06-28 09:09:45
1656407385983030000,95.0,1,95.0,52,95.1,17,2,2022-06-28 09:09:45
1656407386457587000,95.1,1,95.0,52,95.1,16,1,2022-06-28 09:09:46
1656407388254972000,95.1,1,95.0,52,95.1,17,1,2022-06-28 09:09:48
1656407390227882000,95.0,1,95.0,52,95.1,20,2,2022-06-28 09:09:50
1656407390261526000,95.0,1,95.0,50,95.1,20,2,2022-06-28 09:09:50
1656407390284289000,95.0,1,95.0,49,95.1,20,2,2022-06-28 09:09:50
1656407392962914000,95.1,1,95.0,49,95.1,19,1,2022-06-28 09:09:52
1656407397857345000,95.0,1,95.0,58,95.1,25,2,2022-06-28 09:09:57
1656407399176559000,95.1,5,95.0,59,95.1,20,1,2022-06-28 09:09:59
1656407400012883000,95.0,1,95.0,58,95.1,26,2,2022-06-28 09:10:00
1656407400120202000,95.1,1,95.0,58,95.1,25,1,2022-06-28 09:10:00
1656407400825981000,95.1,2,95.0,59,95.1,23,1,2022-06-28 09:10:00
1656407402050344000,95.1,3,95.0,59,95.1,21,1,2022-06-28 09:10:02
1656407404530510000,95.1,1,95.0,60,95.1,22,1,2022-06-28 09:10:04
1656407407669032000,95.1,1,95.0,61,95.1,22,1,2022-06-28 09:10:07
1656407409842018000,95.1,2,95.0,61,95.1,24,1,2022-06-28 09:10:09
1656407410723844000,95.1,1,95.0,61,95.1,25,1,2022-06-28 09:10:10
1656407411364405000,95.0,10,95.0,51,95.1,28,2,2022-06-28 09:10:11
1656407419877809000,95.0,2,95.0,49,95.1,41,2,2022-06-28 09:10:19
1656407427733070000,95.0,2,95.0,49,95.1,47,2,2022-06-28 09:10:27
1656407428728998000,95.0,1,95.0,48,95.1,47,2,2022-06-28 09:10:28
1656407431265617000,95.1,1,95.0,48,95.1,47,1,2022-06-28 09:10:31
1656407434831200000,95.0,1,95.0,47,95.1,49,2,2022-06-28 09:10:34
1656407435291168000,95.0,5,95.0,42,95.1,49,2,2022-06-28 09:10:35
1656407438393659000,95.0,1,95.0,42,95.1,52,2,2022-06-28 09:10:38
1656407438398138000,95.1,2,95.0,41,95.1,50,1,2022-06-28 09:10:38
1656407439633664000,95.0,1,95.0,40,95.1,50,2,2022-06-28 09:10:39
1656407439664739000,95.0,1,95.0,39,95.1,50,2,2022-06-28 09:10:39
1656407439770047000,95.0,1,95.0,38,95.1,50,2,2022-06-28 09:10:39
1656407440167983000,95.1,1,95.0,38,95.1,49,1,2022-06-28 09:10:40
1656407442485780000,95.1,17,95.0,38,95.1,33,1,2022-06-28 09:10:42
1656407442486342000,95.1,30,95.0,38,95.1,3,1,2022-06-28 09:10:42
1656407442521501000,95.1,3,95.0,38,95.2,26,1,2022-06-28 09:10:42
1656407442696165000,95.2,18,95.0,38,95.2,8,1,2022-06-28 09:10:42
1656407442750223000,95.2,8,95.1,1,95.3,8,1,2022-06-28 09:10:42
1656407443242483000,95.2,1,95.2,7,95.3,8,2,2022-06-28 09:10:43
1656407447177866000,95.2,2,95.2,7,95.3,11,2,2022-06-28 09:10:47
1656407452774692000,95.2,8,95.0,35,95.3,13,2,2022-06-28 09:10:52
1656407452774692000,95.1,3,95.0,35,95.3,13,2,2022-06-28 09:10:52
1656407452774692000,95.0,9,95.0,35,95.3,13,2,2022-06-28 09:10:52
1656407453799656000,95.1,2,95.1,1,95.2,2,2,2022-06-28 09:10:53
1656407454366741000,95.2,1,95.1,1,95.2,2,1,2022-06-28 09:10:54
1656407454521264000,95.2,1,95.1,1,95.3,12,1,2022-06-28 09:10:54
1656407455136423000,95.3,1,95.1,1,95.3,13,1,2022-06-28 09:10:55
1656407456880103000,95.1,1,95.0,35,95.2,4,2,2022-06-28 09:10:56
1656407457785451000,95.0,2,95.0,35,95.2,7,2,2022-06-28 09:10:57
1656407459241882000,95.0,2,95.0,31,95.2,9,2,2022-06-28 09:10:59
1656407461023879000,95.0,1,95.0,30,95.1,5,2,2022-06-28 09:11:01
1656407463100075000,95.1,1,95.0,30,95.1,5,1,2022-06-28 09:11:03
1656407463469377000,95.1,1,95.0,30,95.1,4,1,2022-06-28 09:11:03
1656407466526970000,95.1,1,95.0,31,95.1,3,1,2022-06-28 09:11:06
1656407467861769000,95.1,2,95.0,33,95.1,2,1,2022-06-28 09:11:07
1656407468063293000,95.1,1,95.0,33,95.1,1,1,2022-06-28 09:11:08
1656407468431815000,95.0,1,95.0,33,95.1,1,2,2022-06-28 09:11:08
1656407468559633000,95.1,1,95.0,32,95.1,1,1,2022-06-28 09:11:08
1656407469909293000,95.0,9,95.0,34,95.1,1,2,2022-06-28 09:11:09
1656407470788980000,95.1,1,95.1,9,95.2,8,1,2022-06-28 09:11:10
1656407473320100000,95.1,1,95.1,8,95.2,10,2,2022-06-28 09:11:13
1656407473766981000,95.1,4,95.1,4,95.2,10,2,2022-06-28 09:11:13
1656407473792858000,95.1,1,95.1,3,95.2,10,2,2022-06-28 09:11:13
1656407484780755000,95.1,1,95.1,5,95.2,17,2,2022-06-28 09:11:24
1656407488995838000,95.1,1,95.1,4,95.2,19,2,2022-06-28 09:11:28
1656407494146259000,95.1,1,95.1,4,95.2,20,2,2022-06-28 09:11:34
1656407497415097000,95.1,1,95.1,2,95.2,20,2,2022-06-28 09:11:37
1656407498505375000,95.1,2,95.0,30,95.1,8,2,2022-06-28 09:11:38
1656407499338321000,95.1,5,95.0,29,95.1,3,1,2022-06-28 09:11:39
1656407499600799000,95.1,2,95.0,29,95.1,1,1,2022-06-28 09:11:39
1656407505143801000,95.1,2,95.0,29,95.2,21,1,2022-06-28 09:11:45
1656407506645356000,95.1,1,95.0,28,95.2,32,1,2022-06-28 09:11:46
1656407524728993000,95.1,1,95.0,27,95.1,20,1,2022-06-28 09:12:04
1656407531208201000,95.1,1,95.0,27,95.1,20,1,2022-06-28 09:12:11
1656407533099333000,95.0,1,95.0,26,95.1,20,2,2022-06-28 09:12:13
1656407533895245000,95.0,2,95.0,24,95.1,20,2,2022-06-28 09:12:13
1656407534284672000,95.1,16,95.0,24,95.1,4,1,2022-06-28 09:12:14
1656407534287325000,95.0,1,95.0,23,95.1,4,2,2022-06-28 09:12:14
1656407534557602000,95.1,1,95.0,23,95.1,3,1,2022-06-28 09:12:14
1656407534893592000,95.1,2,95.0,23,95.1,1,1,2022-06-28 09:12:14
1656407536905667000,95.0,2,95.0,21,95.1,1,2,2022-06-28 09:12:16
1656407536939878000,95.0,1,95.0,20,95.1,2,2,2022-06-28 09:12:16
1656407544943858000,95.0,1,95.0,19,95.1,3,2,2022-06-28 09:12:24
1656407547125549000,95.0,1,95.0,18,95.1,5,2,2022-06-28 09:12:27
1656407548772793000,95.0,5,95.0,13,95.1,5,2,2022-06-28 09:12:28
1656407549878878000,95.0,1,95.0,12,95.1,6,2,2022-06-28 09:12:29
1656407551150735000,95.0,1,95.0,11,95.1,6,2,2022-06-28 09:12:31
1656407551446514000,95.0,1,95.0,10,95.1,6,2,2022-06-28 09:12:31
1656407551829176000,95.0,2,95.0,8,95.1,6,2,2022-06-28 09:12:31
1656407559401416000,95.0,2,95.0,9,95.1,7,2,2022-06-28 09:12:39
1656407564793457000,95.1,2,95.0,10,95.1,5,1,2022-06-28 09:12:44
1656407566255329000,95.0,10,94.9,16,95.1,5,2,2022-06-28 09:12:46
1656407566674691000,95.0,1,95.0,9,95.1,6,2,2022-06-28 09:12:46
1656407569289579000,95.0,4,95.0,5,95.1,6,2,2022-06-28 09:12:49
1656407571513993000,95.0,5,94.9,20,95.1,9,2,2022-06-28 09:12:51
1656407572097062000,95.0,1,94.9,20,95.1,10,2,2022-06-28 09:12:52
1656407581269912000,95.0,1,94.9,25,95.1,16,2,2022-06-28 09:13:01
1656407585786623000,95.0,1,95.0,6,95.1,16,2,2022-06-28 09:13:05
1656407592542870000,95.0,2,95.0,5,95.1,17,2,2022-06-28 09:13:12
1656407592736068000,95.0,1,95.0,4,95.1,17,2,2022-06-28 09:13:12
1656407596984754000,95.0,2,95.0,2,95.1,18,2,2022-06-28 09:13:16
1656407597125445000,95.0,2,94.9,26,95.0,8,2,2022-06-28 09:13:17
1656407597384463000,95.0,8,94.9,24,95.0,4,1,2022-06-28 09:13:17
1656407597400730000,95.0,4,94.9,24,95.0,12,1,2022-06-28 09:13:17
1656407598434635000,95.1,12,95.0,10,95.1,2,1,2022-06-28 09:13:18
1656407598455571000,95.1,1,95.0,10,95.1,1,1,2022-06-28 09:13:18
1656407598455678000,95.1,1,95.0,10,95.2,41,1,2022-06-28 09:13:18
1656407598752466000,95.2,6,95.1,3,95.2,35,1,2022-06-28 09:13:18
1656407599089950000,95.2,12,95.1,3,95.2,23,1,2022-06-28 09:13:19
1656407599111475000,95.2,1,95.1,3,95.2,22,1,2022-06-28 09:13:19
1656407599111834000,95.2,12,95.1,3,95.2,10,1,2022-06-28 09:13:19
1656407599112255000,95.2,1,95.1,3,95.2,9,1,2022-06-28 09:13:19
1656407599132990000,95.2,1,95.1,3,95.2,8,1,2022-06-28 09:13:19
1656407599133344000,95.2,8,95.1,2,95.3,12,1,2022-06-28 09:13:19
1656407599355025000,95.3,4,95.2,2,95.3,10,1,2022-06-28 09:13:19
1656407600616570000,95.3,6,95.2,3,95.4,15,1,2022-06-28 09:13:20
1656407600842841000,95.4,1,95.3,1,95.4,14,1,2022-06-28 09:13:20
1656407608088464000,95.4,15,95.4,5,95.5,15,1,2022-06-28 09:13:28
1656407608289559000,95.5,1,95.4,6,95.5,14,1,2022-06-28 09:13:28
1656407609301499000,95.5,14,95.4,7,95.6,37,1,2022-06-28 09:13:29
1656407616237914000,95.5,1,95.5,1,95.6,38,2,2022-06-28 09:13:36
1656407620204966000,95.5,1,95.5,5,95.6,39,2,2022-06-28 09:13:40
1656407621436140000,95.5,1,95.5,4,95.6,39,2,2022-06-28 09:13:41
1656407625136455000,95.5,1,95.5,3,95.6,37,2,2022-06-28 09:13:45
1656407625663173000,95.5,1,95.5,2,95.6,37,2,2022-06-28 09:13:45
1656407630830250000,95.5,2,95.4,3,95.6,37,2,2022-06-28 09:13:50
1656407632396683000,95.5,1,95.4,5,95.5,4,1,2022-06-28 09:13:52
1656407632546697000,95.5,1,95.4,5,95.5,3,1,2022-06-28 09:13:52
1656407632577599000,95.5,1,95.4,5,95.5,2,1,2022-06-28 09:13:52
1656407632684018000,95.5,1,95.4,6,95.5,1,1,2022-06-28 09:13:52
1656407632836186000,95.5,1,95.4,6,95.6,37,1,2022-06-28 09:13:52
1656407632986755000,95.6,1,95.4,6,95.6,36,1,2022-06-28 09:13:52
1656407635137013000,95.6,1,95.5,4,95.6,39,1,2022-06-28 09:13:55
1656407635288523000,95.6,1,95.5,4,95.6,38,1,2022-06-28 09:13:55
1656407635960943000,95.6,1,95.5,4,95.6,37,1,2022-06-28 09:13:55
1656407636118237000,95.6,1,95.5,4,95.6,36,1,2022-06-28 09:13:56
1656407639277150000,95.5,1,95.5,4,95.6,40,2,2022-06-28 09:13:59
1656407641256665000,95.5,4,95.4,3,95.6,41,2,2022-06-28 09:14:01
1656407642569201000,95.6,3,95.4,4,95.6,41,1,2022-06-28 09:14:02
1656407645511046000,95.6,1,95.5,1,95.6,40,1,2022-06-28 09:14:05
1656407646969903000,95.6,1,95.5,1,95.6,36,1,2022-06-28 09:14:06
1656407650287870000,95.5,2,95.5,2,95.6,35,2,2022-06-28 09:14:10
1656407653280536000,95.5,1,95.4,2,95.6,36,1,2022-06-28 09:14:13
1656407657367091000,95.5,1,95.4,4,95.6,36,2,2022-06-28 09:14:17
1656407659027139000,95.4,3,95.3,3,95.5,3,2,2022-06-28 09:14:19
1656407660144147000,95.5,1,95.3,5,95.5,13,1,2022-06-28 09:14:20
1656407660729727000,95.5,1,95.3,5,95.5,13,1,2022-06-28 09:14:20
1656407660755303000,95.3,3,95.3,2,95.5,13,2,2022-06-28 09:14:20
1656407666181525000,95.5,1,95.2,1,95.5,17,1,2022-06-28 09:14:26
1656407667302608000,95.2,1,95.2,4,95.5,14,2,2022-06-28 09:14:27
1656407684758898000,95.3,1,95.3,1,95.4,2,2,2022-06-28 09:14:44
1656407696432542000,95.4,1,95.3,11,95.4,5,1,2022-06-28 09:14:56
1656407696462245000,95.4,5,95.3,11,95.5,21,1,2022-06-28 09:14:56
1656407700165079000,95.4,2,95.4,2,95.5,23,2,2022-06-28 09:15:00
1656407702095748000,95.4,4,95.3,15,95.4,1,2,2022-06-28 09:15:02
1656407704113347000,95.4,1,95.3,13,95.4,2,1,2022-06-28 09:15:04
1656407705179673000,95.4,1,95.3,13,95.4,2,1,2022-06-28 09:15:05
1656407706276285000,95.4,1,95.3,12,95.4,1,1,2022-06-28 09:15:06
1656407707692572000,95.4,1,95.3,11,95.4,1,1,2022-06-28 09:15:07
1656407708007852000,95.4,1,95.4,2,95.5,25,1,2022-06-28 09:15:08
1656407708469557000,95.4,1,95.4,1,95.5,25,2,2022-06-28 09:15:08
1656407714728482000,95.4,1,95.3,13,95.5,26,2,2022-06-28 09:15:14
1656407715941782000,95.4,6,95.3,13,95.4,4,2,2022-06-28 09:15:15
1656407719620683000,95.4,1,95.3,13,95.4,3,1,2022-06-28 09:15:19
1656407720145713000,95.4,1,95.3,13,95.4,2,1,2022-06-28 09:15:20
1656407720554038000,95.4,1,95.3,13,95.4,1,1,2022-06-28 09:15:20
1656407722461816000,95.4,2,95.3,12,95.5,23,1,2022-06-28 09:15:22
1656407725719612000,95.5,23,95.5,7,95.6,44,1,2022-06-28 09:15:25
1656407729172870000,95.6,1,95.5,7,95.6,43,1,2022-06-28 09:15:29
1656407734116661000,95.6,2,95.5,11,95.6,47,1,2022-06-28 09:15:34
1656407744516762000,95.6,2,95.5,13,95.6,47,1,2022-06-28 09:15:44
1656407749083649000,95.6,1,95.5,13,95.6,50,1,2022-06-28 09:15:49
1656407751703630000,95.6,1,95.5,13,95.6,49,1,2022-06-28 09:15:51
1656407758135286000,95.6,1,95.5,14,95.6,50,1,2022-06-28 09:15:58
1656407758335984000,95.6,1,95.5,14,95.6,49,1,2022-06-28 09:15:58
1656407760653766000,95.6,1,95.5,14,95.6,48,1,2022-06-28 09:16:00
1656407761426700000,95.5,3,95.5,11,95.6,49,2,2022-06-28 09:16:01
1656407766483233000,95.5,11,95.4,12,95.6,56,2,2022-06-28 09:16:06
1656407772570341000,95.4,1,95.4,11,95.5,3,2,2022-06-28 09:16:12
1656407774040789000,95.4,11,95.3,7,95.5,14,2,2022-06-28 09:16:14
1656407794139421000,95.4,5,95.4,6,95.5,25,2,2022-06-28 09:16:34
1656407794163482000,95.4,6,95.3,6,95.5,25,2,2022-06-28 09:16:34
1656407800390157000,95.4,1,95.3,7,95.4,5,1,2022-06-28 09:16:40
1656407803811815000,95.3,1,95.3,6,95.4,7,2,2022-06-28 09:16:43
1656407805071560000,95.3,6,95.2,15,95.4,8,2,2022-06-28 09:16:45
1656407806214863000,95.4,1,95.2,13,95.4,13,1,2022-06-28 09:16:46
1656407806368203000,95.4,1,95.2,13,95.4,8,1,2022-06-28 09:16:46
1656407806526746000,95.4,1,95.2,13,95.4,6,1,2022-06-28 09:16:46
1656407806771021000,95.2,2,95.2,11,95.4,7,2,2022-06-28 09:16:46
1656407809794830000,95.3,1,95.2,11,95.4,8,2,2022-06-28 09:16:49
1656407811887886000,95.4,1,95.2,11,95.4,22,1,2022-06-28 09:16:51
1656407812052515000,95.3,1,95.2,11,95.4,20,1,2022-06-28 09:16:52
1656407812211748000,95.4,1,95.2,11,95.4,19,1,2022-06-28 09:16:52
1656407812362825000,95.4,1,95.2,11,95.4,25,1,2022-06-28 09:16:52
1656407816621183000,95.2,4,95.2,7,95.3,3,2,2022-06-28 09:16:56
1656407817148056000,95.3,1,95.2,7,95.3,6,1,2022-06-28 09:16:57
1656407818314245000,95.2,1,95.2,6,95.3,6,2,2022-06-28 09:16:58
1656407818391481000,95.2,6,95.2,6,95.3,2,2,2022-06-28 09:16:58
1656407824512690000,95.2,6,95.2,4,95.3,11,1,2022-06-28 09:17:04
1656407824547370000,95.2,1,95.2,3,95.3,11,2,2022-06-28 09:17:04
1656407824548169000,95.2,1,95.2,2,95.3,11,2,2022-06-28 09:17:04
1656407835756709000,95.2,3,95.1,7,95.3,17,2,2022-06-28 09:17:15
1656407839801029000,95.2,3,95.2,2,95.3,16,1,2022-06-28 09:17:19
1656407846422857000,95.2,1,95.2,1,95.3,17,2,2022-06-28 09:17:26
1656407848661313000,95.2,1,95.1,10,95.3,17,2,2022-06-28 09:17:28
1656407858798550000,95.3,1,95.2,6,95.3,14,1,2022-06-28 09:17:38
1656407858938305000,95.3,1,95.2,6,95.3,13,1,2022-06-28 09:17:38
1656407859144136000,95.3,1,95.2,6,95.3,13,1,2022-06-28 09:17:39
1656407859837830000,95.2,1,95.2,5,95.3,13,2,2022-06-28 09:17:39
1656407865579004000,95.2,3,95.2,2,95.3,13,2,2022-06-28 09:17:45
1656407867488839000,95.2,2,95.1,10,95.3,14,2,2022-06-28 09:17:47
1656407869360893000,95.2,1,95.2,4,95.3,15,1,2022-06-28 09:17:49
1656407875232405000,95.2,2,95.2,3,95.3,15,2,2022-06-28 09:17:55
1656407889440482000,95.3,1,95.2,4,95.3,15,1,2022-06-28 09:18:09
1656407889590587000,95.3,1,95.2,4,95.3,14,1,2022-06-28 09:18:09
1656407889739412000,95.3,1,95.2,4,95.3,13,1,2022-06-28 09:18:09
1656407894351767000,95.2,1,95.2,3,95.3,15,2,2022-06-28 09:18:14
1656407907746409000,95.2,1,95.2,4,95.3,16,2,2022-06-28 09:18:27
1656407930777493000,95.2,1,95.2,3,95.3,19,2,2022-06-28 09:18:50
1656407931466420000,95.2,1,95.2,2,95.3,19,2,2022-06-28 09:18:51
1656407934268345000,95.2,2,95.1,9,95.3,19,2,2022-06-28 09:18:54
1656407940646867000,95.1,5,95.1,4,95.3,20,2,2022-06-28 09:19:00
1656407944727883000,95.1,2,95.1,2,95.2,1,2,2022-06-28 09:19:04
1656407945659155000,95.1,1,95.1,1,95.2,1,2,2022-06-28 09:19:05
1656407953411099000,95.1,1,95.0,38,95.2,8,2,2022-06-28 09:19:13
1656407965847982000,95.1,2,95.0,37,95.1,9,1,2022-06-28 09:19:25
1656407967433146000,95.0,2,95.0,35,95.1,9,2,2022-06-28 09:19:27
1656407967650649000,95.1,1,95.0,35,95.1,8,1,2022-06-28 09:19:27
1656407969623001000,95.1,1,95.0,35,95.1,7,1,2022-06-28 09:19:29
1656407969652815000,95.1,7,95.0,35,95.2,13,1,2022-06-28 09:19:29
1656407970113551000,95.1,1,95.0,35,95.2,14,1,2022-06-28 09:19:30
1656407971319395000,95.0,3,95.0,32,95.1,3,2,2022-06-28 09:19:31
1656407971358183000,95.0,1,95.0,32,95.1,4,2,2022-06-28 09:19:31
1656407973259685000,95.0,31,94.9,30,95.1,20,2,2022-06-28 09:19:33
1656407973448107000,95.0,2,94.9,30,95.0,2,1,2022-06-28 09:19:33
1656407977447738000,95.0,1,94.9,31,95.0,10,1,2022-06-28 09:19:37
1656407977597383000,95.0,1,94.9,31,95.0,9,1,2022-06-28 09:19:37
1656407977737330000,95.0,1,94.9,31,95.0,8,1,2022-06-28 09:19:37
1656407977875408000,95.0,1,94.9,31,95.0,7,1,2022-06-28 09:19:37
1656407978373968000,95.0,1,94.9,31,95.0,7,1,2022-06-28 09:19:38
1656407979281551000,94.9,15,94.9,16,95.0,7,2,2022-06-28 09:19:39
1656407979580407000,94.9,10,94.9,6,95.0,8,2,2022-06-28 09:19:39
1656407980377694000,94.9,1,94.9,5,95.0,9,2,2022-06-28 09:19:40
1656407980380719000,94.9,5,94.8,144,95.0,9,2,2022-06-28 09:19:40
1656407988468099000,94.8,1,94.8,141,94.9,2,2,2022-06-28 09:19:48
1656407992426585000,94.8,1,94.8,140,94.9,3,2,2022-06-28 09:19:52
1656408003394287000,94.8,13,94.8,127,94.9,8,2,2022-06-28 09:20:03
1656408003424044000,94.8,1,94.8,126,94.9,9,2,2022-06-28 09:20:03
1656408007005329000,94.9,1,94.8,126,94.9,8,1,2022-06-28 09:20:07
1656408008860701000,94.9,5,94.8,126,94.9,3,1,2022-06-28 09:20:08
1656408010628650000,94.8,1,94.8,125,94.9,4,2,2022-06-28 09:20:10
1656408012822476000,94.9,4,94.9,4,95.0,11,1,2022-06-28 09:20:12
1656408016998131000,95.0,2,94.9,8,95.0,10,1,2022-06-28 09:20:16
1656408024089943000,94.9,1,94.9,8,95.0,11,2,2022-06-28 09:20:24
1656408027008102000,94.9,1,94.9,8,95.0,12,2,2022-06-28 09:20:27
1656408027527515000,94.9,1,94.9,7,95.0,12,2,2022-06-28 09:20:27
1656408029236185000,95.0,1,94.9,7,95.0,11,1,2022-06-28 09:20:29
1656408036542005000,94.9,1,94.9,6,95.0,13,2,2022-06-28 09:20:36
1656408037301353000,94.9,1,94.9,5,95.0,13,2,2022-06-28 09:20:37
1656408038194932000,94.9,1,94.9,4,95.0,13,2,2022-06-28 09:20:38
1656408041193056000,94.9,1,94.9,3,95.0,14,2,2022-06-28 09:20:41
1656408041929554000,94.9,1,94.9,4,95.0,14,2,2022-06-28 09:20:41
1656408042583959000,94.9,1,94.9,2,95.0,15,2,2022-06-28 09:20:42
1656408049280801000,94.9,1,94.9,2,95.0,16,2,2022-06-28 09:20:49
1656408051026715000,94.9,2,94.8,126,95.0,16,2,2022-06-28 09:20:51
1656408052166398000,94.8,1,94.8,125,95.0,19,2,2022-06-28 09:20:52
1656408058772587000,94.9,1,94.8,125,95.0,16,2,2022-06-28 09:20:58
1656408059815083000,94.9,1,94.8,125,94.9,20,1,2022-06-28 09:20:59
1656408059917602000,94.8,1,94.8,124,94.9,20,2,2022-06-28 09:20:59
1656408060671084000,94.8,1,94.8,124,94.9,21,2,2022-06-28 09:21:00
1656408061160820000,94.9,1,94.8,124,94.9,20,1,2022-06-28 09:21:01
1656408061580804000,94.9,1,94.8,124,94.9,20,1,2022-06-28 09:21:01
1656408062339894000,94.9,1,94.8,124,94.9,19,1,2022-06-28 09:21:02
1656408062576608000,94.8,1,94.8,123,94.9,19,2,2022-06-28 09:21:02
1656408063876871000,94.9,1,94.8,123,94.9,19,1,2022-06-28 09:21:03
1656408064149827000,94.9,1,94.8,123,94.9,18,1,2022-06-28 09:21:04
1656408064484580000,94.9,1,94.8,123,94.9,17,1,2022-06-28 09:21:04
1656408065284421000,94.9,1,94.8,123,94.9,16,1,2022-06-28 09:21:05
1656408065299285000,94.8,1,94.8,122,94.9,16,2,2022-06-28 09:21:05
1656408065956932000,94.9,1,94.8,122,94.9,16,1,2022-06-28 09:21:05
1656408066828974000,94.9,1,94.8,122,94.9,14,1,2022-06-28 09:21:06
1656408067417857000,94.9,1,94.8,122,94.9,13,1,2022-06-28 09:21:07
1656408068243558000,94.8,5,94.8,117,94.9,13,2,2022-06-28 09:21:08
1656408068882547000,94.8,1,94.8,117,94.9,20,2,2022-06-28 09:21:08
1656408069564395000,94.9,1,94.8,116,94.9,19,1,2022-06-28 09:21:09
1656408069688935000,94.8,1,94.8,115,94.9,19,2,2022-06-28 09:21:09
1656408069898173000,94.8,1,94.8,114,94.9,19,2,2022-06-28 09:21:09
1656408069920024000,94.8,1,94.8,113,94.9,19,2,2022-06-28 09:21:09
1656408071975335000,94.8,2,94.8,111,94.9,21,2,2022-06-28 09:21:11
1656408072004519000,94.8,4,94.8,107,94.9,21,2,2022-06-28 09:21:12
1656408073088829000,94.8,52,94.8,55,94.9,21,2,2022-06-28 09:21:13
1656408073088992000,94.8,2,94.8,53,94.9,21,2,2022-06-28 09:21:13
1656408073089187000,94.8,14,94.8,39,94.9,21,2,2022-06-28 09:21:13
1656408073089346000,94.8,32,94.8,7,94.9,21,2,2022-06-28 09:21:13
1656408073119111000,94.8,4,94.8,3,94.9,21,2,2022-06-28 09:21:13
1656408073119187000,94.8,3,94.7,9,94.8,1,2,2022-06-28 09:21:13
1656408073172252000,94.7,2,94.7,7,94.8,12,2,2022-06-28 09:21:13
1656408073208021000,94.7,1,94.7,6,94.8,12,2,2022-06-28 09:21:13
1656408073208305000,94.8,1,94.7,6,94.8,11,1,2022-06-28 09:21:13
1656408073239054000,94.7,3,94.7,3,94.8,11,2,2022-06-28 09:21:13
1656408073260791000,94.7,1,94.7,2,94.8,11,2,2022-06-28 09:21:13
1656408073424942000,94.7,2,94.6,30,94.8,11,2,2022-06-28 09:21:13
1656408075302119000,94.6,10,94.6,20,94.8,14,2,2022-06-28 09:21:15
1656408080057835000,94.6,10,94.6,11,94.7,3,2,2022-06-28 09:21:20
1656408080093852000,94.6,1,94.6,10,94.7,4,2,2022-06-28 09:21:20
1656408080793225000,94.6,5,94.6,5,94.7,5,2,2022-06-28 09:21:20
1656408080820797000,94.6,5,94.5,51,94.7,5,2,2022-06-28 09:21:20
1656408096168511000,94.5,9,94.5,40,94.6,10,2,2022-06-28 09:21:36
1656408096194922000,94.5,1,94.5,39,94.6,10,2,2022-06-28 09:21:36
1656408096857955000,94.5,2,94.5,37,94.6,10,2,2022-06-28 09:21:36
1656408101882147000,94.5,1,94.5,36,94.6,13,2,2022-06-28 09:21:41
1656408102898475000,94.5,1,94.5,35,94.6,12,2,2022-06-28 09:21:42
1656408104622333000,94.5,1,94.5,34,94.6,12,2,2022-06-28 09:21:44
1656408104942743000,94.5,20,94.5,14,94.6,12,2,2022-06-28 09:21:44
1656408104984829000,94.5,1,94.5,13,94.6,12,2,2022-06-28 09:21:44
1656408104984849000,94.5,1,94.5,12,94.6,12,2,2022-06-28 09:21:44
1656408104984901000,94.5,1,94.5,11,94.6,12,2,2022-06-28 09:21:44
1656408105901843000,94.5,1,94.5,10,94.6,14,2,2022-06-28 09:21:45
1656408107394148000,94.5,1,94.5,9,94.6,14,2,2022-06-28 09:21:47
1656408107737845000,94.5,1,94.5,8,94.6,14,2,2022-06-28 09:21:47
1656408108251219000,94.5,3,94.5,5,94.6,14,2,2022-06-28 09:21:48
1656408111362602000,94.5,1,94.5,6,94.6,18,2,2022-06-28 09:21:51
1656408115320422000,94.5,1,94.5,5,94.6,16,2,2022-06-28 09:21:55
1656408116009883000,94.5,1,94.5,4,94.6,16,2,2022-06-28 09:21:56
1656408116033677000,94.5,2,94.5,2,94.6,16,2,2022-06-28 09:21:56
1656408116471234000,94.5,1,94.5,1,94.6,16,2,2022-06-28 09:21:56
1656408118966081000,94.5,2,94.5,1,94.6,18,2,2022-06-28 09:21:58
1656408128639672000,94.5,2,94.5,1,94.6,23,2,2022-06-28 09:22:08
1656408129031363000,94.5,1,94.4,15,94.6,23,2,2022-06-28 09:22:09
1656408129578374000,94.4,2,94.4,13,94.6,23,2,2022-06-28 09:22:09
1656408130787384000,94.5,1,94.5,1,94.6,23,2,2022-06-28 09:22:10
1656408134582521000,94.5,1,94.4,14,94.5,3,2,2022-06-28 09:22:14
1656408136335885000,94.4,7,94.4,6,94.5,5,2,2022-06-28 09:22:16
1656408143194645000,94.4,1,94.4,12,94.5,12,2,2022-06-28 09:22:23
1656408143227944000,94.4,1,94.4,11,94.5,12,2,2022-06-28 09:22:23
1656408146873369000,94.4,1,94.4,5,94.5,9,2,2022-06-28 09:22:26
1656408149051695000,94.5,1,94.4,11,94.5,8,1,2022-06-28 09:22:29
1656408149084764000,94.5,8,94.4,11,94.6,23,1,2022-06-28 09:22:29
1656408151895221000,94.5,1,94.4,11,94.5,2,1,2022-06-28 09:22:31
1656408151907254000,94.5,1,94.4,11,94.5,1,1,2022-06-28 09:22:31
1656408151929819000,94.5,1,94.4,11,94.6,24,1,2022-06-28 09:22:31
1656408154224688000,94.6,24,94.4,14,94.7,20,1,2022-06-28 09:22:34
1656408158236837000,94.7,2,94.5,13,94.7,18,1,2022-06-28 09:22:38
1656408162413235000,94.5,1,94.5,13,94.7,19,2,2022-06-28 09:22:42
1656408167266216000,94.5,1,94.5,6,94.6,2,2,2022-06-28 09:22:47
1656408168036158000,94.6,1,94.5,6,94.6,1,1,2022-06-28 09:22:48
1656408168069012000,94.6,1,94.5,6,94.7,19,1,2022-06-28 09:22:48
1656408173757069000,94.6,1,94.5,7,94.6,2,1,2022-06-28 09:22:53
1656408187384078000,94.6,5,94.5,6,94.6,4,1,2022-06-28 09:23:07
1656408196697956000,94.6,1,94.5,12,94.6,4,1,2022-06-28 09:23:16
1656408199248032000,94.6,1,94.5,12,94.6,5,1,2022-06-28 09:23:19
1656408199605266000,94.6,1,94.5,12,94.6,4,1,2022-06-28 09:23:19
1656408204799310000,94.6,1,94.5,13,94.6,7,1,2022-06-28 09:23:24
1656408207566842000,94.5,5,94.5,8,94.6,11,2,2022-06-28 09:23:27
1656408209308390000,94.5,1,94.5,7,94.6,13,2,2022-06-28 09:23:29
1656408209343698000,94.5,1,94.5,6,94.6,13,2,2022-06-28 09:23:29
1656408213977397000,94.5,1,94.5,5,94.6,14,2,2022-06-28 09:23:33
1656408214914866000,94.5,3,94.5,2,94.6,15,2,2022-06-28 09:23:34
1656408215749189000,94.5,2,94.4,17,94.5,3,2,2022-06-28 09:23:35
1656408221351193000,94.5,1,94.4,15,94.5,3,1,2022-06-28 09:23:41
1656408224157483000,94.4,2,94.4,13,94.5,4,2,2022-06-28 09:23:44
1656408224187349000,94.4,1,94.4,12,94.5,4,2,2022-06-28 09:23:44
1656408224619580000,94.4,1,94.4,11,94.5,4,2,2022-06-28 09:23:44
1656408227410529000,94.4,1,94.4,11,94.5,4,2,2022-06-28 09:23:47
1656408228439327000,94.4,6,94.4,5,94.5,5,2,2022-06-28 09:23:48
1656408230102699000,94.4,1,94.4,4,94.5,6,2,2022-06-28 09:23:50
1656408231221057000,94.4,4,94.3,13,94.4,1,2,2022-06-28 09:23:51
1656408237210082000,94.4,1,94.3,13,94.4,2,1,2022-06-28 09:23:57
1656408239716024000,94.4,1,94.3,13,94.4,1,1,2022-06-28 09:23:59
1656408243882857000,94.4,2,94.4,1,94.5,6,1,2022-06-28 09:24:03
1656408245898651000,94.5,1,94.4,1,94.5,12,1,2022-06-28 09:24:05
1656408246214288000,94.4,1,94.3,13,94.5,12,2,2022-06-28 09:24:06
1656408252548853000,94.4,8,94.4,2,94.5,11,1,2022-06-28 09:24:12
1656408252592894000,94.4,1,94.4,1,94.5,11,2,2022-06-28 09:24:12
1656408256012688000,94.4,1,94.4,1,94.5,12,2,2022-06-28 09:24:16
1656408260591551000,94.4,1,94.3,13,94.4,1,1,2022-06-28 09:24:20
1656408264218143000,94.3,10,94.3,3,94.4,3,2,2022-06-28 09:24:24
1656408264243019000,94.3,1,94.3,2,94.4,5,2,2022-06-28 09:24:24
1656408264305991000,94.3,2,94.2,44,94.4,5,2,2022-06-28 09:24:24
1656408264305991000,94.2,1,94.2,44,94.4,5,2,2022-06-28 09:24:24
1656408264327289000,94.4,1,94.2,44,94.4,4,1,2022-06-28 09:24:24
1656408269075846000,94.4,2,94.2,44,94.4,2,1,2022-06-28 09:24:29
1656408277125216000,94.2,2,94.2,41,94.3,1,2,2022-06-28 09:24:37
1656408280563338000,94.3,1,94.2,43,94.3,2,1,2022-06-28 09:24:40
1656408281020140000,94.3,1,94.2,43,94.3,1,1,2022-06-28 09:24:41
1656408281365681000,94.2,1,94.2,42,94.3,2,2,2022-06-28 09:24:41
1656408281527341000,94.2,1,94.2,41,94.3,2,2,2022-06-28 09:24:41
1656408282703345000,94.2,5,94.2,36,94.3,2,2,2022-06-28 09:24:42
1656408282874975000,94.3,1,94.2,36,94.3,2,1,2022-06-28 09:24:42
1656408285319351000,94.2,1,94.2,35,94.3,4,2,2022-06-28 09:24:45
1656408285480854000,94.2,1,94.2,34,94.3,4,2,2022-06-28 09:24:45
1656408289154245000,94.2,1,94.2,33,94.3,6,2,2022-06-28 09:24:49
1656408290060055000,94.2,4,94.2,29,94.3,6,2,2022-06-28 09:24:50
1656408291325765000,94.2,8,94.2,21,94.3,6,2,2022-06-28 09:24:51
1656408292248435000,94.2,1,94.2,20,94.3,8,2,2022-06-28 09:24:52
1656408294221488000,94.2,10,94.2,10,94.3,8,2,2022-06-28 09:24:54
1656408294252457000,94.2,3,94.2,7,94.3,9,2,2022-06-28 09:24:54
1656408294256947000,94.2,1,94.2,6,94.3,9,2,2022-06-28 09:24:54
1656408294288634000,94.2,2,94.2,4,94.3,9,2,2022-06-28 09:24:54
1656408294506742000,94.2,4,94.1,31,94.2,16,2,2022-06-28 09:24:54
1656408304888650000,94.1,1,94.1,35,94.2,26,2,2022-06-28 09:25:04
1656408305222619000,94.1,3,94.1,32,94.2,26,2,2022-06-28 09:25:05
1656408306969244000,94.1,1,94.1,32,94.2,25,2,2022-06-28 09:25:06
1656408307796731000,94.1,7,94.1,24,94.2,25,2,2022-06-28 09:25:07
1656408308078495000,94.1,1,94.1,24,94.2,25,2,2022-06-28 09:25:08
1656408308403893000,94.1,3,94.1,20,94.2,25,2,2022-06-28 09:25:08
1656408308423325000,94.1,1,94.1,19,94.2,25,2,2022-06-28 09:25:08
1656408309456891000,94.2,1,94.1,19,94.2,24,1,2022-06-28 09:25:09
1656408311215513000,94.1,1,94.1,18,94.2,24,2,2022-06-28 09:25:11
1656408312319162000,94.1,1,94.1,23,94.2,25,2,2022-06-28 09:25:12
1656408312356312000,94.1,1,94.1,24,94.2,25,2,2022-06-28 09:25:12
1656408313143232000,94.1,1,94.1,21,94.2,25,2,2022-06-28 09:25:13
1656408316555516000,94.1,1,94.1,21,94.2,24,2,2022-06-28 09:25:16
1656408317639468000,94.1,1,94.1,20,94.2,24,2,2022-06-28 09:25:17
1656408318193298000,94.1,1,94.1,19,94.2,24,2,2022-06-28 09:25:18
1656408318211489000,94.1,1,94.1,18,94.2,24,2,2022-06-28 09:25:18
1656408319301571000,94.1,10,94.1,16,94.2,25,2,2022-06-28 09:25:19
1656408319308191000,94.1,1,94.1,15,94.2,25,2,2022-06-28 09:25:19
1656408321097538000,94.2,1,94.1,20,94.2,24,1,2022-06-28 09:25:21
1656408323088011000,94.1,1,94.1,19,94.2,25,2,2022-06-28 09:25:23
1656408323737102000,94.1,2,94.1,17,94.2,25,2,2022-06-28 09:25:23
1656408326068947000,94.1,1,94.1,16,94.2,25,2,2022-06-28 09:25:26
1656408326694370000,94.1,5,94.1,11,94.2,25,2,2022-06-28 09:25:26
1656408326723593000,94.1,4,94.1,7,94.2,25,2,2022-06-28 09:25:26
1656408326725478000,94.1,1,94.1,6,94.2,25,2,2022-06-28 09:25:26
1656408329152076000,94.1,1,94.1,1,94.2,29,2,2022-06-28 09:25:29
1656408330734464000,94.1,1,94.1,4,94.2,28,2,2022-06-28 09:25:30
1656408331832472000,94.1,1,94.0,59,94.2,29,2,2022-06-28 09:25:31
1656408335436881000,94.2,30,94.1,5,94.3,10,1,2022-06-28 09:25:35
1656408336531136000,94.3,10,94.2,7,94.3,10,1,2022-06-28 09:25:36
1656408342502008000,94.4,10,94.3,7,94.5,17,1,2022-06-28 09:25:42
1656408356691484000,94.3,1,94.3,7,94.5,23,2,2022-06-28 09:25:56
1656408358703391000,94.3,1,94.3,7,94.5,23,2,2022-06-28 09:25:58
1656408367231692000,94.3,2,94.2,7,94.5,25,2,2022-06-28 09:26:07
1656408368242240000,94.2,1,94.2,6,94.4,1,2,2022-06-28 09:26:08
1656408378996473000,94.3,1,94.3,1,94.4,17,2,2022-06-28 09:26:18
1656408385434184000,94.3,1,94.3,1,94.4,17,1,2022-06-28 09:26:25
1656408399999725000,94.3,1,94.3,2,94.4,19,2,2022-06-28 09:26:39
1656408409050415000,94.3,1,94.3,2,94.4,20,2,2022-06-28 09:26:49
1656408409406176000,94.3,2,94.2,10,94.4,20,2,2022-06-28 09:26:49
1656408420757231000,94.2,7,94.2,1,94.3,17,2,2022-06-28 09:27:00
1656408426276817000,94.3,5,94.2,2,94.3,13,1,2022-06-28 09:27:06
1656408426307319000,94.2,1,94.2,1,94.3,13,2,2022-06-28 09:27:06
1656408427212405000,94.2,1,94.1,17,94.3,13,2,2022-06-28 09:27:07
1656408436263610000,94.1,2,94.1,13,94.2,6,2,2022-06-28 09:27:16
1656408441145648000,94.1,1,94.1,12,94.2,7,2,2022-06-28 09:27:21
1656408445674636000,94.1,17,94.0,52,94.1,3,2,2022-06-28 09:27:25
1656408445714701000,94.0,1,94.0,51,94.1,5,2,2022-06-28 09:27:25
1656408453812147000,94.0,1,94.0,48,94.1,12,2,2022-06-28 09:27:33
1656408459071146000,94.1,1,94.0,47,94.1,11,1,2022-06-28 09:27:39
1656408465973511000,94.0,3,94.0,45,94.1,14,2,2022-06-28 09:27:45
1656408478550283000,94.0,1,94.0,46,94.1,23,2,2022-06-28 09:27:58
1656408482645469000,94.0,1,94.0,48,94.1,24,2,2022-06-28 09:28:02
1656408490593026000,94.1,2,94.0,52,94.1,22,1,2022-06-28 09:28:10
1656408490612629000,94.0,1,94.0,51,94.1,22,2,2022-06-28 09:28:10
1656408495979104000,94.0,1,94.0,50,94.1,23,2,2022-06-28 09:28:15
1656408500657516000,94.0,5,94.0,45,94.1,23,2,2022-06-28 09:28:20
1656408500685656000,94.0,1,94.0,44,94.1,23,2,2022-06-28 09:28:20
1656408500686664000,94.0,1,94.0,43,94.1,23,2,2022-06-28 09:28:20
1656408501892899000,94.1,1,94.0,43,94.1,23,1,2022-06-28 09:28:21
1656408504311228000,94.0,1,94.0,42,94.1,22,2,2022-06-28 09:28:24
1656408506351581000,94.1,1,94.0,42,94.1,22,1,2022-06-28 09:28:26
1656408511040227000,94.1,1,94.0,43,94.1,25,1,2022-06-28 09:28:31
1656408512753538000,94.1,1,94.0,43,94.1,26,1,2022-06-28 09:28:32
1656408513117692000,94.1,1,94.0,43,94.1,25,1,2022-06-28 09:28:33
1656408517380316000,94.0,1,94.0,44,94.1,26,2,2022-06-28 09:28:37
1656408517406971000,94.0,1,94.0,43,94.1,26,2,2022-06-28 09:28:37
1656408520475644000,94.1,3,94.0,37,94.1,23,1,2022-06-28 09:28:40
1656408521271260000,94.0,5,94.0,32,94.1,27,2,2022-06-28 09:28:41
1656408522758614000,94.1,3,94.0,33,94.1,24,1,2022-06-28 09:28:42
1656408528306776000,94.0,3,94.0,31,94.1,24,2,2022-06-28 09:28:48
1656408528347945000,94.0,1,94.0,30,94.1,24,2,2022-06-28 09:28:48
1656408529363740000,94.0,1,94.0,29,94.1,24,2,2022-06-28 09:28:49
1656408529836702000,94.1,1,94.0,29,94.1,23,1,2022-06-28 09:28:49
1656408529980945000,94.1,1,94.0,29,94.1,22,1,2022-06-28 09:28:49
1656408530038699000,94.1,1,94.0,29,94.1,21,1,2022-06-28 09:28:50
1656408530136717000,94.1,1,94.0,29,94.1,20,1,2022-06-28 09:28:50
1656408530305866000,94.1,1,94.0,29,94.1,19,1,2022-06-28 09:28:50
1656408531906663000,94.1,1,94.0,29,94.1,19,1,2022-06-28 09:28:51
1656408532067702000,94.1,1,94.0,29,94.1,18,1,2022-06-28 09:28:52
1656408532224876000,94.1,1,94.0,29,94.1,17,1,2022-06-28 09:28:52
1656408533690817000,94.1,1,94.0,29,94.1,16,1,2022-06-28 09:28:53
1656408533787128000,94.1,1,94.0,29,94.1,15,1,2022-06-28 09:28:53
1656408533961925000,94.0,1,94.0,28,94.1,15,2,2022-06-28 09:28:53
1656408559629709000,94.1,1,94.0,28,94.1,18,1,2022-06-28 09:29:19
1656408566225411000,94.1,1,94.0,28,94.1,28,1,2022-06-28 09:29:26
1656408575829054000,94.1,1,94.0,29,94.1,31,1,2022-06-28 09:29:35
1656408578474017000,94.1,2,94.0,29,94.1,29,1,2022-06-28 09:29:38
1656408583846431000,94.0,1,94.0,28,94.1,31,2,2022-06-28 09:29:43
1656408590431908000,94.1,1,94.0,28,94.1,41,1,2022-06-28 09:29:50
1656408591363979000,94.0,4,94.0,24,94.1,41,2,2022-06-28 09:29:51
1656408593206766000,94.0,1,94.0,23,94.1,41,2,2022-06-28 09:29:53
1656408595089145000,94.0,1,94.0,22,94.1,40,2,2022-06-28 09:29:55
1656408598972983000,94.0,1,94.0,24,94.1,40,2,2022-06-28 09:29:58
1656408600562516000,94.1,1,94.0,24,94.1,39,1,2022-06-28 09:30:00
1656408601036248000,94.0,10,94.0,14,94.1,39,2,2022-06-28 09:30:01
1656408601076732000,94.0,1,94.0,13,94.1,40,2,2022-06-28 09:30:01
1656408605470786000,94.0,1,94.0,12,94.1,40,2,2022-06-28 09:30:05
1656408606624701000,94.0,1,94.0,11,94.1,30,2,2022-06-28 09:30:06
1656408613018806000,94.0,1,94.0,12,94.1,31,2,2022-06-28 09:30:13
1656408618528437000,94.0,1,94.0,11,94.1,31,2,2022-06-28 09:30:18
1656408619274494000,94.1,1,94.0,13,94.1,30,1,2022-06-28 09:30:19
1656408619313809000,94.1,11,94.0,13,94.1,19,1,2022-06-28 09:30:19
1656408619329539000,94.1,12,94.0,17,94.1,7,1,2022-06-28 09:30:19
1656408619339675000,94.1,7,94.0,17,94.2,15,1,2022-06-28 09:30:19
1656408623623311000,94.2,8,94.1,11,94.2,11,1,2022-06-28 09:30:23
1656408623660285000,94.2,1,94.1,11,94.2,10,1,2022-06-28 09:30:23
1656408623660372000,94.2,1,94.1,11,94.2,9,1,2022-06-28 09:30:23
1656408623660397000,94.2,9,94.1,11,94.3,22,1,2022-06-28 09:30:23
1656408628926687000,94.3,3,94.2,10,94.3,19,1,2022-06-28 09:30:28
1656408628951744000,94.3,1,94.2,10,94.3,18,1,2022-06-28 09:30:28
1656408628951950000,94.3,1,94.2,10,94.3,17,1,2022-06-28 09:30:28
1656408628987941000,94.3,11,94.2,10,94.3,6,1,2022-06-28 09:30:28
1656408629017205000,94.3,1,94.2,10,94.3,5,1,2022-06-28 09:30:29
1656408629017394000,94.3,5,94.2,10,94.4,16,1,2022-06-28 09:30:29
1656408631138827000,94.4,1,94.3,9,94.4,15,1,2022-06-28 09:30:31
1656408631173764000,94.4,15,94.3,9,94.5,20,1,2022-06-28 09:30:31
1656408631213234000,94.4,1,94.4,2,94.5,20,2,2022-06-28 09:30:31
1656408639543779000,94.5,1,94.4,4,94.5,18,1,2022-06-28 09:30:39
1656408643252525000,94.5,1,94.4,7,94.5,18,1,2022-06-28 09:30:43
1656408647487228000,94.5,1,94.4,11,94.5,17,1,2022-06-28 09:30:47
1656408653761140000,94.4,12,94.3,4,94.5,19,2,2022-06-28 09:30:53
1656408659316745000,94.4,1,94.3,5,94.5,18,2,2022-06-28 09:30:59
1656408659382218000,94.4,2,94.3,5,94.5,19,2,2022-06-28 09:30:59
1656408659433319000,94.4,1,94.4,1,94.5,19,2,2022-06-28 09:30:59
1656408662794055000,94.3,5,94.2,5,94.5,19,2,2022-06-28 09:31:02
1656408678815125000,94.3,1,94.2,5,94.3,1,1,2022-06-28 09:31:18
1656408681794473000,94.3,1,94.2,5,94.3,1,1,2022-06-28 09:31:21
1656408694145570000,94.3,2,94.2,5,94.3,7,1,2022-06-28 09:31:34
1656408695557824000,94.3,1,94.2,5,94.3,5,1,2022-06-28 09:31:35
1656408695799523000,94.3,1,94.2,5,94.3,4,1,2022-06-28 09:31:35
1656408696246433000,94.3,1,94.2,5,94.3,3,1,2022-06-28 09:31:36
1656408698137054000,94.3,1,94.2,6,94.3,2,1,2022-06-28 09:31:38
1656408706467608000,94.3,1,94.2,14,94.3,2,1,2022-06-28 09:31:46
1656408710482836000,94.3,1,94.2,14,94.3,1,1,2022-06-28 09:31:50
1656408710602083000,94.3,1,94.2,14,94.4,9,1,2022-06-28 09:31:50
1656408713140858000,94.3,5,94.2,13,94.4,11,2,2022-06-28 09:31:53
1656408716206152000,94.3,2,94.2,12,94.4,12,2,2022-06-28 09:31:56
1656408719235736000,94.3,1,94.2,12,94.3,9,1,2022-06-28 09:31:59
1656408719407455000,94.3,1,94.2,12,94.3,10,1,2022-06-28 09:31:59
1656408723576475000,94.2,10,94.1,12,94.2,13,2,2022-06-28 09:32:03
1656408723616871000,94.1,1,94.1,10,94.2,13,2,2022-06-28 09:32:03
1656408723618965000,94.1,1,94.1,11,94.2,13,2,2022-06-28 09:32:03
1656408723923449000,94.1,9,94.0,17,94.2,13,2,2022-06-28 09:32:03
1656408723923449000,94.0,1,94.0,17,94.2,13,2,2022-06-28 09:32:03
1656408724125584000,94.0,8,94.0,9,94.2,16,2,2022-06-28 09:32:04
1656408724127162000,94.0,9,93.9,19,94.2,16,2,2022-06-28 09:32:04
1656408724127162000,93.9,1,93.9,19,94.2,16,2,2022-06-28 09:32:04
1656408724295572000,93.9,2,93.9,16,94.1,6,2,2022-06-28 09:32:04
1656408725238984000,93.9,9,93.9,6,94.0,15,2,2022-06-28 09:32:05
1656408725275637000,93.9,1,93.9,5,94.0,15,2,2022-06-28 09:32:05
1656408725292155000,93.9,2,93.9,3,94.0,13,2,2022-06-28 09:32:05
1656408725299018000,93.9,3,93.8,16,94.0,13,2,2022-06-28 09:32:05
1656408734811890000,93.9,1,93.8,23,93.9,6,1,2022-06-28 09:32:14
1656408735557353000,93.9,2,93.8,23,93.9,4,1,2022-06-28 09:32:15
1656408735994398000,93.8,1,93.8,22,93.9,4,2,2022-06-28 09:32:15
1656408739936133000,93.9,4,93.9,1,94.0,13,1,2022-06-28 09:32:19
1656408742596115000,93.9,1,93.9,1,94.0,8,2,2022-06-28 09:32:22
1656408747823239000,93.9,4,93.9,2,94.0,8,2,2022-06-28 09:32:27
1656408748191954000,93.9,2,93.8,25,94.0,11,2,2022-06-28 09:32:28
1656408752328280000,94.0,1,93.8,23,94.0,10,1,2022-06-28 09:32:32
1656408753386955000,93.9,1,93.8,23,93.9,2,1,2022-06-28 09:32:33
1656408754877136000,93.9,1,93.8,23,93.9,1,1,2022-06-28 09:32:34
1656408755741479000,93.9,1,93.8,23,94.0,11,1,2022-06-28 09:32:35
1656408758618821000,93.9,1,93.8,22,93.9,6,2,2022-06-28 09:32:38
1656408760790386000,93.9,1,93.8,22,93.9,5,1,2022-06-28 09:32:40
1656408760810853000,93.9,1,93.8,22,93.9,4,1,2022-06-28 09:32:40
1656408762615538000,93.9,1,93.8,22,93.9,4,1,2022-06-28 09:32:42
1656408763188556000,93.8,10,93.8,12,93.9,4,2,2022-06-28 09:32:43
1656408763232369000,93.8,1,93.8,10,93.9,5,2,2022-06-28 09:32:43
1656408763587063000,93.9,1,93.8,10,93.9,4,1,2022-06-28 09:32:43
1656408764264944000,93.8,1,93.8,9,93.9,4,2,2022-06-28 09:32:44
1656408764687876000,93.9,2,93.8,11,93.9,2,1,2022-06-28 09:32:44
1656408766123184000,93.9,1,93.8,11,93.9,1,1,2022-06-28 09:32:46
1656408766146944000,93.9,1,93.8,11,94.0,10,1,2022-06-28 09:32:46
1656408776742491000,94.0,4,93.9,6,94.0,6,1,2022-06-28 09:32:56
1656408776768390000,94.0,6,93.9,6,94.1,4,1,2022-06-28 09:32:56
1656408780686142000,94.1,1,94.0,3,94.1,2,1,2022-06-28 09:33:00
1656408787338915000,94.0,1,94.0,2,94.1,3,2,2022-06-28 09:33:07
1656408789217048000,94.1,1,94.0,3,94.1,2,1,2022-06-28 09:33:09
1656408790534330000,94.1,1,94.0,3,94.1,1,1,2022-06-28 09:33:10
1656408793232213000,94.1,1,94.0,3,94.1,2,1,2022-06-28 09:33:13
1656408810293659000,94.1,1,94.0,6,94.1,9,1,2022-06-28 09:33:30
1656408814826175000,94.1,1,94.0,6,94.1,10,1,2022-06-28 09:33:34
1656408815941882000,94.0,6,93.9,15,94.0,4,2,2022-06-28 09:33:35
1656408817040479000,94.0,1,93.9,15,94.0,3,1,2022-06-28 09:33:37
1656408821521358000,94.0,1,93.9,15,94.0,3,1,2022-06-28 09:33:41
1656408821943335000,94.0,1,93.9,15,94.0,2,1,2022-06-28 09:33:41
1656408822848177000,94.0,2,93.9,15,94.1,9,1,2022-06-28 09:33:42
1656408827223473000,94.0,1,93.9,18,94.0,1,1,2022-06-28 09:33:47
1656408830540495000,94.0,1,94.0,1,94.1,9,1,2022-06-28 09:33:50
1656408832505732000,94.0,1,93.9,20,94.1,11,2,2022-06-28 09:33:52
1656408839380468000,94.0,2,93.9,19,94.0,8,2,2022-06-28 09:33:59
1656408845214441000,93.9,5,93.9,17,94.0,9,2,2022-06-28 09:34:05
1656408853471219000,93.9,19,93.8,23,93.9,1,2,2022-06-28 09:34:13
1656408860641516000,93.9,1,93.8,20,93.9,2,1,2022-06-28 09:34:20
1656408861799083000,93.9,1,93.8,18,93.9,2,1,2022-06-28 09:34:21
1656408871848607000,93.8,1,93.8,15,93.9,12,2,2022-06-28 09:34:31
1656408871878490000,93.8,1,93.8,14,93.9,12,2,2022-06-28 09:34:31
1656408871939795000,93.8,10,93.8,4,93.9,8,2,2022-06-28 09:34:31
1656408871968053000,93.8,1,93.8,3,93.9,8,2,2022-06-28 09:34:31
1656408871968554000,93.8,3,93.7,16,93.9,8,2,2022-06-28 09:34:31
1656408877206832000,93.8,1,93.7,18,93.9,8,1,2022-06-28 09:34:37
1656408880441525000,93.8,1,93.7,18,93.9,8,2,2022-06-28 09:34:40
1656408880441525000,93.7,1,93.7,18,93.9,8,2,2022-06-28 09:34:40
1656408886049671000,93.8,1,93.7,18,93.9,9,2,2022-06-28 09:34:46
1656408895831689000,93.8,1,93.7,16,93.8,5,1,2022-06-28 09:34:55
1656408895996028000,93.8,1,93.7,16,93.8,4,1,2022-06-28 09:34:55
1656408896161335000,93.8,1,93.7,16,93.8,3,1,2022-06-28 09:34:56
1656408896324296000,93.8,1,93.7,16,93.8,2,1,2022-06-28 09:34:56
1656408896469033000,93.8,1,93.7,16,93.8,1,1,2022-06-28 09:34:56
1656408896491647000,93.8,1,93.7,16,93.9,9,1,2022-06-28 09:34:56
1656408898556278000,93.8,2,93.8,3,93.9,10,1,2022-06-28 09:34:58
1656408902735759000,93.8,1,93.8,2,93.9,11,2,2022-06-28 09:35:02
1656408907369544000,93.9,10,93.9,10,94.0,17,1,2022-06-28 09:35:07
1656408914613659000,93.9,1,93.9,9,94.0,11,2,2022-06-28 09:35:14
1656408916214233000,93.9,5,93.9,4,94.0,11,2,2022-06-28 09:35:16
1656408916240756000,93.9,4,93.9,4,94.0,11,2,2022-06-28 09:35:16
1656408917852040000,93.9,1,93.8,3,94.0,11,1,2022-06-28 09:35:17
1656408923809099000,93.9,1,93.8,3,94.0,13,2,2022-06-28 09:35:23
1656408923809099000,93.8,1,93.8,3,94.0,13,2,2022-06-28 09:35:23
1656408934836162000,93.9,1,93.9,1,94.0,17,2,2022-06-28 09:35:34
1656408938264252000,93.9,1,93.8,14,94.0,17,2,2022-06-28 09:35:38
1656408959924172000,93.9,1,93.8,16,93.9,11,1,2022-06-28 09:35:59
1656408975170496000,93.9,5,93.8,15,93.9,8,1,2022-06-28 09:36:15
1656408985590077000,93.9,1,93.8,18,93.9,9,1,2022-06-28 09:36:25
1656408987351695000,93.9,1,93.8,20,93.9,8,1,2022-06-28 09:36:27
1656408988181154000,93.9,4,93.8,20,93.9,4,1,2022-06-28 09:36:28
1656408991142820000,93.9,1,93.8,20,93.9,3,1,2022-06-28 09:36:31
1656408991804985000,93.8,1,93.8,19,93.9,4,2,2022-06-28 09:36:31
1656408992417068000,93.9,1,93.8,20,93.9,3,1,2022-06-28 09:36:32
1656408994760027000,93.9,1,93.8,20,93.9,2,1,2022-06-28 09:36:34
1656408996331882000,93.9,2,93.9,3,94.0,17,1,2022-06-28 09:36:36
1656409059788185000,93.9,1,93.9,10,94.0,25,2,2022-06-28 09:37:39
1656409060058285000,93.9,2,93.9,8,94.0,25,2,2022-06-28 09:37:40
1656409062485075000,93.9,1,93.9,7,94.0,26,2,2022-06-28 09:37:42
1656409064630996000,93.9,8,93.8,20,93.9,10,2,2022-06-28 09:37:44
1656409065395715000,93.9,1,93.8,19,93.9,14,1,2022-06-28 09:37:45
1656409079221702000,93.9,1,93.8,19,93.9,14,1,2022-06-28 09:37:59
1656409080478654000,93.9,2,93.8,19,93.9,12,1,2022-06-28 09:38:00
1656409084284448000,93.9,1,93.8,19,93.9,13,1,2022-06-28 09:38:04
1656409086103687000,93.8,19,93.7,18,93.9,14,2,2022-06-28 09:38:06
1656409090702201000,93.8,1,93.7,18,93.8,4,1,2022-06-28 09:38:10
1656409092284961000,93.8,1,93.7,18,93.8,4,1,2022-06-28 09:38:12
1656409100632653000,93.7,1,93.7,18,93.8,2,2,2022-06-28 09:38:20
1656409125224758000,93.7,1,93.7,23,93.8,7,2,2022-06-28 09:38:45
1656409151267252000,93.7,5,93.7,18,93.8,12,2,2022-06-28 09:39:11
1656409152972494000,93.7,1,93.7,18,93.8,17,2,2022-06-28 09:39:12
1656409155550378000,93.7,12,93.7,17,93.8,17,2,2022-06-28 09:39:15
1656409155582070000,93.7,1,93.7,4,93.8,17,2,2022-06-28 09:39:15
1656409155582237000,93.7,1,93.7,3,93.8,17,2,2022-06-28 09:39:15
1656409155582335000,93.7,3,93.6,42,93.7,2,2,2022-06-28 09:39:15
1656409163828966000,93.7,1,93.6,42,93.7,11,1,2022-06-28 09:39:23
1656409166057860000,93.7,1,93.6,42,93.7,10,1,2022-06-28 09:39:26
1656409166464963000,93.7,1,93.6,42,93.7,9,1,2022-06-28 09:39:26
1656409166737356000,93.7,1,93.6,42,93.7,8,1,2022-06-28 09:39:26
1656409167092898000,93.7,1,93.6,42,93.7,7,1,2022-06-28 09:39:27
1656409169663075000,93.7,1,93.6,43,93.7,5,1,2022-06-28 09:39:29
1656409169691206000,93.7,5,93.6,43,93.8,15,1,2022-06-28 09:39:29
1656409172867193000,93.7,1,93.7,2,93.8,16,2,2022-06-28 09:39:32
1656409173487572000,93.7,1,93.7,1,93.8,16,2,2022-06-28 09:39:33
1656409174600561000,93.8,1,93.7,7,93.8,15,1,2022-06-28 09:39:34
1656409174929773000,93.7,1,93.7,6,93.8,15,2,2022-06-28 09:39:34
1656409178529355000,93.7,1,93.7,7,93.8,16,2,2022-06-28 09:39:38
1656409184479220000,93.7,1,93.7,16,93.8,18,2,2022-06-28 09:39:44
1656409187196181000,93.7,1,93.7,25,93.8,18,2,2022-06-28 09:39:47
1656409187395971000,93.7,2,93.7,23,93.8,18,2,2022-06-28 09:39:47
1656409196346460000,93.8,1,93.7,35,93.8,19,1,2022-06-28 09:39:56
1656409196523133000,93.8,1,93.7,35,93.8,18,1,2022-06-28 09:39:56
1656409196710986000,93.8,1,93.7,35,93.8,17,1,2022-06-28 09:39:56
1656409197098642000,93.7,1,93.7,35,93.8,17,2,2022-06-28 09:39:57
1656409199030168000,93.7,2,93.7,33,93.8,17,2,2022-06-28 09:39:59
1656409203376417000,93.8,1,93.7,33,93.8,17,1,2022-06-28 09:40:03
1656409204073175000,93.8,1,93.7,33,93.8,17,1,2022-06-28 09:40:04
1656409204941895000,93.7,1,93.7,32,93.8,16,2,2022-06-28 09:40:04
1656409208941939000,93.8,1,93.7,35,93.8,15,1,2022-06-28 09:40:08
1656409214840002000,93.8,1,93.7,35,93.8,15,1,2022-06-28 09:40:14
1656409217830208000,93.8,1,93.7,35,93.8,17,1,2022-06-28 09:40:17
1656409218363477000,93.8,1,93.7,35,93.8,15,1,2022-06-28 09:40:18
1656409218405420000,93.8,13,93.7,35,93.9,12,1,2022-06-28 09:40:18
1656409221354567000,93.8,2,93.7,35,93.9,15,2,2022-06-28 09:40:21
1656409221809443000,93.8,1,93.7,35,93.9,15,2,2022-06-28 09:40:21
1656409225853265000,93.8,1,93.7,35,93.8,11,1,2022-06-28 09:40:25
1656409226787801000,93.8,1,93.7,35,93.8,10,1,2022-06-28 09:40:26
1656409227029468000,93.8,1,93.7,35,93.8,10,1,2022-06-28 09:40:27
1656409228276838000,93.8,1,93.7,34,93.8,9,1,2022-06-28 09:40:28
1656409229954262000,93.8,1,93.7,34,93.8,8,1,2022-06-28 09:40:29
1656409232609454000,93.8,1,93.7,34,93.8,8,1,2022-06-28 09:40:32
1656409232812046000,93.8,2,93.7,34,93.8,6,1,2022-06-28 09:40:32
1656409233307357000,93.8,1,93.7,34,93.8,4,1,2022-06-28 09:40:33
1656409236031111000,93.8,1,93.7,35,93.8,7,1,2022-06-28 09:40:36
1656409242070556000,93.8,1,93.7,5,93.8,7,1,2022-06-28 09:40:42
1656409247078496000,93.7,1,93.7,4,93.8,11,2,2022-06-28 09:40:47
1656409251199176000,93.7,1,93.7,3,93.8,11,2,2022-06-28 09:40:51
1656409264954671000,93.7,2,93.7,2,93.8,13,2,2022-06-28 09:41:04
1656409265451811000,93.7,1,93.7,1,93.8,13,2,2022-06-28 09:41:05
1656409268117296000,93.7,1,93.6,44,93.8,13,2,2022-06-28 09:41:08
1656409269931174000,93.6,1,93.6,43,93.7,8,2,2022-06-28 09:41:09
1656409270531303000,93.6,3,93.6,40,93.7,9,2,2022-06-28 09:41:10
1656409275647655000,93.6,1,93.6,39,93.7,11,2,2022-06-28 09:41:15
1656409275916137000,93.6,10,93.6,29,93.7,11,2,2022-06-28 09:41:15
1656409275943501000,93.6,1,93.6,28,93.7,11,2,2022-06-28 09:41:15
1656409276144362000,93.6,1,93.6,27,93.7,11,2,2022-06-28 09:41:16
1656409277008218000,93.6,26,93.6,1,93.7,11,2,2022-06-28 09:41:17
1656409277035792000,93.6,1,93.5,35,93.6,3,2,2022-06-28 09:41:17
1656409277456042000,93.5,10,93.5,23,93.6,4,2,2022-06-28 09:41:17
1656409277491541000,93.5,3,93.5,20,93.6,5,2,2022-06-28 09:41:17
1656409277517690000,93.5,4,93.5,16,93.6,8,2,2022-06-28 09:41:17
1656409277517736000,93.5,4,93.5,12,93.6,8,2,2022-06-28 09:41:17
1656409277517753000,93.5,4,93.5,8,93.6,8,2,2022-06-28 09:41:17
1656409277517756000,93.5,4,93.5,4,93.6,8,2,2022-06-28 09:41:17
1656409277538623000,93.5,2,93.5,2,93.6,9,2,2022-06-28 09:41:17
1656409277591070000,93.5,1,93.5,1,93.6,10,2,2022-06-28 09:41:17
1656409277592102000,93.5,1,93.4,12,93.6,10,2,2022-06-28 09:41:17
1656409277703933000,93.4,12,93.3,13,93.5,1,2,2022-06-28 09:41:17
1656409277993664000,93.3,4,93.3,9,93.5,3,2,2022-06-28 09:41:17
1656409278030625000,93.3,2,93.3,6,93.5,3,2,2022-06-28 09:41:18
1656409278193671000,93.3,1,93.3,5,93.5,6,2,2022-06-28 09:41:18
1656409281999960000,93.3,4,93.3,2,93.4,5,2,2022-06-28 09:41:21
1656409282529463000,93.3,1,93.3,1,93.4,6,2,2022-06-28 09:41:22
1656409284855524000,93.3,1,93.2,13,93.4,6,2,2022-06-28 09:41:24
1656409289768982000,93.2,4,93.2,9,93.3,9,2,2022-06-28 09:41:29
1656409293688943000,93.2,1,93.2,8,93.3,12,2,2022-06-28 09:41:33
1656409294118110000,93.2,2,93.2,6,93.3,12,2,2022-06-28 09:41:34
1656409294750760000,93.2,2,93.2,4,93.3,14,2,2022-06-28 09:41:34
1656409294893750000,93.2,4,93.1,32,93.2,1,2,2022-06-28 09:41:34
1656409294919249000,93.2,1,93.2,1,93.3,14,1,2022-06-28 09:41:34
1656409294931627000,93.2,1,93.1,32,93.3,14,2,2022-06-28 09:41:34
1656409299860946000,93.1,18,93.1,14,93.2,1,2,2022-06-28 09:41:39
1656409301841731000,93.1,6,93.1,9,93.2,5,2,2022-06-28 09:41:41
1656409301843932000,93.1,9,93.0,54,93.1,11,2,2022-06-28 09:41:41
1656409302083757000,93.0,1,93.0,52,93.1,11,2,2022-06-28 09:41:42
1656409302111877000,93.0,1,93.0,53,93.1,11,2,2022-06-28 09:41:42
1656409307985678000,93.0,1,93.0,50,93.1,11,2,2022-06-28 09:41:47
1656409311020441000,93.0,11,93.0,39,93.1,1,2,2022-06-28 09:41:51
1656409311051767000,93.0,1,93.0,39,93.1,3,2,2022-06-28 09:41:51
1656409311753036000,93.0,4,93.0,38,93.1,4,2,2022-06-28 09:41:51
1656409311796854000,93.0,2,93.0,32,93.1,4,2,2022-06-28 09:41:51
1656409312645249000,93.1,3,93.0,31,93.1,3,1,2022-06-28 09:41:52
1656409312888596000,93.0,30,93.0,1,93.1,3,2,2022-06-28 09:41:52
1656409312975579000,93.0,1,92.9,3,93.1,11,2,2022-06-28 09:41:52
1656409313227979000,92.9,2,92.9,1,93.0,1,2,2022-06-28 09:41:53
1656409313687350000,93.0,1,92.9,1,93.0,1,1,2022-06-28 09:41:53
1656409315852760000,92.9,1,92.9,1,93.0,13,2,2022-06-28 09:41:55
1656409319222985000,93.0,1,92.9,1,93.0,14,1,2022-06-28 09:41:59
1656409319591255000,92.9,1,92.8,12,93.0,14,2,2022-06-28 09:41:59
1656409320089044000,92.9,1,92.8,11,93.0,13,1,2022-06-28 09:42:00
1656409320592848000,92.8,4,92.8,11,92.9,3,2,2022-06-28 09:42:00
1656409320989603000,92.9,1,92.8,7,92.9,2,1,2022-06-28 09:42:00
1656409323007307000,92.9,1,92.8,2,92.9,9,1,2022-06-28 09:42:03
1656409323886265000,92.8,1,92.8,1,92.9,8,2,2022-06-28 09:42:03
1656409324227789000,92.9,1,92.8,1,92.9,7,1,2022-06-28 09:42:04
1656409325092747000,92.8,1,92.6,3,92.9,9,2,2022-06-28 09:42:05
1656409327397832000,92.8,2,92.7,1,92.9,8,1,2022-06-28 09:42:07
1656409328948714000,92.7,2,92.7,3,92.9,9,2,2022-06-28 09:42:08
1656409329364411000,92.9,1,92.7,5,92.9,8,1,2022-06-28 09:42:09
1656409332112479000,92.7,1,92.7,7,92.9,9,2,2022-06-28 09:42:12
1656409332640108000,92.8,1,92.7,8,92.8,1,2,2022-06-28 09:42:12
1656409337094692000,92.8,5,92.7,3,92.8,2,1,2022-06-28 09:42:17
1656409337129640000,92.7,1,92.7,3,92.8,2,2,2022-06-28 09:42:17
1656409338405804000,92.8,2,92.7,2,92.9,9,1,2022-06-28 09:42:18
1656409342116489000,92.7,1,92.7,3,92.9,12,2,2022-06-28 09:42:22
1656409342716534000,92.8,1,92.8,1,92.9,13,2,2022-06-28 09:42:22
1656409352228208000,92.8,2,92.7,3,92.8,1,1,2022-06-28 09:42:32
1656409353234772000,92.8,1,92.7,3,92.9,13,1,2022-06-28 09:42:33
1656409355645972000,92.7,1,92.7,2,92.8,3,2,2022-06-28 09:42:35
1656409356778611000,92.8,1,92.7,3,92.8,2,1,2022-06-28 09:42:36
1656409358984786000,92.8,1,92.7,3,92.8,1,1,2022-06-28 09:42:38
1656409362039323000,92.8,2,92.8,1,92.9,13,1,2022-06-28 09:42:42
1656409362375089000,92.8,1,92.7,4,92.9,13,2,2022-06-28 09:42:42
1656409363048023000,92.8,1,92.7,11,92.9,13,2,2022-06-28 09:42:43
1656409364936242000,92.8,1,92.7,11,92.9,13,2,2022-06-28 09:42:44
1656409370552510000,92.7,1,92.7,3,92.8,11,2,2022-06-28 09:42:50
1656409370583132000,92.7,1,92.7,2,92.8,11,2,2022-06-28 09:42:50
1656409370613960000,92.7,1,92.7,1,92.8,11,2,2022-06-28 09:42:50
1656409370630239000,92.8,1,92.7,1,92.8,10,1,2022-06-28 09:42:50
1656409370798732000,92.7,1,92.7,1,92.8,10,2,2022-06-28 09:42:50
1656409372998416000,92.7,1,92.6,6,92.8,11,1,2022-06-28 09:42:52
1656409379262431000,92.6,2,92.6,4,92.7,3,2,2022-06-28 09:42:59
1656409380732406000,92.6,1,92.6,3,92.7,4,2,2022-06-28 09:43:00
1656409380888483000,92.6,3,92.5,4,92.7,8,2,2022-06-28 09:43:00
1656409382268401000,92.6,1,92.5,4,92.7,9,1,2022-06-28 09:43:02
1656409382852915000,92.5,1,92.5,8,92.7,8,2,2022-06-28 09:43:02
1656409386118900000,92.5,1,92.5,6,92.7,9,2,2022-06-28 09:43:06
1656409389579776000,92.6,1,92.6,1,92.7,13,2,2022-06-28 09:43:09
1656409390757574000,92.6,1,92.5,2,92.7,13,2,2022-06-28 09:43:10
1656409391565309000,92.7,1,92.5,2,92.7,15,1,2022-06-28 09:43:11
1656409393494311000,92.6,1,92.5,2,92.7,14,1,2022-06-28 09:43:13
1656409393644221000,92.5,1,92.5,8,92.7,14,2,2022-06-28 09:43:13
1656409395144073000,92.5,3,92.5,4,92.7,14,2,2022-06-28 09:43:15
1656409397597724000,92.6,1,92.5,5,92.6,2,1,2022-06-28 09:43:17
1656409397621098000,92.6,2,92.5,6,92.7,15,1,2022-06-28 09:43:17
1656409397708206000,92.5,5,92.5,1,92.7,15,2,2022-06-28 09:43:17
1656409397729640000,92.6,1,92.5,1,92.7,15,2,2022-06-28 09:43:17
1656409399877094000,92.5,1,92.4,7,92.6,7,2,2022-06-28 09:43:19
1656409403544590000,92.6,1,92.5,1,92.6,9,1,2022-06-28 09:43:23
1656409403691883000,92.6,1,92.5,1,92.6,8,1,2022-06-28 09:43:23
1656409403854041000,92.6,1,92.5,1,92.6,6,1,2022-06-28 09:43:23
1656409404024728000,92.6,1,92.5,1,92.6,5,1,2022-06-28 09:43:24
1656409404108501000,92.6,5,92.5,5,92.7,14,1,2022-06-28 09:43:24
1656409405043039000,92.5,1,92.5,8,92.7,14,2,2022-06-28 09:43:25
1656409405223346000,92.7,1,92.5,10,92.7,13,1,2022-06-28 09:43:25
1656409405505163000,92.5,1,92.5,10,92.7,13,2,2022-06-28 09:43:25
1656409405818763000,92.7,1,92.5,10,92.7,13,1,2022-06-28 09:43:25
1656409409655390000,92.6,1,92.5,9,92.7,13,2,2022-06-28 09:43:29
1656409411838343000,92.6,1,92.5,4,92.6,22,1,2022-06-28 09:43:31
1656409411994289000,92.6,1,92.5,4,92.6,21,1,2022-06-28 09:43:31
1656409413308093000,92.5,1,92.5,3,92.6,21,2,2022-06-28 09:43:33
1656409413438833000,92.6,1,92.5,3,92.6,20,1,2022-06-28 09:43:33
1656409414298692000,92.6,1,92.5,3,92.6,20,1,2022-06-28 09:43:34
1656409414548007000,92.6,1,92.5,3,92.6,19,1,2022-06-28 09:43:34
1656409415748034000,92.6,1,92.5,5,92.6,18,1,2022-06-28 09:43:35
1656409416491657000,92.5,1,92.5,4,92.6,18,2,2022-06-28 09:43:36
1656409416786412000,92.6,1,92.5,4,92.6,17,1,2022-06-28 09:43:36
1656409417689817000,92.6,1,92.5,4,92.6,16,1,2022-06-28 09:43:37
1656409418346258000,92.5,2,92.5,2,92.6,16,2,2022-06-28 09:43:38
1656409418452255000,92.6,1,92.5,2,92.6,15,1,2022-06-28 09:43:38
1656409418713984000,92.6,1,92.5,2,92.6,16,1,2022-06-28 09:43:38
1656409419393515000,92.6,1,92.5,3,92.6,14,1,2022-06-28 09:43:39
1656409419545854000,92.5,3,92.4,9,92.6,14,2,2022-06-28 09:43:39
1656409420557366000,92.6,1,92.4,14,92.6,13,1,2022-06-28 09:43:40
1656409420846950000,92.5,3,92.5,3,92.6,13,2,2022-06-28 09:43:40
1656409420846950000,92.4,2,92.5,3,92.6,13,2,2022-06-28 09:43:40
1656409422203630000,92.6,1,92.4,13,92.6,13,1,2022-06-28 09:43:42
1656409423186070000,92.6,1,92.4,13,92.6,12,1,2022-06-28 09:43:43
1656409424366013000,92.6,1,92.4,13,92.6,12,1,2022-06-28 09:43:44
1656409425291141000,92.5,5,92.5,1,92.6,12,2,2022-06-28 09:43:45
1656409425551870000,92.5,1,92.4,12,92.5,9,2,2022-06-28 09:43:45
1656409425588749000,92.5,9,92.4,10,92.6,13,1,2022-06-28 09:43:45
1656409426319543000,92.5,1,92.4,6,92.5,1,1,2022-06-28 09:43:46
1656409426504209000,92.5,1,92.4,6,92.6,12,1,2022-06-28 09:43:46
1656409426591634000,92.5,1,92.4,11,92.6,12,1,2022-06-28 09:43:46
1656409427572439000,92.6,1,92.4,13,92.6,11,1,2022-06-28 09:43:47
1656409429104191000,92.6,1,92.4,13,92.6,10,1,2022-06-28 09:43:49
1656409429974542000,92.6,1,92.4,13,92.6,9,1,2022-06-28 09:43:49
1656409429995018000,92.6,9,92.4,13,92.7,10,1,2022-06-28 09:43:49
1656409430094792000,92.5,1,92.5,5,92.7,10,2,2022-06-28 09:43:50
1656409431976583000,92.5,8,92.4,13,92.5,2,2,2022-06-28 09:43:51
1656409432007346000,92.5,2,92.4,13,92.6,1,1,2022-06-28 09:43:52
1656409432936734000,92.5,1,92.4,13,92.5,3,2,2022-06-28 09:43:52
1656409432961253000,92.5,3,92.4,12,92.6,1,1,2022-06-28 09:43:52
1656409435018572000,92.6,1,92.5,7,92.7,11,1,2022-06-28 09:43:55
1656409438522965000,92.5,1,92.5,18,92.7,11,2,2022-06-28 09:43:58
1656409438645058000,92.5,10,92.5,8,92.7,11,2,2022-06-28 09:43:58
1656409439073359000,92.6,2,92.5,8,92.6,8,1,2022-06-28 09:43:59
1656409439894128000,92.5,5,92.5,3,92.6,8,2,2022-06-28 09:43:59
1656409442229832000,92.6,1,92.5,3,92.6,14,1,2022-06-28 09:44:02
1656409442798843000,92.6,1,92.5,3,92.6,23,1,2022-06-28 09:44:02
1656409445030811000,92.6,1,92.5,3,92.6,23,1,2022-06-28 09:44:05
1656409445196894000,92.6,1,92.5,3,92.6,22,1,2022-06-28 09:44:05
1656409445345403000,92.6,1,92.5,3,92.6,21,1,2022-06-28 09:44:05
1656409445481462000,92.6,1,92.5,3,92.6,20,1,2022-06-28 09:44:05
1656409445501528000,92.6,1,92.5,3,92.6,19,1,2022-06-28 09:44:05
1656409445503724000,92.6,1,92.5,3,92.6,18,1,2022-06-28 09:44:05
1656409445642124000,92.5,2,92.5,1,92.6,18,2,2022-06-28 09:44:05
1656409445676823000,92.6,1,92.5,1,92.6,17,1,2022-06-28 09:44:05
1656409447663377000,92.6,10,92.5,1,92.6,9,1,2022-06-28 09:44:07
1656409449546807000,92.6,1,92.5,2,92.6,9,1,2022-06-28 09:44:09
1656409450569778000,92.6,1,92.5,2,92.6,7,1,2022-06-28 09:44:10
1656409450738554000,92.5,1,92.5,1,92.6,7,2,2022-06-28 09:44:10
1656409464248178000,92.5,3,92.4,9,92.5,5,2,2022-06-28 09:44:24
1656409473612847000,92.5,1,92.4,11,92.5,6,1,2022-06-28 09:44:33
1656409483968978000,92.5,1,92.4,12,92.5,9,1,2022-06-28 09:44:43
1656409486362161000,92.5,1,92.4,13,92.5,8,1,2022-06-28 09:44:46
1656409489152957000,92.5,3,92.4,18,92.5,5,1,2022-06-28 09:44:49
1656409489183383000,92.5,5,92.4,18,92.6,19,1,2022-06-28 09:44:49
1656409490050402000,92.5,1,92.4,21,92.6,19,2,2022-06-28 09:44:50
1656409492782411000,92.5,1,92.4,20,92.6,24,2,2022-06-28 09:44:52
1656409493478669000,92.5,1,92.4,18,92.6,24,1,2022-06-28 09:44:53
1656409495572600000,92.5,1,92.4,19,92.5,25,1,2022-06-28 09:44:55
1656409495892715000,92.5,1,92.4,19,92.5,26,1,2022-06-28 09:44:55
1656409495935416000,92.4,1,92.4,18,92.5,24,2,2022-06-28 09:44:55
1656409496868286000,92.5,1,92.4,18,92.5,23,1,2022-06-28 09:44:56
1656409498447508000,92.5,1,92.4,18,92.5,22,1,2022-06-28 09:44:58
1656409499131003000,92.5,1,92.4,18,92.5,22,1,2022-06-28 09:44:59
1656409500133066000,92.5,1,92.4,18,92.5,20,1,2022-06-28 09:45:00
1656409500357779000,92.4,10,92.4,8,92.5,20,2,2022-06-28 09:45:00
1656409503338271000,92.5,1,92.4,15,92.5,22,1,2022-06-28 09:45:03
1656409503816203000,92.4,10,92.4,5,92.5,22,2,2022-06-28 09:45:03
1656409503856156000,92.4,1,92.4,5,92.5,22,2,2022-06-28 09:45:03
1656409503978006000,92.5,18,92.4,4,92.5,4,1,2022-06-28 09:45:03
1656409506223100000,92.4,1,92.4,3,92.5,4,2,2022-06-28 09:45:06
1656409506275968000,92.4,3,92.3,24,92.4,2,2,2022-06-28 09:45:06
1656409506309748000,92.4,2,92.3,23,92.5,4,1,2022-06-28 09:45:06
1656409510139476000,92.4,2,92.3,20,92.5,6,2,2022-06-28 09:45:10
1656409510139476000,92.3,6,92.3,20,92.5,6,2,2022-06-28 09:45:10
1656409510179026000,92.3,8,92.3,11,92.5,6,2,2022-06-28 09:45:10
1656409515300748000,92.4,1,92.1,33,92.5,9,2,2022-06-28 09:45:15
1656409515300748000,92.3,9,92.1,33,92.5,9,2,2022-06-28 09:45:15
1656409515300748000,92.2,6,92.1,33,92.5,9,2,2022-06-28 09:45:15
1656409515300748000,92.1,5,92.1,33,92.5,9,2,2022-06-28 09:45:15
1656409516620418000,92.1,2,92.1,32,92.4,3,2,2022-06-28 09:45:16
1656409523682636000,92.3,1,92.3,9,92.4,13,2,2022-06-28 09:45:23
1656409526082299000,92.4,2,92.3,9,92.4,11,1,2022-06-28 09:45:26
1656409527042510000,92.3,2,92.3,7,92.4,12,2,2022-06-28 09:45:27
1656409529609373000,92.3,1,92.3,7,92.4,13,2,2022-06-28 09:45:29
1656409530089919000,92.3,1,92.3,7,92.4,13,2,2022-06-28 09:45:30
1656409533546520000,92.3,3,92.3,4,92.4,14,2,2022-06-28 09:45:33
1656409534244059000,92.3,2,92.3,2,92.4,14,2,2022-06-28 09:45:34
1656409534839191000,92.3,1,92.3,1,92.4,14,2,2022-06-28 09:45:34
1656409536155271000,92.3,1,92.2,4,92.4,14,2,2022-06-28 09:45:36
1656409537413716000,92.2,1,92.2,3,92.4,14,2,2022-06-28 09:45:37
1656409537536194000,92.4,1,92.2,3,92.4,13,1,2022-06-28 09:45:37
1656409537726601000,92.4,1,92.2,3,92.4,12,1,2022-06-28 09:45:37
1656409540147611000,92.3,1,92.2,3,92.3,3,2,2022-06-28 09:45:40
1656409540181300000,92.3,8,92.2,3,92.3,2,1,2022-06-28 09:45:40
1656409541314953000,92.3,1,92.2,4,92.3,7,1,2022-06-28 09:45:41
1656409546530345000,92.3,1,92.2,14,92.3,6,1,2022-06-28 09:45:46
1656409547148429000,92.3,1,92.2,14,92.3,4,1,2022-06-28 09:45:47
1656409547352145000,92.3,1,92.2,14,92.3,3,1,2022-06-28 09:45:47
1656409547501699000,92.2,3,92.2,11,92.3,3,2,2022-06-28 09:45:47
1656409549303363000,92.2,1,92.2,10,92.3,4,2,2022-06-28 09:45:49
1656409553968772000,92.2,5,92.2,21,92.3,6,2,2022-06-28 09:45:53
1656409556642247000,92.2,1,92.2,21,92.3,8,2,2022-06-28 09:45:56
1656409560076397000,92.2,2,92.2,15,92.3,8,2,2022-06-28 09:46:00
1656409560540879000,92.2,3,92.2,12,92.3,8,2,2022-06-28 09:46:00
1656409561733909000,92.2,2,92.2,13,92.3,9,2,2022-06-28 09:46:01
1656409563695468000,92.2,1,92.2,10,92.3,9,2,2022-06-28 09:46:03
1656409565234168000,92.3,1,92.2,10,92.3,9,1,2022-06-28 09:46:05
1656409565986642000,92.2,1,92.2,14,92.3,8,2,2022-06-28 09:46:05
1656409568320597000,92.2,10,92.2,5,92.3,10,2,2022-06-28 09:46:08
1656409568358531000,92.2,1,92.2,4,92.3,10,2,2022-06-28 09:46:08
1656409576064455000,92.2,1,92.2,5,92.3,13,2,2022-06-28 09:46:16
1656409577914351000,92.2,2,92.2,3,92.3,13,2,2022-06-28 09:46:17
1656409577952896000,92.2,1,92.2,2,92.3,13,2,2022-06-28 09:46:17
1656409579108201000,92.2,1,92.2,6,92.3,13,2,2022-06-28 09:46:19
1656409580189138000,92.2,1,92.2,7,92.3,13,2,2022-06-28 09:46:20
1656409582193554000,92.2,1,92.2,6,92.3,14,2,2022-06-28 09:46:22
1656409586878885000,92.2,8,92.1,34,92.2,2,2,2022-06-28 09:46:26
1656409586903967000,92.2,2,92.1,32,92.3,15,1,2022-06-28 09:46:26
1656409589434499000,92.2,2,92.1,32,92.3,14,2,2022-06-28 09:46:29
1656409589434499000,92.1,1,92.1,32,92.3,14,2,2022-06-28 09:46:29
1656409590446139000,92.2,1,92.2,2,92.3,14,2,2022-06-28 09:46:30
1656409592999368000,92.3,4,92.2,7,92.3,11,1,2022-06-28 09:46:32
1656409599366787000,92.2,1,92.2,8,92.3,11,2,2022-06-28 09:46:39
1656409604547829000,92.2,1,92.2,11,92.3,12,2,2022-06-28 09:46:44
1656409606372694000,92.2,1,92.2,10,92.3,12,2,2022-06-28 09:46:46
1656409606537586000,92.2,1,92.2,9,92.3,12,2,2022-06-28 09:46:46
1656409612175261000,92.2,1,92.2,10,92.3,13,2,2022-06-28 09:46:52
1656409613116089000,92.2,1,92.2,10,92.3,13,2,2022-06-28 09:46:53
1656409616713155000,92.3,13,92.2,10,92.3,13,1,2022-06-28 09:46:56
1656409629532085000,92.4,9,92.3,10,92.4,1,1,2022-06-28 09:47:09
1656409633443569000,92.4,1,92.3,9,92.4,3,1,2022-06-28 09:47:13
1656409637107823000,92.4,3,92.3,9,92.5,7,1,2022-06-28 09:47:17
1656409650971059000,92.4,1,92.4,3,92.5,7,1,2022-06-28 09:47:30
1656409655135629000,92.4,2,92.4,1,92.5,8,2,2022-06-28 09:47:35
1656409682963481000,92.4,1,92.4,10,92.5,12,2,2022-06-28 09:48:02
1656409685126863000,92.5,1,92.4,10,92.5,11,1,2022-06-28 09:48:05
1656409687428472000,92.5,1,92.4,10,92.5,10,1,2022-06-28 09:48:07
1656409688448948000,92.5,3,92.4,10,92.5,7,1,2022-06-28 09:48:08
1656409692762471000,92.4,1,92.4,9,92.5,18,2,2022-06-28 09:48:12
1656409699596044000,92.5,1,92.4,9,92.5,18,1,2022-06-28 09:48:19
1656409705223089000,92.4,1,92.4,8,92.5,19,2,2022-06-28 09:48:25
1656409710707649000,92.4,2,92.4,6,92.5,19,2,2022-06-28 09:48:30
1656409711125854000,92.4,4,92.4,2,92.5,19,2,2022-06-28 09:48:31
1656409711646547000,92.4,1,92.4,2,92.5,20,2,2022-06-28 09:48:31
1656409712169338000,92.4,1,92.4,2,92.5,20,2,2022-06-28 09:48:32
1656409714725912000,92.5,1,92.4,1,92.5,20,1,2022-06-28 09:48:34
1656409714866303000,92.4,1,92.3,26,92.5,20,2,2022-06-28 09:48:34
1656409722447109000,92.4,1,92.3,25,92.4,5,1,2022-06-28 09:48:42
1656409724137583000,92.4,2,92.3,25,92.4,3,1,2022-06-28 09:48:44
1656409729690906000,92.4,1,92.3,25,92.4,2,1,2022-06-28 09:48:49
1656409730897042000,92.4,1,92.3,25,92.4,1,1,2022-06-28 09:48:50
1656409736338879000,92.3,7,92.3,18,92.4,27,2,2022-06-28 09:48:56
1656409736353192000,92.3,1,92.3,18,92.4,27,2,2022-06-28 09:48:56
1656409736842483000,92.3,1,92.3,16,92.4,27,2,2022-06-28 09:48:56
1656409738313350000,92.4,1,92.3,16,92.4,26,1,2022-06-28 09:48:58
1656409738339207000,92.3,1,92.3,15,92.4,26,2,2022-06-28 09:48:58
1656409738490731000,92.4,1,92.3,15,92.4,25,1,2022-06-28 09:48:58
1656409739266507000,92.4,1,92.3,15,92.4,24,1,2022-06-28 09:48:59
1656409740576936000,92.3,2,92.3,13,92.4,26,2,2022-06-28 09:49:00
1656409741767714000,92.4,2,92.3,13,92.4,25,1,2022-06-28 09:49:01
1656409741767876000,92.4,1,92.3,13,92.4,24,1,2022-06-28 09:49:01
1656409743107907000,92.3,2,92.3,11,92.4,24,2,2022-06-28 09:49:03
1656409743496294000,92.4,2,92.3,11,92.4,22,1,2022-06-28 09:49:03
1656409743496436000,92.4,1,92.3,11,92.4,21,1,2022-06-28 09:49:03
1656409744744293000,92.4,2,92.3,11,92.4,19,1,2022-06-28 09:49:04
1656409744744444000,92.4,1,92.3,11,92.4,18,1,2022-06-28 09:49:04
1656409750084700000,92.4,1,92.3,11,92.4,17,1,2022-06-28 09:49:10
1656409750945360000,92.3,4,92.3,7,92.4,17,2,2022-06-28 09:49:10
1656409751267746000,92.4,1,92.3,7,92.4,18,1,2022-06-28 09:49:11
1656409752915439000,92.4,1,92.3,7,92.4,17,1,2022-06-28 09:49:12
1656409752955432000,92.4,1,92.3,8,92.4,16,1,2022-06-28 09:49:12
1656409752988940000,92.3,5,92.3,3,92.4,16,2,2022-06-28 09:49:12
1656409753021863000,92.3,1,92.3,3,92.4,16,2,2022-06-28 09:49:13
1656409754886236000,92.4,1,92.3,2,92.4,15,1,2022-06-28 09:49:14
1656409755177068000,92.3,2,92.2,19,92.4,15,2,2022-06-28 09:49:15
1656409757606470000,92.3,2,92.2,17,92.3,4,2,2022-06-28 09:49:17
1656409760859500000,92.3,1,92.2,18,92.3,11,1,2022-06-28 09:49:20
1656409774400046000,92.3,1,92.2,18,92.3,12,1,2022-06-28 09:49:34
1656409800506782000,92.3,1,92.2,19,92.3,17,1,2022-06-28 09:50:00
1656409802672800000,92.3,1,92.2,19,92.3,17,1,2022-06-28 09:50:02
1656409806502594000,92.3,1,92.2,19,92.3,16,1,2022-06-28 09:50:06
1656409806530317000,92.2,1,92.2,18,92.3,16,2,2022-06-28 09:50:06
1656409807106074000,92.3,1,92.2,18,92.3,15,1,2022-06-28 09:50:07
1656409807213799000,92.3,1,92.2,18,92.3,14,1,2022-06-28 09:50:07
1656409807433282000,92.3,1,92.2,18,92.3,13,1,2022-06-28 09:50:07
1656409807989655000,92.3,1,92.2,18,92.3,12,1,2022-06-28 09:50:07
1656409810318323000,92.3,2,92.2,18,92.3,11,1,2022-06-28 09:50:10
1656409824894932000,92.2,1,92.2,17,92.3,14,2,2022-06-28 09:50:24
1656409826477182000,92.3,3,92.2,17,92.3,11,1,2022-06-28 09:50:26
1656409829371179000,92.3,1,92.2,17,92.3,12,1,2022-06-28 09:50:29
1656409836933983000,92.3,1,92.2,17,92.3,13,1,2022-06-28 09:50:36
1656409839541341000,92.3,1,92.2,17,92.3,12,1,2022-06-28 09:50:39
1656409849364325000,92.3,2,92.2,18,92.3,12,1,2022-06-28 09:50:49
1656409850752081000,92.2,1,92.2,17,92.3,12,2,2022-06-28 09:50:50
1656409860343962000,92.2,5,92.2,12,92.3,14,2,2022-06-28 09:51:00
1656409860369455000,92.2,1,92.2,11,92.3,14,2,2022-06-28 09:51:00
1656409866140832000,92.2,11,92.1,29,92.3,18,2,2022-06-28 09:51:06
1656409866532198000,92.1,2,92.1,27,92.2,3,2,2022-06-28 09:51:06
1656409867688493000,92.2,1,92.1,27,92.2,2,1,2022-06-28 09:51:07
1656409873922248000,92.2,1,92.1,27,92.2,11,1,2022-06-28 09:51:13
1656409879204712000,92.1,5,92.1,22,92.2,10,2,2022-06-28 09:51:19
1656409879206943000,92.1,14,92.1,8,92.2,10,2,2022-06-28 09:51:19
1656409879230699000,92.1,1,92.1,7,92.2,10,2,2022-06-28 09:51:19
1656409879231600000,92.1,1,92.1,6,92.2,10,2,2022-06-28 09:51:19
1656409879253620000,92.1,1,92.1,5,92.2,10,2,2022-06-28 09:51:19
1656409879283034000,92.1,1,92.1,8,92.2,10,2,2022-06-28 09:51:19
1656409883770962000,92.1,1,92.1,5,92.2,24,2,2022-06-28 09:51:23
1656409891943279000,92.2,2,92.1,6,92.2,23,1,2022-06-28 09:51:31
1656409899993507000,92.2,2,92.1,12,92.2,22,1,2022-06-28 09:51:39
1656409902608150000,92.2,1,92.1,14,92.2,21,1,2022-06-28 09:51:42
1656409905768035000,92.1,1,92.1,13,92.2,21,2,2022-06-28 09:51:45
1656409913925073000,92.1,1,92.1,12,92.2,22,2,2022-06-28 09:51:53
1656409921718854000,92.1,1,92.1,12,92.2,22,2,2022-06-28 09:52:01
1656409922197783000,92.1,3,92.1,9,92.2,22,2,2022-06-28 09:52:02
1656409923026648000,92.1,1,92.1,8,92.2,22,2,2022-06-28 09:52:03
1656409926629146000,92.1,1,92.1,7,92.2,23,2,2022-06-28 09:52:06
1656409931453361000,92.1,9,92.0,79,92.1,4,2,2022-06-28 09:52:11
1656409931736742000,92.1,2,92.0,79,92.1,14,1,2022-06-28 09:52:11
1656409945143338000,92.1,1,92.0,76,92.1,25,1,2022-06-28 09:52:25
1656409946421393000,92.1,1,92.0,76,92.1,24,1,2022-06-28 09:52:26
1656409949559225000,92.1,1,92.0,76,92.1,23,1,2022-06-28 09:52:29
1656409962530205000,92.0,9,92.0,68,92.1,19,2,2022-06-28 09:52:42
1656409964863752000,92.1,1,92.0,68,92.1,18,1,2022-06-28 09:52:44
1656409965635999000,92.0,67,91.9,11,92.0,90,2,2022-06-28 09:52:45
1656409965657882000,91.9,1,91.9,10,92.0,133,2,2022-06-28 09:52:45
1656409965657901000,91.9,1,91.9,9,92.0,133,2,2022-06-28 09:52:45
1656409965659418000,91.9,1,91.9,8,92.0,133,2,2022-06-28 09:52:45
1656409965675665000,91.9,5,91.9,3,92.0,133,2,2022-06-28 09:52:45
1656409966347832000,91.9,4,91.8,10,92.0,133,2,2022-06-28 09:52:46
1656409967484509000,91.9,1,91.8,10,92.0,133,1,2022-06-28 09:52:47
1656409974497886000,91.9,1,91.8,10,91.9,1,1,2022-06-28 09:52:54
1656409979958548000,91.9,1,91.8,8,91.9,5,1,2022-06-28 09:52:59
1656409988161602000,91.8,8,91.7,19,91.8,2,2,2022-06-28 09:53:08
1656409989296240000,91.7,1,91.7,17,91.8,2,2,2022-06-28 09:53:09
1656409989515369000,91.8,1,91.7,17,91.8,1,1,2022-06-28 09:53:09
1656409993404764000,91.8,1,91.7,21,91.9,20,1,2022-06-28 09:53:13
1656409993580342000,91.9,1,91.7,21,91.9,19,1,2022-06-28 09:53:13
1656409994157564000,91.7,3,91.7,18,91.9,19,2,2022-06-28 09:53:14
1656409994187834000,91.9,1,91.7,18,91.9,18,1,2022-06-28 09:53:14
1656409994668225000,91.9,1,91.7,18,91.9,17,1,2022-06-28 09:53:14
1656409997989725000,91.7,4,91.7,14,91.8,4,2,2022-06-28 09:53:17
1656409998290744000,91.8,1,91.7,14,91.8,3,1,2022-06-28 09:53:18
1656410003477784000,91.9,11,91.8,100,91.9,9,1,2022-06-28 09:53:23
1656410003507009000,91.9,9,91.8,104,92.0,138,1,2022-06-28 09:53:23
1656410005101789000,91.9,1,91.9,3,92.0,139,2,2022-06-28 09:53:25
1656410005133747000,92.0,11,91.8,109,92.0,128,1,2022-06-28 09:53:25
1656410005640029000,92.0,10,91.9,5,92.0,118,1,2022-06-28 09:53:25
1656410005674624000,92.0,11,91.9,7,92.0,107,1,2022-06-28 09:53:25
1656410005691146000,92.0,1,91.9,8,92.0,107,1,2022-06-28 09:53:25
1656410006025104000,92.0,2,91.9,8,92.0,104,1,2022-06-28 09:53:26
1656410006025274000,92.0,3,91.9,8,92.0,101,1,2022-06-28 09:53:26
1656410006728503000,91.9,1,91.9,9,92.0,101,2,2022-06-28 09:53:26
1656410008902182000,92.0,10,91.9,8,92.0,91,1,2022-06-28 09:53:28
1656410011134730000,92.0,22,91.9,7,92.0,69,1,2022-06-28 09:53:31
1656410012202533000,92.0,1,91.9,7,92.0,68,1,2022-06-28 09:53:32
1656410012362877000,92.0,1,91.9,7,92.0,67,1,2022-06-28 09:53:32
1656410015013040000,92.0,1,91.9,8,92.0,67,1,2022-06-28 09:53:35
1656410015042899000,92.0,11,91.9,8,92.0,56,1,2022-06-28 09:53:35
1656410015101656000,92.0,4,91.9,9,92.0,52,1,2022-06-28 09:53:35
1656410015101805000,92.0,1,91.9,9,92.0,51,1,2022-06-28 09:53:35
1656410015266342000,92.0,2,91.9,9,92.0,49,1,2022-06-28 09:53:35
1656410015266497000,92.0,3,91.9,9,92.0,46,1,2022-06-28 09:53:35
1656410016366721000,92.0,1,91.9,9,92.0,45,1,2022-06-28 09:53:36
1656410018633195000,92.0,3,91.9,9,92.0,42,1,2022-06-28 09:53:38
1656410018633370000,92.0,1,91.9,9,92.0,41,1,2022-06-28 09:53:38
1656410018633494000,92.0,1,91.9,9,92.0,40,1,2022-06-28 09:53:38
1656410018648646000,92.0,12,91.9,9,92.0,28,1,2022-06-28 09:53:38
1656410018659606000,92.0,20,91.9,10,92.0,8,1,2022-06-28 09:53:38
1656410018679104000,92.0,8,91.9,10,92.1,3,1,2022-06-28 09:53:38
1656410018829739000,92.1,3,92.0,7,92.2,19,1,2022-06-28 09:53:38
1656410018829739000,92.2,1,92.0,7,92.2,19,1,2022-06-28 09:53:38
1656410018829958000,92.2,1,92.0,7,92.2,18,1,2022-06-28 09:53:38
1656410018974409000,92.2,2,92.1,5,92.2,16,1,2022-06-28 09:53:38
1656410018974681000,92.2,1,92.1,5,92.2,15,1,2022-06-28 09:53:38
1656410018974880000,92.2,2,92.1,5,92.2,13,1,2022-06-28 09:53:38
1656410020621330000,92.1,1,92.1,7,92.2,13,2,2022-06-28 09:53:40
1656410023639733000,92.2,1,92.1,7,92.2,12,1,2022-06-28 09:53:43
1656410027839825000,92.2,1,92.1,6,92.2,11,1,2022-06-28 09:53:47
1656410028000298000,92.2,1,92.1,6,92.2,10,1,2022-06-28 09:53:48
1656410028170175000,92.2,1,92.1,6,92.2,9,1,2022-06-28 09:53:48
1656410029045684000,92.2,2,92.1,5,92.2,7,1,2022-06-28 09:53:49
1656410029685635000,92.2,1,92.1,4,92.2,7,1,2022-06-28 09:53:49
1656410032520893000,92.1,1,92.1,3,92.2,7,2,2022-06-28 09:53:52
1656410034710173000,92.2,1,92.1,3,92.2,6,1,2022-06-28 09:53:54
1656410036651342000,92.1,1,92.1,3,92.2,7,2,2022-06-28 09:53:56
1656410037013188000,92.2,1,92.1,3,92.2,6,1,2022-06-28 09:53:57
1656410037155190000,92.2,1,92.1,3,92.2,5,1,2022-06-28 09:53:57
1656410037160373000,92.2,1,92.1,3,92.2,4,1,2022-06-28 09:53:57
1656410037406546000,92.2,4,92.2,1,92.3,12,1,2022-06-28 09:53:57
1656410043045930000,92.2,5,92.1,4,92.3,13,2,2022-06-28 09:54:03
1656410044196245000,92.3,1,92.1,6,92.3,12,1,2022-06-28 09:54:04
1656410044356442000,92.3,1,92.1,6,92.3,11,1,2022-06-28 09:54:04
1656410044525696000,92.3,1,92.1,7,92.3,10,1,2022-06-28 09:54:04
1656410046926325000,92.1,4,92.0,27,92.2,11,2,2022-06-28 09:54:06
1656410050557803000,92.1,1,92.1,1,92.2,11,1,2022-06-28 09:54:10
1656410050589528000,92.1,1,92.1,1,92.2,12,2,2022-06-28 09:54:10
1656410056315466000,92.1,1,92.0,4,92.1,6,1,2022-06-28 09:54:16
1656410056507557000,92.1,1,92.0,4,92.1,5,1,2022-06-28 09:54:16
1656410057052865000,92.1,1,92.0,4,92.1,3,1,2022-06-28 09:54:17
1656410063864881000,92.1,1,92.0,3,92.1,3,1,2022-06-28 09:54:23
1656410064473269000,92.0,1,92.0,2,92.1,3,2,2022-06-28 09:54:24
1656410077308817000,92.1,1,92.0,6,92.1,6,1,2022-06-28 09:54:37
1656410077460184000,92.1,1,92.0,6,92.1,5,1,2022-06-28 09:54:37
1656410077498524000,92.0,1,92.0,5,92.1,5,2,2022-06-28 09:54:37
1656410077626225000,92.1,1,92.0,5,92.1,4,1,2022-06-28 09:54:37
1656410086961773000,92.0,1,92.0,16,92.1,6,2,2022-06-28 09:54:46
1656410092648368000,92.1,3,92.0,13,92.1,3,1,2022-06-28 09:54:52
1656410097962608000,92.0,1,92.0,12,92.1,4,2,2022-06-28 09:54:57
1656410098707307000,92.1,1,92.0,12,92.1,3,1,2022-06-28 09:54:58
1656410102520600000,92.1,1,92.0,13,92.1,2,1,2022-06-28 09:55:02
1656410110030425000,92.1,3,92.0,13,92.1,1,1,2022-06-28 09:55:10
1656410110774835000,92.1,2,92.0,13,92.2,12,1,2022-06-28 09:55:10
1656410116858968000,92.2,5,92.1,4,92.2,8,1,2022-06-28 09:55:16
1656410124692482000,92.2,1,92.1,7,92.2,4,1,2022-06-28 09:55:24
1656410124693807000,92.2,1,92.1,7,92.2,3,1,2022-06-28 09:55:24
1656410124716074000,92.2,3,92.1,7,92.3,8,1,2022-06-28 09:55:24
1656410133507347000,92.3,1,92.2,4,92.3,11,1,2022-06-28 09:55:33
1656410133660216000,92.3,1,92.2,6,92.3,10,1,2022-06-28 09:55:33
1656410133816913000,92.3,1,92.2,6,92.3,9,1,2022-06-28 09:55:33
1656410137024103000,92.3,1,92.2,10,92.3,9,1,2022-06-28 09:55:37
1656410137167180000,92.3,1,92.2,10,92.3,8,1,2022-06-28 09:55:37
1656410138326904000,92.3,2,92.2,10,92.3,6,1,2022-06-28 09:55:38
1656410140464307000,92.3,6,92.2,8,92.5,12,1,2022-06-28 09:55:40
1656410140464307000,92.4,21,92.2,8,92.5,12,1,2022-06-28 09:55:40
1656410140464307000,92.5,3,92.2,8,92.5,12,1,2022-06-28 09:55:40
1656410142640219000,92.5,1,92.3,4,92.5,12,1,2022-06-28 09:55:42
1656410142792515000,92.5,1,92.3,4,92.5,11,1,2022-06-28 09:55:42
1656410142876070000,92.5,1,92.3,4,92.5,10,1,2022-06-28 09:55:42
1656410142946823000,92.5,1,92.3,4,92.5,9,1,2022-06-28 09:55:42
1656410145869154000,92.5,1,92.3,10,92.5,9,1,2022-06-28 09:55:45
1656410151363714000,92.5,1,92.3,9,92.5,8,1,2022-06-28 09:55:51
1656410152427478000,92.5,7,92.3,9,92.5,1,1,2022-06-28 09:55:52
1656410154196428000,92.5,1,92.3,9,92.6,10,1,2022-06-28 09:55:54
1656410156714182000,92.6,1,92.4,2,92.6,11,1,2022-06-28 09:55:56
1656410162921415000,92.5,1,92.3,9,92.6,17,2,2022-06-28 09:56:02
1656410167004429000,92.6,1,92.3,49,92.6,13,1,2022-06-28 09:56:07
1656410167861604000,92.5,1,92.3,9,92.5,3,1,2022-06-28 09:56:07
1656410170163909000,92.4,1,92.3,9,92.5,8,2,2022-06-28 09:56:10
1656410171243174000,92.5,1,92.3,8,92.5,8,1,2022-06-28 09:56:11
1656410171626389000,92.5,1,92.3,9,92.5,7,1,2022-06-28 09:56:11
1656410172642396000,92.5,1,92.3,10,92.5,6,1,2022-06-28 09:56:12
1656410172788710000,92.5,1,92.3,10,92.5,5,1,2022-06-28 09:56:12
1656410172955232000,92.5,1,92.3,11,92.5,4,1,2022-06-28 09:56:12
1656410173380877000,92.5,1,92.3,11,92.5,2,1,2022-06-28 09:56:13
1656410173590092000,92.5,1,92.3,11,92.5,1,1,2022-06-28 09:56:13
1656410179143161000,92.5,3,92.3,9,92.5,1,1,2022-06-28 09:56:19
1656410183333588000,92.5,2,92.3,10,92.6,12,1,2022-06-28 09:56:23
1656410183333728000,92.6,3,92.3,10,92.6,9,1,2022-06-28 09:56:23
1656410183489495000,92.6,4,92.3,10,92.6,9,1,2022-06-28 09:56:23
1656410183489623000,92.6,1,92.3,10,92.6,8,1,2022-06-28 09:56:23
1656410183649644000,92.6,3,92.3,10,92.6,5,1,2022-06-28 09:56:23
1656410183649805000,92.6,2,92.3,10,92.6,3,1,2022-06-28 09:56:23
