ts,close,volume,bid_price,bid_volume,ask_price,ask_volume,tick_type,datetime
1656406940448868000,534.0,121,533.0,6,534.0,12,0,2022-06-28 09:02:20
1656406940551824000,534.0,4,533.0,6,534.0,11,1,2022-06-28 09:02:20
1656406940597200000,533.0,1,533.0,3,534.0,11,2,2022-06-28 09:02:20
1656406940646643000,534.0,1,533.0,3,534.0,10,1,2022-06-28 09:02:20
1656406942273780000,533.0,1,533.0,2,534.0,11,2,2022-06-28 09:02:22
1656406943489006000,533.0,2,532.0,5,534.0,14,2,2022-06-28 09:02:23
1656406943489006000,532.0,1,532.0,5,534.0,14,2,2022-06-28 09:02:23
1656406944332589000,532.0,1,532.0,3,533.0,4,2,2022-06-28 09:02:24
1656406946344585000,533.0,1,532.0,2,533.0,6,1,2022-06-28 09:02:26
1656406948310098000,532.0,2,531.0,6,533.0,6,2,2022-06-28 09:02:28
1656406951321037000,532.0,1,531.0,6,532.0,6,1,2022-06-28 09:02:31
1656406953107498000,532.0,1,531.0,4,532.0,6,1,2022-06-28 09:02:33
1656406955870055000,531.0,1,531.0,4,532.0,7,2,2022-06-28 09:02:35
1656406955907091000,531.0,1,531.0,2,532.0,7,2,2022-06-28 09:02:35
1656406955948108000,531.0,2,530.0,12,532.0,7,2,2022-06-28 09:02:35
1656406956099937000,532.0,1,530.0,12,532.0,12,1,2022-06-28 09:02:36
1656406957424573000,532.0,1,531.0,1,532.0,10,1,2022-06-28 09:02:37
1656406957503076000,531.0,1,530.0,12,532.0,10,2,2022-06-28 09:02:37
1656406958650347000,530.0,4,530.0,8,531.0,1,2,2022-06-28 09:02:38
1656406958725164000,530.0,5,530.0,3,531.0,2,2,2022-06-28 09:02:38
1656406958804278000,530.0,1,529.0,2,531.0,5,2,2022-06-28 09:02:38
1656406959415274000,530.0,1,529.0,2,531.0,5,1,2022-06-28 09:02:39
1656406960632976000,529.0,1,529.0,1,530.0,3,2,2022-06-28 09:02:40
1656406960668665000,529.0,1,528.0,2,530.0,3,2,2022-06-28 09:02:40
1656406960697920000,529.0,1,528.0,2,530.0,3,1,2022-06-28 09:02:40
1656406960999330000,529.0,1,528.0,2,529.0,1,1,2022-06-28 09:02:40
1656406962645804000,528.0,2,527.0,4,529.0,1,2,2022-06-28 09:02:42
1656406964431081000,527.0,2,527.0,1,528.0,30,2,2022-06-28 09:02:44
1656406964935399000,527.0,1,526.0,3,528.0,32,2,2022-06-28 09:02:44
1656406965663916000,527.0,1,526.0,5,528.0,32,1,2022-06-28 09:02:45
1656406969781822000,526.0,3,525.0,11,526.0,27,2,2022-06-28 09:02:49
1656406969817340000,526.0,17,525.0,11,526.0,10,1,2022-06-28 09:02:49
1656406969817368000,526.0,10,525.0,11,528.0,11,1,2022-06-28 09:02:49
1656406969884297000,526.0,4,525.0,13,527.0,4,1,2022-06-28 09:02:49
1656406969904685000,527.0,2,526.0,4,527.0,2,1,2022-06-28 09:02:49
1656406969927979000,526.0,2,526.0,2,527.0,2,2,2022-06-28 09:02:49
1656406969928344000,527.0,2,526.0,2,528.0,9,1,2022-06-28 09:02:49
1656406970393724000,527.0,1,526.0,4,527.0,5,1,2022-06-28 09:02:50
1656406970652546000,527.0,4,526.0,6,528.0,4,1,2022-06-28 09:02:50
1656406970695475000,528.0,4,526.0,6,531.0,4,1,2022-06-28 09:02:50
1656406970708795000,527.0,1,527.0,3,531.0,4,2,2022-06-28 09:02:50
1656406971760853000,529.0,1,529.0,1,530.0,1,2,2022-06-28 09:02:51
1656406972774544000,529.0,1,527.0,7,530.0,1,2,2022-06-28 09:02:52
1656406973068226000,527.0,2,527.0,5,530.0,1,2,2022-06-28 09:02:53
1656406975249343000,528.0,1,527.0,5,529.0,1,2,2022-06-28 09:02:55
1656406977759682000,529.0,1,528.0,2,529.0,2,1,2022-06-28 09:02:57
1656406977795905000,529.0,2,528.0,2,530.0,3,1,2022-06-28 09:02:57
1656406978462707000,530.0,3,529.0,5,531.0,4,1,2022-06-28 09:02:58
1656406978503067000,530.0,2,529.0,5,531.0,4,1,2022-06-28 09:02:58
1656406980394186000,531.0,1,530.0,2,531.0,3,1,2022-06-28 09:03:00
1656406981762011000,531.0,1,530.0,2,531.0,2,1,2022-06-28 09:03:01
1656406983075919000,531.0,1,530.0,2,531.0,1,1,2022-06-28 09:03:03
1656406985902184000,531.0,1,530.0,3,532.0,4,1,2022-06-28 09:03:05
1656406985981882000,531.0,2,530.0,1,532.0,4,2,2022-06-28 09:03:05
1656406987204380000,531.0,1,530.0,1,532.0,9,2,2022-06-28 09:03:07
1656406989084775000,530.0,1,529.0,4,532.0,9,2,2022-06-28 09:03:09
1656406990151921000,529.0,1,529.0,4,530.0,3,2,2022-06-28 09:03:10
1656406990323160000,529.0,3,528.0,2,530.0,3,2,2022-06-28 09:03:10
1656406992279523000,530.0,1,528.0,2,530.0,6,1,2022-06-28 09:03:12
1656406993402584000,530.0,2,528.0,2,530.0,3,1,2022-06-28 09:03:13
1656406994847486000,528.0,1,528.0,1,529.0,1,2,2022-06-28 09:03:14
1656406994874455000,528.0,1,527.0,2,529.0,1,2,2022-06-28 09:03:14
1656406995552934000,528.0,1,527.0,2,529.0,1,2,2022-06-28 09:03:15
1656406997433517000,528.0,1,527.0,3,529.0,9,2,2022-06-28 09:03:17
1656406998178017000,528.0,1,527.0,3,529.0,11,2,2022-06-28 09:03:18
1656407001627273000,528.0,1,527.0,3,528.0,1,1,2022-06-28 09:03:21
1656407002450406000,527.0,1,527.0,2,528.0,7,2,2022-06-28 09:03:22
1656407004066490000,527.0,1,527.0,1,528.0,7,2,2022-06-28 09:03:24
1656407004598074000,527.0,1,526.0,4,528.0,9,2,2022-06-28 09:03:24
1656407004638536000,528.0,1,526.0,4,528.0,8,1,2022-06-28 09:03:24
1656407007856766000,527.0,1,526.0,5,528.0,10,2,2022-06-28 09:03:27
1656407007869632000,528.0,1,526.0,5,528.0,9,1,2022-06-28 09:03:27
1656407007929677000,528.0,5,526.0,5,528.0,4,1,2022-06-28 09:03:27
1656407008023858000,527.0,1,526.0,4,528.0,4,1,2022-06-28 09:03:28
1656407009376209000,527.0,1,526.0,4,528.0,5,2,2022-06-28 09:03:29
1656407009806634000,527.0,1,526.0,4,528.0,5,1,2022-06-28 09:03:29
1656407012771066000,527.0,1,526.0,4,528.0,5,2,2022-06-28 09:03:32
1656407012955625000,527.0,1,526.0,4,528.0,5,1,2022-06-28 09:03:32
1656407013870624000,527.0,1,527.0,4,528.0,6,1,2022-06-28 09:03:33
1656407013916397000,527.0,1,526.0,3,527.0,1,2,2022-06-28 09:03:33
1656407015594572000,527.0,1,527.0,2,528.0,7,2,2022-06-28 09:03:35
1656407022904946000,528.0,1,527.0,13,528.0,7,1,2022-06-28 09:03:42
1656407024088358000,528.0,3,527.0,13,528.0,3,1,2022-06-28 09:03:44
1656407024126203000,528.0,3,527.0,13,529.0,3,1,2022-06-28 09:03:44
1656407024158857000,528.0,1,527.0,13,529.0,3,1,2022-06-28 09:03:44
1656407024205973000,528.0,1,527.0,13,529.0,3,1,2022-06-28 09:03:44
1656407025252704000,528.0,2,527.0,13,528.0,1,2,2022-06-28 09:03:45
1656407025626966000,528.0,1,527.0,13,529.0,3,1,2022-06-28 09:03:45
1656407026860641000,529.0,1,528.0,6,530.0,3,1,2022-06-28 09:03:46
1656407029702327000,530.0,1,528.0,7,530.0,5,1,2022-06-28 09:03:49
1656407033668164000,530.0,1,528.0,7,530.0,5,1,2022-06-28 09:03:53
1656407034494334000,530.0,1,528.0,9,530.0,5,1,2022-06-28 09:03:54
1656407035542579000,530.0,1,528.0,9,530.0,4,1,2022-06-28 09:03:55
1656407039006027000,530.0,3,529.0,1,532.0,8,1,2022-06-28 09:03:59
1656407039006027000,531.0,1,529.0,1,532.0,8,1,2022-06-28 09:03:59
1656407039006027000,532.0,1,529.0,1,532.0,8,1,2022-06-28 09:03:59
1656407041478330000,532.0,1,529.0,2,532.0,21,1,2022-06-28 09:04:01
1656407043066642000,530.0,2,529.0,2,532.0,22,2,2022-06-28 09:04:03
1656407043691811000,532.0,1,529.0,2,532.0,25,1,2022-06-28 09:04:03
1656407046054870000,532.0,1,530.0,1,532.0,22,1,2022-06-28 09:04:06
1656407046433438000,532.0,5,530.0,1,532.0,17,1,2022-06-28 09:04:06
1656407046613694000,532.0,1,530.0,1,532.0,18,1,2022-06-28 09:04:06
1656407049149410000,532.0,1,530.0,3,532.0,16,1,2022-06-28 09:04:09
1656407052586160000,532.0,1,530.0,4,532.0,17,1,2022-06-28 09:04:12
1656407055670969000,531.0,1,531.0,1,532.0,9,2,2022-06-28 09:04:15
1656407060448487000,532.0,7,532.0,3,533.0,2,1,2022-06-28 09:04:20
1656407060489990000,532.0,3,531.0,1,533.0,2,2,2022-06-28 09:04:20
1656407060692741000,533.0,3,531.0,1,534.0,3,1,2022-06-28 09:04:20
1656407063683218000,532.0,1,531.0,1,532.0,4,1,2022-06-28 09:04:23
1656407063704818000,532.0,1,531.0,2,532.0,3,1,2022-06-28 09:04:23
1656407064162514000,532.0,1,531.0,2,532.0,5,1,2022-06-28 09:04:24
1656407064772483000,531.0,2,530.0,17,532.0,4,2,2022-06-28 09:04:24
1656407065781249000,532.0,1,531.0,1,532.0,4,1,2022-06-28 09:04:25
1656407065919390000,532.0,1,531.0,1,532.0,3,1,2022-06-28 09:04:25
1656407065956389000,532.0,1,531.0,1,532.0,4,1,2022-06-28 09:04:25
1656407067501650000,531.0,1,531.0,1,532.0,2,2,2022-06-28 09:04:27
1656407067721896000,532.0,1,531.0,1,532.0,1,1,2022-06-28 09:04:27
1656407068484276000,531.0,1,531.0,1,532.0,1,2,2022-06-28 09:04:28
1656407068692074000,532.0,1,531.0,1,533.0,2,1,2022-06-28 09:04:28
1656407074327756000,532.0,1,531.0,6,533.0,5,1,2022-06-28 09:04:34
1656407075994923000,532.0,1,531.0,8,533.0,5,2,2022-06-28 09:04:35
1656407076502163000,532.0,1,531.0,10,533.0,6,2,2022-06-28 09:04:36
1656407078708223000,532.0,1,531.0,11,533.0,6,1,2022-06-28 09:04:38
1656407081924033000,532.0,2,531.0,13,533.0,6,1,2022-06-28 09:04:41
1656407093368634000,533.0,1,532.0,15,533.0,5,1,2022-06-28 09:04:53
1656407096616948000,533.0,1,532.0,16,533.0,4,1,2022-06-28 09:04:56
1656407097303028000,533.0,1,532.0,16,533.0,3,1,2022-06-28 09:04:57
1656407097340025000,533.0,1,532.0,16,533.0,2,1,2022-06-28 09:04:57
1656407097639337000,533.0,2,532.0,17,534.0,4,1,2022-06-28 09:04:57
1656407100016315000,534.0,1,533.0,1,534.0,3,1,2022-06-28 09:05:00
1656407100596961000,533.0,1,532.0,19,534.0,3,2,2022-06-28 09:05:00
1656407106417018000,534.0,1,533.0,8,534.0,3,1,2022-06-28 09:05:06
1656407107230390000,534.0,3,533.0,10,535.0,2,1,2022-06-28 09:05:07
1656407108435221000,534.0,1,533.0,11,535.0,4,2,2022-06-28 09:05:08
1656407108966817000,534.0,1,533.0,12,535.0,5,2,2022-06-28 09:05:08
1656407109670529000,534.0,1,534.0,1,535.0,5,2,2022-06-28 09:05:09
1656407110545555000,535.0,1,533.0,13,535.0,4,1,2022-06-28 09:05:10
1656407112251101000,534.0,1,533.0,18,535.0,5,2,2022-06-28 09:05:12
1656407112339399000,533.0,5,533.0,13,535.0,18,2,2022-06-28 09:05:12
1656407112339432000,533.0,13,532.0,18,535.0,18,2,2022-06-28 09:05:12
1656407112441058000,532.0,1,532.0,17,535.0,18,2,2022-06-28 09:05:12
1656407113159509000,535.0,1,532.0,17,535.0,17,1,2022-06-28 09:05:13
1656407113923268000,534.0,1,532.0,17,535.0,17,2,2022-06-28 09:05:13
1656407115248635000,534.0,1,532.0,17,534.0,1,1,2022-06-28 09:05:15
1656407115748408000,532.0,1,532.0,16,535.0,17,2,2022-06-28 09:05:15
1656407116455171000,534.0,4,534.0,6,535.0,17,2,2022-06-28 09:05:16
1656407116455456000,534.0,6,532.0,16,535.0,17,2,2022-06-28 09:05:16
1656407117652177000,532.0,2,532.0,18,533.0,4,2,2022-06-28 09:05:17
1656407118736056000,533.0,1,532.0,20,533.0,4,1,2022-06-28 09:05:18
1656407119315716000,532.0,10,532.0,10,533.0,30,2,2022-06-28 09:05:19
1656407119351141000,532.0,10,531.0,10,533.0,30,2,2022-06-28 09:05:19
1656407119482835000,532.0,1,531.0,10,532.0,6,1,2022-06-28 09:05:19
1656407120307080000,532.0,1,531.0,10,532.0,5,1,2022-06-28 09:05:20
1656407120870539000,531.0,7,531.0,10,532.0,8,2,2022-06-28 09:05:20
1656407120905231000,531.0,3,530.0,7,532.0,8,2,2022-06-28 09:05:20
1656407125849913000,531.0,1,530.0,7,531.0,9,1,2022-06-28 09:05:25
1656407129254302000,530.0,7,529.0,8,531.0,10,2,2022-06-28 09:05:29
1656407130447244000,530.0,1,529.0,8,531.0,9,1,2022-06-28 09:05:30
1656407134184212000,530.0,1,529.0,6,530.0,9,1,2022-06-28 09:05:34
1656407135388366000,529.0,1,529.0,5,530.0,9,2,2022-06-28 09:05:35
1656407135845846000,530.0,1,529.0,5,530.0,8,1,2022-06-28 09:05:35
1656407136608553000,529.0,1,529.0,4,530.0,8,2,2022-06-28 09:05:36
1656407138952108000,530.0,1,529.0,4,530.0,8,1,2022-06-28 09:05:38
1656407139260156000,529.0,4,528.0,21,530.0,8,2,2022-06-28 09:05:39
1656407141669723000,530.0,1,529.0,1,530.0,8,1,2022-06-28 09:05:41
1656407146566682000,529.0,1,529.0,6,530.0,9,2,2022-06-28 09:05:46
1656407146627526000,529.0,1,529.0,5,530.0,9,2,2022-06-28 09:05:46
1656407153502541000,529.0,1,529.0,8,530.0,12,2,2022-06-28 09:05:53
1656407153619349000,529.0,1,529.0,7,530.0,12,2,2022-06-28 09:05:53
1656407156287347000,529.0,1,529.0,8,530.0,10,2,2022-06-28 09:05:56
1656407162327214000,530.0,1,529.0,8,530.0,11,1,2022-06-28 09:06:02
1656407162393037000,529.0,1,529.0,7,530.0,11,2,2022-06-28 09:06:02
1656407164831654000,530.0,2,529.0,7,530.0,9,1,2022-06-28 09:06:04
1656407165016627000,529.0,1,529.0,6,530.0,9,2,2022-06-28 09:06:05
1656407165023866000,529.0,1,529.0,5,530.0,9,2,2022-06-28 09:06:05
1656407165032985000,529.0,1,529.0,4,530.0,9,2,2022-06-28 09:06:05
1656407165329326000,529.0,1,529.0,3,530.0,10,2,2022-06-28 09:06:05
1656407166959521000,529.0,1,529.0,2,530.0,11,2,2022-06-28 09:06:06
1656407167664042000,529.0,1,529.0,1,530.0,11,2,2022-06-28 09:06:07
1656407184451082000,529.0,1,529.0,3,530.0,13,2,2022-06-28 09:06:24
1656407194624951000,529.0,1,529.0,2,530.0,13,2,2022-06-28 09:06:34
1656407200069037000,529.0,1,529.0,1,530.0,13,2,2022-06-28 09:06:40
1656407201903816000,530.0,1,529.0,1,530.0,13,1,2022-06-28 09:06:41
1656407203592696000,529.0,1,528.0,16,530.0,13,2,2022-06-28 09:06:43
1656407210190293000,529.0,1,528.0,16,529.0,2,1,2022-06-28 09:06:50
1656407211815252000,529.0,1,528.0,16,529.0,2,1,2022-06-28 09:06:51
1656407211846406000,529.0,2,528.0,16,530.0,15,1,2022-06-28 09:06:51
1656407212886858000,530.0,2,528.0,16,530.0,9,1,2022-06-28 09:06:52
1656407214159336000,529.0,1,528.0,16,530.0,8,2,2022-06-28 09:06:54
1656407216829770000,530.0,8,529.0,4,531.0,2,1,2022-06-28 09:06:56
1656407221745827000,531.0,2,530.0,1,531.0,1,1,2022-06-28 09:07:01
1656407221767948000,531.0,1,530.0,1,532.0,1,1,2022-06-28 09:07:01
1656407222994824000,530.0,1,530.0,1,532.0,2,2,2022-06-28 09:07:02
1656407229465519000,532.0,1,531.0,1,532.0,5,1,2022-06-28 09:07:09
1656407236454175000,532.0,1,531.0,3,533.0,1,1,2022-06-28 09:07:16
1656407239634570000,532.0,1,531.0,4,533.0,3,1,2022-06-28 09:07:19
1656407239969255000,533.0,1,531.0,4,533.0,2,1,2022-06-28 09:07:19
1656407246243850000,533.0,2,532.0,2,533.0,8,1,2022-06-28 09:07:26
1656407246277148000,533.0,7,532.0,2,533.0,7,1,2022-06-28 09:07:26
1656407250010026000,533.0,2,532.0,2,534.0,7,2,2022-06-28 09:07:30
1656407252168977000,533.0,1,532.0,2,534.0,7,2,2022-06-28 09:07:32
1656407253126960000,533.0,1,533.0,9,534.0,9,1,2022-06-28 09:07:33
1656407256200490000,534.0,1,533.0,14,534.0,7,1,2022-06-28 09:07:36
1656407256237048000,534.0,7,533.0,14,535.0,2,1,2022-06-28 09:07:36
1656407257020214000,534.0,1,533.0,14,535.0,2,1,2022-06-28 09:07:37
1656407259946628000,534.0,1,533.0,16,535.0,2,2,2022-06-28 09:07:39
1656407262685434000,534.0,2,534.0,2,535.0,3,2,2022-06-28 09:07:42
1656407262716048000,534.0,2,533.0,16,535.0,3,2,2022-06-28 09:07:42
1656407264688445000,534.0,1,534.0,3,535.0,3,2,2022-06-28 09:07:44
1656407271912061000,535.0,1,534.0,8,535.0,3,1,2022-06-28 09:07:51
1656407275307601000,535.0,1,534.0,12,535.0,2,1,2022-06-28 09:07:55
1656407275625566000,535.0,1,534.0,12,535.0,4,1,2022-06-28 09:07:55
1656407276248270000,535.0,3,534.0,12,535.0,3,1,2022-06-28 09:07:56
1656407276290327000,535.0,1,534.0,12,536.0,15,2,2022-06-28 09:07:56
1656407279247792000,535.0,1,535.0,3,536.0,15,2,2022-06-28 09:07:59
1656407279265421000,535.0,3,534.0,10,536.0,15,2,2022-06-28 09:07:59
1656407279750494000,535.0,1,534.0,10,536.0,16,2,2022-06-28 09:07:59
1656407280600687000,535.0,3,534.0,9,536.0,17,2,2022-06-28 09:08:00
1656407281067963000,535.0,2,534.0,8,536.0,16,2,2022-06-28 09:08:01
1656407281688687000,535.0,1,534.0,8,535.0,4,1,2022-06-28 09:08:01
1656407281801863000,535.0,3,535.0,1,536.0,16,1,2022-06-28 09:08:01
1656407281832474000,535.0,1,534.0,8,536.0,16,2,2022-06-28 09:08:01
1656407281927790000,534.0,1,534.0,7,536.0,16,2,2022-06-28 09:08:01
1656407282829204000,534.0,7,533.0,19,535.0,1,2,2022-06-28 09:08:02
1656407283688108000,534.0,1,533.0,16,535.0,2,2,2022-06-28 09:08:03
1656407284436435000,535.0,1,534.0,1,535.0,1,1,2022-06-28 09:08:04
1656407288306644000,535.0,1,534.0,6,536.0,16,1,2022-06-28 09:08:08
1656407290630399000,534.0,6,534.0,2,535.0,1,2,2022-06-28 09:08:10
1656407291064443000,535.0,1,534.0,2,536.0,16,1,2022-06-28 09:08:11
1656407292983237000,535.0,1,534.0,2,536.0,15,1,2022-06-28 09:08:12
1656407293129756000,535.0,1,534.0,2,536.0,15,2,2022-06-28 09:08:13
1656407293614869000,536.0,2,534.0,2,536.0,13,1,2022-06-28 09:08:13
1656407293744857000,535.0,1,534.0,2,536.0,13,2,2022-06-28 09:08:13
1656407296317686000,536.0,1,535.0,3,536.0,11,1,2022-06-28 09:08:16
1656407296738417000,535.0,1,535.0,2,536.0,11,2,2022-06-28 09:08:16
1656407301092618000,536.0,1,535.0,3,536.0,10,1,2022-06-28 09:08:21
1656407304675946000,536.0,1,535.0,6,536.0,11,1,2022-06-28 09:08:24
1656407306672007000,536.0,9,535.0,6,536.0,1,1,2022-06-28 09:08:26
1656407306711066000,536.0,1,535.0,6,537.0,14,1,2022-06-28 09:08:26
1656407307888585000,537.0,1,535.0,6,537.0,13,1,2022-06-28 09:08:27
1656407309237661000,536.0,1,536.0,1,537.0,13,2,2022-06-28 09:08:29
1656407309964447000,537.0,1,536.0,1,537.0,12,1,2022-06-28 09:08:29
1656407311003543000,537.0,1,536.0,1,537.0,11,1,2022-06-28 09:08:31
1656407312420175000,537.0,1,536.0,1,537.0,11,1,2022-06-28 09:08:32
1656407313152015000,536.0,1,536.0,1,537.0,11,2,2022-06-28 09:08:33
1656407313170321000,536.0,1,535.0,6,536.0,1,2,2022-06-28 09:08:33
1656407313684545000,536.0,1,535.0,8,537.0,11,1,2022-06-28 09:08:33
1656407314200043000,537.0,1,536.0,1,537.0,10,1,2022-06-28 09:08:34
1656407315186505000,537.0,9,536.0,1,537.0,1,1,2022-06-28 09:08:35
1656407315220787000,537.0,1,536.0,1,538.0,13,1,2022-06-28 09:08:35
1656407316920337000,537.0,1,536.0,2,538.0,13,2,2022-06-28 09:08:36
1656407317592335000,538.0,1,536.0,2,538.0,12,1,2022-06-28 09:08:37
1656407318384097000,537.0,1,536.0,2,538.0,10,2,2022-06-28 09:08:38
1656407318685163000,537.0,1,536.0,2,538.0,10,2,2022-06-28 09:08:38
1656407318761806000,537.0,1,536.0,2,537.0,1,1,2022-06-28 09:08:38
1656407319312265000,538.0,1,536.0,2,538.0,9,1,2022-06-28 09:08:39
1656407319733680000,537.0,1,536.0,2,538.0,9,2,2022-06-28 09:08:39
1656407319919829000,538.0,1,536.0,2,538.0,8,1,2022-06-28 09:08:39
1656407320290590000,537.0,1,536.0,2,538.0,10,2,2022-06-28 09:08:40
1656407320491088000,538.0,1,536.0,1,538.0,10,1,2022-06-28 09:08:40
1656407321189807000,537.0,1,536.0,2,538.0,9,2,2022-06-28 09:08:41
1656407321618603000,538.0,1,536.0,2,538.0,6,1,2022-06-28 09:08:41
1656407321806451000,538.0,1,536.0,2,538.0,5,1,2022-06-28 09:08:41
1656407322306725000,537.0,1,536.0,4,538.0,8,2,2022-06-28 09:08:42
1656407322933998000,538.0,1,536.0,4,538.0,20,1,2022-06-28 09:08:42
1656407322978136000,537.0,1,537.0,1,538.0,20,2,2022-06-28 09:08:42
1656407323000749000,537.0,1,536.0,4,538.0,20,2,2022-06-28 09:08:43
1656407323147153000,537.0,2,536.0,4,538.0,15,1,2022-06-28 09:08:43
1656407323147153000,538.0,3,536.0,4,538.0,15,1,2022-06-28 09:08:43
1656407323513765000,538.0,1,536.0,4,538.0,14,1,2022-06-28 09:08:43
1656407323753728000,536.0,1,536.0,3,538.0,14,2,2022-06-28 09:08:43
1656407323998636000,538.0,1,536.0,4,538.0,13,1,2022-06-28 09:08:43
1656407324052977000,537.0,1,536.0,4,538.0,13,2,2022-06-28 09:08:44
1656407324358519000,538.0,1,536.0,4,538.0,33,1,2022-06-28 09:08:44
1656407324656204000,538.0,1,536.0,4,538.0,32,1,2022-06-28 09:08:44
1656407325262804000,537.0,1,537.0,1,538.0,32,2,2022-06-28 09:08:45
1656407326189982000,538.0,1,537.0,1,538.0,32,1,2022-06-28 09:08:46
1656407326227517000,537.0,1,537.0,1,538.0,33,2,2022-06-28 09:08:46
1656407326711302000,538.0,1,537.0,1,538.0,31,1,2022-06-28 09:08:46
1656407326741376000,537.0,1,537.0,1,538.0,32,2,2022-06-28 09:08:46
1656407327749620000,537.0,1,536.0,6,538.0,31,2,2022-06-28 09:08:47
1656407328727216000,536.0,13,535.0,11,537.0,2,2,2022-06-28 09:08:48
1656407329640595000,535.0,1,535.0,10,536.0,2,2,2022-06-28 09:08:49
1656407329663191000,535.0,8,534.0,15,536.0,2,2,2022-06-28 09:08:49
1656407330721104000,536.0,1,534.0,15,536.0,2,1,2022-06-28 09:08:50
1656407332174331000,536.0,1,534.0,15,536.0,1,1,2022-06-28 09:08:52
1656407333161882000,536.0,1,534.0,15,537.0,12,1,2022-06-28 09:08:53
1656407333161882000,537.0,1,534.0,15,537.0,12,1,2022-06-28 09:08:53
1656407333587583000,535.0,1,536.0,1,537.0,12,1,2022-06-28 09:08:53
1656407333609195000,536.0,1,534.0,13,537.0,12,2,2022-06-28 09:08:53
1656407333692172000,537.0,3,534.0,13,537.0,9,1,2022-06-28 09:08:53
1656407335824880000,537.0,1,535.0,1,537.0,35,1,2022-06-28 09:08:55
1656407336249077000,535.0,1,534.0,10,537.0,35,2,2022-06-28 09:08:56
1656407336249077000,534.0,3,534.0,10,537.0,35,2,2022-06-28 09:08:56
1656407336249164000,534.0,2,534.0,8,537.0,35,2,2022-06-28 09:08:56
1656407336249312000,534.0,2,534.0,6,537.0,35,2,2022-06-28 09:08:56
1656407336249483000,534.0,2,534.0,4,537.0,35,2,2022-06-28 09:08:56
1656407336572519000,536.0,1,534.0,3,536.0,3,1,2022-06-28 09:08:56
1656407337586127000,536.0,1,534.0,3,536.0,1,1,2022-06-28 09:08:57
1656407338479839000,535.0,2,535.0,3,536.0,2,2,2022-06-28 09:08:58
1656407338512926000,535.0,1,535.0,2,536.0,2,2,2022-06-28 09:08:58
1656407338513387000,535.0,2,534.0,4,536.0,2,2,2022-06-28 09:08:58
1656407338994916000,536.0,1,534.0,4,536.0,1,1,2022-06-28 09:08:58
1656407339779496000,536.0,1,534.0,3,537.0,34,1,2022-06-28 09:08:59
1656407339779496000,537.0,1,534.0,3,537.0,34,1,2022-06-28 09:08:59
1656407339806714000,537.0,1,534.0,3,537.0,33,1,2022-06-28 09:08:59
1656407342225562000,537.0,1,535.0,2,537.0,33,1,2022-06-28 09:09:02
1656407344114767000,535.0,3,534.0,11,536.0,1,2,2022-06-28 09:09:04
1656407344865731000,536.0,1,535.0,2,536.0,1,1,2022-06-28 09:09:04
1656407345176742000,535.0,1,535.0,1,536.0,22,2,2022-06-28 09:09:05
1656407345212515000,535.0,1,534.0,12,536.0,22,2,2022-06-28 09:09:05
1656407345593228000,535.0,1,534.0,12,535.0,1,1,2022-06-28 09:09:05
1656407347172880000,536.0,1,534.0,13,536.0,21,1,2022-06-28 09:09:07
1656407347325824000,536.0,1,534.0,13,536.0,20,1,2022-06-28 09:09:07
1656407350907410000,536.0,1,535.0,1,536.0,20,1,2022-06-28 09:09:10
1656407351323411000,535.0,1,534.0,14,536.0,20,2,2022-06-28 09:09:11
1656407352837230000,535.0,1,534.0,15,535.0,19,2,2022-06-28 09:09:12
1656407353250717000,535.0,1,534.0,15,535.0,18,1,2022-06-28 09:09:13
1656407353553076000,535.0,1,534.0,20,535.0,17,1,2022-06-28 09:09:13
1656407353591793000,534.0,1,534.0,20,535.0,18,2,2022-06-28 09:09:13
1656407355044403000,535.0,1,534.0,19,535.0,23,1,2022-06-28 09:09:15
1656407355285704000,534.0,1,534.0,18,535.0,23,2,2022-06-28 09:09:15
1656407355937235000,535.0,3,534.0,15,535.0,20,1,2022-06-28 09:09:15
1656407357348072000,535.0,4,534.0,17,535.0,16,1,2022-06-28 09:09:17
1656407358212409000,535.0,1,534.0,18,535.0,15,1,2022-06-28 09:09:18
1656407359436163000,535.0,1,534.0,19,535.0,14,1,2022-06-28 09:09:19
1656407360493000000,535.0,1,534.0,19,535.0,13,1,2022-06-28 09:09:20
1656407361178116000,535.0,8,535.0,5,537.0,12,1,2022-06-28 09:09:21
1656407361278920000,535.0,1,535.0,4,536.0,1,2,2022-06-28 09:09:21
1656407363268473000,535.0,1,535.0,4,536.0,3,2,2022-06-28 09:09:23
1656407363473287000,536.0,1,535.0,4,536.0,3,1,2022-06-28 09:09:23
1656407372584735000,535.0,9,534.0,22,536.0,7,2,2022-06-28 09:09:32
1656407373356806000,536.0,1,534.0,21,536.0,6,1,2022-06-28 09:09:33
1656407374961327000,535.0,1,534.0,21,536.0,7,2,2022-06-28 09:09:34
1656407375660478000,535.0,1,534.0,21,536.0,7,1,2022-06-28 09:09:35
1656407378369594000,535.0,3,534.0,22,536.0,8,2,2022-06-28 09:09:38
1656407380381624000,535.0,1,534.0,23,535.0,1,1,2022-06-28 09:09:40
1656407380840204000,534.0,10,534.0,13,535.0,1,2,2022-06-28 09:09:40
1656407380840365000,534.0,10,534.0,3,535.0,1,2,2022-06-28 09:09:40
1656407380840491000,534.0,3,533.0,9,535.0,1,2,2022-06-28 09:09:40
1656407380840491000,533.0,17,533.0,9,535.0,1,2,2022-06-28 09:09:40
1656407380840626000,533.0,9,532.0,5,535.0,1,2,2022-06-28 09:09:40
1656407380840626000,532.0,1,532.0,5,535.0,1,2,2022-06-28 09:09:40
1656407381009362000,534.0,1,532.0,5,534.0,4,1,2022-06-28 09:09:41
1656407381186217000,534.0,1,532.0,5,534.0,5,1,2022-06-28 09:09:41
1656407382005069000,534.0,1,532.0,3,534.0,4,1,2022-06-28 09:09:42
1656407382774681000,532.0,1,532.0,2,534.0,4,2,2022-06-28 09:09:42
1656407383148850000,532.0,2,531.0,17,534.0,34,2,2022-06-28 09:09:43
1656407388810183000,531.0,12,531.0,4,532.0,6,2,2022-06-28 09:09:48
1656407388832816000,531.0,4,530.0,18,532.0,6,2,2022-06-28 09:09:48
1656407390119183000,530.0,18,529.0,15,531.0,7,2,2022-06-28 09:09:50
1656407392477378000,530.0,1,529.0,15,530.0,9,1,2022-06-28 09:09:52
1656407392600867000,530.0,1,529.0,14,530.0,8,1,2022-06-28 09:09:52
1656407393170635000,530.0,1,529.0,14,530.0,7,1,2022-06-28 09:09:53
1656407396556935000,529.0,1,529.0,13,530.0,8,2,2022-06-28 09:09:56
1656407398120740000,529.0,13,528.0,21,530.0,8,2,2022-06-28 09:09:58
1656407400120951000,528.0,10,528.0,11,529.0,7,2,2022-06-28 09:10:00
1656407400156247000,528.0,1,528.0,10,529.0,7,2,2022-06-28 09:10:00
1656407402199291000,529.0,1,528.0,9,529.0,10,1,2022-06-28 09:10:02
1656407403235464000,528.0,1,528.0,8,529.0,10,2,2022-06-28 09:10:03
1656407404498055000,529.0,1,528.0,8,529.0,8,1,2022-06-28 09:10:04
1656407414280997000,528.0,1,528.0,10,529.0,11,2,2022-06-28 09:10:14
1656407415124081000,528.0,1,528.0,9,529.0,11,2,2022-06-28 09:10:15
1656407415835925000,528.0,1,528.0,8,529.0,11,2,2022-06-28 09:10:15
1656407417391378000,529.0,1,528.0,10,529.0,10,1,2022-06-28 09:10:17
1656407417422441000,529.0,10,528.0,10,530.0,5,1,2022-06-28 09:10:17
1656407417451713000,528.0,1,528.0,9,530.0,5,2,2022-06-28 09:10:17
1656407418570729000,529.0,2,528.0,10,529.0,4,1,2022-06-28 09:10:18
1656407418607563000,529.0,2,528.0,10,529.0,2,1,2022-06-28 09:10:18
1656407418642370000,529.0,2,528.0,10,530.0,4,1,2022-06-28 09:10:18
1656407419339659000,528.0,1,528.0,10,530.0,4,2,2022-06-28 09:10:19
1656407426160938000,529.0,1,529.0,1,530.0,6,2,2022-06-28 09:10:26
1656407430943241000,530.0,1,529.0,3,530.0,5,1,2022-06-28 09:10:30
1656407435749651000,530.0,1,529.0,8,530.0,7,1,2022-06-28 09:10:35
1656407435774838000,530.0,1,529.0,8,530.0,6,1,2022-06-28 09:10:35
1656407439317968000,530.0,1,529.0,12,530.0,7,1,2022-06-28 09:10:39
1656407444464334000,530.0,6,529.0,13,531.0,4,1,2022-06-28 09:10:44
1656407446607497000,530.0,2,530.0,2,531.0,8,2,2022-06-28 09:10:46
1656407446636762000,530.0,2,529.0,13,531.0,8,2,2022-06-28 09:10:46
1656407446738500000,529.0,1,529.0,14,530.0,2,2,2022-06-28 09:10:46
1656407449230136000,529.0,13,528.0,17,530.0,2,2,2022-06-28 09:10:49
1656407449230136000,528.0,7,528.0,17,530.0,2,2,2022-06-28 09:10:49
1656407449230168000,528.0,10,528.0,7,530.0,2,2,2022-06-28 09:10:49
1656407449230301000,528.0,7,527.0,15,530.0,2,2,2022-06-28 09:10:49
1656407449230301000,527.0,3,527.0,15,530.0,2,2,2022-06-28 09:10:49
1656407449230480000,527.0,10,527.0,5,530.0,2,2,2022-06-28 09:10:49
1656407451402190000,529.0,2,527.0,5,529.0,4,1,2022-06-28 09:10:51
1656407454426549000,528.0,1,527.0,5,528.0,1,1,2022-06-28 09:10:54
1656407455249135000,528.0,1,527.0,5,529.0,2,1,2022-06-28 09:10:55
1656407455851750000,527.0,1,527.0,4,529.0,2,2,2022-06-28 09:10:55
1656407457193633000,529.0,1,527.0,5,529.0,2,1,2022-06-28 09:10:57
1656407457820432000,529.0,1,527.0,5,530.0,2,1,2022-06-28 09:10:57
1656407457820432000,530.0,1,527.0,5,530.0,2,1,2022-06-28 09:10:57
1656407463504380000,528.0,2,527.0,6,530.0,4,2,2022-06-28 09:11:03
1656407483326702000,529.0,1,528.0,5,529.0,3,1,2022-06-28 09:11:23
1656407483744686000,528.0,4,528.0,2,529.0,3,2,2022-06-28 09:11:23
1656407483744789000,528.0,2,527.0,43,529.0,3,2,2022-06-28 09:11:23
1656407483744789000,527.0,3,527.0,43,529.0,3,2,2022-06-28 09:11:23
1656407483744931000,527.0,4,527.0,39,529.0,3,2,2022-06-28 09:11:23
1656407492643056000,528.0,1,527.0,40,529.0,7,2,2022-06-28 09:11:32
1656407494661440000,528.0,1,527.0,40,529.0,8,2,2022-06-28 09:11:34
1656407505005111000,528.0,1,527.0,40,529.0,9,2,2022-06-28 09:11:45
1656407505276583000,527.0,1,527.0,39,529.0,10,2,2022-06-28 09:11:45
1656407508284110000,527.0,1,527.0,38,529.0,11,2,2022-06-28 09:11:48
1656407509336159000,527.0,10,527.0,28,528.0,3,2,2022-06-28 09:11:49
1656407515006510000,528.0,1,527.0,30,528.0,3,1,2022-06-28 09:11:55
1656407520809475000,527.0,4,527.0,28,528.0,7,2,2022-06-28 09:12:00
1656407520931056000,528.0,1,527.0,28,528.0,6,1,2022-06-28 09:12:00
1656407526019678000,527.0,1,527.0,27,528.0,6,2,2022-06-28 09:12:06
1656407526151952000,528.0,1,527.0,27,528.0,5,1,2022-06-28 09:12:06
1656407526850977000,528.0,1,527.0,27,528.0,4,1,2022-06-28 09:12:06
1656407530261077000,528.0,2,527.0,27,528.0,3,1,2022-06-28 09:12:10
1656407532957931000,528.0,1,527.0,27,528.0,2,1,2022-06-28 09:12:12
1656407533262277000,527.0,1,527.0,26,528.0,2,2,2022-06-28 09:12:13
1656407533467519000,528.0,1,527.0,26,528.0,1,1,2022-06-28 09:12:13
1656407536340720000,528.0,1,527.0,26,529.0,7,1,2022-06-28 09:12:16
1656407547136094000,528.0,1,527.0,25,528.0,2,1,2022-06-28 09:12:27
1656407547790351000,528.0,1,527.0,25,528.0,1,1,2022-06-28 09:12:27
1656407547825713000,528.0,1,527.0,25,529.0,9,1,2022-06-28 09:12:27
1656407555421758000,528.0,1,528.0,2,529.0,8,2,2022-06-28 09:12:35
1656407563138547000,528.0,1,528.0,3,529.0,13,2,2022-06-28 09:12:43
1656407569166112000,528.0,1,528.0,2,529.0,13,2,2022-06-28 09:12:49
1656407569362473000,528.0,1,528.0,1,529.0,13,2,2022-06-28 09:12:49
1656407569388856000,528.0,1,527.0,27,528.0,1,2,2022-06-28 09:12:49
1656407589680708000,528.0,1,528.0,1,529.0,11,2,2022-06-28 09:13:09
1656407595715223000,528.0,1,528.0,3,529.0,11,2,2022-06-28 09:13:15
1656407601982801000,528.0,1,528.0,2,529.0,11,2,2022-06-28 09:13:21
1656407608557966000,529.0,1,528.0,2,529.0,10,1,2022-06-28 09:13:28
1656407611476830000,529.0,1,528.0,1,529.0,9,1,2022-06-28 09:13:31
1656407623890069000,529.0,1,528.0,9,529.0,8,1,2022-06-28 09:13:43
1656407623924779000,529.0,3,528.0,9,529.0,5,1,2022-06-28 09:13:43
1656407623954445000,529.0,5,528.0,9,530.0,3,1,2022-06-28 09:13:43
1656407626304887000,528.0,1,528.0,9,530.0,3,2,2022-06-28 09:13:46
1656407634293599000,530.0,1,529.0,3,530.0,1,1,2022-06-28 09:13:54
1656407648514704000,530.0,1,529.0,7,530.0,1,1,2022-06-28 09:14:08
1656407656570118000,531.0,1,529.0,9,531.0,3,1,2022-06-28 09:14:16
1656407659261011000,531.0,1,529.0,9,531.0,2,1,2022-06-28 09:14:19
1656407662906159000,530.0,1,529.0,9,530.0,1,1,2022-06-28 09:14:22
1656407665193416000,531.0,1,530.0,3,531.0,2,1,2022-06-28 09:14:25
1656407668471190000,530.0,1,530.0,3,531.0,2,2,2022-06-28 09:14:28
1656407677307674000,531.0,4,530.0,4,532.0,2,1,2022-06-28 09:14:37
1656407692755828000,531.0,1,530.0,19,531.0,3,1,2022-06-28 09:14:52
1656407693054220000,531.0,1,530.0,19,531.0,2,1,2022-06-28 09:14:53
1656407693175010000,531.0,1,530.0,20,531.0,2,1,2022-06-28 09:14:53
1656407693388634000,531.0,1,530.0,20,532.0,5,1,2022-06-28 09:14:53
1656407704779675000,531.0,1,531.0,2,532.0,3,2,2022-06-28 09:15:04
1656407705922442000,532.0,4,531.0,2,533.0,3,1,2022-06-28 09:15:05
1656407708836467000,532.0,1,531.0,2,533.0,4,1,2022-06-28 09:15:08
1656407713463463000,532.0,2,531.0,4,533.0,6,2,2022-06-28 09:15:13
1656407714252762000,532.0,1,531.0,4,533.0,6,2,2022-06-28 09:15:14
1656407715853711000,532.0,13,532.0,2,533.0,6,2,2022-06-28 09:15:15
1656407715887682000,532.0,2,531.0,5,533.0,6,2,2022-06-28 09:15:15
1656407715990906000,532.0,1,531.0,5,532.0,5,1,2022-06-28 09:15:15
1656407716754395000,532.0,1,531.0,5,532.0,3,1,2022-06-28 09:15:16
1656407719708111000,532.0,1,531.0,5,532.0,3,1,2022-06-28 09:15:19
1656407731078063000,531.0,3,531.0,2,532.0,15,2,2022-06-28 09:15:31
1656407731115046000,531.0,2,530.0,5,532.0,15,2,2022-06-28 09:15:31
1656407732258097000,530.0,5,529.0,7,531.0,4,2,2022-06-28 09:15:32
1656407732368320000,529.0,1,529.0,7,531.0,5,2,2022-06-28 09:15:32
1656407746155629000,529.0,1,529.0,6,530.0,3,2,2022-06-28 09:15:46
1656407752817993000,530.0,1,529.0,6,530.0,3,1,2022-06-28 09:15:52
1656407753085453000,529.0,6,528.0,16,530.0,3,2,2022-06-28 09:15:53
1656407767344484000,529.0,1,529.0,1,530.0,5,1,2022-06-28 09:16:07
1656407777475220000,530.0,1,529.0,2,530.0,3,1,2022-06-28 09:16:17
1656407777961232000,529.0,1,529.0,1,530.0,3,2,2022-06-28 09:16:17
1656407805149924000,529.0,1,529.0,1,530.0,5,2,2022-06-28 09:16:45
1656407805923029000,529.0,1,528.0,20,530.0,5,2,2022-06-28 09:16:45
1656407815315623000,530.0,1,529.0,2,530.0,4,1,2022-06-28 09:16:55
1656407829719824000,530.0,4,529.0,3,531.0,3,1,2022-06-28 09:17:09
1656407839044107000,530.0,1,530.0,1,531.0,4,2,2022-06-28 09:17:19
1656407852396861000,530.0,1,530.0,2,531.0,4,2,2022-06-28 09:17:32
1656407852921875000,530.0,1,530.0,1,531.0,4,2,2022-06-28 09:17:32
1656407856421629000,530.0,1,529.0,5,531.0,5,2,2022-06-28 09:17:36
1656407860205709000,529.0,2,529.0,3,531.0,7,2,2022-06-28 09:17:40
1656407867532566000,529.0,1,529.0,2,530.0,5,2,2022-06-28 09:17:47
1656407869750347000,529.0,1,529.0,1,530.0,6,2,2022-06-28 09:17:49
1656407877280078000,529.0,1,528.0,22,529.0,3,1,2022-06-28 09:17:57
1656407899448601000,529.0,1,528.0,24,529.0,4,1,2022-06-28 09:18:19
1656407905255681000,529.0,1,528.0,24,529.0,4,1,2022-06-28 09:18:25
1656407908718888000,529.0,1,528.0,26,529.0,5,1,2022-06-28 09:18:28
1656407917930606000,529.0,1,528.0,26,529.0,5,1,2022-06-28 09:18:37
1656407923995511000,529.0,1,528.0,25,529.0,6,1,2022-06-28 09:18:43
1656407924025372000,529.0,6,528.0,25,530.0,8,1,2022-06-28 09:18:44
1656407931999605000,529.0,1,529.0,3,530.0,8,2,2022-06-28 09:18:51
1656407943543268000,530.0,1,529.0,6,530.0,7,1,2022-06-28 09:19:03
1656407951591583000,529.0,1,529.0,5,530.0,8,2,2022-06-28 09:19:11
1656407952435243000,529.0,1,529.0,4,530.0,8,2,2022-06-28 09:19:12
1656407964419369000,529.0,1,529.0,3,530.0,8,2,2022-06-28 09:19:24
1656407965120596000,529.0,3,529.0,1,530.0,8,2,2022-06-28 09:19:25
1656407965179262000,529.0,1,528.0,25,530.0,9,2,2022-06-28 09:19:25
1656407974440961000,528.0,5,528.0,20,529.0,3,2,2022-06-28 09:19:34
1656407975092326000,528.0,1,528.0,19,529.0,6,2,2022-06-28 09:19:35
1656407975939708000,528.0,1,528.0,18,529.0,6,2,2022-06-28 09:19:35
1656407981332600000,528.0,1,528.0,17,529.0,8,2,2022-06-28 09:19:41
1656407981451673000,528.0,8,528.0,9,529.0,8,2,2022-06-28 09:19:41
1656407981483699000,528.0,9,527.0,30,529.0,9,2,2022-06-28 09:19:41
1656407995448527000,527.0,8,527.0,21,528.0,9,2,2022-06-28 09:19:55
1656407995473945000,527.0,7,527.0,14,528.0,10,2,2022-06-28 09:19:55
1656407995506016000,527.0,4,527.0,10,528.0,11,2,2022-06-28 09:19:55
1656407995538811000,527.0,4,527.0,6,528.0,11,2,2022-06-28 09:19:55
1656407995539438000,527.0,4,527.0,2,528.0,11,2,2022-06-28 09:19:55
1656407995542456000,527.0,1,527.0,1,528.0,11,2,2022-06-28 09:19:55
1656407995573730000,527.0,1,526.0,22,528.0,11,2,2022-06-28 09:19:55
1656408001150418000,527.0,5,526.0,21,528.0,10,1,2022-06-28 09:20:01
1656408001487339000,526.0,1,526.0,20,528.0,10,2,2022-06-28 09:20:01
1656408004829982000,526.0,1,526.0,19,528.0,10,2,2022-06-28 09:20:04
1656408006633856000,526.0,17,525.0,16,526.0,3,2,2022-06-28 09:20:06
1656408012131884000,526.0,1,525.0,16,526.0,5,1,2022-06-28 09:20:12
1656408012437122000,525.0,1,525.0,15,526.0,5,2,2022-06-28 09:20:12
1656408012482387000,525.0,7,525.0,8,526.0,5,2,2022-06-28 09:20:12
1656408017483891000,525.0,1,525.0,7,526.0,7,2,2022-06-28 09:20:17
1656408017659254000,525.0,1,525.0,6,526.0,7,2,2022-06-28 09:20:17
1656408017853997000,525.0,1,525.0,5,526.0,7,2,2022-06-28 09:20:17
1656408017863688000,525.0,1,525.0,4,526.0,7,2,2022-06-28 09:20:17
1656408019222868000,525.0,1,525.0,3,526.0,8,2,2022-06-28 09:20:19
1656408019241653000,525.0,1,525.0,2,526.0,8,2,2022-06-28 09:20:19
1656408019271045000,525.0,1,525.0,2,526.0,9,2,2022-06-28 09:20:19
1656408021058132000,525.0,1,524.0,6,526.0,9,2,2022-06-28 09:20:21
1656408026191832000,524.0,1,524.0,4,525.0,8,2,2022-06-28 09:20:26
1656408027102525000,524.0,2,524.0,2,525.0,10,2,2022-06-28 09:20:27
1656408029478127000,524.0,1,524.0,1,525.0,10,2,2022-06-28 09:20:29
1656408031242177000,524.0,1,523.0,5,525.0,11,2,2022-06-28 09:20:31
1656408031767314000,524.0,2,523.0,5,525.0,15,1,2022-06-28 09:20:31
1656408031812750000,524.0,1,523.0,5,524.0,1,1,2022-06-28 09:20:31
1656408031931295000,524.0,1,523.0,5,524.0,2,1,2022-06-28 09:20:31
1656408034400684000,524.0,1,523.0,5,524.0,5,1,2022-06-28 09:20:34
1656408034462585000,524.0,5,523.0,6,525.0,11,1,2022-06-28 09:20:34
1656408035468844000,525.0,11,524.0,4,526.0,8,1,2022-06-28 09:20:35
1656408035530403000,525.0,2,524.0,5,525.0,1,1,2022-06-28 09:20:35
1656408035530420000,525.0,1,524.0,5,526.0,7,1,2022-06-28 09:20:35
1656408035530492000,524.0,4,524.0,1,526.0,7,2,2022-06-28 09:20:35
1656408038849148000,525.0,1,525.0,7,526.0,7,2,2022-06-28 09:20:38
1656408043764552000,525.0,1,525.0,6,526.0,7,2,2022-06-28 09:20:43
1656408044838170000,525.0,2,525.0,4,526.0,7,2,2022-06-28 09:20:44
1656408046222296000,525.0,1,525.0,3,526.0,7,2,2022-06-28 09:20:46
1656408047016317000,525.0,2,525.0,1,526.0,7,2,2022-06-28 09:20:47
1656408047399483000,525.0,1,524.0,4,526.0,7,2,2022-06-28 09:20:47
1656408047742595000,524.0,1,524.0,4,526.0,7,2,2022-06-28 09:20:47
1656408048241792000,525.0,1,524.0,3,526.0,8,1,2022-06-28 09:20:48
1656408049428953000,524.0,3,523.0,1,525.0,5,2,2022-06-28 09:20:49
1656408049428953000,523.0,4,523.0,1,525.0,5,2,2022-06-28 09:20:49
1656408053101335000,525.0,6,524.0,7,526.0,5,1,2022-06-28 09:20:53
1656408056515953000,524.0,1,524.0,7,526.0,6,2,2022-06-28 09:20:56
1656408060187892000,524.0,4,524.0,2,525.0,3,2,2022-06-28 09:21:00
1656408060841698000,524.0,1,524.0,1,525.0,4,2,2022-06-28 09:21:00
1656408061010726000,524.0,1,523.0,4,525.0,4,2,2022-06-28 09:21:01
1656408061295457000,525.0,1,523.0,5,525.0,3,1,2022-06-28 09:21:01
1656408061953036000,524.0,1,523.0,6,525.0,3,2,2022-06-28 09:21:01
1656408077798869000,524.0,1,524.0,4,525.0,12,2,2022-06-28 09:21:17
1656408078039261000,524.0,1,524.0,4,525.0,12,2,2022-06-28 09:21:18
1656408079191001000,524.0,1,524.0,3,525.0,12,2,2022-06-28 09:21:19
1656408079288314000,524.0,1,524.0,2,525.0,12,2,2022-06-28 09:21:19
1656408080104687000,524.0,1,524.0,1,525.0,12,2,2022-06-28 09:21:20
1656408080271718000,524.0,1,523.0,8,525.0,12,2,2022-06-28 09:21:20
1656408080586049000,525.0,1,523.0,8,525.0,11,1,2022-06-28 09:21:20
1656408080971510000,524.0,3,524.0,4,525.0,11,2,2022-06-28 09:21:20
1656408082727777000,524.0,1,524.0,1,525.0,12,2,2022-06-28 09:21:22
1656408082805018000,524.0,1,523.0,7,524.0,1,1,2022-06-28 09:21:22
1656408084870423000,523.0,7,522.0,9,523.0,3,2,2022-06-28 09:21:24
1656408084902459000,523.0,3,522.0,8,525.0,13,1,2022-06-28 09:21:24
1656408084924096000,523.0,1,523.0,1,525.0,13,2,2022-06-28 09:21:24
1656408085011858000,525.0,1,524.0,1,525.0,12,1,2022-06-28 09:21:25
1656408085041235000,525.0,4,524.0,1,525.0,13,1,2022-06-28 09:21:25
1656408085056102000,525.0,2,524.0,1,525.0,6,1,2022-06-28 09:21:25
1656408085098157000,525.0,6,524.0,2,526.0,7,1,2022-06-28 09:21:25
1656408087403387000,525.0,1,524.0,1,526.0,7,2,2022-06-28 09:21:27
1656408089371039000,525.0,1,524.0,7,526.0,7,2,2022-06-28 09:21:29
1656408093460372000,525.0,1,524.0,9,526.0,8,1,2022-06-28 09:21:33
1656408105332153000,526.0,4,525.0,6,526.0,3,1,2022-06-28 09:21:45
1656408105362007000,526.0,3,525.0,6,527.0,1,1,2022-06-28 09:21:45
1656408105423387000,527.0,1,525.0,8,528.0,3,1,2022-06-28 09:21:45
1656408118585635000,527.0,1,526.0,3,527.0,1,1,2022-06-28 09:21:58
1656408121531982000,527.0,1,526.0,4,527.0,1,1,2022-06-28 09:22:01
1656408121563659000,527.0,1,526.0,4,528.0,4,1,2022-06-28 09:22:01
1656408122124058000,526.0,1,526.0,3,528.0,4,2,2022-06-28 09:22:02
1656408124815964000,527.0,1,526.0,3,527.0,1,1,2022-06-28 09:22:04
1656408125807178000,526.0,1,526.0,3,528.0,4,2,2022-06-28 09:22:05
1656408131214250000,527.0,1,526.0,4,527.0,1,1,2022-06-28 09:22:11
1656408131337716000,527.0,1,526.0,4,528.0,4,1,2022-06-28 09:22:11
1656408139312610000,527.0,1,526.0,5,528.0,5,1,2022-06-28 09:22:19
1656408146630248000,528.0,1,526.0,5,528.0,5,1,2022-06-28 09:22:26
1656408156297741000,527.0,1,526.0,5,528.0,4,2,2022-06-28 09:22:36
1656408162493887000,528.0,1,526.0,5,528.0,8,1,2022-06-28 09:22:42
1656408180198117000,527.0,1,526.0,6,527.0,1,1,2022-06-28 09:23:00
1656408220711451000,527.0,1,526.0,8,527.0,3,1,2022-06-28 09:23:40
1656408221710959000,526.0,1,526.0,7,527.0,4,2,2022-06-28 09:23:41
1656408269765074000,526.0,1,526.0,6,527.0,5,2,2022-06-28 09:24:29
1656408269813323000,526.0,4,526.0,2,527.0,5,2,2022-06-28 09:24:29
1656408269915671000,526.0,1,526.0,1,527.0,5,2,2022-06-28 09:24:29
1656408270132786000,526.0,1,525.0,2,527.0,5,2,2022-06-28 09:24:30
1656408275358820000,525.0,1,524.0,13,526.0,4,2,2022-06-28 09:24:35
1656408284508767000,525.0,1,524.0,13,526.0,4,1,2022-06-28 09:24:44
1656408284577422000,525.0,1,524.0,13,526.0,4,1,2022-06-28 09:24:44
1656408287677867000,525.0,1,525.0,1,526.0,3,2,2022-06-28 09:24:47
1656408287705255000,525.0,1,524.0,13,525.0,1,2,2022-06-28 09:24:47
1656408287745243000,525.0,1,524.0,13,526.0,3,1,2022-06-28 09:24:47
1656408291638224000,526.0,1,524.0,12,526.0,2,1,2022-06-28 09:24:51
1656408291671555000,526.0,2,524.0,13,526.0,2,1,2022-06-28 09:24:51
1656408293939875000,525.0,1,524.0,12,526.0,2,1,2022-06-28 09:24:53
1656408294966364000,526.0,2,525.0,2,527.0,3,1,2022-06-28 09:24:54
1656408324993556000,526.0,1,525.0,2,527.0,10,1,2022-06-28 09:25:24
1656408326542739000,526.0,1,525.0,3,527.0,10,1,2022-06-28 09:25:26
1656408326853479000,527.0,3,525.0,5,527.0,7,1,2022-06-28 09:25:26
1656408326898579000,527.0,7,525.0,6,528.0,10,1,2022-06-28 09:25:26
1656408327000558000,528.0,8,525.0,6,528.0,2,1,2022-06-28 09:25:27
1656408327026138000,528.0,2,525.0,6,528.0,3,1,2022-06-28 09:25:27
1656408338352415000,528.0,1,528.0,3,529.0,4,2,2022-06-28 09:25:38
1656408339101704000,528.0,1,528.0,1,529.0,4,2,2022-06-28 09:25:39
1656408340189315000,528.0,1,526.0,12,529.0,3,2,2022-06-28 09:25:40
1656408340440010000,528.0,1,527.0,1,528.0,3,1,2022-06-28 09:25:40
1656408340484368000,528.0,3,526.0,9,528.0,3,1,2022-06-28 09:25:40
1656408353989188000,528.0,1,527.0,4,529.0,6,1,2022-06-28 09:25:53
1656408364643768000,528.0,1,527.0,5,528.0,1,1,2022-06-28 09:26:04
1656408370185977000,528.0,4,528.0,1,529.0,7,1,2022-06-28 09:26:10
1656408378919548000,529.0,2,528.0,2,529.0,5,1,2022-06-28 09:26:18
1656408387215820000,529.0,1,528.0,3,529.0,3,1,2022-06-28 09:26:27
1656408391283203000,528.0,3,527.0,4,528.0,1,2,2022-06-28 09:26:31
1656408401276082000,527.0,1,527.0,3,528.0,3,2,2022-06-28 09:26:41
1656408409246616000,527.0,2,527.0,4,528.0,3,2,2022-06-28 09:26:49
1656408415582756000,528.0,1,527.0,4,528.0,5,1,2022-06-28 09:26:55
1656408420481602000,528.0,1,527.0,4,528.0,5,1,2022-06-28 09:27:00
1656408423776650000,528.0,1,527.0,5,528.0,4,1,2022-06-28 09:27:03
1656408451641787000,528.0,1,527.0,6,528.0,5,1,2022-06-28 09:27:31
1656408501165805000,527.0,1,527.0,5,528.0,6,2,2022-06-28 09:28:21
1656408521322794000,528.0,1,527.0,7,528.0,7,1,2022-06-28 09:28:41
1656408525407209000,527.0,1,527.0,6,528.0,7,2,2022-06-28 09:28:45
1656408527862710000,527.0,1,527.0,5,528.0,7,2,2022-06-28 09:28:47
1656408530117480000,527.0,1,527.0,4,528.0,6,2,2022-06-28 09:28:50
1656408542548402000,527.0,1,527.0,3,528.0,6,2,2022-06-28 09:29:02
1656408548271045000,528.0,1,527.0,3,528.0,5,1,2022-06-28 09:29:08
1656408570394229000,527.0,1,527.0,2,528.0,6,2,2022-06-28 09:29:30
1656408575182546000,527.0,1,527.0,1,528.0,6,2,2022-06-28 09:29:35
1656408578210403000,527.0,1,527.0,1,528.0,5,2,2022-06-28 09:29:38
1656408578265472000,527.0,1,526.0,9,528.0,5,2,2022-06-28 09:29:38
1656408580350227000,527.0,1,526.0,9,528.0,5,1,2022-06-28 09:29:40
1656408590185269000,526.0,1,526.0,1,527.0,6,2,2022-06-28 09:29:50
1656408590255145000,526.0,1,525.0,12,526.0,1,2,2022-06-28 09:29:50
1656408590292510000,526.0,1,525.0,11,527.0,3,1,2022-06-28 09:29:50
1656408590348013000,526.0,1,525.0,11,526.0,1,1,2022-06-28 09:29:50
1656408590348161000,526.0,1,525.0,11,527.0,4,1,2022-06-28 09:29:50
1656408590379507000,526.0,1,525.0,11,527.0,3,1,2022-06-28 09:29:50
1656408594637397000,526.0,1,525.0,11,527.0,4,1,2022-06-28 09:29:54
1656408598513645000,527.0,3,525.0,11,528.0,4,1,2022-06-28 09:29:58
1656408601624552000,528.0,1,525.0,11,528.0,3,1,2022-06-28 09:30:01
1656408608206516000,527.0,1,527.0,1,528.0,4,2,2022-06-28 09:30:08
1656408617049605000,527.0,1,527.0,2,528.0,4,2,2022-06-28 09:30:17
1656408625765042000,528.0,2,527.0,3,528.0,2,1,2022-06-28 09:30:25
1656408625789179000,528.0,1,527.0,3,529.0,4,1,2022-06-28 09:30:25
1656408626623271000,529.0,4,528.0,1,530.0,15,1,2022-06-28 09:30:26
1656408630812551000,529.0,1,529.0,2,530.0,14,2,2022-06-28 09:30:30
1656408632300032000,530.0,14,530.0,6,531.0,13,1,2022-06-28 09:30:32
1656408632331319000,531.0,12,530.0,6,532.0,52,1,2022-06-28 09:30:32
1656408633080618000,532.0,2,530.0,7,532.0,50,1,2022-06-28 09:30:33
1656408633106441000,532.0,3,530.0,7,532.0,47,1,2022-06-28 09:30:33
1656408633135041000,532.0,1,530.0,7,532.0,46,1,2022-06-28 09:30:33
1656408633834949000,532.0,1,531.0,1,532.0,45,1,2022-06-28 09:30:33
1656408633861431000,532.0,2,531.0,1,532.0,43,1,2022-06-28 09:30:33
1656408633886532000,532.0,6,531.0,1,532.0,37,1,2022-06-28 09:30:33
1656408634657222000,532.0,1,530.0,8,532.0,36,1,2022-06-28 09:30:34
1656408634657494000,532.0,1,530.0,8,532.0,35,1,2022-06-28 09:30:34
1656408644869339000,532.0,1,531.0,2,532.0,34,1,2022-06-28 09:30:44
1656408652039477000,532.0,9,531.0,18,532.0,25,1,2022-06-28 09:30:52
1656408654204236000,532.0,1,531.0,17,532.0,24,1,2022-06-28 09:30:54
1656408654608044000,532.0,1,531.0,17,532.0,23,1,2022-06-28 09:30:54
1656408656609282000,532.0,1,531.0,17,532.0,23,1,2022-06-28 09:30:56
1656408657805490000,532.0,1,531.0,17,532.0,22,1,2022-06-28 09:30:57
1656408661709595000,532.0,1,531.0,17,532.0,22,1,2022-06-28 09:31:01
1656408663805156000,532.0,2,531.0,18,532.0,23,1,2022-06-28 09:31:03
1656408666143260000,532.0,13,531.0,18,532.0,8,1,2022-06-28 09:31:06
1656408666177504000,532.0,8,531.0,18,533.0,4,1,2022-06-28 09:31:06
1656408666958740000,532.0,2,532.0,1,533.0,4,2,2022-06-28 09:31:06
1656408666991813000,532.0,1,531.0,20,533.0,4,2,2022-06-28 09:31:06
1656408673407421000,532.0,1,532.0,3,533.0,5,2,2022-06-28 09:31:13
1656408673442956000,532.0,3,531.0,22,533.0,5,2,2022-06-28 09:31:13
1656408674602348000,532.0,1,531.0,21,533.0,5,2,2022-06-28 09:31:14
1656408677325343000,533.0,1,532.0,1,533.0,4,1,2022-06-28 09:31:17
1656408680649993000,532.0,1,531.0,22,532.0,9,2,2022-06-28 09:31:20
1656408680686169000,531.0,13,531.0,9,532.0,9,2,2022-06-28 09:31:20
1656408684769124000,532.0,1,531.0,9,532.0,10,1,2022-06-28 09:31:24
1656408690441370000,531.0,1,531.0,8,532.0,11,2,2022-06-28 09:31:30
1656408695422682000,531.0,1,531.0,7,532.0,11,2,2022-06-28 09:31:35
1656408697459235000,531.0,1,531.0,6,532.0,11,2,2022-06-28 09:31:37
1656408698556433000,531.0,5,530.0,1,532.0,11,2,2022-06-28 09:31:38
1656408698596219000,531.0,1,527.0,6,532.0,11,1,2022-06-28 09:31:38
1656408699886544000,530.0,1,530.0,2,531.0,2,2,2022-06-28 09:31:39
1656408710317979000,531.0,1,530.0,2,531.0,2,1,2022-06-28 09:31:50
1656408730439888000,531.0,1,530.0,1,531.0,2,1,2022-06-28 09:32:10
1656408733611167000,531.0,1,530.0,1,531.0,2,1,2022-06-28 09:32:13
1656408733794004000,531.0,2,530.0,3,532.0,16,1,2022-06-28 09:32:13
1656408770540094000,531.0,1,531.0,5,532.0,14,2,2022-06-28 09:32:50
1656408770742398000,531.0,1,531.0,4,532.0,13,2,2022-06-28 09:32:50
1656408770773775000,531.0,1,531.0,3,532.0,13,2,2022-06-28 09:32:50
1656408773940911000,531.0,1,531.0,2,532.0,13,2,2022-06-28 09:32:53
1656408776290663000,531.0,1,531.0,1,532.0,13,2,2022-06-28 09:32:56
1656408783839213000,532.0,6,531.0,1,532.0,7,1,2022-06-28 09:33:03
1656408795239058000,532.0,1,531.0,1,532.0,6,1,2022-06-28 09:33:15
1656408804990606000,532.0,4,531.0,2,532.0,3,1,2022-06-28 09:33:24
1656408805469858000,532.0,1,531.0,2,532.0,2,1,2022-06-28 09:33:25
1656408805500360000,532.0,2,531.0,2,533.0,8,1,2022-06-28 09:33:25
1656408819353170000,532.0,1,532.0,1,533.0,8,2,2022-06-28 09:33:39
1656408819386862000,532.0,1,531.0,5,533.0,8,2,2022-06-28 09:33:39
1656408838675123000,532.0,1,531.0,4,533.0,11,2,2022-06-28 09:33:58
1656408842417254000,532.0,1,531.0,3,533.0,12,1,2022-06-28 09:34:02
1656408845739662000,531.0,1,531.0,2,532.0,1,2,2022-06-28 09:34:05
1656408845772147000,531.0,2,530.0,4,532.0,1,2,2022-06-28 09:34:05
1656408846514599000,530.0,1,530.0,4,532.0,2,2,2022-06-28 09:34:06
1656408853918411000,530.0,1,530.0,2,532.0,6,2,2022-06-28 09:34:13
1656408853949911000,530.0,2,529.0,2,532.0,6,2,2022-06-28 09:34:13
1656408869161220000,530.0,1,530.0,2,532.0,9,2,2022-06-28 09:34:29
1656408880475430000,530.0,1,530.0,1,531.0,1,2,2022-06-28 09:34:40
1656408880538542000,530.0,1,529.0,5,531.0,2,2,2022-06-28 09:34:40
1656408906515884000,530.0,1,529.0,4,531.0,5,1,2022-06-28 09:35:06
1656408934405930000,530.0,1,529.0,4,530.0,1,1,2022-06-28 09:35:34
1656408953507034000,530.0,1,529.0,3,531.0,7,1,2022-06-28 09:35:53
1656408972949013000,530.0,1,530.0,1,531.0,8,1,2022-06-28 09:36:12
1656408972982517000,530.0,1,529.0,3,531.0,8,2,2022-06-28 09:36:12
1656408973437855000,531.0,1,529.0,3,531.0,6,1,2022-06-28 09:36:13
1656408984493181000,531.0,6,530.0,3,532.0,10,1,2022-06-28 09:36:24
1656408985400136000,532.0,8,530.0,7,532.0,1,1,2022-06-28 09:36:25
1656408985439082000,532.0,1,530.0,7,533.0,10,1,2022-06-28 09:36:25
1656408986175176000,530.0,1,530.0,6,533.0,7,2,2022-06-28 09:36:26
1656408993878338000,531.0,1,531.0,1,533.0,6,2,2022-06-28 09:36:33
1656408998320541000,531.0,1,531.0,1,533.0,7,2,2022-06-28 09:36:38
1656409003556198000,533.0,1,530.0,7,533.0,7,1,2022-06-28 09:36:43
1656409018622631000,532.0,1,531.0,6,532.0,2,1,2022-06-28 09:36:58
1656409020302870000,532.0,1,531.0,6,532.0,1,1,2022-06-28 09:37:00
1656409022560298000,532.0,1,531.0,6,533.0,12,1,2022-06-28 09:37:02
1656409030700078000,533.0,10,532.0,5,534.0,13,1,2022-06-28 09:37:10
1656409033186447000,534.0,1,532.0,7,534.0,12,1,2022-06-28 09:37:13
1656409041082009000,534.0,4,533.0,7,534.0,13,1,2022-06-28 09:37:21
1656409043164628000,534.0,1,533.0,9,534.0,8,1,2022-06-28 09:37:23
1656409043837826000,534.0,1,533.0,8,534.0,7,1,2022-06-28 09:37:23
1656409044623407000,534.0,1,533.0,8,534.0,6,1,2022-06-28 09:37:24
1656409045279957000,534.0,1,533.0,9,534.0,5,1,2022-06-28 09:37:25
1656409045865346000,534.0,1,533.0,9,534.0,4,1,2022-06-28 09:37:25
1656409045978996000,534.0,1,533.0,9,534.0,3,1,2022-06-28 09:37:25
1656409046175310000,534.0,1,533.0,9,534.0,2,1,2022-06-28 09:37:26
1656409046253739000,534.0,1,533.0,9,534.0,1,1,2022-06-28 09:37:26
1656409046292718000,534.0,1,533.0,9,535.0,12,1,2022-06-28 09:37:26
1656409046913198000,534.0,1,533.0,10,535.0,13,2,2022-06-28 09:37:26
1656409047295511000,534.0,1,533.0,10,535.0,12,2,2022-06-28 09:37:27
1656409047567797000,534.0,2,533.0,10,535.0,12,2,2022-06-28 09:37:27
1656409051055312000,534.0,1,534.0,7,535.0,12,2,2022-06-28 09:37:31
1656409052013889000,534.0,1,534.0,7,535.0,12,2,2022-06-28 09:37:32
1656409052048835000,534.0,5,534.0,8,535.0,12,2,2022-06-28 09:37:32
1656409052409547000,534.0,1,534.0,1,535.0,12,2,2022-06-28 09:37:32
1656409053042050000,534.0,2,533.0,8,535.0,13,2,2022-06-28 09:37:33
1656409054101896000,534.0,1,533.0,7,535.0,13,2,2022-06-28 09:37:34
1656409054670126000,534.0,1,533.0,7,535.0,15,1,2022-06-28 09:37:34
1656409054964700000,533.0,2,533.0,5,534.0,6,2,2022-06-28 09:37:34
1656409055003455000,533.0,5,532.0,2,534.0,6,2,2022-06-28 09:37:35
1656409055729581000,532.0,1,530.0,6,534.0,6,2,2022-06-28 09:37:35
1656409055729581000,531.0,1,530.0,6,534.0,6,2,2022-06-28 09:37:35
1656409062374171000,533.0,1,531.0,2,533.0,1,1,2022-06-28 09:37:42
1656409070416293000,533.0,1,531.0,4,534.0,9,1,2022-06-28 09:37:50
1656409072672503000,534.0,2,531.0,4,534.0,5,1,2022-06-28 09:37:52
1656409078802298000,534.0,4,532.0,2,535.0,14,1,2022-06-28 09:37:58
1656409079718454000,534.0,1,532.0,2,535.0,13,1,2022-06-28 09:37:59
1656409089352394000,533.0,1,532.0,2,534.0,7,2,2022-06-28 09:38:09
1656409094616484000,533.0,1,532.0,2,534.0,9,1,2022-06-28 09:38:14
1656409096649365000,534.0,1,532.0,1,534.0,9,1,2022-06-28 09:38:16
1656409104566569000,533.0,1,532.0,1,533.0,3,1,2022-06-28 09:38:24
1656409104640939000,532.0,1,531.0,6,532.0,1,2,2022-06-28 09:38:24
1656409130036101000,532.0,1,531.0,3,532.0,3,1,2022-06-28 09:38:50
1656409133945579000,532.0,2,532.0,2,533.0,3,1,2022-06-28 09:38:53
1656409152660355000,532.0,4,531.0,4,533.0,4,2,2022-06-28 09:39:12
1656409173527323000,531.0,1,531.0,2,532.0,3,2,2022-06-28 09:39:33
1656409186354012000,531.0,1,531.0,1,532.0,4,2,2022-06-28 09:39:46
1656409191170039000,532.0,1,531.0,1,532.0,3,1,2022-06-28 09:39:51
1656409193748020000,531.0,1,530.0,7,532.0,3,2,2022-06-28 09:39:53
1656409217527864000,530.0,1,530.0,4,531.0,9,2,2022-06-28 09:40:17
1656409222083622000,530.0,1,530.0,3,531.0,9,2,2022-06-28 09:40:22
1656409222264329000,531.0,1,530.0,3,531.0,8,1,2022-06-28 09:40:22
1656409223494635000,530.0,2,530.0,1,531.0,8,2,2022-06-28 09:40:23
1656409226315971000,530.0,1,529.0,4,530.0,4,2,2022-06-28 09:40:26
1656409255702271000,530.0,1,529.0,3,530.0,5,1,2022-06-28 09:40:55
1656409256222715000,530.0,1,529.0,3,530.0,4,1,2022-06-28 09:40:56
1656409256250077000,530.0,4,529.0,3,531.0,7,1,2022-06-28 09:40:56
1656409268253798000,530.0,1,530.0,1,531.0,7,1,2022-06-28 09:41:08
1656409320424839000,531.0,1,530.0,3,531.0,6,1,2022-06-28 09:42:00
1656409352442591000,530.0,3,530.0,1,531.0,8,2,2022-06-28 09:42:32
1656409352482511000,530.0,1,529.0,5,531.0,8,2,2022-06-28 09:42:32
1656409370548882000,530.0,1,529.0,4,530.0,5,1,2022-06-28 09:42:50
1656409371533162000,529.0,1,529.0,3,530.0,5,2,2022-06-28 09:42:51
1656409373592938000,530.0,1,529.0,3,530.0,4,1,2022-06-28 09:42:53
1656409378612415000,530.0,1,529.0,2,530.0,3,1,2022-06-28 09:42:58
1656409379280866000,530.0,1,529.0,2,530.0,2,1,2022-06-28 09:42:59
1656409383783560000,530.0,1,529.0,2,530.0,4,1,2022-06-28 09:43:03
1656409387490201000,530.0,1,529.0,2,530.0,3,1,2022-06-28 09:43:07
1656409431039696000,530.0,1,529.0,7,530.0,3,1,2022-06-28 09:43:51
1656409454402572000,530.0,3,530.0,2,531.0,13,1,2022-06-28 09:44:14
1656409458874850000,531.0,12,530.0,4,531.0,12,1,2022-06-28 09:44:18
1656409476568341000,531.0,2,530.0,6,531.0,2,1,2022-06-28 09:44:36
1656409480648716000,531.0,1,530.0,6,532.0,22,1,2022-06-28 09:44:40
1656409489032687000,530.0,5,529.0,7,531.0,7,2,2022-06-28 09:44:49
1656409491628793000,531.0,1,529.0,7,531.0,6,1,2022-06-28 09:44:51
1656409504279314000,529.0,1,529.0,6,530.0,1,2,2022-06-28 09:45:04
1656409521795428000,529.0,1,529.0,5,530.0,5,2,2022-06-28 09:45:21
1656409529214031000,529.0,5,528.0,6,529.0,3,2,2022-06-28 09:45:29
1656409529728559000,529.0,1,528.0,6,529.0,3,1,2022-06-28 09:45:29
1656409536432429000,529.0,2,528.0,6,529.0,2,1,2022-06-28 09:45:36
1656409536468358000,529.0,2,528.0,6,530.0,3,1,2022-06-28 09:45:36
1656409547554972000,529.0,1,528.0,5,530.0,4,1,2022-06-28 09:45:47
1656409590359151000,528.0,1,528.0,4,529.0,5,2,2022-06-28 09:46:30
1656409599354746000,528.0,1,528.0,3,529.0,4,2,2022-06-28 09:46:39
1656409599644208000,529.0,4,529.0,4,530.0,4,1,2022-06-28 09:46:39
1656409601484527000,529.0,1,529.0,3,530.0,2,2,2022-06-28 09:46:41
1656409601512403000,529.0,2,529.0,1,530.0,2,2,2022-06-28 09:46:41
1656409601573740000,529.0,1,528.0,3,530.0,3,2,2022-06-28 09:46:41
1656409614777047000,528.0,10,527.0,9,530.0,2,2,2022-06-28 09:46:54
1656409628118982000,527.0,6,527.0,2,529.0,1,2,2022-06-28 09:47:08
1656409632918025000,528.0,1,527.0,1,529.0,3,1,2022-06-28 09:47:12
1656409633143349000,527.0,1,526.0,17,529.0,2,2,2022-06-28 09:47:13
1656409638094593000,527.0,1,526.0,13,529.0,2,1,2022-06-28 09:47:18
1656409639448001000,527.0,1,527.0,2,530.0,5,2,2022-06-28 09:47:19
1656409639540972000,527.0,3,526.0,7,530.0,5,2,2022-06-28 09:47:19
1656409639540972000,526.0,7,526.0,7,530.0,5,2,2022-06-28 09:47:19
1656409643583078000,527.0,1,526.0,6,529.0,2,1,2022-06-28 09:47:23
1656409643604885000,529.0,2,526.0,6,529.0,1,1,2022-06-28 09:47:23
1656409643627397000,529.0,1,526.0,6,530.0,5,1,2022-06-28 09:47:23
1656409645639371000,526.0,1,526.0,5,530.0,5,2,2022-06-28 09:47:25
1656409651692040000,526.0,1,526.0,5,530.0,4,2,2022-06-28 09:47:31
1656409651769893000,526.0,3,526.0,2,530.0,4,2,2022-06-28 09:47:31
1656409655365008000,526.0,1,526.0,1,530.0,4,2,2022-06-28 09:47:35
1656409656161768000,527.0,1,526.0,1,529.0,3,2,2022-06-28 09:47:36
1656409664755551000,527.0,1,526.0,9,529.0,3,1,2022-06-28 09:47:44
1656409664930138000,529.0,2,526.0,9,529.0,1,1,2022-06-28 09:47:44
1656409664958920000,529.0,1,526.0,9,530.0,4,1,2022-06-28 09:47:44
1656409666032240000,530.0,4,526.0,13,531.0,3,1,2022-06-28 09:47:46
1656409666064673000,530.0,1,527.0,2,531.0,4,1,2022-06-28 09:47:46
1656409667317372000,531.0,4,528.0,3,532.0,3,1,2022-06-28 09:47:47
1656409670242112000,528.0,5,528.0,1,532.0,4,2,2022-06-28 09:47:50
1656409703250225000,530.0,1,528.0,8,531.0,6,1,2022-06-28 09:48:23
1656409732793700000,530.0,1,528.0,8,531.0,6,1,2022-06-28 09:48:52
1656409760251210000,531.0,1,529.0,2,531.0,7,1,2022-06-28 09:49:20
1656409774214895000,530.0,1,529.0,2,531.0,6,1,2022-06-28 09:49:34
1656409780690175000,530.0,1,529.0,3,531.0,4,1,2022-06-28 09:49:40
1656409780722413000,531.0,4,529.0,2,532.0,4,1,2022-06-28 09:49:40
1656409783883872000,530.0,1,529.0,4,532.0,3,1,2022-06-28 09:49:43
1656409786346118000,532.0,1,529.0,3,532.0,2,1,2022-06-28 09:49:46
1656409788700948000,532.0,2,530.0,2,533.0,9,1,2022-06-28 09:49:48
1656409802880490000,532.0,1,531.0,5,533.0,8,1,2022-06-28 09:50:02
1656409866544604000,532.0,1,531.0,6,532.0,6,1,2022-06-28 09:51:06
1656409866562466000,532.0,2,531.0,6,532.0,4,1,2022-06-28 09:51:06
1656409870879851000,532.0,4,531.0,2,533.0,11,1,2022-06-28 09:51:10
1656409891802453000,532.0,1,532.0,2,533.0,11,2,2022-06-28 09:51:31
1656409906155976000,533.0,11,532.0,12,534.0,20,1,2022-06-28 09:51:46
1656409906196718000,533.0,1,532.0,13,534.0,20,2,2022-06-28 09:51:46
1656409906375725000,534.0,8,533.0,1,534.0,12,1,2022-06-28 09:51:46
1656409906412993000,534.0,12,533.0,1,535.0,13,1,2022-06-28 09:51:46
1656409907074595000,533.0,1,533.0,1,535.0,13,2,2022-06-28 09:51:47
1656409908424324000,533.0,1,533.0,1,535.0,13,2,2022-06-28 09:51:48
1656409911149073000,533.0,1,532.0,16,535.0,14,2,2022-06-28 09:51:51
1656409912963850000,533.0,1,533.0,4,535.0,14,2,2022-06-28 09:51:52
1656409915661703000,533.0,2,533.0,6,535.0,14,2,2022-06-28 09:51:55
1656409921516409000,533.0,3,533.0,6,535.0,15,2,2022-06-28 09:52:01
1656409924289615000,533.0,1,533.0,7,534.0,2,2,2022-06-28 09:52:04
1656409926072975000,533.0,1,533.0,6,534.0,4,2,2022-06-28 09:52:06
1656409926384456000,533.0,1,533.0,6,534.0,6,2,2022-06-28 09:52:06
1656409929759560000,533.0,1,533.0,6,534.0,9,2,2022-06-28 09:52:09
1656409929816815000,533.0,1,533.0,5,534.0,9,2,2022-06-28 09:52:09
1656409930598675000,533.0,2,533.0,3,534.0,8,2,2022-06-28 09:52:10
1656409931807253000,533.0,1,533.0,2,534.0,8,2,2022-06-28 09:52:11
1656409938904759000,533.0,1,532.0,4,534.0,8,2,2022-06-28 09:52:18
1656409955079901000,533.0,2,532.0,2,533.0,2,1,2022-06-28 09:52:35
1656409963480845000,533.0,1,532.0,2,533.0,1,1,2022-06-28 09:52:43
1656409967758040000,533.0,1,532.0,2,533.0,2,1,2022-06-28 09:52:47
1656409993656284000,532.0,1,531.0,2,532.0,1,2,2022-06-28 09:53:13
1656409994710209000,531.0,2,530.0,3,532.0,1,2,2022-06-28 09:53:14
1656410005405267000,531.0,1,530.0,10,531.0,1,1,2022-06-28 09:53:25
1656410008262820000,531.0,1,530.0,10,532.0,3,1,2022-06-28 09:53:28
1656410010030172000,532.0,3,530.0,10,533.0,8,1,2022-06-28 09:53:30
1656410029596963000,532.0,1,531.0,2,533.0,7,1,2022-06-28 09:53:49
1656410047670119000,531.0,1,530.0,5,532.0,1,2,2022-06-28 09:54:07
1656410048931282000,532.0,1,532.0,3,533.0,7,1,2022-06-28 09:54:08
1656410051124877000,532.0,1,532.0,2,533.0,8,2,2022-06-28 09:54:11
1656410052242887000,532.0,1,532.0,1,533.0,8,2,2022-06-28 09:54:12
1656410052276006000,532.0,1,530.0,5,533.0,8,2,2022-06-28 09:54:12
1656410092693079000,531.0,1,531.0,1,532.0,5,2,2022-06-28 09:54:52
1656410109106216000,530.0,1,530.0,11,532.0,9,2,2022-06-28 09:55:09
1656410121824805000,530.0,1,530.0,3,532.0,11,2,2022-06-28 09:55:21
1656410144383314000,530.0,1,530.0,3,531.0,2,2,2022-06-28 09:55:44
1656410166571528000,530.0,1,530.0,3,531.0,4,2,2022-06-28 09:56:06
1656410167517675000,530.0,1,530.0,2,531.0,4,2,2022-06-28 09:56:07
1656410172359305000,530.0,1,530.0,1,531.0,3,2,2022-06-28 09:56:12
1656410178154243000,530.0,1,529.0,2,531.0,2,2,2022-06-28 09:56:18
1656410195942309000,530.0,1,529.0,9,531.0,5,1,2022-06-28 09:56:35
1656410198364189000,530.0,2,529.0,9,531.0,5,1,2022-06-28 09:56:38
1656410198395531000,531.0,5,529.0,9,532.0,8,1,2022-06-28 09:56:38
1656410198493280000,529.0,1,529.0,9,532.0,8,2,2022-06-28 09:56:38
1656410204594089000,532.0,8,529.0,8,533.0,9,1,2022-06-28 09:56:44
1656410204627288000,532.0,1,529.0,8,533.0,9,1,2022-06-28 09:56:44
1656410217230759000,531.0,1,529.0,8,532.0,5,1,2022-06-28 09:56:57
1656410218261321000,532.0,5,529.0,9,533.0,8,1,2022-06-28 09:56:58
1656410263915359000,531.0,1,530.0,5,532.0,4,2,2022-06-28 09:57:43
1656410298594308000,532.0,1,530.0,3,532.0,8,1,2022-06-28 09:58:18
1656410347427798000,530.0,1,530.0,1,531.0,3,2,2022-06-28 09:59:07
1656410347431321000,530.0,1,529.0,4,531.0,2,2,2022-06-28 09:59:07
1656410388038750000,529.0,1,529.0,3,530.0,4,2,2022-06-28 09:59:48
1656410405699907000,529.0,1,529.0,3,530.0,5,2,2022-06-28 10:00:05
1656410414250190000,530.0,5,529.0,3,531.0,2,1,2022-06-28 10:00:14
1656410420751366000,531.0,4,529.0,3,532.0,11,1,2022-06-28 10:00:20
1656410440594647000,530.0,2,529.0,4,532.0,9,2,2022-06-28 10:00:40
1656410466225220000,530.0,1,530.0,1,531.0,2,2,2022-06-28 10:01:06
1656410486257328000,530.0,1,529.0,5,531.0,2,1,2022-06-28 10:01:26
1656410515153421000,530.0,1,529.0,4,531.0,5,2,2022-06-28 10:01:55
1656410567610325000,530.0,1,529.0,5,530.0,2,1,2022-06-28 10:02:47
1656410596343335000,530.0,1,529.0,5,530.0,3,1,2022-06-28 10:03:16
1656410634184768000,529.0,1,529.0,4,530.0,3,2,2022-06-28 10:03:54
1656410649112393000,530.0,5,529.0,5,531.0,3,1,2022-06-28 10:04:09
1656410649112393000,531.0,1,529.0,5,531.0,3,1,2022-06-28 10:04:09
1656410649246313000,529.0,1,529.0,5,531.0,4,2,2022-06-28 10:04:09
1656410651344862000,530.0,1,529.0,3,531.0,4,1,2022-06-28 10:04:11
1656410661167020000,530.0,1,529.0,3,531.0,5,2,2022-06-28 10:04:21
1656410711486481000,530.0,1,529.0,3,530.0,3,1,2022-06-28 10:05:11
1656410729372619000,530.0,2,529.0,4,531.0,4,1,2022-06-28 10:05:29
1656410730274468000,530.0,1,529.0,4,531.0,4,2,2022-06-28 10:05:30
1656410789753757000,531.0,1,530.0,4,531.0,3,1,2022-06-28 10:06:29
1656410798487343000,531.0,3,531.0,1,532.0,8,1,2022-06-28 10:06:38
1656410805253972000,532.0,1,531.0,2,532.0,6,1,2022-06-28 10:06:45
1656410816374746000,532.0,7,532.0,3,533.0,14,1,2022-06-28 10:06:56
1656410821481519000,533.0,2,532.0,5,533.0,10,1,2022-06-28 10:07:01
1656410836392158000,533.0,2,532.0,6,533.0,6,1,2022-06-28 10:07:16
1656410836537713000,533.0,1,532.0,6,533.0,5,1,2022-06-28 10:07:16
1656410841221938000,533.0,1,532.0,6,533.0,3,1,2022-06-28 10:07:21
1656410844470543000,533.0,1,532.0,6,533.0,2,1,2022-06-28 10:07:24
1656410844594899000,533.0,2,532.0,6,534.0,14,1,2022-06-28 10:07:24
1656410848938620000,533.0,1,532.0,8,534.0,14,2,2022-06-28 10:07:28
1656410850654219000,533.0,1,532.0,7,534.0,14,2,2022-06-28 10:07:30
1656410861093349000,534.0,1,533.0,5,534.0,10,1,2022-06-28 10:07:41
1656410865754793000,534.0,1,533.0,5,534.0,9,1,2022-06-28 10:07:45
1656410866220709000,534.0,1,533.0,5,534.0,8,1,2022-06-28 10:07:46
1656410877310241000,533.0,4,532.0,2,534.0,14,2,2022-06-28 10:07:57
1656410877431911000,532.0,1,531.0,1,533.0,1,2,2022-06-28 10:07:57
1656410901601756000,532.0,1,531.0,3,532.0,1,1,2022-06-28 10:08:21
1656410921107613000,532.0,1,531.0,3,533.0,3,1,2022-06-28 10:08:41
1656411004525459000,531.0,3,530.0,4,532.0,4,2,2022-06-28 10:10:04
1656411105653105000,531.0,1,530.0,4,531.0,4,1,2022-06-28 10:11:45
1656411158188730000,530.0,4,529.0,10,531.0,5,2,2022-06-28 10:12:38
1656411192258551000,530.0,1,529.0,9,530.0,4,1,2022-06-28 10:13:12
1656411202663613000,530.0,1,529.0,9,530.0,2,1,2022-06-28 10:13:22
1656411202701538000,530.0,1,529.0,9,530.0,1,1,2022-06-28 10:13:22
1656411202729812000,530.0,1,529.0,9,531.0,4,1,2022-06-28 10:13:22
1656411246614720000,530.0,1,529.0,7,531.0,5,2,2022-06-28 10:14:06
1656411337977474000,529.0,1,529.0,7,531.0,5,2,2022-06-28 10:15:37
1656411350466689000,529.0,1,529.0,7,531.0,6,2,2022-06-28 10:15:50
1656411355886829000,529.0,3,529.0,7,531.0,5,2,2022-06-28 10:15:55
1656411373053208000,529.0,1,529.0,4,530.0,5,2,2022-06-28 10:16:13
1656411373550432000,530.0,1,529.0,4,530.0,4,1,2022-06-28 10:16:13
1656411374476822000,529.0,1,529.0,3,530.0,4,2,2022-06-28 10:16:14
1656411374551409000,529.0,3,528.0,9,529.0,2,2,2022-06-28 10:16:14
1656411375255696000,528.0,1,528.0,8,529.0,2,2,2022-06-28 10:16:15
1656411387649708000,528.0,1,528.0,7,529.0,4,2,2022-06-28 10:16:27
1656411390656291000,528.0,1,528.0,6,529.0,6,2,2022-06-28 10:16:30
1656411402904779000,528.0,5,528.0,2,529.0,6,2,2022-06-28 10:16:42
1656411402985225000,528.0,1,528.0,1,529.0,6,2,2022-06-28 10:16:42
1656411410430674000,528.0,1,527.0,13,529.0,5,2,2022-06-28 10:16:50
1656411410434677000,527.0,1,527.0,12,529.0,4,2,2022-06-28 10:16:50
1656411418711502000,528.0,2,527.0,11,529.0,4,1,2022-06-28 10:16:58
1656411420019205000,527.0,1,527.0,10,529.0,4,2,2022-06-28 10:17:00
1656411426701981000,529.0,4,527.0,10,530.0,2,1,2022-06-28 10:17:06
1656411437802589000,529.0,1,528.0,1,529.0,1,1,2022-06-28 10:17:17
1656411437854237000,530.0,3,528.0,2,531.0,7,1,2022-06-28 10:17:17
1656411445964515000,528.0,1,528.0,17,530.0,2,2,2022-06-28 10:17:25
1656411529018718000,528.0,6,528.0,1,529.0,3,2,2022-06-28 10:18:49
1656411530370442000,528.0,1,527.0,14,529.0,2,2,2022-06-28 10:18:50
1656411549207620000,528.0,5,527.0,12,528.0,2,1,2022-06-28 10:19:09
1656411549239144000,528.0,2,527.0,12,529.0,2,1,2022-06-28 10:19:09
1656411563242507000,528.0,1,527.0,13,529.0,2,2,2022-06-28 10:19:23
1656411582563641000,528.0,1,527.0,13,529.0,2,2,2022-06-28 10:19:42
1656411597081507000,528.0,1,527.0,11,529.0,2,2,2022-06-28 10:19:57
1656411598463606000,527.0,6,527.0,5,529.0,3,2,2022-06-28 10:19:58
1656411598586017000,527.0,2,527.0,3,529.0,5,2,2022-06-28 10:19:58
1656411598630270000,527.0,3,526.0,57,529.0,5,2,2022-06-28 10:19:58
1656411599672107000,529.0,1,526.0,57,529.0,6,1,2022-06-28 10:19:59
1656411642391566000,528.0,1,527.0,1,528.0,2,1,2022-06-28 10:20:42
1656411650505192000,527.0,1,526.0,55,528.0,3,2,2022-06-28 10:20:50
1656411668410925000,526.0,1,526.0,54,528.0,4,2,2022-06-28 10:21:08
1656411675586717000,526.0,2,526.0,50,527.0,2,2,2022-06-28 10:21:15
1656411676361373000,527.0,1,526.0,50,527.0,2,1,2022-06-28 10:21:16
1656411684420241000,526.0,1,526.0,49,527.0,2,2,2022-06-28 10:21:24
1656411685261541000,527.0,1,526.0,49,527.0,1,1,2022-06-28 10:21:25
1656411707071926000,527.0,1,526.0,50,527.0,2,1,2022-06-28 10:21:47
1656411729731417000,526.0,1,526.0,49,527.0,4,2,2022-06-28 10:22:09
1656411729731614000,526.0,1,526.0,48,527.0,4,2,2022-06-28 10:22:09
1656411729758712000,526.0,6,526.0,48,527.0,4,2,2022-06-28 10:22:09
1656411733754569000,526.0,42,525.0,1,527.0,4,2,2022-06-28 10:22:13
1656411733754569000,525.0,23,525.0,1,527.0,4,2,2022-06-28 10:22:13
1656411733786249000,525.0,1,524.0,12,526.0,2,2,2022-06-28 10:22:13
1656411735356883000,524.0,1,524.0,11,525.0,14,2,2022-06-28 10:22:15
1656411735392515000,524.0,6,524.0,5,525.0,14,2,2022-06-28 10:22:15
1656411735429038000,524.0,1,524.0,4,525.0,15,2,2022-06-28 10:22:15
1656411735429752000,524.0,1,524.0,3,525.0,15,2,2022-06-28 10:22:15
1656411735561828000,524.0,1,524.0,2,525.0,15,2,2022-06-28 10:22:15
1656411735654364000,524.0,2,523.0,19,525.0,15,2,2022-06-28 10:22:15
1656411735654364000,523.0,3,523.0,19,525.0,15,2,2022-06-28 10:22:15
1656411735678893000,523.0,4,523.0,15,525.0,15,2,2022-06-28 10:22:15
1656411739057555000,523.0,1,523.0,14,525.0,16,2,2022-06-28 10:22:19
1656411739424361000,523.0,2,523.0,12,525.0,16,2,2022-06-28 10:22:19
1656411743918192000,523.0,1,523.0,10,524.0,4,2,2022-06-28 10:22:23
1656411743936087000,523.0,1,523.0,9,524.0,4,2,2022-06-28 10:22:23
1656411744108929000,523.0,1,523.0,9,524.0,4,2,2022-06-28 10:22:24
1656411748076387000,523.0,4,523.0,3,524.0,4,2,2022-06-28 10:22:28
1656411748986840000,523.0,1,523.0,2,524.0,4,2,2022-06-28 10:22:28
1656411757813815000,522.0,6,522.0,5,523.0,2,2,2022-06-28 10:22:37
1656411759546298000,523.0,1,522.0,5,523.0,1,1,2022-06-28 10:22:39
1656411759573146000,523.0,1,522.0,5,524.0,6,1,2022-06-28 10:22:39
1656411761161979000,522.0,1,522.0,3,523.0,10,2,2022-06-28 10:22:41
1656411762477337000,522.0,1,522.0,2,523.0,10,2,2022-06-28 10:22:42
1656411762859910000,522.0,1,522.0,1,523.0,11,2,2022-06-28 10:22:42
1656411764547189000,522.0,1,521.0,18,523.0,11,2,2022-06-28 10:22:44
1656411766092135000,522.0,1,521.0,18,523.0,11,2,2022-06-28 10:22:46
1656411772978317000,522.0,1,521.0,18,523.0,12,1,2022-06-28 10:22:52
1656411775232830000,522.0,1,521.0,19,523.0,11,1,2022-06-28 10:22:55
1656411775272532000,523.0,1,521.0,17,523.0,10,1,2022-06-28 10:22:55
1656411777561554000,522.0,1,522.0,5,523.0,10,2,2022-06-28 10:22:57
1656411782297283000,523.0,1,522.0,6,523.0,10,1,2022-06-28 10:23:02
1656411782325099000,523.0,10,522.0,6,524.0,5,1,2022-06-28 10:23:02
1656411782355763000,524.0,2,522.0,6,524.0,3,1,2022-06-28 10:23:02
1656411789612415000,524.0,1,522.0,10,524.0,2,1,2022-06-28 10:23:09
1656411791634975000,522.0,1,522.0,9,524.0,2,2,2022-06-28 10:23:11
1656411794159499000,524.0,2,522.0,10,525.0,9,1,2022-06-28 10:23:14
1656411812053720000,523.0,1,523.0,5,525.0,8,2,2022-06-28 10:23:32
1656411813026732000,523.0,1,523.0,3,524.0,3,2,2022-06-28 10:23:33
1656411820477846000,523.0,1,523.0,3,524.0,4,2,2022-06-28 10:23:40
1656411822400775000,523.0,1,523.0,2,524.0,4,2,2022-06-28 10:23:42
1656411836359879000,523.0,1,523.0,3,524.0,5,2,2022-06-28 10:23:56
1656411836702669000,523.0,1,523.0,2,524.0,5,2,2022-06-28 10:23:56
1656411865842857000,524.0,2,523.0,5,524.0,9,1,2022-06-28 10:24:25
1656411867847963000,524.0,1,523.0,5,524.0,8,1,2022-06-28 10:24:27
1656411878676659000,524.0,1,523.0,6,524.0,7,1,2022-06-28 10:24:38
1656411878703331000,524.0,7,523.0,6,525.0,9,1,2022-06-28 10:24:38
1656411887845393000,524.0,1,523.0,8,525.0,9,1,2022-06-28 10:24:47
1656411899958086000,524.0,3,523.0,9,524.0,2,2,2022-06-28 10:24:59
1656411903132561000,524.0,1,523.0,7,524.0,2,1,2022-06-28 10:25:03
1656411903488142000,523.0,4,523.0,3,524.0,2,2,2022-06-28 10:25:03
1656411903926981000,524.0,1,523.0,3,524.0,1,1,2022-06-28 10:25:03
1656411911439948000,524.0,1,523.0,3,525.0,12,1,2022-06-28 10:25:11
1656411917098262000,524.0,1,523.0,3,525.0,14,2,2022-06-28 10:25:17
1656411936502598000,524.0,1,523.0,6,525.0,14,2,2022-06-28 10:25:36
1656411940218648000,523.0,1,523.0,5,524.0,6,2,2022-06-28 10:25:40
1656411948797323000,524.0,1,523.0,6,524.0,5,1,2022-06-28 10:25:48
1656411953058259000,523.0,1,523.0,8,524.0,5,2,2022-06-28 10:25:53
1656411961124232000,523.0,1,523.0,10,524.0,7,2,2022-06-28 10:26:01
1656411969206009000,524.0,1,523.0,9,524.0,7,1,2022-06-28 10:26:09
1656411981195416000,523.0,2,523.0,9,524.0,8,2,2022-06-28 10:26:21
1656411999580591000,523.0,1,523.0,9,524.0,9,2,2022-06-28 10:26:39
1656412003678043000,523.0,3,523.0,6,524.0,9,2,2022-06-28 10:26:43
1656412003701852000,523.0,2,523.0,4,524.0,9,2,2022-06-28 10:26:43
1656412003807688000,524.0,1,523.0,4,524.0,8,1,2022-06-28 10:26:43
1656412004273110000,523.0,1,523.0,3,524.0,8,2,2022-06-28 10:26:44
1656412006125931000,523.0,1,523.0,2,524.0,7,2,2022-06-28 10:26:46
1656412006224954000,523.0,1,523.0,1,524.0,6,2,2022-06-28 10:26:46
1656412007594857000,523.0,1,522.0,11,524.0,7,2,2022-06-28 10:26:47
1656412019898706000,523.0,1,523.0,1,524.0,6,1,2022-06-28 10:26:59
1656412032148757000,523.0,1,523.0,1,524.0,6,2,2022-06-28 10:27:12
1656412036756122000,523.0,1,523.0,1,524.0,6,2,2022-06-28 10:27:16
1656412037251680000,523.0,1,523.0,1,524.0,6,2,2022-06-28 10:27:17
1656412040316430000,523.0,1,522.0,11,524.0,6,2,2022-06-28 10:27:20
1656412052056559000,523.0,1,523.0,3,524.0,6,2,2022-06-28 10:27:32
1656412053139262000,523.0,1,523.0,2,524.0,6,2,2022-06-28 10:27:33
1656412063149133000,523.0,1,523.0,3,524.0,6,2,2022-06-28 10:27:43
1656412074545681000,523.0,1,523.0,1,524.0,7,2,2022-06-28 10:27:54
1656412074894745000,523.0,1,522.0,11,524.0,7,2,2022-06-28 10:27:54
1656412095044244000,523.0,1,522.0,12,524.0,9,1,2022-06-28 10:28:15
1656412095891783000,523.0,1,522.0,13,524.0,9,1,2022-06-28 10:28:15
1656412099825915000,524.0,3,523.0,1,524.0,5,1,2022-06-28 10:28:19
1656412121836681000,523.0,3,522.0,11,524.0,8,2,2022-06-28 10:28:41
1656412121836681000,522.0,2,522.0,11,524.0,8,2,2022-06-28 10:28:41
1656412121847035000,522.0,1,522.0,10,524.0,8,2,2022-06-28 10:28:41
1656412135602913000,523.0,1,523.0,1,524.0,8,1,2022-06-28 10:28:55
1656412143598673000,523.0,1,522.0,10,524.0,8,2,2022-06-28 10:29:03
1656412165433768000,523.0,6,522.0,9,525.0,3,1,2022-06-28 10:29:25
1656412165433768000,524.0,8,522.0,9,525.0,3,1,2022-06-28 10:29:25
1656412165570238000,525.0,2,523.0,1,525.0,4,1,2022-06-28 10:29:25
1656412178765678000,523.0,1,523.0,20,525.0,1,2,2022-06-28 10:29:38
1656412180407861000,525.0,1,523.0,20,526.0,3,1,2022-06-28 10:29:40
1656412196939032000,525.0,1,524.0,1,525.0,2,1,2022-06-28 10:29:56
1656412199307301000,525.0,2,524.0,3,525.0,1,1,2022-06-28 10:29:59
1656412205089923000,525.0,1,524.0,3,526.0,4,1,2022-06-28 10:30:05
1656412205262698000,524.0,3,523.0,2,526.0,3,2,2022-06-28 10:30:05
1656412205262698000,523.0,2,523.0,2,526.0,3,2,2022-06-28 10:30:05
1656412248762751000,524.0,1,524.0,1,525.0,2,2,2022-06-28 10:30:48
1656412260637647000,525.0,1,524.0,3,525.0,1,1,2022-06-28 10:31:00
1656412267796370000,525.0,1,524.0,3,526.0,5,1,2022-06-28 10:31:07
1656412337020852000,524.0,1,524.0,3,525.0,4,2,2022-06-28 10:32:17
1656412367362338000,524.0,1,524.0,7,525.0,3,2,2022-06-28 10:32:47
1656412376258010000,524.0,1,524.0,7,525.0,3,2,2022-06-28 10:32:56
1656412407388462000,524.0,1,524.0,7,525.0,3,2,2022-06-28 10:33:27
1656412414124686000,524.0,4,524.0,3,525.0,3,2,2022-06-28 10:33:34
1656412417434387000,524.0,1,524.0,2,525.0,4,2,2022-06-28 10:33:37
1656412417762767000,524.0,1,524.0,1,525.0,4,2,2022-06-28 10:33:37
1656412418019976000,524.0,1,523.0,10,525.0,4,2,2022-06-28 10:33:38
1656412424031755000,523.0,9,519.0,10,520.0,16,2,2022-06-28 10:33:44
1656412424031755000,522.0,14,519.0,10,520.0,16,2,2022-06-28 10:33:44
1656412424031755000,521.0,22,519.0,10,520.0,16,2,2022-06-28 10:33:44
1656412424031755000,520.0,29,519.0,10,520.0,16,2,2022-06-28 10:33:44
1656412424054715000,520.0,16,519.0,10,524.0,4,1,2022-06-28 10:33:44
1656412424056017000,520.0,1,520.0,1,523.0,4,2,2022-06-28 10:33:44
1656412424102914000,521.0,1,519.0,6,522.0,1,2,2022-06-28 10:33:44
1656412439918034000,519.0,1,519.0,5,520.0,1,2,2022-06-28 10:33:59
1656412444487643000,519.0,1,519.0,5,520.0,1,2,2022-06-28 10:34:04
1656412445788961000,520.0,1,519.0,5,520.0,1,1,2022-06-28 10:34:05
1656412445817767000,520.0,1,519.0,5,521.0,4,1,2022-06-28 10:34:05
1656412445847762000,521.0,4,519.0,5,522.0,5,1,2022-06-28 10:34:05
1656412449554132000,522.0,1,519.0,6,522.0,5,1,2022-06-28 10:34:09
1656412449585933000,522.0,2,519.0,6,522.0,3,1,2022-06-28 10:34:09
1656412449669067000,522.0,2,520.0,1,524.0,4,1,2022-06-28 10:34:09
1656412459081456000,522.0,1,520.0,12,524.0,6,1,2022-06-28 10:34:19
1656412478888770000,522.0,1,522.0,1,523.0,2,2,2022-06-28 10:34:38
1656412485396428000,521.0,2,520.0,4,523.0,2,2,2022-06-28 10:34:45
1656412505042071000,521.0,1,521.0,1,522.0,6,2,2022-06-28 10:35:05
1656412508865407000,521.0,1,520.0,4,522.0,8,2,2022-06-28 10:35:08
1656412517548732000,522.0,1,521.0,1,522.0,7,1,2022-06-28 10:35:17
1656412521609283000,521.0,1,520.0,4,522.0,6,2,2022-06-28 10:35:21
1656412546286405000,520.0,1,520.0,29,522.0,8,2,2022-06-28 10:35:46
1656412558718379000,521.0,1,520.0,29,522.0,9,1,2022-06-28 10:35:58
1656412560967209000,522.0,1,520.0,29,522.0,8,1,2022-06-28 10:36:00
1656412562727304000,522.0,8,521.0,5,523.0,1,1,2022-06-28 10:36:02
1656412562815203000,523.0,1,521.0,7,524.0,10,1,2022-06-28 10:36:02
1656412565267123000,524.0,1,521.0,19,524.0,6,1,2022-06-28 10:36:05
1656412595411037000,524.0,2,523.0,1,524.0,4,1,2022-06-28 10:36:35
1656412599066794000,523.0,1,522.0,1,523.0,4,2,2022-06-28 10:36:39
1656412608651237000,523.0,1,522.0,2,523.0,3,1,2022-06-28 10:36:48
1656412612610091000,523.0,1,522.0,2,523.0,2,1,2022-06-28 10:36:52
1656412628618247000,523.0,1,522.0,2,523.0,1,1,2022-06-28 10:37:08
1656412630229473000,523.0,1,522.0,2,524.0,3,1,2022-06-28 10:37:10
1656412643283314000,524.0,2,522.0,2,524.0,1,1,2022-06-28 10:37:23
1656412670192173000,523.0,1,522.0,6,524.0,6,2,2022-06-28 10:37:50
1656412683097193000,523.0,1,523.0,2,524.0,1,1,2022-06-28 10:38:03
1656412686013533000,523.0,1,523.0,1,524.0,1,2,2022-06-28 10:38:06
1656412689276061000,523.0,1,522.0,7,524.0,1,2,2022-06-28 10:38:09
1656412707820608000,523.0,1,523.0,1,524.0,2,2,2022-06-28 10:38:27
1656412716361412000,523.0,1,522.0,7,524.0,2,2,2022-06-28 10:38:36
1656412718403097000,524.0,1,522.0,7,524.0,1,1,2022-06-28 10:38:38
1656412745918212000,523.0,1,522.0,7,524.0,7,1,2022-06-28 10:39:05
1656412800936996000,524.0,1,523.0,2,524.0,7,1,2022-06-28 10:40:00
1656412890377380000,523.0,1,523.0,6,524.0,11,2,2022-06-28 10:41:30
1656412896053798000,523.0,1,523.0,5,524.0,8,2,2022-06-28 10:41:36
1656412936070867000,524.0,2,523.0,6,524.0,6,1,2022-06-28 10:42:16
1656412941039538000,524.0,1,523.0,6,524.0,4,1,2022-06-28 10:42:21
1656412946244623000,524.0,1,523.0,6,524.0,2,1,2022-06-28 10:42:26
1656412951138222000,524.0,1,523.0,6,524.0,3,1,2022-06-28 10:42:31
1656412954041470000,524.0,1,523.0,6,524.0,2,1,2022-06-28 10:42:34
1656412954809298000,524.0,1,523.0,6,524.0,1,1,2022-06-28 10:42:34
1656412957278186000,524.0,1,523.0,6,525.0,7,1,2022-06-28 10:42:37
1656412972384898000,524.0,1,524.0,3,525.0,7,2,2022-06-28 10:42:52
1656412972581616000,524.0,3,523.0,2,524.0,1,2,2022-06-28 10:42:52
1656412987636716000,524.0,1,523.0,7,524.0,1,1,2022-06-28 10:43:07
1656413026080579000,524.0,1,523.0,8,525.0,8,1,2022-06-28 10:43:46
1656413032704754000,524.0,1,523.0,8,525.0,9,2,2022-06-28 10:43:52
1656413047332282000,524.0,1,523.0,3,525.0,8,2,2022-06-28 10:44:07
1656413064255639000,524.0,1,524.0,4,525.0,8,2,2022-06-28 10:44:24
1656413072798531000,524.0,1,524.0,3,525.0,8,2,2022-06-28 10:44:32
1656413084645481000,524.0,2,524.0,2,525.0,8,2,2022-06-28 10:44:44
1656413087049438000,524.0,1,524.0,1,525.0,8,2,2022-06-28 10:44:47
1656413088062568000,524.0,1,523.0,4,525.0,8,2,2022-06-28 10:44:48
1656413165095155000,524.0,1,524.0,7,525.0,9,2,2022-06-28 10:46:05
1656413182805674000,524.0,1,524.0,6,525.0,9,2,2022-06-28 10:46:22
1656413226878258000,524.0,2,524.0,5,525.0,10,2,2022-06-28 10:47:06
1656413226904859000,524.0,2,524.0,3,525.0,10,2,2022-06-28 10:47:06
1656413226983173000,524.0,1,524.0,2,525.0,10,2,2022-06-28 10:47:06
1656413240055844000,524.0,1,524.0,1,525.0,9,2,2022-06-28 10:47:20
1656413240087180000,524.0,1,523.0,5,525.0,9,2,2022-06-28 10:47:20
1656413242232290000,524.0,1,523.0,15,525.0,9,1,2022-06-28 10:47:22
1656413246478895000,525.0,9,523.0,15,526.0,4,1,2022-06-28 10:47:26
1656413251422231000,526.0,4,523.0,15,527.0,10,1,2022-06-28 10:47:31
1656413254825348000,527.0,4,524.0,2,527.0,10,1,2022-06-28 10:47:34
1656413255203861000,527.0,3,524.0,10,527.0,3,1,2022-06-28 10:47:35
1656413255224601000,527.0,3,524.0,10,528.0,12,1,2022-06-28 10:47:35
1656413256592623000,527.0,1,525.0,1,528.0,12,1,2022-06-28 10:47:36
1656413256672165000,528.0,12,529.0,34,530.0,66,1,2022-06-28 10:47:36
1656413256672165000,529.0,14,529.0,34,530.0,66,1,2022-06-28 10:47:36
1656413256692395000,529.0,34,525.0,1,530.0,64,2,2022-06-28 10:47:36
1656413256775450000,527.0,2,525.0,2,529.0,1,1,2022-06-28 10:47:36
1656413257122429000,528.0,1,526.0,1,528.0,1,1,2022-06-28 10:47:37
1656413265489106000,528.0,1,526.0,2,528.0,1,1,2022-06-28 10:47:45
1656413268004469000,528.0,1,526.0,3,529.0,7,2,2022-06-28 10:47:48
1656413288174133000,528.0,2,527.0,1,529.0,7,1,2022-06-28 10:48:08
1656413289497243000,528.0,1,527.0,2,529.0,6,2,2022-06-28 10:48:09
1656413295190509000,528.0,1,527.0,26,529.0,6,1,2022-06-28 10:48:15
1656413304159190000,529.0,7,528.0,5,530.0,60,1,2022-06-28 10:48:24
1656413311896331000,529.0,1,527.0,3,530.0,60,1,2022-06-28 10:48:31
1656413312864835000,528.0,1,527.0,3,529.0,10,2,2022-06-28 10:48:32
1656413318407568000,529.0,1,528.0,2,529.0,10,1,2022-06-28 10:48:38
1656413318521187000,529.0,1,528.0,2,529.0,9,1,2022-06-28 10:48:38
1656413324049928000,529.0,1,528.0,3,529.0,9,1,2022-06-28 10:48:44
1656413326970101000,528.0,6,528.0,17,529.0,10,2,2022-06-28 10:48:46
1656413326970310000,529.0,10,528.0,17,530.0,58,1,2022-06-28 10:48:46
1656413329500246000,529.0,1,528.0,37,530.0,58,1,2022-06-28 10:48:49
1656413330853920000,528.0,2,528.0,55,530.0,58,2,2022-06-28 10:48:50
1656413335082259000,530.0,2,528.0,55,530.0,56,1,2022-06-28 10:48:55
1656413336876591000,529.0,2,528.0,55,529.0,8,2,2022-06-28 10:48:56
1656413337250992000,529.0,1,528.0,55,529.0,8,1,2022-06-28 10:48:57
1656413350212412000,529.0,1,527.0,3,529.0,9,1,2022-06-28 10:49:10
1656413353173686000,529.0,1,527.0,4,529.0,8,1,2022-06-28 10:49:13
1656413355227349000,528.0,1,527.0,3,529.0,8,1,2022-06-28 10:49:15
1656413355565231000,529.0,1,527.0,3,529.0,7,1,2022-06-28 10:49:15
1656413357483851000,529.0,1,527.0,3,529.0,6,1,2022-06-28 10:49:17
1656413358527760000,528.0,1,527.0,3,529.0,6,2,2022-06-28 10:49:18
1656413361173645000,529.0,1,527.0,4,529.0,5,1,2022-06-28 10:49:21
1656413362049600000,529.0,1,527.0,5,529.0,4,1,2022-06-28 10:49:22
1656413362240182000,529.0,1,527.0,5,529.0,2,1,2022-06-28 10:49:22
1656413379722041000,529.0,1,528.0,1,529.0,2,1,2022-06-28 10:49:39
1656413382209311000,529.0,1,528.0,3,529.0,2,1,2022-06-28 10:49:42
1656413384787551000,529.0,1,528.0,3,529.0,10,1,2022-06-28 10:49:44
1656413385422804000,529.0,1,528.0,3,529.0,9,1,2022-06-28 10:49:45
1656413410403374000,529.0,1,528.0,3,529.0,9,1,2022-06-28 10:50:10
1656413415467789000,528.0,1,528.0,2,529.0,9,2,2022-06-28 10:50:15
1656413432892232000,528.0,1,528.0,2,529.0,10,2,2022-06-28 10:50:32
1656413435972450000,528.0,1,528.0,2,529.0,10,2,2022-06-28 10:50:35
1656413447099908000,528.0,1,528.0,1,529.0,11,2,2022-06-28 10:50:47
1656413485340597000,529.0,6,528.0,4,529.0,5,1,2022-06-28 10:51:25
1656413485363489000,529.0,5,528.0,4,530.0,54,1,2022-06-28 10:51:25
1656413489435441000,529.0,1,528.0,3,530.0,50,1,2022-06-28 10:51:29
1656413489435441000,530.0,4,528.0,3,530.0,50,1,2022-06-28 10:51:29
1656413489509850000,530.0,1,528.0,3,530.0,49,1,2022-06-28 10:51:29
1656413494588265000,530.0,1,528.0,4,530.0,48,1,2022-06-28 10:51:34
1656413495069205000,530.0,1,528.0,5,530.0,47,1,2022-06-28 10:51:35
1656413498208893000,529.0,1,528.0,5,529.0,3,2,2022-06-28 10:51:38
1656413505299625000,529.0,1,528.0,6,529.0,7,1,2022-06-28 10:51:45
1656413507088989000,528.0,1,528.0,5,529.0,7,2,2022-06-28 10:51:47
1656413512801726000,529.0,1,528.0,15,529.0,7,1,2022-06-28 10:51:52
1656413515733202000,529.0,1,528.0,26,529.0,6,1,2022-06-28 10:51:55
1656413516297440000,529.0,1,528.0,25,529.0,5,1,2022-06-28 10:51:56
1656413518666910000,528.0,1,528.0,25,529.0,5,2,2022-06-28 10:51:58
1656413519534861000,529.0,1,528.0,25,529.0,4,1,2022-06-28 10:51:59
1656413521576286000,529.0,4,528.0,26,530.0,48,1,2022-06-28 10:52:01
1656413521746211000,530.0,1,528.0,26,530.0,48,1,2022-06-28 10:52:01
1656413522400271000,529.0,1,528.0,26,530.0,47,1,2022-06-28 10:52:02
1656413525253084000,529.0,1,528.0,26,529.0,9,1,2022-06-28 10:52:05
1656413525528979000,529.0,1,528.0,26,529.0,8,1,2022-06-28 10:52:05
1656413539680517000,529.0,1,528.0,27,529.0,9,1,2022-06-28 10:52:19
1656413547192157000,529.0,1,528.0,37,529.0,9,1,2022-06-28 10:52:27
1656413559654705000,529.0,1,528.0,37,529.0,8,1,2022-06-28 10:52:39
1656413560859250000,529.0,9,529.0,14,530.0,49,1,2022-06-28 10:52:40
1656413560919078000,530.0,18,529.0,14,530.0,31,1,2022-06-28 10:52:40
1656413560954554000,530.0,4,529.0,14,530.0,27,1,2022-06-28 10:52:40
1656413560955019000,530.0,5,529.0,14,530.0,22,1,2022-06-28 10:52:40
1656413560955172000,530.0,4,529.0,14,530.0,49,1,2022-06-28 10:52:40
1656413562456883000,530.0,1,529.0,14,530.0,17,1,2022-06-28 10:52:42
1656413564783688000,530.0,6,529.0,14,530.0,12,1,2022-06-28 10:52:44
1656413565561574000,530.0,1,529.0,14,530.0,11,1,2022-06-28 10:52:45
1656413565947079000,530.0,1,529.0,14,530.0,10,1,2022-06-28 10:52:45
1656413566444935000,530.0,2,529.0,14,530.0,8,1,2022-06-28 10:52:46
1656413566651994000,530.0,5,529.0,14,530.0,3,1,2022-06-28 10:52:46
1656413566688148000,530.0,2,529.0,14,530.0,1,1,2022-06-28 10:52:46
1656413566773040000,531.0,4,530.0,1,531.0,2,1,2022-06-28 10:52:46
1656413568624963000,530.0,1,530.0,4,531.0,3,2,2022-06-28 10:52:48
1656413572185300000,530.0,1,530.0,5,531.0,3,2,2022-06-28 10:52:52
1656413572241054000,530.0,5,529.0,20,531.0,3,2,2022-06-28 10:52:52
1656413575585706000,531.0,1,529.0,40,531.0,3,1,2022-06-28 10:52:55
1656413575770521000,531.0,2,529.0,40,531.0,1,1,2022-06-28 10:52:55
1656413577367681000,531.0,1,529.0,1,531.0,1,1,2022-06-28 10:52:57
1656413580737532000,531.0,1,529.0,2,532.0,12,1,2022-06-28 10:53:00
1656413587458610000,531.0,1,530.0,2,531.0,1,1,2022-06-28 10:53:07
1656413590220120000,530.0,2,529.0,4,530.0,8,2,2022-06-28 10:53:10
1656413591259948000,530.0,1,529.0,3,530.0,8,1,2022-06-28 10:53:11
1656413599119150000,529.0,2,529.0,1,530.0,9,2,2022-06-28 10:53:19
1656413600217489000,529.0,1,528.0,7,530.0,9,2,2022-06-28 10:53:20
1656413601453206000,529.0,1,528.0,7,530.0,9,2,2022-06-28 10:53:21
1656413606286486000,529.0,1,528.0,8,530.0,8,2,2022-06-28 10:53:26
1656413633408779000,530.0,1,529.0,5,530.0,9,1,2022-06-28 10:53:53
1656413684883227000,529.0,4,528.0,12,529.0,1,2,2022-06-28 10:54:44
1656413706748490000,528.0,10,527.0,8,529.0,14,2,2022-06-28 10:55:06
1656413706760464000,527.0,1,527.0,7,529.0,14,2,2022-06-28 10:55:06
1656413739516351000,527.0,1,527.0,6,528.0,5,2,2022-06-28 10:55:39
1656413744990544000,527.0,6,526.0,5,528.0,5,2,2022-06-28 10:55:44
1656413760722457000,527.0,1,526.0,4,527.0,1,1,2022-06-28 10:56:00
1656413773243744000,526.0,4,525.0,4,527.0,3,2,2022-06-28 10:56:13
1656413781637023000,525.0,1,525.0,3,526.0,1,2,2022-06-28 10:56:21
1656413781637065000,525.0,1,525.0,2,526.0,1,2,2022-06-28 10:56:21
1656413781678181000,525.0,2,524.0,8,526.0,2,2,2022-06-28 10:56:21
1656413794563685000,525.0,1,524.0,6,525.0,2,1,2022-06-28 10:56:34
1656413807352893000,524.0,1,524.0,7,525.0,6,2,2022-06-28 10:56:47
1656413810068675000,524.0,1,524.0,6,525.0,5,2,2022-06-28 10:56:50
1656413815826319000,524.0,1,524.0,5,525.0,5,2,2022-06-28 10:56:55
1656413816490718000,524.0,2,524.0,3,525.0,5,2,2022-06-28 10:56:56
1656413843888678000,524.0,1,524.0,3,525.0,6,2,2022-06-28 10:57:23
1656413846046209000,524.0,1,524.0,2,525.0,6,2,2022-06-28 10:57:26
1656413847150412000,525.0,2,524.0,2,525.0,4,1,2022-06-28 10:57:27
1656413847535911000,524.0,2,523.0,5,525.0,4,2,2022-06-28 10:57:27
1656413850958375000,523.0,1,523.0,4,525.0,5,2,2022-06-28 10:57:30
1656413864781523000,524.0,8,524.0,2,525.0,46,1,2022-06-28 10:57:44
1656413864816883000,524.0,2,523.0,3,525.0,46,2,2022-06-28 10:57:44
1656413870036529000,524.0,1,523.0,3,525.0,7,2,2022-06-28 10:57:50
1656413870076842000,523.0,1,523.0,2,525.0,6,2,2022-06-28 10:57:50
1656413870080109000,523.0,1,523.0,1,525.0,5,2,2022-06-28 10:57:50
1656413871441176000,525.0,2,523.0,1,525.0,4,1,2022-06-28 10:57:51
1656413884322210000,525.0,3,524.0,16,526.0,2,1,2022-06-28 10:58:04
1656413889722102000,525.0,1,524.0,20,525.0,4,1,2022-06-28 10:58:09
1656413890947551000,525.0,1,524.0,17,525.0,5,1,2022-06-28 10:58:10
1656413894250646000,525.0,1,524.0,17,525.0,4,1,2022-06-28 10:58:14
1656413897222199000,525.0,2,524.0,17,525.0,3,1,2022-06-28 10:58:17
1656413899369926000,525.0,1,524.0,16,525.0,2,1,2022-06-28 10:58:19
1656413899695203000,525.0,1,524.0,16,525.0,3,1,2022-06-28 10:58:19
1656413904761756000,525.0,1,524.0,16,525.0,1,1,2022-06-28 10:58:24
1656413914216179000,525.0,1,525.0,2,527.0,2,2,2022-06-28 10:58:34
1656413917567624000,527.0,1,525.0,2,527.0,1,1,2022-06-28 10:58:37
1656413936418956000,527.0,1,525.0,5,528.0,2,1,2022-06-28 10:58:56
1656414006198171000,527.0,1,525.0,9,527.0,1,1,2022-06-28 11:00:06
1656414020080802000,526.0,1,526.0,1,527.0,2,2,2022-06-28 11:00:20
1656414020085519000,526.0,1,525.0,10,527.0,2,2,2022-06-28 11:00:20
1656414063524650000,527.0,1,525.0,8,527.0,1,1,2022-06-28 11:01:03
1656414139822286000,526.0,1,525.0,12,526.0,4,1,2022-06-28 11:02:19
1656414170204261000,525.0,1,525.0,11,526.0,4,2,2022-06-28 11:02:50
1656414177081357000,526.0,2,525.0,11,526.0,2,1,2022-06-28 11:02:57
1656414182359257000,526.0,2,525.0,11,528.0,4,1,2022-06-28 11:03:02
1656414256357642000,528.0,1,526.0,24,528.0,3,1,2022-06-28 11:04:16
1656414326263919000,528.0,1,527.0,20,528.0,3,1,2022-06-28 11:05:26
1656414332602159000,528.0,1,527.0,20,528.0,4,1,2022-06-28 11:05:32
1656414347284711000,527.0,1,527.0,20,528.0,5,2,2022-06-28 11:05:47
1656414418586005000,527.0,1,526.0,23,527.0,4,2,2022-06-28 11:06:58
1656414434601543000,527.0,5,526.0,23,527.0,4,1,2022-06-28 11:07:14
1656414443890821000,526.0,1,526.0,22,527.0,3,2,2022-06-28 11:07:23
1656414447366406000,527.0,3,527.0,5,528.0,2,1,2022-06-28 11:07:27
1656414451281350000,528.0,1,527.0,25,528.0,1,1,2022-06-28 11:07:31
1656414453584623000,528.0,1,528.0,2,529.0,7,1,2022-06-28 11:07:33
1656414525284085000,528.0,4,528.0,18,529.0,11,2,2022-06-28 11:08:45
1656414526956676000,528.0,1,526.0,21,529.0,11,2,2022-06-28 11:08:46
1656414534006632000,528.0,1,526.0,2,528.0,1,1,2022-06-28 11:08:54
1656414542982294000,528.0,1,526.0,2,529.0,11,1,2022-06-28 11:09:02
1656414570412355000,528.0,1,526.0,2,528.0,6,1,2022-06-28 11:09:30
1656414601708903000,527.0,1,526.0,2,527.0,1,1,2022-06-28 11:10:01
1656414625082677000,526.0,2,525.0,9,527.0,7,2,2022-06-28 11:10:25
1656414667840781000,526.0,1,525.0,6,527.0,8,2,2022-06-28 11:11:07
1656414668591959000,526.0,1,525.0,6,526.0,1,1,2022-06-28 11:11:08
1656414668974370000,526.0,1,525.0,6,527.0,3,2,2022-06-28 11:11:08
1656414721308926000,527.0,1,525.0,8,527.0,10,1,2022-06-28 11:12:01
1656414870717175000,526.0,1,525.0,9,526.0,1,1,2022-06-28 11:14:30
1656414870717808000,526.0,1,525.0,9,527.0,5,1,2022-06-28 11:14:30
1656414882769846000,526.0,1,525.0,8,527.0,6,2,2022-06-28 11:14:42
1656415005727702000,526.0,1,525.0,9,526.0,2,1,2022-06-28 11:16:45
1656415107243357000,526.0,1,525.0,10,526.0,3,1,2022-06-28 11:18:27
1656415122281361000,525.0,2,525.0,7,526.0,4,2,2022-06-28 11:18:42
1656415125878806000,525.0,1,525.0,6,526.0,4,2,2022-06-28 11:18:45
1656415125911248000,525.0,1,525.0,5,526.0,4,2,2022-06-28 11:18:45
1656415125934798000,525.0,5,524.0,11,526.0,4,2,2022-06-28 11:18:45
1656415129615969000,524.0,2,524.0,9,526.0,5,2,2022-06-28 11:18:49
1656415130359688000,524.0,1,524.0,8,526.0,5,2,2022-06-28 11:18:50
1656415130879125000,524.0,2,524.0,6,526.0,5,2,2022-06-28 11:18:50
1656415138377621000,526.0,1,524.0,6,526.0,4,1,2022-06-28 11:18:58
1656415222587491000,525.0,1,524.0,6,525.0,5,1,2022-06-28 11:20:22
1656415259400003000,524.0,1,524.0,5,525.0,6,2,2022-06-28 11:20:59
1656415261001862000,524.0,5,523.0,10,525.0,6,2,2022-06-28 11:21:01
1656415287025124000,523.0,2,523.0,8,524.0,8,2,2022-06-28 11:21:27
1656415296442677000,523.0,4,523.0,3,524.0,7,2,2022-06-28 11:21:36
1656415296475605000,523.0,3,522.0,14,524.0,7,2,2022-06-28 11:21:36
1656415297212153000,522.0,1,522.0,12,523.0,4,2,2022-06-28 11:21:37
1656415301672151000,522.0,3,522.0,9,523.0,4,2,2022-06-28 11:21:41
1656415304148037000,522.0,1,522.0,8,523.0,3,2,2022-06-28 11:21:44
1656415306407876000,522.0,3,522.0,5,523.0,3,2,2022-06-28 11:21:46
1656415313746840000,522.0,1,522.0,4,523.0,3,2,2022-06-28 11:21:53
1656415314643555000,522.0,2,522.0,2,523.0,3,2,2022-06-28 11:21:54
1656415317210529000,522.0,1,522.0,1,523.0,3,2,2022-06-28 11:21:57
1656415317589770000,522.0,1,521.0,15,523.0,3,2,2022-06-28 11:21:57
1656415318378156000,522.0,1,522.0,1,523.0,4,2,2022-06-28 11:21:58
1656415318595429000,522.0,1,521.0,15,522.0,2,2,2022-06-28 11:21:58
1656415319977710000,522.0,5,522.0,3,523.0,4,1,2022-06-28 11:21:59
1656415325288708000,522.0,1,522.0,2,523.0,3,2,2022-06-28 11:22:05
1656415325619482000,522.0,1,522.0,1,523.0,3,2,2022-06-28 11:22:05
1656415325642888000,522.0,1,521.0,14,523.0,3,2,2022-06-28 11:22:05
1656415326069069000,523.0,1,522.0,1,523.0,3,1,2022-06-28 11:22:06
1656415326080826000,522.0,1,521.0,16,523.0,3,2,2022-06-28 11:22:06
1656415337378578000,522.0,1,522.0,1,523.0,2,2,2022-06-28 11:22:17
1656415365590290000,522.0,1,522.0,1,523.0,2,2,2022-06-28 11:22:45
1656415388679042000,522.0,1,522.0,3,523.0,2,2,2022-06-28 11:23:08
1656415395027657000,522.0,1,522.0,2,523.0,2,2,2022-06-28 11:23:15
1656415398596912000,522.0,1,522.0,2,523.0,2,2,2022-06-28 11:23:18
1656415399862715000,522.0,1,522.0,1,523.0,2,2,2022-06-28 11:23:19
1656415400168332000,522.0,1,521.0,17,523.0,2,2,2022-06-28 11:23:20
1656415407504517000,523.0,1,522.0,1,523.0,1,1,2022-06-28 11:23:27
1656415426346110000,523.0,1,522.0,3,523.0,2,1,2022-06-28 11:23:46
1656415426697335000,523.0,2,522.0,4,524.0,3,1,2022-06-28 11:23:46
1656415545099328000,523.0,1,523.0,1,524.0,7,2,2022-06-28 11:25:45
1656415545121266000,523.0,1,522.0,5,524.0,7,2,2022-06-28 11:25:45
1656415644729378000,522.0,5,521.0,15,523.0,5,2,2022-06-28 11:27:24
1656415658864772000,522.0,2,521.0,15,523.0,4,1,2022-06-28 11:27:38
1656415676283060000,523.0,1,521.0,15,523.0,2,1,2022-06-28 11:27:56
1656415676297164000,523.0,1,521.0,15,523.0,1,1,2022-06-28 11:27:56
1656415681007610000,524.0,1,522.0,4,524.0,6,1,2022-06-28 11:28:01
1656415686354256000,522.0,2,522.0,4,524.0,6,2,2022-06-28 11:28:06
1656415714458677000,523.0,2,522.0,23,524.0,5,1,2022-06-28 11:28:34
1656415716022313000,522.0,1,522.0,22,524.0,4,2,2022-06-28 11:28:36
1656415730257577000,523.0,1,522.0,24,524.0,3,2,2022-06-28 11:28:50
1656415731983900000,522.0,1,522.0,23,524.0,4,2,2022-06-28 11:28:51
1656415777648388000,522.0,1,522.0,5,523.0,2,2,2022-06-28 11:29:37
1656415874785405000,523.0,1,522.0,23,523.0,4,1,2022-06-28 11:31:14
1656415874822230000,523.0,4,522.0,23,524.0,6,1,2022-06-28 11:31:14
1656415875938664000,524.0,1,522.0,23,524.0,5,1,2022-06-28 11:31:15
1656415881936752000,524.0,1,523.0,1,524.0,4,1,2022-06-28 11:31:21
1656415906161478000,524.0,1,523.0,26,524.0,2,1,2022-06-28 11:31:46
1656415906195510000,524.0,1,523.0,26,524.0,1,1,2022-06-28 11:31:46
1656415945619199000,524.0,1,523.0,26,524.0,1,1,2022-06-28 11:32:25
1656415961865674000,524.0,1,523.0,26,525.0,3,1,2022-06-28 11:32:41
1656416016106126000,525.0,1,524.0,3,525.0,3,1,2022-06-28 11:33:36
1656416020529759000,524.0,1,524.0,2,525.0,3,2,2022-06-28 11:33:40
1656416020556615000,524.0,2,523.0,26,525.0,3,2,2022-06-28 11:33:40
1656416127200368000,524.0,3,523.0,29,525.0,6,2,2022-06-28 11:35:27
1656416137957592000,523.0,1,523.0,28,524.0,3,2,2022-06-28 11:35:37
1656416138017509000,523.0,6,523.0,22,524.0,3,2,2022-06-28 11:35:38
1656416138050781000,523.0,5,523.0,17,524.0,4,2,2022-06-28 11:35:38
1656416138138733000,523.0,6,523.0,11,524.0,3,2,2022-06-28 11:35:38
1656416138206066000,523.0,1,523.0,10,524.0,4,2,2022-06-28 11:35:38
1656416138262548000,523.0,6,523.0,4,524.0,4,2,2022-06-28 11:35:38
1656416138301440000,523.0,4,522.0,24,524.0,4,2,2022-06-28 11:35:38
1656416141745726000,522.0,5,521.0,17,523.0,2,2,2022-06-28 11:35:41
1656416214530761000,522.0,1,521.0,16,522.0,4,1,2022-06-28 11:36:54
1656416224481101000,522.0,1,521.0,16,522.0,3,1,2022-06-28 11:37:04
1656416245972765000,522.0,2,521.0,16,522.0,2,1,2022-06-28 11:37:25
1656416301925952000,522.0,1,521.0,17,522.0,3,1,2022-06-28 11:38:21
1656416327207018000,521.0,1,521.0,16,522.0,4,2,2022-06-28 11:38:47
1656416355713338000,521.0,1,521.0,15,522.0,4,2,2022-06-28 11:39:15
1656416464600386000,521.0,1,521.0,19,522.0,6,2,2022-06-28 11:41:04
1656416464633250000,521.0,6,521.0,13,522.0,6,2,2022-06-28 11:41:04
1656416464674871000,521.0,6,521.0,7,522.0,6,2,2022-06-28 11:41:04
1656416473107346000,521.0,2,521.0,10,522.0,6,2,2022-06-28 11:41:13
1656416479991123000,521.0,1,521.0,9,522.0,6,2,2022-06-28 11:41:19
1656416483661997000,522.0,1,521.0,9,522.0,4,1,2022-06-28 11:41:23
1656416491755803000,522.0,4,521.0,10,523.0,6,1,2022-06-28 11:41:31
1656416493786768000,521.0,5,521.0,6,523.0,4,2,2022-06-28 11:41:33
1656416507876858000,521.0,1,521.0,7,523.0,4,2,2022-06-28 11:41:47
1656416527662932000,523.0,1,521.0,19,523.0,3,1,2022-06-28 11:42:07
1656416558036623000,522.0,1,521.0,20,523.0,4,2,2022-06-28 11:42:38
1656416640987221000,523.0,1,522.0,2,523.0,3,1,2022-06-28 11:44:00
1656416752493127000,523.0,1,522.0,8,523.0,5,1,2022-06-28 11:45:52
1656416817174491000,523.0,1,522.0,10,523.0,4,1,2022-06-28 11:46:57
1656416890363187000,523.0,2,522.0,10,523.0,3,1,2022-06-28 11:48:10
1656416926271365000,523.0,1,522.0,9,523.0,2,1,2022-06-28 11:48:46
1656416933781185000,523.0,1,522.0,9,523.0,1,1,2022-06-28 11:48:53
1656416936151138000,523.0,1,522.0,8,524.0,7,1,2022-06-28 11:48:56
1656417017371145000,524.0,1,523.0,3,524.0,3,1,2022-06-28 11:50:17
1656417021387592000,524.0,1,523.0,3,524.0,2,1,2022-06-28 11:50:21
1656417032548034000,524.0,1,523.0,2,524.0,1,1,2022-06-28 11:50:32
1656417053353012000,524.0,1,523.0,4,525.0,6,1,2022-06-28 11:50:53
1656417065627069000,524.0,1,523.0,5,525.0,9,2,2022-06-28 11:51:05
1656417066414104000,523.0,1,523.0,4,525.0,9,2,2022-06-28 11:51:06
1656417102472269000,523.0,1,523.0,12,525.0,11,2,2022-06-28 11:51:42
1656417148027154000,523.0,6,523.0,5,524.0,4,2,2022-06-28 11:52:28
1656417148068022000,523.0,5,522.0,12,524.0,5,2,2022-06-28 11:52:28
1656417148789002000,522.0,1,522.0,11,524.0,6,2,2022-06-28 11:52:28
1656417153379182000,522.0,10,521.0,20,523.0,8,2,2022-06-28 11:52:33
1656417180566725000,522.0,1,521.0,19,522.0,3,1,2022-06-28 11:53:00
1656417194056068000,522.0,1,521.0,18,522.0,5,1,2022-06-28 11:53:14
1656417202464856000,522.0,1,521.0,19,522.0,5,1,2022-06-28 11:53:22
1656417205350644000,522.0,1,521.0,18,522.0,4,1,2022-06-28 11:53:25
1656417209765403000,522.0,1,521.0,19,522.0,3,1,2022-06-28 11:53:29
1656417242666484000,522.0,1,521.0,19,522.0,1,1,2022-06-28 11:54:02
1656417258150979000,522.0,1,521.0,18,522.0,1,1,2022-06-28 11:54:18
1656417280406083000,521.0,12,521.0,6,522.0,14,2,2022-06-28 11:54:40
1656417280445062000,521.0,3,521.0,3,522.0,14,2,2022-06-28 11:54:40
1656417280445144000,521.0,3,520.0,24,522.0,14,2,2022-06-28 11:54:40
1656417290611380000,522.0,1,520.0,24,522.0,16,1,2022-06-28 11:54:50
1656417293693123000,520.0,1,520.0,23,522.0,16,2,2022-06-28 11:54:53
1656417317374731000,521.0,1,520.0,24,522.0,5,2,2022-06-28 11:55:17
1656417363256682000,521.0,1,520.0,23,522.0,9,1,2022-06-28 11:56:03
1656417402649212000,521.0,1,520.0,24,522.0,8,2,2022-06-28 11:56:42
1656417453200429000,521.0,1,521.0,1,522.0,9,2,2022-06-28 11:57:33
1656417453974245000,521.0,1,520.0,25,522.0,9,2,2022-06-28 11:57:33
1656417466468026000,521.0,1,520.0,25,521.0,1,1,2022-06-28 11:57:46
1656417480601515000,522.0,1,520.0,25,522.0,9,1,2022-06-28 11:58:00
1656417559521005000,522.0,1,521.0,9,522.0,8,1,2022-06-28 11:59:19
1656417601198132000,522.0,1,521.0,10,522.0,9,1,2022-06-28 12:00:01
1656417607753888000,522.0,6,522.0,1,523.0,5,1,2022-06-28 12:00:07
1656417664470828000,522.0,3,521.0,20,523.0,3,2,2022-06-28 12:01:04
1656417681527068000,522.0,1,521.0,20,523.0,3,2,2022-06-28 12:01:21
1656417723013201000,522.0,1,521.0,20,523.0,3,2,2022-06-28 12:02:03
1656417789993740000,522.0,1,521.0,20,522.0,5,1,2022-06-28 12:03:09
1656417829009759000,522.0,1,521.0,20,522.0,6,1,2022-06-28 12:03:49
1656417832919662000,522.0,1,521.0,20,522.0,5,1,2022-06-28 12:03:52
1656417836155864000,522.0,1,521.0,20,522.0,4,1,2022-06-28 12:03:56
1656417850259173000,522.0,4,522.0,1,523.0,3,1,2022-06-28 12:04:10
1656417901887915000,523.0,1,522.0,3,523.0,2,1,2022-06-28 12:05:01
1656417932041925000,523.0,1,522.0,2,523.0,1,1,2022-06-28 12:05:32
1656417933476089000,523.0,1,522.0,2,524.0,8,1,2022-06-28 12:05:33
1656417992837236000,523.0,1,522.0,5,523.0,3,1,2022-06-28 12:06:32
1656418078570256000,523.0,3,523.0,16,524.0,5,1,2022-06-28 12:07:58
1656418097663731000,524.0,1,522.0,12,524.0,2,1,2022-06-28 12:08:17
1656418124143367000,523.0,1,522.0,15,523.0,1,2,2022-06-28 12:08:44
1656418125071769000,523.0,1,522.0,14,524.0,5,1,2022-06-28 12:08:45
1656418129217686000,523.0,1,522.0,14,523.0,2,1,2022-06-28 12:08:49
1656418181429550000,523.0,1,522.0,15,523.0,3,1,2022-06-28 12:09:41
1656418218145736000,523.0,1,522.0,14,523.0,1,1,2022-06-28 12:10:18
1656418231321906000,523.0,1,523.0,1,524.0,6,1,2022-06-28 12:10:31
1656418239291565000,523.0,2,523.0,1,524.0,6,2,2022-06-28 12:10:39
1656418240711329000,523.0,1,522.0,15,523.0,1,2,2022-06-28 12:10:40
1656418307385892000,522.0,1,522.0,17,523.0,6,2,2022-06-28 12:11:47
1656418307424192000,522.0,6,522.0,11,523.0,6,2,2022-06-28 12:11:47
1656418307558613000,522.0,1,522.0,10,523.0,6,2,2022-06-28 12:11:47
1656418366733652000,523.0,1,522.0,10,523.0,6,1,2022-06-28 12:12:46
1656418391373283000,523.0,1,522.0,9,523.0,2,1,2022-06-28 12:13:11
1656418442061127000,523.0,4,522.0,10,524.0,6,1,2022-06-28 12:14:02
1656418485610038000,523.0,1,522.0,10,523.0,4,1,2022-06-28 12:14:45
1656418555624156000,522.0,1,522.0,11,523.0,4,2,2022-06-28 12:15:55
1656418560704724000,523.0,1,522.0,11,523.0,3,1,2022-06-28 12:16:00
1656418580391054000,523.0,1,522.0,11,523.0,2,1,2022-06-28 12:16:20
1656418597099246000,523.0,1,522.0,10,523.0,1,1,2022-06-28 12:16:37
1656418635491333000,523.0,1,522.0,10,523.0,3,1,2022-06-28 12:17:15
1656418655716016000,522.0,6,522.0,4,523.0,5,2,2022-06-28 12:17:35
1656418655745161000,522.0,1,522.0,3,523.0,5,2,2022-06-28 12:17:35
1656418655902008000,522.0,3,521.0,19,523.0,5,2,2022-06-28 12:17:35
