ts,close,volume,bid_price,bid_volume,ask_price,ask_volume,tick_type,datetime
1656406927228460000,57.2,264,57.2,4,57.3,11,1,2022-06-28 09:02:07
1656406927660004000,57.3,2,57.2,4,57.3,9,1,2022-06-28 09:02:07
1656406927772381000,57.2,4,57.0,11,57.3,9,2,2022-06-28 09:02:07
1656406927772381000,57.1,4,57.0,11,57.3,9,2,2022-06-28 09:02:07
1656406927985116000,57.0,3,57.0,8,57.2,1,2,2022-06-28 09:02:07
1656406927998356000,57.0,8,56.8,9,57.2,1,2,2022-06-28 09:02:07
1656406927998356000,56.9,6,56.8,9,57.2,1,2,2022-06-28 09:02:07
1656406927998356000,56.8,6,56.8,9,57.2,1,2,2022-06-28 09:02:07
1656406929292910000,56.8,1,56.8,8,56.9,35,2,2022-06-28 09:02:09
1656406929293293000,56.8,8,56.7,8,56.9,35,2,2022-06-28 09:02:09
1656406929520794000,56.7,3,56.7,5,56.8,1,2,2022-06-28 09:02:09
1656406929710708000,56.8,1,56.7,5,56.9,36,1,2022-06-28 09:02:09
1656406930056853000,56.7,5,56.5,6,56.8,1,2,2022-06-28 09:02:10
1656406930056853000,56.5,3,56.5,6,56.8,1,2,2022-06-28 09:02:10
1656406930444514000,56.5,6,56.2,13,56.8,6,2,2022-06-28 09:02:10
1656406930694763000,56.2,1,56.2,12,56.7,3,2,2022-06-28 09:02:10
1656406931403496000,56.5,3,56.2,12,56.6,4,1,2022-06-28 09:02:11
1656406932162088000,56.3,1,56.3,2,56.6,4,2,2022-06-28 09:02:12
1656406932436947000,56.6,1,56.3,2,56.6,3,1,2022-06-28 09:02:12
1656406934397460000,56.5,1,56.3,2,56.6,4,2,2022-06-28 09:02:14
1656406935913152000,56.5,1,56.3,2,56.6,4,1,2022-06-28 09:02:15
1656406937196716000,56.4,3,56.3,2,56.4,20,1,2022-06-28 09:02:17
1656406937371761000,56.3,1,56.3,1,56.4,20,2,2022-06-28 09:02:17
1656406937890610000,56.4,1,56.3,1,56.4,19,1,2022-06-28 09:02:17
1656406938164790000,56.3,1,56.2,11,56.4,19,2,2022-06-28 09:02:18
1656406938424350000,56.2,2,56.2,11,56.4,19,2,2022-06-28 09:02:18
1656406938547694000,56.4,4,56.2,9,56.4,15,1,2022-06-28 09:02:18
1656406938793443000,56.2,1,56.2,8,56.3,2,2,2022-06-28 09:02:18
1656406938826228000,56.2,1,56.2,7,56.3,2,2,2022-06-28 09:02:18
1656406938873870000,56.3,2,56.2,7,56.4,5,1,2022-06-28 09:02:18
1656406938873870000,56.4,10,56.2,7,56.4,5,1,2022-06-28 09:02:18
1656406938955376000,56.3,1,56.2,7,56.4,6,1,2022-06-28 09:02:18
1656406939854329000,56.4,1,56.2,7,56.4,5,1,2022-06-28 09:02:19
1656406939889773000,56.4,5,56.2,7,56.5,20,1,2022-06-28 09:02:19
1656406940180677000,56.4,1,56.3,2,56.5,20,1,2022-06-28 09:02:20
1656406941165367000,56.3,1,56.3,1,56.5,40,2,2022-06-28 09:02:21
1656406941377495000,56.4,1,56.2,7,56.5,42,2,2022-06-28 09:02:21
1656406941969964000,56.5,1,56.2,7,56.5,42,1,2022-06-28 09:02:21
1656406942231296000,56.2,2,56.2,5,56.5,42,2,2022-06-28 09:02:22
1656406942243256000,56.5,4,56.2,5,56.5,38,1,2022-06-28 09:02:22
1656406942660730000,56.5,5,56.3,2,56.5,33,1,2022-06-28 09:02:22
1656406942767699000,56.3,1,56.3,1,56.5,33,2,2022-06-28 09:02:22
1656406943072014000,56.5,1,56.2,7,56.5,33,1,2022-06-28 09:02:23
1656406943793449000,56.4,1,56.1,13,56.5,32,2,2022-06-28 09:02:23
1656406943793449000,56.3,1,56.1,13,56.5,32,2,2022-06-28 09:02:23
1656406943793449000,56.2,7,56.1,13,56.5,32,2,2022-06-28 09:02:23
1656406943793449000,56.1,3,56.1,13,56.5,32,2,2022-06-28 09:02:23
1656406944581137000,56.2,5,56.1,13,56.4,11,1,2022-06-28 09:02:24
1656406945021206000,56.3,2,56.3,3,56.4,11,1,2022-06-28 09:02:25
1656406945257259000,56.4,1,56.3,4,56.4,10,1,2022-06-28 09:02:25
1656406945293386000,56.3,1,56.3,3,56.4,10,2,2022-06-28 09:02:25
1656406945332585000,56.3,1,56.3,2,56.4,10,2,2022-06-28 09:02:25
1656406945392031000,56.4,1,56.3,2,56.4,9,1,2022-06-28 09:02:25
1656406945525958000,56.4,1,56.3,4,56.4,8,1,2022-06-28 09:02:25
1656406946393203000,56.3,1,56.3,4,56.4,12,2,2022-06-28 09:02:26
1656406946747786000,56.3,1,56.3,2,56.4,12,2,2022-06-28 09:02:26
1656406946835719000,56.3,2,56.2,5,56.4,12,2,2022-06-28 09:02:26
1656406946942632000,56.3,1,56.2,5,56.3,1,1,2022-06-28 09:02:26
1656406949284813000,56.3,2,56.3,3,56.4,13,2,2022-06-28 09:02:29
1656406949381119000,56.3,1,56.3,2,56.4,13,2,2022-06-28 09:02:29
1656406949408664000,56.3,2,56.2,6,56.4,13,2,2022-06-28 09:02:29
1656406949649194000,56.3,1,56.2,6,56.3,1,2,2022-06-28 09:02:29
1656406949755734000,56.2,1,56.2,5,56.3,1,2,2022-06-28 09:02:29
1656406950051254000,56.3,1,56.2,7,56.3,1,1,2022-06-28 09:02:30
1656406951010881000,56.2,7,56.1,17,56.3,2,2,2022-06-28 09:02:31
1656406951010881000,56.1,3,56.1,17,56.3,2,2,2022-06-28 09:02:31
1656406951081125000,56.1,1,56.1,16,56.2,1,2,2022-06-28 09:02:31
1656406951371468000,56.2,3,56.1,16,56.2,1,1,2022-06-28 09:02:31
1656406951378836000,56.2,1,56.2,1,56.3,2,1,2022-06-28 09:02:31
1656406951469023000,56.3,2,56.2,1,56.4,14,1,2022-06-28 09:02:31
1656406951957953000,56.2,1,56.2,1,56.3,3,2,2022-06-28 09:02:31
1656406951957953000,56.1,4,56.2,1,56.3,3,2,2022-06-28 09:02:31
1656406952119308000,56.3,1,56.1,12,56.3,4,1,2022-06-28 09:02:32
1656406952745241000,56.3,1,56.1,12,56.3,2,1,2022-06-28 09:02:32
1656406953543261000,56.3,1,56.1,13,56.3,1,1,2022-06-28 09:02:33
1656406953565610000,56.3,1,56.2,1,56.4,14,1,2022-06-28 09:02:33
1656406955676851000,56.2,1,56.2,1,56.3,1,2,2022-06-28 09:02:35
1656406956393973000,56.3,1,56.2,1,56.3,2,1,2022-06-28 09:02:36
1656406956406248000,56.3,1,56.2,1,56.3,1,1,2022-06-28 09:02:36
1656406957001153000,56.3,1,56.3,1,56.4,14,1,2022-06-28 09:02:37
1656406957028651000,56.3,1,56.2,1,56.4,14,2,2022-06-28 09:02:37
1656406958323915000,56.2,1,56.1,13,56.2,1,2,2022-06-28 09:02:38
1656406958351918000,56.2,1,56.1,13,56.4,14,1,2022-06-28 09:02:38
1656406958392987000,56.1,10,56.1,3,56.4,14,2,2022-06-28 09:02:38
1656406958423942000,56.1,2,56.1,1,56.4,14,2,2022-06-28 09:02:38
1656406959077297000,56.3,1,56.1,1,56.3,1,1,2022-06-28 09:02:39
1656406959910289000,56.3,2,56.1,1,56.4,14,2,2022-06-28 09:02:39
1656406961781637000,56.2,1,56.1,3,56.3,11,1,2022-06-28 09:02:41
1656406962222270000,56.2,3,56.2,5,56.3,11,2,2022-06-28 09:02:42
1656406963026775000,56.2,1,56.2,1,56.3,11,2,2022-06-28 09:02:43
1656406963560983000,56.3,1,56.2,1,56.3,10,1,2022-06-28 09:02:43
1656406963863083000,56.2,1,56.1,3,56.2,3,2,2022-06-28 09:02:43
1656406966153274000,56.1,1,56.1,1,56.2,6,2,2022-06-28 09:02:46
1656406966183346000,56.1,1,56.0,26,56.1,1,2,2022-06-28 09:02:46
1656406966198070000,56.0,1,56.0,25,56.1,1,2,2022-06-28 09:02:46
1656406966488233000,56.2,6,56.1,1,56.3,6,1,2022-06-28 09:02:46
1656406966488233000,56.3,4,56.1,1,56.3,6,1,2022-06-28 09:02:46
1656406967202711000,56.2,2,56.1,1,56.3,7,1,2022-06-28 09:02:47
1656406971819822000,56.2,1,56.2,9,56.3,10,2,2022-06-28 09:02:51
1656406973691325000,56.2,1,56.2,9,56.3,15,2,2022-06-28 09:02:53
1656406974794242000,56.2,1,56.2,8,56.3,15,2,2022-06-28 09:02:54
1656406975364783000,56.3,1,56.2,8,56.3,14,1,2022-06-28 09:02:55
1656406975667694000,56.2,1,56.2,7,56.3,14,2,2022-06-28 09:02:55
1656406979336204000,56.3,2,56.2,9,56.3,15,1,2022-06-28 09:02:59
1656406981192211000,56.3,1,56.2,11,56.3,14,1,2022-06-28 09:03:01
1656406981480134000,56.2,7,56.2,4,56.3,15,2,2022-06-28 09:03:01
1656406981748307000,56.3,5,56.2,4,56.3,10,1,2022-06-28 09:03:01
1656406982383871000,56.2,1,56.2,3,56.3,10,2,2022-06-28 09:03:02
1656406983813173000,56.2,3,56.2,2,56.3,10,2,2022-06-28 09:03:03
1656406983872502000,56.2,2,56.2,2,56.3,11,2,2022-06-28 09:03:03
1656406984108711000,56.2,1,56.1,9,56.2,1,2,2022-06-28 09:03:04
1656406984577653000,56.2,1,56.1,9,56.3,11,1,2022-06-28 09:03:04
1656406986002790000,56.2,2,56.0,39,56.1,9,2,2022-06-28 09:03:06
1656406986002790000,56.1,9,56.0,39,56.1,9,2,2022-06-28 09:03:06
1656406986035090000,56.0,1,56.0,38,56.1,11,2,2022-06-28 09:03:06
1656406986044884000,56.0,1,56.0,37,56.1,11,2,2022-06-28 09:03:06
1656406986275114000,56.1,10,56.0,37,56.1,1,1,2022-06-28 09:03:06
1656406986304023000,56.0,1,56.0,36,56.1,2,2,2022-06-28 09:03:06
1656406986308877000,56.0,1,56.0,36,56.1,5,2,2022-06-28 09:03:06
1656406986689503000,56.0,20,56.0,15,56.1,5,2,2022-06-28 09:03:06
1656406986722147000,56.0,5,56.0,10,56.1,5,2,2022-06-28 09:03:06
1656406986722224000,56.0,10,55.8,7,56.1,5,2,2022-06-28 09:03:06
1656406987452381000,56.0,1,55.8,8,56.0,21,1,2022-06-28 09:03:07
1656406987995745000,55.8,2,55.8,6,55.9,4,2,2022-06-28 09:03:07
1656406988036577000,55.8,6,55.7,29,55.9,7,2,2022-06-28 09:03:08
1656406989284133000,55.8,3,55.7,29,55.9,4,1,2022-06-28 09:03:09
1656406989284133000,55.9,2,55.7,29,55.9,4,1,2022-06-28 09:03:09
1656406989701986000,55.9,1,55.7,28,55.9,7,1,2022-06-28 09:03:09
1656406991482814000,55.9,1,55.7,28,55.9,5,1,2022-06-28 09:03:11
1656406994177349000,55.8,1,55.7,30,55.8,3,1,2022-06-28 09:03:14
1656406994201865000,55.7,1,55.7,29,55.8,3,2,2022-06-28 09:03:14
1656406994233338000,55.7,1,55.7,28,55.8,3,2,2022-06-28 09:03:14
1656406994269350000,55.7,3,55.7,25,55.8,3,2,2022-06-28 09:03:14
1656406994306304000,55.7,4,55.7,21,55.8,3,2,2022-06-28 09:03:14
1656406994320358000,55.7,2,55.7,19,55.8,3,2,2022-06-28 09:03:14
1656406994349105000,55.7,16,55.7,3,55.8,3,2,2022-06-28 09:03:14
1656406994383692000,55.7,3,55.5,2,55.8,4,2,2022-06-28 09:03:14
1656406994986723000,55.5,3,55.4,3,55.7,5,2,2022-06-28 09:03:14
1656406995528950000,55.6,1,55.6,4,55.7,9,2,2022-06-28 09:03:15
1656406995559515000,55.6,2,55.6,2,55.7,9,2,2022-06-28 09:03:15
1656406995590593000,55.6,2,55.4,3,55.7,9,2,2022-06-28 09:03:15
1656406995809008000,55.4,3,55.4,3,55.7,10,2,2022-06-28 09:03:15
1656406997033321000,55.2,2,55.1,2,55.2,1,2,2022-06-28 09:03:17
1656406997065736000,55.2,1,55.1,2,55.5,3,1,2022-06-28 09:03:17
1656406997211874000,55.3,2,55.2,1,55.3,1,1,2022-06-28 09:03:17
1656406997233258000,55.3,1,55.2,2,55.5,1,1,2022-06-28 09:03:17
1656406997930396000,55.4,5,55.0,14,55.5,1,2,2022-06-28 09:03:17
1656406997930396000,55.2,2,55.0,14,55.5,1,2,2022-06-28 09:03:17
1656407123673134000,55.1,79,55.1,26,55.2,10,2,2022-06-28 09:05:23
1656407123706872000,55.2,5,55.1,26,55.2,5,1,2022-06-28 09:05:23
1656407123706918000,55.2,5,55.1,26,55.3,2,1,2022-06-28 09:05:23
1656407123739835000,55.2,1,55.1,26,55.3,2,1,2022-06-28 09:05:23
1656407123943178000,55.1,5,55.1,21,55.3,4,2,2022-06-28 09:05:23
1656407124013052000,55.1,7,55.1,14,55.3,4,2,2022-06-28 09:05:24
1656407124024172000,55.1,5,55.1,9,55.3,4,2,2022-06-28 09:05:24
1656407124046935000,55.1,5,55.1,4,55.3,4,2,2022-06-28 09:05:24
1656407124476665000,55.1,4,55.0,42,55.3,4,2,2022-06-28 09:05:24
1656407124476665000,55.0,1,55.0,42,55.3,4,2,2022-06-28 09:05:24
1656407124871817000,55.0,2,55.0,47,55.2,2,2,2022-06-28 09:05:24
1656407126995970000,55.1,1,55.0,45,55.2,2,1,2022-06-28 09:05:26
1656407130095422000,55.1,1,55.1,4,55.3,10,2,2022-06-28 09:05:30
1656407131169414000,55.1,3,55.0,45,55.3,10,2,2022-06-28 09:05:31
1656407132037651000,55.0,1,55.0,44,55.3,10,2,2022-06-28 09:05:32
1656407136130796000,55.1,1,55.1,11,55.3,10,2,2022-06-28 09:05:36
1656407137710591000,55.1,1,55.1,21,55.3,10,2,2022-06-28 09:05:37
1656407138436938000,55.1,1,55.1,19,55.3,10,2,2022-06-28 09:05:38
1656407139060027000,55.1,10,55.1,9,55.3,10,2,2022-06-28 09:05:39
1656407142776078000,55.3,10,55.1,9,55.4,6,1,2022-06-28 09:05:42
1656407143089667000,55.1,1,55.1,8,55.4,13,2,2022-06-28 09:05:43
1656407143925035000,55.2,3,55.1,1,55.4,19,2,2022-06-28 09:05:43
1656407143925035000,55.1,7,55.1,1,55.4,19,2,2022-06-28 09:05:43
1656407144618177000,55.1,1,55.0,49,55.3,5,2,2022-06-28 09:05:44
1656407146541476000,55.1,3,55.0,48,55.3,5,2,2022-06-28 09:05:46
1656407148414132000,55.1,1,55.1,4,55.3,8,2,2022-06-28 09:05:48
1656407149670372000,55.1,1,55.1,3,55.2,4,2,2022-06-28 09:05:49
1656407149898319000,55.2,1,55.1,3,55.2,3,1,2022-06-28 09:05:49
1656407151245465000,55.1,2,55.1,4,55.2,3,2,2022-06-28 09:05:51
1656407151844272000,55.1,1,55.1,3,55.2,3,2,2022-06-28 09:05:51
1656407152258932000,55.1,3,55.0,51,55.2,6,2,2022-06-28 09:05:52
1656407154165480000,55.0,6,55.0,51,55.1,5,2,2022-06-28 09:05:54
1656407154362958000,55.1,1,55.0,45,55.1,4,1,2022-06-28 09:05:54
1656407154929355000,55.1,1,55.0,45,55.1,3,1,2022-06-28 09:05:54
1656407155028399000,55.0,1,55.0,44,55.1,3,2,2022-06-28 09:05:55
1656407156115730000,55.0,10,55.0,34,55.1,3,2,2022-06-28 09:05:56
1656407156979032000,55.0,10,55.0,26,55.1,3,2,2022-06-28 09:05:56
1656407157005163000,55.0,4,55.0,22,55.1,3,2,2022-06-28 09:05:57
1656407157033431000,55.1,1,55.0,22,55.1,5,1,2022-06-28 09:05:57
1656407157332367000,55.1,1,55.0,22,55.1,3,1,2022-06-28 09:05:57
1656407157726318000,55.1,1,55.0,22,55.1,2,1,2022-06-28 09:05:57
1656407157726707000,55.0,2,55.0,20,55.1,2,2,2022-06-28 09:05:57
1656407157758631000,55.0,1,55.0,20,55.1,2,2,2022-06-28 09:05:57
1656407157764915000,55.0,1,55.0,19,55.1,2,2,2022-06-28 09:05:57
1656407157984837000,55.0,5,55.0,14,55.1,3,2,2022-06-28 09:05:57
1656407158018448000,55.0,4,55.0,10,55.1,3,2,2022-06-28 09:05:58
1656407158702017000,55.0,10,55.0,10,55.1,3,2,2022-06-28 09:05:58
1656407158726920000,55.0,5,55.0,5,55.1,3,2,2022-06-28 09:05:58
1656407158757063000,55.0,1,55.0,4,55.1,3,2,2022-06-28 09:05:58
1656407158780783000,55.0,1,55.0,3,55.1,3,2,2022-06-28 09:05:58
1656407158821829000,55.0,3,54.9,6,55.1,3,2,2022-06-28 09:05:58
1656407159659732000,54.9,2,54.9,4,55.0,14,2,2022-06-28 09:05:59
1656407159677125000,54.9,2,54.9,2,55.0,14,2,2022-06-28 09:05:59
1656407159701702000,54.9,1,54.9,6,55.0,14,2,2022-06-28 09:05:59
1656407160065089000,54.9,1,54.8,12,54.9,1,2,2022-06-28 09:06:00
1656407160237181000,54.8,6,54.8,6,54.9,3,2,2022-06-28 09:06:00
1656407160261886000,54.8,1,54.8,6,54.9,6,2,2022-06-28 09:06:00
1656407160558853000,54.9,1,54.8,5,54.9,5,1,2022-06-28 09:06:00
1656407160582046000,54.8,4,54.8,1,54.9,5,2,2022-06-28 09:06:00
1656407160606390000,54.8,1,54.7,5,54.9,5,2,2022-06-28 09:06:00
1656407161662145000,54.7,5,54.5,16,54.9,8,2,2022-06-28 09:06:01
1656407161662145000,54.6,1,54.5,16,54.9,8,2,2022-06-28 09:06:01
1656407161662145000,54.5,4,54.5,16,54.9,8,2,2022-06-28 09:06:01
1656407164844546000,54.7,1,54.7,3,54.8,5,2,2022-06-28 09:06:04
1656407165814034000,54.8,1,54.7,3,54.8,4,1,2022-06-28 09:06:05
1656407166753696000,54.7,3,54.5,18,54.8,4,2,2022-06-28 09:06:06
1656407166753696000,54.5,7,54.5,18,54.8,4,2,2022-06-28 09:06:06
1656407167153575000,54.5,1,54.5,18,54.8,11,2,2022-06-28 09:06:07
1656407169124709000,54.5,1,54.5,16,54.7,1,2,2022-06-28 09:06:09
1656407169801608000,54.6,1,54.5,16,54.7,1,2,2022-06-28 09:06:09
1656407172199559000,54.6,1,54.6,2,54.7,4,2,2022-06-28 09:06:12
1656407173958532000,54.6,1,54.6,2,54.7,7,2,2022-06-28 09:06:13
1656407173984771000,54.6,2,54.5,14,54.7,7,2,2022-06-28 09:06:13
1656407174244126000,54.5,1,54.5,14,54.6,1,2,2022-06-28 09:06:14
1656407174324657000,54.5,1,54.5,12,54.6,1,2,2022-06-28 09:06:14
1656407174480987000,54.6,1,54.6,1,54.7,9,1,2022-06-28 09:06:14
1656407174819218000,54.6,1,54.5,12,54.7,9,2,2022-06-28 09:06:14
1656407175641911000,54.5,1,54.5,11,54.7,9,2,2022-06-28 09:06:15
1656407177780178000,54.6,2,54.6,1,54.7,10,2,2022-06-28 09:06:17
1656407178411275000,54.6,1,54.5,11,54.7,10,2,2022-06-28 09:06:18
1656407178658377000,54.5,6,54.5,5,54.6,1,2,2022-06-28 09:06:18
1656407178679820000,54.6,1,54.5,5,54.7,9,1,2022-06-28 09:06:18
1656407179517152000,54.5,1,54.5,4,54.6,1,2,2022-06-28 09:06:19
1656407180666649000,54.5,1,54.5,5,54.6,2,2,2022-06-28 09:06:20
1656407181325739000,54.6,2,54.5,4,54.7,9,1,2022-06-28 09:06:21
1656407181644574000,54.5,1,54.5,3,54.7,9,2,2022-06-28 09:06:21
1656407183027790000,54.6,2,54.6,3,54.7,9,2,2022-06-28 09:06:23
1656407183287266000,54.6,3,54.5,3,54.7,9,2,2022-06-28 09:06:23
1656407185986688000,54.7,5,54.6,4,54.7,6,1,2022-06-28 09:06:25
1656407186247865000,54.6,1,54.6,4,54.7,6,2,2022-06-28 09:06:26
1656407186308686000,54.6,1,54.6,3,54.7,6,2,2022-06-28 09:06:26
1656407188019446000,54.7,5,54.6,6,54.7,1,1,2022-06-28 09:06:28
1656407188054047000,54.7,1,54.6,6,54.8,13,1,2022-06-28 09:06:28
1656407190582628000,54.6,1,54.6,6,54.7,1,2,2022-06-28 09:06:30
1656407192253574000,54.7,1,54.6,6,54.7,2,1,2022-06-28 09:06:32
1656407192432505000,54.6,2,54.6,4,54.7,2,2,2022-06-28 09:06:32
1656407192491424000,54.6,1,54.6,3,54.7,2,2,2022-06-28 09:06:32
1656407193470919000,54.7,1,54.6,3,54.7,1,1,2022-06-28 09:06:33
1656407193594177000,54.7,1,54.6,3,54.8,3,1,2022-06-28 09:06:33
1656407193594177000,54.8,9,54.6,3,54.8,3,1,2022-06-28 09:06:33
1656407193594995000,54.6,1,54.6,2,54.8,3,2,2022-06-28 09:06:33
1656407199884426000,54.7,1,54.7,15,54.8,1,2,2022-06-28 09:06:39
1656407199928893000,54.8,1,54.8,1,54.9,5,1,2022-06-28 09:06:39
1656407200187983000,54.8,1,54.7,14,54.9,5,2,2022-06-28 09:06:40
1656407200187983000,54.7,1,54.7,14,54.9,5,2,2022-06-28 09:06:40
1656407200467728000,54.9,10,54.7,4,54.9,2,1,2022-06-28 09:06:40
1656407200494271000,54.9,2,54.7,4,55.0,9,1,2022-06-28 09:06:40
1656407201260015000,55.0,1,54.7,4,55.0,8,1,2022-06-28 09:06:41
1656407203572230000,54.8,1,54.7,5,55.0,7,2,2022-06-28 09:06:43
1656407203572230000,54.7,1,54.7,5,55.0,7,2,2022-06-28 09:06:43
1656407210204875000,55.0,5,54.7,13,55.0,11,1,2022-06-28 09:06:50
1656407210241338000,55.0,4,54.7,13,55.1,5,1,2022-06-28 09:06:50
1656407211489988000,55.0,1,54.8,1,55.1,5,1,2022-06-28 09:06:51
1656407217600205000,55.0,1,54.8,5,55.0,2,1,2022-06-28 09:06:57
1656407217669668000,55.0,1,54.8,5,55.0,1,1,2022-06-28 09:06:57
1656407217699753000,55.0,1,54.8,5,55.1,8,1,2022-06-28 09:06:57
1656407219202549000,54.8,1,54.8,4,55.1,9,2,2022-06-28 09:06:59
1656407219259884000,55.1,3,54.8,4,55.1,6,1,2022-06-28 09:06:59
1656407220623472000,55.0,1,54.8,4,55.1,6,2,2022-06-28 09:07:00
1656407222562489000,55.1,2,54.8,5,55.1,8,1,2022-06-28 09:07:02
1656407222583250000,55.1,1,54.8,5,55.1,7,1,2022-06-28 09:07:02
1656407226386859000,55.0,1,54.8,5,55.1,7,2,2022-06-28 09:07:06
1656407228006103000,55.0,10,54.8,6,55.0,15,1,2022-06-28 09:07:08
1656407231211235000,55.0,4,54.8,11,55.0,11,1,2022-06-28 09:07:11
1656407231242652000,55.0,6,54.8,11,55.0,5,1,2022-06-28 09:07:11
1656407232687332000,55.0,1,54.8,11,55.0,4,1,2022-06-28 09:07:12
1656407232714120000,55.0,4,54.8,11,55.1,9,1,2022-06-28 09:07:12
1656407233044828000,55.0,1,54.8,11,55.1,9,2,2022-06-28 09:07:13
1656407234842060000,55.0,1,54.9,12,55.1,8,1,2022-06-28 09:07:14
1656407242589156000,55.0,7,54.9,13,55.1,15,2,2022-06-28 09:07:22
1656407242637693000,55.1,1,55.0,7,55.1,15,1,2022-06-28 09:07:22
1656407244573829000,55.1,2,55.0,1,55.1,12,1,2022-06-28 09:07:24
1656407244601763000,55.0,1,54.9,13,55.1,12,2,2022-06-28 09:07:24
1656407251021874000,54.9,10,54.9,1,55.0,4,2,2022-06-28 09:07:31
1656407251050444000,54.9,1,54.8,16,55.0,4,2,2022-06-28 09:07:31
1656407251101701000,54.8,6,54.8,9,54.9,2,2,2022-06-28 09:07:31
1656407251122426000,54.8,9,54.7,13,54.9,2,2,2022-06-28 09:07:31
1656407252222739000,54.7,1,54.7,10,54.8,1,2,2022-06-28 09:07:32
1656407252305221000,54.8,1,54.7,10,54.9,3,1,2022-06-28 09:07:32
1656407253132523000,54.9,1,54.7,10,54.9,5,1,2022-06-28 09:07:33
1656407256266098000,54.7,1,54.7,10,54.8,6,2,2022-06-28 09:07:36
1656407256302301000,54.7,10,54.6,12,54.8,6,2,2022-06-28 09:07:36
1656407257021272000,54.7,1,54.6,10,54.8,8,1,2022-06-28 09:07:37
1656407257143547000,54.6,10,54.5,14,54.8,8,2,2022-06-28 09:07:37
1656407257320497000,54.7,1,54.5,14,54.8,9,2,2022-06-28 09:07:37
1656407259381146000,54.7,4,54.6,5,54.7,5,1,2022-06-28 09:07:39
1656407260650143000,54.7,1,54.6,5,54.7,3,1,2022-06-28 09:07:40
1656407264863451000,54.7,1,54.6,7,54.7,7,1,2022-06-28 09:07:44
1656407267478091000,54.7,3,54.6,8,54.7,4,1,2022-06-28 09:07:47
1656407267507694000,54.6,1,54.6,7,54.7,4,2,2022-06-28 09:07:47
1656407268356524000,54.6,2,54.6,5,54.7,4,2,2022-06-28 09:07:48
1656407269880794000,54.7,1,54.6,6,54.7,3,1,2022-06-28 09:07:49
1656407271117186000,54.7,1,54.6,5,54.7,3,1,2022-06-28 09:07:51
1656407273567260000,54.6,1,54.6,7,54.7,9,2,2022-06-28 09:07:53
1656407275186862000,54.6,1,54.6,9,54.7,9,2,2022-06-28 09:07:55
1656407275598505000,54.6,2,54.6,7,54.7,9,2,2022-06-28 09:07:55
1656407276915151000,54.6,1,54.6,6,54.7,10,2,2022-06-28 09:07:56
1656407276947243000,54.6,5,54.6,1,54.7,10,2,2022-06-28 09:07:56
1656407276985136000,54.6,1,54.5,16,54.6,1,2,2022-06-28 09:07:56
1656407277338630000,54.5,1,54.5,15,54.6,5,2,2022-06-28 09:07:57
1656407277824291000,54.6,5,54.5,15,54.7,10,1,2022-06-28 09:07:57
1656407279708181000,54.6,5,54.5,14,54.7,10,2,2022-06-28 09:07:59
1656407279708181000,54.5,1,54.5,14,54.7,10,2,2022-06-28 09:07:59
1656407279982098000,54.6,2,54.6,3,54.7,10,1,2022-06-28 09:07:59
1656407280050663000,54.6,1,54.6,2,54.7,10,2,2022-06-28 09:08:00
1656407283481582000,54.7,1,54.6,4,54.7,9,1,2022-06-28 09:08:03
1656407283503824000,54.7,9,54.6,4,54.8,6,1,2022-06-28 09:08:03
1656407289937274000,54.8,5,54.7,3,54.9,3,1,2022-06-28 09:08:09
1656407292536590000,54.9,1,54.7,4,54.9,4,1,2022-06-28 09:08:12
1656407295377905000,54.9,3,54.9,2,55.0,7,1,2022-06-28 09:08:15
1656407297464443000,55.0,3,54.9,2,55.0,12,1,2022-06-28 09:08:17
1656407298067180000,55.0,2,54.9,2,55.0,10,1,2022-06-28 09:08:18
1656407299842948000,55.0,2,54.9,2,55.0,13,1,2022-06-28 09:08:19
1656407301863456000,55.0,1,54.9,7,55.0,14,1,2022-06-28 09:08:21
1656407302456189000,54.9,2,54.9,5,55.0,14,2,2022-06-28 09:08:22
1656407302988559000,55.0,1,54.9,5,55.0,13,1,2022-06-28 09:08:22
1656407303369148000,55.0,1,54.9,5,55.0,12,1,2022-06-28 09:08:23
1656407308471514000,55.0,2,54.9,6,55.0,10,1,2022-06-28 09:08:28
1656407310914723000,55.0,2,54.9,6,55.0,8,1,2022-06-28 09:08:30
1656407311180049000,55.0,1,54.9,6,55.0,7,1,2022-06-28 09:08:31
1656407313058311000,55.0,2,54.9,6,55.0,5,1,2022-06-28 09:08:33
1656407313099554000,55.0,5,54.9,6,55.1,10,1,2022-06-28 09:08:33
1656407318042120000,55.1,2,55.0,15,55.1,8,1,2022-06-28 09:08:38
1656407318076120000,55.1,7,55.0,15,55.1,1,1,2022-06-28 09:08:38
1656407318353504000,55.1,1,55.0,15,55.2,8,1,2022-06-28 09:08:38
1656407318517650000,55.2,1,55.0,15,55.2,8,1,2022-06-28 09:08:38
1656407323169959000,55.2,4,55.1,1,55.2,3,1,2022-06-28 09:08:43
1656407323206396000,55.2,2,55.1,1,55.2,1,1,2022-06-28 09:08:43
1656407323333339000,55.2,1,55.2,4,55.3,4,1,2022-06-28 09:08:43
1656407324281529000,55.3,1,55.2,4,55.3,2,1,2022-06-28 09:08:44
1656407324867346000,55.2,4,55.1,1,55.2,1,2,2022-06-28 09:08:44
1656407325001136000,55.1,1,55.0,15,55.2,1,2,2022-06-28 09:08:45
1656407325001136000,55.0,1,55.0,15,55.2,1,2,2022-06-28 09:08:45
1656407327119533000,55.2,1,55.0,17,55.3,1,1,2022-06-28 09:08:47
1656407329118796000,55.3,1,55.2,2,55.3,1,1,2022-06-28 09:08:49
1656407335942403000,55.3,2,55.2,14,55.4,3,1,2022-06-28 09:08:55
1656407337386292000,55.4,1,55.2,15,55.4,2,1,2022-06-28 09:08:57
1656407340909630000,55.4,1,55.2,15,55.5,3,1,2022-06-28 09:09:00
1656407342123948000,55.4,1,55.3,1,55.4,3,1,2022-06-28 09:09:02
1656407343483865000,55.4,1,55.3,3,55.4,2,1,2022-06-28 09:09:03
1656407345702660000,55.4,1,55.3,3,55.4,1,1,2022-06-28 09:09:05
1656407345741394000,55.4,1,55.3,3,55.5,2,1,2022-06-28 09:09:05
1656407345911134000,55.4,1,55.4,1,55.5,3,2,2022-06-28 09:09:05
1656407347041200000,55.4,1,55.3,6,55.4,8,1,2022-06-28 09:09:07
1656407348404336000,55.4,1,55.3,6,55.4,7,1,2022-06-28 09:09:08
1656407348847133000,55.4,2,55.3,5,55.4,5,1,2022-06-28 09:09:08
1656407350309305000,55.4,1,55.3,5,55.4,4,1,2022-06-28 09:09:10
1656407350332904000,55.4,2,55.3,5,55.4,2,1,2022-06-28 09:09:10
1656407350406875000,55.4,1,55.3,5,55.4,1,1,2022-06-28 09:09:10
1656407350414827000,55.4,1,55.3,5,55.4,2,1,2022-06-28 09:09:10
1656407351793432000,55.4,2,55.4,10,55.5,2,2,2022-06-28 09:09:11
1656407352156495000,55.4,1,55.4,9,55.5,2,2,2022-06-28 09:09:12
1656407354591951000,55.5,1,55.4,10,55.5,3,1,2022-06-28 09:09:14
1656407355061128000,55.5,1,55.4,10,55.5,2,1,2022-06-28 09:09:15
1656407356036872000,55.5,2,55.4,10,55.6,1,1,2022-06-28 09:09:16
1656407356036872000,55.6,8,55.4,10,55.6,1,1,2022-06-28 09:09:16
1656407357063788000,55.6,1,55.5,2,55.6,1,1,2022-06-28 09:09:17
1656407360837077000,55.5,1,55.5,3,55.7,6,2,2022-06-28 09:09:20
1656407361045338000,55.6,1,55.6,1,55.7,6,2,2022-06-28 09:09:21
1656407361584611000,55.7,1,55.5,3,55.7,5,1,2022-06-28 09:09:21
1656407361777042000,55.7,1,55.5,3,55.7,4,1,2022-06-28 09:09:21
1656407362097165000,55.7,1,55.5,3,55.7,3,1,2022-06-28 09:09:22
1656407363924809000,55.6,1,55.6,1,55.7,7,2,2022-06-28 09:09:23
1656407365401584000,55.7,1,55.6,3,55.7,7,1,2022-06-28 09:09:25
1656407365730483000,55.6,1,55.6,3,55.7,6,2,2022-06-28 09:09:25
1656407366164374000,55.6,1,55.6,3,55.7,6,2,2022-06-28 09:09:26
1656407366241676000,55.6,2,55.6,1,55.7,6,2,2022-06-28 09:09:26
1656407366269861000,55.6,1,55.5,9,55.7,6,2,2022-06-28 09:09:26
1656407366312879000,55.7,1,55.5,9,55.7,5,1,2022-06-28 09:09:26
1656407368789909000,55.7,4,55.6,4,55.7,1,1,2022-06-28 09:09:28
1656407368903155000,55.6,4,55.6,4,55.7,5,2,2022-06-28 09:09:28
1656407369307725000,55.5,1,55.5,9,55.6,2,2,2022-06-28 09:09:29
1656407369421423000,55.6,1,55.5,10,55.6,2,1,2022-06-28 09:09:29
1656407369602883000,55.6,1,55.5,10,55.9,7,1,2022-06-28 09:09:29
1656407369602883000,55.7,1,55.5,10,55.9,7,1,2022-06-28 09:09:29
1656407369602883000,55.8,3,55.5,10,55.9,7,1,2022-06-28 09:09:29
1656407371039710000,55.7,1,55.5,10,55.6,7,2,2022-06-28 09:09:31
1656407371039710000,55.6,2,55.5,10,55.6,7,2,2022-06-28 09:09:31
1656407371074673000,55.6,1,55.5,10,55.6,6,1,2022-06-28 09:09:31
1656407371739243000,55.6,3,55.5,10,55.6,3,1,2022-06-28 09:09:31
1656407371824356000,55.6,1,55.5,10,55.6,3,1,2022-06-28 09:09:31
1656407373399635000,55.5,10,55.4,14,55.5,10,2,2022-06-28 09:09:33
1656407373425713000,55.4,1,55.4,13,55.5,12,2,2022-06-28 09:09:33
1656407373771248000,55.5,1,55.4,13,55.5,11,1,2022-06-28 09:09:33
1656407373957609000,55.5,1,55.4,13,55.5,10,1,2022-06-28 09:09:33
1656407374209876000,55.4,13,55.3,7,55.5,10,2,2022-06-28 09:09:34
1656407374470436000,55.4,1,55.3,7,55.4,1,1,2022-06-28 09:09:34
1656407375670115000,55.3,1,55.3,6,55.4,1,2,2022-06-28 09:09:35
1656407375696496000,55.3,2,55.3,4,55.4,1,2,2022-06-28 09:09:35
1656407378854067000,55.3,4,55.2,6,55.4,2,2,2022-06-28 09:09:38
1656407379616363000,55.2,1,55.2,5,55.3,2,2,2022-06-28 09:09:39
1656407379616440000,55.2,5,55.1,4,55.3,2,2,2022-06-28 09:09:39
1656407380329117000,55.2,2,55.1,4,55.3,3,1,2022-06-28 09:09:40
1656407380628700000,55.3,1,55.1,4,55.3,2,1,2022-06-28 09:09:40
1656407381294027000,55.1,1,55.1,3,55.3,2,2,2022-06-28 09:09:41
1656407382666139000,55.3,1,55.1,2,55.3,2,1,2022-06-28 09:09:42
1656407382672199000,55.3,2,55.1,2,55.4,3,1,2022-06-28 09:09:42
1656407383018451000,55.2,1,55.0,25,55.1,6,2,2022-06-28 09:09:43
1656407383018451000,55.1,2,55.0,25,55.1,6,2,2022-06-28 09:09:43
1656407383061008000,55.1,1,55.0,24,55.1,5,1,2022-06-28 09:09:43
1656407384669982000,55.1,1,55.0,25,55.1,4,1,2022-06-28 09:09:44
1656407384883667000,55.0,1,55.0,29,55.1,4,2,2022-06-28 09:09:44
1656407391423444000,55.1,1,55.0,29,55.1,3,1,2022-06-28 09:09:51
1656407391800400000,55.0,1,55.0,28,55.1,3,2,2022-06-28 09:09:51
1656407391827907000,55.0,28,54.9,12,55.1,3,2,2022-06-28 09:09:51
1656407391859990000,54.9,6,54.9,5,55.1,5,2,2022-06-28 09:09:51
1656407391910885000,55.0,2,55.0,3,55.1,9,1,2022-06-28 09:09:51
1656407391942578000,55.0,2,55.0,1,55.1,9,2,2022-06-28 09:09:51
1656407391942756000,55.0,1,54.9,5,55.1,9,2,2022-06-28 09:09:51
1656407393371756000,54.9,3,54.9,2,55.1,9,2,2022-06-28 09:09:53
1656407394710850000,55.0,1,54.9,2,55.1,9,1,2022-06-28 09:09:54
1656407395763314000,54.9,1,54.9,1,55.1,9,2,2022-06-28 09:09:55
1656407396803034000,55.0,5,54.9,1,55.1,9,2,2022-06-28 09:09:56
1656407399344642000,55.0,1,54.9,2,55.1,9,1,2022-06-28 09:09:59
1656407402080698000,55.0,2,54.9,6,55.0,2,1,2022-06-28 09:10:02
1656407404463601000,55.0,1,54.9,7,55.0,1,1,2022-06-28 09:10:04
1656407404487336000,55.0,1,54.9,7,55.1,9,1,2022-06-28 09:10:04
1656407406014000000,55.1,1,55.0,1,55.1,7,1,2022-06-28 09:10:06
1656407416176785000,55.1,3,55.0,9,55.1,6,1,2022-06-28 09:10:16
1656407418768804000,55.1,1,55.0,10,55.1,2,1,2022-06-28 09:10:18
1656407418805065000,55.1,2,55.0,10,55.2,1,1,2022-06-28 09:10:18
1656407419289821000,55.1,1,55.1,4,55.2,1,1,2022-06-28 09:10:19
1656407420790916000,55.1,1,55.1,5,55.2,1,2,2022-06-28 09:10:20
1656407421642379000,55.1,1,55.0,11,55.2,2,2,2022-06-28 09:10:21
1656407422872622000,55.1,1,55.0,11,55.2,2,1,2022-06-28 09:10:22
1656407426116932000,55.1,1,55.0,12,55.2,2,2,2022-06-28 09:10:26
1656407428331690000,55.0,12,54.9,7,55.1,5,2,2022-06-28 09:10:28
1656407430539351000,55.0,1,54.9,7,55.0,3,1,2022-06-28 09:10:30
1656407430820084000,55.0,3,54.9,7,55.1,6,1,2022-06-28 09:10:30
1656407431480719000,54.9,7,54.8,11,54.9,6,2,2022-06-28 09:10:31
1656407431510172000,54.8,1,54.8,10,54.9,6,2,2022-06-28 09:10:31
1656407431516919000,54.8,1,54.8,9,54.9,6,2,2022-06-28 09:10:31
1656407431586709000,54.8,1,54.8,8,54.9,6,2,2022-06-28 09:10:31
1656407431692566000,54.8,3,54.8,5,54.9,7,2,2022-06-28 09:10:31
1656407433133804000,54.9,1,54.8,5,54.9,6,1,2022-06-28 09:10:33
1656407439666014000,54.9,1,54.8,6,54.9,5,1,2022-06-28 09:10:39
1656407440277263000,54.9,1,54.8,8,54.9,4,1,2022-06-28 09:10:40
1656407440976227000,54.8,1,54.8,7,54.9,4,2,2022-06-28 09:10:40
1656407441470346000,54.8,1,54.8,6,54.9,5,2,2022-06-28 09:10:41
1656407442478510000,54.8,1,54.8,5,54.9,5,2,2022-06-28 09:10:42
1656407442742724000,54.8,1,54.8,4,54.9,5,2,2022-06-28 09:10:42
1656407442896970000,54.8,1,54.8,3,54.9,5,2,2022-06-28 09:10:42
1656407443405263000,54.8,1,54.8,2,54.9,5,2,2022-06-28 09:10:43
1656407443431830000,54.8,2,54.7,17,54.9,5,2,2022-06-28 09:10:43
1656407446724262000,54.7,1,54.7,16,54.9,16,2,2022-06-28 09:10:46
1656407446816080000,54.8,1,54.8,1,54.9,16,2,2022-06-28 09:10:46
1656407453065692000,54.8,1,54.7,15,54.8,2,1,2022-06-28 09:10:53
1656407454149439000,54.7,1,54.7,14,54.8,2,2,2022-06-28 09:10:54
1656407454413831000,54.7,1,54.7,13,54.8,2,2,2022-06-28 09:10:54
1656407456815463000,54.8,1,54.7,13,54.8,1,1,2022-06-28 09:10:56
1656407460886136000,54.7,10,54.7,3,54.8,3,2,2022-06-28 09:11:00
1656407460902398000,54.7,3,54.6,17,54.8,3,2,2022-06-28 09:11:00
1656407462246635000,54.7,1,54.6,17,54.8,5,1,2022-06-28 09:11:02
1656407462269451000,54.6,5,54.6,12,54.8,5,2,2022-06-28 09:11:02
1656407462290002000,54.6,12,54.5,34,54.8,5,2,2022-06-28 09:11:02
1656407464191738000,54.5,1,54.5,33,54.6,1,2,2022-06-28 09:11:04
1656407467245622000,54.5,1,54.5,32,54.6,2,2,2022-06-28 09:11:07
1656407467540584000,54.5,4,54.5,28,54.6,2,2,2022-06-28 09:11:07
1656407471204414000,54.5,1,54.5,27,54.6,9,2,2022-06-28 09:11:11
1656407471479357000,54.5,1,54.5,26,54.6,10,2,2022-06-28 09:11:11
1656407471511926000,54.5,2,54.5,24,54.6,10,2,2022-06-28 09:11:11
1656407471786248000,54.5,1,54.5,23,54.6,10,2,2022-06-28 09:11:11
1656407471818222000,54.5,4,54.5,19,54.6,10,2,2022-06-28 09:11:11
1656407471906301000,54.5,1,54.5,18,54.6,10,2,2022-06-28 09:11:11
1656407471941145000,54.5,6,54.5,12,54.6,10,2,2022-06-28 09:11:11
1656407471977009000,54.5,1,54.5,11,54.6,10,2,2022-06-28 09:11:11
1656407471995557000,54.5,1,54.5,10,54.6,10,2,2022-06-28 09:11:11
1656407472012883000,54.5,7,54.5,3,54.6,10,2,2022-06-28 09:11:12
1656407472043329000,54.5,3,54.4,4,54.6,10,2,2022-06-28 09:11:12
1656407473550001000,54.4,1,54.4,3,54.5,3,2,2022-06-28 09:11:13
1656407473671282000,54.4,1,54.4,2,54.5,3,2,2022-06-28 09:11:13
1656407475681162000,54.4,1,54.4,1,54.5,10,2,2022-06-28 09:11:15
1656407476475772000,54.4,1,54.3,7,54.5,10,2,2022-06-28 09:11:16
1656407477630041000,54.3,1,54.3,6,54.5,11,2,2022-06-28 09:11:17
1656407478443337000,54.4,1,54.3,6,54.4,1,1,2022-06-28 09:11:18
1656407479898933000,54.4,1,54.4,3,54.5,13,2,2022-06-28 09:11:19
1656407480616642000,54.5,6,54.4,2,54.5,7,1,2022-06-28 09:11:20
1656407480674314000,54.4,1,54.4,1,54.5,7,2,2022-06-28 09:11:20
1656407481067812000,54.4,1,54.3,6,54.5,7,2,2022-06-28 09:11:21
1656407481440309000,54.4,3,54.3,7,54.5,8,1,2022-06-28 09:11:21
1656407481464195000,54.3,1,54.3,6,54.5,8,2,2022-06-28 09:11:21
1656407486001292000,54.3,8,54.2,12,54.4,3,2,2022-06-28 09:11:26
1656407486001292000,54.2,2,54.2,12,54.4,3,2,2022-06-28 09:11:26
1656407487330292000,54.3,1,54.2,12,54.4,6,1,2022-06-28 09:11:27
1656407487643275000,54.3,1,54.3,1,54.4,6,1,2022-06-28 09:11:27
1656407487722343000,54.4,2,54.3,1,54.4,5,1,2022-06-28 09:11:27
1656407490350869000,54.3,1,54.2,10,54.4,5,2,2022-06-28 09:11:30
1656407490350869000,54.2,2,54.2,10,54.4,5,2,2022-06-28 09:11:30
1656407491289185000,54.3,1,54.2,11,54.4,5,1,2022-06-28 09:11:31
1656407491545305000,54.3,1,54.2,11,54.4,5,1,2022-06-28 09:11:31
1656407495552889000,54.3,1,54.3,2,54.4,5,2,2022-06-28 09:11:35
1656407495634608000,54.3,2,54.1,6,54.4,5,2,2022-06-28 09:11:35
1656407495634608000,54.2,2,54.1,6,54.4,5,2,2022-06-28 09:11:35
1656407495634608000,54.1,1,54.1,6,54.4,5,2,2022-06-28 09:11:35
1656407495898622000,54.1,5,54.1,2,54.4,5,2,2022-06-28 09:11:35
1656407496111310000,54.1,2,54.0,39,54.3,1,2,2022-06-28 09:11:36
1656407496111310000,54.0,3,54.0,39,54.3,1,2,2022-06-28 09:11:36
1656407496451145000,54.0,5,54.0,34,54.3,1,2,2022-06-28 09:11:36
1656407501142174000,54.2,1,54.1,1,54.3,2,1,2022-06-28 09:11:41
1656407505094628000,54.2,1,54.2,2,54.3,3,2,2022-06-28 09:11:45
1656407505384021000,54.2,2,54.1,4,54.3,3,2,2022-06-28 09:11:45
1656407507619477000,54.1,5,54.1,11,54.3,3,2,2022-06-28 09:11:47
1656407507694063000,54.2,1,54.1,11,54.2,3,1,2022-06-28 09:11:47
1656407509233016000,54.1,2,54.1,9,54.2,2,2,2022-06-28 09:11:49
1656407509432701000,54.2,2,54.1,9,54.3,4,1,2022-06-28 09:11:49
1656407510927517000,54.2,2,54.1,11,54.2,2,1,2022-06-28 09:11:50
1656407519786747000,54.3,1,54.2,8,54.3,3,1,2022-06-28 09:11:59
1656407519821601000,54.3,3,54.2,8,54.4,6,1,2022-06-28 09:11:59
1656407519936478000,54.2,9,54.1,11,54.2,11,2,2022-06-28 09:11:59
1656407519965027000,54.2,8,54.1,11,54.2,3,1,2022-06-28 09:11:59
1656407519995031000,54.1,1,54.1,10,54.2,3,2,2022-06-28 09:11:59
1656407519996114000,54.2,3,54.1,10,54.4,6,1,2022-06-28 09:11:59
1656407520317012000,54.2,1,54.2,1,54.4,6,1,2022-06-28 09:12:00
1656407520348001000,54.2,1,54.1,9,54.4,6,2,2022-06-28 09:12:00
1656407520348001000,54.1,1,54.1,9,54.4,6,2,2022-06-28 09:12:00
1656407520750972000,54.1,5,54.1,4,54.4,6,2,2022-06-28 09:12:00
1656407524807952000,54.2,1,54.2,1,54.3,1,2,2022-06-28 09:12:04
1656407525914425000,54.2,1,54.1,6,54.3,1,2,2022-06-28 09:12:05
1656407525914425000,54.1,2,54.1,6,54.3,1,2,2022-06-28 09:12:05
1656407526874999000,54.1,1,54.1,6,54.3,1,2,2022-06-28 09:12:06
1656407530701572000,54.2,1,54.1,9,54.3,16,2,2022-06-28 09:12:10
1656407536516901000,54.2,1,54.2,2,54.3,16,2,2022-06-28 09:12:16
1656407538305600000,54.2,2,54.2,1,54.3,22,2,2022-06-28 09:12:18
1656407538369001000,54.2,1,54.1,14,54.3,22,2,2022-06-28 09:12:18
1656407540664427000,54.1,14,54.0,52,54.1,5,2,2022-06-28 09:12:20
1656407544647759000,54.1,2,54.0,53,54.1,9,1,2022-06-28 09:12:24
1656407544676924000,54.1,9,54.0,53,54.2,9,1,2022-06-28 09:12:24
1656407547706890000,54.0,6,54.0,46,54.1,1,2,2022-06-28 09:12:27
1656407547784905000,54.1,1,54.0,46,54.1,3,1,2022-06-28 09:12:27
1656407548763421000,54.0,2,54.0,44,54.1,2,2,2022-06-28 09:12:28
1656407548777511000,54.1,1,54.0,44,54.1,1,1,2022-06-28 09:12:28
1656407550084750000,54.0,6,54.0,38,54.1,2,2,2022-06-28 09:12:30
1656407550145492000,54.0,1,54.0,37,54.1,2,2,2022-06-28 09:12:30
1656407551309236000,54.0,35,54.0,4,54.1,3,2,2022-06-28 09:12:31
1656407551339850000,54.0,1,54.0,3,54.1,3,2,2022-06-28 09:12:31
1656407551343809000,54.0,1,54.0,2,54.1,4,2,2022-06-28 09:12:31
1656407551364083000,54.0,1,54.0,1,54.1,4,2,2022-06-28 09:12:31
1656407551364484000,54.0,1,53.9,4,54.1,4,2,2022-06-28 09:12:31
1656407554984532000,54.0,1,53.9,5,54.0,5,1,2022-06-28 09:12:34
1656407558973852000,54.0,1,53.9,5,54.0,8,1,2022-06-28 09:12:38
1656407560221854000,54.0,1,53.9,4,54.0,7,1,2022-06-28 09:12:40
1656407560670525000,53.9,1,53.9,3,54.0,8,2,2022-06-28 09:12:40
1656407560706604000,53.9,1,53.9,2,54.0,8,2,2022-06-28 09:12:40
1656407561826790000,54.0,9,54.0,1,54.1,7,1,2022-06-28 09:12:41
1656407563665581000,54.1,6,54.0,11,54.2,1,1,2022-06-28 09:12:43
1656407566322752000,54.2,1,54.0,15,54.3,14,1,2022-06-28 09:12:46
1656407567396390000,54.3,1,54.1,3,54.3,13,1,2022-06-28 09:12:47
1656407569641496000,54.3,5,54.1,7,54.3,8,1,2022-06-28 09:12:49
1656407569670986000,54.3,8,54.1,7,54.4,6,1,2022-06-28 09:12:49
1656407570164019000,54.2,1,54.2,1,54.4,6,2,2022-06-28 09:12:50
1656407572315524000,54.4,7,54.4,1,54.6,18,1,2022-06-28 09:12:52
1656407576264741000,54.5,1,54.3,3,54.6,18,2,2022-06-28 09:12:56
1656407576264741000,54.4,1,54.3,3,54.6,18,2,2022-06-28 09:12:56
1656407576264741000,54.3,1,54.3,3,54.6,18,2,2022-06-28 09:12:56
1656407588883375000,54.3,3,54.3,1,54.4,3,2,2022-06-28 09:13:08
1656407592883814000,54.3,3,54.2,6,54.4,3,2,2022-06-28 09:13:12
1656407594792425000,54.3,1,54.2,6,54.3,1,1,2022-06-28 09:13:14
1656407598640355000,54.3,1,54.3,1,54.4,4,2,2022-06-28 09:13:18
1656407599946175000,54.3,1,54.2,6,54.4,4,2,2022-06-28 09:13:19
1656407602387120000,54.3,1,54.3,2,54.4,4,2,2022-06-28 09:13:22
1656407604415581000,54.3,2,54.3,1,54.4,4,2,2022-06-28 09:13:24
1656407605444708000,54.3,1,54.2,8,54.4,4,2,2022-06-28 09:13:25
1656407606553106000,54.2,1,54.2,7,54.4,3,2,2022-06-28 09:13:26
1656407610148790000,54.3,1,54.3,2,54.4,3,2,2022-06-28 09:13:30
1656407611572543000,54.3,1,54.3,1,54.4,3,2,2022-06-28 09:13:31
1656407616994582000,54.3,1,54.3,1,54.4,8,2,2022-06-28 09:13:36
1656407617041757000,54.3,1,54.2,7,54.3,4,2,2022-06-28 09:13:37
1656407619215542000,54.3,1,54.2,6,54.3,5,1,2022-06-28 09:13:39
1656407620699024000,54.3,5,54.3,3,54.4,8,1,2022-06-28 09:13:40
1656407622761192000,54.3,2,54.3,1,54.4,8,2,2022-06-28 09:13:42
1656407629390625000,54.4,1,54.3,2,54.4,7,1,2022-06-28 09:13:49
1656407631568783000,54.4,1,54.3,5,54.4,6,1,2022-06-28 09:13:51
1656407634885336000,54.4,1,54.3,5,54.4,5,1,2022-06-28 09:13:54
1656407634917638000,54.4,5,54.3,5,54.5,8,1,2022-06-28 09:13:54
1656407635298951000,54.3,1,54.3,5,54.5,8,2,2022-06-28 09:13:55
1656407638070975000,54.4,2,54.4,1,54.5,8,2,2022-06-28 09:13:58
1656407638319844000,54.5,5,54.4,1,54.5,3,1,2022-06-28 09:13:58
1656407638354319000,54.5,3,54.4,1,54.6,9,1,2022-06-28 09:13:58
1656407649641676000,54.5,1,54.4,7,54.5,4,1,2022-06-28 09:14:09
1656407649680533000,54.5,4,54.4,7,54.6,9,1,2022-06-28 09:14:09
1656407651521543000,54.5,1,54.4,7,54.5,4,2,2022-06-28 09:14:11
1656407651869576000,54.5,1,54.4,7,54.5,4,1,2022-06-28 09:14:11
1656407651903483000,54.5,3,54.4,7,54.6,9,1,2022-06-28 09:14:11
1656407653840937000,54.5,1,54.4,7,54.6,9,1,2022-06-28 09:14:13
1656407658057041000,54.5,1,54.4,7,54.6,8,1,2022-06-28 09:14:18
1656407664981783000,54.6,1,54.5,23,54.6,7,1,2022-06-28 09:14:24
1656407665008908000,54.6,7,54.5,23,54.7,6,1,2022-06-28 09:14:25
1656407674188920000,54.7,1,54.6,9,54.7,15,1,2022-06-28 09:14:34
1656407678537132000,54.7,2,54.6,13,54.7,13,1,2022-06-28 09:14:38
1656407679906757000,54.7,1,54.6,13,54.7,12,1,2022-06-28 09:14:39
1656407680781570000,54.7,1,54.6,14,54.7,11,1,2022-06-28 09:14:40
1656407687438687000,54.7,1,54.6,15,54.7,10,1,2022-06-28 09:14:47
1656407688450980000,54.7,1,54.6,15,54.7,9,1,2022-06-28 09:14:48
1656407690033039000,54.7,1,54.6,15,54.7,8,1,2022-06-28 09:14:50
1656407690767603000,54.7,5,54.6,15,54.7,3,1,2022-06-28 09:14:50
1656407690795433000,54.7,3,54.6,15,54.8,14,1,2022-06-28 09:14:50
1656407692539877000,54.8,10,54.7,4,54.8,3,1,2022-06-28 09:14:52
1656407692571168000,54.8,3,54.7,4,54.9,3,1,2022-06-28 09:14:52
1656407697634692000,54.7,5,54.7,6,54.9,5,2,2022-06-28 09:14:57
1656407697655276000,54.7,1,54.7,5,54.9,5,2,2022-06-28 09:14:57
1656407698679306000,54.8,1,54.8,1,54.9,6,2,2022-06-28 09:14:58
1656407699649480000,54.9,1,54.7,6,54.9,5,1,2022-06-28 09:14:59
1656407700306740000,54.8,1,54.7,6,54.8,1,1,2022-06-28 09:15:00
1656407700306740000,54.9,2,54.7,6,54.8,1,1,2022-06-28 09:15:00
1656407701423538000,54.8,1,54.7,6,54.8,2,1,2022-06-28 09:15:01
1656407702483036000,54.8,1,54.7,8,54.8,1,1,2022-06-28 09:15:02
1656407703485663000,54.8,1,54.7,8,54.9,5,1,2022-06-28 09:15:03
1656407703892422000,54.8,1,54.7,8,54.9,4,2,2022-06-28 09:15:03
1656407704639122000,54.9,4,54.7,9,55.0,8,1,2022-06-28 09:15:04
1656407706211709000,54.7,2,54.7,8,55.0,8,2,2022-06-28 09:15:06
1656407707288247000,55.0,1,54.7,8,55.0,8,1,2022-06-28 09:15:07
1656407712258317000,54.8,1,54.7,8,54.9,4,2,2022-06-28 09:15:12
1656407715219696000,54.7,9,54.7,2,54.9,5,2,2022-06-28 09:15:15
1656407715250145000,54.7,2,54.6,8,54.9,6,2,2022-06-28 09:15:15
1656407716044180000,54.8,1,54.6,8,54.9,6,2,2022-06-28 09:15:16
1656407716532827000,54.8,1,54.6,8,54.9,5,2,2022-06-28 09:15:16
1656407719365992000,54.8,1,54.6,7,54.8,2,1,2022-06-28 09:15:19
1656407721517488000,54.8,1,54.8,1,54.9,6,1,2022-06-28 09:15:21
1656407721551837000,54.8,1,54.6,7,54.9,6,2,2022-06-28 09:15:21
1656407723642032000,54.6,1,54.6,6,54.7,1,2,2022-06-28 09:15:23
1656407724352473000,54.7,1,54.6,6,54.7,1,1,2022-06-28 09:15:24
1656407728456194000,54.7,1,54.6,6,54.7,1,1,2022-06-28 09:15:28
1656407731783017000,54.7,1,54.7,1,54.8,3,1,2022-06-28 09:15:31
1656407731792165000,54.7,1,54.6,12,54.8,3,2,2022-06-28 09:15:31
1656407737450073000,54.8,3,54.7,2,54.9,6,1,2022-06-28 09:15:37
1656407745796143000,54.7,1,54.7,3,54.8,10,2,2022-06-28 09:15:45
1656407746655379000,54.8,1,54.7,3,54.8,9,1,2022-06-28 09:15:46
1656407747362406000,54.8,1,54.7,3,54.8,8,1,2022-06-28 09:15:47
1656407750787348000,54.8,1,54.7,3,54.8,7,1,2022-06-28 09:15:50
1656407760372999000,54.8,1,54.7,3,54.8,8,1,2022-06-28 09:16:00
1656407760881004000,54.7,3,54.6,11,54.8,8,2,2022-06-28 09:16:00
1656407760881004000,54.6,2,54.6,11,54.8,8,2,2022-06-28 09:16:00
1656407761842728000,54.6,4,54.6,11,54.7,2,2,2022-06-28 09:16:01
1656407761873928000,54.6,7,54.5,22,54.7,2,2,2022-06-28 09:16:01
1656407767952761000,54.5,5,54.5,17,54.7,7,2,2022-06-28 09:16:07
1656407769247604000,54.6,1,54.5,17,54.7,6,2,2022-06-28 09:16:09
1656407771244706000,54.5,4,54.5,13,54.6,1,2,2022-06-28 09:16:11
1656407771272846000,54.5,1,54.5,12,54.6,2,2,2022-06-28 09:16:11
1656407771365656000,54.5,4,54.5,8,54.6,3,2,2022-06-28 09:16:11
1656407771391127000,54.5,4,54.5,4,54.6,3,2,2022-06-28 09:16:11
1656407771391143000,54.5,2,54.5,2,54.6,3,2,2022-06-28 09:16:11
1656407771454773000,54.5,1,54.5,1,54.6,3,2,2022-06-28 09:16:11
1656407771483247000,54.5,1,54.4,1,54.6,3,2,2022-06-28 09:16:11
1656407777590307000,54.5,1,54.4,1,54.5,4,1,2022-06-28 09:16:17
1656407783918350000,54.5,1,54.4,2,54.5,4,1,2022-06-28 09:16:23
1656407783947231000,54.5,4,54.4,2,54.6,4,1,2022-06-28 09:16:23
1656407794798065000,54.5,1,54.5,2,54.6,4,1,2022-06-28 09:16:34
1656407794956449000,54.5,1,54.5,2,54.6,3,2,2022-06-28 09:16:34
1656407814702647000,54.5,4,54.5,1,54.6,3,2,2022-06-28 09:16:54
1656407814745768000,54.5,1,54.4,3,54.6,3,2,2022-06-28 09:16:54
1656407818838546000,54.4,1,54.4,2,54.6,3,2,2022-06-28 09:16:58
1656407838234225000,54.5,1,54.5,4,54.6,5,1,2022-06-28 09:17:18
1656407841753937000,54.6,3,54.5,6,54.6,1,1,2022-06-28 09:17:21
1656407841787134000,54.6,1,54.5,6,54.7,4,1,2022-06-28 09:17:21
1656407846562422000,54.7,2,54.6,6,54.7,1,1,2022-06-28 09:17:26
1656407846589143000,54.7,1,54.6,6,54.8,8,1,2022-06-28 09:17:26
1656407847799612000,54.8,2,54.6,4,54.8,6,1,2022-06-28 09:17:27
1656407850868410000,54.8,2,54.5,2,54.8,4,1,2022-06-28 09:17:30
1656407851664451000,54.8,3,54.5,2,54.9,6,1,2022-06-28 09:17:31
1656407851664451000,54.9,7,54.5,2,54.9,6,1,2022-06-28 09:17:31
1656407859137063000,54.9,5,54.8,1,54.9,1,1,2022-06-28 09:17:39
1656407859164395000,54.9,1,54.8,1,55.0,13,1,2022-06-28 09:17:39
1656407865793994000,54.9,2,54.8,1,55.0,15,2,2022-06-28 09:17:45
1656407865811284000,54.8,1,54.6,2,55.0,15,2,2022-06-28 09:17:45
1656407867624588000,54.9,1,54.8,2,54.9,1,1,2022-06-28 09:17:47
1656407867624588000,55.0,4,54.8,2,54.9,1,1,2022-06-28 09:17:47
1656407869194595000,54.9,1,54.8,2,54.9,1,2,2022-06-28 09:17:49
1656407870696641000,54.9,1,54.9,2,55.0,11,1,2022-06-28 09:17:50
1656407872115959000,54.9,1,54.9,5,55.0,11,2,2022-06-28 09:17:52
1656407872980282000,54.9,3,54.9,2,55.0,11,2,2022-06-28 09:17:52
1656407873887149000,55.0,2,54.9,2,55.0,9,1,2022-06-28 09:17:53
1656407878654874000,54.9,1,54.9,5,55.0,9,2,2022-06-28 09:17:58
1656407879476948000,55.0,1,54.9,5,55.0,8,1,2022-06-28 09:17:59
1656407880764432000,55.0,1,54.9,5,55.0,7,1,2022-06-28 09:18:00
1656407881501947000,55.0,1,54.9,5,55.0,6,1,2022-06-28 09:18:01
1656407881533576000,55.0,6,54.9,5,55.1,13,1,2022-06-28 09:18:01
1656407882500867000,55.0,1,54.9,5,55.1,13,2,2022-06-28 09:18:02
1656407884186623000,55.1,1,55.0,1,55.1,12,1,2022-06-28 09:18:04
1656407889863374000,55.0,1,55.0,3,55.1,12,2,2022-06-28 09:18:09
1656407891126321000,55.1,1,55.0,3,55.1,11,1,2022-06-28 09:18:11
1656407896958459000,55.1,1,55.0,10,55.1,10,1,2022-06-28 09:18:16
1656407903810827000,55.1,10,55.0,20,55.2,2,1,2022-06-28 09:18:23
1656407905600576000,55.2,1,55.0,20,55.2,1,1,2022-06-28 09:18:25
1656407906883778000,55.2,1,55.0,20,55.2,1,1,2022-06-28 09:18:26
1656407908015291000,55.1,2,55.1,9,55.3,7,2,2022-06-28 09:18:28
1656407910782928000,55.1,3,55.1,10,55.3,7,2,2022-06-28 09:18:30
1656407912425526000,55.3,5,55.1,17,55.3,2,1,2022-06-28 09:18:32
1656407916596756000,55.2,1,55.1,17,55.3,3,1,2022-06-28 09:18:36
1656407917698664000,55.2,1,55.1,17,55.2,2,1,2022-06-28 09:18:37
1656407919520747000,55.2,1,55.1,17,55.2,1,1,2022-06-28 09:18:39
1656407919680304000,55.2,1,55.1,17,55.3,4,1,2022-06-28 09:18:39
1656407920864736000,55.2,1,55.1,18,55.3,5,2,2022-06-28 09:18:40
1656407921605051000,55.1,1,55.1,18,55.3,4,2,2022-06-28 09:18:41
1656407921840448000,55.1,1,55.1,18,55.2,3,2,2022-06-28 09:18:41
1656407922529910000,55.2,1,55.1,17,55.2,2,1,2022-06-28 09:18:42
1656407923467267000,55.2,2,55.1,17,55.3,14,1,2022-06-28 09:18:43
1656407925111582000,55.1,4,55.1,13,55.2,3,2,2022-06-28 09:18:45
1656407925139266000,55.1,4,55.1,9,55.2,3,2,2022-06-28 09:18:45
1656407925160139000,55.1,9,55.0,19,55.2,3,2,2022-06-28 09:18:45
1656407926639592000,55.1,1,55.0,19,55.2,3,2,2022-06-28 09:18:46
1656407934123898000,55.1,1,55.0,20,55.1,2,2,2022-06-28 09:18:54
1656407935756702000,55.1,1,55.0,19,55.1,1,1,2022-06-28 09:18:55
1656407937193008000,55.0,1,55.0,18,55.1,1,2,2022-06-28 09:18:57
1656407937762147000,55.1,1,55.0,18,55.1,1,1,2022-06-28 09:18:57
1656407938852893000,55.1,1,55.2,3,55.3,5,1,2022-06-28 09:18:58
1656407938852893000,55.2,6,55.2,3,55.3,5,1,2022-06-28 09:18:58
1656407938874130000,55.2,3,55.0,18,55.3,6,2,2022-06-28 09:18:58
1656407946892972000,55.2,2,55.1,2,55.2,8,1,2022-06-28 09:19:06
1656407947198768000,55.2,2,55.1,2,55.2,6,1,2022-06-28 09:19:07
1656407948416939000,55.1,1,55.1,1,55.2,6,2,2022-06-28 09:19:08
1656407950787544000,55.2,1,55.1,1,55.2,5,1,2022-06-28 09:19:10
1656407952684514000,55.1,1,55.1,1,55.2,5,2,2022-06-28 09:19:12
1656407954230812000,55.1,1,55.0,23,55.2,17,2,2022-06-28 09:19:14
1656407954257437000,55.0,4,55.0,19,55.2,17,2,2022-06-28 09:19:14
1656407955448542000,55.0,19,54.9,3,55.1,5,2,2022-06-28 09:19:15
1656407955573073000,54.9,1,54.9,2,55.1,7,2,2022-06-28 09:19:15
1656407958623962000,55.0,1,54.9,2,55.0,2,1,2022-06-28 09:19:18
1656407964462211000,54.9,2,54.8,2,55.0,4,2,2022-06-28 09:19:24
1656407964613340000,54.9,1,54.8,2,55.1,4,1,2022-06-28 09:19:24
1656407964613340000,55.0,5,54.8,2,55.1,4,1,2022-06-28 09:19:24
1656407964613340000,55.1,4,54.8,2,55.1,4,1,2022-06-28 09:19:24
1656407964940817000,54.8,1,54.8,2,55.0,1,2,2022-06-28 09:19:24
1656407986265691000,54.9,1,54.9,1,55.0,2,2,2022-06-28 09:19:46
1656407987184644000,54.9,1,54.8,13,55.0,2,2,2022-06-28 09:19:47
1656407990744732000,54.8,7,54.7,1,54.8,3,2,2022-06-28 09:19:50
1656407993942291000,54.7,1,54.5,8,54.8,3,2,2022-06-28 09:19:53
1656408002510910000,54.7,1,54.5,10,54.8,4,2,2022-06-28 09:20:02
1656408009565969000,54.7,1,54.6,1,54.8,4,2,2022-06-28 09:20:09
1656408021338075000,54.6,3,54.6,2,54.8,5,2,2022-06-28 09:20:21
1656408021370445000,54.6,1,54.6,2,54.8,6,2,2022-06-28 09:20:21
1656408024239965000,54.6,1,54.5,9,54.7,18,2,2022-06-28 09:20:24
1656408035336204000,54.5,3,54.5,6,54.7,18,2,2022-06-28 09:20:35
1656408040034426000,54.5,3,54.5,3,54.6,18,2,2022-06-28 09:20:40
1656408040070437000,54.5,1,54.5,2,54.6,18,2,2022-06-28 09:20:40
1656408042102385000,54.5,1,54.5,1,54.6,18,2,2022-06-28 09:20:42
1656408044713539000,54.5,1,54.5,2,54.6,19,2,2022-06-28 09:20:44
1656408044910791000,54.5,1,54.5,2,54.6,19,2,2022-06-28 09:20:44
1656408044950994000,54.5,1,54.5,1,54.6,19,2,2022-06-28 09:20:44
1656408046529990000,54.5,1,54.4,15,54.6,19,2,2022-06-28 09:20:46
1656408051475394000,54.5,1,54.4,15,54.5,1,1,2022-06-28 09:20:51
1656408054625140000,54.5,2,54.5,2,54.6,18,1,2022-06-28 09:20:54
1656408061958576000,54.5,1,54.5,2,54.6,19,2,2022-06-28 09:21:01
1656408061990121000,54.5,1,54.5,1,54.6,19,2,2022-06-28 09:21:01
1656408072100250000,54.5,1,54.5,2,54.6,19,2,2022-06-28 09:21:12
1656408077628466000,54.5,1,54.5,1,54.6,25,2,2022-06-28 09:21:17
1656408077657350000,54.5,1,54.4,17,54.6,25,2,2022-06-28 09:21:17
1656408088301415000,54.5,1,54.5,9,54.6,21,1,2022-06-28 09:21:28
1656408092905289000,54.5,1,54.5,9,54.6,21,2,2022-06-28 09:21:32
1656408094602063000,54.5,1,54.5,8,54.6,21,2,2022-06-28 09:21:34
1656408098808130000,54.5,1,54.5,7,54.6,21,2,2022-06-28 09:21:38
1656408100744142000,54.5,3,54.5,4,54.6,21,2,2022-06-28 09:21:40
1656408100769091000,54.5,1,54.5,3,54.6,21,2,2022-06-28 09:21:40
1656408105437881000,54.5,2,54.4,16,54.6,24,2,2022-06-28 09:21:45
1656408105437881000,54.4,1,54.4,16,54.6,24,2,2022-06-28 09:21:45
1656408112856198000,54.6,24,54.5,7,54.7,19,1,2022-06-28 09:21:52
1656408112884935000,54.7,5,54.5,7,54.7,14,1,2022-06-28 09:21:52
1656408112917239000,54.7,14,54.5,7,54.8,2,1,2022-06-28 09:21:52
1656408119839641000,54.7,1,54.6,1,54.8,2,1,2022-06-28 09:21:59
1656408132173779000,54.7,1,54.6,3,55.0,5,1,2022-06-28 09:22:12
1656408166073069000,54.7,2,54.7,2,54.9,3,2,2022-06-28 09:22:46
1656408173398523000,54.7,1,54.7,2,54.9,3,2,2022-06-28 09:22:53
1656408179792010000,54.7,1,54.7,1,54.9,4,2,2022-06-28 09:22:59
1656408191630242000,54.7,1,54.6,3,54.9,4,2,2022-06-28 09:23:11
1656408191827761000,54.9,4,54.6,3,55.0,5,1,2022-06-28 09:23:11
1656408196203932000,54.6,1,54.6,4,55.0,5,2,2022-06-28 09:23:16
1656408221746253000,54.7,2,54.6,7,54.8,5,2,2022-06-28 09:23:41
1656408238593197000,54.6,2,54.6,2,54.8,5,2,2022-06-28 09:23:58
1656408238593300000,54.6,2,54.5,15,54.8,5,2,2022-06-28 09:23:58
1656408247364423000,54.5,2,54.5,9,54.6,2,2,2022-06-28 09:24:07
1656408247364508000,54.5,2,54.5,7,54.6,2,2,2022-06-28 09:24:07
1656408247393567000,54.5,7,54.4,27,54.6,2,2,2022-06-28 09:24:07
1656408264290145000,54.5,1,54.4,32,54.5,4,1,2022-06-28 09:24:24
1656408264745748000,54.5,4,54.4,32,54.6,2,1,2022-06-28 09:24:24
1656408264769129000,54.6,1,54.4,32,54.8,3,1,2022-06-28 09:24:24
1656408264976570000,54.4,4,54.4,33,54.8,3,2,2022-06-28 09:24:24
1656408286437535000,54.5,6,54.4,25,54.5,4,2,2022-06-28 09:24:46
1656408291603255000,54.4,5,54.4,19,54.5,6,2,2022-06-28 09:24:51
1656408293696496000,54.4,2,54.4,17,54.5,6,2,2022-06-28 09:24:53
1656408293696597000,54.4,2,54.4,15,54.5,6,2,2022-06-28 09:24:53
1656408293928364000,54.4,2,54.4,13,54.5,7,2,2022-06-28 09:24:53
1656408293928446000,54.4,2,54.4,11,54.5,7,2,2022-06-28 09:24:53
1656408294111492000,54.4,2,54.4,9,54.5,8,2,2022-06-28 09:24:54
1656408294111585000,54.4,2,54.4,7,54.5,8,2,2022-06-28 09:24:54
1656408294136442000,54.4,2,54.4,5,54.5,8,2,2022-06-28 09:24:54
1656408294136653000,54.4,5,54.3,15,54.5,8,2,2022-06-28 09:24:54
1656408301253538000,54.4,1,54.3,15,54.4,2,1,2022-06-28 09:25:01
1656408305777937000,54.4,1,54.3,17,54.4,1,1,2022-06-28 09:25:05
1656408305811801000,54.4,1,54.3,17,54.5,8,1,2022-06-28 09:25:05
1656408305842534000,54.4,1,54.3,17,54.8,3,1,2022-06-28 09:25:05
1656408305842534000,54.5,7,54.3,17,54.8,3,1,2022-06-28 09:25:05
1656408319229115000,54.5,1,54.4,1,54.8,5,2,2022-06-28 09:25:19
1656408326589629000,54.5,2,54.5,1,54.8,4,2,2022-06-28 09:25:26
1656408344195493000,54.8,3,54.7,10,54.9,3,1,2022-06-28 09:25:44
1656408344196055000,54.7,1,54.7,9,54.9,3,2,2022-06-28 09:25:44
1656408347785084000,54.9,2,54.7,12,54.9,1,1,2022-06-28 09:25:47
1656408347820857000,54.9,1,54.7,12,55.0,6,1,2022-06-28 09:25:47
1656408349643793000,55.0,6,54.8,3,55.1,9,1,2022-06-28 09:25:49
1656408354604703000,54.8,1,54.8,2,55.1,8,2,2022-06-28 09:25:54
1656408361333152000,55.0,1,54.8,12,55.1,10,1,2022-06-28 09:26:01
1656408361721443000,54.8,5,54.8,7,55.1,10,2,2022-06-28 09:26:01
1656408369834657000,55.0,1,54.9,1,55.1,9,2,2022-06-28 09:26:09
1656408380293108000,55.0,1,55.0,1,55.1,9,2,2022-06-28 09:26:20
1656408387961304000,55.0,1,55.0,1,55.1,9,2,2022-06-28 09:26:27
1656408390598908000,55.0,1,55.0,2,55.1,9,2,2022-06-28 09:26:30
1656408391760127000,55.0,2,54.9,4,55.1,9,2,2022-06-28 09:26:31
1656408401839755000,54.9,1,54.9,2,55.0,6,2,2022-06-28 09:26:41
1656408404132151000,54.9,2,54.8,9,55.0,4,2,2022-06-28 09:26:44
1656408409144684000,54.8,2,54.8,7,54.9,5,2,2022-06-28 09:26:49
1656408409144749000,54.8,2,54.8,5,54.9,5,2,2022-06-28 09:26:49
1656408409177175000,54.8,5,54.6,1,54.9,5,2,2022-06-28 09:26:49
1656408414948559000,54.8,1,54.6,1,54.8,5,1,2022-06-28 09:26:54
1656408426988354000,54.7,1,54.6,1,54.7,35,1,2022-06-28 09:27:06
1656408429893793000,54.6,1,54.5,4,54.6,1,2,2022-06-28 09:27:09
1656408431398863000,54.5,1,54.5,3,54.6,4,2,2022-06-28 09:27:11
1656408456965631000,54.5,2,54.5,3,54.6,5,2,2022-06-28 09:27:36
1656408458120231000,54.5,1,54.5,1,54.6,5,2,2022-06-28 09:27:38
1656408458120327000,54.5,1,54.4,5,54.6,5,2,2022-06-28 09:27:38
1656408470986721000,54.6,1,54.4,5,54.6,4,1,2022-06-28 09:27:50
1656408471803032000,54.5,1,54.4,5,54.6,3,1,2022-06-28 09:27:51
1656408491272881000,54.6,1,54.5,2,54.6,3,1,2022-06-28 09:28:11
1656408500694064000,54.6,1,54.5,2,54.6,2,1,2022-06-28 09:28:20
1656408501167143000,54.6,1,54.5,2,54.6,1,1,2022-06-28 09:28:21
1656408502409224000,54.5,1,54.5,1,54.6,1,2,2022-06-28 09:28:22
1656408506118600000,54.6,1,54.5,2,54.6,1,1,2022-06-28 09:28:26
1656408533039016000,54.6,1,54.5,11,54.7,36,1,2022-06-28 09:28:53
1656408562142741000,54.6,1,54.6,4,54.7,36,2,2022-06-28 09:29:22
1656408586254386000,54.6,4,54.5,13,54.6,6,2,2022-06-28 09:29:46
1656408588505388000,54.6,1,54.5,12,54.6,5,1,2022-06-28 09:29:48
1656408595738569000,54.5,1,54.5,11,54.6,5,2,2022-06-28 09:29:55
1656408596787954000,54.5,10,54.5,1,54.6,5,2,2022-06-28 09:29:56
1656408633718516000,54.6,1,54.5,3,54.6,4,1,2022-06-28 09:30:33
1656408635600473000,54.5,3,54.4,14,54.6,4,2,2022-06-28 09:30:35
1656408658204119000,54.6,1,54.5,2,54.6,5,1,2022-06-28 09:30:58
1656408658228213000,54.6,5,54.5,2,54.7,36,1,2022-06-28 09:30:58
1656408658463928000,54.7,36,54.5,5,54.8,2,1,2022-06-28 09:30:58
1656408663006383000,54.6,1,54.5,6,54.8,2,1,2022-06-28 09:31:03
1656408673528676000,54.8,2,54.6,10,54.9,1,1,2022-06-28 09:31:13
1656408696934410000,54.9,1,54.8,6,55.0,18,1,2022-06-28 09:31:36
1656408705663876000,54.8,2,54.8,5,55.0,18,2,2022-06-28 09:31:45
1656408715459917000,55.0,1,54.9,2,55.0,17,1,2022-06-28 09:31:55
1656408715490624000,55.0,17,54.9,2,55.1,4,1,2022-06-28 09:31:55
1656408716521705000,54.9,1,54.9,4,55.1,4,2,2022-06-28 09:31:56
1656408723944602000,54.9,1,54.9,2,55.1,4,2,2022-06-28 09:32:03
1656408726416538000,55.1,1,54.8,16,55.1,4,1,2022-06-28 09:32:06
1656408735590241000,55.1,4,54.9,3,55.2,4,1,2022-06-28 09:32:15
1656408735590241000,55.2,6,54.9,3,55.2,4,1,2022-06-28 09:32:15
1656408740901816000,55.0,1,55.0,1,55.2,4,2,2022-06-28 09:32:20
1656408742998935000,55.2,1,55.0,1,55.2,3,1,2022-06-28 09:32:22
1656408762069218000,55.1,4,54.9,5,55.1,1,1,2022-06-28 09:32:42
1656408762102268000,55.1,1,54.9,5,55.2,8,1,2022-06-28 09:32:42
1656408762986255000,55.0,1,54.9,5,55.2,8,1,2022-06-28 09:32:42
1656408768809901000,55.0,2,54.9,8,55.0,2,2,2022-06-28 09:32:48
1656408774856102000,55.0,1,54.9,8,55.0,2,1,2022-06-28 09:32:54
1656408776479254000,55.0,2,54.9,8,55.7,204,1,2022-06-28 09:32:56
1656408776479254000,55.2,9,54.9,8,55.7,204,1,2022-06-28 09:32:56
1656408776479254000,55.3,13,54.9,8,55.7,204,1,2022-06-28 09:32:56
1656408776479254000,55.4,14,54.9,8,55.7,204,1,2022-06-28 09:32:56
1656408776479254000,55.5,12,54.9,8,55.7,204,1,2022-06-28 09:32:56
1656408776479254000,55.6,24,54.9,8,55.7,204,1,2022-06-28 09:32:56
1656408776479254000,55.7,26,54.9,8,55.7,204,1,2022-06-28 09:32:56
1656408776526089000,55.7,1,55.0,2,55.7,199,1,2022-06-28 09:32:56
1656408777026542000,55.7,1,55.0,6,55.7,199,1,2022-06-28 09:32:57
1656408780996962000,55.3,1,55.1,4,55.7,193,1,2022-06-28 09:33:00
1656408780996962000,55.7,9,55.1,4,55.7,193,1,2022-06-28 09:33:00
1656408781169998000,55.7,10,55.2,1,55.7,193,1,2022-06-28 09:33:01
1656408781330455000,55.6,1,55.2,1,55.7,174,1,2022-06-28 09:33:01
1656408781330455000,55.7,9,55.2,1,55.7,174,1,2022-06-28 09:33:01
1656408781879451000,55.6,2,55.6,8,55.7,174,1,2022-06-28 09:33:01
1656408781896813000,55.6,1,55.6,7,55.7,174,2,2022-06-28 09:33:01
1656408781917727000,55.6,7,55.2,3,55.7,174,2,2022-06-28 09:33:01
1656408782385544000,55.7,3,55.6,30,55.7,171,1,2022-06-28 09:33:02
1656408782983774000,55.7,3,55.6,70,55.7,168,1,2022-06-28 09:33:02
1656408783311093000,55.7,15,55.6,90,55.7,153,1,2022-06-28 09:33:03
1656408783337616000,55.7,15,55.6,90,55.7,138,1,2022-06-28 09:33:03
1656408783511341000,55.7,3,55.6,100,55.7,135,1,2022-06-28 09:33:03
1656408783541647000,55.7,5,55.6,100,55.7,130,1,2022-06-28 09:33:03
1656408783581870000,55.7,2,55.6,100,55.7,128,1,2022-06-28 09:33:03
1656408783612981000,55.7,1,55.6,100,55.7,127,1,2022-06-28 09:33:03
1656408784602102000,55.6,6,55.6,150,55.7,127,2,2022-06-28 09:33:04
1656408784736361000,55.6,127,55.6,27,55.7,127,2,2022-06-28 09:33:04
1656408784758681000,55.6,1,55.6,26,55.7,127,2,2022-06-28 09:33:04
1656408784758797000,55.6,1,55.6,25,55.7,127,2,2022-06-28 09:33:04
1656408784761472000,55.6,1,55.6,24,55.7,127,2,2022-06-28 09:33:04
1656408784792739000,55.6,1,55.6,154,55.7,127,2,2022-06-28 09:33:04
1656408785584499000,55.6,6,55.6,23,55.7,129,2,2022-06-28 09:33:05
1656408786419034000,55.6,1,55.6,16,55.7,129,2,2022-06-28 09:33:06
1656408786536586000,55.6,1,55.6,15,55.7,129,2,2022-06-28 09:33:06
1656408786582787000,55.7,10,55.6,15,55.7,119,1,2022-06-28 09:33:06
1656408786777510000,55.7,10,55.6,15,55.7,112,1,2022-06-28 09:33:06
1656408787324721000,55.7,1,55.6,15,55.7,111,1,2022-06-28 09:33:07
1656408788331512000,55.6,1,55.6,14,55.7,111,2,2022-06-28 09:33:08
1656408788393178000,55.7,1,55.6,14,55.7,110,1,2022-06-28 09:33:08
1656408788623776000,55.6,1,55.6,13,55.7,110,2,2022-06-28 09:33:08
1656408789815937000,55.7,13,55.6,13,55.7,97,1,2022-06-28 09:33:09
1656408789842481000,55.7,30,55.6,13,55.7,67,1,2022-06-28 09:33:09
1656408791364775000,55.7,3,55.6,14,55.7,62,1,2022-06-28 09:33:11
1656408792117944000,55.7,3,55.6,14,55.7,58,1,2022-06-28 09:33:12
1656408792143533000,55.7,5,55.6,14,55.7,61,1,2022-06-28 09:33:12
1656408792332001000,55.7,1,55.6,14,55.7,52,1,2022-06-28 09:33:12
1656408792671520000,55.7,1,55.6,14,55.7,51,1,2022-06-28 09:33:12
1656408792752108000,55.7,1,55.6,14,55.7,50,1,2022-06-28 09:33:12
1656408794631202000,55.7,3,55.6,15,55.7,53,1,2022-06-28 09:33:14
1656408794736955000,55.7,1,55.6,15,55.7,49,1,2022-06-28 09:33:14
1656408795691356000,55.7,1,55.6,15,55.7,51,1,2022-06-28 09:33:15
1656408795831931000,55.7,1,55.6,15,55.7,50,1,2022-06-28 09:33:15
1656408797008578000,55.6,1,55.6,14,55.7,51,2,2022-06-28 09:33:17
1656408797034360000,55.6,14,55.2,1,55.7,51,2,2022-06-28 09:33:17
1656408805297037000,55.4,1,55.3,3,55.4,2,1,2022-06-28 09:33:25
1656408806516525000,55.3,3,55.2,2,55.4,1,2,2022-06-28 09:33:26
1656408806525381000,55.4,1,55.2,2,55.5,2,1,2022-06-28 09:33:26
1656408806893259000,55.3,1,55.2,1,55.5,2,1,2022-06-28 09:33:26
1656408807979340000,55.3,1,55.1,4,55.3,1,1,2022-06-28 09:33:27
1656408812350823000,55.5,2,55.2,2,55.5,1,1,2022-06-28 09:33:32
1656408812412392000,55.5,1,55.2,2,55.6,7,1,2022-06-28 09:33:32
1656408823395102000,55.4,1,55.3,1,55.4,1,1,2022-06-28 09:33:43
1656408824170766000,55.3,1,55.2,2,55.5,7,2,2022-06-28 09:33:44
1656408825461142000,55.4,1,55.2,2,55.5,8,1,2022-06-28 09:33:45
1656408835584277000,55.3,2,55.2,3,55.3,6,2,2022-06-28 09:33:55
1656408845510538000,55.2,1,55.2,4,55.3,7,2,2022-06-28 09:34:05
1656408845533042000,55.3,1,55.2,4,55.3,6,1,2022-06-28 09:34:05
1656408845633115000,55.2,1,55.2,3,55.3,7,2,2022-06-28 09:34:05
1656408848655799000,55.2,1,55.2,2,55.3,9,2,2022-06-28 09:34:08
1656408849952624000,55.2,1,55.2,1,55.3,8,2,2022-06-28 09:34:09
1656408851596162000,55.2,1,55.1,2,55.3,8,2,2022-06-28 09:34:11
1656408852074415000,55.1,1,55.1,3,55.3,8,2,2022-06-28 09:34:12
1656408856463645000,55.3,1,55.1,2,55.3,8,1,2022-06-28 09:34:16
1656408859724571000,55.2,1,55.1,2,55.3,8,2,2022-06-28 09:34:19
1656408861749419000,55.3,1,55.1,2,55.3,5,1,2022-06-28 09:34:21
1656408865107696000,55.3,2,55.1,2,55.3,4,1,2022-06-28 09:34:25
1656408882688844000,55.3,3,55.3,7,55.4,4,1,2022-06-28 09:34:42
1656408883204162000,55.3,3,55.3,4,55.4,4,2,2022-06-28 09:34:43
1656408883239435000,55.3,4,55.2,2,55.4,4,2,2022-06-28 09:34:43
1656408887946038000,55.2,2,55.1,5,55.3,2,2,2022-06-28 09:34:47
1656408887946038000,55.1,1,55.1,5,55.3,2,2,2022-06-28 09:34:47
1656408896225271000,55.3,1,55.1,5,55.3,2,1,2022-06-28 09:34:56
1656408902767163000,55.2,3,55.1,6,55.3,2,2,2022-06-28 09:35:02
1656408915702051000,55.1,3,55.1,3,55.2,3,2,2022-06-28 09:35:15
1656408915730883000,55.1,3,55.0,9,55.2,3,2,2022-06-28 09:35:15
1656408918747303000,55.0,1,55.0,7,55.1,7,2,2022-06-28 09:35:18
1656408920396011000,55.0,2,55.0,5,55.1,8,2,2022-06-28 09:35:20
1656408920422428000,55.0,5,54.9,10,55.1,8,2,2022-06-28 09:35:20
1656408923707878000,55.0,2,54.9,9,55.0,4,1,2022-06-28 09:35:23
1656408927908526000,54.9,1,54.9,8,55.0,4,2,2022-06-28 09:35:27
1656408930014115000,55.0,1,54.9,8,55.0,3,1,2022-06-28 09:35:30
1656408932399260000,54.9,1,54.9,7,55.0,3,2,2022-06-28 09:35:32
1656408932501596000,54.9,4,54.9,3,55.0,3,2,2022-06-28 09:35:32
1656408932758059000,54.9,2,54.9,1,55.0,6,2,2022-06-28 09:35:32
1656408932763743000,54.9,1,54.8,15,55.0,6,2,2022-06-28 09:35:32
1656408933114042000,54.8,15,54.6,3,54.8,35,2,2022-06-28 09:35:33
1656408934524695000,54.6,4,54.5,7,54.7,3,2,2022-06-28 09:35:34
1656408934524695000,54.5,5,54.5,7,54.7,3,2,2022-06-28 09:35:34
1656408935439306000,54.5,4,54.5,3,54.7,4,2,2022-06-28 09:35:35
1656408935466053000,54.5,3,54.4,13,54.7,4,2,2022-06-28 09:35:35
1656408938869669000,54.7,1,54.4,13,54.7,3,1,2022-06-28 09:35:38
1656408942729247000,54.5,2,54.4,13,54.7,3,2,2022-06-28 09:35:42
1656408944715648000,54.6,1,54.5,2,54.6,4,2,2022-06-28 09:35:44
1656408946573313000,54.5,2,54.5,3,54.6,4,2,2022-06-28 09:35:46
1656408947338982000,54.5,3,54.4,13,54.5,12,2,2022-06-28 09:35:47
1656408947377873000,54.5,4,54.4,13,54.5,8,1,2022-06-28 09:35:47
1656408948486007000,54.4,13,54.3,20,54.4,2,2,2022-06-28 09:35:48
1656408948518461000,54.3,1,54.3,19,54.4,3,2,2022-06-28 09:35:48
1656408951456026000,54.3,13,54.3,6,54.4,3,2,2022-06-28 09:35:51
1656408957689008000,54.4,1,54.3,10,54.4,6,1,2022-06-28 09:35:57
1656408958800462000,54.4,1,54.3,10,54.4,5,1,2022-06-28 09:35:58
1656408959122679000,54.4,1,54.3,11,54.4,4,1,2022-06-28 09:35:59
1656408959580903000,54.4,1,54.3,11,54.4,3,1,2022-06-28 09:35:59
1656408960138537000,54.4,1,54.3,11,54.4,2,1,2022-06-28 09:36:00
1656408963921950000,54.4,2,54.3,11,54.6,1,1,2022-06-28 09:36:03
1656408963939870000,54.6,1,54.3,11,54.7,7,1,2022-06-28 09:36:03
1656408964246293000,54.4,1,54.3,13,54.5,1,1,2022-06-28 09:36:04
1656408967223137000,54.4,2,54.3,13,54.5,1,2,2022-06-28 09:36:07
1656408967253866000,54.5,1,54.3,13,54.6,1,1,2022-06-28 09:36:07
1656408974701651000,54.5,1,54.4,4,54.6,5,2,2022-06-28 09:36:14
1656408979089150000,54.4,2,54.4,3,54.6,5,2,2022-06-28 09:36:19
1656408986482030000,54.4,1,54.4,2,54.5,1,2,2022-06-28 09:36:26
1656408986952869000,54.4,2,54.3,11,54.4,3,2,2022-06-28 09:36:26
1656408986972088000,54.4,3,54.3,11,54.5,1,1,2022-06-28 09:36:26
1656408989971383000,54.5,1,54.4,1,54.6,5,1,2022-06-28 09:36:29
1656408991093244000,54.4,1,54.3,12,54.5,3,2,2022-06-28 09:36:31
1656408996938098000,54.5,2,54.4,3,54.5,1,1,2022-06-28 09:36:36
1656408998512153000,54.4,3,54.4,1,54.5,4,2,2022-06-28 09:36:38
1656408998549606000,54.4,1,54.3,12,54.5,4,2,2022-06-28 09:36:38
1656409004043751000,54.4,1,54.4,2,54.5,4,2,2022-06-28 09:36:44
1656409004079779000,54.4,2,54.3,13,54.5,4,2,2022-06-28 09:36:44
1656409007033738000,54.5,5,54.4,11,54.6,3,1,2022-06-28 09:36:47
1656409008450229000,54.4,2,54.4,10,54.5,1,2,2022-06-28 09:36:48
1656409015477171000,54.4,3,54.4,8,54.5,2,2,2022-06-28 09:36:55
1656409016962619000,54.4,2,54.4,9,54.5,4,2,2022-06-28 09:36:56
1656409018197260000,54.4,2,54.4,5,54.5,4,2,2022-06-28 09:36:58
1656409018231741000,54.4,5,54.3,17,54.5,4,2,2022-06-28 09:36:58
1656409025725117000,54.4,1,54.3,15,54.5,7,2,2022-06-28 09:37:05
1656409025725117000,54.3,1,54.3,15,54.5,7,2,2022-06-28 09:37:05
1656409031983195000,54.4,1,54.3,14,54.5,7,2,2022-06-28 09:37:11
1656409049302564000,54.5,1,54.4,11,54.5,6,1,2022-06-28 09:37:29
1656409049333373000,54.5,6,54.4,11,54.6,5,1,2022-06-28 09:37:29
1656409062046829000,54.5,1,54.5,13,54.6,5,2,2022-06-28 09:37:42
1656409064380721000,54.5,1,54.5,12,54.6,5,2,2022-06-28 09:37:44
1656409088618493000,54.5,2,54.5,10,54.6,5,2,2022-06-28 09:38:08
1656409089018650000,54.5,6,54.5,4,54.6,5,2,2022-06-28 09:38:09
1656409089020710000,54.5,4,54.4,15,54.5,4,2,2022-06-28 09:38:09
1656409090075827000,54.5,1,54.4,14,54.5,3,1,2022-06-28 09:38:10
1656409095058928000,54.5,2,54.4,14,54.5,1,1,2022-06-28 09:38:15
1656409100065659000,54.5,1,54.4,14,54.6,5,1,2022-06-28 09:38:20
1656409107116700000,54.6,1,54.4,15,54.6,5,1,2022-06-28 09:38:27
1656409147152259000,54.6,1,54.5,17,54.6,7,1,2022-06-28 09:39:07
1656409162366292000,54.5,6,54.4,15,54.6,6,2,2022-06-28 09:39:22
1656409165499472000,54.4,4,54.3,21,54.5,2,2,2022-06-28 09:39:25
1656409167554786000,54.3,21,54.2,27,54.5,3,2,2022-06-28 09:39:27
1656409171776858000,54.4,1,54.2,27,54.5,6,1,2022-06-28 09:39:31
1656409172602668000,54.4,1,54.2,27,54.5,6,2,2022-06-28 09:39:32
1656409173920053000,54.5,1,54.2,27,54.5,5,1,2022-06-28 09:39:33
1656409184662959000,54.3,3,54.2,27,54.3,2,2,2022-06-28 09:39:44
1656409189353377000,54.3,1,54.2,28,54.3,8,1,2022-06-28 09:39:49
1656409191762628000,54.3,8,54.3,3,54.4,2,1,2022-06-28 09:39:51
1656409192769487000,54.3,2,54.3,1,54.4,2,2,2022-06-28 09:39:52
1656409192799326000,54.3,1,54.2,28,54.4,2,2,2022-06-28 09:39:52
1656409193528173000,54.4,1,54.2,28,54.4,1,1,2022-06-28 09:39:53
1656409230247561000,54.3,1,54.2,31,54.3,4,1,2022-06-28 09:40:30
1656409231263203000,54.3,3,54.2,31,54.3,1,1,2022-06-28 09:40:31
1656409234407827000,54.3,1,54.2,31,54.4,1,1,2022-06-28 09:40:34
1656409235955810000,54.3,1,54.3,2,54.4,1,2,2022-06-28 09:40:35
1656409239104456000,54.3,1,54.3,1,54.4,1,2,2022-06-28 09:40:39
1656409239134785000,54.3,1,54.2,31,54.4,1,2,2022-06-28 09:40:39
1656409247914878000,54.3,1,54.2,31,54.4,6,1,2022-06-28 09:40:47
1656409251412596000,54.4,2,54.2,31,54.4,4,1,2022-06-28 09:40:51
1656409258162034000,54.2,6,54.2,25,54.4,6,2,2022-06-28 09:40:58
1656409271169475000,54.3,1,54.3,1,54.4,7,2,2022-06-28 09:41:11
1656409273138973000,54.3,1,54.2,25,54.3,1,2,2022-06-28 09:41:13
1656409288977917000,54.2,26,53.9,22,54.0,43,2,2022-06-28 09:41:28
1656409288977917000,54.1,42,53.9,22,54.0,43,2,2022-06-28 09:41:28
1656409288977917000,54.0,89,53.9,22,54.0,43,2,2022-06-28 09:41:28
1656409289014090000,53.9,1,53.9,21,54.0,43,2,2022-06-28 09:41:29
1656409289015249000,53.9,1,53.9,20,54.0,43,2,2022-06-28 09:41:29
1656409289015598000,53.9,1,53.9,19,54.0,43,2,2022-06-28 09:41:29
1656409289016471000,53.9,1,53.9,18,54.0,43,2,2022-06-28 09:41:29
1656409289016789000,53.9,1,53.9,17,54.0,43,2,2022-06-28 09:41:29
1656409289023509000,53.9,1,53.9,16,54.0,43,2,2022-06-28 09:41:29
1656409289023961000,53.9,1,53.9,15,54.0,43,2,2022-06-28 09:41:29
1656409289024219000,53.9,1,53.9,14,54.0,43,2,2022-06-28 09:41:29
1656409289033112000,53.9,1,53.9,13,54.0,43,2,2022-06-28 09:41:29
1656409289041846000,53.9,1,53.9,12,54.0,43,2,2022-06-28 09:41:29
1656409289452376000,53.9,3,53.9,9,54.0,44,2,2022-06-28 09:41:29
1656409289478322000,53.9,1,53.9,8,54.0,44,2,2022-06-28 09:41:29
1656409289507807000,53.9,8,53.8,31,54.0,44,2,2022-06-28 09:41:29
1656409296704290000,53.8,1,53.8,30,53.9,5,2,2022-06-28 09:41:36
1656409296842078000,53.8,4,53.8,26,53.9,5,2,2022-06-28 09:41:36
1656409297365334000,53.8,1,53.8,25,53.9,5,2,2022-06-28 09:41:37
1656409298381737000,53.8,1,53.8,24,53.9,5,2,2022-06-28 09:41:38
1656409298464706000,53.8,1,53.8,23,53.9,5,2,2022-06-28 09:41:38
1656409299338516000,53.8,1,53.8,22,53.9,5,2,2022-06-28 09:41:39
1656409304262713000,53.8,2,53.8,20,53.9,6,2,2022-06-28 09:41:44
1656409305286744000,53.8,2,53.8,18,53.9,6,2,2022-06-28 09:41:45
1656409305622983000,53.8,1,53.8,17,53.9,6,2,2022-06-28 09:41:45
1656409305816115000,53.9,1,53.8,17,53.9,5,1,2022-06-28 09:41:45
1656409305846613000,53.9,5,53.8,17,54.0,1,1,2022-06-28 09:41:45
1656409309511093000,53.9,1,53.9,1,54.0,1,2,2022-06-28 09:41:49
1656409312686312000,54.0,1,53.9,2,54.1,2,1,2022-06-28 09:41:52
1656409312891142000,53.9,1,53.9,1,54.1,3,2,2022-06-28 09:41:52
1656409312928981000,53.9,1,53.8,17,54.1,3,2,2022-06-28 09:41:52
1656409317405138000,53.9,1,53.9,2,54.0,5,2,2022-06-28 09:41:57
1656409322407984000,53.9,1,53.9,1,54.0,5,2,2022-06-28 09:42:02
1656409322520129000,53.9,1,53.9,1,54.0,5,2,2022-06-28 09:42:02
1656409326298715000,54.0,1,53.9,2,54.0,5,1,2022-06-28 09:42:06
1656409326314813000,54.0,5,53.9,2,54.1,1,1,2022-06-28 09:42:06
1656409338185799000,54.0,1,54.0,1,54.2,5,2,2022-06-28 09:42:18
1656409352974283000,54.0,2,54.0,11,54.1,3,2,2022-06-28 09:42:32
1656409353680070000,54.0,2,54.0,9,54.1,3,2,2022-06-28 09:42:33
1656409354242062000,54.1,1,54.0,9,54.1,2,1,2022-06-28 09:42:34
1656409357524078000,54.1,1,54.0,11,54.1,1,1,2022-06-28 09:42:37
1656409359557311000,54.0,10,54.0,1,54.1,1,2,2022-06-28 09:42:39
1656409360579122000,54.1,2,54.0,1,54.1,9,1,2022-06-28 09:42:40
1656409361076501000,54.0,1,53.9,13,54.0,9,2,2022-06-28 09:42:41
1656409376930621000,53.9,1,53.9,7,54.0,23,2,2022-06-28 09:42:56
1656409377970936000,53.9,2,53.9,5,54.0,23,2,2022-06-28 09:42:57
1656409377999910000,53.9,5,53.8,22,54.0,23,2,2022-06-28 09:42:57
1656409379368260000,53.9,1,53.8,22,53.9,3,1,2022-06-28 09:42:59
1656409379531703000,53.8,1,53.8,21,53.9,3,2,2022-06-28 09:42:59
1656409387435245000,53.9,1,53.8,21,53.9,4,1,2022-06-28 09:43:07
1656409387469375000,53.9,4,53.8,21,54.0,23,1,2022-06-28 09:43:07
1656409388055541000,53.8,1,53.8,20,54.0,23,2,2022-06-28 09:43:08
1656409389774543000,53.8,15,53.8,5,54.0,23,2,2022-06-28 09:43:09
1656409389803530000,53.8,5,53.7,15,54.0,23,2,2022-06-28 09:43:09
1656409394625987000,53.7,1,53.7,14,53.8,3,2,2022-06-28 09:43:14
1656409404124630000,53.7,2,53.7,12,53.8,7,2,2022-06-28 09:43:24
1656409407218275000,53.7,2,53.7,10,53.8,5,2,2022-06-28 09:43:27
1656409408394066000,53.8,1,53.7,10,53.8,4,1,2022-06-28 09:43:28
1656409411741863000,53.8,1,53.7,10,53.8,3,1,2022-06-28 09:43:31
1656409412185790000,53.8,1,53.7,10,53.8,2,1,2022-06-28 09:43:32
1656409413319153000,53.8,2,53.8,3,53.9,5,1,2022-06-28 09:43:33
1656409414233716000,53.9,4,53.8,3,53.9,1,1,2022-06-28 09:43:34
1656409422275591000,53.9,1,53.8,4,54.0,22,1,2022-06-28 09:43:42
1656409422322418000,53.8,1,53.8,3,54.0,22,2,2022-06-28 09:43:42
1656409422779360000,53.8,1,53.8,2,54.0,22,2,2022-06-28 09:43:42
1656409426136995000,54.0,1,53.9,1,54.0,21,1,2022-06-28 09:43:46
1656409426165050000,53.9,1,53.8,3,53.9,1,2,2022-06-28 09:43:46
1656409443540013000,53.8,1,53.8,8,53.9,7,2,2022-06-28 09:44:03
1656409446493088000,53.8,4,53.8,4,53.9,7,2,2022-06-28 09:44:06
1656409446522681000,53.8,4,53.7,11,53.9,7,2,2022-06-28 09:44:06
1656409451179759000,53.8,1,53.7,11,53.9,7,1,2022-06-28 09:44:11
1656409452583935000,53.8,2,53.8,2,53.9,28,2,2022-06-28 09:44:12
1656409453920309000,53.8,1,53.8,1,53.9,28,1,2022-06-28 09:44:13
1656409455910937000,53.9,2,53.8,1,53.9,26,1,2022-06-28 09:44:15
1656409460411161000,53.9,1,53.8,3,53.9,25,1,2022-06-28 09:44:20
1656409468101415000,53.8,1,53.8,4,53.9,25,2,2022-06-28 09:44:28
1656409472944922000,53.9,1,53.8,3,53.9,24,1,2022-06-28 09:44:32
1656409473784150000,53.8,1,53.8,2,53.9,24,2,2022-06-28 09:44:33
1656409477066472000,53.8,1,53.8,1,53.9,24,2,2022-06-28 09:44:37
1656409488989501000,53.9,2,53.8,1,53.9,22,1,2022-06-28 09:44:48
1656409489025062000,53.9,22,53.8,6,54.0,37,1,2022-06-28 09:44:49
1656409491679397000,54.0,1,53.9,1,54.0,36,1,2022-06-28 09:44:51
1656409501429262000,53.9,2,53.9,3,54.0,36,2,2022-06-28 09:45:01
1656409515498506000,53.9,3,53.9,6,54.0,41,2,2022-06-28 09:45:15
1656409516120700000,54.0,2,53.9,7,54.0,39,1,2022-06-28 09:45:16
1656409516120775000,54.0,2,53.9,7,54.0,37,1,2022-06-28 09:45:16
1656409516377244000,54.0,2,53.9,7,54.0,35,1,2022-06-28 09:45:16
1656409516377378000,54.0,2,53.9,7,54.0,33,1,2022-06-28 09:45:16
1656409516620504000,54.0,2,53.9,7,54.0,31,1,2022-06-28 09:45:16
1656409516622238000,54.0,2,53.9,7,54.0,29,1,2022-06-28 09:45:16
1656409516653640000,54.0,7,53.9,7,54.0,22,1,2022-06-28 09:45:16
1656409516896340000,54.0,2,53.9,7,54.0,20,1,2022-06-28 09:45:16
1656409516896559000,54.0,2,53.9,7,54.0,18,1,2022-06-28 09:45:16
1656409516920012000,54.0,8,53.9,7,54.0,10,1,2022-06-28 09:45:16
1656409516950460000,54.0,10,53.9,8,54.1,11,1,2022-06-28 09:45:16
1656409517148137000,54.1,2,53.9,8,54.1,9,1,2022-06-28 09:45:17
1656409517148286000,54.1,2,53.9,8,54.1,7,1,2022-06-28 09:45:17
1656409517178480000,54.1,7,53.9,8,54.2,3,1,2022-06-28 09:45:17
1656409517428130000,54.2,2,53.9,8,54.3,1,1,2022-06-28 09:45:17
1656409517428283000,54.3,1,54.3,1,54.4,5,1,2022-06-28 09:45:17
1656409517453987000,54.3,1,53.9,8,54.4,5,2,2022-06-28 09:45:17
1656409519068839000,54.1,1,54.1,4,54.3,1,2,2022-06-28 09:45:19
1656409526709665000,54.1,5,54.0,2,54.3,4,2,2022-06-28 09:45:26
1656409533231323000,54.1,4,54.0,2,54.2,3,2,2022-06-28 09:45:33
1656409533272364000,54.0,2,53.9,11,54.2,3,2,2022-06-28 09:45:33
1656409540881314000,53.9,13,53.8,22,54.1,2,2,2022-06-28 09:45:40
1656409544857787000,53.8,2,53.8,20,54.0,1,2,2022-06-28 09:45:44
1656409556007966000,54.0,1,53.9,4,54.1,6,1,2022-06-28 09:45:56
1656409563292209000,53.9,1,53.9,4,54.1,8,2,2022-06-28 09:46:03
1656409564875094000,53.9,1,53.9,3,54.1,8,2,2022-06-28 09:46:04
1656409571685970000,53.9,1,53.9,2,54.0,3,2,2022-06-28 09:46:11
1656409571716780000,53.9,2,53.8,23,54.0,3,2,2022-06-28 09:46:11
1656409582052995000,53.9,1,53.9,1,54.0,3,2,2022-06-28 09:46:22
1656409586137884000,53.9,1,53.8,23,54.0,3,2,2022-06-28 09:46:26
1656409607028792000,53.9,1,53.8,24,54.0,4,2,2022-06-28 09:46:47
1656409617703991000,53.9,1,53.9,4,54.0,4,2,2022-06-28 09:46:57
1656409625509115000,53.9,4,53.8,23,54.0,4,2,2022-06-28 09:47:05
1656409625537350000,53.8,2,53.8,21,54.0,4,2,2022-06-28 09:47:05
1656409628619727000,54.0,1,53.9,1,54.0,3,1,2022-06-28 09:47:08
1656409630746048000,54.0,1,53.9,1,54.0,5,1,2022-06-28 09:47:10
1656409644780613000,54.0,1,53.9,6,54.0,4,1,2022-06-28 09:47:24
1656409647227800000,54.0,3,53.9,6,54.0,1,1,2022-06-28 09:47:27
1656409647255108000,54.0,1,53.9,6,54.1,7,1,2022-06-28 09:47:27
1656409652161828000,54.1,1,53.9,7,54.1,5,1,2022-06-28 09:47:32
1656409653863459000,54.0,1,53.9,6,54.1,5,1,2022-06-28 09:47:33
1656409658099590000,54.1,1,53.9,7,54.1,4,1,2022-06-28 09:47:38
1656409665062156000,54.1,1,53.9,9,54.1,3,1,2022-06-28 09:47:45
1656409677667353000,54.1,1,54.0,1,54.1,2,1,2022-06-28 09:47:57
1656409680723758000,54.1,2,54.0,1,54.2,5,1,2022-06-28 09:48:00
1656409680723758000,54.2,1,54.0,1,54.2,5,1,2022-06-28 09:48:00
1656409681031683000,54.0,1,53.8,19,54.2,5,2,2022-06-28 09:48:01
1656409681031683000,53.9,8,53.8,19,54.2,5,2,2022-06-28 09:48:01
1656409681031683000,53.8,2,53.8,19,54.2,5,2,2022-06-28 09:48:01
1656409681036993000,53.8,18,53.8,1,54.2,5,2,2022-06-28 09:48:01
1656409681038813000,53.8,1,53.7,2,54.2,5,2,2022-06-28 09:48:01
1656409681038813000,53.7,10,53.7,2,54.2,5,2,2022-06-28 09:48:01
1656409681400809000,53.7,3,53.5,24,54.1,1,2,2022-06-28 09:48:01
1656409681400809000,53.6,11,53.5,24,54.1,1,2,2022-06-28 09:48:01
1656409681400809000,53.5,4,53.5,24,54.1,1,2,2022-06-28 09:48:01
1656409681406887000,53.5,1,53.5,23,54.1,1,2,2022-06-28 09:48:01
1656409681514664000,53.5,18,53.5,2,54.1,4,2,2022-06-28 09:48:01
1656409681536460000,53.5,2,53.4,18,54.1,4,2,2022-06-28 09:48:01
1656409681536460000,53.4,3,53.4,18,54.1,4,2,2022-06-28 09:48:01
1656409687374882000,53.9,3,53.4,16,53.9,1,1,2022-06-28 09:48:07
1656409715065006000,53.7,1,53.6,6,53.8,1,2,2022-06-28 09:48:35
1656409725553601000,53.6,1,53.6,5,53.7,1,2,2022-06-28 09:48:45
1656409727061001000,53.6,1,53.6,4,53.7,1,2,2022-06-28 09:48:47
1656409734395081000,53.6,1,53.6,5,53.7,1,2,2022-06-28 09:48:54
1656409738107365000,53.6,5,53.5,8,53.7,1,2,2022-06-28 09:48:58
1656409740133506000,53.7,1,53.5,9,53.8,1,1,2022-06-28 09:49:00
1656409740446502000,53.6,1,53.5,9,53.8,1,1,2022-06-28 09:49:00
1656409742157450000,53.8,1,53.6,1,53.9,3,1,2022-06-28 09:49:02
1656409751805536000,53.8,1,53.6,5,53.8,1,1,2022-06-28 09:49:11
1656409752139932000,53.9,1,53.6,5,53.9,1,1,2022-06-28 09:49:12
1656409753080943000,53.9,1,53.6,5,54.0,2,1,2022-06-28 09:49:13
1656409753419715000,53.8,1,53.6,5,54.0,2,1,2022-06-28 09:49:13
1656409758189695000,53.8,1,53.7,2,53.8,3,2,2022-06-28 09:49:18
1656409761055937000,53.8,1,53.7,1,53.8,2,1,2022-06-28 09:49:21
1656409762107559000,53.8,1,53.7,1,53.8,1,1,2022-06-28 09:49:22
1656409771186855000,53.8,1,53.7,2,53.8,7,1,2022-06-28 09:49:31
1656409772844658000,53.8,1,53.7,1,53.8,6,1,2022-06-28 09:49:32
1656409773137739000,53.8,1,53.7,1,53.8,5,1,2022-06-28 09:49:33
1656409773305732000,53.8,1,53.7,1,53.8,4,1,2022-06-28 09:49:33
1656409777151598000,53.8,1,53.7,1,53.8,3,1,2022-06-28 09:49:37
1656409778158349000,53.8,1,53.7,1,53.8,2,1,2022-06-28 09:49:38
1656409778199167000,53.8,1,53.7,1,53.8,1,1,2022-06-28 09:49:38
1656409781507429000,53.8,1,53.7,1,54.0,3,1,2022-06-28 09:49:41
1656409784164436000,53.8,1,53.8,1,54.0,3,2,2022-06-28 09:49:44
1656409784202350000,53.8,1,53.7,2,54.0,3,2,2022-06-28 09:49:44
1656409788741783000,53.8,1,53.8,1,53.9,1,2,2022-06-28 09:49:48
1656409789751484000,53.9,1,53.8,1,53.9,1,1,2022-06-28 09:49:49
1656409796736330000,53.9,1,53.8,1,54.0,4,1,2022-06-28 09:49:56
1656409808549089000,53.9,1,53.8,1,54.0,4,1,2022-06-28 09:50:08
1656409813953490000,53.9,1,53.8,1,54.0,5,1,2022-06-28 09:50:13
1656409816331476000,54.0,2,53.8,2,54.0,3,1,2022-06-28 09:50:16
1656409842346715000,53.9,1,53.9,5,54.0,3,2,2022-06-28 09:50:42
1656409864038477000,54.0,1,53.9,7,54.0,2,1,2022-06-28 09:51:04
1656409866123888000,54.0,1,53.9,7,54.0,1,1,2022-06-28 09:51:06
1656409874530880000,54.0,1,53.9,7,54.1,3,1,2022-06-28 09:51:14
1656409890645051000,53.9,1,53.9,7,54.0,1,2,2022-06-28 09:51:30
1656409894439825000,54.0,1,53.9,7,54.1,3,1,2022-06-28 09:51:34
1656409896902271000,54.0,1,54.0,1,54.1,3,1,2022-06-28 09:51:36
1656409903877277000,54.0,1,53.9,13,54.1,3,2,2022-06-28 09:51:43
1656409909242797000,54.1,3,54.0,2,54.2,3,1,2022-06-28 09:51:49
1656409909242797000,54.2,2,54.0,2,54.2,3,1,2022-06-28 09:51:49
1656409909705485000,54.0,1,54.0,1,54.2,3,2,2022-06-28 09:51:49
1656409921394281000,54.1,1,54.0,4,54.2,4,2,2022-06-28 09:52:01
1656409922146108000,54.0,4,53.9,15,54.2,4,2,2022-06-28 09:52:02
1656409924215787000,54.0,1,53.9,16,54.2,5,2,2022-06-28 09:52:04
1656409926871806000,54.0,2,53.9,14,54.0,8,2,2022-06-28 09:52:06
1656409926891879000,53.9,14,53.8,10,54.0,8,2,2022-06-28 09:52:06
1656409929188823000,53.9,1,53.8,10,54.0,8,2,2022-06-28 09:52:09
1656409936993150000,53.8,4,53.8,8,54.0,8,2,2022-06-28 09:52:16
1656409937018404000,53.8,1,53.8,7,54.0,8,2,2022-06-28 09:52:17
1656409938745092000,53.8,1,53.8,7,54.0,9,2,2022-06-28 09:52:18
1656409947271850000,54.0,2,53.8,7,54.0,8,1,2022-06-28 09:52:27
1656409983237963000,53.9,2,53.8,11,53.9,5,1,2022-06-28 09:53:03
1656409993385473000,53.9,1,53.8,10,53.9,4,1,2022-06-28 09:53:13
1656409998284418000,53.9,1,53.8,13,53.9,3,1,2022-06-28 09:53:18
1656410001387936000,53.9,1,53.8,13,53.9,2,1,2022-06-28 09:53:21
1656410004499180000,53.9,1,53.8,13,53.9,1,1,2022-06-28 09:53:24
1656410005110619000,53.9,1,53.8,13,54.0,7,1,2022-06-28 09:53:25
1656410012044581000,54.0,1,53.8,14,54.0,6,1,2022-06-28 09:53:32
1656410017965705000,53.8,2,53.8,12,54.0,6,2,2022-06-28 09:53:37
1656410018085495000,54.0,1,53.8,11,54.0,7,1,2022-06-28 09:53:38
1656410019473237000,53.8,1,53.8,10,54.0,6,2,2022-06-28 09:53:39
1656410026925525000,53.9,2,53.8,10,54.0,7,2,2022-06-28 09:53:46
1656410036639071000,53.9,1,53.8,10,54.0,6,2,2022-06-28 09:53:56
1656410045243018000,53.9,1,53.8,10,54.0,6,1,2022-06-28 09:54:05
1656410063260501000,54.0,1,53.9,3,54.0,5,1,2022-06-28 09:54:23
1656410085050399000,54.0,2,53.9,3,54.0,3,1,2022-06-28 09:54:45
1656410090366419000,54.0,2,53.9,8,54.0,1,1,2022-06-28 09:54:50
1656410090736338000,53.9,1,53.9,7,54.0,1,2,2022-06-28 09:54:50
1656410092990742000,54.0,1,53.9,7,54.2,5,1,2022-06-28 09:54:52
1656410115221176000,54.2,1,54.0,2,54.2,4,1,2022-06-28 09:55:15
1656410122592994000,54.2,1,54.0,4,54.2,2,1,2022-06-28 09:55:22
1656410135500179000,54.2,1,54.0,3,54.2,2,1,2022-06-28 09:55:35
1656410141442385000,54.1,1,54.0,5,54.2,2,2,2022-06-28 09:55:41
1656410157454255000,54.1,1,54.0,5,54.1,5,2,2022-06-28 09:55:57
1656410168056308000,54.0,1,54.0,4,54.1,5,2,2022-06-28 09:56:08
1656410168081038000,54.0,1,54.0,3,54.1,5,2,2022-06-28 09:56:08
1656410171298874000,54.0,1,54.0,2,54.1,5,2,2022-06-28 09:56:11
1656410172694549000,54.1,1,54.0,2,54.1,4,1,2022-06-28 09:56:12
1656410176129909000,54.0,1,54.0,1,54.1,4,2,2022-06-28 09:56:16
1656410188110561000,54.0,1,53.9,10,54.1,4,2,2022-06-28 09:56:28
1656410201989687000,54.0,1,53.9,9,54.1,4,1,2022-06-28 09:56:41
1656410231334088000,53.9,2,53.9,9,54.0,1,2,2022-06-28 09:57:11
1656410233040458000,53.9,9,53.8,9,53.9,3,2,2022-06-28 09:57:13
1656410241880180000,53.8,1,53.8,8,53.9,3,2,2022-06-28 09:57:21
1656410248178948000,53.8,1,53.8,7,53.9,4,2,2022-06-28 09:57:28
1656410258112443000,53.9,4,53.8,9,54.2,1,1,2022-06-28 09:57:38
1656410258112443000,54.0,1,53.8,9,54.2,1,1,2022-06-28 09:57:38
1656410321290127000,54.0,1,53.9,9,54.0,1,2,2022-06-28 09:58:41
1656410372471992000,53.9,7,53.9,3,54.0,3,2,2022-06-28 09:59:32
1656410373101387000,54.0,3,53.9,3,54.1,1,1,2022-06-28 09:59:33
1656410409384506000,54.0,1,53.9,3,54.1,2,1,2022-06-28 10:00:09
1656410433498234000,54.0,1,53.9,3,54.1,2,1,2022-06-28 10:00:33
1656410452537493000,54.0,1,54.0,4,54.2,4,2,2022-06-28 10:00:52
1656410452552012000,54.0,4,53.9,3,54.2,4,2,2022-06-28 10:00:52
1656410454199322000,54.2,1,53.9,3,54.2,3,1,2022-06-28 10:00:54
1656410470913617000,54.1,5,54.0,6,54.2,2,2,2022-06-28 10:01:10
1656410474570533000,54.0,6,53.9,4,54.0,4,2,2022-06-28 10:01:14
1656410480459996000,54.0,1,53.9,3,54.0,3,1,2022-06-28 10:01:20
1656410499554896000,53.9,3,53.8,12,53.9,2,2,2022-06-28 10:01:39
1656410519049033000,53.9,1,53.8,11,53.9,1,1,2022-06-28 10:01:59
1656410522320964000,53.9,1,53.9,1,54.0,8,1,2022-06-28 10:02:02
1656410522569973000,53.9,1,53.8,6,54.0,8,2,2022-06-28 10:02:02
1656410522569973000,53.8,5,53.8,6,54.0,8,2,2022-06-28 10:02:02
1656410522590263000,53.8,1,53.8,5,54.0,8,2,2022-06-28 10:02:02
1656410530110343000,54.0,5,53.9,1,54.0,3,1,2022-06-28 10:02:10
1656410575836264000,53.9,2,53.8,5,53.9,3,2,2022-06-28 10:02:55
1656410578378633000,53.9,1,53.8,4,53.9,2,1,2022-06-28 10:02:58
1656410612138774000,53.9,1,53.8,5,53.9,1,1,2022-06-28 10:03:32
1656410613531650000,53.9,1,53.9,4,54.0,4,1,2022-06-28 10:03:33
1656410626082904000,54.0,1,53.9,4,54.0,3,1,2022-06-28 10:03:46
1656410684241390000,53.9,4,53.8,4,54.0,3,2,2022-06-28 10:04:44
1656410684241390000,53.8,1,53.8,4,54.0,3,2,2022-06-28 10:04:44
1656410695135584000,53.8,4,53.8,2,54.0,3,2,2022-06-28 10:04:55
1656410698076704000,53.8,1,53.7,1,53.8,1,2,2022-06-28 10:04:58
1656410733768870000,53.8,1,53.6,14,53.8,1,1,2022-06-28 10:05:33
1656410733864883000,53.8,1,53.7,1,53.9,1,1,2022-06-28 10:05:33
1656410740833642000,53.7,6,53.6,14,53.7,24,2,2022-06-28 10:05:40
1656410746421539000,53.6,12,53.5,21,53.6,12,2,2022-06-28 10:05:46
1656410746454155000,53.6,12,53.5,21,53.7,1,1,2022-06-28 10:05:46
1656410750892054000,53.6,1,53.5,23,53.7,2,1,2022-06-28 10:05:50
1656410753288238000,53.7,2,53.6,1,53.9,1,1,2022-06-28 10:05:53
1656410777014561000,53.7,1,53.7,3,53.9,3,2,2022-06-28 10:06:17
1656410816642596000,53.7,1,53.7,7,53.9,3,2,2022-06-28 10:06:56
1656410827715448000,53.7,4,53.6,1,53.7,26,2,2022-06-28 10:07:07
1656410840308061000,53.7,2,53.6,3,53.7,24,1,2022-06-28 10:07:20
1656410841644901000,53.7,1,53.6,3,53.7,23,1,2022-06-28 10:07:21
1656410843962928000,53.6,3,53.5,34,53.6,20,2,2022-06-28 10:07:23
1656410844000148000,53.6,20,53.5,33,53.8,2,1,2022-06-28 10:07:24
1656410848610555000,53.6,1,53.5,33,53.8,2,2,2022-06-28 10:07:28
1656410856803969000,53.6,1,53.6,11,53.8,2,2,2022-06-28 10:07:36
1656410869545973000,53.7,1,53.7,5,53.8,2,2,2022-06-28 10:07:49
1656410874798731000,53.7,1,53.7,4,53.8,2,2,2022-06-28 10:07:54
1656410900352876000,53.8,1,53.7,7,53.8,2,1,2022-06-28 10:08:20
1656410900392739000,53.8,2,53.7,7,53.9,3,1,2022-06-28 10:08:20
1656410903109271000,53.9,1,53.7,8,53.9,2,1,2022-06-28 10:08:23
1656410948868444000,53.7,3,53.7,8,53.9,2,2,2022-06-28 10:09:08
1656410948874599000,53.7,1,53.7,7,53.9,2,2,2022-06-28 10:09:08
1656411041396986000,53.9,1,53.7,8,53.9,2,1,2022-06-28 10:10:41
1656411050220395000,53.9,1,53.7,8,53.9,1,1,2022-06-28 10:10:50
1656411110514995000,53.8,1,53.7,8,53.9,1,2,2022-06-28 10:11:50
1656411212182377000,53.8,1,53.7,12,53.9,5,1,2022-06-28 10:13:32
1656411238390894000,53.8,1,53.7,12,53.9,4,1,2022-06-28 10:13:58
1656411267473271000,53.7,10,53.7,2,53.9,4,2,2022-06-28 10:14:27
1656411267509426000,53.7,2,53.6,12,53.9,4,2,2022-06-28 10:14:27
1656411271967960000,53.8,1,53.6,11,53.9,5,2,2022-06-28 10:14:31
1656411310376085000,53.6,11,53.4,7,53.9,5,2,2022-06-28 10:15:10
1656411310376085000,53.5,36,53.4,7,53.9,5,2,2022-06-28 10:15:10
1656411310376085000,53.4,53,53.4,7,53.9,5,2,2022-06-28 10:15:10
1656411318843670000,53.4,1,53.4,6,53.8,3,2,2022-06-28 10:15:18
1656411331158913000,53.4,1,53.4,7,53.8,4,2,2022-06-28 10:15:31
1656411340856090000,53.4,1,53.4,8,53.7,2,2,2022-06-28 10:15:40
1656411352024629000,53.7,1,53.4,9,53.7,1,1,2022-06-28 10:15:52
1656411354332379000,53.5,1,53.4,9,53.8,3,2,2022-06-28 10:15:54
1656411391813696000,53.6,1,53.5,21,53.7,2,1,2022-06-28 10:16:31
1656411396308950000,53.5,1,53.5,21,53.7,2,2,2022-06-28 10:16:36
1656411402701577000,53.5,5,53.5,17,53.7,2,2,2022-06-28 10:16:42
1656411406863602000,53.5,1,53.4,9,53.7,3,2,2022-06-28 10:16:46
1656411416189699000,53.5,1,53.4,9,53.7,3,1,2022-06-28 10:16:56
1656411443896310000,53.4,1,53.4,22,53.7,2,2,2022-06-28 10:17:23
1656411460812167000,53.4,1,53.4,21,53.7,2,2,2022-06-28 10:17:40
1656411474008704000,53.6,1,53.4,21,53.7,2,1,2022-06-28 10:17:54
1656411504318991000,53.7,1,53.5,3,53.7,1,1,2022-06-28 10:18:24
1656411528194507000,53.5,4,53.5,3,53.8,6,2,2022-06-28 10:18:48
1656411565146418000,53.8,1,53.6,1,53.8,5,1,2022-06-28 10:19:25
1656411593322941000,53.6,2,53.5,8,53.8,5,2,2022-06-28 10:19:53
1656411609339639000,53.5,1,53.5,6,53.8,5,2,2022-06-28 10:20:09
1656411627171020000,53.5,1,53.5,4,53.8,5,2,2022-06-28 10:20:27
1656411638646754000,53.5,2,53.5,2,53.8,5,2,2022-06-28 10:20:38
1656411638678074000,53.5,2,53.4,18,53.8,5,2,2022-06-28 10:20:38
1656411646182328000,53.4,1,53.4,3,53.8,5,2,2022-06-28 10:20:46
1656411663514800000,53.4,1,53.4,1,53.8,5,2,2022-06-28 10:21:03
1656411665698415000,53.4,1,53.3,3,53.4,1,2,2022-06-28 10:21:05
1656411668745873000,53.4,1,53.3,3,53.4,2,1,2022-06-28 10:21:08
1656411688312092000,53.4,2,53.4,3,53.7,1,1,2022-06-28 10:21:28
1656411692904444000,53.4,1,53.4,2,53.7,3,2,2022-06-28 10:21:32
1656411697118527000,53.4,1,53.4,1,53.7,3,2,2022-06-28 10:21:37
1656411720302405000,53.4,1,53.3,3,53.4,1,2,2022-06-28 10:22:00
1656411726747714000,53.4,1,53.3,3,53.4,5,1,2022-06-28 10:22:06
1656411741049298000,53.4,1,53.3,3,53.4,5,1,2022-06-28 10:22:21
1656411744722120000,53.3,1,53.3,2,53.4,4,2,2022-06-28 10:22:24
1656411744910982000,53.3,2,53.2,9,53.4,4,2,2022-06-28 10:22:24
1656411744910982000,53.2,3,53.2,9,53.4,4,2,2022-06-28 10:22:24
1656411749473561000,53.2,2,53.2,7,53.3,2,2,2022-06-28 10:22:29
1656411752628089000,53.2,1,53.2,6,53.3,2,2,2022-06-28 10:22:32
1656411754556334000,53.2,1,53.2,5,53.3,2,2,2022-06-28 10:22:34
1656411754712359000,53.2,2,53.2,3,53.3,2,2,2022-06-28 10:22:34
1656411755648713000,53.3,2,53.2,3,53.7,3,1,2022-06-28 10:22:35
1656411755648713000,53.4,6,53.2,3,53.7,3,1,2022-06-28 10:22:35
1656411755648713000,53.6,2,53.2,3,53.7,3,1,2022-06-28 10:22:35
1656411758760089000,53.3,1,53.2,3,53.7,4,2,2022-06-28 10:22:38
1656411759847514000,53.2,5,52.9,7,53.0,71,2,2022-06-28 10:22:39
1656411759847514000,53.1,16,52.9,7,53.0,71,2,2022-06-28 10:22:39
1656411759847514000,53.0,108,52.9,7,53.0,71,2,2022-06-28 10:22:39
1656411759877825000,52.9,1,52.9,6,53.0,71,2,2022-06-28 10:22:39
1656411759877958000,53.0,71,52.9,6,53.7,4,1,2022-06-28 10:22:39
1656411763085857000,52.9,1,52.9,6,53.2,2,2,2022-06-28 10:22:43
1656411767583494000,53.2,1,52.9,6,53.2,1,1,2022-06-28 10:22:47
1656411767899774000,53.2,1,52.9,8,53.2,1,1,2022-06-28 10:22:47
1656411769309051000,52.9,3,52.9,5,53.7,4,2,2022-06-28 10:22:49
1656411777470532000,53.0,1,53.0,2,53.5,1,2,2022-06-28 10:22:57
1656411789909998000,53.1,1,53.1,1,53.4,4,2,2022-06-28 10:23:09
1656411791251469000,53.1,1,53.0,10,53.4,4,2,2022-06-28 10:23:11
1656411795423551000,53.1,2,53.1,2,53.4,4,2,2022-06-28 10:23:15
1656411801138396000,53.4,1,53.1,5,53.4,4,1,2022-06-28 10:23:21
1656411802776931000,53.1,1,53.1,4,53.4,9,2,2022-06-28 10:23:22
1656411802877595000,53.1,1,53.1,3,53.4,9,2,2022-06-28 10:23:22
1656411803329196000,53.4,1,53.1,4,53.4,8,1,2022-06-28 10:23:23
1656411812119095000,53.4,1,53.1,6,53.4,7,1,2022-06-28 10:23:32
1656411823690596000,53.4,2,53.2,2,53.4,9,1,2022-06-28 10:23:43
1656411828182258000,53.4,2,53.2,2,53.4,7,1,2022-06-28 10:23:48
1656411839541236000,53.3,1,53.2,3,53.3,9,2,2022-06-28 10:23:59
1656411839562893000,53.2,3,53.1,9,53.3,9,2,2022-06-28 10:23:59
1656411840373040000,53.3,1,53.1,9,53.3,8,1,2022-06-28 10:24:00
1656411846472407000,53.3,1,53.1,9,53.3,7,1,2022-06-28 10:24:06
1656411852756445000,53.2,1,53.1,8,53.3,7,1,2022-06-28 10:24:12
1656411857647476000,53.2,1,53.1,8,53.3,7,1,2022-06-28 10:24:17
1656411880867128000,53.2,1,53.2,2,53.3,7,2,2022-06-28 10:24:40
1656411888820329000,53.2,1,53.2,1,53.3,7,2,2022-06-28 10:24:48
1656411888844461000,53.2,1,53.1,4,53.3,7,2,2022-06-28 10:24:48
1656411893413660000,53.1,1,53.1,3,53.2,1,2,2022-06-28 10:24:53
1656411898052313000,53.2,1,53.1,3,53.2,1,1,2022-06-28 10:24:58
1656411912694549000,53.2,1,53.1,4,53.2,1,1,2022-06-28 10:25:12
1656411918279184000,53.2,1,53.2,1,53.3,7,1,2022-06-28 10:25:18
1656411922248592000,53.3,1,53.2,1,53.3,6,1,2022-06-28 10:25:22
1656411925544810000,53.3,2,53.2,1,53.3,4,1,2022-06-28 10:25:25
1656411925579709000,53.3,4,53.2,1,53.4,13,1,2022-06-28 10:25:25
1656411967232251000,53.3,1,53.2,5,53.3,4,1,2022-06-28 10:26:07
1656411990551947000,53.3,1,53.2,7,53.3,6,1,2022-06-28 10:26:30
1656411998054602000,53.2,1,53.2,6,53.3,22,2,2022-06-28 10:26:38
1656411998086277000,53.2,6,53.1,4,53.3,22,2,2022-06-28 10:26:38
1656412011042405000,53.1,2,53.1,1,53.2,2,2,2022-06-28 10:26:51
1656412011068826000,53.1,1,53.0,7,53.2,2,2,2022-06-28 10:26:51
1656412033727633000,53.1,1,53.1,1,53.2,2,2,2022-06-28 10:27:13
1656412033749826000,53.1,1,53.0,8,53.2,2,2,2022-06-28 10:27:13
1656412061350665000,53.1,1,53.0,7,53.1,1,1,2022-06-28 10:27:41
1656412064469740000,53.0,1,53.0,6,53.1,1,2,2022-06-28 10:27:44
1656412068200942000,53.0,3,53.0,3,53.1,1,2,2022-06-28 10:27:48
1656412078214842000,53.0,1,53.0,2,53.1,1,2,2022-06-28 10:27:58
1656412082359174000,53.0,2,52.9,6,53.0,13,2,2022-06-28 10:28:02
1656412082395625000,53.0,1,52.9,6,53.0,12,1,2022-06-28 10:28:02
1656412093283091000,52.9,4,52.9,1,53.0,13,2,2022-06-28 10:28:13
1656412098017436000,52.9,1,52.8,11,53.0,18,2,2022-06-28 10:28:18
1656412099727643000,52.9,2,52.8,11,53.0,18,1,2022-06-28 10:28:19
1656412107586816000,52.9,1,52.8,11,53.0,21,1,2022-06-28 10:28:27
1656412116482225000,52.9,1,52.8,11,53.0,22,2,2022-06-28 10:28:36
1656412116508755000,53.0,3,52.8,11,53.0,19,1,2022-06-28 10:28:36
1656412119442658000,53.0,5,52.8,11,53.0,14,1,2022-06-28 10:28:39
1656412119469898000,53.0,3,52.8,11,53.0,11,1,2022-06-28 10:28:39
1656412119490387000,53.0,11,52.8,11,53.1,2,1,2022-06-28 10:28:39
1656412121045206000,53.0,1,52.8,12,53.1,2,1,2022-06-28 10:28:41
1656412123540207000,52.9,1,52.8,12,53.1,2,1,2022-06-28 10:28:43
1656412125290082000,53.1,2,52.8,9,53.2,2,1,2022-06-28 10:28:45
1656412142689153000,53.1,1,53.0,2,53.2,3,1,2022-06-28 10:29:02
1656412164129492000,53.1,1,53.0,3,53.1,2,1,2022-06-28 10:29:24
1656412164707304000,53.1,1,53.0,3,53.1,1,1,2022-06-28 10:29:24
1656412186043703000,53.1,1,53.0,4,53.1,3,1,2022-06-28 10:29:46
1656412188382867000,53.1,1,53.0,5,53.1,3,1,2022-06-28 10:29:48
1656412188595439000,53.1,1,53.0,5,53.1,2,1,2022-06-28 10:29:48
1656412189170686000,53.1,1,53.0,5,53.1,1,1,2022-06-28 10:29:49
1656412189814090000,53.1,1,53.0,7,53.2,3,1,2022-06-28 10:29:49
1656412196816355000,53.2,3,53.1,2,53.3,3,1,2022-06-28 10:29:56
1656412201902640000,53.3,1,53.1,2,53.3,2,1,2022-06-28 10:30:01
1656412206314739000,53.3,2,53.1,3,53.4,9,1,2022-06-28 10:30:06
1656412206314739000,53.4,1,53.1,3,53.4,9,1,2022-06-28 10:30:06
1656412206492416000,53.2,1,53.1,3,53.4,9,1,2022-06-28 10:30:06
1656412208088925000,53.4,3,53.2,2,53.4,6,1,2022-06-28 10:30:08
1656412212087195000,53.4,1,53.3,1,53.4,5,1,2022-06-28 10:30:12
1656412217048316000,53.4,3,53.3,1,53.4,2,1,2022-06-28 10:30:17
1656412220707248000,53.4,2,53.3,3,53.5,13,1,2022-06-28 10:30:20
1656412223809600000,53.5,4,53.3,3,53.5,9,1,2022-06-28 10:30:23
1656412225688830000,53.5,5,53.3,4,53.5,4,1,2022-06-28 10:30:25
1656412232147725000,53.5,4,53.3,4,53.7,5,1,2022-06-28 10:30:32
1656412232147725000,53.6,4,53.3,4,53.7,5,1,2022-06-28 10:30:32
1656412232147725000,53.7,2,53.3,4,53.7,5,1,2022-06-28 10:30:32
1656412250211069000,53.7,1,53.5,2,53.7,4,1,2022-06-28 10:30:50
1656412250873270000,53.6,1,53.6,1,53.7,4,1,2022-06-28 10:30:50
1656412252319176000,53.7,1,53.6,1,53.7,3,1,2022-06-28 10:30:52
1656412261004781000,53.7,3,53.6,1,53.8,4,1,2022-06-28 10:31:01
1656412272860297000,53.7,1,53.6,1,53.8,5,1,2022-06-28 10:31:12
1656412283705120000,53.8,1,53.6,2,53.8,4,1,2022-06-28 10:31:23
1656412295344713000,53.7,1,53.7,4,53.8,3,1,2022-06-28 10:31:35
1656412296226307000,53.8,2,53.7,4,53.8,1,1,2022-06-28 10:31:36
1656412296974936000,53.7,1,53.7,3,53.8,1,2,2022-06-28 10:31:36
1656412299944297000,53.8,1,53.7,3,53.9,4,1,2022-06-28 10:31:39
1656412299944297000,53.9,1,53.7,3,53.9,4,1,2022-06-28 10:31:39
1656412305321235000,53.7,1,53.7,2,53.9,4,2,2022-06-28 10:31:45
1656412305345572000,53.7,1,53.7,1,53.9,4,2,2022-06-28 10:31:45
1656412305376503000,53.7,1,53.6,1,53.9,5,2,2022-06-28 10:31:45
1656412318482992000,53.6,2,53.5,3,53.7,5,2,2022-06-28 10:31:58
1656412322232993000,53.7,1,53.5,3,53.7,4,1,2022-06-28 10:32:02
1656412332187783000,53.5,1,53.5,1,53.7,11,2,2022-06-28 10:32:12
1656412332512397000,53.5,1,53.4,1,53.7,11,2,2022-06-28 10:32:12
1656412346715657000,53.5,1,53.4,1,53.5,1,1,2022-06-28 10:32:26
1656412350614369000,53.5,1,53.4,1,53.7,12,1,2022-06-28 10:32:30
1656412361069494000,53.5,1,53.5,1,53.7,12,1,2022-06-28 10:32:41
1656412383586239000,53.5,1,53.5,2,53.6,4,2,2022-06-28 10:33:03
1656412412237253000,53.6,1,53.5,2,53.6,3,1,2022-06-28 10:33:32
1656412430304079000,53.6,1,53.5,2,53.6,2,1,2022-06-28 10:33:50
1656412460635000000,53.5,2,53.4,1,53.6,6,2,2022-06-28 10:34:20
1656412473573117000,53.5,1,53.4,1,53.5,1,2,2022-06-28 10:34:33
1656412474131369000,53.5,2,53.4,1,53.5,6,1,2022-06-28 10:34:34
1656412481955844000,53.5,2,53.4,1,53.5,2,1,2022-06-28 10:34:41
1656412481988052000,53.5,2,53.4,2,53.6,1,1,2022-06-28 10:34:41
1656412503897330000,53.6,1,53.4,1,53.6,6,1,2022-06-28 10:35:03
1656412541591968000,53.6,1,53.5,5,53.6,5,1,2022-06-28 10:35:41
1656412550759058000,53.6,3,53.5,5,53.6,2,1,2022-06-28 10:35:50
1656412550795555000,53.6,1,53.5,5,53.6,1,1,2022-06-28 10:35:50
1656412561707502000,53.6,1,53.5,5,53.7,6,1,2022-06-28 10:36:01
1656412572540837000,53.7,1,53.6,2,53.7,5,1,2022-06-28 10:36:12
1656412575928094000,53.7,1,53.6,2,53.7,4,1,2022-06-28 10:36:15
1656412588068216000,53.7,4,53.5,2,53.9,7,1,2022-06-28 10:36:28
1656412613533145000,53.7,1,53.6,1,53.7,2,1,2022-06-28 10:36:53
1656412631531245000,53.7,2,53.6,1,53.7,1,1,2022-06-28 10:37:11
1656412631546216000,53.7,1,53.6,1,53.8,1,1,2022-06-28 10:37:11
1656412681338832000,53.8,1,53.7,1,53.8,1,1,2022-06-28 10:38:01
1656412697763532000,53.8,1,53.7,1,53.8,1,1,2022-06-28 10:38:17
1656412699116875000,53.8,1,53.7,1,53.9,8,1,2022-06-28 10:38:19
1656412712573157000,53.7,1,53.6,2,53.9,7,2,2022-06-28 10:38:32
1656412739691547000,53.6,2,53.5,3,53.8,1,2,2022-06-28 10:38:59
1656412746145109000,53.7,1,53.5,3,53.8,1,1,2022-06-28 10:39:06
1656412772134891000,53.6,1,53.5,3,53.8,1,2,2022-06-28 10:39:32
1656412893454466000,53.8,1,53.7,1,53.9,11,1,2022-06-28 10:41:33
1656412899210546000,53.8,1,53.7,1,53.9,12,2,2022-06-28 10:41:39
1656412914897485000,53.8,1,53.7,2,53.8,1,1,2022-06-28 10:41:54
1656412925715788000,53.8,1,53.7,3,53.9,10,1,2022-06-28 10:42:05
1656412943750024000,53.8,1,53.7,2,53.9,10,1,2022-06-28 10:42:23
1656412978431120000,53.9,1,53.8,6,53.9,9,1,2022-06-28 10:42:58
1656412978465517000,53.9,9,53.8,6,54.0,45,1,2022-06-28 10:42:58
1656413012204312000,54.0,1,53.9,16,54.0,49,1,2022-06-28 10:43:32
1656413013258810000,54.0,5,53.9,16,54.0,44,1,2022-06-28 10:43:33
1656413014880809000,54.0,1,53.9,16,54.0,43,1,2022-06-28 10:43:34
1656413015983319000,54.0,1,53.9,16,54.0,42,1,2022-06-28 10:43:35
1656413016047883000,54.0,1,53.9,16,54.0,41,1,2022-06-28 10:43:36
1656413019508843000,54.0,2,53.9,14,54.0,39,1,2022-06-28 10:43:39
1656413019546202000,54.0,1,53.9,15,54.0,38,1,2022-06-28 10:43:39
1656413019976255000,54.0,2,53.9,15,54.0,36,1,2022-06-28 10:43:39
1656413023247635000,54.0,1,53.9,15,54.0,35,1,2022-06-28 10:43:43
1656413023663558000,54.0,1,53.9,16,54.0,34,1,2022-06-28 10:43:43
1656413025903076000,54.0,1,53.9,16,54.0,33,1,2022-06-28 10:43:45
1656413030175412000,54.0,10,53.9,16,54.0,23,1,2022-06-28 10:43:50
1656413030203501000,54.0,1,53.9,17,54.0,22,1,2022-06-28 10:43:50
1656413031464550000,54.0,1,53.9,15,54.0,21,1,2022-06-28 10:43:51
1656413033039867000,54.0,2,53.9,13,54.0,19,1,2022-06-28 10:43:53
1656413033393354000,54.0,1,53.9,13,54.0,18,1,2022-06-28 10:43:53
1656413033752080000,54.0,1,53.9,13,54.0,17,1,2022-06-28 10:43:53
1656413033915898000,54.0,6,53.9,13,54.0,11,1,2022-06-28 10:43:53
1656413033951819000,54.0,7,53.9,12,54.0,4,1,2022-06-28 10:43:53
1656413033952202000,54.0,4,53.9,12,54.1,2,1,2022-06-28 10:43:53
1656413037193267000,54.1,1,53.9,13,54.1,1,1,2022-06-28 10:43:57
1656413054884365000,54.1,1,54.0,8,54.1,3,1,2022-06-28 10:44:14
1656413055223458000,54.0,3,54.0,5,54.1,3,2,2022-06-28 10:44:15
1656413055255463000,54.0,5,53.9,12,54.1,3,2,2022-06-28 10:44:15
1656413059577649000,54.1,1,53.9,11,54.1,2,1,2022-06-28 10:44:19
1656413062436010000,54.1,1,53.9,10,54.1,1,1,2022-06-28 10:44:22
1656413064149179000,54.1,1,54.1,4,54.2,32,1,2022-06-28 10:44:24
1656413064176997000,54.1,4,53.9,10,54.2,32,2,2022-06-28 10:44:24
1656413065641876000,54.1,2,54.1,2,54.2,32,2,2022-06-28 10:44:25
1656413066827084000,53.9,2,53.9,7,54.1,1,2,2022-06-28 10:44:26
1656413068833056000,54.1,1,53.9,7,54.2,32,1,2022-06-28 10:44:28
1656413081775300000,54.1,1,53.9,8,54.1,1,1,2022-06-28 10:44:41
1656413083470469000,54.1,1,53.9,8,54.2,32,1,2022-06-28 10:44:43
1656413087722867000,54.2,2,53.9,8,54.2,30,1,2022-06-28 10:44:47
1656413112038650000,54.1,1,54.0,2,54.1,2,1,2022-06-28 10:45:12
1656413119936704000,54.1,2,54.0,2,54.2,27,1,2022-06-28 10:45:19
1656413119936704000,54.2,3,54.0,2,54.2,27,1,2022-06-28 10:45:19
1656413121332096000,54.2,1,54.0,2,54.2,26,1,2022-06-28 10:45:21
1656413124416778000,54.1,2,54.0,2,54.2,26,2,2022-06-28 10:45:24
1656413124447622000,54.0,1,54.0,1,54.2,26,2,2022-06-28 10:45:24
1656413124478144000,54.0,1,53.9,4,54.2,26,2,2022-06-28 10:45:24
1656413127255149000,53.9,1,53.9,3,54.1,1,2,2022-06-28 10:45:27
1656413127287927000,53.9,3,53.8,7,54.1,1,2,2022-06-28 10:45:27
1656413148037271000,54.1,1,53.9,1,54.1,1,1,2022-06-28 10:45:48
1656413150851104000,54.1,1,53.9,1,54.2,27,2,2022-06-28 10:45:50
1656413161594938000,53.9,1,53.9,5,54.2,28,2,2022-06-28 10:46:01
1656413170012352000,54.2,1,53.9,5,54.2,27,1,2022-06-28 10:46:10
1656413199202739000,54.2,1,54.0,1,54.2,26,1,2022-06-28 10:46:39
1656413201734982000,54.0,1,53.9,4,54.2,27,2,2022-06-28 10:46:41
1656413217323137000,53.9,1,53.9,3,54.1,1,2,2022-06-28 10:46:57
1656413222094834000,53.9,3,53.8,6,54.1,3,2,2022-06-28 10:47:02
1656413225057468000,54.0,2,53.8,5,54.0,2,1,2022-06-28 10:47:05
1656413257219531000,54.0,1,53.8,3,54.0,3,1,2022-06-28 10:47:37
1656413270120579000,54.0,1,53.8,4,54.0,1,1,2022-06-28 10:47:50
1656413291382750000,54.0,1,53.9,1,54.1,4,1,2022-06-28 10:48:11
1656413299063649000,54.0,1,53.9,1,54.1,3,1,2022-06-28 10:48:19
1656413339380078000,54.0,1,54.0,1,54.1,4,2,2022-06-28 10:48:59
1656413351925701000,54.0,1,54.0,2,54.1,4,2,2022-06-28 10:49:11
1656413355790479000,54.1,1,54.0,2,54.1,3,1,2022-06-28 10:49:15
1656413356392136000,54.1,1,54.0,2,54.1,2,1,2022-06-28 10:49:16
