ts,close,volume,bid_price,bid_volume,ask_price,ask_volume,tick_type,datetime
1647939604147726000,36.8,1271,36.8,29,36.85,16,1,2022-03-22 09:00:04
1647939604182231000,36.8,21,36.8,8,36.85,16,2,2022-03-22 09:00:04
1647939604206146000,36.85,2,36.8,8,36.85,14,1,2022-03-22 09:00:04
1647939604212796000,36.8,1,36.8,7,36.85,14,2,2022-03-22 09:00:04
1647939604215737000,36.8,1,36.8,6,36.85,14,2,2022-03-22 09:00:04
1647939604237944000,36.8,3,36.8,3,36.85,14,2,2022-03-22 09:00:04
1647939604294971000,36.8,2,36.8,1,36.85,14,2,2022-03-22 09:00:04
1647939604316195000,36.85,1,36.8,1,36.85,13,1,2022-03-22 09:00:04
1647939604319702000,36.8,1,36.7,7,36.8,3,2,2022-03-22 09:00:04
1647939604335865000,36.8,1,36.7,7,36.8,2,1,2022-03-22 09:00:04
1647939604655898000,36.7,2,36.7,5,36.8,2,2,2022-03-22 09:00:04
1647939604875619000,36.8,1,36.7,5,36.8,1,1,2022-03-22 09:00:04
1647939605089181000,36.8,1,36.7,5,36.85,13,1,2022-03-22 09:00:05
1647939605182560000,36.85,1,36.7,5,36.85,12,1,2022-03-22 09:00:05
1647939605415920000,36.85,1,36.7,5,36.85,11,1,2022-03-22 09:00:05
1647939605491711000,36.85,1,36.7,5,36.85,10,1,2022-03-22 09:00:05
1647939605504522000,36.85,6,36.7,5,36.85,4,1,2022-03-22 09:00:05
1647939605932610000,36.85,2,36.7,5,36.85,2,1,2022-03-22 09:00:05
1647939605966049000,36.85,2,36.7,5,36.9,40,1,2022-03-22 09:00:05
1647939606115080000,36.9,1,36.7,5,36.9,39,1,2022-03-22 09:00:06
1647939606116401000,36.7,5,36.65,3,36.7,3,2,2022-03-22 09:00:06
1647939606145698000,36.65,3,36.6,5,36.65,106,2,2022-03-22 09:00:06
1647939606155733000,36.65,3,36.6,5,36.65,103,1,2022-03-22 09:00:06
1647939606155869000,36.65,3,36.6,5,36.65,100,1,2022-03-22 09:00:06
1647939606559721000,36.65,1,36.6,5,36.65,112,1,2022-03-22 09:00:06
1647939606565728000,36.65,20,36.6,5,36.65,92,1,2022-03-22 09:00:06
1647939606624479000,36.65,6,36.6,5,36.65,86,1,2022-03-22 09:00:06
1647939606677001000,36.6,1,36.6,4,36.65,86,2,2022-03-22 09:00:06
1647939607311654000,36.65,8,36.6,4,36.65,78,1,2022-03-22 09:00:07
1647939607335708000,36.65,10,36.6,4,36.65,68,1,2022-03-22 09:00:07
1647939607359359000,36.65,68,36.6,4,36.7,3,1,2022-03-22 09:00:07
1647939607396630000,36.7,3,36.6,4,36.85,1,1,2022-03-22 09:00:07
1647939607475751000,36.85,1,36.6,4,36.9,6,1,2022-03-22 09:00:07
1647939607475751000,36.9,34,36.6,4,36.9,6,1,2022-03-22 09:00:07
1647939607911903000,36.65,1,36.65,2,36.9,6,2,2022-03-22 09:00:07
1647939608184941000,36.9,8,36.65,2,37.0,6,1,2022-03-22 09:00:08
1647939608184941000,36.95,7,36.65,2,37.0,6,1,2022-03-22 09:00:08
1647939608184941000,37.0,65,36.65,2,37.0,6,1,2022-03-22 09:00:08
1647939608350664000,36.65,2,36.6,4,36.65,118,2,2022-03-22 09:00:08
1647939608377254000,36.65,22,36.6,4,36.65,96,1,2022-03-22 09:00:08
1647939608377257000,36.65,22,36.6,4,36.65,74,1,2022-03-22 09:00:08
1647939608377274000,36.65,22,36.6,4,36.65,52,1,2022-03-22 09:00:08
1647939608377291000,36.65,22,36.6,4,36.65,30,1,2022-03-22 09:00:08
1647939608377329000,36.65,22,36.6,4,36.65,8,1,2022-03-22 09:00:08
1647939608377345000,36.65,8,36.6,4,37.0,6,1,2022-03-22 09:00:08
1647939608385499000,36.6,3,36.6,1,37.0,6,2,2022-03-22 09:00:08
1647939608405035000,37.0,4,36.6,1,37.0,2,1,2022-03-22 09:00:08
1647939608454167000,37.0,2,36.6,1,37.05,4,1,2022-03-22 09:00:08
1647939608454167000,37.05,1,36.6,1,37.05,4,1,2022-03-22 09:00:08
1647939608675337000,37.0,1,36.65,3,37.05,3,1,2022-03-22 09:00:08
1647939608977691000,36.85,1,36.65,3,37.1,10,1,2022-03-22 09:00:08
1647939608977691000,37.05,3,36.65,3,37.1,10,1,2022-03-22 09:00:08
1647939608977691000,37.1,1,36.65,3,37.1,10,1,2022-03-22 09:00:08
1647939609002199000,37.1,3,36.65,3,37.1,7,1,2022-03-22 09:00:09
1647939609037552000,37.1,1,36.65,3,37.1,5,1,2022-03-22 09:00:09
1647939609079722000,36.8,1,36.65,3,37.1,6,1,2022-03-22 09:00:09
1647939609100971000,37.1,5,36.65,3,37.1,1,1,2022-03-22 09:00:09
1647939609181798000,37.15,4,36.85,1,37.2,6,1,2022-03-22 09:00:09
1647939609181798000,37.2,2,36.85,1,37.2,6,1,2022-03-22 09:00:09
1647939609918374000,37.2,2,36.9,1,37.2,4,1,2022-03-22 09:00:09
1647939610518615000,37.2,2,37.0,20,37.2,2,1,2022-03-22 09:00:10
1647939610860500000,37.0,2,37.0,19,37.2,2,2,2022-03-22 09:00:10
1647939611013690000,37.2,2,37.2,3,37.25,4,1,2022-03-22 09:00:11
1647939611056734000,37.2,3,37.0,24,37.25,4,2,2022-03-22 09:00:11
1647939611084027000,37.25,4,37.0,24,37.3,22,1,2022-03-22 09:00:11
1647939611084027000,37.3,16,37.0,24,37.3,22,1,2022-03-22 09:00:11
1647939611137732000,37.3,1,37.05,15,37.3,21,1,2022-03-22 09:00:11
1647939611499832000,37.3,1,37.1,14,37.3,20,1,2022-03-22 09:00:11
1647939611802383000,37.3,1,37.15,5,37.3,19,1,2022-03-22 09:00:11
1647939611948349000,37.3,19,37.15,5,37.4,28,1,2022-03-22 09:00:11
1647939611948349000,37.35,3,37.15,5,37.4,28,1,2022-03-22 09:00:11
1647939611948349000,37.4,13,37.15,5,37.4,28,1,2022-03-22 09:00:11
1647939612029330000,37.4,10,37.15,17,37.4,18,1,2022-03-22 09:00:12
1647939612118125000,37.4,1,37.2,17,37.4,17,1,2022-03-22 09:00:12
1647939612277914000,37.4,3,37.2,14,37.4,14,1,2022-03-22 09:00:12
1647939612333661000,37.4,6,37.2,14,37.4,8,1,2022-03-22 09:00:12
1647939612528394000,37.4,8,37.2,16,37.5,132,1,2022-03-22 09:00:12
1647939612528394000,37.45,1,37.2,16,37.5,132,1,2022-03-22 09:00:12
1647939612528394000,37.5,6,37.2,16,37.5,132,1,2022-03-22 09:00:12
1647939612562769000,37.5,1,37.25,13,37.5,131,1,2022-03-22 09:00:12
1647939612708155000,37.5,1,37.3,15,37.5,130,1,2022-03-22 09:00:12
1647939612805781000,37.5,12,37.3,15,37.5,118,1,2022-03-22 09:00:12
1647939612827923000,37.3,3,37.3,12,37.5,118,2,2022-03-22 09:00:12
1647939613474788000,37.5,10,37.4,2,37.5,108,1,2022-03-22 09:00:13
1647939613485984000,37.5,1,37.4,2,37.5,107,1,2022-03-22 09:00:13
1647939613495098000,37.5,1,37.4,2,37.5,106,1,2022-03-22 09:00:13
1647939613625733000,37.45,1,37.4,2,37.45,5,1,2022-03-22 09:00:13
1647939613733219000,37.4,2,37.3,13,37.45,5,2,2022-03-22 09:00:13
1647939613911115000,37.3,1,37.3,12,37.45,5,2,2022-03-22 09:00:13
1647939613941186000,37.45,1,37.3,12,37.45,4,1,2022-03-22 09:00:13
1647939613968787000,37.45,1,37.3,12,37.45,3,1,2022-03-22 09:00:13
1647939614080156000,37.45,3,37.3,12,37.5,106,1,2022-03-22 09:00:14
1647939614115353000,37.35,1,37.3,12,37.5,106,2,2022-03-22 09:00:14
1647939614149763000,37.4,1,37.3,12,37.5,106,2,2022-03-22 09:00:14
1647939614186272000,37.5,1,37.3,12,37.5,105,1,2022-03-22 09:00:14
1647939614355577000,37.45,1,37.3,12,37.45,1,1,2022-03-22 09:00:14
1647939614419806000,37.4,1,37.3,12,37.45,1,2,2022-03-22 09:00:14
1647939614523836000,37.45,1,37.3,12,37.5,98,1,2022-03-22 09:00:14
1647939614523836000,37.5,7,37.3,12,37.5,98,1,2022-03-22 09:00:14
1647939614637718000,37.5,1,37.3,12,37.5,97,1,2022-03-22 09:00:14
1647939614739092000,37.5,1,37.35,10,37.5,96,1,2022-03-22 09:00:14
1647939614783630000,37.35,8,37.35,2,37.5,96,2,2022-03-22 09:00:14
1647939615013025000,37.35,2,37.3,1,37.5,96,2,2022-03-22 09:00:15
1647939615013025000,37.3,8,37.3,1,37.5,96,2,2022-03-22 09:00:15
1647939615106667000,37.5,2,37.3,1,37.5,94,1,2022-03-22 09:00:15
1647939615157778000,37.5,1,37.3,1,37.5,93,1,2022-03-22 09:00:15
1647939615363321000,37.45,1,37.3,2,37.5,93,2,2022-03-22 09:00:15
1647939615445871000,37.5,6,37.3,2,37.5,87,1,2022-03-22 09:00:15
1647939615598123000,37.3,1,37.3,2,37.5,87,2,2022-03-22 09:00:15
1647939615635590000,37.5,1,37.3,2,37.5,86,1,2022-03-22 09:00:15
1647939615919465000,37.45,1,37.3,2,37.5,86,2,2022-03-22 09:00:15
1647939615919465000,37.35,1,37.3,2,37.5,86,2,2022-03-22 09:00:15
1647939616147813000,37.4,1,37.3,2,37.5,96,2,2022-03-22 09:00:16
1647939616194765000,37.4,1,37.3,2,37.5,96,2,2022-03-22 09:00:16
1647939616212213000,37.5,1,37.3,2,37.5,95,1,2022-03-22 09:00:16
1647939616219226000,37.3,2,37.2,3,37.5,95,2,2022-03-22 09:00:16
1647939616219226000,37.2,2,37.2,3,37.5,95,2,2022-03-22 09:00:16
1647939616257253000,37.45,1,37.45,1,37.5,95,1,2022-03-22 09:00:16
1647939616294230000,37.45,1,37.2,3,37.5,95,2,2022-03-22 09:00:16
1647939616317049000,37.45,1,37.2,3,37.5,95,2,2022-03-22 09:00:16
1647939616369706000,37.5,1,37.2,3,37.5,94,1,2022-03-22 09:00:16
1647939616519779000,37.4,1,37.2,3,37.5,94,2,2022-03-22 09:00:16
1647939616525508000,37.5,2,37.2,3,37.5,92,1,2022-03-22 09:00:16
1647939616617178000,37.5,1,37.4,1,37.5,93,1,2022-03-22 09:00:16
1647939616621911000,37.5,1,37.4,1,37.5,92,1,2022-03-22 09:00:16
1647939616622209000,37.5,2,37.4,1,37.5,90,1,2022-03-22 09:00:16
1647939616639577000,37.4,1,37.2,3,37.5,90,2,2022-03-22 09:00:16
1647939616670661000,37.5,4,37.2,3,37.5,86,1,2022-03-22 09:00:16
1647939616730417000,37.5,1,37.2,3,37.5,85,1,2022-03-22 09:00:16
1647939616827959000,37.5,4,37.2,3,37.5,81,1,2022-03-22 09:00:16
1647939616985538000,37.3,1,37.2,3,37.5,81,2,2022-03-22 09:00:16
1647939616985538000,37.2,1,37.2,3,37.5,81,2,2022-03-22 09:00:16
1647939617194431000,37.45,1,37.2,3,37.5,81,1,2022-03-22 09:00:17
1647939617215760000,37.5,3,37.45,1,37.5,78,1,2022-03-22 09:00:17
1647939617236000000,37.45,1,37.3,1,37.5,78,2,2022-03-22 09:00:17
1647939617240160000,37.5,1,37.45,1,37.5,77,1,2022-03-22 09:00:17
1647939617246458000,37.45,1,37.3,1,37.5,77,2,2022-03-22 09:00:17
1647939617269030000,37.3,1,37.3,1,37.5,77,2,2022-03-22 09:00:17
1647939617359787000,37.5,1,37.3,1,37.5,79,1,2022-03-22 09:00:17
1647939617499577000,37.5,1,37.3,1,37.5,78,1,2022-03-22 09:00:17
1647939617574814000,37.3,2,37.2,3,37.5,78,2,2022-03-22 09:00:17
1647939617596102000,37.45,1,37.2,2,37.5,78,2,2022-03-22 09:00:17
1647939617596102000,37.2,1,37.2,2,37.5,78,2,2022-03-22 09:00:17
1647939617662714000,37.3,1,37.15,3,37.2,2,2,2022-03-22 09:00:17
1647939617662714000,37.2,2,37.15,3,37.2,2,2,2022-03-22 09:00:17
1647939617708607000,37.2,2,37.15,3,37.5,78,1,2022-03-22 09:00:17
1647939617820446000,37.5,1,37.25,2,37.5,77,1,2022-03-22 09:00:17
1647939617868915000,37.5,1,37.25,2,37.5,76,1,2022-03-22 09:00:17
1647939617944344000,37.5,1,37.25,2,37.5,75,1,2022-03-22 09:00:17
1647939618047099000,37.45,2,37.25,2,37.5,74,1,2022-03-22 09:00:18
1647939618047099000,37.5,1,37.25,2,37.5,74,1,2022-03-22 09:00:18
1647939618082201000,37.25,2,37.0,28,37.5,75,2,2022-03-22 09:00:18
1647939618082201000,37.15,3,37.0,28,37.5,75,2,2022-03-22 09:00:18
1647939618082201000,37.1,14,37.0,28,37.5,75,2,2022-03-22 09:00:18
1647939618082201000,37.05,5,37.0,28,37.5,75,2,2022-03-22 09:00:18
1647939618082201000,37.0,6,37.0,28,37.5,75,2,2022-03-22 09:00:18
1647939618296954000,37.45,1,37.0,28,37.45,13,1,2022-03-22 09:00:18
1647939618356024000,37.3,1,37.0,28,37.45,24,2,2022-03-22 09:00:18
1647939618374096000,37.0,1,37.0,27,37.45,24,2,2022-03-22 09:00:18
1647939618491904000,37.3,1,37.0,27,37.45,24,2,2022-03-22 09:00:18
1647939618493985000,37.45,24,37.0,27,37.5,74,1,2022-03-22 09:00:18
1647939618493985000,37.5,1,37.0,27,37.5,74,1,2022-03-22 09:00:18
1647939618532610000,37.5,1,37.0,27,37.5,73,1,2022-03-22 09:00:18
1647939618601989000,37.45,1,37.2,1,37.5,73,1,2022-03-22 09:00:18
1647939618639977000,37.35,1,37.2,1,37.5,73,2,2022-03-22 09:00:18
1647939618650403000,37.5,1,37.2,1,37.5,72,1,2022-03-22 09:00:18
1647939618749533000,37.45,2,37.2,1,37.45,3,1,2022-03-22 09:00:18
1647939618798546000,37.3,1,37.2,1,37.3,4,1,2022-03-22 09:00:18
1647939618868058000,37.3,1,37.2,1,37.3,3,1,2022-03-22 09:00:18
1647939618875750000,37.3,1,37.2,1,37.3,2,1,2022-03-22 09:00:18
1647939619004622000,37.3,1,37.2,1,37.3,1,1,2022-03-22 09:00:19
1647939619008772000,37.3,1,37.2,1,37.45,13,1,2022-03-22 09:00:19
1647939619021470000,37.45,6,37.2,1,37.45,7,1,2022-03-22 09:00:19
1647939619307809000,37.25,1,37.25,28,37.45,7,2,2022-03-22 09:00:19
1647939619308816000,37.45,4,37.25,28,37.45,3,1,2022-03-22 09:00:19
1647939619355926000,37.45,1,37.25,16,37.45,3,1,2022-03-22 09:00:19
1647939619392106000,37.45,2,37.25,16,37.45,12,1,2022-03-22 09:00:19
1647939619404210000,37.45,10,37.25,16,37.45,2,1,2022-03-22 09:00:19
1647939619424255000,37.45,1,37.25,16,37.45,1,1,2022-03-22 09:00:19
1647939619594113000,37.25,2,37.25,14,37.4,2,2,2022-03-22 09:00:19
1647939619672499000,37.4,2,37.25,14,37.45,1,1,2022-03-22 09:00:19
1647939619757815000,37.45,2,37.25,14,37.5,116,1,2022-03-22 09:00:19
1647939619757815000,37.5,8,37.25,14,37.5,116,1,2022-03-22 09:00:19
1647939619774492000,37.5,1,37.25,14,37.5,115,1,2022-03-22 09:00:19
1647939619933630000,37.3,1,37.2,1,37.45,60,2,2022-03-22 09:00:19
1647939620078952000,37.3,5,37.2,1,37.45,75,2,2022-03-22 09:00:20
1647939620246462000,37.4,5,37.35,2,37.4,5,1,2022-03-22 09:00:20
1647939620265270000,37.35,2,37.2,1,37.4,5,2,2022-03-22 09:00:20
1647939620391109000,37.4,1,37.2,1,37.4,24,1,2022-03-22 09:00:20
1647939620455908000,37.2,1,37.15,1,37.4,24,2,2022-03-22 09:00:20
1647939620455908000,37.15,1,37.15,1,37.4,24,2,2022-03-22 09:00:20
1647939620559585000,37.4,1,37.15,1,37.4,23,1,2022-03-22 09:00:20
1647939620600267000,37.4,3,37.15,1,37.4,20,1,2022-03-22 09:00:20
1647939620603335000,37.4,2,37.15,1,37.4,18,1,2022-03-22 09:00:20
1647939620767974000,37.4,1,37.15,13,37.4,17,1,2022-03-22 09:00:20
1647939620772756000,37.4,1,37.15,13,37.4,16,1,2022-03-22 09:00:20
1647939620778131000,37.4,1,37.15,13,37.4,15,1,2022-03-22 09:00:20
1647939620941291000,37.4,8,37.15,13,37.4,7,1,2022-03-22 09:00:20
1647939621167091000,37.4,7,37.15,1,37.45,72,1,2022-03-22 09:00:21
1647939621167091000,37.45,3,37.15,1,37.45,72,1,2022-03-22 09:00:21
1647939621325554000,37.15,1,37.05,9,37.35,2,2,2022-03-22 09:00:21
1647939621325554000,37.1,7,37.05,9,37.35,2,2,2022-03-22 09:00:21
1647939621325554000,37.05,5,37.05,9,37.35,2,2,2022-03-22 09:00:21
1647939621471028000,37.3,1,37.05,9,37.3,2,1,2022-03-22 09:00:21
1647939621613068000,37.05,9,37.0,21,37.3,2,2,2022-03-22 09:00:21
1647939621613068000,37.0,9,37.0,21,37.3,2,2,2022-03-22 09:00:21
1647939621837838000,37.3,1,37.0,21,37.3,22,1,2022-03-22 09:00:21
1647939621911400000,37.2,1,37.2,2,37.3,22,2,2022-03-22 09:00:21
1647939621911450000,37.2,1,37.2,1,37.3,22,2,2022-03-22 09:00:21
1647939621911571000,37.2,1,37.0,21,37.3,22,2,2022-03-22 09:00:21
1647939622150574000,37.25,1,37.05,10,37.25,1,1,2022-03-22 09:00:22
1647939622298757000,37.25,1,37.05,10,37.25,2,1,2022-03-22 09:00:22
1647939622380658000,37.25,1,37.05,10,37.25,1,1,2022-03-22 09:00:22
1647939622433886000,37.2,1,37.05,10,37.25,1,2,2022-03-22 09:00:22
1647939622483793000,37.25,3,37.05,10,37.25,28,1,2022-03-22 09:00:22
1647939622541688000,37.2,3,37.05,10,37.25,28,2,2022-03-22 09:00:22
1647939622541704000,37.05,10,37.0,22,37.25,28,2,2022-03-22 09:00:22
1647939622582021000,37.25,1,37.0,22,37.25,27,1,2022-03-22 09:00:22
1647939622749850000,37.0,4,37.0,19,37.25,32,2,2022-03-22 09:00:22
1647939622847746000,37.0,19,36.9,4,37.15,10,2,2022-03-22 09:00:22
1647939622924158000,37.15,5,36.9,4,37.15,5,1,2022-03-22 09:00:22
1647939623106342000,37.15,5,36.9,4,37.15,2,1,2022-03-22 09:00:23
1647939623197805000,37.15,1,36.9,4,37.15,3,1,2022-03-22 09:00:23
1647939623216307000,37.15,3,37.15,2,37.25,47,1,2022-03-22 09:00:23
1647939623244788000,37.15,2,36.9,4,37.25,47,2,2022-03-22 09:00:23
1647939623291782000,37.25,3,36.9,4,37.25,44,1,2022-03-22 09:00:23
1647939623330569000,37.25,1,37.0,5,37.25,43,1,2022-03-22 09:00:23
1647939623361511000,37.2,1,37.0,5,37.25,34,1,2022-03-22 09:00:23
1647939623361511000,37.25,9,37.0,5,37.25,34,1,2022-03-22 09:00:23
1647939623489112000,37.2,1,37.2,4,37.25,38,1,2022-03-22 09:00:23
1647939623518779000,37.2,4,36.9,4,37.25,38,2,2022-03-22 09:00:23
1647939623518779000,37.0,5,36.9,4,37.25,38,2,2022-03-22 09:00:23
1647939623523490000,37.25,5,36.9,4,37.25,33,1,2022-03-22 09:00:23
1647939623664835000,37.2,8,36.9,4,37.2,3,1,2022-03-22 09:00:23
1647939623779362000,37.05,1,36.9,4,37.2,3,2,2022-03-22 09:00:23
1647939623828968000,36.9,3,36.9,1,37.2,3,2,2022-03-22 09:00:23
1647939624539414000,36.9,1,36.85,9,37.2,8,2,2022-03-22 09:00:24
1647939624545728000,37.2,1,36.85,9,37.2,7,1,2022-03-22 09:00:24
1647939624625328000,36.85,1,36.85,8,37.2,7,2,2022-03-22 09:00:24
1647939624726635000,37.0,1,36.85,8,37.2,7,2,2022-03-22 09:00:24
1647939624904730000,36.85,8,36.7,1,37.15,10,2,2022-03-22 09:00:24
1647939624904730000,36.8,2,36.7,1,37.15,10,2,2022-03-22 09:00:24
1647939625012687000,37.15,1,36.7,1,37.15,9,1,2022-03-22 09:00:25
1647939625145728000,37.15,5,36.7,1,37.15,4,1,2022-03-22 09:00:25
1647939625225993000,37.15,4,36.7,1,37.2,1,1,2022-03-22 09:00:25
1647939625225993000,37.2,6,36.7,1,37.2,1,1,2022-03-22 09:00:25
1647939625654941000,36.7,1,36.65,16,37.2,1,2,2022-03-22 09:00:25
1647939625847369000,37.1,1,36.75,2,37.1,3,1,2022-03-22 09:00:25
1647939626302232000,37.1,1,36.75,2,37.1,2,1,2022-03-22 09:00:26
1647939626339634000,37.1,1,36.75,2,37.1,1,1,2022-03-22 09:00:26
1647939626476657000,37.05,2,36.75,4,37.1,1,1,2022-03-22 09:00:26
1647939626817515000,36.9,1,36.8,2,37.1,1,1,2022-03-22 09:00:26
1647939626817515000,37.1,2,36.8,2,37.1,1,1,2022-03-22 09:00:26
1647939627334608000,36.9,1,36.75,1,37.1,13,2,2022-03-22 09:00:27
1647939627334608000,36.8,2,36.75,1,37.1,13,2,2022-03-22 09:00:27
1647939627334608000,36.75,5,36.75,1,37.1,13,2,2022-03-22 09:00:27
1647939627401990000,37.1,1,36.75,2,37.1,12,1,2022-03-22 09:00:27
1647939627690264000,37.05,1,36.9,2,37.1,12,1,2022-03-22 09:00:27
1647939627743735000,37.1,10,36.9,2,37.1,2,1,2022-03-22 09:00:27
1647939627793961000,37.1,1,36.9,2,37.1,1,1,2022-03-22 09:00:27
1647939627877182000,37.0,1,36.9,2,37.1,1,2,2022-03-22 09:00:27
1647939627885795000,37.1,1,36.9,2,37.15,10,1,2022-03-22 09:00:27
1647939627885795000,37.15,2,36.9,2,37.15,10,1,2022-03-22 09:00:27
1647939628020380000,37.05,1,36.9,2,37.15,10,2,2022-03-22 09:00:28
1647939628094488000,37.15,1,36.9,2,37.15,9,1,2022-03-22 09:00:28
1647939628123159000,36.9,2,36.85,2,37.05,1,2,2022-03-22 09:00:28
1647939628357900000,37.0,1,37.0,1,37.05,3,2,2022-03-22 09:00:28
1647939628368566000,37.0,1,36.85,2,37.05,3,2,2022-03-22 09:00:28
1647939628411611000,36.85,1,36.85,1,37.05,3,2,2022-03-22 09:00:28
1647939628523666000,36.9,1,36.85,11,37.05,3,2,2022-03-22 09:00:28
1647939628884803000,37.05,1,36.9,1,37.05,4,1,2022-03-22 09:00:28
1647939628900095000,36.9,1,36.85,11,37.05,4,2,2022-03-22 09:00:28
1647939628931679000,37.0,2,37.0,8,37.05,4,1,2022-03-22 09:00:28
1647939628962546000,37.0,8,36.85,11,37.05,4,2,2022-03-22 09:00:28
1647939629229333000,37.05,1,36.95,1,37.05,3,1,2022-03-22 09:00:29
1647939629289088000,37.05,3,36.95,1,37.1,4,1,2022-03-22 09:00:29
1647939629289088000,37.1,1,36.95,1,37.1,4,1,2022-03-22 09:00:29
1647939629303576000,37.1,4,37.1,6,37.15,8,1,2022-03-22 09:00:29
1647939629340587000,37.1,6,36.95,4,37.15,8,2,2022-03-22 09:00:29
1647939629499349000,37.15,1,36.95,4,37.15,11,1,2022-03-22 09:00:29
1647939629662924000,37.0,10,36.95,2,37.15,11,2,2022-03-22 09:00:29
1647939629662924000,36.95,2,36.95,2,37.15,11,2,2022-03-22 09:00:29
1647939629748142000,37.1,1,36.95,2,37.15,11,2,2022-03-22 09:00:29
1647939630076788000,37.0,1,37.05,1,37.15,12,1,2022-03-22 09:00:30
1647939630109281000,37.05,1,36.95,2,37.15,12,2,2022-03-22 09:00:30
1647939630198346000,37.0,1,36.95,2,37.15,12,2,2022-03-22 09:00:30
1647939630203133000,37.15,2,36.95,2,37.15,10,1,2022-03-22 09:00:30
1647939630289581000,36.95,1,36.95,1,37.15,10,2,2022-03-22 09:00:30
1647939630450348000,36.95,3,36.9,6,37.15,10,2,2022-03-22 09:00:30
1647939630450348000,36.9,1,36.9,6,37.15,10,2,2022-03-22 09:00:30
1647939630659897000,36.9,4,36.9,2,37.15,10,2,2022-03-22 09:00:30
1647939630985114000,37.1,1,36.85,11,37.15,10,2,2022-03-22 09:00:30
1647939630985114000,36.9,2,36.85,11,37.15,10,2,2022-03-22 09:00:30
1647939631457701000,36.85,1,36.85,11,37.1,8,2,2022-03-22 09:00:31
1647939631482567000,36.85,2,36.85,9,37.1,9,2,2022-03-22 09:00:31
1647939631531688000,36.85,2,36.85,7,37.1,9,2,2022-03-22 09:00:31
1647939631733941000,37.0,4,36.85,7,37.05,1,2,2022-03-22 09:00:31
1647939631733957000,36.85,7,36.8,20,37.05,1,2,2022-03-22 09:00:31
1647939631934096000,37.0,1,36.8,20,37.0,19,1,2022-03-22 09:00:31
1647939631947640000,37.0,1,36.8,20,37.0,18,1,2022-03-22 09:00:31
1647939631964146000,37.0,1,36.8,20,37.0,17,1,2022-03-22 09:00:31
1647939632049258000,37.0,3,36.8,20,37.0,14,1,2022-03-22 09:00:32
1647939632066867000,36.8,2,36.8,18,37.0,14,2,2022-03-22 09:00:32
1647939632319857000,37.0,5,36.8,18,37.0,9,1,2022-03-22 09:00:32
1647939632484753000,36.9,1,36.8,18,37.0,9,1,2022-03-22 09:00:32
1647939633084507000,36.95,1,36.8,18,36.95,1,1,2022-03-22 09:00:33
1647939633116878000,36.8,1,36.8,18,36.95,1,2,2022-03-22 09:00:33
1647939633116882000,36.8,9,36.8,9,36.95,1,2,2022-03-22 09:00:33
1647939633320016000,36.9,1,36.8,9,36.95,2,2,2022-03-22 09:00:33
1647939633407026000,36.95,2,36.8,9,37.0,5,1,2022-03-22 09:00:33
1647939633407026000,37.0,8,36.8,9,37.0,5,1,2022-03-22 09:00:33
1647939633593287000,36.85,1,36.8,9,36.95,6,1,2022-03-22 09:00:33
1647939633881896000,36.9,1,36.8,9,36.9,4,1,2022-03-22 09:00:33
1647939634051147000,36.8,10,36.8,1,36.85,2,2,2022-03-22 09:00:34
1647939634084772000,36.8,1,36.75,1,36.85,2,2,2022-03-22 09:00:34
1647939634120368000,36.85,1,36.75,1,36.85,1,1,2022-03-22 09:00:34
1647939634217649000,36.85,1,36.75,1,36.9,8,1,2022-03-22 09:00:34
1647939634217649000,36.9,2,36.75,1,36.9,8,1,2022-03-22 09:00:34
1647939634246623000,36.9,1,36.75,1,36.9,7,1,2022-03-22 09:00:34
1647939634460784000,36.9,1,36.75,1,36.9,6,1,2022-03-22 09:00:34
1647939634633077000,36.9,1,36.85,30,36.9,7,1,2022-03-22 09:00:34
1647939634687896000,36.85,1,36.85,29,36.9,7,2,2022-03-22 09:00:34
1647939634955735000,36.85,1,36.85,28,36.9,7,2,2022-03-22 09:00:34
1647939635111188000,36.9,1,36.85,28,36.9,6,1,2022-03-22 09:00:35
1647939635115359000,36.9,1,36.85,28,36.9,5,1,2022-03-22 09:00:35
1647939635118252000,36.85,7,36.85,21,36.9,5,2,2022-03-22 09:00:35
1647939635157162000,36.9,1,36.85,21,36.9,4,1,2022-03-22 09:00:35
1647939635504988000,36.9,1,36.85,22,36.9,8,1,2022-03-22 09:00:35
1647939635685407000,36.9,2,36.85,22,36.9,6,1,2022-03-22 09:00:35
1647939635724264000,36.9,1,36.85,22,36.9,5,1,2022-03-22 09:00:35
1647939635765586000,36.85,4,36.85,18,36.9,5,2,2022-03-22 09:00:35
1647939635794737000,36.9,1,36.85,18,36.9,4,1,2022-03-22 09:00:35
1647939635830602000,36.9,1,36.85,19,36.9,3,1,2022-03-22 09:00:35
1647939635930693000,36.85,1,36.85,18,36.9,3,2,2022-03-22 09:00:35
1647939635975289000,36.9,3,36.85,18,36.95,5,1,2022-03-22 09:00:35
1647939635975289000,36.95,1,36.85,18,36.95,5,1,2022-03-22 09:00:35
1647939636227897000,36.85,1,36.85,17,36.9,9,2,2022-03-22 09:00:36
1647939636240902000,36.9,1,36.85,17,36.9,8,1,2022-03-22 09:00:36
1647939636442513000,36.9,2,36.85,22,36.9,6,1,2022-03-22 09:00:36
1647939636452796000,36.9,1,36.85,22,36.9,5,1,2022-03-22 09:00:36
1647939636463308000,36.9,2,36.85,24,36.9,3,1,2022-03-22 09:00:36
1647939636489951000,36.9,2,36.85,24,36.9,1,1,2022-03-22 09:00:36
1647939636595393000,36.9,2,36.85,24,36.95,3,1,2022-03-22 09:00:36
1647939636595393000,36.95,6,36.85,24,36.95,3,1,2022-03-22 09:00:36
1647939636657580000,36.85,1,36.85,23,36.95,3,2,2022-03-22 09:00:36
1647939636704695000,36.9,1,36.85,23,37.0,20,1,2022-03-22 09:00:36
1647939636704695000,36.95,3,36.85,23,37.0,20,1,2022-03-22 09:00:36
1647939636704695000,37.0,1,36.85,23,37.0,20,1,2022-03-22 09:00:36
1647939636993253000,36.85,1,36.85,22,37.0,20,2,2022-03-22 09:00:36
1647939637177927000,37.0,1,36.9,1,37.0,19,1,2022-03-22 09:00:37
1647939637598559000,37.0,1,36.9,1,37.0,18,1,2022-03-22 09:00:37
1647939637610714000,37.0,1,36.9,1,37.0,17,1,2022-03-22 09:00:37
1647939637739421000,36.9,3,36.9,8,37.0,17,2,2022-03-22 09:00:37
1647939637806496000,36.9,5,36.9,3,37.0,17,2,2022-03-22 09:00:37
1647939637851596000,37.0,1,36.9,3,37.0,16,1,2022-03-22 09:00:37
1647939637994863000,36.9,1,36.9,2,37.0,16,2,2022-03-22 09:00:37
1647939638053125000,37.0,1,36.9,2,37.0,15,1,2022-03-22 09:00:38
1647939638067934000,36.9,2,36.85,21,37.0,15,2,2022-03-22 09:00:38
1647939638067934000,36.85,3,36.85,21,37.0,15,2,2022-03-22 09:00:38
1647939638333578000,37.0,1,36.9,1,37.0,14,1,2022-03-22 09:00:38
1647939638600190000,36.9,1,36.85,24,37.0,14,2,2022-03-22 09:00:38
1647939638844634000,36.9,1,36.85,27,37.0,14,1,2022-03-22 09:00:38
1647939639002427000,36.85,1,36.85,26,36.9,4,2,2022-03-22 09:00:39
1647939639047037000,36.9,1,36.85,26,36.9,3,1,2022-03-22 09:00:39
1647939639138431000,36.9,1,36.85,26,36.9,7,1,2022-03-22 09:00:39
1647939639167332000,36.9,1,36.85,26,36.9,6,1,2022-03-22 09:00:39
1647939639312653000,36.9,2,36.85,26,36.9,5,1,2022-03-22 09:00:39
1647939639364673000,36.9,2,36.85,26,36.9,3,1,2022-03-22 09:00:39
1647939639410763000,36.85,1,36.85,25,36.9,3,2,2022-03-22 09:00:39
1647939639442409000,36.9,1,36.85,25,36.9,2,1,2022-03-22 09:00:39
1647939639589619000,36.9,4,36.85,25,37.0,10,1,2022-03-22 09:00:39
1647939639589619000,37.0,6,36.85,25,37.0,10,1,2022-03-22 09:00:39
1647939639657611000,37.0,5,36.85,25,37.0,5,1,2022-03-22 09:00:39
1647939639797970000,37.0,1,36.85,25,37.0,4,1,2022-03-22 09:00:39
1647939639832422000,36.85,2,36.85,23,37.0,4,2,2022-03-22 09:00:39
1647939639893173000,36.85,1,36.85,22,37.0,4,2,2022-03-22 09:00:39
1647939640284563000,36.85,1,36.85,21,36.95,5,2,2022-03-22 09:00:40
1647939640432159000,36.95,1,36.85,22,36.95,4,1,2022-03-22 09:00:40
1647939640820311000,36.9,3,36.85,20,36.95,4,2,2022-03-22 09:00:40
1647939640820311000,36.85,2,36.85,20,36.95,4,2,2022-03-22 09:00:40
1647939640937652000,36.85,2,36.85,18,36.95,4,2,2022-03-22 09:00:40
1647939641001461000,36.85,1,36.85,17,36.95,4,2,2022-03-22 09:00:41
1647939641197869000,36.95,1,36.85,20,36.95,3,1,2022-03-22 09:00:41
1647939641420581000,36.85,1,36.85,19,36.95,3,2,2022-03-22 09:00:41
1647939641569559000,36.95,1,36.9,2,36.95,12,1,2022-03-22 09:00:41
1647939641583898000,36.9,2,36.85,19,36.95,12,2,2022-03-22 09:00:41
1647939641827586000,36.95,2,36.85,22,36.95,10,1,2022-03-22 09:00:41
1647939641874176000,36.95,1,36.85,22,36.95,9,1,2022-03-22 09:00:41
1647939642155288000,36.95,3,36.85,24,36.95,6,1,2022-03-22 09:00:42
1647939642247305000,36.95,2,36.85,24,36.95,4,1,2022-03-22 09:00:42
1647939642526129000,36.9,3,36.85,31,36.9,4,2,2022-03-22 09:00:42
1647939642564894000,36.9,1,36.85,31,36.9,3,1,2022-03-22 09:00:42
1647939642642512000,36.9,1,36.85,31,36.9,2,1,2022-03-22 09:00:42
1647939642977812000,36.9,1,36.85,32,36.9,1,1,2022-03-22 09:00:42
1647939643255911000,36.9,1,36.85,35,37.0,24,1,2022-03-22 09:00:43
1647939643255911000,36.95,6,36.85,35,37.0,24,1,2022-03-22 09:00:43
1647939643255911000,37.0,3,36.85,35,37.0,24,1,2022-03-22 09:00:43
1647939643323846000,36.95,1,36.85,35,36.95,3,1,2022-03-22 09:00:43
1647939643371354000,36.95,1,36.85,35,36.95,2,1,2022-03-22 09:00:43
1647939643445144000,36.95,1,36.85,35,36.95,2,1,2022-03-22 09:00:43
1647939643648845000,36.9,1,36.85,35,36.95,2,1,2022-03-22 09:00:43
1647939643678866000,36.95,1,36.85,35,36.95,1,1,2022-03-22 09:00:43
1647939644231536000,36.95,1,36.85,37,37.0,31,1,2022-03-22 09:00:44
1647939644343169000,36.9,2,36.85,38,36.9,1,1,2022-03-22 09:00:44
1647939644353222000,36.85,1,36.85,37,36.9,1,2,2022-03-22 09:00:44
1647939644445186000,36.9,1,36.85,37,37.0,32,1,2022-03-22 09:00:44
1647939644716312000,37.0,10,36.9,2,37.0,22,1,2022-03-22 09:00:44
1647939644866013000,36.95,1,36.9,3,36.95,49,2,2022-03-22 09:00:44
1647939644953862000,36.9,1,36.9,2,36.95,49,2,2022-03-22 09:00:44
1647939644979120000,36.9,2,36.85,41,36.95,49,2,2022-03-22 09:00:44
1647939644979120000,36.85,1,36.85,41,36.95,49,2,2022-03-22 09:00:44
1647939645008520000,36.95,2,36.85,41,36.95,47,1,2022-03-22 09:00:45
1647939645586242000,36.9,1,36.85,44,36.9,4,1,2022-03-22 09:00:45
1647939645590302000,36.9,2,36.85,44,36.9,2,1,2022-03-22 09:00:45
1647939646060106000,36.9,1,36.85,46,36.9,1,1,2022-03-22 09:00:46
1647939646313754000,36.9,2,36.85,48,36.9,32,1,2022-03-22 09:00:46
1647939646390267000,36.9,1,36.85,50,36.9,31,1,2022-03-22 09:00:46
1647939646411927000,36.85,1,36.85,49,36.9,31,2,2022-03-22 09:00:46
1647939646608342000,36.9,1,36.85,50,36.9,31,1,2022-03-22 09:00:46
1647939646658054000,36.85,20,36.85,30,36.9,31,2,2022-03-22 09:00:46
1647939646697332000,36.85,22,36.85,8,36.9,31,2,2022-03-22 09:00:46
1647939646697365000,36.85,8,36.8,31,36.9,31,2,2022-03-22 09:00:46
1647939646698259000,36.8,21,36.8,10,36.9,31,2,2022-03-22 09:00:46
1647939646698275000,36.8,7,36.8,3,36.9,31,2,2022-03-22 09:00:46
1647939646736553000,36.8,3,36.75,8,36.9,31,2,2022-03-22 09:00:46
1647939646795249000,36.9,5,36.75,8,36.9,28,1,2022-03-22 09:00:46
1647939646897023000,36.85,1,36.75,8,36.9,28,2,2022-03-22 09:00:46
1647939646976049000,36.75,1,36.75,7,36.9,28,2,2022-03-22 09:00:46
1647939647022770000,36.9,1,36.75,7,36.9,27,1,2022-03-22 09:00:47
1647939647055334000,36.9,1,36.75,7,36.9,29,1,2022-03-22 09:00:47
1647939647114369000,36.75,1,36.75,6,36.9,29,2,2022-03-22 09:00:47
1647939647222442000,36.75,2,36.75,4,36.9,29,2,2022-03-22 09:00:47
1647939647605206000,36.9,2,36.75,4,36.9,29,1,2022-03-22 09:00:47
1647939647639495000,36.85,1,36.75,4,36.9,29,2,2022-03-22 09:00:47
1647939647772862000,36.9,1,36.75,4,36.9,28,1,2022-03-22 09:00:47
1647939647834823000,36.85,1,36.75,4,36.9,28,2,2022-03-22 09:00:47
1647939647859603000,36.9,1,36.75,4,36.9,27,1,2022-03-22 09:00:47
1647939647859817000,36.9,1,36.75,4,36.9,26,1,2022-03-22 09:00:47
1647939648016937000,36.9,1,36.8,1,36.9,27,1,2022-03-22 09:00:48
1647939648086797000,36.85,1,36.8,1,36.9,26,1,2022-03-22 09:00:48
1647939648086797000,36.9,1,36.8,1,36.9,26,1,2022-03-22 09:00:48
1647939648307297000,36.9,2,36.85,2,36.9,24,1,2022-03-22 09:00:48
1647939648311799000,36.85,1,36.85,1,36.9,24,2,2022-03-22 09:00:48
1647939648422806000,36.9,1,36.85,1,36.9,23,1,2022-03-22 09:00:48
1647939648458102000,36.85,1,36.8,1,36.9,23,2,2022-03-22 09:00:48
1647939648750274000,36.85,2,36.8,3,36.85,1,1,2022-03-22 09:00:48
1647939648846613000,36.85,1,36.8,3,36.9,23,1,2022-03-22 09:00:48
1647939648913080000,36.8,3,36.75,4,36.9,23,2,2022-03-22 09:00:48
1647939649006624000,36.75,1,36.75,3,36.9,23,2,2022-03-22 09:00:49
1647939649117312000,36.9,1,36.75,3,36.9,22,1,2022-03-22 09:00:49
1647939649134040000,36.75,1,36.75,2,36.9,22,2,2022-03-22 09:00:49
1647939649203974000,36.75,2,36.7,3,36.9,22,2,2022-03-22 09:00:49
1647939649285587000,36.9,1,36.7,3,36.9,21,1,2022-03-22 09:00:49
1647939650237117000,36.9,3,36.8,15,36.9,18,1,2022-03-22 09:00:50
1647939650308367000,36.8,1,36.8,14,36.85,10,2,2022-03-22 09:00:50
1647939650582765000,36.85,1,36.8,16,36.85,9,1,2022-03-22 09:00:50
1647939650735136000,36.85,3,36.8,16,36.85,6,1,2022-03-22 09:00:50
1647939650898432000,36.85,1,36.8,16,36.85,6,1,2022-03-22 09:00:50
1647939650964531000,36.85,2,36.8,16,36.85,4,1,2022-03-22 09:00:50
1647939650993205000,36.85,3,36.8,16,36.85,1,1,2022-03-22 09:00:50
1647939651107408000,36.85,1,36.8,16,36.85,4,1,2022-03-22 09:00:51
1647939651152576000,36.85,1,36.8,16,36.85,3,1,2022-03-22 09:00:51
1647939651169492000,36.8,3,36.8,13,36.85,3,2,2022-03-22 09:00:51
1647939651383876000,36.85,1,36.8,13,36.85,2,1,2022-03-22 09:00:51
1647939651716325000,36.8,3,36.8,10,36.85,3,2,2022-03-22 09:00:51
1647939651769832000,36.85,1,36.8,10,36.85,2,1,2022-03-22 09:00:51
1647939651786447000,36.85,1,36.8,20,36.85,1,1,2022-03-22 09:00:51
1647939651868453000,36.85,1,36.85,1,36.9,26,1,2022-03-22 09:00:51
1647939651939388000,36.85,1,36.8,21,36.9,26,2,2022-03-22 09:00:51
1647939652007040000,36.9,3,36.8,21,36.9,23,1,2022-03-22 09:00:52
1647939652059689000,36.9,1,36.8,21,36.9,24,1,2022-03-22 09:00:52
1647939652122037000,36.9,1,36.8,21,36.9,23,1,2022-03-22 09:00:52
1647939652241165000,36.8,2,36.8,19,36.9,24,2,2022-03-22 09:00:52
1647939652457988000,36.9,1,36.8,19,36.9,23,1,2022-03-22 09:00:52
1647939652557842000,36.85,1,36.8,26,36.9,23,2,2022-03-22 09:00:52
1647939652557842000,36.8,1,36.8,26,36.9,23,2,2022-03-22 09:00:52
1647939652582595000,36.8,4,36.8,22,36.9,23,2,2022-03-22 09:00:52
1647939652639628000,36.9,2,36.8,22,36.9,21,1,2022-03-22 09:00:52
1647939652663067000,36.9,10,36.8,22,36.9,11,1,2022-03-22 09:00:52
1647939653500651000,36.8,1,36.8,31,36.85,1,2,2022-03-22 09:00:53
1647939653711760000,36.8,1,36.8,30,36.85,1,2,2022-03-22 09:00:53
1647939653938192000,36.8,1,36.8,31,36.85,1,2,2022-03-22 09:00:53
1647939654061137000,36.85,1,36.8,34,36.9,15,1,2022-03-22 09:00:54
1647939654614993000,36.9,5,36.85,2,36.9,14,1,2022-03-22 09:00:54
1647939654878133000,36.85,1,36.85,2,36.9,14,2,2022-03-22 09:00:54
1647939654985468000,36.85,1,36.85,1,36.9,25,2,2022-03-22 09:00:54
1647939655296259000,36.9,1,36.85,1,36.9,29,1,2022-03-22 09:00:55
1647939655393961000,36.85,1,36.8,40,36.9,29,2,2022-03-22 09:00:55
1647939655477764000,36.8,2,36.8,38,36.9,29,2,2022-03-22 09:00:55
1647939656129167000,36.85,2,36.8,39,36.9,36,2,2022-03-22 09:00:56
1647939656129167000,36.8,1,36.8,39,36.9,36,2,2022-03-22 09:00:56
1647939656137311000,36.9,10,36.8,39,36.9,26,1,2022-03-22 09:00:56
1647939656317483000,36.85,1,36.8,39,36.9,28,2,2022-03-22 09:00:56
1647939657131453000,36.8,3,36.8,41,36.9,30,2,2022-03-22 09:00:57
1647939657243956000,36.9,1,36.8,41,36.9,31,1,2022-03-22 09:00:57
1647939657900957000,36.9,1,36.85,1,36.9,33,1,2022-03-22 09:00:57
1647939657968822000,36.85,2,36.8,43,36.9,33,2,2022-03-22 09:00:57
1647939657971461000,36.8,1,36.8,42,36.9,33,2,2022-03-22 09:00:57
1647939658056298000,36.85,1,36.8,42,36.9,31,1,2022-03-22 09:00:58
1647939658056298000,36.9,2,36.8,42,36.9,31,1,2022-03-22 09:00:58
1647939658301109000,36.9,10,36.8,42,36.9,22,1,2022-03-22 09:00:58
1647939658834617000,36.85,1,36.8,44,36.9,34,2,2022-03-22 09:00:58
1647939658877840000,36.9,34,36.9,16,36.95,61,1,2022-03-22 09:00:58
1647939658911029000,36.95,1,36.9,16,36.95,60,1,2022-03-22 09:00:58
1647939658957607000,36.9,10,36.9,6,36.95,60,2,2022-03-22 09:00:58
1647939659051961000,36.9,5,36.9,1,36.95,60,2,2022-03-22 09:00:59
1647939659082166000,36.9,1,36.85,1,36.95,60,2,2022-03-22 09:00:59
1647939659182326000,36.85,1,36.8,42,36.95,57,2,2022-03-22 09:00:59
1647939659182326000,36.8,2,36.8,42,36.95,57,2,2022-03-22 09:00:59
1647939659271749000,36.95,1,36.8,42,36.95,56,1,2022-03-22 09:00:59
1647939659797837000,36.85,2,36.85,3,36.95,56,2,2022-03-22 09:00:59
1647939659818309000,36.85,1,36.85,2,36.95,56,2,2022-03-22 09:00:59
1647939659969994000,36.85,3,36.85,1,36.95,56,2,2022-03-22 09:00:59
1647939660242442000,36.9,3,36.85,1,36.9,7,1,2022-03-22 09:01:00
1647939660318604000,36.85,1,36.8,48,36.9,7,2,2022-03-22 09:01:00
1647939660318604000,36.8,1,36.8,48,36.9,7,2,2022-03-22 09:01:00
1647939660355090000,36.9,2,36.8,48,36.9,5,1,2022-03-22 09:01:00
1647939660508495000,36.9,5,36.8,48,36.95,56,1,2022-03-22 09:01:00
1647939660619906000,36.8,8,36.8,41,36.95,56,2,2022-03-22 09:01:00
1647939660655460000,36.85,1,36.8,41,36.95,55,1,2022-03-22 09:01:00
1647939660675523000,36.8,8,36.8,33,36.95,55,2,2022-03-22 09:01:00
1647939660813986000,36.8,1,36.8,33,36.95,55,2,2022-03-22 09:01:00
1647939661036817000,36.85,1,36.8,33,36.9,5,1,2022-03-22 09:01:01
1647939661227488000,36.85,1,36.8,44,36.9,5,1,2022-03-22 09:01:01
1647939661463745000,36.8,1,36.8,53,36.9,10,2,2022-03-22 09:01:01
1647939661677262000,36.9,1,36.8,53,36.9,9,1,2022-03-22 09:01:01
1647939661929535000,36.85,1,36.85,1,36.9,19,2,2022-03-22 09:01:01
1647939662415791000,36.9,1,36.85,8,36.9,21,1,2022-03-22 09:01:02
1647939662482975000,36.85,5,36.85,3,36.9,21,2,2022-03-22 09:01:02
1647939662642164000,36.85,1,36.85,6,36.9,21,2,2022-03-22 09:01:02
1647939662716364000,36.9,2,36.85,8,36.9,19,1,2022-03-22 09:01:02
1647939663476193000,36.85,1,36.85,33,36.9,33,2,2022-03-22 09:01:03
1647939663708391000,36.85,1,36.85,32,36.9,33,2,2022-03-22 09:01:03
1647939663739836000,36.9,1,36.85,32,36.9,32,1,2022-03-22 09:01:03
1647939663817693000,36.85,2,36.85,31,36.9,32,2,2022-03-22 09:01:03
1647939664133597000,36.9,1,36.85,31,36.9,31,1,2022-03-22 09:01:04
1647939664606128000,36.85,1,36.85,30,36.9,31,2,2022-03-22 09:01:04
1647939664717870000,36.9,15,36.85,35,36.9,16,1,2022-03-22 09:01:04
1647939664755835000,36.9,8,36.85,35,36.9,8,1,2022-03-22 09:01:04
1647939664782798000,36.9,5,36.85,35,36.9,3,1,2022-03-22 09:01:04
1647939665352546000,36.9,3,36.85,35,36.95,56,1,2022-03-22 09:01:05
1647939665352546000,36.95,2,36.85,35,36.95,56,1,2022-03-22 09:01:05
1647939665571722000,36.9,1,36.85,33,36.95,56,2,2022-03-22 09:01:05
1647939665571722000,36.85,2,36.85,33,36.95,56,2,2022-03-22 09:01:05
1647939665656246000,36.85,2,36.85,31,36.95,56,2,2022-03-22 09:01:05
1647939665689219000,36.85,1,36.85,30,36.95,56,2,2022-03-22 09:01:05
1647939665829452000,36.9,2,36.85,30,36.9,4,1,2022-03-22 09:01:05
1647939666343178000,36.9,9,36.85,32,36.95,15,1,2022-03-22 09:01:06
1647939666343178000,36.95,41,36.85,32,36.95,15,1,2022-03-22 09:01:06
1647939666430770000,36.9,1,36.85,36,36.95,15,1,2022-03-22 09:01:06
1647939666735120000,36.85,1,36.85,35,36.95,15,2,2022-03-22 09:01:06
1647939666857909000,36.9,1,36.9,14,36.95,15,1,2022-03-22 09:01:06
1647939667142988000,36.9,1,36.9,15,36.95,15,2,2022-03-22 09:01:07
1647939667168417000,36.9,1,36.9,14,36.95,15,2,2022-03-22 09:01:07
1647939667316564000,36.95,1,36.9,22,36.95,14,1,2022-03-22 09:01:07
1647939667416899000,36.95,1,36.9,22,36.95,13,1,2022-03-22 09:01:07
1647939667451328000,36.95,13,36.9,22,37.0,44,1,2022-03-22 09:01:07
1647939667931039000,36.95,1,36.95,4,37.0,44,2,2022-03-22 09:01:07
1647939667986930000,36.95,4,36.9,28,37.0,44,2,2022-03-22 09:01:07
1647939667986930000,36.9,1,36.9,28,37.0,44,2,2022-03-22 09:01:07
1647939668052437000,36.9,2,36.9,27,37.0,44,2,2022-03-22 09:01:08
1647939668313293000,36.9,2,36.9,26,37.0,45,2,2022-03-22 09:01:08
1647939668330280000,37.0,5,36.9,26,37.0,40,1,2022-03-22 09:01:08
1647939668923302000,36.95,1,36.95,7,37.0,40,2,2022-03-22 09:01:08
1647939669284379000,36.95,1,36.95,6,37.0,40,2,2022-03-22 09:01:09
1647939669729482000,37.0,45,36.95,7,37.05,52,1,2022-03-22 09:01:09
1647939670038607000,36.95,2,36.95,5,37.05,52,2,2022-03-22 09:01:10
1647939670090130000,36.95,3,36.95,2,37.05,52,2,2022-03-22 09:01:10
1647939670703352000,36.95,6,36.9,54,37.05,52,2,2022-03-22 09:01:10
1647939670703352000,36.9,4,36.9,54,37.05,52,2,2022-03-22 09:01:10
1647939671225132000,37.05,1,37.0,2,37.05,56,1,2022-03-22 09:01:11
1647939671437294000,37.05,3,37.0,2,37.05,55,1,2022-03-22 09:01:11
1647939671966179000,37.05,10,37.0,4,37.05,45,1,2022-03-22 09:01:11
1647939672057189000,37.0,1,37.0,3,37.05,45,2,2022-03-22 09:01:12
1647939672147057000,37.0,1,37.0,3,37.05,45,2,2022-03-22 09:01:12
1647939672165590000,37.0,1,37.0,2,37.05,45,2,2022-03-22 09:01:12
1647939672573854000,37.0,1,37.0,1,37.05,45,2,2022-03-22 09:01:12
1647939672890388000,37.05,1,37.0,3,37.05,44,1,2022-03-22 09:01:12
1647939672942842000,37.0,1,37.0,2,37.05,44,2,2022-03-22 09:01:12
1647939672993990000,37.05,10,37.0,2,37.05,34,1,2022-03-22 09:01:12
1647939673092003000,37.05,10,37.0,2,37.05,24,1,2022-03-22 09:01:13
1647939673114597000,37.05,5,37.0,2,37.05,19,1,2022-03-22 09:01:13
1647939673136941000,37.05,3,37.0,2,37.05,16,1,2022-03-22 09:01:13
1647939673359024000,37.0,1,37.0,1,37.05,16,2,2022-03-22 09:01:13
1647939673837334000,36.95,1,36.95,9,37.05,16,2,2022-03-22 09:01:13
1647939673955239000,37.05,2,37.0,2,37.05,15,1,2022-03-22 09:01:13
1647939674322295000,37.05,1,37.0,5,37.05,14,1,2022-03-22 09:01:14
1647939674346116000,37.0,1,37.0,4,37.05,14,2,2022-03-22 09:01:14
1647939674768059000,37.0,5,36.95,9,37.05,14,2,2022-03-22 09:01:14
1647939674768059000,36.95,1,36.95,9,37.05,14,2,2022-03-22 09:01:14
1647939674854946000,37.0,1,36.95,9,37.0,19,1,2022-03-22 09:01:14
1647939674865449000,36.95,3,36.95,6,37.0,19,2,2022-03-22 09:01:14
1647939674957507000,36.95,6,36.9,63,37.0,22,2,2022-03-22 09:01:14
1647939675319361000,37.0,1,36.9,63,37.0,21,1,2022-03-22 09:01:15
1647939675419118000,37.0,5,36.9,63,37.0,17,1,2022-03-22 09:01:15
1647939675447336000,37.0,1,36.9,63,37.0,17,1,2022-03-22 09:01:15
1647939675458179000,37.0,1,36.9,63,37.0,16,1,2022-03-22 09:01:15
1647939675739233000,37.0,1,36.95,2,37.0,20,1,2022-03-22 09:01:15
1647939675805273000,37.0,20,37.0,10,37.05,14,1,2022-03-22 09:01:15
1647939676170817000,37.05,3,37.0,12,37.05,11,1,2022-03-22 09:01:16
1647939676567403000,37.05,2,37.0,13,37.05,10,1,2022-03-22 09:01:16
1647939676597917000,37.0,1,37.0,12,37.05,10,2,2022-03-22 09:01:16
1647939676800781000,37.05,5,37.0,13,37.05,5,1,2022-03-22 09:01:16
1647939677663603000,37.0,2,37.0,17,37.05,5,2,2022-03-22 09:01:17
1647939677676180000,37.05,2,37.0,17,37.05,3,1,2022-03-22 09:01:17
1647939677698107000,37.05,2,37.0,18,37.05,1,1,2022-03-22 09:01:17
1647939677730135000,37.0,3,37.0,15,37.05,1,2,2022-03-22 09:01:17
1647939677748085000,37.05,1,37.05,4,37.1,13,1,2022-03-22 09:01:17
1647939678016822000,37.05,5,37.05,10,37.1,13,2,2022-03-22 09:01:18
1647939678148084000,37.1,5,37.05,10,37.1,8,1,2022-03-22 09:01:18
1647939678203616000,37.05,1,37.05,9,37.1,8,2,2022-03-22 09:01:18
1647939678434393000,37.1,1,37.05,9,37.1,7,1,2022-03-22 09:01:18
1647939678444429000,37.1,5,37.05,9,37.1,2,1,2022-03-22 09:01:18
1647939678533906000,37.05,5,37.05,4,37.1,2,2,2022-03-22 09:01:18
1647939678579690000,37.1,2,37.05,4,37.15,5,1,2022-03-22 09:01:18
1647939678579690000,37.15,8,37.05,4,37.15,5,1,2022-03-22 09:01:18
1647939678938478000,37.05,1,37.05,7,37.15,7,2,2022-03-22 09:01:18
1647939679148037000,37.05,1,37.05,6,37.15,7,2,2022-03-22 09:01:19
1647939679288314000,37.15,7,37.05,6,37.2,38,1,2022-03-22 09:01:19
1647939679288314000,37.2,3,37.05,6,37.2,38,1,2022-03-22 09:01:19
1647939679541804000,37.05,1,37.05,5,37.2,38,2,2022-03-22 09:01:19
1647939680060221000,37.2,3,37.05,7,37.2,35,1,2022-03-22 09:01:20
1647939680131207000,37.2,4,37.05,7,37.2,31,1,2022-03-22 09:01:20
1647939680981522000,37.1,3,37.05,6,37.2,32,2,2022-03-22 09:01:20
1647939680981522000,37.05,2,37.05,6,37.2,32,2,2022-03-22 09:01:20
1647939681065328000,37.05,5,37.05,1,37.2,32,2,2022-03-22 09:01:21
1647939681138620000,37.05,1,37.0,40,37.2,132,2,2022-03-22 09:01:21
1647939681170936000,37.2,1,37.0,40,37.2,131,1,2022-03-22 09:01:21
1647939681313069000,37.0,3,37.0,37,37.15,8,2,2022-03-22 09:01:21
1647939681364014000,37.1,1,37.05,3,37.1,4,1,2022-03-22 09:01:21
1647939681382933000,37.05,1,37.05,2,37.1,4,2,2022-03-22 09:01:21
1647939681405735000,37.05,1,37.05,1,37.1,4,2,2022-03-22 09:01:21
1647939681439545000,37.05,1,37.0,28,37.1,4,2,2022-03-22 09:01:21
1647939681439545000,37.0,9,37.0,28,37.1,4,2,2022-03-22 09:01:21
1647939681581865000,37.1,1,37.05,1,37.1,3,1,2022-03-22 09:01:21
1647939681607400000,37.05,1,37.0,28,37.1,3,2,2022-03-22 09:01:21
1647939681663792000,37.05,1,37.0,28,37.1,3,2,2022-03-22 09:01:21
1647939681725990000,37.0,1,37.0,27,37.1,3,2,2022-03-22 09:01:21
1647939681735796000,37.1,1,37.0,27,37.1,2,1,2022-03-22 09:01:21
1647939681764079000,37.0,21,37.0,6,37.1,2,2,2022-03-22 09:01:21
1647939681855111000,37.1,1,37.0,6,37.1,1,1,2022-03-22 09:01:21
1647939682359698000,37.0,1,37.0,5,37.05,8,2,2022-03-22 09:01:22
1647939682540240000,37.05,2,37.0,5,37.05,6,1,2022-03-22 09:01:22
1647939683114777000,37.0,1,37.0,6,37.05,11,2,2022-03-22 09:01:23
1647939683194886000,37.05,2,37.0,6,37.05,9,1,2022-03-22 09:01:23
1647939683211906000,37.05,1,37.0,6,37.05,8,1,2022-03-22 09:01:23
1647939683273013000,37.05,5,37.0,6,37.05,4,1,2022-03-22 09:01:23
1647939683358869000,37.05,1,37.0,11,37.05,3,1,2022-03-22 09:01:23
1647939683489786000,37.05,1,37.0,11,37.05,2,1,2022-03-22 09:01:23
1647939683534759000,37.05,1,37.0,11,37.05,1,1,2022-03-22 09:01:23
1647939683693211000,37.0,11,36.95,8,37.0,9,2,2022-03-22 09:01:23
1647939683724111000,36.95,8,36.9,96,37.0,9,2,2022-03-22 09:01:23
1647939683742638000,37.0,1,36.9,96,37.0,8,1,2022-03-22 09:01:23
1647939683793816000,37.0,1,36.9,96,37.0,7,1,2022-03-22 09:01:23
1647939683802817000,37.0,4,36.9,96,37.0,3,1,2022-03-22 09:01:23
1647939684022913000,37.0,3,36.9,96,37.05,9,1,2022-03-22 09:01:24
1647939684022913000,37.05,2,36.9,96,37.05,9,1,2022-03-22 09:01:24
1647939684309568000,37.05,1,36.9,91,37.05,8,1,2022-03-22 09:01:24
1647939684482163000,37.05,1,36.9,91,37.05,7,1,2022-03-22 09:01:24
1647939684645318000,37.0,1,36.9,91,37.05,7,2,2022-03-22 09:01:24
1647939684717721000,37.05,2,36.9,91,37.05,5,1,2022-03-22 09:01:24
1647939684813755000,37.0,1,36.9,93,37.05,5,2,2022-03-22 09:01:24
1647939685265973000,37.0,1,36.9,93,37.0,2,2,2022-03-22 09:01:25
1647939685311119000,37.0,2,36.9,93,37.05,2,1,2022-03-22 09:01:25
1647939685311119000,37.05,3,36.9,93,37.05,2,1,2022-03-22 09:01:25
1647939685416150000,37.0,1,37.0,9,37.05,2,1,2022-03-22 09:01:25
1647939685421602000,37.0,2,37.0,7,37.05,2,2,2022-03-22 09:01:25
1647939685452558000,37.0,7,36.9,93,37.05,2,2,2022-03-22 09:01:25
1647939685520142000,37.05,2,36.9,93,37.05,2,1,2022-03-22 09:01:25
1647939685717787000,37.05,1,37.0,2,37.05,1,1,2022-03-22 09:01:25
1647939685821947000,37.05,1,37.0,3,37.1,13,1,2022-03-22 09:01:25
1647939685905666000,37.0,5,36.9,93,37.0,3,2,2022-03-22 09:01:25
1647939686100689000,37.0,1,36.9,93,37.0,7,1,2022-03-22 09:01:26
1647939686128016000,36.9,3,36.9,90,37.0,7,2,2022-03-22 09:01:26
1647939686162435000,37.0,1,36.9,90,37.0,6,1,2022-03-22 09:01:26
1647939686238670000,37.0,2,36.9,90,37.0,4,1,2022-03-22 09:01:26
1647939686257311000,36.9,1,36.9,89,37.0,4,2,2022-03-22 09:01:26
1647939686315134000,37.0,1,36.9,89,37.0,3,1,2022-03-22 09:01:26
1647939686382424000,37.0,1,36.9,89,37.0,2,1,2022-03-22 09:01:26
1647939686452544000,36.95,1,36.9,89,37.0,2,2,2022-03-22 09:01:26
1647939686553978000,37.0,1,36.9,89,37.0,1,1,2022-03-22 09:01:26
1647939686757692000,36.95,2,36.9,89,37.0,1,2,2022-03-22 09:01:26
1647939686800496000,37.0,1,36.9,89,37.05,47,1,2022-03-22 09:01:26
1647939686955700000,37.0,1,36.9,89,37.0,1,1,2022-03-22 09:01:26
1647939687021692000,36.9,3,36.9,86,37.0,3,2,2022-03-22 09:01:27
1647939687088979000,37.0,3,37.0,2,37.05,57,1,2022-03-22 09:01:27
1647939687118696000,37.0,2,36.9,86,37.05,57,2,2022-03-22 09:01:27
1647939687599414000,37.0,5,37.0,4,37.05,57,2,2022-03-22 09:01:27
1647939687636727000,37.0,4,36.95,1,37.05,57,2,2022-03-22 09:01:27
1647939687653853000,37.0,1,36.95,1,37.0,1,1,2022-03-22 09:01:27
1647939687764169000,37.0,1,36.95,1,37.0,5,1,2022-03-22 09:01:27
1647939687867056000,37.0,1,36.95,1,37.0,4,1,2022-03-22 09:01:27
1647939687988297000,37.0,1,36.95,1,37.0,4,1,2022-03-22 09:01:27
1647939688007148000,37.0,1,36.95,1,37.0,3,1,2022-03-22 09:01:28
1647939688017904000,36.95,1,36.9,86,37.0,3,2,2022-03-22 09:01:28
1647939688512727000,36.95,2,36.9,86,37.05,62,1,2022-03-22 09:01:28
1647939688512727000,37.0,3,36.9,86,37.05,62,1,2022-03-22 09:01:28
1647939688514531000,36.9,63,36.9,23,37.05,62,2,2022-03-22 09:01:28
1647939688549848000,36.9,23,36.85,62,37.05,62,2,2022-03-22 09:01:28
1647939688686758000,36.9,1,36.85,62,37.0,2,2,2022-03-22 09:01:28
1647939688703590000,37.0,1,36.85,62,37.0,1,1,2022-03-22 09:01:28
1647939688845882000,37.0,2,36.85,62,37.0,1,1,2022-03-22 09:01:28
1647939688923067000,37.0,1,36.85,62,37.05,62,1,2022-03-22 09:01:28
1647939689329200000,36.85,3,36.85,59,37.05,62,2,2022-03-22 09:01:29
1647939689449951000,36.95,1,36.85,59,36.95,1,1,2022-03-22 09:01:29
1647939689513885000,36.95,1,36.85,59,37.05,63,1,2022-03-22 09:01:29
1647939689833146000,37.0,1,36.85,59,37.05,64,2,2022-03-22 09:01:29
1647939689992940000,37.0,1,36.85,59,37.0,6,1,2022-03-22 09:01:29
1647939690062368000,37.0,1,36.85,59,37.0,7,1,2022-03-22 09:01:30
1647939690327556000,36.9,1,36.85,59,37.0,7,2,2022-03-22 09:01:30
1647939690457935000,37.0,1,36.95,1,37.0,7,1,2022-03-22 09:01:30
1647939690460194000,37.0,1,36.95,1,37.0,6,1,2022-03-22 09:01:30
1647939690686917000,37.0,2,36.95,1,37.0,6,1,2022-03-22 09:01:30
1647939690791835000,37.0,2,36.95,1,37.0,8,1,2022-03-22 09:01:30
1647939690933234000,37.0,1,36.95,1,37.0,12,1,2022-03-22 09:01:30
1647939691109586000,37.0,4,36.95,1,37.0,14,1,2022-03-22 09:01:31
1647939691253902000,37.0,4,36.95,11,37.0,12,1,2022-03-22 09:01:31
1647939691377706000,36.95,5,36.95,7,37.0,14,2,2022-03-22 09:01:31
1647939691703224000,36.95,5,36.95,2,37.0,16,2,2022-03-22 09:01:31
1647939691724954000,37.0,1,36.95,2,37.0,15,1,2022-03-22 09:01:31
1647939691739704000,36.95,2,36.9,3,37.0,15,2,2022-03-22 09:01:31
1647939691756452000,37.0,3,36.9,3,37.0,12,1,2022-03-22 09:01:31
1647939692149645000,37.0,5,36.95,1,37.0,9,1,2022-03-22 09:01:32
1647939692196454000,36.95,1,36.9,3,36.95,4,2,2022-03-22 09:01:32
1647939692469471000,36.95,1,36.9,3,36.95,3,1,2022-03-22 09:01:32
1647939692518766000,36.95,1,36.9,3,36.95,2,1,2022-03-22 09:01:32
1647939692525864000,36.9,3,36.85,49,36.95,2,2,2022-03-22 09:01:32
1647939692525864000,36.85,2,36.85,49,36.95,2,2,2022-03-22 09:01:32
1647939692550728000,36.95,2,36.85,49,37.0,9,1,2022-03-22 09:01:32
1647939692866643000,37.0,1,36.85,49,37.0,10,1,2022-03-22 09:01:32
1647939693046265000,36.95,5,36.85,49,37.0,13,1,2022-03-22 09:01:33
1647939693052886000,37.0,2,36.85,49,37.0,11,1,2022-03-22 09:01:33
1647939693098963000,37.0,5,36.85,49,37.0,8,1,2022-03-22 09:01:33
1647939693421432000,36.95,1,36.9,1,37.0,18,2,2022-03-22 09:01:33
1647939693929149000,36.9,1,36.9,7,36.95,1,2,2022-03-22 09:01:33
1647939693937027000,36.95,1,36.9,7,37.0,13,1,2022-03-22 09:01:33
1647939693937027000,37.0,9,36.9,7,37.0,13,1,2022-03-22 09:01:33
1647939694224036000,36.95,1,36.95,3,37.0,13,1,2022-03-22 09:01:34
1647939694336841000,37.0,1,36.95,3,37.0,12,1,2022-03-22 09:01:34
1647939694623211000,36.95,1,36.95,2,37.0,15,2,2022-03-22 09:01:34
1647939695056061000,37.0,2,36.95,2,37.0,25,1,2022-03-22 09:01:35
1647939695133861000,37.0,1,36.95,2,37.0,28,1,2022-03-22 09:01:35
1647939695162347000,36.95,2,36.9,8,37.0,28,2,2022-03-22 09:01:35
1647939695168459000,37.0,2,36.9,8,37.0,26,1,2022-03-22 09:01:35
1647939695192542000,37.0,2,36.9,8,37.0,24,1,2022-03-22 09:01:35
1647939695317609000,36.95,1,36.9,8,36.95,6,1,2022-03-22 09:01:35
1647939695470526000,36.95,2,36.9,8,36.95,4,1,2022-03-22 09:01:35
1647939695477017000,36.95,1,36.9,8,36.95,3,1,2022-03-22 09:01:35
1647939695691275000,36.95,1,36.9,11,36.95,4,1,2022-03-22 09:01:35
1647939695694995000,36.95,2,36.9,11,36.95,2,1,2022-03-22 09:01:35
1647939695725865000,36.95,1,36.9,11,36.95,1,1,2022-03-22 09:01:35
1647939695936174000,36.95,1,36.9,11,36.95,2,1,2022-03-22 09:01:35
1647939696948683000,36.95,1,36.9,17,36.95,4,1,2022-03-22 09:01:36
1647939697068111000,36.9,2,36.9,15,36.95,5,2,2022-03-22 09:01:37
1647939697149048000,36.9,10,36.9,5,36.95,5,2,2022-03-22 09:01:37
1647939697239004000,36.95,1,36.9,5,36.95,4,1,2022-03-22 09:01:37
1647939697614208000,36.9,1,36.9,4,36.95,5,2,2022-03-22 09:01:37
1647939697627972000,36.95,1,36.9,4,36.95,4,1,2022-03-22 09:01:37
1647939697652592000,36.95,2,36.9,4,36.95,2,1,2022-03-22 09:01:37
1647939697725716000,36.95,2,36.9,7,37.0,53,1,2022-03-22 09:01:37
1647939697944219000,37.0,3,36.9,8,37.0,52,1,2022-03-22 09:01:37
1647939697995467000,37.0,3,36.9,8,37.0,59,1,2022-03-22 09:01:37
1647939698312763000,37.0,1,36.95,1,37.0,59,1,2022-03-22 09:01:38
1647939698477492000,37.0,5,36.95,1,37.0,54,1,2022-03-22 09:01:38
1647939698499056000,37.0,1,36.95,1,37.0,53,1,2022-03-22 09:01:38
1647939698654294000,36.95,1,36.9,19,37.0,55,2,2022-03-22 09:01:38
1647939698778811000,37.0,1,36.9,19,37.0,55,1,2022-03-22 09:01:38
1647939698966442000,37.0,1,36.9,19,37.0,54,1,2022-03-22 09:01:38
1647939699064765000,36.9,10,36.9,10,37.0,54,2,2022-03-22 09:01:39
1647939700769743000,36.9,2,36.9,15,36.95,289,2,2022-03-22 09:01:40
1647939700804798000,36.9,7,36.9,8,36.95,289,2,2022-03-22 09:01:40
1647939701101174000,36.95,287,36.9,8,36.95,6,1,2022-03-22 09:01:41
1647939701134377000,36.95,6,36.9,8,37.0,70,1,2022-03-22 09:01:41
1647939701285845000,36.95,1,36.9,8,37.0,71,2,2022-03-22 09:01:41
1647939701736877000,36.95,1,36.95,8,37.0,82,2,2022-03-22 09:01:41
1647939701754922000,36.95,1,36.95,7,37.0,82,2,2022-03-22 09:01:41
1647939702062605000,36.95,2,36.95,7,37.0,83,2,2022-03-22 09:01:42
1647939702245462000,36.95,2,36.95,6,37.0,83,2,2022-03-22 09:01:42
1647939702512995000,37.0,2,36.95,6,37.0,84,1,2022-03-22 09:01:42
1647939703255865000,37.0,1,36.95,6,37.0,83,1,2022-03-22 09:01:43
1647939703643868000,37.0,28,36.95,293,37.0,55,1,2022-03-22 09:01:43
1647939703677489000,37.0,52,36.95,580,37.0,3,1,2022-03-22 09:01:43
1647939703712925000,37.0,3,36.95,580,37.05,50,1,2022-03-22 09:01:43
1647939703866409000,36.95,5,36.95,575,37.05,50,2,2022-03-22 09:01:43
1647939704289252000,37.05,1,36.95,576,37.05,49,1,2022-03-22 09:01:44
1647939704335680000,37.05,30,36.95,576,37.05,29,1,2022-03-22 09:01:44
1647939704453178000,36.95,3,36.95,576,37.05,29,2,2022-03-22 09:01:44
1647939704471392000,36.95,9,36.95,567,37.05,20,2,2022-03-22 09:01:44
1647939704620363000,36.95,1,36.95,566,37.05,20,2,2022-03-22 09:01:44
1647939704916980000,37.05,1,37.0,2,37.05,19,1,2022-03-22 09:01:44
1647939704941195000,37.05,14,37.0,2,37.05,5,1,2022-03-22 09:01:44
1647939704961506000,37.05,1,37.0,2,37.05,4,1,2022-03-22 09:01:44
1647939705048011000,37.05,4,37.0,2,37.1,23,1,2022-03-22 09:01:45
1647939705325269000,37.1,1,37.0,6,37.1,22,1,2022-03-22 09:01:45
1647939705408820000,37.05,2,37.0,26,37.1,22,1,2022-03-22 09:01:45
1647939705740017000,37.0,1,37.0,27,37.1,22,2,2022-03-22 09:01:45
1647939705878689000,37.1,5,37.0,27,37.1,17,1,2022-03-22 09:01:45
1647939706063410000,37.05,1,37.05,1,37.1,17,2,2022-03-22 09:01:46
1647939706128455000,37.1,3,37.05,1,37.1,14,1,2022-03-22 09:01:46
1647939706142930000,37.05,1,37.0,27,37.1,14,2,2022-03-22 09:01:46
1647939706176722000,37.0,3,37.0,24,37.1,14,2,2022-03-22 09:01:46
1647939706191278000,37.1,1,37.0,24,37.1,13,1,2022-03-22 09:01:46
1647939706299884000,37.0,1,37.0,24,37.1,13,2,2022-03-22 09:01:46
1647939706664474000,37.0,2,37.0,24,37.1,13,2,2022-03-22 09:01:46
1647939706976868000,37.05,1,37.05,1,37.1,13,2,2022-03-22 09:01:46
1647939707134285000,37.05,1,37.0,25,37.1,13,2,2022-03-22 09:01:47
1647939707242483000,37.0,25,36.95,556,37.1,13,2,2022-03-22 09:01:47
1647939707242483000,36.95,25,36.95,556,37.1,13,2,2022-03-22 09:01:47
1647939707340082000,36.95,1,36.95,560,37.1,16,2,2022-03-22 09:01:47
1647939707507545000,37.1,10,36.95,560,37.1,6,1,2022-03-22 09:01:47
1647939707539457000,36.95,10,36.95,550,37.1,6,2,2022-03-22 09:01:47
1647939707836430000,37.0,2,37.0,4,37.1,11,2,2022-03-22 09:01:47
1647939707942030000,37.05,1,37.05,4,37.1,11,1,2022-03-22 09:01:47
1647939707950148000,37.1,1,37.05,4,37.1,10,1,2022-03-22 09:01:47
1647939708454914000,37.05,4,37.0,2,37.1,10,2,2022-03-22 09:01:48
1647939708454914000,37.0,6,37.0,2,37.1,10,2,2022-03-22 09:01:48
1647939708539402000,37.1,1,37.0,2,37.1,9,1,2022-03-22 09:01:48
1647939708603563000,37.0,1,37.0,1,37.1,9,2,2022-03-22 09:01:48
1647939708659917000,37.1,1,37.0,1,37.1,8,1,2022-03-22 09:01:48
1647939708682230000,37.1,3,37.0,1,37.1,5,1,2022-03-22 09:01:48
1647939708728872000,37.0,1,36.95,550,37.0,1,2,2022-03-22 09:01:48
1647939708770005000,37.0,1,36.95,550,37.1,5,1,2022-03-22 09:01:48
1647939709090833000,37.05,5,37.0,1,37.05,32,1,2022-03-22 09:01:49
1647939710111888000,37.05,1,37.0,8,37.05,31,1,2022-03-22 09:01:50
1647939710480964000,37.05,2,37.0,14,37.05,34,1,2022-03-22 09:01:50
1647939711121658000,37.0,3,37.0,17,37.05,34,2,2022-03-22 09:01:51
1647939711327910000,37.0,5,37.0,16,37.05,35,2,2022-03-22 09:01:51
1647939711586525000,37.05,1,37.0,54,37.05,34,1,2022-03-22 09:01:51
1647939711677854000,37.0,1,37.0,53,37.05,34,2,2022-03-22 09:01:51
1647939712214434000,37.05,1,37.0,132,37.05,33,1,2022-03-22 09:01:52
1647939712387174000,37.05,6,37.0,170,37.05,27,1,2022-03-22 09:01:52
1647939712419206000,37.0,1,37.0,170,37.05,27,2,2022-03-22 09:01:52
1647939712515472000,37.05,4,37.0,170,37.05,23,1,2022-03-22 09:01:52
1647939712523747000,37.05,10,37.0,170,37.05,13,1,2022-03-22 09:01:52
1647939712550628000,37.05,13,37.0,170,37.1,5,1,2022-03-22 09:01:52
1647939712690284000,37.05,1,37.0,170,37.15,17,1,2022-03-22 09:01:52
1647939712690284000,37.1,5,37.0,170,37.15,17,1,2022-03-22 09:01:52
1647939712690284000,37.15,4,37.0,170,37.15,17,1,2022-03-22 09:01:52
1647939712965267000,37.05,1,37.0,170,37.05,2,1,2022-03-22 09:01:52
1647939713311655000,37.0,2,37.0,168,37.05,7,2,2022-03-22 09:01:53
1647939713394150000,37.05,3,37.0,176,37.05,4,1,2022-03-22 09:01:53
1647939713448817000,37.0,1,37.0,176,37.05,4,2,2022-03-22 09:01:53
1647939713546536000,37.05,4,37.0,181,37.15,16,1,2022-03-22 09:01:53
1647939713546536000,37.15,1,37.0,181,37.15,16,1,2022-03-22 09:01:53
1647939713612086000,37.05,1,37.05,19,37.15,16,2,2022-03-22 09:01:53
1647939713683423000,37.15,1,37.05,20,37.15,15,1,2022-03-22 09:01:53
1647939713784125000,37.05,1,37.05,19,37.1,37,2,2022-03-22 09:01:53
1647939714092828000,37.05,1,37.05,69,37.1,37,2,2022-03-22 09:01:54
1647939714261483000,37.05,37,37.05,32,37.1,37,2,2022-03-22 09:01:54
1647939714621101000,37.1,2,37.05,33,37.1,35,1,2022-03-22 09:01:54
1647939714707343000,37.05,1,37.05,32,37.1,35,2,2022-03-22 09:01:54
1647939714828444000,37.05,2,37.05,35,37.1,40,2,2022-03-22 09:01:54
1647939715446993000,37.05,1,37.05,36,37.1,40,2,2022-03-22 09:01:55
1647939715529691000,37.05,1,37.05,35,37.1,40,2,2022-03-22 09:01:55
1647939715543306000,37.1,2,37.05,35,37.1,38,1,2022-03-22 09:01:55
1647939715973712000,37.05,1,37.05,8,37.1,39,2,2022-03-22 09:01:55
1647939716329029000,37.05,1,37.05,8,37.1,39,2,2022-03-22 09:01:56
1647939716477401000,37.05,6,37.05,2,37.1,39,2,2022-03-22 09:01:56
1647939716507594000,37.05,2,37.0,238,37.1,39,2,2022-03-22 09:01:56
1647939716535648000,37.1,1,37.05,1,37.1,38,1,2022-03-22 09:01:56
1647939716551044000,37.05,1,37.0,238,37.1,38,2,2022-03-22 09:01:56
1647939716717846000,37.05,1,37.05,36,37.1,38,2,2022-03-22 09:01:56
1647939716834471000,37.05,2,37.05,71,37.1,38,2,2022-03-22 09:01:56
1647939717489710000,37.1,1,37.05,146,37.1,40,1,2022-03-22 09:01:57
1647939717673947000,37.1,1,37.05,3,37.1,39,1,2022-03-22 09:01:57
1647939717751231000,37.1,2,37.05,3,37.1,37,1,2022-03-22 09:01:57
1647939717773266000,37.1,5,37.05,3,37.1,32,1,2022-03-22 09:01:57
1647939718141789000,37.05,1,37.05,3,37.1,36,2,2022-03-22 09:01:58
1647939718171124000,37.05,3,37.0,272,37.1,36,2,2022-03-22 09:01:58
1647939718190278000,37.0,1,37.0,271,37.1,36,2,2022-03-22 09:01:58
1647939718222291000,37.1,1,37.05,1,37.1,35,1,2022-03-22 09:01:58
1647939718225032000,37.05,1,37.0,271,37.1,35,2,2022-03-22 09:01:58
1647939718291369000,37.05,2,37.0,271,37.1,35,2,2022-03-22 09:01:58
1647939718349201000,37.0,1,37.0,270,37.05,37,2,2022-03-22 09:01:58
1647939718635982000,37.05,10,37.0,274,37.05,27,1,2022-03-22 09:01:58
1647939718735373000,37.05,1,37.0,274,37.05,32,1,2022-03-22 09:01:58
1647939718810378000,37.05,3,37.0,275,37.05,29,1,2022-03-22 09:01:58
1647939718880958000,37.0,1,37.0,164,37.05,29,2,2022-03-22 09:01:58
1647939718963358000,37.05,1,37.0,164,37.05,28,1,2022-03-22 09:01:58
1647939719072637000,37.05,20,37.0,165,37.05,16,1,2022-03-22 09:01:59
1647939719081669000,37.05,1,37.0,165,37.05,15,1,2022-03-22 09:01:59
1647939719118299000,37.05,1,37.0,165,37.05,14,1,2022-03-22 09:01:59
1647939719159206000,37.05,3,37.0,165,37.05,11,1,2022-03-22 09:01:59
1647939719273725000,37.05,10,37.0,165,37.05,1,1,2022-03-22 09:01:59
1647939719464134000,37.05,1,37.0,166,37.1,36,1,2022-03-22 09:01:59
1647939719469891000,37.0,6,37.0,160,37.1,36,2,2022-03-22 09:01:59
1647939719982969000,37.0,1,37.0,160,37.1,36,2,2022-03-22 09:01:59
1647939720040525000,37.0,1,37.0,159,37.1,36,2,2022-03-22 09:02:00
1647939720097971000,37.0,2,37.0,157,37.1,36,2,2022-03-22 09:02:00
1647939720120689000,37.05,1,37.0,155,37.1,36,2,2022-03-22 09:02:00
1647939720120689000,37.0,2,37.0,155,37.1,36,2,2022-03-22 09:02:00
1647939720179178000,37.1,2,37.0,155,37.1,34,1,2022-03-22 09:02:00
1647939720270183000,37.1,1,37.0,155,37.1,33,1,2022-03-22 09:02:00
1647939720408993000,37.0,20,37.0,137,37.05,1,2,2022-03-22 09:02:00
1647939720418316000,37.0,8,37.0,129,37.05,1,2,2022-03-22 09:02:00
1647939720486330000,37.0,8,37.0,121,37.05,1,2,2022-03-22 09:02:00
1647939720496844000,37.0,8,37.0,113,37.05,1,2,2022-03-22 09:02:00
1647939720528515000,37.0,17,37.0,96,37.05,1,2,2022-03-22 09:02:00
1647939720571981000,37.0,65,37.0,31,37.05,5,2,2022-03-22 09:02:00
1647939720603850000,37.0,31,36.95,50,37.05,5,2,2022-03-22 09:02:00
1647939720652998000,37.0,1,36.95,43,37.05,5,2,2022-03-22 09:02:00
1647939720652998000,36.95,7,36.95,43,37.05,5,2,2022-03-22 09:02:00
1647939720711672000,36.95,4,36.95,39,37.05,5,2,2022-03-22 09:02:00
1647939720755425000,37.05,1,36.95,39,37.05,8,1,2022-03-22 09:02:00
1647939721052272000,37.05,8,37.0,1,37.1,21,1,2022-03-22 09:02:01
1647939721052272000,37.1,12,37.0,1,37.1,21,1,2022-03-22 09:02:01
1647939721127559000,37.05,1,37.0,1,37.1,21,2,2022-03-22 09:02:01
1647939721239302000,37.0,1,36.9,60,36.95,60,2,2022-03-22 09:02:01
1647939721239302000,36.95,39,36.9,60,36.95,60,2,2022-03-22 09:02:01
1647939721258888000,36.95,2,36.9,60,36.95,58,1,2022-03-22 09:02:01
1647939721468052000,36.95,1,36.9,60,36.95,57,1,2022-03-22 09:02:01
1647939721570121000,36.95,15,36.9,60,36.95,42,1,2022-03-22 09:02:01
1647939721590997000,36.95,1,36.9,60,36.95,41,1,2022-03-22 09:02:01
1647939721691771000,36.95,1,36.9,60,36.95,40,1,2022-03-22 09:02:01
1647939721915760000,36.95,2,36.9,60,36.95,38,1,2022-03-22 09:02:01
1647939721984529000,36.95,1,36.9,60,36.95,37,1,2022-03-22 09:02:01
1647939722031194000,36.95,4,36.9,60,36.95,33,1,2022-03-22 09:02:02
1647939722048680000,36.9,1,36.9,59,36.95,33,2,2022-03-22 09:02:02
1647939722099274000,36.95,3,36.9,59,36.95,30,1,2022-03-22 09:02:02
1647939722266387000,36.9,8,36.9,51,36.95,30,2,2022-03-22 09:02:02
1647939722437883000,36.9,20,36.9,32,36.95,30,2,2022-03-22 09:02:02
1647939722722562000,36.9,1,36.9,33,36.95,30,2,2022-03-22 09:02:02
1647939722879389000,36.95,1,36.9,33,36.95,29,1,2022-03-22 09:02:02
1647939722959670000,36.9,2,36.9,31,36.95,29,2,2022-03-22 09:02:02
1647939723052481000,36.9,20,36.9,11,36.95,29,2,2022-03-22 09:02:03
1647939723102928000,36.95,1,36.9,11,36.95,28,1,2022-03-22 09:02:03
1647939723112184000,36.95,2,36.9,11,36.95,26,1,2022-03-22 09:02:03
1647939723271157000,36.9,3,36.9,8,36.95,26,2,2022-03-22 09:02:03
1647939723332900000,36.95,2,36.9,8,36.95,24,1,2022-03-22 09:02:03
1647939723417725000,36.9,1,36.9,7,36.95,24,2,2022-03-22 09:02:03
1647939723481154000,36.9,5,36.9,2,36.95,24,2,2022-03-22 09:02:03
1647939723485032000,36.95,2,36.9,2,36.95,22,1,2022-03-22 09:02:03
1647939723520215000,36.95,2,36.9,2,36.95,20,1,2022-03-22 09:02:03
1647939723542321000,36.9,2,36.85,81,36.9,28,2,2022-03-22 09:02:03
1647939723591624000,36.9,1,36.85,81,36.9,27,1,2022-03-22 09:02:03
1647939723666978000,36.9,1,36.85,81,36.9,26,1,2022-03-22 09:02:03
1647939723692353000,36.9,1,36.85,81,36.9,25,1,2022-03-22 09:02:03
1647939723711903000,36.9,2,36.85,81,36.9,23,1,2022-03-22 09:02:03
1647939723799282000,36.85,2,36.85,79,36.9,23,2,2022-03-22 09:02:03
1647939723835604000,36.9,2,36.85,79,36.9,21,1,2022-03-22 09:02:03
1647939723860972000,36.9,4,36.85,79,36.9,17,1,2022-03-22 09:02:03
1647939723944529000,36.9,5,36.85,79,36.9,12,1,2022-03-22 09:02:03
1647939723963749000,36.85,20,36.85,59,36.9,12,2,2022-03-22 09:02:03
1647939724322755000,36.9,1,36.85,59,36.9,11,1,2022-03-22 09:02:04
1647939724385059000,36.9,1,36.85,59,36.9,10,1,2022-03-22 09:02:04
1647939724571746000,36.9,1,36.85,59,36.9,9,1,2022-03-22 09:02:04
1647939724734855000,36.85,59,36.8,195,36.85,228,2,2022-03-22 09:02:04
1647939725502265000,36.8,15,36.8,179,36.85,228,2,2022-03-22 09:02:05
1647939725547876000,36.8,30,36.8,148,36.85,228,2,2022-03-22 09:02:05
1647939725577602000,36.8,1,36.8,147,36.85,228,2,2022-03-22 09:02:05
1647939725598047000,36.8,5,36.8,142,36.85,228,2,2022-03-22 09:02:05
1647939725678712000,36.85,1,36.8,142,36.85,227,1,2022-03-22 09:02:05
1647939725722339000,36.85,2,36.8,142,36.85,225,1,2022-03-22 09:02:05
1647939725829382000,36.8,1,36.8,141,36.85,235,2,2022-03-22 09:02:05
1647939726202876000,36.8,1,36.8,140,36.85,235,2,2022-03-22 09:02:06
1647939726247941000,36.8,140,36.7,140,36.75,108,2,2022-03-22 09:02:06
1647939726247941000,36.75,39,36.7,140,36.75,108,2,2022-03-22 09:02:06
1647939726260733000,36.75,5,36.7,140,36.75,103,1,2022-03-22 09:02:06
1647939726405822000,36.75,1,36.7,140,36.75,102,1,2022-03-22 09:02:06
1647939726591652000,36.7,15,36.7,125,36.75,102,2,2022-03-22 09:02:06
1647939727002100000,36.7,1,36.7,124,36.75,102,2,2022-03-22 09:02:07
1647939727353986000,36.75,1,36.7,124,36.75,101,1,2022-03-22 09:02:07
1647939727437088000,36.75,1,36.7,124,36.75,100,1,2022-03-22 09:02:07
1647939727672133000,36.75,2,36.7,124,36.75,98,1,2022-03-22 09:02:07
1647939727759297000,36.75,2,36.7,124,36.75,96,1,2022-03-22 09:02:07
1647939727787617000,36.7,1,36.7,123,36.75,96,2,2022-03-22 09:02:07
1647939727828131000,36.75,1,36.7,123,36.75,95,1,2022-03-22 09:02:07
1647939727952505000,36.7,2,36.7,121,36.75,95,2,2022-03-22 09:02:07
1647939728008203000,36.7,3,36.7,118,36.75,95,2,2022-03-22 09:02:08
1647939728082302000,36.7,20,36.7,97,36.75,95,2,2022-03-22 09:02:08
1647939728235970000,36.75,1,36.7,97,36.75,94,1,2022-03-22 09:02:08
1647939728301984000,36.7,1,36.7,96,36.75,94,2,2022-03-22 09:02:08
1647939728337892000,36.75,4,36.7,96,36.75,90,1,2022-03-22 09:02:08
1647939728412172000,36.75,1,36.7,96,36.75,89,1,2022-03-22 09:02:08
1647939728444591000,36.7,96,36.65,28,36.7,191,2,2022-03-22 09:02:08
1647939728553625000,36.7,1,36.65,28,36.7,190,1,2022-03-22 09:02:08
1647939728749139000,36.65,2,36.65,26,36.7,190,2,2022-03-22 09:02:08
1647939728779882000,36.65,26,36.6,79,36.7,190,2,2022-03-22 09:02:08
1647939728819476000,36.6,1,36.6,78,36.7,190,2,2022-03-22 09:02:08
1647939728897227000,36.6,10,36.6,68,36.7,190,2,2022-03-22 09:02:08
1647939729036505000,36.7,2,36.6,68,36.7,188,1,2022-03-22 09:02:09
1647939729082994000,36.7,1,36.6,68,36.7,187,1,2022-03-22 09:02:09
1647939729090536000,36.6,5,36.6,63,36.7,187,2,2022-03-22 09:02:09
1647939729196161000,36.6,40,36.6,23,36.7,187,2,2022-03-22 09:02:09
1647939729231108000,36.6,23,36.55,43,36.7,187,2,2022-03-22 09:02:09
1647939729536880000,36.7,30,36.55,47,36.7,157,1,2022-03-22 09:02:09
1647939729665535000,36.7,1,36.55,47,36.7,197,1,2022-03-22 09:02:09
1647939730077610000,36.65,1,36.6,10,36.7,51,1,2022-03-22 09:02:10
1647939730252507000,36.7,1,36.6,10,36.7,50,1,2022-03-22 09:02:10
1647939730256747000,36.6,5,36.6,5,36.7,50,2,2022-03-22 09:02:10
1647939730521619000,36.6,3,36.6,2,36.7,51,2,2022-03-22 09:02:10
1647939730679455000,36.6,2,36.55,46,36.7,52,2,2022-03-22 09:02:10
1647939730679455000,36.55,1,36.55,46,36.7,52,2,2022-03-22 09:02:10
1647939730705608000,36.7,1,36.55,46,36.7,51,1,2022-03-22 09:02:10
1647939730718261000,36.55,19,36.55,27,36.7,51,2,2022-03-22 09:02:10
1647939730732420000,36.7,1,36.55,27,36.7,50,1,2022-03-22 09:02:10
1647939730758371000,36.7,1,36.55,27,36.7,49,1,2022-03-22 09:02:10
1647939730810735000,36.55,2,36.55,25,36.7,49,2,2022-03-22 09:02:10
1647939730838585000,36.7,2,36.55,25,36.7,47,1,2022-03-22 09:02:10
1647939730987642000,36.55,10,36.55,15,36.7,47,2,2022-03-22 09:02:10
1647939731021276000,36.55,1,36.55,14,36.7,12,2,2022-03-22 09:02:11
1647939731037412000,36.55,3,36.55,11,36.7,12,2,2022-03-22 09:02:11
1647939731176945000,36.6,1,36.55,12,36.7,12,1,2022-03-22 09:02:11
1647939731257399000,36.55,1,36.55,11,36.7,12,2,2022-03-22 09:02:11
1647939731309233000,36.6,3,36.55,4,36.65,3,2,2022-03-22 09:02:11
1647939731309233000,36.55,7,36.55,4,36.65,3,2,2022-03-22 09:02:11
1647939731376731000,36.65,3,36.55,1,36.7,5,1,2022-03-22 09:02:11
1647939731376731000,36.7,7,36.55,1,36.7,5,1,2022-03-22 09:02:11
1647939731394296000,36.55,1,36.5,117,36.7,5,2,2022-03-22 09:02:11
1647939731394296000,36.5,1,36.5,117,36.7,5,2,2022-03-22 09:02:11
1647939731430206000,36.5,3,36.5,114,36.7,5,2,2022-03-22 09:02:11
1647939731448111000,36.7,5,36.7,45,36.75,14,1,2022-03-22 09:02:11
1647939731452841000,36.7,1,36.7,44,36.75,14,2,2022-03-22 09:02:11
1647939731471344000,36.7,5,36.7,39,36.75,14,2,2022-03-22 09:02:11
1647939731479308000,36.7,3,36.7,36,36.75,2,2,2022-03-22 09:02:11
1647939731480900000,36.75,2,36.7,36,36.8,30,1,2022-03-22 09:02:11
1647939731487183000,36.7,1,36.7,35,36.8,30,2,2022-03-22 09:02:11
1647939731498761000,36.7,10,36.7,25,36.8,30,2,2022-03-22 09:02:11
1647939731508987000,36.7,2,36.7,23,36.8,30,2,2022-03-22 09:02:11
1647939731526920000,36.7,23,36.5,112,36.75,2,2,2022-03-22 09:02:11
1647939731526920000,36.5,2,36.5,112,36.75,2,2,2022-03-22 09:02:11
1647939731603165000,36.5,5,36.5,107,36.75,14,2,2022-03-22 09:02:11
1647939731628572000,36.5,1,36.5,106,36.75,14,2,2022-03-22 09:02:11
1647939731638791000,36.5,5,36.5,101,36.75,14,2,2022-03-22 09:02:11
1647939731646146000,36.5,1,36.5,100,36.75,14,2,2022-03-22 09:02:11
1647939731821889000,36.7,1,36.65,15,36.75,6,2,2022-03-22 09:02:11
1647939731924983000,36.65,2,36.65,13,36.75,6,2,2022-03-22 09:02:11
1647939731946419000,36.65,1,36.65,12,36.75,6,2,2022-03-22 09:02:11
1647939732000344000,36.65,5,36.65,7,36.75,6,2,2022-03-22 09:02:12
1647939732029635000,36.65,5,36.65,2,36.75,6,2,2022-03-22 09:02:12
1647939732066718000,36.65,2,36.55,1,36.75,8,2,2022-03-22 09:02:12
1647939732067127000,36.55,1,36.5,95,36.75,8,2,2022-03-22 09:02:12
1647939732067127000,36.5,4,36.5,95,36.75,8,2,2022-03-22 09:02:12
1647939732146196000,36.5,2,36.5,93,36.75,20,2,2022-03-22 09:02:12
1647939732174870000,36.5,1,36.5,92,36.75,20,2,2022-03-22 09:02:12
1647939732250381000,36.55,10,36.55,25,36.65,5,2,2022-03-22 09:02:12
1647939732396664000,36.6,2,36.55,25,36.65,5,2,2022-03-22 09:02:12
1647939732406589000,36.55,1,36.55,24,36.65,5,2,2022-03-22 09:02:12
1647939732426663000,36.65,5,36.55,24,36.7,4,1,2022-03-22 09:02:12
1647939732523226000,36.55,26,36.45,4,36.5,169,2,2022-03-22 09:02:12
1647939732523226000,36.5,92,36.45,4,36.5,169,2,2022-03-22 09:02:12
1647939732528172000,36.5,15,36.45,4,36.5,154,1,2022-03-22 09:02:12
1647939732558505000,36.45,1,36.45,3,36.5,154,2,2022-03-22 09:02:12
1647939732567968000,36.45,2,36.45,1,36.5,154,2,2022-03-22 09:02:12
1647939732568447000,36.45,1,36.4,144,36.5,154,2,2022-03-22 09:02:12
1647939732634748000,36.4,1,36.4,143,36.5,154,2,2022-03-22 09:02:12
1647939732661803000,36.5,2,36.4,143,36.5,157,1,2022-03-22 09:02:12
1647939732664191000,36.5,5,36.4,143,36.5,152,1,2022-03-22 09:02:12
1647939732720850000,36.5,5,36.4,143,36.5,147,1,2022-03-22 09:02:12
1647939732724157000,36.4,1,36.4,142,36.5,147,2,2022-03-22 09:02:12
1647939732742402000,36.4,2,36.4,140,36.5,147,2,2022-03-22 09:02:12
1647939732816033000,36.5,1,36.4,140,36.5,146,1,2022-03-22 09:02:12
1647939732898906000,36.5,3,36.4,140,36.5,143,1,2022-03-22 09:02:12
1647939732966924000,36.4,4,36.4,136,36.5,143,2,2022-03-22 09:02:12
1647939732974694000,36.5,1,36.4,136,36.5,142,1,2022-03-22 09:02:12
1647939733075155000,36.45,2,36.4,136,36.5,144,2,2022-03-22 09:02:13
1647939733135383000,36.45,1,36.4,136,36.5,144,1,2022-03-22 09:02:13
1647939733148100000,36.5,2,36.4,136,36.5,142,1,2022-03-22 09:02:13
1647939733210943000,36.5,1,36.4,136,36.5,141,1,2022-03-22 09:02:13
1647939733231214000,36.4,1,36.4,135,36.5,141,2,2022-03-22 09:02:13
1647939733349155000,36.5,1,36.4,130,36.5,141,1,2022-03-22 09:02:13
1647939733362598000,36.4,1,36.4,129,36.5,141,2,2022-03-22 09:02:13
1647939733399690000,36.4,2,36.4,127,36.5,141,2,2022-03-22 09:02:13
1647939733418042000,36.4,3,36.4,124,36.5,141,2,2022-03-22 09:02:13
1647939733465407000,36.5,5,36.4,124,36.5,141,1,2022-03-22 09:02:13
1647939733503871000,36.4,1,36.4,123,36.5,141,2,2022-03-22 09:02:13
1647939733539798000,36.5,1,36.4,123,36.5,140,1,2022-03-22 09:02:13
1647939733639989000,36.5,1,36.4,123,36.5,139,1,2022-03-22 09:02:13
1647939733750303000,36.4,20,36.4,103,36.5,139,2,2022-03-22 09:02:13
1647939733785753000,36.4,1,36.4,107,36.5,139,2,2022-03-22 09:02:13
1647939733833969000,36.5,1,36.45,1,36.5,138,1,2022-03-22 09:02:13
1647939733862213000,36.45,1,36.4,102,36.5,138,2,2022-03-22 09:02:13
1647939733862213000,36.4,5,36.4,102,36.5,138,2,2022-03-22 09:02:13
1647939734063936000,36.5,5,36.4,102,36.5,133,1,2022-03-22 09:02:14
1647939734073492000,36.4,10,36.4,92,36.5,133,2,2022-03-22 09:02:14
1647939734139751000,36.5,1,36.4,92,36.5,132,1,2022-03-22 09:02:14
1647939734281690000,36.45,1,36.4,102,36.5,132,2,2022-03-22 09:02:14
1647939734480151000,36.4,35,36.4,67,36.5,132,2,2022-03-22 09:02:14
1647939734648112000,36.4,1,36.4,66,36.5,132,2,2022-03-22 09:02:14
1647939734917369000,36.45,1,36.45,4,36.5,133,2,2022-03-22 09:02:14
1647939735009506000,36.45,9,36.4,65,36.5,133,2,2022-03-22 09:02:15
1647939735009506000,36.4,1,36.4,65,36.5,133,2,2022-03-22 09:02:15
1647939735097115000,36.4,1,36.4,64,36.5,133,2,2022-03-22 09:02:15
1647939735196354000,36.4,5,36.4,59,36.5,133,2,2022-03-22 09:02:15
1647939735200873000,36.5,1,36.4,59,36.5,132,1,2022-03-22 09:02:15
1647939735366365000,36.45,5,36.4,59,36.5,12,1,2022-03-22 09:02:15
1647939735366365000,36.5,3,36.4,59,36.5,12,1,2022-03-22 09:02:15
1647939735460116000,36.4,2,36.4,57,36.5,12,2,2022-03-22 09:02:15
1647939735494591000,36.5,2,36.4,57,36.5,10,1,2022-03-22 09:02:15
1647939735613465000,36.4,5,36.4,52,36.5,10,2,2022-03-22 09:02:15
1647939735651020000,36.4,1,36.4,51,36.5,10,2,2022-03-22 09:02:15
1647939735817124000,36.4,10,36.4,41,36.5,10,2,2022-03-22 09:02:15
1647939735882213000,36.4,2,36.4,39,36.5,10,2,2022-03-22 09:02:15
1647939735925792000,36.4,1,36.4,38,36.5,10,2,2022-03-22 09:02:15
1647939736076413000,36.5,4,36.4,38,36.5,8,1,2022-03-22 09:02:16
1647939736128181000,36.4,38,36.3,13,36.5,8,2,2022-03-22 09:02:16
1647939736128181000,36.35,1,36.3,13,36.5,8,2,2022-03-22 09:02:16
1647939736128181000,36.3,1,36.3,13,36.5,8,2,2022-03-22 09:02:16
1647939736180395000,36.5,2,36.3,13,36.5,18,1,2022-03-22 09:02:16
1647939736182617000,36.5,3,36.3,13,36.5,15,1,2022-03-22 09:02:16
1647939736183592000,36.5,2,36.3,13,36.5,13,1,2022-03-22 09:02:16
1647939736185787000,36.5,1,36.3,13,36.5,12,1,2022-03-22 09:02:16
1647939736336985000,36.35,1,36.3,12,36.55,12,2,2022-03-22 09:02:16
1647939736336985000,36.3,1,36.3,12,36.55,12,2,2022-03-22 09:02:16
1647939736474083000,36.3,1,36.3,16,36.5,17,2,2022-03-22 09:02:16
1647939736501270000,36.5,2,36.3,16,36.5,15,1,2022-03-22 09:02:16
1647939736530838000,36.5,2,36.3,16,36.5,13,1,2022-03-22 09:02:16
1647939736707902000,36.4,5,36.35,4,36.5,13,1,2022-03-22 09:02:16
1647939736819117000,36.35,1,36.35,3,36.5,13,2,2022-03-22 09:02:16
1647939736823710000,36.35,2,36.35,1,36.5,13,2,2022-03-22 09:02:16
1647939736929406000,36.45,1,36.35,1,36.4,4,2,2022-03-22 09:02:16
1647939736958487000,36.4,4,36.35,1,36.5,6,1,2022-03-22 09:02:16
1647939737060342000,36.35,1,36.3,14,36.4,1,2,2022-03-22 09:02:17
1647939737060342000,36.3,2,36.3,14,36.4,1,2,2022-03-22 09:02:17
1647939737320852000,36.4,2,36.35,5,36.4,4,1,2022-03-22 09:02:17
1647939737333169000,36.35,5,36.3,12,36.4,4,2,2022-03-22 09:02:17
1647939737333169000,36.3,2,36.3,12,36.4,4,2,2022-03-22 09:02:17
1647939737341171000,36.4,4,36.3,12,36.45,1,1,2022-03-22 09:02:17
1647939737600284000,36.45,3,36.35,10,36.5,8,1,2022-03-22 09:02:17
1647939738005197000,36.35,2,36.35,8,36.4,3,2,2022-03-22 09:02:18
1647939738119529000,36.4,1,36.35,14,36.4,2,1,2022-03-22 09:02:18
1647939738156135000,36.35,1,36.35,13,36.4,2,2,2022-03-22 09:02:18
1647939738158993000,36.4,2,36.35,13,36.45,2,1,2022-03-22 09:02:18
1647939738317862000,36.45,2,36.4,3,36.5,9,1,2022-03-22 09:02:18
1647939738554011000,36.4,2,36.4,3,36.5,12,2,2022-03-22 09:02:18
1647939738576364000,36.4,1,36.4,2,36.5,12,2,2022-03-22 09:02:18
1647939738637747000,36.4,2,36.35,16,36.5,12,2,2022-03-22 09:02:18
1647939738637747000,36.35,8,36.35,16,36.5,12,2,2022-03-22 09:02:18
1647939738777916000,36.4,2,36.35,21,36.5,12,2,2022-03-22 09:02:18
1647939738781923000,36.5,1,36.35,21,36.5,11,1,2022-03-22 09:02:18
1647939738821533000,36.35,2,36.35,19,36.5,11,2,2022-03-22 09:02:18
1647939738925922000,36.5,5,36.35,19,36.5,9,1,2022-03-22 09:02:18
1647939738978544000,36.35,1,36.35,18,36.5,9,2,2022-03-22 09:02:18
1647939739196345000,36.4,1,36.4,4,36.5,9,2,2022-03-22 09:02:19
1647939739523314000,36.45,1,36.45,2,36.5,10,2,2022-03-22 09:02:19
1647939739533119000,36.5,1,36.45,2,36.5,9,1,2022-03-22 09:02:19
1647939739551125000,36.45,1,36.45,1,36.5,9,2,2022-03-22 09:02:19
1647939739586246000,36.45,1,36.4,23,36.5,9,2,2022-03-22 09:02:19
1647939739586246000,36.4,1,36.4,23,36.5,9,2,2022-03-22 09:02:19
1647939739662640000,36.4,1,36.4,22,36.45,30,2,2022-03-22 09:02:19
1647939739731844000,36.4,25,36.35,38,36.45,30,2,2022-03-22 09:02:19
1647939739731844000,36.35,5,36.35,38,36.45,30,2,2022-03-22 09:02:19
1647939739737494000,36.35,1,36.35,37,36.45,30,2,2022-03-22 09:02:19
1647939740040836000,36.45,10,36.4,5,36.45,20,1,2022-03-22 09:02:20
1647939740080430000,36.45,20,36.4,5,36.5,11,1,2022-03-22 09:02:20
1647939740164529000,36.4,3,36.4,3,36.5,11,2,2022-03-22 09:02:20
1647939740428363000,36.5,5,36.4,6,36.5,7,1,2022-03-22 09:02:20
1647939740490024000,36.4,2,36.4,4,36.5,7,2,2022-03-22 09:02:20
1647939740927736000,36.5,8,36.4,21,36.65,5,1,2022-03-22 09:02:20
1647939740927736000,36.55,11,36.4,21,36.65,5,1,2022-03-22 09:02:20
1647939740927736000,36.6,27,36.4,21,36.65,5,1,2022-03-22 09:02:20
1647939740927736000,36.65,4,36.4,21,36.65,5,1,2022-03-22 09:02:20
1647939740993537000,36.4,2,36.4,19,36.5,1,2,2022-03-22 09:02:20
1647939741016372000,36.5,1,36.4,19,36.65,5,1,2022-03-22 09:02:21
1647939741163906000,36.4,1,36.4,18,36.65,17,2,2022-03-22 09:02:21
1647939741525619000,36.4,1,36.4,18,36.45,1,2,2022-03-22 09:02:21
1647939741527138000,36.45,1,36.4,18,36.65,17,1,2022-03-22 09:02:21
1647939741572235000,36.5,1,36.45,1,36.65,17,1,2022-03-22 09:02:21
1647939741611921000,36.45,1,36.4,27,36.65,17,2,2022-03-22 09:02:21
1647939741611921000,36.4,1,36.4,27,36.65,17,2,2022-03-22 09:02:21
1647939741667805000,36.65,2,36.4,27,36.65,15,1,2022-03-22 09:02:21
1647939741852891000,36.45,1,36.45,6,36.65,15,2,2022-03-22 09:02:21
1647939742091646000,36.45,10,36.4,26,36.65,15,2,2022-03-22 09:02:22
1647939742091646000,36.4,2,36.4,26,36.65,15,2,2022-03-22 09:02:22
1647939742302048000,36.5,2,36.45,2,36.65,3,2,2022-03-22 09:02:22
1647939742302048000,36.45,1,36.45,2,36.65,3,2,2022-03-22 09:02:22
1647939742446807000,36.65,3,36.45,8,36.65,12,1,2022-03-22 09:02:22
1647939742702197000,36.45,5,36.45,38,36.65,12,2,2022-03-22 09:02:22
1647939742771781000,36.5,50,36.45,43,36.65,12,1,2022-03-22 09:02:22
1647939742867669000,36.55,1,36.55,19,36.7,27,2,2022-03-22 09:02:22
1647939742986985000,36.7,1,36.55,19,36.7,26,1,2022-03-22 09:02:22
1647939743150676000,36.55,3,36.55,16,36.7,26,2,2022-03-22 09:02:23
1647939743210202000,36.55,7,36.55,9,36.7,26,2,2022-03-22 09:02:23
1647939743218071000,36.7,1,36.55,9,36.7,25,1,2022-03-22 09:02:23
1647939743261380000,36.55,1,36.55,8,36.7,25,2,2022-03-22 09:02:23
1647939743388369000,36.55,2,36.55,6,36.7,28,2,2022-03-22 09:02:23
1647939743479944000,36.55,2,36.55,4,36.7,28,2,2022-03-22 09:02:23
1647939743480416000,36.55,1,36.55,3,36.7,28,2,2022-03-22 09:02:23
1647939743600412000,36.55,2,36.55,1,36.65,7,2,2022-03-22 09:02:23
1647939743748513000,36.65,7,36.65,43,36.7,28,1,2022-03-22 09:02:23
1647939743827780000,36.7,5,36.65,43,36.7,23,1,2022-03-22 09:02:23
1647939743932271000,36.7,1,36.65,43,36.7,22,1,2022-03-22 09:02:23
1647939744059775000,36.7,22,36.65,43,36.75,13,1,2022-03-22 09:02:24
1647939744071129000,36.65,20,36.65,23,36.75,13,2,2022-03-22 09:02:24
1647939744393231000,36.75,10,36.65,23,36.75,3,1,2022-03-22 09:02:24
1647939744493115000,36.65,1,36.65,22,36.75,3,2,2022-03-22 09:02:24
1647939744643252000,36.75,1,36.55,10,36.75,2,1,2022-03-22 09:02:24
1647939744790269000,36.75,2,36.55,12,36.8,2,1,2022-03-22 09:02:24
1647939745097282000,36.7,6,36.7,4,36.8,2,2,2022-03-22 09:02:25
1647939745132139000,36.7,4,36.6,2,36.8,2,2,2022-03-22 09:02:25
1647939745260168000,36.65,1,36.6,1,36.8,2,2,2022-03-22 09:02:25
1647939745260168000,36.6,1,36.6,1,36.8,2,2,2022-03-22 09:02:25
1647939745398939000,36.6,1,36.55,19,36.8,2,2,2022-03-22 09:02:25
1647939745506569000,36.65,2,36.55,20,36.8,2,1,2022-03-22 09:02:25
1647939745858646000,36.7,1,36.6,12,36.8,2,2,2022-03-22 09:02:25
1647939746014050000,36.65,1,36.6,14,36.75,1,1,2022-03-22 09:02:26
1647939746052342000,36.6,10,36.6,4,36.75,1,2,2022-03-22 09:02:26
1647939746320401000,36.6,1,36.6,5,36.75,1,2,2022-03-22 09:02:26
1647939746392552000,36.6,3,36.6,2,36.75,1,2,2022-03-22 09:02:26
1647939746760677000,36.75,1,36.6,4,36.75,1,1,2022-03-22 09:02:26
1647939747050799000,36.6,3,36.6,15,36.75,1,2,2022-03-22 09:02:27
1647939747056572000,36.6,5,36.6,10,36.75,1,2,2022-03-22 09:02:27
1647939747071406000,36.75,1,36.6,10,36.9,4,1,2022-03-22 09:02:27
1647939747071406000,36.8,7,36.6,10,36.9,4,1,2022-03-22 09:02:27
1647939747071406000,36.85,6,36.6,10,36.9,4,1,2022-03-22 09:02:27
1647939747071406000,36.9,1,36.6,10,36.9,4,1,2022-03-22 09:02:27
1647939747744230000,36.65,1,36.65,4,36.8,2,2,2022-03-22 09:02:27
1647939747798893000,36.65,4,36.55,5,36.8,2,2,2022-03-22 09:02:27
1647939747798893000,36.6,11,36.55,5,36.8,2,2,2022-03-22 09:02:27
1647939747798893000,36.55,15,36.55,5,36.8,2,2,2022-03-22 09:02:27
1647939747799420000,36.8,2,36.55,5,36.9,4,1,2022-03-22 09:02:27
1647939747814967000,36.9,4,36.65,2,37.0,103,1,2022-03-22 09:02:27
1647939747814967000,36.95,9,36.65,2,37.0,103,1,2022-03-22 09:02:27
1647939747814967000,37.0,1,36.65,2,37.0,103,1,2022-03-22 09:02:27
1647939747863968000,37.0,3,36.65,2,37.0,100,1,2022-03-22 09:02:27
1647939747936214000,37.0,4,36.65,2,37.0,96,1,2022-03-22 09:02:27
1647939747993500000,36.65,2,36.55,5,36.8,5,2,2022-03-22 09:02:27
1647939748547776000,36.65,1,36.65,2,36.8,25,2,2022-03-22 09:02:28
1647939748826681000,36.75,1,36.65,2,36.8,26,2,2022-03-22 09:02:28
1647939749056356000,36.8,1,36.65,2,36.8,27,1,2022-03-22 09:02:29
1647939749384280000,36.8,1,36.65,2,36.8,26,1,2022-03-22 09:02:29
1647939749402436000,36.65,2,36.6,6,36.8,28,2,2022-03-22 09:02:29
1647939749402436000,36.6,1,36.6,6,36.8,28,2,2022-03-22 09:02:29
1647939749642609000,36.8,1,36.6,12,36.8,27,1,2022-03-22 09:02:29
1647939749730299000,36.6,1,36.6,11,36.65,3,2,2022-03-22 09:02:29
1647939750028482000,36.6,5,36.6,8,36.65,3,2,2022-03-22 09:02:30
1647939750294386000,36.65,2,36.6,8,36.65,1,1,2022-03-22 09:02:30
1647939750317576000,36.65,1,36.6,8,36.7,5,1,2022-03-22 09:02:30
1647939750393466000,36.65,2,36.6,8,36.7,5,2,2022-03-22 09:02:30
1647939750559568000,36.65,1,36.6,8,36.65,5,1,2022-03-22 09:02:30
1647939750729665000,36.65,1,36.6,13,36.65,4,1,2022-03-22 09:02:30
1647939750896479000,36.65,1,36.6,13,36.65,3,1,2022-03-22 09:02:30
1647939751020651000,36.65,1,36.6,13,36.65,2,1,2022-03-22 09:02:31
1647939751031631000,36.65,2,36.6,13,36.8,39,1,2022-03-22 09:02:31
1647939751031631000,36.7,5,36.6,13,36.8,39,1,2022-03-22 09:02:31
1647939751031631000,36.75,13,36.6,13,36.8,39,1,2022-03-22 09:02:31
1647939751505367000,36.8,10,36.65,4,36.8,29,1,2022-03-22 09:02:31
1647939751758144000,36.75,1,36.65,4,36.75,2,1,2022-03-22 09:02:31
1647939752186437000,36.65,5,36.6,15,36.7,2,2,2022-03-22 09:02:32
1647939752523693000,36.65,1,36.6,15,36.7,2,2,2022-03-22 09:02:32
1647939753143781000,36.7,2,36.65,12,36.75,5,1,2022-03-22 09:02:33
1647939753143781000,36.75,1,36.65,12,36.75,5,1,2022-03-22 09:02:33
1647939753935039000,36.75,1,36.7,3,36.75,5,1,2022-03-22 09:02:33
1647939754320027000,36.75,1,36.7,4,36.75,4,1,2022-03-22 09:02:34
1647939754347008000,36.7,5,36.7,1,36.75,4,2,2022-03-22 09:02:34
1647939754745762000,36.75,1,36.7,1,36.75,4,1,2022-03-22 09:02:34
1647939755018975000,36.75,5,36.7,1,36.8,26,1,2022-03-22 09:02:35
1647939755018975000,36.8,15,36.7,1,36.8,26,1,2022-03-22 09:02:35
1647939755139818000,36.7,1,36.65,17,36.7,3,2,2022-03-22 09:02:35
1647939755226540000,36.7,1,36.65,17,36.7,2,1,2022-03-22 09:02:35
1647939755254815000,36.7,1,36.65,17,36.7,1,1,2022-03-22 09:02:35
1647939755312794000,36.7,1,36.65,17,36.75,2,1,2022-03-22 09:02:35
1647939755430882000,36.65,5,36.65,16,36.75,2,2,2022-03-22 09:02:35
1647939755443367000,36.65,5,36.65,11,36.75,2,2,2022-03-22 09:02:35
1647939755660475000,36.7,1,36.65,8,36.75,4,2,2022-03-22 09:02:35
1647939755660475000,36.65,4,36.65,8,36.75,4,2,2022-03-22 09:02:35
1647939755776832000,36.65,3,36.65,5,36.75,5,2,2022-03-22 09:02:35
1647939755866533000,36.75,5,36.75,15,36.8,26,1,2022-03-22 09:02:35
1647939755896126000,36.75,2,36.75,13,36.8,26,2,2022-03-22 09:02:35
1647939755897428000,36.75,13,36.65,5,36.8,26,2,2022-03-22 09:02:35
1647939756023807000,36.75,1,36.65,6,36.75,1,1,2022-03-22 09:02:36
1647939756624639000,36.75,2,36.65,7,36.8,23,1,2022-03-22 09:02:36
1647939756624639000,36.8,8,36.65,7,36.8,23,1,2022-03-22 09:02:36
1647939756898424000,36.7,1,36.65,3,36.7,3,1,2022-03-22 09:02:36
1647939756972149000,36.7,3,36.65,5,36.75,7,1,2022-03-22 09:02:36
1647939756972149000,36.75,2,36.65,5,36.75,7,1,2022-03-22 09:02:36
1647939757005280000,36.75,1,36.65,5,36.75,7,1,2022-03-22 09:02:37
1647939757137418000,36.75,2,36.65,9,36.75,6,1,2022-03-22 09:02:37
1647939757328543000,36.75,1,36.7,1,36.75,5,1,2022-03-22 09:02:37
1647939757557837000,36.7,1,36.65,20,36.75,8,2,2022-03-22 09:02:37
1647939758360036000,36.7,5,36.65,21,36.7,5,1,2022-03-22 09:02:38
1647939758404225000,36.7,5,36.65,21,36.75,15,1,2022-03-22 09:02:38
1647939758455657000,36.65,8,36.65,13,36.75,15,2,2022-03-22 09:02:38
1647939758601990000,36.7,1,36.65,13,36.7,9,1,2022-03-22 09:02:38
1647939758954957000,36.7,1,36.65,13,36.7,19,1,2022-03-22 09:02:38
1647939759097107000,36.7,3,36.65,13,36.7,16,1,2022-03-22 09:02:39
1647939759165006000,36.7,1,36.65,13,36.7,15,1,2022-03-22 09:02:39
1647939759478976000,36.65,14,36.6,39,36.65,27,2,2022-03-22 09:02:39
1647939759482779000,36.65,2,36.6,39,36.65,25,1,2022-03-22 09:02:39
1647939760135120000,36.65,1,36.6,41,36.65,24,1,2022-03-22 09:02:40
1647939760592228000,36.6,3,36.6,149,36.65,24,2,2022-03-22 09:02:40
1647939760759515000,36.65,1,36.6,149,36.65,23,1,2022-03-22 09:02:40
1647939760800825000,36.65,1,36.6,149,36.65,22,1,2022-03-22 09:02:40
1647939760822413000,36.65,1,36.6,148,36.65,21,1,2022-03-22 09:02:40
1647939760961169000,36.65,3,36.6,148,36.65,18,1,2022-03-22 09:02:40
1647939761124921000,36.65,1,36.6,148,36.65,17,1,2022-03-22 09:02:41
1647939761125164000,36.6,1,36.6,147,36.65,17,2,2022-03-22 09:02:41
1647939761156750000,36.65,5,36.6,147,36.65,12,1,2022-03-22 09:02:41
1647939761246640000,36.65,2,36.6,147,36.65,10,1,2022-03-22 09:02:41
1647939761391251000,36.65,1,36.6,147,36.65,9,1,2022-03-22 09:02:41
1647939761399788000,36.65,3,36.6,147,36.65,6,1,2022-03-22 09:02:41
1647939761439888000,36.65,1,36.6,147,36.65,5,1,2022-03-22 09:02:41
1647939761472588000,36.65,1,36.6,147,36.65,4,1,2022-03-22 09:02:41
1647939761689274000,36.65,3,36.6,148,36.65,1,1,2022-03-22 09:02:41
1647939761721961000,36.65,1,36.6,148,36.7,22,1,2022-03-22 09:02:41
1647939761725739000,36.7,3,36.6,148,36.7,19,1,2022-03-22 09:02:41
1647939762084612000,36.7,5,36.65,1,36.7,15,1,2022-03-22 09:02:42
1647939762416661000,36.7,3,36.65,1,36.7,12,1,2022-03-22 09:02:42
1647939762544472000,36.65,2,36.65,1,36.7,12,2,2022-03-22 09:02:42
1647939762691439000,36.65,1,36.6,152,36.7,12,2,2022-03-22 09:02:42
1647939762691528000,36.6,1,36.6,151,36.7,12,2,2022-03-22 09:02:42
1647939762697204000,36.6,1,36.6,150,36.7,12,2,2022-03-22 09:02:42
1647939762948680000,36.65,5,36.6,151,36.7,2,1,2022-03-22 09:02:42
1647939762948680000,36.7,10,36.6,151,36.7,2,1,2022-03-22 09:02:42
1647939763090198000,36.7,2,36.65,2,36.75,32,1,2022-03-22 09:02:43
1647939763109934000,36.65,2,36.6,151,36.75,32,2,2022-03-22 09:02:43
1647939763479848000,36.65,4,36.6,140,36.75,34,2,2022-03-22 09:02:43
1647939763479848000,36.6,11,36.6,140,36.75,34,2,2022-03-22 09:02:43
1647939763545790000,36.7,2,36.65,1,36.75,34,2,2022-03-22 09:02:43
1647939763830799000,36.65,2,36.65,2,36.7,3,2,2022-03-22 09:02:43
1647939763861824000,36.65,2,36.6,140,36.7,3,2,2022-03-22 09:02:43
1647939764034320000,36.7,4,36.7,11,36.75,34,1,2022-03-22 09:02:44
1647939764064404000,36.7,11,36.6,143,36.75,34,2,2022-03-22 09:02:44
1647939764118948000,36.6,1,36.6,143,36.75,34,2,2022-03-22 09:02:44
1647939764468991000,36.7,1,36.65,4,36.7,1,1,2022-03-22 09:02:44
1647939764978613000,36.65,1,36.65,8,36.7,34,2,2022-03-22 09:02:44
1647939765035025000,36.65,2,36.65,6,36.7,34,2,2022-03-22 09:02:45
1647939765137465000,36.7,1,36.65,9,36.7,40,1,2022-03-22 09:02:45
1647939765336573000,36.65,1,36.65,8,36.7,40,2,2022-03-22 09:02:45
1647939765572850000,36.65,2,36.65,6,36.7,41,2,2022-03-22 09:02:45
1647939766095679000,36.65,1,36.65,18,36.7,45,2,2022-03-22 09:02:46
1647939766111145000,36.7,1,36.65,18,36.7,44,1,2022-03-22 09:02:46
1647939766142909000,36.65,14,36.65,4,36.7,44,2,2022-03-22 09:02:46
1647939766155413000,36.7,3,36.65,4,36.7,41,1,2022-03-22 09:02:46
1647939766987004000,36.7,1,36.65,13,36.7,43,1,2022-03-22 09:02:46
1647939767046700000,36.65,1,36.65,12,36.7,43,2,2022-03-22 09:02:47
1647939767376681000,36.7,1,36.65,13,36.7,42,1,2022-03-22 09:02:47
1647939767632378000,36.65,1,36.65,14,36.7,42,2,2022-03-22 09:02:47
1647939767807278000,36.65,10,36.65,4,36.7,43,2,2022-03-22 09:02:47
1647939767843089000,36.65,4,36.6,166,36.7,43,2,2022-03-22 09:02:47
1647939767897032000,36.7,10,36.65,5,36.7,33,1,2022-03-22 09:02:47
1647939768142436000,36.7,3,36.65,6,36.7,30,1,2022-03-22 09:02:48
1647939768284245000,36.65,2,36.65,4,36.7,30,2,2022-03-22 09:02:48
1647939768871536000,36.7,1,36.65,6,36.7,36,1,2022-03-22 09:02:48
1647939769122149000,36.65,1,36.65,9,36.7,36,2,2022-03-22 09:02:49
1647939769214343000,36.65,5,36.65,4,36.7,36,2,2022-03-22 09:02:49
1647939769235308000,36.7,1,36.65,4,36.7,35,1,2022-03-22 09:02:49
1647939769471090000,36.7,1,36.65,5,36.7,35,1,2022-03-22 09:02:49
1647939769653084000,36.7,2,36.65,5,36.7,33,1,2022-03-22 09:02:49
1647939769917777000,36.65,2,36.65,4,36.7,33,2,2022-03-22 09:02:49
1647939770305738000,36.65,1,36.65,3,36.7,36,2,2022-03-22 09:02:50
1647939770587907000,36.7,3,36.65,8,36.7,33,1,2022-03-22 09:02:50
1647939771149324000,36.7,1,36.65,9,36.7,32,1,2022-03-22 09:02:51
1647939771305344000,36.7,1,36.65,9,36.7,30,1,2022-03-22 09:02:51
1647939771457513000,36.7,1,36.65,9,36.7,29,1,2022-03-22 09:02:51
1647939771754833000,36.65,9,36.65,12,36.7,31,2,2022-03-22 09:02:51
1647939771843066000,36.7,30,36.65,12,36.7,1,1,2022-03-22 09:02:51
1647939772041867000,36.65,3,36.65,9,36.7,2,2,2022-03-22 09:02:52
1647939772579038000,36.65,5,36.65,14,36.7,66,2,2022-03-22 09:02:52
1647939773579259000,36.7,10,36.65,22,36.7,62,1,2022-03-22 09:02:53
1647939773609871000,36.65,22,36.6,146,36.7,62,2,2022-03-22 09:02:53
1647939773609871000,36.6,58,36.6,146,36.7,62,2,2022-03-22 09:02:53
1647939773808400000,36.65,1,36.6,146,36.7,63,1,2022-03-22 09:02:53
1647939773901096000,36.65,2,36.6,146,36.7,63,2,2022-03-22 09:02:53
1647939774261558000,36.65,2,36.6,147,36.65,4,2,2022-03-22 09:02:54
1647939774608530000,36.65,1,36.6,149,36.65,3,1,2022-03-22 09:02:54
1647939774649630000,36.65,1,36.6,149,36.65,2,1,2022-03-22 09:02:54
1647939774668772000,36.65,1,36.6,149,36.65,1,1,2022-03-22 09:02:54
1647939774769590000,36.65,1,36.6,149,36.7,64,1,2022-03-22 09:02:54
1647939774883593000,36.65,1,36.6,149,36.7,64,2,2022-03-22 09:02:54
1647939774939774000,36.65,3,36.6,149,36.7,74,2,2022-03-22 09:02:54
1647939774959161000,36.7,2,36.6,149,36.7,72,1,2022-03-22 09:02:54
1647939775070295000,36.65,1,36.6,149,36.7,72,2,2022-03-22 09:02:55
1647939775175192000,36.6,7,36.6,142,36.7,82,2,2022-03-22 09:02:55
1647939776002271000,36.65,1,36.65,4,36.7,87,2,2022-03-22 09:02:56
1647939776430644000,36.65,1,36.65,3,36.7,88,2,2022-03-22 09:02:56
1647939776832765000,36.65,5,36.55,26,36.6,138,2,2022-03-22 09:02:56
1647939776832765000,36.6,144,36.55,26,36.6,138,2,2022-03-22 09:02:56
1647939776850431000,36.6,1,36.55,26,36.6,137,1,2022-03-22 09:02:56
1647939776915515000,36.6,1,36.55,26,36.6,136,1,2022-03-22 09:02:56
1647939777487758000,36.55,1,36.55,25,36.6,136,2,2022-03-22 09:02:57
1647939777634087000,36.6,1,36.55,25,36.6,135,1,2022-03-22 09:02:57
1647939777871261000,36.6,1,36.55,25,36.65,10,2,2022-03-22 09:02:57
1647939777969169000,36.55,1,36.55,24,36.65,6,2,2022-03-22 09:02:57
1647939778110675000,36.55,3,36.55,21,36.65,6,2,2022-03-22 09:02:58
1647939778202325000,36.65,1,36.55,21,36.65,5,1,2022-03-22 09:02:58
1647939778507829000,36.55,2,36.55,19,36.65,5,2,2022-03-22 09:02:58
1647939778748699000,36.55,1,36.55,18,36.65,12,2,2022-03-22 09:02:58
1647939778971200000,36.55,10,36.55,8,36.65,12,2,2022-03-22 09:02:58
1647939779005863000,36.55,8,36.5,43,36.65,15,2,2022-03-22 09:02:59
1647939779410920000,36.55,1,36.55,5,36.6,1,2,2022-03-22 09:02:59
1647939779445005000,36.6,1,36.55,5,36.65,11,1,2022-03-22 09:02:59
1647939779445005000,36.65,4,36.55,5,36.65,11,1,2022-03-22 09:02:59
1647939780276432000,36.55,6,36.5,37,36.6,24,2,2022-03-22 09:03:00
1647939780276432000,36.5,14,36.5,37,36.6,24,2,2022-03-22 09:03:00
1647939780348126000,36.6,1,36.5,37,36.6,23,1,2022-03-22 09:03:00
1647939780435611000,36.5,1,36.5,32,36.6,25,2,2022-03-22 09:03:00
1647939780642275000,36.5,3,36.5,29,36.6,33,2,2022-03-22 09:03:00
1647939780708843000,36.55,1,36.5,28,36.6,33,2,2022-03-22 09:03:00
1647939780708843000,36.5,1,36.5,28,36.6,33,2,2022-03-22 09:03:00
1647939780770476000,36.6,3,36.5,28,36.6,38,1,2022-03-22 09:03:00
1647939780820107000,36.5,20,36.5,8,36.6,38,2,2022-03-22 09:03:00
1647939780831286000,36.5,1,36.5,7,36.6,38,2,2022-03-22 09:03:00
1647939780845927000,36.5,7,36.45,18,36.6,38,2,2022-03-22 09:03:00
1647939780968250000,36.6,10,36.45,18,36.6,34,1,2022-03-22 09:03:00
1647939781819762000,36.6,3,36.5,7,36.6,39,1,2022-03-22 09:03:01
1647939782254691000,36.55,1,36.5,10,36.55,6,1,2022-03-22 09:03:02
1647939782619918000,36.55,7,36.5,11,36.55,4,1,2022-03-22 09:03:02
1647939782698599000,36.55,1,36.5,11,36.55,3,1,2022-03-22 09:03:02
1647939782897266000,36.5,11,36.45,10,36.5,14,2,2022-03-22 09:03:02
1647939782925516000,36.45,1,36.45,9,36.5,14,2,2022-03-22 09:03:02
1647939783002468000,36.5,1,36.45,9,36.5,13,1,2022-03-22 09:03:03
1647939784731087000,36.5,5,36.45,9,36.5,10,1,2022-03-22 09:03:04
1647939784970824000,36.5,1,36.45,9,36.5,10,1,2022-03-22 09:03:04
1647939785075492000,36.5,10,36.45,9,36.5,2,1,2022-03-22 09:03:05
1647939785119414000,36.5,2,36.45,9,36.55,5,1,2022-03-22 09:03:05
1647939785170241000,36.55,1,36.45,9,36.55,4,1,2022-03-22 09:03:05
1647939785184898000,36.45,1,36.45,8,36.55,4,2,2022-03-22 09:03:05
1647939785569342000,36.55,1,36.5,11,36.55,3,1,2022-03-22 09:03:05
1647939785883997000,36.5,12,36.45,11,36.5,8,2,2022-03-22 09:03:05
1647939785909321000,36.5,4,36.45,11,36.5,4,1,2022-03-22 09:03:05
1647939785957849000,36.5,1,36.45,11,36.5,3,1,2022-03-22 09:03:05
1647939786030876000,36.45,10,36.45,1,36.5,3,2,2022-03-22 09:03:06
1647939786170130000,36.5,1,36.45,1,36.5,2,1,2022-03-22 09:03:06
1647939786229097000,36.45,1,36.4,89,36.5,2,2,2022-03-22 09:03:06
1647939786229097000,36.4,4,36.4,89,36.5,2,2,2022-03-22 09:03:06
1647939786495188000,36.5,1,36.45,11,36.5,1,1,2022-03-22 09:03:06
1647939786706427000,36.5,1,36.45,11,36.55,34,1,2022-03-22 09:03:06
1647939786706427000,36.55,9,36.45,11,36.55,34,1,2022-03-22 09:03:06
1647939786989783000,36.5,1,36.5,1,36.55,34,2,2022-03-22 09:03:06
1647939787010351000,36.55,2,36.5,1,36.55,32,1,2022-03-22 09:03:07
1647939787020389000,36.5,1,36.45,11,36.55,32,2,2022-03-22 09:03:07
1647939787330048000,36.45,1,36.45,14,36.5,2,2,2022-03-22 09:03:07
1647939787369297000,36.45,5,36.45,9,36.5,2,2,2022-03-22 09:03:07
1647939787943680000,36.5,3,36.45,13,36.55,33,1,2022-03-22 09:03:07
1647939787943680000,36.55,2,36.45,13,36.55,33,1,2022-03-22 09:03:07
1647939787956354000,36.55,2,36.45,13,36.55,31,1,2022-03-22 09:03:07
1647939788416603000,36.45,1,36.45,10,36.5,2,2,2022-03-22 09:03:08
1647939788478026000,36.45,5,36.45,6,36.5,2,2,2022-03-22 09:03:08
1647939788669443000,36.45,1,36.45,5,36.5,4,2,2022-03-22 09:03:08
1647939788961898000,36.45,1,36.45,5,36.5,4,2,2022-03-22 09:03:08
1647939789177355000,36.5,1,36.45,5,36.5,3,1,2022-03-22 09:03:09
1647939789356459000,36.5,3,36.45,5,36.55,34,1,2022-03-22 09:03:09
1647939789404069000,36.45,1,36.45,4,36.55,34,2,2022-03-22 09:03:09
1647939789739761000,36.5,1,36.45,4,36.5,4,1,2022-03-22 09:03:09
1647939789926931000,36.5,1,36.45,6,36.5,3,1,2022-03-22 09:03:09
1647939790262731000,36.45,5,36.45,2,36.5,4,2,2022-03-22 09:03:10
1647939790319082000,36.5,4,36.5,1,36.55,34,1,2022-03-22 09:03:10
1647939790342352000,36.5,1,36.45,2,36.55,34,2,2022-03-22 09:03:10
1647939790661597000,36.5,1,36.5,1,36.55,34,2,2022-03-22 09:03:10
1647939790705844000,36.55,3,36.5,1,36.55,31,1,2022-03-22 09:03:10
1647939790846167000,36.5,1,36.4,91,36.55,32,2,2022-03-22 09:03:10
1647939790846167000,36.45,5,36.4,91,36.55,32,2,2022-03-22 09:03:10
1647939790846167000,36.4,9,36.4,91,36.55,32,2,2022-03-22 09:03:10
1647939791056007000,36.5,1,36.45,2,36.55,32,2,2022-03-22 09:03:11
1647939791224168000,36.45,2,36.4,90,36.5,2,2,2022-03-22 09:03:11
1647939791224168000,36.4,1,36.4,90,36.5,2,2,2022-03-22 09:03:11
1647939791241105000,36.4,1,36.4,89,36.5,2,2,2022-03-22 09:03:11
1647939791454417000,36.5,2,36.4,89,36.55,31,1,2022-03-22 09:03:11
1647939791454417000,36.55,3,36.4,89,36.55,31,1,2022-03-22 09:03:11
1647939791742714000,36.5,1,36.45,4,36.5,1,2,2022-03-22 09:03:11
1647939792238825000,36.5,1,36.5,4,36.55,35,1,2022-03-22 09:03:12
1647939792269302000,36.5,4,36.45,3,36.55,35,2,2022-03-22 09:03:12
1647939792269302000,36.45,1,36.45,3,36.55,35,2,2022-03-22 09:03:12
1647939792447048000,36.45,1,36.45,3,36.5,1,2,2022-03-22 09:03:12
1647939792684597000,36.45,3,36.4,82,36.5,3,2,2022-03-22 09:03:12
1647939792845746000,36.5,1,36.4,82,36.5,2,1,2022-03-22 09:03:12
1647939793003974000,36.45,2,36.45,6,36.5,2,2,2022-03-22 09:03:13
1647939793652869000,36.45,1,36.45,11,36.5,2,2,2022-03-22 09:03:13
1647939793726405000,36.45,3,36.45,8,36.5,2,2,2022-03-22 09:03:13
1647939793900189000,36.45,8,36.4,76,36.5,2,2,2022-03-22 09:03:13
1647939793900189000,36.4,7,36.4,76,36.5,2,2,2022-03-22 09:03:13
1647939794065490000,36.5,2,36.45,3,36.55,49,1,2022-03-22 09:03:14
1647939794065490000,36.55,1,36.45,3,36.55,49,1,2022-03-22 09:03:14
1647939794420962000,36.45,1,36.45,3,36.5,11,2,2022-03-22 09:03:14
1647939794453627000,36.45,1,36.45,2,36.5,11,2,2022-03-22 09:03:14
1647939794623479000,36.45,3,36.4,78,36.5,18,2,2022-03-22 09:03:14
1647939794624055000,36.4,3,36.4,75,36.5,18,2,2022-03-22 09:03:14
1647939794718017000,36.5,1,36.45,1,36.5,17,1,2022-03-22 09:03:14
1647939794881895000,36.5,1,36.45,1,36.5,16,1,2022-03-22 09:03:14
1647939794884485000,36.45,1,36.4,75,36.5,22,2,2022-03-22 09:03:14
1647939795449753000,36.45,4,36.4,59,36.5,26,2,2022-03-22 09:03:15
1647939795449753000,36.4,16,36.4,59,36.5,26,2,2022-03-22 09:03:15
1647939795495501000,36.4,1,36.4,58,36.5,26,2,2022-03-22 09:03:15
1647939795631758000,36.5,1,36.4,58,36.5,26,1,2022-03-22 09:03:15
1647939795809317000,36.5,2,36.4,58,36.5,30,1,2022-03-22 09:03:15
1647939796129649000,36.45,2,36.45,2,36.5,40,2,2022-03-22 09:03:16
1647939796237811000,36.5,1,36.45,2,36.5,39,1,2022-03-22 09:03:16
1647939796345443000,36.45,1,36.45,1,36.5,39,2,2022-03-22 09:03:16
1647939796357266000,36.45,1,36.4,51,36.5,39,2,2022-03-22 09:03:16
1647939796357266000,36.4,9,36.4,51,36.5,39,2,2022-03-22 09:03:16
1647939796429285000,36.4,1,36.4,50,36.5,39,2,2022-03-22 09:03:16
1647939796520459000,36.45,1,36.4,50,36.45,9,1,2022-03-22 09:03:16
1647939796814539000,36.45,9,36.4,51,36.45,1,1,2022-03-22 09:03:16
1647939796887394000,36.45,1,36.4,52,36.5,44,1,2022-03-22 09:03:16
1647939797158903000,36.45,1,36.4,52,36.45,1,1,2022-03-22 09:03:17
1647939797180731000,36.4,1,36.4,52,36.45,1,2,2022-03-22 09:03:17
1647939797277864000,36.45,1,36.4,52,36.5,44,1,2022-03-22 09:03:17
1647939797419336000,36.4,2,36.4,50,36.45,1,2,2022-03-22 09:03:17
1647939797614457000,36.45,1,36.4,53,36.5,44,1,2022-03-22 09:03:17
1647939797787722000,36.5,10,36.4,54,36.5,34,1,2022-03-22 09:03:17
1647939797788979000,36.5,2,36.4,54,36.5,32,1,2022-03-22 09:03:17
1647939798012227000,36.5,5,36.4,55,36.5,27,1,2022-03-22 09:03:18
1647939798145965000,36.5,1,36.45,1,36.5,26,1,2022-03-22 09:03:18
1647939798304560000,36.45,1,36.4,55,36.5,26,2,2022-03-22 09:03:18
1647939798331863000,36.4,5,36.4,50,36.45,1,2,2022-03-22 09:03:18
1647939798347422000,36.45,1,36.4,50,36.5,26,1,2022-03-22 09:03:18
1647939798443044000,36.4,30,36.4,20,36.5,26,2,2022-03-22 09:03:18
1647939798547894000,36.45,1,36.4,20,36.5,26,1,2022-03-22 09:03:18
1647939798618916000,36.5,2,36.4,20,36.5,24,1,2022-03-22 09:03:18
1647939798738418000,36.4,1,36.4,19,36.5,24,2,2022-03-22 09:03:18
1647939798742450000,36.5,3,36.4,19,36.5,21,1,2022-03-22 09:03:18
1647939798750242000,36.5,5,36.4,19,36.5,16,1,2022-03-22 09:03:18
1647939799498875000,36.45,2,36.4,31,36.5,18,2,2022-03-22 09:03:19
1647939799683053000,36.5,1,36.45,2,36.5,17,1,2022-03-22 09:03:19
1647939800036672000,36.45,3,36.45,6,36.5,17,2,2022-03-22 09:03:20
1647939800288741000,36.45,6,36.4,19,36.5,17,2,2022-03-22 09:03:20
1647939800288741000,36.4,14,36.4,19,36.5,17,2,2022-03-22 09:03:20
1647939800579173000,36.5,1,36.4,21,36.5,19,1,2022-03-22 09:03:20
1647939800581097000,36.5,2,36.4,21,36.5,17,1,2022-03-22 09:03:20
1647939800608164000,36.5,2,36.4,21,36.5,15,1,2022-03-22 09:03:20
1647939800645698000,36.4,3,36.4,18,36.5,15,2,2022-03-22 09:03:20
1647939801054231000,36.45,1,36.4,18,36.45,4,1,2022-03-22 09:03:21
1647939801256653000,36.4,5,36.4,13,36.45,4,2,2022-03-22 09:03:21
1647939801470558000,36.45,1,36.4,43,36.45,3,1,2022-03-22 09:03:21
1647939801525931000,36.45,1,36.4,43,36.45,2,1,2022-03-22 09:03:21
1647939801675524000,36.45,2,36.45,6,36.5,22,1,2022-03-22 09:03:21
1647939801711967000,36.45,6,36.4,44,36.5,22,2,2022-03-22 09:03:21
1647939801968022000,36.4,20,36.4,36,36.45,6,2,2022-03-22 09:03:21
