ts,close,volume,bid_price,bid_volume,ask_price,ask_volume,tick_type,datetime
1647939600328046000,20.0,1091,19.95,4,20.0,17,1,2022-03-22 09:00:00
1647939600413758000,19.95,1,19.95,3,20.0,17,2,2022-03-22 09:00:00
1647939600456374000,20.0,12,19.95,3,20.0,5,1,2022-03-22 09:00:00
1647939600539045000,20.0,5,19.95,3,20.05,111,1,2022-03-22 09:00:00
1647939600658724000,20.05,5,19.95,3,20.05,106,1,2022-03-22 09:00:00
1647939600833493000,20.05,100,19.95,3,20.05,6,1,2022-03-22 09:00:00
1647939600870865000,20.05,6,19.95,3,20.1,17,1,2022-03-22 09:00:00
1647939601077132000,19.95,3,19.9,63,20.1,17,2,2022-03-22 09:00:01
1647939601077132000,19.9,12,19.9,63,20.1,17,2,2022-03-22 09:00:01
1647939601233998000,20.0,2,19.9,56,20.05,1,2,2022-03-22 09:00:01
1647939601233998000,19.9,7,19.9,56,20.05,1,2,2022-03-22 09:00:01
1647939601310127000,19.9,6,19.9,50,20.05,1,2,2022-03-22 09:00:01
1647939601585309000,20.05,1,20.05,4,20.1,17,1,2022-03-22 09:00:01
1647939601646797000,20.1,1,20.05,4,20.1,16,1,2022-03-22 09:00:01
1647939601721086000,20.05,1,20.05,3,20.1,16,2,2022-03-22 09:00:01
1647939602018967000,20.05,3,20.0,1,20.1,16,2,2022-03-22 09:00:02
1647939602018967000,20.0,2,20.0,1,20.1,16,2,2022-03-22 09:00:02
1647939602257320000,20.1,3,20.0,1,20.1,13,1,2022-03-22 09:00:02
1647939602286156000,20.1,4,20.0,1,20.1,9,1,2022-03-22 09:00:02
1647939602286460000,20.1,9,20.0,1,20.15,9,1,2022-03-22 09:00:02
1647939602503163000,20.0,1,19.95,26,20.15,9,2,2022-03-22 09:00:02
1647939602573373000,20.05,2,20.05,4,20.15,14,2,2022-03-22 09:00:02
1647939602839232000,20.1,5,20.1,1,20.15,14,2,2022-03-22 09:00:02
1647939602883417000,20.1,1,20.05,24,20.15,14,2,2022-03-22 09:00:02
1647939602922110000,20.05,2,20.05,22,20.15,14,2,2022-03-22 09:00:02
1647939603041626000,20.1,1,20.1,5,20.15,14,2,2022-03-22 09:00:03
1647939603455583000,20.15,6,20.1,5,20.15,8,1,2022-03-22 09:00:03
1647939603489259000,20.15,7,20.1,5,20.15,1,1,2022-03-22 09:00:03
1647939603504114000,20.1,2,20.1,3,20.15,1,2,2022-03-22 09:00:03
1647939603519765000,20.15,1,20.1,3,20.2,16,1,2022-03-22 09:00:03
1647939604384643000,20.15,1,20.15,11,20.2,16,2,2022-03-22 09:00:04
1647939604781661000,20.2,6,20.15,23,20.2,10,1,2022-03-22 09:00:04
1647939604814392000,20.2,3,20.15,23,20.2,7,1,2022-03-22 09:00:04
1647939604814818000,20.2,7,20.15,23,20.25,13,1,2022-03-22 09:00:04
1647939604968829000,20.2,1,20.2,5,20.25,13,2,2022-03-22 09:00:04
1647939605335073000,20.2,3,20.2,2,20.25,13,2,2022-03-22 09:00:05
1647939605562748000,20.25,5,20.2,3,20.25,8,1,2022-03-22 09:00:05
1647939605592892000,20.25,6,20.2,3,20.25,2,1,2022-03-22 09:00:05
1647939605922723000,20.25,2,20.2,3,20.3,8,1,2022-03-22 09:00:05
1647939605936007000,20.3,3,20.2,3,20.3,5,1,2022-03-22 09:00:05
1647939605973263000,20.2,3,20.15,24,20.3,5,2,2022-03-22 09:00:05
1647939606137218000,20.2,3,20.2,2,20.3,5,2,2022-03-22 09:00:06
1647939606334504000,20.2,5,20.2,3,20.3,5,2,2022-03-22 09:00:06
1647939606663869000,20.3,3,20.2,3,20.3,2,1,2022-03-22 09:00:06
1647939606847207000,20.3,1,20.2,3,20.3,1,1,2022-03-22 09:00:06
1647939607146820000,20.25,4,20.2,3,20.25,1,1,2022-03-22 09:00:07
1647939607179303000,20.25,1,20.2,3,20.35,39,1,2022-03-22 09:00:07
1647939607179303000,20.3,1,20.2,3,20.35,39,1,2022-03-22 09:00:07
1647939607179303000,20.35,2,20.2,3,20.35,39,1,2022-03-22 09:00:07
1647939607635327000,20.2,3,20.15,24,20.3,1,2,2022-03-22 09:00:07
1647939607635327000,20.15,2,20.15,24,20.3,1,2,2022-03-22 09:00:07
1647939607829958000,20.3,1,20.2,1,20.35,39,1,2022-03-22 09:00:07
1647939608066889000,20.25,1,20.2,1,20.25,19,2,2022-03-22 09:00:08
1647939608116445000,20.25,1,20.2,1,20.25,18,1,2022-03-22 09:00:08
1647939608428198000,20.25,1,20.2,1,20.25,17,1,2022-03-22 09:00:08
1647939608430424000,20.25,1,20.2,1,20.25,16,1,2022-03-22 09:00:08
1647939608731353000,20.25,1,20.2,2,20.25,15,1,2022-03-22 09:00:08
1647939609654882000,20.2,5,20.2,2,20.25,15,2,2022-03-22 09:00:09
1647939609879906000,20.25,1,20.2,2,20.25,14,1,2022-03-22 09:00:09
1647939610315242000,20.25,10,20.2,3,20.25,4,1,2022-03-22 09:00:10
1647939610535870000,20.25,1,20.2,3,20.25,3,1,2022-03-22 09:00:10
1647939610537783000,20.25,3,20.2,3,20.3,6,1,2022-03-22 09:00:10
1647939611138925000,20.3,2,20.25,1,20.3,4,1,2022-03-22 09:00:11
1647939611228615000,20.3,1,20.25,1,20.3,3,1,2022-03-22 09:00:11
1647939611479459000,20.3,1,20.25,1,20.3,2,1,2022-03-22 09:00:11
1647939611643355000,20.3,1,20.25,1,20.3,1,1,2022-03-22 09:00:11
1647939612058125000,20.3,1,20.25,3,20.35,39,1,2022-03-22 09:00:12
1647939612175775000,20.25,3,20.2,2,20.35,39,2,2022-03-22 09:00:12
1647939612175775000,20.2,2,20.2,2,20.35,39,2,2022-03-22 09:00:12
1647939612226370000,20.2,1,20.2,1,20.35,39,2,2022-03-22 09:00:12
1647939612321616000,20.35,1,20.2,3,20.35,38,1,2022-03-22 09:00:12
1647939612380095000,20.35,1,20.2,3,20.35,37,1,2022-03-22 09:00:12
1647939612601341000,20.3,2,20.15,25,20.2,1,2,2022-03-22 09:00:12
1647939612601341000,20.2,7,20.15,25,20.2,1,2,2022-03-22 09:00:12
1647939612613110000,20.2,1,20.15,25,20.35,37,1,2022-03-22 09:00:12
1647939612824202000,20.3,1,20.15,25,20.35,37,2,2022-03-22 09:00:12
1647939613127578000,20.3,1,20.15,25,20.35,37,1,2022-03-22 09:00:13
1647939613520298000,20.35,1,20.25,1,20.35,36,1,2022-03-22 09:00:13
1647939613707737000,20.35,1,20.25,12,20.35,35,1,2022-03-22 09:00:13
1647939613802121000,20.35,1,20.25,12,20.35,34,1,2022-03-22 09:00:13
1647939614024503000,20.35,3,20.25,12,20.35,31,1,2022-03-22 09:00:14
1647939614215636000,20.35,2,20.3,5,20.35,29,1,2022-03-22 09:00:14
1647939614303087000,20.3,3,20.3,2,20.35,29,2,2022-03-22 09:00:14
1647939614848986000,20.35,1,20.3,3,20.35,48,1,2022-03-22 09:00:14
1647939614896074000,20.35,5,20.3,3,20.35,43,1,2022-03-22 09:00:14
1647939615114301000,20.3,3,20.25,15,20.35,43,2,2022-03-22 09:00:15
1647939615542764000,20.3,3,20.3,7,20.35,43,2,2022-03-22 09:00:15
1647939615661959000,20.35,1,20.3,7,20.35,42,1,2022-03-22 09:00:15
1647939615858923000,20.35,1,20.3,9,20.35,41,1,2022-03-22 09:00:15
1647939616145531000,20.35,1,20.3,9,20.35,50,1,2022-03-22 09:00:16
1647939616147754000,20.3,2,20.3,7,20.35,50,2,2022-03-22 09:00:16
1647939616176999000,20.3,7,20.25,17,20.35,50,2,2022-03-22 09:00:16
1647939616269127000,20.25,1,20.25,16,20.35,50,2,2022-03-22 09:00:16
1647939616463347000,20.25,5,20.25,11,20.35,50,2,2022-03-22 09:00:16
1647939616528213000,20.35,1,20.25,11,20.35,49,1,2022-03-22 09:00:16
1647939616628882000,20.3,1,20.25,11,20.35,45,1,2022-03-22 09:00:16
1647939616628882000,20.35,4,20.25,11,20.35,45,1,2022-03-22 09:00:16
1647939616812129000,20.35,3,20.25,11,20.35,42,1,2022-03-22 09:00:16
1647939617130383000,20.35,5,20.25,11,20.35,37,1,2022-03-22 09:00:17
1647939617388996000,20.35,2,20.3,11,20.35,38,1,2022-03-22 09:00:17
1647939617492378000,20.3,3,20.3,8,20.35,38,2,2022-03-22 09:00:17
1647939617669150000,20.35,1,20.3,8,20.35,37,1,2022-03-22 09:00:17
1647939617731917000,20.3,1,20.3,7,20.35,37,2,2022-03-22 09:00:17
1647939617924944000,20.35,2,20.3,12,20.35,35,1,2022-03-22 09:00:17
1647939618310284000,20.3,2,20.3,10,20.35,35,2,2022-03-22 09:00:18
1647939618407378000,20.3,10,20.25,11,20.35,35,2,2022-03-22 09:00:18
1647939618436166000,20.3,1,20.25,11,20.3,2,1,2022-03-22 09:00:18
1647939618501572000,20.3,2,20.25,11,20.35,24,1,2022-03-22 09:00:18
1647939618501572000,20.35,11,20.25,11,20.35,24,1,2022-03-22 09:00:18
1647939618566860000,20.35,1,20.25,11,20.35,23,1,2022-03-22 09:00:18
1647939618751128000,20.3,1,20.25,11,20.35,26,2,2022-03-22 09:00:18
1647939618828959000,20.25,2,20.25,9,20.35,26,2,2022-03-22 09:00:18
1647939618984337000,20.35,4,20.25,10,20.35,22,1,2022-03-22 09:00:18
1647939619314923000,20.3,1,20.25,10,20.3,2,1,2022-03-22 09:00:19
1647939619362232000,20.3,2,20.25,11,20.35,14,1,2022-03-22 09:00:19
1647939619362232000,20.35,8,20.25,11,20.35,14,1,2022-03-22 09:00:19
1647939619436992000,20.25,2,20.25,9,20.35,14,2,2022-03-22 09:00:19
1647939619477340000,20.35,1,20.25,9,20.35,13,1,2022-03-22 09:00:19
1647939619713445000,20.25,2,20.25,7,20.35,13,2,2022-03-22 09:00:19
1647939620003949000,20.25,2,20.25,6,20.35,18,2,2022-03-22 09:00:20
1647939620195112000,20.3,7,20.25,6,20.35,21,2,2022-03-22 09:00:20
1647939620221647000,20.35,1,20.25,6,20.35,20,1,2022-03-22 09:00:20
1647939620712898000,20.25,2,20.25,4,20.3,3,2,2022-03-22 09:00:20
1647939620800775000,20.25,4,20.2,26,20.3,23,2,2022-03-22 09:00:20
1647939621070501000,20.2,2,20.2,24,20.3,23,2,2022-03-22 09:00:21
1647939621442668000,20.25,3,20.25,7,20.3,27,2,2022-03-22 09:00:21
1647939621510528000,20.25,2,20.25,5,20.3,27,2,2022-03-22 09:00:21
1647939621959958000,20.25,2,20.25,4,20.3,27,2,2022-03-22 09:00:21
1647939621989094000,20.25,4,20.25,1,20.3,27,2,2022-03-22 09:00:21
1647939622040350000,20.3,5,20.25,1,20.3,22,1,2022-03-22 09:00:22
1647939622320279000,20.25,2,20.2,24,20.25,2,2,2022-03-22 09:00:22
1647939622400138000,20.25,2,20.2,24,20.3,20,1,2022-03-22 09:00:22
1647939622400138000,20.3,3,20.2,24,20.3,20,1,2022-03-22 09:00:22
1647939622572619000,20.2,2,20.2,22,20.3,20,2,2022-03-22 09:00:22
1647939622917968000,20.25,1,20.2,21,20.3,23,2,2022-03-22 09:00:22
1647939622917968000,20.2,1,20.2,21,20.3,23,2,2022-03-22 09:00:22
1647939623309249000,20.3,1,20.2,21,20.3,22,1,2022-03-22 09:00:23
1647939623404284000,20.3,1,20.2,21,20.3,21,1,2022-03-22 09:00:23
1647939623498094000,20.2,2,20.2,19,20.3,21,2,2022-03-22 09:00:23
1647939623881444000,20.3,2,20.2,19,20.3,22,1,2022-03-22 09:00:23
1647939623993515000,20.2,2,20.2,17,20.3,26,2,2022-03-22 09:00:23
1647939624526167000,20.25,2,20.2,17,20.3,23,1,2022-03-22 09:00:24
1647939624526167000,20.3,3,20.2,17,20.3,23,1,2022-03-22 09:00:24
1647939624639736000,20.25,1,20.2,16,20.3,25,2,2022-03-22 09:00:24
1647939624639736000,20.2,1,20.2,16,20.3,25,2,2022-03-22 09:00:24
1647939624747007000,20.3,3,20.2,16,20.3,22,1,2022-03-22 09:00:24
1647939624852975000,20.3,1,20.2,16,20.3,21,1,2022-03-22 09:00:24
1647939625163474000,20.3,10,20.25,6,20.3,11,1,2022-03-22 09:00:25
1647939625276092000,20.25,2,20.25,4,20.3,11,2,2022-03-22 09:00:25
1647939625690855000,20.3,1,20.25,4,20.3,10,1,2022-03-22 09:00:25
1647939625700929000,20.25,4,20.2,16,20.3,10,2,2022-03-22 09:00:25
1647939625772332000,20.25,1,20.2,16,20.25,1,1,2022-03-22 09:00:25
1647939625986407000,20.25,20,20.2,16,20.35,11,1,2022-03-22 09:00:25
1647939625986407000,20.3,10,20.2,16,20.35,11,1,2022-03-22 09:00:25
1647939625986407000,20.35,20,20.2,16,20.35,11,1,2022-03-22 09:00:25
1647939626830982000,20.35,11,20.45,11,20.5,26,1,2022-03-22 09:00:26
1647939626830982000,20.4,39,20.45,11,20.5,26,1,2022-03-22 09:00:26
1647939626830982000,20.45,39,20.45,11,20.5,26,1,2022-03-22 09:00:26
1647939626924339000,20.45,1,20.45,10,20.5,24,2,2022-03-22 09:00:26
1647939627439993000,20.45,2,20.45,8,20.5,24,2,2022-03-22 09:00:27
1647939627474279000,20.45,8,20.3,6,20.5,24,2,2022-03-22 09:00:27
1647939627657655000,20.3,5,20.3,1,20.5,24,2,2022-03-22 09:00:27
1647939627764304000,20.3,1,20.2,22,20.5,24,2,2022-03-22 09:00:27
1647939627764304000,20.25,1,20.2,22,20.5,24,2,2022-03-22 09:00:27
1647939627764304000,20.2,8,20.2,22,20.5,24,2,2022-03-22 09:00:27
1647939627921936000,20.35,3,20.2,15,20.45,6,2,2022-03-22 09:00:27
1647939627921936000,20.25,2,20.2,15,20.45,6,2,2022-03-22 09:00:27
1647939627921936000,20.2,5,20.2,15,20.45,6,2,2022-03-22 09:00:27
1647939628052699000,20.45,5,20.2,15,20.45,1,1,2022-03-22 09:00:28
1647939628161236000,20.45,1,20.25,1,20.5,21,1,2022-03-22 09:00:28
1647939628161236000,20.5,3,20.25,1,20.5,21,1,2022-03-22 09:00:28
1647939628381271000,20.25,1,20.2,20,20.5,21,2,2022-03-22 09:00:28
1647939628732594000,20.2,1,20.2,19,20.5,21,2,2022-03-22 09:00:28
1647939628923118000,20.2,2,20.2,17,20.5,21,2,2022-03-22 09:00:28
1647939629427274000,20.5,4,20.2,17,20.5,17,1,2022-03-22 09:00:29
1647939629503933000,20.2,2,20.2,15,20.5,17,2,2022-03-22 09:00:29
1647939629922551000,20.5,10,20.2,16,20.5,7,1,2022-03-22 09:00:29
1647939630055329000,20.25,1,20.2,16,20.3,80,2,2022-03-22 09:00:30
1647939630107601000,20.3,2,20.2,16,20.3,78,1,2022-03-22 09:00:30
1647939630135593000,20.3,2,20.2,16,20.3,76,1,2022-03-22 09:00:30
1647939630429928000,20.3,3,20.2,20,20.3,73,1,2022-03-22 09:00:30
1647939630621406000,20.3,3,20.2,23,20.3,70,1,2022-03-22 09:00:30
1647939630821926000,20.3,10,20.2,33,20.3,63,1,2022-03-22 09:00:30
1647939631074698000,20.3,1,20.2,33,20.3,62,1,2022-03-22 09:00:31
1647939631114502000,20.2,1,20.2,32,20.3,62,2,2022-03-22 09:00:31
1647939631583527000,20.3,1,20.25,2,20.3,61,1,2022-03-22 09:00:31
1647939631625399000,20.25,1,20.25,1,20.3,61,2,2022-03-22 09:00:31
1647939631913854000,20.3,2,20.25,3,20.3,59,1,2022-03-22 09:00:31
1647939632431582000,20.25,2,20.25,2,20.3,59,2,2022-03-22 09:00:32
1647939632928842000,20.3,1,20.25,2,20.3,58,1,2022-03-22 09:00:32
1647939633140045000,20.25,2,20.25,1,20.3,58,2,2022-03-22 09:00:33
1647939633309104000,20.3,1,20.25,1,20.3,62,1,2022-03-22 09:00:33
1647939633966346000,20.3,1,20.25,2,20.3,61,1,2022-03-22 09:00:33
1647939634311613000,20.3,5,20.25,2,20.3,56,1,2022-03-22 09:00:34
1647939635519102000,20.3,1,20.25,3,20.3,55,1,2022-03-22 09:00:35
1647939636152514000,20.3,1,20.25,3,20.3,54,1,2022-03-22 09:00:36
1647939636852374000,20.25,1,20.25,2,20.3,55,2,2022-03-22 09:00:36
1647939637062001000,20.25,2,20.2,86,20.25,3,2,2022-03-22 09:00:37
1647939637172252000,20.25,1,20.2,86,20.25,2,1,2022-03-22 09:00:37
1647939637184425000,20.25,2,20.25,2,20.3,55,1,2022-03-22 09:00:37
1647939637259286000,20.25,2,20.2,86,20.3,55,2,2022-03-22 09:00:37
1647939637622613000,20.25,2,20.2,86,20.3,55,2,2022-03-22 09:00:37
1647939637727214000,20.3,1,20.25,2,20.3,54,1,2022-03-22 09:00:37
1647939638005457000,20.25,2,20.2,86,20.3,54,2,2022-03-22 09:00:38
1647939638044442000,20.2,2,20.2,89,20.3,54,2,2022-03-22 09:00:38
1647939638284580000,20.2,4,20.2,85,20.3,54,2,2022-03-22 09:00:38
1647939638548793000,20.25,10,20.2,85,20.25,1,1,2022-03-22 09:00:38
1647939638650249000,20.25,1,20.2,85,20.3,53,1,2022-03-22 09:00:38
1647939638650249000,20.3,1,20.2,85,20.3,53,1,2022-03-22 09:00:38
1647939638919419000,20.25,2,20.2,85,20.3,51,1,2022-03-22 09:00:38
1647939638919419000,20.3,2,20.2,85,20.3,51,1,2022-03-22 09:00:38
1647939639013107000,20.3,10,20.2,85,20.3,41,1,2022-03-22 09:00:39
1647939639781808000,20.3,1,20.25,10,20.3,40,1,2022-03-22 09:00:39
1647939639832610000,20.3,1,20.25,10,20.3,39,1,2022-03-22 09:00:39
1647939639964282000,20.25,4,20.25,6,20.3,40,2,2022-03-22 09:00:39
1647939640016614000,20.25,4,20.25,2,20.3,40,2,2022-03-22 09:00:40
1647939640160545000,20.25,1,20.25,1,20.3,40,2,2022-03-22 09:00:40
1647939640478165000,20.25,2,20.2,75,20.3,40,2,2022-03-22 09:00:40
1647939640754335000,20.3,1,20.25,1,20.3,39,1,2022-03-22 09:00:40
1647939641262271000,20.25,1,20.2,75,20.3,39,2,2022-03-22 09:00:41
1647939641742202000,20.3,3,20.25,1,20.3,42,1,2022-03-22 09:00:41
1647939642009032000,20.3,2,20.25,4,20.3,40,1,2022-03-22 09:00:42
1647939642595754000,20.25,2,20.25,2,20.3,40,2,2022-03-22 09:00:42
1647939642679475000,20.25,2,20.2,73,20.3,40,2,2022-03-22 09:00:42
1647939642679475000,20.2,2,20.2,73,20.3,40,2,2022-03-22 09:00:42
1647939643010088000,20.2,12,20.2,61,20.3,40,2,2022-03-22 09:00:43
1647939643012790000,20.2,1,20.2,60,20.3,40,2,2022-03-22 09:00:43
1647939643592512000,20.3,2,20.2,60,20.3,40,1,2022-03-22 09:00:43
1647939643765910000,20.3,1,20.2,60,20.3,39,1,2022-03-22 09:00:43
1647939644411994000,20.3,3,20.2,60,20.3,37,1,2022-03-22 09:00:44
1647939644965448000,20.3,2,20.2,60,20.3,35,1,2022-03-22 09:00:44
1647939645607732000,20.25,1,20.2,60,20.3,35,1,2022-03-22 09:00:45
1647939645626157000,20.3,3,20.2,60,20.3,32,1,2022-03-22 09:00:45
1647939645636432000,20.2,57,20.2,3,20.3,32,2,2022-03-22 09:00:45
1647939646030130000,20.25,3,20.2,3,20.25,1,2,2022-03-22 09:00:46
1647939646561509000,20.25,1,20.2,13,20.25,10,1,2022-03-22 09:00:46
1647939646675922000,20.25,10,20.2,13,20.3,13,1,2022-03-22 09:00:46
1647939646675922000,20.3,20,20.2,13,20.3,13,1,2022-03-22 09:00:46
1647939648222807000,20.25,1,20.2,14,20.25,1,1,2022-03-22 09:00:48
1647939648550414000,20.25,1,20.2,14,20.3,13,1,2022-03-22 09:00:48
1647939649467692000,20.25,3,20.2,15,20.25,2,1,2022-03-22 09:00:49
1647939649823445000,20.25,1,20.2,15,20.25,2,1,2022-03-22 09:00:49
1647939650181141000,20.25,2,20.25,1,20.3,13,1,2022-03-22 09:00:50
1647939650656672000,20.25,1,20.2,17,20.25,9,2,2022-03-22 09:00:50
1647939650656911000,20.25,1,20.2,17,20.25,8,1,2022-03-22 09:00:50
1647939650938279000,20.2,2,20.2,18,20.25,8,2,2022-03-22 09:00:50
1647939651072541000,20.25,4,20.2,18,20.25,4,1,2022-03-22 09:00:51
1647939651178365000,20.25,1,20.2,18,20.25,3,1,2022-03-22 09:00:51
1647939651656382000,20.25,1,20.2,29,20.25,2,1,2022-03-22 09:00:51
1647939651732111000,20.25,2,20.2,29,20.3,21,1,2022-03-22 09:00:51
1647939651732111000,20.3,3,20.2,29,20.3,21,1,2022-03-22 09:00:51
1647939652993731000,20.25,2,20.2,34,20.3,23,2,2022-03-22 09:00:52
1647939653154037000,20.25,1,20.2,34,20.3,23,2,2022-03-22 09:00:53
1647939653835790000,20.3,1,20.25,2,20.3,22,1,2022-03-22 09:00:53
1647939654461515000,20.25,2,20.2,34,20.3,22,2,2022-03-22 09:00:54
1647939654461515000,20.2,6,20.2,34,20.3,22,2,2022-03-22 09:00:54
1647939655178293000,20.3,10,20.2,34,20.3,12,1,2022-03-22 09:00:55
1647939657084216000,20.25,2,20.2,37,20.25,1,1,2022-03-22 09:00:57
1647939657516540000,20.25,1,20.25,4,20.3,20,1,2022-03-22 09:00:57
1647939657545703000,20.25,4,20.2,47,20.3,20,2,2022-03-22 09:00:57
1647939658120643000,20.2,12,20.2,35,20.3,20,2,2022-03-22 09:00:58
1647939659423645000,20.2,5,20.2,33,20.25,5,2,2022-03-22 09:00:59
1647939659440693000,20.2,2,20.2,31,20.25,5,2,2022-03-22 09:00:59
1647939659467410000,20.25,2,20.2,31,20.25,3,1,2022-03-22 09:00:59
1647939659736046000,20.25,1,20.2,32,20.25,2,1,2022-03-22 09:00:59
1647939660047295000,20.2,1,20.2,31,20.25,4,2,2022-03-22 09:01:00
1647939660275225000,20.25,2,20.2,32,20.25,2,1,2022-03-22 09:01:00
1647939660305527000,20.2,12,20.2,20,20.25,2,2,2022-03-22 09:01:00
1647939660308619000,20.2,12,20.2,8,20.25,2,2,2022-03-22 09:01:00
1647939660331778000,20.2,5,20.2,3,20.25,2,2,2022-03-22 09:01:00
1647939660415881000,20.2,3,20.2,1,20.25,2,2,2022-03-22 09:01:00
1647939660569845000,20.25,2,20.2,1,20.3,27,1,2022-03-22 09:01:00
1647939662061444000,20.2,1,20.15,135,20.25,2,2,2022-03-22 09:01:02
1647939662137393000,20.15,3,20.15,132,20.25,4,2,2022-03-22 09:01:02
1647939662225982000,20.2,6,20.15,132,20.25,9,2,2022-03-22 09:01:02
1647939662320155000,20.25,1,20.15,132,20.25,8,1,2022-03-22 09:01:02
1647939662364251000,20.25,1,20.15,132,20.25,7,1,2022-03-22 09:01:02
1647939662429531000,20.2,2,20.15,132,20.25,7,2,2022-03-22 09:01:02
1647939662439063000,20.15,9,20.15,123,20.25,7,2,2022-03-22 09:01:02
1647939662786757000,20.25,5,20.2,2,20.25,4,1,2022-03-22 09:01:02
1647939663059965000,20.2,1,20.2,3,20.25,4,2,2022-03-22 09:01:03
1647939663110753000,20.25,3,20.2,3,20.25,1,1,2022-03-22 09:01:03
1647939663792472000,20.2,1,20.2,5,20.25,1,2,2022-03-22 09:01:03
1647939663965377000,20.25,1,20.2,5,20.3,28,1,2022-03-22 09:01:03
1647939664505918000,20.3,1,20.2,7,20.3,27,1,2022-03-22 09:01:04
1647939665756132000,20.2,7,20.15,123,20.3,28,2,2022-03-22 09:01:05
1647939666869825000,20.3,20,20.25,11,20.3,8,1,2022-03-22 09:01:06
1647939667516393000,20.25,1,20.25,10,20.3,8,2,2022-03-22 09:01:07
1647939667990213000,20.25,10,20.2,14,20.3,8,2,2022-03-22 09:01:07
1647939668416346000,20.25,1,20.2,14,20.3,8,2,2022-03-22 09:01:08
1647939668793773000,20.3,1,20.25,2,20.3,7,1,2022-03-22 09:01:08
1647939668979404000,20.3,2,20.25,2,20.3,5,1,2022-03-22 09:01:08
1647939669183427000,20.3,1,20.25,2,20.3,4,1,2022-03-22 09:01:09
1647939670125834000,20.25,1,20.25,1,20.3,4,2,2022-03-22 09:01:10
1647939670887781000,20.3,4,20.25,1,20.35,19,1,2022-03-22 09:01:10
1647939671239062000,20.25,1,20.2,30,20.35,19,2,2022-03-22 09:01:11
1647939672957084000,20.25,1,20.25,2,20.3,2,2,2022-03-22 09:01:12
1647939673230078000,20.3,1,20.25,2,20.3,4,1,2022-03-22 09:01:13
1647939673300908000,20.3,1,20.25,2,20.3,3,1,2022-03-22 09:01:13
1647939673406667000,20.3,3,20.3,2,20.35,17,1,2022-03-22 09:01:13
1647939674043885000,20.3,2,20.25,4,20.35,17,2,2022-03-22 09:01:14
1647939674043885000,20.25,1,20.25,4,20.35,17,2,2022-03-22 09:01:14
1647939674830257000,20.35,3,20.25,6,20.35,14,1,2022-03-22 09:01:14
1647939675374689000,20.35,3,20.25,8,20.35,11,1,2022-03-22 09:01:15
1647939677486769000,20.35,5,20.3,3,20.35,6,1,2022-03-22 09:01:17
1647939677973481000,20.35,1,20.3,4,20.35,5,1,2022-03-22 09:01:17
1647939677999436000,20.3,4,20.25,21,20.35,5,2,2022-03-22 09:01:17
1647939678964505000,20.3,5,20.25,26,20.3,5,1,2022-03-22 09:01:18
1647939678978845000,20.25,1,20.25,25,20.3,5,2,2022-03-22 09:01:18
1647939679679913000,20.3,5,20.25,30,20.4,23,1,2022-03-22 09:01:19
1647939679679913000,20.35,5,20.25,30,20.4,23,1,2022-03-22 09:01:19
1647939680806288000,20.3,1,20.25,30,20.35,12,2,2022-03-22 09:01:20
1647939681249670000,20.3,1,20.3,2,20.35,12,2,2022-03-22 09:01:21
1647939681274597000,20.3,2,20.25,30,20.35,12,2,2022-03-22 09:01:21
1647939681379260000,20.25,2,20.25,28,20.35,12,2,2022-03-22 09:01:21
1647939681394517000,20.35,10,20.25,28,20.35,2,1,2022-03-22 09:01:21
1647939681534185000,20.35,1,20.25,27,20.35,1,1,2022-03-22 09:01:21
1647939681725618000,20.35,1,20.35,2,20.4,33,1,2022-03-22 09:01:21
1647939681746454000,20.35,2,20.25,27,20.4,33,2,2022-03-22 09:01:21
1647939683113763000,20.3,10,20.3,11,20.35,14,2,2022-03-22 09:01:23
1647939683228684000,20.35,14,20.35,11,20.4,33,1,2022-03-22 09:01:23
1647939683514385000,20.35,1,20.35,10,20.4,33,2,2022-03-22 09:01:23
1647939683560597000,20.4,1,20.35,10,20.4,32,1,2022-03-22 09:01:23
1647939683743823000,20.35,1,20.35,9,20.4,32,2,2022-03-22 09:01:23
1647939685591370000,20.35,2,20.35,9,20.4,32,2,2022-03-22 09:01:25
1647939685626592000,20.35,4,20.35,5,20.4,32,2,2022-03-22 09:01:25
1647939686224010000,20.35,5,20.3,65,20.35,5,2,2022-03-22 09:01:26
1647939686496723000,20.35,2,20.3,65,20.35,3,1,2022-03-22 09:01:26
1647939687342895000,20.35,3,20.35,1,20.4,32,1,2022-03-22 09:01:27
1647939687620472000,20.35,1,20.3,65,20.35,9,2,2022-03-22 09:01:27
1647939688912174000,20.35,1,20.3,66,20.35,8,1,2022-03-22 09:01:28
1647939688986830000,20.3,15,20.3,51,20.35,8,2,2022-03-22 09:01:28
1647939689409122000,20.3,1,20.3,50,20.35,8,2,2022-03-22 09:01:29
1647939690106315000,20.35,8,20.35,2,20.4,32,1,2022-03-22 09:01:30
1647939690157566000,20.35,2,20.3,50,20.35,8,2,2022-03-22 09:01:30
1647939690288017000,20.35,5,20.3,50,20.35,3,1,2022-03-22 09:01:30
1647939690400585000,20.35,1,20.3,51,20.35,2,1,2022-03-22 09:01:30
1647939690995363000,20.3,2,20.3,50,20.35,2,2,2022-03-22 09:01:30
1647939691425191000,20.3,10,20.3,40,20.35,2,2,2022-03-22 09:01:31
1647939691536925000,20.35,1,20.3,40,20.35,2,1,2022-03-22 09:01:31
1647939692434629000,20.35,2,20.3,46,20.35,5,1,2022-03-22 09:01:32
1647939693054991000,20.35,2,20.3,47,20.35,13,1,2022-03-22 09:01:33
1647939693520594000,20.35,3,20.3,47,20.35,10,1,2022-03-22 09:01:33
1647939693579613000,20.35,4,20.3,53,20.35,8,1,2022-03-22 09:01:33
1647939693748723000,20.35,1,20.3,53,20.35,7,1,2022-03-22 09:01:33
1647939695709258000,20.35,1,20.3,55,20.35,8,1,2022-03-22 09:01:35
1647939696190200000,20.35,1,20.3,57,20.35,9,1,2022-03-22 09:01:36
1647939696205160000,20.35,1,20.3,57,20.35,8,1,2022-03-22 09:01:36
1647939697426587000,20.3,21,20.3,36,20.35,14,2,2022-03-22 09:01:37
1647939697456983000,20.3,36,20.25,45,20.35,14,2,2022-03-22 09:01:37
1647939697774440000,20.3,1,20.25,54,20.3,1,1,2022-03-22 09:01:37
1647939698567178000,20.3,1,20.35,23,20.4,38,1,2022-03-22 09:01:38
1647939698567178000,20.35,14,20.35,23,20.4,38,1,2022-03-22 09:01:38
1647939698595301000,20.35,13,20.35,10,20.4,38,2,2022-03-22 09:01:38
1647939698624497000,20.35,10,20.25,54,20.4,38,2,2022-03-22 09:01:38
1647939699204124000,20.3,1,20.25,54,20.3,3,1,2022-03-22 09:01:39
1647939699523769000,20.3,3,20.35,2,20.4,28,1,2022-03-22 09:01:39
1647939699662574000,20.35,2,20.25,54,20.4,28,2,2022-03-22 09:01:39
1647939699979172000,20.35,1,20.25,54,20.35,9,1,2022-03-22 09:01:39
1647939700139361000,20.35,2,20.25,54,20.35,7,1,2022-03-22 09:01:40
1647939700674859000,20.3,1,20.25,54,20.3,4,1,2022-03-22 09:01:40
1647939700980781000,20.3,1,20.25,54,20.3,8,1,2022-03-22 09:01:40
1647939701770158000,20.3,4,20.25,54,20.3,6,1,2022-03-22 09:01:41
1647939702481683000,20.3,1,20.25,54,20.3,5,1,2022-03-22 09:01:42
1647939702978726000,20.25,7,20.25,47,20.3,5,2,2022-03-22 09:01:42
1647939703917457000,20.3,2,20.25,47,20.3,3,1,2022-03-22 09:01:43
1647939704604520000,20.3,3,20.25,46,20.35,29,1,2022-03-22 09:01:44
1647939704656092000,20.35,2,20.25,46,20.35,27,1,2022-03-22 09:01:44
1647939705726427000,20.3,4,20.3,6,20.35,22,1,2022-03-22 09:01:45
1647939705761104000,20.3,6,20.25,49,20.35,22,2,2022-03-22 09:01:45
1647939706045618000,20.35,1,20.3,2,20.35,24,1,2022-03-22 09:01:46
1647939708136124000,20.3,6,20.25,46,20.3,4,2,2022-03-22 09:01:48
1647939708195304000,20.3,4,20.35,22,20.4,30,1,2022-03-22 09:01:48
1647939708195304000,20.35,24,20.35,22,20.4,30,1,2022-03-22 09:01:48
1647939708485533000,20.35,1,20.35,21,20.4,30,2,2022-03-22 09:01:48
1647939708585462000,20.35,3,20.35,18,20.4,30,2,2022-03-22 09:01:48
1647939709041389000,20.35,2,20.35,16,20.4,30,2,2022-03-22 09:01:49
1647939709419204000,20.35,10,20.35,6,20.4,30,2,2022-03-22 09:01:49
1647939709522064000,20.35,1,20.35,5,20.4,30,2,2022-03-22 09:01:49
1647939709597413000,20.35,3,20.35,2,20.4,30,2,2022-03-22 09:01:49
1647939710707922000,20.35,5,20.25,46,20.35,15,2,2022-03-22 09:01:50
1647939711607743000,20.35,1,20.25,47,20.35,14,1,2022-03-22 09:01:51
1647939711726231000,20.35,2,20.3,2,20.35,13,1,2022-03-22 09:01:51
1647939711755655000,20.3,2,20.25,47,20.35,13,2,2022-03-22 09:01:51
1647939712667769000,20.35,1,20.25,47,20.35,12,1,2022-03-22 09:01:52
1647939712985329000,20.25,8,20.25,39,20.35,12,2,2022-03-22 09:01:52
1647939713645198000,20.3,1,20.25,39,20.3,4,1,2022-03-22 09:01:53
1647939714425087000,20.3,3,20.25,39,20.3,1,1,2022-03-22 09:01:54
1647939714904148000,20.3,6,20.3,34,20.35,17,1,2022-03-22 09:01:54
1647939715117447000,20.3,12,20.3,22,20.35,17,2,2022-03-22 09:01:55
1647939715148085000,20.3,10,20.3,12,20.35,17,2,2022-03-22 09:01:55
1647939715170588000,20.3,1,20.3,11,20.35,17,2,2022-03-22 09:01:55
1647939715189151000,20.35,2,20.3,11,20.35,15,1,2022-03-22 09:01:55
1647939715658474000,20.3,13,20.3,3,20.35,15,2,2022-03-22 09:01:55
1647939716126784000,20.35,1,20.3,22,20.35,14,1,2022-03-22 09:01:56
1647939716438433000,20.35,2,20.3,22,20.35,17,1,2022-03-22 09:01:56
1647939717686920000,20.35,1,20.3,26,20.35,16,1,2022-03-22 09:01:57
1647939718251761000,20.35,1,20.3,26,20.35,15,1,2022-03-22 09:01:58
1647939718750633000,20.35,10,20.3,26,20.35,5,1,2022-03-22 09:01:58
1647939719465781000,20.35,1,20.3,26,20.35,4,1,2022-03-22 09:01:59
1647939722098694000,20.35,1,20.3,33,20.35,4,1,2022-03-22 09:02:02
1647939722472023000,20.3,14,20.3,20,20.35,4,2,2022-03-22 09:02:02
1647939722860188000,20.35,2,20.3,20,20.35,27,1,2022-03-22 09:02:02
1647939723265523000,20.3,1,20.3,19,20.35,27,2,2022-03-22 09:02:03
1647939723750075000,20.35,10,20.3,19,20.35,17,1,2022-03-22 09:02:03
1647939724011595000,20.3,5,20.3,14,20.35,17,2,2022-03-22 09:02:04
1647939724867917000,20.35,2,20.3,15,20.35,15,1,2022-03-22 09:02:04
1647939725544567000,20.3,2,20.3,13,20.35,15,2,2022-03-22 09:02:05
1647939725922514000,20.3,1,20.3,12,20.35,15,2,2022-03-22 09:02:05
1647939726030782000,20.3,10,20.3,2,20.35,16,2,2022-03-22 09:02:06
1647939727106377000,20.35,1,20.3,2,20.35,15,1,2022-03-22 09:02:07
1647939727263397000,20.3,2,20.25,43,20.3,18,2,2022-03-22 09:02:07
1647939727925940000,20.3,1,20.25,43,20.3,18,1,2022-03-22 09:02:07
1647939729221139000,20.3,4,20.25,43,20.3,34,1,2022-03-22 09:02:09
1647939729644995000,20.3,1,20.25,43,20.3,33,1,2022-03-22 09:02:09
1647939729766525000,20.25,1,20.25,42,20.3,33,2,2022-03-22 09:02:09
1647939730109525000,20.3,2,20.25,42,20.3,31,1,2022-03-22 09:02:10
1647939730537962000,20.25,1,20.25,41,20.3,11,2,2022-03-22 09:02:10
1647939732018841000,20.3,2,20.25,44,20.3,11,1,2022-03-22 09:02:12
1647939732617024000,20.25,6,20.25,38,20.3,11,2,2022-03-22 09:02:12
1647939732628631000,20.3,1,20.25,38,20.3,10,1,2022-03-22 09:02:12
1647939732742418000,20.3,1,20.25,38,20.3,9,1,2022-03-22 09:02:12
1647939733390227000,20.25,16,20.25,22,20.3,9,2,2022-03-22 09:02:13
1647939734158412000,20.3,1,20.25,22,20.3,8,1,2022-03-22 09:02:14
1647939734506802000,20.25,1,20.25,21,20.3,8,2,2022-03-22 09:02:14
1647939735229037000,20.25,21,20.2,88,20.25,29,2,2022-03-22 09:02:15
1647939736422354000,20.25,1,20.2,88,20.25,44,1,2022-03-22 09:02:16
1647939736951782000,20.2,88,20.15,137,20.25,49,2,2022-03-22 09:02:16
1647939736951782000,20.15,9,20.15,137,20.25,49,2,2022-03-22 09:02:16
1647939736989611000,20.15,16,20.15,121,20.25,49,2,2022-03-22 09:02:16
1647939737121185000,20.25,2,20.15,121,20.25,47,1,2022-03-22 09:02:17
1647939737227984000,20.15,8,20.15,113,20.25,47,2,2022-03-22 09:02:17
1647939737860590000,20.2,3,20.15,113,20.2,13,1,2022-03-22 09:02:17
1647939739147918000,20.2,2,20.15,113,20.2,16,1,2022-03-22 09:02:19
1647939739781958000,20.2,1,20.15,113,20.2,15,1,2022-03-22 09:02:19
1647939740211796000,20.15,10,20.15,103,20.2,17,2,2022-03-22 09:02:20
1647939740325583000,20.2,2,20.15,103,20.2,15,1,2022-03-22 09:02:20
1647939740418087000,20.15,26,20.15,77,20.2,15,2,2022-03-22 09:02:20
1647939740471164000,20.15,6,20.15,71,20.2,15,2,2022-03-22 09:02:20
1647939741290633000,20.15,10,20.15,61,20.2,19,2,2022-03-22 09:02:21
1647939741348563000,20.15,1,20.15,60,20.2,19,2,2022-03-22 09:02:21
1647939741370863000,20.15,20,20.15,40,20.2,19,2,2022-03-22 09:02:21
1647939741592259000,20.2,3,20.15,40,20.2,16,1,2022-03-22 09:02:21
1647939741734748000,20.15,10,20.15,30,20.2,16,2,2022-03-22 09:02:21
1647939741873328000,20.15,3,20.15,27,20.2,16,2,2022-03-22 09:02:21
1647939742011710000,20.15,10,20.15,16,20.2,16,2,2022-03-22 09:02:22
1647939742072235000,20.15,11,20.15,5,20.2,16,2,2022-03-22 09:02:22
1647939742110444000,20.15,5,20.1,91,20.2,16,2,2022-03-22 09:02:22
1647939742680954000,20.1,13,20.1,77,20.15,2,2,2022-03-22 09:02:22
1647939745463070000,20.15,1,20.1,77,20.15,96,1,2022-03-22 09:02:25
1647939745756583000,20.15,2,20.1,77,20.15,94,1,2022-03-22 09:02:25
1647939747133602000,20.15,4,20.1,77,20.15,94,1,2022-03-22 09:02:27
1647939747668032000,20.1,1,20.1,76,20.15,94,2,2022-03-22 09:02:27
1647939747969599000,20.1,5,20.1,71,20.15,94,2,2022-03-22 09:02:27
1647939748745577000,20.1,1,20.1,70,20.15,94,2,2022-03-22 09:02:28
1647939748805576000,20.1,1,20.1,69,20.15,94,2,2022-03-22 09:02:28
1647939748991487000,20.1,15,20.1,54,20.15,94,2,2022-03-22 09:02:28
1647939749044448000,20.1,10,20.1,44,20.15,94,2,2022-03-22 09:02:29
1647939749264975000,20.1,10,20.1,34,20.15,94,2,2022-03-22 09:02:29
1647939749297409000,20.1,34,20.05,9,20.15,94,2,2022-03-22 09:02:29
1647939749355534000,20.05,6,20.05,3,20.15,94,2,2022-03-22 09:02:29
1647939749380109000,20.05,3,20.0,96,20.15,94,2,2022-03-22 09:02:29
1647939750559520000,20.1,2,20.0,96,20.1,16,1,2022-03-22 09:02:30
1647939750616919000,20.0,15,20.0,81,20.1,16,2,2022-03-22 09:02:30
1647939750654842000,20.0,1,20.0,80,20.1,16,2,2022-03-22 09:02:30
1647939750994981000,20.0,1,20.0,79,20.1,16,2,2022-03-22 09:02:30
1647939751230240000,20.0,2,20.0,79,20.1,16,2,2022-03-22 09:02:31
1647939752227586000,20.0,15,20.0,64,20.1,16,2,2022-03-22 09:02:32
1647939752927154000,20.0,1,20.0,63,20.05,1,2,2022-03-22 09:02:32
1647939753445735000,20.0,3,20.0,60,20.05,1,2,2022-03-22 09:02:33
1647939753607849000,20.0,1,20.0,59,20.05,1,2,2022-03-22 09:02:33
1647939753714609000,20.05,1,20.0,59,20.1,16,1,2022-03-22 09:02:33
1647939753714609000,20.1,2,20.0,59,20.1,16,1,2022-03-22 09:02:33
1647939754298202000,20.1,1,20.05,2,20.1,16,1,2022-03-22 09:02:34
1647939754471319000,20.05,2,20.0,59,20.1,16,2,2022-03-22 09:02:34
1647939754548737000,20.0,2,20.0,57,20.1,14,2,2022-03-22 09:02:34
1647939755277645000,20.05,2,20.05,8,20.1,17,2,2022-03-22 09:02:35
1647939756114940000,20.05,1,20.05,7,20.1,17,2,2022-03-22 09:02:36
1647939756318640000,20.05,7,20.0,60,20.05,7,2,2022-03-22 09:02:36
1647939756354739000,20.05,4,20.0,60,20.05,3,1,2022-03-22 09:02:36
1647939756388160000,20.05,3,20.0,60,20.1,17,1,2022-03-22 09:02:36
1647939756840208000,20.0,16,20.0,44,20.1,17,2,2022-03-22 09:02:36
1647939757267172000,20.05,1,20.0,44,20.1,17,1,2022-03-22 09:02:37
1647939758168896000,20.1,2,20.0,46,20.1,15,1,2022-03-22 09:02:38
1647939758613406000,20.1,14,20.0,46,20.1,1,1,2022-03-22 09:02:38
1647939758623575000,20.0,1,20.0,45,20.1,1,2,2022-03-22 09:02:38
1647939759281641000,20.1,1,20.0,45,20.15,9,1,2022-03-22 09:02:39
1647939759281641000,20.15,1,20.0,45,20.15,9,1,2022-03-22 09:02:39
1647939759418887000,20.15,3,20.0,45,20.15,6,1,2022-03-22 09:02:39
1647939759779985000,20.1,3,20.0,45,20.15,6,2,2022-03-22 09:02:39
1647939759779985000,20.0,2,20.0,45,20.15,6,2,2022-03-22 09:02:39
1647939761015503000,20.05,2,20.05,3,20.15,8,2,2022-03-22 09:02:41
1647939761482773000,20.05,2,20.05,1,20.15,8,2,2022-03-22 09:02:41
1647939762530436000,20.1,1,20.05,6,20.1,1,1,2022-03-22 09:02:42
1647939763890567000,20.1,1,20.05,6,20.15,9,1,2022-03-22 09:02:43
1647939765079086000,20.05,4,20.05,4,20.15,9,2,2022-03-22 09:02:45
1647939765941642000,20.15,9,20.05,4,20.2,7,1,2022-03-22 09:02:45
1647939766381743000,20.1,1,20.05,6,20.2,7,1,2022-03-22 09:02:46
1647939767881733000,20.1,1,20.1,2,20.2,7,2,2022-03-22 09:02:47
1647939769000192000,20.1,6,20.0,61,20.15,1,2,2022-03-22 09:02:49
1647939769000192000,20.05,8,20.0,61,20.15,1,2,2022-03-22 09:02:49
1647939769000192000,20.0,1,20.0,61,20.15,1,2,2022-03-22 09:02:49
1647939769431237000,20.1,1,20.0,65,20.1,1,2,2022-03-22 09:02:49
1647939769467729000,20.1,1,20.0,65,20.15,1,1,2022-03-22 09:02:49
1647939770196858000,20.1,1,20.05,3,20.1,2,2,2022-03-22 09:02:50
1647939770225276000,20.1,2,20.05,3,20.15,1,1,2022-03-22 09:02:50
1647939771918821000,20.1,1,20.05,10,20.1,1,1,2022-03-22 09:02:51
1647939771949963000,20.1,1,20.05,10,20.15,1,1,2022-03-22 09:02:51
1647939773244542000,20.1,1,20.05,16,20.1,3,2,2022-03-22 09:02:53
1647939773278195000,20.1,3,20.05,16,20.15,1,1,2022-03-22 09:02:53
1647939775424776000,20.1,1,20.05,16,20.15,7,1,2022-03-22 09:02:55
1647939775602392000,20.1,1,20.05,16,20.1,9,1,2022-03-22 09:02:55
1647939775616923000,20.1,9,20.05,16,20.15,7,1,2022-03-22 09:02:55
1647939775913695000,20.1,1,20.05,16,20.15,7,1,2022-03-22 09:02:55
1647939776302360000,20.1,1,20.05,16,20.15,7,1,2022-03-22 09:02:56
1647939777773689000,20.1,2,20.1,5,20.15,7,2,2022-03-22 09:02:57
1647939778285418000,20.1,5,20.1,1,20.15,7,2,2022-03-22 09:02:58
1647939779329223000,20.15,7,20.1,57,20.2,7,1,2022-03-22 09:02:59
1647939783109929000,20.2,1,20.15,6,20.2,6,1,2022-03-22 09:03:03
1647939783616721000,20.15,11,20.1,56,20.2,6,2,2022-03-22 09:03:03
1647939783616721000,20.1,3,20.1,56,20.2,6,2,2022-03-22 09:03:03
1647939785650423000,20.2,6,20.15,6,20.25,5,1,2022-03-22 09:03:05
1647939792416980000,20.2,1,20.2,1,20.25,5,2,2022-03-22 09:03:12
1647939797173072000,20.2,1,20.2,11,20.25,22,2,2022-03-22 09:03:17
1647939797198543000,20.2,1,20.2,10,20.25,22,2,2022-03-22 09:03:17
1647939797238134000,20.2,1,20.2,9,20.25,22,2,2022-03-22 09:03:17
1647939797396813000,20.2,3,20.2,6,20.25,22,2,2022-03-22 09:03:17
1647939797445364000,20.2,1,20.2,5,20.25,22,2,2022-03-22 09:03:17
1647939800010328000,20.2,8,20.15,19,20.2,2,2,2022-03-22 09:03:20
1647939802534317000,20.2,3,20.15,19,20.2,1,1,2022-03-22 09:03:22
1647939804575140000,20.2,1,20.15,19,20.2,16,1,2022-03-22 09:03:24
1647939805306512000,20.2,1,20.15,19,20.2,15,1,2022-03-22 09:03:25
1647939807133890000,20.15,10,20.15,9,20.2,15,2,2022-03-22 09:03:27
1647939808451474000,20.15,9,20.1,52,20.2,17,2,2022-03-22 09:03:28
1647939808451474000,20.1,6,20.1,52,20.2,17,2,2022-03-22 09:03:28
1647939809793180000,20.15,1,20.1,52,20.15,3,1,2022-03-22 09:03:29
1647939809914455000,20.15,3,20.1,52,20.2,18,1,2022-03-22 09:03:29
1647939809914455000,20.2,2,20.1,52,20.2,18,1,2022-03-22 09:03:29
1647939812225960000,20.15,1,20.1,52,20.15,5,1,2022-03-22 09:03:32
1647939812518079000,20.15,5,20.1,52,20.2,13,1,2022-03-22 09:03:32
1647939812518079000,20.2,5,20.1,52,20.2,13,1,2022-03-22 09:03:32
1647939813034240000,20.1,1,20.1,53,20.2,13,2,2022-03-22 09:03:33
1647939815431570000,20.15,3,20.15,4,20.2,15,2,2022-03-22 09:03:35
1647939817017767000,20.15,1,20.15,4,20.2,14,2,2022-03-22 09:03:37
1647939818195389000,20.15,2,20.15,2,20.2,15,2,2022-03-22 09:03:38
1647939819560153000,20.15,2,20.1,53,20.2,15,2,2022-03-22 09:03:39
1647939820485509000,20.15,1,20.1,53,20.2,15,2,2022-03-22 09:03:40
1647939820686198000,20.2,1,20.1,53,20.2,15,1,2022-03-22 09:03:40
1647939820802717000,20.2,5,20.1,53,20.2,10,1,2022-03-22 09:03:40
1647939823929862000,20.15,1,20.1,55,20.2,10,2,2022-03-22 09:03:43
1647939824363745000,20.1,5,20.1,50,20.2,10,2,2022-03-22 09:03:44
1647939826685468000,20.1,5,20.1,45,20.2,9,2,2022-03-22 09:03:46
1647939830465777000,20.15,1,20.15,1,20.2,16,1,2022-03-22 09:03:50
1647939830495645000,20.15,1,20.1,52,20.2,16,2,2022-03-22 09:03:50
1647939831821411000,20.15,3,20.15,2,20.2,16,1,2022-03-22 09:03:51
1647939833126140000,20.15,2,20.1,25,20.2,26,2,2022-03-22 09:03:53
1647939833126140000,20.1,28,20.1,25,20.2,26,2,2022-03-22 09:03:53
1647939839036789000,20.1,9,20.1,17,20.2,17,2,2022-03-22 09:03:59
1647939839600539000,20.15,6,20.15,20,20.2,17,2,2022-03-22 09:03:59
1647939839711495000,20.15,2,20.15,18,20.2,21,2,2022-03-22 09:03:59
1647939840342638000,20.15,1,20.15,17,20.2,21,2,2022-03-22 09:04:00
1647939840806295000,20.15,14,20.15,3,20.2,21,2,2022-03-22 09:04:00
1647939840840942000,20.15,3,20.1,17,20.2,21,2,2022-03-22 09:04:00
1647939840873184000,20.1,14,20.1,3,20.2,21,2,2022-03-22 09:04:00
1647939840905423000,20.1,3,20.05,35,20.15,3,2,2022-03-22 09:04:00
1647939842647346000,20.1,3,20.05,36,20.15,15,1,2022-03-22 09:04:02
1647939842647346000,20.15,2,20.05,36,20.15,15,1,2022-03-22 09:04:02
1647939844417461000,20.1,1,20.05,36,20.15,16,2,2022-03-22 09:04:04
1647939845203670000,20.15,1,20.05,36,20.15,14,1,2022-03-22 09:04:05
1647939845692246000,20.15,1,20.05,41,20.15,13,1,2022-03-22 09:04:05
1647939846728313000,20.05,1,20.05,40,20.1,5,2,2022-03-22 09:04:06
1647939847589394000,20.1,5,20.1,5,20.15,6,1,2022-03-22 09:04:07
1647939848330044000,20.15,1,20.1,5,20.15,5,1,2022-03-22 09:04:08
1647939849099849000,20.15,2,20.1,5,20.15,3,1,2022-03-22 09:04:09
1647939851358197000,20.1,1,20.1,19,20.15,8,2,2022-03-22 09:04:11
1647939853253736000,20.1,3,20.1,20,20.15,9,2,2022-03-22 09:04:13
1647939853303238000,20.1,1,20.1,19,20.15,9,2,2022-03-22 09:04:13
1647939854241560000,20.1,2,20.1,18,20.15,10,2,2022-03-22 09:04:14
1647939854717834000,20.1,1,20.1,18,20.15,10,2,2022-03-22 09:04:14
1647939856233146000,20.15,1,20.1,18,20.15,10,1,2022-03-22 09:04:16
1647939857042044000,20.1,1,20.1,19,20.15,10,2,2022-03-22 09:04:17
1647939857815153000,20.1,10,20.1,9,20.15,10,2,2022-03-22 09:04:17
1647939857905052000,20.1,5,20.1,4,20.15,10,2,2022-03-22 09:04:17
1647939857962993000,20.1,2,20.1,2,20.15,10,2,2022-03-22 09:04:17
1647939858112542000,20.15,1,20.1,2,20.15,9,1,2022-03-22 09:04:18
1647939861212985000,20.1,1,20.1,4,20.15,18,2,2022-03-22 09:04:21
1647939861632104000,20.15,10,20.1,4,20.15,8,1,2022-03-22 09:04:21
1647939861662249000,20.15,7,20.1,4,20.15,1,1,2022-03-22 09:04:21
1647939861745529000,20.15,1,20.1,4,20.2,23,1,2022-03-22 09:04:21
1647939864088983000,20.15,1,20.1,5,20.2,23,1,2022-03-22 09:04:24
1647939865500229000,20.2,1,20.1,5,20.2,23,1,2022-03-22 09:04:25
1647939866279058000,20.2,1,20.15,10,20.2,22,1,2022-03-22 09:04:26
1647939869042505000,20.2,1,20.15,10,20.2,22,1,2022-03-22 09:04:29
1647939869928827000,20.2,2,20.15,10,20.2,20,1,2022-03-22 09:04:29
1647939870434660000,20.2,6,20.15,10,20.2,14,1,2022-03-22 09:04:30
1647939871878898000,20.2,6,20.15,16,20.2,8,1,2022-03-22 09:04:31
1647939872501332000,20.2,8,20.2,3,20.25,32,1,2022-03-22 09:04:32
1647939872681880000,20.2,2,20.2,1,20.25,32,2,2022-03-22 09:04:32
1647939876833393000,20.2,1,20.2,11,20.25,32,2,2022-03-22 09:04:36
1647939877798466000,20.2,2,20.2,9,20.25,32,2,2022-03-22 09:04:37
1647939878957007000,20.2,2,20.2,7,20.25,32,2,2022-03-22 09:04:38
1647939886589304000,20.2,10,20.15,7,20.25,23,2,2022-03-22 09:04:46
1647939888487368000,20.2,1,20.15,7,20.25,23,1,2022-03-22 09:04:48
1647939889002767000,20.25,8,20.15,7,20.25,15,1,2022-03-22 09:04:49
1647939892984572000,20.2,3,20.2,17,20.25,15,1,2022-03-22 09:04:52
1647939898542858000,20.2,19,20.15,9,20.2,11,2,2022-03-22 09:04:58
1647939898774380000,20.15,2,20.15,7,20.2,11,2,2022-03-22 09:04:58
1647939900437744000,20.2,11,20.2,129,20.25,15,1,2022-03-22 09:05:00
1647939900858558000,20.2,29,20.2,100,20.25,18,2,2022-03-22 09:05:00
1647939900866047000,20.2,32,20.2,68,20.25,18,2,2022-03-22 09:05:00
1647939900869025000,20.2,14,20.2,54,20.25,18,2,2022-03-22 09:05:00
1647939900903596000,20.2,13,20.2,41,20.25,18,2,2022-03-22 09:05:00
1647939900932863000,20.2,12,20.2,29,20.25,18,2,2022-03-22 09:05:00
1647939900967466000,20.2,29,20.15,7,20.25,18,2,2022-03-22 09:05:00
1647939902226812000,20.2,1,20.15,7,20.2,1,1,2022-03-22 09:05:02
1647939903503683000,20.2,1,20.2,1,20.25,18,1,2022-03-22 09:05:03
1647939910775966000,20.25,18,20.25,32,20.3,28,1,2022-03-22 09:05:10
1647939914941086000,20.3,28,20.25,34,20.35,30,1,2022-03-22 09:05:14
1647939915742540000,20.35,5,20.25,34,20.35,25,1,2022-03-22 09:05:15
1647939915831027000,20.35,1,20.25,34,20.35,24,1,2022-03-22 09:05:15
1647939915983650000,20.25,1,20.25,33,20.35,24,2,2022-03-22 09:05:15
1647939916441298000,20.35,1,20.3,8,20.35,23,1,2022-03-22 09:05:16
1647939916442103000,20.35,23,20.3,8,20.4,28,1,2022-03-22 09:05:16
1647939916844947000,20.3,8,20.25,27,20.4,28,2,2022-03-22 09:05:16
1647939916844947000,20.25,6,20.25,27,20.4,28,2,2022-03-22 09:05:16
1647939917838955000,20.35,7,20.3,10,20.4,28,1,2022-03-22 09:05:17
1647939919404646000,20.3,1,20.3,9,20.4,28,2,2022-03-22 09:05:19
1647939920301121000,20.3,2,20.3,7,20.4,28,2,2022-03-22 09:05:20
1647939923468874000,20.3,5,20.3,6,20.4,29,2,2022-03-22 09:05:23
1647939923689449000,20.4,3,20.3,6,20.4,26,1,2022-03-22 09:05:23
1647939926333878000,20.4,10,20.35,7,20.4,16,1,2022-03-22 09:05:26
1647939926368647000,20.4,16,20.35,7,20.45,12,1,2022-03-22 09:05:26
1647939926668044000,20.35,7,20.25,30,20.45,12,2,2022-03-22 09:05:26
1647939926668044000,20.3,6,20.25,30,20.45,12,2,2022-03-22 09:05:26
1647939926668044000,20.25,2,20.25,30,20.45,12,2,2022-03-22 09:05:26
1647939926809800000,20.25,5,20.25,25,20.45,12,2,2022-03-22 09:05:26
1647939927032754000,20.35,1,20.25,25,20.45,12,1,2022-03-22 09:05:27
1647939927146970000,20.25,2,20.25,23,20.45,12,2,2022-03-22 09:05:27
1647939929580384000,20.35,5,20.3,18,20.35,7,1,2022-03-22 09:05:29
1647939930254168000,20.35,1,20.3,13,20.35,9,1,2022-03-22 09:05:30
1647939930371703000,20.35,1,20.3,13,20.35,9,1,2022-03-22 09:05:30
1647939933008475000,20.35,1,20.3,20,20.35,27,1,2022-03-22 09:05:33
1647939933925060000,20.3,2,20.3,18,20.35,30,2,2022-03-22 09:05:33
1647939934067749000,20.3,1,20.3,17,20.35,29,2,2022-03-22 09:05:34
1647939934686763000,20.35,1,20.3,17,20.35,31,1,2022-03-22 09:05:34
1647939934991115000,20.35,10,20.3,17,20.35,23,1,2022-03-22 09:05:34
1647939937982460000,20.35,1,20.3,19,20.35,23,1,2022-03-22 09:05:37
1647939938405831000,20.35,23,20.35,27,20.4,34,1,2022-03-22 09:05:38
1647939938475905000,20.4,3,20.35,27,20.4,31,1,2022-03-22 09:05:38
1647939938983995000,20.35,1,20.35,26,20.4,31,2,2022-03-22 09:05:38
1647939940220491000,20.4,1,20.35,29,20.4,20,1,2022-03-22 09:05:40
1647939941829948000,20.4,1,20.35,37,20.4,19,1,2022-03-22 09:05:41
1647939942146565000,20.4,4,20.35,38,20.4,15,1,2022-03-22 09:05:42
1647939942422484000,20.35,1,20.35,37,20.4,15,2,2022-03-22 09:05:42
1647939942611338000,20.4,5,20.35,37,20.4,10,1,2022-03-22 09:05:42
1647939942929508000,20.4,1,20.35,37,20.4,9,1,2022-03-22 09:05:42
1647939943325145000,20.35,2,20.35,35,20.4,9,2,2022-03-22 09:05:43
1647939943579881000,20.4,3,20.35,35,20.4,6,1,2022-03-22 09:05:43
1647939944246188000,20.4,1,20.35,36,20.4,5,1,2022-03-22 09:05:44
1647939945752201000,20.4,6,20.4,14,20.45,21,1,2022-03-22 09:05:45
1647939946400833000,20.45,1,20.4,16,20.45,22,1,2022-03-22 09:05:46
1647939946448939000,20.4,1,20.4,15,20.45,22,2,2022-03-22 09:05:46
1647939947954453000,20.45,1,20.4,18,20.45,21,1,2022-03-22 09:05:47
1647939947972216000,20.45,1,20.4,18,20.45,20,1,2022-03-22 09:05:47
1647939948271895000,20.45,3,20.4,20,20.45,17,1,2022-03-22 09:05:48
1647939949622427000,20.4,1,20.4,19,20.45,17,2,2022-03-22 09:05:49
1647939950253622000,20.4,1,20.4,18,20.45,17,2,2022-03-22 09:05:50
1647939951317013000,20.45,3,20.4,19,20.45,16,1,2022-03-22 09:05:51
1647939951749700000,20.4,10,20.4,9,20.45,16,2,2022-03-22 09:05:51
1647939951945228000,20.45,1,20.4,37,20.45,15,1,2022-03-22 09:05:51
1647939952375194000,20.4,1,20.4,37,20.45,15,2,2022-03-22 09:05:52
1647939953037277000,20.45,15,20.45,15,20.5,154,1,2022-03-22 09:05:53
1647939954342887000,20.45,1,20.45,14,20.5,154,2,2022-03-22 09:05:54
1647939957000992000,20.5,52,20.45,21,20.55,4,1,2022-03-22 09:05:57
1647939957118361000,20.55,4,20.55,86,20.6,26,1,2022-03-22 09:05:57
1647939957157609000,20.6,3,20.55,86,20.6,23,1,2022-03-22 09:05:57
1647939957207615000,20.6,16,20.55,88,20.6,7,1,2022-03-22 09:05:57
1647939957234481000,20.6,2,20.55,88,20.6,5,1,2022-03-22 09:05:57
1647939957234736000,20.6,5,20.55,88,20.65,2,1,2022-03-22 09:05:57
1647939957238933000,20.55,1,20.55,87,20.65,2,2,2022-03-22 09:05:57
1647939957285706000,20.65,2,20.55,87,20.7,24,1,2022-03-22 09:05:57
1647939957285706000,20.7,2,20.55,87,20.7,24,1,2022-03-22 09:05:57
1647939957332744000,20.7,3,20.6,1,20.7,21,1,2022-03-22 09:05:57
1647939957443855000,20.6,1,20.6,2,20.7,21,2,2022-03-22 09:05:57
1647939957454863000,20.7,3,20.6,2,20.7,18,1,2022-03-22 09:05:57
1647939957512106000,20.7,1,20.6,2,20.7,17,1,2022-03-22 09:05:57
1647939957699082000,20.6,2,20.55,87,20.7,17,2,2022-03-22 09:05:57
1647939957703390000,20.7,9,20.55,87,20.7,8,1,2022-03-22 09:05:57
1647939957898523000,20.55,1,20.55,91,20.7,8,2,2022-03-22 09:05:57
1647939958347679000,20.7,3,20.55,91,20.7,5,1,2022-03-22 09:05:58
1647939958394169000,20.7,5,20.55,91,20.75,1,1,2022-03-22 09:05:58
1647939958394169000,20.75,1,20.55,91,20.75,1,1,2022-03-22 09:05:58
1647939959348082000,20.75,1,20.6,3,20.8,37,1,2022-03-22 09:05:59
1647939959574536000,20.75,2,20.55,91,20.8,37,2,2022-03-22 09:05:59
1647939959814115000,20.8,2,20.55,86,20.8,35,1,2022-03-22 09:05:59
1647939959943144000,20.55,5,20.55,82,20.8,35,2,2022-03-22 09:05:59
1647939960239926000,20.8,1,20.55,82,20.8,34,1,2022-03-22 09:06:00
1647939960426170000,20.55,1,20.55,81,20.8,34,2,2022-03-22 09:06:00
1647939960765100000,20.8,1,20.55,81,20.8,33,1,2022-03-22 09:06:00
1647939962027507000,20.7,1,20.7,1,20.8,33,1,2022-03-22 09:06:02
1647939962136336000,20.8,3,20.7,1,20.8,30,1,2022-03-22 09:06:02
1647939962785388000,20.8,20,20.75,1,20.8,10,1,2022-03-22 09:06:02
1647939963043532000,20.75,1,20.55,83,20.8,10,2,2022-03-22 09:06:03
1647939963043532000,20.7,1,20.55,83,20.8,10,2,2022-03-22 09:06:03
1647939963043532000,20.6,5,20.55,83,20.8,10,2,2022-03-22 09:06:03
1647939963043532000,20.55,1,20.55,83,20.8,10,2,2022-03-22 09:06:03
1647939963987796000,20.55,3,20.55,80,20.65,2,2,2022-03-22 09:06:03
1647939964517388000,20.65,1,20.55,80,20.65,1,1,2022-03-22 09:06:04
1647939964782614000,20.65,1,20.55,85,20.75,6,1,2022-03-22 09:06:04
1647939964870536000,20.75,5,20.55,85,20.75,1,1,2022-03-22 09:06:04
1647939965373434000,20.75,1,20.55,85,20.8,12,1,2022-03-22 09:06:05
1647939965373434000,20.8,1,20.55,85,20.8,12,1,2022-03-22 09:06:05
1647939965601647000,20.75,1,20.55,85,20.8,11,1,2022-03-22 09:06:05
1647939965601647000,20.8,1,20.55,85,20.8,11,1,2022-03-22 09:06:05
1647939966422907000,20.8,1,20.6,1,20.8,10,1,2022-03-22 09:06:06
1647939967825849000,20.75,2,20.6,10,20.8,11,1,2022-03-22 09:06:07
1647939968075739000,20.7,1,20.6,11,20.8,11,1,2022-03-22 09:06:08
1647939968371795000,20.75,2,20.6,11,20.75,3,1,2022-03-22 09:06:08
1647939969493382000,20.7,1,20.6,19,20.7,2,1,2022-03-22 09:06:09
1647939969586882000,20.7,1,20.6,19,20.7,1,1,2022-03-22 09:06:09
1647939969701162000,20.65,1,20.6,19,20.7,1,1,2022-03-22 09:06:09
1647939970635270000,20.7,2,20.6,23,20.7,10,1,2022-03-22 09:06:10
1647939971626029000,20.7,1,20.6,17,20.7,14,1,2022-03-22 09:06:11
1647939972611632000,20.7,2,20.6,20,20.7,12,1,2022-03-22 09:06:12
1647939973227184000,20.65,1,20.6,11,20.7,12,2,2022-03-22 09:06:13
1647939973227184000,20.6,9,20.6,11,20.7,12,2,2022-03-22 09:06:13
1647939973483405000,20.7,1,20.6,11,20.7,11,1,2022-03-22 09:06:13
1647939974623439000,20.7,10,20.65,4,20.7,6,1,2022-03-22 09:06:14
1647939975732215000,20.7,5,20.65,4,20.7,4,1,2022-03-22 09:06:15
1647939975926411000,20.65,1,20.65,3,20.7,4,2,2022-03-22 09:06:15
1647939976649390000,20.7,4,20.65,9,20.7,1,1,2022-03-22 09:06:16
1647939977072730000,20.7,1,20.65,9,20.75,17,1,2022-03-22 09:06:17
1647939978381239000,20.7,1,20.65,10,20.75,22,2,2022-03-22 09:06:18
1647939978725641000,20.7,1,20.65,10,20.75,22,1,2022-03-22 09:06:18
1647939978941225000,20.7,1,20.65,10,20.7,2,1,2022-03-22 09:06:18
1647939979030081000,20.7,1,20.65,10,20.7,1,1,2022-03-22 09:06:19
1647939979118450000,20.7,1,20.65,10,20.75,22,1,2022-03-22 09:06:19
1647939979448080000,20.7,2,20.65,11,20.7,8,2,2022-03-22 09:06:19
1647939979652865000,20.7,1,20.65,11,20.7,7,1,2022-03-22 09:06:19
1647939980009496000,20.7,1,20.65,11,20.7,6,1,2022-03-22 09:06:20
1647939980015192000,20.7,2,20.65,11,20.7,4,1,2022-03-22 09:06:20
1647939980344879000,20.7,7,20.65,11,20.75,29,1,2022-03-22 09:06:20
1647939980344879000,20.75,3,20.65,11,20.75,29,1,2022-03-22 09:06:20
1647939980658847000,20.7,1,20.65,11,20.75,29,1,2022-03-22 09:06:20
1647939981943896000,20.7,1,20.65,12,20.7,26,1,2022-03-22 09:06:21
1647939982024960000,20.7,1,20.65,12,20.7,25,1,2022-03-22 09:06:22
1647939982448429000,20.7,3,20.65,12,20.7,27,1,2022-03-22 09:06:22
1647939982497114000,20.7,1,20.65,12,20.7,26,1,2022-03-22 09:06:22
1647939982822429000,20.7,1,20.65,12,20.7,25,1,2022-03-22 09:06:22
1647939982902375000,20.65,12,20.5,65,20.7,25,2,2022-03-22 09:06:22
1647939982902375000,20.6,29,20.5,65,20.7,25,2,2022-03-22 09:06:22
1647939982902375000,20.55,13,20.5,65,20.7,25,2,2022-03-22 09:06:22
1647939982902375000,20.5,6,20.5,65,20.7,25,2,2022-03-22 09:06:22
1647939983123850000,20.65,1,20.5,65,20.7,25,1,2022-03-22 09:06:23
1647939983161863000,20.5,1,20.5,64,20.7,25,2,2022-03-22 09:06:23
1647939983217039000,20.65,2,20.55,1,20.7,27,2,2022-03-22 09:06:23
1647939983909310000,20.55,1,20.5,64,20.65,48,2,2022-03-22 09:06:23
1647939983909310000,20.5,1,20.5,64,20.65,48,2,2022-03-22 09:06:23
1647939984085742000,20.6,1,20.5,64,20.6,2,1,2022-03-22 09:06:24
1647939984181168000,20.6,2,20.5,64,20.65,49,1,2022-03-22 09:06:24
1647939984190130000,20.65,2,20.5,64,20.65,47,1,2022-03-22 09:06:24
1647939984472213000,20.6,2,20.5,64,20.6,14,1,2022-03-22 09:06:24
1647939984844611000,20.6,12,20.5,64,20.6,2,1,2022-03-22 09:06:24
1647939985029493000,20.5,10,20.5,54,20.6,2,2,2022-03-22 09:06:25
1647939985684779000,20.5,10,20.5,42,20.55,10,2,2022-03-22 09:06:25
1647939985712853000,20.5,42,20.45,49,20.55,10,2,2022-03-22 09:06:25
1647939986170750000,20.55,2,20.45,49,20.55,8,1,2022-03-22 09:06:26
1647939987062125000,20.55,1,20.45,49,20.55,10,1,2022-03-22 09:06:27
1647939987433403000,20.55,2,20.45,49,20.55,8,1,2022-03-22 09:06:27
1647939988396789000,20.45,1,20.45,47,20.55,11,2,2022-03-22 09:06:28
1647939988839688000,20.45,9,20.45,38,20.55,11,2,2022-03-22 09:06:28
1647939989292091000,20.5,1,20.45,39,20.55,12,1,2022-03-22 09:06:29
1647939989560542000,20.55,1,20.45,38,20.55,11,1,2022-03-22 09:06:29
1647939990351528000,20.55,3,20.45,38,20.55,9,1,2022-03-22 09:06:30
1647939990779294000,20.55,2,20.45,43,20.55,7,1,2022-03-22 09:06:30
1647939991819437000,20.5,1,20.45,43,20.5,2,1,2022-03-22 09:06:31
1647939992493771000,20.5,2,20.45,43,20.55,8,1,2022-03-22 09:06:32
1647939993258851000,20.5,1,20.5,1,20.55,9,1,2022-03-22 09:06:33
1647939993556285000,20.55,1,20.5,1,20.55,8,1,2022-03-22 09:06:33
1647939996688376000,20.55,3,20.5,4,20.55,3,1,2022-03-22 09:06:36
1647939996809741000,20.55,1,20.5,6,20.55,2,1,2022-03-22 09:06:36
1647939997339576000,20.55,1,20.5,7,20.55,7,1,2022-03-22 09:06:37
1647939997350606000,20.55,2,20.5,7,20.55,5,1,2022-03-22 09:06:37
1647939998195852000,20.55,2,20.5,7,20.55,15,1,2022-03-22 09:06:38
1647940000018008000,20.55,1,20.5,9,20.55,15,1,2022-03-22 09:06:40
1647940000339208000,20.5,1,20.5,8,20.55,15,2,2022-03-22 09:06:40
1647940001658272000,20.5,8,20.45,39,20.5,2,2,2022-03-22 09:06:41
1647940001949813000,20.5,2,20.5,1,20.55,15,1,2022-03-22 09:06:41
1647940001974027000,20.55,1,20.5,1,20.55,14,1,2022-03-22 09:06:41
1647940002070562000,20.55,5,20.5,1,20.55,9,1,2022-03-22 09:06:42
1647940003287475000,20.55,2,20.5,1,20.55,7,1,2022-03-22 09:06:43
1647940003303994000,20.5,1,20.45,42,20.55,7,2,2022-03-22 09:06:43
1647940003385885000,20.55,1,20.45,42,20.55,6,1,2022-03-22 09:06:43
1647940004227229000,20.5,1,20.45,44,20.5,5,1,2022-03-22 09:06:44
1647940004299344000,20.5,1,20.45,44,20.5,4,1,2022-03-22 09:06:44
1647940004345841000,20.5,1,20.45,44,20.5,3,1,2022-03-22 09:06:44
1647940005186855000,20.5,3,20.45,44,20.5,11,1,2022-03-22 09:06:45
1647940005337731000,20.5,2,20.45,44,20.5,9,1,2022-03-22 09:06:45
1647940005724066000,20.45,10,20.45,34,20.5,9,2,2022-03-22 09:06:45
1647940006576187000,20.5,1,20.45,44,20.5,8,1,2022-03-22 09:06:46
1647940006594664000,20.45,4,20.45,40,20.5,8,2,2022-03-22 09:06:46
1647940007527432000,20.5,1,20.45,41,20.5,7,1,2022-03-22 09:06:47
1647940008780132000,20.5,1,20.45,41,20.5,7,1,2022-03-22 09:06:48
1647940009056772000,20.45,10,20.45,31,20.5,7,2,2022-03-22 09:06:49
1647940010009686000,20.5,5,20.45,32,20.5,2,1,2022-03-22 09:06:50
1647940010134684000,20.5,1,20.45,32,20.5,2,1,2022-03-22 09:06:50
1647940011022514000,20.5,2,20.5,1,20.55,31,1,2022-03-22 09:06:51
1647940011052915000,20.5,1,20.45,32,20.55,31,2,2022-03-22 09:06:51
1647940011264168000,20.5,1,20.45,32,20.5,30,1,2022-03-22 09:06:51
1647940012383837000,20.45,2,20.45,30,20.55,22,2,2022-03-22 09:06:52
1647940014142805000,20.5,5,20.5,11,20.55,29,2,2022-03-22 09:06:54
1647940015002168000,20.5,1,20.5,10,20.55,29,2,2022-03-22 09:06:55
1647940015285753000,20.5,1,20.5,9,20.55,29,2,2022-03-22 09:06:55
1647940015315037000,20.5,1,20.5,8,20.55,29,2,2022-03-22 09:06:55
1647940016184302000,20.5,1,20.5,32,20.55,34,2,2022-03-22 09:06:56
1647940018470382000,20.55,2,20.5,36,20.55,32,1,2022-03-22 09:06:58
1647940018769106000,20.5,1,20.5,35,20.55,32,2,2022-03-22 09:06:58
1647940018925477000,20.5,1,20.5,34,20.55,32,2,2022-03-22 09:06:58
1647940019203000000,20.5,10,20.5,24,20.55,32,2,2022-03-22 09:06:59
1647940019572967000,20.5,6,20.5,18,20.55,32,2,2022-03-22 09:06:59
1647940019606653000,20.5,9,20.5,9,20.55,32,2,2022-03-22 09:06:59
1647940019637387000,20.5,4,20.5,5,20.55,32,2,2022-03-22 09:06:59
1647940020129210000,20.5,5,20.45,34,20.5,2,2,2022-03-22 09:07:00
1647940021837190000,20.5,1,20.45,34,20.5,4,1,2022-03-22 09:07:01
1647940022831173000,20.5,4,20.45,34,20.5,10,1,2022-03-22 09:07:02
1647940023353213000,20.5,1,20.45,34,20.5,11,1,2022-03-22 09:07:03
1647940026718104000,20.5,2,20.45,33,20.5,24,1,2022-03-22 09:07:06
1647940027376865000,20.5,12,20.45,33,20.5,12,1,2022-03-22 09:07:07
1647940027431460000,20.5,5,20.45,33,20.5,7,1,2022-03-22 09:07:07
1647940027932345000,20.5,1,20.45,33,20.5,6,1,2022-03-22 09:07:07
1647940029412891000,20.5,2,20.45,33,20.5,4,1,2022-03-22 09:07:09
1647940029915498000,20.5,3,20.45,33,20.5,1,1,2022-03-22 09:07:09
1647940029985697000,20.5,2,20.45,33,20.55,13,1,2022-03-22 09:07:09
1647940030630704000,20.5,1,20.5,11,20.55,13,2,2022-03-22 09:07:10
1647940030906821000,20.5,1,20.5,11,20.55,13,2,2022-03-22 09:07:10
1647940031974046000,20.55,5,20.5,15,20.55,8,1,2022-03-22 09:07:11
1647940033107171000,20.55,1,20.5,15,20.55,7,1,2022-03-22 09:07:13
1647940034352461000,20.55,5,20.5,15,20.55,2,1,2022-03-22 09:07:14
1647940034742452000,20.5,10,20.5,5,20.55,2,2,2022-03-22 09:07:14
1647940035090617000,20.5,1,20.5,4,20.55,2,2,2022-03-22 09:07:15
1647940035760540000,20.55,1,20.5,4,20.55,1,1,2022-03-22 09:07:15
1647940036827204000,20.5,3,20.5,1,20.55,1,2,2022-03-22 09:07:16
1647940039069063000,20.5,1,20.5,2,20.55,6,2,2022-03-22 09:07:19
1647940040779789000,20.5,5,20.45,22,20.55,7,2,2022-03-22 09:07:20
1647940040779789000,20.45,10,20.45,22,20.55,7,2,2022-03-22 09:07:20
1647940041188580000,20.5,1,20.45,22,20.55,7,2,2022-03-22 09:07:21
1647940044803700000,20.5,1,20.45,22,20.55,28,1,2022-03-22 09:07:24
1647940045971177000,20.45,9,20.45,23,20.5,15,2,2022-03-22 09:07:25
1647940046578984000,20.5,1,20.45,23,20.5,14,1,2022-03-22 09:07:26
1647940050897374000,20.45,26,20.4,41,20.45,1,2,2022-03-22 09:07:30
1647940050969757000,20.45,1,20.4,41,20.5,34,1,2022-03-22 09:07:30
1647940050969757000,20.5,1,20.4,41,20.5,34,1,2022-03-22 09:07:30
1647940051403916000,20.5,1,20.4,41,20.5,34,1,2022-03-22 09:07:31
1647940052423472000,20.5,5,20.4,41,20.5,30,1,2022-03-22 09:07:32
1647940053490537000,20.5,10,20.4,41,20.5,22,1,2022-03-22 09:07:33
1647940053718936000,20.45,1,20.4,41,20.5,22,1,2022-03-22 09:07:33
1647940054030304000,20.4,2,20.4,39,20.5,23,2,2022-03-22 09:07:34
1647940054457727000,20.5,1,20.4,39,20.5,22,1,2022-03-22 09:07:34
1647940054883232000,20.45,1,20.4,39,20.45,1,1,2022-03-22 09:07:34
1647940055807756000,20.45,1,20.4,39,20.5,18,1,2022-03-22 09:07:35
1647940055807756000,20.5,4,20.4,39,20.5,18,1,2022-03-22 09:07:35
1647940055894782000,20.4,10,20.4,29,20.5,18,2,2022-03-22 09:07:35
1647940056900146000,20.5,10,20.4,29,20.5,11,1,2022-03-22 09:07:36
1647940057795710000,20.45,1,20.4,29,20.5,9,1,2022-03-22 09:07:37
1647940057795710000,20.5,2,20.4,29,20.5,9,1,2022-03-22 09:07:37
1647940058541391000,20.4,1,20.4,28,20.5,9,2,2022-03-22 09:07:38
1647940058580448000,20.5,2,20.4,28,20.5,7,1,2022-03-22 09:07:38
1647940058757825000,20.5,2,20.4,28,20.5,5,1,2022-03-22 09:07:38
1647940059182746000,20.5,1,20.4,28,20.5,5,1,2022-03-22 09:07:39
1647940060986884000,20.5,2,20.4,31,20.5,25,1,2022-03-22 09:07:40
1647940061847049000,20.5,1,20.4,36,20.5,29,1,2022-03-22 09:07:41
1647940061990299000,20.5,3,20.4,36,20.5,26,1,2022-03-22 09:07:41
1647940064038948000,20.45,1,20.45,12,20.5,30,2,2022-03-22 09:07:44
1647940064430036000,20.45,7,20.45,5,20.5,30,2,2022-03-22 09:07:44
1647940064459338000,20.45,5,20.4,36,20.5,30,2,2022-03-22 09:07:44
1647940066335498000,20.45,1,20.4,41,20.45,7,1,2022-03-22 09:07:46
1647940067733329000,20.4,6,20.4,35,20.45,8,2,2022-03-22 09:07:47
1647940068657379000,20.4,30,20.4,5,20.45,10,2,2022-03-22 09:07:48
1647940068681643000,20.4,5,20.35,85,20.45,10,2,2022-03-22 09:07:48
1647940069273720000,20.45,5,20.35,85,20.45,5,1,2022-03-22 09:07:49
1647940069973934000,20.35,10,20.35,75,20.45,6,2,2022-03-22 09:07:49
1647940070005441000,20.35,64,20.35,11,20.45,6,2,2022-03-22 09:07:50
1647940070038079000,20.35,11,20.3,62,20.45,6,2,2022-03-22 09:07:50
1647940070502374000,20.3,20,20.3,42,20.45,6,2,2022-03-22 09:07:50
1647940071022074000,20.4,1,20.3,42,20.45,26,2,2022-03-22 09:07:51
1647940071096810000,20.45,1,20.3,42,20.45,25,1,2022-03-22 09:07:51
1647940072422689000,20.3,2,20.3,40,20.4,10,2,2022-03-22 09:07:52
1647940072721847000,20.4,5,20.3,40,20.4,5,1,2022-03-22 09:07:52
1647940073353726000,20.35,1,20.3,41,20.35,5,1,2022-03-22 09:07:53
1647940074538132000,20.3,1,20.3,40,20.35,5,2,2022-03-22 09:07:54
1647940075784240000,20.35,1,20.3,40,20.35,4,1,2022-03-22 09:07:55
1647940076403246000,20.35,3,20.3,40,20.35,2,1,2022-03-22 09:07:56
1647940076500223000,20.3,6,20.3,34,20.35,2,2,2022-03-22 09:07:56
1647940076623101000,20.35,2,20.35,13,20.4,5,1,2022-03-22 09:07:56
1647940080896658000,20.4,1,20.35,27,20.4,4,1,2022-03-22 09:08:00
1647940081644663000,20.4,4,20.4,6,20.45,24,1,2022-03-22 09:08:01
1647940083020111000,20.4,1,20.4,5,20.45,24,2,2022-03-22 09:08:03
1647940083449378000,20.4,1,20.4,4,20.45,24,2,2022-03-22 09:08:03
1647940083970708000,20.4,1,20.4,3,20.45,25,2,2022-03-22 09:08:03
1647940084506022000,20.45,1,20.4,3,20.45,24,1,2022-03-22 09:08:04
1647940085676337000,20.45,1,20.4,3,20.45,23,1,2022-03-22 09:08:05
1647940086590906000,20.4,1,20.4,3,20.45,23,2,2022-03-22 09:08:06
1647940086925578000,20.4,3,20.35,17,20.4,22,2,2022-03-22 09:08:06
1647940087191422000,20.4,3,20.35,17,20.4,19,1,2022-03-22 09:08:07
1647940087484620000,20.35,18,20.3,37,20.4,19,2,2022-03-22 09:08:07
1647940088680621000,20.4,1,20.3,37,20.4,18,1,2022-03-22 09:08:08
1647940090420413000,20.35,1,20.35,1,20.4,29,2,2022-03-22 09:08:10
1647940091412301000,20.35,1,20.3,36,20.4,31,2,2022-03-22 09:08:11
1647940092452451000,20.3,5,20.3,31,20.35,5,2,2022-03-22 09:08:12
1647940093072981000,20.3,25,20.3,6,20.35,5,2,2022-03-22 09:08:13
1647940094035657000,20.35,3,20.3,6,20.35,14,1,2022-03-22 09:08:14
1647940094140700000,20.3,6,20.25,32,20.3,19,2,2022-03-22 09:08:14
1647940094461702000,20.25,5,20.25,26,20.3,19,2,2022-03-22 09:08:14
1647940094567968000,20.25,3,20.25,23,20.3,19,2,2022-03-22 09:08:14
1647940095845532000,20.3,2,20.25,23,20.3,17,1,2022-03-22 09:08:15
1647940096042823000,20.25,1,20.25,22,20.3,17,2,2022-03-22 09:08:16
1647940096157120000,20.3,1,20.25,22,20.3,16,1,2022-03-22 09:08:16
1647940096337645000,20.3,3,20.25,22,20.3,13,1,2022-03-22 09:08:16
1647940098592823000,20.25,1,20.25,22,20.3,13,2,2022-03-22 09:08:18
1647940098596339000,20.3,1,20.25,22,20.3,12,1,2022-03-22 09:08:18
1647940098847608000,20.3,10,20.25,22,20.3,2,1,2022-03-22 09:08:18
1647940098883207000,20.3,2,20.25,22,20.35,14,1,2022-03-22 09:08:18
1647940099900046000,20.3,1,20.3,9,20.35,14,1,2022-03-22 09:08:19
1647940100103722000,20.3,9,20.25,17,20.35,14,2,2022-03-22 09:08:20
1647940100103722000,20.25,6,20.25,17,20.35,14,2,2022-03-22 09:08:20
1647940100107321000,20.25,10,20.25,7,20.35,14,2,2022-03-22 09:08:20
1647940100637160000,20.35,1,20.25,8,20.35,13,1,2022-03-22 09:08:20
1647940101672668000,20.3,1,20.25,10,20.35,13,2,2022-03-22 09:08:21
1647940103243708000,20.35,5,20.3,5,20.35,9,1,2022-03-22 09:08:23
1647940105080968000,20.3,6,20.3,4,20.35,9,2,2022-03-22 09:08:25
1647940105754985000,20.35,2,20.3,24,20.35,7,1,2022-03-22 09:08:25
1647940105793798000,20.35,4,20.3,24,20.35,3,1,2022-03-22 09:08:25
1647940106146331000,20.3,20,20.3,4,20.35,3,2,2022-03-22 09:08:26
1647940107770626000,20.3,2,20.3,34,20.35,3,2,2022-03-22 09:08:27
1647940108770279000,20.35,3,20.35,2,20.4,24,1,2022-03-22 09:08:28
1647940109354923000,20.35,1,20.35,1,20.4,24,2,2022-03-22 09:08:29
1647940109550167000,20.35,4,20.3,35,20.35,1,2,2022-03-22 09:08:29
1647940110755504000,20.35,1,20.35,3,20.4,24,1,2022-03-22 09:08:30
1647940111104812000,20.35,2,20.35,2,20.4,24,2,2022-03-22 09:08:31
1647940112286975000,20.35,9,20.35,5,20.4,24,2,2022-03-22 09:08:32
1647940112479421000,20.4,3,20.35,5,20.4,21,1,2022-03-22 09:08:32
1647940113222155000,20.35,5,20.3,37,20.4,21,2,2022-03-22 09:08:33
1647940114844694000,20.35,1,20.35,15,20.4,21,2,2022-03-22 09:08:34
1647940115479501000,20.35,1,20.35,14,20.4,21,2,2022-03-22 09:08:35
1647940116674001000,20.35,15,20.35,2,20.4,22,2,2022-03-22 09:08:36
1647940118503502000,20.4,20,20.35,4,20.4,3,1,2022-03-22 09:08:38
1647940119989362000,20.35,8,20.3,40,20.35,2,2,2022-03-22 09:08:39
1647940120027848000,20.35,2,20.3,40,20.4,3,1,2022-03-22 09:08:40
1647940120907793000,20.3,4,20.3,41,20.4,14,2,2022-03-22 09:08:40
1647940120927454000,20.3,2,20.3,39,20.4,14,2,2022-03-22 09:08:40
1647940123814674000,20.35,2,20.3,39,20.4,15,2,2022-03-22 09:08:43
1647940124649587000,20.3,10,20.3,29,20.4,15,2,2022-03-22 09:08:44
1647940125349017000,20.3,1,20.3,28,20.4,15,2,2022-03-22 09:08:45
1647940126054815000,20.3,10,20.3,20,20.35,5,2,2022-03-22 09:08:46
1647940126524499000,20.35,5,20.35,5,20.4,15,1,2022-03-22 09:08:46
1647940127188847000,20.35,1,20.35,4,20.4,16,2,2022-03-22 09:08:47
1647940127721574000,20.4,16,20.35,4,20.45,20,1,2022-03-22 09:08:47
1647940127721574000,20.45,4,20.35,4,20.45,20,1,2022-03-22 09:08:47
1647940130593816000,20.45,5,20.35,17,20.45,15,1,2022-03-22 09:08:50
1647940130966505000,20.45,1,20.35,17,20.45,14,1,2022-03-22 09:08:50
1647940131547916000,20.45,1,20.35,17,20.45,13,1,2022-03-22 09:08:51
1647940132335353000,20.45,5,20.35,17,20.45,8,1,2022-03-22 09:08:52
1647940133240147000,20.4,2,20.35,22,20.4,3,2,2022-03-22 09:08:53
1647940133267868000,20.4,3,20.35,22,20.45,8,1,2022-03-22 09:08:53
1647940133309501000,20.45,2,20.35,22,20.45,6,1,2022-03-22 09:08:53
1647940133688036000,20.45,6,20.45,4,20.5,43,1,2022-03-22 09:08:53
1647940137344327000,20.45,2,20.45,2,20.5,43,2,2022-03-22 09:08:57
1647940138183223000,20.45,1,20.45,1,20.5,43,2,2022-03-22 09:08:58
1647940138293039000,20.5,1,20.45,1,20.5,42,1,2022-03-22 09:08:58
1647940138488013000,20.5,20,20.45,1,20.5,22,1,2022-03-22 09:08:58
1647940138528707000,20.5,22,20.45,1,20.55,30,1,2022-03-22 09:08:58
1647940138862187000,20.45,1,20.4,5,20.45,13,2,2022-03-22 09:08:58
1647940138892674000,20.45,13,20.4,5,20.55,30,1,2022-03-22 09:08:58
1647940138957589000,20.55,1,20.4,5,20.55,29,1,2022-03-22 09:08:58
1647940139266847000,20.4,5,20.35,23,20.55,29,2,2022-03-22 09:08:59
1647940141269676000,20.45,1,20.4,1,20.55,29,1,2022-03-22 09:09:01
1647940143227392000,20.45,5,20.4,1,20.5,2,2,2022-03-22 09:09:03
1647940144348250000,20.45,1,20.45,1,20.5,2,2,2022-03-22 09:09:04
1647940144725061000,20.45,1,20.4,4,20.45,9,2,2022-03-22 09:09:04
1647940145546503000,20.45,5,20.4,4,20.45,4,1,2022-03-22 09:09:05
1647940145570760000,20.45,4,20.4,4,20.5,2,1,2022-03-22 09:09:05
1647940146124238000,20.5,1,20.4,3,20.5,2,1,2022-03-22 09:09:06
1647940146785727000,20.45,1,20.45,2,20.5,2,1,2022-03-22 09:09:06
1647940148456102000,20.5,1,20.45,2,20.5,1,1,2022-03-22 09:09:08
1647940148877268000,20.5,1,20.5,12,20.55,30,1,2022-03-22 09:09:08
1647940148910268000,20.5,1,20.5,11,20.55,30,2,2022-03-22 09:09:08
1647940149527011000,20.5,2,20.5,9,20.55,30,2,2022-03-22 09:09:09
1647940149560087000,20.5,9,20.45,2,20.55,30,2,2022-03-22 09:09:09
1647940149938577000,20.45,2,20.4,4,20.45,17,2,2022-03-22 09:09:09
1647940150051068000,20.45,1,20.4,4,20.45,22,1,2022-03-22 09:09:10
1647940150590147000,20.45,1,20.4,3,20.45,21,1,2022-03-22 09:09:10
1647940150598875000,20.45,1,20.4,3,20.45,20,1,2022-03-22 09:09:10
1647940151544840000,20.4,2,20.4,1,20.45,20,2,2022-03-22 09:09:11
1647940151855641000,20.4,1,20.35,20,20.45,20,2,2022-03-22 09:09:11
1647940152317303000,20.4,1,20.35,20,20.45,18,1,2022-03-22 09:09:12
1647940152317303000,20.45,2,20.35,20,20.45,18,1,2022-03-22 09:09:12
1647940153773396000,20.45,1,20.35,20,20.45,17,1,2022-03-22 09:09:13
1647940154113322000,20.45,1,20.35,20,20.45,16,1,2022-03-22 09:09:14
1647940154416837000,20.45,3,20.35,20,20.45,13,1,2022-03-22 09:09:14
1647940155287533000,20.45,13,20.35,23,20.6,24,1,2022-03-22 09:09:15
1647940155287533000,20.5,17,20.35,23,20.6,24,1,2022-03-22 09:09:15
1647940155287533000,20.55,30,20.35,23,20.6,24,1,2022-03-22 09:09:15
1647940155287533000,20.6,10,20.35,23,20.6,24,1,2022-03-22 09:09:15
1647940155359625000,20.6,1,20.35,23,20.6,23,1,2022-03-22 09:09:15
1647940155375664000,20.6,1,20.35,23,20.6,22,1,2022-03-22 09:09:15
1647940155635985000,20.35,1,20.35,22,20.6,22,2,2022-03-22 09:09:15
1647940157170320000,20.45,1,20.45,1,20.6,22,1,2022-03-22 09:09:17
1647940160171264000,20.55,2,20.5,10,20.6,22,1,2022-03-22 09:09:20
1647940160297726000,20.5,1,20.5,9,20.6,22,2,2022-03-22 09:09:20
1647940162096937000,20.6,2,20.5,9,20.6,20,1,2022-03-22 09:09:22
1647940165043020000,20.55,1,20.5,9,20.55,1,1,2022-03-22 09:09:25
1647940166706006000,20.5,9,20.5,2,20.55,1,2,2022-03-22 09:09:26
1647940166731618000,20.5,2,20.45,19,20.55,1,2,2022-03-22 09:09:26
1647940167349751000,20.45,1,20.45,18,20.55,1,2,2022-03-22 09:09:27
1647940167385237000,20.45,8,20.45,10,20.55,1,2,2022-03-22 09:09:27
1647940169708112000,20.55,1,20.5,4,20.55,3,1,2022-03-22 09:09:29
1647940169947961000,20.55,1,20.5,4,20.55,3,1,2022-03-22 09:09:29
1647940174032346000,20.55,2,20.5,4,20.55,2,1,2022-03-22 09:09:34
1647940174628799000,20.55,1,20.5,4,20.55,1,1,2022-03-22 09:09:34
1647940176016982000,20.55,2,20.55,1,20.6,20,1,2022-03-22 09:09:36
1647940176053180000,20.55,1,20.5,4,20.6,20,2,2022-03-22 09:09:36
1647940178423107000,20.55,4,20.5,2,20.6,21,2,2022-03-22 09:09:38
1647940178423107000,20.5,6,20.5,2,20.6,21,2,2022-03-22 09:09:38
1647940179276235000,20.55,1,20.55,4,20.6,21,2,2022-03-22 09:09:39
1647940180444428000,20.55,2,20.55,13,20.6,21,2,2022-03-22 09:09:40
1647940180584067000,20.6,10,20.55,13,20.6,11,1,2022-03-22 09:09:40
1647940180606904000,20.6,11,20.55,13,20.65,30,1,2022-03-22 09:09:40
1647940180751071000,20.55,1,20.55,13,20.65,30,2,2022-03-22 09:09:40
1647940180772691000,20.55,2,20.55,11,20.65,30,2,2022-03-22 09:09:40
1647940182121529000,20.55,2,20.55,14,20.6,1,2,2022-03-22 09:09:42
1647940182440107000,20.6,1,20.55,15,20.65,21,1,2022-03-22 09:09:42
1647940182440107000,20.65,9,20.55,15,20.65,21,1,2022-03-22 09:09:42
1647940183125150000,20.55,1,20.55,15,20.65,21,2,2022-03-22 09:09:43
1647940183769510000,20.55,1,20.55,14,20.65,21,2,2022-03-22 09:09:43
1647940186264511000,20.65,21,20.6,27,20.7,54,1,2022-03-22 09:09:46
1647940187478982000,20.7,25,20.65,5,20.7,29,1,2022-03-22 09:09:47
1647940187492723000,20.65,1,20.65,4,20.7,29,2,2022-03-22 09:09:47
1647940187511148000,20.7,23,20.65,4,20.7,6,1,2022-03-22 09:09:47
1647940187546174000,20.7,6,20.65,4,20.75,38,1,2022-03-22 09:09:47
1647940188120603000,20.65,4,20.6,26,20.75,38,2,2022-03-22 09:09:48
1647940188120603000,20.6,1,20.6,26,20.75,38,2,2022-03-22 09:09:48
1647940190643470000,20.75,2,20.6,25,20.75,35,1,2022-03-22 09:09:50
1647940191143933000,20.7,1,20.6,25,20.7,4,1,2022-03-22 09:09:51
1647940191440046000,20.7,4,20.6,25,20.75,31,1,2022-03-22 09:09:51
1647940191440046000,20.75,4,20.6,25,20.75,31,1,2022-03-22 09:09:51
1647940193068927000,20.6,1,20.6,30,20.75,29,2,2022-03-22 09:09:53
1647940193423240000,20.75,1,20.65,3,20.75,28,1,2022-03-22 09:09:53
1647940194662213000,20.75,5,20.7,2,20.75,23,1,2022-03-22 09:09:54
1647940194916131000,20.75,4,20.7,3,20.75,19,1,2022-03-22 09:09:54
1647940196307023000,20.75,19,20.7,3,20.8,34,1,2022-03-22 09:09:56
1647940197781484000,20.8,1,20.75,5,20.8,33,1,2022-03-22 09:09:57
1647940198918719000,20.8,1,20.75,5,20.8,32,1,2022-03-22 09:09:58
1647940199576748000,20.8,5,20.75,5,20.8,27,1,2022-03-22 09:09:59
1647940199780179000,20.8,1,20.75,5,20.8,26,1,2022-03-22 09:09:59
1647940200045409000,20.75,1,20.75,4,20.8,26,2,2022-03-22 09:10:00
1647940200325361000,20.75,1,20.75,3,20.8,26,2,2022-03-22 09:10:00
1647940200794784000,20.8,1,20.75,3,20.8,25,1,2022-03-22 09:10:00
1647940201475462000,20.8,2,20.75,4,20.8,23,1,2022-03-22 09:10:01
1647940201756409000,20.8,5,20.75,4,20.8,18,1,2022-03-22 09:10:01
1647940201857584000,20.8,1,20.75,4,20.8,17,1,2022-03-22 09:10:01
1647940202106435000,20.8,3,20.75,7,20.8,14,1,2022-03-22 09:10:02
1647940202356497000,20.8,14,20.75,13,20.85,10,1,2022-03-22 09:10:02
1647940202436627000,20.85,5,20.75,13,20.85,5,1,2022-03-22 09:10:02
1647940202477597000,20.85,2,20.8,1,20.85,3,1,2022-03-22 09:10:02
1647940202486591000,20.85,1,20.8,1,20.85,2,1,2022-03-22 09:10:02
1647940203010505000,20.85,2,20.85,3,20.9,66,1,2022-03-22 09:10:03
1647940203254656000,20.9,1,20.85,3,20.9,65,1,2022-03-22 09:10:03
1647940203386460000,20.85,3,20.8,9,20.9,65,2,2022-03-22 09:10:03
1647940203386460000,20.8,2,20.8,9,20.9,65,2,2022-03-22 09:10:03
1647940203566910000,20.8,9,20.75,15,20.8,1,2,2022-03-22 09:10:03
1647940203767277000,20.8,1,20.75,15,20.9,65,1,2022-03-22 09:10:03
1647940204170339000,20.9,4,20.75,16,20.9,61,1,2022-03-22 09:10:04
1647940204648634000,20.85,9,20.75,15,20.9,61,2,2022-03-22 09:10:04
1647940204648634000,20.75,1,20.75,15,20.9,61,2,2022-03-22 09:10:04
1647940204654928000,20.9,1,20.75,15,20.9,60,1,2022-03-22 09:10:04
1647940204898837000,20.9,1,20.75,15,20.9,62,1,2022-03-22 09:10:04
1647940205076039000,20.9,5,20.75,15,20.9,57,1,2022-03-22 09:10:05
1647940205111763000,20.8,1,20.75,10,20.9,57,2,2022-03-22 09:10:05
1647940205111763000,20.75,5,20.75,10,20.9,57,2,2022-03-22 09:10:05
1647940205371597000,20.9,1,20.75,12,20.9,56,1,2022-03-22 09:10:05
1647940205552320000,20.9,1,20.8,5,20.9,55,1,2022-03-22 09:10:05
1647940205813121000,20.9,5,20.8,5,20.9,50,1,2022-03-22 09:10:05
1647940205835381000,20.8,5,20.75,12,20.9,50,2,2022-03-22 09:10:05
1647940205887881000,20.9,5,20.75,12,20.9,45,1,2022-03-22 09:10:05
1647940205993355000,20.85,1,20.75,12,20.9,45,1,2022-03-22 09:10:05
1647940206424363000,20.9,1,20.75,13,20.9,45,1,2022-03-22 09:10:06
1647940206611173000,20.9,1,20.75,13,20.9,44,1,2022-03-22 09:10:06
1647940206887737000,20.85,2,20.8,2,20.9,36,1,2022-03-22 09:10:06
1647940206887737000,20.9,8,20.8,2,20.9,36,1,2022-03-22 09:10:06
1647940207052882000,20.9,2,20.8,2,20.9,34,1,2022-03-22 09:10:07
1647940207558720000,20.9,2,20.8,4,20.9,32,1,2022-03-22 09:10:07
1647940207891401000,20.9,6,20.8,4,20.9,26,1,2022-03-22 09:10:07
1647940208274133000,20.9,3,20.8,6,20.9,23,1,2022-03-22 09:10:08
1647940208597527000,20.9,1,20.8,7,20.9,22,1,2022-03-22 09:10:08
1647940208614106000,20.9,1,20.8,7,20.9,21,1,2022-03-22 09:10:08
1647940209153431000,20.8,3,20.8,7,20.9,51,2,2022-03-22 09:10:09
1647940209306083000,20.9,1,20.8,7,20.9,50,1,2022-03-22 09:10:09
1647940209498431000,20.8,1,20.8,6,20.9,52,2,2022-03-22 09:10:09
1647940209621821000,20.9,5,20.8,6,20.9,47,1,2022-03-22 09:10:09
1647940209622254000,20.9,1,20.8,6,20.9,46,1,2022-03-22 09:10:09
1647940209662693000,20.8,2,20.8,4,20.9,46,2,2022-03-22 09:10:09
1647940209750756000,20.9,1,20.8,4,20.9,45,1,2022-03-22 09:10:09
1647940209913484000,20.9,1,20.8,9,20.9,44,1,2022-03-22 09:10:09
1647940210125363000,20.9,1,20.8,19,20.9,43,1,2022-03-22 09:10:10
1647940210459799000,20.85,1,20.8,19,20.85,7,1,2022-03-22 09:10:10
1647940211148230000,20.85,5,20.8,30,20.85,2,1,2022-03-22 09:10:11
1647940211184580000,20.85,1,20.8,30,20.85,1,1,2022-03-22 09:10:11
1647940211344488000,20.85,1,20.8,30,20.9,50,1,2022-03-22 09:10:11
1647940211366875000,20.9,1,20.8,30,20.9,49,1,2022-03-22 09:10:11
1647940211693589000,20.9,1,20.8,31,20.9,48,1,2022-03-22 09:10:11
1647940212207912000,20.85,10,20.8,33,20.85,7,1,2022-03-22 09:10:12
1647940212327397000,20.85,2,20.8,33,20.85,7,1,2022-03-22 09:10:12
1647940212421462000,20.85,1,20.8,33,20.85,10,1,2022-03-22 09:10:12
1647940213255249000,20.85,4,20.8,43,20.85,7,1,2022-03-22 09:10:13
1647940213640550000,20.85,5,20.8,46,20.85,2,1,2022-03-22 09:10:13
1647940214217036000,20.85,1,20.8,46,20.85,2,1,2022-03-22 09:10:14
1647940214384524000,20.85,3,20.85,2,20.9,52,1,2022-03-22 09:10:14
1647940214401232000,20.85,2,20.8,45,20.9,52,2,2022-03-22 09:10:14
1647940214401232000,20.8,1,20.8,45,20.9,52,2,2022-03-22 09:10:14
1647940215090083000,20.85,5,20.8,46,20.9,57,1,2022-03-22 09:10:15
1647940215173194000,20.85,10,20.8,46,20.9,57,2,2022-03-22 09:10:15
1647940215588572000,20.9,1,20.8,46,20.9,56,1,2022-03-22 09:10:15
1647940215805441000,20.85,1,20.8,46,20.9,56,1,2022-03-22 09:10:15
1647940215928095000,20.85,1,20.8,46,20.9,56,1,2022-03-22 09:10:15
1647940216143422000,20.85,2,20.8,52,20.85,5,1,2022-03-22 09:10:16
1647940216529019000,20.8,5,20.8,47,20.85,1,2,2022-03-22 09:10:16
1647940216862174000,20.85,6,20.8,48,20.85,1,1,2022-03-22 09:10:16
1647940217997984000,20.85,4,20.85,8,20.9,51,1,2022-03-22 09:10:17
1647940218007819000,20.85,5,20.85,3,20.9,51,2,2022-03-22 09:10:18
1647940218046574000,20.85,3,20.8,60,20.9,51,2,2022-03-22 09:10:18
1647940218605534000,20.85,1,20.85,4,20.9,52,1,2022-03-22 09:10:18
1647940218941977000,20.85,4,20.8,55,20.9,72,2,2022-03-22 09:10:18
1647940219574602000,20.9,1,20.85,2,20.9,71,1,2022-03-22 09:10:19
1647940219593363000,20.9,5,20.85,2,20.9,66,1,2022-03-22 09:10:19
1647940219655300000,20.85,1,20.85,1,20.9,66,2,2022-03-22 09:10:19
1647940219693413000,20.85,1,20.8,55,20.9,66,2,2022-03-22 09:10:19
1647940220042098000,20.85,1,20.8,55,20.85,2,1,2022-03-22 09:10:20
1647940220189829000,20.85,1,20.8,55,20.85,2,1,2022-03-22 09:10:20
1647940220304501000,20.8,1,20.8,54,20.85,2,2,2022-03-22 09:10:20
1647940220330631000,20.85,1,20.8,54,20.85,1,1,2022-03-22 09:10:20
1647940220546322000,20.85,1,20.85,9,20.9,68,1,2022-03-22 09:10:20
1647940220574559000,20.85,9,20.8,54,20.9,68,2,2022-03-22 09:10:20
1647940221689974000,20.85,1,20.8,56,20.9,66,2,2022-03-22 09:10:21
1647940221812913000,20.9,10,20.8,56,20.9,56,1,2022-03-22 09:10:21
1647940221980868000,20.85,5,20.8,57,20.85,20,1,2022-03-22 09:10:21
1647940222412133000,20.85,1,20.8,57,20.85,19,1,2022-03-22 09:10:22
1647940223089348000,20.85,1,20.8,57,20.85,29,1,2022-03-22 09:10:23
1647940223531512000,20.8,1,20.8,59,20.85,32,2,2022-03-22 09:10:23
1647940223883148000,20.85,1,20.8,60,20.85,37,1,2022-03-22 09:10:23
1647940223963127000,20.85,1,20.8,55,20.85,37,1,2022-03-22 09:10:23
1647940224002683000,20.8,2,20.8,53,20.85,37,2,2022-03-22 09:10:24
1647940224187519000,20.85,1,20.8,53,20.85,36,1,2022-03-22 09:10:24
1647940224379373000,20.8,3,20.8,50,20.85,36,2,2022-03-22 09:10:24
1647940224446465000,20.8,7,20.8,43,20.85,36,2,2022-03-22 09:10:24
1647940224523310000,20.85,1,20.8,43,20.85,35,1,2022-03-22 09:10:24
1647940224536223000,20.8,2,20.8,41,20.85,35,2,2022-03-22 09:10:24
1647940224597578000,20.85,1,20.8,41,20.85,34,1,2022-03-22 09:10:24
1647940224692034000,20.85,1,20.8,41,20.85,33,1,2022-03-22 09:10:24
1647940224742740000,20.8,4,20.8,37,20.85,33,2,2022-03-22 09:10:24
1647940224772102000,20.8,24,20.8,13,20.85,33,2,2022-03-22 09:10:24
1647940224929577000,20.8,8,20.8,6,20.85,33,2,2022-03-22 09:10:24
1647940224964062000,20.8,2,20.8,4,20.85,33,2,2022-03-22 09:10:24
1647940224995114000,20.8,3,20.8,1,20.85,33,2,2022-03-22 09:10:24
1647940225465546000,20.8,1,20.75,26,20.8,1,2,2022-03-22 09:10:25
1647940225966774000,20.8,3,20.75,26,20.8,4,1,2022-03-22 09:10:25
1647940226176566000,20.8,1,20.75,26,20.8,4,1,2022-03-22 09:10:26
1647940226216146000,20.8,2,20.75,26,20.8,2,1,2022-03-22 09:10:26
1647940226480185000,20.8,1,20.75,26,20.8,7,1,2022-03-22 09:10:26
1647940226818233000,20.8,1,20.75,26,20.8,11,1,2022-03-22 09:10:26
1647940227739384000,20.8,15,20.75,26,20.8,11,1,2022-03-22 09:10:27
1647940228004144000,20.8,2,20.75,26,20.8,10,1,2022-03-22 09:10:28
1647940228061802000,20.8,2,20.75,26,20.8,8,1,2022-03-22 09:10:28
1647940228282703000,20.8,1,20.75,26,20.8,7,1,2022-03-22 09:10:28
1647940228415565000,20.8,2,20.75,26,20.8,5,1,2022-03-22 09:10:28
1647940229479007000,20.8,10,20.75,27,20.8,2,1,2022-03-22 09:10:29
1647940229489029000,20.75,3,20.75,24,20.8,2,2,2022-03-22 09:10:29
1647940229530444000,20.75,2,20.75,22,20.8,9,2,2022-03-22 09:10:29
1647940230082829000,20.75,5,20.75,18,20.8,9,2,2022-03-22 09:10:30
1647940230355406000,20.8,1,20.75,18,20.8,8,1,2022-03-22 09:10:30
1647940230558645000,20.75,2,20.75,16,20.8,9,2,2022-03-22 09:10:30
1647940230807680000,20.8,5,20.75,15,20.8,4,1,2022-03-22 09:10:30
1647940231646764000,20.8,10,20.8,40,20.85,68,1,2022-03-22 09:10:31
1647940231872791000,20.85,1,20.8,40,20.85,67,1,2022-03-22 09:10:31
1647940232014610000,20.8,1,20.8,39,20.85,67,2,2022-03-22 09:10:32
1647940232249356000,20.8,1,20.8,38,20.85,67,2,2022-03-22 09:10:32
1647940232552127000,20.8,1,20.8,37,20.85,67,2,2022-03-22 09:10:32
1647940233393020000,20.85,5,20.8,37,20.85,63,1,2022-03-22 09:10:33
1647940233940155000,20.8,3,20.8,37,20.85,63,2,2022-03-22 09:10:33
1647940234854876000,20.8,1,20.8,36,20.85,68,2,2022-03-22 09:10:34
1647940235683116000,20.85,2,20.8,36,20.85,66,1,2022-03-22 09:10:35
1647940236268374000,20.8,1,20.8,40,20.85,69,2,2022-03-22 09:10:36
1647940236293310000,20.85,1,20.8,40,20.85,68,1,2022-03-22 09:10:36
1647940237527020000,20.8,2,20.8,43,20.85,81,2,2022-03-22 09:10:37
1647940237892530000,20.85,1,20.8,43,20.85,81,1,2022-03-22 09:10:37
1647940237893236000,20.85,2,20.8,43,20.85,79,1,2022-03-22 09:10:37
1647940237893615000,20.85,1,20.8,43,20.85,78,1,2022-03-22 09:10:37
1647940237906466000,20.85,1,20.8,43,20.85,77,1,2022-03-22 09:10:37
1647940237906994000,20.85,1,20.8,43,20.85,76,1,2022-03-22 09:10:37
1647940237956166000,20.8,1,20.8,42,20.85,76,2,2022-03-22 09:10:37
1647940238129600000,20.8,1,20.8,41,20.85,76,2,2022-03-22 09:10:38
1647940238687404000,20.85,5,20.8,41,20.85,71,1,2022-03-22 09:10:38
1647940239290464000,20.8,5,20.8,41,20.85,71,2,2022-03-22 09:10:39
1647940239511119000,20.8,2,20.8,39,20.85,71,2,2022-03-22 09:10:39
1647940239876168000,20.8,2,20.8,42,20.85,71,2,2022-03-22 09:10:39
1647940239934350000,20.8,2,20.8,40,20.85,71,2,2022-03-22 09:10:39
1647940239966553000,20.8,1,20.8,39,20.85,71,2,2022-03-22 09:10:39
1647940240308803000,20.8,9,20.8,30,20.85,71,2,2022-03-22 09:10:40
1647940240421454000,20.85,1,20.8,30,20.85,70,1,2022-03-22 09:10:40
1647940241023358000,20.8,3,20.8,28,20.85,84,2,2022-03-22 09:10:41
1647940241025803000,20.85,2,20.8,28,20.85,82,1,2022-03-22 09:10:41
1647940241166983000,20.8,1,20.8,27,20.85,82,2,2022-03-22 09:10:41
1647940241629874000,20.8,2,20.8,25,20.85,82,2,2022-03-22 09:10:41
1647940241702040000,20.8,1,20.8,24,20.85,82,2,2022-03-22 09:10:41
1647940242134738000,20.85,15,20.8,24,20.85,67,1,2022-03-22 09:10:42
1647940242152694000,20.8,3,20.8,21,20.85,67,2,2022-03-22 09:10:42
1647940242612849000,20.8,5,20.8,16,20.85,67,2,2022-03-22 09:10:42
1647940242630232000,20.8,10,20.8,6,20.85,67,2,2022-03-22 09:10:42
1647940242642128000,20.8,2,20.8,4,20.85,67,2,2022-03-22 09:10:42
1647940242900545000,20.8,1,20.8,3,20.85,67,2,2022-03-22 09:10:42
1647940243654705000,20.8,1,20.8,3,20.85,67,2,2022-03-22 09:10:43
1647940243722927000,20.8,3,20.8,1,20.85,67,2,2022-03-22 09:10:43
1647940243814865000,20.85,1,20.8,1,20.85,66,1,2022-03-22 09:10:43
1647940243994473000,20.8,1,20.75,17,20.85,66,2,2022-03-22 09:10:43
1647940244004616000,20.75,2,20.75,15,20.85,66,2,2022-03-22 09:10:44
1647940244251448000,20.8,1,20.75,15,20.8,3,1,2022-03-22 09:10:44
1647940246605562000,20.8,10,20.75,15,20.8,37,1,2022-03-22 09:10:46
1647940246670772000,20.8,1,20.75,15,20.8,36,1,2022-03-22 09:10:46
1647940247112789000,20.8,1,20.75,15,20.8,15,1,2022-03-22 09:10:47
1647940248382299000,20.75,8,20.75,7,20.8,19,2,2022-03-22 09:10:48
1647940248414353000,20.8,1,20.75,7,20.8,18,1,2022-03-22 09:10:48
1647940248821900000,20.75,1,20.75,6,20.8,18,2,2022-03-22 09:10:48
1647940250384919000,20.8,10,20.75,10,20.8,14,1,2022-03-22 09:10:50
1647940250721650000,20.8,14,20.8,17,20.85,68,1,2022-03-22 09:10:50
1647940251073035000,20.8,1,20.8,16,20.85,68,2,2022-03-22 09:10:51
1647940251411584000,20.8,1,20.8,15,20.85,69,2,2022-03-22 09:10:51
1647940251484395000,20.8,1,20.8,14,20.85,69,2,2022-03-22 09:10:51
1647940251843513000,20.8,14,20.7,29,20.75,6,2,2022-03-22 09:10:51
1647940251843513000,20.75,10,20.7,29,20.75,6,2,2022-03-22 09:10:51
1647940251873745000,20.75,6,20.7,29,20.85,69,1,2022-03-22 09:10:51
1647940254800081000,20.8,1,20.75,2,20.8,15,1,2022-03-22 09:10:54
1647940255053597000,20.8,1,20.75,3,20.8,14,1,2022-03-22 09:10:55
1647940255491382000,20.8,1,20.75,16,20.8,23,1,2022-03-22 09:10:55
1647940255937196000,20.8,1,20.75,16,20.8,22,1,2022-03-22 09:10:55
1647940256914901000,20.75,1,20.75,20,20.8,26,2,2022-03-22 09:10:56
1647940257487780000,20.75,1,20.75,21,20.8,26,2,2022-03-22 09:10:57
1647940258985849000,20.75,1,20.75,20,20.8,32,2,2022-03-22 09:10:58
1647940259588405000,20.75,2,20.75,24,20.8,33,2,2022-03-22 09:10:59
1647940260307783000,20.75,10,20.75,19,20.8,36,2,2022-03-22 09:11:00
1647940260462407000,20.8,2,20.75,19,20.8,35,1,2022-03-22 09:11:00
1647940260738556000,20.75,14,20.75,5,20.8,36,2,2022-03-22 09:11:00
1647940260756279000,20.75,5,20.7,18,20.8,36,2,2022-03-22 09:11:00
1647940260756279000,20.7,9,20.7,18,20.8,36,2,2022-03-22 09:11:00
1647940260802151000,20.8,36,20.7,18,20.85,50,1,2022-03-22 09:11:00
1647940260802151000,20.85,14,20.7,18,20.85,50,1,2022-03-22 09:11:00
1647940260815151000,20.7,14,20.7,4,20.85,50,2,2022-03-22 09:11:00
1647940260818386000,20.7,4,20.65,36,20.7,10,2,2022-03-22 09:11:00
1647940260854877000,20.7,10,20.65,36,20.85,50,1,2022-03-22 09:11:00
1647940262187008000,20.8,3,20.75,5,20.8,1,1,2022-03-22 09:11:02
1647940263134434000,20.8,1,20.75,5,20.8,1,1,2022-03-22 09:11:03
1647940263936819000,20.8,9,20.75,5,20.85,41,1,2022-03-22 09:11:03
1647940263936819000,20.85,1,20.75,5,20.85,41,1,2022-03-22 09:11:03
1647940264730131000,20.8,8,20.8,32,20.85,41,1,2022-03-22 09:11:04
1647940265760826000,20.8,1,20.8,31,20.85,41,2,2022-03-22 09:11:05
1647940265785955000,20.85,41,20.8,31,20.9,93,1,2022-03-22 09:11:05
1647940266311455000,20.8,2,20.8,29,20.9,93,2,2022-03-22 09:11:06
1647940266775968000,20.9,1,20.85,21,20.9,92,1,2022-03-22 09:11:06
1647940266827654000,20.9,2,20.85,21,20.9,90,1,2022-03-22 09:11:06
1647940266894347000,20.9,5,20.85,21,20.9,85,1,2022-03-22 09:11:06
1647940267004684000,20.9,1,20.85,21,20.9,84,1,2022-03-22 09:11:07
1647940267134029000,20.85,6,20.85,15,20.9,84,2,2022-03-22 09:11:07
1647940267441101000,20.9,5,20.85,19,20.9,79,1,2022-03-22 09:11:07
1647940267760192000,20.9,5,20.85,19,20.9,74,1,2022-03-22 09:11:07
1647940267923972000,20.9,5,20.85,19,20.9,69,1,2022-03-22 09:11:07
1647940268064183000,20.9,5,20.85,19,20.9,64,1,2022-03-22 09:11:08
1647940268421344000,20.9,4,20.85,19,20.9,60,1,2022-03-22 09:11:08
1647940268436505000,20.9,5,20.85,19,20.9,55,1,2022-03-22 09:11:08
1647940268529573000,20.9,1,20.85,19,20.9,54,1,2022-03-22 09:11:08
1647940269014015000,20.9,4,20.85,19,20.9,50,1,2022-03-22 09:11:09
1647940269175768000,20.9,4,20.85,19,20.9,46,1,2022-03-22 09:11:09
1647940269609196000,20.9,1,20.85,19,20.9,45,1,2022-03-22 09:11:09
1647940269914801000,20.9,1,20.85,19,20.9,44,1,2022-03-22 09:11:09
1647940269977754000,20.9,44,20.9,6,20.95,43,1,2022-03-22 09:11:09
1647940270958427000,20.95,1,20.9,15,20.95,42,1,2022-03-22 09:11:10
1647940271013032000,20.95,17,20.9,15,20.95,25,1,2022-03-22 09:11:11
1647940271050372000,20.95,15,20.9,15,20.95,10,1,2022-03-22 09:11:11
1647940271083352000,20.95,5,20.9,15,20.95,5,1,2022-03-22 09:11:11
1647940271122819000,20.95,5,20.9,15,21.0,194,1,2022-03-22 09:11:11
1647940271274414000,21.0,5,20.95,5,21.0,189,1,2022-03-22 09:11:11
1647940271433936000,21.0,3,20.95,5,21.0,186,1,2022-03-22 09:11:11
1647940271720815000,21.0,20,20.95,5,21.0,166,1,2022-03-22 09:11:11
1647940272086709000,20.95,1,20.95,4,21.0,166,2,2022-03-22 09:11:12
1647940272320511000,21.0,100,20.95,4,21.0,66,1,2022-03-22 09:11:12
1647940272351129000,21.0,12,20.95,5,21.0,54,1,2022-03-22 09:11:12
1647940272356340000,21.0,54,21.0,28,21.05,1,1,2022-03-22 09:11:12
1647940272381438000,21.05,1,21.05,1,21.1,28,1,2022-03-22 09:11:12
1647940272507367000,21.1,20,21.05,1,21.1,8,1,2022-03-22 09:11:12
1647940272509690000,21.1,5,21.05,1,21.1,3,1,2022-03-22 09:11:12
1647940272522198000,21.1,3,21.05,1,21.15,4,1,2022-03-22 09:11:12
1647940272561992000,21.15,2,21.05,1,21.15,2,1,2022-03-22 09:11:12
1647940272672910000,21.15,2,21.05,1,21.2,49,1,2022-03-22 09:11:12
1647940273351471000,21.2,1,21.15,4,21.2,23,1,2022-03-22 09:11:13
1647940273631377000,21.2,20,21.15,5,21.2,3,1,2022-03-22 09:11:13
1647940273656553000,21.2,3,21.15,5,21.25,32,1,2022-03-22 09:11:13
1647940274481080000,21.25,1,21.15,13,21.25,31,1,2022-03-22 09:11:14
1647940274694958000,21.2,1,21.15,13,21.25,27,1,2022-03-22 09:11:14
1647940274694958000,21.25,4,21.15,13,21.25,27,1,2022-03-22 09:11:14
1647940274829891000,21.25,1,21.2,4,21.25,26,1,2022-03-22 09:11:14
1647940274829966000,21.2,4,21.15,7,21.25,26,2,2022-03-22 09:11:14
1647940274829966000,21.15,6,21.15,7,21.25,26,2,2022-03-22 09:11:14
1647940274852061000,21.25,1,21.15,7,21.25,25,1,2022-03-22 09:11:14
1647940274969620000,21.25,10,21.15,8,21.25,15,1,2022-03-22 09:11:14
1647940275441223000,21.2,2,21.15,8,21.25,15,1,2022-03-22 09:11:15
1647940275807279000,21.25,1,21.15,8,21.25,18,1,2022-03-22 09:11:15
1647940275950447000,21.15,1,21.15,7,21.25,18,2,2022-03-22 09:11:15
1647940276269768000,21.25,1,21.15,7,21.25,17,1,2022-03-22 09:11:16
1647940276302473000,21.15,2,21.15,5,21.25,17,2,2022-03-22 09:11:16
1647940277021672000,21.2,2,21.15,9,21.2,11,1,2022-03-22 09:11:17
1647940277171459000,21.2,2,21.15,9,21.2,15,1,2022-03-22 09:11:17
1647940277276951000,21.15,2,21.15,7,21.2,18,2,2022-03-22 09:11:17
1647940277362629000,21.15,1,21.15,6,21.2,18,2,2022-03-22 09:11:17
1647940277384804000,21.15,6,21.1,10,21.2,18,2,2022-03-22 09:11:17
1647940277466317000,21.2,1,21.1,10,21.2,17,1,2022-03-22 09:11:17
1647940277804503000,21.15,1,21.1,8,21.15,2,1,2022-03-22 09:11:17
1647940277945979000,21.1,1,21.1,7,21.15,3,2,2022-03-22 09:11:17
1647940278192883000,21.15,1,21.1,7,21.15,2,1,2022-03-22 09:11:18
1647940278437886000,21.1,7,21.05,10,21.15,9,2,2022-03-22 09:11:18
1647940278720844000,21.1,10,21.05,10,21.15,10,2,2022-03-22 09:11:18
1647940278890218000,21.1,1,21.05,10,21.15,30,2,2022-03-22 09:11:18
1647940279400909000,21.15,1,21.05,9,21.15,39,1,2022-03-22 09:11:19
1647940279553297000,21.1,1,21.05,9,21.1,1,1,2022-03-22 09:11:19
1647940279712322000,21.05,1,21.0,9,21.1,21,2,2022-03-22 09:11:19
1647940279840148000,21.1,3,21.0,9,21.1,22,1,2022-03-22 09:11:19
1647940280911885000,21.0,1,20.9,23,21.0,4,2,2022-03-22 09:11:20
1647940281118948000,20.9,1,20.9,22,21.0,4,2,2022-03-22 09:11:21
1647940281310135000,20.9,1,20.9,21,21.0,7,2,2022-03-22 09:11:21
1647940281380496000,21.0,1,20.9,21,21.0,6,1,2022-03-22 09:11:21
1647940281737511000,20.95,1,20.9,21,21.0,5,1,2022-03-22 09:11:21
1647940281737511000,21.0,1,20.9,21,21.0,5,1,2022-03-22 09:11:21
1647940281998363000,20.95,1,20.9,21,21.0,5,1,2022-03-22 09:11:21
1647940282181753000,21.0,2,20.9,21,21.0,3,1,2022-03-22 09:11:22
1647940282188754000,21.0,1,20.9,21,21.0,2,1,2022-03-22 09:11:22
1647940282254034000,21.0,1,20.9,21,21.0,2,1,2022-03-22 09:11:22
1647940283538295000,20.95,1,20.9,21,21.0,2,1,2022-03-22 09:11:23
1647940283929400000,21.0,5,20.9,21,21.1,28,1,2022-03-22 09:11:23
1647940283929400000,21.05,10,20.9,21,21.1,28,1,2022-03-22 09:11:23
1647940283929400000,21.1,5,20.9,21,21.1,28,1,2022-03-22 09:11:23
1647940284364799000,21.05,2,20.95,3,21.05,1,1,2022-03-22 09:11:24
1647940285154668000,21.1,1,20.95,6,21.1,30,1,2022-03-22 09:11:25
1647940285882533000,21.0,1,20.95,6,21.0,2,1,2022-03-22 09:11:25
1647940285894913000,21.0,1,20.95,6,21.0,1,1,2022-03-22 09:11:25
1647940286259664000,21.0,1,20.95,6,21.05,10,1,2022-03-22 09:11:26
1647940286436475000,21.05,5,20.95,6,21.05,5,1,2022-03-22 09:11:26
1647940286747479000,20.95,3,20.95,6,21.05,5,2,2022-03-22 09:11:26
1647940287132845000,21.0,1,20.95,6,21.05,10,2,2022-03-22 09:11:27
1647940288369425000,21.0,1,20.95,6,21.05,9,1,2022-03-22 09:11:28
1647940288369425000,21.05,1,20.95,6,21.05,9,1,2022-03-22 09:11:28
1647940288506437000,21.05,1,21.0,1,21.05,8,1,2022-03-22 09:11:28
1647940289093440000,21.0,1,20.95,6,21.05,8,2,2022-03-22 09:11:29
1647940289095735000,21.05,8,20.95,6,21.15,1,1,2022-03-22 09:11:29
1647940289095735000,21.1,27,20.95,6,21.15,1,1,2022-03-22 09:11:29
1647940289095735000,21.15,15,20.95,6,21.15,1,1,2022-03-22 09:11:29
1647940289804148000,21.05,1,21.0,4,21.05,4,1,2022-03-22 09:11:29
1647940290186963000,21.05,2,21.0,3,21.05,2,1,2022-03-22 09:11:30
1647940290349176000,21.05,1,21.0,5,21.05,1,1,2022-03-22 09:11:30
1647940290380124000,21.05,1,21.0,5,21.15,5,1,2022-03-22 09:11:30
1647940290460647000,21.15,1,21.0,5,21.15,4,1,2022-03-22 09:11:30
1647940291008899000,21.0,1,21.0,12,21.15,16,2,2022-03-22 09:11:31
1647940291451369000,21.1,2,21.05,4,21.15,10,1,2022-03-22 09:11:31
1647940291451369000,21.15,3,21.05,4,21.15,10,1,2022-03-22 09:11:31
1647940291561831000,21.15,2,21.05,4,21.15,8,1,2022-03-22 09:11:31
1647940291890165000,21.05,4,21.0,15,21.15,8,2,2022-03-22 09:11:31
1647940291890165000,21.0,2,21.0,15,21.15,8,2,2022-03-22 09:11:31
1647940293027491000,21.15,9,21.05,21,21.2,4,1,2022-03-22 09:11:33
1647940293027491000,21.2,1,21.05,21,21.2,4,1,2022-03-22 09:11:33
1647940293030574000,21.2,4,21.05,21,21.25,32,1,2022-03-22 09:11:33
1647940293030574000,21.25,6,21.05,21,21.25,32,1,2022-03-22 09:11:33
1647940293565304000,21.15,1,21.1,3,21.25,32,2,2022-03-22 09:11:33
1647940293922522000,21.15,1,21.1,11,21.25,32,2,2022-03-22 09:11:33
1647940293922522000,21.1,9,21.1,11,21.25,32,2,2022-03-22 09:11:33
1647940294256475000,21.15,2,21.15,2,21.2,3,2,2022-03-22 09:11:34
1647940294517308000,21.2,2,21.15,2,21.2,1,1,2022-03-22 09:11:34
1647940294998216000,21.2,6,21.15,9,21.25,32,1,2022-03-22 09:11:34
1647940294998216000,21.25,3,21.15,9,21.25,32,1,2022-03-22 09:11:34
1647940295107177000,21.15,1,21.15,8,21.25,32,2,2022-03-22 09:11:35
1647940295386555000,21.15,3,21.15,5,21.2,4,2,2022-03-22 09:11:35
1647940295922778000,21.15,5,21.1,17,21.2,4,2,2022-03-22 09:11:35
1647940297352661000,21.2,2,21.15,7,21.2,3,1,2022-03-22 09:11:37
1647940297562324000,21.15,5,21.15,2,21.2,3,2,2022-03-22 09:11:37
1647940297660700000,21.15,1,21.15,1,21.2,3,2,2022-03-22 09:11:37
1647940298176223000,21.2,4,21.15,4,21.25,29,1,2022-03-22 09:11:38
1647940298176223000,21.25,2,21.15,4,21.25,29,1,2022-03-22 09:11:38
1647940298549528000,21.15,2,21.15,2,21.25,29,2,2022-03-22 09:11:38
1647940298572668000,21.25,2,21.15,7,21.25,27,1,2022-03-22 09:11:38
1647940299023473000,21.25,27,21.2,1,21.3,50,1,2022-03-22 09:11:39
1647940299023473000,21.3,18,21.2,1,21.3,50,1,2022-03-22 09:11:39
1647940299135632000,21.3,1,21.2,1,21.3,49,1,2022-03-22 09:11:39
1647940299547312000,21.25,1,21.2,1,21.3,48,1,2022-03-22 09:11:39
1647940299547312000,21.3,1,21.2,1,21.3,48,1,2022-03-22 09:11:39
1647940299627959000,21.2,1,21.15,14,21.3,48,2,2022-03-22 09:11:39
1647940299688530000,21.3,2,21.15,14,21.3,46,1,2022-03-22 09:11:39
1647940300526222000,21.3,5,21.25,2,21.3,41,1,2022-03-22 09:11:40
1647940300546336000,21.3,1,21.25,2,21.3,40,1,2022-03-22 09:11:40
1647940300815881000,21.25,1,21.25,1,21.3,40,2,2022-03-22 09:11:40
1647940301039445000,21.25,1,21.2,11,21.25,1,2,2022-03-22 09:11:41
1647940301524504000,21.25,1,21.2,7,21.3,40,1,2022-03-22 09:11:41
1647940301869442000,21.3,3,21.2,7,21.3,38,1,2022-03-22 09:11:41
1647940302017587000,21.2,1,21.2,7,21.3,38,2,2022-03-22 09:11:42
1647940302150185000,21.3,2,21.2,7,21.3,36,1,2022-03-22 09:11:42
1647940302355907000,21.2,2,21.2,5,21.25,1,2,2022-03-22 09:11:42
1647940303051487000,21.2,1,21.2,5,21.25,1,2,2022-03-22 09:11:43
1647940303063671000,21.25,1,21.2,5,21.3,36,1,2022-03-22 09:11:43
1647940303377356000,21.25,1,21.2,5,21.25,4,1,2022-03-22 09:11:43
1647940303536744000,21.25,4,21.2,5,21.3,36,1,2022-03-22 09:11:43
1647940303556162000,21.3,5,21.2,5,21.3,31,1,2022-03-22 09:11:43
1647940304092387000,21.25,1,21.2,5,21.3,31,1,2022-03-22 09:11:44
1647940304468911000,21.25,13,21.2,6,21.3,24,1,2022-03-22 09:11:44
1647940304468911000,21.3,7,21.2,6,21.3,24,1,2022-03-22 09:11:44
1647940304521152000,21.2,6,21.15,20,21.2,44,2,2022-03-22 09:11:44
1647940304640370000,21.2,10,21.15,20,21.2,34,1,2022-03-22 09:11:44
1647940304844905000,21.2,1,21.15,20,21.2,33,1,2022-03-22 09:11:44
1647940305096466000,21.15,3,21.15,17,21.2,33,2,2022-03-22 09:11:45
1647940305159017000,21.2,1,21.15,17,21.2,32,1,2022-03-22 09:11:45
1647940305176954000,21.2,1,21.15,17,21.2,31,1,2022-03-22 09:11:45
1647940305389911000,21.2,3,21.15,17,21.2,28,1,2022-03-22 09:11:45
1647940305563004000,21.15,17,21.1,3,21.2,28,2,2022-03-22 09:11:45
1647940305563004000,21.1,3,21.1,3,21.2,28,2,2022-03-22 09:11:45
1647940305767405000,21.15,1,21.05,34,21.15,4,1,2022-03-22 09:11:45
1647940306013839000,21.15,4,21.05,34,21.2,28,1,2022-03-22 09:11:46
1647940306756828000,21.15,1,21.05,34,21.2,26,1,2022-03-22 09:11:46
1647940306756828000,21.2,2,21.05,34,21.2,26,1,2022-03-22 09:11:46
1647940306763452000,21.2,3,21.05,34,21.2,23,1,2022-03-22 09:11:46
1647940307191417000,21.05,2,21.05,32,21.15,2,2,2022-03-22 09:11:47
1647940307237244000,21.05,5,21.05,27,21.15,2,2,2022-03-22 09:11:47
1647940307453851000,21.15,2,21.05,27,21.2,33,1,2022-03-22 09:11:47
1647940307871002000,21.15,1,21.1,1,21.15,8,1,2022-03-22 09:11:47
1647940308605756000,21.15,3,21.1,1,21.15,28,1,2022-03-22 09:11:48
1647940308824923000,21.15,5,21.1,1,21.15,23,1,2022-03-22 09:11:48
1647940309049084000,21.15,4,21.1,1,21.15,22,1,2022-03-22 09:11:49
1647940309804265000,21.2,1,21.1,1,21.2,36,1,2022-03-22 09:11:49
1647940310033443000,21.2,1,21.1,1,21.2,38,1,2022-03-22 09:11:50
1647940310262712000,21.1,1,21.05,16,21.15,3,2,2022-03-22 09:11:50
1647940310262712000,21.05,4,21.05,16,21.15,3,2,2022-03-22 09:11:50
1647940310285970000,21.05,1,21.05,15,21.15,3,2,2022-03-22 09:11:50
1647940310986723000,21.15,3,21.1,15,21.2,33,1,2022-03-22 09:11:50
1647940310986723000,21.2,2,21.1,15,21.2,33,1,2022-03-22 09:11:50
1647940311460582000,21.2,2,21.1,15,21.2,34,1,2022-03-22 09:11:51
1647940311560786000,21.1,1,21.1,14,21.2,34,2,2022-03-22 09:11:51
1647940311714317000,21.15,1,21.1,14,21.15,2,1,2022-03-22 09:11:51
1647940311778197000,21.15,1,21.1,14,21.15,1,1,2022-03-22 09:11:51
1647940311803371000,21.15,1,21.15,1,21.2,41,1,2022-03-22 09:11:51
1647940311841222000,21.15,1,21.1,14,21.2,41,2,2022-03-22 09:11:51
1647940312061996000,21.2,1,21.1,15,21.2,40,1,2022-03-22 09:11:52
1647940312159569000,21.2,2,21.1,15,21.2,41,1,2022-03-22 09:11:52
1647940312324044000,21.2,5,21.1,16,21.2,36,1,2022-03-22 09:11:52
1647940312784694000,21.2,1,21.15,1,21.2,32,1,2022-03-22 09:11:52
1647940313675956000,21.2,2,21.15,2,21.2,32,1,2022-03-22 09:11:53
1647940313708548000,21.2,1,21.15,2,21.2,31,1,2022-03-22 09:11:53
1647940313752769000,21.15,2,21.1,18,21.15,3,2,2022-03-22 09:11:53
1647940314309096000,21.1,1,21.1,17,21.15,3,2,2022-03-22 09:11:54
1647940314667396000,21.15,1,21.1,27,21.15,2,1,2022-03-22 09:11:54
1647940315149546000,21.15,2,21.1,27,21.2,33,1,2022-03-22 09:11:55
1647940315765790000,21.2,1,21.1,27,21.2,32,1,2022-03-22 09:11:55
1647940317334841000,21.15,1,21.15,2,21.2,46,1,2022-03-22 09:11:57
1647940317730704000,21.15,2,21.1,28,21.2,47,2,2022-03-22 09:11:57
1647940317730704000,21.1,3,21.1,28,21.2,47,2,2022-03-22 09:11:57
1647940318261582000,21.2,1,21.1,28,21.2,47,1,2022-03-22 09:11:58
1647940318442546000,21.1,1,21.1,27,21.2,51,2,2022-03-22 09:11:58
1647940318687933000,21.1,3,21.1,24,21.15,1,2,2022-03-22 09:11:58
1647940318758819000,21.15,1,21.1,24,21.15,5,1,2022-03-22 09:11:58
1647940319155119000,21.15,3,21.1,24,21.15,5,1,2022-03-22 09:11:59
1647940319298334000,21.1,1,21.1,28,21.15,2,2,2022-03-22 09:11:59
1647940319406451000,21.15,2,21.15,3,21.2,57,1,2022-03-22 09:11:59
1647940319433370000,21.15,3,21.1,28,21.2,57,2,2022-03-22 09:11:59
1647940320015183000,21.15,1,21.1,28,21.15,2,1,2022-03-22 09:12:00
1647940320665940000,21.1,2,21.1,27,21.15,2,2,2022-03-22 09:12:00
1647940320779303000,21.15,2,21.1,27,21.2,66,1,2022-03-22 09:12:00
1647940320787873000,21.1,1,21.1,26,21.15,5,2,2022-03-22 09:12:00
1647940321004356000,21.1,2,21.1,24,21.15,10,2,2022-03-22 09:12:01
1647940321604220000,21.15,3,21.1,25,21.15,7,1,2022-03-22 09:12:01
1647940322056395000,21.15,2,21.1,25,21.15,6,1,2022-03-22 09:12:02
1647940322081635000,21.15,2,21.1,25,21.15,4,1,2022-03-22 09:12:02
1647940322273761000,21.15,1,21.1,25,21.15,3,1,2022-03-22 09:12:02
1647940322444826000,21.15,1,21.1,25,21.15,5,1,2022-03-22 09:12:02
1647940322879409000,21.1,2,21.1,25,21.15,1,2,2022-03-22 09:12:02
1647940323267515000,21.15,6,21.1,25,21.2,72,1,2022-03-22 09:12:03
1647940323335911000,21.15,1,21.15,1,21.2,72,1,2022-03-22 09:12:03
1647940323369791000,21.15,1,21.1,25,21.2,72,2,2022-03-22 09:12:03
1647940324444263000,21.15,1,21.1,35,21.15,2,1,2022-03-22 09:12:04
1647940325275961000,21.1,3,21.1,32,21.15,5,2,2022-03-22 09:12:05
1647940325769230000,21.15,2,21.1,32,21.15,2,1,2022-03-22 09:12:05
1647940326119756000,21.15,5,21.1,33,21.15,2,1,2022-03-22 09:12:06
1647940326152744000,21.15,1,21.1,33,21.15,1,1,2022-03-22 09:12:06
1647940326583813000,21.15,1,21.15,5,21.2,68,1,2022-03-22 09:12:06
1647940327393754000,21.15,5,21.1,41,21.2,68,2,2022-03-22 09:12:07
1647940328746568000,21.15,29,21.1,44,21.15,6,1,2022-03-22 09:12:08
1647940329119111000,21.1,2,21.1,43,21.15,19,2,2022-03-22 09:12:09
1647940329282839000,21.1,2,21.1,41,21.15,19,2,2022-03-22 09:12:09
1647940329554538000,21.1,15,21.1,26,21.15,19,2,2022-03-22 09:12:09
1647940329829907000,21.1,26,21.05,29,21.1,18,2,2022-03-22 09:12:09
1647940329902924000,21.1,2,21.05,29,21.1,16,1,2022-03-22 09:12:09
1647940330147535000,21.05,1,21.05,28,21.1,16,2,2022-03-22 09:12:10
1647940330395755000,21.05,5,21.05,23,21.1,21,2,2022-03-22 09:12:10
1647940330427821000,21.05,8,21.05,15,21.1,21,2,2022-03-22 09:12:10
1647940330534269000,21.05,10,21.05,5,21.1,21,2,2022-03-22 09:12:10
1647940330562739000,21.05,5,21.0,54,21.1,21,2,2022-03-22 09:12:10
1647940330614427000,21.1,10,21.0,54,21.1,11,1,2022-03-22 09:12:10
1647940330800886000,21.1,20,21.0,69,21.1,6,1,2022-03-22 09:12:10
1647940330937495000,21.1,5,21.0,68,21.1,1,1,2022-03-22 09:12:10
1647940331005587000,21.05,3,21.0,68,21.05,2,1,2022-03-22 09:12:11
1647940331840449000,21.05,1,21.0,65,21.05,4,1,2022-03-22 09:12:11
1647940332023999000,21.0,2,21.0,62,21.05,4,2,2022-03-22 09:12:12
1647940332435675000,21.05,3,21.0,62,21.05,1,1,2022-03-22 09:12:12
1647940332469972000,21.05,1,21.0,62,21.1,3,1,2022-03-22 09:12:12
1647940332523539000,21.1,1,21.0,62,21.1,2,1,2022-03-22 09:12:12
1647940332929424000,21.0,7,21.0,55,21.1,7,2,2022-03-22 09:12:12
1647940334617944000,21.05,4,21.0,55,21.05,3,1,2022-03-22 09:12:14
