ts,close,volume,bid_price,bid_volume,ask_price,ask_volume,tick_type,datetime
1646125200833072000,108.5,348,108.0,18,108.5,111,0,2022-03-01 09:00:00
1646125200857799000,108.0,12,108.0,6,109.0,9,2,2022-03-01 09:00:00
1646125201097420000,109.0,1,108.5,2,109.0,9,1,2022-03-01 09:00:01
1646125201130033000,109.0,9,108.5,2,109.5,13,1,2022-03-01 09:00:01
1646125201363826000,109.0,1,108.5,2,109.0,4,1,2022-03-01 09:00:01
1646125201375261000,109.0,4,108.5,2,109.5,13,1,2022-03-01 09:00:01
1646125201424595000,108.5,2,108.0,4,109.5,13,2,2022-03-01 09:00:01
1646125201424595000,108.0,2,108.0,4,109.5,13,2,2022-03-01 09:00:01
1646125201660790000,109.0,1,108.0,4,109.5,13,1,2022-03-01 09:00:01
1646125201966823000,109.5,13,108.5,1,110.0,1,1,2022-03-01 09:00:01
1646125201966823000,110.0,7,108.5,1,110.0,1,1,2022-03-01 09:00:01
1646125203200054000,110.0,1,109.0,1,110.0,2,1,2022-03-01 09:00:03
1646125204207760000,110.0,2,109.0,1,110.5,3,1,2022-03-01 09:00:04
1646125204517358000,110.5,1,108.5,1,110.5,2,1,2022-03-01 09:00:04
1646125204906548000,109.0,1,108.5,2,109.0,9,2,2022-03-01 09:00:04
1646125204942302000,109.0,8,108.5,2,109.0,1,1,2022-03-01 09:00:04
1646125204942343000,109.0,1,108.5,2,110.5,2,1,2022-03-01 09:00:04
1646125205155634000,109.0,1,108.0,5,110.0,9,2,2022-03-01 09:00:05
1646125205527332000,109.0,2,108.0,4,110.0,8,1,2022-03-01 09:00:05
1646125205527332000,110.0,2,108.0,4,110.0,8,1,2022-03-01 09:00:05
1646125206775874000,109.5,1,109.0,1,109.5,6,1,2022-03-01 09:00:06
1646125206805546000,109.5,6,109.0,1,110.0,7,1,2022-03-01 09:00:06
1646125206825013000,110.0,2,109.0,1,110.0,5,1,2022-03-01 09:00:06
1646125207101089000,110.0,1,109.0,1,110.0,4,1,2022-03-01 09:00:07
1646125207812817000,110.0,1,109.0,1,110.0,5,1,2022-03-01 09:00:07
1646125208541483000,110.0,1,109.0,1,110.0,4,1,2022-03-01 09:00:08
1646125208618645000,109.0,2,108.5,4,110.0,4,2,2022-03-01 09:00:08
1646125208618645000,108.5,4,108.5,4,110.0,4,2,2022-03-01 09:00:08
1646125208924678000,109.5,1,109.0,1,109.5,1,1,2022-03-01 09:00:08
1646125208953894000,109.5,1,109.0,1,110.0,4,1,2022-03-01 09:00:08
1646125209013345000,110.0,1,109.0,2,110.0,3,1,2022-03-01 09:00:09
1646125209594494000,110.0,2,109.0,3,110.0,10,1,2022-03-01 09:00:09
1646125209974518000,109.5,1,109.0,3,109.5,2,1,2022-03-01 09:00:09
1646125210008450000,109.5,2,109.0,3,110.0,11,1,2022-03-01 09:00:10
1646125210880829000,110.0,1,109.0,3,110.0,11,1,2022-03-01 09:00:10
1646125210888298000,110.0,1,109.0,3,110.0,10,1,2022-03-01 09:00:10
1646125210952775000,110.0,1,109.0,3,110.0,9,1,2022-03-01 09:00:10
1646125211418460000,109.5,1,109.0,6,109.5,2,1,2022-03-01 09:00:11
1646125211447692000,109.5,2,109.0,6,110.0,17,1,2022-03-01 09:00:11
1646125212128850000,110.0,1,109.0,7,110.0,17,1,2022-03-01 09:00:12
1646125212190546000,110.0,1,109.5,1,110.0,16,1,2022-03-01 09:00:12
1646125212207182000,110.0,1,109.5,1,110.0,16,1,2022-03-01 09:00:12
1646125213183145000,110.0,1,109.0,11,110.0,20,1,2022-03-01 09:00:13
1646125213412039000,110.0,1,109.0,11,110.0,19,1,2022-03-01 09:00:13
1646125213646187000,109.5,1,109.0,11,109.5,2,2,2022-03-01 09:00:13
1646125213688608000,109.5,2,109.0,11,110.0,19,1,2022-03-01 09:00:13
1646125213849148000,110.0,1,109.0,11,110.0,18,1,2022-03-01 09:00:13
1646125214377187000,109.5,1,109.0,11,110.0,18,1,2022-03-01 09:00:14
1646125214499932000,110.0,1,109.0,11,110.0,17,1,2022-03-01 09:00:14
1646125215108574000,109.5,1,109.0,11,110.0,18,1,2022-03-01 09:00:15
1646125215211547000,110.0,1,109.0,12,110.0,17,1,2022-03-01 09:00:15
1646125215853174000,110.0,1,109.0,13,110.0,17,1,2022-03-01 09:00:15
1646125216727712000,110.0,1,109.5,3,110.0,18,1,2022-03-01 09:00:16
1646125216827739000,110.0,2,109.5,3,110.0,16,1,2022-03-01 09:00:16
1646125216978499000,110.0,1,109.5,11,110.0,15,1,2022-03-01 09:00:16
1646125217023162000,110.0,14,109.5,11,110.0,1,1,2022-03-01 09:00:17
1646125217057704000,110.0,1,109.5,11,110.5,3,1,2022-03-01 09:00:17
1646125219042265000,110.0,1,109.5,12,110.0,8,1,2022-03-01 09:00:19
1646125219104520000,110.0,2,109.5,12,110.0,6,1,2022-03-01 09:00:19
1646125219133970000,110.0,6,109.5,12,110.5,4,1,2022-03-01 09:00:19
1646125219974914000,110.0,1,109.5,13,110.0,6,1,2022-03-01 09:00:19
1646125220196285000,110.0,1,109.5,13,110.0,13,1,2022-03-01 09:00:20
1646125220196823000,109.5,3,109.5,10,110.0,13,2,2022-03-01 09:00:20
1646125220824159000,110.0,1,109.5,10,110.0,12,1,2022-03-01 09:00:20
1646125221021618000,110.0,1,109.5,10,110.0,11,1,2022-03-01 09:00:21
1646125221073061000,110.0,1,109.5,10,110.0,12,1,2022-03-01 09:00:21
1646125221210942000,110.0,1,109.5,10,110.0,11,1,2022-03-01 09:00:21
1646125221227147000,110.0,1,109.5,10,110.0,10,1,2022-03-01 09:00:21
1646125221885082000,110.0,2,109.5,10,110.0,9,1,2022-03-01 09:00:21
1646125222105631000,110.0,1,109.5,10,110.0,8,1,2022-03-01 09:00:22
1646125222322104000,110.0,1,109.5,10,110.0,7,1,2022-03-01 09:00:22
1646125222330300000,110.0,2,109.5,10,110.0,5,1,2022-03-01 09:00:22
1646125222681489000,110.0,1,109.5,10,110.0,4,1,2022-03-01 09:00:22
1646125223701389000,110.0,1,109.5,10,110.0,10,1,2022-03-01 09:00:23
1646125223755238000,110.0,1,109.5,10,110.0,9,1,2022-03-01 09:00:23
1646125224055052000,110.0,1,109.5,10,110.0,8,1,2022-03-01 09:00:24
1646125224306561000,110.0,3,109.5,10,110.0,5,1,2022-03-01 09:00:24
1646125224458526000,110.0,1,109.5,10,110.0,4,1,2022-03-01 09:00:24
1646125224764506000,110.0,1,109.5,2,110.0,3,1,2022-03-01 09:00:24
1646125224791478000,110.0,1,109.5,2,110.0,2,1,2022-03-01 09:00:24
1646125224798023000,110.0,1,109.5,2,110.0,1,1,2022-03-01 09:00:24
1646125225229386000,109.5,2,109.0,17,110.0,1,2,2022-03-01 09:00:25
1646125225287767000,110.0,1,110.0,1,110.5,7,1,2022-03-01 09:00:25
1646125225324723000,110.0,1,109.0,17,110.5,7,2,2022-03-01 09:00:25
1646125225460133000,110.0,1,109.0,17,110.5,7,2,2022-03-01 09:00:25
1646125225608504000,110.0,2,110.0,5,110.5,7,2,2022-03-01 09:00:25
1646125226119817000,110.0,1,110.0,4,110.5,15,2,2022-03-01 09:00:26
1646125226150900000,110.0,1,110.0,3,110.5,15,2,2022-03-01 09:00:26
1646125226155227000,110.0,2,110.0,1,110.5,15,2,2022-03-01 09:00:26
1646125226176083000,110.0,1,109.5,1,110.5,15,2,2022-03-01 09:00:26
1646125226323448000,110.0,1,109.5,1,110.5,15,2,2022-03-01 09:00:26
1646125227010087000,110.0,1,110.0,4,110.5,15,2,2022-03-01 09:00:27
1646125227040802000,110.0,4,109.5,5,110.5,15,2,2022-03-01 09:00:27
1646125228048709000,110.0,1,109.5,5,110.0,4,2,2022-03-01 09:00:28
1646125230062558000,110.0,1,109.5,8,110.0,15,1,2022-03-01 09:00:30
1646125230210821000,109.5,3,109.5,5,110.0,15,2,2022-03-01 09:00:30
1646125230249360000,109.5,5,109.0,18,110.0,15,2,2022-03-01 09:00:30
1646125230444742000,110.0,1,109.0,18,110.0,15,1,2022-03-01 09:00:30
1646125231285234000,109.0,18,108.5,12,109.5,2,2,2022-03-01 09:00:31
1646125231584956000,109.5,1,108.5,12,109.5,1,1,2022-03-01 09:00:31
1646125232113823000,108.5,1,108.5,11,109.5,11,2,2022-03-01 09:00:32
1646125232731329000,108.5,2,108.5,9,109.5,14,2,2022-03-01 09:00:32
1646125233709221000,109.5,1,108.5,8,109.5,13,1,2022-03-01 09:00:33
1646125233944117000,108.5,2,108.5,6,109.5,13,2,2022-03-01 09:00:33
1646125234721676000,108.5,2,108.5,4,109.5,13,2,2022-03-01 09:00:34
1646125235205670000,108.5,3,108.5,1,109.5,13,2,2022-03-01 09:00:35
1646125235251894000,109.0,1,108.5,1,109.5,13,2,2022-03-01 09:00:35
1646125235509501000,108.5,1,108.0,14,109.5,13,2,2022-03-01 09:00:35
1646125236016095000,109.0,1,108.5,1,109.5,13,1,2022-03-01 09:00:36
1646125236075018000,109.5,3,108.5,1,109.5,10,1,2022-03-01 09:00:36
1646125238372319000,109.0,2,108.5,9,109.5,6,1,2022-03-01 09:00:38
1646125238883330000,109.0,1,108.5,9,109.5,6,2,2022-03-01 09:00:38
1646125239286365000,108.5,1,108.5,8,109.5,6,2,2022-03-01 09:00:39
1646125239751488000,109.0,3,108.5,19,109.0,2,1,2022-03-01 09:00:39
1646125239783800000,109.0,2,108.5,19,109.5,13,1,2022-03-01 09:00:39
1646125240256104000,108.5,3,108.5,17,109.5,14,2,2022-03-01 09:00:40
1646125240789618000,109.0,1,108.5,18,109.5,19,2,2022-03-01 09:00:40
1646125240898093000,108.5,1,108.5,17,109.5,19,2,2022-03-01 09:00:40
1646125241101100000,109.5,10,108.5,17,109.5,17,1,2022-03-01 09:00:41
1646125243276970000,109.0,1,108.5,22,109.5,27,2,2022-03-01 09:00:43
1646125244021710000,109.0,2,108.5,22,109.5,28,2,2022-03-01 09:00:44
1646125244723459000,109.5,1,109.0,6,109.5,27,1,2022-03-01 09:00:44
1646125244857700000,109.0,1,109.0,13,109.5,27,2,2022-03-01 09:00:44
1646125245003320000,109.5,1,109.0,13,109.5,27,1,2022-03-01 09:00:45
1646125245278633000,109.0,3,109.0,10,109.5,27,2,2022-03-01 09:00:45
1646125246356035000,109.0,1,109.0,9,109.5,27,2,2022-03-01 09:00:46
1646125246547831000,109.0,2,109.0,7,109.5,27,2,2022-03-01 09:00:46
1646125246892490000,109.0,5,109.0,8,109.5,27,2,2022-03-01 09:00:46
1646125246948265000,109.0,1,109.0,7,109.5,27,2,2022-03-01 09:00:46
1646125247365273000,109.5,1,109.0,8,109.5,26,1,2022-03-01 09:00:47
1646125247997793000,109.0,1,109.0,9,109.5,26,2,2022-03-01 09:00:47
1646125248713179000,109.0,1,109.0,8,109.5,26,2,2022-03-01 09:00:48
1646125248849501000,109.5,1,109.0,8,109.5,25,1,2022-03-01 09:00:48
1646125249376369000,109.0,4,109.0,5,109.5,25,2,2022-03-01 09:00:49
1646125249844372000,109.0,2,109.0,3,109.5,25,2,2022-03-01 09:00:49
1646125250055173000,109.0,3,108.5,33,109.5,25,2,2022-03-01 09:00:50
1646125250219637000,109.5,2,109.0,1,109.5,23,1,2022-03-01 09:00:50
1646125250657250000,109.0,3,108.5,26,109.5,23,2,2022-03-01 09:00:50
1646125250657250000,108.5,7,108.5,26,109.5,23,2,2022-03-01 09:00:50
1646125252851206000,109.0,2,108.5,27,109.0,3,1,2022-03-01 09:00:52
1646125253187060000,109.0,3,109.0,2,109.5,19,1,2022-03-01 09:00:53
1646125255222758000,109.0,2,108.5,28,109.5,19,2,2022-03-01 09:00:55
1646125257062568000,109.0,1,108.5,29,109.0,5,1,2022-03-01 09:00:57
1646125257850995000,109.0,1,108.5,29,109.0,10,1,2022-03-01 09:00:57
1646125258072198000,108.5,2,108.5,28,109.0,10,2,2022-03-01 09:00:58
1646125258080548000,108.5,1,108.5,27,109.0,10,2,2022-03-01 09:00:58
1646125258235035000,108.5,25,108.5,2,109.0,10,2,2022-03-01 09:00:58
1646125258260706000,108.5,2,108.0,21,109.0,10,2,2022-03-01 09:00:58
1646125258737297000,108.5,1,108.0,21,109.0,10,2,2022-03-01 09:00:58
1646125259284402000,109.0,2,108.0,21,109.0,3,1,2022-03-01 09:00:59
1646125259882738000,108.5,1,108.0,21,109.0,4,2,2022-03-01 09:00:59
1646125260662438000,108.0,1,108.0,20,108.5,3,2,2022-03-01 09:01:00
1646125260834139000,108.0,2,108.0,18,108.5,3,2,2022-03-01 09:01:00
1646125261527926000,108.0,1,108.0,17,108.5,12,2,2022-03-01 09:01:01
1646125261697682000,108.5,1,108.0,17,108.5,11,1,2022-03-01 09:01:01
1646125262625738000,108.0,9,108.0,8,108.5,21,2,2022-03-01 09:01:02
1646125262657891000,108.0,8,107.5,13,108.5,21,2,2022-03-01 09:01:02
1646125264126831000,107.5,1,107.5,13,108.0,5,2,2022-03-01 09:01:04
1646125264228506000,107.5,1,107.5,11,108.0,10,2,2022-03-01 09:01:04
1646125264255783000,107.5,2,107.5,9,108.0,10,2,2022-03-01 09:01:04
1646125264424673000,107.5,1,107.5,8,108.0,10,2,2022-03-01 09:01:04
1646125266094735000,107.5,1,107.5,7,108.0,18,2,2022-03-01 09:01:06
1646125266119317000,107.5,7,107.0,7,108.0,18,2,2022-03-01 09:01:06
1646125269603500000,107.5,2,107.0,8,108.0,14,1,2022-03-01 09:01:09
1646125269603500000,108.0,8,107.0,8,108.0,14,1,2022-03-01 09:01:09
1646125269802278000,107.0,2,107.0,7,108.0,14,2,2022-03-01 09:01:09
1646125269884204000,107.0,1,107.0,6,108.0,14,2,2022-03-01 09:01:09
1646125270185316000,107.5,1,107.0,6,108.0,14,2,2022-03-01 09:01:10
1646125271610257000,108.0,5,107.5,2,108.0,9,1,2022-03-01 09:01:11
1646125271740681000,107.5,1,107.5,1,108.0,9,2,2022-03-01 09:01:11
1646125273950350000,107.5,3,107.0,7,107.5,1,2,2022-03-01 09:01:13
1646125273981410000,107.5,1,107.0,7,108.0,14,1,2022-03-01 09:01:13
1646125274993694000,107.5,1,107.0,9,108.0,14,2,2022-03-01 09:01:14
1646125275593755000,108.0,2,107.5,1,108.0,13,1,2022-03-01 09:01:15
1646125276185648000,107.5,1,107.0,12,108.0,17,2,2022-03-01 09:01:16
1646125276217997000,107.0,1,107.0,11,108.0,17,2,2022-03-01 09:01:16
1646125277648179000,107.5,4,107.0,19,108.0,21,1,2022-03-01 09:01:17
1646125278081361000,107.5,1,107.0,20,108.0,21,1,2022-03-01 09:01:18
1646125279439922000,107.0,1,107.0,19,108.0,17,2,2022-03-01 09:01:19
1646125279497010000,107.5,2,107.0,19,108.0,17,1,2022-03-01 09:01:19
1646125279516942000,107.0,10,107.0,9,108.0,17,2,2022-03-01 09:01:19
1646125281638512000,107.5,1,107.0,13,107.5,11,1,2022-03-01 09:01:21
1646125282048400000,107.0,10,107.0,6,107.5,11,2,2022-03-01 09:01:22
1646125282082664000,107.0,1,107.0,5,107.5,11,2,2022-03-01 09:01:22
1646125282082843000,107.0,1,107.0,4,107.5,11,2,2022-03-01 09:01:22
1646125282084120000,107.0,1,107.0,3,107.5,11,2,2022-03-01 09:01:22
1646125282084122000,107.0,1,107.0,2,107.5,11,2,2022-03-01 09:01:22
1646125282129856000,107.0,1,107.0,1,107.5,11,2,2022-03-01 09:01:22
1646125282137794000,107.0,1,106.5,16,107.5,11,2,2022-03-01 09:01:22
1646125282182323000,107.5,1,106.5,16,107.5,10,1,2022-03-01 09:01:22
1646125282260176000,107.5,5,106.5,16,107.5,5,1,2022-03-01 09:01:22
1646125282310837000,107.0,1,106.5,16,107.0,1,1,2022-03-01 09:01:22
1646125282311014000,107.0,1,106.5,16,107.5,5,1,2022-03-01 09:01:22
1646125282855196000,107.0,1,107.0,8,107.5,5,2,2022-03-01 09:01:22
1646125282919876000,107.5,5,107.0,8,108.0,20,1,2022-03-01 09:01:22
1646125282994921000,107.0,2,107.0,6,107.5,1,2,2022-03-01 09:01:22
1646125283264209000,107.0,1,107.0,6,107.5,1,2,2022-03-01 09:01:23
1646125283860379000,107.5,1,107.0,8,107.5,1,1,2022-03-01 09:01:23
1646125284096100000,107.0,1,107.0,7,107.5,1,2,2022-03-01 09:01:24
1646125285311643000,107.5,1,107.0,9,107.5,1,1,2022-03-01 09:01:25
1646125285489006000,107.5,1,107.0,11,108.0,20,1,2022-03-01 09:01:25
1646125285907367000,107.0,1,107.0,12,108.0,20,2,2022-03-01 09:01:25
1646125286227440000,107.0,1,107.0,11,108.0,15,2,2022-03-01 09:01:26
1646125286282227000,107.0,1,107.0,10,108.0,15,2,2022-03-01 09:01:26
1646125287180158000,107.0,2,107.0,12,108.0,15,2,2022-03-01 09:01:27
1646125287533117000,107.5,3,107.0,10,108.0,15,2,2022-03-01 09:01:27
1646125287533117000,107.0,2,107.0,10,108.0,15,2,2022-03-01 09:01:27
1646125287933767000,107.0,1,107.0,9,108.0,15,2,2022-03-01 09:01:27
1646125291075125000,107.5,2,107.0,11,108.0,15,2,2022-03-01 09:01:31
1646125291075125000,107.0,3,107.0,11,108.0,15,2,2022-03-01 09:01:31
1646125292643432000,107.5,1,107.0,17,108.0,15,1,2022-03-01 09:01:32
1646125293439386000,107.0,1,107.0,18,108.0,15,2,2022-03-01 09:01:33
1646125294907284000,107.0,1,107.0,19,108.0,21,2,2022-03-01 09:01:34
1646125294973217000,108.0,1,107.0,19,108.0,20,1,2022-03-01 09:01:34
1646125296870673000,107.5,3,107.5,5,108.0,20,2,2022-03-01 09:01:36
1646125298448744000,107.5,2,107.5,4,108.0,22,2,2022-03-01 09:01:38
1646125298619466000,108.0,1,107.5,4,108.0,21,1,2022-03-01 09:01:38
1646125298666300000,107.5,1,107.5,3,108.0,21,2,2022-03-01 09:01:38
1646125299161241000,107.5,1,107.5,2,108.0,21,2,2022-03-01 09:01:39
1646125301997031000,108.0,1,107.5,9,108.0,22,1,2022-03-01 09:01:41
1646125302023689000,108.0,16,107.5,10,108.0,6,1,2022-03-01 09:01:42
1646125302057577000,108.0,6,107.5,10,108.5,16,1,2022-03-01 09:01:42
1646125302561861000,108.0,1,107.5,13,108.5,16,1,2022-03-01 09:01:42
1646125303884324000,107.5,2,107.5,12,108.5,23,2,2022-03-01 09:01:43
1646125305747419000,108.0,1,107.5,13,108.5,22,1,2022-03-01 09:01:45
1646125305747419000,108.5,1,107.5,13,108.5,22,1,2022-03-01 09:01:45
1646125307828370000,108.0,1,107.5,15,108.5,22,2,2022-03-01 09:01:47
1646125307923026000,108.5,5,107.5,15,108.5,17,1,2022-03-01 09:01:47
1646125309906889000,108.0,5,107.5,21,108.5,17,2,2022-03-01 09:01:49
1646125313747195000,108.5,1,108.0,3,108.5,17,1,2022-03-01 09:01:53
1646125314394242000,108.0,2,108.0,2,108.5,17,2,2022-03-01 09:01:54
1646125315712390000,108.0,1,108.0,3,108.5,17,2,2022-03-01 09:01:55
1646125316240104000,108.0,1,108.0,2,108.5,19,2,2022-03-01 09:01:56
1646125316544560000,108.0,1,108.0,1,108.5,23,2,2022-03-01 09:01:56
1646125316584144000,108.0,1,107.5,28,108.5,23,2,2022-03-01 09:01:56
1646125317303934000,108.5,1,107.5,28,108.5,22,1,2022-03-01 09:01:57
1646125318794612000,108.0,1,107.5,27,108.5,22,1,2022-03-01 09:01:58
1646125319205843000,108.0,2,107.5,28,108.5,22,2,2022-03-01 09:01:59
1646125320734962000,108.0,1,107.5,28,108.5,22,1,2022-03-01 09:02:00
1646125321652574000,108.0,1,107.5,29,108.5,23,1,2022-03-01 09:02:01
1646125322410126000,108.0,1,107.5,29,108.5,23,2,2022-03-01 09:02:02
1646125322940010000,107.5,1,107.5,29,108.5,23,2,2022-03-01 09:02:02
1646125323339646000,108.0,1,108.0,4,108.5,23,1,2022-03-01 09:02:03
1646125323378439000,108.0,4,107.5,30,108.5,23,2,2022-03-01 09:02:03
1646125323630734000,108.5,3,107.5,30,108.5,20,1,2022-03-01 09:02:03
1646125323883452000,108.0,1,107.5,30,108.5,20,2,2022-03-01 09:02:03
1646125324546037000,108.0,1,107.5,29,108.5,20,2,2022-03-01 09:02:04
1646125325071293000,108.0,1,107.5,30,108.0,8,1,2022-03-01 09:02:05
1646125328536235000,108.0,2,107.5,36,108.0,8,1,2022-03-01 09:02:08
1646125330034755000,108.0,1,107.5,38,108.0,16,1,2022-03-01 09:02:10
1646125332156940000,108.0,1,107.5,38,108.0,20,1,2022-03-01 09:02:12
1646125332194213000,108.0,1,107.5,38,108.0,19,1,2022-03-01 09:02:12
1646125332239432000,108.0,2,107.5,38,108.0,17,1,2022-03-01 09:02:12
1646125332766551000,108.0,1,107.5,38,108.0,16,1,2022-03-01 09:02:12
1646125333506935000,107.5,1,107.5,38,108.0,16,2,2022-03-01 09:02:13
1646125334068634000,107.5,1,107.5,37,108.0,16,2,2022-03-01 09:02:14
1646125334462013000,108.0,1,107.5,37,108.0,15,1,2022-03-01 09:02:14
1646125335143769000,108.0,2,107.5,38,108.0,14,1,2022-03-01 09:02:15
1646125336095577000,108.0,5,107.5,38,108.0,9,1,2022-03-01 09:02:16
1646125337018329000,107.5,1,107.5,37,108.0,11,2,2022-03-01 09:02:17
1646125337229730000,108.0,5,107.5,38,108.0,7,1,2022-03-01 09:02:17
1646125338799067000,108.0,2,107.5,46,108.0,7,1,2022-03-01 09:02:18
1646125339245595000,108.0,1,107.5,46,108.0,7,1,2022-03-01 09:02:19
1646125339295464000,108.0,1,107.5,46,108.0,6,1,2022-03-01 09:02:19
1646125339727854000,108.0,1,107.5,46,108.0,14,1,2022-03-01 09:02:19
1646125339775701000,108.0,1,107.5,46,108.0,13,1,2022-03-01 09:02:19
1646125341175110000,108.0,1,107.5,48,108.0,12,1,2022-03-01 09:02:21
1646125342268802000,108.0,2,107.5,49,108.0,11,1,2022-03-01 09:02:22
1646125343784371000,108.0,1,107.5,51,108.0,22,1,2022-03-01 09:02:23
1646125345237427000,108.0,1,107.5,51,108.0,23,1,2022-03-01 09:02:25
1646125346289114000,108.0,1,107.5,51,108.0,23,1,2022-03-01 09:02:26
1646125346637865000,108.0,1,107.5,52,108.0,22,1,2022-03-01 09:02:26
1646125347481606000,108.0,1,107.5,52,108.0,21,1,2022-03-01 09:02:27
1646125348004683000,108.0,1,107.5,52,108.0,20,1,2022-03-01 09:02:28
1646125348397669000,108.0,1,107.5,51,108.0,19,1,2022-03-01 09:02:28
1646125350015199000,108.0,1,107.5,52,108.0,19,1,2022-03-01 09:02:30
1646125351338779000,108.0,1,107.5,52,108.0,18,1,2022-03-01 09:02:31
1646125352211483000,108.0,1,107.5,52,108.0,17,1,2022-03-01 09:02:32
1646125353390433000,108.0,1,107.5,53,108.0,16,1,2022-03-01 09:02:33
1646125354658062000,108.0,2,107.5,53,108.0,14,1,2022-03-01 09:02:34
1646125359213120000,107.5,43,107.5,10,108.0,23,2,2022-03-01 09:02:39
1646125359247635000,107.5,10,107.0,29,108.0,23,2,2022-03-01 09:02:39
1646125361284970000,107.5,1,107.0,32,107.5,6,1,2022-03-01 09:02:41
1646125362000910000,107.5,1,107.0,32,107.5,5,1,2022-03-01 09:02:42
1646125367295256000,107.5,1,107.0,36,107.5,7,1,2022-03-01 09:02:47
1646125369972042000,107.0,3,107.0,33,107.5,7,2,2022-03-01 09:02:49
1646125373024585000,107.0,1,107.0,32,107.5,10,2,2022-03-01 09:02:53
1646125373032558000,107.5,1,107.0,32,107.5,9,1,2022-03-01 09:02:53
1646125373065507000,107.0,1,107.0,31,107.5,9,2,2022-03-01 09:02:53
1646125373142584000,107.0,20,107.0,11,107.5,9,2,2022-03-01 09:02:53
1646125373183682000,107.0,11,106.5,17,107.5,9,2,2022-03-01 09:02:53
1646125373441018000,107.0,5,106.5,17,107.5,11,1,2022-03-01 09:02:53
1646125374347650000,106.5,4,106.5,14,107.0,9,2,2022-03-01 09:02:54
1646125374376407000,106.5,1,106.5,13,107.0,9,2,2022-03-01 09:02:54
1646125374376835000,106.5,1,106.5,12,107.0,9,2,2022-03-01 09:02:54
1646125377626399000,107.0,1,106.5,16,107.0,10,1,2022-03-01 09:02:57
1646125377901239000,106.5,1,106.5,15,107.0,10,2,2022-03-01 09:02:57
1646125378083839000,107.0,2,106.5,15,107.0,8,1,2022-03-01 09:02:58
1646125382049422000,106.5,2,106.5,18,107.0,10,2,2022-03-01 09:03:02
1646125382075251000,106.5,1,106.5,17,107.0,10,2,2022-03-01 09:03:02
1646125382435814000,106.5,6,106.5,11,107.0,10,2,2022-03-01 09:03:02
1646125382875566000,106.5,5,106.5,6,107.0,11,2,2022-03-01 09:03:02
1646125382904122000,106.5,1,106.5,5,107.0,16,2,2022-03-01 09:03:02
1646125382909043000,106.5,1,106.5,4,107.0,16,2,2022-03-01 09:03:02
1646125382933927000,106.5,4,106.0,22,107.0,16,2,2022-03-01 09:03:02
1646125383019580000,106.5,1,106.0,24,107.0,16,1,2022-03-01 09:03:03
1646125383281830000,106.5,2,106.0,24,107.0,16,1,2022-03-01 09:03:03
1646125384890056000,106.5,1,106.0,24,106.5,4,2,2022-03-01 09:03:04
1646125386161133000,106.0,2,106.0,23,106.5,11,2,2022-03-01 09:03:06
1646125386918853000,106.0,4,106.0,19,106.5,11,2,2022-03-01 09:03:06
1646125386951481000,106.0,1,106.0,16,106.5,11,2,2022-03-01 09:03:06
1646125388132933000,106.0,1,106.0,17,106.5,11,2,2022-03-01 09:03:08
1646125390446884000,106.0,4,106.0,13,106.5,12,2,2022-03-01 09:03:10
1646125391269701000,106.0,1,106.0,14,106.5,13,2,2022-03-01 09:03:11
1646125391460608000,106.0,1,106.0,14,106.5,13,2,2022-03-01 09:03:11
1646125391527460000,106.0,1,106.0,13,106.5,13,2,2022-03-01 09:03:11
1646125393416833000,106.5,23,106.0,17,107.0,22,1,2022-03-01 09:03:13
1646125394227478000,106.0,1,106.0,16,106.5,4,2,2022-03-01 09:03:14
1646125394321205000,106.0,2,106.0,14,106.5,4,2,2022-03-01 09:03:14
1646125394590835000,106.0,1,106.0,13,106.5,4,2,2022-03-01 09:03:14
1646125394926140000,106.0,1,106.0,14,106.5,4,2,2022-03-01 09:03:14
1646125395292414000,106.5,1,106.0,14,106.5,4,1,2022-03-01 09:03:15
1646125396642341000,106.0,1,106.0,13,106.5,4,2,2022-03-01 09:03:16
1646125396997073000,106.5,5,106.5,25,107.0,22,1,2022-03-01 09:03:16
1646125397086893000,106.5,2,106.5,23,107.0,22,2,2022-03-01 09:03:17
1646125397959005000,107.0,1,106.5,23,107.0,21,1,2022-03-01 09:03:17
1646125398533933000,106.5,1,106.5,23,107.0,21,2,2022-03-01 09:03:18
1646125398596354000,106.5,1,106.5,23,107.0,21,2,2022-03-01 09:03:18
1646125398832507000,107.0,17,106.5,27,107.5,10,1,2022-03-01 09:03:18
1646125398935889000,106.5,3,106.5,26,107.5,8,2,2022-03-01 09:03:18
1646125399391148000,107.0,1,106.5,36,107.5,8,1,2022-03-01 09:03:19
1646125400338160000,106.5,1,106.5,35,107.5,8,2,2022-03-01 09:03:20
1646125402950686000,107.5,8,107.0,16,108.0,32,1,2022-03-01 09:03:22
1646125404101962000,107.5,1,107.0,16,108.0,32,2,2022-03-01 09:03:24
1646125406746783000,107.5,1,107.5,13,108.0,32,2,2022-03-01 09:03:26
1646125407647716000,108.0,1,107.5,15,108.0,31,1,2022-03-01 09:03:27
1646125408272640000,107.5,1,107.5,15,108.0,31,2,2022-03-01 09:03:28
1646125408450340000,108.0,1,107.5,15,108.0,31,1,2022-03-01 09:03:28
1646125409230259000,108.0,1,107.5,16,108.0,30,1,2022-03-01 09:03:29
1646125409241210000,108.0,1,107.5,16,108.0,29,1,2022-03-01 09:03:29
1646125409941419000,107.5,2,107.5,14,108.0,28,2,2022-03-01 09:03:29
1646125410141260000,107.5,1,107.5,13,108.0,28,2,2022-03-01 09:03:30
1646125410227087000,107.5,1,107.5,12,108.0,28,2,2022-03-01 09:03:30
1646125410287317000,107.5,1,107.5,11,108.0,28,2,2022-03-01 09:03:30
1646125411078690000,108.0,1,107.5,11,108.0,28,1,2022-03-01 09:03:31
1646125412353051000,108.0,6,107.5,12,108.0,22,1,2022-03-01 09:03:32
1646125412884774000,107.5,1,107.5,11,108.0,22,2,2022-03-01 09:03:32
1646125412927731000,108.0,1,107.5,11,108.0,21,1,2022-03-01 09:03:32
1646125414226680000,108.0,1,107.5,11,108.0,29,1,2022-03-01 09:03:34
1646125414789804000,107.5,1,107.5,10,108.0,29,2,2022-03-01 09:03:34
1646125419174967000,108.0,1,107.5,20,108.0,28,1,2022-03-01 09:03:39
1646125419320389000,108.0,1,107.5,20,108.0,27,1,2022-03-01 09:03:39
1646125419840767000,107.5,1,107.5,19,108.0,27,2,2022-03-01 09:03:39
1646125421229771000,107.5,1,107.5,19,108.0,27,2,2022-03-01 09:03:41
1646125421457940000,108.0,1,107.5,19,108.0,26,1,2022-03-01 09:03:41
1646125424422522000,108.0,1,107.5,19,108.0,27,1,2022-03-01 09:03:44
1646125428079407000,108.0,1,107.5,30,108.0,28,1,2022-03-01 09:03:48
1646125428690671000,108.0,1,107.5,30,108.0,27,1,2022-03-01 09:03:48
1646125432294092000,108.0,1,107.5,30,108.0,31,1,2022-03-01 09:03:52
1646125433643890000,108.0,1,107.5,30,108.0,30,1,2022-03-01 09:03:53
1646125436515431000,107.5,1,107.5,29,108.0,30,2,2022-03-01 09:03:56
1646125437546568000,107.5,10,107.5,19,108.0,32,2,2022-03-01 09:03:57
1646125437578598000,107.5,17,107.5,2,108.0,34,2,2022-03-01 09:03:57
1646125437592526000,107.5,2,107.0,10,108.0,34,2,2022-03-01 09:03:57
1646125437805662000,107.5,1,107.0,11,107.5,4,1,2022-03-01 09:03:57
1646125440107821000,107.0,10,107.0,4,107.5,7,2,2022-03-01 09:04:00
1646125440147803000,107.0,1,107.0,3,107.5,7,2,2022-03-01 09:04:00
1646125440152322000,107.0,3,106.5,33,107.5,7,2,2022-03-01 09:04:00
1646125442879571000,107.0,1,106.5,30,107.0,2,1,2022-03-01 09:04:02
1646125443990622000,106.5,10,106.5,20,107.0,7,2,2022-03-01 09:04:03
1646125444232416000,106.5,1,106.5,19,107.0,8,2,2022-03-01 09:04:04
1646125447653631000,106.5,1,106.5,14,107.0,12,2,2022-03-01 09:04:07
1646125449149246000,106.5,1,106.5,17,107.0,17,2,2022-03-01 09:04:09
1646125449623893000,107.0,1,106.5,17,107.0,16,1,2022-03-01 09:04:09
1646125450315358000,106.5,4,106.5,13,107.0,16,2,2022-03-01 09:04:10
1646125452175671000,107.0,4,106.5,13,107.0,13,1,2022-03-01 09:04:12
1646125453285351000,106.5,1,106.5,12,107.0,15,2,2022-03-01 09:04:13
1646125455265235000,107.0,15,106.5,15,107.5,11,1,2022-03-01 09:04:15
1646125456294098000,107.0,1,106.5,16,107.5,13,1,2022-03-01 09:04:16
1646125498378648000,108.0,56,107.5,8,108.0,24,1,2022-03-01 09:04:58
1646125500096016000,107.5,5,107.5,1,108.0,25,2,2022-03-01 09:05:00
1646125502976341000,107.5,1,107.5,2,108.0,30,2,2022-03-01 09:05:02
1646125503091359000,107.5,2,107.0,33,107.5,2,2,2022-03-01 09:05:03
1646125503465158000,107.5,1,107.0,32,107.5,1,1,2022-03-01 09:05:03
1646125505103193000,107.0,1,107.0,31,107.5,3,2,2022-03-01 09:05:05
1646125506670591000,107.5,1,107.0,31,107.5,2,1,2022-03-01 09:05:06
1646125519287945000,107.0,1,107.0,28,107.5,12,2,2022-03-01 09:05:19
1646125519318663000,107.0,10,107.0,18,107.5,12,2,2022-03-01 09:05:19
1646125519350789000,107.0,1,107.0,17,107.5,12,2,2022-03-01 09:05:19
1646125519351860000,107.0,1,107.0,16,107.5,12,2,2022-03-01 09:05:19
1646125519373288000,107.0,10,107.0,6,107.5,12,2,2022-03-01 09:05:19
1646125519397483000,107.0,5,107.0,1,107.5,12,2,2022-03-01 09:05:19
1646125519397932000,107.0,1,106.5,35,107.5,12,2,2022-03-01 09:05:19
1646125520719832000,106.5,1,106.5,32,107.0,3,2,2022-03-01 09:05:20
1646125533488090000,106.5,2,106.5,31,107.0,15,2,2022-03-01 09:05:33
1646125534914651000,106.5,3,106.5,28,107.0,15,2,2022-03-01 09:05:34
1646125535249752000,106.5,1,106.5,27,107.0,15,2,2022-03-01 09:05:35
1646125535286192000,106.5,1,106.5,26,107.0,15,2,2022-03-01 09:05:35
1646125535983558000,106.5,1,106.5,26,107.0,15,2,2022-03-01 09:05:35
1646125538126162000,106.5,1,106.5,25,107.0,15,2,2022-03-01 09:05:38
1646125539551356000,106.5,1,106.5,24,107.0,15,2,2022-03-01 09:05:39
1646125544731407000,106.5,4,106.5,20,107.0,19,2,2022-03-01 09:05:44
1646125545055292000,106.5,1,106.5,20,107.0,19,2,2022-03-01 09:05:45
1646125551481213000,106.5,10,106.5,12,107.0,23,2,2022-03-01 09:05:51
1646125551509736000,106.5,1,106.5,11,107.0,23,2,2022-03-01 09:05:51
1646125551510596000,106.5,1,106.5,10,107.0,23,2,2022-03-01 09:05:51
1646125551538949000,106.5,1,106.5,9,107.0,23,2,2022-03-01 09:05:51
1646125552427207000,106.5,1,106.5,8,107.0,25,2,2022-03-01 09:05:52
1646125553317102000,106.5,1,106.5,7,107.0,26,2,2022-03-01 09:05:53
1646125553918650000,106.5,1,106.5,6,107.0,26,2,2022-03-01 09:05:53
1646125554172982000,106.5,1,106.5,6,107.0,26,2,2022-03-01 09:05:54
1646125554251400000,106.5,1,106.5,5,107.0,26,2,2022-03-01 09:05:54
1646125554891493000,106.5,1,106.5,6,107.0,26,2,2022-03-01 09:05:54
1646125555935373000,106.5,1,106.5,5,107.0,26,2,2022-03-01 09:05:55
1646125556218404000,106.5,4,106.5,2,107.0,26,2,2022-03-01 09:05:56
1646125556282367000,106.5,1,106.5,1,107.0,26,2,2022-03-01 09:05:56
1646125556282995000,106.5,1,106.0,56,107.0,26,2,2022-03-01 09:05:56
1646125557160046000,106.5,1,106.0,57,107.0,26,1,2022-03-01 09:05:57
1646125557569038000,106.5,1,106.0,56,107.0,27,1,2022-03-01 09:05:57
1646125558810652000,106.5,1,106.0,59,107.0,28,1,2022-03-01 09:05:58
1646125558850861000,106.5,1,106.0,59,107.0,28,2,2022-03-01 09:05:58
1646125559164478000,106.5,1,106.0,59,107.0,28,1,2022-03-01 09:05:59
1646125559635478000,106.5,2,106.0,59,107.0,28,1,2022-03-01 09:05:59
1646125560812323000,106.5,1,106.0,59,107.0,28,1,2022-03-01 09:06:00
1646125561304918000,106.5,1,106.0,59,107.0,28,2,2022-03-01 09:06:01
1646125561402896000,106.5,1,106.0,61,107.0,30,2,2022-03-01 09:06:01
1646125562474388000,107.0,2,106.5,2,107.0,28,1,2022-03-01 09:06:02
1646125562599956000,107.0,7,106.5,4,107.0,19,1,2022-03-01 09:06:02
1646125562634603000,107.0,19,106.5,4,107.5,15,1,2022-03-01 09:06:02
1646125563193844000,107.0,1,106.5,8,107.5,13,1,2022-03-01 09:06:03
1646125563840488000,107.0,1,106.5,6,107.5,13,1,2022-03-01 09:06:03
1646125565743173000,107.0,1,107.0,2,107.5,7,2,2022-03-01 09:06:05
1646125565962016000,107.0,2,106.5,10,107.5,7,2,2022-03-01 09:06:05
1646125585260979000,107.5,5,107.0,23,108.0,32,1,2022-03-01 09:06:25
1646125585345549000,107.5,1,107.0,24,108.0,32,1,2022-03-01 09:06:25
1646125588875123000,107.0,1,107.0,24,108.0,31,2,2022-03-01 09:06:28
1646125591617465000,107.5,4,107.5,2,108.0,29,2,2022-03-01 09:06:31
1646125598420906000,108.0,1,107.5,8,108.0,28,1,2022-03-01 09:06:38
1646125600929679000,107.5,1,107.5,9,108.0,28,2,2022-03-01 09:06:40
1646125603226775000,108.0,5,107.5,7,108.0,23,1,2022-03-01 09:06:43
1646125611460747000,108.0,10,107.5,14,108.0,19,1,2022-03-01 09:06:51
1646125611944658000,108.0,1,107.5,16,108.0,18,1,2022-03-01 09:06:51
1646125613142929000,108.0,1,107.5,18,108.0,18,1,2022-03-01 09:06:53
1646125613159460000,108.0,5,107.5,18,108.0,13,1,2022-03-01 09:06:53
1646125613179887000,108.0,1,107.5,18,108.0,12,1,2022-03-01 09:06:53
1646125614205681000,108.0,5,107.5,20,108.0,7,1,2022-03-01 09:06:54
1646125614363434000,108.0,1,107.5,20,108.0,6,1,2022-03-01 09:06:54
1646125615234365000,108.0,1,107.5,22,108.0,5,1,2022-03-01 09:06:55
1646125615322580000,108.0,5,107.5,22,108.5,26,1,2022-03-01 09:06:55
1646125617420401000,108.0,1,108.0,17,108.5,26,2,2022-03-01 09:06:57
1646125617682622000,108.0,1,108.0,17,108.5,26,2,2022-03-01 09:06:57
1646125617690736000,108.0,1,108.0,16,108.5,26,2,2022-03-01 09:06:57
1646125620189160000,108.0,1,108.0,15,108.5,27,2,2022-03-01 09:07:00
1646125620600546000,108.0,5,108.0,11,108.5,27,2,2022-03-01 09:07:00
1646125627292335000,108.0,1,108.0,15,108.5,28,2,2022-03-01 09:07:07
1646125628097277000,108.0,1,108.0,17,108.5,28,2,2022-03-01 09:07:08
1646125628387503000,108.0,1,108.0,16,108.5,28,2,2022-03-01 09:07:08
1646125630720095000,108.0,1,108.0,16,108.5,28,2,2022-03-01 09:07:10
1646125630799968000,108.5,1,108.0,16,108.5,27,1,2022-03-01 09:07:10
1646125635120747000,108.5,1,108.0,18,108.5,26,1,2022-03-01 09:07:15
1646125635155877000,108.5,1,108.0,18,108.5,25,1,2022-03-01 09:07:15
1646125635712228000,108.5,1,108.0,18,108.5,25,1,2022-03-01 09:07:15
1646125636150991000,108.0,1,108.0,21,108.5,25,2,2022-03-01 09:07:16
1646125638403956000,108.5,1,108.0,20,108.5,24,1,2022-03-01 09:07:18
1646125640799362000,108.5,1,108.0,20,108.5,23,1,2022-03-01 09:07:20
1646125642127885000,108.0,1,108.0,29,108.5,23,2,2022-03-01 09:07:22
1646125642168588000,108.5,1,108.0,29,108.5,22,1,2022-03-01 09:07:22
1646125643279434000,108.5,1,108.0,31,108.5,21,1,2022-03-01 09:07:23
1646125643324441000,108.0,1,108.0,30,108.5,21,2,2022-03-01 09:07:23
1646125644880589000,108.5,1,108.0,31,108.5,21,1,2022-03-01 09:07:24
1646125645886152000,108.5,1,108.0,31,108.5,20,1,2022-03-01 09:07:25
1646125645923472000,108.5,1,108.0,31,108.5,19,1,2022-03-01 09:07:25
1646125647164968000,108.5,1,108.0,33,108.5,18,1,2022-03-01 09:07:27
1646125647191551000,108.5,1,108.0,33,108.5,17,1,2022-03-01 09:07:27
1646125647758517000,108.5,1,108.0,33,108.5,16,1,2022-03-01 09:07:27
1646125648518585000,108.0,1,108.0,33,108.5,16,2,2022-03-01 09:07:28
1646125648680804000,108.5,2,108.0,33,108.5,14,1,2022-03-01 09:07:28
1646125649904124000,108.5,1,108.0,34,108.5,13,1,2022-03-01 09:07:29
1646125651041421000,108.5,1,108.0,34,108.5,12,1,2022-03-01 09:07:31
1646125651724047000,108.5,10,108.0,34,108.5,2,1,2022-03-01 09:07:31
1646125652216417000,108.5,1,108.0,35,108.5,1,1,2022-03-01 09:07:32
1646125652803459000,108.5,1,108.0,35,109.0,23,1,2022-03-01 09:07:32
1646125657957831000,109.0,1,108.5,24,109.0,26,1,2022-03-01 09:07:37
1646125660028235000,109.0,2,108.5,43,109.0,24,1,2022-03-01 09:07:40
1646125660795802000,109.0,24,108.5,44,109.5,26,1,2022-03-01 09:07:40
1646125662235534000,109.5,2,109.0,8,109.5,25,1,2022-03-01 09:07:42
1646125662308379000,109.5,1,109.0,9,109.5,24,1,2022-03-01 09:07:42
1646125662587493000,109.0,3,109.0,6,109.5,24,2,2022-03-01 09:07:42
1646125663063900000,109.5,3,109.0,9,109.5,21,1,2022-03-01 09:07:43
1646125663188471000,109.5,3,109.0,9,109.5,18,1,2022-03-01 09:07:43
1646125663229847000,109.5,10,109.0,9,109.5,8,1,2022-03-01 09:07:43
1646125663296421000,109.5,1,109.0,9,109.5,7,1,2022-03-01 09:07:43
1646125663351479000,109.0,1,109.0,8,109.5,7,2,2022-03-01 09:07:43
1646125664307897000,109.5,1,109.0,12,109.5,6,1,2022-03-01 09:07:44
1646125664845561000,109.0,1,109.0,11,109.5,6,2,2022-03-01 09:07:44
1646125665871384000,109.5,1,109.0,11,109.5,6,1,2022-03-01 09:07:45
1646125666192073000,109.5,1,109.0,11,109.5,5,1,2022-03-01 09:07:46
1646125666949386000,109.5,1,109.0,11,109.5,5,1,2022-03-01 09:07:46
1646125668525404000,109.0,1,109.0,14,109.5,9,2,2022-03-01 09:07:48
1646125669216331000,109.5,1,109.0,12,109.5,10,1,2022-03-01 09:07:49
1646125669236901000,109.5,2,109.0,12,109.5,8,1,2022-03-01 09:07:49
1646125669922142000,109.5,1,109.0,12,109.5,10,1,2022-03-01 09:07:49
1646125669941637000,109.5,1,109.0,12,109.5,14,1,2022-03-01 09:07:49
1646125670494478000,109.5,1,109.0,25,109.5,14,1,2022-03-01 09:07:50
1646125670964661000,109.0,3,109.0,22,109.5,14,2,2022-03-01 09:07:50
1646125670981889000,109.5,1,109.0,22,109.5,13,1,2022-03-01 09:07:50
1646125671145126000,109.5,1,109.0,22,109.5,12,1,2022-03-01 09:07:51
1646125672154385000,109.5,1,109.0,34,109.5,12,1,2022-03-01 09:07:52
1646125674458735000,109.5,4,109.0,35,109.5,12,1,2022-03-01 09:07:54
1646125674835337000,109.5,1,109.0,38,109.5,11,1,2022-03-01 09:07:54
1646125676115163000,109.5,1,109.0,40,109.5,10,1,2022-03-01 09:07:56
1646125676371428000,109.5,1,109.0,40,109.5,15,1,2022-03-01 09:07:56
1646125676372154000,109.5,1,109.0,40,109.5,14,1,2022-03-01 09:07:56
1646125676518064000,109.5,10,109.0,40,109.5,6,1,2022-03-01 09:07:56
1646125676706885000,109.5,1,109.0,40,109.5,5,1,2022-03-01 09:07:56
1646125677697472000,109.5,6,109.0,41,109.5,2,1,2022-03-01 09:07:57
1646125677810013000,109.5,2,109.0,41,110.0,45,1,2022-03-01 09:07:57
1646125678240769000,109.5,2,109.0,39,109.5,1,1,2022-03-01 09:07:58
1646125678322112000,109.5,1,109.5,3,110.0,47,2,2022-03-01 09:07:58
1646125678322145000,109.5,1,109.5,2,110.0,47,2,2022-03-01 09:07:58
1646125678340055000,110.0,2,109.5,2,110.0,45,1,2022-03-01 09:07:58
1646125678357078000,109.5,2,109.0,39,110.0,45,2,2022-03-01 09:07:58
1646125678401947000,109.5,1,109.5,5,110.0,45,2,2022-03-01 09:07:58
1646125678458610000,109.5,1,109.5,4,110.0,45,2,2022-03-01 09:07:58
1646125678492312000,109.5,4,109.0,39,110.0,45,2,2022-03-01 09:07:58
1646125681267489000,109.5,2,109.5,15,110.0,45,2,2022-03-01 09:08:01
1646125681384406000,109.5,1,109.5,14,110.0,45,2,2022-03-01 09:08:01
1646125683593618000,110.0,1,109.5,21,110.0,44,1,2022-03-01 09:08:03
1646125685277790000,110.0,1,109.5,27,110.0,42,1,2022-03-01 09:08:05
1646125687057476000,110.0,1,109.5,27,110.0,41,1,2022-03-01 09:08:07
1646125687742647000,110.0,1,109.5,31,110.0,41,1,2022-03-01 09:08:07
1646125688594306000,110.0,1,109.5,38,110.0,40,1,2022-03-01 09:08:08
1646125688630006000,109.5,10,109.5,28,110.0,40,2,2022-03-01 09:08:08
1646125689616811000,110.0,1,109.5,29,110.0,40,1,2022-03-01 09:08:09
1646125690791102000,110.0,1,109.5,30,110.0,41,1,2022-03-01 09:08:10
1646125691163740000,109.5,1,109.5,30,110.0,41,2,2022-03-01 09:08:11
1646125692145800000,109.5,1,109.5,32,110.0,41,2,2022-03-01 09:08:12
1646125692647899000,110.0,2,109.5,34,110.0,37,1,2022-03-01 09:08:12
1646125693697007000,110.0,1,109.5,35,110.0,38,1,2022-03-01 09:08:13
1646125694593831000,110.0,1,109.5,35,110.0,38,1,2022-03-01 09:08:14
1646125696175124000,110.0,1,109.5,37,110.0,38,1,2022-03-01 09:08:16
1646125696602558000,110.0,18,109.5,38,110.0,21,1,2022-03-01 09:08:16
1646125697524378000,110.0,3,109.5,40,110.0,18,1,2022-03-01 09:08:17
1646125697607888000,109.5,1,109.5,39,110.0,18,2,2022-03-01 09:08:17
1646125697727908000,110.0,3,109.5,39,110.0,15,1,2022-03-01 09:08:17
1646125698017015000,110.0,3,109.5,39,110.0,12,1,2022-03-01 09:08:18
1646125698700177000,110.0,1,109.5,39,110.0,11,1,2022-03-01 09:08:18
1646125698801955000,110.0,1,109.5,39,110.0,10,1,2022-03-01 09:08:18
1646125699128310000,110.0,1,109.5,39,110.0,9,1,2022-03-01 09:08:19
1646125699428759000,110.0,1,109.5,40,110.0,8,1,2022-03-01 09:08:19
1646125699686310000,110.0,1,109.5,41,110.0,7,1,2022-03-01 09:08:19
1646125699796132000,110.0,1,109.5,41,110.0,6,1,2022-03-01 09:08:19
1646125699857515000,110.0,4,109.5,40,110.0,2,1,2022-03-01 09:08:19
1646125700240919000,110.0,1,109.5,42,110.0,1,1,2022-03-01 09:08:20
1646125700276895000,110.0,1,109.5,42,110.5,19,1,2022-03-01 09:08:20
1646125700322781000,110.0,1,109.5,43,110.5,21,2,2022-03-01 09:08:20
1646125700491963000,110.5,1,109.5,43,110.5,22,1,2022-03-01 09:08:20
1646125700536359000,110.0,3,109.5,46,110.5,22,2,2022-03-01 09:08:20
1646125700552012000,110.5,1,110.0,4,110.5,19,1,2022-03-01 09:08:20
1646125700568112000,110.0,3,110.0,9,110.5,19,2,2022-03-01 09:08:20
1646125700590715000,110.0,1,110.0,10,110.5,19,2,2022-03-01 09:08:20
1646125700603320000,110.0,6,110.0,5,110.5,19,2,2022-03-01 09:08:20
1646125700644151000,110.5,2,110.0,7,110.5,17,1,2022-03-01 09:08:20
1646125700696829000,110.5,1,110.0,7,110.5,16,1,2022-03-01 09:08:20
1646125701736816000,110.0,1,110.0,28,110.5,16,2,2022-03-01 09:08:21
1646125701967561000,110.5,1,110.0,35,110.5,16,1,2022-03-01 09:08:21
1646125702558144000,110.0,4,110.0,31,110.5,16,2,2022-03-01 09:08:22
1646125705605534000,110.5,1,110.0,53,110.5,18,1,2022-03-01 09:08:25
1646125706460559000,110.0,6,110.0,48,110.5,22,2,2022-03-01 09:08:26
1646125706608352000,110.5,1,110.0,48,110.5,23,1,2022-03-01 09:08:26
1646125706631328000,110.5,5,110.0,48,110.5,18,1,2022-03-01 09:08:26
1646125707581153000,110.5,1,110.0,58,110.5,15,1,2022-03-01 09:08:27
1646125708265819000,110.5,3,110.0,61,110.5,13,1,2022-03-01 09:08:28
1646125708403347000,110.5,3,110.0,61,110.5,10,1,2022-03-01 09:08:28
1646125709459869000,110.5,1,110.0,63,110.5,10,1,2022-03-01 09:08:29
1646125709881963000,110.5,2,110.0,69,110.5,8,1,2022-03-01 09:08:29
1646125710675450000,110.5,1,110.0,68,110.5,10,1,2022-03-01 09:08:30
1646125710700441000,110.5,1,110.0,68,110.5,9,1,2022-03-01 09:08:30
1646125710739413000,110.5,1,110.0,68,110.5,8,1,2022-03-01 09:08:30
1646125711520165000,110.5,1,110.0,71,110.5,19,1,2022-03-01 09:08:31
1646125712058733000,110.5,1,110.0,73,110.5,16,1,2022-03-01 09:08:32
1646125712102079000,110.0,1,110.0,72,110.5,23,2,2022-03-01 09:08:32
1646125712232171000,110.5,5,110.0,68,110.5,18,1,2022-03-01 09:08:32
1646125712504171000,110.5,1,110.0,69,110.5,15,1,2022-03-01 09:08:32
1646125712618644000,110.5,1,110.0,70,110.5,16,1,2022-03-01 09:08:32
1646125713239849000,110.5,5,110.0,71,110.5,18,1,2022-03-01 09:08:33
1646125713679863000,110.0,1,110.0,70,110.5,18,2,2022-03-01 09:08:33
1646125713729186000,110.5,1,110.0,69,110.5,17,1,2022-03-01 09:08:33
1646125713769630000,110.5,3,110.0,69,110.5,14,1,2022-03-01 09:08:33
1646125713880364000,110.5,1,110.0,69,110.5,13,1,2022-03-01 09:08:33
1646125714035307000,110.5,1,110.0,70,110.5,12,1,2022-03-01 09:08:34
1646125714439842000,110.5,1,110.0,70,110.5,14,1,2022-03-01 09:08:34
1646125714800164000,110.5,5,110.0,70,110.5,17,1,2022-03-01 09:08:34
1646125714858041000,110.5,1,110.0,70,110.5,18,1,2022-03-01 09:08:34
1646125714913030000,110.5,1,110.0,71,110.5,17,1,2022-03-01 09:08:34
1646125715803896000,110.5,1,110.0,71,110.5,19,1,2022-03-01 09:08:35
1646125716300339000,110.5,1,110.0,72,110.5,19,1,2022-03-01 09:08:36
1646125716573601000,110.5,1,110.0,72,110.5,20,1,2022-03-01 09:08:36
1646125716604423000,110.5,2,110.0,72,110.5,18,1,2022-03-01 09:08:36
1646125716609127000,110.5,1,110.0,71,110.5,17,1,2022-03-01 09:08:36
1646125716806790000,110.5,3,110.0,71,110.5,14,1,2022-03-01 09:08:36
1646125716895968000,110.5,1,110.0,71,110.5,13,1,2022-03-01 09:08:36
1646125716969196000,110.5,3,110.0,71,110.5,10,1,2022-03-01 09:08:36
1646125716986042000,110.5,1,110.0,71,110.5,9,1,2022-03-01 09:08:36
1646125717591380000,110.5,1,110.0,66,110.5,8,1,2022-03-01 09:08:37
1646125718078794000,110.5,1,110.0,66,110.5,7,1,2022-03-01 09:08:38
1646125718498134000,110.5,1,110.0,66,110.5,7,1,2022-03-01 09:08:38
1646125718683877000,110.5,1,110.0,66,110.5,8,1,2022-03-01 09:08:38
1646125718891926000,110.5,1,110.0,66,110.5,7,1,2022-03-01 09:08:38
1646125718970166000,110.5,2,110.0,66,110.5,8,1,2022-03-01 09:08:38
1646125719034678000,110.5,1,110.0,66,110.5,7,1,2022-03-01 09:08:39
1646125719090232000,110.5,3,110.0,66,110.5,4,1,2022-03-01 09:08:39
1646125719455691000,110.5,4,110.0,66,111.0,24,1,2022-03-01 09:08:39
1646125719737453000,110.5,1,110.0,65,110.5,1,1,2022-03-01 09:08:39
1646125719889884000,110.5,1,110.5,4,111.0,28,1,2022-03-01 09:08:39
1646125719922749000,110.5,4,110.0,65,111.0,28,2,2022-03-01 09:08:39
1646125720779982000,110.0,4,110.0,61,110.5,10,2,2022-03-01 09:08:40
1646125720780261000,110.0,61,109.5,37,110.5,10,2,2022-03-01 09:08:40
1646125720845344000,110.0,1,109.5,34,110.0,2,1,2022-03-01 09:08:40
1646125720848742000,109.5,10,109.5,24,110.0,5,2,2022-03-01 09:08:40
1646125720885777000,109.5,1,109.5,22,110.0,8,2,2022-03-01 09:08:40
1646125720894121000,109.5,10,109.5,12,110.0,8,2,2022-03-01 09:08:40
1646125720904719000,109.5,1,109.5,11,110.0,8,2,2022-03-01 09:08:40
1646125720916304000,109.5,11,109.0,35,110.0,8,2,2022-03-01 09:08:40
1646125721002612000,109.5,3,109.0,34,109.5,4,1,2022-03-01 09:08:41
1646125721065358000,109.0,1,109.0,33,109.5,4,2,2022-03-01 09:08:41
1646125721778972000,109.5,1,109.0,33,109.5,3,1,2022-03-01 09:08:41
1646125721926929000,109.5,1,109.0,33,109.5,2,1,2022-03-01 09:08:41
1646125722118078000,109.5,1,109.0,33,109.5,1,1,2022-03-01 09:08:42
1646125723190789000,109.5,1,109.0,35,109.5,2,1,2022-03-01 09:08:43
1646125723200243000,109.5,2,109.0,35,110.0,8,1,2022-03-01 09:08:43
1646125723200243000,110.0,3,109.0,35,110.0,8,1,2022-03-01 09:08:43
1646125726276229000,109.5,1,109.0,38,110.0,13,1,2022-03-01 09:08:46
1646125726566883000,110.0,5,109.0,39,110.0,10,1,2022-03-01 09:08:46
1646125727025194000,109.5,2,109.5,6,110.0,10,2,2022-03-01 09:08:47
1646125727453813000,109.5,7,109.0,41,110.0,10,2,2022-03-01 09:08:47
1646125728368611000,109.5,9,109.0,41,110.0,11,1,2022-03-01 09:08:48
1646125728368611000,110.0,1,109.0,41,110.0,11,1,2022-03-01 09:08:48
1646125729093240000,110.0,1,109.0,41,110.0,10,1,2022-03-01 09:08:49
1646125729260812000,109.5,1,109.5,1,110.0,10,2,2022-03-01 09:08:49
1646125731465255000,109.5,1,109.0,42,110.0,18,2,2022-03-01 09:08:51
1646125732493100000,109.5,1,109.0,43,109.5,2,1,2022-03-01 09:08:52
1646125733738538000,109.5,1,109.0,44,109.5,6,1,2022-03-01 09:08:53
1646125733788474000,109.0,1,109.0,43,109.5,6,2,2022-03-01 09:08:53
1646125733823136000,109.0,1,109.0,42,109.5,6,2,2022-03-01 09:08:53
1646125735102180000,109.5,1,109.0,42,109.5,8,1,2022-03-01 09:08:55
1646125738776722000,109.5,1,109.0,44,109.5,9,1,2022-03-01 09:08:58
1646125740481141000,109.5,1,109.0,44,109.5,10,1,2022-03-01 09:09:00
1646125741048275000,109.5,2,109.0,44,109.5,8,1,2022-03-01 09:09:01
1646125742408077000,109.5,1,109.0,44,109.5,7,1,2022-03-01 09:09:02
1646125742496064000,109.5,1,109.0,44,109.5,6,1,2022-03-01 09:09:02
1646125742508306000,109.0,1,109.0,44,109.5,6,2,2022-03-01 09:09:02
1646125742558797000,109.0,1,109.0,43,109.5,7,2,2022-03-01 09:09:02
1646125744256520000,109.5,1,109.0,43,109.5,6,1,2022-03-01 09:09:04
1646125744908904000,109.5,1,109.0,42,109.5,6,1,2022-03-01 09:09:04
1646125745674779000,109.5,3,109.0,41,109.5,3,1,2022-03-01 09:09:05
1646125745886245000,109.5,1,109.0,41,109.5,5,1,2022-03-01 09:09:05
1646125748943677000,109.5,2,109.0,40,109.5,15,1,2022-03-01 09:09:08
1646125749941516000,109.5,10,109.0,40,109.5,6,1,2022-03-01 09:09:09
1646125751476244000,109.5,5,109.0,40,109.5,3,1,2022-03-01 09:09:11
1646125752286351000,109.5,1,109.0,39,109.5,3,1,2022-03-01 09:09:12
1646125752465417000,109.5,1,109.0,39,109.5,2,1,2022-03-01 09:09:12
1646125752764625000,109.5,1,109.0,39,109.5,1,1,2022-03-01 09:09:12
1646125753031674000,109.5,6,109.0,39,110.0,28,1,2022-03-01 09:09:13
1646125753429734000,110.0,1,109.0,40,110.0,27,1,2022-03-01 09:09:13
1646125753574099000,109.5,2,109.0,40,110.0,27,2,2022-03-01 09:09:13
1646125753871567000,109.5,1,109.0,40,110.0,27,2,2022-03-01 09:09:13
1646125756786390000,109.5,1,109.0,44,109.5,4,1,2022-03-01 09:09:16
1646125760348927000,109.5,2,109.0,44,109.5,6,1,2022-03-01 09:09:20
1646125761026626000,109.5,1,109.0,44,109.5,5,1,2022-03-01 09:09:21
1646125761644893000,109.5,1,109.0,44,109.5,4,1,2022-03-01 09:09:21
1646125762020969000,109.5,3,109.0,44,109.5,3,1,2022-03-01 09:09:22
1646125762251649000,109.5,1,109.0,44,110.0,38,1,2022-03-01 09:09:22
1646125762380902000,109.5,1,109.0,44,109.5,4,1,2022-03-01 09:09:22
1646125762976298000,109.5,1,109.0,44,109.5,3,1,2022-03-01 09:09:22
1646125763021923000,109.5,1,109.0,44,109.5,2,1,2022-03-01 09:09:23
1646125763232049000,109.5,2,109.5,1,110.0,40,1,2022-03-01 09:09:23
1646125763253757000,109.5,1,109.0,44,110.0,40,2,2022-03-01 09:09:23
1646125765332842000,109.5,5,109.0,41,110.0,39,1,2022-03-01 09:09:25
1646125767352182000,109.0,1,109.0,40,110.0,39,2,2022-03-01 09:09:27
1646125767811957000,109.5,1,109.0,41,110.0,39,2,2022-03-01 09:09:27
1646125768024493000,110.0,2,109.0,41,110.0,37,1,2022-03-01 09:09:28
1646125770443060000,109.5,1,109.0,41,110.0,37,2,2022-03-01 09:09:30
1646125773896022000,109.5,7,109.0,43,110.0,41,2,2022-03-01 09:09:33
1646125774119091000,109.5,1,109.0,43,110.0,42,2,2022-03-01 09:09:34
1646125775083015000,109.5,2,109.0,43,109.5,3,2,2022-03-01 09:09:35
1646125775357230000,109.5,2,109.0,42,109.5,1,1,2022-03-01 09:09:35
1646125775456405000,109.5,1,109.0,41,110.0,43,1,2022-03-01 09:09:35
1646125775525979000,109.5,1,109.0,40,110.0,43,2,2022-03-01 09:09:35
1646125776894733000,109.5,2,109.0,41,109.5,4,1,2022-03-01 09:09:36
1646125777136891000,109.5,1,109.0,41,109.5,3,1,2022-03-01 09:09:37
1646125778469047000,109.5,2,109.0,41,109.5,6,1,2022-03-01 09:09:38
1646125778522040000,109.0,1,109.0,40,109.5,6,2,2022-03-01 09:09:38
1646125779340515000,109.5,2,109.0,40,109.5,4,1,2022-03-01 09:09:39
1646125780515319000,109.5,4,109.5,6,110.0,44,1,2022-03-01 09:09:40
1646125780537642000,109.5,6,109.0,41,110.0,44,2,2022-03-01 09:09:40
1646125786064131000,109.5,1,109.0,43,109.5,4,1,2022-03-01 09:09:46
1646125786535367000,109.5,1,109.0,43,109.5,3,1,2022-03-01 09:09:46
1646125787855978000,109.5,4,109.5,1,110.0,45,1,2022-03-01 09:09:47
1646125787882666000,109.5,1,109.0,43,110.0,45,2,2022-03-01 09:09:47
1646125788478233000,109.0,10,109.0,33,109.5,3,2,2022-03-01 09:09:48
1646125788493234000,109.5,1,109.0,33,109.5,2,1,2022-03-01 09:09:48
1646125793574270000,109.5,1,109.0,33,109.5,15,1,2022-03-01 09:09:53
1646125794084000000,109.5,1,109.0,33,109.5,14,1,2022-03-01 09:09:54
1646125794491115000,109.5,1,109.0,33,109.5,13,1,2022-03-01 09:09:54
1646125795318145000,109.5,1,109.0,33,109.5,20,1,2022-03-01 09:09:55
1646125795359332000,109.5,1,109.0,33,109.5,19,1,2022-03-01 09:09:55
1646125795470171000,109.5,1,109.0,33,109.5,19,1,2022-03-01 09:09:55
1646125801153593000,109.0,6,109.0,27,109.5,30,2,2022-03-01 09:10:01
1646125801187335000,109.0,1,109.0,26,109.5,30,2,2022-03-01 09:10:01
1646125801187920000,109.0,10,109.0,16,109.5,30,2,2022-03-01 09:10:01
1646125801217704000,109.0,3,109.0,13,109.5,30,2,2022-03-01 09:10:01
1646125801217993000,109.0,13,108.5,39,109.5,30,2,2022-03-01 09:10:01
1646125801691437000,109.0,4,108.5,40,109.5,31,1,2022-03-01 09:10:01
1646125801691437000,109.5,1,108.5,40,109.5,31,1,2022-03-01 09:10:01
1646125802229386000,109.0,1,109.0,1,109.5,31,1,2022-03-01 09:10:02
1646125803679513000,109.0,1,109.0,3,109.5,32,2,2022-03-01 09:10:03
1646125805495623000,109.0,1,109.0,5,109.5,30,2,2022-03-01 09:10:05
1646125805673663000,109.0,2,109.0,3,109.5,30,2,2022-03-01 09:10:05
1646125806506103000,109.0,2,109.0,1,109.5,30,2,2022-03-01 09:10:06
1646125806536799000,109.0,1,108.5,45,109.5,30,2,2022-03-01 09:10:06
1646125806847498000,109.0,1,108.5,51,109.5,30,2,2022-03-01 09:10:06
1646125809016389000,109.0,1,109.0,2,109.5,28,2,2022-03-01 09:10:09
1646125809167831000,109.0,1,109.0,1,109.5,28,2,2022-03-01 09:10:09
1646125809563749000,109.0,1,108.5,54,109.5,27,2,2022-03-01 09:10:09
1646125811006815000,109.0,1,108.5,53,109.0,4,1,2022-03-01 09:10:11
1646125811007279000,109.0,4,108.5,53,109.5,28,1,2022-03-01 09:10:11
1646125811309414000,109.0,5,108.5,53,109.5,28,1,2022-03-01 09:10:11
1646125811409757000,109.0,1,109.0,2,109.5,28,1,2022-03-01 09:10:11
1646125812043724000,109.0,2,108.5,50,109.5,28,2,2022-03-01 09:10:12
1646125813787706000,109.0,1,108.5,49,109.0,13,1,2022-03-01 09:10:13
1646125816888969000,109.0,2,108.5,48,109.0,15,1,2022-03-01 09:10:16
1646125816942219000,108.5,1,108.5,47,109.0,15,2,2022-03-01 09:10:16
1646125835472983000,109.0,1,108.5,46,109.0,19,1,2022-03-01 09:10:35
1646125835749689000,108.5,1,108.5,45,109.0,19,2,2022-03-01 09:10:35
1646125839784536000,108.5,1,108.5,44,109.0,19,2,2022-03-01 09:10:39
1646125842223599000,109.0,1,108.5,45,109.0,18,1,2022-03-01 09:10:42
1646125842612468000,108.5,20,108.5,25,109.0,18,2,2022-03-01 09:10:42
1646125842640292000,108.5,1,108.5,24,109.0,20,2,2022-03-01 09:10:42
1646125842641808000,108.5,1,108.5,23,109.0,20,2,2022-03-01 09:10:42
1646125842667980000,108.5,1,108.5,22,109.0,20,2,2022-03-01 09:10:42
1646125842671046000,108.5,1,108.5,21,109.0,20,2,2022-03-01 09:10:42
1646125842705076000,108.5,1,108.5,20,109.0,20,2,2022-03-01 09:10:42
1646125844022067000,108.5,5,108.5,16,109.0,20,2,2022-03-01 09:10:44
1646125844042793000,108.5,3,108.5,13,109.0,20,2,2022-03-01 09:10:44
1646125844075760000,108.5,1,108.5,12,109.0,21,2,2022-03-01 09:10:44
1646125845705051000,109.0,1,108.5,19,109.0,21,1,2022-03-01 09:10:45
1646125847770923000,108.5,2,108.5,17,109.0,21,2,2022-03-01 09:10:47
1646125853637191000,108.5,26,108.0,43,108.5,19,2,2022-03-01 09:10:53
1646125853664231000,108.5,19,108.0,43,109.0,19,1,2022-03-01 09:10:53
1646125853726559000,108.5,1,108.0,49,109.0,19,1,2022-03-01 09:10:53
1646125853739916000,109.0,1,108.0,51,109.0,18,1,2022-03-01 09:10:53
1646125854369182000,108.5,10,108.0,49,109.0,19,1,2022-03-01 09:10:54
1646125857591766000,108.5,1,108.0,48,108.5,2,1,2022-03-01 09:10:57
1646125859944662000,108.5,1,108.0,44,108.5,3,1,2022-03-01 09:10:59
1646125860900138000,108.5,4,108.0,44,109.0,19,1,2022-03-01 09:11:00
1646125861376212000,108.5,1,108.5,2,109.0,19,2,2022-03-01 09:11:01
1646125862472429000,109.0,2,108.5,5,109.0,18,1,2022-03-01 09:11:02
1646125869658401000,109.0,10,108.5,21,109.0,14,1,2022-03-01 09:11:09
1646125869696252000,109.0,10,108.5,22,109.0,4,1,2022-03-01 09:11:09
1646125869722474000,109.0,4,108.5,24,109.5,32,1,2022-03-01 09:11:09
1646125871667483000,109.0,1,108.5,31,109.5,32,1,2022-03-01 09:11:11
1646125891319277000,109.5,1,109.0,15,109.5,33,1,2022-03-01 09:11:31
1646125892101097000,109.5,1,109.0,15,109.5,34,1,2022-03-01 09:11:32
1646125893560294000,109.5,1,109.0,15,109.5,33,1,2022-03-01 09:11:33
1646125897205762000,109.5,1,109.0,20,109.5,31,1,2022-03-01 09:11:37
1646125899025370000,109.5,1,109.0,20,109.5,30,1,2022-03-01 09:11:39
1646125899125519000,109.5,1,109.0,20,109.5,29,1,2022-03-01 09:11:39
1646125901118545000,109.5,1,109.0,26,109.5,29,1,2022-03-01 09:11:41
1646125901831793000,109.5,1,109.0,26,109.5,27,1,2022-03-01 09:11:41
1646125902286767000,109.5,1,109.0,26,109.5,26,1,2022-03-01 09:11:42
1646125905032105000,109.5,1,109.0,26,109.5,24,1,2022-03-01 09:11:45
1646125905440755000,109.5,1,109.0,26,109.5,23,1,2022-03-01 09:11:45
1646125906565308000,109.5,1,109.0,26,109.5,22,1,2022-03-01 09:11:46
1646125907979542000,109.5,5,109.0,27,109.5,17,1,2022-03-01 09:11:47
1646125909382818000,109.5,1,109.0,27,109.5,15,1,2022-03-01 09:11:49
1646125910177960000,109.5,1,109.0,27,109.5,14,1,2022-03-01 09:11:50
1646125911150792000,109.5,1,109.0,27,109.5,13,1,2022-03-01 09:11:51
1646125912007114000,109.5,1,109.0,27,109.5,12,1,2022-03-01 09:11:52
1646125918413878000,109.5,1,109.0,22,109.5,14,1,2022-03-01 09:11:58
1646125920890240000,109.0,6,109.0,16,109.5,15,2,2022-03-01 09:12:00
1646125921360837000,109.5,3,109.0,16,109.5,12,1,2022-03-01 09:12:01
1646125924309598000,109.5,1,109.0,11,109.5,11,1,2022-03-01 09:12:04
1646125924528534000,109.5,7,109.0,11,109.5,4,1,2022-03-01 09:12:04
1646125926066844000,109.5,1,109.0,16,109.5,5,1,2022-03-01 09:12:06
1646125926197069000,109.5,5,109.0,16,110.0,70,1,2022-03-01 09:12:06
1646125927852517000,109.5,1,109.5,1,110.0,70,1,2022-03-01 09:12:07
1646125927872071000,109.5,1,109.0,16,110.0,70,2,2022-03-01 09:12:07
1646125927974286000,109.5,1,109.0,11,110.0,70,2,2022-03-01 09:12:07
1646125928183572000,109.5,10,109.0,11,110.0,70,2,2022-03-01 09:12:08
1646125946987669000,109.5,1,109.0,17,109.5,16,1,2022-03-01 09:12:26
1646125951421136000,109.0,1,109.0,16,109.5,28,2,2022-03-01 09:12:31
1646125951452577000,109.0,11,109.0,5,109.5,28,2,2022-03-01 09:12:31
1646125951456992000,109.0,5,108.5,41,109.5,28,2,2022-03-01 09:12:31
1646125952032132000,109.0,2,108.5,40,109.0,1,1,2022-03-01 09:12:32
1646125953500236000,108.5,8,108.5,32,109.5,32,2,2022-03-01 09:12:33
1646125964793149000,108.5,1,108.5,25,109.0,6,2,2022-03-01 09:12:44
1646125966028131000,109.0,1,108.5,25,109.0,6,1,2022-03-01 09:12:46
1646125966066153000,108.5,1,108.5,24,109.0,6,2,2022-03-01 09:12:46
1646125970913108000,108.5,4,108.5,21,109.0,7,2,2022-03-01 09:12:50
1646125970942033000,108.5,1,108.5,20,109.0,7,2,2022-03-01 09:12:50
1646125971507639000,108.5,1,108.5,19,109.0,7,2,2022-03-01 09:12:51
1646125972050165000,108.5,1,108.5,18,109.0,7,2,2022-03-01 09:12:52
1646125977770385000,109.0,1,108.5,21,109.0,7,1,2022-03-01 09:12:57
1646125990018311000,108.5,1,108.5,39,109.0,7,2,2022-03-01 09:13:10
1646125992757249000,108.5,1,108.5,33,109.0,9,2,2022-03-01 09:13:12
1646126002474438000,108.5,1,108.5,37,109.0,9,2,2022-03-01 09:13:22
1646126026825212000,108.5,4,108.5,34,109.0,69,2,2022-03-01 09:13:46
1646126026828752000,108.5,10,108.5,24,109.0,69,2,2022-03-01 09:13:46
1646126026847234000,108.5,24,108.0,35,109.0,69,2,2022-03-01 09:13:46
1646126027614907000,108.5,1,108.0,27,108.5,3,1,2022-03-01 09:13:47
1646126029549225000,108.5,1,108.0,27,108.5,2,1,2022-03-01 09:13:49
1646126052711666000,108.0,5,108.0,29,108.5,31,2,2022-03-01 09:14:12
1646126052713129000,108.0,1,108.0,28,108.5,31,2,2022-03-01 09:14:12
1646126052795484000,108.0,1,108.0,22,108.5,31,2,2022-03-01 09:14:12
1646126053116599000,108.5,1,108.0,22,108.5,30,1,2022-03-01 09:14:13
1646126059103485000,108.5,1,108.0,23,108.5,29,1,2022-03-01 09:14:19
1646126060239067000,108.5,1,108.0,23,108.5,29,1,2022-03-01 09:14:20
1646126071781577000,108.0,5,108.0,21,108.5,31,2,2022-03-01 09:14:31
1646126075225009000,108.0,1,108.0,20,108.5,31,2,2022-03-01 09:14:35
1646126080373413000,108.0,10,108.0,14,108.5,32,2,2022-03-01 09:14:40
1646126080404749000,108.0,1,108.0,13,108.5,32,2,2022-03-01 09:14:40
1646126080434922000,108.0,1,108.0,12,108.5,32,2,2022-03-01 09:14:40
1646126082361227000,108.0,1,108.0,12,108.5,33,2,2022-03-01 09:14:42
1646126082387522000,108.0,1,108.0,11,108.5,33,2,2022-03-01 09:14:42
1646126082503147000,108.0,2,108.0,9,108.5,33,2,2022-03-01 09:14:42
1646126082581435000,108.0,2,108.0,7,108.5,33,2,2022-03-01 09:14:42
1646126083108203000,108.0,5,108.0,2,108.5,33,2,2022-03-01 09:14:43
1646126083119910000,108.0,2,107.5,32,108.5,33,2,2022-03-01 09:14:43
1646126087910462000,108.0,10,107.5,30,108.0,11,1,2022-03-01 09:14:47
1646126088535531000,107.5,10,107.5,25,108.0,11,2,2022-03-01 09:14:48
1646126088567742000,107.5,1,107.5,24,108.0,11,2,2022-03-01 09:14:48
1646126088568655000,107.5,1,107.5,23,108.0,11,2,2022-03-01 09:14:48
1646126091406445000,107.5,1,107.5,22,108.0,14,2,2022-03-01 09:14:51
1646126092851709000,108.0,1,107.5,16,108.0,13,1,2022-03-01 09:14:52
1646126092941787000,107.5,1,107.5,15,108.0,13,2,2022-03-01 09:14:52
1646126094648103000,107.5,10,107.5,10,108.0,12,2,2022-03-01 09:14:54
1646126094684643000,107.5,1,107.5,9,108.0,12,2,2022-03-01 09:14:54
1646126094945301000,107.5,1,107.5,8,108.0,12,2,2022-03-01 09:14:54
1646126095892094000,107.5,1,107.5,7,108.0,12,2,2022-03-01 09:14:55
1646126096899847000,107.5,1,107.5,6,108.0,12,2,2022-03-01 09:14:56
1646126098039890000,107.5,1,107.5,5,108.0,12,2,2022-03-01 09:14:58
1646126098056818000,107.5,3,107.5,2,108.0,12,2,2022-03-01 09:14:58
1646126100446135000,107.5,1,107.5,8,108.0,14,2,2022-03-01 09:15:00
1646126100799547000,107.5,1,107.5,7,108.0,14,2,2022-03-01 09:15:00
1646126100803010000,107.5,3,107.5,4,108.0,14,2,2022-03-01 09:15:00
1646126102742230000,108.0,1,107.5,6,108.0,14,1,2022-03-01 09:15:02
1646126103097026000,107.5,2,107.5,4,108.0,14,2,2022-03-01 09:15:03
1646126106278342000,107.5,1,107.5,5,108.0,14,2,2022-03-01 09:15:06
1646126107768380000,107.5,5,107.5,6,108.0,14,2,2022-03-01 09:15:07
1646126107828524000,107.5,5,107.5,1,108.0,14,2,2022-03-01 09:15:07
1646126110892259000,107.5,1,107.5,3,108.0,15,2,2022-03-01 09:15:10
1646126110950981000,107.5,1,107.5,2,108.0,15,2,2022-03-01 09:15:10
1646126111284451000,107.5,1,107.5,2,108.0,15,2,2022-03-01 09:15:11
1646126111403079000,107.5,9,107.0,44,108.0,15,1,2022-03-01 09:15:11
1646126111500996000,107.5,1,107.0,40,107.5,1,1,2022-03-01 09:15:11
1646126111501340000,107.5,1,107.0,40,108.0,15,1,2022-03-01 09:15:11
1646126113665402000,108.0,15,107.5,8,108.5,27,1,2022-03-01 09:15:13
1646126113837548000,108.0,1,107.5,8,108.5,25,1,2022-03-01 09:15:13
1646126118279497000,108.0,2,108.0,2,108.5,23,2,2022-03-01 09:15:18
1646126118977210000,108.0,1,107.5,24,108.5,22,1,2022-03-01 09:15:18
1646126120774505000,108.0,1,107.5,24,108.5,21,1,2022-03-01 09:15:20
1646126126920489000,108.0,1,108.0,4,108.5,22,2,2022-03-01 09:15:26
1646126132649919000,108.5,1,108.0,6,108.5,21,1,2022-03-01 09:15:32
1646126144543478000,108.0,1,108.0,11,108.5,21,2,2022-03-01 09:15:44
1646126160063078000,108.0,2,108.0,7,108.5,21,2,2022-03-01 09:16:00
1646126165057093000,108.0,2,108.0,7,108.5,21,2,2022-03-01 09:16:05
1646126167547669000,108.0,1,108.0,6,108.5,26,2,2022-03-01 09:16:07
1646126182541655000,108.0,1,108.0,12,108.5,22,2,2022-03-01 09:16:22
1646126186354781000,108.0,1,108.0,12,108.5,22,2,2022-03-01 09:16:26
1646126206421192000,108.0,2,108.0,12,108.5,23,2,2022-03-01 09:16:46
1646126213906169000,108.5,1,108.0,12,108.5,22,1,2022-03-01 09:16:53
1646126221788398000,108.5,1,108.0,13,108.5,21,1,2022-03-01 09:17:01
1646126229220151000,108.0,2,108.0,13,108.5,22,2,2022-03-01 09:17:09
1646126230207761000,108.0,1,108.0,13,108.5,22,2,2022-03-01 09:17:10
1646126241053101000,108.0,1,108.0,13,108.5,24,2,2022-03-01 09:17:21
1646126241084258000,108.0,12,108.0,1,108.5,24,2,2022-03-01 09:17:21
1646126241101934000,108.0,1,107.5,53,108.5,28,2,2022-03-01 09:17:21
1646126256401667000,108.0,1,107.5,53,108.5,34,2,2022-03-01 09:17:36
1646126256670532000,107.5,1,107.5,52,108.5,32,2,2022-03-01 09:17:36
1646126257225651000,108.0,1,108.0,4,108.5,32,2,2022-03-01 09:17:37
1646126257225972000,108.0,2,108.0,2,108.5,32,2,2022-03-01 09:17:37
1646126257228430000,108.0,2,107.5,52,108.5,32,2,2022-03-01 09:17:37
1646126264879969000,108.0,1,108.0,9,108.5,28,2,2022-03-01 09:17:44
1646126268152211000,108.0,1,108.0,8,108.5,29,2,2022-03-01 09:17:48
1646126270493736000,108.0,7,108.0,1,108.5,31,2,2022-03-01 09:17:50
1646126270516738000,108.0,1,107.5,51,108.5,31,2,2022-03-01 09:17:50
1646126271899920000,107.5,1,107.5,50,108.5,37,2,2022-03-01 09:17:51
1646126272972267000,107.5,1,107.5,50,108.5,37,2,2022-03-01 09:17:52
1646126276297283000,107.5,1,107.5,45,108.0,5,2,2022-03-01 09:17:56
1646126284192289000,107.5,1,107.5,44,108.0,9,2,2022-03-01 09:18:04
1646126292124397000,107.5,1,107.5,49,108.0,13,2,2022-03-01 09:18:12
1646126292328159000,107.5,1,107.5,48,108.0,13,2,2022-03-01 09:18:12
1646126294646901000,107.5,1,107.5,46,108.0,13,2,2022-03-01 09:18:14
1646126303903302000,107.5,3,107.5,26,108.0,9,2,2022-03-01 09:18:23
1646126307462345000,107.5,1,107.5,26,108.0,9,2,2022-03-01 09:18:27
1646126313441950000,108.0,1,107.5,26,108.0,8,1,2022-03-01 09:18:33
1646126336248017000,108.0,1,107.5,31,108.0,11,1,2022-03-01 09:18:56
1646126348437082000,108.0,1,107.5,25,108.0,13,1,2022-03-01 09:19:08
1646126349428930000,108.0,1,107.5,25,108.0,12,1,2022-03-01 09:19:09
1646126352714579000,108.0,1,107.5,31,108.0,11,1,2022-03-01 09:19:12
1646126353136263000,108.0,1,107.5,31,108.0,10,1,2022-03-01 09:19:13
1646126354820179000,108.0,5,107.5,33,108.0,5,1,2022-03-01 09:19:14
1646126354847607000,108.0,5,107.5,33,108.5,32,1,2022-03-01 09:19:14
1646126369984960000,108.5,1,108.0,10,108.5,28,1,2022-03-01 09:19:29
1646126380284356000,108.5,1,108.0,16,108.5,27,1,2022-03-01 09:19:40
1646126381713393000,108.5,1,108.0,16,108.5,26,1,2022-03-01 09:19:41
1646126383766375000,108.5,1,108.0,16,108.5,25,1,2022-03-01 09:19:43
1646126385570193000,108.5,1,108.0,15,108.5,24,1,2022-03-01 09:19:45
1646126388900632000,108.5,10,108.0,18,108.5,14,1,2022-03-01 09:19:48
1646126391584494000,108.5,10,108.0,19,108.5,4,1,2022-03-01 09:19:51
1646126391910148000,108.5,1,108.0,25,108.5,3,1,2022-03-01 09:19:51
1646126397653853000,108.5,1,108.5,8,109.0,67,2,2022-03-01 09:19:57
1646126415756421000,108.5,1,108.5,19,109.0,68,2,2022-03-01 09:20:15
1646126463490081000,108.5,1,108.5,23,109.0,17,2,2022-03-01 09:21:03
1646126467642081000,108.5,5,108.5,17,109.0,16,2,2022-03-01 09:21:07
1646126469759787000,108.5,1,108.5,16,109.0,17,2,2022-03-01 09:21:09
1646126469792896000,108.5,4,108.5,12,109.0,17,2,2022-03-01 09:21:09
1646126474433072000,108.5,1,108.5,12,109.0,20,2,2022-03-01 09:21:14
1646126474479653000,108.5,12,108.0,19,109.0,20,2,2022-03-01 09:21:14
1646126481574264000,108.5,1,108.0,15,108.5,2,1,2022-03-01 09:21:21
1646126515045526000,108.5,1,108.0,18,108.5,6,1,2022-03-01 09:21:55
1646126517756584000,108.5,1,108.0,18,108.5,5,1,2022-03-01 09:21:57
1646126526209852000,108.0,1,108.0,17,108.5,5,2,2022-03-01 09:22:06
1646126530994804000,108.5,2,108.0,18,108.5,6,1,2022-03-01 09:22:10
1646126546891529000,108.5,1,108.0,19,108.5,11,1,2022-03-01 09:22:26
1646126600374743000,108.0,17,108.0,7,108.5,15,2,2022-03-01 09:23:20
1646126600403055000,108.0,5,108.0,2,108.5,15,2,2022-03-01 09:23:20
1646126600434615000,108.0,2,107.5,45,108.5,15,2,2022-03-01 09:23:20
1646126624567772000,107.5,1,107.5,44,108.5,21,2,2022-03-01 09:23:44
1646126635123623000,107.5,1,107.5,35,108.0,6,2,2022-03-01 09:23:55
1646126635833681000,107.5,2,107.5,33,108.0,6,2,2022-03-01 09:23:55
1646126642799401000,107.5,1,107.5,34,108.0,6,2,2022-03-01 09:24:02
1646126658638954000,108.0,2,107.5,34,108.5,24,1,2022-03-01 09:24:18
1646126659752186000,107.5,16,107.5,19,108.5,20,2,2022-03-01 09:24:19
1646126669355271000,107.5,1,107.5,19,108.0,2,2,2022-03-01 09:24:29
1646126684457676000,107.5,1,107.5,20,108.0,13,2,2022-03-01 09:24:44
1646126693210404000,107.5,1,107.5,18,108.0,20,2,2022-03-01 09:24:53
1646126698764521000,107.5,1,107.5,19,108.0,20,2,2022-03-01 09:24:58
1646126721252456000,107.5,1,107.5,24,108.0,19,2,2022-03-01 09:25:21
1646126721928284000,107.5,1,107.5,23,108.0,19,2,2022-03-01 09:25:21
1646126742171192000,107.5,1,107.5,32,108.0,19,2,2022-03-01 09:25:42
1646126748787428000,107.5,1,107.5,31,108.0,18,2,2022-03-01 09:25:48
1646126765324733000,107.5,1,107.5,26,108.0,21,2,2022-03-01 09:26:05
1646126780142386000,107.5,1,107.5,33,108.0,21,2,2022-03-01 09:26:20
1646126783578238000,107.5,1,107.5,33,108.0,21,2,2022-03-01 09:26:23
1646126792200566000,107.5,1,107.5,32,108.0,21,2,2022-03-01 09:26:32
1646126834391276000,108.0,1,107.5,30,108.0,19,1,2022-03-01 09:27:14
1646126848507686000,108.0,5,107.5,43,108.0,15,1,2022-03-01 09:27:28
1646126853105683000,107.5,1,107.5,43,108.0,15,2,2022-03-01 09:27:33
1646126859910033000,107.5,1,107.5,37,108.0,15,2,2022-03-01 09:27:39
1646126916170658000,107.5,5,107.5,47,108.0,21,2,2022-03-01 09:28:36
1646126923292707000,107.5,2,107.5,43,108.0,21,2,2022-03-01 09:28:43
1646126937467808000,107.5,2,107.5,40,108.0,21,2,2022-03-01 09:28:57
1646126937968180000,107.5,1,107.5,39,108.0,21,2,2022-03-01 09:28:57
1646126978080072000,107.5,20,107.5,22,108.0,21,2,2022-03-01 09:29:38
1646126985488548000,107.5,1,107.5,24,108.0,21,2,2022-03-01 09:29:45
1646126986235362000,108.0,1,107.5,24,108.0,20,1,2022-03-01 09:29:46
1646126992196925000,107.5,1,107.5,24,108.0,20,2,2022-03-01 09:29:52
1646127004589569000,108.0,5,107.5,25,108.0,22,1,2022-03-01 09:30:04
1646127008300048000,107.5,1,107.5,25,108.0,22,2,2022-03-01 09:30:08
1646127022686616000,108.0,1,107.5,28,108.0,21,1,2022-03-01 09:30:22
1646127025714065000,107.5,3,107.5,27,108.0,21,2,2022-03-01 09:30:25
1646127052304241000,107.5,5,107.5,24,108.0,27,2,2022-03-01 09:30:52
1646127059615213000,107.5,1,107.5,25,108.0,27,2,2022-03-01 09:30:59
1646127078705232000,108.0,1,107.5,26,108.0,27,1,2022-03-01 09:31:18
1646127113356970000,108.0,1,107.5,39,108.0,28,1,2022-03-01 09:31:53
1646127116970440000,108.0,3,107.5,39,108.0,25,1,2022-03-01 09:31:56
1646127117006088000,108.0,22,107.5,39,108.0,3,1,2022-03-01 09:31:57
1646127117040670000,108.0,3,107.5,39,108.5,24,1,2022-03-01 09:31:57
1646127155643516000,108.5,1,108.0,30,108.5,22,1,2022-03-01 09:32:35
1646127156326264000,108.5,3,108.0,30,108.5,19,1,2022-03-01 09:32:36
1646127158176853000,108.5,1,108.0,29,108.5,18,1,2022-03-01 09:32:38
1646127160578046000,108.5,1,108.0,28,108.5,25,1,2022-03-01 09:32:40
1646127162138868000,108.5,5,108.0,34,108.5,20,1,2022-03-01 09:32:42
1646127162809579000,108.5,1,108.0,34,108.5,19,1,2022-03-01 09:32:42
1646127165368640000,108.5,1,108.0,34,108.5,18,1,2022-03-01 09:32:45
1646127168129419000,108.5,1,108.0,36,108.5,17,1,2022-03-01 09:32:48
1646127168271526000,108.0,1,108.0,35,108.5,17,2,2022-03-01 09:32:48
1646127171183859000,108.5,1,108.0,35,108.5,16,1,2022-03-01 09:32:51
1646127174069348000,108.5,1,108.0,35,108.5,15,1,2022-03-01 09:32:54
1646127177266011000,108.5,4,108.0,30,108.5,11,1,2022-03-01 09:32:57
1646127177645837000,108.5,1,108.0,30,108.5,10,1,2022-03-01 09:32:57
1646127182197785000,108.5,1,108.0,30,108.5,9,1,2022-03-01 09:33:02
1646127188012535000,108.5,1,108.0,31,108.5,9,1,2022-03-01 09:33:08
1646127191788572000,108.5,1,108.0,32,108.5,8,1,2022-03-01 09:33:11
1646127191984753000,108.5,1,108.0,32,108.5,7,1,2022-03-01 09:33:11
1646127192432647000,108.5,1,108.0,32,108.5,6,1,2022-03-01 09:33:12
1646127195868927000,108.5,1,108.0,31,108.5,5,1,2022-03-01 09:33:15
1646127199188011000,108.5,1,108.0,31,108.5,5,1,2022-03-01 09:33:19
1646127199252741000,108.5,1,108.0,31,108.5,4,1,2022-03-01 09:33:19
1646127199411987000,108.5,1,108.0,31,108.5,3,1,2022-03-01 09:33:19
1646127200580315000,108.5,2,108.0,31,108.5,1,1,2022-03-01 09:33:20
1646127200882076000,108.5,1,108.0,31,109.0,74,1,2022-03-01 09:33:20
1646127202510576000,108.5,1,108.0,32,109.0,74,2,2022-03-01 09:33:22
1646127202843031000,108.5,4,108.0,31,109.0,74,2,2022-03-01 09:33:22
1646127203075752000,108.5,1,108.0,34,109.0,74,2,2022-03-01 09:33:23
1646127212161979000,108.5,10,108.5,12,109.0,82,2,2022-03-01 09:33:32
1646127212196533000,108.5,10,108.5,2,109.0,82,2,2022-03-01 09:33:32
1646127220474140000,108.5,2,108.0,18,109.0,82,2,2022-03-01 09:33:40
1646127220474140000,108.0,8,108.0,18,109.0,82,2,2022-03-01 09:33:40
1646127237707316000,108.0,1,108.0,13,108.5,22,2,2022-03-01 09:33:57
1646127237738434000,108.0,4,108.0,9,108.5,22,2,2022-03-01 09:33:57
1646127237778513000,108.0,1,108.0,8,108.5,22,2,2022-03-01 09:33:57
1646127237805641000,108.0,5,108.0,3,108.5,22,2,2022-03-01 09:33:57
1646127237805976000,108.0,1,108.0,2,108.5,22,2,2022-03-01 09:33:57
1646127237836341000,108.0,2,107.5,35,108.5,22,2,2022-03-01 09:33:57
1646127275891799000,108.0,1,107.5,35,108.0,19,1,2022-03-01 09:34:35
1646127295379686000,108.0,1,107.5,37,108.0,20,1,2022-03-01 09:34:55
1646127295416215000,107.5,1,107.5,36,108.0,20,2,2022-03-01 09:34:55
1646127300960925000,107.5,1,107.5,35,108.0,20,2,2022-03-01 09:35:00
1646127310713199000,107.5,2,107.5,33,108.0,20,2,2022-03-01 09:35:10
1646127310749101000,107.5,1,107.5,32,108.0,20,2,2022-03-01 09:35:10
1646127319943734000,107.5,1,107.5,30,108.0,21,2,2022-03-01 09:35:19
1646127335120699000,108.0,1,107.5,31,108.0,17,1,2022-03-01 09:35:35
1646127345862746000,108.0,3,107.5,32,108.0,15,1,2022-03-01 09:35:45
1646127354206169000,108.0,1,107.5,33,108.0,14,1,2022-03-01 09:35:54
1646127379964520000,108.0,1,107.5,31,108.0,18,1,2022-03-01 09:36:19
1646127385375692000,108.0,2,107.5,31,108.0,16,1,2022-03-01 09:36:25
1646127396726413000,108.0,1,107.5,33,108.0,23,1,2022-03-01 09:36:36
1646127417089011000,108.0,24,107.5,35,108.0,3,1,2022-03-01 09:36:57
1646127417117340000,108.0,3,107.5,35,108.5,20,1,2022-03-01 09:36:57
1646127419843054000,108.0,1,107.5,37,108.5,28,2,2022-03-01 09:36:59
1646127423132745000,108.0,1,107.5,37,108.5,28,2,2022-03-01 09:37:03
1646127425985912000,108.0,1,107.5,37,108.5,28,1,2022-03-01 09:37:05
1646127426027232000,108.0,1,107.5,36,108.5,28,2,2022-03-01 09:37:06
1646127434067126000,108.0,1,107.5,36,108.5,28,2,2022-03-01 09:37:14
1646127434098542000,107.5,1,107.5,35,108.5,28,2,2022-03-01 09:37:14
1646127444853760000,107.5,1,107.5,36,108.5,28,2,2022-03-01 09:37:24
1646127464459544000,108.0,1,107.5,38,108.5,23,1,2022-03-01 09:37:44
1646127470078057000,108.0,2,107.5,38,108.5,23,2,2022-03-01 09:37:50
1646127511545368000,108.0,1,108.0,12,108.5,22,2,2022-03-01 09:38:31
1646127511576969000,108.0,1,108.0,11,108.5,22,2,2022-03-01 09:38:31
1646127534313365000,108.0,1,108.0,12,108.5,18,2,2022-03-01 09:38:54
1646127552081640000,108.5,18,108.0,19,109.0,75,1,2022-03-01 09:39:12
1646127552081640000,109.0,2,108.0,19,109.0,75,1,2022-03-01 09:39:12
1646127569671319000,109.0,1,108.5,15,109.0,82,1,2022-03-01 09:39:29
1646127581024074000,108.5,1,108.5,18,109.0,82,2,2022-03-01 09:39:41
1646127586395296000,108.5,1,108.5,11,109.0,88,2,2022-03-01 09:39:46
1646127586430920000,108.5,1,108.5,10,109.0,88,2,2022-03-01 09:39:46
1646127586463392000,108.5,3,108.5,7,109.0,88,2,2022-03-01 09:39:46
1646127590938819000,108.5,1,108.5,8,109.0,87,2,2022-03-01 09:39:50
1646127595684196000,108.5,1,108.5,8,109.0,87,2,2022-03-01 09:39:55
1646127598292966000,108.5,10,108.0,33,109.0,87,2,2022-03-01 09:39:58
1646127599541513000,108.5,5,108.0,36,109.0,87,1,2022-03-01 09:39:59
1646127614834047000,108.5,1,108.0,27,108.5,11,1,2022-03-01 09:40:14
1646127652785691000,108.5,1,108.0,29,108.5,11,1,2022-03-01 09:40:52
1646127656457446000,108.5,1,108.0,29,108.5,10,1,2022-03-01 09:40:56
1646127657261155000,108.5,2,108.0,29,108.5,8,1,2022-03-01 09:40:57
1646127660331089000,108.5,2,108.0,30,108.5,6,1,2022-03-01 09:41:00
1646127672505690000,108.5,3,108.0,29,108.5,9,1,2022-03-01 09:41:12
1646127674357441000,108.5,1,108.0,29,108.5,8,1,2022-03-01 09:41:14
1646127682710916000,108.5,1,108.0,30,108.5,15,1,2022-03-01 09:41:22
1646127683741577000,108.0,3,108.0,27,108.5,15,2,2022-03-01 09:41:23
1646127704110526000,108.5,1,108.0,29,108.5,11,1,2022-03-01 09:41:44
1646127716996044000,108.5,1,108.0,30,108.5,11,1,2022-03-01 09:41:56
1646127722228178000,108.0,7,108.0,24,108.5,11,2,2022-03-01 09:42:02
1646127728128590000,108.5,1,108.0,26,108.5,11,1,2022-03-01 09:42:08
1646127741902400000,108.0,1,108.0,25,108.5,15,2,2022-03-01 09:42:21
1646127754082278000,108.0,1,108.0,28,108.5,18,2,2022-03-01 09:42:34
1646127807994630000,108.0,3,108.0,30,108.5,21,2,2022-03-01 09:43:27
1646127813813677000,108.0,1,108.0,30,108.5,21,2,2022-03-01 09:43:33
1646127822195978000,108.0,1,108.0,29,108.5,21,2,2022-03-01 09:43:42
1646127851473940000,108.0,1,108.0,38,108.5,31,2,2022-03-01 09:44:11
1646127871093502000,108.0,1,108.0,42,108.5,31,2,2022-03-01 09:44:31
1646127898827996000,108.5,2,108.0,42,108.5,28,1,2022-03-01 09:44:58
1646127902931918000,108.5,2,108.0,42,108.5,27,1,2022-03-01 09:45:02
1646127906508290000,108.5,1,108.0,42,108.5,25,1,2022-03-01 09:45:06
1646127911526300000,108.5,1,108.0,42,108.5,24,1,2022-03-01 09:45:11
1646127915373644000,108.5,1,108.0,42,108.5,24,1,2022-03-01 09:45:15
1646127919860050000,108.5,2,108.0,45,108.5,22,1,2022-03-01 09:45:19
1646127919884215000,108.5,1,108.0,45,108.5,21,1,2022-03-01 09:45:19
1646127919932783000,108.5,1,108.0,45,108.5,20,1,2022-03-01 09:45:19
1646127919961233000,108.5,15,108.0,45,108.5,5,1,2022-03-01 09:45:19
1646127919993499000,108.5,2,108.0,45,108.5,3,1,2022-03-01 09:45:19
1646127919993817000,108.5,3,108.0,45,109.0,66,1,2022-03-01 09:45:19
1646127923425471000,108.5,1,108.0,46,109.0,66,2,2022-03-01 09:45:23
1646127925053623000,108.5,2,108.5,4,109.0,66,2,2022-03-01 09:45:25
1646127927924045000,108.5,1,108.5,7,109.0,66,2,2022-03-01 09:45:27
1646127929028218000,108.5,1,108.5,7,109.0,66,2,2022-03-01 09:45:29
1646128038671408000,108.5,5,108.5,28,109.0,65,2,2022-03-01 09:47:18
1646128046804562000,108.5,1,108.5,24,109.0,65,2,2022-03-01 09:47:26
1646128057692979000,108.5,3,108.5,21,109.0,65,2,2022-03-01 09:47:37
1646128075083010000,108.5,1,108.5,20,109.0,65,2,2022-03-01 09:47:55
1646128078296528000,108.5,20,108.0,72,108.5,1,2,2022-03-01 09:47:58
1646128095404159000,108.5,1,108.0,72,108.5,6,1,2022-03-01 09:48:15
1646128099546240000,108.5,1,108.0,72,108.5,5,1,2022-03-01 09:48:19
1646128106950882000,108.5,2,108.0,73,108.5,3,1,2022-03-01 09:48:26
1646128110563651000,108.5,1,108.0,73,108.5,2,1,2022-03-01 09:48:30
1646128110741765000,108.5,1,108.0,73,108.5,1,1,2022-03-01 09:48:30
1646128111314922000,108.5,1,108.0,73,109.0,67,1,2022-03-01 09:48:31
1646128139395139000,108.5,1,108.5,6,109.0,69,2,2022-03-01 09:48:59
1646128167692967000,108.5,1,108.5,7,109.0,70,2,2022-03-01 09:49:27
1646128175023896000,108.5,1,108.5,8,109.0,70,2,2022-03-01 09:49:35
1646128186426652000,108.5,2,108.5,5,109.0,78,2,2022-03-01 09:49:46
1646128192570120000,108.5,1,108.5,4,109.0,78,2,2022-03-01 09:49:52
1646128192598696000,108.5,4,108.0,74,109.0,78,2,2022-03-01 09:49:52
1646128204871521000,108.5,1,108.0,74,109.0,78,2,2022-03-01 09:50:04
1646128214174791000,108.0,1,108.0,73,108.5,12,2,2022-03-01 09:50:14
1646128236713799000,108.5,1,108.0,72,108.5,13,1,2022-03-01 09:50:36
1646128326648882000,108.5,10,108.0,74,108.5,9,1,2022-03-01 09:52:06
1646128330833454000,108.5,1,108.0,75,108.5,16,1,2022-03-01 09:52:10
1646128331392078000,108.5,1,108.0,75,108.5,15,1,2022-03-01 09:52:11
1646128332110941000,108.5,1,108.0,75,108.5,14,1,2022-03-01 09:52:12
1646128332312674000,108.5,1,108.0,75,108.5,13,1,2022-03-01 09:52:12
1646128353725788000,108.5,1,108.0,76,108.5,14,1,2022-03-01 09:52:33
1646128355685990000,108.5,1,108.0,76,108.5,13,1,2022-03-01 09:52:35
1646128439026925000,108.5,10,108.0,77,108.5,5,1,2022-03-01 09:53:59
1646128457253473000,108.5,1,108.0,77,108.5,14,1,2022-03-01 09:54:17
1646128461484613000,108.5,1,108.0,77,108.5,13,1,2022-03-01 09:54:21
1646128466205803000,108.5,1,108.0,78,108.5,13,1,2022-03-01 09:54:26
1646128468498425000,108.5,1,108.0,78,108.5,12,1,2022-03-01 09:54:28
1646128470759842000,108.5,12,108.0,82,109.0,81,1,2022-03-01 09:54:30
1646128477529857000,108.5,1,108.0,83,109.0,92,2,2022-03-01 09:54:37
1646128478119664000,108.5,1,108.0,82,109.0,89,2,2022-03-01 09:54:38
1646128479337243000,108.5,1,108.0,82,109.0,89,2,2022-03-01 09:54:39
1646128481994926000,108.5,1,108.5,1,109.0,89,2,2022-03-01 09:54:41
1646128481996070000,108.5,1,108.0,82,109.0,89,2,2022-03-01 09:54:41
1646128489007987000,108.5,1,108.0,82,109.0,89,2,2022-03-01 09:54:49
1646128491417250000,108.5,2,108.0,81,109.0,90,2,2022-03-01 09:54:51
1646128491450334000,108.0,4,108.0,77,109.0,90,2,2022-03-01 09:54:51
1646128508910286000,108.0,25,108.0,53,108.5,13,2,2022-03-01 09:55:08
1646128508944944000,108.0,53,107.5,56,108.5,15,2,2022-03-01 09:55:08
1646128509856213000,108.0,1,107.5,56,108.5,20,1,2022-03-01 09:55:09
1646128516248041000,107.5,1,107.5,55,108.5,20,2,2022-03-01 09:55:16
1646128524987689000,107.5,1,107.5,53,108.0,1,2,2022-03-01 09:55:24
1646128534062380000,107.5,1,107.5,51,108.0,10,2,2022-03-01 09:55:34
1646128559958130000,107.5,1,107.5,55,108.0,13,2,2022-03-01 09:55:59
1646128569053209000,107.5,10,107.5,44,108.0,15,2,2022-03-01 09:56:09
1646128569090366000,107.5,1,107.5,43,108.0,15,2,2022-03-01 09:56:09
1646128569090383000,107.5,1,107.5,42,108.0,15,2,2022-03-01 09:56:09
1646128574921536000,107.5,1,107.5,44,108.0,15,2,2022-03-01 09:56:14
1646128583033725000,107.5,3,107.5,41,108.0,15,2,2022-03-01 09:56:23
1646128585936335000,107.5,1,107.5,39,108.0,15,2,2022-03-01 09:56:25
1646128673201608000,108.0,1,107.5,43,108.0,17,1,2022-03-01 09:57:53
1646128705608826000,108.0,1,107.5,45,108.0,13,1,2022-03-01 09:58:25
1646128720375680000,108.0,10,107.5,45,108.0,4,1,2022-03-01 09:58:40
1646128720417894000,108.0,4,107.5,45,108.5,25,1,2022-03-01 09:58:40
1646128733653334000,108.0,1,107.5,45,108.5,32,2,2022-03-01 09:58:53
1646128735966385000,108.0,1,107.5,45,108.5,31,1,2022-03-01 09:58:55
1646128739663957000,108.0,1,107.5,44,108.5,33,2,2022-03-01 09:58:59
1646128754293599000,108.0,1,107.5,45,108.5,32,2,2022-03-01 09:59:14
1646128785827023000,108.0,1,107.5,44,108.0,8,1,2022-03-01 09:59:45
1646128792523129000,107.5,1,107.5,43,108.0,8,2,2022-03-01 09:59:52
1646128804580864000,107.5,1,107.5,42,108.0,16,2,2022-03-01 10:00:04
1646128827943480000,107.5,1,107.5,41,108.0,20,2,2022-03-01 10:00:27
1646128845237204000,107.5,1,107.5,39,108.0,18,2,2022-03-01 10:00:45
1646128852848238000,107.5,1,107.5,38,108.0,18,2,2022-03-01 10:00:52
1646128858126385000,108.0,1,107.5,38,108.0,17,1,2022-03-01 10:00:58
1646128858718768000,108.0,2,107.5,38,108.0,15,1,2022-03-01 10:00:58
1646128860209724000,107.5,5,107.5,33,108.0,15,2,2022-03-01 10:01:00
1646128863885240000,107.5,1,107.5,33,108.0,16,2,2022-03-01 10:01:03
1646128864620169000,107.5,1,107.5,32,108.0,16,2,2022-03-01 10:01:04
1646128890808344000,107.5,1,107.5,34,108.0,20,2,2022-03-01 10:01:30
1646128890902179000,107.5,1,107.5,33,108.0,19,2,2022-03-01 10:01:30
1646128891527598000,107.5,1,107.5,32,108.0,18,2,2022-03-01 10:01:31
1646128894534568000,107.5,1,107.5,31,108.0,18,2,2022-03-01 10:01:34
1646128926949100000,107.5,1,107.5,31,108.0,18,2,2022-03-01 10:02:06
1646128927665787000,107.5,1,107.5,30,108.0,18,2,2022-03-01 10:02:07
1646128946590080000,107.5,1,107.5,30,108.0,18,2,2022-03-01 10:02:26
1646128972801829000,107.5,1,107.5,32,108.0,18,2,2022-03-01 10:02:52
1646128973570743000,107.5,1,107.5,31,108.0,18,2,2022-03-01 10:02:53
1646128979974236000,108.0,1,107.5,32,108.0,17,1,2022-03-01 10:02:59
1646128989790165000,107.5,1,107.5,32,108.0,17,2,2022-03-01 10:03:09
1646128990508476000,107.5,1,107.5,31,108.0,17,2,2022-03-01 10:03:10
1646129052778043000,107.5,1,107.5,39,108.0,15,2,2022-03-01 10:04:12
1646129053496489000,107.5,1,107.5,38,108.0,15,2,2022-03-01 10:04:13
1646129087657339000,108.0,5,107.5,36,108.0,10,1,2022-03-01 10:04:47
1646129089777331000,108.0,1,107.5,36,108.0,9,1,2022-03-01 10:04:49
1646129108665210000,108.0,1,107.5,37,108.0,10,1,2022-03-01 10:05:08
1646129115766971000,107.5,1,107.5,36,108.0,10,2,2022-03-01 10:05:15
1646129116485719000,107.5,1,107.5,35,108.0,10,2,2022-03-01 10:05:16
1646129118901989000,108.0,5,107.5,37,108.0,5,1,2022-03-01 10:05:18
1646129126694357000,108.0,4,107.5,38,108.0,1,1,2022-03-01 10:05:26
1646129127222366000,108.0,1,107.5,38,108.5,37,1,2022-03-01 10:05:27
1646129129396353000,108.0,1,107.5,38,108.5,37,2,2022-03-01 10:05:29
1646129146676471000,108.0,3,107.5,37,108.5,37,2,2022-03-01 10:05:46
1646129159882385000,108.0,1,107.5,39,108.5,38,1,2022-03-01 10:05:59
1646129164628264000,108.0,5,107.5,39,108.5,38,2,2022-03-01 10:06:04
1646129178754291000,108.0,1,108.0,1,108.5,38,2,2022-03-01 10:06:18
1646129178782937000,108.0,1,107.5,41,108.5,38,2,2022-03-01 10:06:18
1646129178814234000,107.5,6,107.5,35,108.5,38,2,2022-03-01 10:06:18
1646129204893628000,108.0,1,107.5,39,108.0,2,1,2022-03-01 10:06:44
1646129236808211000,108.0,1,107.5,40,108.0,11,1,2022-03-01 10:07:16
1646129241833348000,107.5,1,107.5,39,108.0,11,2,2022-03-01 10:07:21
1646129242556987000,107.5,1,107.5,38,108.0,11,2,2022-03-01 10:07:22
1646129254974378000,107.5,16,107.5,22,108.0,11,2,2022-03-01 10:07:34
1646129255011354000,107.5,4,107.5,18,108.0,11,2,2022-03-01 10:07:35
1646129261854696000,107.5,2,107.5,16,108.0,12,2,2022-03-01 10:07:41
1646129271362916000,107.5,16,107.0,108,108.0,17,2,2022-03-01 10:07:51
1646129282313982000,107.5,1,107.0,103,107.5,10,1,2022-03-01 10:08:02
1646129286117416000,107.5,1,107.0,105,107.5,9,1,2022-03-01 10:08:06
1646129293734810000,107.5,1,107.0,104,107.5,12,1,2022-03-01 10:08:13
1646129295863556000,107.5,1,107.0,104,107.5,11,1,2022-03-01 10:08:15
1646129298493345000,107.5,1,107.0,104,107.5,14,1,2022-03-01 10:08:18
1646129304954556000,107.0,1,107.0,103,107.5,15,2,2022-03-01 10:08:24
1646129305673807000,107.0,1,107.0,102,107.5,15,2,2022-03-01 10:08:25
1646129305715334000,107.0,2,107.0,95,107.5,17,2,2022-03-01 10:08:25
1646129306343156000,107.5,1,107.0,95,107.5,16,1,2022-03-01 10:08:26
1646129309258840000,107.5,5,107.0,95,107.5,13,1,2022-03-01 10:08:29
1646129312909952000,107.5,1,107.0,102,107.5,12,1,2022-03-01 10:08:32
1646129314807142000,107.5,1,107.0,103,107.5,7,1,2022-03-01 10:08:34
1646129315969739000,107.5,1,107.0,103,107.5,6,1,2022-03-01 10:08:35
1646129319835177000,107.5,1,107.0,103,107.5,9,1,2022-03-01 10:08:39
1646129328271108000,107.0,1,107.0,103,107.5,4,2,2022-03-01 10:08:48
1646129330578130000,107.5,1,107.0,96,107.5,9,1,2022-03-01 10:08:50
1646129340617009000,107.5,2,107.0,99,107.5,7,1,2022-03-01 10:09:00
1646129340694265000,107.5,1,107.0,106,107.5,2,1,2022-03-01 10:09:00
1646129358203398000,107.5,1,107.0,106,107.5,5,1,2022-03-01 10:09:18
1646129366784980000,107.5,2,107.0,108,108.0,24,2,2022-03-01 10:09:26
1646129368045068000,107.5,1,107.0,108,108.0,24,1,2022-03-01 10:09:28
1646129368760188000,107.5,1,107.0,108,108.0,22,1,2022-03-01 10:09:28
1646129374227078000,107.5,1,107.0,108,108.0,22,1,2022-03-01 10:09:34
1646129403491109000,107.5,1,107.5,4,108.0,25,2,2022-03-01 10:10:03
1646129403507837000,107.5,1,107.5,3,108.0,25,2,2022-03-01 10:10:03
1646129403538012000,107.5,3,107.0,100,108.0,25,2,2022-03-01 10:10:03
1646129418358615000,107.0,1,107.0,99,107.5,7,2,2022-03-01 10:10:18
1646129436098142000,107.0,2,107.0,96,107.5,19,2,2022-03-01 10:10:36
1646129436123709000,107.0,1,107.0,95,107.5,19,2,2022-03-01 10:10:36
1646129477310840000,107.0,1,107.0,94,107.5,24,2,2022-03-01 10:11:17
1646129486772830000,107.5,1,107.0,94,107.5,23,1,2022-03-01 10:11:26
1646129494117212000,107.0,1,107.0,94,107.5,23,2,2022-03-01 10:11:34
1646129494837064000,107.0,1,107.0,93,107.5,23,2,2022-03-01 10:11:34
1646129495765170000,107.0,12,107.0,81,107.5,24,2,2022-03-01 10:11:35
1646129495793137000,107.0,21,107.0,60,107.5,24,2,2022-03-01 10:11:35
1646129495813373000,107.0,47,107.0,13,107.5,24,2,2022-03-01 10:11:35
1646129495816602000,107.0,12,107.0,1,107.5,24,2,2022-03-01 10:11:35
1646129495833552000,107.0,1,106.5,96,107.5,24,2,2022-03-01 10:11:35
1646129495854528000,106.5,1,106.5,90,107.0,2,2,2022-03-01 10:11:35
1646129507111722000,106.5,1,106.5,93,107.0,15,2,2022-03-01 10:11:47
1646129507116235000,106.5,5,106.5,88,107.0,15,2,2022-03-01 10:11:47
1646129509565862000,106.5,1,106.5,87,107.0,17,2,2022-03-01 10:11:49
1646129510095595000,106.5,1,106.5,86,107.0,17,2,2022-03-01 10:11:50
1646129510978950000,106.5,2,106.5,83,107.0,17,2,2022-03-01 10:11:50
1646129513247625000,106.5,2,106.5,80,107.0,17,2,2022-03-01 10:11:53
1646129514574812000,106.5,1,106.5,79,107.0,17,2,2022-03-01 10:11:54
1646129516222319000,106.5,1,106.5,78,107.0,22,2,2022-03-01 10:11:56
1646129517231641000,106.5,7,106.5,71,107.0,22,2,2022-03-01 10:11:57
1646129518825248000,106.5,5,106.5,66,107.0,24,2,2022-03-01 10:11:58
1646129521051274000,106.5,1,106.5,65,107.0,30,2,2022-03-01 10:12:01
1646129521714061000,106.5,1,106.5,64,107.0,30,2,2022-03-01 10:12:01
1646129521754899000,106.5,1,106.5,63,107.0,30,2,2022-03-01 10:12:01
1646129521771929000,106.5,12,106.5,51,107.0,30,2,2022-03-01 10:12:01
1646129523340454000,106.5,1,106.5,50,107.0,32,2,2022-03-01 10:12:03
1646129523372331000,106.5,10,106.5,40,107.0,32,2,2022-03-01 10:12:03
1646129523406740000,106.5,5,106.5,35,107.0,32,2,2022-03-01 10:12:03
1646129523438651000,106.5,1,106.5,34,107.0,32,2,2022-03-01 10:12:03
1646129523769135000,106.5,1,106.5,33,107.0,32,2,2022-03-01 10:12:03
1646129524155193000,106.5,1,106.5,32,107.0,34,2,2022-03-01 10:12:04
1646129524185441000,106.5,2,106.5,30,107.0,34,2,2022-03-01 10:12:04
1646129524449819000,106.5,3,106.5,29,107.0,31,2,2022-03-01 10:12:04
1646129524607782000,106.5,1,106.5,28,107.0,31,2,2022-03-01 10:12:04
1646129524754359000,106.5,1,106.5,27,107.0,31,2,2022-03-01 10:12:04
1646129525547695000,106.5,1,106.5,29,107.0,31,2,2022-03-01 10:12:05
1646129525594253000,106.5,1,106.5,28,107.0,30,2,2022-03-01 10:12:05
1646129526239283000,106.5,1,106.5,27,107.0,30,2,2022-03-01 10:12:06
1646129526391853000,106.5,2,106.5,23,107.0,30,2,2022-03-01 10:12:06
1646129526808134000,106.5,1,106.5,22,107.0,30,2,2022-03-01 10:12:06
1646129527090976000,106.5,1,106.5,21,107.0,30,2,2022-03-01 10:12:07
1646129527682465000,106.5,1,106.5,20,107.0,29,2,2022-03-01 10:12:07
1646129528372971000,106.5,2,106.5,18,107.0,29,2,2022-03-01 10:12:08
1646129528676105000,106.5,4,106.5,15,107.0,29,2,2022-03-01 10:12:08
1646129529118784000,106.5,1,106.5,14,107.0,29,2,2022-03-01 10:12:09
1646129529490432000,106.5,1,106.5,13,107.0,29,2,2022-03-01 10:12:09
1646129529523809000,106.5,1,106.5,12,107.0,29,2,2022-03-01 10:12:09
1646129529594611000,106.5,1,106.5,11,107.0,28,2,2022-03-01 10:12:09
1646129529612594000,106.5,2,106.5,9,107.0,28,2,2022-03-01 10:12:09
1646129529665143000,106.5,1,106.5,8,107.0,28,2,2022-03-01 10:12:09
1646129529836621000,106.5,1,106.5,7,107.0,28,2,2022-03-01 10:12:09
1646129530126761000,106.5,1,106.5,8,107.0,28,2,2022-03-01 10:12:10
1646129531218150000,106.5,2,106.5,8,107.0,28,2,2022-03-01 10:12:11
1646129531343399000,106.5,1,106.5,7,107.0,28,2,2022-03-01 10:12:11
1646129532758978000,106.5,5,106.5,2,107.0,29,2,2022-03-01 10:12:12
1646129533534683000,106.5,2,106.0,99,106.5,3,2,2022-03-01 10:12:13
1646129533568225000,106.5,3,106.0,99,107.0,28,1,2022-03-01 10:12:13
1646129534090020000,106.5,2,106.0,99,107.0,21,1,2022-03-01 10:12:14
1646129539020156000,106.5,1,106.0,101,106.5,4,1,2022-03-01 10:12:19
1646129539058626000,106.5,4,106.0,101,107.0,21,1,2022-03-01 10:12:19
1646129557022743000,106.5,1,106.5,34,107.0,22,2,2022-03-01 10:12:37
1646129557739945000,106.5,1,106.5,33,107.0,22,2,2022-03-01 10:12:37
1646129567598814000,106.5,1,106.5,38,107.0,25,2,2022-03-01 10:12:47
1646129579237056000,106.5,1,106.5,40,107.0,25,2,2022-03-01 10:12:59
1646129591367829000,106.5,4,106.5,37,107.0,26,2,2022-03-01 10:13:11
1646129595482895000,107.0,13,106.5,42,107.0,13,1,2022-03-01 10:13:15
1646129595514094000,107.0,13,106.5,42,107.5,20,1,2022-03-01 10:13:15
1646129600368832000,107.0,1,107.0,5,107.5,22,2,2022-03-01 10:13:20
1646129605539887000,107.0,1,107.0,5,107.5,17,2,2022-03-01 10:13:25
1646129605915031000,107.0,1,107.0,4,107.5,17,2,2022-03-01 10:13:25
1646129610640094000,107.0,2,107.0,4,107.5,17,2,2022-03-01 10:13:30
1646129611473106000,107.0,1,107.0,4,107.5,17,2,2022-03-01 10:13:31
1646129616746426000,107.0,1,106.5,46,107.5,18,1,2022-03-01 10:13:36
1646129621948304000,107.0,1,106.5,56,107.0,11,1,2022-03-01 10:13:41
1646129633130994000,107.0,1,106.5,47,107.0,18,1,2022-03-01 10:13:53
1646129644391374000,107.0,2,106.5,51,107.0,16,1,2022-03-01 10:14:04
1646129682963823000,106.5,1,106.5,51,107.0,18,2,2022-03-01 10:14:42
1646129683682300000,106.5,1,106.5,50,107.0,18,2,2022-03-01 10:14:43
1646129701266367000,106.5,3,106.5,43,107.0,23,2,2022-03-01 10:15:01
1646129709866535000,106.5,1,106.5,41,107.0,22,2,2022-03-01 10:15:09
1646129710569669000,106.5,1,106.5,40,107.0,46,2,2022-03-01 10:15:10
1646129718654552000,106.5,1,106.5,35,107.0,47,2,2022-03-01 10:15:18
1646129720488358000,106.5,2,106.5,33,107.0,47,2,2022-03-01 10:15:20
1646129721681453000,106.5,1,106.5,32,107.0,47,2,2022-03-01 10:15:21
1646129722088056000,106.5,2,106.5,32,107.0,47,2,2022-03-01 10:15:22
1646129722399482000,106.5,3,106.5,30,107.0,47,2,2022-03-01 10:15:22
1646129725228601000,106.5,1,106.5,29,107.0,47,2,2022-03-01 10:15:25
1646129725656846000,106.5,1,106.5,28,107.0,48,2,2022-03-01 10:15:25
1646129726854959000,106.5,2,106.5,26,107.0,49,2,2022-03-01 10:15:26
1646129729586507000,106.5,1,106.5,24,107.0,49,2,2022-03-01 10:15:29
1646129730833812000,106.5,3,106.5,21,107.0,49,2,2022-03-01 10:15:30
1646129732916545000,106.5,3,106.5,18,107.0,49,2,2022-03-01 10:15:32
1646129733444902000,106.5,1,106.5,17,107.0,49,2,2022-03-01 10:15:33
1646129735260510000,106.5,2,106.5,15,107.0,49,2,2022-03-01 10:15:35
1646129735790937000,106.5,1,106.5,14,107.0,49,2,2022-03-01 10:15:35
1646129735947816000,106.5,1,106.5,13,107.0,49,2,2022-03-01 10:15:35
1646129736101246000,106.5,1,106.5,12,107.0,49,2,2022-03-01 10:15:36
1646129736422962000,106.5,1,106.5,11,107.0,49,2,2022-03-01 10:15:36
1646129736960170000,106.5,1,106.5,10,107.0,49,2,2022-03-01 10:15:36
1646129737061182000,106.5,1,106.5,9,107.0,48,2,2022-03-01 10:15:37
1646129737286277000,106.5,1,106.5,8,107.0,48,2,2022-03-01 10:15:37
1646129737715715000,106.5,6,106.5,2,107.0,48,2,2022-03-01 10:15:37
1646129738560205000,106.5,1,106.5,1,107.0,47,2,2022-03-01 10:15:38
1646129738656839000,106.5,1,106.0,107,107.0,47,2,2022-03-01 10:15:38
1646129739479517000,106.5,2,106.0,102,107.0,48,2,2022-03-01 10:15:39
1646129740456874000,106.5,2,106.0,102,107.0,48,1,2022-03-01 10:15:40
1646129742659363000,106.5,1,106.0,103,107.0,48,1,2022-03-01 10:15:42
1646129751082404000,106.5,1,106.0,103,106.5,1,1,2022-03-01 10:15:51
1646129751108266000,106.5,1,106.0,103,107.0,50,1,2022-03-01 10:15:51
1646129757593565000,106.5,2,106.5,2,107.0,44,2,2022-03-01 10:15:57
1646129758714702000,106.5,2,106.0,102,107.0,44,2,2022-03-01 10:15:58
1646129758714702000,106.0,1,106.0,102,107.0,44,2,2022-03-01 10:15:58
1646129758766243000,106.0,3,106.0,99,107.0,48,2,2022-03-01 10:15:58
1646129764003192000,106.5,1,106.0,100,106.5,9,2,2022-03-01 10:16:04
1646129764386807000,106.0,2,106.0,98,106.5,9,2,2022-03-01 10:16:04
1646129764411397000,106.0,4,106.0,94,106.5,9,2,2022-03-01 10:16:04
1646129771676098000,106.0,1,106.0,94,106.5,19,2,2022-03-01 10:16:11
1646129773486193000,106.0,1,106.0,98,106.5,15,2,2022-03-01 10:16:13
1646129777903944000,106.0,1,106.0,99,106.5,17,2,2022-03-01 10:16:17
1646129779030880000,106.0,1,106.0,98,106.5,17,2,2022-03-01 10:16:19
1646129779456220000,106.0,1,106.0,97,106.5,17,2,2022-03-01 10:16:19
1646129786695890000,106.0,1,106.0,97,106.5,21,2,2022-03-01 10:16:26
1646129789929459000,106.0,80,106.0,18,106.5,21,2,2022-03-01 10:16:29
1646129791920289000,106.0,5,106.0,14,106.5,28,2,2022-03-01 10:16:31
1646129792024821000,106.0,2,106.0,12,106.5,28,2,2022-03-01 10:16:32
1646129792492580000,106.0,2,106.0,10,106.5,28,2,2022-03-01 10:16:32
1646129792567476000,106.0,1,106.0,9,106.5,28,2,2022-03-01 10:16:32
1646129792675025000,106.0,5,106.0,4,106.5,28,2,2022-03-01 10:16:32
1646129793094775000,106.0,1,106.0,3,106.5,28,2,2022-03-01 10:16:33
1646129793290567000,106.0,1,106.0,2,106.5,28,2,2022-03-01 10:16:33
1646129793371556000,106.0,1,106.0,1,106.5,28,2,2022-03-01 10:16:33
1646129793412367000,106.0,1,105.5,72,106.5,28,2,2022-03-01 10:16:33
1646129802620104000,106.0,12,105.5,70,106.5,26,1,2022-03-01 10:16:42
1646129803222105000,105.5,3,105.5,67,106.5,22,2,2022-03-01 10:16:43
1646129803256157000,105.5,1,105.5,66,106.5,26,2,2022-03-01 10:16:43
1646129803474089000,105.5,1,105.5,65,106.5,26,2,2022-03-01 10:16:43
1646129805973465000,106.0,1,105.5,65,106.5,27,2,2022-03-01 10:16:45
1646129806854371000,106.0,1,105.5,69,106.5,24,2,2022-03-01 10:16:46
1646129808942373000,106.0,1,106.0,1,106.5,24,2,2022-03-01 10:16:48
1646129809660885000,106.0,1,105.5,69,106.5,24,2,2022-03-01 10:16:49
1646129810502251000,106.0,1,105.5,69,106.5,23,1,2022-03-01 10:16:50
1646129813882796000,106.0,1,105.5,73,106.5,26,1,2022-03-01 10:16:53
1646129814093798000,106.0,5,105.5,73,106.5,26,1,2022-03-01 10:16:54
1646129814413036000,106.0,1,105.5,73,106.5,25,1,2022-03-01 10:16:54
1646129814933123000,106.0,1,105.5,73,106.0,1,2,2022-03-01 10:16:54
1646129814962630000,106.0,1,105.5,73,106.5,24,1,2022-03-01 10:16:54
1646129817356891000,106.0,1,105.5,74,106.5,25,2,2022-03-01 10:16:57
1646129820986392000,106.0,9,106.0,4,106.5,15,2,2022-03-01 10:17:00
1646129824286675000,106.0,1,106.0,15,106.5,15,2,2022-03-01 10:17:04
1646129826565813000,106.0,1,106.0,17,106.5,15,2,2022-03-01 10:17:06
1646129829849190000,106.0,1,106.0,20,106.5,15,2,2022-03-01 10:17:09
1646129830208918000,106.0,1,106.0,19,106.5,15,2,2022-03-01 10:17:10
1646129836478679000,106.0,1,106.0,19,106.5,16,2,2022-03-01 10:17:16
1646129839410336000,106.0,2,106.0,13,106.5,18,2,2022-03-01 10:17:19
1646129850501941000,106.5,1,106.0,26,106.5,17,1,2022-03-01 10:17:30
1646129862450718000,106.5,2,106.0,29,106.5,17,1,2022-03-01 10:17:42
1646129862579887000,106.5,1,106.0,29,106.5,16,1,2022-03-01 10:17:42
1646129862602020000,106.5,12,106.0,29,106.5,4,1,2022-03-01 10:17:42
1646129862621478000,106.5,4,106.0,29,107.0,23,1,2022-03-01 10:17:42
1646129864742828000,106.0,1,106.0,34,107.0,24,2,2022-03-01 10:17:44
1646129872110918000,106.5,1,106.5,13,107.0,23,2,2022-03-01 10:17:52
1646129872830494000,106.5,1,106.5,12,107.0,23,2,2022-03-01 10:17:52
1646129873126106000,106.5,12,106.0,23,107.0,23,2,2022-03-01 10:17:53
1646129873126106000,106.0,18,106.0,23,107.0,23,2,2022-03-01 10:17:53
1646129877670762000,106.5,1,106.0,18,106.5,4,2,2022-03-01 10:17:57
1646129892511456000,106.0,1,106.0,25,106.5,8,2,2022-03-01 10:18:12
1646129909496964000,106.0,1,106.0,29,106.5,48,2,2022-03-01 10:18:29
1646129919072875000,106.0,1,106.0,31,106.5,77,2,2022-03-01 10:18:39
1646129920697143000,106.0,2,106.0,29,106.5,77,2,2022-03-01 10:18:40
1646129920730262000,106.0,1,106.0,28,106.5,77,2,2022-03-01 10:18:40
1646129920832761000,106.0,1,106.0,27,106.5,77,2,2022-03-01 10:18:40
1646129921314389000,106.0,4,106.0,23,106.5,77,2,2022-03-01 10:18:41
1646129922131243000,106.0,1,106.0,23,106.5,77,2,2022-03-01 10:18:42
1646129924618291000,106.0,1,106.0,17,106.5,86,2,2022-03-01 10:18:44
1646129924999470000,106.0,1,106.0,17,106.5,86,2,2022-03-01 10:18:44
1646129925478192000,106.0,6,106.0,11,106.5,86,2,2022-03-01 10:18:45
1646129926353860000,106.0,1,106.0,10,106.5,86,2,2022-03-01 10:18:46
1646129926456845000,106.0,2,106.0,8,106.5,86,2,2022-03-01 10:18:46
1646129928131727000,106.0,1,106.0,7,106.5,87,2,2022-03-01 10:18:48
1646129928302995000,106.0,2,106.0,5,106.5,87,2,2022-03-01 10:18:48
1646129928519490000,106.0,1,106.0,4,106.5,87,2,2022-03-01 10:18:48
1646129929398249000,106.0,4,105.5,65,106.5,87,2,2022-03-01 10:18:49
1646129933110318000,106.0,1,105.5,65,106.5,87,1,2022-03-01 10:18:53
1646129935198669000,106.0,1,105.5,72,106.5,87,1,2022-03-01 10:18:55
1646129935887328000,106.0,1,105.5,72,106.5,87,2,2022-03-01 10:18:55
1646129936856186000,106.0,1,105.5,76,106.5,87,1,2022-03-01 10:18:56
1646129939217871000,105.5,1,105.5,71,106.5,87,2,2022-03-01 10:18:59
1646129939801113000,106.0,9,105.5,71,106.0,1,1,2022-03-01 10:18:59
1646129939842691000,106.0,1,105.5,71,106.5,77,1,2022-03-01 10:18:59
1646129948618251000,106.0,1,106.0,20,106.5,78,2,2022-03-01 10:19:08
1646129960772302000,106.0,1,106.0,22,106.5,78,2,2022-03-01 10:19:20
1646129962156021000,106.0,1,106.0,21,106.5,78,2,2022-03-01 10:19:22
1646129969491944000,106.0,1,106.0,20,106.5,78,2,2022-03-01 10:19:29
1646129976984190000,106.0,10,106.0,11,106.5,78,2,2022-03-01 10:19:36
1646129981186493000,106.0,1,106.0,10,106.5,77,2,2022-03-01 10:19:41
1646129985981233000,106.0,10,105.5,70,106.5,85,2,2022-03-01 10:19:45
1646129989619758000,106.0,1,105.5,72,106.5,85,1,2022-03-01 10:19:49
1646129996528690000,106.0,4,105.5,69,106.0,7,1,2022-03-01 10:19:56
1646129998135656000,105.5,1,105.5,68,106.0,8,2,2022-03-01 10:19:58
1646129999088474000,106.0,1,105.5,68,106.0,9,1,2022-03-01 10:19:59
1646129999884008000,106.0,1,105.5,68,106.0,8,1,2022-03-01 10:19:59
1646130006476200000,106.0,1,105.5,68,106.0,9,1,2022-03-01 10:20:06
1646130009731111000,106.0,2,105.5,69,106.0,11,1,2022-03-01 10:20:09
1646130012158954000,106.0,1,105.5,69,106.0,11,1,2022-03-01 10:20:12
1646130014343893000,106.0,1,105.5,69,106.0,13,1,2022-03-01 10:20:14
1646130016501157000,106.0,1,105.5,69,106.0,20,1,2022-03-01 10:20:16
1646130020082869000,106.0,1,105.5,69,106.0,19,1,2022-03-01 10:20:20
1646130022533777000,106.0,1,105.5,69,106.0,19,1,2022-03-01 10:20:22
1646130030600285000,106.0,1,105.5,70,106.0,19,1,2022-03-01 10:20:30
1646130031629920000,105.5,1,105.5,69,106.0,19,2,2022-03-01 10:20:31
1646130038067488000,105.5,3,105.5,64,106.0,20,2,2022-03-01 10:20:38
1646130046076457000,105.5,1,105.5,60,106.0,21,2,2022-03-01 10:20:46
1646130061263188000,105.5,1,105.5,58,106.0,32,2,2022-03-01 10:21:01
1646130061982414000,105.5,1,105.5,59,106.0,32,2,2022-03-01 10:21:01
1646130067262231000,105.5,1,105.5,57,106.0,32,2,2022-03-01 10:21:07
1646130076472202000,105.5,1,105.5,56,106.0,43,2,2022-03-01 10:21:16
1646130076584132000,105.5,2,105.5,54,106.0,43,2,2022-03-01 10:21:16
1646130084695321000,105.5,1,105.5,53,106.0,54,2,2022-03-01 10:21:24
1646130085528784000,105.5,1,105.5,52,106.0,55,2,2022-03-01 10:21:25
1646130085800718000,105.5,1,105.5,51,106.0,55,2,2022-03-01 10:21:25
1646130092461525000,105.5,1,105.5,50,106.0,56,2,2022-03-01 10:21:32
1646130092896494000,105.5,4,105.5,46,106.0,56,2,2022-03-01 10:21:32
1646130094753268000,105.5,5,105.5,42,106.0,57,2,2022-03-01 10:21:34
1646130095164940000,105.5,20,105.5,22,106.0,57,2,2022-03-01 10:21:35
1646130095762511000,105.5,1,105.5,21,106.0,57,2,2022-03-01 10:21:35
1646130095844686000,105.5,10,105.5,11,106.0,57,2,2022-03-01 10:21:35
1646130096582705000,105.5,2,105.5,9,106.0,56,2,2022-03-01 10:21:36
1646130096825813000,105.5,1,105.5,8,106.0,56,2,2022-03-01 10:21:36
1646130097117573000,105.5,1,105.5,7,106.0,56,2,2022-03-01 10:21:37
1646130097345112000,105.5,1,105.5,6,106.0,56,2,2022-03-01 10:21:37
1646130098131983000,105.5,6,105.0,82,106.0,56,2,2022-03-01 10:21:38
1646130098210447000,105.5,1,105.0,77,105.5,1,1,2022-03-01 10:21:38
1646130098262061000,105.5,1,105.0,77,106.0,56,1,2022-03-01 10:21:38
1646130101781742000,105.5,1,105.0,83,106.0,39,1,2022-03-01 10:21:41
1646130101842456000,105.5,2,105.0,83,106.0,39,1,2022-03-01 10:21:41
1646130109778786000,105.5,25,105.5,2,106.0,46,2,2022-03-01 10:21:49
1646130113487794000,105.5,10,105.5,2,106.0,46,2,2022-03-01 10:21:53
1646130114499883000,105.5,1,105.5,8,106.0,46,2,2022-03-01 10:21:54
1646130115899081000,105.5,2,105.5,9,106.0,46,2,2022-03-01 10:21:55
1646130116412249000,105.5,1,105.5,8,106.0,46,2,2022-03-01 10:21:56
1646130120409420000,105.5,1,105.5,13,106.0,46,2,2022-03-01 10:22:00
1646130124232482000,106.0,7,105.5,18,106.0,39,1,2022-03-01 10:22:04
1646130124255158000,106.0,39,105.5,18,106.5,37,1,2022-03-01 10:22:04
1646130125726022000,106.0,2,105.5,25,106.5,32,1,2022-03-01 10:22:05
1646130126674923000,106.0,9,105.5,28,106.5,31,1,2022-03-01 10:22:06
1646130129273330000,106.0,1,106.0,5,106.5,30,2,2022-03-01 10:22:09
1646130132472577000,106.0,1,106.0,7,106.5,35,2,2022-03-01 10:22:12
1646130136097666000,106.0,1,106.0,11,106.5,35,2,2022-03-01 10:22:16
1646130138720584000,106.0,1,106.0,16,106.5,35,2,2022-03-01 10:22:18
1646130141517642000,106.0,1,106.0,19,106.5,35,2,2022-03-01 10:22:21
1646130144762102000,106.0,1,106.0,19,106.5,35,2,2022-03-01 10:22:24
1646130145479721000,106.0,1,106.0,19,106.5,35,2,2022-03-01 10:22:25
1646130146867223000,106.0,1,106.0,18,106.5,35,2,2022-03-01 10:22:26
1646130148184339000,106.0,1,106.0,19,106.5,35,2,2022-03-01 10:22:28
1646130154637047000,106.0,1,106.0,18,106.5,30,2,2022-03-01 10:22:34
1646130155789050000,106.0,1,106.0,18,106.5,30,2,2022-03-01 10:22:35
1646130159290183000,106.0,1,106.0,17,106.5,30,2,2022-03-01 10:22:39
1646130162195377000,106.0,1,106.0,16,106.5,30,2,2022-03-01 10:22:42
