ts,close,volume,bid_price,bid_volume,ask_price,ask_volume,tick_type,datetime
1646125210266809000,115.5,760,115.0,81,115.5,30,1,2022-03-01 09:00:10
1646125210337757000,115.0,48,115.0,33,115.5,30,2,2022-03-01 09:00:10
1646125210403289000,115.5,1,115.0,36,115.5,29,1,2022-03-01 09:00:10
1646125211452309000,115.0,11,115.0,24,115.5,31,2,2022-03-01 09:00:11
1646125212324402000,115.5,1,115.0,23,115.5,30,1,2022-03-01 09:00:12
1646125212350889000,115.0,1,115.0,22,115.5,30,2,2022-03-01 09:00:12
1646125212509742000,115.5,2,115.0,22,115.5,67,1,2022-03-01 09:00:12
1646125212510689000,115.0,4,115.0,18,115.5,67,2,2022-03-01 09:00:12
1646125212510706000,115.0,7,115.0,11,115.5,67,2,2022-03-01 09:00:12
1646125212516539000,115.0,4,115.0,7,115.5,67,2,2022-03-01 09:00:12
1646125212543341000,115.0,7,114.5,24,115.5,67,2,2022-03-01 09:00:12
1646125213353053000,115.0,1,114.5,24,115.0,22,1,2022-03-01 09:00:13
1646125213466309000,115.0,1,114.5,24,115.0,21,1,2022-03-01 09:00:13
1646125213514759000,114.5,1,114.5,23,115.0,21,2,2022-03-01 09:00:13
1646125214172192000,114.5,1,114.5,22,115.0,60,2,2022-03-01 09:00:14
1646125214255244000,115.0,1,114.5,22,115.0,64,1,2022-03-01 09:00:14
1646125214324549000,115.0,1,114.5,22,115.0,63,1,2022-03-01 09:00:14
1646125214965687000,115.0,1,114.5,22,115.0,62,1,2022-03-01 09:00:14
1646125215738205000,115.0,1,114.5,22,115.0,73,1,2022-03-01 09:00:15
1646125216391806000,114.5,20,114.5,2,115.0,79,2,2022-03-01 09:00:16
1646125216435298000,114.5,2,114.0,68,115.0,79,2,2022-03-01 09:00:16
1646125216559249000,114.5,1,114.0,68,115.0,79,2,2022-03-01 09:00:16
1646125217118470000,114.5,1,114.0,68,115.0,79,2,2022-03-01 09:00:17
1646125217760718000,114.5,1,114.0,68,114.5,63,1,2022-03-01 09:00:17
1646125217816382000,114.5,1,114.0,68,114.5,62,1,2022-03-01 09:00:17
1646125217874459000,114.5,1,114.0,68,114.5,61,1,2022-03-01 09:00:17
1646125218338531000,114.0,5,114.0,63,114.5,83,2,2022-03-01 09:00:18
1646125218359614000,114.5,1,114.0,63,114.5,82,1,2022-03-01 09:00:18
1646125218822954000,114.5,1,114.0,63,114.5,81,1,2022-03-01 09:00:18
1646125218875504000,114.0,1,114.0,62,114.5,81,2,2022-03-01 09:00:18
1646125219255767000,114.5,1,114.0,62,114.5,80,1,2022-03-01 09:00:19
1646125219608817000,114.0,6,114.0,56,114.5,80,2,2022-03-01 09:00:19
1646125219725165000,114.5,25,114.0,56,114.5,55,1,2022-03-01 09:00:19
1646125220377969000,114.5,3,114.0,56,114.5,52,1,2022-03-01 09:00:20
1646125220630424000,114.5,1,114.0,56,114.5,51,1,2022-03-01 09:00:20
1646125220687123000,114.5,1,114.0,56,114.5,50,1,2022-03-01 09:00:20
1646125221112876000,114.5,3,114.0,56,114.5,47,1,2022-03-01 09:00:21
1646125221212128000,114.0,30,114.0,26,114.5,47,2,2022-03-01 09:00:21
1646125221238313000,114.5,1,114.0,26,114.5,46,1,2022-03-01 09:00:21
1646125221243424000,114.0,3,114.0,23,114.5,46,2,2022-03-01 09:00:21
1646125221365347000,114.5,1,114.0,23,114.5,45,1,2022-03-01 09:00:21
1646125222111511000,114.5,1,114.0,23,114.5,43,1,2022-03-01 09:00:22
1646125222120619000,114.5,1,114.0,25,114.5,42,1,2022-03-01 09:00:22
1646125222425617000,114.0,1,114.0,24,114.5,52,2,2022-03-01 09:00:22
1646125222632171000,114.0,3,114.0,24,114.5,52,2,2022-03-01 09:00:22
1646125222676485000,114.0,24,113.5,69,114.0,26,2,2022-03-01 09:00:22
1646125223368818000,114.0,1,113.5,69,114.0,48,1,2022-03-01 09:00:23
1646125223427884000,114.0,1,113.5,69,114.0,47,1,2022-03-01 09:00:23
1646125224427523000,113.5,1,113.5,46,114.0,64,2,2022-03-01 09:00:24
1646125225243124000,113.5,1,113.5,45,114.0,65,2,2022-03-01 09:00:25
1646125225313058000,114.0,1,113.5,45,114.0,67,1,2022-03-01 09:00:25
1646125226361391000,113.5,1,113.5,44,114.0,68,2,2022-03-01 09:00:26
1646125226447501000,114.0,1,113.5,44,114.0,67,1,2022-03-01 09:00:26
1646125226735769000,114.0,1,113.5,44,114.0,66,1,2022-03-01 09:00:26
1646125226963849000,114.0,7,113.5,44,114.0,63,1,2022-03-01 09:00:26
1646125227694330000,114.0,10,113.5,44,114.0,53,1,2022-03-01 09:00:27
1646125228131643000,114.0,2,113.5,46,114.0,51,1,2022-03-01 09:00:28
1646125228338295000,114.0,51,113.5,61,114.5,59,1,2022-03-01 09:00:28
1646125228467611000,113.5,1,113.5,60,114.5,59,2,2022-03-01 09:00:28
1646125228901072000,114.0,1,113.5,60,114.5,59,1,2022-03-01 09:00:28
1646125229514198000,114.0,1,114.0,1,114.5,59,2,2022-03-01 09:00:29
1646125229774628000,114.0,1,113.5,61,114.5,59,2,2022-03-01 09:00:29
1646125230102983000,114.5,1,114.0,1,114.5,57,1,2022-03-01 09:00:30
1646125230613599000,114.0,2,113.5,61,114.5,57,2,2022-03-01 09:00:30
1646125230707958000,114.0,1,113.5,58,114.5,57,2,2022-03-01 09:00:30
1646125230707958000,113.5,3,113.5,58,114.5,57,2,2022-03-01 09:00:30
1646125230774097000,114.5,1,113.5,58,114.5,56,1,2022-03-01 09:00:30
1646125231027126000,113.5,15,113.5,43,114.5,56,2,2022-03-01 09:00:31
1646125231139610000,114.0,2,113.5,45,114.0,3,2,2022-03-01 09:00:31
1646125231175655000,114.0,3,113.5,45,114.5,56,1,2022-03-01 09:00:31
1646125231974485000,114.5,1,114.0,2,114.5,57,1,2022-03-01 09:00:31
1646125232035461000,114.0,1,114.0,1,114.5,57,2,2022-03-01 09:00:32
1646125233032520000,114.0,1,114.0,4,114.5,56,2,2022-03-01 09:00:33
1646125233107477000,114.5,1,114.0,4,114.5,55,1,2022-03-01 09:00:33
1646125233233106000,114.5,2,114.0,5,114.5,53,1,2022-03-01 09:00:33
1646125233308330000,114.5,1,114.0,5,114.5,60,1,2022-03-01 09:00:33
1646125233793632000,114.0,1,114.0,10,114.5,61,2,2022-03-01 09:00:33
1646125234082077000,114.5,5,114.0,21,114.5,61,1,2022-03-01 09:00:34
1646125236084860000,114.5,1,114.0,33,114.5,62,1,2022-03-01 09:00:36
1646125236684179000,114.0,1,114.0,70,114.5,60,2,2022-03-01 09:00:36
1646125236827905000,114.0,1,114.0,72,114.5,60,2,2022-03-01 09:00:36
1646125237145701000,114.5,1,114.0,73,114.5,61,1,2022-03-01 09:00:37
1646125238435930000,114.0,5,114.0,73,114.5,62,2,2022-03-01 09:00:38
1646125238633519000,114.5,1,114.0,73,114.5,61,1,2022-03-01 09:00:38
1646125238820025000,114.5,1,114.0,73,114.5,60,1,2022-03-01 09:00:38
1646125239116578000,114.5,2,114.0,75,114.5,58,1,2022-03-01 09:00:39
1646125239331499000,114.0,1,114.0,84,114.5,58,2,2022-03-01 09:00:39
1646125240242221000,114.5,6,114.0,89,114.5,56,1,2022-03-01 09:00:40
1646125240992255000,114.0,1,114.0,89,114.5,57,2,2022-03-01 09:00:40
1646125241048690000,114.0,1,114.0,88,114.5,57,2,2022-03-01 09:00:41
1646125241366167000,114.0,20,114.0,68,114.5,58,2,2022-03-01 09:00:41
1646125241516133000,114.0,1,114.0,68,114.5,57,2,2022-03-01 09:00:41
1646125241624437000,114.5,1,114.0,68,114.5,56,1,2022-03-01 09:00:41
1646125242002730000,114.0,1,114.0,68,114.5,56,2,2022-03-01 09:00:42
1646125242799174000,114.5,1,114.0,70,114.5,81,1,2022-03-01 09:00:42
1646125242847311000,114.5,1,114.0,70,114.5,80,1,2022-03-01 09:00:42
1646125243125295000,114.0,30,114.0,40,114.5,80,2,2022-03-01 09:00:43
1646125243449924000,114.5,1,114.0,42,114.5,77,1,2022-03-01 09:00:43
1646125243454170000,114.5,1,114.0,42,114.5,76,1,2022-03-01 09:00:43
1646125243553560000,114.5,1,114.0,42,114.5,75,1,2022-03-01 09:00:43
1646125243769635000,114.0,1,114.0,41,114.5,75,2,2022-03-01 09:00:43
1646125244883723000,114.0,1,114.0,47,114.5,75,2,2022-03-01 09:00:44
1646125244936834000,114.0,1,114.0,46,114.5,75,2,2022-03-01 09:00:44
1646125245897150000,114.0,1,114.0,51,114.5,75,2,2022-03-01 09:00:45
1646125246310318000,114.0,2,114.0,51,114.5,76,2,2022-03-01 09:00:46
1646125247715637000,114.5,3,114.0,53,114.5,73,1,2022-03-01 09:00:47
1646125248027775000,114.0,1,114.0,59,114.5,82,2,2022-03-01 09:00:48
1646125248939395000,114.5,2,114.0,60,114.5,80,1,2022-03-01 09:00:48
1646125249208715000,114.0,1,114.0,59,114.5,81,2,2022-03-01 09:00:49
1646125249787965000,114.0,1,114.0,64,114.5,80,2,2022-03-01 09:00:49
1646125251097307000,114.0,1,114.0,65,114.5,81,2,2022-03-01 09:00:51
1646125251521366000,114.0,3,114.0,64,114.5,81,2,2022-03-01 09:00:51
1646125252372949000,114.5,1,114.0,121,114.5,91,1,2022-03-01 09:00:52
1646125252626866000,114.0,1,114.0,121,114.5,91,2,2022-03-01 09:00:52
1646125253221029000,114.0,3,114.0,118,114.5,91,2,2022-03-01 09:00:53
1646125254113701000,114.5,2,114.0,119,114.5,89,1,2022-03-01 09:00:54
1646125254516131000,114.0,2,114.0,118,114.5,89,2,2022-03-01 09:00:54
1646125255027321000,114.5,1,114.0,120,114.5,91,1,2022-03-01 09:00:55
1646125255664334000,114.5,1,114.0,125,114.5,90,1,2022-03-01 09:00:55
1646125256518197000,114.5,1,114.0,156,114.5,90,1,2022-03-01 09:00:56
1646125256839875000,114.0,3,114.0,152,114.5,90,2,2022-03-01 09:00:56
1646125256865822000,114.5,1,114.0,152,114.5,89,1,2022-03-01 09:00:56
1646125257553948000,114.5,3,114.0,152,114.5,86,1,2022-03-01 09:00:57
1646125257739018000,114.5,1,114.0,152,114.5,85,1,2022-03-01 09:00:57
1646125257784495000,114.0,2,114.0,150,114.5,85,2,2022-03-01 09:00:57
1646125257857190000,114.0,1,114.0,154,114.5,85,2,2022-03-01 09:00:57
1646125259692068000,114.0,2,114.0,164,114.5,97,2,2022-03-01 09:00:59
1646125259730646000,114.5,2,114.0,164,114.5,95,1,2022-03-01 09:00:59
1646125260314914000,114.5,2,114.0,164,114.5,94,1,2022-03-01 09:01:00
1646125260779205000,114.0,3,114.0,161,114.5,97,2,2022-03-01 09:01:00
1646125261352214000,114.5,1,114.0,162,114.5,97,1,2022-03-01 09:01:01
1646125261697036000,114.5,2,114.0,162,114.5,102,1,2022-03-01 09:01:01
1646125262727461000,114.0,1,114.0,162,114.5,106,2,2022-03-01 09:01:02
1646125263387063000,114.0,4,114.0,158,114.5,108,2,2022-03-01 09:01:03
1646125263539992000,114.0,1,114.0,159,114.5,108,2,2022-03-01 09:01:03
1646125263969924000,114.0,1,114.0,160,114.5,108,2,2022-03-01 09:01:03
1646125264069050000,114.5,1,114.0,160,114.5,107,1,2022-03-01 09:01:04
1646125264983526000,114.0,2,114.0,158,114.5,107,2,2022-03-01 09:01:04
1646125265408578000,114.0,2,114.0,160,114.5,107,2,2022-03-01 09:01:05
1646125265416020000,114.5,1,114.0,160,114.5,106,1,2022-03-01 09:01:05
1646125265636924000,114.0,2,114.0,158,114.5,106,2,2022-03-01 09:01:05
1646125266022741000,114.5,50,114.0,110,114.5,56,1,2022-03-01 09:01:06
1646125267211291000,114.5,2,114.0,111,114.5,72,1,2022-03-01 09:01:07
1646125267357432000,114.5,1,114.0,111,114.5,71,1,2022-03-01 09:01:07
1646125267578687000,114.0,10,114.0,106,114.5,71,2,2022-03-01 09:01:07
1646125267904430000,114.5,1,114.0,107,114.5,70,1,2022-03-01 09:01:07
1646125267973539000,114.0,1,114.0,106,114.5,70,2,2022-03-01 09:01:07
1646125268147128000,114.0,1,114.0,105,114.5,70,2,2022-03-01 09:01:08
1646125268180897000,114.0,1,114.0,105,114.5,70,2,2022-03-01 09:01:08
1646125268486275000,114.5,1,114.0,116,114.5,70,1,2022-03-01 09:01:08
1646125268697819000,114.0,1,114.0,115,114.5,70,2,2022-03-01 09:01:08
1646125269221087000,114.5,1,114.0,121,114.5,69,1,2022-03-01 09:01:09
1646125269265084000,114.5,1,114.0,121,114.5,68,1,2022-03-01 09:01:09
1646125269416085000,114.5,2,114.0,121,114.5,66,1,2022-03-01 09:01:09
1646125269444990000,114.5,1,114.0,121,114.5,65,1,2022-03-01 09:01:09
1646125269695946000,114.5,2,114.0,122,114.5,63,1,2022-03-01 09:01:09
1646125269856998000,114.5,1,114.0,122,114.5,62,1,2022-03-01 09:01:09
1646125269964984000,114.5,4,114.0,123,114.5,58,1,2022-03-01 09:01:09
1646125270170915000,114.0,5,114.0,118,114.5,58,2,2022-03-01 09:01:10
1646125270577874000,114.5,2,114.0,118,114.5,56,1,2022-03-01 09:01:10
1646125270726156000,114.5,50,114.0,118,114.5,7,1,2022-03-01 09:01:10
1646125270753566000,114.5,2,114.0,118,114.5,5,1,2022-03-01 09:01:10
1646125270753592000,114.5,4,114.0,118,114.5,1,1,2022-03-01 09:01:10
1646125270754635000,114.5,1,114.0,118,115.0,71,1,2022-03-01 09:01:10
1646125270851543000,115.0,20,114.5,1,115.0,55,1,2022-03-01 09:01:10
1646125271202684000,115.0,30,114.5,1,115.0,25,1,2022-03-01 09:01:11
1646125271310275000,114.5,2,114.0,119,115.0,32,2,2022-03-01 09:01:11
1646125271688773000,114.5,1,114.5,2,115.0,32,2,2022-03-01 09:01:11
1646125272031600000,114.5,1,114.5,2,115.0,32,2,2022-03-01 09:01:12
1646125272069263000,114.5,2,114.0,123,115.0,32,2,2022-03-01 09:01:12
1646125272267770000,114.0,2,114.0,121,115.0,32,2,2022-03-01 09:01:12
1646125272932416000,114.5,1,114.5,4,115.0,42,2,2022-03-01 09:01:12
1646125273756018000,114.5,1,114.5,4,115.0,43,2,2022-03-01 09:01:13
1646125274116021000,115.0,1,114.5,8,115.0,40,1,2022-03-01 09:01:14
1646125274836935000,115.0,2,114.5,20,115.0,38,1,2022-03-01 09:01:14
1646125275135888000,115.0,1,114.5,22,115.0,37,1,2022-03-01 09:01:15
1646125275781483000,114.5,2,114.5,20,115.0,37,2,2022-03-01 09:01:15
1646125275851731000,114.5,5,114.5,15,115.0,37,2,2022-03-01 09:01:15
1646125275878907000,114.5,1,114.5,14,115.0,37,2,2022-03-01 09:01:15
1646125275900434000,114.5,1,114.5,13,115.0,37,2,2022-03-01 09:01:15
1646125275918018000,114.5,1,114.5,12,115.0,37,2,2022-03-01 09:01:15
1646125276027165000,115.0,10,114.5,13,115.0,27,1,2022-03-01 09:01:16
1646125276671755000,114.5,13,114.0,127,114.5,7,2,2022-03-01 09:01:16
1646125276711719000,114.0,1,114.0,122,114.5,7,2,2022-03-01 09:01:16
1646125276771527000,114.5,1,114.0,122,114.5,7,1,2022-03-01 09:01:16
1646125276904225000,114.0,2,114.0,120,114.5,7,2,2022-03-01 09:01:16
1646125277058485000,114.5,1,114.0,120,114.5,7,1,2022-03-01 09:01:17
1646125277167153000,114.5,1,114.0,120,114.5,7,1,2022-03-01 09:01:17
1646125277452063000,114.5,5,114.0,120,114.5,2,1,2022-03-01 09:01:17
1646125277483031000,114.0,1,114.0,119,114.5,2,2,2022-03-01 09:01:17
1646125277505644000,114.5,2,114.5,8,115.0,38,1,2022-03-01 09:01:17
1646125277533675000,114.5,8,114.5,1,115.0,39,2,2022-03-01 09:01:17
1646125277534211000,114.5,1,114.0,120,115.0,39,2,2022-03-01 09:01:17
1646125277680309000,114.5,1,114.0,121,115.0,40,2,2022-03-01 09:01:17
1646125277906672000,114.5,1,114.5,2,115.0,40,2,2022-03-01 09:01:17
1646125278027962000,114.5,2,114.0,121,115.0,41,2,2022-03-01 09:01:18
1646125278101586000,114.5,2,114.0,121,115.0,40,2,2022-03-01 09:01:18
1646125278185197000,115.0,1,114.0,120,115.0,39,1,2022-03-01 09:01:18
1646125278522937000,115.0,1,114.0,121,115.0,39,1,2022-03-01 09:01:18
1646125278571505000,115.0,1,114.0,121,115.0,38,1,2022-03-01 09:01:18
1646125278631382000,114.5,1,114.0,120,115.0,38,2,2022-03-01 09:01:18
1646125278827140000,114.5,1,114.0,122,115.0,38,2,2022-03-01 09:01:18
1646125278829837000,115.0,2,114.0,122,115.0,36,1,2022-03-01 09:01:18
1646125279006320000,114.5,1,114.0,122,115.0,39,2,2022-03-01 09:01:19
1646125279159392000,115.0,1,114.0,122,115.0,38,1,2022-03-01 09:01:19
1646125279323563000,114.5,1,114.0,122,115.0,38,2,2022-03-01 09:01:19
1646125280456030000,114.5,1,114.5,2,115.0,41,2,2022-03-01 09:01:20
1646125280486632000,114.5,2,114.0,126,115.0,41,2,2022-03-01 09:01:20
1646125280799683000,114.5,1,114.0,126,115.0,41,1,2022-03-01 09:01:20
1646125280886153000,114.0,2,114.0,127,115.0,41,2,2022-03-01 09:01:20
1646125281019787000,115.0,1,114.0,128,115.0,40,1,2022-03-01 09:01:21
1646125281066017000,114.5,1,114.0,128,115.0,40,2,2022-03-01 09:01:21
1646125281136265000,115.0,1,114.0,128,115.0,40,1,2022-03-01 09:01:21
1646125281302678000,114.5,1,114.0,128,115.0,40,2,2022-03-01 09:01:21
1646125281836272000,114.5,2,114.0,132,115.0,40,2,2022-03-01 09:01:21
1646125281912091000,114.5,1,114.0,132,115.0,40,2,2022-03-01 09:01:21
1646125282401425000,115.0,1,114.5,3,115.0,42,1,2022-03-01 09:01:22
1646125282577065000,114.5,2,114.5,8,115.0,42,2,2022-03-01 09:01:22
1646125283041372000,115.0,1,114.5,9,115.0,42,1,2022-03-01 09:01:23
1646125283891344000,114.5,2,114.5,13,115.0,42,2,2022-03-01 09:01:23
1646125284330676000,115.0,2,114.5,14,115.0,41,1,2022-03-01 09:01:24
1646125284406346000,115.0,1,114.5,14,115.0,40,1,2022-03-01 09:01:24
1646125284442531000,114.5,1,114.5,14,115.0,40,2,2022-03-01 09:01:24
1646125284687976000,115.0,1,114.5,17,115.0,39,1,2022-03-01 09:01:24
1646125284993770000,114.5,2,114.5,26,115.0,39,2,2022-03-01 09:01:24
1646125285039744000,114.5,1,114.5,25,115.0,39,2,2022-03-01 09:01:25
1646125285230033000,115.0,41,114.5,26,115.5,85,1,2022-03-01 09:01:25
1646125285230033000,115.5,9,114.5,26,115.5,85,1,2022-03-01 09:01:25
1646125285496176000,115.0,1,114.5,32,115.0,10,1,2022-03-01 09:01:25
1646125285517102000,115.0,1,114.5,32,115.0,9,1,2022-03-01 09:01:25
1646125286001021000,115.0,1,114.5,32,115.0,8,1,2022-03-01 09:01:26
1646125286679564000,115.0,1,114.5,32,115.0,7,1,2022-03-01 09:01:26
1646125286692289000,115.0,1,114.5,32,115.0,6,1,2022-03-01 09:01:26
1646125287208521000,115.0,1,114.5,32,115.0,5,1,2022-03-01 09:01:27
1646125287550728000,115.0,1,114.5,35,115.0,14,1,2022-03-01 09:01:27
1646125287722164000,115.0,1,114.5,35,115.0,13,1,2022-03-01 09:01:27
1646125287753461000,115.0,1,114.5,35,115.0,12,1,2022-03-01 09:01:27
1646125287980417000,115.0,1,114.5,36,115.0,12,1,2022-03-01 09:01:27
1646125288254336000,115.0,1,114.5,39,115.0,11,1,2022-03-01 09:01:28
1646125288354735000,115.0,1,114.5,40,115.0,10,1,2022-03-01 09:01:28
1646125288435795000,115.0,2,114.5,40,115.0,8,1,2022-03-01 09:01:28
1646125288673525000,115.0,1,114.5,45,115.0,7,1,2022-03-01 09:01:28
1646125288932804000,115.0,1,114.5,46,115.0,8,1,2022-03-01 09:01:28
1646125289349843000,115.0,2,114.5,46,115.0,6,1,2022-03-01 09:01:29
1646125289769700000,115.0,1,114.5,47,115.0,5,1,2022-03-01 09:01:29
1646125290092430000,115.0,1,114.5,48,115.0,4,1,2022-03-01 09:01:30
1646125290596925000,115.0,5,115.0,5,115.5,90,1,2022-03-01 09:01:30
1646125290663443000,115.0,5,115.0,30,115.5,93,2,2022-03-01 09:01:30
1646125290698667000,115.0,1,115.0,39,115.5,93,2,2022-03-01 09:01:30
1646125290801675000,115.0,40,114.5,50,115.5,91,2,2022-03-01 09:01:30
1646125290989620000,115.5,1,114.5,51,115.5,90,1,2022-03-01 09:01:30
1646125291406064000,115.0,1,115.0,2,115.5,91,2,2022-03-01 09:01:31
1646125291708546000,115.5,1,115.0,2,115.5,92,1,2022-03-01 09:01:31
1646125291779673000,115.5,1,115.0,2,115.5,91,1,2022-03-01 09:01:31
1646125291937653000,115.5,1,115.0,2,115.5,90,1,2022-03-01 09:01:31
1646125292001452000,115.0,1,115.0,2,115.5,90,2,2022-03-01 09:01:32
1646125293337008000,115.0,1,115.0,4,115.5,91,2,2022-03-01 09:01:33
1646125293385104000,115.0,4,114.5,61,115.0,1,2,2022-03-01 09:01:33
1646125293679798000,115.0,1,114.5,61,115.5,91,1,2022-03-01 09:01:33
1646125293828699000,115.0,1,114.5,62,115.0,2,1,2022-03-01 09:01:33
1646125293915086000,115.0,2,115.0,1,115.5,91,1,2022-03-01 09:01:33
1646125294659181000,115.0,1,114.5,63,115.5,91,2,2022-03-01 09:01:34
1646125294909819000,115.0,1,114.5,64,115.5,91,1,2022-03-01 09:01:34
1646125294941346000,115.0,1,114.5,64,115.0,4,2,2022-03-01 09:01:34
1646125295092558000,115.0,1,114.5,64,115.0,3,1,2022-03-01 09:01:35
1646125295358790000,115.0,2,114.5,64,115.0,2,1,2022-03-01 09:01:35
1646125295633901000,115.0,3,115.0,2,115.5,86,1,2022-03-01 09:01:35
1646125295665422000,115.0,2,114.5,64,115.5,86,2,2022-03-01 09:01:35
1646125295958703000,115.0,1,114.5,64,115.0,1,1,2022-03-01 09:01:35
1646125296103086000,115.0,1,114.5,64,115.5,86,1,2022-03-01 09:01:36
1646125297141130000,115.0,1,114.5,67,115.0,2,1,2022-03-01 09:01:37
1646125297491586000,115.0,1,114.5,67,115.0,2,1,2022-03-01 09:01:37
1646125297780037000,115.0,1,114.5,67,115.0,1,1,2022-03-01 09:01:37
1646125298434751000,115.0,1,114.5,71,115.0,27,1,2022-03-01 09:01:38
1646125298727417000,115.0,2,114.5,71,115.0,25,1,2022-03-01 09:01:38
1646125299011546000,115.0,1,114.5,72,115.0,29,1,2022-03-01 09:01:39
1646125299196968000,115.0,10,114.5,72,115.0,24,1,2022-03-01 09:01:39
1646125299240889000,115.0,1,114.5,72,115.0,23,1,2022-03-01 09:01:39
1646125299432967000,115.0,4,114.5,72,115.0,20,1,2022-03-01 09:01:39
1646125299675561000,115.0,1,114.5,72,115.0,19,1,2022-03-01 09:01:39
1646125299863178000,115.0,2,114.5,72,115.0,17,1,2022-03-01 09:01:39
1646125300031781000,115.0,1,114.5,72,115.0,16,1,2022-03-01 09:01:40
1646125300068926000,115.0,1,114.5,72,115.0,15,1,2022-03-01 09:01:40
1646125300691789000,115.0,1,114.5,70,115.0,23,1,2022-03-01 09:01:40
1646125301449399000,115.0,1,114.5,73,115.0,27,1,2022-03-01 09:01:41
1646125301590867000,115.0,2,114.5,73,115.0,25,1,2022-03-01 09:01:41
1646125301868126000,115.0,5,114.5,73,115.0,25,1,2022-03-01 09:01:41
1646125302048545000,115.0,5,114.5,73,115.0,20,1,2022-03-01 09:01:42
1646125302522568000,115.0,1,114.5,73,115.0,20,1,2022-03-01 09:01:42
1646125302553212000,115.0,1,114.5,73,115.0,19,1,2022-03-01 09:01:42
1646125302693912000,115.0,2,114.5,75,115.0,18,1,2022-03-01 09:01:42
1646125303107206000,115.0,5,114.5,77,115.0,13,1,2022-03-01 09:01:43
1646125303933181000,115.0,1,114.5,77,115.0,12,1,2022-03-01 09:01:43
1646125304745231000,115.0,3,114.5,77,115.0,10,1,2022-03-01 09:01:44
1646125304777268000,115.0,4,114.5,77,115.0,6,1,2022-03-01 09:01:44
1646125304844454000,115.0,1,114.5,77,115.0,5,1,2022-03-01 09:01:44
1646125304988557000,115.0,1,114.5,77,115.0,4,1,2022-03-01 09:01:44
1646125305079610000,115.0,2,114.5,77,115.0,2,1,2022-03-01 09:01:45
1646125305194732000,115.0,3,115.0,2,115.5,102,1,2022-03-01 09:01:45
1646125305208168000,115.0,2,114.5,77,115.5,102,2,2022-03-01 09:01:45
1646125305331657000,115.5,5,114.5,77,115.5,96,1,2022-03-01 09:01:45
1646125305921936000,115.0,1,114.5,76,115.5,101,2,2022-03-01 09:01:45
1646125306039472000,115.5,10,114.5,76,115.5,93,1,2022-03-01 09:01:46
1646125306270236000,114.5,1,114.5,76,115.0,1,2,2022-03-01 09:01:46
1646125306332995000,114.5,1,114.5,75,115.0,1,2,2022-03-01 09:01:46
1646125306469304000,115.0,1,115.0,9,115.5,93,1,2022-03-01 09:01:46
1646125306499949000,115.0,9,114.5,75,115.5,93,2,2022-03-01 09:01:46
1646125306725714000,115.0,1,114.5,75,115.5,91,2,2022-03-01 09:01:46
1646125306994218000,115.0,1,114.5,80,115.5,91,2,2022-03-01 09:01:46
1646125307719719000,115.0,1,114.5,81,115.5,92,1,2022-03-01 09:01:47
1646125308049571000,115.0,2,114.5,80,115.5,92,2,2022-03-01 09:01:48
1646125308126509000,115.0,6,115.0,4,115.5,92,2,2022-03-01 09:01:48
1646125308126570000,115.0,4,114.5,80,115.5,92,2,2022-03-01 09:01:48
1646125308313419000,115.0,2,114.5,80,115.5,92,1,2022-03-01 09:01:48
1646125308915462000,114.5,1,114.5,79,115.0,8,2,2022-03-01 09:01:48
1646125308980416000,115.0,1,114.5,79,115.0,7,1,2022-03-01 09:01:48
1646125309009479000,115.0,1,114.5,79,115.0,6,1,2022-03-01 09:01:49
1646125309081230000,115.0,3,114.5,79,115.0,3,1,2022-03-01 09:01:49
1646125309166851000,115.0,1,114.5,79,115.0,2,1,2022-03-01 09:01:49
1646125309260533000,115.0,2,115.0,3,115.5,92,1,2022-03-01 09:01:49
1646125309300405000,115.0,3,114.5,79,115.5,92,2,2022-03-01 09:01:49
1646125309767957000,115.0,1,114.5,79,115.5,92,2,2022-03-01 09:01:49
1646125309968641000,115.0,2,114.5,79,115.5,92,2,2022-03-01 09:01:49
1646125310279854000,115.0,2,114.5,80,115.0,8,1,2022-03-01 09:01:50
1646125310448631000,115.0,2,114.5,80,115.0,6,1,2022-03-01 09:01:50
1646125310714922000,115.0,1,114.5,80,115.0,10,1,2022-03-01 09:01:50
1646125312013077000,115.0,4,114.5,86,115.0,8,1,2022-03-01 09:01:52
1646125312504655000,115.0,5,114.5,86,115.0,24,1,2022-03-01 09:01:52
1646125312542921000,114.5,1,114.5,85,115.0,24,2,2022-03-01 09:01:52
1646125312767423000,115.0,2,114.5,84,115.0,25,1,2022-03-01 09:01:52
1646125313124835000,115.0,10,114.5,84,115.0,16,1,2022-03-01 09:01:53
1646125313228254000,115.0,5,114.5,85,115.0,16,1,2022-03-01 09:01:53
1646125314423668000,114.5,19,114.5,68,115.0,31,2,2022-03-01 09:01:54
1646125314446281000,114.5,4,114.5,64,115.0,31,2,2022-03-01 09:01:54
1646125314448005000,114.5,1,114.5,63,115.0,31,2,2022-03-01 09:01:54
1646125314449044000,114.5,1,114.5,62,115.0,31,2,2022-03-01 09:01:54
1646125314450281000,114.5,1,114.5,61,115.0,31,2,2022-03-01 09:01:54
1646125314450437000,114.5,1,114.5,60,115.0,31,2,2022-03-01 09:01:54
1646125314476682000,114.5,1,114.5,59,115.0,41,2,2022-03-01 09:01:54
1646125314523945000,115.0,8,114.5,59,115.0,33,1,2022-03-01 09:01:54
1646125314672801000,115.0,1,114.5,59,115.0,33,1,2022-03-01 09:01:54
1646125315504714000,115.0,1,114.5,61,115.0,34,1,2022-03-01 09:01:55
1646125316053366000,115.0,5,114.5,69,115.0,40,1,2022-03-01 09:01:56
1646125316084766000,114.5,1,114.5,68,115.0,40,2,2022-03-01 09:01:56
1646125316365263000,115.0,10,114.5,68,115.0,30,1,2022-03-01 09:01:56
1646125316394394000,115.0,1,114.5,69,115.0,29,1,2022-03-01 09:01:56
1646125316425105000,115.0,3,114.5,69,115.0,26,1,2022-03-01 09:01:56
1646125316667614000,115.0,2,114.5,69,115.0,25,1,2022-03-01 09:01:56
1646125317503013000,115.0,1,114.5,72,115.0,28,1,2022-03-01 09:01:57
1646125317746594000,115.0,1,114.5,72,115.0,27,1,2022-03-01 09:01:57
1646125317767871000,115.0,1,114.5,72,115.0,26,1,2022-03-01 09:01:57
1646125317872900000,115.0,2,114.5,72,115.0,24,1,2022-03-01 09:01:57
1646125318664957000,115.0,1,114.5,73,115.0,31,1,2022-03-01 09:01:58
1646125318735206000,115.0,1,114.5,73,115.0,30,1,2022-03-01 09:01:58
1646125318927883000,115.0,2,114.5,73,115.0,28,1,2022-03-01 09:01:58
1646125319214120000,115.0,5,114.5,73,115.0,23,1,2022-03-01 09:01:59
1646125319474631000,115.0,1,114.5,75,115.0,22,1,2022-03-01 09:01:59
1646125320378485000,115.0,2,114.5,76,115.0,21,1,2022-03-01 09:02:00
1646125321446928000,115.0,2,114.5,84,115.0,43,1,2022-03-01 09:02:01
1646125321792951000,115.0,1,114.5,84,115.0,42,1,2022-03-01 09:02:01
1646125322111073000,115.0,1,114.5,84,115.0,43,1,2022-03-01 09:02:02
1646125322183337000,115.0,20,114.5,84,115.0,26,1,2022-03-01 09:02:02
1646125322186753000,115.0,1,114.5,84,115.0,25,1,2022-03-01 09:02:02
1646125322765120000,115.0,1,114.5,91,115.0,40,1,2022-03-01 09:02:02
1646125323042843000,115.0,1,114.5,93,115.0,40,1,2022-03-01 09:02:03
1646125323089545000,115.0,5,114.5,94,115.0,35,1,2022-03-01 09:02:03
1646125323796628000,115.0,1,114.5,94,115.0,31,1,2022-03-01 09:02:03
1646125324037863000,115.0,5,114.5,94,115.0,26,1,2022-03-01 09:02:04
1646125324500377000,115.0,5,114.5,90,115.0,21,1,2022-03-01 09:02:04
1646125324588093000,114.5,3,114.5,88,115.0,21,2,2022-03-01 09:02:04
1646125325279075000,115.0,1,114.5,97,115.0,24,1,2022-03-01 09:02:05
1646125325664692000,115.0,1,114.5,97,115.0,24,1,2022-03-01 09:02:05
1646125326042658000,115.0,1,114.5,97,115.0,23,1,2022-03-01 09:02:06
1646125326328781000,115.0,1,114.5,97,115.0,22,1,2022-03-01 09:02:06
1646125326379162000,115.0,1,114.5,97,115.0,21,1,2022-03-01 09:02:06
1646125326558953000,115.0,1,114.5,97,115.0,20,1,2022-03-01 09:02:06
1646125327328401000,115.0,1,114.5,97,115.0,20,1,2022-03-01 09:02:07
1646125328112734000,115.0,1,114.5,102,115.0,21,1,2022-03-01 09:02:08
1646125329148823000,115.0,1,114.5,103,115.0,24,1,2022-03-01 09:02:09
1646125329595476000,115.0,1,114.5,104,115.0,44,1,2022-03-01 09:02:09
1646125329813317000,115.0,1,114.5,104,115.0,45,1,2022-03-01 09:02:09
1646125329859842000,115.0,1,114.5,104,115.0,44,1,2022-03-01 09:02:09
1646125329974160000,115.0,1,114.5,104,115.0,43,1,2022-03-01 09:02:09
1646125330165481000,115.0,3,114.5,104,115.0,40,1,2022-03-01 09:02:10
1646125330169272000,115.0,1,114.5,104,115.0,39,1,2022-03-01 09:02:10
1646125330676030000,114.5,1,114.5,103,115.0,50,2,2022-03-01 09:02:10
1646125330891671000,114.5,34,114.5,69,115.0,71,2,2022-03-01 09:02:10
1646125330892169000,114.5,2,114.5,67,115.0,71,2,2022-03-01 09:02:10
1646125330925182000,114.5,11,114.5,56,115.0,71,2,2022-03-01 09:02:10
1646125330925531000,114.5,7,114.5,49,115.0,71,2,2022-03-01 09:02:10
1646125330925780000,114.5,49,114.0,170,115.0,71,2,2022-03-01 09:02:10
1646125330987546000,114.5,1,114.0,170,114.5,8,1,2022-03-01 09:02:10
1646125331019351000,114.0,6,114.0,164,114.5,11,2,2022-03-01 09:02:11
1646125331066838000,114.0,1,114.0,163,114.5,11,2,2022-03-01 09:02:11
1646125331072885000,114.0,1,114.0,162,114.5,11,2,2022-03-01 09:02:11
1646125331131705000,114.5,1,114.0,162,114.5,10,1,2022-03-01 09:02:11
1646125331901329000,114.5,1,114.0,165,114.5,15,1,2022-03-01 09:02:11
1646125332083119000,114.0,3,114.0,163,114.5,15,2,2022-03-01 09:02:12
1646125332109155000,114.0,1,114.0,162,114.5,17,2,2022-03-01 09:02:12
1646125332469471000,114.5,1,114.0,162,114.5,16,1,2022-03-01 09:02:12
1646125333045635000,114.5,3,114.0,162,114.5,13,1,2022-03-01 09:02:13
1646125333081544000,114.0,1,114.0,161,114.5,13,2,2022-03-01 09:02:13
1646125333111169000,114.0,1,114.0,160,114.5,13,2,2022-03-01 09:02:13
1646125333144997000,114.0,1,114.0,159,114.5,13,2,2022-03-01 09:02:13
1646125334223813000,114.5,1,114.0,162,114.5,16,1,2022-03-01 09:02:14
1646125334672191000,114.5,5,114.0,157,114.5,11,1,2022-03-01 09:02:14
1646125334704203000,114.0,1,114.0,156,114.5,11,2,2022-03-01 09:02:14
1646125334737403000,114.0,10,114.0,146,114.5,11,2,2022-03-01 09:02:14
1646125334738840000,114.0,10,114.0,136,114.5,11,2,2022-03-01 09:02:14
1646125334740749000,114.0,25,114.0,111,114.5,11,2,2022-03-01 09:02:14
1646125334782128000,114.0,1,114.0,110,114.5,11,2,2022-03-01 09:02:14
1646125334816460000,114.0,1,114.0,109,114.5,11,2,2022-03-01 09:02:14
1646125334849110000,114.0,1,114.0,108,114.5,11,2,2022-03-01 09:02:14
1646125334880001000,114.0,87,114.0,21,114.5,11,2,2022-03-01 09:02:14
1646125334912655000,114.0,20,114.0,1,114.5,11,2,2022-03-01 09:02:14
1646125334913447000,114.0,1,113.5,81,114.5,11,2,2022-03-01 09:02:14
1646125335031603000,113.5,3,113.5,81,114.0,13,2,2022-03-01 09:02:15
1646125335054281000,113.5,21,113.5,60,114.0,13,2,2022-03-01 09:02:15
1646125335074908000,113.5,1,113.5,59,114.0,13,2,2022-03-01 09:02:15
1646125335089843000,113.5,8,113.5,51,114.0,13,2,2022-03-01 09:02:15
1646125335119224000,114.0,1,113.5,51,114.0,12,1,2022-03-01 09:02:15
1646125335122082000,113.5,1,113.5,50,114.0,12,2,2022-03-01 09:02:15
1646125335126204000,113.5,1,113.5,49,114.0,12,2,2022-03-01 09:02:15
1646125335127417000,113.5,1,113.5,48,114.0,12,2,2022-03-01 09:02:15
1646125335179006000,114.0,1,113.5,48,114.0,11,1,2022-03-01 09:02:15
1646125335472850000,114.0,1,113.5,51,114.0,10,1,2022-03-01 09:02:15
1646125335704818000,114.0,1,113.5,51,114.0,259,1,2022-03-01 09:02:15
1646125335745813000,114.0,1,113.5,51,114.0,258,1,2022-03-01 09:02:15
1646125336228864000,113.5,4,113.5,44,114.0,254,2,2022-03-01 09:02:16
1646125336322967000,114.0,2,113.5,44,114.0,252,1,2022-03-01 09:02:16
1646125336443624000,113.5,1,113.5,43,114.0,252,2,2022-03-01 09:02:16
1646125336894530000,114.0,2,113.5,43,114.0,250,1,2022-03-01 09:02:16
1646125336907405000,114.0,5,113.5,43,114.0,245,1,2022-03-01 09:02:16
1646125336971112000,114.0,1,113.5,44,114.0,244,1,2022-03-01 09:02:16
1646125336989687000,114.0,1,113.5,44,114.0,243,1,2022-03-01 09:02:16
1646125337023781000,113.5,5,113.5,39,114.0,243,2,2022-03-01 09:02:17
1646125337176303000,114.0,1,113.5,39,114.0,242,1,2022-03-01 09:02:17
1646125337257801000,113.5,15,113.5,24,114.0,243,2,2022-03-01 09:02:17
1646125337304496000,113.5,1,113.5,23,114.0,243,2,2022-03-01 09:02:17
1646125337309225000,113.5,1,113.5,22,114.0,243,2,2022-03-01 09:02:17
1646125337332685000,113.5,1,113.5,21,114.0,243,2,2022-03-01 09:02:17
1646125338995844000,113.5,1,113.5,20,114.5,30,2,2022-03-01 09:02:18
1646125339136487000,113.5,3,113.5,16,114.5,30,2,2022-03-01 09:02:19
1646125339487037000,113.5,1,113.5,15,114.0,1,2,2022-03-01 09:02:19
1646125339709452000,113.5,1,113.5,15,114.0,1,2,2022-03-01 09:02:19
1646125340293496000,113.5,1,113.5,17,114.0,1,2,2022-03-01 09:02:20
1646125341191560000,113.5,1,113.5,18,114.0,1,2,2022-03-01 09:02:21
1646125341665326000,114.0,1,113.5,18,114.5,28,1,2022-03-01 09:02:21
1646125342212824000,114.0,1,113.5,18,114.5,23,2,2022-03-01 09:02:22
1646125343013336000,114.0,1,113.5,24,114.5,22,2,2022-03-01 09:02:23
1646125343338158000,113.5,20,113.5,4,114.5,22,2,2022-03-01 09:02:23
1646125343739965000,113.5,1,113.5,4,114.0,1,2,2022-03-01 09:02:23
1646125344107766000,114.0,1,113.5,4,114.5,21,1,2022-03-01 09:02:24
1646125344107766000,114.5,1,113.5,4,114.5,21,1,2022-03-01 09:02:24
1646125344395409000,114.0,1,113.5,4,114.0,4,2,2022-03-01 09:02:24
1646125345456833000,113.5,1,113.5,3,114.0,6,2,2022-03-01 09:02:25
1646125347012860000,113.5,1,113.5,3,114.0,13,2,2022-03-01 09:02:27
1646125347713697000,114.0,1,113.5,7,114.0,16,1,2022-03-01 09:02:27
1646125348061826000,114.0,5,113.5,8,114.0,11,1,2022-03-01 09:02:28
1646125349654465000,114.0,1,113.5,12,114.0,14,1,2022-03-01 09:02:29
1646125349665968000,113.5,1,113.5,11,114.0,14,2,2022-03-01 09:02:29
1646125350361836000,114.0,4,113.5,16,114.0,10,1,2022-03-01 09:02:30
1646125350405715000,114.0,10,113.5,17,114.5,38,1,2022-03-01 09:02:30
1646125351939028000,113.5,1,113.5,24,114.0,3,2,2022-03-01 09:02:31
1646125352750080000,114.0,2,113.5,26,114.0,3,1,2022-03-01 09:02:32
1646125352874402000,114.0,2,113.5,26,114.0,1,1,2022-03-01 09:02:32
1646125352890727000,114.0,1,113.5,26,114.5,42,1,2022-03-01 09:02:32
1646125353476364000,113.5,1,113.5,34,114.0,1,2,2022-03-01 09:02:33
1646125353920677000,114.0,1,113.5,37,114.0,1,1,2022-03-01 09:02:33
1646125354015571000,114.0,1,113.5,38,114.5,52,1,2022-03-01 09:02:34
1646125354255933000,114.5,1,113.5,40,114.5,51,1,2022-03-01 09:02:34
1646125354830389000,114.0,1,113.5,40,114.0,3,1,2022-03-01 09:02:34
1646125355089962000,114.0,1,113.5,40,114.0,5,1,2022-03-01 09:02:35
1646125356561068000,114.0,1,113.5,46,114.0,8,1,2022-03-01 09:02:36
1646125357544748000,113.5,1,113.5,47,114.0,8,2,2022-03-01 09:02:37
1646125357797937000,114.0,1,113.5,47,114.0,17,1,2022-03-01 09:02:37
1646125358345283000,113.5,1,113.5,47,114.0,18,2,2022-03-01 09:02:38
1646125358955584000,114.0,3,113.5,52,114.0,15,1,2022-03-01 09:02:38
1646125359024806000,114.0,1,113.5,52,114.0,14,1,2022-03-01 09:02:39
1646125359357901000,114.0,3,113.5,52,114.0,15,1,2022-03-01 09:02:39
1646125360073072000,114.0,5,113.5,53,114.0,22,1,2022-03-01 09:02:40
1646125360369276000,114.0,1,113.5,53,114.0,21,1,2022-03-01 09:02:40
1646125360735243000,114.0,1,113.5,53,114.0,22,1,2022-03-01 09:02:40
1646125360839172000,114.0,1,113.5,53,114.0,21,1,2022-03-01 09:02:40
1646125361439562000,114.0,2,113.5,53,114.0,21,1,2022-03-01 09:02:41
1646125361907981000,114.0,2,113.5,52,114.0,19,1,2022-03-01 09:02:41
1646125362234391000,113.5,3,113.5,50,114.0,20,2,2022-03-01 09:02:42
1646125362274014000,114.0,1,113.5,50,114.0,19,1,2022-03-01 09:02:42
1646125363004523000,114.0,1,113.5,52,114.0,21,1,2022-03-01 09:02:43
1646125363019362000,114.0,1,113.5,52,114.0,21,1,2022-03-01 09:02:43
1646125363045512000,113.5,1,113.5,51,114.0,22,2,2022-03-01 09:02:43
1646125363341965000,114.0,1,113.5,51,114.0,21,1,2022-03-01 09:02:43
1646125364127735000,114.0,1,113.5,51,114.0,23,1,2022-03-01 09:02:44
1646125365034334000,113.5,1,113.5,50,114.0,23,2,2022-03-01 09:02:45
1646125365302958000,114.0,1,113.5,51,114.0,22,1,2022-03-01 09:02:45
1646125366220133000,113.5,2,113.5,50,114.0,29,2,2022-03-01 09:02:46
1646125367912453000,113.5,5,113.5,44,114.0,29,2,2022-03-01 09:02:47
1646125368030484000,114.0,2,113.5,44,114.0,27,1,2022-03-01 09:02:48
1646125369488426000,114.0,1,113.5,46,114.0,27,1,2022-03-01 09:02:49
1646125369963826000,113.5,1,113.5,45,114.0,29,2,2022-03-01 09:02:49
1646125371204923000,113.5,1,113.5,54,114.0,31,2,2022-03-01 09:02:51
1646125371673363000,114.0,1,113.5,55,114.0,30,1,2022-03-01 09:02:51
1646125373569451000,114.0,1,113.5,59,114.0,35,1,2022-03-01 09:02:53
1646125374438539000,113.5,1,113.5,61,114.0,36,2,2022-03-01 09:02:54
1646125375417751000,114.0,1,113.5,61,114.0,42,1,2022-03-01 09:02:55
1646125375820136000,113.5,7,113.5,59,114.0,43,2,2022-03-01 09:02:55
1646125376335654000,114.0,2,113.5,60,114.0,41,1,2022-03-01 09:02:56
1646125377141271000,114.0,1,113.5,64,114.0,46,1,2022-03-01 09:02:57
1646125378234934000,113.5,10,113.5,58,114.0,51,2,2022-03-01 09:02:58
1646125378260709000,113.5,1,113.5,57,114.0,51,2,2022-03-01 09:02:58
1646125378638848000,114.0,1,113.5,58,114.0,55,1,2022-03-01 09:02:58
1646125379660742000,113.5,1,113.5,67,114.0,55,2,2022-03-01 09:02:59
1646125379698328000,113.5,1,113.5,66,114.0,55,2,2022-03-01 09:02:59
1646125379895775000,113.5,1,113.5,65,114.0,55,2,2022-03-01 09:02:59
1646125380114697000,113.5,1,113.5,64,114.0,55,2,2022-03-01 09:03:00
1646125380214116000,113.5,10,113.5,54,114.0,55,2,2022-03-01 09:03:00
1646125380643061000,113.5,1,113.5,53,114.0,55,2,2022-03-01 09:03:00
1646125380660563000,113.5,3,113.5,50,114.0,55,2,2022-03-01 09:03:00
1646125380686798000,113.5,1,113.5,49,114.0,56,2,2022-03-01 09:03:00
1646125381040177000,113.5,2,113.5,48,114.0,54,2,2022-03-01 09:03:01
1646125382466329000,113.5,4,113.5,46,114.0,65,2,2022-03-01 09:03:02
1646125382534624000,113.5,6,113.5,40,114.0,65,2,2022-03-01 09:03:02
1646125382559856000,113.5,3,113.5,37,114.0,65,2,2022-03-01 09:03:02
1646125382599001000,113.5,1,113.5,36,114.0,65,2,2022-03-01 09:03:02
1646125382684254000,113.5,1,113.5,35,114.0,65,2,2022-03-01 09:03:02
1646125382708394000,113.5,1,113.5,36,114.0,65,2,2022-03-01 09:03:02
1646125382866339000,114.0,1,113.5,37,114.0,74,1,2022-03-01 09:03:02
1646125382889893000,113.5,5,113.5,32,114.0,74,2,2022-03-01 09:03:02
1646125383361734000,113.5,1,113.5,31,114.0,76,2,2022-03-01 09:03:03
1646125383526538000,113.5,5,113.5,26,114.0,77,2,2022-03-01 09:03:03
1646125383559476000,113.5,11,113.5,15,114.0,77,2,2022-03-01 09:03:03
1646125383849661000,113.5,1,113.5,14,114.0,77,2,2022-03-01 09:03:03
1646125383886968000,113.5,3,113.5,15,114.0,77,2,2022-03-01 09:03:03
1646125383939459000,113.5,1,113.5,14,114.0,77,2,2022-03-01 09:03:03
1646125384228340000,113.5,1,113.5,14,114.0,77,2,2022-03-01 09:03:04
1646125384270762000,113.5,1,113.5,13,114.0,77,2,2022-03-01 09:03:04
1646125384421642000,113.5,2,113.5,11,114.0,77,2,2022-03-01 09:03:04
1646125384428649000,113.5,2,113.5,9,114.0,77,2,2022-03-01 09:03:04
1646125384489625000,113.5,1,113.5,8,114.0,77,2,2022-03-01 09:03:04
1646125384545755000,113.5,2,113.5,6,114.0,78,2,2022-03-01 09:03:04
1646125384933110000,114.0,1,113.5,6,114.0,78,1,2022-03-01 09:03:04
1646125385303561000,113.5,2,113.5,4,114.0,78,2,2022-03-01 09:03:05
1646125385335150000,113.5,1,113.5,3,114.0,78,2,2022-03-01 09:03:05
1646125385448291000,114.0,10,113.5,3,114.0,69,1,2022-03-01 09:03:05
1646125385466318000,113.5,1,113.5,2,114.0,69,2,2022-03-01 09:03:05
1646125385468157000,113.5,1,113.5,1,114.0,69,2,2022-03-01 09:03:05
1646125385495795000,113.5,1,113.0,80,114.0,69,2,2022-03-01 09:03:05
1646125385501466000,113.0,1,113.0,79,114.0,69,2,2022-03-01 09:03:05
1646125385754706000,114.0,1,113.0,83,114.0,72,1,2022-03-01 09:03:05
1646125386205073000,113.5,1,113.0,83,113.5,7,1,2022-03-01 09:03:06
1646125386260563000,113.0,1,113.0,82,113.5,7,2,2022-03-01 09:03:06
1646125386357554000,113.5,1,113.0,82,113.5,8,1,2022-03-01 09:03:06
1646125386358650000,113.5,1,113.0,82,113.5,7,1,2022-03-01 09:03:06
1646125386388045000,113.5,1,113.0,82,113.5,6,1,2022-03-01 09:03:06
1646125386429639000,113.5,1,113.0,82,113.5,5,1,2022-03-01 09:03:06
1646125387260148000,113.5,3,113.0,78,113.5,9,1,2022-03-01 09:03:07
1646125387280941000,113.0,2,113.0,77,113.5,9,2,2022-03-01 09:03:07
1646125387502002000,113.5,1,113.0,77,113.5,8,1,2022-03-01 09:03:07
1646125387610080000,113.5,2,113.0,77,113.5,6,1,2022-03-01 09:03:07
1646125388087156000,113.5,1,113.0,77,113.5,5,1,2022-03-01 09:03:08
1646125389112106000,113.5,1,113.0,76,113.5,4,1,2022-03-01 09:03:09
1646125389336461000,113.0,1,113.0,75,113.5,4,2,2022-03-01 09:03:09
1646125391633889000,113.5,1,113.0,111,113.5,14,1,2022-03-01 09:03:11
1646125393143262000,113.5,1,113.0,112,113.5,14,1,2022-03-01 09:03:13
1646125393225090000,113.5,2,113.0,112,113.5,12,1,2022-03-01 09:03:13
1646125394231215000,113.5,1,113.0,112,113.5,15,1,2022-03-01 09:03:14
1646125394468412000,113.5,1,113.0,112,113.5,14,1,2022-03-01 09:03:14
1646125396457159000,113.0,1,113.0,115,113.5,27,2,2022-03-01 09:03:16
1646125397123168000,113.0,3,113.0,112,113.5,28,2,2022-03-01 09:03:17
1646125397149325000,113.0,1,113.0,111,113.5,28,2,2022-03-01 09:03:17
1646125398090168000,113.5,1,113.0,111,113.5,27,1,2022-03-01 09:03:18
1646125398419614000,113.0,3,113.0,108,113.5,32,2,2022-03-01 09:03:18
1646125398678974000,113.5,2,113.0,108,113.5,30,1,2022-03-01 09:03:18
1646125400371542000,113.0,5,113.0,105,113.5,32,2,2022-03-01 09:03:20
1646125400482133000,113.5,1,113.0,105,113.5,31,1,2022-03-01 09:03:20
1646125402450550000,113.5,2,113.0,105,113.5,28,1,2022-03-01 09:03:22
1646125402622073000,113.5,2,113.0,105,113.5,27,1,2022-03-01 09:03:22
1646125402991111000,113.0,2,113.0,103,113.5,28,2,2022-03-01 09:03:22
1646125404193349000,113.5,1,113.0,104,113.5,28,1,2022-03-01 09:03:24
1646125404293779000,113.0,1,113.0,103,113.5,28,2,2022-03-01 09:03:24
1646125404536400000,113.5,2,113.0,109,113.5,31,1,2022-03-01 09:03:24
1646125404907021000,113.5,1,113.0,112,113.5,30,1,2022-03-01 09:03:24
1646125405023844000,113.0,20,113.0,92,113.5,30,2,2022-03-01 09:03:25
1646125405455634000,113.5,1,113.0,92,113.5,29,1,2022-03-01 09:03:25
1646125405576098000,113.0,2,113.0,90,113.5,19,2,2022-03-01 09:03:25
1646125405603012000,113.0,1,113.0,89,113.5,19,2,2022-03-01 09:03:25
1646125407209502000,113.5,2,113.0,90,113.5,39,1,2022-03-01 09:03:27
1646125408130631000,113.0,1,113.0,90,113.5,49,2,2022-03-01 09:03:28
1646125408596715000,113.5,10,113.0,90,113.5,39,1,2022-03-01 09:03:28
1646125408666135000,113.0,20,113.0,70,113.5,39,2,2022-03-01 09:03:28
1646125408669537000,113.5,3,113.0,70,113.5,36,1,2022-03-01 09:03:28
1646125408698860000,113.0,1,113.0,69,113.5,36,2,2022-03-01 09:03:28
1646125408729390000,113.0,1,113.0,68,113.5,36,2,2022-03-01 09:03:28
1646125408845012000,113.0,3,113.0,65,113.5,36,2,2022-03-01 09:03:28
1646125410958394000,113.0,10,113.0,55,113.5,42,2,2022-03-01 09:03:30
1646125410978069000,113.5,1,113.0,55,113.5,41,1,2022-03-01 09:03:30
1646125411276004000,113.0,2,113.0,53,113.5,41,2,2022-03-01 09:03:31
1646125411336087000,113.0,1,113.0,52,113.5,41,2,2022-03-01 09:03:31
1646125411980394000,113.0,1,113.0,51,113.5,41,2,2022-03-01 09:03:31
1646125412148073000,113.5,1,113.0,51,113.5,42,1,2022-03-01 09:03:32
1646125412983466000,113.0,1,113.0,50,113.5,42,2,2022-03-01 09:03:32
1646125413119200000,113.0,1,113.0,49,113.5,42,2,2022-03-01 09:03:33
1646125413605374000,113.0,1,113.0,48,113.5,42,2,2022-03-01 09:03:33
1646125414519353000,113.0,1,113.0,57,113.5,42,2,2022-03-01 09:03:34
1646125416206829000,113.0,2,113.0,58,113.5,44,2,2022-03-01 09:03:36
1646125416527667000,113.0,6,113.0,53,113.5,44,2,2022-03-01 09:03:36
1646125416945396000,113.0,1,113.0,52,113.5,44,2,2022-03-01 09:03:36
1646125417348211000,113.0,5,113.0,53,113.5,44,2,2022-03-01 09:03:37
1646125417578462000,113.0,1,113.0,52,113.5,44,2,2022-03-01 09:03:37
1646125417759360000,113.5,1,113.0,52,113.5,43,1,2022-03-01 09:03:37
1646125417858726000,113.0,1,113.0,51,113.5,43,2,2022-03-01 09:03:37
1646125419314418000,113.0,1,113.0,50,113.5,44,2,2022-03-01 09:03:39
1646125419641512000,113.0,20,113.0,30,113.5,44,2,2022-03-01 09:03:39
1646125419672801000,113.0,1,113.0,29,113.5,44,2,2022-03-01 09:03:39
1646125419676381000,113.5,6,113.0,29,113.5,38,1,2022-03-01 09:03:39
1646125420699747000,113.0,1,113.0,29,113.5,40,2,2022-03-01 09:03:40
1646125420749592000,113.0,25,113.0,4,113.5,40,2,2022-03-01 09:03:40
1646125421441291000,113.0,4,113.0,1,113.5,41,2,2022-03-01 09:03:41
1646125421646943000,113.0,1,112.5,109,113.0,4,2,2022-03-01 09:03:41
1646125421691016000,113.0,4,112.5,109,113.5,41,1,2022-03-01 09:03:41
1646125422310430000,113.0,1,112.5,113,113.5,42,2,2022-03-01 09:03:42
1646125422524280000,113.0,1,112.5,113,113.5,42,1,2022-03-01 09:03:42
1646125422715999000,113.0,1,112.5,116,113.5,42,1,2022-03-01 09:03:42
1646125422762727000,113.0,1,112.5,116,113.5,42,1,2022-03-01 09:03:42
1646125422813433000,113.0,1,112.5,112,113.5,42,1,2022-03-01 09:03:42
1646125423093932000,112.5,1,112.5,111,113.5,42,2,2022-03-01 09:03:43
1646125423212262000,113.0,1,112.5,111,113.5,43,1,2022-03-01 09:03:43
1646125423298258000,113.0,1,112.5,111,113.0,6,1,2022-03-01 09:03:43
1646125423338002000,113.0,6,112.5,111,113.5,43,1,2022-03-01 09:03:43
1646125423918571000,113.0,3,112.5,111,113.0,8,1,2022-03-01 09:03:43
1646125424550835000,113.0,2,112.5,108,113.0,8,1,2022-03-01 09:03:44
1646125424928892000,113.0,3,112.5,108,113.0,6,1,2022-03-01 09:03:44
1646125424951367000,113.0,6,112.5,108,113.5,44,1,2022-03-01 09:03:44
1646125425444224000,113.0,1,112.5,108,113.0,1,2,2022-03-01 09:03:45
1646125425817744000,113.0,1,112.5,109,113.5,46,1,2022-03-01 09:03:45
1646125425959065000,113.5,1,112.5,109,113.5,45,1,2022-03-01 09:03:45
1646125426453418000,113.0,1,112.5,109,113.5,45,2,2022-03-01 09:03:46
1646125426999207000,113.0,1,112.5,109,113.5,45,1,2022-03-01 09:03:46
1646125427360888000,113.0,1,112.5,109,113.5,45,2,2022-03-01 09:03:47
1646125429542221000,113.0,1,113.0,1,113.5,53,2,2022-03-01 09:03:49
1646125430417546000,113.5,5,113.0,10,113.5,49,1,2022-03-01 09:03:50
1646125430924658000,113.5,2,113.0,22,113.5,47,1,2022-03-01 09:03:50
1646125431190114000,113.0,1,113.0,21,113.5,47,2,2022-03-01 09:03:51
1646125431464552000,113.0,2,113.0,25,113.5,47,2,2022-03-01 09:03:51
1646125431827236000,113.0,1,113.0,25,113.5,48,2,2022-03-01 09:03:51
1646125432329513000,113.0,1,113.0,24,113.5,48,2,2022-03-01 09:03:52
1646125432375201000,113.0,5,113.0,19,113.5,48,2,2022-03-01 09:03:52
1646125432437532000,113.0,1,113.0,18,113.5,48,2,2022-03-01 09:03:52
1646125432598644000,113.0,1,113.0,18,113.5,48,2,2022-03-01 09:03:52
1646125432599087000,113.5,1,113.0,18,113.5,47,1,2022-03-01 09:03:52
1646125433692450000,113.0,1,113.0,20,113.5,52,2,2022-03-01 09:03:53
1646125435460093000,113.0,1,113.0,36,113.5,52,2,2022-03-01 09:03:55
1646125438899755000,113.5,1,113.0,48,113.5,53,1,2022-03-01 09:03:58
1646125438932758000,113.5,53,113.0,48,114.0,82,1,2022-03-01 09:03:58
1646125439643243000,113.5,1,113.5,3,114.0,78,2,2022-03-01 09:03:59
1646125439798073000,113.5,1,113.5,2,114.0,78,2,2022-03-01 09:03:59
1646125440090124000,113.5,1,113.5,1,114.0,78,2,2022-03-01 09:04:00
1646125440741953000,113.0,3,113.0,53,114.0,78,2,2022-03-01 09:04:00
1646125440802532000,113.5,1,113.0,53,113.5,1,1,2022-03-01 09:04:00
1646125440802575000,113.5,1,113.0,53,114.0,83,1,2022-03-01 09:04:00
1646125440867451000,113.5,1,113.0,49,114.0,84,1,2022-03-01 09:04:00
1646125441571688000,113.5,1,113.5,1,114.0,84,2,2022-03-01 09:04:01
1646125441716391000,113.5,1,113.0,52,114.0,85,2,2022-03-01 09:04:01
1646125442020437000,113.5,1,113.0,52,114.0,85,1,2022-03-01 09:04:02
1646125442187284000,114.0,2,113.0,56,114.0,83,1,2022-03-01 09:04:02
1646125442621927000,113.5,1,113.0,51,114.0,83,2,2022-03-01 09:04:02
1646125442621927000,113.0,5,113.0,51,114.0,83,2,2022-03-01 09:04:02
1646125442945898000,113.0,1,113.0,53,114.0,83,2,2022-03-01 09:04:02
1646125443217452000,113.5,1,113.5,4,114.0,83,2,2022-03-01 09:04:03
1646125445224695000,113.5,2,113.5,5,114.0,78,2,2022-03-01 09:04:05
1646125446595724000,113.5,1,113.5,5,114.0,78,2,2022-03-01 09:04:06
1646125447113006000,113.5,1,113.5,4,114.0,78,2,2022-03-01 09:04:07
1646125447421244000,113.5,3,113.5,1,114.0,78,2,2022-03-01 09:04:07
1646125447677309000,113.5,1,113.5,1,114.0,79,2,2022-03-01 09:04:07
1646125448022724000,113.5,1,113.0,64,113.5,1,2,2022-03-01 09:04:08
1646125448057253000,113.5,1,113.0,64,114.0,79,1,2022-03-01 09:04:08
1646125448120739000,113.5,1,113.0,64,114.0,79,1,2022-03-01 09:04:08
1646125448525824000,113.0,1,113.0,63,114.0,89,2,2022-03-01 09:04:08
1646125449261248000,113.5,1,113.0,64,114.0,94,1,2022-03-01 09:04:09
1646125451813278000,113.5,1,113.0,76,113.5,2,1,2022-03-01 09:04:11
1646125451846073000,113.5,2,113.0,76,114.0,100,1,2022-03-01 09:04:11
1646125453622021000,113.5,1,113.5,15,114.0,101,2,2022-03-01 09:04:13
1646125455268125000,113.5,5,113.5,17,114.0,100,2,2022-03-01 09:04:15
1646125456302071000,113.5,2,113.5,18,114.0,100,2,2022-03-01 09:04:16
1646125456861577000,113.5,1,113.5,18,114.0,100,2,2022-03-01 09:04:16
1646125456899124000,114.0,8,113.5,18,114.0,92,1,2022-03-01 09:04:16
1646125457449832000,113.5,1,113.5,24,114.0,91,2,2022-03-01 09:04:17
1646125499496817000,113.5,136,113.0,119,113.5,44,1,2022-03-01 09:04:59
1646125500015722000,113.5,1,113.0,120,113.5,43,1,2022-03-01 09:05:00
1646125500114952000,113.0,4,113.0,116,113.5,45,2,2022-03-01 09:05:00
1646125500156153000,113.0,1,113.0,115,113.5,45,2,2022-03-01 09:05:00
1646125500335922000,113.0,1,113.0,114,113.5,45,2,2022-03-01 09:05:00
1646125501365257000,113.5,7,113.0,114,113.5,40,1,2022-03-01 09:05:01
1646125501372965000,113.0,10,113.0,104,113.5,40,2,2022-03-01 09:05:01
1646125501403517000,113.0,1,113.0,103,113.5,40,2,2022-03-01 09:05:01
1646125501433004000,113.0,1,113.0,102,113.5,40,2,2022-03-01 09:05:01
1646125501440731000,113.5,1,113.0,102,113.5,39,1,2022-03-01 09:05:01
1646125502102610000,113.0,1,113.0,104,113.5,40,2,2022-03-01 09:05:02
1646125503024111000,113.5,1,113.0,104,113.5,40,1,2022-03-01 09:05:03
1646125503729005000,113.5,1,113.0,104,113.5,43,1,2022-03-01 09:05:03
1646125505150081000,113.0,1,113.0,104,113.5,39,2,2022-03-01 09:05:05
1646125505442650000,113.0,2,113.0,103,113.5,44,2,2022-03-01 09:05:05
1646125505476130000,113.0,4,113.0,99,113.5,44,2,2022-03-01 09:05:05
1646125505654443000,113.5,1,113.0,99,113.5,43,1,2022-03-01 09:05:05
1646125506729766000,113.5,1,113.0,110,113.5,46,1,2022-03-01 09:05:06
1646125509331611000,113.5,2,113.0,117,113.5,49,1,2022-03-01 09:05:09
1646125509466462000,113.5,2,113.0,117,113.5,47,1,2022-03-01 09:05:09
1646125509514195000,113.5,1,113.0,117,113.5,46,1,2022-03-01 09:05:09
1646125509823294000,113.5,1,113.0,117,113.5,45,1,2022-03-01 09:05:09
1646125509971369000,113.5,5,113.0,117,113.5,41,1,2022-03-01 09:05:09
1646125510223365000,113.0,1,113.0,116,113.5,41,2,2022-03-01 09:05:10
1646125510605555000,113.5,1,113.0,116,113.5,40,1,2022-03-01 09:05:10
1646125511143016000,113.0,20,113.0,96,113.5,43,2,2022-03-01 09:05:11
1646125511186541000,113.0,4,113.0,92,113.5,43,2,2022-03-01 09:05:11
1646125511187116000,113.0,1,113.0,91,113.5,43,2,2022-03-01 09:05:11
1646125511221129000,113.0,1,113.0,90,113.5,47,2,2022-03-01 09:05:11
1646125511533279000,113.0,2,113.0,89,113.5,47,2,2022-03-01 09:05:11
1646125512197913000,113.0,3,113.0,84,113.5,47,2,2022-03-01 09:05:12
1646125512237461000,113.5,1,113.0,84,113.5,46,1,2022-03-01 09:05:12
1646125512615165000,113.5,1,113.0,84,113.5,41,1,2022-03-01 09:05:12
1646125512840800000,113.5,1,113.0,86,113.5,45,1,2022-03-01 09:05:12
1646125513818017000,113.0,2,113.0,87,113.5,45,2,2022-03-01 09:05:13
1646125513915844000,113.0,1,113.0,86,113.5,45,2,2022-03-01 09:05:13
1646125516647837000,113.5,1,113.0,111,113.5,52,1,2022-03-01 09:05:16
1646125521631940000,113.5,1,113.0,117,113.5,51,1,2022-03-01 09:05:21
1646125522033843000,113.5,1,113.0,117,113.5,49,1,2022-03-01 09:05:22
1646125527628308000,113.5,1,113.0,124,113.5,56,1,2022-03-01 09:05:27
1646125530367063000,113.0,10,113.0,115,113.5,56,2,2022-03-01 09:05:30
1646125531017949000,113.5,1,113.0,116,113.5,79,1,2022-03-01 09:05:31
1646125531358566000,113.5,6,113.0,117,113.5,73,1,2022-03-01 09:05:31
1646125531453271000,113.5,2,113.0,117,113.5,71,1,2022-03-01 09:05:31
1646125531476032000,113.0,4,113.0,113,113.5,69,2,2022-03-01 09:05:31
1646125532521578000,113.5,1,113.0,111,113.5,68,1,2022-03-01 09:05:32
1646125532661316000,113.5,1,113.0,111,113.5,67,1,2022-03-01 09:05:32
1646125533536738000,113.5,2,113.0,111,113.5,65,1,2022-03-01 09:05:33
1646125537162149000,113.5,2,113.0,121,113.5,65,1,2022-03-01 09:05:37
1646125537653838000,113.0,2,113.0,120,113.5,65,2,2022-03-01 09:05:37
1646125537723519000,113.5,10,113.0,120,113.5,55,1,2022-03-01 09:05:37
1646125538683547000,113.5,1,113.0,123,113.5,54,1,2022-03-01 09:05:38
1646125539419770000,113.5,6,113.0,123,113.5,53,1,2022-03-01 09:05:39
1646125539468355000,113.5,1,113.0,123,113.5,52,1,2022-03-01 09:05:39
1646125539695430000,113.5,1,113.0,123,113.5,52,1,2022-03-01 09:05:39
1646125540163202000,113.5,1,113.0,124,113.5,51,1,2022-03-01 09:05:40
1646125540226051000,113.5,1,113.0,124,113.5,50,1,2022-03-01 09:05:40
1646125540610425000,113.5,1,113.0,124,113.5,49,1,2022-03-01 09:05:40
1646125541038624000,113.5,1,113.0,125,113.5,48,1,2022-03-01 09:05:41
1646125541071780000,113.5,1,113.0,125,113.5,47,1,2022-03-01 09:05:41
1646125541138501000,113.5,1,113.0,125,113.5,46,1,2022-03-01 09:05:41
1646125541607727000,113.5,5,113.0,126,113.5,41,1,2022-03-01 09:05:41
1646125541641394000,113.5,4,113.0,126,113.5,37,1,2022-03-01 09:05:41
1646125541671404000,113.5,37,113.0,126,114.0,128,1,2022-03-01 09:05:41
1646125542602192000,113.5,1,113.5,2,114.0,128,2,2022-03-01 09:05:42
1646125542633021000,113.5,1,113.5,1,114.0,128,2,2022-03-01 09:05:42
1646125543595675000,114.0,1,113.5,12,114.0,127,1,2022-03-01 09:05:43
1646125547267229000,113.5,2,113.5,24,114.0,125,2,2022-03-01 09:05:47
1646125547875766000,114.0,1,113.5,24,114.0,124,1,2022-03-01 09:05:47
1646125547991499000,113.5,10,113.5,14,114.0,124,2,2022-03-01 09:05:47
1646125548980972000,113.5,1,113.5,15,114.0,124,2,2022-03-01 09:05:48
1646125550221436000,113.5,1,113.5,14,114.0,124,2,2022-03-01 09:05:50
1646125550799354000,113.5,2,113.5,12,114.0,124,2,2022-03-01 09:05:50
1646125551759770000,113.5,1,113.5,11,114.0,123,2,2022-03-01 09:05:51
1646125552136365000,113.5,1,113.5,10,114.0,123,2,2022-03-01 09:05:52
1646125553181795000,114.0,1,113.5,11,114.0,122,1,2022-03-01 09:05:53
1646125557200577000,113.5,1,113.5,21,114.0,128,2,2022-03-01 09:05:57
1646125559773378000,114.0,5,113.5,33,114.0,127,1,2022-03-01 09:05:59
1646125560147795000,113.5,10,113.5,24,114.0,128,2,2022-03-01 09:06:00
1646125562110523000,114.0,10,113.5,29,114.0,119,1,2022-03-01 09:06:02
1646125563169464000,114.0,8,113.5,31,114.0,111,1,2022-03-01 09:06:03
1646125565100848000,114.0,1,113.5,35,114.0,110,1,2022-03-01 09:06:05
1646125568254510000,114.0,1,113.5,37,114.0,110,1,2022-03-01 09:06:08
1646125568546497000,113.5,1,113.5,39,114.0,110,2,2022-03-01 09:06:08
1646125569428118000,114.0,1,113.5,36,114.0,109,1,2022-03-01 09:06:09
1646125570751779000,113.5,2,113.5,35,114.0,114,2,2022-03-01 09:06:10
1646125572203887000,113.5,1,113.5,37,114.0,115,2,2022-03-01 09:06:12
1646125572848949000,114.0,1,113.5,40,114.0,116,1,2022-03-01 09:06:12
1646125572862178000,113.5,1,113.5,39,114.0,116,2,2022-03-01 09:06:12
1646125572969021000,113.5,3,113.5,36,114.0,116,2,2022-03-01 09:06:12
1646125574482803000,114.0,1,113.5,33,114.0,122,1,2022-03-01 09:06:14
1646125574688643000,114.0,10,113.5,35,114.0,112,1,2022-03-01 09:06:14
1646125575566435000,114.0,7,113.5,46,114.0,106,1,2022-03-01 09:06:15
1646125578309148000,114.0,1,113.5,47,114.0,105,1,2022-03-01 09:06:18
1646125578703908000,114.0,2,113.5,46,114.0,103,1,2022-03-01 09:06:18
1646125579329493000,113.5,2,113.5,44,114.0,103,2,2022-03-01 09:06:19
1646125579358412000,113.5,1,113.5,43,114.0,103,2,2022-03-01 09:06:19
1646125579568229000,114.0,2,113.5,43,114.0,101,1,2022-03-01 09:06:19
1646125580007403000,114.0,1,113.5,43,114.0,100,1,2022-03-01 09:06:20
1646125582133919000,114.0,2,113.5,59,114.0,98,1,2022-03-01 09:06:22
1646125583425547000,114.0,1,113.5,62,114.0,97,1,2022-03-01 09:06:23
1646125583463955000,114.0,1,113.5,62,114.0,96,1,2022-03-01 09:06:23
1646125583828328000,114.0,1,113.5,62,114.0,95,1,2022-03-01 09:06:23
1646125583865504000,114.0,4,113.5,62,114.0,91,1,2022-03-01 09:06:23
1646125584234437000,114.0,1,113.5,62,114.0,90,1,2022-03-01 09:06:24
1646125586425725000,114.0,1,113.5,66,114.0,92,1,2022-03-01 09:06:26
1646125590483935000,114.0,5,113.5,66,114.0,98,1,2022-03-01 09:06:30
1646125590500315000,114.0,1,113.5,66,114.0,97,1,2022-03-01 09:06:30
1646125590692586000,113.5,10,113.5,56,114.0,97,2,2022-03-01 09:06:30
1646125590737242000,113.5,1,113.5,55,114.0,97,2,2022-03-01 09:06:30
1646125592356756000,113.5,1,113.5,55,114.0,97,2,2022-03-01 09:06:32
1646125592801145000,113.5,2,113.5,53,114.0,98,2,2022-03-01 09:06:32
1646125594077100000,114.0,1,113.5,53,114.0,107,1,2022-03-01 09:06:34
1646125594492270000,114.0,1,113.5,53,114.0,106,1,2022-03-01 09:06:34
1646125596888222000,113.5,1,113.5,54,114.0,112,2,2022-03-01 09:06:36
1646125596925149000,113.5,1,113.5,53,114.0,112,2,2022-03-01 09:06:36
1646125596943368000,113.5,1,113.5,52,114.0,112,2,2022-03-01 09:06:36
1646125597652466000,114.0,1,113.5,52,114.0,112,1,2022-03-01 09:06:37
1646125599310385000,113.5,1,113.5,47,114.0,115,2,2022-03-01 09:06:39
1646125599335948000,113.5,17,113.5,30,114.0,115,2,2022-03-01 09:06:39
1646125599367871000,113.5,30,113.0,159,114.0,115,2,2022-03-01 09:06:39
1646125599407657000,113.5,1,113.0,159,113.5,7,1,2022-03-01 09:06:39
1646125599830492000,113.5,1,113.0,159,113.5,7,1,2022-03-01 09:06:39
1646125600489783000,113.5,10,113.0,159,113.5,17,1,2022-03-01 09:06:40
1646125602353086000,113.5,1,113.0,159,113.5,41,1,2022-03-01 09:06:42
1646125602402984000,113.5,1,113.0,159,113.5,40,1,2022-03-01 09:06:42
1646125602463625000,113.0,1,113.0,158,113.5,40,2,2022-03-01 09:06:42
1646125602512432000,113.5,2,113.0,158,113.5,38,1,2022-03-01 09:06:42
1646125602692715000,113.5,1,113.0,158,113.5,39,1,2022-03-01 09:06:42
1646125603662561000,113.5,1,113.0,158,113.5,41,1,2022-03-01 09:06:43
1646125605118891000,113.5,20,113.0,158,113.5,23,1,2022-03-01 09:06:45
1646125605774452000,113.0,1,113.0,157,113.5,27,2,2022-03-01 09:06:45
1646125608124059000,113.5,1,113.0,162,113.5,38,1,2022-03-01 09:06:48
1646125608174906000,113.5,1,113.0,162,113.5,37,1,2022-03-01 09:06:48
1646125612653289000,113.5,1,113.0,162,113.5,47,1,2022-03-01 09:06:52
1646125613308452000,113.5,1,113.0,164,113.5,51,1,2022-03-01 09:06:53
1646125616247052000,113.5,1,113.0,160,113.5,51,1,2022-03-01 09:06:56
1646125617347082000,113.5,1,113.0,162,113.5,50,1,2022-03-01 09:06:57
1646125619382397000,113.5,9,113.0,162,113.5,44,1,2022-03-01 09:06:59
1646125619411702000,113.0,1,113.0,161,113.5,44,2,2022-03-01 09:06:59
1646125619976096000,113.5,10,113.0,161,113.5,34,1,2022-03-01 09:06:59
1646125620333945000,113.0,10,113.0,146,113.5,35,2,2022-03-01 09:07:00
1646125620376944000,113.0,1,113.0,145,113.5,35,2,2022-03-01 09:07:00
1646125620379371000,113.0,1,113.0,144,113.5,35,2,2022-03-01 09:07:00
1646125620411588000,113.0,1,113.0,143,113.5,35,2,2022-03-01 09:07:00
1646125620413318000,113.0,1,113.0,142,113.5,35,2,2022-03-01 09:07:00
1646125620442924000,113.0,1,113.0,142,113.5,35,2,2022-03-01 09:07:00
1646125622081036000,113.5,1,113.0,144,113.5,34,1,2022-03-01 09:07:02
1646125622248211000,113.5,1,113.0,144,113.5,32,1,2022-03-01 09:07:02
1646125623617972000,113.5,1,113.0,144,113.5,32,1,2022-03-01 09:07:03
1646125624015060000,113.5,1,113.0,143,113.5,31,1,2022-03-01 09:07:04
1646125626597752000,113.5,1,113.0,148,113.5,49,1,2022-03-01 09:07:06
1646125628818044000,113.5,4,113.0,147,113.5,68,1,2022-03-01 09:07:08
1646125631798066000,113.5,1,113.0,141,113.5,67,1,2022-03-01 09:07:11
1646125635366270000,113.0,12,113.0,134,113.5,74,2,2022-03-01 09:07:15
1646125635391624000,113.0,4,113.0,130,113.5,74,2,2022-03-01 09:07:15
1646125635392111000,113.0,4,113.0,126,113.5,74,2,2022-03-01 09:07:15
1646125635398097000,113.0,1,113.0,125,113.5,74,2,2022-03-01 09:07:15
1646125635422853000,113.0,7,113.0,118,113.5,70,2,2022-03-01 09:07:15
1646125635424235000,113.0,79,113.0,39,113.5,70,2,2022-03-01 09:07:15
1646125635424306000,113.0,8,113.0,31,113.5,70,2,2022-03-01 09:07:15
1646125635429787000,113.0,4,113.0,27,113.5,70,2,2022-03-01 09:07:15
1646125635430241000,113.0,1,113.0,26,113.5,70,2,2022-03-01 09:07:15
1646125635439945000,113.0,1,113.0,25,113.5,74,2,2022-03-01 09:07:15
1646125635462537000,113.0,1,113.0,24,113.5,75,2,2022-03-01 09:07:15
1646125635462701000,113.0,1,113.0,23,113.5,75,2,2022-03-01 09:07:15
1646125635463537000,113.0,1,113.0,22,113.5,75,2,2022-03-01 09:07:15
1646125635463736000,113.0,1,113.0,21,113.5,75,2,2022-03-01 09:07:15
1646125635479317000,113.0,1,113.0,20,113.5,75,2,2022-03-01 09:07:15
1646125635484621000,113.0,1,113.0,19,113.5,75,2,2022-03-01 09:07:15
1646125635485872000,113.0,1,113.0,18,113.5,75,2,2022-03-01 09:07:15
1646125635493462000,113.0,8,113.0,10,113.5,71,2,2022-03-01 09:07:15
1646125635529123000,113.0,1,113.0,9,113.5,71,2,2022-03-01 09:07:15
1646125635579509000,113.0,5,113.0,5,113.5,71,2,2022-03-01 09:07:15
1646125635583343000,113.0,2,113.0,3,113.5,71,2,2022-03-01 09:07:15
1646125636398753000,113.0,2,113.0,1,113.5,72,2,2022-03-01 09:07:16
1646125636973742000,113.5,3,113.0,2,113.5,69,1,2022-03-01 09:07:16
1646125639358581000,113.0,1,113.0,4,113.5,76,2,2022-03-01 09:07:19
1646125639777281000,113.0,2,113.0,7,113.5,76,2,2022-03-01 09:07:19
1646125640097580000,113.0,7,112.5,134,113.5,76,2,2022-03-01 09:07:20
1646125640097580000,112.5,3,112.5,134,113.5,76,2,2022-03-01 09:07:20
1646125641470352000,113.0,1,113.0,1,113.5,77,2,2022-03-01 09:07:21
1646125642170047000,113.0,1,112.5,133,113.5,78,2,2022-03-01 09:07:22
1646125644984751000,112.5,1,112.5,137,113.0,10,2,2022-03-01 09:07:24
1646125647912545000,113.0,1,112.5,143,113.0,7,1,2022-03-01 09:07:27
1646125649007460000,113.0,1,112.5,143,113.0,7,1,2022-03-01 09:07:29
1646125649533364000,112.5,3,112.5,140,113.0,7,2,2022-03-01 09:07:29
1646125649574176000,112.5,1,112.5,139,113.0,7,2,2022-03-01 09:07:29
1646125652347007000,112.5,10,112.5,126,113.0,13,2,2022-03-01 09:07:32
1646125652387966000,112.5,1,112.5,130,113.0,13,2,2022-03-01 09:07:32
1646125652419518000,112.5,1,112.5,129,113.0,13,2,2022-03-01 09:07:32
1646125653181100000,112.5,2,112.5,127,113.0,14,2,2022-03-01 09:07:33
1646125654878873000,112.5,2,112.5,139,113.0,17,2,2022-03-01 09:07:34
1646125654914416000,112.5,1,112.5,138,113.0,17,2,2022-03-01 09:07:34
1646125654915834000,112.5,1,112.5,137,113.0,17,2,2022-03-01 09:07:34
1646125654937289000,112.5,1,112.5,136,113.0,17,2,2022-03-01 09:07:34
1646125654937314000,112.5,1,112.5,135,113.0,17,2,2022-03-01 09:07:34
1646125655368737000,112.5,1,112.5,134,113.0,17,2,2022-03-01 09:07:35
1646125655880097000,113.0,1,112.5,135,113.0,16,1,2022-03-01 09:07:35
1646125655941118000,113.0,1,112.5,135,113.0,15,1,2022-03-01 09:07:35
1646125656078069000,112.5,1,112.5,134,113.0,15,2,2022-03-01 09:07:36
1646125659759131000,112.5,1,112.5,137,113.0,17,2,2022-03-01 09:07:39
1646125660121213000,113.0,2,112.5,128,113.0,15,1,2022-03-01 09:07:40
1646125660245043000,112.5,2,112.5,126,113.0,15,2,2022-03-01 09:07:40
1646125662161973000,112.5,1,112.5,126,113.0,36,2,2022-03-01 09:07:42
1646125662423691000,113.0,1,112.5,126,113.0,36,1,2022-03-01 09:07:42
1646125662680693000,112.5,1,112.5,126,113.0,36,2,2022-03-01 09:07:42
1646125663066855000,113.0,20,112.5,125,113.0,16,1,2022-03-01 09:07:43
1646125663559690000,112.5,4,112.5,121,113.0,16,2,2022-03-01 09:07:43
1646125663591900000,112.5,1,112.5,120,113.0,16,2,2022-03-01 09:07:43
1646125663593326000,112.5,1,112.5,119,113.0,16,2,2022-03-01 09:07:43
1646125668259244000,112.5,1,112.5,125,113.0,26,2,2022-03-01 09:07:48
1646125668926559000,113.0,1,112.5,125,113.0,25,1,2022-03-01 09:07:48
1646125671583943000,113.0,1,112.5,130,113.0,35,1,2022-03-01 09:07:51
1646125672941757000,113.0,1,112.5,130,113.0,34,1,2022-03-01 09:07:52
1646125673506189000,113.0,1,112.5,130,113.0,33,1,2022-03-01 09:07:53
1646125674278555000,112.5,1,112.5,129,113.0,33,2,2022-03-01 09:07:54
1646125674552752000,112.5,2,112.5,127,113.0,33,2,2022-03-01 09:07:54
1646125679418837000,113.0,5,112.5,138,113.0,49,1,2022-03-01 09:07:59
1646125680269200000,112.5,1,112.5,137,113.0,50,2,2022-03-01 09:08:00
1646125680491643000,112.5,10,112.5,127,113.0,50,2,2022-03-01 09:08:00
1646125680529873000,112.5,1,112.5,126,113.0,50,2,2022-03-01 09:08:00
1646125680534538000,112.5,1,112.5,125,113.0,50,2,2022-03-01 09:08:00
1646125680534701000,112.5,1,112.5,124,113.0,50,2,2022-03-01 09:08:00
1646125682916482000,112.5,1,112.5,124,113.0,52,2,2022-03-01 09:08:02
1646125682990185000,112.5,1,112.5,122,113.0,52,2,2022-03-01 09:08:02
1646125684444255000,112.5,4,112.5,119,113.0,52,2,2022-03-01 09:08:04
1646125686828527000,113.0,2,112.5,122,113.0,51,1,2022-03-01 09:08:06
1646125689774185000,112.5,10,112.5,115,113.0,57,2,2022-03-01 09:08:09
1646125689817716000,112.5,1,112.5,114,113.0,57,2,2022-03-01 09:08:09
1646125689849190000,113.0,1,112.5,114,113.0,56,1,2022-03-01 09:08:09
1646125690972392000,113.0,10,112.5,104,113.0,48,1,2022-03-01 09:08:10
1646125691778683000,112.5,2,112.5,104,113.0,49,2,2022-03-01 09:08:11
1646125691805610000,112.5,1,112.5,103,113.0,49,2,2022-03-01 09:08:11
1646125692224238000,112.5,1,112.5,102,113.0,49,2,2022-03-01 09:08:12
1646125693155220000,113.0,1,112.5,103,113.0,48,1,2022-03-01 09:08:13
1646125693314783000,112.5,1,112.5,102,113.0,48,2,2022-03-01 09:08:13
1646125693770842000,113.0,30,112.5,103,113.0,18,1,2022-03-01 09:08:13
1646125693804999000,113.0,6,112.5,103,113.0,12,1,2022-03-01 09:08:13
1646125694423591000,112.5,1,112.5,107,113.0,13,2,2022-03-01 09:08:14
1646125694532872000,113.0,1,112.5,102,113.0,12,1,2022-03-01 09:08:14
1646125695241700000,113.0,1,112.5,107,113.0,14,1,2022-03-01 09:08:15
1646125695639129000,112.5,1,112.5,106,113.0,14,2,2022-03-01 09:08:15
1646125695792666000,113.0,1,112.5,101,113.0,14,1,2022-03-01 09:08:15
1646125696237139000,113.0,1,112.5,106,113.0,13,1,2022-03-01 09:08:16
1646125698074849000,113.0,1,112.5,112,113.0,12,1,2022-03-01 09:08:18
1646125698952937000,113.0,3,112.5,112,113.0,9,1,2022-03-01 09:08:18
1646125698974764000,113.0,3,112.5,112,113.0,6,1,2022-03-01 09:08:18
1646125698996768000,113.0,6,112.5,112,113.5,94,1,2022-03-01 09:08:18
1646125699342173000,113.0,1,113.0,1,113.5,93,2,2022-03-01 09:08:19
1646125699676335000,113.0,1,112.5,116,113.5,93,2,2022-03-01 09:08:19
1646125700031314000,113.5,48,113.0,2,113.5,45,1,2022-03-01 09:08:20
1646125700123957000,113.5,32,113.0,7,113.5,13,1,2022-03-01 09:08:20
1646125700124077000,113.5,10,113.0,7,113.5,3,1,2022-03-01 09:08:20
1646125700133778000,113.5,3,113.0,7,114.0,186,1,2022-03-01 09:08:20
1646125700420915000,113.5,1,113.0,13,114.0,186,1,2022-03-01 09:08:20
1646125701145668000,113.5,1,113.5,1,114.0,186,2,2022-03-01 09:08:21
1646125701169413000,113.5,1,113.0,14,114.0,186,2,2022-03-01 09:08:21
1646125702711282000,113.0,1,113.0,16,113.5,1,2,2022-03-01 09:08:22
1646125702933769000,113.0,1,113.0,9,113.5,1,2,2022-03-01 09:08:22
1646125703256646000,113.0,1,113.0,10,113.5,2,2,2022-03-01 09:08:23
1646125704628685000,113.0,5,113.0,12,113.5,2,2,2022-03-01 09:08:24
1646125705223282000,113.5,1,113.0,24,113.5,2,1,2022-03-01 09:08:25
1646125705770948000,113.5,1,113.0,25,113.5,1,1,2022-03-01 09:08:25
1646125706484621000,113.0,5,113.0,37,113.5,1,2,2022-03-01 09:08:26
1646125706511282000,113.0,1,113.0,36,113.5,1,2,2022-03-01 09:08:26
1646125708194257000,113.5,1,113.0,37,113.5,1,1,2022-03-01 09:08:28
1646125709408553000,113.5,1,113.0,43,114.0,183,1,2022-03-01 09:08:29
1646125710337648000,113.0,10,113.0,36,114.0,183,2,2022-03-01 09:08:30
1646125713846830000,113.0,36,113.0,5,113.5,6,2,2022-03-01 09:08:33
1646125713877692000,113.0,5,112.5,109,113.5,6,2,2022-03-01 09:08:33
1646125713953973000,113.0,1,112.5,104,113.0,3,1,2022-03-01 09:08:33
1646125714731350000,112.5,1,112.5,112,113.0,4,2,2022-03-01 09:08:34
1646125715206550000,113.0,2,112.5,112,113.0,2,1,2022-03-01 09:08:35
1646125716775982000,113.0,1,112.5,112,113.0,1,1,2022-03-01 09:08:36
1646125716854712000,113.0,1,112.5,113,113.5,18,1,2022-03-01 09:08:36
1646125719779492000,113.0,3,112.5,115,113.5,74,2,2022-03-01 09:08:39
1646125720600341000,113.0,1,112.5,110,113.5,74,1,2022-03-01 09:08:40
1646125722747764000,112.5,1,112.5,112,113.5,98,2,2022-03-01 09:08:42
1646125722804124000,113.0,2,112.5,112,113.5,98,2,2022-03-01 09:08:42
1646125722903608000,113.0,1,112.5,106,113.0,4,1,2022-03-01 09:08:42
1646125723259170000,113.0,1,112.5,106,113.0,3,1,2022-03-01 09:08:43
1646125724728631000,113.0,1,112.5,102,113.0,2,1,2022-03-01 09:08:44
1646125724922012000,113.0,1,112.5,102,113.0,1,1,2022-03-01 09:08:44
1646125725385822000,113.0,1,112.5,109,113.5,98,1,2022-03-01 09:08:45
1646125725532696000,112.5,7,112.5,102,113.5,98,2,2022-03-01 09:08:45
1646125725683579000,113.0,1,112.5,93,113.5,98,2,2022-03-01 09:08:45
1646125725683579000,112.5,9,112.5,93,113.5,98,2,2022-03-01 09:08:45
1646125726435883000,113.0,3,112.5,88,113.0,4,1,2022-03-01 09:08:46
1646125729047230000,113.0,2,112.5,97,113.0,8,1,2022-03-01 09:08:49
1646125730669346000,113.0,2,112.5,99,113.0,6,1,2022-03-01 09:08:50
1646125730704454000,113.0,3,112.5,99,113.0,3,1,2022-03-01 09:08:50
1646125731389553000,112.5,3,112.5,95,113.0,3,2,2022-03-01 09:08:51
1646125731427307000,112.5,1,112.5,94,113.0,3,2,2022-03-01 09:08:51
1646125733231465000,113.0,1,112.5,95,113.0,4,1,2022-03-01 09:08:53
1646125735800657000,113.0,1,112.5,97,113.0,8,1,2022-03-01 09:08:55
1646125736039362000,113.0,2,112.5,98,113.0,6,1,2022-03-01 09:08:56
1646125738427846000,113.0,1,112.5,99,113.0,12,1,2022-03-01 09:08:58
1646125738707726000,113.0,1,112.5,98,113.0,11,1,2022-03-01 09:08:58
1646125738769373000,113.0,2,112.5,98,113.0,10,1,2022-03-01 09:08:58
1646125740397237000,112.5,10,112.5,88,113.0,13,2,2022-03-01 09:09:00
1646125745625204000,112.5,1,112.5,108,113.0,18,2,2022-03-01 09:09:05
1646125747829241000,113.0,1,112.5,102,113.0,24,1,2022-03-01 09:09:07
1646125748494804000,112.5,3,112.5,99,113.0,24,2,2022-03-01 09:09:08
1646125753645398000,112.5,1,112.5,100,113.0,27,2,2022-03-01 09:09:13
1646125753677005000,112.5,1,112.5,99,113.0,27,2,2022-03-01 09:09:13
1646125758672567000,112.5,1,112.5,103,113.0,29,2,2022-03-01 09:09:18
1646125761211412000,112.5,1,112.5,103,113.0,36,2,2022-03-01 09:09:21
1646125763987039000,113.0,5,112.5,105,113.0,31,1,2022-03-01 09:09:23
1646125769258413000,113.0,1,112.5,125,113.0,35,1,2022-03-01 09:09:29
1646125769577955000,112.5,10,112.5,115,113.0,35,2,2022-03-01 09:09:29
1646125769836793000,113.0,1,112.5,115,113.0,34,1,2022-03-01 09:09:29
1646125772382938000,113.0,1,112.5,116,113.0,33,1,2022-03-01 09:09:32
1646125772965658000,112.5,10,112.5,106,113.0,33,2,2022-03-01 09:09:32
1646125773496896000,112.5,10,112.5,96,113.0,33,2,2022-03-01 09:09:33
1646125773528009000,112.5,1,112.5,95,113.0,33,2,2022-03-01 09:09:33
1646125774224494000,112.5,12,112.5,76,113.0,43,2,2022-03-01 09:09:34
1646125774375009000,112.5,2,112.5,74,113.0,43,2,2022-03-01 09:09:34
1646125775303719000,112.5,2,112.5,72,113.0,53,2,2022-03-01 09:09:35
1646125776005537000,113.0,1,112.5,72,113.0,52,1,2022-03-01 09:09:36
1646125776238072000,112.5,5,112.5,67,113.0,52,2,2022-03-01 09:09:36
1646125776847553000,112.5,1,112.5,66,113.0,52,2,2022-03-01 09:09:36
1646125777174094000,112.5,1,112.5,65,113.0,52,2,2022-03-01 09:09:37
1646125777180650000,112.5,1,112.5,64,113.0,52,2,2022-03-01 09:09:37
1646125777207363000,112.5,20,112.5,44,113.0,52,2,2022-03-01 09:09:37
1646125777229732000,112.5,4,112.5,40,113.0,52,2,2022-03-01 09:09:37
1646125777232818000,112.5,12,112.5,28,113.0,52,2,2022-03-01 09:09:37
1646125777243628000,112.5,1,112.5,27,113.0,52,2,2022-03-01 09:09:37
1646125777262204000,112.5,6,112.5,21,113.0,52,2,2022-03-01 09:09:37
1646125777297170000,112.5,3,112.5,18,113.0,52,2,2022-03-01 09:09:37
1646125777552342000,112.5,1,112.5,17,113.0,52,2,2022-03-01 09:09:37
1646125778447925000,112.5,3,112.5,14,113.0,52,2,2022-03-01 09:09:38
1646125778566799000,112.5,1,112.5,13,113.0,52,2,2022-03-01 09:09:38
1646125779029012000,112.5,1,112.5,12,113.0,52,2,2022-03-01 09:09:39
1646125779089704000,112.5,4,112.5,8,113.0,53,2,2022-03-01 09:09:39
1646125779094775000,112.5,1,112.5,7,113.0,53,2,2022-03-01 09:09:39
1646125779124444000,112.5,5,112.5,2,113.0,53,2,2022-03-01 09:09:39
1646125779144121000,112.5,1,112.5,1,113.0,53,2,2022-03-01 09:09:39
1646125779255416000,112.5,1,112.0,164,113.0,54,2,2022-03-01 09:09:39
1646125782886462000,112.5,5,112.0,163,112.5,17,1,2022-03-01 09:09:42
1646125784797634000,112.5,1,112.0,176,112.5,17,1,2022-03-01 09:09:44
1646125785197168000,112.5,1,112.0,175,112.5,16,1,2022-03-01 09:09:45
1646125786609740000,112.5,1,112.0,175,112.5,17,1,2022-03-01 09:09:46
1646125786703044000,112.5,1,112.0,175,112.5,16,1,2022-03-01 09:09:46
1646125788137410000,112.5,1,112.0,176,112.5,15,1,2022-03-01 09:09:48
1646125788215016000,112.5,2,112.0,176,112.5,13,1,2022-03-01 09:09:48
1646125788946200000,112.5,1,112.0,176,112.5,13,1,2022-03-01 09:09:48
1646125789881937000,112.5,1,112.0,176,112.5,14,1,2022-03-01 09:09:49
1646125792282542000,112.5,5,112.0,175,112.5,7,1,2022-03-01 09:09:52
1646125793203822000,112.5,1,112.0,174,112.5,6,1,2022-03-01 09:09:53
1646125795545019000,112.5,1,112.0,174,112.5,11,1,2022-03-01 09:09:55
1646125796345791000,112.5,2,112.0,174,112.5,10,1,2022-03-01 09:09:56
1646125797154456000,112.5,1,112.0,174,112.5,9,1,2022-03-01 09:09:57
1646125798165497000,112.5,1,112.0,174,112.5,16,1,2022-03-01 09:09:58
1646125798213344000,112.5,1,112.0,174,112.5,15,1,2022-03-01 09:09:58
1646125798231708000,112.5,2,112.0,172,112.5,13,1,2022-03-01 09:09:58
1646125798363533000,112.0,3,112.0,169,112.5,13,2,2022-03-01 09:09:58
1646125798520103000,112.0,1,112.0,168,112.5,13,2,2022-03-01 09:09:58
1646125798523054000,112.5,2,112.0,168,112.5,11,1,2022-03-01 09:09:58
1646125798893648000,112.5,1,112.0,173,112.5,10,1,2022-03-01 09:09:58
1646125799149063000,112.5,1,112.0,173,112.5,9,1,2022-03-01 09:09:59
1646125799551007000,112.5,1,112.0,173,112.5,8,1,2022-03-01 09:09:59
1646125800190225000,112.5,1,112.0,173,112.5,8,1,2022-03-01 09:10:00
1646125800437656000,112.0,10,112.0,166,112.5,8,2,2022-03-01 09:10:00
1646125800453377000,112.5,1,112.0,166,112.5,7,1,2022-03-01 09:10:00
1646125800856011000,112.5,1,112.0,167,112.5,7,1,2022-03-01 09:10:00
1646125801208478000,112.0,5,112.0,162,112.5,7,2,2022-03-01 09:10:01
1646125802726472000,112.5,3,112.0,164,112.5,5,1,2022-03-01 09:10:02
1646125802941155000,112.5,1,112.0,164,112.5,4,1,2022-03-01 09:10:02
1646125803806177000,112.5,1,112.0,165,112.5,3,1,2022-03-01 09:10:03
1646125805615451000,112.5,1,112.0,165,112.5,25,1,2022-03-01 09:10:05
1646125805995807000,112.5,1,112.0,164,112.5,24,1,2022-03-01 09:10:05
1646125806350234000,112.5,5,112.0,164,112.5,21,1,2022-03-01 09:10:06
1646125806369414000,112.5,5,112.0,164,112.5,16,1,2022-03-01 09:10:06
1646125809369118000,112.5,1,112.0,164,112.5,63,1,2022-03-01 09:10:09
1646125809913927000,112.5,30,112.0,164,112.5,33,1,2022-03-01 09:10:09
1646125810051321000,112.5,1,112.0,164,112.5,32,1,2022-03-01 09:10:10
1646125810658570000,112.5,1,112.0,164,112.5,31,1,2022-03-01 09:10:10
1646125811724848000,112.5,1,112.0,164,112.5,31,1,2022-03-01 09:10:11
1646125811858594000,112.5,3,112.0,164,112.5,28,1,2022-03-01 09:10:11
1646125812480848000,112.5,4,112.0,164,112.5,25,1,2022-03-01 09:10:12
1646125813838322000,112.0,1,112.0,162,112.5,26,2,2022-03-01 09:10:13
1646125814121372000,112.5,2,112.0,162,112.5,24,1,2022-03-01 09:10:14
1646125814450888000,112.0,1,112.0,161,112.5,24,2,2022-03-01 09:10:14
1646125815413272000,112.5,1,112.0,163,112.5,23,1,2022-03-01 09:10:15
1646125816533625000,112.0,1,112.0,164,112.5,27,2,2022-03-01 09:10:16
1646125816555909000,112.5,1,112.0,164,112.5,26,1,2022-03-01 09:10:16
1646125817116650000,112.5,10,112.0,163,112.5,16,1,2022-03-01 09:10:17
1646125819923114000,112.0,1,112.0,164,112.5,23,2,2022-03-01 09:10:19
1646125821403853000,112.5,1,112.0,164,112.5,24,1,2022-03-01 09:10:21
1646125822365776000,112.5,1,112.0,166,112.5,22,1,2022-03-01 09:10:22
1646125822981747000,112.0,1,112.0,185,112.5,23,2,2022-03-01 09:10:22
1646125824609761000,112.0,1,112.0,186,112.5,26,2,2022-03-01 09:10:24
1646125824640882000,112.0,1,112.0,185,112.5,26,2,2022-03-01 09:10:24
1646125826197514000,112.0,1,112.0,184,112.5,30,2,2022-03-01 09:10:26
1646125826507647000,112.5,2,112.0,184,112.5,28,1,2022-03-01 09:10:26
1646125827619882000,112.5,1,112.0,185,112.5,27,1,2022-03-01 09:10:27
1646125828002679000,112.5,10,112.0,185,112.5,19,1,2022-03-01 09:10:28
1646125828582654000,112.5,2,112.0,184,112.5,18,1,2022-03-01 09:10:28
1646125830662903000,112.0,1,112.0,188,112.5,20,2,2022-03-01 09:10:30
1646125831320298000,112.0,1,112.0,187,112.5,20,2,2022-03-01 09:10:31
1646125831366907000,112.0,1,112.0,186,112.5,20,2,2022-03-01 09:10:31
1646125831879619000,112.5,5,112.0,186,112.5,15,1,2022-03-01 09:10:31
1646125832637589000,112.5,1,112.0,186,112.5,14,1,2022-03-01 09:10:32
1646125832652274000,112.0,10,112.0,176,112.5,14,2,2022-03-01 09:10:32
1646125832685552000,112.0,1,112.0,175,112.5,14,2,2022-03-01 09:10:32
1646125833433839000,112.5,1,112.0,176,112.5,14,1,2022-03-01 09:10:33
1646125833544489000,112.0,1,112.0,175,112.5,16,2,2022-03-01 09:10:33
1646125838694142000,112.5,5,112.0,175,112.5,22,1,2022-03-01 09:10:38
1646125841292126000,112.5,2,112.0,176,112.5,21,1,2022-03-01 09:10:41
1646125841310684000,112.0,1,112.0,175,112.5,21,2,2022-03-01 09:10:41
1646125846215256000,112.5,1,112.0,186,112.5,24,1,2022-03-01 09:10:46
1646125846937032000,112.5,1,112.0,186,112.5,24,1,2022-03-01 09:10:46
1646125846961103000,112.0,1,112.0,185,112.5,24,2,2022-03-01 09:10:46
1646125854181475000,112.5,2,112.0,190,112.5,29,1,2022-03-01 09:10:54
1646125854920032000,112.5,1,112.0,190,112.5,28,1,2022-03-01 09:10:54
1646125863011625000,112.0,10,112.0,181,112.5,90,2,2022-03-01 09:11:03
1646125863043338000,112.0,4,112.0,177,112.5,90,2,2022-03-01 09:11:03
1646125863043885000,112.0,1,112.0,176,112.5,90,2,2022-03-01 09:11:03
1646125863131464000,112.0,4,112.0,162,112.5,90,2,2022-03-01 09:11:03
1646125864192993000,112.0,4,112.0,158,112.5,92,2,2022-03-01 09:11:04
1646125864295508000,112.0,3,112.0,155,112.5,92,2,2022-03-01 09:11:04
1646125864334753000,112.0,2,112.0,153,112.5,92,2,2022-03-01 09:11:04
1646125865542615000,112.5,3,112.0,155,112.5,87,1,2022-03-01 09:11:05
1646125866767092000,112.0,1,112.0,165,112.5,87,2,2022-03-01 09:11:06
1646125866944037000,112.0,1,112.0,164,112.5,98,2,2022-03-01 09:11:06
1646125869344261000,112.5,1,112.0,154,112.5,109,1,2022-03-01 09:11:09
1646125870889598000,112.5,1,112.0,164,112.5,101,1,2022-03-01 09:11:10
1646125872893127000,112.5,1,112.0,165,112.5,105,1,2022-03-01 09:11:12
1646125873164894000,112.0,1,112.0,164,112.5,104,2,2022-03-01 09:11:13
1646125876808015000,112.0,3,112.0,152,112.5,105,2,2022-03-01 09:11:16
1646125878854916000,112.0,2,112.0,150,112.5,105,2,2022-03-01 09:11:18
1646125881239802000,112.5,25,112.0,130,112.5,80,1,2022-03-01 09:11:21
1646125882382436000,112.0,2,112.0,136,112.5,80,2,2022-03-01 09:11:22
1646125882541704000,112.5,1,112.0,136,112.5,79,1,2022-03-01 09:11:22
1646125883201791000,112.0,1,112.0,135,112.5,81,2,2022-03-01 09:11:23
1646125885662562000,112.0,1,112.0,129,112.5,80,2,2022-03-01 09:11:25
1646125891861430000,112.5,1,112.0,139,112.5,80,1,2022-03-01 09:11:31
1646125893361960000,112.0,3,112.0,145,112.5,81,2,2022-03-01 09:11:33
1646125893892871000,112.5,1,112.0,136,112.5,80,1,2022-03-01 09:11:33
1646125893895276000,112.5,1,112.0,136,112.5,79,1,2022-03-01 09:11:33
1646125893957172000,112.5,1,112.0,136,112.5,78,1,2022-03-01 09:11:33
1646125895410558000,112.0,10,112.0,129,112.5,78,2,2022-03-01 09:11:35
1646125895441275000,112.0,1,112.0,137,112.5,78,2,2022-03-01 09:11:35
1646125895441371000,112.0,1,112.0,136,112.5,78,2,2022-03-01 09:11:35
1646125898309857000,112.0,1,112.0,127,112.5,82,2,2022-03-01 09:11:38
1646125898347247000,112.0,1,112.0,126,112.5,82,2,2022-03-01 09:11:38
1646125899620773000,112.5,1,112.0,131,112.5,82,1,2022-03-01 09:11:39
1646125901057642000,112.0,1,112.0,138,112.5,84,2,2022-03-01 09:11:41
1646125904994865000,112.5,1,112.0,149,112.5,85,1,2022-03-01 09:11:44
1646125906077613000,112.0,1,112.0,148,112.5,84,2,2022-03-01 09:11:46
1646125909575590000,112.5,9,112.0,142,112.5,79,1,2022-03-01 09:11:49
1646125909689664000,112.0,1,112.0,149,112.5,79,2,2022-03-01 09:11:49
1646125910463843000,112.5,5,112.0,142,112.5,74,1,2022-03-01 09:11:50
1646125910639715000,112.0,1,112.0,141,112.5,74,2,2022-03-01 09:11:50
1646125910771516000,112.0,1,112.0,140,112.5,74,2,2022-03-01 09:11:50
1646125911975998000,112.5,10,112.0,146,112.5,65,1,2022-03-01 09:11:51
1646125912017211000,112.5,65,112.0,146,113.0,72,1,2022-03-01 09:11:52
1646125916487115000,112.5,20,112.0,167,112.5,6,2,2022-03-01 09:11:56
1646125916487406000,112.5,1,112.0,167,112.5,5,1,2022-03-01 09:11:56
1646125916515810000,112.5,5,112.0,167,113.0,70,1,2022-03-01 09:11:56
1646125916572585000,112.5,10,112.0,167,113.0,70,1,2022-03-01 09:11:56
1646125916587904000,113.0,2,112.0,167,113.0,68,1,2022-03-01 09:11:56
1646125916998659000,112.5,1,112.5,6,113.0,68,2,2022-03-01 09:11:56
1646125919405462000,112.5,1,112.5,22,113.0,68,2,2022-03-01 09:11:59
1646125920913487000,112.5,5,112.5,28,113.0,68,2,2022-03-01 09:12:00
1646125923243203000,112.5,3,112.5,34,113.0,67,2,2022-03-01 09:12:03
1646125923456377000,112.5,1,112.5,33,113.0,66,2,2022-03-01 09:12:03
1646125923758665000,112.5,10,112.5,29,113.0,66,2,2022-03-01 09:12:03
1646125925198352000,113.0,1,112.5,38,113.0,65,1,2022-03-01 09:12:05
1646125925649050000,113.0,1,112.5,38,113.0,64,1,2022-03-01 09:12:05
1646125930514081000,113.0,1,112.5,58,113.0,64,1,2022-03-01 09:12:10
1646125930595171000,113.0,1,112.5,58,113.0,63,1,2022-03-01 09:12:10
1646125932487405000,112.5,1,112.5,64,113.0,65,2,2022-03-01 09:12:12
1646125934331564000,113.0,1,112.5,59,113.0,67,1,2022-03-01 09:12:14
1646125934968531000,113.0,1,112.5,60,113.0,65,1,2022-03-01 09:12:14
1646125938288039000,113.0,3,112.5,77,113.0,63,1,2022-03-01 09:12:18
1646125940286199000,113.0,2,112.5,88,113.0,61,1,2022-03-01 09:12:20
1646125940446666000,113.0,1,112.5,88,113.0,60,1,2022-03-01 09:12:20
1646125941053409000,113.0,1,112.5,91,113.0,59,1,2022-03-01 09:12:21
1646125941087325000,113.0,21,112.5,91,113.0,38,1,2022-03-01 09:12:21
1646125941109767000,113.0,38,112.5,91,113.5,118,1,2022-03-01 09:12:21
1646125943284394000,113.0,1,113.0,11,113.5,114,2,2022-03-01 09:12:23
1646125943705260000,113.0,1,113.0,10,113.5,114,2,2022-03-01 09:12:23
1646125945149833000,113.0,1,113.0,25,113.5,114,2,2022-03-01 09:12:25
1646125946776115000,113.5,1,113.0,29,113.5,112,1,2022-03-01 09:12:26
1646125946968248000,113.0,10,113.0,24,113.5,112,2,2022-03-01 09:12:26
1646125949155789000,113.5,1,113.0,29,113.5,111,1,2022-03-01 09:12:29
1646125950968611000,113.5,35,113.0,30,113.5,76,1,2022-03-01 09:12:30
1646125952474500000,113.0,10,113.0,26,113.5,76,2,2022-03-01 09:12:32
1646125953415016000,113.0,2,113.0,24,113.5,76,2,2022-03-01 09:12:33
1646125953453433000,113.0,1,113.0,23,113.5,76,2,2022-03-01 09:12:33
1646125954656378000,113.5,1,113.0,18,113.5,75,1,2022-03-01 09:12:34
1646125955793892000,113.5,10,113.0,25,113.5,65,1,2022-03-01 09:12:35
1646125957461781000,113.5,1,113.0,39,113.5,65,1,2022-03-01 09:12:37
1646125957538310000,113.5,1,113.0,39,113.5,64,1,2022-03-01 09:12:37
1646125959665038000,113.5,1,113.0,43,113.5,64,1,2022-03-01 09:12:39
1646125961275146000,113.5,5,113.0,51,113.5,59,1,2022-03-01 09:12:41
1646125961890751000,113.5,1,113.0,52,113.5,60,1,2022-03-01 09:12:41
1646125962934125000,113.5,2,113.0,53,113.5,58,1,2022-03-01 09:12:42
1646125963644956000,113.5,5,113.0,52,113.5,53,1,2022-03-01 09:12:43
1646125963763841000,113.5,2,113.0,52,113.5,51,1,2022-03-01 09:12:43
1646125964523720000,113.0,1,113.0,52,113.5,51,2,2022-03-01 09:12:44
1646125964602694000,113.0,1,113.0,51,113.5,51,2,2022-03-01 09:12:44
1646125964620093000,113.5,1,113.0,51,113.5,50,1,2022-03-01 09:12:44
1646125965953365000,113.5,2,113.0,53,113.5,50,1,2022-03-01 09:12:45
1646125966106025000,113.5,20,113.0,54,113.5,35,1,2022-03-01 09:12:46
1646125966143051000,113.5,4,113.0,54,113.5,31,1,2022-03-01 09:12:46
1646125966729170000,113.5,1,113.0,62,113.5,30,1,2022-03-01 09:12:46
1646125968055116000,113.5,5,113.0,62,113.5,23,1,2022-03-01 09:12:48
1646125969199336000,113.5,1,113.0,62,113.5,23,1,2022-03-01 09:12:49
1646125970230351000,113.5,1,113.0,62,113.5,22,1,2022-03-01 09:12:50
1646125970540212000,113.5,1,113.0,62,113.5,21,1,2022-03-01 09:12:50
1646125970559738000,113.5,1,113.0,62,113.5,20,1,2022-03-01 09:12:50
1646125972050144000,113.5,1,113.0,61,113.5,19,1,2022-03-01 09:12:52
1646125972324902000,113.5,1,113.0,61,113.5,18,1,2022-03-01 09:12:52
1646125973940990000,113.5,1,113.0,66,113.5,19,1,2022-03-01 09:12:53
1646125973994380000,113.5,2,113.0,66,113.5,17,1,2022-03-01 09:12:53
1646125974886951000,113.5,8,113.0,66,113.5,7,1,2022-03-01 09:12:54
1646125976579621000,113.5,1,113.0,62,113.5,7,1,2022-03-01 09:12:56
1646125977123144000,113.5,1,113.0,67,113.5,6,1,2022-03-01 09:12:57
1646125977157086000,113.5,2,113.0,67,113.5,4,1,2022-03-01 09:12:57
1646125977240497000,113.5,1,113.0,67,113.5,3,1,2022-03-01 09:12:57
1646125977626476000,113.5,1,113.0,68,113.5,2,1,2022-03-01 09:12:57
1646125978310977000,113.5,2,113.0,68,114.0,221,1,2022-03-01 09:12:58
1646125979907534000,113.5,1,113.0,72,114.0,221,1,2022-03-01 09:12:59
1646125980079861000,113.5,1,113.0,72,114.0,226,2,2022-03-01 09:13:00
1646125980357384000,113.5,2,113.0,72,114.0,226,2,2022-03-01 09:13:00
1646125980447039000,113.0,2,113.0,70,114.0,225,2,2022-03-01 09:13:00
1646125980777799000,113.5,1,113.5,1,114.0,225,1,2022-03-01 09:13:00
1646125980811256000,113.5,1,113.0,59,114.0,225,2,2022-03-01 09:13:00
1646125981528770000,113.5,1,113.0,60,113.5,3,1,2022-03-01 09:13:01
1646125983379741000,113.5,1,113.0,63,113.5,4,1,2022-03-01 09:13:03
1646125985411188000,113.5,1,113.0,66,113.5,19,1,2022-03-01 09:13:05
1646125986236459000,113.0,10,113.0,66,113.5,30,2,2022-03-01 09:13:06
1646125986260771000,113.0,1,113.0,65,113.5,30,2,2022-03-01 09:13:06
1646125987757234000,113.0,1,113.0,63,113.5,39,2,2022-03-01 09:13:07
1646125987877770000,113.0,7,113.0,56,113.5,41,2,2022-03-01 09:13:07
1646125987908015000,113.0,24,113.0,32,113.5,41,2,2022-03-01 09:13:07
1646125987911674000,113.0,1,113.0,31,113.5,41,2,2022-03-01 09:13:07
1646125987943557000,113.0,25,113.0,6,113.5,41,2,2022-03-01 09:13:07
1646125987947816000,113.0,1,113.0,5,113.5,41,2,2022-03-01 09:13:07
1646125987954368000,113.0,1,113.0,4,113.5,41,2,2022-03-01 09:13:07
1646125987969246000,113.0,1,113.0,3,113.5,44,2,2022-03-01 09:13:07
1646125987969381000,113.0,3,112.5,103,113.5,44,2,2022-03-01 09:13:07
1646125987985714000,113.0,1,112.5,103,113.5,43,1,2022-03-01 09:13:07
1646125987985714000,113.5,1,112.5,103,113.5,43,1,2022-03-01 09:13:07
1646125989223924000,113.0,1,112.5,100,113.0,3,1,2022-03-01 09:13:09
1646125989993880000,113.0,1,112.5,99,113.0,6,1,2022-03-01 09:13:09
1646125990030886000,113.0,1,112.5,99,113.0,5,1,2022-03-01 09:13:10
1646125990779865000,113.0,1,112.5,100,113.0,5,1,2022-03-01 09:13:10
1646125990780883000,113.0,1,112.5,100,113.0,4,1,2022-03-01 09:13:10
1646125993094231000,113.0,1,112.5,100,113.0,5,1,2022-03-01 09:13:13
1646125995531459000,113.0,1,112.5,101,113.0,4,1,2022-03-01 09:13:15
1646125996006640000,113.0,1,112.5,101,113.0,3,1,2022-03-01 09:13:16
1646125996723901000,113.0,1,112.5,102,113.0,3,1,2022-03-01 09:13:16
1646125997222712000,112.5,1,112.5,102,113.0,5,2,2022-03-01 09:13:17
1646125997523529000,113.0,2,112.5,102,113.0,3,1,2022-03-01 09:13:17
1646125998356656000,113.5,5,113.0,2,113.5,49,1,2022-03-01 09:13:18
1646125999072252000,113.0,1,113.0,8,113.5,49,2,2022-03-01 09:13:19
1646126001803861000,113.0,2,113.0,10,113.5,47,2,2022-03-01 09:13:21
1646126001842472000,113.0,1,113.0,9,113.5,47,2,2022-03-01 09:13:21
1646126001872704000,113.0,1,113.0,8,113.5,47,2,2022-03-01 09:13:21
1646126003107514000,113.5,2,113.0,20,113.5,45,1,2022-03-01 09:13:23
1646126007106947000,113.0,5,113.0,23,113.5,69,2,2022-03-01 09:13:27
1646126009800844000,113.0,1,113.0,24,113.5,78,2,2022-03-01 09:13:29
1646126010295778000,113.5,1,113.0,24,113.5,78,1,2022-03-01 09:13:30
1646126010405383000,113.0,10,113.0,14,113.5,78,2,2022-03-01 09:13:30
1646126010449606000,113.0,1,113.0,13,113.5,78,2,2022-03-01 09:13:30
1646126013136531000,113.0,2,113.0,17,113.5,84,2,2022-03-01 09:13:33
1646126013686372000,113.0,1,113.0,17,113.5,84,2,2022-03-01 09:13:33
1646126013897748000,113.0,1,113.0,16,113.5,89,2,2022-03-01 09:13:33
1646126014136146000,113.0,5,113.0,13,113.5,89,2,2022-03-01 09:13:34
1646126015261882000,113.0,5,113.0,13,113.5,89,2,2022-03-01 09:13:35
1646126015289434000,113.0,1,113.0,12,113.5,89,2,2022-03-01 09:13:35
1646126015746871000,113.0,2,113.0,10,113.5,96,2,2022-03-01 09:13:35
1646126015777322000,113.0,10,112.5,105,113.5,96,2,2022-03-01 09:13:35
1646126017417293000,112.5,5,112.5,100,113.5,98,2,2022-03-01 09:13:37
1646126017899809000,113.0,1,113.0,1,113.5,98,1,2022-03-01 09:13:37
1646126017939547000,113.0,1,112.5,93,113.5,98,2,2022-03-01 09:13:37
1646126021263181000,113.0,1,112.5,93,113.0,4,1,2022-03-01 09:13:41
1646126021268598000,113.0,1,112.5,93,113.0,3,1,2022-03-01 09:13:41
1646126024386725000,113.0,1,112.5,106,113.0,6,1,2022-03-01 09:13:44
1646126026614151000,113.0,2,112.5,109,113.0,14,1,2022-03-01 09:13:46
1646126027783158000,113.0,1,112.5,109,113.0,15,1,2022-03-01 09:13:47
1646126032028214000,112.5,1,112.5,125,113.0,20,2,2022-03-01 09:13:52
1646126033237756000,113.0,1,112.5,125,113.0,19,1,2022-03-01 09:13:53
1646126033860363000,113.0,1,112.5,125,113.0,18,1,2022-03-01 09:13:53
1646126036011317000,113.0,1,112.5,125,113.0,18,1,2022-03-01 09:13:56
1646126038473826000,113.0,1,112.5,126,113.0,22,1,2022-03-01 09:13:58
1646126039872975000,113.0,3,112.5,126,113.0,19,1,2022-03-01 09:13:59
1646126039960659000,113.0,1,112.5,126,113.0,18,1,2022-03-01 09:13:59
1646126040507147000,112.5,1,112.5,125,113.0,20,2,2022-03-01 09:14:00
1646126042275380000,113.0,1,112.5,125,113.0,19,1,2022-03-01 09:14:02
1646126043238733000,113.0,1,112.5,125,113.0,24,1,2022-03-01 09:14:03
1646126045069299000,112.5,10,112.5,116,113.0,25,2,2022-03-01 09:14:05
1646126046435323000,113.0,1,112.5,117,113.0,29,1,2022-03-01 09:14:06
1646126046536243000,112.5,3,112.5,115,113.0,29,2,2022-03-01 09:14:06
1646126046581580000,112.5,1,112.5,114,113.0,29,2,2022-03-01 09:14:06
1646126052387381000,112.5,4,112.5,101,113.0,50,2,2022-03-01 09:14:12
1646126052434957000,112.5,1,112.5,100,113.0,50,2,2022-03-01 09:14:12
1646126056604015000,112.5,3,112.5,96,113.0,46,2,2022-03-01 09:14:16
1646126056987532000,112.5,2,112.5,98,113.0,46,2,2022-03-01 09:14:16
1646126058538434000,112.5,3,112.5,101,113.0,46,2,2022-03-01 09:14:18
1646126058572116000,112.5,1,112.5,100,113.0,46,2,2022-03-01 09:14:18
1646126058597660000,112.5,1,112.5,99,113.0,46,2,2022-03-01 09:14:18
1646126063234287000,112.5,3,112.5,93,113.0,47,2,2022-03-01 09:14:23
1646126064204536000,113.0,20,112.5,94,113.0,28,1,2022-03-01 09:14:24
1646126067419186000,113.0,4,112.5,111,113.0,24,1,2022-03-01 09:14:27
1646126070776770000,113.0,3,112.5,116,113.0,21,1,2022-03-01 09:14:30
1646126071278597000,113.0,1,112.5,116,113.0,20,1,2022-03-01 09:14:31
1646126071317642000,112.5,1,112.5,115,113.0,20,2,2022-03-01 09:14:31
1646126071346414000,112.5,1,112.5,114,113.0,20,2,2022-03-01 09:14:31
1646126074108276000,113.0,5,112.5,104,113.0,20,1,2022-03-01 09:14:34
1646126075003583000,113.0,2,112.5,113,113.0,18,1,2022-03-01 09:14:35
1646126077140769000,113.0,10,112.5,114,113.0,8,1,2022-03-01 09:14:37
1646126079687558000,113.0,9,113.0,21,113.5,135,1,2022-03-01 09:14:39
1646126080429432000,113.5,1,113.0,22,113.5,134,1,2022-03-01 09:14:40
1646126080601266000,113.0,1,113.0,21,113.5,134,2,2022-03-01 09:14:40
1646126080920608000,113.0,1,113.0,21,113.5,134,2,2022-03-01 09:14:40
1646126083549251000,113.0,10,113.0,23,113.5,134,2,2022-03-01 09:14:43
1646126084277298000,113.0,6,113.0,17,113.5,134,2,2022-03-01 09:14:44
1646126085644250000,113.0,1,113.0,21,113.5,134,2,2022-03-01 09:14:45
1646126087297549000,113.0,1,113.0,20,113.5,135,2,2022-03-01 09:14:47
1646126087363075000,113.5,1,113.0,20,113.5,134,1,2022-03-01 09:14:47
1646126088143673000,113.0,1,113.0,19,113.5,134,2,2022-03-01 09:14:48
1646126091285647000,113.0,1,113.0,32,113.5,134,2,2022-03-01 09:14:51
1646126094432060000,113.0,2,113.0,37,113.5,137,2,2022-03-01 09:14:54
1646126096628972000,113.5,3,113.0,40,113.5,129,1,2022-03-01 09:14:56
1646126096781542000,113.0,1,113.0,39,113.5,134,2,2022-03-01 09:14:56
1646126099644424000,113.0,1,113.0,39,113.5,134,2,2022-03-01 09:14:59
1646126099746188000,113.0,1,113.0,38,113.5,134,2,2022-03-01 09:14:59
1646126099746450000,113.0,1,113.0,37,113.5,134,2,2022-03-01 09:14:59
1646126100137292000,113.0,10,113.0,27,113.5,133,2,2022-03-01 09:15:00
1646126100299502000,113.0,1,113.0,26,113.5,133,2,2022-03-01 09:15:00
1646126100593980000,113.0,3,113.0,23,113.5,133,2,2022-03-01 09:15:00
1646126101750652000,113.0,1,113.0,22,113.5,133,2,2022-03-01 09:15:01
1646126102443011000,113.0,1,113.0,22,113.5,133,2,2022-03-01 09:15:02
1646126103335614000,113.0,1,113.0,22,113.5,133,2,2022-03-01 09:15:03
1646126103824843000,113.0,1,113.0,21,113.5,134,2,2022-03-01 09:15:03
1646126105969436000,113.0,1,113.0,25,113.5,134,2,2022-03-01 09:15:05
1646126107366974000,113.0,1,113.0,24,113.5,134,2,2022-03-01 09:15:07
1646126107663566000,113.0,3,113.0,21,113.5,134,2,2022-03-01 09:15:07
1646126108203320000,113.0,2,113.0,19,113.5,134,2,2022-03-01 09:15:08
1646126108208299000,113.0,3,113.0,16,113.5,134,2,2022-03-01 09:15:08
1646126109338041000,113.0,2,113.0,14,113.5,134,2,2022-03-01 09:15:09
1646126110781851000,113.5,1,113.0,14,113.5,133,1,2022-03-01 09:15:10
1646126111324550000,113.0,2,113.0,12,113.5,133,2,2022-03-01 09:15:11
1646126111573820000,113.0,4,113.0,8,113.5,133,2,2022-03-01 09:15:11
1646126113870460000,113.0,2,113.0,8,113.5,133,2,2022-03-01 09:15:13
1646126113974210000,113.0,2,113.0,6,113.5,133,2,2022-03-01 09:15:13
1646126114677401000,113.0,1,113.0,8,113.5,133,2,2022-03-01 09:15:14
1646126115565729000,113.0,3,113.0,5,113.5,133,2,2022-03-01 09:15:15
1646126116112358000,113.0,5,112.5,118,113.0,11,2,2022-03-01 09:15:16
1646126116405092000,113.0,1,112.5,118,113.0,10,1,2022-03-01 09:15:16
1646126117256767000,113.0,1,112.5,118,113.0,10,1,2022-03-01 09:15:17
1646126118597963000,113.0,1,112.5,118,113.0,10,1,2022-03-01 09:15:18
1646126124284474000,113.0,1,112.5,109,113.0,33,1,2022-03-01 09:15:24
1646126125411055000,113.0,1,112.5,109,113.0,34,1,2022-03-01 09:15:25
1646126126412833000,112.5,2,112.5,107,113.0,35,2,2022-03-01 09:15:26
1646126130442232000,112.5,1,112.5,106,113.0,36,2,2022-03-01 09:15:30
1646126131567570000,113.0,5,112.5,86,113.0,31,1,2022-03-01 09:15:31
1646126133421509000,112.5,3,112.5,95,113.0,32,2,2022-03-01 09:15:33
1646126140687220000,112.5,2,112.5,83,113.0,38,2,2022-03-01 09:15:40
1646126153502566000,112.5,4,112.5,80,113.0,44,2,2022-03-01 09:15:53
1646126153534966000,112.5,1,112.5,79,113.0,44,2,2022-03-01 09:15:53
1646126155407925000,112.5,1,112.5,98,113.0,44,2,2022-03-01 09:15:55
1646126155445906000,112.5,1,112.5,97,113.0,44,2,2022-03-01 09:15:55
1646126155709332000,112.5,2,112.5,95,113.0,44,2,2022-03-01 09:15:55
1646126159666808000,112.5,1,112.5,97,113.0,44,2,2022-03-01 09:15:59
1646126159984049000,112.5,2,112.5,95,113.0,47,2,2022-03-01 09:15:59
1646126160017638000,112.5,1,112.5,94,113.0,47,2,2022-03-01 09:16:00
1646126169519900000,112.5,4,112.5,91,113.0,69,2,2022-03-01 09:16:09
1646126171081151000,112.5,2,112.5,93,113.0,69,2,2022-03-01 09:16:11
1646126171119802000,112.5,1,112.5,92,113.0,69,2,2022-03-01 09:16:11
1646126191492654000,112.5,3,112.5,90,113.0,73,2,2022-03-01 09:16:31
1646126197532341000,112.5,1,112.5,94,113.0,73,2,2022-03-01 09:16:37
1646126207370197000,112.5,1,112.5,104,113.0,79,2,2022-03-01 09:16:47
1646126210079867000,113.0,6,112.5,105,113.0,72,1,2022-03-01 09:16:50
1646126210087229000,112.5,1,112.5,104,113.0,72,2,2022-03-01 09:16:50
1646126210136760000,112.5,2,112.5,102,113.0,72,2,2022-03-01 09:16:50
1646126211114163000,112.5,3,112.5,109,113.0,72,2,2022-03-01 09:16:51
1646126211165388000,112.5,1,112.5,108,113.0,72,2,2022-03-01 09:16:51
1646126211508013000,112.5,1,112.5,107,113.0,72,2,2022-03-01 09:16:51
1646126213548605000,112.5,2,112.5,105,113.0,72,2,2022-03-01 09:16:53
1646126214535839000,113.0,1,112.5,105,113.0,71,1,2022-03-01 09:16:54
1646126215354382000,112.5,5,112.5,100,113.0,71,2,2022-03-01 09:16:55
1646126230700649000,112.5,57,112.5,46,113.0,57,2,2022-03-01 09:17:10
1646126230730080000,112.5,4,112.5,42,113.0,57,2,2022-03-01 09:17:10
1646126230732218000,112.5,1,112.5,41,113.0,57,2,2022-03-01 09:17:10
1646126230753871000,112.5,1,112.5,40,113.0,57,2,2022-03-01 09:17:10
1646126230760620000,112.5,39,112.5,1,113.0,57,2,2022-03-01 09:17:10
1646126230778391000,112.5,1,112.0,211,113.0,57,2,2022-03-01 09:17:10
1646126231832393000,112.0,2,112.0,194,112.5,1,2,2022-03-01 09:17:11
1646126237960942000,112.5,5,112.0,200,112.5,9,1,2022-03-01 09:17:17
1646126238754329000,112.0,1,112.0,199,112.5,8,2,2022-03-01 09:17:18
1646126240585115000,112.5,1,112.0,199,112.5,3,1,2022-03-01 09:17:20
1646126242363072000,112.5,1,112.0,199,112.5,34,1,2022-03-01 09:17:22
1646126249931475000,112.5,10,112.0,197,112.5,40,1,2022-03-01 09:17:29
1646126250532642000,112.0,1,112.0,196,112.5,40,2,2022-03-01 09:17:30
1646126251945791000,112.5,1,112.0,196,112.5,39,1,2022-03-01 09:17:31
1646126252208191000,112.0,3,112.0,193,112.5,39,2,2022-03-01 09:17:32
1646126252243320000,112.0,1,112.0,192,112.5,39,2,2022-03-01 09:17:32
1646126252247981000,112.0,1,112.0,191,112.5,39,2,2022-03-01 09:17:32
1646126256565829000,112.0,5,112.0,186,112.5,49,2,2022-03-01 09:17:36
1646126257508278000,112.5,1,112.0,186,112.5,56,1,2022-03-01 09:17:37
1646126260372939000,112.0,1,112.0,185,112.5,49,2,2022-03-01 09:17:40
1646126262816513000,112.0,1,112.0,183,112.5,56,2,2022-03-01 09:17:42
1646126262835964000,112.0,1,112.0,182,112.5,56,2,2022-03-01 09:17:42
1646126262874949000,112.0,1,112.0,181,112.5,56,2,2022-03-01 09:17:42
1646126264511484000,112.0,1,112.0,180,112.5,57,2,2022-03-01 09:17:44
1646126265535783000,112.0,1,112.0,179,112.5,58,2,2022-03-01 09:17:45
1646126265824218000,112.0,5,112.0,174,112.5,58,2,2022-03-01 09:17:45
1646126265851645000,112.0,2,112.0,172,112.5,58,2,2022-03-01 09:17:45
1646126267143934000,112.0,1,112.0,171,112.5,54,2,2022-03-01 09:17:47
1646126268962183000,112.0,1,112.0,171,112.5,57,2,2022-03-01 09:17:48
1646126270986724000,112.0,2,112.0,167,112.5,57,2,2022-03-01 09:17:50
1646126275234956000,112.0,2,112.0,166,112.5,58,2,2022-03-01 09:17:55
1646126280859905000,112.0,1,112.0,176,112.5,58,2,2022-03-01 09:18:00
1646126284801889000,112.5,1,112.0,175,112.5,59,1,2022-03-01 09:18:04
1646126290172607000,112.0,4,112.0,170,112.5,59,2,2022-03-01 09:18:10
1646126291153966000,112.0,2,112.0,168,112.5,59,2,2022-03-01 09:18:11
1646126295383370000,112.0,3,112.0,165,112.5,68,2,2022-03-01 09:18:15
1646126297245198000,112.0,1,112.0,165,112.5,68,2,2022-03-01 09:18:17
1646126299238660000,112.0,1,112.0,164,112.5,68,2,2022-03-01 09:18:19
1646126301570797000,112.0,1,112.0,165,112.5,69,2,2022-03-01 09:18:21
1646126301645116000,112.0,1,112.0,164,112.5,69,2,2022-03-01 09:18:21
1646126302563994000,112.5,1,112.0,164,112.5,68,1,2022-03-01 09:18:22
1646126304353803000,112.5,2,112.0,164,112.5,66,1,2022-03-01 09:18:24
1646126311904671000,112.0,1,112.0,165,112.5,66,2,2022-03-01 09:18:31
1646126315691559000,112.5,1,112.0,168,112.5,72,1,2022-03-01 09:18:35
1646126321283258000,112.0,1,112.0,167,112.5,76,2,2022-03-01 09:18:41
1646126331449035000,112.5,1,112.0,180,112.5,77,1,2022-03-01 09:18:51
1646126334346622000,112.0,10,112.0,170,112.5,83,2,2022-03-01 09:18:54
1646126334388150000,112.0,1,112.0,169,112.5,83,2,2022-03-01 09:18:54
1646126334390879000,112.0,1,112.0,168,112.5,83,2,2022-03-01 09:18:54
1646126336597734000,112.5,2,112.0,168,112.5,81,1,2022-03-01 09:18:56
1646126344950606000,112.5,1,112.0,172,112.5,87,1,2022-03-01 09:19:04
1646126345286185000,112.0,2,112.0,170,112.5,87,2,2022-03-01 09:19:05
1646126345393790000,112.0,2,112.0,168,112.5,87,2,2022-03-01 09:19:05
1646126345407741000,112.0,1,112.0,167,112.5,87,2,2022-03-01 09:19:05
1646126345430885000,112.0,1,112.0,166,112.5,87,2,2022-03-01 09:19:05
1646126345741554000,112.0,2,112.0,164,112.5,87,2,2022-03-01 09:19:05
1646126349596842000,112.5,10,112.0,170,112.5,77,1,2022-03-01 09:19:09
1646126350384227000,112.5,1,112.0,170,112.5,76,1,2022-03-01 09:19:10
1646126356013548000,112.0,1,112.0,169,112.5,78,2,2022-03-01 09:19:16
1646126356272796000,112.5,2,112.0,169,112.5,76,1,2022-03-01 09:19:16
1646126356694135000,112.0,3,112.0,166,112.5,73,2,2022-03-01 09:19:16
1646126358030859000,112.0,1,112.0,165,112.5,83,2,2022-03-01 09:19:18
1646126358401299000,112.5,1,112.0,165,112.5,82,1,2022-03-01 09:19:18
1646126364317898000,112.0,1,112.0,161,112.5,82,2,2022-03-01 09:19:24
1646126369075939000,112.5,2,112.0,163,112.5,85,1,2022-03-01 09:19:29
1646126371721662000,112.0,5,112.0,159,112.5,85,2,2022-03-01 09:19:31
1646126379696825000,112.0,1,112.0,164,112.5,85,2,2022-03-01 09:19:39
1646126391065472000,112.0,20,112.0,145,112.5,89,2,2022-03-01 09:19:51
1646126391104760000,112.0,1,112.0,144,112.5,89,2,2022-03-01 09:19:51
1646126393849944000,112.0,5,112.0,140,112.5,90,2,2022-03-01 09:19:53
1646126396349750000,112.0,1,112.0,139,112.5,90,2,2022-03-01 09:19:56
1646126396470402000,112.0,1,112.0,138,112.5,90,2,2022-03-01 09:19:56
1646126396487189000,112.0,2,112.0,136,112.5,90,2,2022-03-01 09:19:56
1646126397762807000,112.0,1,112.0,135,112.5,90,2,2022-03-01 09:19:57
1646126398350072000,112.0,2,112.0,124,112.5,90,2,2022-03-01 09:19:58
1646126398476144000,112.0,1,112.0,123,112.5,90,2,2022-03-01 09:19:58
1646126398775586000,112.0,1,112.0,122,112.5,90,2,2022-03-01 09:19:58
1646126399039687000,112.0,1,112.0,121,112.5,90,2,2022-03-01 09:19:59
1646126399724906000,112.0,3,112.0,118,112.5,90,2,2022-03-01 09:19:59
1646126399831074000,112.0,3,112.0,115,112.5,90,2,2022-03-01 09:19:59
1646126400757277000,112.0,1,112.0,114,112.5,90,2,2022-03-01 09:20:00
1646126401010589000,112.0,2,112.0,112,112.5,90,2,2022-03-01 09:20:01
1646126402807871000,112.0,3,112.0,109,112.5,90,2,2022-03-01 09:20:02
1646126405020819000,112.0,1,112.0,114,112.5,90,2,2022-03-01 09:20:05
1646126405760435000,112.0,2,112.0,112,112.5,90,2,2022-03-01 09:20:05
1646126405934333000,112.0,12,112.0,100,112.5,90,2,2022-03-01 09:20:05
