ts,close,volume,bid_price,bid_volume,ask_price,ask_volume,tick_type,datetime
1646125336681774000,38.95,1581,38.9,29,38.95,61,1,2022-03-01 09:02:16
1646125336775363000,38.9,3,38.9,26,38.95,73,2,2022-03-01 09:02:16
1646125336776039000,38.95,2,38.9,26,38.95,71,1,2022-03-01 09:02:16
1646125336812841000,38.9,4,38.9,22,38.95,73,2,2022-03-01 09:02:16
1646125336813840000,38.95,1,38.9,22,38.95,72,1,2022-03-01 09:02:16
1646125336816125000,38.95,1,38.9,22,38.95,71,1,2022-03-01 09:02:16
1646125336818660000,38.9,1,38.9,21,38.95,71,2,2022-03-01 09:02:16
1646125336854965000,38.9,1,38.9,20,38.95,71,2,2022-03-01 09:02:16
1646125336859510000,38.9,1,38.9,19,38.95,71,2,2022-03-01 09:02:16
1646125336888878000,38.9,1,38.9,18,38.95,71,2,2022-03-01 09:02:16
1646125336919853000,38.9,1,38.9,17,38.95,74,2,2022-03-01 09:02:16
1646125336959386000,38.9,6,38.9,11,38.95,74,2,2022-03-01 09:02:16
1646125336964979000,38.9,1,38.9,10,38.95,74,2,2022-03-01 09:02:16
1646125336995542000,38.9,1,38.9,9,38.95,80,2,2022-03-01 09:02:16
1646125337000477000,38.9,1,38.9,8,38.95,80,2,2022-03-01 09:02:17
1646125337022229000,38.9,1,38.9,7,38.95,80,2,2022-03-01 09:02:17
1646125337422256000,38.95,2,38.9,7,38.95,78,1,2022-03-01 09:02:17
1646125337753762000,38.9,7,38.8,25,38.95,78,2,2022-03-01 09:02:17
1646125337753762000,38.85,12,38.8,25,38.95,78,2,2022-03-01 09:02:17
1646125337753762000,38.8,6,38.8,25,38.95,78,2,2022-03-01 09:02:17
1646125337776471000,38.8,25,38.75,2,38.8,52,2,2022-03-01 09:02:17
1646125337806225000,38.75,1,38.75,1,38.8,52,2,2022-03-01 09:02:17
1646125337807420000,38.75,1,38.7,24,38.8,52,2,2022-03-01 09:02:17
1646125338045091000,38.75,1,38.7,24,38.75,2,1,2022-03-01 09:02:18
1646125339275283000,38.75,1,38.7,24,38.75,6,1,2022-03-01 09:02:19
1646125339846060000,38.75,5,38.7,24,38.75,1,1,2022-03-01 09:02:19
1646125339977697000,38.75,1,38.7,24,38.8,54,1,2022-03-01 09:02:19
1646125339977697000,38.8,1,38.7,24,38.8,54,1,2022-03-01 09:02:19
1646125339980235000,38.8,5,38.7,24,38.8,49,1,2022-03-01 09:02:19
1646125340208408000,38.7,24,38.65,1,38.8,57,2,2022-03-01 09:02:20
1646125340228732000,38.65,1,38.6,14,38.8,57,2,2022-03-01 09:02:20
1646125340243504000,38.75,3,38.6,14,38.8,55,1,2022-03-01 09:02:20
1646125340243504000,38.8,2,38.6,14,38.8,55,1,2022-03-01 09:02:20
1646125340600372000,38.75,1,38.6,14,38.75,3,1,2022-03-01 09:02:20
1646125340628448000,38.6,14,38.55,9,38.75,3,2,2022-03-01 09:02:20
1646125340930065000,38.7,2,38.55,9,38.7,1,1,2022-03-01 09:02:20
1646125341170989000,38.7,1,38.55,9,38.75,7,1,2022-03-01 09:02:21
1646125342063204000,38.7,1,38.6,15,38.7,11,1,2022-03-01 09:02:22
1646125342272464000,38.6,1,38.6,14,38.7,11,2,2022-03-01 09:02:22
1646125342343210000,38.65,1,38.6,14,38.7,10,1,2022-03-01 09:02:22
1646125342399258000,38.7,1,38.6,14,38.7,13,1,2022-03-01 09:02:22
1646125342618465000,38.6,1,38.6,13,38.7,21,2,2022-03-01 09:02:22
1646125343262244000,38.6,13,38.55,9,38.65,3,2,2022-03-01 09:02:23
1646125343296746000,38.6,1,38.55,9,38.6,1,1,2022-03-01 09:02:23
1646125343332047000,38.6,1,38.55,9,38.6,4,1,2022-03-01 09:02:23
1646125343334860000,38.55,1,38.55,8,38.6,4,2,2022-03-01 09:02:23
1646125343368927000,38.6,2,38.55,8,38.6,5,1,2022-03-01 09:02:23
1646125343491259000,38.6,1,38.55,8,38.6,4,1,2022-03-01 09:02:23
1646125343514774000,38.6,4,38.55,8,38.65,3,1,2022-03-01 09:02:23
1646125343547438000,38.55,1,38.55,7,38.65,3,2,2022-03-01 09:02:23
1646125344105202000,38.6,1,38.55,7,38.6,9,1,2022-03-01 09:02:24
1646125344307485000,38.6,1,38.55,7,38.6,13,1,2022-03-01 09:02:24
1646125344388670000,38.6,1,38.55,7,38.6,12,1,2022-03-01 09:02:24
1646125344549227000,38.55,1,38.55,6,38.6,12,2,2022-03-01 09:02:24
1646125344766117000,38.6,2,38.55,6,38.6,11,1,2022-03-01 09:02:24
1646125345705970000,38.6,1,38.55,6,38.6,13,1,2022-03-01 09:02:25
1646125345791235000,38.6,1,38.55,6,38.6,12,1,2022-03-01 09:02:25
1646125346233411000,38.55,3,38.55,3,38.6,12,2,2022-03-01 09:02:26
1646125346312117000,38.55,3,38.5,46,38.6,21,2,2022-03-01 09:02:26
1646125346354456000,38.5,46,38.45,10,38.6,21,2,2022-03-01 09:02:26
1646125346414559000,38.45,1,38.45,9,38.55,4,2,2022-03-01 09:02:26
1646125346431440000,38.45,9,38.4,36,38.55,7,2,2022-03-01 09:02:26
1646125346553032000,38.5,1,38.4,36,38.5,2,1,2022-03-01 09:02:26
1646125346638735000,38.4,5,38.4,31,38.5,2,2,2022-03-01 09:02:26
1646125346954057000,38.5,1,38.4,31,38.5,7,1,2022-03-01 09:02:26
1646125347107459000,38.4,1,38.4,30,38.5,7,2,2022-03-01 09:02:27
1646125347234424000,38.5,1,38.4,30,38.5,16,1,2022-03-01 09:02:27
1646125347392658000,38.5,1,38.4,30,38.5,15,1,2022-03-01 09:02:27
1646125347433117000,38.5,1,38.4,30,38.5,18,1,2022-03-01 09:02:27
1646125347600523000,38.5,5,38.4,30,38.5,17,1,2022-03-01 09:02:27
1646125347765318000,38.4,1,38.4,29,38.45,5,2,2022-03-01 09:02:27
1646125347869867000,38.45,2,38.4,29,38.45,13,1,2022-03-01 09:02:27
1646125347906394000,38.45,3,38.4,29,38.45,10,1,2022-03-01 09:02:27
1646125348008953000,38.45,1,38.4,29,38.45,9,1,2022-03-01 09:02:28
1646125348050680000,38.4,1,38.4,28,38.45,9,2,2022-03-01 09:02:28
1646125348139342000,38.4,1,38.4,27,38.45,9,2,2022-03-01 09:02:28
1646125348407402000,38.4,1,38.4,27,38.45,9,2,2022-03-01 09:02:28
1646125348439740000,38.4,1,38.4,26,38.45,9,2,2022-03-01 09:02:28
1646125348502336000,38.4,26,38.35,11,38.45,10,2,2022-03-01 09:02:28
1646125348628969000,38.35,10,38.35,1,38.4,3,2,2022-03-01 09:02:28
1646125348637225000,38.4,1,38.35,1,38.4,2,1,2022-03-01 09:02:28
1646125348648924000,38.4,2,38.35,1,38.45,16,1,2022-03-01 09:02:28
1646125348648924000,38.45,3,38.35,1,38.45,16,1,2022-03-01 09:02:28
1646125348670949000,38.35,1,38.3,71,38.4,2,2,2022-03-01 09:02:28
1646125349016747000,38.3,1,38.3,70,38.4,18,2,2022-03-01 09:02:29
1646125349096352000,38.3,1,38.3,69,38.4,21,2,2022-03-01 09:02:29
1646125349333988000,38.4,1,38.3,69,38.4,20,1,2022-03-01 09:02:29
1646125349475514000,38.4,2,38.3,69,38.4,18,1,2022-03-01 09:02:29
1646125349529401000,38.3,1,38.3,68,38.35,1,2,2022-03-01 09:02:29
1646125349637053000,38.3,1,38.3,67,38.35,5,2,2022-03-01 09:02:29
1646125349979731000,38.35,1,38.3,67,38.35,9,1,2022-03-01 09:02:29
1646125350047324000,38.3,1,38.3,71,38.35,9,2,2022-03-01 09:02:30
1646125350050120000,38.3,1,38.3,70,38.35,9,2,2022-03-01 09:02:30
1646125350231219000,38.35,1,38.3,70,38.35,8,1,2022-03-01 09:02:30
1646125350398638000,38.3,1,38.3,69,38.35,8,2,2022-03-01 09:02:30
1646125350503650000,38.3,1,38.3,68,38.35,8,2,2022-03-01 09:02:30
1646125350754647000,38.3,1,38.3,67,38.35,8,2,2022-03-01 09:02:30
1646125350831462000,38.3,1,38.3,66,38.35,8,2,2022-03-01 09:02:30
1646125351458536000,38.3,1,38.3,65,38.35,8,2,2022-03-01 09:02:31
1646125351508278000,38.3,1,38.3,64,38.35,8,2,2022-03-01 09:02:31
1646125351518918000,38.3,8,38.3,56,38.35,8,2,2022-03-01 09:02:31
1646125351549088000,38.3,56,38.25,10,38.35,8,2,2022-03-01 09:02:31
1646125351615342000,38.25,10,38.2,24,38.3,5,2,2022-03-01 09:02:31
1646125351688276000,38.25,1,38.2,24,38.25,1,1,2022-03-01 09:02:31
1646125351691215000,38.25,1,38.2,24,38.3,8,1,2022-03-01 09:02:31
1646125351691681000,38.3,1,38.2,24,38.3,7,1,2022-03-01 09:02:31
1646125351765547000,38.25,1,38.2,24,38.3,12,1,2022-03-01 09:02:31
1646125351945947000,38.3,2,38.2,24,38.3,10,1,2022-03-01 09:02:31
1646125352159055000,38.2,1,38.2,23,38.3,16,2,2022-03-01 09:02:32
1646125352563754000,38.2,1,38.2,22,38.3,16,2,2022-03-01 09:02:32
1646125352871404000,38.2,1,38.2,21,38.3,16,2,2022-03-01 09:02:32
1646125353028629000,38.3,5,38.25,1,38.3,11,1,2022-03-01 09:02:33
1646125353061318000,38.25,1,38.2,21,38.3,11,2,2022-03-01 09:02:33
1646125353094792000,38.2,21,38.15,12,38.25,1,2,2022-03-01 09:02:33
1646125353122016000,38.25,1,38.15,12,38.25,6,1,2022-03-01 09:02:33
1646125353124676000,38.25,1,38.15,12,38.25,5,1,2022-03-01 09:02:33
1646125353193375000,38.15,1,38.15,11,38.2,3,2,2022-03-01 09:02:33
1646125353194320000,38.2,2,38.15,11,38.2,1,1,2022-03-01 09:02:33
1646125353212635000,38.2,1,38.15,11,38.2,1,1,2022-03-01 09:02:33
1646125353292046000,38.2,1,38.15,11,38.25,6,1,2022-03-01 09:02:33
1646125353583479000,38.25,1,38.15,11,38.25,5,1,2022-03-01 09:02:33
1646125354109752000,38.15,10,38.15,1,38.25,5,2,2022-03-01 09:02:34
1646125354172512000,38.15,1,38.1,42,38.2,1,2,2022-03-01 09:02:34
1646125354172512000,38.1,4,38.1,42,38.2,1,2,2022-03-01 09:02:34
1646125354541768000,38.2,2,38.15,4,38.2,1,1,2022-03-01 09:02:34
1646125354567716000,38.2,1,38.15,4,38.25,11,1,2022-03-01 09:02:34
1646125354676029000,38.15,4,38.1,42,38.25,11,2,2022-03-01 09:02:34
1646125354733091000,38.25,5,38.1,42,38.25,6,1,2022-03-01 09:02:34
1646125354902543000,38.1,8,38.1,34,38.25,7,2,2022-03-01 09:02:34
1646125355253794000,38.2,1,38.1,34,38.25,8,1,2022-03-01 09:02:35
1646125355286345000,38.25,1,38.1,34,38.25,7,1,2022-03-01 09:02:35
1646125355406591000,38.2,5,38.1,34,38.2,1,1,2022-03-01 09:02:35
1646125355438437000,38.2,1,38.1,34,38.25,7,1,2022-03-01 09:02:35
1646125355489628000,38.2,1,38.1,34,38.25,7,1,2022-03-01 09:02:35
1646125355646893000,38.1,1,38.1,33,38.2,6,2,2022-03-01 09:02:35
1646125355935433000,38.2,1,38.1,33,38.2,5,1,2022-03-01 09:02:35
1646125356463188000,38.2,1,38.1,33,38.2,4,1,2022-03-01 09:02:36
1646125356511568000,38.2,1,38.1,33,38.2,3,1,2022-03-01 09:02:36
1646125356567164000,38.1,1,38.1,32,38.2,3,2,2022-03-01 09:02:36
1646125356799779000,38.2,1,38.1,32,38.2,2,1,2022-03-01 09:02:36
1646125357632234000,38.15,4,38.15,3,38.2,2,2,2022-03-01 09:02:37
1646125357633107000,38.15,2,38.15,1,38.2,2,2,2022-03-01 09:02:37
1646125357635738000,38.2,2,38.15,1,38.25,2,1,2022-03-01 09:02:37
1646125357663761000,38.15,1,38.1,32,38.25,2,2,2022-03-01 09:02:37
1646125357689210000,38.25,1,38.1,32,38.25,1,1,2022-03-01 09:02:37
1646125357717630000,38.1,30,38.1,2,38.2,1,2,2022-03-01 09:02:37
1646125357739792000,38.2,1,38.1,2,38.25,1,1,2022-03-01 09:02:37
1646125357793118000,38.15,2,38.1,2,38.15,3,1,2022-03-01 09:02:37
1646125357795767000,38.15,1,38.1,2,38.15,2,1,2022-03-01 09:02:37
1646125357810984000,38.1,2,38.05,10,38.15,2,2,2022-03-01 09:02:37
1646125358912622000,38.1,1,38.05,11,38.15,5,2,2022-03-01 09:02:38
1646125358927031000,38.15,4,38.05,11,38.15,1,1,2022-03-01 09:02:38
1646125358953775000,38.15,1,38.05,11,38.2,5,1,2022-03-01 09:02:38
1646125358981629000,38.1,1,38.05,11,38.2,5,1,2022-03-01 09:02:38
1646125359148131000,38.15,1,38.05,11,38.2,5,1,2022-03-01 09:02:39
1646125359966869000,38.2,5,38.2,5,38.25,2,1,2022-03-01 09:02:39
1646125359994439000,38.2,1,38.2,4,38.25,2,2,2022-03-01 09:02:39
1646125360781868000,38.2,1,38.2,7,38.25,2,2,2022-03-01 09:02:40
1646125360959766000,38.25,2,38.3,2,38.35,4,1,2022-03-01 09:02:40
1646125360959766000,38.3,1,38.3,2,38.35,4,1,2022-03-01 09:02:40
1646125361028823000,38.35,1,38.3,2,38.35,3,1,2022-03-01 09:02:41
1646125361475928000,38.3,1,38.3,1,38.35,3,2,2022-03-01 09:02:41
1646125361628568000,38.3,1,38.25,3,38.35,3,2,2022-03-01 09:02:41
1646125361809933000,38.35,3,38.4,2,38.45,22,1,2022-03-01 09:02:41
1646125361809933000,38.4,3,38.4,2,38.45,22,1,2022-03-01 09:02:41
1646125361868187000,38.4,2,38.25,4,38.45,22,2,2022-03-01 09:02:41
1646125361954031000,38.25,1,38.25,3,38.45,24,2,2022-03-01 09:02:41
1646125361989329000,38.25,3,38.2,18,38.45,24,2,2022-03-01 09:02:41
1646125362085261000,38.2,1,38.2,17,38.45,24,2,2022-03-01 09:02:42
1646125362381128000,38.2,5,38.2,12,38.45,24,2,2022-03-01 09:02:42
1646125362926283000,38.4,1,38.4,9,38.45,24,2,2022-03-01 09:02:42
1646125363170551000,38.4,1,38.4,9,38.45,24,2,2022-03-01 09:02:43
1646125363365024000,38.45,1,38.4,9,38.45,23,1,2022-03-01 09:02:43
1646125364001896000,38.4,1,38.4,8,38.45,23,2,2022-03-01 09:02:44
1646125364097823000,38.4,8,38.25,28,38.45,24,2,2022-03-01 09:02:44
1646125364276354000,38.25,1,38.25,27,38.45,24,2,2022-03-01 09:02:44
1646125364351404000,38.4,1,38.3,1,38.45,24,1,2022-03-01 09:02:44
1646125364806237000,38.3,1,38.25,9,38.45,25,2,2022-03-01 09:02:44
1646125364806237000,38.25,1,38.25,9,38.45,25,2,2022-03-01 09:02:44
1646125364865771000,38.45,1,38.25,9,38.45,24,1,2022-03-01 09:02:44
1646125365114494000,38.25,1,38.25,8,38.45,24,2,2022-03-01 09:02:45
1646125365346486000,38.25,1,38.25,7,38.45,24,2,2022-03-01 09:02:45
1646125366020827000,38.35,1,38.25,7,38.45,24,2,2022-03-01 09:02:46
1646125366189536000,38.35,1,38.25,7,38.45,24,2,2022-03-01 09:02:46
1646125366262948000,38.4,1,38.25,7,38.45,20,1,2022-03-01 09:02:46
1646125366262948000,38.45,4,38.25,7,38.45,20,1,2022-03-01 09:02:46
1646125366970970000,38.35,1,38.35,1,38.45,21,2,2022-03-01 09:02:46
1646125367133405000,38.35,1,38.3,2,38.45,21,2,2022-03-01 09:02:47
1646125367460067000,38.45,1,38.3,12,38.45,20,1,2022-03-01 09:02:47
1646125367655593000,38.35,20,38.3,13,38.45,20,1,2022-03-01 09:02:47
1646125367703799000,38.35,1,38.3,13,38.35,1,1,2022-03-01 09:02:47
1646125367724993000,38.3,2,38.3,11,38.35,1,2,2022-03-01 09:02:47
1646125367737754000,38.35,1,38.3,11,38.45,20,1,2022-03-01 09:02:47
1646125367793012000,38.35,1,38.3,11,38.45,20,1,2022-03-01 09:02:47
1646125367799943000,38.3,1,38.3,10,38.45,20,2,2022-03-01 09:02:47
1646125368169558000,38.45,1,38.4,10,38.45,20,1,2022-03-01 09:02:48
1646125368183178000,38.45,3,38.4,10,38.45,17,1,2022-03-01 09:02:48
1646125368465621000,38.45,2,38.4,10,38.45,15,1,2022-03-01 09:02:48
1646125368921700000,38.45,15,38.45,35,38.5,65,1,2022-03-01 09:02:48
1646125369782868000,38.45,2,38.45,33,38.5,65,2,2022-03-01 09:02:49
1646125369971489000,38.5,2,38.45,33,38.5,63,1,2022-03-01 09:02:49
1646125370266930000,38.45,1,38.45,32,38.5,63,2,2022-03-01 09:02:50
1646125370414186000,38.45,22,38.45,10,38.5,63,2,2022-03-01 09:02:50
1646125370418032000,38.5,1,38.45,10,38.5,62,1,2022-03-01 09:02:50
1646125370448451000,38.45,10,38.4,10,38.5,62,2,2022-03-01 09:02:50
1646125371016252000,38.5,1,38.45,35,38.5,58,1,2022-03-01 09:02:51
1646125371222704000,38.45,22,38.45,27,38.5,58,2,2022-03-01 09:02:51
1646125371322694000,38.5,1,38.45,27,38.5,57,1,2022-03-01 09:02:51
1646125371609106000,38.45,2,38.45,25,38.5,57,2,2022-03-01 09:02:51
1646125371778524000,38.45,1,38.45,24,38.5,57,2,2022-03-01 09:02:51
1646125371806710000,38.45,24,38.4,11,38.5,57,2,2022-03-01 09:02:51
1646125371868320000,38.4,6,38.4,5,38.5,79,2,2022-03-01 09:02:51
1646125372046870000,38.5,5,38.4,5,38.5,74,1,2022-03-01 09:02:52
1646125372241112000,38.5,2,38.4,5,38.5,72,1,2022-03-01 09:02:52
1646125372841136000,38.5,30,38.4,5,38.5,42,1,2022-03-01 09:02:52
1646125373066833000,38.5,10,38.4,6,38.5,32,1,2022-03-01 09:02:53
1646125373108045000,38.5,32,38.4,6,38.5,1,1,2022-03-01 09:02:53
1646125373111092000,38.5,1,38.4,6,38.55,33,1,2022-03-01 09:02:53
1646125373175586000,38.45,1,38.4,6,38.55,33,1,2022-03-01 09:02:53
1646125373623639000,38.55,1,38.45,1,38.55,37,1,2022-03-01 09:02:53
1646125374229150000,38.45,1,38.4,7,38.5,15,2,2022-03-01 09:02:54
1646125374433559000,38.5,1,38.4,7,38.5,14,1,2022-03-01 09:02:54
1646125374619171000,38.5,7,38.45,2,38.5,7,1,2022-03-01 09:02:54
1646125374737872000,38.5,1,38.45,12,38.5,6,1,2022-03-01 09:02:54
1646125374767374000,38.5,4,38.45,12,38.5,2,1,2022-03-01 09:02:54
1646125374938269000,38.5,2,38.45,12,38.55,37,1,2022-03-01 09:02:54
1646125375043490000,38.45,1,38.45,11,38.55,37,2,2022-03-01 09:02:55
1646125375258065000,38.55,1,38.45,11,38.55,36,1,2022-03-01 09:02:55
1646125375275289000,38.45,1,38.45,10,38.55,36,2,2022-03-01 09:02:55
1646125375694508000,38.5,1,38.45,11,38.55,36,2,2022-03-01 09:02:55
1646125375694508000,38.45,1,38.45,11,38.55,36,2,2022-03-01 09:02:55
1646125375704045000,38.55,5,38.45,11,38.55,31,1,2022-03-01 09:02:55
1646125375878175000,38.5,1,38.45,12,38.65,2,1,2022-03-01 09:02:55
1646125375878175000,38.55,31,38.45,12,38.65,2,1,2022-03-01 09:02:55
1646125375878175000,38.6,8,38.45,12,38.65,2,1,2022-03-01 09:02:55
1646125375878175000,38.65,10,38.45,12,38.65,2,1,2022-03-01 09:02:55
1646125376009878000,38.5,2,38.45,12,38.65,2,1,2022-03-01 09:02:56
1646125377023172000,38.5,1,38.45,15,38.5,4,1,2022-03-01 09:02:57
1646125377024986000,38.5,1,38.45,15,38.5,3,1,2022-03-01 09:02:57
1646125377028225000,38.5,1,38.45,15,38.5,2,1,2022-03-01 09:02:57
1646125377055105000,38.5,2,38.45,15,38.65,2,1,2022-03-01 09:02:57
1646125377073361000,38.45,1,38.45,14,38.5,1,2,2022-03-01 09:02:57
1646125377093314000,38.5,1,38.45,14,38.65,2,1,2022-03-01 09:02:57
1646125377170112000,38.65,2,38.45,14,38.7,3,1,2022-03-01 09:02:57
1646125377759993000,38.7,3,38.45,16,38.7,4,1,2022-03-01 09:02:57
1646125378210597000,38.7,1,38.5,3,38.7,3,1,2022-03-01 09:02:58
1646125378479900000,38.7,3,38.5,5,38.75,2,1,2022-03-01 09:02:58
1646125378479900000,38.75,7,38.5,5,38.75,2,1,2022-03-01 09:02:58
1646125379302435000,38.5,1,38.5,14,38.7,4,2,2022-03-01 09:02:59
1646125379580233000,38.7,7,38.7,3,38.75,6,1,2022-03-01 09:02:59
1646125379608509000,38.7,2,38.7,1,38.75,6,2,2022-03-01 09:02:59
1646125379627633000,38.7,1,38.5,14,38.75,6,2,2022-03-01 09:02:59
1646125379647645000,38.75,1,38.5,14,38.75,6,1,2022-03-01 09:02:59
1646125379962088000,38.75,1,38.55,2,38.75,5,1,2022-03-01 09:02:59
1646125380175972000,38.7,1,38.7,1,38.75,6,2,2022-03-01 09:03:00
1646125380215682000,38.7,1,38.55,2,38.75,6,2,2022-03-01 09:03:00
1646125380619992000,38.65,1,38.55,2,38.65,8,1,2022-03-01 09:03:00
1646125381037330000,38.65,5,38.55,2,38.65,14,1,2022-03-01 09:03:01
1646125381123871000,38.65,1,38.55,2,38.65,13,1,2022-03-01 09:03:01
1646125381361090000,38.65,10,38.55,2,38.65,3,1,2022-03-01 09:03:01
1646125381446185000,38.65,2,38.55,2,38.65,1,1,2022-03-01 09:03:01
1646125381704049000,38.55,2,38.5,53,38.65,2,2,2022-03-01 09:03:01
1646125381704049000,38.5,3,38.5,53,38.65,2,2,2022-03-01 09:03:01
1646125381708232000,38.65,1,38.5,53,38.65,1,1,2022-03-01 09:03:01
1646125382270303000,38.55,1,38.5,53,38.6,5,2,2022-03-01 09:03:02
1646125382515089000,38.6,2,38.5,53,38.6,3,1,2022-03-01 09:03:02
1646125382621980000,38.6,1,38.5,53,38.6,2,1,2022-03-01 09:03:02
1646125382647396000,38.5,1,38.5,52,38.6,2,2,2022-03-01 09:03:02
1646125382880361000,38.5,5,38.5,47,38.6,2,2,2022-03-01 09:03:02
1646125382968632000,38.55,1,38.5,47,38.6,7,1,2022-03-01 09:03:02
1646125383034308000,38.6,5,38.5,47,38.6,2,1,2022-03-01 09:03:03
1646125383285991000,38.6,1,38.5,47,38.6,1,1,2022-03-01 09:03:03
1646125383516375000,38.6,1,38.5,57,38.65,8,1,2022-03-01 09:03:03
1646125384057425000,38.6,5,38.55,1,38.6,1,1,2022-03-01 09:03:04
1646125384162115000,38.55,1,38.5,59,38.6,1,2,2022-03-01 09:03:04
1646125384388521000,38.6,1,38.5,59,38.6,1,1,2022-03-01 09:03:04
1646125384476205000,38.6,1,38.5,59,38.65,4,1,2022-03-01 09:03:04
1646125384476205000,38.65,4,38.5,59,38.65,4,1,2022-03-01 09:03:04
1646125384510345000,38.55,1,38.5,59,38.55,2,1,2022-03-01 09:03:04
1646125384535002000,38.55,1,38.5,59,38.55,1,1,2022-03-01 09:03:04
1646125384535811000,38.55,1,38.5,59,38.65,5,1,2022-03-01 09:03:04
1646125384679607000,38.55,3,38.5,40,38.6,3,2,2022-03-01 09:03:04
1646125384679607000,38.5,17,38.5,40,38.6,3,2,2022-03-01 09:03:04
1646125384735153000,38.55,1,38.5,40,38.55,1,1,2022-03-01 09:03:04
1646125384889993000,38.55,2,38.5,40,38.7,5,1,2022-03-01 09:03:04
1646125384889993000,38.6,3,38.5,40,38.7,5,1,2022-03-01 09:03:04
1646125384889993000,38.65,5,38.5,40,38.7,5,1,2022-03-01 09:03:04
1646125384892969000,38.5,5,38.5,35,38.7,5,2,2022-03-01 09:03:04
1646125385042618000,38.65,1,38.5,35,38.7,5,2,2022-03-01 09:03:05
1646125385098761000,38.7,1,38.5,35,38.7,4,1,2022-03-01 09:03:05
1646125385729148000,38.7,2,38.5,37,38.7,8,1,2022-03-01 09:03:05
1646125386806730000,38.65,1,38.65,5,38.7,10,2,2022-03-01 09:03:06
1646125386833388000,38.65,3,38.65,2,38.7,10,2,2022-03-01 09:03:06
1646125386834260000,38.65,2,38.6,1,38.7,10,2,2022-03-01 09:03:06
1646125387619662000,38.7,1,38.65,4,38.7,9,1,2022-03-01 09:03:07
1646125387755807000,38.65,2,38.65,2,38.7,9,2,2022-03-01 09:03:07
1646125388189405000,38.65,2,38.55,9,38.7,10,2,2022-03-01 09:03:08
1646125388189405000,38.6,3,38.55,9,38.7,10,2,2022-03-01 09:03:08
1646125388189405000,38.55,1,38.55,9,38.7,10,2,2022-03-01 09:03:08
1646125388300840000,38.65,1,38.55,10,38.7,11,1,2022-03-01 09:03:08
1646125388300840000,38.7,3,38.55,10,38.7,11,1,2022-03-01 09:03:08
1646125388361774000,38.7,1,38.55,10,38.7,11,1,2022-03-01 09:03:08
1646125388557929000,38.7,1,38.55,10,38.7,10,1,2022-03-01 09:03:08
1646125388704247000,38.7,10,38.7,20,38.75,16,1,2022-03-01 09:03:08
1646125388914906000,38.7,1,38.7,19,38.75,16,2,2022-03-01 09:03:08
1646125388954696000,38.7,2,38.7,17,38.75,16,2,2022-03-01 09:03:08
1646125389086666000,38.75,5,38.7,17,38.75,11,1,2022-03-01 09:03:09
1646125389093504000,38.7,15,38.7,2,38.75,11,2,2022-03-01 09:03:09
1646125389100377000,38.7,2,38.55,10,38.65,1,2,2022-03-01 09:03:09
1646125389379746000,38.65,1,38.55,10,38.65,1,1,2022-03-01 09:03:09
1646125389797514000,38.55,2,38.55,8,38.65,3,2,2022-03-01 09:03:09
1646125390057341000,38.65,3,38.55,8,38.7,1,1,2022-03-01 09:03:10
1646125390065006000,38.55,5,38.55,3,38.7,1,2,2022-03-01 09:03:10
1646125390259908000,38.55,2,38.55,2,38.65,4,2,2022-03-01 09:03:10
1646125390426660000,38.65,1,38.55,2,38.65,4,1,2022-03-01 09:03:10
1646125390455110000,38.65,1,38.55,2,38.65,3,1,2022-03-01 09:03:10
1646125390664833000,38.65,1,38.55,2,38.65,3,1,2022-03-01 09:03:10
1646125390909883000,38.65,1,38.55,2,38.65,2,1,2022-03-01 09:03:10
1646125391042861000,38.65,2,38.55,2,38.75,13,1,2022-03-01 09:03:11
1646125391042861000,38.7,1,38.55,2,38.75,13,1,2022-03-01 09:03:11
1646125391042861000,38.75,2,38.55,2,38.75,13,1,2022-03-01 09:03:11
1646125391223795000,38.65,1,38.6,1,38.65,2,1,2022-03-01 09:03:11
1646125391308587000,38.65,1,38.6,1,38.65,1,1,2022-03-01 09:03:11
1646125391711818000,38.6,1,38.5,52,38.65,1,2,2022-03-01 09:03:11
1646125391711818000,38.55,2,38.5,52,38.65,1,2,2022-03-01 09:03:11
1646125391711818000,38.5,2,38.5,52,38.65,1,2,2022-03-01 09:03:11
1646125391736726000,38.65,1,38.65,1,38.75,13,1,2022-03-01 09:03:11
1646125391915623000,38.65,1,38.5,50,38.75,13,2,2022-03-01 09:03:11
1646125391915623000,38.5,2,38.5,50,38.75,13,2,2022-03-01 09:03:11
1646125392221862000,38.5,10,38.5,52,38.75,13,2,2022-03-01 09:03:12
1646125392526276000,38.5,2,38.5,52,38.65,1,2,2022-03-01 09:03:12
1646125393148247000,38.55,1,38.55,1,38.6,41,2,2022-03-01 09:03:13
1646125393236315000,38.6,1,38.55,2,38.6,40,1,2022-03-01 09:03:13
1646125394030014000,38.6,1,38.55,13,38.6,41,1,2022-03-01 09:03:14
1646125394131956000,38.55,10,38.55,3,38.6,41,2,2022-03-01 09:03:14
1646125394218238000,38.55,3,38.5,76,38.6,41,2,2022-03-01 09:03:14
1646125394218238000,38.5,2,38.5,76,38.6,41,2,2022-03-01 09:03:14
1646125394302164000,38.6,1,38.5,76,38.6,40,1,2022-03-01 09:03:14
1646125394655897000,38.55,8,38.5,58,38.6,23,1,2022-03-01 09:03:14
1646125394655897000,38.6,17,38.5,58,38.6,23,1,2022-03-01 09:03:14
1646125394676223000,38.5,5,38.5,53,38.6,23,2,2022-03-01 09:03:14
1646125394994216000,38.55,2,38.5,53,38.55,45,1,2022-03-01 09:03:14
1646125395443272000,38.55,1,38.5,53,38.55,54,1,2022-03-01 09:03:15
1646125395451551000,38.55,4,38.5,53,38.55,50,1,2022-03-01 09:03:15
1646125395530649000,38.5,3,38.5,50,38.55,50,2,2022-03-01 09:03:15
1646125395769629000,38.55,1,38.5,53,38.55,55,1,2022-03-01 09:03:15
1646125395796960000,38.5,1,38.5,52,38.55,55,2,2022-03-01 09:03:15
1646125395815481000,38.55,1,38.5,52,38.55,54,1,2022-03-01 09:03:15
1646125395844971000,38.55,2,38.5,52,38.55,52,1,2022-03-01 09:03:15
1646125395877899000,38.5,1,38.5,51,38.55,52,2,2022-03-01 09:03:15
1646125395982248000,38.5,3,38.5,48,38.55,52,2,2022-03-01 09:03:15
1646125396005157000,38.55,5,38.5,48,38.55,47,1,2022-03-01 09:03:16
1646125396007482000,38.55,2,38.5,48,38.55,45,1,2022-03-01 09:03:16
1646125396066265000,38.5,1,38.5,47,38.55,45,2,2022-03-01 09:03:16
1646125396142389000,38.55,1,38.5,68,38.55,44,1,2022-03-01 09:03:16
1646125396215771000,38.5,1,38.5,67,38.55,40,2,2022-03-01 09:03:16
1646125396252307000,38.5,1,38.5,66,38.55,40,2,2022-03-01 09:03:16
1646125396406511000,38.5,10,38.5,56,38.55,40,2,2022-03-01 09:03:16
1646125396414547000,38.5,5,38.5,30,38.55,40,2,2022-03-01 09:03:16
1646125396448693000,38.5,1,38.5,34,38.55,40,2,2022-03-01 09:03:16
1646125396457221000,38.5,1,38.5,33,38.55,40,2,2022-03-01 09:03:16
1646125396552142000,38.5,4,38.5,29,38.55,40,2,2022-03-01 09:03:16
1646125396593553000,38.5,1,38.5,28,38.55,40,2,2022-03-01 09:03:16
1646125396808444000,38.55,1,38.5,28,38.55,41,1,2022-03-01 09:03:16
1646125396843197000,38.55,3,38.5,28,38.55,38,1,2022-03-01 09:03:16
1646125396991173000,38.5,10,38.5,18,38.55,39,2,2022-03-01 09:03:16
1646125397025622000,38.5,1,38.5,17,38.55,39,2,2022-03-01 09:03:17
1646125397052540000,38.5,1,38.5,16,38.55,39,2,2022-03-01 09:03:17
1646125397171345000,38.5,3,38.5,38,38.55,39,2,2022-03-01 09:03:17
1646125397358577000,38.5,10,38.5,29,38.55,39,2,2022-03-01 09:03:17
1646125397459446000,38.5,10,38.5,19,38.55,39,2,2022-03-01 09:03:17
1646125397777708000,38.5,3,38.5,17,38.55,39,2,2022-03-01 09:03:17
1646125397966336000,38.5,3,38.5,14,38.55,39,2,2022-03-01 09:03:17
1646125397970746000,38.55,3,38.5,14,38.55,36,1,2022-03-01 09:03:17
1646125398058328000,38.55,4,38.5,17,38.55,32,1,2022-03-01 09:03:18
1646125398120684000,38.5,3,38.5,14,38.55,32,2,2022-03-01 09:03:18
1646125398152860000,38.5,1,38.5,13,38.55,32,2,2022-03-01 09:03:18
1646125398271058000,38.5,3,38.5,10,38.55,32,2,2022-03-01 09:03:18
1646125398296006000,38.55,2,38.5,10,38.55,30,1,2022-03-01 09:03:18
1646125398300397000,38.55,1,38.5,10,38.55,29,1,2022-03-01 09:03:18
1646125398405575000,38.5,10,38.45,23,38.5,10,2,2022-03-01 09:03:18
1646125398409373000,38.5,1,38.45,23,38.5,9,1,2022-03-01 09:03:18
1646125398456282000,38.45,1,38.45,22,38.5,9,2,2022-03-01 09:03:18
1646125398473210000,38.45,1,38.45,21,38.5,9,2,2022-03-01 09:03:18
1646125399381656000,38.5,3,38.45,21,38.5,11,1,2022-03-01 09:03:19
1646125399517598000,38.45,1,38.45,20,38.5,12,2,2022-03-01 09:03:19
1646125399548209000,38.45,1,38.45,19,38.5,12,2,2022-03-01 09:03:19
1646125399764228000,38.5,1,38.45,19,38.5,14,1,2022-03-01 09:03:19
1646125399904123000,38.45,10,38.45,9,38.5,14,2,2022-03-01 09:03:19
1646125400526887000,38.45,1,38.45,8,38.5,15,2,2022-03-01 09:03:20
1646125400606702000,38.45,1,38.45,7,38.5,15,2,2022-03-01 09:03:20
1646125400681856000,38.5,1,38.45,7,38.5,14,1,2022-03-01 09:03:20
1646125400903265000,38.45,1,38.45,6,38.5,14,2,2022-03-01 09:03:20
1646125400936626000,38.45,1,38.45,5,38.5,14,2,2022-03-01 09:03:20
1646125400942663000,38.5,1,38.45,5,38.5,13,1,2022-03-01 09:03:20
1646125401011158000,38.5,2,38.45,5,38.5,11,1,2022-03-01 09:03:21
1646125401100954000,38.5,1,38.45,5,38.5,10,1,2022-03-01 09:03:21
1646125401528785000,38.5,1,38.45,10,38.5,11,1,2022-03-01 09:03:21
1646125401550942000,38.45,2,38.45,8,38.5,11,2,2022-03-01 09:03:21
1646125401595100000,38.45,2,38.45,6,38.5,11,2,2022-03-01 09:03:21
1646125401750999000,38.5,1,38.45,6,38.5,10,1,2022-03-01 09:03:21
1646125402110872000,38.45,3,38.45,3,38.5,10,2,2022-03-01 09:03:22
1646125402659440000,38.45,2,38.45,1,38.5,11,2,2022-03-01 09:03:22
1646125402695372000,38.45,1,38.4,26,38.5,11,2,2022-03-01 09:03:22
1646125402724782000,38.5,2,38.4,26,38.5,10,1,2022-03-01 09:03:22
1646125403083973000,38.45,1,38.4,26,38.5,9,1,2022-03-01 09:03:23
1646125403083973000,38.5,1,38.4,26,38.5,9,1,2022-03-01 09:03:23
1646125403198536000,38.5,1,38.4,26,38.5,9,1,2022-03-01 09:03:23
1646125403944728000,38.4,1,38.4,25,38.5,11,2,2022-03-01 09:03:23
1646125404084198000,38.45,1,38.45,2,38.5,12,2,2022-03-01 09:03:24
1646125404572339000,38.45,1,38.45,1,38.5,12,2,2022-03-01 09:03:24
1646125404645903000,38.45,1,38.4,23,38.5,12,2,2022-03-01 09:03:24
1646125404645903000,38.4,2,38.4,23,38.5,12,2,2022-03-01 09:03:24
1646125404681953000,38.45,1,38.4,23,38.5,12,1,2022-03-01 09:03:24
1646125404904416000,38.45,4,38.4,23,38.45,1,1,2022-03-01 09:03:24
1646125405229198000,38.45,2,38.4,24,38.45,2,1,2022-03-01 09:03:25
1646125405275590000,38.45,1,38.4,24,38.45,1,1,2022-03-01 09:03:25
1646125405587727000,38.45,1,38.4,24,38.5,33,1,2022-03-01 09:03:25
1646125405903285000,38.5,1,38.45,50,38.5,38,1,2022-03-01 09:03:25
1646125405952720000,38.45,1,38.45,49,38.5,38,2,2022-03-01 09:03:25
1646125406044146000,38.5,2,38.45,59,38.5,36,1,2022-03-01 09:03:26
1646125406099104000,38.5,1,38.45,59,38.5,36,1,2022-03-01 09:03:26
1646125406363509000,38.5,2,38.45,59,38.5,34,1,2022-03-01 09:03:26
1646125406436972000,38.45,1,38.45,58,38.5,35,2,2022-03-01 09:03:26
1646125406620735000,38.45,1,38.45,57,38.5,35,2,2022-03-01 09:03:26
1646125407106341000,38.5,13,38.45,57,38.5,22,1,2022-03-01 09:03:27
1646125407130172000,38.45,7,38.45,50,38.5,22,2,2022-03-01 09:03:27
1646125407165793000,38.45,20,38.45,30,38.5,22,2,2022-03-01 09:03:27
1646125407168747000,38.45,30,38.4,26,38.5,22,2,2022-03-01 09:03:27
1646125407448932000,38.45,1,38.4,27,38.45,4,1,2022-03-01 09:03:27
1646125407736099000,38.45,2,38.4,27,38.45,2,1,2022-03-01 09:03:27
1646125407932100000,38.45,1,38.4,27,38.45,4,1,2022-03-01 09:03:27
1646125408062447000,38.45,2,38.4,27,38.45,2,1,2022-03-01 09:03:28
1646125408222655000,38.45,1,38.4,27,38.45,1,1,2022-03-01 09:03:28
1646125409052631000,38.45,1,38.4,27,38.5,22,1,2022-03-01 09:03:29
1646125409056414000,38.5,1,38.4,27,38.5,21,1,2022-03-01 09:03:29
1646125409171854000,38.5,10,38.4,27,38.5,11,1,2022-03-01 09:03:29
1646125409390724000,38.45,3,38.4,27,38.45,4,1,2022-03-01 09:03:29
1646125409623468000,38.45,1,38.4,27,38.45,3,1,2022-03-01 09:03:29
1646125410281975000,38.45,2,38.4,27,38.45,1,1,2022-03-01 09:03:30
1646125410354157000,38.4,1,38.4,26,38.45,11,2,2022-03-01 09:03:30
1646125410667530000,38.4,3,38.4,23,38.45,26,2,2022-03-01 09:03:30
1646125410726747000,38.4,1,38.4,22,38.45,26,2,2022-03-01 09:03:30
1646125410901746000,38.45,1,38.4,22,38.45,25,1,2022-03-01 09:03:30
1646125411028130000,38.45,1,38.4,22,38.45,24,1,2022-03-01 09:03:31
1646125411098644000,38.45,1,38.4,33,38.45,23,1,2022-03-01 09:03:31
1646125411169010000,38.4,3,38.4,30,38.45,24,2,2022-03-01 09:03:31
1646125411172207000,38.4,10,38.4,20,38.45,24,2,2022-03-01 09:03:31
1646125411219121000,38.4,1,38.4,19,38.45,24,2,2022-03-01 09:03:31
1646125411220298000,38.4,1,38.4,18,38.45,24,2,2022-03-01 09:03:31
1646125411245560000,38.4,1,38.4,17,38.45,24,2,2022-03-01 09:03:31
1646125411245934000,38.4,1,38.4,16,38.45,24,2,2022-03-01 09:03:31
1646125411380449000,38.4,3,38.4,14,38.45,25,2,2022-03-01 09:03:31
1646125411561554000,38.45,1,38.4,14,38.45,24,1,2022-03-01 09:03:31
1646125411616979000,38.4,1,38.4,13,38.45,24,2,2022-03-01 09:03:31
1646125411869583000,38.4,1,38.4,12,38.45,25,2,2022-03-01 09:03:31
1646125411976794000,38.45,2,38.4,12,38.45,23,1,2022-03-01 09:03:31
1646125412040460000,38.45,1,38.4,12,38.45,22,1,2022-03-01 09:03:32
1646125412538380000,38.45,1,38.4,33,38.45,26,1,2022-03-01 09:03:32
1646125412823238000,38.4,33,38.35,9,38.4,167,2,2022-03-01 09:03:32
1646125412851279000,38.35,1,38.35,8,38.4,167,2,2022-03-01 09:03:32
1646125412853119000,38.35,1,38.35,7,38.4,167,2,2022-03-01 09:03:32
1646125412859807000,38.35,1,38.35,6,38.4,167,2,2022-03-01 09:03:32
1646125413482525000,38.4,1,38.35,6,38.4,171,1,2022-03-01 09:03:33
1646125413573682000,38.4,30,38.35,6,38.4,141,1,2022-03-01 09:03:33
1646125413604525000,38.35,1,38.35,5,38.4,141,2,2022-03-01 09:03:33
1646125414113004000,38.4,10,38.35,41,38.4,131,1,2022-03-01 09:03:34
1646125414645602000,38.4,1,38.35,42,38.4,130,1,2022-03-01 09:03:34
1646125414974373000,38.4,3,38.35,42,38.4,127,1,2022-03-01 09:03:34
1646125415653425000,38.35,5,38.35,37,38.4,127,2,2022-03-01 09:03:35
1646125416134463000,38.4,1,38.35,37,38.4,127,1,2022-03-01 09:03:36
1646125416446612000,38.35,1,38.35,36,38.4,127,2,2022-03-01 09:03:36
1646125416530848000,38.35,5,38.35,31,38.4,127,2,2022-03-01 09:03:36
1646125416570174000,38.35,1,38.35,30,38.4,127,2,2022-03-01 09:03:36
1646125417304567000,38.4,3,38.35,31,38.4,124,1,2022-03-01 09:03:37
1646125417375428000,38.35,1,38.35,30,38.4,124,2,2022-03-01 09:03:37
1646125417928349000,38.4,5,38.35,30,38.4,120,1,2022-03-01 09:03:37
1646125417938271000,38.35,2,38.35,28,38.4,120,2,2022-03-01 09:03:37
1646125418290264000,38.4,1,38.35,28,38.4,119,1,2022-03-01 09:03:38
1646125418369032000,38.4,1,38.35,28,38.4,118,1,2022-03-01 09:03:38
1646125418558710000,38.4,1,38.35,28,38.4,117,1,2022-03-01 09:03:38
1646125418625642000,38.4,1,38.35,28,38.4,116,1,2022-03-01 09:03:38
1646125418834971000,38.4,6,38.35,28,38.4,110,1,2022-03-01 09:03:38
1646125418874775000,38.4,110,38.35,31,38.45,26,1,2022-03-01 09:03:38
1646125418978400000,38.4,1,38.35,31,38.45,26,1,2022-03-01 09:03:38
1646125419380822000,38.4,1,38.4,1,38.45,26,2,2022-03-01 09:03:39
1646125419704698000,38.45,2,38.4,5,38.45,24,1,2022-03-01 09:03:39
1646125420006188000,38.4,1,38.4,4,38.45,24,2,2022-03-01 09:03:40
1646125420020336000,38.45,1,38.4,4,38.45,23,1,2022-03-01 09:03:40
1646125420047913000,38.4,1,38.4,3,38.45,23,2,2022-03-01 09:03:40
1646125421392888000,38.4,3,38.4,24,38.45,23,2,2022-03-01 09:03:41
1646125421852326000,38.45,2,38.4,24,38.45,21,1,2022-03-01 09:03:41
1646125421988632000,38.4,13,38.4,11,38.45,8,2,2022-03-01 09:03:41
1646125422048842000,38.4,5,38.4,16,38.45,8,2,2022-03-01 09:03:42
1646125422400742000,38.4,2,38.4,15,38.45,8,2,2022-03-01 09:03:42
1646125422604488000,38.4,1,38.4,16,38.45,8,2,2022-03-01 09:03:42
1646125422705887000,38.4,1,38.4,15,38.45,9,2,2022-03-01 09:03:42
1646125423738672000,38.4,5,38.4,10,38.45,10,2,2022-03-01 09:03:43
1646125423956378000,38.45,1,38.4,10,38.45,8,1,2022-03-01 09:03:43
1646125424720048000,38.45,3,38.4,11,38.45,5,1,2022-03-01 09:03:44
1646125424754829000,38.45,5,38.4,11,38.5,13,1,2022-03-01 09:03:44
1646125424943117000,38.4,5,38.4,6,38.5,13,2,2022-03-01 09:03:44
1646125425006652000,38.4,3,38.4,3,38.5,10,2,2022-03-01 09:03:45
1646125425210580000,38.45,2,38.4,3,38.45,3,2,2022-03-01 09:03:45
1646125425367805000,38.45,2,38.4,3,38.45,1,1,2022-03-01 09:03:45
1646125425567005000,38.45,1,38.4,3,38.5,10,1,2022-03-01 09:03:45
1646125425611334000,38.4,4,38.4,9,38.5,10,2,2022-03-01 09:03:45
1646125425683093000,38.4,3,38.4,6,38.5,7,2,2022-03-01 09:03:45
1646125425975571000,38.4,1,38.4,6,38.5,11,2,2022-03-01 09:03:45
1646125426030405000,38.4,6,38.35,17,38.4,4,2,2022-03-01 09:03:46
1646125426416414000,38.35,17,38.3,6,38.4,4,2,2022-03-01 09:03:46
1646125426416414000,38.3,33,38.3,6,38.4,4,2,2022-03-01 09:03:46
1646125426438866000,38.35,1,38.3,6,38.4,5,1,2022-03-01 09:03:46
1646125426438866000,38.4,2,38.3,6,38.4,5,1,2022-03-01 09:03:46
1646125426454950000,38.35,1,38.3,6,38.4,4,1,2022-03-01 09:03:46
1646125426454950000,38.4,1,38.3,6,38.4,4,1,2022-03-01 09:03:46
1646125426553153000,38.35,1,38.3,6,38.4,4,1,2022-03-01 09:03:46
1646125426994553000,38.4,1,38.3,6,38.4,3,1,2022-03-01 09:03:46
1646125427503909000,38.4,1,38.3,11,38.4,2,1,2022-03-01 09:03:47
1646125428740958000,38.35,1,38.3,12,38.4,4,1,2022-03-01 09:03:48
1646125430082580000,38.4,4,38.35,6,38.4,1,1,2022-03-01 09:03:50
1646125430156019000,38.4,1,38.35,6,38.5,17,1,2022-03-01 09:03:50
1646125430621263000,38.4,1,38.25,12,38.5,23,2,2022-03-01 09:03:50
1646125430621263000,38.35,6,38.25,12,38.5,23,2,2022-03-01 09:03:50
1646125430621263000,38.3,12,38.25,12,38.5,23,2,2022-03-01 09:03:50
1646125430621263000,38.25,1,38.25,12,38.5,23,2,2022-03-01 09:03:50
1646125430842021000,38.35,3,38.25,14,38.45,2,2,2022-03-01 09:03:50
1646125430842021000,38.25,1,38.25,14,38.45,2,2,2022-03-01 09:03:50
1646125431105628000,38.35,1,38.25,14,38.35,1,1,2022-03-01 09:03:51
1646125431194561000,38.35,1,38.35,2,38.45,2,1,2022-03-01 09:03:51
1646125431200465000,38.35,2,38.25,14,38.3,3,2,2022-03-01 09:03:51
1646125431236527000,38.3,3,38.25,14,38.45,2,1,2022-03-01 09:03:51
1646125431345969000,38.35,2,38.25,12,38.45,2,2,2022-03-01 09:03:51
1646125431345969000,38.25,2,38.25,12,38.45,2,2,2022-03-01 09:03:51
1646125431391883000,38.45,2,38.25,12,38.5,22,1,2022-03-01 09:03:51
1646125432586431000,38.4,1,38.35,9,38.5,22,1,2022-03-01 09:03:52
1646125432586431000,38.45,2,38.35,9,38.5,22,1,2022-03-01 09:03:52
1646125432597693000,38.35,5,38.35,4,38.5,22,2,2022-03-01 09:03:52
1646125433639841000,38.45,2,38.45,1,38.5,22,1,2022-03-01 09:03:53
1646125433657103000,38.45,1,38.35,5,38.4,14,2,2022-03-01 09:03:53
1646125434925797000,38.4,1,38.35,5,38.4,25,1,2022-03-01 09:03:54
1646125436028996000,38.4,8,38.35,7,38.4,20,1,2022-03-01 09:03:56
1646125436100977000,38.4,1,38.35,7,38.4,19,1,2022-03-01 09:03:56
1646125437242093000,38.4,1,38.35,9,38.4,18,1,2022-03-01 09:03:57
1646125438001967000,38.35,1,38.35,8,38.4,19,2,2022-03-01 09:03:58
1646125438294747000,38.4,3,38.35,8,38.4,16,1,2022-03-01 09:03:58
1646125439062403000,38.4,1,38.35,9,38.4,16,1,2022-03-01 09:03:59
1646125439387629000,38.4,10,38.35,9,38.4,6,1,2022-03-01 09:03:59
1646125439520886000,38.35,1,38.35,8,38.4,6,2,2022-03-01 09:03:59
1646125439704735000,38.4,1,38.35,8,38.4,5,1,2022-03-01 09:03:59
1646125439723514000,38.35,8,38.3,15,38.4,5,2,2022-03-01 09:03:59
1646125439723514000,38.3,15,38.3,15,38.4,5,2,2022-03-01 09:03:59
1646125440012213000,38.3,1,38.3,14,38.35,1,2,2022-03-01 09:04:00
1646125440366803000,38.3,7,38.3,7,38.35,7,2,2022-03-01 09:04:00
1646125440448156000,38.3,7,38.25,14,38.35,8,2,2022-03-01 09:04:00
1646125440554664000,38.25,5,38.25,9,38.35,8,2,2022-03-01 09:04:00
1646125440592100000,38.35,1,38.25,6,38.35,7,1,2022-03-01 09:04:00
1646125440694370000,38.35,1,38.25,6,38.35,6,1,2022-03-01 09:04:00
1646125441068123000,38.3,1,38.25,6,38.35,7,1,2022-03-01 09:04:01
1646125442021515000,38.35,5,38.3,1,38.35,2,1,2022-03-01 09:04:02
1646125442095851000,38.35,2,38.3,1,38.4,7,1,2022-03-01 09:04:02
1646125443093311000,38.4,1,38.35,8,38.4,13,1,2022-03-01 09:04:03
1646125443381316000,38.35,1,38.35,9,38.4,13,2,2022-03-01 09:04:03
1646125444936976000,38.4,5,38.35,19,38.4,11,1,2022-03-01 09:04:04
1646125444942505000,38.35,1,38.35,18,38.4,11,2,2022-03-01 09:04:04
1646125445157128000,38.4,10,38.35,18,38.4,1,1,2022-03-01 09:04:05
1646125445244527000,38.35,2,38.35,16,38.4,1,2,2022-03-01 09:04:05
1646125445296911000,38.4,1,38.35,16,38.45,4,1,2022-03-01 09:04:05
1646125445296911000,38.45,9,38.35,16,38.45,4,1,2022-03-01 09:04:05
1646125445692310000,38.4,2,38.35,16,38.4,20,2,2022-03-01 09:04:05
1646125446042752000,38.4,1,38.35,16,38.4,24,1,2022-03-01 09:04:06
1646125446215734000,38.4,10,38.35,16,38.4,15,1,2022-03-01 09:04:06
1646125446355762000,38.4,2,38.35,16,38.4,13,1,2022-03-01 09:04:06
1646125446414357000,38.4,10,38.35,16,38.4,3,1,2022-03-01 09:04:06
1646125446608722000,38.4,3,38.4,7,38.45,9,1,2022-03-01 09:04:06
1646125446654334000,38.4,5,38.4,2,38.45,10,2,2022-03-01 09:04:06
1646125446817257000,38.4,1,38.4,11,38.45,10,2,2022-03-01 09:04:06
1646125447218264000,38.4,1,38.4,30,38.45,10,2,2022-03-01 09:04:07
1646125447308290000,38.4,9,38.4,21,38.45,10,2,2022-03-01 09:04:07
1646125447311534000,38.4,1,38.4,20,38.45,10,2,2022-03-01 09:04:07
1646125448082514000,38.45,9,38.4,41,38.45,25,1,2022-03-01 09:04:08
1646125448630297000,38.4,1,38.35,13,38.4,2,2,2022-03-01 09:04:08
1646125448654475000,38.4,1,38.35,13,38.4,1,1,2022-03-01 09:04:08
1646125449099062000,38.4,2,38.35,13,38.45,22,1,2022-03-01 09:04:09
1646125449099062000,38.45,3,38.35,13,38.45,22,1,2022-03-01 09:04:09
1646125449951491000,38.4,1,38.35,13,38.4,1,2,2022-03-01 09:04:09
1646125450149376000,38.4,1,38.35,13,38.45,19,1,2022-03-01 09:04:10
1646125450149376000,38.45,4,38.35,13,38.45,19,1,2022-03-01 09:04:10
1646125450516096000,38.45,2,38.35,13,38.45,17,1,2022-03-01 09:04:10
1646125450802953000,38.35,2,38.35,11,38.45,17,2,2022-03-01 09:04:10
1646125451422543000,38.45,1,38.35,11,38.45,16,1,2022-03-01 09:04:11
1646125455832174000,38.45,2,38.4,18,38.45,14,1,2022-03-01 09:04:15
1646125456566130000,38.45,1,38.4,18,38.45,13,1,2022-03-01 09:04:16
1646125456631325000,38.45,1,38.4,18,38.45,12,1,2022-03-01 09:04:16
1646125457864413000,38.45,5,38.4,18,38.45,7,1,2022-03-01 09:04:17
1646125457897152000,38.45,1,38.4,18,38.45,6,1,2022-03-01 09:04:17
1646125457931692000,38.45,1,38.4,19,38.45,5,1,2022-03-01 09:04:17
1646125495020182000,38.35,261,38.3,36,38.45,18,2,2022-03-01 09:04:55
1646125495138058000,38.3,36,38.25,1,38.4,1,2,2022-03-01 09:04:55
1646125495138058000,38.25,14,38.25,1,38.4,1,2,2022-03-01 09:04:55
1646125495521586000,38.25,3,38.2,81,38.25,2,2,2022-03-01 09:04:55
1646125495896865000,38.25,1,38.2,81,38.25,1,1,2022-03-01 09:04:55
1646125496169377000,38.25,1,38.2,81,38.25,5,1,2022-03-01 09:04:56
1646125496180053000,38.25,5,38.2,81,38.35,1,1,2022-03-01 09:04:56
1646125496180053000,38.35,2,38.2,81,38.35,1,1,2022-03-01 09:04:56
1646125498066699000,38.3,1,38.2,81,38.3,8,1,2022-03-01 09:04:58
1646125498549916000,38.3,3,38.2,81,38.3,5,1,2022-03-01 09:04:58
1646125500100070000,38.25,5,38.25,24,38.3,6,2,2022-03-01 09:05:00
1646125500132899000,38.25,7,38.25,17,38.3,11,2,2022-03-01 09:05:00
1646125500266152000,38.25,9,38.25,8,38.3,11,2,2022-03-01 09:05:00
1646125500303168000,38.25,8,38.2,81,38.3,11,2,2022-03-01 09:05:00
1646125500500916000,38.2,9,38.2,72,38.3,11,2,2022-03-01 09:05:00
1646125500570365000,38.2,6,38.2,66,38.3,11,2,2022-03-01 09:05:00
1646125500594209000,38.2,20,38.2,46,38.3,11,2,2022-03-01 09:05:00
1646125500619264000,38.2,20,38.2,26,38.25,1,2,2022-03-01 09:05:00
1646125500647676000,38.2,2,38.2,24,38.25,3,2,2022-03-01 09:05:00
1646125500670237000,38.2,2,38.2,22,38.25,3,2,2022-03-01 09:05:00
1646125500715953000,38.25,2,38.2,22,38.25,1,1,2022-03-01 09:05:00
1646125501095085000,38.25,1,38.2,22,38.25,7,1,2022-03-01 09:05:01
1646125503052323000,38.25,7,38.2,22,38.25,6,1,2022-03-01 09:05:03
1646125503091956000,38.2,5,38.2,17,38.25,6,2,2022-03-01 09:05:03
1646125503224659000,38.25,1,38.2,17,38.25,8,1,2022-03-01 09:05:03
1646125503327032000,38.2,1,38.2,16,38.25,8,2,2022-03-01 09:05:03
1646125503775273000,38.2,1,38.2,15,38.25,8,2,2022-03-01 09:05:03
1646125503826286000,38.2,10,38.2,5,38.25,8,2,2022-03-01 09:05:03
1646125503860660000,38.2,1,38.2,4,38.25,8,2,2022-03-01 09:05:03
1646125503873626000,38.2,1,38.2,3,38.25,8,2,2022-03-01 09:05:03
1646125503986073000,38.25,2,38.2,3,38.25,6,1,2022-03-01 09:05:03
1646125504116221000,38.2,1,38.2,2,38.25,3,2,2022-03-01 09:05:04
1646125505048672000,38.25,2,38.2,8,38.25,2,1,2022-03-01 09:05:05
1646125505108706000,38.2,3,38.2,5,38.25,2,2,2022-03-01 09:05:05
1646125505149492000,38.2,1,38.2,4,38.25,2,2,2022-03-01 09:05:05
1646125506488962000,38.2,1,38.2,6,38.25,2,2,2022-03-01 09:05:06
1646125506511522000,38.2,4,38.2,2,38.25,2,2,2022-03-01 09:05:06
1646125506992857000,38.2,2,38.15,13,38.25,2,2,2022-03-01 09:05:06
1646125507345857000,38.15,1,38.15,12,38.25,2,2,2022-03-01 09:05:07
1646125507950220000,38.25,2,38.15,12,38.3,7,1,2022-03-01 09:05:07
1646125507950220000,38.3,1,38.15,12,38.3,7,1,2022-03-01 09:05:07
1646125508371414000,38.2,1,38.15,14,38.3,7,2,2022-03-01 09:05:08
1646125509820098000,38.25,1,38.2,1,38.25,5,1,2022-03-01 09:05:09
1646125510181818000,38.25,2,38.2,4,38.25,3,1,2022-03-01 09:05:10
1646125510294115000,38.25,3,38.2,14,38.3,7,1,2022-03-01 09:05:10
1646125510488853000,38.2,5,38.2,11,38.3,7,2,2022-03-01 09:05:10
1646125510706654000,38.3,1,38.2,12,38.3,6,1,2022-03-01 09:05:10
1646125511118462000,38.2,17,38.15,11,38.25,3,2,2022-03-01 09:05:11
1646125511118462000,38.15,3,38.15,11,38.25,3,2,2022-03-01 09:05:11
1646125511718882000,38.25,1,38.2,1,38.25,3,1,2022-03-01 09:05:11
1646125511750760000,38.25,3,38.2,1,38.3,6,1,2022-03-01 09:05:11
1646125512765947000,38.2,1,38.15,24,38.25,6,2,2022-03-01 09:05:12
1646125513599120000,38.15,16,38.15,8,38.2,18,2,2022-03-01 09:05:13
1646125513743599000,38.2,5,38.15,8,38.2,15,1,2022-03-01 09:05:13
1646125513775523000,38.15,4,38.15,4,38.2,15,2,2022-03-01 09:05:13
1646125513954823000,38.2,1,38.15,4,38.2,17,1,2022-03-01 09:05:13
1646125513978835000,38.15,1,38.15,3,38.2,17,2,2022-03-01 09:05:13
1646125514123294000,38.15,3,38.1,56,38.2,17,2,2022-03-01 09:05:14
1646125514350317000,38.1,10,38.1,46,38.2,17,2,2022-03-01 09:05:14
1646125514471917000,38.1,3,38.1,43,38.15,6,2,2022-03-01 09:05:14
1646125514546035000,38.15,1,38.1,43,38.15,5,1,2022-03-01 09:05:14
1646125514592186000,38.1,2,38.1,41,38.15,5,2,2022-03-01 09:05:14
1646125514931851000,38.15,1,38.1,41,38.15,4,1,2022-03-01 09:05:14
1646125515044377000,38.1,41,38.05,18,38.1,159,2,2022-03-01 09:05:15
1646125515077054000,38.05,1,38.05,17,38.1,159,2,2022-03-01 09:05:15
1646125515078989000,38.05,1,38.05,16,38.1,159,2,2022-03-01 09:05:15
1646125515079098000,38.05,1,38.05,15,38.1,159,2,2022-03-01 09:05:15
1646125515109302000,38.05,1,38.05,14,38.1,159,2,2022-03-01 09:05:15
1646125515122576000,38.1,1,38.05,14,38.1,176,1,2022-03-01 09:05:15
1646125515150341000,38.1,16,38.05,14,38.1,160,1,2022-03-01 09:05:15
1646125515178214000,38.05,3,38.05,11,38.1,163,2,2022-03-01 09:05:15
1646125515179314000,38.05,2,38.05,9,38.1,163,2,2022-03-01 09:05:15
1646125515246755000,38.05,3,38.05,6,38.1,163,2,2022-03-01 09:05:15
1646125515284371000,38.05,1,38.05,5,38.1,163,2,2022-03-01 09:05:15
1646125515945751000,38.05,4,38.05,1,38.1,180,2,2022-03-01 09:05:15
1646125516044806000,38.05,1,38.0,121,38.05,9,2,2022-03-01 09:05:16
1646125516241938000,38.05,2,38.0,121,38.05,12,1,2022-03-01 09:05:16
1646125516475904000,38.05,10,38.0,121,38.05,2,1,2022-03-01 09:05:16
1646125516709187000,38.0,6,38.0,105,38.05,2,2,2022-03-01 09:05:16
1646125516748854000,38.0,8,38.0,97,38.05,2,2,2022-03-01 09:05:16
1646125516748871000,38.0,8,38.0,89,38.05,2,2,2022-03-01 09:05:16
1646125516789187000,38.0,1,38.0,88,38.05,4,2,2022-03-01 09:05:16
1646125516809618000,38.0,1,38.0,87,38.05,4,2,2022-03-01 09:05:16
1646125516816110000,38.0,30,38.0,57,38.05,4,2,2022-03-01 09:05:16
1646125516876613000,38.0,6,38.0,51,38.05,4,2,2022-03-01 09:05:16
1646125516959537000,38.0,10,38.0,41,38.05,4,2,2022-03-01 09:05:16
1646125517135521000,38.0,6,38.0,35,38.05,4,2,2022-03-01 09:05:17
1646125517177914000,38.0,1,38.0,34,38.05,4,2,2022-03-01 09:05:17
1646125517185232000,38.0,1,38.0,33,38.05,4,2,2022-03-01 09:05:17
1646125517906194000,38.05,3,38.0,33,38.05,13,1,2022-03-01 09:05:17
1646125517926073000,38.05,5,38.0,33,38.05,8,1,2022-03-01 09:05:17
1646125517950054000,38.0,1,38.0,32,38.05,8,2,2022-03-01 09:05:17
1646125517974620000,38.0,5,38.0,27,38.05,8,2,2022-03-01 09:05:17
1646125518038926000,38.0,1,38.0,26,38.05,8,2,2022-03-01 09:05:18
1646125518413714000,38.0,10,38.0,16,38.05,11,2,2022-03-01 09:05:18
1646125518448552000,38.0,9,38.0,7,38.05,11,2,2022-03-01 09:05:18
1646125518673332000,38.0,3,38.0,4,38.05,11,2,2022-03-01 09:05:18
1646125518710038000,38.0,4,37.95,5,38.05,11,2,2022-03-01 09:05:18
1646125518738984000,38.0,1,37.95,5,38.05,11,2,2022-03-01 09:05:18
1646125518985342000,37.95,5,37.95,2,38.05,11,2,2022-03-01 09:05:18
1646125519002788000,37.95,2,37.9,4,38.05,11,2,2022-03-01 09:05:19
1646125519002788000,37.9,8,37.9,4,38.05,11,2,2022-03-01 09:05:19
1646125519146219000,38.0,5,37.9,4,38.0,3,1,2022-03-01 09:05:19
1646125519179295000,37.9,3,37.9,1,38.0,3,2,2022-03-01 09:05:19
1646125519180153000,38.0,3,37.9,1,38.05,11,1,2022-03-01 09:05:19
1646125519293900000,38.0,1,37.9,1,38.0,1,1,2022-03-01 09:05:19
1646125519393263000,37.9,1,37.85,17,37.9,24,2,2022-03-01 09:05:19
1646125519419390000,37.9,24,37.85,17,38.0,1,1,2022-03-01 09:05:19
1646125519422955000,37.85,1,37.85,16,38.0,1,2,2022-03-01 09:05:19
1646125519646847000,37.85,1,37.85,15,37.9,2,2,2022-03-01 09:05:19
1646125520252452000,37.85,19,37.8,39,37.9,7,2,2022-03-01 09:05:20
1646125520252452000,37.8,6,37.8,39,37.9,7,2,2022-03-01 09:05:20
1646125520464315000,37.8,3,37.8,36,37.85,2,2,2022-03-01 09:05:20
1646125520807326000,37.85,1,37.8,36,37.85,6,1,2022-03-01 09:05:20
1646125520833355000,37.8,1,37.8,35,37.85,6,2,2022-03-01 09:05:20
1646125521086729000,37.8,1,37.8,34,37.85,7,2,2022-03-01 09:05:21
1646125521701735000,37.8,1,37.8,39,37.85,36,2,2022-03-01 09:05:21
1646125521738040000,37.8,1,37.8,38,37.85,36,2,2022-03-01 09:05:21
1646125521818431000,37.8,22,37.8,16,37.85,36,2,2022-03-01 09:05:21
1646125521853968000,37.8,1,37.8,15,37.85,36,2,2022-03-01 09:05:21
1646125521855960000,37.8,1,37.8,14,37.85,36,2,2022-03-01 09:05:21
1646125521909715000,37.85,1,37.8,14,37.85,35,1,2022-03-01 09:05:21
1646125522001326000,37.8,14,37.75,15,37.8,8,2,2022-03-01 09:05:22
1646125522429535000,37.75,2,37.75,13,37.8,13,2,2022-03-01 09:05:22
1646125523456318000,37.8,1,37.75,12,37.8,20,1,2022-03-01 09:05:23
1646125523689590000,37.8,18,37.75,12,37.8,2,1,2022-03-01 09:05:23
1646125523722630000,37.8,2,37.75,12,37.85,34,1,2022-03-01 09:05:23
1646125524801879000,37.8,1,37.8,10,37.85,34,2,2022-03-01 09:05:24
1646125524817729000,37.85,2,37.8,10,37.85,32,1,2022-03-01 09:05:24
1646125525391459000,37.8,2,37.8,8,37.85,32,2,2022-03-01 09:05:25
1646125526048991000,37.8,1,37.8,20,37.85,32,2,2022-03-01 09:05:26
1646125526153607000,37.85,3,37.8,20,37.85,29,1,2022-03-01 09:05:26
1646125526554717000,37.85,20,37.8,20,37.85,9,1,2022-03-01 09:05:26
1646125526589105000,37.85,9,37.8,20,37.9,12,1,2022-03-01 09:05:26
1646125527384855000,37.85,10,37.85,4,37.9,12,2,2022-03-01 09:05:27
1646125527876331000,37.85,1,37.85,7,37.9,12,2,2022-03-01 09:05:27
1646125527971972000,37.9,4,37.85,7,37.9,8,1,2022-03-01 09:05:27
1646125527995859000,37.9,3,37.85,7,37.9,5,1,2022-03-01 09:05:27
1646125528032545000,37.85,1,37.85,6,37.9,5,2,2022-03-01 09:05:28
1646125528219031000,37.9,5,37.85,14,38.0,29,1,2022-03-01 09:05:28
1646125528917702000,37.85,2,37.85,30,38.0,29,2,2022-03-01 09:05:28
1646125530672301000,37.95,1,37.95,11,38.0,29,2,2022-03-01 09:05:30
1646125530767707000,38.0,2,37.95,11,38.0,27,1,2022-03-01 09:05:30
1646125530840480000,38.0,2,37.95,11,38.0,25,1,2022-03-01 09:05:30
1646125531643481000,37.95,10,37.95,16,38.0,25,2,2022-03-01 09:05:31
1646125532231943000,38.0,5,37.95,16,38.0,20,1,2022-03-01 09:05:32
1646125532874524000,38.0,2,37.95,16,38.0,18,1,2022-03-01 09:05:32
1646125534670509000,37.95,20,37.95,6,38.0,18,2,2022-03-01 09:05:34
1646125535242396000,38.0,1,37.95,8,38.0,18,1,2022-03-01 09:05:35
1646125535838381000,37.95,5,37.95,6,38.0,18,2,2022-03-01 09:05:35
1646125535879649000,37.95,1,37.95,5,38.0,18,2,2022-03-01 09:05:35
1646125537104745000,38.0,7,37.95,7,38.0,24,1,2022-03-01 09:05:37
1646125537241832000,37.95,1,37.95,6,38.0,24,2,2022-03-01 09:05:37
1646125537723935000,37.95,1,37.95,29,38.0,34,2,2022-03-01 09:05:37
1646125537859200000,37.95,1,37.95,29,38.0,34,2,2022-03-01 09:05:37
1646125538232295000,38.0,1,37.95,51,38.0,33,1,2022-03-01 09:05:38
1646125538279052000,37.95,1,37.95,50,38.0,33,2,2022-03-01 09:05:38
1646125538391466000,37.95,4,37.95,46,38.0,33,2,2022-03-01 09:05:38
1646125539248754000,38.0,10,37.95,39,38.0,28,1,2022-03-01 09:05:39
1646125539424211000,38.0,5,37.95,39,38.0,23,1,2022-03-01 09:05:39
1646125539461103000,38.0,23,37.95,39,38.05,19,1,2022-03-01 09:05:39
1646125539490652000,38.0,1,37.95,39,38.0,1,1,2022-03-01 09:05:39
1646125539521927000,38.0,1,37.95,39,38.05,19,1,2022-03-01 09:05:39
1646125539539846000,37.95,5,37.95,34,38.05,19,2,2022-03-01 09:05:39
1646125540625820000,38.0,2,38.0,21,38.05,10,2,2022-03-01 09:05:40
1646125540657687000,38.05,1,38.0,21,38.05,9,1,2022-03-01 09:05:40
1646125541084523000,38.0,31,37.95,8,38.05,9,2,2022-03-01 09:05:41
1646125541084523000,37.95,29,37.95,8,38.05,9,2,2022-03-01 09:05:41
1646125541146378000,38.0,1,37.95,8,38.05,11,1,2022-03-01 09:05:41
1646125541307846000,37.95,2,37.95,6,38.05,11,2,2022-03-01 09:05:41
1646125541437304000,38.05,10,37.95,6,38.05,1,1,2022-03-01 09:05:41
1646125542319505000,38.0,1,37.95,6,38.05,2,2,2022-03-01 09:05:42
1646125543246124000,38.0,1,37.95,7,38.0,2,1,2022-03-01 09:05:43
1646125543999480000,38.0,3,38.0,17,38.05,2,1,2022-03-01 09:05:43
1646125544442581000,38.0,1,38.0,16,38.05,2,2,2022-03-01 09:05:44
1646125546203366000,38.0,1,38.0,19,38.05,6,2,2022-03-01 09:05:46
1646125546948224000,38.05,1,38.0,26,38.05,10,1,2022-03-01 09:05:46
1646125547333702000,38.0,1,38.0,26,38.05,10,2,2022-03-01 09:05:47
1646125547540723000,38.05,1,38.0,26,38.05,9,1,2022-03-01 09:05:47
1646125548474328000,38.05,9,38.0,39,38.1,167,1,2022-03-01 09:05:48
1646125548817043000,38.0,1,38.0,38,38.1,174,2,2022-03-01 09:05:48
1646125550141572000,38.05,2,38.05,15,38.1,165,2,2022-03-01 09:05:50
1646125550186796000,38.05,1,38.05,16,38.1,165,2,2022-03-01 09:05:50
1646125550328897000,38.1,2,38.05,16,38.1,164,1,2022-03-01 09:05:50
1646125550359058000,38.05,1,38.05,15,38.1,164,2,2022-03-01 09:05:50
1646125551043086000,38.05,3,38.05,13,38.1,164,2,2022-03-01 09:05:51
1646125551085510000,38.05,10,38.05,3,38.1,164,2,2022-03-01 09:05:51
1646125551342731000,38.05,3,38.0,48,38.05,7,2,2022-03-01 09:05:51
1646125551644849000,38.05,5,38.0,53,38.05,2,1,2022-03-01 09:05:51
1646125551684684000,38.05,2,38.0,53,38.1,164,1,2022-03-01 09:05:51
1646125552148494000,38.05,10,38.05,5,38.1,164,1,2022-03-01 09:05:52
1646125552192220000,38.05,1,38.05,4,38.1,164,2,2022-03-01 09:05:52
1646125552643755000,38.05,1,38.05,3,38.1,164,2,2022-03-01 09:05:52
1646125554137160000,38.1,1,38.05,6,38.1,163,1,2022-03-01 09:05:54
1646125555228237000,38.05,1,38.05,4,38.1,163,2,2022-03-01 09:05:55
1646125555489619000,38.05,1,38.05,8,38.1,163,2,2022-03-01 09:05:55
1646125556886641000,38.05,5,38.05,19,38.1,164,2,2022-03-01 09:05:56
1646125557533914000,38.1,2,38.05,21,38.1,162,1,2022-03-01 09:05:57
1646125557651312000,38.05,2,38.05,19,38.1,162,2,2022-03-01 09:05:57
1646125558013484000,38.05,1,38.05,18,38.1,162,2,2022-03-01 09:05:58
1646125558807543000,38.05,5,38.05,14,38.1,162,2,2022-03-01 09:05:58
1646125558979784000,38.05,5,38.05,9,38.1,162,2,2022-03-01 09:05:58
1646125559412260000,38.05,8,38.05,2,38.1,162,2,2022-03-01 09:05:59
1646125559786045000,38.05,9,38.0,63,38.1,162,2,2022-03-01 09:05:59
1646125560037731000,38.05,1,38.05,7,38.1,162,2,2022-03-01 09:06:00
1646125560452010000,38.05,1,38.05,6,38.1,162,2,2022-03-01 09:06:00
1646125560467788000,38.05,6,38.0,63,38.05,16,2,2022-03-01 09:06:00
1646125561134706000,38.0,1,38.0,96,38.05,16,2,2022-03-01 09:06:01
1646125561202807000,38.05,1,38.0,95,38.05,15,1,2022-03-01 09:06:01
1646125561420267000,38.0,10,38.0,85,38.05,15,2,2022-03-01 09:06:01
1646125561447494000,38.0,1,38.0,84,38.05,15,2,2022-03-01 09:06:01
1646125561470683000,38.0,1,38.0,83,38.05,15,2,2022-03-01 09:06:01
1646125561963945000,38.05,1,38.0,83,38.05,14,1,2022-03-01 09:06:01
1646125562028728000,38.05,5,38.0,83,38.05,9,1,2022-03-01 09:06:02
1646125563942250000,38.05,10,38.0,83,38.05,4,1,2022-03-01 09:06:03
1646125564416498000,38.05,3,38.0,84,38.05,4,1,2022-03-01 09:06:04
1646125565560084000,38.05,2,38.0,105,38.05,14,1,2022-03-01 09:06:05
1646125565873819000,38.05,2,38.0,105,38.05,12,1,2022-03-01 09:06:05
1646125566326693000,38.05,5,38.0,105,38.05,8,1,2022-03-01 09:06:06
1646125566682221000,38.05,1,38.0,106,38.05,7,1,2022-03-01 09:06:06
1646125566975953000,38.05,1,38.0,106,38.05,6,1,2022-03-01 09:06:06
1646125567287467000,38.0,1,38.0,105,38.05,20,2,2022-03-01 09:06:07
1646125567400510000,38.05,1,38.0,105,38.05,19,1,2022-03-01 09:06:07
1646125567789292000,38.05,1,38.0,104,38.05,18,1,2022-03-01 09:06:07
1646125568081335000,38.05,2,38.0,104,38.05,16,1,2022-03-01 09:06:08
1646125568148362000,38.0,22,38.0,82,38.05,20,2,2022-03-01 09:06:08
1646125568149685000,38.0,22,38.0,60,38.05,20,2,2022-03-01 09:06:08
1646125568150750000,38.0,22,38.0,38,38.05,20,2,2022-03-01 09:06:08
1646125568151875000,38.0,22,38.0,16,38.05,20,2,2022-03-01 09:06:08
1646125568152898000,38.0,16,37.95,30,38.0,6,2,2022-03-01 09:06:08
1646125568198306000,37.95,1,37.95,29,38.0,8,2,2022-03-01 09:06:08
1646125568204645000,37.95,1,37.95,28,38.0,8,2,2022-03-01 09:06:08
1646125568211655000,37.95,1,37.95,27,38.0,8,2,2022-03-01 09:06:08
1646125568247059000,37.95,8,37.95,19,38.0,9,2,2022-03-01 09:06:08
1646125568267877000,37.95,4,37.95,15,38.0,9,2,2022-03-01 09:06:08
1646125568286439000,37.95,4,37.95,11,38.0,9,2,2022-03-01 09:06:08
1646125568318243000,37.95,11,37.9,24,38.0,10,2,2022-03-01 09:06:08
1646125568349143000,38.0,5,37.9,24,38.0,5,1,2022-03-01 09:06:08
1646125568498645000,37.95,6,37.9,24,38.0,6,1,2022-03-01 09:06:08
1646125568498645000,38.0,4,37.9,24,38.0,6,1,2022-03-01 09:06:08
1646125569931711000,37.95,1,37.9,25,37.95,3,1,2022-03-01 09:06:09
1646125570123003000,37.95,1,37.9,25,37.95,2,1,2022-03-01 09:06:10
1646125570163478000,37.9,1,37.9,24,37.95,2,2,2022-03-01 09:06:10
1646125570302283000,37.95,2,37.9,24,38.0,12,1,2022-03-01 09:06:10
1646125570302283000,38.0,21,37.9,24,38.0,12,1,2022-03-01 09:06:10
1646125571069803000,37.9,3,37.9,21,38.0,12,2,2022-03-01 09:06:11
1646125571414972000,37.95,1,37.9,21,38.0,12,1,2022-03-01 09:06:11
1646125571509922000,38.0,1,37.9,21,38.0,11,1,2022-03-01 09:06:11
1646125572290108000,37.9,1,37.9,20,38.0,11,2,2022-03-01 09:06:12
1646125573564036000,38.0,1,37.9,20,38.0,11,1,2022-03-01 09:06:13
1646125574299734000,37.95,9,37.9,20,38.0,11,2,2022-03-01 09:06:14
1646125575387612000,37.95,1,37.9,20,37.95,5,1,2022-03-01 09:06:15
1646125575603449000,37.9,1,37.9,19,37.95,11,2,2022-03-01 09:06:15
1646125575749103000,37.9,19,37.85,113,37.95,17,2,2022-03-01 09:06:15
1646125575749103000,37.85,1,37.85,113,37.95,17,2,2022-03-01 09:06:15
1646125575955918000,37.9,1,37.85,113,37.9,12,1,2022-03-01 09:06:15
1646125576439175000,37.9,1,37.85,113,37.9,33,1,2022-03-01 09:06:16
1646125576496112000,37.85,1,37.85,112,37.9,33,2,2022-03-01 09:06:16
1646125576534150000,37.85,1,37.85,111,37.9,33,2,2022-03-01 09:06:16
1646125576538343000,37.85,1,37.85,110,37.9,33,2,2022-03-01 09:06:16
1646125576579549000,37.85,1,37.85,109,37.9,33,2,2022-03-01 09:06:16
1646125576756788000,37.85,7,37.85,102,37.9,33,2,2022-03-01 09:06:16
1646125576790632000,37.85,1,37.85,101,37.9,33,2,2022-03-01 09:06:16
1646125576792649000,37.85,1,37.85,100,37.9,33,2,2022-03-01 09:06:16
1646125576792686000,37.85,1,37.85,99,37.9,33,2,2022-03-01 09:06:16
1646125576847844000,37.85,1,37.85,98,37.9,33,2,2022-03-01 09:06:16
1646125576990049000,37.85,25,37.85,73,37.9,33,2,2022-03-01 09:06:16
1646125577019442000,37.85,45,37.85,28,37.9,33,2,2022-03-01 09:06:17
1646125577022657000,37.85,1,37.85,27,37.9,33,2,2022-03-01 09:06:17
1646125577052454000,37.85,2,37.85,25,37.9,33,2,2022-03-01 09:06:17
1646125577052556000,37.85,25,37.8,41,37.9,33,2,2022-03-01 09:06:17
1646125577840421000,37.85,3,37.8,39,37.85,17,1,2022-03-01 09:06:17
1646125578126014000,37.85,8,37.8,39,37.85,9,1,2022-03-01 09:06:18
1646125578167536000,37.8,1,37.8,38,37.85,9,2,2022-03-01 09:06:18
1646125578446502000,37.8,5,37.8,33,37.85,9,2,2022-03-01 09:06:18
1646125578602158000,37.8,3,37.8,30,37.85,10,2,2022-03-01 09:06:18
1646125578623645000,37.85,1,37.8,30,37.85,9,1,2022-03-01 09:06:18
1646125578643334000,37.8,1,37.8,29,37.85,9,2,2022-03-01 09:06:18
1646125578645080000,37.8,1,37.8,28,37.85,9,2,2022-03-01 09:06:18
1646125578980913000,37.85,1,37.8,28,37.85,8,1,2022-03-01 09:06:18
1646125579403915000,37.8,1,37.8,37,37.85,8,2,2022-03-01 09:06:19
1646125579550526000,37.8,25,37.8,12,37.85,8,2,2022-03-01 09:06:19
1646125579588068000,37.8,1,37.8,11,37.85,8,2,2022-03-01 09:06:19
1646125579588628000,37.8,1,37.8,10,37.85,8,2,2022-03-01 09:06:19
1646125579612727000,37.8,1,37.8,9,37.85,8,2,2022-03-01 09:06:19
1646125579648110000,37.8,3,37.8,6,37.85,8,2,2022-03-01 09:06:19
1646125579662907000,37.85,1,37.8,6,37.85,7,1,2022-03-01 09:06:19
1646125579859884000,37.8,1,37.8,5,37.85,9,2,2022-03-01 09:06:19
1646125580255129000,37.85,1,37.8,5,37.85,14,1,2022-03-01 09:06:20
1646125580303920000,37.8,4,37.8,1,37.85,14,2,2022-03-01 09:06:20
1646125580337860000,37.8,1,37.75,23,37.85,14,2,2022-03-01 09:06:20
1646125580475656000,37.75,4,37.75,19,37.85,14,2,2022-03-01 09:06:20
1646125580620322000,37.75,4,37.75,15,37.8,7,2,2022-03-01 09:06:20
1646125580649290000,37.75,1,37.75,14,37.8,8,2,2022-03-01 09:06:20
1646125580774894000,37.75,1,37.75,13,37.8,13,2,2022-03-01 09:06:20
1646125581133752000,37.75,4,37.75,13,37.8,13,2,2022-03-01 09:06:21
1646125581167484000,37.75,1,37.75,12,37.8,13,2,2022-03-01 09:06:21
1646125581187095000,37.75,1,37.75,11,37.8,13,2,2022-03-01 09:06:21
1646125582025634000,37.75,3,37.75,8,37.8,25,2,2022-03-01 09:06:22
1646125582289090000,37.8,8,37.75,8,37.8,17,1,2022-03-01 09:06:22
1646125582459305000,37.75,1,37.75,7,37.8,17,2,2022-03-01 09:06:22
1646125582713140000,37.8,1,37.75,11,37.8,16,1,2022-03-01 09:06:22
1646125582748842000,37.8,9,37.75,11,37.8,7,1,2022-03-01 09:06:22
1646125582790119000,37.75,1,37.75,10,37.8,7,2,2022-03-01 09:06:22
1646125583578573000,37.8,3,37.75,10,37.8,4,1,2022-03-01 09:06:23
1646125583586762000,37.75,5,37.75,5,37.8,4,2,2022-03-01 09:06:23
1646125583626491000,37.75,1,37.75,4,37.8,4,2,2022-03-01 09:06:23
1646125583994190000,37.8,1,37.75,4,37.8,3,1,2022-03-01 09:06:23
1646125584544627000,37.8,2,37.75,10,37.8,1,1,2022-03-01 09:06:24
1646125584575858000,37.8,1,37.75,10,37.85,23,1,2022-03-01 09:06:24
1646125585156857000,37.85,5,37.8,12,37.9,28,1,2022-03-01 09:06:25
1646125585951253000,37.8,10,37.8,2,37.9,24,2,2022-03-01 09:06:25
1646125586130117000,37.85,1,37.85,1,37.9,24,2,2022-03-01 09:06:26
1646125586141414000,37.9,1,37.85,1,37.9,23,1,2022-03-01 09:06:26
1646125586622080000,37.9,2,37.85,1,37.9,21,1,2022-03-01 09:06:26
1646125586895308000,37.9,2,37.85,1,37.9,19,1,2022-03-01 09:06:26
1646125588650216000,37.8,8,37.7,101,37.9,19,2,2022-03-01 09:06:28
1646125588650216000,37.75,19,37.7,101,37.9,19,2,2022-03-01 09:06:28
1646125588650216000,37.7,23,37.7,101,37.9,19,2,2022-03-01 09:06:28
1646125588690233000,37.7,22,37.7,79,37.9,22,2,2022-03-01 09:06:28
1646125588691553000,37.7,22,37.7,57,37.85,2,2,2022-03-01 09:06:28
1646125588692371000,37.7,22,37.7,35,37.85,3,2,2022-03-01 09:06:28
1646125588693603000,37.7,22,37.7,13,37.85,4,2,2022-03-01 09:06:28
1646125588694445000,37.7,13,37.65,2,37.7,9,2,2022-03-01 09:06:28
1646125588702167000,37.65,2,37.6,7,37.7,141,2,2022-03-01 09:06:28
1646125588721527000,37.7,9,37.6,6,37.7,132,1,2022-03-01 09:06:28
1646125588736397000,37.6,3,37.6,3,37.65,2,2,2022-03-01 09:06:28
1646125588828707000,37.6,3,37.55,35,37.65,6,2,2022-03-01 09:06:28
1646125588904352000,37.6,1,37.55,35,37.65,7,1,2022-03-01 09:06:28
1646125589748796000,37.6,12,37.55,35,37.7,131,1,2022-03-01 09:06:29
1646125589748796000,37.65,8,37.55,35,37.7,131,1,2022-03-01 09:06:29
1646125589748796000,37.7,10,37.55,35,37.7,131,1,2022-03-01 09:06:29
1646125589799929000,37.65,1,37.55,35,37.65,1,1,2022-03-01 09:06:29
1646125589805915000,37.65,1,37.55,35,37.7,127,1,2022-03-01 09:06:29
1646125589805915000,37.7,4,37.55,35,37.7,127,1,2022-03-01 09:06:29
1646125589825357000,37.65,1,37.55,35,37.7,119,1,2022-03-01 09:06:29
1646125589825357000,37.7,8,37.55,35,37.7,119,1,2022-03-01 09:06:29
1646125590267959000,37.7,1,37.6,1,37.7,121,1,2022-03-01 09:06:30
1646125590329727000,37.7,1,37.6,1,37.7,120,1,2022-03-01 09:06:30
1646125590362467000,37.6,1,0.0,0,0.0,0,2,2022-03-01 09:06:30
1646125590362467000,37.6,0,0.0,0,0.0,0,2,2022-03-01 09:06:30
1646125711033195000,37.7,336,37.65,122,37.7,89,1,2022-03-01 09:08:31
1646125711037415000,37.7,10,37.65,122,37.7,79,1,2022-03-01 09:08:31
1646125711073111000,37.7,10,37.65,122,37.7,69,1,2022-03-01 09:08:31
1646125711107121000,37.7,1,37.65,122,37.7,68,1,2022-03-01 09:08:31
1646125711137826000,37.7,2,37.65,122,37.7,66,1,2022-03-01 09:08:31
1646125711146607000,37.65,3,37.65,119,37.7,66,2,2022-03-01 09:08:31
1646125711203920000,37.65,8,37.65,111,37.7,66,2,2022-03-01 09:08:31
1646125711236097000,37.65,1,37.65,110,37.7,68,2,2022-03-01 09:08:31
1646125711265453000,37.65,1,37.65,109,37.7,68,2,2022-03-01 09:08:31
1646125711542627000,37.7,1,37.65,78,37.7,67,1,2022-03-01 09:08:31
1646125711568031000,37.7,1,37.65,78,37.7,66,1,2022-03-01 09:08:31
1646125712093366000,37.65,5,37.65,73,37.7,66,2,2022-03-01 09:08:32
1646125712131063000,37.65,1,37.65,72,37.7,66,2,2022-03-01 09:08:32
1646125712230542000,37.65,1,37.65,71,37.7,65,2,2022-03-01 09:08:32
1646125712272293000,37.7,2,37.65,71,37.7,63,1,2022-03-01 09:08:32
1646125712655991000,37.7,2,37.65,71,37.7,63,1,2022-03-01 09:08:32
1646125712811353000,37.65,10,37.65,61,37.7,63,2,2022-03-01 09:08:32
1646125712876626000,37.65,1,37.65,60,37.7,63,2,2022-03-01 09:08:32
1646125713055299000,37.65,16,37.65,44,37.7,63,2,2022-03-01 09:08:33
1646125713088966000,37.65,11,37.65,33,37.7,63,2,2022-03-01 09:08:33
1646125713091150000,37.65,1,37.65,32,37.7,66,2,2022-03-01 09:08:33
1646125713121977000,37.65,1,37.65,31,37.7,66,2,2022-03-01 09:08:33
1646125713852568000,37.7,1,37.65,33,37.7,62,1,2022-03-01 09:08:33
1646125713855806000,37.65,10,37.65,23,37.7,62,2,2022-03-01 09:08:33
1646125714303205000,37.7,10,37.65,23,37.7,52,1,2022-03-01 09:08:34
1646125714582006000,37.65,10,37.65,32,37.7,52,2,2022-03-01 09:08:34
1646125714723934000,37.65,1,37.65,31,37.7,52,2,2022-03-01 09:08:34
1646125714738025000,37.65,2,37.65,29,37.7,52,2,2022-03-01 09:08:34
1646125714770518000,37.65,1,37.65,33,37.7,52,2,2022-03-01 09:08:34
1646125714908689000,37.65,2,37.65,31,37.7,52,2,2022-03-01 09:08:34
1646125714949582000,37.7,3,37.65,28,37.7,50,1,2022-03-01 09:08:34
1646125715137018000,37.65,1,37.65,27,37.7,50,2,2022-03-01 09:08:35
1646125716795975000,37.65,1,37.65,26,37.7,51,2,2022-03-01 09:08:36
1646125716809066000,37.7,2,37.65,26,37.7,49,1,2022-03-01 09:08:36
1646125717040595000,37.65,2,37.65,25,37.7,49,2,2022-03-01 09:08:37
1646125717070923000,37.65,1,37.65,24,37.7,49,2,2022-03-01 09:08:37
1646125717197343000,37.7,10,37.65,24,37.7,39,1,2022-03-01 09:08:37
1646125718635803000,37.7,2,37.65,24,37.7,37,1,2022-03-01 09:08:38
1646125719453767000,37.7,8,37.65,26,37.7,29,1,2022-03-01 09:08:39
1646125719676631000,37.7,1,37.65,27,37.7,30,1,2022-03-01 09:08:39
1646125720629139000,37.7,10,37.65,28,37.7,20,1,2022-03-01 09:08:40
1646125720655990000,37.7,1,37.65,28,37.7,19,1,2022-03-01 09:08:40
1646125720666468000,37.7,1,37.65,28,37.7,18,1,2022-03-01 09:08:40
1646125720688959000,37.7,1,37.65,28,37.7,17,1,2022-03-01 09:08:40
1646125720843091000,37.7,10,37.65,28,37.7,7,1,2022-03-01 09:08:40
1646125721454221000,37.7,2,37.65,13,37.7,5,1,2022-03-01 09:08:41
1646125721614271000,37.7,2,37.65,20,37.7,3,1,2022-03-01 09:08:41
1646125721990621000,37.7,3,37.7,1,37.75,10,1,2022-03-01 09:08:41
1646125722046056000,37.75,10,37.7,21,37.8,8,1,2022-03-01 09:08:42
1646125722948815000,37.7,2,37.7,27,37.8,8,2,2022-03-01 09:08:42
1646125724034826000,37.7,10,37.7,46,37.8,8,2,2022-03-01 09:08:44
1646125724091458000,37.8,1,37.75,4,37.8,7,1,2022-03-01 09:08:44
1646125724189319000,37.8,2,37.75,6,37.8,5,1,2022-03-01 09:08:44
1646125724933128000,37.8,1,37.75,13,37.8,4,1,2022-03-01 09:08:44
1646125725293100000,37.8,1,37.75,13,37.8,3,1,2022-03-01 09:08:45
1646125726812927000,37.8,1,37.75,32,37.8,2,1,2022-03-01 09:08:46
1646125727511468000,37.8,2,37.75,33,37.85,11,1,2022-03-01 09:08:47
1646125727511468000,37.85,1,37.75,33,37.85,11,1,2022-03-01 09:08:47
1646125728892150000,37.8,1,37.8,2,37.85,11,2,2022-03-01 09:08:48
1646125729294358000,37.8,1,37.8,4,37.85,11,2,2022-03-01 09:08:49
1646125729706242000,37.85,1,37.8,4,37.85,10,1,2022-03-01 09:08:49
1646125729806889000,37.85,5,37.8,4,37.85,5,1,2022-03-01 09:08:49
1646125729867440000,37.85,2,37.8,4,37.85,3,1,2022-03-01 09:08:49
1646125729888508000,37.85,1,37.8,4,37.85,2,1,2022-03-01 09:08:49
1646125730669456000,37.85,1,37.8,11,37.85,1,1,2022-03-01 09:08:50
1646125731825389000,37.85,1,37.8,11,37.9,32,1,2022-03-01 09:08:51
1646125731825389000,37.9,4,37.8,11,37.9,32,1,2022-03-01 09:08:51
1646125732123414000,37.9,1,37.85,1,37.9,31,1,2022-03-01 09:08:52
1646125732627403000,37.85,3,37.85,2,37.9,36,2,2022-03-01 09:08:52
1646125733724150000,37.9,1,37.85,4,37.9,35,1,2022-03-01 09:08:53
1646125734510887000,37.9,1,37.85,7,37.9,34,1,2022-03-01 09:08:54
1646125734640328000,37.85,3,37.85,4,37.9,34,2,2022-03-01 09:08:54
1646125735289057000,37.9,5,37.85,11,37.9,29,1,2022-03-01 09:08:55
1646125736303443000,37.9,2,37.85,20,37.9,27,1,2022-03-01 09:08:56
1646125737054133000,37.9,5,37.85,30,37.9,25,1,2022-03-01 09:08:57
1646125737451347000,37.85,3,37.85,27,37.9,25,2,2022-03-01 09:08:57
1646125737562051000,37.9,1,37.85,27,37.9,24,1,2022-03-01 09:08:57
1646125737699679000,37.9,1,37.85,27,37.9,23,1,2022-03-01 09:08:57
1646125737702475000,37.9,2,37.85,27,37.9,21,1,2022-03-01 09:08:57
1646125737943663000,37.9,1,37.85,19,37.9,20,1,2022-03-01 09:08:57
1646125738326927000,37.9,1,37.85,23,37.9,19,1,2022-03-01 09:08:58
1646125738738308000,37.9,1,37.85,24,37.9,18,1,2022-03-01 09:08:58
1646125738871579000,37.9,9,37.85,24,37.9,9,1,2022-03-01 09:08:58
1646125739074215000,37.9,9,37.9,6,37.95,51,1,2022-03-01 09:08:59
1646125739244887000,37.9,1,37.9,5,37.95,51,2,2022-03-01 09:08:59
1646125739305302000,37.9,5,37.85,26,37.95,51,2,2022-03-01 09:08:59
1646125739641048000,37.95,2,37.9,1,37.95,49,1,2022-03-01 09:08:59
1646125739697845000,37.9,1,37.85,26,37.9,9,2,2022-03-01 09:08:59
1646125739821461000,37.9,1,37.85,26,37.9,8,1,2022-03-01 09:08:59
1646125740054340000,37.85,1,37.85,25,37.9,8,2,2022-03-01 09:09:00
1646125740187051000,37.9,1,37.85,27,37.9,7,1,2022-03-01 09:09:00
1646125740435204000,37.85,7,37.85,35,37.9,7,2,2022-03-01 09:09:00
1646125740514699000,37.85,7,37.85,26,37.9,7,2,2022-03-01 09:09:00
1646125740650463000,37.9,5,37.85,26,37.9,12,1,2022-03-01 09:09:00
1646125740922822000,37.85,7,37.85,19,37.9,10,2,2022-03-01 09:09:00
1646125740955461000,37.85,1,37.85,18,37.9,10,2,2022-03-01 09:09:00
1646125740958541000,37.85,4,37.85,14,37.9,10,2,2022-03-01 09:09:00
1646125740963023000,37.9,1,37.85,14,37.9,13,1,2022-03-01 09:09:00
1646125740991336000,37.9,2,37.85,14,37.9,11,1,2022-03-01 09:09:00
1646125741157075000,37.9,3,37.85,14,37.9,8,1,2022-03-01 09:09:01
1646125741292744000,37.9,1,37.85,14,37.9,17,1,2022-03-01 09:09:01
1646125741319070000,37.9,17,37.85,14,37.95,35,1,2022-03-01 09:09:01
1646125741319070000,37.95,13,37.85,14,37.95,35,1,2022-03-01 09:09:01
1646125741385807000,37.85,2,37.8,49,37.95,35,2,2022-03-01 09:09:01
1646125741385807000,37.8,8,37.8,49,37.95,35,2,2022-03-01 09:09:01
1646125741653997000,37.85,1,37.8,51,37.85,14,1,2022-03-01 09:09:01
1646125741970878000,37.85,3,37.8,51,37.85,16,1,2022-03-01 09:09:01
1646125742061937000,37.85,1,37.8,51,37.85,15,1,2022-03-01 09:09:02
1646125742819976000,37.85,2,37.8,51,37.85,17,1,2022-03-01 09:09:02
1646125742912203000,37.8,2,37.8,49,37.85,17,2,2022-03-01 09:09:02
1646125743091618000,37.85,1,37.8,49,37.85,16,1,2022-03-01 09:09:03
1646125743096184000,37.8,2,37.8,47,37.85,16,2,2022-03-01 09:09:03
1646125743302610000,37.85,3,37.8,47,37.85,13,1,2022-03-01 09:09:03
1646125743763874000,37.85,2,37.8,47,37.85,31,1,2022-03-01 09:09:03
1646125743812858000,37.8,1,37.8,46,37.85,31,2,2022-03-01 09:09:03
1646125743843124000,37.8,11,37.8,35,37.85,31,2,2022-03-01 09:09:03
1646125743879580000,37.8,1,37.8,34,37.85,31,2,2022-03-01 09:09:03
1646125744445420000,37.8,3,37.8,31,37.85,22,2,2022-03-01 09:09:04
1646125744572604000,37.8,3,37.8,28,37.85,22,2,2022-03-01 09:09:04
1646125744604783000,37.8,1,37.8,27,37.85,22,2,2022-03-01 09:09:04
1646125744626545000,37.8,5,37.8,22,37.85,22,2,2022-03-01 09:09:04
1646125744636595000,37.8,1,37.8,21,37.85,22,2,2022-03-01 09:09:04
1646125744662512000,37.8,4,37.8,17,37.85,22,2,2022-03-01 09:09:04
1646125744704424000,37.8,3,37.8,14,37.85,32,2,2022-03-01 09:09:04
1646125744730111000,37.8,1,37.8,13,37.85,32,2,2022-03-01 09:09:04
1646125744776555000,37.85,1,37.8,13,37.85,31,1,2022-03-01 09:09:04
1646125744777046000,37.85,1,37.8,13,37.85,30,1,2022-03-01 09:09:04
1646125744841419000,37.8,3,37.8,10,37.85,26,2,2022-03-01 09:09:04
1646125744950088000,37.8,3,37.8,7,37.85,26,2,2022-03-01 09:09:04
1646125744986596000,37.8,3,37.8,4,37.85,26,2,2022-03-01 09:09:04
1646125745095014000,37.8,4,37.75,14,37.85,26,2,2022-03-01 09:09:05
1646125745095014000,37.75,6,37.75,14,37.85,26,2,2022-03-01 09:09:05
1646125745524898000,37.8,1,37.75,14,37.8,42,1,2022-03-01 09:09:05
1646125745683798000,37.8,1,37.75,14,37.8,42,1,2022-03-01 09:09:05
1646125745707041000,37.75,1,37.75,13,37.8,42,2,2022-03-01 09:09:05
1646125745732707000,37.8,1,37.75,13,37.8,41,1,2022-03-01 09:09:05
1646125745760181000,37.8,1,37.75,13,37.8,40,1,2022-03-01 09:09:05
1646125745832867000,37.8,23,37.75,13,37.8,19,1,2022-03-01 09:09:05
1646125745856371000,37.75,1,37.75,12,37.8,19,2,2022-03-01 09:09:05
1646125745886499000,37.75,1,37.75,11,37.8,19,2,2022-03-01 09:09:05
1646125745964635000,37.8,1,37.75,11,37.8,20,1,2022-03-01 09:09:05
1646125746184313000,37.75,3,37.75,8,37.8,22,2,2022-03-01 09:09:06
1646125746229405000,37.75,1,37.75,7,37.8,22,2,2022-03-01 09:09:06
1646125746432513000,37.75,2,37.75,5,37.8,22,2,2022-03-01 09:09:06
1646125746461624000,37.75,1,37.75,4,37.8,22,2,2022-03-01 09:09:06
1646125746461984000,37.75,4,37.7,47,37.8,22,2,2022-03-01 09:09:06
1646125746521591000,37.7,1,37.7,46,37.8,22,2,2022-03-01 09:09:06
1646125746786721000,37.8,1,37.7,46,37.8,19,1,2022-03-01 09:09:06
1646125747155682000,37.75,1,37.7,46,37.75,4,2,2022-03-01 09:09:07
1646125747362275000,37.75,6,37.75,10,37.8,24,1,2022-03-01 09:09:07
1646125747726290000,37.75,5,37.75,5,37.8,24,2,2022-03-01 09:09:07
1646125747768290000,37.75,1,37.75,4,37.8,24,2,2022-03-01 09:09:07
1646125748070462000,37.75,4,37.7,42,37.8,22,2,2022-03-01 09:09:08
1646125748070462000,37.7,4,37.7,42,37.8,22,2,2022-03-01 09:09:08
1646125748314613000,37.75,1,37.7,42,37.75,5,1,2022-03-01 09:09:08
1646125749393027000,37.75,5,37.7,72,37.8,21,1,2022-03-01 09:09:09
1646125749465219000,37.7,1,37.7,71,37.75,1,2,2022-03-01 09:09:09
1646125750310130000,37.75,1,37.7,71,37.8,8,1,2022-03-01 09:09:10
1646125750310130000,37.8,9,37.7,71,37.8,8,1,2022-03-01 09:09:10
1646125750641738000,37.75,1,37.75,21,37.8,8,1,2022-03-01 09:09:10
1646125750938459000,37.8,1,37.75,21,37.8,7,1,2022-03-01 09:09:10
1646125751275200000,37.75,10,37.75,11,37.8,7,2,2022-03-01 09:09:11
1646125751326386000,37.75,1,37.75,10,37.8,7,2,2022-03-01 09:09:11
1646125751345332000,37.75,1,37.75,9,37.8,7,2,2022-03-01 09:09:11
1646125751863278000,37.75,1,37.75,8,37.8,3,2,2022-03-01 09:09:11
1646125752538365000,37.8,1,37.8,1,37.85,31,1,2022-03-01 09:09:12
1646125752746056000,37.8,1,37.75,11,37.85,36,2,2022-03-01 09:09:12
1646125752971105000,37.75,2,37.75,9,37.85,36,2,2022-03-01 09:09:12
1646125753074976000,37.75,2,37.75,7,37.85,36,2,2022-03-01 09:09:13
1646125753594218000,37.85,10,37.75,9,37.85,26,1,2022-03-01 09:09:13
1646125754070718000,37.75,1,37.75,9,37.8,11,2,2022-03-01 09:09:14
1646125754705981000,37.75,9,37.7,35,37.8,41,2,2022-03-01 09:09:14
1646125754705981000,37.7,41,37.7,35,37.8,41,2,2022-03-01 09:09:14
1646125754946194000,37.7,15,37.7,20,37.75,10,2,2022-03-01 09:09:14
1646125755240811000,37.7,4,37.7,17,37.75,10,2,2022-03-01 09:09:15
1646125755592878000,37.75,1,37.7,17,37.75,9,1,2022-03-01 09:09:15
1646125755839643000,37.75,1,37.7,17,37.75,10,1,2022-03-01 09:09:15
1646125756140441000,37.7,4,37.7,13,37.75,12,2,2022-03-01 09:09:16
1646125756370982000,37.75,6,37.7,15,37.75,6,1,2022-03-01 09:09:16
1646125757555922000,37.75,1,37.7,16,37.75,5,1,2022-03-01 09:09:17
1646125757931798000,37.75,2,37.7,16,37.75,2,1,2022-03-01 09:09:17
1646125758113975000,37.7,1,37.7,17,37.75,2,2,2022-03-01 09:09:18
1646125759242904000,37.7,8,37.7,20,37.75,3,2,2022-03-01 09:09:19
1646125759299150000,37.7,1,37.7,19,37.75,3,2,2022-03-01 09:09:19
1646125759839793000,37.75,1,37.7,25,37.75,7,1,2022-03-01 09:09:19
1646125759992497000,37.75,1,37.7,30,37.75,6,1,2022-03-01 09:09:19
1646125760001184000,37.75,2,37.7,30,37.75,4,1,2022-03-01 09:09:20
1646125760046856000,37.7,1,37.7,29,37.75,4,2,2022-03-01 09:09:20
1646125760063580000,37.7,1,37.7,28,37.75,4,2,2022-03-01 09:09:20
1646125760212934000,37.75,2,37.7,28,37.75,2,1,2022-03-01 09:09:20
1646125760293625000,37.75,1,37.7,28,37.75,1,1,2022-03-01 09:09:20
1646125760636169000,37.75,1,37.75,1,37.8,41,1,2022-03-01 09:09:20
1646125760941235000,37.75,1,37.7,31,37.8,41,2,2022-03-01 09:09:20
1646125761003489000,37.7,12,37.7,19,37.8,46,2,2022-03-01 09:09:21
1646125761782539000,37.75,1,37.7,26,37.75,2,1,2022-03-01 09:09:21
1646125761792212000,37.75,2,37.75,3,37.8,46,1,2022-03-01 09:09:21
1646125762786303000,37.75,2,37.75,1,37.8,47,2,2022-03-01 09:09:22
1646125763524592000,37.75,2,37.75,10,37.8,42,2,2022-03-01 09:09:23
1646125765229833000,37.75,2,37.75,11,37.8,44,2,2022-03-01 09:09:25
1646125765492936000,37.75,10,37.75,2,37.8,44,2,2022-03-01 09:09:25
1646125765787598000,37.8,2,37.75,2,37.8,42,1,2022-03-01 09:09:25
1646125765858006000,37.75,2,37.7,31,37.8,42,2,2022-03-01 09:09:25
1646125766093832000,37.75,1,37.7,32,37.8,41,1,2022-03-01 09:09:26
1646125766093832000,37.8,1,37.7,32,37.8,41,1,2022-03-01 09:09:26
1646125770250011000,37.8,2,37.75,23,37.8,49,1,2022-03-01 09:09:30
1646125771259610000,37.8,20,37.75,23,37.8,29,1,2022-03-01 09:09:31
1646125771377291000,37.8,3,37.75,25,37.8,26,1,2022-03-01 09:09:31
1646125771752875000,37.8,1,37.75,45,37.8,12,1,2022-03-01 09:09:31
1646125771868747000,37.8,10,37.75,45,37.8,2,1,2022-03-01 09:09:31
1646125771901645000,37.8,2,37.75,45,37.85,10,1,2022-03-01 09:09:31
1646125771937059000,37.85,10,37.75,45,37.9,5,1,2022-03-01 09:09:31
1646125771937059000,37.9,10,37.75,45,37.9,5,1,2022-03-01 09:09:31
1646125773254319000,37.85,2,37.8,51,37.85,1,1,2022-03-01 09:09:33
1646125773629214000,37.8,50,37.8,1,37.85,1,2,2022-03-01 09:09:33
1646125773652989000,37.8,1,37.75,29,37.85,2,2,2022-03-01 09:09:33
1646125773681164000,37.85,2,37.75,29,37.9,5,1,2022-03-01 09:09:33
1646125773681164000,37.9,7,37.75,29,37.9,5,1,2022-03-01 09:09:33
1646125774193016000,37.75,10,37.75,19,37.9,2,2,2022-03-01 09:09:34
1646125774361436000,37.75,11,37.75,8,37.85,1,2,2022-03-01 09:09:34
1646125774425535000,37.85,1,37.75,8,37.9,8,1,2022-03-01 09:09:34
1646125775120947000,37.8,10,37.75,18,37.8,12,2,2022-03-01 09:09:35
1646125775747233000,37.75,1,37.75,19,37.8,12,2,2022-03-01 09:09:35
1646125775836693000,37.8,1,37.75,19,37.8,11,1,2022-03-01 09:09:35
1646125775947266000,37.8,1,37.75,19,37.8,10,1,2022-03-01 09:09:35
1646125776370903000,37.8,9,37.75,19,37.8,1,1,2022-03-01 09:09:36
1646125776398145000,37.75,1,37.75,18,37.8,1,2,2022-03-01 09:09:36
1646125776413686000,37.8,1,37.75,18,37.85,22,1,2022-03-01 09:09:36
1646125776427513000,37.75,1,37.75,17,37.85,22,2,2022-03-01 09:09:36
1646125777606378000,37.8,2,37.75,17,37.85,48,2,2022-03-01 09:09:37
1646125778785618000,37.8,1,37.75,21,37.85,48,2,2022-03-01 09:09:38
1646125778865326000,37.85,1,37.75,21,37.85,47,1,2022-03-01 09:09:38
1646125779462319000,37.85,5,37.75,31,37.85,42,1,2022-03-01 09:09:39
1646125779564300000,37.8,4,37.75,31,37.8,2,2,2022-03-01 09:09:39
1646125779703256000,37.8,1,37.75,32,37.8,1,1,2022-03-01 09:09:39
1646125780843427000,37.8,1,37.75,48,37.85,25,1,2022-03-01 09:09:40
1646125780843427000,37.85,19,37.75,48,37.85,25,1,2022-03-01 09:09:40
1646125780871537000,37.85,1,37.75,48,37.85,24,1,2022-03-01 09:09:40
1646125780977018000,37.85,3,37.75,48,37.85,21,1,2022-03-01 09:09:40
1646125781748534000,37.75,5,37.75,32,37.8,1,2,2022-03-01 09:09:41
1646125782614314000,37.8,1,37.75,32,37.85,22,1,2022-03-01 09:09:42
1646125783262197000,37.8,1,37.8,4,37.85,22,2,2022-03-01 09:09:43
1646125787886432000,37.8,20,37.8,5,37.85,23,2,2022-03-01 09:09:47
1646125787918092000,37.8,1,37.8,4,37.85,24,2,2022-03-01 09:09:47
1646125787918150000,37.8,1,37.8,3,37.85,24,2,2022-03-01 09:09:47
1646125788870625000,37.8,1,37.8,2,37.85,24,2,2022-03-01 09:09:48
1646125788970846000,37.8,2,37.75,26,37.8,8,2,2022-03-01 09:09:48
1646125789004107000,37.75,1,37.75,25,37.8,8,2,2022-03-01 09:09:49
1646125789085254000,37.8,3,37.75,26,37.8,9,1,2022-03-01 09:09:49
1646125789133756000,37.8,9,37.75,26,37.85,24,1,2022-03-01 09:09:49
1646125789133756000,37.85,6,37.75,26,37.85,24,1,2022-03-01 09:09:49
1646125789722347000,37.85,2,37.8,1,37.85,23,1,2022-03-01 09:09:49
1646125790494273000,37.8,1,37.75,25,37.85,23,2,2022-03-01 09:09:50
1646125790494273000,37.75,2,37.75,25,37.85,23,2,2022-03-01 09:09:50
1646125791225482000,37.8,2,37.75,25,37.8,12,2,2022-03-01 09:09:51
1646125792388644000,37.8,1,37.75,25,37.8,11,1,2022-03-01 09:09:52
1646125792778228000,37.8,1,37.75,25,37.8,12,1,2022-03-01 09:09:52
1646125793380210000,37.8,9,37.75,29,37.8,3,1,2022-03-01 09:09:53
1646125793515435000,37.8,1,37.75,29,37.8,4,1,2022-03-01 09:09:53
1646125793863889000,37.8,1,37.75,29,37.8,3,1,2022-03-01 09:09:53
1646125794723810000,37.75,10,37.75,19,37.8,10,2,2022-03-01 09:09:54
1646125794793110000,37.75,1,37.75,18,37.8,14,2,2022-03-01 09:09:54
1646125795173761000,37.8,2,37.75,18,37.8,12,1,2022-03-01 09:09:55
1646125795366783000,37.75,18,37.7,15,37.8,8,2,2022-03-01 09:09:55
1646125795366783000,37.7,32,37.7,15,37.8,8,2,2022-03-01 09:09:55
1646125795490396000,37.7,3,37.7,12,37.75,6,2,2022-03-01 09:09:55
1646125795527710000,37.7,4,37.7,8,37.75,6,2,2022-03-01 09:09:55
1646125796058912000,37.75,6,37.7,8,37.8,16,1,2022-03-01 09:09:56
1646125796416961000,37.8,1,37.7,8,37.8,21,1,2022-03-01 09:09:56
1646125796641024000,37.8,1,37.7,11,37.8,20,1,2022-03-01 09:09:56
1646125797041320000,37.75,2,37.7,11,37.8,20,1,2022-03-01 09:09:57
1646125797809273000,37.75,1,37.7,32,37.75,6,1,2022-03-01 09:09:57
1646125799881821000,37.75,1,37.7,32,37.75,11,1,2022-03-01 09:09:59
1646125799946655000,37.75,1,37.7,32,37.75,10,1,2022-03-01 09:09:59
1646125800082705000,37.75,5,37.7,32,37.75,5,1,2022-03-01 09:10:00
1646125800422199000,37.7,7,37.7,27,37.75,6,2,2022-03-01 09:10:00
1646125800456494000,37.7,7,37.7,20,37.75,7,2,2022-03-01 09:10:00
1646125800578957000,37.7,7,37.7,13,37.75,11,2,2022-03-01 09:10:00
1646125800620946000,37.7,4,37.7,9,37.75,11,2,2022-03-01 09:10:00
1646125800641736000,37.7,1,37.7,8,37.75,11,2,2022-03-01 09:10:00
1646125800677866000,37.7,1,37.7,7,37.75,11,2,2022-03-01 09:10:00
1646125801172893000,37.7,3,37.7,4,37.75,12,2,2022-03-01 09:10:01
1646125801176725000,37.75,1,37.7,4,37.75,11,1,2022-03-01 09:10:01
1646125801203951000,37.75,1,37.7,4,37.75,10,1,2022-03-01 09:10:01
1646125801213081000,37.7,1,37.7,3,37.75,10,2,2022-03-01 09:10:01
1646125801304559000,37.7,3,37.7,1,37.75,10,2,2022-03-01 09:10:01
1646125801332062000,37.7,1,37.65,48,37.75,10,2,2022-03-01 09:10:01
1646125801397889000,37.7,3,37.65,48,37.7,19,1,2022-03-01 09:10:01
1646125802138527000,37.65,10,37.65,39,37.7,65,2,2022-03-01 09:10:02
1646125802165462000,37.65,6,37.65,33,37.7,65,2,2022-03-01 09:10:02
1646125802167503000,37.65,22,37.65,11,37.7,65,2,2022-03-01 09:10:02
1646125802168488000,37.65,11,37.6,140,37.65,11,2,2022-03-01 09:10:02
1646125802200378000,37.6,1,37.6,139,37.65,34,2,2022-03-01 09:10:02
1646125802201023000,37.6,1,37.6,138,37.65,34,2,2022-03-01 09:10:02
1646125802202674000,37.6,1,37.6,137,37.65,34,2,2022-03-01 09:10:02
1646125802203375000,37.6,1,37.6,136,37.65,34,2,2022-03-01 09:10:02
1646125802235605000,37.6,1,37.6,135,37.65,34,2,2022-03-01 09:10:02
1646125802671228000,37.65,1,37.6,135,37.65,36,1,2022-03-01 09:10:02
1646125802840926000,37.65,1,37.6,135,37.65,36,1,2022-03-01 09:10:02
1646125803101449000,37.6,9,37.6,126,37.65,37,2,2022-03-01 09:10:03
1646125803146839000,37.6,2,37.6,124,37.65,37,2,2022-03-01 09:10:03
1646125803171485000,37.6,12,37.6,112,37.65,37,2,2022-03-01 09:10:03
1646125803179418000,37.6,1,37.6,111,37.65,41,2,2022-03-01 09:10:03
1646125803204602000,37.6,2,37.6,109,37.65,42,2,2022-03-01 09:10:03
1646125803207320000,37.6,1,37.6,108,37.65,42,2,2022-03-01 09:10:03
1646125803234926000,37.6,1,37.6,107,37.65,43,2,2022-03-01 09:10:03
1646125803375455000,37.6,1,37.6,106,37.65,43,2,2022-03-01 09:10:03
1646125803520194000,37.6,1,37.6,105,37.65,43,2,2022-03-01 09:10:03
1646125803523347000,37.6,6,37.6,99,37.65,43,2,2022-03-01 09:10:03
1646125803681938000,37.6,6,37.6,93,37.65,43,2,2022-03-01 09:10:03
1646125803722416000,37.6,1,37.6,92,37.65,43,2,2022-03-01 09:10:03
1646125803834034000,37.6,6,37.6,86,37.65,43,2,2022-03-01 09:10:03
1646125803867751000,37.6,4,37.6,82,37.65,43,2,2022-03-01 09:10:03
1646125804010955000,37.6,6,37.6,76,37.65,44,2,2022-03-01 09:10:04
1646125804355102000,37.6,6,37.6,29,37.65,44,2,2022-03-01 09:10:04
1646125804371607000,37.6,4,37.6,25,37.65,44,2,2022-03-01 09:10:04
1646125804375796000,37.6,10,37.6,15,37.65,44,2,2022-03-01 09:10:04
1646125804406039000,37.6,1,37.6,14,37.65,44,2,2022-03-01 09:10:04
1646125804434351000,37.6,1,37.6,13,37.65,44,2,2022-03-01 09:10:04
1646125804457025000,37.6,13,37.55,166,37.6,7,2,2022-03-01 09:10:04
1646125804784121000,37.6,1,37.55,166,37.6,45,1,2022-03-01 09:10:04
1646125804870028000,37.6,1,37.55,166,37.6,54,1,2022-03-01 09:10:04
1646125805178699000,37.55,1,37.55,165,37.6,57,2,2022-03-01 09:10:05
1646125805582123000,37.55,1,37.55,164,37.6,58,2,2022-03-01 09:10:05
1646125805730391000,37.55,4,37.55,160,37.6,60,2,2022-03-01 09:10:05
1646125805764948000,37.55,1,37.55,159,37.6,60,2,2022-03-01 09:10:05
1646125805784992000,37.55,1,37.55,158,37.6,60,2,2022-03-01 09:10:05
1646125805809078000,37.55,1,37.55,157,37.6,60,2,2022-03-01 09:10:05
1646125805896112000,37.6,1,37.55,157,37.6,59,1,2022-03-01 09:10:05
1646125805965586000,37.6,1,37.55,157,37.6,58,1,2022-03-01 09:10:05
1646125806192066000,37.55,1,37.55,156,37.6,58,2,2022-03-01 09:10:06
1646125806590212000,37.55,1,37.55,214,37.6,58,2,2022-03-01 09:10:06
1646125807084903000,37.55,3,37.55,211,37.6,58,2,2022-03-01 09:10:07
1646125807116299000,37.6,2,37.55,211,37.6,56,1,2022-03-01 09:10:07
1646125807130499000,37.55,1,37.55,210,37.6,56,2,2022-03-01 09:10:07
1646125807141591000,37.55,1,37.55,209,37.6,56,2,2022-03-01 09:10:07
1646125807186799000,37.6,1,37.55,209,37.6,55,1,2022-03-01 09:10:07
1646125807332281000,37.55,11,37.55,198,37.6,25,2,2022-03-01 09:10:07
1646125807365085000,37.55,1,37.55,197,37.6,25,2,2022-03-01 09:10:07
1646125807386320000,37.55,10,37.55,187,37.6,25,2,2022-03-01 09:10:07
1646125807582928000,37.55,1,37.55,186,37.6,25,2,2022-03-01 09:10:07
1646125807856643000,37.55,1,37.55,185,37.6,25,2,2022-03-01 09:10:07
1646125808020977000,37.55,1,37.55,184,37.6,22,2,2022-03-01 09:10:08
1646125808198727000,37.6,2,37.55,184,37.6,20,1,2022-03-01 09:10:08
1646125808356626000,37.55,1,37.55,183,37.6,20,2,2022-03-01 09:10:08
1646125808537303000,37.55,4,37.55,179,37.6,20,2,2022-03-01 09:10:08
1646125808777662000,37.55,1,37.55,178,37.6,20,2,2022-03-01 09:10:08
1646125808800239000,37.55,1,37.55,177,37.6,20,2,2022-03-01 09:10:08
1646125809003576000,37.55,2,37.55,175,37.6,20,2,2022-03-01 09:10:09
1646125809231335000,37.55,1,37.55,174,37.6,20,2,2022-03-01 09:10:09
1646125809538345000,37.55,1,37.55,173,37.6,20,2,2022-03-01 09:10:09
1646125810506449000,37.55,2,37.55,171,37.6,20,2,2022-03-01 09:10:10
1646125810653774000,37.55,1,37.55,170,37.6,10,2,2022-03-01 09:10:10
1646125811097195000,37.55,1,37.55,170,37.6,6,2,2022-03-01 09:10:11
1646125811802943000,37.55,10,37.55,160,37.6,6,2,2022-03-01 09:10:11
1646125812582944000,37.55,1,37.55,159,37.6,6,2,2022-03-01 09:10:12
1646125813276007000,37.6,6,37.6,4,37.65,36,1,2022-03-01 09:10:13
1646125814950042000,37.6,1,37.6,6,37.65,36,2,2022-03-01 09:10:14
1646125815421345000,37.6,1,37.6,10,37.65,37,2,2022-03-01 09:10:15
1646125815632372000,37.6,1,37.6,9,37.65,37,2,2022-03-01 09:10:15
1646125816296667000,37.6,2,37.6,9,37.65,37,2,2022-03-01 09:10:16
1646125816822804000,37.6,10,37.6,16,37.65,39,2,2022-03-01 09:10:16
1646125817618975000,37.6,1,37.6,16,37.65,39,2,2022-03-01 09:10:17
1646125818239179000,37.6,1,37.6,16,37.65,39,2,2022-03-01 09:10:18
1646125818810353000,37.65,1,37.6,21,37.65,36,1,2022-03-01 09:10:18
1646125818987597000,37.6,1,37.6,20,37.65,36,2,2022-03-01 09:10:18
1646125819189568000,37.6,1,37.6,19,37.65,36,2,2022-03-01 09:10:19
1646125819672623000,37.65,2,37.6,19,37.65,34,1,2022-03-01 09:10:19
1646125819710053000,37.6,2,37.6,17,37.65,34,2,2022-03-01 09:10:19
1646125820717229000,37.6,10,37.6,9,37.65,34,2,2022-03-01 09:10:20
1646125821609713000,37.6,1,37.6,8,37.65,34,2,2022-03-01 09:10:21
1646125822237661000,37.6,1,37.6,7,37.65,34,2,2022-03-01 09:10:22
1646125822681792000,37.6,1,37.6,6,37.65,34,2,2022-03-01 09:10:22
1646125823318423000,37.6,1,37.6,6,37.65,34,2,2022-03-01 09:10:23
1646125823376444000,37.6,1,37.6,5,37.65,34,2,2022-03-01 09:10:23
1646125823443129000,37.6,1,37.6,4,37.65,34,2,2022-03-01 09:10:23
1646125823605495000,37.6,1,37.6,3,37.65,34,2,2022-03-01 09:10:23
1646125824504395000,37.6,1,37.6,4,37.65,34,2,2022-03-01 09:10:24
1646125824694537000,37.65,2,37.6,4,37.65,32,1,2022-03-01 09:10:24
1646125824703996000,37.65,2,37.6,4,37.65,30,1,2022-03-01 09:10:24
1646125824732119000,37.6,4,37.55,70,37.6,6,2,2022-03-01 09:10:24
1646125825249194000,37.6,1,37.55,84,37.6,7,1,2022-03-01 09:10:25
1646125825314049000,37.6,3,37.55,84,37.6,4,1,2022-03-01 09:10:25
1646125826300487000,37.55,1,37.55,84,37.6,6,2,2022-03-01 09:10:26
1646125826564115000,37.55,2,37.55,82,37.6,23,2,2022-03-01 09:10:26
1646125826613534000,37.55,2,37.55,80,37.6,23,2,2022-03-01 09:10:26
1646125827370225000,37.6,1,37.55,80,37.6,24,1,2022-03-01 09:10:27
1646125827832233000,37.6,25,37.6,5,37.65,31,1,2022-03-01 09:10:27
1646125827866369000,37.6,1,37.6,4,37.65,31,2,2022-03-01 09:10:27
1646125828280426000,37.6,1,37.6,3,37.65,32,2,2022-03-01 09:10:28
1646125828377724000,37.6,4,37.6,1,37.65,32,2,2022-03-01 09:10:28
1646125828457336000,37.6,1,37.55,67,37.65,32,2,2022-03-01 09:10:28
1646125828711603000,37.55,1,37.55,66,37.65,31,2,2022-03-01 09:10:28
1646125829798019000,37.6,1,37.6,3,37.65,31,2,2022-03-01 09:10:29
1646125830866468000,37.6,1,37.6,12,37.65,31,2,2022-03-01 09:10:30
1646125830875241000,37.65,3,37.6,12,37.65,28,1,2022-03-01 09:10:30
1646125832330431000,37.6,4,37.6,18,37.65,28,2,2022-03-01 09:10:32
1646125833304043000,37.6,1,37.6,17,37.65,28,2,2022-03-01 09:10:33
1646125834750002000,37.6,10,37.6,13,37.65,28,2,2022-03-01 09:10:34
1646125836875028000,37.65,1,37.6,26,37.65,27,1,2022-03-01 09:10:36
1646125837700550000,37.6,29,37.55,54,37.65,27,2,2022-03-01 09:10:37
1646125837700550000,37.55,21,37.55,54,37.65,27,2,2022-03-01 09:10:37
1646125838027539000,37.6,14,37.55,54,37.65,32,1,2022-03-01 09:10:38
1646125838027539000,37.65,1,37.55,54,37.65,32,1,2022-03-01 09:10:38
1646125838912195000,37.6,1,37.55,54,37.65,28,2,2022-03-01 09:10:38
1646125839796840000,37.6,3,37.6,3,37.65,28,2,2022-03-01 09:10:39
1646125840270517000,37.65,1,37.6,3,37.65,28,1,2022-03-01 09:10:40
1646125841122647000,37.6,4,37.55,54,37.6,6,2,2022-03-01 09:10:41
1646125841185901000,37.55,1,37.55,53,37.6,6,2,2022-03-01 09:10:41
1646125841268337000,37.6,1,37.55,53,37.6,5,1,2022-03-01 09:10:41
1646125841895714000,37.55,10,37.55,54,37.6,6,2,2022-03-01 09:10:41
1646125842072855000,37.6,3,37.55,54,37.6,3,1,2022-03-01 09:10:42
1646125842840779000,37.6,2,37.55,54,37.6,1,1,2022-03-01 09:10:42
1646125843295300000,37.6,1,37.55,54,37.6,10,1,2022-03-01 09:10:43
1646125843364467000,37.6,4,37.55,54,37.6,6,1,2022-03-01 09:10:43
1646125843433686000,37.6,1,37.55,54,37.6,5,1,2022-03-01 09:10:43
1646125843654582000,37.6,5,37.55,54,37.65,30,1,2022-03-01 09:10:43
1646125844539404000,37.6,1,37.55,55,37.65,28,1,2022-03-01 09:10:44
1646125845381927000,37.65,2,37.55,56,37.65,26,1,2022-03-01 09:10:45
1646125846767736000,37.6,2,37.55,46,37.6,1,2,2022-03-01 09:10:46
1646125847133404000,37.6,1,37.6,9,37.65,26,1,2022-03-01 09:10:47
1646125850410777000,37.6,2,37.6,8,37.65,28,2,2022-03-01 09:10:50
1646125853942704000,37.6,1,37.6,20,37.65,31,2,2022-03-01 09:10:53
1646125854022654000,37.6,1,37.6,19,37.65,31,2,2022-03-01 09:10:54
1646125854343154000,37.6,1,37.6,18,37.65,31,2,2022-03-01 09:10:54
1646125854371654000,37.6,1,37.6,17,37.65,31,2,2022-03-01 09:10:54
1646125854963456000,37.6,1,37.6,19,37.65,31,2,2022-03-01 09:10:54
1646125856168981000,37.65,1,37.6,20,37.65,30,1,2022-03-01 09:10:56
1646125856411310000,37.6,1,37.6,19,37.65,30,2,2022-03-01 09:10:56
1646125856974176000,37.6,2,37.6,18,37.65,30,2,2022-03-01 09:10:56
1646125857746841000,37.6,2,37.6,19,37.65,30,2,2022-03-01 09:10:57
1646125858072851000,37.6,10,37.6,9,37.65,28,2,2022-03-01 09:10:58
1646125858626625000,37.6,1,37.6,23,37.65,28,2,2022-03-01 09:10:58
1646125860511904000,37.6,5,37.6,21,37.65,28,2,2022-03-01 09:11:00
1646125860543240000,37.6,1,37.6,20,37.65,28,2,2022-03-01 09:11:00
1646125860722610000,37.6,1,37.6,19,37.65,28,2,2022-03-01 09:11:00
1646125861115933000,37.6,1,37.6,18,37.65,28,2,2022-03-01 09:11:01
1646125861196058000,37.65,1,37.6,18,37.65,27,1,2022-03-01 09:11:01
1646125861216991000,37.6,17,37.6,1,37.65,27,2,2022-03-01 09:11:01
1646125861354198000,37.6,1,37.55,73,37.6,9,2,2022-03-01 09:11:01
1646125863434912000,37.6,5,37.55,84,37.6,12,1,2022-03-01 09:11:03
1646125863808154000,37.55,1,37.55,83,37.6,12,2,2022-03-01 09:11:03
1646125863838420000,37.6,1,37.55,83,37.6,11,1,2022-03-01 09:11:03
1646125864009424000,37.55,1,37.55,82,37.6,11,2,2022-03-01 09:11:04
1646125864335447000,37.6,10,37.55,82,37.6,2,1,2022-03-01 09:11:04
1646125864353537000,37.55,1,37.55,81,37.6,2,2,2022-03-01 09:11:04
1646125864483746000,37.55,10,37.55,72,37.6,2,2,2022-03-01 09:11:04
1646125865513018000,37.6,1,37.55,87,37.65,25,1,2022-03-01 09:11:05
1646125865513018000,37.65,1,37.55,87,37.65,25,1,2022-03-01 09:11:05
1646125865950742000,37.55,2,37.55,85,37.65,30,2,2022-03-01 09:11:05
1646125869776675000,37.55,4,37.55,82,37.6,13,2,2022-03-01 09:11:09
1646125869957154000,37.55,9,37.55,73,37.6,13,2,2022-03-01 09:11:09
1646125870019935000,37.55,1,37.55,72,37.6,12,2,2022-03-01 09:11:10
1646125870655485000,37.6,1,37.55,73,37.6,13,1,2022-03-01 09:11:10
1646125870823728000,37.6,1,37.55,73,37.6,12,1,2022-03-01 09:11:10
1646125870945761000,37.55,1,37.55,72,37.6,12,2,2022-03-01 09:11:10
1646125871340809000,37.6,2,37.55,72,37.6,11,1,2022-03-01 09:11:11
1646125873302202000,37.55,1,37.55,71,37.6,11,2,2022-03-01 09:11:13
1646125873611265000,37.6,1,37.55,71,37.6,10,1,2022-03-01 09:11:13
1646125876435707000,37.6,2,37.55,75,37.6,8,1,2022-03-01 09:11:16
1646125877396688000,37.6,1,37.55,75,37.6,9,1,2022-03-01 09:11:17
1646125877570800000,37.6,5,37.55,75,37.6,4,1,2022-03-01 09:11:17
1646125877938147000,37.6,6,37.6,19,37.65,30,1,2022-03-01 09:11:17
1646125877955365000,37.6,1,37.6,18,37.65,30,2,2022-03-01 09:11:17
1646125878514397000,37.6,4,37.6,19,37.65,25,2,2022-03-01 09:11:18
1646125879791082000,37.6,23,37.55,52,37.65,25,2,2022-03-01 09:11:19
1646125879791082000,37.55,7,37.55,52,37.65,25,2,2022-03-01 09:11:19
1646125880461580000,37.65,10,37.55,77,37.65,15,1,2022-03-01 09:11:20
1646125880810764000,37.65,3,37.55,77,37.65,12,1,2022-03-01 09:11:20
1646125881338586000,37.6,2,37.6,5,37.65,12,1,2022-03-01 09:11:21
1646125881875828000,37.6,5,37.55,53,37.6,2,2,2022-03-01 09:11:21
1646125882330113000,37.55,50,37.55,3,37.6,2,2,2022-03-01 09:11:22
1646125882357375000,37.55,1,37.55,2,37.6,4,2,2022-03-01 09:11:22
1646125882358724000,37.55,1,37.55,1,37.6,4,2,2022-03-01 09:11:22
1646125882370650000,37.55,1,37.5,150,37.6,9,2,2022-03-01 09:11:22
1646125883662160000,37.5,2,37.5,147,37.55,15,2,2022-03-01 09:11:23
1646125883686595000,37.5,1,37.5,148,37.55,15,2,2022-03-01 09:11:23
1646125883761712000,37.5,1,37.5,147,37.55,15,2,2022-03-01 09:11:23
1646125883796845000,37.5,12,37.5,135,37.55,15,2,2022-03-01 09:11:23
1646125883830587000,37.5,1,37.5,134,37.55,18,2,2022-03-01 09:11:23
1646125883851610000,37.5,4,37.5,130,37.55,18,2,2022-03-01 09:11:23
1646125883862732000,37.55,1,37.5,130,37.55,17,1,2022-03-01 09:11:23
1646125884428190000,37.55,1,37.5,131,37.55,19,1,2022-03-01 09:11:24
1646125884798348000,37.55,1,37.5,161,37.55,18,1,2022-03-01 09:11:24
1646125884843937000,37.5,1,37.5,160,37.55,18,2,2022-03-01 09:11:24
1646125884843966000,37.5,1,37.5,159,37.55,18,2,2022-03-01 09:11:24
1646125884876661000,37.5,127,37.5,32,37.55,18,2,2022-03-01 09:11:24
1646125884915052000,37.5,1,37.5,31,37.55,19,2,2022-03-01 09:11:24
1646125884916911000,37.5,1,37.5,30,37.55,19,2,2022-03-01 09:11:24
1646125884927165000,37.5,1,37.5,29,37.55,19,2,2022-03-01 09:11:24
1646125884931024000,37.5,1,37.5,28,37.55,19,2,2022-03-01 09:11:24
1646125884931149000,37.5,1,37.5,27,37.55,19,2,2022-03-01 09:11:24
1646125884945598000,37.5,3,37.5,24,37.55,16,2,2022-03-01 09:11:24
1646125884994741000,37.5,3,37.5,21,37.55,16,2,2022-03-01 09:11:24
1646125885027979000,37.5,3,37.5,18,37.55,16,2,2022-03-01 09:11:25
1646125885045185000,37.5,1,37.5,17,37.55,16,2,2022-03-01 09:11:25
1646125885061273000,37.5,3,37.5,14,37.55,16,2,2022-03-01 09:11:25
1646125885110182000,37.5,3,37.5,11,37.55,16,2,2022-03-01 09:11:25
1646125885274913000,37.5,7,37.5,4,37.55,16,2,2022-03-01 09:11:25
1646125885420284000,37.5,4,37.45,10,37.5,3,2,2022-03-01 09:11:25
1646125886347030000,37.45,3,37.45,7,37.5,30,2,2022-03-01 09:11:26
1646125886347304000,37.45,2,37.45,5,37.5,30,2,2022-03-01 09:11:26
1646125886500075000,37.45,3,37.45,2,37.5,30,2,2022-03-01 09:11:26
1646125886954308000,37.45,1,37.45,1,37.5,50,2,2022-03-01 09:11:26
1646125887514279000,37.5,2,37.45,1,37.5,49,1,2022-03-01 09:11:27
1646125887865437000,37.45,8,37.4,33,37.45,2,2,2022-03-01 09:11:27
1646125888054976000,37.45,6,37.45,1,37.5,49,1,2022-03-01 09:11:28
1646125888092215000,37.45,1,37.4,33,37.5,49,2,2022-03-01 09:11:28
1646125888262654000,37.4,1,37.4,32,37.45,2,2,2022-03-01 09:11:28
1646125889134399000,37.45,1,37.4,27,37.45,2,1,2022-03-01 09:11:29
1646125890825267000,37.45,2,37.4,36,37.45,1,1,2022-03-01 09:11:30
1646125891015164000,37.45,1,37.4,36,37.5,33,1,2022-03-01 09:11:31
1646125891871938000,37.4,6,37.4,32,37.5,33,2,2022-03-01 09:11:31
1646125892356793000,37.45,8,37.4,32,37.45,2,2,2022-03-01 09:11:32
1646125892387176000,37.45,2,37.4,32,37.5,33,1,2022-03-01 09:11:32
1646125892470539000,37.45,1,37.45,2,37.5,33,1,2022-03-01 09:11:32
1646125893317215000,37.5,3,37.45,8,37.55,4,1,2022-03-01 09:11:33
1646125893664419000,37.45,5,37.45,3,37.55,8,2,2022-03-01 09:11:33
1646125896428222000,37.5,8,37.5,1,37.55,4,2,2022-03-01 09:11:36
1646125898301552000,37.5,5,37.45,23,37.5,5,2,2022-03-01 09:11:38
1646125898337551000,37.45,10,37.45,13,37.5,5,2,2022-03-01 09:11:38
1646125898374064000,37.5,4,37.45,13,37.5,1,1,2022-03-01 09:11:38
1646125898946322000,37.45,1,37.45,20,37.5,1,2,2022-03-01 09:11:38
1646125900781465000,37.5,1,37.45,30,37.5,1,1,2022-03-01 09:11:40
1646125900786919000,37.45,1,37.45,29,37.5,1,2,2022-03-01 09:11:40
1646125900817293000,37.5,1,37.45,29,37.55,4,1,2022-03-01 09:11:40
1646125900860058000,37.45,1,37.45,28,37.55,8,2,2022-03-01 09:11:40
1646125901039413000,37.5,2,37.45,16,37.5,3,2,2022-03-01 09:11:41
1646125901634640000,37.5,1,37.45,16,37.5,2,1,2022-03-01 09:11:41
1646125902517513000,37.45,1,37.45,16,37.5,2,2,2022-03-01 09:11:42
1646125902576549000,37.45,1,37.45,15,37.5,2,2,2022-03-01 09:11:42
1646125903104487000,37.5,2,37.45,17,37.55,9,1,2022-03-01 09:11:43
1646125904236178000,37.5,1,37.5,2,37.55,6,2,2022-03-01 09:11:44
1646125904358809000,37.5,1,37.5,1,37.55,6,2,2022-03-01 09:11:44
1646125905430272000,37.5,1,37.45,18,37.55,6,2,2022-03-01 09:11:45
1646125907857834000,37.45,11,37.45,10,37.5,5,2,2022-03-01 09:11:47
1646125908486305000,37.5,2,37.45,10,37.5,3,1,2022-03-01 09:11:48
1646125908849348000,37.5,5,37.45,10,37.55,6,1,2022-03-01 09:11:48
1646125909942748000,37.5,1,37.45,15,37.55,10,2,2022-03-01 09:11:49
1646125912342471000,37.5,5,37.45,16,37.5,2,1,2022-03-01 09:11:52
1646125915734476000,37.5,1,37.45,20,37.5,2,1,2022-03-01 09:11:55
1646125915860979000,37.5,1,37.45,20,37.5,1,1,2022-03-01 09:11:55
1646125916192083000,37.5,2,37.45,20,37.5,9,1,2022-03-01 09:11:56
1646125916592467000,37.5,1,37.45,20,37.5,8,1,2022-03-01 09:11:56
1646125916781354000,37.5,2,37.45,20,37.5,6,1,2022-03-01 09:11:56
1646125917706326000,37.5,1,37.45,20,37.5,5,1,2022-03-01 09:11:57
1646125918302639000,37.5,1,37.45,25,37.5,4,1,2022-03-01 09:11:58
1646125918905562000,37.5,2,37.45,25,37.5,4,1,2022-03-01 09:11:58
1646125919327025000,37.5,4,37.5,23,37.55,11,1,2022-03-01 09:11:59
1646125920235338000,37.5,1,37.5,24,37.55,7,2,2022-03-01 09:12:00
1646125920989083000,37.55,3,37.5,25,37.55,4,1,2022-03-01 09:12:00
1646125921970114000,37.55,3,37.5,25,37.55,1,1,2022-03-01 09:12:01
1646125922336466000,37.55,1,37.55,3,37.6,11,1,2022-03-01 09:12:02
1646125922550088000,37.55,3,37.45,9,37.6,6,2,2022-03-01 09:12:02
1646125922550088000,37.5,34,37.45,9,37.6,6,2,2022-03-01 09:12:02
1646125922550088000,37.45,13,37.45,9,37.6,6,2,2022-03-01 09:12:02
1646125922728433000,37.45,9,37.4,38,37.6,8,2,2022-03-01 09:12:02
1646125922728433000,37.4,1,37.4,38,37.6,8,2,2022-03-01 09:12:02
1646125923692144000,37.55,1,37.45,1,37.6,8,1,2022-03-01 09:12:03
1646125928977168000,37.55,5,37.5,6,37.55,10,1,2022-03-01 09:12:08
1646125929366745000,37.5,4,37.5,5,37.55,10,2,2022-03-01 09:12:09
1646125929950259000,37.5,5,37.45,6,37.55,12,2,2022-03-01 09:12:09
1646125930416939000,37.45,6,37.4,32,37.55,17,2,2022-03-01 09:12:10
1646125932125563000,37.5,1,37.4,27,37.5,4,1,2022-03-01 09:12:12
1646125933002203000,37.5,1,37.4,27,37.5,3,1,2022-03-01 09:12:13
1646125937956151000,37.45,3,37.4,24,37.5,8,2,2022-03-01 09:12:17
1646125937956151000,37.4,3,37.4,24,37.5,8,2,2022-03-01 09:12:17
1646125938087067000,37.4,3,37.4,21,37.5,8,2,2022-03-01 09:12:18
1646125938176626000,37.4,4,37.4,17,37.5,13,2,2022-03-01 09:12:18
1646125938331247000,37.45,2,37.4,17,37.5,13,2,2022-03-01 09:12:18
1646125939089831000,37.4,2,37.4,26,37.45,1,2,2022-03-01 09:12:19
1646125941154117000,37.45,1,37.4,30,37.45,14,1,2022-03-01 09:12:21
1646125942708823000,37.45,1,37.4,30,37.45,14,1,2022-03-01 09:12:22
1646125943053413000,37.4,1,37.4,29,37.45,14,2,2022-03-01 09:12:23
1646125943377420000,37.45,1,37.4,29,37.45,13,1,2022-03-01 09:12:23
1646125943585730000,37.45,1,37.4,29,37.45,12,1,2022-03-01 09:12:23
