ts,close,volume,bid_price,bid_volume,ask_price,ask_volume,tick_type,datetime
1649754015447978000,15.8,454,15.75,2,15.8,13,1,2022-04-12 09:00:15
1649754015565766000,15.75,2,15.7,8,15.8,14,2,2022-04-12 09:00:15
1649754020688369000,15.8,6,15.7,8,15.8,8,1,2022-04-12 09:00:20
1649754021143285000,15.8,3,15.7,8,15.8,5,1,2022-04-12 09:00:21
1649754023025034000,15.8,2,15.7,8,15.8,3,1,2022-04-12 09:00:23
1649754023687437000,15.75,1,15.7,8,15.8,3,1,2022-04-12 09:00:23
1649754024312876000,15.8,1,15.7,8,15.8,2,1,2022-04-12 09:00:24
1649754024522868000,15.8,1,15.7,8,15.8,1,1,2022-04-12 09:00:24
1649754026298076000,15.8,1,15.7,8,15.85,26,1,2022-04-12 09:00:26
1649754026298076000,15.85,9,15.7,8,15.85,26,1,2022-04-12 09:00:26
1649754026876817000,15.8,1,15.7,8,15.85,26,2,2022-04-12 09:00:26
1649754027235096000,15.7,2,15.7,6,15.85,26,2,2022-04-12 09:00:27
1649754028555230000,15.75,1,15.7,6,15.75,2,1,2022-04-12 09:00:28
1649754029327975000,15.75,1,15.7,6,15.75,1,1,2022-04-12 09:00:29
1649754029353991000,15.75,1,15.7,6,15.8,10,1,2022-04-12 09:00:29
1649754030081516000,15.8,2,15.7,6,15.8,8,1,2022-04-12 09:00:30
1649754030687137000,15.8,1,15.7,6,15.8,7,1,2022-04-12 09:00:30
1649754031000720000,15.8,3,15.7,6,15.8,4,1,2022-04-12 09:00:31
1649754031017862000,15.8,1,15.7,6,15.8,3,1,2022-04-12 09:00:31
1649754031688147000,15.7,1,15.7,5,15.8,3,2,2022-04-12 09:00:31
1649754032152309000,15.7,2,15.7,3,15.8,3,2,2022-04-12 09:00:32
1649754033590555000,15.8,1,15.7,3,15.8,2,1,2022-04-12 09:00:33
1649754034427750000,15.8,1,15.75,5,15.8,1,1,2022-04-12 09:00:34
1649754034791040000,15.75,4,15.75,1,15.8,1,2,2022-04-12 09:00:34
1649754034830014000,15.75,1,15.7,4,15.8,1,2,2022-04-12 09:00:34
1649754036489241000,15.8,1,15.7,6,15.85,23,1,2022-04-12 09:00:36
1649754036489241000,15.85,1,15.7,6,15.85,23,1,2022-04-12 09:00:36
1649754036957377000,15.85,6,15.7,6,15.85,17,1,2022-04-12 09:00:36
1649754037939560000,15.8,2,15.7,6,15.85,17,1,2022-04-12 09:00:37
1649754039135350000,15.75,1,15.7,8,15.8,1,2,2022-04-12 09:00:39
1649754039342535000,15.8,1,15.8,4,15.85,17,1,2022-04-12 09:00:39
1649754039375258000,15.8,4,15.7,8,15.85,17,2,2022-04-12 09:00:39
1649754040878410000,15.8,1,15.7,9,15.85,17,1,2022-04-12 09:00:40
1649754041405900000,15.85,17,15.7,9,15.9,34,1,2022-04-12 09:00:41
1649754041405900000,15.9,13,15.7,9,15.9,34,1,2022-04-12 09:00:41
1649754041481799000,15.9,8,15.7,9,15.9,26,1,2022-04-12 09:00:41
1649754041614177000,15.7,3,15.7,6,15.9,26,2,2022-04-12 09:00:41
1649754041731881000,15.85,1,15.7,6,15.9,26,1,2022-04-12 09:00:41
1649754043149980000,15.75,1,15.7,16,15.9,26,2,2022-04-12 09:00:43
1649754044628243000,15.7,5,15.7,11,15.9,26,2,2022-04-12 09:00:44
1649754046007268000,15.8,4,15.7,13,15.85,5,2,2022-04-12 09:00:46
1649754046511908000,15.85,2,15.7,13,15.85,5,1,2022-04-12 09:00:46
1649754048637670000,15.8,1,15.8,5,15.85,14,2,2022-04-12 09:00:48
1649754048946412000,15.8,2,15.8,3,15.85,14,2,2022-04-12 09:00:48
1649754049257562000,15.8,3,15.75,2,15.85,14,2,2022-04-12 09:00:49
1649754049356578000,15.85,14,15.85,19,15.9,23,1,2022-04-12 09:00:49
1649754049720567000,15.9,1,15.85,19,15.9,22,1,2022-04-12 09:00:49
1649754050494946000,15.85,1,15.85,23,15.9,22,2,2022-04-12 09:00:50
1649754051955466000,15.9,7,15.85,23,15.9,15,1,2022-04-12 09:00:51
1649754051991576000,15.9,15,15.85,23,15.95,15,1,2022-04-12 09:00:51
1649754052741426000,15.95,12,15.85,23,15.95,3,1,2022-04-12 09:00:52
1649754056540827000,15.9,11,15.9,3,15.95,3,2,2022-04-12 09:00:56
1649754057215630000,15.95,3,15.95,2,16.0,39,1,2022-04-12 09:00:57
1649754057246546000,15.95,2,15.9,3,16.0,39,2,2022-04-12 09:00:57
1649754058905242000,15.9,1,15.9,2,15.95,2,2,2022-04-12 09:00:58
1649754058977271000,15.95,1,15.9,2,15.95,1,1,2022-04-12 09:00:58
1649754059600122000,15.95,1,15.9,2,16.0,39,1,2022-04-12 09:00:59
1649754059826147000,15.9,4,15.9,3,16.0,39,2,2022-04-12 09:00:59
1649754061448955000,15.9,4,15.85,29,15.9,1,2,2022-04-12 09:01:01
1649754061481926000,15.9,1,15.85,29,15.95,2,1,2022-04-12 09:01:01
1649754061636915000,15.95,1,15.85,29,15.95,4,1,2022-04-12 09:01:01
1649754061903961000,15.85,18,15.85,11,15.95,4,2,2022-04-12 09:01:01
1649754061945510000,15.85,11,15.75,6,15.85,7,2,2022-04-12 09:01:01
1649754062568088000,15.75,6,15.7,15,15.85,7,2,2022-04-12 09:01:02
1649754062656553000,15.85,1,15.7,15,15.85,6,1,2022-04-12 09:01:02
1649754062731950000,15.85,2,15.7,15,15.85,4,1,2022-04-12 09:01:02
1649754064242017000,15.85,6,15.7,15,15.9,7,1,2022-04-12 09:01:04
1649754064242017000,15.9,3,15.7,15,15.9,7,1,2022-04-12 09:01:04
1649754065726736000,15.85,2,15.7,8,15.9,7,2,2022-04-12 09:01:05
1649754065726736000,15.75,1,15.7,8,15.9,7,2,2022-04-12 09:01:05
1649754065726736000,15.7,7,15.7,8,15.9,7,2,2022-04-12 09:01:05
1649754066233467000,15.85,1,15.7,8,15.85,11,1,2022-04-12 09:01:06
1649754067904010000,15.85,3,15.8,5,15.85,8,1,2022-04-12 09:01:07
1649754070315465000,15.85,1,15.8,5,15.85,7,1,2022-04-12 09:01:10
1649754070442735000,15.8,5,15.75,5,15.85,7,2,2022-04-12 09:01:10
1649754070442735000,15.75,3,15.75,5,15.85,7,2,2022-04-12 09:01:10
1649754071082597000,15.85,1,15.75,5,15.85,6,1,2022-04-12 09:01:11
1649754072590650000,15.75,1,15.75,8,15.85,6,2,2022-04-12 09:01:12
1649754072590653000,15.75,3,15.75,5,15.85,6,2,2022-04-12 09:01:12
1649754075292370000,15.75,5,15.75,14,15.85,7,2,2022-04-12 09:01:15
1649754077365133000,15.8,1,15.75,14,15.8,4,2,2022-04-12 09:01:17
1649754077388602000,15.8,4,15.75,14,15.85,7,1,2022-04-12 09:01:17
1649754080507316000,15.8,1,15.75,16,15.85,7,2,2022-04-12 09:01:20
1649754081244443000,15.85,1,15.75,16,15.85,6,1,2022-04-12 09:01:21
1649754081825661000,15.85,1,15.75,16,15.85,5,1,2022-04-12 09:01:21
1649754081847326000,15.85,1,15.75,16,15.85,4,1,2022-04-12 09:01:21
1649754082739758000,15.75,6,15.75,10,15.85,4,2,2022-04-12 09:01:22
1649754085705869000,15.8,3,15.75,8,15.85,4,2,2022-04-12 09:01:25
1649754085705869000,15.75,2,15.75,8,15.85,4,2,2022-04-12 09:01:25
1649754085765391000,15.8,1,15.75,8,15.85,4,1,2022-04-12 09:01:25
1649754086437190000,15.85,3,15.75,8,15.85,1,1,2022-04-12 09:01:26
1649754086463510000,15.85,1,15.75,8,15.9,14,1,2022-04-12 09:01:26
1649754088160647000,15.75,5,15.75,3,15.9,14,2,2022-04-12 09:01:28
1649754093319757000,15.8,1,15.75,8,15.85,2,2,2022-04-12 09:01:33
1649754093319757000,15.75,1,15.75,8,15.85,2,2,2022-04-12 09:01:33
1649754098072413000,15.8,1,15.8,2,15.85,3,2,2022-04-12 09:01:38
1649754099620458000,15.8,6,15.8,1,15.85,3,2,2022-04-12 09:01:39
1649754100839382000,15.85,3,15.8,1,15.9,9,1,2022-04-12 09:01:40
1649754100839382000,15.9,7,15.8,1,15.9,9,1,2022-04-12 09:01:40
1649754100888444000,15.8,1,15.75,19,15.9,9,2,2022-04-12 09:01:40
1649754103813759000,15.8,1,15.75,19,15.9,10,1,2022-04-12 09:01:43
1649754103981830000,15.9,1,15.75,19,15.9,9,1,2022-04-12 09:01:43
1649754105371468000,15.8,3,15.75,19,15.8,2,1,2022-04-12 09:01:45
1649754105402413000,15.8,2,15.75,19,15.85,5,1,2022-04-12 09:01:45
1649754106610016000,15.8,2,15.8,3,15.85,5,1,2022-04-12 09:01:46
1649754107881301000,15.8,2,15.8,1,15.85,5,2,2022-04-12 09:01:47
1649754111077138000,15.8,1,15.75,18,15.85,5,2,2022-04-12 09:01:51
1649754111350034000,15.8,1,15.75,18,15.85,5,2,2022-04-12 09:01:51
1649754111685920000,15.8,5,15.8,5,15.85,5,2,2022-04-12 09:01:51
1649754111806538000,15.8,1,15.8,4,15.85,5,2,2022-04-12 09:01:51
1649754112543531000,15.85,2,15.8,4,15.85,3,1,2022-04-12 09:01:52
1649754117376883000,15.85,1,15.8,104,15.85,4,1,2022-04-12 09:01:57
1649754117403221000,15.85,4,15.8,104,15.9,12,1,2022-04-12 09:01:57
1649754117908995000,15.8,1,15.8,103,15.9,12,2,2022-04-12 09:01:57
1649754123576063000,15.8,10,15.8,95,15.85,10,2,2022-04-12 09:02:03
1649754124002855000,15.8,19,15.8,76,15.85,12,2,2022-04-12 09:02:04
1649754124503290000,15.85,5,15.8,76,15.85,7,1,2022-04-12 09:02:04
1649754125444051000,15.85,1,15.8,76,15.85,6,1,2022-04-12 09:02:05
1649754125897878000,15.85,1,15.8,76,15.85,7,1,2022-04-12 09:02:05
1649754126008844000,15.8,10,15.8,66,15.85,7,2,2022-04-12 09:02:06
1649754126320278000,15.8,2,15.8,64,15.85,7,2,2022-04-12 09:02:06
1649754126423307000,15.85,2,15.8,64,15.85,5,1,2022-04-12 09:02:06
1649754127526990000,15.8,2,15.8,62,15.85,5,2,2022-04-12 09:02:07
1649754127759669000,15.85,1,15.8,63,15.85,4,1,2022-04-12 09:02:07
1649754130027864000,15.8,1,15.8,62,15.85,4,2,2022-04-12 09:02:10
1649754130593657000,15.8,1,15.8,61,15.85,4,2,2022-04-12 09:02:10
1649754132213983000,15.85,1,15.8,61,15.85,6,1,2022-04-12 09:02:12
1649754132916925000,15.85,5,15.8,61,15.85,1,1,2022-04-12 09:02:12
1649754134684328000,15.85,1,15.85,4,15.9,21,1,2022-04-12 09:02:14
1649754136047882000,15.85,1,15.85,11,15.9,21,2,2022-04-12 09:02:16
1649754136264682000,15.85,5,15.85,6,15.9,21,2,2022-04-12 09:02:16
1649754137026206000,15.85,6,15.8,77,15.9,21,2,2022-04-12 09:02:17
1649754137026206000,15.8,4,15.8,77,15.9,21,2,2022-04-12 09:02:17
1649754139919122000,15.85,2,15.8,69,15.9,21,2,2022-04-12 09:02:19
1649754139919122000,15.8,8,15.8,69,15.9,21,2,2022-04-12 09:02:19
1649754140687721000,15.8,20,15.8,49,15.85,4,2,2022-04-12 09:02:20
1649754142000316000,15.85,4,15.8,49,15.9,18,1,2022-04-12 09:02:22
1649754142000316000,15.9,1,15.8,49,15.9,18,1,2022-04-12 09:02:22
1649754143288090000,15.85,1,15.8,49,15.9,18,2,2022-04-12 09:02:23
1649754147204948000,15.85,1,15.8,65,15.85,9,1,2022-04-12 09:02:27
1649754147256082000,15.85,1,15.8,65,15.85,8,1,2022-04-12 09:02:27
1649754148816074000,15.85,4,15.8,56,15.85,5,1,2022-04-12 09:02:28
1649754152172649000,15.85,1,15.8,56,15.85,4,1,2022-04-12 09:02:32
1649754152472389000,15.8,1,15.8,55,15.85,4,2,2022-04-12 09:02:32
1649754155761995000,15.85,4,15.85,2,15.9,20,1,2022-04-12 09:02:35
1649754160567516000,15.9,20,15.85,2,15.95,9,1,2022-04-12 09:02:40
1649754161985277000,15.9,1,15.85,6,15.95,10,2,2022-04-12 09:02:41
1649754161985277000,15.85,1,15.85,6,15.95,10,2,2022-04-12 09:02:41
1649754162400895000,15.85,3,15.85,3,15.95,10,2,2022-04-12 09:02:42
1649754163624232000,15.85,4,15.8,69,15.85,6,2,2022-04-12 09:02:43
1649754164183740000,15.85,1,15.8,69,15.85,5,1,2022-04-12 09:02:44
1649754166072858000,15.85,5,15.8,69,15.9,5,1,2022-04-12 09:02:46
1649754166317005000,15.9,5,15.8,69,15.95,10,1,2022-04-12 09:02:46
1649754173241101000,15.9,1,15.85,5,15.95,10,1,2022-04-12 09:02:53
1649754175033574000,15.85,5,15.8,69,15.95,10,2,2022-04-12 09:02:55
1649754175527357000,15.9,6,15.8,69,15.95,10,2,2022-04-12 09:02:55
1649754175911385000,15.9,1,15.8,69,15.95,10,1,2022-04-12 09:02:55
1649754178195979000,15.9,1,15.8,71,15.85,7,2,2022-04-12 09:02:58
1649754178195979000,15.85,5,15.8,71,15.85,7,2,2022-04-12 09:02:58
1649754178217131000,15.85,1,15.8,71,15.85,6,1,2022-04-12 09:02:58
1649754178226861000,15.85,6,15.85,2,15.95,10,1,2022-04-12 09:02:58
1649754179066089000,15.95,1,15.85,6,15.95,8,1,2022-04-12 09:02:59
1649754182331250000,15.85,2,15.85,3,15.95,8,2,2022-04-12 09:03:02
1649754182604708000,15.85,3,15.8,66,15.95,8,2,2022-04-12 09:03:02
1649754182604708000,15.8,7,15.8,66,15.95,8,2,2022-04-12 09:03:02
1649754183179279000,15.85,1,15.8,65,15.9,54,2,2022-04-12 09:03:03
1649754183859393000,15.9,1,15.8,65,15.9,53,1,2022-04-12 09:03:03
1649754184804032000,15.85,1,15.8,65,15.9,54,2,2022-04-12 09:03:04
1649754186929639000,15.8,10,15.8,55,15.9,54,2,2022-04-12 09:03:06
1649754187807691000,15.85,1,15.8,55,15.9,55,2,2022-04-12 09:03:07
1649754191043221000,15.9,2,15.85,2,15.9,53,1,2022-04-12 09:03:11
1649754192183470000,15.85,1,15.85,1,15.9,53,2,2022-04-12 09:03:12
1649754194638811000,15.85,1,15.85,6,15.9,53,2,2022-04-12 09:03:14
1649754195872289000,15.85,5,15.85,1,15.9,54,2,2022-04-12 09:03:15
1649754197015064000,15.85,1,15.8,55,15.9,54,2,2022-04-12 09:03:17
1649754201129415000,15.85,5,15.8,68,15.85,5,2,2022-04-12 09:03:21
1649754201253879000,15.85,5,15.8,68,15.9,49,1,2022-04-12 09:03:21
1649754201253879000,15.9,5,15.8,68,15.9,49,1,2022-04-12 09:03:21
1649754205139684000,15.85,1,15.8,64,15.85,9,1,2022-04-12 09:03:25
1649754206747344000,15.8,10,15.8,104,15.85,9,2,2022-04-12 09:03:26
1649754208403640000,15.85,1,15.8,104,15.85,8,1,2022-04-12 09:03:28
1649754210392920000,15.8,10,15.8,96,15.85,8,2,2022-04-12 09:03:30
1649754210465324000,15.8,2,15.8,94,15.85,8,2,2022-04-12 09:03:30
1649754214872235000,15.8,6,15.8,88,15.85,8,2,2022-04-12 09:03:34
1649754220897270000,15.8,1,15.8,87,15.85,18,2,2022-04-12 09:03:40
1649754222536146000,15.85,5,15.8,88,15.85,13,1,2022-04-12 09:03:42
1649754222795544000,15.8,1,15.8,87,15.85,13,2,2022-04-12 09:03:42
1649754228179491000,15.8,2,15.8,89,15.85,18,2,2022-04-12 09:03:48
1649754229950966000,15.8,5,15.8,84,15.85,18,2,2022-04-12 09:03:49
1649754230472524000,15.8,1,15.8,83,15.85,18,2,2022-04-12 09:03:50
1649754234525119000,15.8,6,15.8,83,15.85,18,2,2022-04-12 09:03:54
1649754236828620000,15.8,10,15.8,73,15.85,18,2,2022-04-12 09:03:56
1649754236855899000,15.8,73,15.75,57,15.85,18,2,2022-04-12 09:03:56
1649754239732876000,15.75,10,15.75,47,15.8,4,2,2022-04-12 09:03:59
1649754240258156000,15.75,14,15.75,33,15.8,4,2,2022-04-12 09:04:00
1649754240562485000,15.75,19,15.75,14,15.8,6,2,2022-04-12 09:04:00
1649754240589091000,15.75,10,15.75,4,15.8,6,2,2022-04-12 09:04:00
1649754240641433000,15.75,4,15.7,93,15.8,6,2,2022-04-12 09:04:00
1649754240641433000,15.7,15,15.7,93,15.8,6,2,2022-04-12 09:04:00
1649754241057635000,15.7,6,15.7,87,15.8,7,2,2022-04-12 09:04:01
1649754241082482000,15.7,1,15.7,86,15.8,7,2,2022-04-12 09:04:01
1649754241283146000,15.8,1,15.7,86,15.8,6,1,2022-04-12 09:04:01
1649754241744714000,15.7,10,15.7,76,15.8,6,2,2022-04-12 09:04:01
1649754241758234000,15.7,2,15.7,74,15.8,6,2,2022-04-12 09:04:01
1649754243245958000,15.7,2,15.7,72,15.8,6,2,2022-04-12 09:04:03
1649754243626708000,15.7,10,15.7,62,15.8,6,2,2022-04-12 09:04:03
1649754245012489000,15.7,20,15.7,42,15.8,6,2,2022-04-12 09:04:05
1649754245041800000,15.7,3,15.7,39,15.8,6,2,2022-04-12 09:04:05
1649754246226020000,15.7,5,15.7,34,15.75,1,2,2022-04-12 09:04:06
1649754246383241000,15.7,2,15.7,32,15.75,1,2,2022-04-12 09:04:06
1649754248247600000,15.7,2,15.7,32,15.75,1,2,2022-04-12 09:04:08
1649754248965438000,15.7,8,15.7,24,15.75,1,2,2022-04-12 09:04:08
1649754249763516000,15.7,1,15.7,23,15.75,2,2,2022-04-12 09:04:09
1649754249801654000,15.7,1,15.7,22,15.75,2,2,2022-04-12 09:04:09
1649754250127711000,15.7,1,15.7,21,15.75,2,2,2022-04-12 09:04:10
1649754251517062000,15.7,1,15.7,20,15.75,2,2,2022-04-12 09:04:11
1649754251671243000,15.7,3,15.7,17,15.75,2,2,2022-04-12 09:04:11
1649754252866640000,15.7,1,15.7,16,15.75,2,2,2022-04-12 09:04:12
1649754252898878000,15.7,11,15.7,5,15.75,2,2,2022-04-12 09:04:12
1649754253654230000,15.7,1,15.7,4,15.75,2,2,2022-04-12 09:04:13
1649754255635494000,15.7,1,15.7,3,15.75,2,2,2022-04-12 09:04:15
1649754255666550000,15.7,1,15.7,2,15.75,2,2,2022-04-12 09:04:15
1649754257636651000,15.7,1,15.7,1,15.75,2,2,2022-04-12 09:04:17
1649754257673888000,15.7,1,15.65,2,15.75,2,2,2022-04-12 09:04:17
1649754259772959000,15.65,1,15.65,1,15.7,3,2,2022-04-12 09:04:19
1649754260901245000,15.7,3,15.7,12,15.75,2,1,2022-04-12 09:04:20
1649754261559228000,15.7,2,15.7,10,15.75,2,2,2022-04-12 09:04:21
1649754262006704000,15.7,5,15.7,5,15.75,2,2,2022-04-12 09:04:22
1649754264799318000,15.7,2,15.7,8,15.75,1,2,2022-04-12 09:04:24
1649754266030787000,15.7,5,15.7,3,15.75,1,2,2022-04-12 09:04:26
1649754266883693000,15.7,1,15.7,2,15.75,1,2,2022-04-12 09:04:26
1649754267507748000,15.7,2,15.65,7,15.75,1,2,2022-04-12 09:04:27
1649754268266863000,15.65,2,15.65,5,15.75,6,2,2022-04-12 09:04:28
1649754269166144000,15.75,6,15.75,4,15.8,15,1,2022-04-12 09:04:29
1649754269192808000,15.75,2,15.75,2,15.8,15,2,2022-04-12 09:04:29
1649754269482349000,15.75,2,15.7,5,15.8,15,2,2022-04-12 09:04:29
1649754269908625000,15.7,5,15.6,27,15.8,15,2,2022-04-12 09:04:29
1649754269908625000,15.65,5,15.6,27,15.8,15,2,2022-04-12 09:04:29
1649754270469347000,15.6,4,15.6,23,15.8,15,2,2022-04-12 09:04:30
1649754274893570000,15.6,1,15.6,22,15.7,12,2,2022-04-12 09:04:34
1649754275581279000,15.65,1,15.6,22,15.7,12,1,2022-04-12 09:04:35
1649754277469610000,15.6,2,15.6,20,15.7,12,2,2022-04-12 09:04:37
1649754279291430000,15.6,9,15.6,11,15.65,1,2,2022-04-12 09:04:39
1649754279609474000,15.6,5,15.6,6,15.65,1,2,2022-04-12 09:04:39
1649754279844870000,15.6,6,15.55,3,15.6,4,2,2022-04-12 09:04:39
1649754279864207000,15.6,4,15.55,3,15.65,1,1,2022-04-12 09:04:39
1649754280225798000,15.6,1,15.55,3,15.65,1,1,2022-04-12 09:04:40
1649754280284307000,15.55,3,15.5,50,15.65,1,2,2022-04-12 09:04:40
1649754280284307000,15.5,27,15.5,50,15.65,1,2,2022-04-12 09:04:40
1649754280954098000,15.5,4,15.5,46,15.65,6,2,2022-04-12 09:04:40
1649754283434048000,15.5,21,15.5,27,15.6,10,2,2022-04-12 09:04:43
1649754285534331000,15.55,5,15.5,27,15.6,22,2,2022-04-12 09:04:45
1649754285663921000,15.5,11,15.5,16,15.6,22,2,2022-04-12 09:04:45
1649754285768326000,15.5,4,15.5,12,15.6,22,2,2022-04-12 09:04:45
1649754286039494000,15.5,10,15.5,2,15.6,22,2,2022-04-12 09:04:46
1649754286251115000,15.5,2,15.45,4,15.6,22,2,2022-04-12 09:04:46
1649754286251115000,15.45,8,15.45,4,15.6,22,2,2022-04-12 09:04:46
1649754286673767000,15.45,4,15.4,56,15.55,5,2,2022-04-12 09:04:46
1649754286673767000,15.4,1,15.4,56,15.55,5,2,2022-04-12 09:04:46
1649754286999531000,15.4,8,15.4,48,15.55,5,2,2022-04-12 09:04:46
1649754287790501000,15.45,2,15.4,48,15.5,1,1,2022-04-12 09:04:47
1649754288244113000,15.45,8,15.4,48,15.5,2,1,2022-04-12 09:04:48
1649754289996562000,15.45,2,15.4,48,15.5,5,1,2022-04-12 09:04:49
1649754292278452000,15.5,2,15.4,48,15.5,3,1,2022-04-12 09:04:52
1649754300607785000,15.45,1,15.45,4,15.5,5,2,2022-04-12 09:05:00
1649754300782083000,15.45,3,15.45,1,15.5,5,2,2022-04-12 09:05:00
1649754301050600000,15.45,1,15.4,50,15.45,18,2,2022-04-12 09:05:01
1649754303445641000,15.45,2,15.4,50,15.45,16,1,2022-04-12 09:05:03
1649754305286104000,15.45,1,15.4,50,15.45,15,1,2022-04-12 09:05:05
1649754305342045000,15.4,20,15.4,30,15.45,15,2,2022-04-12 09:05:05
1649754305853576000,15.4,2,15.35,41,15.45,15,2,2022-04-12 09:05:05
1649754306167254000,15.45,1,15.35,41,15.45,14,1,2022-04-12 09:05:06
1649754307859388000,15.4,2,15.4,1,15.45,14,2,2022-04-12 09:05:07
1649754308352187000,15.4,1,15.3,36,15.45,14,2,2022-04-12 09:05:08
1649754308352187000,15.35,8,15.3,36,15.45,14,2,2022-04-12 09:05:08
1649754308352187000,15.3,1,15.3,36,15.45,14,2,2022-04-12 09:05:08
1649754309787257000,15.4,4,15.4,16,15.45,14,2,2022-04-12 09:05:09
1649754309824054000,15.4,1,15.4,15,15.45,14,2,2022-04-12 09:05:09
1649754309906289000,15.45,9,15.3,36,15.45,5,1,2022-04-12 09:05:09
1649754310124532000,15.45,3,15.4,17,15.45,2,1,2022-04-12 09:05:10
1649754310216573000,15.45,1,15.4,17,15.45,1,1,2022-04-12 09:05:10
1649754310235487000,15.45,1,15.4,17,15.5,9,1,2022-04-12 09:05:10
1649754310594603000,15.4,10,15.4,7,15.5,9,2,2022-04-12 09:05:10
1649754311942168000,15.4,1,15.4,6,15.5,9,2,2022-04-12 09:05:11
1649754312435093000,15.4,1,15.4,5,15.5,9,2,2022-04-12 09:05:12
1649754312799234000,15.4,5,15.3,31,15.5,9,2,2022-04-12 09:05:12
1649754312799234000,15.3,5,15.3,31,15.5,9,2,2022-04-12 09:05:12
1649754313897863000,15.35,2,15.35,1,15.45,1,2,2022-04-12 09:05:13
1649754318031698000,15.4,2,15.35,2,15.5,6,1,2022-04-12 09:05:18
1649754319191929000,15.35,1,15.35,1,15.5,6,2,2022-04-12 09:05:19
1649754322115981000,15.4,1,15.3,31,15.35,9,2,2022-04-12 09:05:22
1649754322115981000,15.35,2,15.3,31,15.35,9,2,2022-04-12 09:05:22
1649754322144972000,15.35,9,15.3,31,15.5,6,1,2022-04-12 09:05:22
1649754328764527000,15.4,5,15.35,7,15.5,6,2,2022-04-12 09:05:28
1649754335306267000,15.35,5,15.35,10,15.45,1,2,2022-04-12 09:05:35
1649754335768020000,15.4,1,15.3,31,15.35,16,2,2022-04-12 09:05:35
1649754335768020000,15.35,10,15.3,31,15.35,16,2,2022-04-12 09:05:35
1649754340906415000,15.35,1,15.3,31,15.35,15,1,2022-04-12 09:05:40
1649754341396649000,15.3,2,15.3,29,15.35,15,2,2022-04-12 09:05:41
1649754345729795000,15.35,5,15.3,29,15.35,11,1,2022-04-12 09:05:45
1649754345822697000,15.35,1,15.3,29,15.35,10,1,2022-04-12 09:05:45
1649754345852403000,15.35,2,15.3,29,15.35,8,1,2022-04-12 09:05:45
1649754348769577000,15.3,1,15.3,28,15.35,8,2,2022-04-12 09:05:48
1649754349460212000,15.35,5,15.3,28,15.35,3,1,2022-04-12 09:05:49
1649754349491264000,15.35,3,15.3,28,15.45,2,1,2022-04-12 09:05:49
1649754352415408000,15.35,1,15.35,10,15.45,2,2,2022-04-12 09:05:52
1649754352776830000,15.35,10,15.3,50,15.45,2,2,2022-04-12 09:05:52
1649754352776830000,15.3,11,15.3,50,15.45,2,2,2022-04-12 09:05:52
1649754353361331000,15.35,1,15.3,50,15.45,2,2,2022-04-12 09:05:53
1649754354604099000,15.35,1,15.35,1,15.45,2,1,2022-04-12 09:05:54
1649754355856562000,15.35,1,15.3,47,15.45,2,2,2022-04-12 09:05:55
1649754355856562000,15.3,3,15.3,47,15.45,2,2,2022-04-12 09:05:55
1649754357111728000,15.35,1,15.3,47,15.45,3,2,2022-04-12 09:05:57
1649754361461098000,15.3,2,15.3,45,15.35,2,2,2022-04-12 09:06:01
1649754361586214000,15.35,1,15.3,45,15.35,1,1,2022-04-12 09:06:01
1649754361610420000,15.35,1,15.3,45,15.4,2,1,2022-04-12 09:06:01
1649754361875891000,15.4,1,15.3,45,15.4,1,1,2022-04-12 09:06:01
1649754362060851000,15.4,1,15.3,45,15.45,3,1,2022-04-12 09:06:02
1649754368412618000,15.4,1,15.35,5,15.45,3,1,2022-04-12 09:06:08
1649754373264580000,15.4,1,15.4,1,15.45,14,2,2022-04-12 09:06:13
1649754373459857000,15.4,1,15.35,3,15.4,2,2,2022-04-12 09:06:13
1649754384602632000,15.4,1,15.35,7,15.4,2,1,2022-04-12 09:06:24
1649754387090277000,15.4,1,15.35,7,15.4,4,1,2022-04-12 09:06:27
1649754392860004000,15.35,3,15.35,4,15.4,1,2,2022-04-12 09:06:32
1649754394068026000,15.4,2,15.35,4,15.45,13,1,2022-04-12 09:06:34
1649754395785730000,15.35,4,15.3,40,15.45,13,2,2022-04-12 09:06:35
1649754395785730000,15.3,6,15.3,40,15.45,13,2,2022-04-12 09:06:35
1649754423632720000,15.4,5,15.35,7,15.4,7,1,2022-04-12 09:07:03
1649754424420289000,15.35,7,15.3,1,15.4,7,2,2022-04-12 09:07:04
1649754424420289000,15.3,13,15.3,1,15.4,7,2,2022-04-12 09:07:04
1649754426985368000,15.35,2,15.25,16,15.4,7,2,2022-04-12 09:07:06
1649754426985368000,15.3,2,15.25,16,15.4,7,2,2022-04-12 09:07:06
1649754431210302000,15.35,5,15.35,5,15.4,7,1,2022-04-12 09:07:11
1649754435177025000,15.35,2,15.35,3,15.4,7,2,2022-04-12 09:07:15
1649754449012724000,15.35,5,15.35,4,15.4,7,2,2022-04-12 09:07:29
1649754455542254000,15.35,1,15.35,3,15.4,7,2,2022-04-12 09:07:35
1649754465678853000,15.4,2,15.35,24,15.4,3,1,2022-04-12 09:07:45
1649754467158920000,15.4,1,15.35,24,15.4,2,1,2022-04-12 09:07:47
1649754468821365000,15.35,3,15.35,21,15.4,4,2,2022-04-12 09:07:48
1649754469903131000,15.4,5,15.35,21,15.45,13,1,2022-04-12 09:07:49
1649754479594001000,15.45,1,15.35,21,15.45,22,1,2022-04-12 09:07:59
1649754488760432000,15.4,5,15.35,25,15.4,7,1,2022-04-12 09:08:08
1649754490633053000,15.4,1,15.35,25,15.4,83,1,2022-04-12 09:08:10
1649754497561994000,15.4,10,15.35,27,15.4,80,1,2022-04-12 09:08:17
1649754499889373000,15.4,1,15.35,27,15.4,79,1,2022-04-12 09:08:19
1649754501482298000,15.35,20,15.35,7,15.4,79,2,2022-04-12 09:08:21
1649754501589864000,15.35,4,15.35,3,15.4,79,2,2022-04-12 09:08:21
1649754501618871000,15.35,3,15.3,12,15.4,79,2,2022-04-12 09:08:21
1649754511525954000,15.35,1,15.3,21,15.4,82,2,2022-04-12 09:08:31
1649754511525954000,15.3,1,15.3,21,15.4,82,2,2022-04-12 09:08:31
1649754522882454000,15.4,1,15.3,21,15.4,81,1,2022-04-12 09:08:42
1649754526268913000,15.3,3,15.3,19,15.35,2,2,2022-04-12 09:08:46
1649754526540777000,15.3,10,15.3,9,15.35,2,2,2022-04-12 09:08:46
1649754531144874000,15.3,9,15.25,9,15.3,11,2,2022-04-12 09:08:51
1649754532784247000,15.3,1,15.25,9,15.3,11,1,2022-04-12 09:08:52
1649754535297736000,15.25,1,15.25,8,15.3,10,2,2022-04-12 09:08:55
1649754539498376000,15.25,1,15.25,9,15.3,10,2,2022-04-12 09:08:59
1649754539813849000,15.3,1,15.25,9,15.3,9,1,2022-04-12 09:08:59
1649754548199937000,15.3,1,15.25,9,15.3,10,1,2022-04-12 09:09:08
1649754548590091000,15.25,10,15.2,56,15.25,9,2,2022-04-12 09:09:08
1649754555176817000,15.2,5,15.2,52,15.25,68,2,2022-04-12 09:09:15
1649754555211953000,15.2,3,15.2,49,15.25,68,2,2022-04-12 09:09:15
1649754560415494000,15.2,3,15.2,13,15.25,69,2,2022-04-12 09:09:20
1649754560452417000,15.2,5,15.2,8,15.25,69,2,2022-04-12 09:09:20
1649754563375427000,15.25,5,15.2,8,15.25,64,1,2022-04-12 09:09:23
1649754569424532000,15.2,5,15.2,8,15.25,64,2,2022-04-12 09:09:29
1649754573219182000,15.25,1,15.2,8,15.25,64,1,2022-04-12 09:09:33
1649754575366068000,15.2,8,15.15,29,15.25,64,2,2022-04-12 09:09:35
1649754577140994000,15.2,1,15.15,29,15.25,64,2,2022-04-12 09:09:37
1649754581093064000,15.15,20,15.15,9,15.2,6,2,2022-04-12 09:09:41
1649754581138582000,15.15,4,15.15,5,15.2,6,2,2022-04-12 09:09:41
1649754581172411000,15.15,1,15.15,4,15.2,6,2,2022-04-12 09:09:41
1649754581196281000,15.15,2,15.15,2,15.2,6,2,2022-04-12 09:09:41
1649754581226816000,15.15,2,15.1,57,15.2,6,2,2022-04-12 09:09:41
1649754581891279000,15.1,1,15.1,56,15.2,6,2,2022-04-12 09:09:41
1649754581947515000,15.1,20,15.1,36,15.2,6,2,2022-04-12 09:09:41
1649754582722681000,15.1,1,15.1,35,15.2,6,2,2022-04-12 09:09:42
1649754583951549000,15.1,1,15.1,34,15.2,7,2,2022-04-12 09:09:43
1649754585383081000,15.1,1,15.1,33,15.2,7,2,2022-04-12 09:09:45
1649754585812616000,15.1,1,15.1,32,15.2,7,2,2022-04-12 09:09:45
1649754586202201000,15.1,2,15.1,30,15.2,7,2,2022-04-12 09:09:46
1649754588013658000,15.1,10,15.1,19,15.2,7,2,2022-04-12 09:09:48
1649754588995560000,15.1,1,15.1,18,15.2,7,2,2022-04-12 09:09:48
1649754590483045000,15.1,2,15.1,16,15.2,9,2,2022-04-12 09:09:50
1649754596912002000,15.1,6,15.1,12,15.2,8,2,2022-04-12 09:09:56
1649754597112338000,15.1,4,15.1,8,15.2,8,2,2022-04-12 09:09:57
1649754599667071000,15.1,3,15.1,12,15.2,8,2,2022-04-12 09:09:59
1649754599800883000,15.1,1,15.1,11,15.2,8,2,2022-04-12 09:09:59
1649754601411012000,15.1,1,15.1,10,15.2,8,2,2022-04-12 09:10:01
1649754606684531000,15.1,2,15.1,8,15.2,7,2,2022-04-12 09:10:06
1649754608419496000,15.1,6,15.1,2,15.2,7,2,2022-04-12 09:10:08
1649754609312149000,15.1,1,15.1,1,15.2,7,2,2022-04-12 09:10:09
1649754609343875000,15.1,1,15.05,48,15.2,7,2,2022-04-12 09:10:09
1649754615806318000,15.1,1,15.05,48,15.2,12,2,2022-04-12 09:10:15
1649754615991944000,15.1,1,15.1,2,15.2,12,2,2022-04-12 09:10:15
1649754618537508000,15.1,2,15.1,2,15.2,12,2,2022-04-12 09:10:18
1649754623100580000,15.2,13,15.2,7,15.25,62,1,2022-04-12 09:10:23
1649754623128260000,15.2,7,15.1,4,15.25,62,2,2022-04-12 09:10:23
1649754643019022000,15.1,12,15.1,6,15.25,62,2,2022-04-12 09:10:43
1649754645709872000,15.1,6,15.05,30,15.25,62,2,2022-04-12 09:10:45
1649754645709872000,15.05,14,15.05,30,15.25,62,2,2022-04-12 09:10:45
1649754659392654000,15.1,1,15.1,1,15.2,5,2,2022-04-12 09:10:59
1649754663401201000,15.1,1,15.05,23,15.2,5,2,2022-04-12 09:11:03
1649754663401201000,15.05,9,15.05,23,15.2,5,2,2022-04-12 09:11:03
1649754664849459000,15.05,10,15.05,13,15.15,1,2,2022-04-12 09:11:04
1649754670650932000,15.05,2,15.05,13,15.1,5,2,2022-04-12 09:11:10
1649754674854288000,15.05,8,15.0,77,15.05,12,2,2022-04-12 09:11:14
1649754675106740000,15.05,1,15.0,77,15.05,12,1,2022-04-12 09:11:15
1649754685018761000,15.0,5,15.0,37,15.05,12,2,2022-04-12 09:11:25
1649754686309066000,15.0,10,15.0,27,15.05,12,2,2022-04-12 09:11:26
1649754692711362000,15.0,1,15.0,26,15.05,12,2,2022-04-12 09:11:32
1649754693783594000,15.0,5,15.0,21,15.05,12,2,2022-04-12 09:11:33
1649754699723637000,15.05,10,15.0,21,15.05,2,1,2022-04-12 09:11:39
1649754700286852000,15.0,1,15.0,20,15.05,2,2,2022-04-12 09:11:40
1649754700489806000,15.0,3,15.0,17,15.05,2,2,2022-04-12 09:11:40
1649754701864293000,15.0,2,15.0,15,15.05,2,2,2022-04-12 09:11:41
1649754711175332000,15.0,20,15.0,38,15.05,2,2,2022-04-12 09:11:51
1649754714944655000,15.05,1,15.0,38,15.05,1,1,2022-04-12 09:11:54
1649754728126380000,15.0,1,15.0,4,15.05,2,2,2022-04-12 09:12:08
1649754737115965000,15.05,2,15.0,13,15.1,6,1,2022-04-12 09:12:17
1649754744870474000,15.05,2,15.0,13,15.1,6,1,2022-04-12 09:12:24
1649754754528729000,15.05,2,15.0,30,15.1,11,2,2022-04-12 09:12:34
1649754755378292000,15.0,1,15.0,29,15.1,11,2,2022-04-12 09:12:35
1649754756699862000,15.05,2,15.0,30,15.1,11,2,2022-04-12 09:12:36
1649754763259361000,15.05,1,15.05,2,15.1,12,2,2022-04-12 09:12:43
1649754768207698000,15.05,1,15.05,1,15.1,12,2,2022-04-12 09:12:48
1649754775390736000,15.05,1,15.05,4,15.1,12,2,2022-04-12 09:12:55
1649754787635066000,15.1,1,15.05,4,15.1,11,1,2022-04-12 09:13:07
1649754804198071000,15.1,1,15.05,11,15.1,11,1,2022-04-12 09:13:24
1649754806056248000,15.05,1,15.05,10,15.1,11,2,2022-04-12 09:13:26
1649754806437118000,15.1,5,15.05,10,15.1,6,1,2022-04-12 09:13:26
1649754808508252000,15.1,6,15.1,4,15.15,1,1,2022-04-12 09:13:28
1649754825960988000,15.15,5,15.1,11,15.15,3,1,2022-04-12 09:13:45
1649754826856679000,15.15,1,15.1,11,15.15,2,1,2022-04-12 09:13:46
1649754832347739000,15.15,2,15.1,13,15.2,8,1,2022-04-12 09:13:52
1649754840719978000,15.15,1,15.1,14,15.2,12,1,2022-04-12 09:14:00
1649754856129012000,15.2,10,15.15,5,15.2,2,1,2022-04-12 09:14:16
1649754858940657000,15.2,2,15.2,1,15.25,61,1,2022-04-12 09:14:18
1649754858968938000,15.2,1,15.15,5,15.25,61,2,2022-04-12 09:14:18
1649754867006430000,15.25,2,15.2,12,15.25,59,1,2022-04-12 09:14:27
1649754877069489000,15.25,50,15.2,32,15.25,9,1,2022-04-12 09:14:37
1649754880121389000,15.25,9,15.25,1,15.3,17,1,2022-04-12 09:14:40
1649754886249506000,15.3,1,15.25,14,15.3,16,1,2022-04-12 09:14:46
1649754887665130000,15.25,1,15.25,17,15.3,16,2,2022-04-12 09:14:47
1649754900623464000,15.3,2,15.25,20,15.3,16,1,2022-04-12 09:15:00
1649754901093920000,15.25,20,15.2,36,15.25,12,2,2022-04-12 09:15:01
1649754901173354000,15.25,1,15.2,36,15.25,11,1,2022-04-12 09:15:01
1649754918291745000,15.25,5,15.2,37,15.25,9,1,2022-04-12 09:15:18
1649754918616810000,15.2,3,15.2,34,15.25,6,2,2022-04-12 09:15:18
1649754919970673000,15.25,1,15.2,34,15.25,5,1,2022-04-12 09:15:19
1649754928886469000,15.25,1,15.2,41,15.25,6,1,2022-04-12 09:15:28
1649754939548785000,15.2,4,15.2,39,15.25,12,2,2022-04-12 09:15:39
1649754940908756000,15.2,7,15.2,32,15.25,13,2,2022-04-12 09:15:40
1649754942312316000,15.2,6,15.2,26,15.25,15,2,2022-04-12 09:15:42
1649754942417182000,15.2,2,15.2,24,15.25,15,2,2022-04-12 09:15:42
1649754942520699000,15.2,1,15.2,23,15.25,15,2,2022-04-12 09:15:42
1649754943859702000,15.2,4,15.2,19,15.25,15,2,2022-04-12 09:15:43
1649754954484154000,15.25,1,15.2,20,15.25,14,1,2022-04-12 09:15:54
1649754995689110000,15.2,1,15.2,23,15.25,13,2,2022-04-12 09:16:35
1649754997518876000,15.25,2,15.2,23,15.25,11,1,2022-04-12 09:16:37
1649755006112470000,15.2,10,15.2,13,15.25,11,2,2022-04-12 09:16:46
1649755020718907000,15.2,1,15.2,13,15.25,11,2,2022-04-12 09:17:00
1649755021127378000,15.2,13,15.15,1,15.25,11,2,2022-04-12 09:17:01
1649755021127378000,15.15,6,15.15,1,15.25,11,2,2022-04-12 09:17:01
1649755021145241000,15.15,1,15.1,20,15.15,18,2,2022-04-12 09:17:01
1649755021227794000,15.1,6,15.1,14,15.15,18,2,2022-04-12 09:17:01
1649755021230814000,15.1,5,15.1,9,15.15,18,2,2022-04-12 09:17:01
1649755022942770000,15.1,1,15.1,8,15.15,19,2,2022-04-12 09:17:02
1649755025283130000,15.15,1,15.1,8,15.15,18,1,2022-04-12 09:17:05
1649755027036744000,15.1,1,15.1,7,15.15,18,2,2022-04-12 09:17:07
1649755046521784000,15.15,2,15.1,7,15.15,16,1,2022-04-12 09:17:26
1649755069609019000,15.15,1,15.1,8,15.2,2,1,2022-04-12 09:17:49
1649755097621272000,15.2,2,15.15,2,15.2,2,1,2022-04-12 09:18:17
1649755103412536000,15.15,1,15.15,1,15.2,7,2,2022-04-12 09:18:23
1649755108382293000,15.15,1,15.1,10,15.2,7,2,2022-04-12 09:18:28
1649755113264875000,15.1,10,15.05,11,15.2,7,2,2022-04-12 09:18:33
1649755130941505000,15.15,1,15.05,13,15.2,7,2,2022-04-12 09:18:50
1649755152106919000,15.15,1,15.1,4,15.2,7,1,2022-04-12 09:19:12
1649755166077594000,15.15,1,15.05,13,15.1,5,2,2022-04-12 09:19:26
1649755166077594000,15.1,4,15.05,13,15.1,5,2,2022-04-12 09:19:26
1649755199158554000,15.1,1,15.05,12,15.1,4,1,2022-04-12 09:19:59
1649755227798436000,15.1,1,15.05,12,15.1,11,1,2022-04-12 09:20:27
1649755229065083000,15.1,1,15.05,12,15.1,12,1,2022-04-12 09:20:29
1649755259501756000,15.05,1,15.05,18,15.1,12,2,2022-04-12 09:20:59
1649755259644932000,15.05,5,15.05,13,15.1,12,2,2022-04-12 09:20:59
1649755259813731000,15.1,12,15.1,48,15.2,5,1,2022-04-12 09:20:59
1649755279878505000,15.15,1,15.15,2,15.2,5,2,2022-04-12 09:21:19
1649755368367634000,15.2,7,15.15,11,15.25,13,1,2022-04-12 09:22:48
1649755392098561000,15.25,1,15.15,11,15.25,12,1,2022-04-12 09:23:12
1649755400580422000,15.25,4,15.2,6,15.25,8,1,2022-04-12 09:23:20
1649755407072019000,15.25,1,15.2,6,15.25,7,1,2022-04-12 09:23:27
1649755410233872000,15.25,5,15.2,6,15.25,2,1,2022-04-12 09:23:30
1649755413935491000,15.25,1,15.2,6,15.25,1,1,2022-04-12 09:23:33
1649755414233870000,15.25,1,15.2,6,15.3,7,1,2022-04-12 09:23:34
1649755490406867000,15.3,1,15.25,10,15.3,6,1,2022-04-12 09:24:50
1649755490796437000,15.3,6,15.35,30,15.4,24,1,2022-04-12 09:24:50
1649755490796437000,15.35,7,15.35,30,15.4,24,1,2022-04-12 09:24:50
1649755497440398000,15.35,1,15.35,29,15.4,24,2,2022-04-12 09:24:57
1649755515812730000,15.4,4,15.35,29,15.4,21,1,2022-04-12 09:25:15
1649755518494094000,15.4,10,15.35,29,15.4,11,1,2022-04-12 09:25:18
1649755521614402000,15.35,6,15.35,23,15.4,11,2,2022-04-12 09:25:21
1649755524206256000,15.4,5,15.35,23,15.4,7,1,2022-04-12 09:25:24
1649755527752046000,15.4,5,15.35,24,15.4,2,1,2022-04-12 09:25:27
1649755527930991000,15.4,2,15.35,24,15.5,14,1,2022-04-12 09:25:27
1649755527930991000,15.5,3,15.35,24,15.5,14,1,2022-04-12 09:25:27
1649755527981381000,15.5,4,15.4,1,15.5,10,1,2022-04-12 09:25:27
1649755528349588000,15.5,5,15.4,1,15.5,10,1,2022-04-12 09:25:28
1649755531902815000,15.5,10,15.4,12,15.55,1,1,2022-04-12 09:25:31
1649755531902815000,15.55,1,15.4,12,15.55,1,1,2022-04-12 09:25:31
1649755532076814000,15.55,3,15.45,1,15.6,14,1,2022-04-12 09:25:32
1649755532076814000,15.6,2,15.45,1,15.6,14,1,2022-04-12 09:25:32
1649755533152449000,15.5,1,15.4,12,15.55,1,2,2022-04-12 09:25:33
1649755534181184000,15.55,1,15.4,13,15.6,3,1,2022-04-12 09:25:34
1649755534181184000,15.6,11,15.4,13,15.6,3,1,2022-04-12 09:25:34
1649755540895086000,15.5,1,15.4,17,15.5,5,1,2022-04-12 09:25:40
1649755540933553000,15.5,5,15.4,17,15.55,1,1,2022-04-12 09:25:40
1649755544523700000,15.5,1,15.45,2,15.55,1,2,2022-04-12 09:25:44
1649755548431765000,15.55,1,15.5,1,15.6,8,1,2022-04-12 09:25:48
1649755552540229000,15.55,1,15.5,8,15.6,5,1,2022-04-12 09:25:52
1649755552540229000,15.6,4,15.5,8,15.6,5,1,2022-04-12 09:25:52
1649755557451055000,15.55,2,15.5,8,15.6,5,2,2022-04-12 09:25:57
1649755557692863000,15.6,1,15.5,8,15.6,4,1,2022-04-12 09:25:57
1649755561713736000,15.55,1,15.5,8,15.55,4,1,2022-04-12 09:26:01
1649755564270940000,15.55,4,15.5,8,15.55,3,1,2022-04-12 09:26:04
1649755566591954000,15.55,3,15.55,4,15.6,5,1,2022-04-12 09:26:06
1649755570195485000,15.6,1,15.55,4,15.6,4,1,2022-04-12 09:26:10
1649755574399798000,15.6,5,15.55,5,15.65,10,1,2022-04-12 09:26:14
1649755579550739000,15.6,4,15.55,5,15.6,6,1,2022-04-12 09:26:19
1649755580915010000,15.6,2,15.55,5,15.6,4,1,2022-04-12 09:26:20
1649755582024553000,15.6,1,15.55,5,15.6,3,1,2022-04-12 09:26:22
1649755583201055000,15.6,2,15.55,5,15.6,1,1,2022-04-12 09:26:23
1649755583915351000,15.6,1,15.55,5,15.6,3,1,2022-04-12 09:26:23
1649755585726600000,15.6,1,15.55,5,15.6,2,1,2022-04-12 09:26:25
1649755588765222000,15.6,1,15.55,6,15.6,1,1,2022-04-12 09:26:28
1649755590577379000,15.6,1,15.55,6,15.65,12,1,2022-04-12 09:26:30
1649755594585667000,15.6,1,15.55,6,15.65,12,1,2022-04-12 09:26:34
1649755595614125000,15.65,12,15.55,6,15.7,7,1,2022-04-12 09:26:35
1649755595614125000,15.7,8,15.55,6,15.7,7,1,2022-04-12 09:26:35
1649755595682677000,15.7,2,15.6,1,15.7,5,1,2022-04-12 09:26:35
1649755595693280000,15.7,2,15.6,1,15.7,3,1,2022-04-12 09:26:35
1649755601944908000,15.55,4,15.55,8,15.7,5,2,2022-04-12 09:26:41
1649755602660194000,15.65,1,15.55,8,15.7,5,1,2022-04-12 09:26:42
1649755616206837000,15.55,1,15.55,15,15.65,10,2,2022-04-12 09:26:56
1649755617135842000,15.65,5,15.55,15,15.65,5,1,2022-04-12 09:26:57
1649755623072649000,15.65,1,15.55,15,15.65,4,1,2022-04-12 09:27:03
1649755624596325000,15.65,4,15.65,1,15.7,20,1,2022-04-12 09:27:04
1649755625960422000,15.65,1,15.6,2,15.65,6,2,2022-04-12 09:27:05
1649755630455025000,15.6,2,15.6,6,15.65,11,2,2022-04-12 09:27:10
1649755630797913000,15.6,1,15.6,5,15.65,11,2,2022-04-12 09:27:10
1649755630956342000,15.65,1,15.6,5,15.65,10,1,2022-04-12 09:27:10
1649755631627911000,15.6,1,15.6,4,15.65,10,2,2022-04-12 09:27:11
1649755632958844000,15.6,1,15.6,3,15.65,10,2,2022-04-12 09:27:12
1649755633756639000,15.6,2,15.6,1,15.65,10,2,2022-04-12 09:27:13
1649755634442888000,15.6,1,15.55,20,15.65,16,2,2022-04-12 09:27:14
1649755635095659000,15.6,1,15.55,20,15.65,16,1,2022-04-12 09:27:15
1649755636387169000,15.65,2,15.55,20,15.65,14,1,2022-04-12 09:27:16
1649755642922176000,15.65,4,15.55,22,15.65,11,1,2022-04-12 09:27:22
1649755645337933000,15.65,1,15.55,22,15.65,10,1,2022-04-12 09:27:25
1649755647106715000,15.65,3,15.55,22,15.65,8,1,2022-04-12 09:27:27
1649755657202758000,15.6,1,15.55,24,15.65,14,2,2022-04-12 09:27:37
1649755664981266000,15.6,2,15.55,24,15.65,14,1,2022-04-12 09:27:44
1649755665085876000,15.6,1,15.55,24,15.6,4,2,2022-04-12 09:27:45
1649755667339205000,15.6,1,15.55,24,15.6,4,1,2022-04-12 09:27:47
1649755683837299000,15.6,1,15.55,24,15.6,6,1,2022-04-12 09:28:03
1649755691027949000,15.55,5,15.55,19,15.6,9,2,2022-04-12 09:28:11
1649755694607906000,15.6,1,15.55,21,15.6,8,1,2022-04-12 09:28:14
1649755723366913000,15.55,10,15.55,9,15.6,10,2,2022-04-12 09:28:43
1649755725830759000,15.55,1,15.55,8,15.6,11,2,2022-04-12 09:28:45
1649755728968688000,15.55,1,15.55,7,15.6,11,2,2022-04-12 09:28:48
1649755729061656000,15.55,1,15.55,6,15.6,11,2,2022-04-12 09:28:49
1649755729087635000,15.55,6,15.5,19,15.6,11,2,2022-04-12 09:28:49
1649755736995770000,15.5,5,15.5,14,15.55,1,2,2022-04-12 09:28:56
1649755742223567000,15.55,1,15.5,14,15.6,6,1,2022-04-12 09:29:02
1649755742223567000,15.6,4,15.5,14,15.6,6,1,2022-04-12 09:29:02
1649755757687297000,15.55,1,15.55,5,15.6,6,2,2022-04-12 09:29:17
1649755760841604000,15.55,1,15.55,3,15.6,6,2,2022-04-12 09:29:20
1649755761230954000,15.55,1,15.55,2,15.6,6,2,2022-04-12 09:29:21
1649755764362875000,15.55,2,15.55,4,15.6,8,2,2022-04-12 09:29:24
1649755764798962000,15.55,1,15.55,3,15.6,8,2,2022-04-12 09:29:24
1649755768502629000,15.55,1,15.55,2,15.6,8,2,2022-04-12 09:29:28
1649755778740958000,15.55,3,15.55,3,15.6,10,2,2022-04-12 09:29:38
1649755788722997000,15.55,1,15.55,2,15.6,9,2,2022-04-12 09:29:48
1649755795899647000,15.55,2,15.5,15,15.55,1,2,2022-04-12 09:29:55
1649755801791754000,15.5,4,15.5,11,15.55,5,2,2022-04-12 09:30:01
1649755810380154000,15.5,1,15.5,12,15.55,5,2,2022-04-12 09:30:10
1649755817172502000,15.5,1,15.5,11,15.55,5,2,2022-04-12 09:30:17
1649755824133175000,15.5,1,15.5,10,15.55,1,2,2022-04-12 09:30:24
1649755828854173000,15.5,3,15.5,17,15.55,1,2,2022-04-12 09:30:28
1649755832870067000,15.5,1,15.5,16,15.55,1,2,2022-04-12 09:30:32
1649755837571929000,15.5,10,15.5,6,15.55,1,2,2022-04-12 09:30:37
1649755840492828000,15.5,1,15.5,5,15.55,1,2,2022-04-12 09:30:40
1649755843528465000,15.5,5,15.45,8,15.55,1,2,2022-04-12 09:30:43
1649755843839180000,15.45,1,15.45,7,15.55,1,2,2022-04-12 09:30:43
1649755846076796000,15.5,2,15.5,8,15.55,2,2,2022-04-12 09:30:46
1649755851332413000,15.5,4,15.5,4,15.55,3,2,2022-04-12 09:30:51
1649755854115152000,15.5,2,15.5,4,15.55,3,2,2022-04-12 09:30:54
1649755860375172000,15.5,3,15.5,2,15.55,4,2,2022-04-12 09:31:00
1649755864373254000,15.5,2,15.45,7,15.55,4,2,2022-04-12 09:31:04
1649755873209179000,15.5,2,15.5,17,15.55,3,2,2022-04-12 09:31:13
1649755933912551000,15.5,6,15.5,14,15.55,10,2,2022-04-12 09:32:13
1649755942466464000,15.5,2,15.5,31,15.55,10,2,2022-04-12 09:32:22
1649755944127588000,15.55,4,15.5,31,15.55,6,1,2022-04-12 09:32:24
1649755945055823000,15.55,1,15.5,31,15.55,5,1,2022-04-12 09:32:25
1649755946145043000,15.55,1,15.5,31,15.55,4,1,2022-04-12 09:32:26
1649755950150628000,15.55,4,15.55,1,15.6,15,1,2022-04-12 09:32:30
1649755955253113000,15.55,3,15.5,27,15.6,15,2,2022-04-12 09:32:35
1649755955253113000,15.5,7,15.5,27,15.6,15,2,2022-04-12 09:32:35
1649755963519946000,15.6,1,15.55,1,15.6,14,1,2022-04-12 09:32:43
1649755965183296000,15.6,4,15.55,6,15.6,10,1,2022-04-12 09:32:45
1649755972607235000,15.6,1,15.55,6,15.6,10,1,2022-04-12 09:32:52
1649755980615041000,15.6,2,15.55,6,15.6,8,1,2022-04-12 09:33:00
1649755983973150000,15.6,4,15.55,6,15.6,4,1,2022-04-12 09:33:03
1649755987943724000,15.6,1,15.55,6,15.6,3,1,2022-04-12 09:33:07
1649755989875174000,15.6,1,15.55,6,15.6,1,1,2022-04-12 09:33:09
1649756031163398000,15.55,4,15.55,3,15.6,18,2,2022-04-12 09:33:51
1649756041390775000,15.6,2,15.55,3,15.6,16,1,2022-04-12 09:34:01
1649756063898161000,15.6,1,15.55,14,15.6,15,1,2022-04-12 09:34:23
1649756085052444000,15.6,2,15.55,14,15.6,13,1,2022-04-12 09:34:45
1649756102542303000,15.6,14,15.6,5,15.65,23,1,2022-04-12 09:35:02
1649756109246602000,15.6,6,15.6,3,15.65,23,2,2022-04-12 09:35:09
1649756110566019000,15.65,3,15.6,1,15.65,20,1,2022-04-12 09:35:10
1649756120248069000,15.6,4,15.55,15,15.65,19,2,2022-04-12 09:35:20
1649756136421554000,15.65,1,15.55,15,15.65,18,1,2022-04-12 09:35:36
1649756144949700000,15.65,4,15.55,15,15.65,14,1,2022-04-12 09:35:44
1649756150644550000,15.65,1,15.55,32,15.65,13,1,2022-04-12 09:35:50
1649756151385271000,15.65,2,15.55,32,15.65,11,1,2022-04-12 09:35:51
1649756180525279000,15.65,1,15.6,5,15.65,12,1,2022-04-12 09:36:20
1649756182863295000,15.65,1,15.6,5,15.65,11,1,2022-04-12 09:36:22
1649756202018260000,15.65,1,15.6,5,15.65,11,1,2022-04-12 09:36:42
1649756223843447000,15.65,4,15.6,5,15.65,9,1,2022-04-12 09:37:03
1649756250060216000,15.6,3,15.6,2,15.65,10,2,2022-04-12 09:37:30
1649756250870077000,15.6,1,15.6,1,15.65,10,2,2022-04-12 09:37:30
1649756252180070000,15.6,1,15.55,26,15.6,4,2,2022-04-12 09:37:32
1649756258360940000,15.55,6,15.55,20,15.6,6,2,2022-04-12 09:37:38
1649756266611217000,15.6,1,15.55,20,15.6,5,1,2022-04-12 09:37:46
1649756272226890000,15.6,4,15.55,20,15.6,1,1,2022-04-12 09:37:52
1649756282077209000,15.6,1,15.6,1,15.65,9,1,2022-04-12 09:38:02
1649756291477965000,15.6,1,15.55,20,15.65,10,2,2022-04-12 09:38:11
1649756305169991000,15.55,10,15.55,10,15.65,10,2,2022-04-12 09:38:25
1649756347609615000,15.55,5,15.55,6,15.6,20,2,2022-04-12 09:39:07
1649756348042605000,15.55,2,15.55,4,15.6,20,2,2022-04-12 09:39:08
1649756350951607000,15.55,1,15.55,3,15.6,20,2,2022-04-12 09:39:10
1649756359276607000,15.55,1,15.55,3,15.6,22,2,2022-04-12 09:39:19
1649756388592812000,15.55,1,15.55,2,15.6,23,2,2022-04-12 09:39:48
1649756404512582000,15.55,2,15.5,4,15.6,23,2,2022-04-12 09:40:04
1649756425668483000,15.5,1,15.5,3,15.55,1,2,2022-04-12 09:40:25
1649756440693803000,15.55,1,15.5,3,15.6,23,1,2022-04-12 09:40:40
1649756529805883000,15.55,1,15.5,4,15.55,1,1,2022-04-12 09:42:09
1649756550113611000,15.55,1,15.5,4,15.6,22,1,2022-04-12 09:42:30
1649756570006071000,15.6,2,15.5,4,15.6,20,1,2022-04-12 09:42:50
1649756581558831000,15.55,5,15.55,1,15.6,20,2,2022-04-12 09:43:01
1649756589578407000,15.55,1,15.5,8,15.6,20,2,2022-04-12 09:43:09
1649756648485168000,15.5,1,15.5,7,15.6,25,2,2022-04-12 09:44:08
1649756658939576000,15.5,6,15.5,1,15.6,25,2,2022-04-12 09:44:18
1649756669742510000,15.5,1,15.45,56,15.55,1,2,2022-04-12 09:44:29
1649756682404017000,15.45,1,15.45,22,15.5,1,2,2022-04-12 09:44:42
1649756688081205000,15.5,1,15.45,22,15.55,1,1,2022-04-12 09:44:48
1649756699045929000,15.55,1,15.5,2,15.6,43,1,2022-04-12 09:44:59
1649756712748333000,15.5,2,15.45,19,15.6,44,2,2022-04-12 09:45:12
1649756712748333000,15.45,3,15.45,19,15.6,44,2,2022-04-12 09:45:12
1649756714020960000,15.6,2,15.45,19,15.6,42,1,2022-04-12 09:45:14
1649756782245640000,15.55,2,15.45,25,15.55,3,1,2022-04-12 09:46:22
1649756814571987000,15.55,2,15.5,1,15.55,2,1,2022-04-12 09:46:54
1649756823475228000,15.55,1,15.5,7,15.55,3,1,2022-04-12 09:47:03
1649756832125888000,15.55,1,15.5,7,15.55,2,1,2022-04-12 09:47:12
1649756835818208000,15.55,1,15.5,6,15.55,1,1,2022-04-12 09:47:15
1649756868627644000,15.5,1,15.5,5,15.55,2,2,2022-04-12 09:47:48
1649756876752600000,15.5,1,15.5,4,15.55,2,2,2022-04-12 09:47:56
1649756912183371000,15.5,3,15.5,1,15.55,2,2,2022-04-12 09:48:32
1649756989833850000,15.5,5,15.5,14,15.55,5,2,2022-04-12 09:49:49
1649757042192891000,15.5,3,15.5,11,15.55,6,2,2022-04-12 09:50:42
1649757132178313000,15.5,1,15.5,11,15.55,6,2,2022-04-12 09:52:12
1649757177346938000,15.5,1,15.5,12,15.55,6,2,2022-04-12 09:52:57
1649757233048984000,15.5,2,15.5,14,15.55,8,2,2022-04-12 09:53:53
1649757238185872000,15.55,2,15.5,14,15.55,6,1,2022-04-12 09:53:58
1649757298697644000,15.55,2,15.5,19,15.55,4,1,2022-04-12 09:54:58
1649757342764874000,15.5,2,15.5,21,15.55,4,2,2022-04-12 09:55:42
1649757342968913000,15.55,1,15.5,21,15.55,3,1,2022-04-12 09:55:42
1649757347629101000,15.55,1,15.5,21,15.55,2,1,2022-04-12 09:55:47
1649757397830182000,15.55,2,15.5,17,15.55,6,1,2022-04-12 09:56:37
1649757434346463000,15.5,2,15.5,15,15.55,8,2,2022-04-12 09:57:14
1649757487589797000,15.5,5,15.5,13,15.55,8,2,2022-04-12 09:58:07
1649757513207859000,15.5,2,15.5,11,15.55,8,2,2022-04-12 09:58:33
1649757525422910000,15.5,5,15.5,7,15.55,8,2,2022-04-12 09:58:45
1649757526608025000,15.5,1,15.5,6,15.55,8,2,2022-04-12 09:58:46
1649757534793924000,15.5,1,15.5,5,15.55,8,2,2022-04-12 09:58:54
1649757543344165000,15.5,1,15.5,4,15.55,8,2,2022-04-12 09:59:03
1649757588232912000,15.5,4,15.45,29,15.5,1,2,2022-04-12 09:59:48
1649757629905188000,15.5,1,15.45,29,15.5,7,1,2022-04-12 10:00:29
1649757632230301000,15.45,10,15.45,19,15.5,7,2,2022-04-12 10:00:32
1649757647057165000,15.5,6,15.5,3,15.55,22,1,2022-04-12 10:00:47
1649757660156675000,15.5,1,15.5,2,15.55,22,2,2022-04-12 10:01:00
1649757668310651000,15.5,2,15.45,19,15.55,22,2,2022-04-12 10:01:08
1649757680415214000,15.45,3,15.45,16,15.5,16,2,2022-04-12 10:01:20
1649757717890297000,15.45,5,15.45,20,15.5,17,2,2022-04-12 10:01:57
1649757734452174000,15.45,5,15.45,15,15.5,20,2,2022-04-12 10:02:14
1649757742457011000,15.45,15,15.4,22,15.5,20,2,2022-04-12 10:02:22
1649757742457011000,15.4,6,15.4,22,15.5,20,2,2022-04-12 10:02:22
1649757750440887000,15.4,2,15.4,20,15.45,5,2,2022-04-12 10:02:30
1649757756576495000,15.4,1,15.4,19,15.45,5,2,2022-04-12 10:02:36
1649757758418819000,15.4,1,15.4,18,15.45,5,2,2022-04-12 10:02:38
1649757759922921000,15.4,18,15.35,38,15.45,5,2,2022-04-12 10:02:39
1649757759922921000,15.35,2,15.35,38,15.45,5,2,2022-04-12 10:02:39
1649757777070020000,15.4,1,15.35,38,15.4,4,1,2022-04-12 10:02:57
1649757785774248000,15.4,1,15.35,38,15.4,3,1,2022-04-12 10:03:05
1649757787721374000,15.35,1,15.35,37,15.4,3,2,2022-04-12 10:03:07
1649757802391556000,15.4,1,15.35,43,15.4,4,1,2022-04-12 10:03:22
1649757805769968000,15.4,1,15.35,43,15.4,4,1,2022-04-12 10:03:25
1649757806116822000,15.35,1,15.35,42,15.4,4,2,2022-04-12 10:03:26
1649757807666733000,15.4,3,15.35,42,15.4,1,1,2022-04-12 10:03:27
1649757810589197000,15.4,2,15.4,3,15.5,20,1,2022-04-12 10:03:30
1649757861826592000,15.45,1,15.4,29,15.5,20,1,2022-04-12 10:04:21
1649757930516439000,15.45,1,15.45,2,15.5,20,2,2022-04-12 10:05:30
1649757953117078000,15.45,2,15.4,29,15.5,20,2,2022-04-12 10:05:53
1649757992088385000,15.45,1,15.4,27,15.5,22,1,2022-04-12 10:06:32
1649758025547666000,15.45,1,15.45,9,15.5,22,2,2022-04-12 10:07:05
1649758036168588000,15.45,1,15.45,8,15.5,22,2,2022-04-12 10:07:16
1649758041226560000,15.45,1,15.45,7,15.5,22,2,2022-04-12 10:07:21
1649758112110067000,15.5,1,15.45,25,15.5,23,1,2022-04-12 10:08:32
1649758121494925000,15.5,5,15.45,25,15.5,18,1,2022-04-12 10:08:41
1649758123754545000,15.45,6,15.45,19,15.5,18,2,2022-04-12 10:08:43
1649758130482680000,15.5,10,15.45,19,15.5,8,1,2022-04-12 10:08:50
1649758164157250000,15.5,5,15.45,20,15.5,5,1,2022-04-12 10:09:24
1649758168258786000,15.5,3,15.45,20,15.5,2,1,2022-04-12 10:09:28
1649758173448359000,15.5,2,15.5,3,15.55,17,1,2022-04-12 10:09:33
1649758184887986000,15.55,5,15.5,3,15.55,14,1,2022-04-12 10:09:44
1649758185351962000,15.55,14,15.55,6,15.6,18,1,2022-04-12 10:09:45
1649758193337856000,15.6,3,15.55,6,15.6,15,1,2022-04-12 10:09:53
1649758212162513000,15.6,3,15.55,6,15.6,16,1,2022-04-12 10:10:12
1649758217389009000,15.6,9,15.55,6,15.6,7,1,2022-04-12 10:10:17
1649758219428525000,15.6,1,15.55,6,15.6,6,1,2022-04-12 10:10:19
1649758221742009000,15.6,3,15.55,6,15.6,3,1,2022-04-12 10:10:21
1649758228238754000,15.6,1,15.55,6,15.6,2,1,2022-04-12 10:10:28
1649758230816112000,15.6,1,15.55,6,15.6,1,1,2022-04-12 10:10:30
1649758234638413000,15.6,1,15.6,2,15.65,22,1,2022-04-12 10:10:34
1649758241924365000,15.65,3,15.6,2,15.65,19,1,2022-04-12 10:10:41
1649758258630968000,15.65,6,15.6,2,15.65,15,1,2022-04-12 10:10:58
1649758277221361000,15.6,2,15.55,1,15.65,15,2,2022-04-12 10:11:17
1649758320075554000,15.6,2,15.55,1,15.6,1,1,2022-04-12 10:12:00
1649758320309396000,15.6,1,15.6,4,15.65,15,1,2022-04-12 10:12:00
1649758320347770000,15.6,4,15.55,1,15.65,15,2,2022-04-12 10:12:00
1649758327187606000,15.55,1,15.5,19,15.65,15,2,2022-04-12 10:12:07
1649758479962129000,15.55,2,15.55,9,15.6,19,2,2022-04-12 10:14:39
1649758483574119000,15.55,1,15.55,10,15.6,19,2,2022-04-12 10:14:43
1649758489206819000,15.6,1,15.55,11,15.6,18,1,2022-04-12 10:14:49
1649758498087012000,15.55,10,15.55,1,15.6,18,2,2022-04-12 10:14:58
1649758526190489000,15.55,3,15.5,22,15.6,18,2,2022-04-12 10:15:26
1649758567202962000,15.55,4,15.55,2,15.6,18,2,2022-04-12 10:16:07
1649758569106039000,15.55,1,15.55,1,15.6,18,2,2022-04-12 10:16:09
1649758699787089000,15.55,1,15.5,22,15.6,22,2,2022-04-12 10:18:19
1649758740540043000,15.6,1,15.5,23,15.6,21,1,2022-04-12 10:19:00
1649758782351557000,15.55,1,15.5,23,15.6,23,1,2022-04-12 10:19:42
1649758861693956000,15.5,10,15.5,13,15.55,1,2,2022-04-12 10:21:01
1649758866296403000,15.5,5,15.5,8,15.55,1,2,2022-04-12 10:21:06
1649758931066031000,15.55,1,15.5,11,15.6,23,1,2022-04-12 10:22:11
1649759046153713000,15.55,1,15.5,17,15.55,4,2,2022-04-12 10:24:06
1649759057097477000,15.55,4,15.5,17,15.6,26,1,2022-04-12 10:24:17
1649759105170027000,15.55,1,15.5,18,15.55,9,1,2022-04-12 10:25:05
1649759105618812000,15.55,8,15.5,18,15.55,1,1,2022-04-12 10:25:05
1649759122405188000,15.55,1,15.5,18,15.6,27,1,2022-04-12 10:25:22
1649759191203984000,15.55,2,15.55,2,15.6,27,1,2022-04-12 10:26:31
1649759225551596000,15.6,20,15.55,2,15.6,7,1,2022-04-12 10:27:05
1649759226948302000,15.6,1,15.55,2,15.6,6,1,2022-04-12 10:27:06
1649759230500631000,15.6,1,15.55,2,15.6,5,1,2022-04-12 10:27:10
1649759231298690000,15.6,1,15.55,2,15.6,4,1,2022-04-12 10:27:11
1649759232215462000,15.6,1,15.55,2,15.6,3,1,2022-04-12 10:27:12
1649759234446410000,15.55,1,15.55,1,15.6,3,2,2022-04-12 10:27:14
1649759240854984000,15.6,3,15.55,12,15.65,4,1,2022-04-12 10:27:20
1649759311514175000,15.6,3,15.6,10,15.65,4,2,2022-04-12 10:28:31
1649759322143664000,15.65,2,15.6,10,15.65,2,1,2022-04-12 10:28:42
1649759333081144000,15.65,2,15.6,10,15.7,25,1,2022-04-12 10:28:53
1649759354695262000,15.7,1,15.65,3,15.7,24,1,2022-04-12 10:29:14
1649759354787083000,15.7,6,15.65,3,15.7,18,1,2022-04-12 10:29:14
1649759373345358000,15.7,3,15.65,5,15.7,15,1,2022-04-12 10:29:33
1649759375045710000,15.7,3,15.65,5,15.7,12,1,2022-04-12 10:29:35
1649759381073002000,15.7,1,15.65,6,15.7,13,1,2022-04-12 10:29:41
1649759383396416000,15.7,1,15.65,6,15.7,12,1,2022-04-12 10:29:43
1649759385784425000,15.7,1,15.65,6,15.7,11,1,2022-04-12 10:29:45
1649759389242234000,15.7,11,15.7,9,15.75,8,1,2022-04-12 10:29:49
1649759394575218000,15.75,1,15.7,12,15.75,7,1,2022-04-12 10:29:54
1649759400023727000,15.75,2,15.7,12,15.75,5,1,2022-04-12 10:30:00
1649759401391670000,15.75,1,15.7,12,15.75,4,1,2022-04-12 10:30:01
1649759402308274000,15.75,1,15.7,12,15.75,10,1,2022-04-12 10:30:02
1649759402654924000,15.75,1,15.7,12,15.75,9,1,2022-04-12 10:30:02
1649759413128126000,15.75,3,15.7,9,15.75,9,1,2022-04-12 10:30:13
1649759416164264000,15.75,1,15.7,9,15.75,8,1,2022-04-12 10:30:16
1649759443453684000,15.7,1,15.7,11,15.75,15,2,2022-04-12 10:30:43
1649759450770722000,15.7,8,15.7,4,15.75,15,2,2022-04-12 10:30:50
1649759453736073000,15.7,1,15.7,3,15.75,15,2,2022-04-12 10:30:53
1649759457144773000,15.7,3,15.65,3,15.75,15,2,2022-04-12 10:30:57
1649759472153217000,15.65,3,15.6,10,15.75,15,2,2022-04-12 10:31:12
1649759592846250000,15.7,2,15.65,5,15.7,6,1,2022-04-12 10:33:12
1649759594653327000,15.65,1,15.65,4,15.7,6,2,2022-04-12 10:33:14
1649759748501204000,15.65,5,15.65,1,15.7,12,2,2022-04-12 10:35:48
1649759765919451000,15.65,1,15.6,15,15.7,12,2,2022-04-12 10:36:05
1649759835194489000,15.65,3,15.65,22,15.7,18,1,2022-04-12 10:37:15
1649759872182288000,15.65,7,15.65,15,15.7,21,2,2022-04-12 10:37:52
1649759877196503000,15.65,17,15.6,13,15.65,1,2,2022-04-12 10:37:57
1649759901744606000,15.65,3,15.6,12,15.7,19,1,2022-04-12 10:38:21
1649759901744606000,15.7,2,15.6,12,15.7,19,1,2022-04-12 10:38:21
1649759909770187000,15.7,1,15.6,12,15.7,18,1,2022-04-12 10:38:29
1649759955931912000,15.7,2,15.65,3,15.7,12,1,2022-04-12 10:39:15
1649759994753760000,15.7,10,15.65,7,15.7,8,1,2022-04-12 10:39:54
1649759996584890000,15.7,5,15.65,7,15.7,3,1,2022-04-12 10:39:56
1649760002544319000,15.7,2,15.65,7,15.7,1,1,2022-04-12 10:40:02
1649760011389020000,15.7,1,15.65,36,15.75,22,1,2022-04-12 10:40:11
1649760018488101000,15.75,10,15.65,36,15.75,12,1,2022-04-12 10:40:18
1649760021530515000,15.75,1,15.65,36,15.75,11,1,2022-04-12 10:40:21
1649760033856231000,15.75,10,15.65,36,15.75,1,1,2022-04-12 10:40:33
1649760036560499000,15.75,1,15.75,4,15.8,53,1,2022-04-12 10:40:36
1649760058361103000,15.8,3,15.75,4,15.8,50,1,2022-04-12 10:40:58
1649760058396929000,15.8,4,15.75,4,15.8,46,1,2022-04-12 10:40:58
1649760059432397000,15.8,1,15.75,4,15.8,45,1,2022-04-12 10:40:59
1649760061547253000,15.75,6,15.75,7,15.8,45,2,2022-04-12 10:41:01
1649760061689639000,15.8,2,15.75,7,15.8,43,1,2022-04-12 10:41:01
1649760116553250000,15.75,1,15.75,8,15.8,43,2,2022-04-12 10:41:56
1649760147226913000,15.75,6,15.75,4,15.8,43,2,2022-04-12 10:42:27
1649760149219289000,15.75,2,15.75,2,15.8,43,2,2022-04-12 10:42:29
1649760157294215000,15.75,2,15.7,6,15.75,1,2,2022-04-12 10:42:37
1649760161849560000,15.75,1,15.7,6,15.8,43,1,2022-04-12 10:42:41
1649760179910485000,15.75,1,15.7,6,15.8,43,1,2022-04-12 10:42:59
1649760194694145000,15.75,1,15.7,6,15.8,44,2,2022-04-12 10:43:14
1649760202058311000,15.75,1,15.7,16,15.75,1,1,2022-04-12 10:43:22
1649760209605082000,15.75,1,15.7,16,15.75,1,1,2022-04-12 10:43:29
1649760215497873000,15.75,1,15.7,16,15.8,44,1,2022-04-12 10:43:35
1649760219483380000,15.75,1,15.75,57,15.8,44,2,2022-04-12 10:43:39
1649760228020272000,15.8,1,15.75,63,15.8,43,1,2022-04-12 10:43:48
1649760234169194000,15.8,2,15.75,63,15.8,41,1,2022-04-12 10:43:54
1649760238683317000,15.8,5,15.75,63,15.8,36,1,2022-04-12 10:43:58
1649760241834322000,15.8,8,15.75,64,15.8,28,1,2022-04-12 10:44:01
1649760242737811000,15.8,10,15.75,64,15.8,18,1,2022-04-12 10:44:02
1649760243429264000,15.8,2,15.75,64,15.8,16,1,2022-04-12 10:44:03
1649760243635626000,15.8,1,15.75,64,15.8,15,1,2022-04-12 10:44:03
1649760244586657000,15.8,2,15.75,64,15.8,13,1,2022-04-12 10:44:04
1649760246038913000,15.8,1,15.75,64,15.8,12,1,2022-04-12 10:44:06
1649760250077367000,15.8,2,15.75,64,15.8,10,1,2022-04-12 10:44:10
1649760251419571000,15.8,10,15.75,64,15.85,44,1,2022-04-12 10:44:11
1649760297765794000,15.8,2,15.8,1,15.85,44,2,2022-04-12 10:44:57
1649760298624670000,15.8,1,15.75,64,15.85,44,2,2022-04-12 10:44:58
1649760302620360000,15.85,1,15.75,64,15.85,43,1,2022-04-12 10:45:02
1649760302657267000,15.85,4,15.75,64,15.85,39,1,2022-04-12 10:45:02
1649760306848880000,15.85,5,15.75,64,15.85,34,1,2022-04-12 10:45:06
1649760308870558000,15.85,1,15.75,65,15.85,33,1,2022-04-12 10:45:08
1649760311957748000,15.85,5,15.8,1,15.85,28,1,2022-04-12 10:45:11
1649760314832063000,15.85,1,15.8,10,15.85,27,1,2022-04-12 10:45:14
1649760316166195000,15.85,3,15.8,10,15.85,24,1,2022-04-12 10:45:16
1649760318172036000,15.85,20,15.8,10,15.85,4,1,2022-04-12 10:45:18
1649760318516825000,15.85,4,15.8,10,15.9,36,1,2022-04-12 10:45:18
1649760318516825000,15.9,4,15.8,10,15.9,36,1,2022-04-12 10:45:18
1649760319595328000,15.9,1,15.8,10,15.9,40,1,2022-04-12 10:45:19
1649760320060659000,15.9,2,15.8,10,15.9,38,1,2022-04-12 10:45:20
1649760325424157000,15.9,8,15.85,7,15.9,28,1,2022-04-12 10:45:25
1649760328930030000,15.9,1,15.85,7,15.9,142,1,2022-04-12 10:45:28
1649760330230020000,15.85,2,15.85,5,15.9,142,2,2022-04-12 10:45:30
1649760339223745000,15.85,2,15.85,13,15.9,142,2,2022-04-12 10:45:39
1649760340917431000,15.9,142,15.9,58,15.95,25,1,2022-04-12 10:45:40
1649760345204670000,15.9,1,15.9,57,15.95,25,2,2022-04-12 10:45:45
1649760345302243000,15.95,25,15.9,57,16.0,57,1,2022-04-12 10:45:45
1649760346378222000,16.0,1,15.95,6,16.0,56,1,2022-04-12 10:45:46
1649760346418292000,16.0,8,15.95,6,16.0,48,1,2022-04-12 10:45:46
1649760346425831000,16.0,6,15.95,6,16.0,42,1,2022-04-12 10:45:46
1649760346447684000,16.0,2,15.95,6,16.0,40,1,2022-04-12 10:45:46
1649760347280355000,16.0,25,15.95,6,16.0,15,1,2022-04-12 10:45:47
1649760347308256000,16.0,15,15.95,6,16.05,12,1,2022-04-12 10:45:47
1649760347456139000,16.05,1,15.95,6,16.05,11,1,2022-04-12 10:45:47
1649760347773014000,16.05,11,15.95,6,16.1,4,1,2022-04-12 10:45:47
1649760347773014000,16.1,18,15.95,6,16.1,4,1,2022-04-12 10:45:47
1649760348886520000,16.1,1,16.0,1,16.1,3,1,2022-04-12 10:45:48
1649760350473074000,15.95,1,15.95,7,16.1,3,2,2022-04-12 10:45:50
1649760352439270000,16.1,3,16.0,5,16.15,13,1,2022-04-12 10:45:52
1649760353119197000,16.15,13,16.1,2,16.2,17,1,2022-04-12 10:45:53
1649760353119197000,16.2,12,16.1,2,16.2,17,1,2022-04-12 10:45:53
1649760355993966000,16.2,1,16.1,2,16.2,33,1,2022-04-12 10:45:55
1649760357899833000,16.15,1,16.1,3,16.2,33,2,2022-04-12 10:45:57
1649760358489884000,16.2,3,16.1,3,16.2,30,1,2022-04-12 10:45:58
1649760359209818000,16.15,1,16.1,3,16.2,30,1,2022-04-12 10:45:59
1649760359749203000,16.2,10,16.1,3,16.2,20,1,2022-04-12 10:45:59
1649760360641880000,16.2,6,16.1,3,16.2,14,1,2022-04-12 10:46:00
1649760361794121000,16.2,1,16.1,3,16.2,13,1,2022-04-12 10:46:01
1649760361818620000,16.1,3,16.0,6,16.1,10,2,2022-04-12 10:46:01
1649760362009034000,16.1,4,16.0,6,16.1,6,1,2022-04-12 10:46:02
1649760362078637000,16.1,2,16.0,6,16.1,4,1,2022-04-12 10:46:02
1649760362765127000,16.1,1,16.0,6,16.1,3,1,2022-04-12 10:46:02
1649760363338344000,16.1,3,16.2,2,16.25,30,1,2022-04-12 10:46:03
1649760363363546000,16.2,2,16.0,8,16.25,30,2,2022-04-12 10:46:03
1649760371309397000,16.2,1,16.1,2,16.2,6,1,2022-04-12 10:46:11
1649760377223434000,16.2,1,16.1,2,16.2,10,1,2022-04-12 10:46:17
1649760377342284000,16.2,5,16.15,2,16.2,5,1,2022-04-12 10:46:17
1649760381880101000,16.15,2,16.1,5,16.2,9,2,2022-04-12 10:46:21
1649760383296211000,16.15,1,16.1,5,16.2,8,1,2022-04-12 10:46:23
1649760388530294000,16.15,1,16.1,9,16.2,12,1,2022-04-12 10:46:28
1649760390779028000,16.2,1,16.15,4,16.2,13,1,2022-04-12 10:46:30
1649760400891424000,16.2,1,16.15,7,16.2,14,1,2022-04-12 10:46:40
1649760401182078000,16.2,3,16.15,7,16.2,11,1,2022-04-12 10:46:41
1649760401461638000,16.2,2,16.15,7,16.2,9,1,2022-04-12 10:46:41
1649760402315923000,16.2,2,16.15,7,16.2,7,1,2022-04-12 10:46:42
1649760404773835000,16.2,1,16.15,7,16.2,6,1,2022-04-12 10:46:44
1649760404955528000,16.2,1,16.15,7,16.2,5,1,2022-04-12 10:46:44
1649760405555343000,16.2,5,16.15,7,16.25,40,1,2022-04-12 10:46:45
1649760406905616000,16.2,1,16.15,7,16.2,1,2,2022-04-12 10:46:46
1649760407885041000,16.2,1,16.15,6,16.25,40,1,2022-04-12 10:46:47
1649760410748093000,16.2,1,16.15,6,16.25,37,1,2022-04-12 10:46:50
1649760410748093000,16.25,3,16.15,6,16.25,37,1,2022-04-12 10:46:50
1649760411180907000,16.25,3,16.15,6,16.25,34,1,2022-04-12 10:46:51
1649760411201708000,16.25,2,16.15,6,16.25,32,1,2022-04-12 10:46:51
1649760418933493000,16.2,1,16.15,6,16.25,32,1,2022-04-12 10:46:58
1649760419025391000,16.25,1,16.15,6,16.25,31,1,2022-04-12 10:46:59
1649760443243595000,16.25,1,16.2,1,16.25,13,1,2022-04-12 10:47:23
1649760445894122000,16.25,10,16.2,4,16.25,3,1,2022-04-12 10:47:25
1649760446424358000,16.25,1,16.2,4,16.25,2,1,2022-04-12 10:47:26
1649760447011801000,16.25,1,16.2,4,16.25,1,1,2022-04-12 10:47:27
1649760447501493000,16.25,1,16.2,4,16.3,17,1,2022-04-12 10:47:27
1649760449430106000,16.25,1,16.2,4,16.3,17,2,2022-04-12 10:47:29
1649760456438013000,16.3,2,16.2,8,16.3,15,1,2022-04-12 10:47:36
1649760457949151000,16.3,2,16.25,1,16.3,13,1,2022-04-12 10:47:37
1649760466646492000,16.25,2,16.2,8,16.3,13,2,2022-04-12 10:47:46
1649760466646492000,16.2,1,16.2,8,16.3,13,2,2022-04-12 10:47:46
1649760472658312000,16.2,10,16.15,13,16.3,14,2,2022-04-12 10:47:52
1649760478807467000,16.2,3,16.1,3,16.25,10,2,2022-04-12 10:47:58
1649760478807467000,16.15,13,16.1,3,16.25,10,2,2022-04-12 10:47:58
1649760478807467000,16.1,4,16.1,3,16.25,10,2,2022-04-12 10:47:58
1649760481507429000,16.2,1,16.2,4,16.25,10,2,2022-04-12 10:48:01
1649760481515367000,16.2,2,16.2,2,16.25,10,2,2022-04-12 10:48:01
1649760481531190000,16.25,1,16.2,2,16.25,9,1,2022-04-12 10:48:01
1649760484249362000,16.2,1,16.2,1,16.25,8,2,2022-04-12 10:48:04
1649760486989391000,16.2,1,16.1,12,16.25,10,2,2022-04-12 10:48:06
1649760487105459000,16.1,2,16.1,10,16.25,10,2,2022-04-12 10:48:07
1649760488127517000,16.15,2,16.1,10,16.2,5,2,2022-04-12 10:48:08
1649760495890317000,16.15,1,16.1,4,16.2,7,1,2022-04-12 10:48:15
1649760495890317000,16.2,2,16.1,4,16.2,7,1,2022-04-12 10:48:15
1649760497572317000,16.1,3,16.05,8,16.1,7,2,2022-04-12 10:48:17
1649760500065554000,16.1,5,16.05,10,16.1,3,1,2022-04-12 10:48:20
1649760501814191000,16.1,1,16.05,10,16.1,2,1,2022-04-12 10:48:21
1649760501846074000,16.1,2,16.05,10,16.2,6,1,2022-04-12 10:48:21
1649760506076900000,16.1,1,16.05,8,16.1,3,1,2022-04-12 10:48:26
1649760506099522000,16.1,3,16.1,2,16.2,7,1,2022-04-12 10:48:26
1649760508127094000,16.1,1,16.1,3,16.2,7,2,2022-04-12 10:48:28
1649760508253767000,16.1,2,16.1,1,16.2,7,2,2022-04-12 10:48:28
1649760510842850000,16.1,1,16.05,8,16.2,7,2,2022-04-12 10:48:30
1649760518158998000,16.1,1,16.1,3,16.2,6,2,2022-04-12 10:48:38
1649760519164338000,16.1,1,16.1,2,16.2,7,2,2022-04-12 10:48:39
1649760523902246000,16.1,3,16.1,2,16.2,7,2,2022-04-12 10:48:43
1649760527356451000,16.15,2,16.15,2,16.2,7,1,2022-04-12 10:48:47
1649760533170227000,16.15,1,16.15,2,16.2,4,2,2022-04-12 10:48:53
1649760537813473000,16.15,1,16.15,1,16.2,6,2,2022-04-12 10:48:57
1649760539921535000,16.15,1,16.1,2,16.15,2,2,2022-04-12 10:48:59
1649760543978480000,16.15,1,16.1,2,16.15,3,1,2022-04-12 10:49:03
1649760553157699000,16.1,2,16.05,8,16.15,3,2,2022-04-12 10:49:13
1649760554076567000,16.15,4,16.15,2,16.2,6,1,2022-04-12 10:49:14
1649760554633405000,16.15,1,16.15,1,16.2,6,2,2022-04-12 10:49:14
1649760571419387000,16.1,8,16.1,2,16.15,8,2,2022-04-12 10:49:31
1649760578905216000,16.1,1,16.1,1,16.15,9,2,2022-04-12 10:49:38
1649760581537121000,16.1,1,16.05,6,16.15,9,2,2022-04-12 10:49:41
1649760591484730000,16.1,4,16.05,8,16.15,12,1,2022-04-12 10:49:51
1649760592773754000,16.1,1,16.1,2,16.15,12,1,2022-04-12 10:49:52
1649760596057962000,16.1,6,16.05,9,16.1,2,2,2022-04-12 10:49:56
1649760599296797000,16.1,2,16.05,9,16.15,8,1,2022-04-12 10:49:59
1649760599296797000,16.15,3,16.05,9,16.15,8,1,2022-04-12 10:49:59
1649760609267771000,16.15,7,16.1,10,16.15,1,1,2022-04-12 10:50:09
1649760609301807000,16.15,1,16.1,10,16.2,7,1,2022-04-12 10:50:09
1649760611145819000,16.1,2,16.1,8,16.2,7,2,2022-04-12 10:50:11
1649760623016898000,16.2,1,16.15,3,16.2,6,1,2022-04-12 10:50:23
1649760627143619000,16.15,2,16.15,1,16.2,6,2,2022-04-12 10:50:27
1649760640295962000,16.15,1,16.1,10,16.2,11,2,2022-04-12 10:50:40
1649760649888707000,16.15,2,16.1,9,16.2,11,2,2022-04-12 10:50:49
1649760656326479000,16.1,1,16.1,8,16.2,11,2,2022-04-12 10:50:56
1649760669784393000,16.1,1,16.1,12,16.2,11,2,2022-04-12 10:51:09
1649760687197621000,16.15,1,16.1,9,16.2,11,2,2022-04-12 10:51:27
1649760695464266000,16.15,1,16.1,9,16.2,10,2,2022-04-12 10:51:35
1649760707236378000,16.15,1,16.1,11,16.2,10,1,2022-04-12 10:51:47
1649760712967432000,16.1,1,16.1,10,16.2,10,2,2022-04-12 10:51:52
1649760726124437000,16.15,2,16.1,8,16.2,10,2,2022-04-12 10:52:06
1649760729307572000,16.15,1,16.1,8,16.2,10,1,2022-04-12 10:52:09
1649760735017559000,16.1,5,16.1,3,16.2,10,2,2022-04-12 10:52:15
1649760737986900000,16.15,1,16.1,3,16.2,10,2,2022-04-12 10:52:17
1649760749630303000,16.15,1,16.1,3,16.2,10,1,2022-04-12 10:52:29
1649760770325706000,16.2,10,16.15,11,16.25,20,1,2022-04-12 10:52:50
1649760783981634000,16.2,1,16.15,11,16.2,9,1,2022-04-12 10:53:03
1649760784373707000,16.2,5,16.15,11,16.2,4,1,2022-04-12 10:53:04
1649760785236130000,16.2,2,16.15,11,16.2,2,1,2022-04-12 10:53:05
1649760787140163000,16.2,1,16.15,10,16.2,1,1,2022-04-12 10:53:07
1649760791677229000,16.2,1,16.15,9,16.25,10,1,2022-04-12 10:53:11
1649760792196240000,16.25,10,16.15,9,16.3,5,1,2022-04-12 10:53:12
1649760801635567000,16.3,5,16.2,7,16.35,22,1,2022-04-12 10:53:21
1649760807229857000,16.35,1,16.3,7,16.35,21,1,2022-04-12 10:53:27
1649760808272946000,16.35,1,16.3,8,16.35,20,1,2022-04-12 10:53:28
1649760809139226000,16.35,1,16.3,9,16.35,19,1,2022-04-12 10:53:29
1649760809316665000,16.3,8,16.3,1,16.35,19,2,2022-04-12 10:53:29
1649760810051979000,16.35,1,16.3,1,16.35,18,1,2022-04-12 10:53:30
1649760811401975000,16.35,1,16.3,1,16.35,16,1,2022-04-12 10:53:31
1649760812007276000,16.35,5,16.3,1,16.35,11,1,2022-04-12 10:53:32
1649760812402358000,16.35,5,16.3,1,16.35,6,1,2022-04-12 10:53:32
1649760812922228000,16.35,1,16.3,2,16.35,5,1,2022-04-12 10:53:32
1649760814317962000,16.35,4,16.35,1,16.4,102,1,2022-04-12 10:53:34
1649760815380364000,16.35,1,16.3,3,16.4,102,2,2022-04-12 10:53:35
1649760817889053000,16.35,1,16.3,7,16.35,5,1,2022-04-12 10:53:37
1649760818703850000,16.35,2,16.3,7,16.35,4,1,2022-04-12 10:53:38
1649760820537049000,16.35,2,16.3,7,16.35,2,1,2022-04-12 10:53:40
1649760821721734000,16.3,1,16.3,6,16.35,2,2,2022-04-12 10:53:41
1649760824626115000,16.35,1,16.3,6,16.35,1,1,2022-04-12 10:53:44
1649760827525397000,16.35,1,16.3,6,16.4,102,1,2022-04-12 10:53:47
1649760831640977000,16.35,1,16.35,1,16.4,102,2,2022-04-12 10:53:51
1649760831866578000,16.4,30,16.35,1,16.4,72,1,2022-04-12 10:53:51
1649760831900803000,16.4,4,16.35,1,16.4,68,1,2022-04-12 10:53:51
1649760833824262000,16.4,1,16.35,1,16.4,67,1,2022-04-12 10:53:53
1649760834607244000,16.4,1,16.35,1,16.4,66,1,2022-04-12 10:53:54
1649760839624105000,16.4,10,16.35,14,16.4,56,1,2022-04-12 10:53:59
1649760842448831000,16.4,1,16.35,14,16.4,55,1,2022-04-12 10:54:02
1649760843242792000,16.4,2,16.35,14,16.4,53,1,2022-04-12 10:54:03
1649760846723093000,16.4,5,16.35,15,16.4,48,1,2022-04-12 10:54:06
1649760848839519000,16.4,1,16.35,15,16.4,47,1,2022-04-12 10:54:08
1649760850828540000,16.4,1,16.35,15,16.4,46,1,2022-04-12 10:54:10
1649760851494309000,16.4,5,16.35,15,16.4,41,1,2022-04-12 10:54:11
1649760851951049000,16.4,3,16.35,15,16.4,38,1,2022-04-12 10:54:11
1649760853377356000,16.4,3,16.35,15,16.4,35,1,2022-04-12 10:54:13
1649760854873060000,16.4,1,16.35,15,16.4,34,1,2022-04-12 10:54:14
1649760857783448000,16.4,1,16.35,15,16.4,33,1,2022-04-12 10:54:17
1649760862057374000,16.4,2,16.35,15,16.4,31,1,2022-04-12 10:54:22
1649760865125281000,16.4,1,16.35,29,16.4,30,1,2022-04-12 10:54:25
1649760867929560000,16.4,1,16.35,29,16.4,29,1,2022-04-12 10:54:27
1649760868345969000,16.4,1,16.35,29,16.4,28,1,2022-04-12 10:54:28
1649760869724715000,16.4,1,16.35,29,16.4,27,1,2022-04-12 10:54:29
1649760884724645000,16.4,3,16.35,32,16.4,25,1,2022-04-12 10:54:44
1649760885637869000,16.4,7,16.35,32,16.4,18,1,2022-04-12 10:54:45
1649760885989891000,16.4,7,16.35,32,16.4,11,1,2022-04-12 10:54:45
1649760886295522000,16.4,1,16.35,32,16.4,10,1,2022-04-12 10:54:46
1649760887611389000,16.4,5,16.35,32,16.4,5,1,2022-04-12 10:54:47
1649760889699160000,16.4,1,16.35,32,16.4,4,1,2022-04-12 10:54:49
1649760892009397000,16.4,1,16.35,32,16.4,8,1,2022-04-12 10:54:52
1649760894964116000,16.35,3,16.35,29,16.4,18,2,2022-04-12 10:54:54
1649760895951030000,16.35,2,16.35,12,16.4,18,2,2022-04-12 10:54:55
1649760898598591000,16.35,10,16.35,2,16.4,18,2,2022-04-12 10:54:58
1649760898946410000,16.35,2,16.3,1,16.4,18,2,2022-04-12 10:54:58
1649760901827255000,16.3,1,16.2,6,16.3,1,2,2022-04-12 10:55:01
1649760905145722000,16.3,1,16.2,6,16.3,1,1,2022-04-12 10:55:05
1649760914598291000,16.3,1,16.3,1,16.35,7,1,2022-04-12 10:55:14
1649760924562684000,16.3,1,16.3,3,16.35,8,2,2022-04-12 10:55:24
1649760931297873000,16.35,6,16.3,4,16.35,2,1,2022-04-12 10:55:31
1649760933816424000,16.35,1,16.3,4,16.35,1,1,2022-04-12 10:55:33
1649760937446161000,16.35,1,16.35,2,16.4,25,1,2022-04-12 10:55:37
1649760944908926000,16.35,2,16.3,4,16.35,2,2,2022-04-12 10:55:44
1649760948143439000,16.35,1,16.3,4,16.35,4,1,2022-04-12 10:55:48
1649760949980711000,16.35,2,16.3,4,16.35,2,1,2022-04-12 10:55:49
1649760954214586000,16.3,2,16.3,2,16.35,2,2,2022-04-12 10:55:54
1649760959132326000,16.3,1,16.3,1,16.35,4,2,2022-04-12 10:55:59
1649760974760134000,16.3,1,16.3,2,16.35,5,2,2022-04-12 10:56:14
1649760985290290000,16.3,1,16.3,1,16.35,5,2,2022-04-12 10:56:25
1649760992417653000,16.3,1,16.25,1,16.35,4,2,2022-04-12 10:56:32
1649761003442196000,16.3,2,16.25,4,16.3,1,2,2022-04-12 10:56:43
1649761011964337000,16.3,1,16.25,4,16.35,7,1,2022-04-12 10:56:51
1649761018712923000,16.35,1,16.3,1,16.35,6,1,2022-04-12 10:56:58
1649761032541624000,16.3,1,16.3,2,16.35,13,2,2022-04-12 10:57:12
1649761034181597000,16.35,10,16.3,3,16.35,3,1,2022-04-12 10:57:14
1649761034796942000,16.35,1,16.3,3,16.35,2,1,2022-04-12 10:57:14
1649761035363807000,16.3,1,16.3,2,16.35,2,2,2022-04-12 10:57:15
1649761036053169000,16.35,1,16.3,2,16.35,1,1,2022-04-12 10:57:16
1649761044730940000,16.35,1,16.35,4,16.4,31,1,2022-04-12 10:57:24
1649761048101813000,16.4,5,16.35,4,16.4,26,1,2022-04-12 10:57:28
1649761057184237000,16.35,2,16.35,2,16.4,27,2,2022-04-12 10:57:37
1649761061283016000,16.35,1,16.35,1,16.4,26,2,2022-04-12 10:57:41
1649761068974917000,16.35,2,16.3,5,16.4,28,2,2022-04-12 10:57:48
1649761072467299000,16.4,1,16.3,4,16.4,27,1,2022-04-12 10:57:52
1649761085635251000,16.35,1,16.3,4,16.4,23,1,2022-04-12 10:58:05
1649761085635251000,16.4,5,16.3,4,16.4,23,1,2022-04-12 10:58:05
1649761091120092000,16.35,1,16.35,1,16.4,23,2,2022-04-12 10:58:11
1649761109797295000,16.35,3,16.35,2,16.4,23,2,2022-04-12 10:58:29
1649761110698424000,16.35,2,16.3,6,16.4,23,2,2022-04-12 10:58:30
1649761111914690000,16.3,2,16.3,4,16.4,23,2,2022-04-12 10:58:31
1649761115233669000,16.3,1,16.3,3,16.4,23,2,2022-04-12 10:58:35
1649761126842967000,16.3,3,16.15,6,16.4,29,2,2022-04-12 10:58:46
1649761126842967000,16.25,3,16.15,6,16.4,29,2,2022-04-12 10:58:46
1649761126842967000,16.2,2,16.15,6,16.4,29,2,2022-04-12 10:58:46
1649761133645444000,16.4,1,16.15,5,16.4,28,1,2022-04-12 10:58:53
1649761134938359000,16.2,1,16.2,2,16.4,28,2,2022-04-12 10:58:54
1649761153072769000,16.2,2,16.2,2,16.35,9,2,2022-04-12 10:59:13
1649761172132900000,16.15,5,16.1,9,16.3,5,2,2022-04-12 10:59:32
1649761192656875000,16.15,1,16.1,9,16.3,8,1,2022-04-12 10:59:52
1649761215153611000,16.15,3,16.1,9,16.3,3,2,2022-04-12 11:00:15
1649761215153611000,16.1,1,16.1,9,16.3,3,2,2022-04-12 11:00:15
1649761215417635000,16.25,1,16.1,9,16.4,18,1,2022-04-12 11:00:15
1649761215417635000,16.3,3,16.1,9,16.4,18,1,2022-04-12 11:00:15
1649761215417635000,16.35,11,16.1,9,16.4,18,1,2022-04-12 11:00:15
1649761215417635000,16.4,17,16.1,9,16.4,18,1,2022-04-12 11:00:15
1649761230953745000,16.4,10,16.25,1,16.4,9,1,2022-04-12 11:00:30
1649761231948503000,16.4,1,16.25,1,16.4,8,1,2022-04-12 11:00:31
1649761232507879000,16.4,1,16.35,3,16.4,7,1,2022-04-12 11:00:32
1649761236724763000,16.4,7,16.45,44,16.5,45,1,2022-04-12 11:00:36
1649761236724763000,16.45,29,16.45,44,16.5,45,1,2022-04-12 11:00:36
1649761236922806000,16.5,6,16.45,53,16.5,39,1,2022-04-12 11:00:36
1649761237024651000,16.5,10,16.45,53,16.5,29,1,2022-04-12 11:00:37
1649761237029414000,16.5,29,16.45,53,16.55,24,1,2022-04-12 11:00:37
1649761237029414000,16.55,17,16.45,53,16.55,24,1,2022-04-12 11:00:37
1649761237035083000,16.55,4,16.45,53,16.55,20,1,2022-04-12 11:00:37
1649761237072990000,16.55,20,16.45,53,16.6,34,1,2022-04-12 11:00:37
1649761237072990000,16.6,52,16.45,53,16.6,34,1,2022-04-12 11:00:37
1649761237101210000,16.6,9,16.5,1,16.6,25,1,2022-04-12 11:00:37
1649761237116619000,16.6,20,16.5,1,16.6,5,1,2022-04-12 11:00:37
1649761237124398000,16.6,2,16.5,1,16.6,3,1,2022-04-12 11:00:37
1649761237135659000,16.6,3,16.5,1,16.65,414,1,2022-04-12 11:00:37
1649761237195172000,16.65,1,16.5,1,16.65,413,1,2022-04-12 11:00:37
1649761237243660000,16.65,2,16.5,1,16.65,411,1,2022-04-12 11:00:37
1649761237248701000,16.65,1,16.5,1,16.65,410,1,2022-04-12 11:00:37
1649761237273076000,16.65,2,16.5,1,16.65,408,1,2022-04-12 11:00:37
1649761237310315000,16.65,3,16.5,1,16.65,405,1,2022-04-12 11:00:37
1649761237327862000,16.65,5,16.5,1,16.65,400,1,2022-04-12 11:00:37
1649761237351444000,16.65,6,16.5,1,16.65,394,1,2022-04-12 11:00:37
1649761237372946000,16.65,5,16.5,1,16.65,389,1,2022-04-12 11:00:37
1649761237386653000,16.65,6,16.5,1,16.65,383,1,2022-04-12 11:00:37
1649761237391459000,16.65,5,16.5,1,16.65,378,1,2022-04-12 11:00:37
1649761237429295000,16.65,8,16.5,1,16.65,370,1,2022-04-12 11:00:37
1649761237430465000,16.65,1,16.5,1,16.65,369,1,2022-04-12 11:00:37
1649761237465495000,16.65,5,16.5,1,16.65,364,1,2022-04-12 11:00:37
1649761237836398000,16.65,12,16.5,1,16.65,352,1,2022-04-12 11:00:37
1649761243430776000,16.6,1,16.45,9,16.6,40,1,2022-04-12 11:00:43
1649761246959228000,16.45,1,16.45,8,16.6,52,2,2022-04-12 11:00:46
1649761247802866000,16.6,2,16.45,8,16.6,50,1,2022-04-12 11:00:47
1649761247832993000,16.6,1,16.5,5,16.6,49,1,2022-04-12 11:00:47
1649761248472720000,16.6,1,16.5,5,16.6,51,1,2022-04-12 11:00:48
1649761251396734000,16.45,5,16.45,3,16.6,52,2,2022-04-12 11:00:51
1649761253654811000,16.55,1,16.45,3,16.55,1,1,2022-04-12 11:00:53
1649761253749323000,16.55,1,16.45,3,16.6,52,1,2022-04-12 11:00:53
1649761260001666000,16.55,3,16.45,8,16.55,2,1,2022-04-12 11:01:00
1649761261564096000,16.55,1,16.5,1,16.55,1,1,2022-04-12 11:01:01
1649761264135836000,16.55,1,16.55,1,16.6,68,1,2022-04-12 11:01:04
1649761266244300000,16.6,1,16.55,1,16.6,67,1,2022-04-12 11:01:06
1649761266384035000,16.55,1,16.5,4,16.6,72,2,2022-04-12 11:01:06
1649761267159213000,16.6,2,16.55,1,16.6,70,1,2022-04-12 11:01:07
1649761267389284000,16.55,1,16.5,4,16.6,70,2,2022-04-12 11:01:07
1649761270479030000,16.6,35,16.5,4,16.6,35,1,2022-04-12 11:01:10
1649761271236719000,16.6,1,16.5,4,16.6,34,1,2022-04-12 11:01:11
1649761272723620000,16.55,1,16.5,4,16.6,34,1,2022-04-12 11:01:12
1649761275331660000,16.55,1,16.5,10,16.6,35,2,2022-04-12 11:01:15
1649761276508688000,16.6,1,16.5,10,16.6,34,1,2022-04-12 11:01:16
1649761281131864000,16.6,1,16.5,9,16.6,33,1,2022-04-12 11:01:21
1649761281716877000,16.5,4,16.5,5,16.6,33,2,2022-04-12 11:01:21
1649761283688716000,16.5,5,16.45,4,16.6,33,2,2022-04-12 11:01:23
1649761286287867000,16.6,2,16.5,1,16.6,32,1,2022-04-12 11:01:26
1649761292792278000,16.5,1,16.45,4,16.55,1,2,2022-04-12 11:01:32
1649761300368853000,16.55,2,16.45,4,16.55,2,1,2022-04-12 11:01:40
1649761305315721000,16.55,2,16.45,4,16.6,45,1,2022-04-12 11:01:45
1649761307961117000,16.6,1,16.45,5,16.6,40,1,2022-04-12 11:01:47
1649761316786327000,16.6,1,16.5,5,16.6,49,1,2022-04-12 11:01:56
1649761321043463000,16.55,1,16.5,5,16.6,49,1,2022-04-12 11:02:01
1649761324406271000,16.55,3,16.5,6,16.6,49,2,2022-04-12 11:02:04
1649761337596853000,16.55,1,16.5,7,16.55,1,1,2022-04-12 11:02:17
1649761347039614000,16.55,1,16.5,7,16.55,12,1,2022-04-12 11:02:27
1649761353083707000,16.5,1,16.5,1,16.55,18,2,2022-04-12 11:02:33
1649761362506836000,16.5,3,16.45,8,16.5,1,2,2022-04-12 11:02:42
1649761363025577000,16.5,1,16.45,8,16.55,18,1,2022-04-12 11:02:43
1649761365923610000,16.5,3,16.45,8,16.55,16,1,2022-04-12 11:02:45
1649761365923610000,16.55,2,16.45,8,16.55,16,1,2022-04-12 11:02:45
1649761368071709000,16.5,1,16.45,8,16.5,1,1,2022-04-12 11:02:48
1649761375579351000,16.5,1,16.45,9,16.55,31,1,2022-04-12 11:02:55
1649761375579351000,16.55,4,16.45,9,16.55,31,1,2022-04-12 11:02:55
1649761381535788000,16.5,1,16.45,11,16.5,4,2,2022-04-12 11:03:01
1649761383664671000,16.5,5,16.45,11,16.5,1,1,2022-04-12 11:03:03
1649761388668777000,16.45,4,16.45,7,16.5,21,2,2022-04-12 11:03:08
1649761392421211000,16.5,1,16.45,7,16.5,20,1,2022-04-12 11:03:12
1649761396503563000,16.5,1,16.45,7,16.5,19,1,2022-04-12 11:03:16
1649761397250819000,16.5,1,16.45,7,16.5,18,1,2022-04-12 11:03:17
1649761399144543000,16.5,2,16.45,10,16.5,17,1,2022-04-12 11:03:19
1649761399683612000,16.5,1,16.45,10,16.5,16,1,2022-04-12 11:03:19
1649761401898852000,16.5,10,16.45,10,16.5,6,1,2022-04-12 11:03:21
1649761403708726000,16.5,2,16.45,10,16.5,4,1,2022-04-12 11:03:23
1649761409128741000,16.5,2,16.45,9,16.5,3,1,2022-04-12 11:03:29
1649761412893804000,16.45,2,16.45,7,16.5,6,2,2022-04-12 11:03:32
1649761416039733000,16.45,1,16.45,6,16.5,6,2,2022-04-12 11:03:36
1649761439822383000,16.45,1,16.45,2,16.5,16,2,2022-04-12 11:03:59
1649761447736054000,16.5,1,16.45,2,16.5,15,1,2022-04-12 11:04:07
1649761459283755000,16.5,1,16.45,3,16.5,14,1,2022-04-12 11:04:19
1649761478118514000,16.45,3,16.4,13,16.45,7,2,2022-04-12 11:04:38
1649761480691598000,16.45,2,16.4,13,16.45,5,1,2022-04-12 11:04:40
1649761493652183000,16.45,1,16.4,13,16.45,5,1,2022-04-12 11:04:53
1649761500424258000,16.4,10,16.4,3,16.45,5,2,2022-04-12 11:05:00
1649761500482502000,16.45,2,16.4,3,16.45,3,1,2022-04-12 11:05:00
1649761503242379000,16.4,3,16.35,18,16.4,7,2,2022-04-12 11:05:03
1649761503298324000,16.4,5,16.35,18,16.4,2,1,2022-04-12 11:05:03
1649761504252201000,16.4,1,16.35,18,16.4,1,1,2022-04-12 11:05:04
1649761505111781000,16.35,10,16.35,8,16.4,1,2,2022-04-12 11:05:05
1649761507763935000,16.4,1,16.35,8,16.45,3,1,2022-04-12 11:05:07
1649761514254188000,16.35,10,16.3,25,16.4,10,2,2022-04-12 11:05:14
1649761514639617000,16.35,1,16.3,25,16.35,2,1,2022-04-12 11:05:14
1649761519288593000,16.35,1,16.3,25,16.35,3,1,2022-04-12 11:05:19
1649761521224484000,16.3,10,16.3,15,16.35,3,2,2022-04-12 11:05:21
1649761522537621000,16.3,10,16.3,5,16.35,3,2,2022-04-12 11:05:22
1649761523220095000,16.3,5,16.2,4,16.3,5,2,2022-04-12 11:05:23
1649761531013102000,16.3,2,16.2,4,16.3,3,1,2022-04-12 11:05:31
1649761533596998000,16.3,2,16.25,1,16.3,1,1,2022-04-12 11:05:33
1649761533826635000,16.3,1,16.3,19,16.35,3,1,2022-04-12 11:05:33
1649761535708783000,16.3,3,16.3,16,16.35,3,2,2022-04-12 11:05:35
1649761553402865000,16.3,1,16.3,16,16.35,13,2,2022-04-12 11:05:53
1649761555780829000,16.35,3,16.3,16,16.35,10,1,2022-04-12 11:05:55
1649761557766074000,16.3,10,16.3,6,16.35,10,2,2022-04-12 11:05:57
1649761559204752000,16.3,6,16.2,13,16.3,4,2,2022-04-12 11:05:59
1649761559472600000,16.3,4,16.2,13,16.35,9,1,2022-04-12 11:05:59
1649761559472600000,16.35,1,16.2,13,16.35,9,1,2022-04-12 11:05:59
1649761565068895000,16.3,1,16.3,6,16.35,19,2,2022-04-12 11:06:05
1649761578340272000,16.3,7,16.2,13,16.3,3,2,2022-04-12 11:06:18
1649761585407123000,16.2,10,16.2,3,16.3,4,2,2022-04-12 11:06:25
1649761592023927000,16.25,1,16.25,4,16.3,4,2,2022-04-12 11:06:32
1649761592476431000,16.3,4,16.3,1,16.35,19,1,2022-04-12 11:06:32
1649761595424412000,16.3,1,16.25,4,16.35,19,2,2022-04-12 11:06:35
1649761602448199000,16.35,1,16.3,1,16.35,18,1,2022-04-12 11:06:42
1649761607314587000,16.3,1,16.25,14,16.35,18,2,2022-04-12 11:06:47
1649761631917951000,16.3,1,16.3,7,16.35,38,2,2022-04-12 11:07:11
1649761641131138000,16.35,2,16.3,3,16.35,36,1,2022-04-12 11:07:21
1649761643008158000,16.3,1,16.3,2,16.35,36,2,2022-04-12 11:07:23
1649761649246144000,16.35,2,16.3,2,16.35,4,1,2022-04-12 11:07:29
1649761657157039000,16.35,1,16.3,3,16.35,3,1,2022-04-12 11:07:37
1649761679990343000,16.3,4,16.25,17,16.35,54,2,2022-04-12 11:07:59
1649761680524648000,16.35,3,16.25,17,16.35,51,1,2022-04-12 11:08:00
1649761684424984000,16.3,1,16.25,17,16.35,51,1,2022-04-12 11:08:04
1649761699097871000,16.3,3,16.3,7,16.35,52,1,2022-04-12 11:08:19
1649761700221107000,16.3,1,16.3,6,16.35,52,2,2022-04-12 11:08:20
1649761703850648000,16.3,5,16.3,2,16.35,52,2,2022-04-12 11:08:23
1649761710582489000,16.35,1,16.3,2,16.35,4,1,2022-04-12 11:08:30
1649761713911697000,16.3,2,16.25,3,16.35,4,2,2022-04-12 11:08:33
1649761725950004000,16.3,1,16.25,3,16.35,4,2,2022-04-12 11:08:45
1649761763712007000,16.35,5,16.3,11,16.4,10,1,2022-04-12 11:09:23
1649761844366811000,16.4,5,16.35,1,16.4,5,1,2022-04-12 11:10:44
1649761859830364000,16.4,1,16.35,5,16.4,4,1,2022-04-12 11:10:59
1649761860304877000,16.4,1,16.35,5,16.4,3,1,2022-04-12 11:11:00
1649761860888337000,16.4,1,16.35,5,16.4,2,1,2022-04-12 11:11:00
1649761861623154000,16.4,1,16.35,5,16.4,1,1,2022-04-12 11:11:01
1649761862797375000,16.4,1,16.35,7,16.45,9,1,2022-04-12 11:11:02
1649761881067349000,16.45,3,16.4,5,16.45,6,1,2022-04-12 11:11:21
1649761881360518000,16.45,6,16.4,5,16.6,81,1,2022-04-12 11:11:21
1649761881360518000,16.5,22,16.4,5,16.6,81,1,2022-04-12 11:11:21
1649761881360518000,16.55,39,16.4,5,16.6,81,1,2022-04-12 11:11:21
1649761881360518000,16.6,43,16.4,5,16.6,81,1,2022-04-12 11:11:21
1649761884159165000,16.6,10,16.45,5,16.6,71,1,2022-04-12 11:11:24
1649761884659517000,16.6,15,16.5,1,16.6,56,1,2022-04-12 11:11:24
1649761886615934000,16.6,15,16.5,1,16.6,41,1,2022-04-12 11:11:26
1649761891862231000,16.55,1,16.5,4,16.6,45,1,2022-04-12 11:11:31
1649761891862231000,16.6,1,16.5,4,16.6,45,1,2022-04-12 11:11:31
1649761913886603000,16.55,1,16.5,3,16.6,51,2,2022-04-12 11:11:53
1649761923724171000,16.5,5,16.45,10,16.5,5,2,2022-04-12 11:12:03
1649761924466952000,16.5,4,16.45,6,16.5,1,1,2022-04-12 11:12:04
1649761927651832000,16.5,1,16.45,6,16.55,4,1,2022-04-12 11:12:07
1649761943180514000,16.45,8,16.15,15,16.2,3,2,2022-04-12 11:12:23
1649761943180514000,16.4,2,16.15,15,16.2,3,2,2022-04-12 11:12:23
1649761943180514000,16.35,6,16.15,15,16.2,3,2,2022-04-12 11:12:23
1649761943180514000,16.3,7,16.15,15,16.2,3,2,2022-04-12 11:12:23
1649761943180514000,16.25,15,16.15,15,16.2,3,2,2022-04-12 11:12:23
1649761943180514000,16.2,19,16.15,15,16.2,3,2,2022-04-12 11:12:23
1649761943209821000,16.2,3,16.15,15,16.55,5,1,2022-04-12 11:12:23
1649761994917711000,16.3,1,16.25,5,16.35,51,1,2022-04-12 11:13:14
1649761994917711000,16.35,9,16.25,5,16.35,51,1,2022-04-12 11:13:14
1649761996708442000,16.35,2,16.25,6,16.35,49,1,2022-04-12 11:13:16
1649762015635129000,16.35,1,16.25,8,16.35,48,1,2022-04-12 11:13:35
1649762019481297000,16.35,1,16.25,8,16.35,47,1,2022-04-12 11:13:39
1649762025601551000,16.35,1,16.25,8,16.35,46,1,2022-04-12 11:13:45
1649762035420129000,16.25,8,16.15,16,16.2,2,2,2022-04-12 11:13:55
1649762035420129000,16.2,25,16.15,16,16.2,2,2,2022-04-12 11:13:55
1649762035500817000,16.2,1,16.15,16,16.2,1,1,2022-04-12 11:13:55
1649762045793218000,16.2,1,16.15,16,16.35,46,1,2022-04-12 11:14:05
1649762088251821000,16.25,1,16.25,2,16.3,7,2,2022-04-12 11:14:48
1649762118235575000,16.25,4,16.2,6,16.25,26,2,2022-04-12 11:15:18
1649762124659986000,16.25,3,16.2,6,16.25,23,1,2022-04-12 11:15:24
1649762124882818000,16.2,5,16.2,1,16.25,23,2,2022-04-12 11:15:24
1649762124962492000,16.2,1,16.15,15,16.25,23,2,2022-04-12 11:15:24
1649762124962492000,16.15,4,16.15,15,16.25,23,2,2022-04-12 11:15:24
1649762129473703000,16.15,10,16.15,5,16.25,23,2,2022-04-12 11:15:29
1649762167599548000,16.2,2,16.15,8,16.25,23,2,2022-04-12 11:16:07
1649762179035769000,16.2,1,16.15,9,16.2,1,1,2022-04-12 11:16:19
1649762187905284000,16.2,1,16.15,9,16.25,23,1,2022-04-12 11:16:27
1649762229145916000,16.2,1,16.15,9,16.2,9,2,2022-04-12 11:17:09
1649762243217064000,16.15,9,16.1,16,16.15,14,2,2022-04-12 11:17:23
1649762263142455000,16.15,1,16.1,16,16.15,13,1,2022-04-12 11:17:43
1649762265223836000,16.1,9,16.1,7,16.15,13,2,2022-04-12 11:17:45
1649762268906015000,16.1,1,16.1,6,16.15,13,2,2022-04-12 11:17:48
1649762276483620000,16.1,1,16.1,5,16.15,13,2,2022-04-12 11:17:56
1649762289402434000,16.15,1,16.1,6,16.15,12,1,2022-04-12 11:18:09
1649762298071008000,16.1,1,16.1,5,16.15,12,2,2022-04-12 11:18:18
1649762345410925000,16.15,1,16.1,10,16.15,11,1,2022-04-12 11:19:05
1649762347807635000,16.15,1,16.1,10,16.15,10,1,2022-04-12 11:19:07
1649762348117056000,16.15,5,16.1,10,16.15,5,1,2022-04-12 11:19:08
1649762348143910000,16.15,5,16.1,10,16.3,3,1,2022-04-12 11:19:08
1649762360932059000,16.25,1,16.15,6,16.3,3,1,2022-04-12 11:19:20
1649762373506946000,16.25,1,16.25,2,16.3,3,2,2022-04-12 11:19:33
1649762378426409000,16.25,1,16.25,1,16.3,3,2,2022-04-12 11:19:38
1649762378455921000,16.25,1,16.2,1,16.3,3,2,2022-04-12 11:19:38
1649762384947530000,16.3,3,16.2,2,16.35,46,1,2022-04-12 11:19:44
1649762392257577000,16.3,1,16.3,1,16.35,46,1,2022-04-12 11:19:52
1649762397353570000,16.3,1,16.2,1,16.35,46,2,2022-04-12 11:19:57
1649762404645459000,16.3,1,16.3,6,16.35,46,1,2022-04-12 11:20:04
1649762413159245000,16.35,1,16.3,7,16.35,45,1,2022-04-12 11:20:13
1649762424184028000,16.35,1,16.3,6,16.35,44,1,2022-04-12 11:20:24
1649762424828528000,16.3,1,16.3,5,16.35,44,2,2022-04-12 11:20:24
1649762426880241000,16.3,5,16.2,3,16.35,44,2,2022-04-12 11:20:26
1649762429163565000,16.35,1,16.2,3,16.35,43,1,2022-04-12 11:20:29
1649762491200285000,16.3,1,16.25,1,16.35,55,1,2022-04-12 11:21:31
1649762491585225000,16.35,1,16.2,3,16.35,54,1,2022-04-12 11:21:31
1649762537463898000,16.25,3,16.25,5,16.3,5,2,2022-04-12 11:22:17
1649762538519978000,16.25,1,16.25,4,16.3,4,2,2022-04-12 11:22:18
1649762539392140000,16.3,2,16.25,4,16.3,2,1,2022-04-12 11:22:19
1649762549105546000,16.3,1,16.25,4,16.3,1,1,2022-04-12 11:22:29
1649762558095454000,16.3,3,16.25,4,16.3,1,1,2022-04-12 11:22:38
1649762580074780000,16.3,1,16.25,4,16.3,1,1,2022-04-12 11:23:00
1649762645256427000,16.3,1,16.3,29,16.35,44,1,2022-04-12 11:24:05
1649762656761972000,16.3,3,16.3,26,16.35,44,2,2022-04-12 11:24:16
1649762671671425000,16.3,1,16.3,25,16.35,44,2,2022-04-12 11:24:31
1649762697331997000,16.3,1,16.3,24,16.35,44,2,2022-04-12 11:24:57
1649762729359653000,16.35,2,16.3,25,16.35,42,1,2022-04-12 11:25:29
1649762750698889000,16.3,3,16.3,23,16.35,42,2,2022-04-12 11:25:50
1649762755481492000,16.35,2,16.3,23,16.35,40,1,2022-04-12 11:25:55
1649762761644224000,16.3,20,16.3,3,16.35,40,2,2022-04-12 11:26:01
1649762768629528000,16.3,3,16.25,9,16.35,40,2,2022-04-12 11:26:08
1649762770154184000,16.35,2,16.25,9,16.35,38,1,2022-04-12 11:26:10
1649762774537983000,16.35,5,16.25,9,16.35,33,1,2022-04-12 11:26:14
1649762777138375000,16.3,2,16.25,9,16.35,33,1,2022-04-12 11:26:17
1649762788636403000,16.35,8,16.25,9,16.35,25,1,2022-04-12 11:26:28
1649762794793038000,16.3,2,16.25,10,16.3,3,2,2022-04-12 11:26:34
1649762807312648000,16.3,3,16.25,10,16.35,25,1,2022-04-12 11:26:47
1649762851072556000,16.3,1,16.3,2,16.35,123,2,2022-04-12 11:27:31
1649762869689859000,16.3,2,16.25,9,16.35,123,2,2022-04-12 11:27:49
1649762882044903000,16.25,8,16.25,1,16.3,11,2,2022-04-12 11:28:02
1649762882078807000,16.25,1,16.2,3,16.3,11,2,2022-04-12 11:28:02
1649762904153750000,16.2,4,16.15,6,16.3,11,2,2022-04-12 11:28:24
1649762956335626000,16.2,6,16.2,1,16.3,12,2,2022-04-12 11:29:16
1649763070944738000,16.3,2,16.2,3,16.3,10,1,2022-04-12 11:31:10
1649763091881183000,16.3,6,16.2,3,16.3,4,1,2022-04-12 11:31:31
1649763099629374000,16.3,4,16.3,5,16.35,35,1,2022-04-12 11:31:39
1649763116651614000,16.35,1,16.3,5,16.35,33,1,2022-04-12 11:31:56
1649763151727245000,16.3,7,16.2,3,16.3,53,2,2022-04-12 11:32:31
1649763204948628000,16.25,1,16.0,44,16.05,14,2,2022-04-12 11:33:24
1649763204948628000,16.2,2,16.0,44,16.05,14,2,2022-04-12 11:33:24
1649763204948628000,16.15,4,16.0,44,16.05,14,2,2022-04-12 11:33:24
1649763204948628000,16.1,21,16.0,44,16.05,14,2,2022-04-12 11:33:24
1649763204948628000,16.05,18,16.0,44,16.05,14,2,2022-04-12 11:33:24
1649763213561627000,16.0,5,16.0,39,16.05,14,2,2022-04-12 11:33:33
1649763213591428000,16.0,1,16.0,38,16.05,14,2,2022-04-12 11:33:33
1649763218932953000,16.05,1,16.0,40,16.05,13,1,2022-04-12 11:33:38
1649763219799140000,16.05,1,16.0,40,16.05,12,1,2022-04-12 11:33:39
1649763236090775000,16.05,10,16.0,40,16.05,2,1,2022-04-12 11:33:56
1649763239368466000,16.05,2,16.05,2,16.2,2,2,2022-04-12 11:33:59
1649763240125262000,16.05,2,16.0,32,16.1,1,2,2022-04-12 11:34:00
1649763240125262000,16.0,8,16.0,32,16.1,1,2,2022-04-12 11:34:00
1649763245120537000,16.1,1,16.05,1,16.15,2,1,2022-04-12 11:34:05
1649763245252205000,16.05,1,16.0,12,16.05,4,2,2022-04-12 11:34:05
1649763250796832000,16.05,4,16.0,8,16.15,2,1,2022-04-12 11:34:10
1649763251027443000,16.0,1,16.0,7,16.15,2,2,2022-04-12 11:34:11
1649763330187252000,16.1,1,16.1,1,16.15,11,2,2022-04-12 11:35:30
1649763341677345000,16.1,2,16.05,5,16.1,5,2,2022-04-12 11:35:41
1649763345647045000,16.1,1,16.05,5,16.1,4,1,2022-04-12 11:35:45
1649763349655108000,16.05,1,16.05,3,16.1,4,2,2022-04-12 11:35:49
1649763350792048000,16.1,1,16.05,3,16.1,3,1,2022-04-12 11:35:50
1649763354574988000,16.05,3,16.05,1,16.1,3,2,2022-04-12 11:35:54
1649763383254614000,16.05,1,16.05,3,16.1,3,2,2022-04-12 11:36:23
1649763402651101000,16.1,1,16.05,4,16.1,2,1,2022-04-12 11:36:42
1649763403994073000,16.05,2,16.05,2,16.1,2,2,2022-04-12 11:36:43
1649763430432936000,16.05,1,16.05,2,16.1,2,2,2022-04-12 11:37:10
1649763480781817000,16.05,5,16.05,8,16.1,2,2,2022-04-12 11:38:00
1649763485847907000,16.05,1,16.05,7,16.1,2,2,2022-04-12 11:38:05
1649763490112977000,16.05,1,16.05,6,16.1,2,2,2022-04-12 11:38:10
1649763493881870000,16.05,4,16.05,2,16.1,2,2,2022-04-12 11:38:13
1649763502632485000,16.1,2,16.05,79,16.15,4,1,2022-04-12 11:38:22
1649763505029490000,16.05,1,16.05,78,16.15,2,2,2022-04-12 11:38:25
1649763531552241000,16.15,2,16.05,78,16.2,4,1,2022-04-12 11:38:51
1649763547692923000,16.1,5,16.05,78,16.2,4,2,2022-04-12 11:39:07
1649763551862274000,16.05,35,16.05,43,16.2,4,2,2022-04-12 11:39:11
1649763553811841000,16.05,35,16.05,8,16.2,4,2,2022-04-12 11:39:13
1649763553839269000,16.05,8,16.0,12,16.2,4,2,2022-04-12 11:39:13
1649763572494685000,16.0,10,16.0,3,16.15,2,2,2022-04-12 11:39:32
1649763578029610000,16.0,4,15.95,23,16.1,5,2,2022-04-12 11:39:38
1649763578157195000,15.95,3,15.95,20,16.05,1,2,2022-04-12 11:39:38
1649763589595143000,15.95,1,15.95,19,16.1,15,2,2022-04-12 11:39:49
1649763593813729000,16.0,1,15.95,19,16.1,15,2,2022-04-12 11:39:53
1649763605078384000,16.0,2,15.95,19,16.0,2,1,2022-04-12 11:40:05
1649763636105020000,16.0,2,15.95,19,16.0,4,1,2022-04-12 11:40:36
1649763639033515000,16.0,2,15.95,19,16.0,2,1,2022-04-12 11:40:39
1649763641887011000,16.0,1,15.95,19,16.0,1,1,2022-04-12 11:40:41
1649763642398392000,16.0,1,16.0,29,16.05,2,1,2022-04-12 11:40:42
1649763675350134000,16.1,2,16.05,1,16.1,8,1,2022-04-12 11:41:15
1649763678710826000,16.1,5,16.05,1,16.1,3,1,2022-04-12 11:41:18
1649763687198360000,16.1,1,16.05,12,16.1,2,1,2022-04-12 11:41:27
1649763687566467000,16.1,2,16.05,12,16.15,1,1,2022-04-12 11:41:27
1649763691785991000,16.15,1,16.15,9,16.2,3,1,2022-04-12 11:41:31
1649763712328784000,16.15,1,16.15,9,16.2,3,2,2022-04-12 11:41:52
1649763722065924000,16.15,1,16.15,8,16.2,2,2,2022-04-12 11:42:02
1649763728922479000,16.15,1,16.15,7,16.2,2,2,2022-04-12 11:42:08
1649763744279098000,16.15,1,16.15,6,16.2,2,2,2022-04-12 11:42:24
1649763749584870000,16.15,5,16.15,1,16.2,2,2,2022-04-12 11:42:29
1649763749618291000,16.15,1,16.1,11,16.2,2,2,2022-04-12 11:42:29
1649763771608504000,16.15,2,16.1,11,16.2,2,1,2022-04-12 11:42:51
1649763977476630000,16.15,2,16.1,14,16.15,18,1,2022-04-12 11:46:17
1649763983559284000,16.1,14,16.05,7,16.15,18,2,2022-04-12 11:46:23
1649763983559284000,16.05,6,16.05,7,16.15,18,2,2022-04-12 11:46:23
1649763996468450000,16.05,1,16.05,6,16.1,1,2,2022-04-12 11:46:36
1649764003866287000,16.05,6,16.0,6,16.05,4,2,2022-04-12 11:46:43
1649764006796664000,16.05,4,16.05,6,16.1,1,1,2022-04-12 11:46:46
1649764025838474000,16.1,1,16.05,6,16.15,17,1,2022-04-12 11:47:05
1649764025838474000,16.15,1,16.05,6,16.15,17,1,2022-04-12 11:47:05
1649764046872071000,16.15,3,16.05,6,16.15,14,1,2022-04-12 11:47:26
1649764076083009000,16.1,1,16.05,6,16.15,14,2,2022-04-12 11:47:56
1649764102562469000,16.1,3,16.05,4,16.15,14,2,2022-04-12 11:48:22
1649764102562469000,16.05,2,16.05,4,16.15,14,2,2022-04-12 11:48:22
1649764107911698000,16.1,1,16.0,7,16.15,14,2,2022-04-12 11:48:27
1649764107911698000,16.05,4,16.0,7,16.15,14,2,2022-04-12 11:48:27
1649764119819793000,16.1,1,16.0,8,16.15,14,1,2022-04-12 11:48:39
1649764141158570000,16.15,1,16.0,8,16.15,13,1,2022-04-12 11:49:01
1649764165920549000,16.15,1,16.0,9,16.15,12,1,2022-04-12 11:49:25
1649764189623729000,16.15,10,16.05,1,16.15,2,1,2022-04-12 11:49:49
1649764196936407000,16.15,1,16.1,11,16.15,1,1,2022-04-12 11:49:56
1649764199827713000,16.15,1,16.1,10,16.2,6,1,2022-04-12 11:49:59
1649764272894444000,16.15,1,16.15,3,16.2,5,2,2022-04-12 11:51:12
1649764279619168000,16.2,1,16.15,2,16.2,4,1,2022-04-12 11:51:19
1649764293075144000,16.2,1,16.15,7,16.2,3,1,2022-04-12 11:51:33
1649764304033209000,16.2,3,16.2,2,16.25,16,1,2022-04-12 11:51:44
1649764306929934000,16.25,10,16.2,2,16.25,6,1,2022-04-12 11:51:46
1649764308071474000,16.2,2,16.15,7,16.2,4,2,2022-04-12 11:51:48
1649764324549429000,16.2,1,16.15,7,16.2,3,1,2022-04-12 11:52:04
1649764331786032000,16.2,1,16.15,7,16.2,2,1,2022-04-12 11:52:11
1649764334624395000,16.2,1,16.15,7,16.2,1,1,2022-04-12 11:52:14
1649764337235398000,16.2,1,16.15,6,16.25,7,1,2022-04-12 11:52:17
1649764387659207000,16.2,1,16.15,8,16.25,12,1,2022-04-12 11:53:07
1649764409285534000,16.2,1,16.15,8,16.2,1,1,2022-04-12 11:53:29
1649764415589999000,16.2,1,16.15,9,16.25,11,1,2022-04-12 11:53:35
1649764422190562000,16.2,1,16.15,9,16.25,11,1,2022-04-12 11:53:42
1649764554990669000,16.2,1,16.15,5,16.2,5,1,2022-04-12 11:55:54
1649764556821475000,16.2,1,16.15,5,16.2,4,1,2022-04-12 11:55:56
1649764565406339000,16.2,1,16.15,6,16.2,3,1,2022-04-12 11:56:05
1649764566421581000,16.2,2,16.15,6,16.2,1,1,2022-04-12 11:56:06
1649764612989024000,16.2,3,16.15,6,16.25,11,1,2022-04-12 11:56:52
1649764724786744000,16.25,1,16.15,6,16.25,10,1,2022-04-12 11:58:44
1649764756921218000,16.25,10,16.2,6,16.3,20,1,2022-04-12 11:59:16
1649764770397941000,16.3,1,16.2,6,16.3,19,1,2022-04-12 11:59:30
1649764773857784000,16.2,1,16.2,6,16.3,19,2,2022-04-12 11:59:33
1649764788451901000,16.3,1,16.2,7,16.3,17,1,2022-04-12 11:59:48
1649764852191834000,16.3,2,16.25,1,16.3,22,1,2022-04-12 12:00:52
1649764888562082000,16.3,1,16.25,2,16.3,19,1,2022-04-12 12:01:28
1649764893887847000,16.3,2,16.25,2,16.3,17,1,2022-04-12 12:01:33
1649764938676585000,16.25,1,16.25,8,16.3,34,2,2022-04-12 12:02:18
1649764948065558000,16.25,1,16.25,7,16.3,34,2,2022-04-12 12:02:28
1649764950774054000,16.25,7,16.2,8,16.25,8,2,2022-04-12 12:02:30
1649764956216902000,16.2,1,16.2,7,16.25,13,2,2022-04-12 12:02:36
1649764959021882000,16.2,7,16.15,5,16.25,13,2,2022-04-12 12:02:39
1649764975003613000,16.2,1,16.15,5,16.2,7,1,2022-04-12 12:02:55
1649764982659336000,16.2,2,16.15,5,16.2,5,1,2022-04-12 12:03:02
1649765008412123000,16.2,5,16.15,5,16.3,24,1,2022-04-12 12:03:28
1649765008412123000,16.25,5,16.15,5,16.3,24,1,2022-04-12 12:03:28
1649765016919668000,16.25,1,16.15,5,16.3,24,1,2022-04-12 12:03:36
1649765069444292000,16.25,1,16.15,15,16.3,28,1,2022-04-12 12:04:29
1649765069444292000,16.3,1,16.15,15,16.3,28,1,2022-04-12 12:04:29
1649765088095059000,16.3,1,16.25,1,16.3,27,1,2022-04-12 12:04:48
1649765092263469000,16.3,1,16.15,15,16.3,26,1,2022-04-12 12:04:52
1649765096676375000,16.3,20,16.15,15,16.3,4,1,2022-04-12 12:04:56
1649765106476818000,16.3,1,16.25,2,16.3,3,1,2022-04-12 12:05:06
1649765107771341000,16.3,3,16.25,2,16.35,32,1,2022-04-12 12:05:07
1649765107771341000,16.35,12,16.25,2,16.35,32,1,2022-04-12 12:05:07
1649765109346648000,16.35,1,16.25,2,16.35,31,1,2022-04-12 12:05:09
1649765126310402000,16.35,20,16.3,1,16.35,11,1,2022-04-12 12:05:26
1649765140074752000,16.35,1,16.3,2,16.35,7,1,2022-04-12 12:05:40
1649765143282957000,16.35,2,16.3,2,16.35,1,1,2022-04-12 12:05:43
1649765152754040000,16.35,2,16.3,2,16.4,13,1,2022-04-12 12:05:52
1649765152754040000,16.4,1,16.3,2,16.4,13,1,2022-04-12 12:05:52
1649765166153058000,16.35,1,16.35,1,16.4,13,2,2022-04-12 12:06:06
1649765187768845000,16.35,2,16.3,2,16.35,2,2,2022-04-12 12:06:27
1649765192154633000,16.35,1,16.3,2,16.35,1,1,2022-04-12 12:06:32
1649765192466092000,16.35,1,16.35,3,16.4,13,1,2022-04-12 12:06:32
1649765218410377000,16.4,1,16.35,9,16.4,18,1,2022-04-12 12:06:58
1649765224013441000,16.4,5,16.35,9,16.4,13,1,2022-04-12 12:07:04
1649765227982520000,16.4,1,16.35,9,16.4,12,1,2022-04-12 12:07:07
1649765249838025000,16.35,9,16.3,7,16.35,1,2,2022-04-12 12:07:29
1649765252543892000,16.35,1,16.3,7,16.4,12,1,2022-04-12 12:07:32
1649765257305811000,16.35,1,16.3,7,16.35,4,1,2022-04-12 12:07:37
1649765269211643000,16.35,3,16.3,7,16.35,1,1,2022-04-12 12:07:49
1649765279313113000,16.35,1,16.3,7,16.4,12,1,2022-04-12 12:07:59
1649765288978520000,16.35,2,16.35,18,16.4,12,1,2022-04-12 12:08:08
1649765316235281000,16.35,18,16.3,7,16.4,16,2,2022-04-12 12:08:36
1649765345297917000,16.3,1,16.3,6,16.35,1,2,2022-04-12 12:09:05
1649765355553894000,16.3,2,16.3,4,16.35,20,2,2022-04-12 12:09:15
1649765357795620000,16.3,1,16.3,3,16.35,19,2,2022-04-12 12:09:17
1649765370404153000,16.35,1,16.3,3,16.35,18,1,2022-04-12 12:09:30
1649765420641285000,16.35,1,16.3,3,16.35,23,1,2022-04-12 12:10:20
1649765430781165000,16.3,3,16.2,13,16.3,3,2,2022-04-12 12:10:30
1649765435512787000,16.3,3,16.3,7,16.35,17,1,2022-04-12 12:10:35
1649765479907240000,16.3,5,16.3,5,16.35,27,2,2022-04-12 12:11:19
1649765487145911000,16.3,1,16.3,4,16.35,27,2,2022-04-12 12:11:27
1649765497901445000,16.3,4,16.2,19,16.3,1,2,2022-04-12 12:11:37
1649765516279075000,16.2,19,16.15,43,16.2,11,2,2022-04-12 12:11:56
1649765524498403000,16.15,10,16.15,33,16.2,11,2,2022-04-12 12:12:04
1649765532911822000,16.15,30,16.15,2,16.2,26,2,2022-04-12 12:12:12
1649765561827246000,16.15,2,16.15,1,16.2,26,2,2022-04-12 12:12:41
1649765581184540000,16.15,1,16.0,33,16.2,29,2,2022-04-12 12:13:01
1649765581184540000,16.1,14,16.0,33,16.2,29,2,2022-04-12 12:13:01
1649765581184540000,16.05,27,16.0,33,16.2,29,2,2022-04-12 12:13:01
1649765581184540000,16.0,8,16.0,33,16.2,29,2,2022-04-12 12:13:01
1649765605530332000,16.05,10,16.0,36,16.05,10,2,2022-04-12 12:13:25
1649765607671227000,16.05,10,16.1,20,16.15,2,1,2022-04-12 12:13:27
1649765625010860000,16.15,2,16.1,20,16.2,30,1,2022-04-12 12:13:45
1649765644178119000,16.1,1,16.05,24,16.2,30,1,2022-04-12 12:14:04
1649765664921124000,16.15,10,16.1,15,16.2,19,2,2022-04-12 12:14:24
1649765705743158000,16.1,1,16.1,14,16.2,21,2,2022-04-12 12:15:05
1649765725854272000,16.15,1,16.15,1,16.2,21,2,2022-04-12 12:15:25
1649765745684869000,16.15,1,16.1,14,16.2,20,2,2022-04-12 12:15:45
1649765775560133000,16.1,8,16.1,6,16.2,20,2,2022-04-12 12:16:15
1649765795729035000,16.1,1,16.1,5,16.15,1,2,2022-04-12 12:16:35
1649765806839891000,16.1,1,16.1,9,16.15,1,2,2022-04-12 12:16:46
1649765898491966000,16.1,9,16.05,20,16.1,1,2,2022-04-12 12:18:18
1649765917585199000,16.1,1,16.1,1,16.15,4,1,2022-04-12 12:18:37
1649765930368585000,16.1,1,16.05,20,16.1,1,2,2022-04-12 12:18:50
1649765974235320000,16.1,1,16.05,21,16.15,4,1,2022-04-12 12:19:34
1649765974903145000,16.15,2,16.05,21,16.15,2,1,2022-04-12 12:19:34
1649765997448653000,16.15,2,16.1,26,16.2,20,1,2022-04-12 12:19:57
1649765997448653000,16.2,1,16.1,26,16.2,20,1,2022-04-12 12:19:57
1649766007629986000,16.2,1,16.1,26,16.2,19,1,2022-04-12 12:20:07
1649766013990340000,16.2,10,16.15,10,16.2,11,1,2022-04-12 12:20:13
1649766014383130000,16.2,1,16.15,10,16.2,10,1,2022-04-12 12:20:14
1649766015721621000,16.2,10,16.15,10,16.25,33,1,2022-04-12 12:20:15
1649766050343595000,16.2,1,16.2,3,16.25,33,2,2022-04-12 12:20:50
1649766051518291000,16.2,1,16.2,2,16.25,32,2,2022-04-12 12:20:51
1649766064136773000,16.2,1,16.2,3,16.25,32,2,2022-04-12 12:21:04
1649766068364812000,16.2,2,16.2,1,16.25,32,2,2022-04-12 12:21:08
1649766071844831000,16.25,1,16.2,1,16.25,31,1,2022-04-12 12:21:11
1649766094853338000,16.25,1,16.2,2,16.25,30,1,2022-04-12 12:21:34
1649766107605117000,16.2,1,16.2,1,16.25,30,2,2022-04-12 12:21:47
1649766118556026000,16.25,2,16.2,1,16.25,28,1,2022-04-12 12:21:58
1649766181513752000,16.2,1,16.2,2,16.25,30,2,2022-04-12 12:23:01
1649766194762062000,16.25,5,16.2,3,16.25,25,1,2022-04-12 12:23:14
1649766195565726000,16.2,2,16.2,1,16.25,25,2,2022-04-12 12:23:15
1649766247418336000,16.15,1,16.15,5,16.25,37,2,2022-04-12 12:24:07
1649766248563953000,16.25,5,16.15,5,16.25,32,1,2022-04-12 12:24:08
1649766352417840000,16.2,1,16.15,5,16.2,17,1,2022-04-12 12:25:52
1649766426585545000,16.15,3,16.15,11,16.2,17,2,2022-04-12 12:27:06
1649766449508244000,16.15,10,16.15,2,16.2,18,2,2022-04-12 12:27:29
