ts,close,volume,bid_price,bid_volume,ask_price,ask_volume,tick_type,datetime
1649754015812135000,77.2,2245,77.1,15,77.2,980,1,2022-04-12 09:00:15
1649754015836366000,77.1,8,77.1,7,77.2,980,2,2022-04-12 09:00:15
1649754015837692000,77.1,7,77.0,25,77.2,980,2,2022-04-12 09:00:15
1649754015842231000,77.2,1,77.0,25,77.2,979,1,2022-04-12 09:00:15
1649754015843159000,77.2,1,77.0,25,77.2,978,1,2022-04-12 09:00:15
1649754015844131000,77.2,1,77.0,25,77.2,977,1,2022-04-12 09:00:15
1649754015845397000,77.2,1,77.0,25,77.2,976,1,2022-04-12 09:00:15
1649754015846588000,77.2,3,77.0,25,77.2,973,1,2022-04-12 09:00:15
1649754015848072000,77.2,1,77.0,25,77.2,972,1,2022-04-12 09:00:15
1649754015848551000,77.2,1,77.0,25,77.2,971,1,2022-04-12 09:00:15
1649754015849546000,77.2,3,77.0,25,77.2,968,1,2022-04-12 09:00:15
1649754015850435000,77.0,1,77.0,24,77.2,968,2,2022-04-12 09:00:15
1649754015876548000,77.0,5,77.0,19,77.2,968,2,2022-04-12 09:00:15
1649754015949832000,77.2,1,77.0,19,77.2,967,1,2022-04-12 09:00:15
1649754015981132000,77.0,19,76.9,6,77.2,967,2,2022-04-12 09:00:15
1649754016104983000,77.2,7,77.1,1,77.2,960,1,2022-04-12 09:00:16
1649754016153692000,77.2,9,77.1,1,77.2,951,1,2022-04-12 09:00:16
1649754016211320000,77.2,1,77.1,1,77.2,950,1,2022-04-12 09:00:16
1649754016212135000,77.2,3,77.1,1,77.2,947,1,2022-04-12 09:00:16
1649754016240133000,77.1,1,76.9,6,77.2,947,2,2022-04-12 09:00:16
1649754016334039000,77.2,1,76.9,6,77.2,946,1,2022-04-12 09:00:16
1649754016363485000,76.9,5,76.9,1,77.2,946,2,2022-04-12 09:00:16
1649754016521962000,76.9,1,76.7,2,76.8,86,2,2022-04-12 09:00:16
1649754016521962000,76.8,13,76.7,2,76.8,86,2,2022-04-12 09:00:16
1649754016554827000,76.7,2,76.6,10,76.8,86,2,2022-04-12 09:00:16
1649754016691875000,76.8,4,76.6,10,76.8,82,1,2022-04-12 09:00:16
1649754016719546000,76.6,10,76.5,9,76.8,82,2,2022-04-12 09:00:16
1649754016834519000,76.8,1,76.5,9,76.8,81,1,2022-04-12 09:00:16
1649754017059751000,76.8,2,76.5,9,76.8,79,1,2022-04-12 09:00:17
1649754017163842000,76.8,1,76.5,9,76.8,78,1,2022-04-12 09:00:17
1649754017268662000,76.8,2,76.5,9,76.8,76,1,2022-04-12 09:00:17
1649754017646428000,76.7,1,76.5,9,76.7,2,1,2022-04-12 09:00:17
1649754017735864000,76.7,1,76.5,9,76.7,1,1,2022-04-12 09:00:17
1649754019249194000,76.5,1,76.5,8,76.7,1,2,2022-04-12 09:00:19
1649754019447814000,76.7,1,76.5,8,76.8,76,1,2022-04-12 09:00:19
1649754020397260000,76.5,8,76.4,5,76.6,2,2,2022-04-12 09:00:20
1649754020653759000,76.6,1,76.4,5,76.6,1,1,2022-04-12 09:00:20
1649754021561236000,76.4,4,76.4,1,76.5,1,2,2022-04-12 09:00:21
1649754021799535000,76.4,1,76.2,16,76.5,1,2,2022-04-12 09:00:21
1649754021806720000,76.2,1,76.2,15,76.5,1,2,2022-04-12 09:00:21
1649754022699413000,76.2,1,76.2,25,76.4,1,2,2022-04-12 09:00:22
1649754023030977000,76.4,2,76.2,21,76.4,2,1,2022-04-12 09:00:23
1649754023204690000,76.4,2,76.2,25,76.5,2,1,2022-04-12 09:00:23
1649754023204690000,76.5,1,76.2,25,76.5,2,1,2022-04-12 09:00:23
1649754023375058000,76.5,1,76.2,20,76.5,1,1,2022-04-12 09:00:23
1649754023719296000,76.2,1,76.2,19,76.4,1,2,2022-04-12 09:00:23
1649754023735371000,76.4,1,76.2,19,76.5,1,1,2022-04-12 09:00:23
1649754023876998000,76.5,1,76.4,1,76.5,10,1,2022-04-12 09:00:23
1649754023878536000,76.4,1,76.2,19,76.5,10,2,2022-04-12 09:00:23
1649754024327494000,76.3,1,76.2,13,76.3,9,1,2022-04-12 09:00:24
1649754024384051000,76.3,3,76.2,13,76.3,6,1,2022-04-12 09:00:24
1649754024452854000,76.2,1,76.2,16,76.3,6,2,2022-04-12 09:00:24
1649754024757155000,76.2,3,76.2,13,76.3,6,2,2022-04-12 09:00:24
1649754025048483000,76.3,1,76.2,10,76.3,5,1,2022-04-12 09:00:25
1649754025254630000,76.3,5,76.2,10,76.4,4,1,2022-04-12 09:00:25
1649754025424761000,76.4,1,76.2,14,76.4,3,1,2022-04-12 09:00:25
1649754025537924000,76.2,3,76.2,11,76.4,3,2,2022-04-12 09:00:25
1649754025611778000,76.2,6,76.2,5,76.4,3,2,2022-04-12 09:00:25
1649754025641701000,76.2,5,76.2,1,76.4,3,2,2022-04-12 09:00:25
1649754025772682000,76.4,1,76.2,1,76.4,2,1,2022-04-12 09:00:25
1649754025829355000,76.3,1,76.2,1,76.3,1,1,2022-04-12 09:00:25
1649754025836959000,76.2,1,76.1,4,76.3,5,2,2022-04-12 09:00:25
1649754025838141000,76.3,1,76.1,4,76.3,4,1,2022-04-12 09:00:25
1649754026060677000,76.3,1,76.1,4,76.3,4,1,2022-04-12 09:00:26
1649754026163143000,76.4,1,76.1,6,76.4,1,1,2022-04-12 09:00:26
1649754026206159000,76.1,5,76.1,1,76.2,1,2,2022-04-12 09:00:26
1649754026265542000,76.2,1,76.0,57,76.4,1,1,2022-04-12 09:00:26
1649754026329347000,76.4,1,76.0,57,76.5,10,1,2022-04-12 09:00:26
1649754026329347000,76.5,1,76.0,57,76.5,10,1,2022-04-12 09:00:26
1649754026551019000,76.5,1,76.0,57,76.5,15,1,2022-04-12 09:00:26
1649754026717134000,76.5,1,76.0,57,76.5,14,1,2022-04-12 09:00:26
1649754026817916000,76.0,1,76.0,56,76.5,14,2,2022-04-12 09:00:26
1649754026818260000,76.5,4,76.0,56,76.5,10,1,2022-04-12 09:00:26
1649754026867455000,76.4,2,76.0,56,76.4,10,1,2022-04-12 09:00:26
1649754027073997000,76.4,12,76.1,6,76.5,10,2,2022-04-12 09:00:27
1649754027241033000,76.2,1,76.1,6,76.5,10,2,2022-04-12 09:00:27
1649754027311897000,76.5,3,76.4,1,76.5,7,1,2022-04-12 09:00:27
1649754027324768000,76.4,1,76.1,8,76.4,4,2,2022-04-12 09:00:27
1649754027416840000,76.4,4,76.3,7,76.5,4,1,2022-04-12 09:00:27
1649754027416840000,76.5,3,76.3,7,76.5,4,1,2022-04-12 09:00:27
1649754027715536000,76.5,1,76.3,7,76.6,1,1,2022-04-12 09:00:27
1649754027739494000,76.3,1,76.3,6,76.6,1,2,2022-04-12 09:00:27
1649754027796716000,76.3,1,76.3,5,76.6,1,2,2022-04-12 09:00:27
1649754027803683000,76.3,5,76.2,5,76.6,1,2,2022-04-12 09:00:27
1649754027922847000,76.6,1,76.3,5,76.7,10,1,2022-04-12 09:00:27
1649754027922847000,76.7,2,76.3,5,76.7,10,1,2022-04-12 09:00:27
1649754028325789000,76.5,1,76.4,1,76.7,10,1,2022-04-12 09:00:28
1649754028656462000,76.6,1,76.6,3,76.7,10,2,2022-04-12 09:00:28
1649754029063940000,76.7,10,76.9,33,77.0,3,1,2022-04-12 09:00:29
1649754029063940000,76.8,2,76.9,33,77.0,3,1,2022-04-12 09:00:29
1649754029077979000,76.9,1,76.9,32,77.0,3,2,2022-04-12 09:00:29
1649754029095271000,76.9,18,76.9,14,77.0,3,2,2022-04-12 09:00:29
1649754029123221000,76.9,1,76.9,22,77.0,3,2,2022-04-12 09:00:29
1649754029131775000,76.9,1,76.9,21,77.0,3,2,2022-04-12 09:00:29
1649754029624440000,77.0,1,76.9,21,77.0,2,1,2022-04-12 09:00:29
1649754029700863000,77.0,1,76.9,22,77.0,1,1,2022-04-12 09:00:29
1649754029727671000,77.0,1,76.9,22,77.1,10,1,2022-04-12 09:00:29
1649754029797280000,77.1,10,76.9,22,77.2,959,1,2022-04-12 09:00:29
1649754029955505000,77.2,1,76.9,22,77.2,958,1,2022-04-12 09:00:29
1649754029959069000,77.2,1,76.9,22,77.2,957,1,2022-04-12 09:00:29
1649754029983566000,77.2,1,76.9,22,77.2,956,1,2022-04-12 09:00:29
1649754030020077000,77.0,3,76.9,22,77.2,956,2,2022-04-12 09:00:30
1649754030069584000,77.2,1,76.9,13,77.2,955,1,2022-04-12 09:00:30
1649754030160892000,77.2,5,76.9,13,77.2,950,1,2022-04-12 09:00:30
1649754030358647000,77.2,4,76.9,13,77.2,946,1,2022-04-12 09:00:30
1649754030395211000,77.2,4,77.1,3,77.2,942,1,2022-04-12 09:00:30
1649754030407185000,77.1,3,76.9,13,77.2,942,2,2022-04-12 09:00:30
1649754030726960000,77.2,45,76.9,13,77.2,897,1,2022-04-12 09:00:30
1649754030785455000,76.9,1,76.9,12,77.2,897,2,2022-04-12 09:00:30
1649754030894869000,77.2,1,76.9,12,77.2,896,1,2022-04-12 09:00:30
1649754031076286000,77.2,1,76.9,12,77.2,895,1,2022-04-12 09:00:31
1649754031218735000,76.9,1,76.9,11,77.2,895,2,2022-04-12 09:00:31
1649754031564016000,77.2,15,76.9,11,77.2,880,1,2022-04-12 09:00:31
1649754031794530000,77.2,1,76.9,11,77.2,879,1,2022-04-12 09:00:31
1649754031821937000,77.2,1,76.9,11,77.2,878,1,2022-04-12 09:00:31
1649754032231695000,77.2,1,76.9,11,77.2,887,1,2022-04-12 09:00:32
1649754032453721000,77.2,1,76.9,11,77.2,887,1,2022-04-12 09:00:32
1649754032734775000,77.2,1,76.9,13,77.2,886,1,2022-04-12 09:00:32
1649754033050314000,76.9,1,76.9,12,77.2,886,2,2022-04-12 09:00:33
1649754033122568000,76.9,12,76.8,3,77.1,45,2,2022-04-12 09:00:33
1649754033317562000,77.1,10,76.8,3,77.1,35,1,2022-04-12 09:00:33
1649754033529027000,76.8,1,76.8,1,77.1,37,2,2022-04-12 09:00:33
1649754034052087000,77.1,1,76.9,1,77.1,37,1,2022-04-12 09:00:34
1649754034082021000,76.9,1,76.8,1,77.1,37,2,2022-04-12 09:00:34
1649754034283603000,77.1,1,76.8,1,77.1,36,1,2022-04-12 09:00:34
1649754034380053000,77.0,1,76.8,1,77.0,1,1,2022-04-12 09:00:34
1649754034383035000,76.8,1,76.7,18,77.0,1,2,2022-04-12 09:00:34
1649754034547388000,76.8,2,76.7,18,77.0,1,2,2022-04-12 09:00:34
1649754034603278000,77.0,1,76.7,18,77.1,36,1,2022-04-12 09:00:34
1649754034827492000,76.7,1,76.7,17,77.1,36,2,2022-04-12 09:00:34
1649754035000056000,77.1,1,76.7,17,77.1,35,1,2022-04-12 09:00:35
1649754035023639000,76.7,1,76.7,16,77.1,35,2,2022-04-12 09:00:35
1649754035132097000,76.7,5,76.7,13,77.1,35,2,2022-04-12 09:00:35
1649754035315985000,77.0,4,76.7,13,77.0,6,1,2022-04-12 09:00:35
1649754035332472000,77.0,1,76.7,13,77.0,5,1,2022-04-12 09:00:35
1649754035565700000,77.0,3,76.8,9,77.0,4,1,2022-04-12 09:00:35
1649754035566907000,76.8,9,76.7,13,77.0,4,2,2022-04-12 09:00:35
1649754035611452000,77.0,1,76.7,13,77.0,3,1,2022-04-12 09:00:35
1649754035643700000,77.0,3,76.7,13,77.1,35,1,2022-04-12 09:00:35
1649754035724415000,77.1,1,76.8,1,77.1,34,1,2022-04-12 09:00:35
1649754035956375000,76.9,2,76.8,2,76.9,9,1,2022-04-12 09:00:35
1649754035982788000,76.9,5,76.8,2,76.9,4,1,2022-04-12 09:00:35
1649754035984630000,76.8,2,76.7,13,76.9,4,2,2022-04-12 09:00:35
1649754036029099000,76.9,1,76.7,13,76.9,3,1,2022-04-12 09:00:36
1649754036042626000,76.9,1,76.7,13,76.9,2,1,2022-04-12 09:00:36
1649754036064644000,76.9,2,76.7,13,77.0,1,1,2022-04-12 09:00:36
1649754036275469000,76.8,1,76.7,13,77.0,51,2,2022-04-12 09:00:36
1649754036569955000,77.0,1,76.9,1,77.0,51,1,2022-04-12 09:00:36
1649754036577778000,76.9,1,76.7,13,77.0,51,2,2022-04-12 09:00:36
1649754036709214000,77.0,4,76.7,13,77.0,48,1,2022-04-12 09:00:36
1649754036823808000,76.8,1,76.7,13,77.0,48,2,2022-04-12 09:00:36
1649754037553031000,76.9,9,76.8,4,77.0,51,1,2022-04-12 09:00:37
1649754037553031000,77.0,1,76.8,4,77.0,51,1,2022-04-12 09:00:37
1649754037590482000,76.8,4,76.7,14,77.0,51,2,2022-04-12 09:00:37
1649754037718083000,77.0,1,76.7,14,77.0,50,1,2022-04-12 09:00:37
1649754038088942000,76.9,2,76.7,15,76.8,43,2,2022-04-12 09:00:38
1649754038270044000,76.8,1,76.7,15,76.8,42,1,2022-04-12 09:00:38
1649754038300970000,76.7,15,76.6,15,76.8,42,2,2022-04-12 09:00:38
1649754038321502000,76.8,1,76.6,15,76.8,41,1,2022-04-12 09:00:38
1649754038547945000,76.8,1,76.6,15,76.8,40,1,2022-04-12 09:00:38
1649754038819901000,76.8,1,76.6,15,76.8,39,1,2022-04-12 09:00:38
1649754038826822000,76.8,1,76.6,15,76.8,38,1,2022-04-12 09:00:38
1649754038846462000,76.8,2,76.6,15,76.8,36,1,2022-04-12 09:00:38
1649754038968040000,76.8,3,76.6,15,76.8,33,1,2022-04-12 09:00:38
1649754038969696000,76.8,1,76.6,15,76.8,32,1,2022-04-12 09:00:38
1649754039129266000,76.8,1,76.7,3,76.8,31,1,2022-04-12 09:00:39
1649754039175072000,76.8,1,76.7,3,76.8,30,1,2022-04-12 09:00:39
1649754039296413000,76.8,4,76.7,3,76.8,26,1,2022-04-12 09:00:39
1649754039557170000,76.8,8,76.7,3,76.8,18,1,2022-04-12 09:00:39
1649754039878744000,76.8,1,76.7,3,76.8,17,1,2022-04-12 09:00:39
1649754039927472000,76.7,3,76.6,14,76.7,2,2,2022-04-12 09:00:39
1649754039997952000,76.7,1,76.6,8,76.7,1,1,2022-04-12 09:00:39
1649754040233858000,76.7,1,76.6,9,76.9,9,1,2022-04-12 09:00:40
1649754040233858000,76.8,17,76.6,9,76.9,9,1,2022-04-12 09:00:40
1649754040233858000,76.9,2,76.6,9,76.9,9,1,2022-04-12 09:00:40
1649754040400177000,76.8,1,76.6,9,76.9,9,1,2022-04-12 09:00:40
1649754040463761000,76.9,1,76.6,9,76.9,8,1,2022-04-12 09:00:40
1649754040539525000,76.9,2,76.6,9,76.9,6,1,2022-04-12 09:00:40
1649754040549602000,76.6,4,76.6,5,76.9,6,2,2022-04-12 09:00:40
1649754040579983000,76.8,1,76.6,5,76.9,6,2,2022-04-12 09:00:40
1649754040671662000,76.9,2,76.6,5,76.9,4,1,2022-04-12 09:00:40
1649754040823994000,76.9,1,76.8,1,76.9,3,1,2022-04-12 09:00:40
1649754040834551000,76.8,1,76.6,7,76.9,3,2,2022-04-12 09:00:40
1649754040856308000,76.9,3,76.6,7,77.0,70,1,2022-04-12 09:00:40
1649754040856308000,77.0,2,76.6,7,77.0,70,1,2022-04-12 09:00:40
1649754041112765000,76.6,1,76.6,6,77.0,70,2,2022-04-12 09:00:41
1649754041159379000,76.9,1,76.8,1,76.9,2,2,2022-04-12 09:00:41
1649754041172947000,76.8,1,76.6,6,76.9,2,2,2022-04-12 09:00:41
1649754041185143000,76.6,1,76.6,5,76.9,2,2,2022-04-12 09:00:41
1649754041453112000,76.7,1,76.6,6,76.8,2,2,2022-04-12 09:00:41
1649754041508481000,76.8,2,76.6,6,76.9,2,1,2022-04-12 09:00:41
1649754041622160000,76.9,1,76.6,6,76.9,1,1,2022-04-12 09:00:41
1649754041698738000,76.6,1,76.6,5,76.9,1,2,2022-04-12 09:00:41
1649754042005096000,76.9,1,76.6,6,76.9,3,1,2022-04-12 09:00:42
1649754042355718000,76.8,1,76.6,6,76.9,16,1,2022-04-12 09:00:42
1649754042362814000,76.6,3,76.6,3,76.9,16,2,2022-04-12 09:00:42
1649754042505252000,76.9,1,76.6,3,76.9,15,1,2022-04-12 09:00:42
1649754042633967000,76.6,1,76.6,2,76.9,15,2,2022-04-12 09:00:42
1649754042686777000,76.6,1,76.6,1,76.9,15,2,2022-04-12 09:00:42
1649754042742175000,76.8,1,76.6,1,76.9,15,2,2022-04-12 09:00:42
1649754042809514000,76.9,2,76.6,1,76.9,13,1,2022-04-12 09:00:42
1649754043023972000,76.7,1,76.6,5,76.9,12,1,2022-04-12 09:00:43
1649754043023972000,76.9,1,76.6,5,76.9,12,1,2022-04-12 09:00:43
1649754043032700000,76.6,1,76.6,5,76.9,12,2,2022-04-12 09:00:43
1649754043039329000,76.6,5,76.5,13,76.9,12,2,2022-04-12 09:00:43
1649754043039329000,76.5,3,76.5,13,76.9,12,2,2022-04-12 09:00:43
1649754043138445000,76.9,1,76.6,10,76.9,11,1,2022-04-12 09:00:43
1649754043383203000,76.6,1,76.6,10,76.9,12,2,2022-04-12 09:00:43
1649754043455181000,76.9,1,76.6,10,76.9,11,1,2022-04-12 09:00:43
1649754043461442000,76.9,2,76.6,10,76.9,9,1,2022-04-12 09:00:43
1649754043532464000,76.9,2,76.7,1,76.9,7,1,2022-04-12 09:00:43
1649754043560789000,76.7,1,76.6,10,76.9,7,2,2022-04-12 09:00:43
1649754043849478000,76.6,1,76.6,9,76.9,7,2,2022-04-12 09:00:43
1649754044050844000,76.8,1,76.6,9,76.9,7,1,2022-04-12 09:00:44
1649754044145238000,76.9,1,76.6,10,76.9,7,1,2022-04-12 09:00:44
1649754044177319000,76.9,3,76.6,10,76.9,4,1,2022-04-12 09:00:44
1649754044290292000,76.6,1,76.6,10,76.8,1,2,2022-04-12 09:00:44
1649754044590930000,76.6,5,76.6,7,76.8,1,2,2022-04-12 09:00:44
1649754044629927000,76.7,6,76.6,7,76.8,1,2,2022-04-12 09:00:44
1649754044962766000,76.6,1,76.6,6,76.8,1,2,2022-04-12 09:00:44
1649754045171050000,76.6,1,76.6,25,76.8,1,2,2022-04-12 09:00:45
1649754045275353000,76.8,1,76.6,25,76.9,7,1,2022-04-12 09:00:45
1649754045402703000,76.8,1,76.7,2,76.9,7,2,2022-04-12 09:00:45
1649754045606836000,76.9,1,76.7,2,76.9,6,1,2022-04-12 09:00:45
1649754045612495000,76.9,1,76.7,2,76.9,5,1,2022-04-12 09:00:45
1649754045830917000,76.9,2,76.7,3,76.9,3,1,2022-04-12 09:00:45
1649754045866476000,76.8,2,76.7,3,76.9,3,2,2022-04-12 09:00:45
1649754045970588000,76.8,1,76.7,3,76.9,3,2,2022-04-12 09:00:45
1649754046967072000,76.8,1,76.7,10,76.8,29,1,2022-04-12 09:00:46
1649754046993009000,76.7,6,76.7,4,76.8,29,2,2022-04-12 09:00:46
1649754047057274000,76.8,1,76.7,4,76.8,28,1,2022-04-12 09:00:47
1649754047065011000,76.8,1,76.7,4,76.8,27,1,2022-04-12 09:00:47
1649754047212075000,76.7,1,76.7,5,76.8,27,2,2022-04-12 09:00:47
1649754047317602000,76.8,1,76.7,5,76.8,26,1,2022-04-12 09:00:47
1649754047345500000,76.8,1,76.7,5,76.8,25,1,2022-04-12 09:00:47
1649754047915077000,76.8,1,76.7,1,76.8,24,1,2022-04-12 09:00:47
1649754047931341000,76.7,1,76.6,48,76.8,24,2,2022-04-12 09:00:47
1649754048048853000,76.8,20,76.6,48,76.8,4,1,2022-04-12 09:00:48
1649754048448657000,76.8,1,76.6,53,76.8,3,1,2022-04-12 09:00:48
1649754048731103000,76.6,5,76.6,48,76.8,4,2,2022-04-12 09:00:48
1649754048849155000,76.8,1,76.6,49,76.8,3,1,2022-04-12 09:00:48
1649754049007204000,76.7,5,76.6,49,76.8,3,1,2022-04-12 09:00:49
1649754049027102000,76.8,1,76.6,49,76.8,2,1,2022-04-12 09:00:49
1649754049126923000,76.8,4,76.6,50,76.8,8,1,2022-04-12 09:00:49
1649754049335199000,76.6,7,76.6,44,76.8,8,2,2022-04-12 09:00:49
1649754049399666000,76.8,1,76.6,44,76.8,12,1,2022-04-12 09:00:49
1649754049410707000,76.8,1,76.6,44,76.8,11,1,2022-04-12 09:00:49
1649754049565782000,76.8,19,76.7,1,76.9,18,1,2022-04-12 09:00:49
1649754049565782000,76.9,1,76.7,1,76.9,18,1,2022-04-12 09:00:49
1649754049570078000,76.7,1,76.6,46,76.9,18,2,2022-04-12 09:00:49
1649754049605516000,76.6,2,76.6,44,76.9,18,2,2022-04-12 09:00:49
1649754049625152000,76.9,5,76.6,44,76.9,13,1,2022-04-12 09:00:49
1649754049769228000,76.8,1,76.7,1,76.9,13,2,2022-04-12 09:00:49
1649754050045101000,76.9,3,76.7,1,76.9,10,1,2022-04-12 09:00:50
1649754050324449000,76.9,2,76.7,2,76.9,8,1,2022-04-12 09:00:50
1649754050526549000,76.8,1,76.7,2,76.9,8,2,2022-04-12 09:00:50
1649754050635010000,76.8,1,76.7,2,76.9,8,2,2022-04-12 09:00:50
1649754050903517000,76.8,1,76.7,2,76.9,8,2,2022-04-12 09:00:50
1649754050947564000,76.8,1,76.7,2,76.9,8,2,2022-04-12 09:00:50
1649754051253271000,76.9,2,76.8,1,76.9,6,1,2022-04-12 09:00:51
1649754051293047000,76.9,3,76.8,1,76.9,3,1,2022-04-12 09:00:51
1649754051681493000,76.9,2,76.8,1,76.9,1,1,2022-04-12 09:00:51
1649754052141894000,76.8,4,76.7,7,76.8,1,2,2022-04-12 09:00:52
1649754052172375000,76.8,1,76.7,7,76.9,1,1,2022-04-12 09:00:52
1649754052813556000,76.8,1,76.8,3,76.9,1,2,2022-04-12 09:00:52
1649754052880033000,76.8,1,76.8,2,76.9,1,2,2022-04-12 09:00:52
1649754052923290000,76.9,1,76.8,2,77.0,22,1,2022-04-12 09:00:52
1649754052923290000,77.0,1,76.8,2,77.0,22,1,2022-04-12 09:00:52
1649754053262953000,76.9,1,76.8,2,76.9,1,1,2022-04-12 09:00:53
1649754053326735000,76.8,1,76.8,1,76.9,1,2,2022-04-12 09:00:53
1649754053472904000,76.8,1,76.7,13,76.9,51,2,2022-04-12 09:00:53
1649754053849458000,76.9,1,76.7,14,76.9,50,1,2022-04-12 09:00:53
1649754054210271000,76.9,1,76.7,14,76.9,49,1,2022-04-12 09:00:54
1649754054246639000,76.9,1,76.7,14,76.9,48,1,2022-04-12 09:00:54
1649754054279941000,76.9,1,76.7,14,76.9,47,1,2022-04-12 09:00:54
1649754054292306000,76.7,1,76.7,13,76.9,47,2,2022-04-12 09:00:54
1649754054395331000,76.9,7,76.7,14,76.9,40,1,2022-04-12 09:00:54
1649754054696196000,76.9,1,76.8,6,76.9,39,1,2022-04-12 09:00:54
1649754054991669000,76.8,2,76.8,4,76.9,39,2,2022-04-12 09:00:54
1649754055314007000,76.9,1,76.8,4,76.9,38,1,2022-04-12 09:00:55
1649754055595802000,76.8,1,76.8,4,76.9,39,2,2022-04-12 09:00:55
1649754056235235000,76.9,1,76.8,10,76.9,39,1,2022-04-12 09:00:56
1649754056491059000,76.9,1,76.8,10,76.9,38,1,2022-04-12 09:00:56
1649754056717914000,76.9,1,76.8,10,76.9,37,1,2022-04-12 09:00:56
1649754056822800000,76.8,1,76.8,9,76.9,37,2,2022-04-12 09:00:56
1649754056827642000,76.8,1,76.8,8,76.9,37,2,2022-04-12 09:00:56
1649754056959068000,76.9,2,76.8,8,76.9,35,1,2022-04-12 09:00:56
1649754056974676000,76.8,5,76.8,3,76.9,35,2,2022-04-12 09:00:56
1649754057200170000,76.8,1,76.8,6,76.9,35,2,2022-04-12 09:00:57
1649754057760868000,76.9,1,76.8,12,76.9,34,1,2022-04-12 09:00:57
1649754057878028000,76.8,1,76.8,12,76.9,34,2,2022-04-12 09:00:57
1649754057934955000,76.9,3,76.8,12,76.9,32,1,2022-04-12 09:00:57
1649754058215718000,76.8,1,76.8,11,76.9,32,2,2022-04-12 09:00:58
1649754058300742000,76.9,2,76.8,11,76.9,30,1,2022-04-12 09:00:58
1649754058344156000,76.8,1,76.8,10,76.9,30,2,2022-04-12 09:00:58
1649754058537987000,76.8,2,76.8,8,76.9,30,2,2022-04-12 09:00:58
1649754058703867000,76.9,1,76.8,9,76.9,29,1,2022-04-12 09:00:58
1649754058910453000,76.8,1,76.8,9,76.9,29,2,2022-04-12 09:00:58
1649754058949731000,76.9,1,76.8,10,76.9,28,1,2022-04-12 09:00:58
1649754059003000000,76.8,7,76.8,3,76.9,28,2,2022-04-12 09:00:59
1649754059157229000,76.9,13,76.8,3,76.9,15,1,2022-04-12 09:00:59
1649754059240536000,76.8,1,76.8,2,76.9,15,2,2022-04-12 09:00:59
1649754059302795000,76.9,1,76.8,2,76.9,14,1,2022-04-12 09:00:59
1649754059330161000,76.8,2,76.7,25,76.9,14,2,2022-04-12 09:00:59
1649754059342524000,76.9,1,76.7,25,76.9,13,1,2022-04-12 09:00:59
1649754059721391000,76.9,1,76.8,6,76.9,12,1,2022-04-12 09:00:59
1649754059839332000,76.9,2,76.8,7,76.9,10,1,2022-04-12 09:00:59
1649754059909817000,76.9,1,76.8,8,76.9,9,1,2022-04-12 09:00:59
1649754060169499000,76.9,1,76.8,13,76.9,10,1,2022-04-12 09:01:00
1649754060261417000,76.9,1,76.8,13,76.9,9,1,2022-04-12 09:01:00
1649754060364622000,76.9,1,76.8,14,76.9,8,1,2022-04-12 09:01:00
1649754060383976000,76.9,2,76.8,14,76.9,6,1,2022-04-12 09:01:00
1649754060399868000,76.9,1,76.8,14,76.9,5,1,2022-04-12 09:01:00
1649754060509173000,76.8,3,76.8,11,76.9,5,2,2022-04-12 09:01:00
1649754060514993000,76.9,5,76.9,5,77.0,53,1,2022-04-12 09:01:00
1649754060651436000,77.0,5,76.9,5,77.0,48,1,2022-04-12 09:01:00
1649754060672202000,77.0,1,76.9,5,77.0,47,1,2022-04-12 09:01:00
1649754060880295000,76.9,1,76.9,5,77.0,49,2,2022-04-12 09:01:00
1649754061026930000,76.9,1,76.9,4,77.0,49,2,2022-04-12 09:01:01
1649754061151292000,77.0,1,76.9,4,77.0,48,1,2022-04-12 09:01:01
1649754061534075000,76.9,1,76.9,4,77.0,49,2,2022-04-12 09:01:01
1649754061688582000,77.0,1,76.9,4,77.0,48,1,2022-04-12 09:01:01
1649754061872054000,77.0,12,76.9,5,77.0,36,1,2022-04-12 09:01:01
1649754061946683000,77.0,36,76.9,5,77.2,992,1,2022-04-12 09:01:01
1649754061946683000,77.1,6,76.9,5,77.2,992,1,2022-04-12 09:01:01
1649754061946683000,77.2,3,76.9,5,77.2,992,1,2022-04-12 09:01:01
1649754062043838000,77.0,1,76.9,5,77.2,992,1,2022-04-12 09:01:02
1649754062410465000,76.9,1,76.9,7,77.2,995,2,2022-04-12 09:01:02
1649754062556476000,77.2,5,76.9,7,77.2,990,1,2022-04-12 09:01:02
1649754062573462000,76.9,1,76.9,6,77.2,990,2,2022-04-12 09:01:02
1649754062730469000,77.2,4,76.9,6,77.2,986,1,2022-04-12 09:01:02
1649754063109280000,77.2,1,76.9,6,77.2,985,1,2022-04-12 09:01:03
1649754063368011000,77.0,1,77.0,4,77.2,986,2,2022-04-12 09:01:03
1649754063548139000,77.2,1,77.0,4,77.2,985,1,2022-04-12 09:01:03
1649754063592896000,77.2,4,77.0,4,77.2,981,1,2022-04-12 09:01:03
1649754063606669000,77.2,2,77.0,4,77.2,979,1,2022-04-12 09:01:03
1649754063696722000,77.2,45,77.0,4,77.2,934,1,2022-04-12 09:01:03
1649754064509580000,77.2,1,77.0,5,77.2,933,1,2022-04-12 09:01:04
1649754064719889000,77.1,2,77.0,5,77.2,932,2,2022-04-12 09:01:04
1649754064952048000,77.2,1,77.0,5,77.2,932,1,2022-04-12 09:01:04
1649754065003181000,77.0,2,77.0,3,77.2,952,2,2022-04-12 09:01:05
1649754065375360000,77.0,1,77.0,3,77.2,952,2,2022-04-12 09:01:05
1649754065442856000,77.0,2,77.0,1,77.2,953,2,2022-04-12 09:01:05
1649754065632605000,77.0,1,76.9,26,77.2,954,2,2022-04-12 09:01:05
1649754065819093000,77.0,2,76.9,26,77.2,945,1,2022-04-12 09:01:05
1649754065819093000,77.2,9,76.9,26,77.2,945,1,2022-04-12 09:01:05
1649754066543483000,76.9,1,76.9,27,77.1,1,2,2022-04-12 09:01:06
1649754066593394000,77.0,1,76.9,27,77.1,1,2,2022-04-12 09:01:06
1649754067567064000,77.0,1,76.9,27,77.0,4,1,2022-04-12 09:01:07
1649754067586852000,76.9,1,76.9,26,77.0,4,2,2022-04-12 09:01:07
1649754067710966000,77.0,1,76.9,26,77.0,3,1,2022-04-12 09:01:07
1649754068073701000,77.0,1,76.9,27,77.0,2,1,2022-04-12 09:01:08
1649754068077121000,77.0,1,76.9,27,77.0,1,1,2022-04-12 09:01:08
1649754068118803000,77.0,1,76.9,27,77.1,1,1,2022-04-12 09:01:08
1649754068157110000,77.1,1,76.9,27,77.2,965,1,2022-04-12 09:01:08
1649754069073834000,77.0,1,76.9,23,77.1,31,1,2022-04-12 09:01:09
1649754069432216000,77.0,5,76.9,23,77.1,31,2,2022-04-12 09:01:09
1649754069678710000,77.1,1,77.0,1,77.1,30,1,2022-04-12 09:01:09
1649754069718608000,77.1,1,77.0,1,77.1,29,1,2022-04-12 09:01:09
1649754069783874000,77.0,1,76.9,24,77.1,29,2,2022-04-12 09:01:09
1649754070106494000,77.1,10,77.0,50,77.1,19,1,2022-04-12 09:01:10
1649754070136172000,77.0,5,77.0,45,77.1,19,2,2022-04-12 09:01:10
1649754070142381000,77.1,1,77.0,45,77.1,18,1,2022-04-12 09:01:10
1649754070385002000,77.1,1,77.0,45,77.1,17,1,2022-04-12 09:01:10
1649754071563176000,77.1,5,77.0,51,77.1,13,1,2022-04-12 09:01:11
1649754071622534000,77.0,1,77.0,50,77.1,13,2,2022-04-12 09:01:11
1649754072265037000,77.1,1,77.0,52,77.1,12,1,2022-04-12 09:01:12
1649754072352303000,77.0,1,77.0,51,77.1,12,2,2022-04-12 09:01:12
1649754072390593000,77.0,1,77.0,50,77.1,12,2,2022-04-12 09:01:12
1649754072501855000,77.1,1,77.0,50,77.1,11,1,2022-04-12 09:01:12
1649754072868047000,77.1,1,77.0,53,77.1,11,1,2022-04-12 09:01:12
1649754073761738000,77.1,1,77.0,53,77.1,11,1,2022-04-12 09:01:13
1649754073861193000,77.1,1,77.0,53,77.1,10,1,2022-04-12 09:01:13
1649754074046518000,77.1,1,77.0,53,77.1,9,1,2022-04-12 09:01:14
1649754074051155000,77.1,1,77.0,53,77.1,8,1,2022-04-12 09:01:14
1649754074121709000,77.1,8,77.0,53,77.2,941,1,2022-04-12 09:01:14
1649754074121709000,77.2,4,77.0,53,77.2,941,1,2022-04-12 09:01:14
1649754074269265000,77.1,1,77.0,53,77.2,941,2,2022-04-12 09:01:14
1649754074471472000,77.2,1,77.0,53,77.2,940,1,2022-04-12 09:01:14
1649754074494118000,77.0,1,77.0,52,77.2,940,2,2022-04-12 09:01:14
1649754074679143000,77.1,3,77.0,53,77.1,12,1,2022-04-12 09:01:14
1649754074701437000,77.0,4,77.0,49,77.1,12,2,2022-04-12 09:01:14
1649754074867474000,77.0,30,77.0,20,77.1,12,2,2022-04-12 09:01:14
1649754074906970000,77.0,6,77.0,14,77.1,12,2,2022-04-12 09:01:14
1649754075139123000,77.0,1,77.0,13,77.1,12,2,2022-04-12 09:01:15
1649754075374435000,77.1,1,77.0,15,77.1,11,1,2022-04-12 09:01:15
1649754075596582000,77.1,1,77.0,16,77.1,10,1,2022-04-12 09:01:15
1649754075659088000,77.1,1,77.0,16,77.1,9,1,2022-04-12 09:01:15
1649754075672786000,77.0,1,77.0,15,77.1,9,2,2022-04-12 09:01:15
1649754075693579000,77.1,1,77.0,15,77.1,8,1,2022-04-12 09:01:15
1649754075757486000,77.0,1,77.0,14,77.1,8,2,2022-04-12 09:01:15
1649754075770828000,77.1,2,77.0,14,77.1,6,1,2022-04-12 09:01:15
1649754076084951000,77.1,1,77.0,15,77.1,5,1,2022-04-12 09:01:16
1649754076521331000,77.1,1,77.0,15,77.1,5,1,2022-04-12 09:01:16
1649754076974826000,77.1,1,77.0,17,77.1,5,1,2022-04-12 09:01:16
1649754077044202000,77.0,1,77.0,16,77.1,5,2,2022-04-12 09:01:17
1649754077123161000,77.0,1,77.0,16,77.1,6,2,2022-04-12 09:01:17
1649754077152622000,77.0,1,77.0,15,77.1,6,2,2022-04-12 09:01:17
1649754077161952000,77.1,1,77.0,15,77.1,5,1,2022-04-12 09:01:17
1649754077716661000,77.0,1,77.0,23,77.1,9,2,2022-04-12 09:01:17
1649754077789090000,77.1,1,77.0,24,77.1,9,1,2022-04-12 09:01:17
1649754077817196000,77.0,2,77.0,22,77.1,9,2,2022-04-12 09:01:17
1649754077906398000,77.1,1,77.0,22,77.1,8,1,2022-04-12 09:01:17
1649754077953090000,77.1,1,77.0,22,77.1,7,1,2022-04-12 09:01:17
1649754078053701000,77.1,1,77.0,22,77.1,6,1,2022-04-12 09:01:18
1649754078398169000,77.1,1,77.0,23,77.1,5,1,2022-04-12 09:01:18
1649754078402216000,77.1,1,77.0,23,77.1,4,1,2022-04-12 09:01:18
1649754079087863000,77.1,1,77.0,26,77.1,3,1,2022-04-12 09:01:19
1649754079287758000,77.1,1,77.0,26,77.1,10,1,2022-04-12 09:01:19
1649754079451708000,77.0,2,77.0,24,77.1,11,2,2022-04-12 09:01:19
1649754079509559000,77.1,1,77.0,24,77.1,10,1,2022-04-12 09:01:19
1649754079879956000,77.1,3,77.0,25,77.1,7,1,2022-04-12 09:01:19
1649754080191824000,77.1,1,77.0,25,77.1,6,1,2022-04-12 09:01:20
1649754080521380000,77.1,1,77.0,26,77.1,6,1,2022-04-12 09:01:20
1649754080617152000,77.1,1,77.0,26,77.1,5,1,2022-04-12 09:01:20
1649754080767081000,77.1,5,77.0,27,77.2,703,1,2022-04-12 09:01:20
1649754080767081000,77.2,5,77.0,27,77.2,703,1,2022-04-12 09:01:20
1649754081206515000,77.1,1,77.0,28,77.2,704,2,2022-04-12 09:01:21
1649754081256439000,77.2,3,77.0,29,77.2,701,1,2022-04-12 09:01:21
1649754081337625000,77.1,1,77.0,29,77.2,701,2,2022-04-12 09:01:21
1649754081742586000,77.2,1,77.0,31,77.2,702,1,2022-04-12 09:01:21
1649754082171194000,77.1,1,77.0,34,77.2,708,1,2022-04-12 09:01:22
1649754082317036000,77.2,5,77.1,1,77.2,703,1,2022-04-12 09:01:22
1649754082580740000,77.2,2,77.1,1,77.2,701,1,2022-04-12 09:01:22
1649754082848205000,77.2,1,77.1,1,77.2,700,1,2022-04-12 09:01:22
1649754083318022000,77.1,1,77.1,2,77.2,703,2,2022-04-12 09:01:23
1649754083445256000,77.1,2,77.0,34,77.2,703,2,2022-04-12 09:01:23
1649754083899443000,77.1,1,77.0,37,77.2,699,1,2022-04-12 09:01:23
1649754083899443000,77.2,4,77.0,37,77.2,699,1,2022-04-12 09:01:23
1649754083976747000,77.2,1,77.0,37,77.2,698,1,2022-04-12 09:01:23
1649754084343628000,77.0,1,77.0,36,77.2,698,2,2022-04-12 09:01:24
1649754084804703000,77.0,2,77.0,36,77.2,698,2,2022-04-12 09:01:24
1649754085473541000,77.2,1,77.1,1,77.2,698,1,2022-04-12 09:01:25
1649754085657104000,77.2,1,77.1,1,77.2,697,1,2022-04-12 09:01:25
1649754086178206000,77.2,4,77.1,2,77.2,694,1,2022-04-12 09:01:26
1649754086323811000,77.2,1,77.1,2,77.2,694,1,2022-04-12 09:01:26
1649754087179962000,77.1,1,77.1,10,77.2,699,2,2022-04-12 09:01:27
1649754087271257000,77.2,1,77.1,10,77.2,701,1,2022-04-12 09:01:27
1649754087400033000,77.2,3,77.1,10,77.2,698,1,2022-04-12 09:01:27
1649754087528916000,77.2,1,77.1,10,77.2,696,1,2022-04-12 09:01:27
1649754087987594000,77.1,2,77.1,9,77.2,696,2,2022-04-12 09:01:27
1649754088243062000,77.1,1,77.1,8,77.2,687,2,2022-04-12 09:01:28
1649754088663314000,77.1,1,77.1,11,77.2,686,2,2022-04-12 09:01:28
1649754089174370000,77.2,1,77.1,12,77.2,685,1,2022-04-12 09:01:29
1649754089255257000,77.2,1,77.1,12,77.2,684,1,2022-04-12 09:01:29
1649754089470507000,77.2,2,77.1,12,77.2,685,1,2022-04-12 09:01:29
1649754090093780000,77.2,1,77.1,13,77.2,685,1,2022-04-12 09:01:30
1649754090145145000,77.2,1,77.1,15,77.2,684,1,2022-04-12 09:01:30
1649754090606480000,77.2,2,77.1,15,77.2,693,1,2022-04-12 09:01:30
1649754090888722000,77.2,1,77.1,17,77.2,694,1,2022-04-12 09:01:30
1649754090927901000,77.2,1,77.1,17,77.2,693,1,2022-04-12 09:01:30
1649754091554855000,77.1,1,77.1,18,77.2,697,2,2022-04-12 09:01:31
1649754091757119000,77.1,1,77.1,17,77.2,689,2,2022-04-12 09:01:31
1649754091762526000,77.2,1,77.1,17,77.2,688,1,2022-04-12 09:01:31
1649754092579492000,77.2,2,77.1,18,77.2,681,1,2022-04-12 09:01:32
1649754092709310000,77.2,2,77.1,18,77.2,677,1,2022-04-12 09:01:32
1649754093213748000,77.2,1,77.1,18,77.2,678,1,2022-04-12 09:01:33
1649754093362212000,77.2,1,77.1,18,77.2,677,1,2022-04-12 09:01:33
1649754093391692000,77.1,1,77.1,17,77.2,677,2,2022-04-12 09:01:33
1649754093768824000,77.2,1,77.1,22,77.2,678,1,2022-04-12 09:01:33
1649754094254490000,77.1,1,77.1,24,77.2,677,2,2022-04-12 09:01:34
1649754094514584000,77.1,1,77.1,24,77.2,677,2,2022-04-12 09:01:34
1649754094729337000,77.2,1,77.1,25,77.2,676,1,2022-04-12 09:01:34
1649754094821532000,77.1,1,77.1,24,77.2,681,2,2022-04-12 09:01:34
1649754094996693000,77.1,1,77.1,23,77.2,692,2,2022-04-12 09:01:34
1649754095084254000,77.2,2,77.1,23,77.2,690,1,2022-04-12 09:01:35
1649754095086889000,77.2,1,77.1,23,77.2,689,1,2022-04-12 09:01:35
1649754095229191000,77.1,1,77.1,22,77.2,690,2,2022-04-12 09:01:35
1649754095500964000,77.2,1,77.1,29,77.2,689,1,2022-04-12 09:01:35
1649754095508105000,77.1,1,77.1,28,77.2,689,2,2022-04-12 09:01:35
1649754095584547000,77.2,2,77.1,28,77.2,687,1,2022-04-12 09:01:35
1649754095691745000,77.2,1,77.1,28,77.2,686,1,2022-04-12 09:01:35
1649754095809757000,77.2,1,77.1,28,77.2,685,1,2022-04-12 09:01:35
1649754095841670000,77.2,3,77.1,28,77.2,682,1,2022-04-12 09:01:35
1649754095987637000,77.2,1,77.1,28,77.2,681,1,2022-04-12 09:01:35
1649754096001229000,77.1,2,77.1,26,77.2,682,2,2022-04-12 09:01:36
1649754096230820000,77.2,1,77.1,26,77.2,681,1,2022-04-12 09:01:36
1649754096508409000,77.1,1,77.1,25,77.2,682,2,2022-04-12 09:01:36
1649754096567723000,77.2,1,77.1,25,77.2,682,1,2022-04-12 09:01:36
1649754096800700000,77.2,1,77.1,26,77.2,681,1,2022-04-12 09:01:36
1649754096947424000,77.2,1,77.1,26,77.2,680,1,2022-04-12 09:01:36
1649754097664121000,77.2,1,77.1,28,77.2,692,1,2022-04-12 09:01:37
1649754097814390000,77.2,1,77.1,28,77.2,691,1,2022-04-12 09:01:37
1649754097915676000,77.2,1,77.1,28,77.2,690,1,2022-04-12 09:01:37
1649754097959374000,77.2,1,77.1,28,77.2,689,1,2022-04-12 09:01:37
1649754098028505000,77.1,3,77.1,25,77.2,689,2,2022-04-12 09:01:38
1649754098048996000,77.1,4,77.1,21,77.2,685,2,2022-04-12 09:01:38
1649754098428798000,77.2,1,77.1,24,77.2,695,1,2022-04-12 09:01:38
1649754098545414000,77.2,1,77.1,25,77.2,695,1,2022-04-12 09:01:38
1649754098831724000,77.2,1,77.1,25,77.2,695,1,2022-04-12 09:01:38
1649754099946788000,77.2,1,77.1,32,77.2,716,1,2022-04-12 09:01:39
1649754100085019000,77.2,1,77.1,35,77.2,716,1,2022-04-12 09:01:40
1649754100107047000,77.2,3,77.1,35,77.2,713,1,2022-04-12 09:01:40
1649754100377178000,77.1,7,77.1,30,77.2,713,2,2022-04-12 09:01:40
1649754100843394000,77.2,1,77.1,41,77.2,712,1,2022-04-12 09:01:40
1649754100856113000,77.2,1,77.1,41,77.2,711,1,2022-04-12 09:01:40
1649754101355215000,77.1,1,77.1,41,77.2,711,2,2022-04-12 09:01:41
1649754101386158000,77.2,1,77.1,41,77.2,710,1,2022-04-12 09:01:41
1649754101609487000,77.2,1,77.1,41,77.2,709,1,2022-04-12 09:01:41
1649754102039321000,77.1,10,77.1,32,77.2,709,2,2022-04-12 09:01:42
1649754102164037000,77.2,1,77.1,32,77.2,710,1,2022-04-12 09:01:42
1649754102313345000,77.2,1,77.1,33,77.2,709,1,2022-04-12 09:01:42
1649754102410295000,77.2,2,77.1,33,77.2,707,1,2022-04-12 09:01:42
1649754102756093000,77.2,1,77.1,33,77.2,710,1,2022-04-12 09:01:42
1649754102807757000,77.2,2,77.1,35,77.2,708,1,2022-04-12 09:01:42
1649754102946306000,77.1,5,77.1,30,77.2,708,2,2022-04-12 09:01:42
1649754103320629000,77.2,1,77.1,30,77.2,707,1,2022-04-12 09:01:43
1649754103597975000,77.1,1,77.1,30,77.2,707,2,2022-04-12 09:01:43
1649754103716575000,77.2,1,77.1,30,77.2,706,1,2022-04-12 09:01:43
1649754103852955000,77.2,1,77.1,30,77.2,704,1,2022-04-12 09:01:43
1649754103968944000,77.2,2,77.1,30,77.2,702,1,2022-04-12 09:01:43
1649754103999988000,77.2,1,77.1,30,77.2,701,1,2022-04-12 09:01:43
1649754104100322000,77.1,2,77.1,28,77.2,701,2,2022-04-12 09:01:44
1649754104261217000,77.2,1,77.1,28,77.2,700,1,2022-04-12 09:01:44
1649754104314518000,77.1,1,77.1,27,77.2,700,2,2022-04-12 09:01:44
1649754104365956000,77.2,1,77.1,27,77.2,699,1,2022-04-12 09:01:44
1649754104373799000,77.2,1,77.1,27,77.2,698,1,2022-04-12 09:01:44
1649754104373903000,77.2,1,77.1,27,77.2,697,1,2022-04-12 09:01:44
1649754104882853000,77.2,1,77.1,30,77.2,703,1,2022-04-12 09:01:44
1649754105445101000,77.2,1,77.1,33,77.2,703,1,2022-04-12 09:01:45
1649754105886048000,77.2,20,77.1,34,77.2,683,1,2022-04-12 09:01:45
1649754105887858000,77.2,1,77.1,34,77.2,682,1,2022-04-12 09:01:45
1649754106042252000,77.2,2,77.1,34,77.2,680,1,2022-04-12 09:01:46
1649754106167113000,77.1,1,77.1,34,77.2,680,2,2022-04-12 09:01:46
1649754106248352000,77.1,1,77.1,33,77.2,680,2,2022-04-12 09:01:46
1649754106540366000,77.2,2,77.1,35,77.2,679,1,2022-04-12 09:01:46
1649754106780963000,77.2,1,77.1,35,77.2,678,1,2022-04-12 09:01:46
1649754107073146000,77.2,2,77.1,35,77.2,675,1,2022-04-12 09:01:47
1649754107105625000,77.1,1,77.1,34,77.2,675,2,2022-04-12 09:01:47
1649754107511638000,77.2,4,77.1,34,77.2,672,1,2022-04-12 09:01:47
1649754107713308000,77.1,1,77.1,33,77.2,673,2,2022-04-12 09:01:47
1649754107752405000,77.2,2,77.1,34,77.2,671,1,2022-04-12 09:01:47
1649754108041020000,77.2,1,77.1,35,77.2,674,1,2022-04-12 09:01:48
1649754108204252000,77.2,1,77.1,41,77.2,673,1,2022-04-12 09:01:48
1649754108857461000,77.2,1,77.1,44,77.2,672,1,2022-04-12 09:01:48
1649754108921396000,77.1,1,77.1,43,77.2,672,2,2022-04-12 09:01:48
1649754109039665000,77.2,1,77.1,43,77.2,671,1,2022-04-12 09:01:49
1649754109065563000,77.2,1,77.1,43,77.2,670,1,2022-04-12 09:01:49
1649754109338247000,77.2,3,77.1,43,77.2,668,1,2022-04-12 09:01:49
1649754109725451000,77.2,1,77.1,43,77.2,667,1,2022-04-12 09:01:49
1649754110020005000,77.2,1,77.1,43,77.2,666,1,2022-04-12 09:01:50
1649754110045675000,77.1,1,77.1,42,77.2,668,2,2022-04-12 09:01:50
1649754110766352000,77.1,1,77.1,43,77.2,718,2,2022-04-12 09:01:50
1649754110797299000,77.2,1,77.1,46,77.2,717,1,2022-04-12 09:01:50
1649754110972199000,77.2,2,77.1,47,77.2,718,1,2022-04-12 09:01:50
1649754111811377000,77.2,2,77.1,48,77.2,723,1,2022-04-12 09:01:51
1649754111864057000,77.1,1,77.1,47,77.2,723,2,2022-04-12 09:01:51
1649754111916880000,77.2,1,77.1,47,77.2,722,1,2022-04-12 09:01:51
1649754112531248000,77.2,5,77.1,54,77.2,718,1,2022-04-12 09:01:52
1649754112578518000,77.2,1,77.1,53,77.2,717,1,2022-04-12 09:01:52
1649754113327855000,77.1,1,77.1,53,77.2,720,2,2022-04-12 09:01:53
1649754113473393000,77.1,2,77.1,52,77.2,720,2,2022-04-12 09:01:53
1649754113618593000,77.2,1,77.1,53,77.2,720,1,2022-04-12 09:01:53
1649754114356181000,77.1,6,77.1,49,77.2,727,2,2022-04-12 09:01:54
1649754114651038000,77.2,1,77.1,49,77.2,727,1,2022-04-12 09:01:54
1649754115108543000,77.1,1,77.1,48,77.2,727,2,2022-04-12 09:01:55
1649754115421427000,77.2,1,77.1,49,77.2,770,1,2022-04-12 09:01:55
1649754115432747000,77.2,5,77.1,49,77.2,765,1,2022-04-12 09:01:55
1649754116219019000,77.1,1,77.1,56,77.2,773,2,2022-04-12 09:01:56
1649754116287363000,77.1,1,77.1,55,77.2,772,2,2022-04-12 09:01:56
1649754116609570000,77.1,1,77.1,55,77.2,775,2,2022-04-12 09:01:56
1649754116679659000,77.2,1,77.1,55,77.2,774,1,2022-04-12 09:01:56
1649754116682536000,77.1,1,77.1,54,77.2,773,2,2022-04-12 09:01:56
1649754117008849000,77.1,1,77.1,54,77.2,777,2,2022-04-12 09:01:57
1649754117740438000,77.1,1,77.1,54,77.2,780,2,2022-04-12 09:01:57
1649754117749692000,77.1,1,77.1,53,77.2,780,2,2022-04-12 09:01:57
1649754118013080000,77.1,1,77.1,53,77.2,780,2,2022-04-12 09:01:58
1649754118299004000,77.2,1,77.1,54,77.2,779,1,2022-04-12 09:01:58
1649754118788961000,77.1,1,77.1,53,77.2,781,2,2022-04-12 09:01:58
1649754119278859000,77.2,1,77.1,57,77.2,781,1,2022-04-12 09:01:59
1649754119419608000,77.1,1,77.1,56,77.2,785,2,2022-04-12 09:01:59
1649754119604460000,77.2,1,77.1,58,77.2,785,1,2022-04-12 09:01:59
1649754119766776000,77.1,1,77.1,57,77.2,785,2,2022-04-12 09:01:59
1649754119994214000,77.2,2,77.1,55,77.2,783,1,2022-04-12 09:01:59
1649754120257282000,77.2,10,77.1,55,77.2,808,1,2022-04-12 09:02:00
1649754120629084000,77.1,1,77.1,55,77.2,808,2,2022-04-12 09:02:00
1649754121154563000,77.2,1,77.1,54,77.2,809,1,2022-04-12 09:02:01
1649754121628320000,77.1,1,77.1,53,77.2,809,2,2022-04-12 09:02:01
1649754121780242000,77.1,1,77.1,53,77.2,809,2,2022-04-12 09:02:01
1649754122323191000,77.1,1,77.1,53,77.2,813,2,2022-04-12 09:02:02
1649754122359849000,77.1,1,77.1,52,77.2,814,2,2022-04-12 09:02:02
1649754122515918000,77.1,1,77.1,51,77.2,814,2,2022-04-12 09:02:02
1649754122922659000,77.1,2,77.1,49,77.2,814,2,2022-04-12 09:02:02
1649754122951321000,77.2,1,77.1,49,77.2,813,1,2022-04-12 09:02:02
1649754123249018000,77.1,1,77.1,48,77.2,813,2,2022-04-12 09:02:03
1649754123296762000,77.1,2,77.1,46,77.2,814,2,2022-04-12 09:02:03
1649754123811300000,77.1,1,77.1,46,77.2,816,2,2022-04-12 09:02:03
1649754124097735000,77.1,1,77.1,45,77.2,816,2,2022-04-12 09:02:04
1649754124149407000,77.1,1,77.1,44,77.2,816,2,2022-04-12 09:02:04
1649754124214209000,77.1,3,77.1,41,77.2,813,2,2022-04-12 09:02:04
1649754125501249000,77.1,1,77.1,42,77.2,815,2,2022-04-12 09:02:05
1649754125531858000,77.1,1,77.1,41,77.2,815,2,2022-04-12 09:02:05
1649754125570983000,77.2,1,77.1,41,77.2,814,1,2022-04-12 09:02:05
1649754125783807000,77.1,1,77.1,41,77.2,813,2,2022-04-12 09:02:05
1649754125926699000,77.1,1,77.1,40,77.2,813,2,2022-04-12 09:02:05
1649754126283826000,77.2,5,77.1,41,77.2,809,1,2022-04-12 09:02:06
1649754126587505000,77.2,1,77.1,41,77.2,809,1,2022-04-12 09:02:06
1649754126707061000,77.1,10,77.1,31,77.2,809,2,2022-04-12 09:02:06
1649754126812871000,77.2,4,77.1,31,77.2,805,1,2022-04-12 09:02:06
1649754127343830000,77.2,1,77.1,31,77.2,804,1,2022-04-12 09:02:07
1649754127346362000,77.1,1,77.1,30,77.2,804,2,2022-04-12 09:02:07
1649754127606323000,77.2,1,77.1,31,77.2,803,1,2022-04-12 09:02:07
1649754128155827000,77.1,1,77.1,30,77.2,802,2,2022-04-12 09:02:08
1649754128403849000,77.1,1,77.1,30,77.2,804,2,2022-04-12 09:02:08
1649754128579429000,77.2,1,77.1,30,77.2,804,1,2022-04-12 09:02:08
1649754128820075000,77.2,1,77.1,29,77.2,803,1,2022-04-12 09:02:08
1649754128844578000,77.1,2,77.1,27,77.2,801,2,2022-04-12 09:02:08
1649754129301497000,77.1,1,77.1,27,77.2,803,2,2022-04-12 09:02:09
1649754129385180000,77.1,12,77.1,15,77.2,803,2,2022-04-12 09:02:09
1649754129490199000,77.1,1,77.1,15,77.2,803,2,2022-04-12 09:02:09
1649754129704591000,77.2,1,77.1,15,77.2,802,1,2022-04-12 09:02:09
1649754129735993000,77.1,5,77.1,10,77.2,802,2,2022-04-12 09:02:09
1649754129836491000,77.1,1,77.1,10,77.2,802,2,2022-04-12 09:02:09
1649754130298417000,77.1,10,77.1,1,77.2,802,2,2022-04-12 09:02:10
1649754130315088000,77.1,1,77.0,85,77.2,802,2,2022-04-12 09:02:10
1649754130338657000,77.2,1,77.0,85,77.2,801,1,2022-04-12 09:02:10
1649754130848464000,77.1,1,77.0,85,77.1,3,1,2022-04-12 09:02:10
1649754131009790000,77.1,2,77.0,85,77.1,5,1,2022-04-12 09:02:11
1649754131456612000,77.0,30,77.0,55,77.1,5,2,2022-04-12 09:02:11
1649754131496825000,77.1,2,77.0,55,77.1,4,1,2022-04-12 09:02:11
1649754131616781000,77.1,1,77.0,55,77.1,5,1,2022-04-12 09:02:11
1649754131811274000,77.1,1,77.0,55,77.1,4,1,2022-04-12 09:02:11
1649754132063305000,77.0,1,77.0,55,77.1,4,2,2022-04-12 09:02:12
1649754133082647000,77.1,1,77.0,55,77.1,10,1,2022-04-12 09:02:13
1649754134087352000,77.1,3,77.0,55,77.1,17,1,2022-04-12 09:02:14
1649754134308380000,77.0,1,77.0,54,77.1,17,2,2022-04-12 09:02:14
1649754134437614000,77.0,1,77.0,53,77.1,17,2,2022-04-12 09:02:14
1649754135055462000,77.1,1,77.0,54,77.1,20,1,2022-04-12 09:02:15
1649754135134373000,77.1,1,77.0,55,77.1,19,1,2022-04-12 09:02:15
1649754135174853000,77.0,10,77.0,45,77.1,19,2,2022-04-12 09:02:15
1649754135183376000,77.1,2,77.0,45,77.1,17,1,2022-04-12 09:02:15
1649754135302283000,77.1,1,77.0,45,77.1,16,1,2022-04-12 09:02:15
1649754135995651000,77.1,1,77.0,45,77.1,17,1,2022-04-12 09:02:15
1649754136385192000,77.1,1,77.0,45,77.1,16,1,2022-04-12 09:02:16
1649754136513526000,77.1,1,77.0,45,77.1,15,1,2022-04-12 09:02:16
1649754137947615000,77.1,1,77.0,46,77.1,28,1,2022-04-12 09:02:17
1649754138107345000,77.0,2,77.0,44,77.1,28,2,2022-04-12 09:02:18
1649754138807380000,77.1,1,77.0,44,77.1,30,1,2022-04-12 09:02:18
1649754138827969000,77.0,1,77.0,43,77.1,30,2,2022-04-12 09:02:18
1649754139480301000,77.0,1,77.0,42,77.1,46,2,2022-04-12 09:02:19
1649754139581631000,77.1,1,77.0,42,77.1,45,1,2022-04-12 09:02:19
1649754139734491000,77.0,1,77.0,41,77.1,47,2,2022-04-12 09:02:19
1649754140531132000,77.0,2,77.0,39,77.1,49,2,2022-04-12 09:02:20
1649754141540411000,77.1,20,77.0,39,77.1,29,1,2022-04-12 09:02:21
1649754142916697000,77.0,2,77.0,38,77.1,36,2,2022-04-12 09:02:22
1649754143259495000,77.0,1,77.0,36,77.1,36,2,2022-04-12 09:02:23
1649754143396409000,77.0,1,77.0,36,77.1,36,2,2022-04-12 09:02:23
1649754143805093000,77.0,10,77.0,27,77.1,36,2,2022-04-12 09:02:23
1649754144520800000,77.0,28,76.9,26,77.0,16,2,2022-04-12 09:02:24
1649754144674410000,77.0,1,76.9,26,77.0,15,1,2022-04-12 09:02:24
1649754144833780000,77.0,1,76.9,27,77.0,14,1,2022-04-12 09:02:24
1649754144974568000,76.9,10,76.9,17,77.0,14,2,2022-04-12 09:02:24
1649754145342497000,77.0,1,76.9,17,77.0,44,1,2022-04-12 09:02:25
1649754145441991000,76.9,17,76.8,48,76.9,14,2,2022-04-12 09:02:25
1649754145725874000,76.9,1,76.8,48,76.9,13,1,2022-04-12 09:02:25
1649754145854030000,76.9,1,76.8,48,76.9,12,1,2022-04-12 09:02:25
1649754146060762000,76.9,1,76.8,48,76.9,42,1,2022-04-12 09:02:26
1649754146396536000,76.8,31,76.8,17,76.9,42,2,2022-04-12 09:02:26
1649754146494519000,76.8,1,76.8,16,76.9,42,2,2022-04-12 09:02:26
1649754146551228000,76.9,2,76.8,16,76.9,40,1,2022-04-12 09:02:26
1649754146717983000,76.9,1,76.8,16,76.9,39,1,2022-04-12 09:02:26
1649754147708154000,76.8,1,76.8,15,76.9,39,2,2022-04-12 09:02:27
1649754148535643000,76.9,1,76.8,15,76.9,39,1,2022-04-12 09:02:28
1649754148545320000,76.9,1,76.8,15,76.9,38,1,2022-04-12 09:02:28
1649754148637501000,76.9,1,76.8,15,76.9,37,1,2022-04-12 09:02:28
1649754148772906000,76.8,5,76.8,10,76.9,38,2,2022-04-12 09:02:28
1649754148861402000,76.9,10,76.8,10,76.9,28,1,2022-04-12 09:02:28
1649754149146460000,76.9,1,76.8,10,76.9,27,1,2022-04-12 09:02:29
1649754149153690000,76.8,5,76.8,5,76.9,27,2,2022-04-12 09:02:29
1649754149192965000,76.8,2,76.8,3,76.9,27,2,2022-04-12 09:02:29
1649754149620473000,76.9,1,76.8,3,76.9,26,1,2022-04-12 09:02:29
1649754149708904000,76.9,1,76.8,3,76.9,25,1,2022-04-12 09:02:29
1649754149859056000,76.8,3,76.7,31,76.9,25,2,2022-04-12 09:02:29
1649754150308518000,76.8,3,76.7,31,76.8,12,1,2022-04-12 09:02:30
1649754150566873000,76.8,10,76.7,31,76.8,3,1,2022-04-12 09:02:30
1649754150783393000,76.8,3,76.7,46,76.9,26,1,2022-04-12 09:02:30
1649754151046891000,76.7,46,76.6,117,76.7,4,2,2022-04-12 09:02:31
1649754151883611000,76.6,5,76.6,127,76.7,4,2,2022-04-12 09:02:31
1649754152023439000,76.7,3,76.6,127,76.7,1,1,2022-04-12 09:02:32
1649754152176870000,76.6,2,76.6,125,76.7,1,2,2022-04-12 09:02:32
1649754152255458000,76.7,1,76.6,125,76.8,25,1,2022-04-12 09:02:32
1649754152255458000,76.8,1,76.6,125,76.8,25,1,2022-04-12 09:02:32
1649754152281999000,76.6,1,76.6,124,76.8,25,2,2022-04-12 09:02:32
1649754152290008000,76.8,1,76.6,124,76.8,24,1,2022-04-12 09:02:32
1649754152458631000,76.6,1,76.6,123,76.8,24,2,2022-04-12 09:02:32
1649754152751739000,76.6,3,76.6,120,76.8,24,2,2022-04-12 09:02:32
1649754152800215000,76.8,1,76.6,120,76.8,23,1,2022-04-12 09:02:32
1649754153134366000,76.8,1,76.6,120,76.8,22,1,2022-04-12 09:02:33
1649754153406353000,76.8,1,76.6,120,76.8,21,1,2022-04-12 09:02:33
1649754153571087000,76.7,1,76.6,115,76.8,21,2,2022-04-12 09:02:33
1649754153571087000,76.6,5,76.6,115,76.8,21,2,2022-04-12 09:02:33
1649754153606462000,76.6,2,76.6,113,76.8,21,2,2022-04-12 09:02:33
1649754153710224000,76.6,3,76.6,110,76.7,1,2,2022-04-12 09:02:33
1649754154296469000,76.7,1,76.6,110,76.7,2,1,2022-04-12 09:02:34
1649754154612579000,76.6,1,76.6,109,76.7,2,2,2022-04-12 09:02:34
1649754154834004000,76.6,5,76.6,104,76.7,2,2,2022-04-12 09:02:34
1649754154893086000,76.7,1,76.6,104,76.7,1,1,2022-04-12 09:02:34
1649754154895513000,76.7,1,76.6,104,76.8,21,1,2022-04-12 09:02:34
1649754154909868000,76.8,3,76.6,104,76.8,18,1,2022-04-12 09:02:34
1649754155460711000,76.8,1,76.6,104,76.8,18,1,2022-04-12 09:02:35
1649754156910343000,76.7,1,76.6,105,76.7,1,1,2022-04-12 09:02:36
1649754157118851000,76.6,1,76.6,105,76.7,1,2,2022-04-12 09:02:37
1649754157275674000,76.7,1,76.6,105,76.8,10,1,2022-04-12 09:02:37
1649754157275674000,76.8,4,76.6,105,76.8,10,1,2022-04-12 09:02:37
1649754157519163000,76.6,70,76.6,35,76.8,10,2,2022-04-12 09:02:37
1649754157899895000,76.6,4,76.6,34,76.8,10,2,2022-04-12 09:02:37
1649754158502428000,76.6,10,76.6,24,76.8,10,2,2022-04-12 09:02:38
1649754158791378000,76.6,1,76.6,23,76.8,10,2,2022-04-12 09:02:38
1649754158966048000,76.6,3,76.6,20,76.8,11,2,2022-04-12 09:02:38
1649754159148963000,76.8,1,76.6,20,76.8,10,1,2022-04-12 09:02:39
1649754159455667000,76.6,14,76.6,6,76.7,1,2,2022-04-12 09:02:39
1649754159480137000,76.7,1,76.6,6,76.8,10,1,2022-04-12 09:02:39
1649754159543151000,76.6,5,76.6,1,76.8,10,2,2022-04-12 09:02:39
1649754159731211000,76.6,2,76.5,57,76.6,3,2,2022-04-12 09:02:39
1649754159862017000,76.6,1,76.5,57,76.6,2,1,2022-04-12 09:02:39
1649754160522036000,76.5,50,76.5,7,76.6,3,2,2022-04-12 09:02:40
1649754160811105000,76.6,13,76.5,7,76.7,10,1,2022-04-12 09:02:40
1649754160923759000,76.5,1,76.5,6,76.7,10,2,2022-04-12 09:02:40
1649754160930189000,76.5,5,76.5,1,76.7,10,2,2022-04-12 09:02:40
1649754161324119000,76.5,1,76.4,25,76.5,49,2,2022-04-12 09:02:41
1649754161484012000,76.5,1,76.4,25,76.5,48,1,2022-04-12 09:02:41
1649754161485967000,76.5,2,76.4,25,76.5,46,1,2022-04-12 09:02:41
1649754161845193000,76.5,2,76.4,25,76.5,44,1,2022-04-12 09:02:41
1649754162055339000,76.4,3,76.4,22,76.5,44,2,2022-04-12 09:02:42
1649754162182387000,76.4,1,76.4,21,76.5,44,2,2022-04-12 09:02:42
1649754162309485000,76.5,2,76.4,21,76.5,42,1,2022-04-12 09:02:42
1649754162353053000,76.4,2,76.4,19,76.5,42,2,2022-04-12 09:02:42
1649754162451516000,76.4,3,76.4,16,76.5,42,2,2022-04-12 09:02:42
1649754162509054000,76.4,3,76.4,13,76.5,42,2,2022-04-12 09:02:42
1649754162727688000,76.5,1,76.4,13,76.5,41,1,2022-04-12 09:02:42
1649754162788419000,76.5,1,76.4,13,76.5,40,1,2022-04-12 09:02:42
1649754162914500000,76.5,1,76.4,13,76.5,39,1,2022-04-12 09:02:42
1649754162950802000,76.4,1,76.4,12,76.5,39,2,2022-04-12 09:02:42
1649754162956193000,76.5,39,76.4,12,76.6,2,1,2022-04-12 09:02:42
1649754163597871000,76.6,4,76.4,12,76.8,4,1,2022-04-12 09:02:43
1649754163597871000,76.7,1,76.4,12,76.8,4,1,2022-04-12 09:02:43
1649754163597871000,76.8,5,76.4,12,76.8,4,1,2022-04-12 09:02:43
1649754163896974000,76.4,10,76.4,2,76.8,4,2,2022-04-12 09:02:43
1649754163917978000,76.8,2,76.4,2,76.8,2,1,2022-04-12 09:02:43
1649754164203552000,76.5,4,76.4,2,76.5,2,1,2022-04-12 09:02:44
1649754164366019000,76.5,1,76.4,2,76.5,1,1,2022-04-12 09:02:44
1649754164434859000,76.5,1,76.4,2,76.6,5,1,2022-04-12 09:02:44
1649754164558716000,76.4,3,76.3,28,76.4,1,2,2022-04-12 09:02:44
1649754164567546000,76.4,1,76.3,28,76.6,1,1,2022-04-12 09:02:44
1649754164567546000,76.6,4,76.3,28,76.6,1,1,2022-04-12 09:02:44
1649754164578846000,76.6,1,76.3,28,76.8,14,1,2022-04-12 09:02:44
1649754164621630000,76.8,1,76.5,5,76.8,13,1,2022-04-12 09:02:44
1649754164673300000,76.6,1,76.6,1,76.8,1,2,2022-04-12 09:02:44
1649754164816969000,76.6,1,76.5,5,76.8,1,2,2022-04-12 09:02:44
1649754164842258000,76.5,5,76.3,28,76.8,1,2,2022-04-12 09:02:44
1649754165471817000,76.5,2,76.5,1,76.7,1,2,2022-04-12 09:02:45
1649754165532266000,76.7,1,76.5,3,76.8,2,1,2022-04-12 09:02:45
1649754165629208000,76.7,1,76.5,3,76.8,1,1,2022-04-12 09:02:45
1649754165629208000,76.8,1,76.5,3,76.8,1,1,2022-04-12 09:02:45
1649754165814900000,76.8,1,76.5,3,76.8,1,1,2022-04-12 09:02:45
1649754166265776000,76.6,1,76.6,1,76.8,1,2,2022-04-12 09:02:46
1649754166317482000,76.6,1,76.6,1,76.8,1,2,2022-04-12 09:02:46
1649754166620124000,76.8,1,76.6,1,76.9,7,1,2022-04-12 09:02:46
1649754166647702000,76.6,1,76.5,3,76.6,19,2,2022-04-12 09:02:46
1649754167119353000,76.6,1,76.5,3,76.6,18,1,2022-04-12 09:02:47
1649754167524440000,76.5,1,76.5,4,76.6,20,2,2022-04-12 09:02:47
1649754168291359000,76.6,20,76.5,14,76.8,2,1,2022-04-12 09:02:48
1649754168892516000,76.6,1,76.5,15,76.8,3,2,2022-04-12 09:02:48
1649754168985825000,76.5,1,76.5,14,76.8,3,2,2022-04-12 09:02:48
1649754169016545000,76.8,1,76.5,14,76.8,2,1,2022-04-12 09:02:49
1649754169248867000,76.8,2,76.5,20,76.9,19,1,2022-04-12 09:02:49
1649754169503725000,76.5,1,76.5,19,76.9,19,2,2022-04-12 09:02:49
1649754169615072000,76.5,1,76.5,18,76.9,19,2,2022-04-12 09:02:49
1649754170524945000,76.9,1,76.7,3,76.9,6,1,2022-04-12 09:02:50
1649754170563713000,76.9,6,76.7,3,77.0,65,1,2022-04-12 09:02:50
1649754170651906000,76.7,3,76.6,15,76.8,1,2,2022-04-12 09:02:50
1649754170651906000,76.6,3,76.6,15,76.8,1,2,2022-04-12 09:02:50
1649754171154493000,76.6,2,76.6,13,76.8,1,2,2022-04-12 09:02:51
1649754171752761000,76.8,2,76.8,4,77.0,65,1,2022-04-12 09:02:51
1649754172452386000,76.8,4,76.6,16,77.0,65,2,2022-04-12 09:02:52
1649754172452386000,76.6,1,76.6,16,77.0,65,2,2022-04-12 09:02:52
1649754173677896000,76.8,1,76.7,1,77.0,65,1,2022-04-12 09:02:53
1649754174235712000,77.0,3,76.7,1,77.0,62,1,2022-04-12 09:02:54
1649754174385137000,77.0,1,76.8,2,77.0,61,1,2022-04-12 09:02:54
1649754174452012000,76.8,2,76.6,43,77.0,61,2,2022-04-12 09:02:54
1649754174452012000,76.7,1,76.6,43,77.0,61,2,2022-04-12 09:02:54
1649754174602930000,77.0,1,76.6,43,77.0,60,1,2022-04-12 09:02:54
1649754175122131000,76.8,1,76.6,44,77.0,60,1,2022-04-12 09:02:55
1649754176090738000,76.6,1,76.6,44,76.8,1,2,2022-04-12 09:02:56
1649754176252549000,76.8,1,76.6,44,77.0,64,1,2022-04-12 09:02:56
1649754176403753000,76.6,1,76.6,43,77.0,64,2,2022-04-12 09:02:56
1649754177005170000,77.0,1,76.7,7,77.0,63,1,2022-04-12 09:02:57
1649754177901367000,77.0,1,76.7,10,77.0,62,1,2022-04-12 09:02:57
1649754178084097000,76.7,1,76.7,9,77.0,62,2,2022-04-12 09:02:58
1649754178576499000,76.7,3,76.7,7,77.0,31,2,2022-04-12 09:02:58
1649754179277202000,77.0,1,76.7,17,77.0,31,1,2022-04-12 09:02:59
1649754180213111000,76.8,1,76.7,19,77.0,31,2,2022-04-12 09:03:00
1649754181112398000,76.7,1,76.7,19,77.0,31,2,2022-04-12 09:03:01
1649754181611991000,77.0,1,76.7,19,77.0,24,1,2022-04-12 09:03:01
1649754181743387000,77.0,1,76.7,19,77.0,25,1,2022-04-12 09:03:01
1649754182298879000,77.0,16,76.7,24,77.0,9,1,2022-04-12 09:03:02
1649754182671974000,76.7,2,76.7,23,77.0,11,2,2022-04-12 09:03:02
1649754183235143000,77.0,1,76.7,23,77.0,11,1,2022-04-12 09:03:03
1649754183999854000,76.9,1,76.7,26,77.0,11,1,2022-04-12 09:03:03
1649754184030637000,76.7,2,76.7,24,77.0,11,2,2022-04-12 09:03:04
1649754184460626000,76.7,1,76.7,23,77.0,11,2,2022-04-12 09:03:04
1649754185314760000,77.0,1,76.7,24,77.0,10,1,2022-04-12 09:03:05
1649754186162265000,76.8,2,76.8,1,77.0,10,2,2022-04-12 09:03:06
1649754187624883000,76.8,1,76.8,1,77.0,11,2,2022-04-12 09:03:07
1649754187632851000,76.8,1,76.7,24,76.8,4,2,2022-04-12 09:03:07
1649754187673164000,76.8,4,76.7,24,77.0,11,1,2022-04-12 09:03:07
1649754187736854000,77.0,1,76.7,26,77.0,10,1,2022-04-12 09:03:07
1649754189073883000,76.8,1,76.7,33,77.0,13,2,2022-04-12 09:03:09
1649754190084640000,77.0,10,76.8,10,77.0,7,1,2022-04-12 09:03:10
1649754191600549000,76.8,10,76.8,5,77.0,10,2,2022-04-12 09:03:11
1649754191936118000,76.8,1,76.8,5,77.0,10,2,2022-04-12 09:03:11
1649754192797816000,77.0,1,76.8,5,77.0,9,1,2022-04-12 09:03:12
1649754192870152000,77.0,1,76.8,5,77.0,8,1,2022-04-12 09:03:12
1649754193102405000,76.8,2,76.8,3,77.0,8,2,2022-04-12 09:03:13
1649754193515525000,76.8,1,76.8,3,77.0,9,2,2022-04-12 09:03:13
1649754195050130000,76.8,1,76.8,5,77.0,13,2,2022-04-12 09:03:15
1649754195103770000,76.8,1,76.8,4,77.0,13,2,2022-04-12 09:03:15
1649754195608233000,76.8,1,76.8,14,77.0,15,2,2022-04-12 09:03:15
1649754196257129000,76.8,1,76.8,24,77.0,17,2,2022-04-12 09:03:16
1649754196495540000,77.0,1,76.9,1,77.0,16,1,2022-04-12 09:03:16
1649754197466231000,77.0,1,76.9,2,77.0,15,1,2022-04-12 09:03:17
1649754198493419000,76.9,2,76.8,34,77.0,15,2,2022-04-12 09:03:18
1649754199025133000,76.8,1,76.8,34,77.0,15,2,2022-04-12 09:03:19
1649754199331834000,77.0,10,76.8,34,77.0,5,1,2022-04-12 09:03:19
1649754199696082000,76.8,20,76.8,14,77.0,8,2,2022-04-12 09:03:19
1649754201112012000,77.0,1,76.8,22,77.0,10,1,2022-04-12 09:03:21
1649754201669230000,76.8,1,76.8,23,77.0,11,2,2022-04-12 09:03:21
1649754201864812000,77.0,5,76.8,24,77.0,6,1,2022-04-12 09:03:21
1649754202740305000,77.0,8,76.8,29,77.1,117,1,2022-04-12 09:03:22
1649754202740305000,77.1,2,76.8,29,77.1,117,1,2022-04-12 09:03:22
1649754202817269000,77.1,2,76.8,29,77.1,115,1,2022-04-12 09:03:22
1649754203791337000,76.8,10,76.8,22,77.0,2,2,2022-04-12 09:03:23
1649754203831179000,76.8,4,76.8,18,77.0,3,2,2022-04-12 09:03:23
1649754204734857000,76.9,1,76.8,19,76.9,1,1,2022-04-12 09:03:24
1649754205301855000,76.9,1,76.8,21,77.0,5,1,2022-04-12 09:03:25
1649754205704644000,77.0,1,76.8,23,77.0,22,1,2022-04-12 09:03:25
1649754206737642000,76.8,1,76.8,29,77.0,24,2,2022-04-12 09:03:26
1649754207105106000,76.8,2,76.8,29,77.0,25,2,2022-04-12 09:03:27
1649754207618376000,77.0,1,76.8,30,77.0,24,1,2022-04-12 09:03:27
1649754208651105000,76.8,2,76.8,33,77.0,44,2,2022-04-12 09:03:28
1649754209458689000,77.0,2,76.8,35,77.0,45,1,2022-04-12 09:03:29
1649754211671022000,77.0,1,76.9,1,77.0,44,1,2022-04-12 09:03:31
1649754211818748000,77.0,1,76.9,1,77.0,43,1,2022-04-12 09:03:31
1649754211844456000,77.0,5,76.9,1,77.0,38,1,2022-04-12 09:03:31
1649754213857247000,76.9,1,76.8,47,77.0,40,2,2022-04-12 09:03:33
1649754213857247000,76.8,4,76.8,47,77.0,40,2,2022-04-12 09:03:33
1649754214021447000,76.8,1,76.8,47,77.0,40,2,2022-04-12 09:03:34
1649754215596284000,76.9,1,76.9,4,77.0,42,2,2022-04-12 09:03:35
1649754216929271000,76.9,2,76.9,2,77.0,45,2,2022-04-12 09:03:36
1649754217346511000,76.9,1,76.9,1,77.0,45,2,2022-04-12 09:03:37
1649754218221997000,76.9,2,76.9,1,77.0,45,2,2022-04-12 09:03:38
1649754218581858000,76.9,1,76.8,62,77.0,45,2,2022-04-12 09:03:38
1649754218581858000,76.8,4,76.8,62,77.0,45,2,2022-04-12 09:03:38
1649754218816023000,76.8,1,76.8,61,77.0,45,2,2022-04-12 09:03:38
1649754219736301000,76.9,1,76.8,63,77.0,46,1,2022-04-12 09:03:39
1649754221231250000,76.9,1,76.8,66,76.9,4,1,2022-04-12 09:03:41
1649754221340003000,76.9,1,76.8,66,76.9,3,1,2022-04-12 09:03:41
1649754221405900000,76.9,1,76.8,66,76.9,2,1,2022-04-12 09:03:41
1649754221540696000,76.9,1,76.8,66,76.9,1,1,2022-04-12 09:03:41
1649754222093479000,76.9,3,76.8,66,77.0,47,1,2022-04-12 09:03:42
1649754222093479000,77.0,2,76.8,66,77.0,47,1,2022-04-12 09:03:42
1649754223649623000,77.0,1,76.9,2,77.0,49,1,2022-04-12 09:03:43
1649754223796980000,77.0,1,76.9,2,77.0,53,1,2022-04-12 09:03:43
1649754225530409000,76.9,1,76.9,1,77.0,53,2,2022-04-12 09:03:45
1649754225809912000,77.0,1,76.9,2,77.0,53,1,2022-04-12 09:03:45
1649754226464802000,77.0,1,76.9,2,77.0,61,1,2022-04-12 09:03:46
1649754226578496000,76.9,2,76.8,70,77.0,61,2,2022-04-12 09:03:46
1649754227075623000,77.0,1,76.9,1,77.0,62,1,2022-04-12 09:03:47
1649754228519966000,77.0,1,76.9,1,77.0,61,1,2022-04-12 09:03:48
1649754228591839000,76.9,1,76.8,69,77.0,61,2,2022-04-12 09:03:48
1649754228883504000,76.9,1,76.8,69,77.0,61,2,2022-04-12 09:03:48
1649754229131993000,76.9,1,76.8,69,77.0,61,1,2022-04-12 09:03:49
1649754229410570000,76.9,1,76.9,1,77.0,61,2,2022-04-12 09:03:49
1649754231182935000,77.0,1,76.9,7,77.0,64,1,2022-04-12 09:03:51
1649754231410507000,76.9,1,76.9,7,77.0,63,2,2022-04-12 09:03:51
1649754231718277000,76.9,5,76.9,2,77.0,67,2,2022-04-12 09:03:51
1649754232287816000,77.0,1,76.9,3,77.0,86,1,2022-04-12 09:03:52
1649754232532108000,77.0,2,76.9,6,77.0,83,1,2022-04-12 09:03:52
1649754232767171000,77.0,1,76.9,6,77.0,82,1,2022-04-12 09:03:52
1649754233387645000,76.9,1,76.9,6,77.0,95,2,2022-04-12 09:03:53
1649754233406792000,76.9,6,76.8,77,77.0,95,2,2022-04-12 09:03:53
1649754234244146000,76.8,1,76.8,77,77.0,95,2,2022-04-12 09:03:54
1649754235593538000,76.8,1,76.8,87,76.9,1,2,2022-04-12 09:03:55
1649754235734917000,76.9,1,76.9,2,77.0,96,1,2022-04-12 09:03:55
1649754238537072000,76.9,1,76.9,17,77.0,108,2,2022-04-12 09:03:58
1649754238896606000,76.9,1,76.9,16,77.0,123,2,2022-04-12 09:03:58
1649754239576677000,77.0,1,76.9,17,77.0,123,1,2022-04-12 09:03:59
1649754240886339000,77.0,1,76.9,23,77.0,125,1,2022-04-12 09:04:00
1649754241017499000,76.9,23,76.8,87,76.9,27,2,2022-04-12 09:04:01
1649754241901788000,76.9,1,76.8,88,76.9,27,1,2022-04-12 09:04:01
1649754242362296000,76.9,1,76.8,88,76.9,31,1,2022-04-12 09:04:02
1649754242774149000,76.9,1,76.8,89,76.9,30,1,2022-04-12 09:04:02
1649754242890802000,76.9,1,76.8,89,76.9,29,1,2022-04-12 09:04:02
1649754243289647000,76.9,2,76.8,89,76.9,27,1,2022-04-12 09:04:03
1649754243596588000,76.9,1,76.8,89,76.9,26,1,2022-04-12 09:04:03
1649754244036599000,76.9,2,76.8,89,76.9,24,1,2022-04-12 09:04:04
1649754244212481000,76.9,5,76.8,89,76.9,22,1,2022-04-12 09:04:04
1649754245535737000,76.8,1,76.8,88,76.9,22,2,2022-04-12 09:04:05
1649754246067689000,76.9,1,76.8,87,76.9,23,1,2022-04-12 09:04:06
1649754246243471000,76.9,1,76.8,86,76.9,23,1,2022-04-12 09:04:06
1649754247939356000,76.8,10,76.8,78,76.9,27,2,2022-04-12 09:04:07
1649754248098446000,76.9,2,76.8,78,76.9,26,1,2022-04-12 09:04:08
1649754248156926000,76.9,2,76.8,78,76.9,27,1,2022-04-12 09:04:08
1649754249034642000,76.8,1,76.8,72,76.9,28,2,2022-04-12 09:04:09
1649754249714348000,76.9,1,76.8,74,76.9,27,1,2022-04-12 09:04:09
1649754250769324000,76.8,13,76.8,61,76.9,28,2,2022-04-12 09:04:10
1649754251032012000,76.9,1,76.8,60,76.9,27,1,2022-04-12 09:04:11
1649754251301777000,76.8,1,76.8,59,76.9,27,2,2022-04-12 09:04:11
1649754252151665000,76.8,1,76.8,58,76.9,27,2,2022-04-12 09:04:12
1649754252199737000,76.9,1,76.8,58,76.9,26,1,2022-04-12 09:04:12
1649754253040906000,76.8,1,76.8,59,76.9,39,2,2022-04-12 09:04:13
1649754254520023000,76.9,5,76.8,59,76.9,44,1,2022-04-12 09:04:14
1649754254659638000,76.8,1,76.8,58,76.9,44,2,2022-04-12 09:04:14
1649754254972727000,76.8,1,76.8,57,76.9,44,2,2022-04-12 09:04:14
1649754256307775000,76.9,1,76.8,57,76.9,44,1,2022-04-12 09:04:16
1649754256553310000,76.8,1,76.8,58,76.9,44,2,2022-04-12 09:04:16
1649754256997127000,76.8,1,76.8,58,76.9,45,2,2022-04-12 09:04:16
1649754257606050000,76.9,1,76.8,59,76.9,44,1,2022-04-12 09:04:17
1649754257730551000,76.8,1,76.8,58,76.9,44,2,2022-04-12 09:04:17
1649754258218959000,76.8,1,76.8,56,76.9,44,2,2022-04-12 09:04:18
1649754258503112000,76.8,1,76.8,55,76.9,44,2,2022-04-12 09:04:18
1649754258530451000,76.8,2,76.8,53,76.9,44,2,2022-04-12 09:04:18
1649754259861311000,76.8,5,76.8,55,76.9,46,2,2022-04-12 09:04:19
1649754259904692000,76.8,6,76.8,49,76.9,47,2,2022-04-12 09:04:19
1649754260652657000,76.8,1,76.8,48,76.9,47,2,2022-04-12 09:04:20
1649754261025572000,76.8,10,76.8,39,76.9,47,2,2022-04-12 09:04:21
1649754261838511000,76.8,44,76.7,67,76.8,6,2,2022-04-12 09:04:21
1649754262509568000,76.8,1,76.7,82,76.8,78,1,2022-04-12 09:04:22
1649754262741609000,76.7,3,76.7,79,76.8,88,2,2022-04-12 09:04:22
1649754262868467000,76.7,70,76.7,9,76.8,88,2,2022-04-12 09:04:22
1649754262899491000,76.7,9,76.6,53,76.8,98,2,2022-04-12 09:04:22
1649754263061082000,76.6,5,76.6,48,76.8,98,2,2022-04-12 09:04:23
1649754263522430000,76.8,1,76.6,48,76.8,110,1,2022-04-12 09:04:23
1649754264133991000,76.7,2,76.6,48,76.7,18,1,2022-04-12 09:04:24
1649754264395446000,76.6,1,76.6,47,76.7,18,2,2022-04-12 09:04:24
1649754264397347000,76.7,2,76.6,47,76.7,16,1,2022-04-12 09:04:24
1649754264686466000,76.6,10,76.6,37,76.7,16,2,2022-04-12 09:04:24
1649754265140110000,76.7,1,76.6,37,76.7,18,1,2022-04-12 09:04:25
1649754265837540000,76.6,8,76.6,29,76.7,18,2,2022-04-12 09:04:25
1649754266149391000,76.7,1,76.6,29,76.7,17,1,2022-04-12 09:04:26
1649754266236189000,76.7,3,76.6,29,76.7,14,1,2022-04-12 09:04:26
1649754266241172000,76.7,14,76.6,29,76.8,92,1,2022-04-12 09:04:26
1649754266241172000,76.8,36,76.6,29,76.8,92,1,2022-04-12 09:04:26
1649754266520886000,76.6,10,76.6,19,76.8,92,2,2022-04-12 09:04:26
1649754266785347000,76.6,1,76.6,18,76.8,92,2,2022-04-12 09:04:26
1649754266905700000,76.6,1,76.6,17,76.8,92,2,2022-04-12 09:04:26
1649754267133354000,76.7,1,76.6,17,76.8,93,2,2022-04-12 09:04:27
1649754267843868000,76.7,2,76.6,17,76.7,10,1,2022-04-12 09:04:27
1649754267916930000,76.7,1,76.6,17,76.7,9,1,2022-04-12 09:04:27
1649754268376096000,76.6,1,76.6,33,76.7,9,2,2022-04-12 09:04:28
1649754269457451000,76.7,1,76.6,33,76.7,10,1,2022-04-12 09:04:29
1649754269874815000,76.7,10,76.6,33,76.7,1,1,2022-04-12 09:04:29
1649754270145035000,76.7,1,76.6,33,76.8,97,1,2022-04-12 09:04:30
1649754271033223000,76.6,1,76.6,45,76.7,2,2,2022-04-12 09:04:31
1649754272710786000,76.6,1,76.6,58,76.7,2,2,2022-04-12 09:04:32
1649754273365460000,76.6,15,76.6,44,76.7,2,2,2022-04-12 09:04:33
1649754273942322000,76.6,2,76.6,44,76.7,2,2,2022-04-12 09:04:33
1649754274363586000,76.6,13,76.6,31,76.7,2,2,2022-04-12 09:04:34
1649754274533122000,76.6,1,76.6,31,76.7,2,2,2022-04-12 09:04:34
1649754274645205000,76.7,2,76.6,31,76.8,59,1,2022-04-12 09:04:34
1649754274645205000,76.8,1,76.6,31,76.8,59,1,2022-04-12 09:04:34
1649754274823295000,76.6,1,76.6,30,76.8,59,2,2022-04-12 09:04:34
1649754275001094000,76.8,1,76.7,1,76.8,58,1,2022-04-12 09:04:35
1649754275348175000,76.7,1,76.6,30,76.8,58,2,2022-04-12 09:04:35
1649754275994211000,76.6,1,76.6,31,76.7,2,2,2022-04-12 09:04:35
1649754276136714000,76.7,1,76.6,31,76.7,1,1,2022-04-12 09:04:36
1649754276250926000,76.7,1,76.6,31,76.8,58,1,2022-04-12 09:04:36
1649754277296428000,76.6,3,76.6,28,76.8,58,2,2022-04-12 09:04:37
1649754277391588000,76.6,7,76.6,21,76.8,58,2,2022-04-12 09:04:37
1649754277431196000,76.6,3,76.6,19,76.8,58,2,2022-04-12 09:04:37
1649754279794970000,76.7,4,76.7,46,76.8,58,1,2022-04-12 09:04:39
1649754280070477000,76.7,2,76.7,44,76.8,60,2,2022-04-12 09:04:40
1649754280684844000,76.7,16,76.7,28,76.8,58,2,2022-04-12 09:04:40
1649754280967965000,76.7,1,76.7,27,76.8,58,2,2022-04-12 09:04:40
1649754281123727000,76.7,2,76.7,25,76.8,58,2,2022-04-12 09:04:41
1649754281423575000,76.8,29,76.8,17,76.9,28,1,2022-04-12 09:04:41
1649754281623119000,76.9,1,76.8,17,76.9,27,1,2022-04-12 09:04:41
1649754282010079000,76.8,2,76.8,17,76.9,27,2,2022-04-12 09:04:42
1649754282032033000,76.8,4,76.8,13,76.9,27,2,2022-04-12 09:04:42
1649754282322149000,76.8,13,76.7,25,76.8,22,2,2022-04-12 09:04:42
1649754282422915000,76.7,1,76.7,24,76.8,22,2,2022-04-12 09:04:42
1649754282530723000,76.8,2,76.7,24,76.8,20,1,2022-04-12 09:04:42
1649754282672138000,76.7,5,76.7,19,76.8,20,2,2022-04-12 09:04:42
1649754283073197000,76.8,1,76.7,19,76.8,19,1,2022-04-12 09:04:43
1649754283152090000,76.7,5,76.7,14,76.8,19,2,2022-04-12 09:04:43
1649754283267700000,76.7,1,76.7,14,76.8,19,2,2022-04-12 09:04:43
1649754283273625000,76.8,1,76.7,14,76.8,18,1,2022-04-12 09:04:43
1649754283389925000,76.7,2,76.7,12,76.8,18,2,2022-04-12 09:04:43
1649754283596960000,76.7,12,76.6,50,76.7,38,2,2022-04-12 09:04:43
1649754283783211000,76.7,1,76.6,51,76.7,37,1,2022-04-12 09:04:43
1649754284748218000,76.7,1,76.6,46,76.7,36,1,2022-04-12 09:04:44
1649754285069135000,76.7,8,76.6,46,76.7,28,1,2022-04-12 09:04:45
1649754285095531000,76.6,10,76.6,36,76.7,28,2,2022-04-12 09:04:45
1649754285237905000,76.7,1,76.6,36,76.7,27,1,2022-04-12 09:04:45
1649754285352410000,76.7,1,76.6,36,76.7,26,1,2022-04-12 09:04:45
1649754285784789000,76.7,1,76.6,36,76.7,25,1,2022-04-12 09:04:45
1649754286359348000,76.7,2,76.6,36,76.7,24,1,2022-04-12 09:04:46
1649754286480807000,76.6,5,76.6,31,76.7,24,2,2022-04-12 09:04:46
1649754287177287000,76.7,1,76.6,32,76.7,26,1,2022-04-12 09:04:47
1649754287435832000,76.7,3,76.6,32,76.7,23,1,2022-04-12 09:04:47
1649754288404162000,76.6,1,76.6,34,76.7,25,2,2022-04-12 09:04:48
1649754288421522000,76.7,1,76.6,34,76.7,24,1,2022-04-12 09:04:48
1649754290077274000,76.7,1,76.6,45,76.7,23,1,2022-04-12 09:04:50
1649754290725515000,76.7,6,76.6,45,76.7,17,1,2022-04-12 09:04:50
1649754290752536000,76.7,17,76.6,45,76.8,44,1,2022-04-12 09:04:50
1649754291366237000,76.8,3,76.7,42,76.8,41,1,2022-04-12 09:04:51
1649754291635888000,76.7,5,76.7,37,76.8,41,2,2022-04-12 09:04:51
1649754291888094000,76.8,2,76.7,37,76.8,39,1,2022-04-12 09:04:51
1649754292410578000,76.8,1,76.7,62,76.8,38,1,2022-04-12 09:04:52
1649754292929825000,76.8,12,76.7,63,76.8,26,1,2022-04-12 09:04:52
1649754293775726000,76.7,1,76.7,63,76.8,26,2,2022-04-12 09:04:53
1649754293791525000,76.8,10,76.7,63,76.8,16,1,2022-04-12 09:04:53
1649754293801552000,76.7,1,76.7,62,76.8,16,2,2022-04-12 09:04:53
1649754293949124000,76.8,1,76.7,62,76.8,15,1,2022-04-12 09:04:53
1649754294688791000,76.7,1,76.7,66,76.8,15,2,2022-04-12 09:04:54
1649754294733838000,76.7,1,76.7,65,76.8,15,2,2022-04-12 09:04:54
1649754294735611000,76.8,15,76.8,35,76.9,28,1,2022-04-12 09:04:54
1649754294772002000,76.8,2,76.8,33,76.9,28,2,2022-04-12 09:04:54
1649754295294653000,76.8,1,76.8,57,76.9,28,2,2022-04-12 09:04:55
1649754295478991000,76.8,1,76.8,56,76.9,28,2,2022-04-12 09:04:55
1649754295803299000,76.8,1,76.8,55,76.9,28,2,2022-04-12 09:04:55
1649754295891150000,76.9,10,76.8,55,76.9,18,1,2022-04-12 09:04:55
1649754296081823000,76.8,1,76.8,55,76.9,18,2,2022-04-12 09:04:56
1649754296164485000,76.8,1,76.8,54,76.9,18,2,2022-04-12 09:04:56
1649754296938586000,76.8,1,76.8,54,76.9,18,2,2022-04-12 09:04:56
1649754297033307000,76.8,3,76.8,51,76.9,68,2,2022-04-12 09:04:57
1649754297428468000,76.8,1,76.8,50,76.9,68,2,2022-04-12 09:04:57
1649754297679483000,76.8,3,76.8,48,76.9,68,2,2022-04-12 09:04:57
1649754297780847000,76.9,10,76.8,48,76.9,58,1,2022-04-12 09:04:57
1649754298469959000,76.9,1,76.8,49,76.9,57,1,2022-04-12 09:04:58
1649754298558873000,76.8,4,76.8,45,76.9,57,2,2022-04-12 09:04:58
1649754298759502000,76.8,1,76.8,46,76.9,57,2,2022-04-12 09:04:58
1649754299157749000,76.8,1,76.8,46,76.9,57,2,2022-04-12 09:04:59
1649754299171049000,76.9,57,76.8,46,77.0,20,1,2022-04-12 09:04:59
1649754299171049000,77.0,117,76.8,46,77.0,20,1,2022-04-12 09:04:59
1649754299266116000,77.0,1,76.8,46,77.0,19,1,2022-04-12 09:04:59
1649754299372240000,77.0,1,76.8,46,77.0,18,1,2022-04-12 09:04:59
1649754300295818000,77.0,19,76.9,1,77.2,897,1,2022-04-12 09:05:00
1649754300295818000,77.1,124,76.9,1,77.2,897,1,2022-04-12 09:05:00
1649754300295818000,77.2,57,76.9,1,77.2,897,1,2022-04-12 09:05:00
1649754300351510000,77.2,3,76.9,1,77.2,894,1,2022-04-12 09:05:00
1649754300353288000,77.2,1,76.9,1,77.2,893,1,2022-04-12 09:05:00
1649754300417250000,77.2,1,76.9,1,77.2,892,1,2022-04-12 09:05:00
1649754300424627000,77.2,2,77.1,1,77.2,890,1,2022-04-12 09:05:00
1649754300425804000,77.2,2,77.1,1,77.2,888,1,2022-04-12 09:05:00
1649754300464336000,77.2,348,77.1,1,77.2,540,1,2022-04-12 09:05:00
1649754300503319000,77.2,100,77.1,1,77.2,440,1,2022-04-12 09:05:00
1649754300525653000,77.2,3,77.1,1,77.2,437,1,2022-04-12 09:05:00
1649754300536417000,77.2,1,77.1,1,77.2,436,1,2022-04-12 09:05:00
1649754300643655000,77.1,1,76.9,2,77.0,3,2,2022-04-12 09:05:00
1649754300673376000,77.0,3,76.9,2,77.2,437,1,2022-04-12 09:05:00
1649754300841572000,77.2,5,76.9,2,77.2,433,1,2022-04-12 09:05:00
1649754300866522000,77.2,2,76.9,2,77.2,431,1,2022-04-12 09:05:00
1649754300867556000,77.2,1,76.9,2,77.2,430,1,2022-04-12 09:05:00
1649754300915450000,77.0,1,76.9,2,77.2,421,1,2022-04-12 09:05:00
1649754300915450000,77.2,9,76.9,2,77.2,421,1,2022-04-12 09:05:00
1649754300990375000,77.2,40,76.9,2,77.2,381,1,2022-04-12 09:05:00
1649754301013642000,77.2,200,76.9,2,77.2,181,1,2022-04-12 09:05:01
1649754301088501000,77.2,2,76.9,2,77.2,179,1,2022-04-12 09:05:01
1649754301105928000,77.2,2,76.9,2,77.2,177,1,2022-04-12 09:05:01
1649754301245044000,77.2,6,76.9,2,77.2,171,1,2022-04-12 09:05:01
1649754301257640000,77.2,10,76.9,2,77.2,161,1,2022-04-12 09:05:01
1649754301371865000,77.2,8,76.9,2,77.2,154,1,2022-04-12 09:05:01
1649754301689190000,77.2,10,76.9,2,77.2,144,1,2022-04-12 09:05:01
1649754301723344000,77.2,1,76.9,2,77.2,143,1,2022-04-12 09:05:01
1649754301728624000,77.2,13,76.9,2,77.2,130,1,2022-04-12 09:05:01
1649754301784816000,76.9,1,76.9,1,77.2,130,2,2022-04-12 09:05:01
1649754301850087000,77.2,3,76.9,1,77.2,127,1,2022-04-12 09:05:01
1649754302062858000,77.2,10,76.9,1,77.2,117,1,2022-04-12 09:05:02
1649754302079321000,77.2,10,76.9,1,77.2,107,1,2022-04-12 09:05:02
1649754302105378000,77.2,3,76.9,1,77.2,104,1,2022-04-12 09:05:02
1649754302138955000,77.2,1,76.9,1,77.2,103,1,2022-04-12 09:05:02
1649754302146488000,77.2,1,76.9,1,77.2,102,1,2022-04-12 09:05:02
1649754302246961000,77.2,10,76.9,1,77.2,92,1,2022-04-12 09:05:02
1649754302260652000,77.2,5,76.9,1,77.2,87,1,2022-04-12 09:05:02
1649754302270505000,77.2,2,76.9,1,77.2,85,1,2022-04-12 09:05:02
1649754302292601000,77.2,4,76.9,1,77.2,81,1,2022-04-12 09:05:02
1649754302337249000,77.2,3,76.9,1,77.2,78,1,2022-04-12 09:05:02
1649754302442134000,77.2,25,76.9,1,77.2,53,1,2022-04-12 09:05:02
1649754302474468000,77.2,53,76.9,1,0.0,0,1,2022-04-12 09:05:02
1649754303532042000,77.2,1,0.0,627,0.0,0,1,2022-04-12 09:05:03
1649754304112263000,77.2,1,0.0,627,0.0,0,1,2022-04-12 09:05:04
1649754304696753000,77.2,1,0.0,630,0.0,0,1,2022-04-12 09:05:04
1649754304809444000,77.2,1,0.0,631,0.0,0,1,2022-04-12 09:05:04
1649754304951277000,77.2,1,0.0,630,0.0,0,1,2022-04-12 09:05:04
1649754305270909000,77.2,3,0.0,629,0.0,0,1,2022-04-12 09:05:05
1649754305545215000,77.2,1,0.0,628,0.0,0,1,2022-04-12 09:05:05
1649754305707964000,77.2,1,0.0,597,0.0,0,1,2022-04-12 09:05:05
1649754306115163000,77.2,1,0.0,597,0.0,0,1,2022-04-12 09:05:06
1649754306569994000,77.2,1,0.0,598,0.0,0,1,2022-04-12 09:05:06
1649754306628449000,77.2,348,0.0,250,0.0,0,1,2022-04-12 09:05:06
1649754306647628000,77.2,1,0.0,249,0.0,0,1,2022-04-12 09:05:06
1649754306666403000,77.2,260,77.2,27,0.0,0,1,2022-04-12 09:05:06
1649754306729162000,77.2,2,77.2,25,0.0,0,1,2022-04-12 09:05:06
1649754306862303000,77.2,1,77.2,25,0.0,0,1,2022-04-12 09:05:06
1649754306933572000,77.2,6,77.2,19,0.0,0,1,2022-04-12 09:05:06
1649754307171800000,77.2,5,77.2,15,0.0,0,1,2022-04-12 09:05:07
1649754307365354000,77.2,6,77.2,9,0.0,0,1,2022-04-12 09:05:07
1649754307448229000,77.2,2,77.2,7,0.0,0,1,2022-04-12 09:05:07
1649754307496862000,77.2,7,76.9,2,77.2,3,1,2022-04-12 09:05:07
1649754307707586000,77.2,1,76.9,2,77.2,12,1,2022-04-12 09:05:07
1649754307746424000,77.2,12,77.2,8,0.0,0,1,2022-04-12 09:05:07
1649754307762401000,77.2,6,77.2,2,0.0,0,1,2022-04-12 09:05:07
1649754307770111000,77.2,2,76.9,2,0.0,0,1,2022-04-12 09:05:07
1649754308270466000,77.2,1,77.0,3,77.2,4,1,2022-04-12 09:05:08
1649754308384828000,77.2,1,77.0,3,77.2,104,1,2022-04-12 09:05:08
1649754309266792000,77.2,1,77.0,3,77.2,105,1,2022-04-12 09:05:09
1649754309357840000,77.2,4,77.0,3,77.2,101,1,2022-04-12 09:05:09
1649754309582271000,77.0,1,77.0,2,77.2,101,2,2022-04-12 09:05:09
1649754309654061000,77.2,5,77.0,2,77.2,96,1,2022-04-12 09:05:09
1649754309776783000,77.2,1,77.0,2,77.2,96,1,2022-04-12 09:05:09
1649754309997816000,77.2,15,77.0,2,77.2,81,1,2022-04-12 09:05:09
1649754310874209000,77.2,8,77.0,2,77.2,76,1,2022-04-12 09:05:10
1649754310896672000,77.0,1,77.0,1,77.2,76,2,2022-04-12 09:05:10
1649754312253737000,77.2,1,77.0,1,77.2,84,1,2022-04-12 09:05:12
1649754312278307000,77.2,1,77.0,1,77.2,83,1,2022-04-12 09:05:12
1649754312309780000,77.0,1,76.8,37,77.2,83,2,2022-04-12 09:05:12
1649754312309780000,76.9,3,76.8,37,77.2,83,2,2022-04-12 09:05:12
1649754312309780000,76.8,1,76.8,37,77.2,83,2,2022-04-12 09:05:12
1649754312778020000,77.2,1,76.8,40,77.2,17,1,2022-04-12 09:05:12
1649754313783451000,77.0,1,77.0,2,77.1,2,1,2022-04-12 09:05:13
1649754313975218000,77.1,2,77.0,2,77.2,24,1,2022-04-12 09:05:13
1649754313975218000,77.2,1,77.0,2,77.2,24,1,2022-04-12 09:05:13
1649754314075028000,77.2,5,77.0,3,77.2,19,1,2022-04-12 09:05:14
1649754314447087000,77.2,1,77.0,3,77.2,28,1,2022-04-12 09:05:14
1649754314941203000,77.2,2,77.0,13,77.2,30,1,2022-04-12 09:05:14
1649754315143990000,77.2,1,77.1,10,77.2,30,1,2022-04-12 09:05:15
1649754315212095000,77.1,1,77.1,9,77.2,30,2,2022-04-12 09:05:15
1649754315540652000,77.2,1,77.1,9,77.2,29,1,2022-04-12 09:05:15
1649754315600181000,77.2,5,77.1,24,77.2,24,1,2022-04-12 09:05:15
1649754315674024000,77.2,6,77.1,24,77.2,18,1,2022-04-12 09:05:15
1649754315697553000,77.2,10,77.1,24,77.2,8,1,2022-04-12 09:05:15
1649754315800028000,77.2,2,77.1,24,77.2,6,1,2022-04-12 09:05:15
1649754315831045000,77.2,2,77.1,24,77.2,4,1,2022-04-12 09:05:15
1649754318454521000,77.2,2,77.1,24,77.2,29,1,2022-04-12 09:05:18
1649754318630762000,77.2,1,77.1,24,77.2,30,1,2022-04-12 09:05:18
1649754318706662000,77.2,1,77.1,24,77.2,29,1,2022-04-12 09:05:18
1649754318991548000,77.2,1,77.1,24,77.2,43,1,2022-04-12 09:05:18
1649754319264979000,77.2,5,77.1,24,77.2,38,1,2022-04-12 09:05:19
1649754319603649000,77.2,10,77.1,24,77.2,28,1,2022-04-12 09:05:19
1649754320444130000,77.2,1,77.1,24,77.2,31,1,2022-04-12 09:05:20
1649754320499720000,77.2,1,77.1,24,77.2,30,1,2022-04-12 09:05:20
1649754320718143000,77.2,2,77.1,24,77.2,28,1,2022-04-12 09:05:20
1649754321449681000,77.1,1,77.1,23,77.2,28,2,2022-04-12 09:05:21
1649754321482732000,77.2,1,77.1,23,77.2,27,1,2022-04-12 09:05:21
1649754321773995000,77.2,2,77.1,23,77.2,25,1,2022-04-12 09:05:21
1649754321817434000,77.2,2,77.1,23,77.2,23,1,2022-04-12 09:05:21
1649754321838257000,77.2,1,77.1,23,77.2,22,1,2022-04-12 09:05:21
1649754322374945000,77.2,30,77.1,25,77.2,4,1,2022-04-12 09:05:22
1649754322378913000,77.2,1,77.1,25,77.2,3,1,2022-04-12 09:05:22
1649754322511340000,77.2,2,77.1,32,77.2,1,1,2022-04-12 09:05:22
1649754322570583000,77.2,1,77.1,32,0.0,0,1,2022-04-12 09:05:22
1649754322588729000,77.1,1,77.1,31,0.0,0,2,2022-04-12 09:05:22
1649754323261345000,77.2,1,77.1,31,77.2,4,1,2022-04-12 09:05:23
1649754323371052000,77.2,5,77.1,31,77.2,1,1,2022-04-12 09:05:23
1649754323392636000,77.2,1,0.0,4,0.0,0,1,2022-04-12 09:05:23
1649754324249968000,77.2,1,0.0,268,0.0,0,1,2022-04-12 09:05:24
1649754324905931000,77.2,1,0.0,40,0.0,0,1,2022-04-12 09:05:24
1649754325185074000,77.2,3,0.0,237,0.0,0,1,2022-04-12 09:05:25
1649754325194842000,77.2,40,0.0,197,0.0,0,1,2022-04-12 09:05:25
1649754325802406000,77.2,1,0.0,196,0.0,0,1,2022-04-12 09:05:25
1649754326049888000,77.2,1,0.0,217,0.0,0,1,2022-04-12 09:05:26
1649754326139972000,77.2,1,0.0,216,0.0,0,1,2022-04-12 09:05:26
1649754326196649000,77.2,1,0.0,215,0.0,0,1,2022-04-12 09:05:26
1649754326767322000,77.2,1,0.0,226,0.0,0,1,2022-04-12 09:05:26
1649754326808471000,77.2,5,0.0,221,0.0,0,1,2022-04-12 09:05:26
1649754327099917000,77.2,1,0.0,33,0.0,0,1,2022-04-12 09:05:27
1649754327268149000,77.2,6,0.0,28,0.0,0,1,2022-04-12 09:05:27
1649754327272948000,77.2,5,0.0,23,0.0,0,1,2022-04-12 09:05:27
1649754327696338000,77.2,1,0.0,24,0.0,0,1,2022-04-12 09:05:27
1649754327854968000,77.2,30,77.2,64,0.0,0,1,2022-04-12 09:05:27
1649754328170732000,77.2,1,77.2,64,0.0,0,1,2022-04-12 09:05:28
1649754328202387000,77.2,2,77.2,62,0.0,0,1,2022-04-12 09:05:28
1649754328484709000,77.2,1,0.0,2,0.0,0,1,2022-04-12 09:05:28
1649754328530287000,77.2,1,0.0,1,0.0,0,1,2022-04-12 09:05:28
1649754328760428000,77.2,1,77.2,64,0.0,0,1,2022-04-12 09:05:28
1649754328813860000,77.2,2,0.0,257,0.0,0,1,2022-04-12 09:05:28
1649754329352139000,77.2,1,0.0,257,0.0,0,1,2022-04-12 09:05:29
1649754329484625000,77.2,1,0.0,256,0.0,0,1,2022-04-12 09:05:29
1649754329492818000,77.2,1,0.0,255,0.0,0,1,2022-04-12 09:05:29
1649754329633912000,77.2,3,0.0,252,0.0,0,1,2022-04-12 09:05:29
1649754329874604000,77.2,2,0.0,250,0.0,0,1,2022-04-12 09:05:29
1649754329881299000,77.2,6,0.0,244,0.0,0,1,2022-04-12 09:05:29
1649754329988503000,77.2,16,77.2,51,0.0,0,1,2022-04-12 09:05:29
1649754330235592000,77.2,8,77.2,44,0.0,0,1,2022-04-12 09:05:30
1649754330348277000,77.2,1,0.0,1,0.0,0,1,2022-04-12 09:05:30
1649754330546183000,77.2,2,77.2,43,0.0,0,1,2022-04-12 09:05:30
1649754330682400000,77.2,5,77.2,39,0.0,0,1,2022-04-12 09:05:30
1649754330802725000,77.2,10,77.2,29,0.0,0,1,2022-04-12 09:05:30
1649754330816440000,77.2,2,77.2,27,0.0,0,1,2022-04-12 09:05:30
1649754330845673000,77.2,1,77.2,26,0.0,0,1,2022-04-12 09:05:30
1649754331312537000,77.2,1,0.0,1,0.0,0,1,2022-04-12 09:05:31
1649754331450695000,77.2,1,77.2,32,0.0,0,1,2022-04-12 09:05:31
1649754331567276000,77.2,2,77.2,30,0.0,0,1,2022-04-12 09:05:31
1649754331797240000,77.2,1,77.2,29,0.0,0,1,2022-04-12 09:05:31
1649754332005570000,77.2,1,77.2,28,0.0,0,1,2022-04-12 09:05:32
1649754332329583000,77.2,1,77.2,27,0.0,0,1,2022-04-12 09:05:32
1649754332800663000,77.2,1,77.2,27,0.0,0,1,2022-04-12 09:05:32
1649754333119893000,77.2,2,77.2,26,0.0,0,1,2022-04-12 09:05:33
1649754333529447000,77.2,2,77.2,27,0.0,0,1,2022-04-12 09:05:33
1649754333838209000,77.2,1,77.2,29,0.0,0,1,2022-04-12 09:05:33
1649754333878441000,77.2,1,77.2,28,0.0,0,1,2022-04-12 09:05:33
1649754334225448000,77.2,1,77.2,28,0.0,0,1,2022-04-12 09:05:34
1649754334763628000,77.2,1,0.0,278,0.0,0,1,2022-04-12 09:05:34
1649754335684882000,77.2,1,0.0,294,0.0,0,1,2022-04-12 09:05:35
1649754335743845000,77.2,2,0.0,292,0.0,0,1,2022-04-12 09:05:35
1649754335892940000,77.2,5,0.0,288,0.0,0,1,2022-04-12 09:05:35
1649754335984004000,77.2,9,0.0,29,0.0,0,1,2022-04-12 09:05:35
1649754336062194000,77.2,1,0.0,21,0.0,0,1,2022-04-12 09:05:36
1649754337233085000,77.2,1,0.0,220,0.0,0,1,2022-04-12 09:05:37
1649754337518027000,77.2,2,0.0,212,0.0,0,1,2022-04-12 09:05:37
1649754337575646000,77.2,3,0.0,209,0.0,0,1,2022-04-12 09:05:37
1649754338810395000,77.2,1,0.0,320,0.0,0,1,2022-04-12 09:05:38
1649754338816830000,77.2,1,0.0,319,0.0,0,1,2022-04-12 09:05:38
1649754339169531000,77.2,1,0.0,577,0.0,0,1,2022-04-12 09:05:39
1649754340590689000,77.2,2,0.0,651,0.0,0,1,2022-04-12 09:05:40
1649754340609428000,77.2,1,0.0,650,0.0,0,1,2022-04-12 09:05:40
1649754341080977000,77.2,2,0.0,651,0.0,0,1,2022-04-12 09:05:41
1649754341176591000,77.2,1,0.0,650,0.0,0,1,2022-04-12 09:05:41
1649754341250632000,77.2,2,0.0,648,0.0,0,1,2022-04-12 09:05:41
1649754341359084000,77.2,1,0.0,647,0.0,0,1,2022-04-12 09:05:41
1649754341377657000,77.2,1,0.0,646,0.0,0,1,2022-04-12 09:05:41
1649754341477864000,77.2,2,0.0,644,0.0,0,1,2022-04-12 09:05:41
1649754342611986000,77.2,1,0.0,674,0.0,0,1,2022-04-12 09:05:42
1649754342741358000,77.2,2,0.0,672,0.0,0,1,2022-04-12 09:05:42
1649754344137057000,77.2,2,0.0,673,0.0,0,1,2022-04-12 09:05:44
1649754344318404000,77.2,1,0.0,672,0.0,0,1,2022-04-12 09:05:44
1649754345245928000,77.2,3,0.0,670,0.0,0,1,2022-04-12 09:05:45
1649754346260046000,77.2,1,0.0,678,0.0,0,1,2022-04-12 09:05:46
1649754346929103000,77.2,1,0.0,677,0.0,0,1,2022-04-12 09:05:46
1649754347050810000,77.2,1,0.0,677,0.0,0,1,2022-04-12 09:05:47
1649754347345360000,77.2,3,0.0,674,0.0,0,1,2022-04-12 09:05:47
1649754348894598000,77.2,3,0.0,655,0.0,0,1,2022-04-12 09:05:48
1649754348915800000,77.2,1,0.0,654,0.0,0,1,2022-04-12 09:05:48
1649754349150104000,77.2,3,0.0,651,0.0,0,1,2022-04-12 09:05:49
1649754349301279000,77.2,2,0.0,649,0.0,0,1,2022-04-12 09:05:49
1649754350142834000,77.2,1,0.0,648,0.0,0,1,2022-04-12 09:05:50
1649754352076954000,77.2,2,0.0,647,0.0,0,1,2022-04-12 09:05:52
1649754354233886000,77.2,1,0.0,647,0.0,0,1,2022-04-12 09:05:54
1649754354515762000,77.2,1,0.0,646,0.0,0,1,2022-04-12 09:05:54
1649754354966061000,77.2,1,0.0,655,0.0,0,1,2022-04-12 09:05:54
1649754354989655000,77.2,1,0.0,654,0.0,0,1,2022-04-12 09:05:54
1649754355711936000,77.2,1,0.0,675,0.0,0,1,2022-04-12 09:05:55
1649754356505112000,77.2,1,0.0,674,0.0,0,1,2022-04-12 09:05:56
1649754357395967000,77.2,2,0.0,777,0.0,0,1,2022-04-12 09:05:57
1649754358239137000,77.2,9,0.0,768,0.0,0,1,2022-04-12 09:05:58
1649754358299153000,77.2,2,0.0,766,0.0,0,1,2022-04-12 09:05:58
1649754358456854000,77.2,1,0.0,795,0.0,0,1,2022-04-12 09:05:58
1649754359514171000,77.2,1,0.0,886,0.0,0,1,2022-04-12 09:05:59
1649754360053460000,77.2,1,0.0,886,0.0,0,1,2022-04-12 09:06:00
1649754360491374000,77.2,1,0.0,908,0.0,0,1,2022-04-12 09:06:00
1649754360586849000,77.2,2,0.0,909,0.0,0,1,2022-04-12 09:06:00
1649754361644925000,77.2,1,0.0,909,0.0,0,1,2022-04-12 09:06:01
1649754362605104000,77.2,1,0.0,908,0.0,0,1,2022-04-12 09:06:02
1649754363887508000,77.2,10,0.0,898,0.0,0,1,2022-04-12 09:06:03
1649754364000077000,77.2,2,0.0,896,0.0,0,1,2022-04-12 09:06:04
1649754364189841000,77.2,3,0.0,894,0.0,0,1,2022-04-12 09:06:04
1649754364767879000,77.2,3,0.0,893,0.0,0,1,2022-04-12 09:06:04
1649754365238097000,77.2,4,0.0,981,0.0,0,1,2022-04-12 09:06:05
1649754365687769000,77.2,3,0.0,975,0.0,0,1,2022-04-12 09:06:05
1649754366177094000,77.2,1,0.0,974,0.0,0,1,2022-04-12 09:06:06
1649754367621404000,77.2,1,0.0,976,0.0,0,1,2022-04-12 09:06:07
1649754367737876000,77.2,1,0.0,979,0.0,0,1,2022-04-12 09:06:07
1649754369811557000,77.2,1,0.0,986,0.0,0,1,2022-04-12 09:06:09
1649754370453093000,77.2,1,0.0,958,0.0,0,1,2022-04-12 09:06:10
1649754371206095000,77.2,1,0.0,967,0.0,0,1,2022-04-12 09:06:11
1649754372516205000,77.2,1,0.0,968,0.0,0,1,2022-04-12 09:06:12
1649754372704347000,77.2,1,0.0,967,0.0,0,1,2022-04-12 09:06:12
1649754373890382000,77.2,3,0.0,968,0.0,0,1,2022-04-12 09:06:13
1649754373910901000,77.2,4,0.0,964,0.0,0,1,2022-04-12 09:06:13
1649754375662720000,77.2,1,0.0,923,0.0,0,1,2022-04-12 09:06:15
1649754375856326000,77.2,2,0.0,921,0.0,0,1,2022-04-12 09:06:15
1649754377353695000,77.2,1,0.0,923,0.0,0,1,2022-04-12 09:06:17
1649754378719171000,77.2,7,0.0,918,0.0,0,1,2022-04-12 09:06:18
1649754378910699000,77.2,2,0.0,916,0.0,0,1,2022-04-12 09:06:18
1649754379753528000,77.2,3,0.0,915,0.0,0,1,2022-04-12 09:06:19
1649754380533595000,77.2,7,0.0,909,0.0,0,1,2022-04-12 09:06:20
1649754381694089000,77.2,1,0.0,910,0.0,0,1,2022-04-12 09:06:21
1649754382508686000,77.2,1,0.0,910,0.0,0,1,2022-04-12 09:06:22
1649754382959961000,77.2,1,0.0,909,0.0,0,1,2022-04-12 09:06:22
1649754383296773000,77.2,2,0.0,907,0.0,0,1,2022-04-12 09:06:23
1649754383972611000,77.2,6,0.0,881,0.0,0,1,2022-04-12 09:06:23
1649754384532241000,77.2,3,0.0,879,0.0,0,1,2022-04-12 09:06:24
1649754386007558000,77.2,10,0.0,870,0.0,0,1,2022-04-12 09:06:26
1649754386353989000,77.2,20,0.0,850,0.0,0,1,2022-04-12 09:06:26
1649754386667405000,77.2,1,0.0,850,0.0,0,1,2022-04-12 09:06:26
1649754387640697000,77.2,6,0.0,844,0.0,0,1,2022-04-12 09:06:27
1649754390036554000,77.2,1,0.0,844,0.0,0,1,2022-04-12 09:06:30
1649754394240213000,77.2,2,0.0,844,0.0,0,1,2022-04-12 09:06:34
1649754394799794000,77.2,1,0.0,843,0.0,0,1,2022-04-12 09:06:34
1649754404222743000,77.2,4,0.0,845,0.0,0,1,2022-04-12 09:06:44
1649754404427201000,77.2,20,0.0,825,0.0,0,1,2022-04-12 09:06:44
1649754407567414000,77.2,2,0.0,830,0.0,0,1,2022-04-12 09:06:47
1649754409715817000,77.2,1,0.0,829,0.0,0,1,2022-04-12 09:06:49
1649754410359211000,77.2,5,0.0,824,0.0,0,1,2022-04-12 09:06:50
1649754411693790000,77.2,3,0.0,821,0.0,0,1,2022-04-12 09:06:51
1649754417833846000,77.2,5,0.0,823,0.0,0,1,2022-04-12 09:06:57
1649754419381865000,77.2,3,0.0,820,0.0,0,1,2022-04-12 09:06:59
1649754423628846000,77.2,5,0.0,816,0.0,0,1,2022-04-12 09:07:03
1649754424555643000,77.2,1,0.0,815,0.0,0,1,2022-04-12 09:07:04
1649754425024921000,77.2,1,0.0,814,0.0,0,1,2022-04-12 09:07:05
1649754432408226000,77.2,1,0.0,815,0.0,0,1,2022-04-12 09:07:12
1649754435867376000,77.2,1,0.0,814,0.0,0,1,2022-04-12 09:07:15
1649754438339028000,77.2,1,0.0,822,0.0,0,1,2022-04-12 09:07:18
1649754442688419000,77.2,1,0.0,822,0.0,0,1,2022-04-12 09:07:22
1649754442907784000,77.2,1,0.0,821,0.0,0,1,2022-04-12 09:07:22
1649754444755461000,77.2,1,0.0,820,0.0,0,1,2022-04-12 09:07:24
1649754445302289000,77.2,1,0.0,819,0.0,0,1,2022-04-12 09:07:25
1649754446331220000,77.2,1,0.0,818,0.0,0,1,2022-04-12 09:07:26
1649754450262194000,77.2,1,0.0,817,0.0,0,1,2022-04-12 09:07:30
1649754456148367000,77.2,3,0.0,816,0.0,0,1,2022-04-12 09:07:36
1649754456465591000,77.2,1,0.0,816,0.0,0,1,2022-04-12 09:07:36
1649754463700722000,77.2,1,0.0,820,0.0,0,1,2022-04-12 09:07:43
1649754465930503000,77.2,4,0.0,818,0.0,0,1,2022-04-12 09:07:45
1649754467890234000,77.2,8,0.0,810,0.0,0,1,2022-04-12 09:07:47
1649754477394585000,77.2,1,0.0,809,0.0,0,1,2022-04-12 09:07:57
1649754482363053000,77.2,1,0.0,810,0.0,0,1,2022-04-12 09:08:02
1649754483794719000,77.2,1,0.0,809,0.0,0,1,2022-04-12 09:08:03
1649754486360096000,77.2,1,0.0,809,0.0,0,1,2022-04-12 09:08:06
1649754486791389000,77.2,1,0.0,808,0.0,0,1,2022-04-12 09:08:06
1649754490420399000,77.2,1,0.0,811,0.0,0,1,2022-04-12 09:08:10
1649754495665376000,77.2,1,0.0,812,0.0,0,1,2022-04-12 09:08:15
1649754502636869000,77.2,1,0.0,1009,0.0,0,1,2022-04-12 09:08:22
1649754503694745000,77.2,1,0.0,1008,0.0,0,1,2022-04-12 09:08:23
1649754504312655000,77.2,1,0.0,1007,0.0,0,1,2022-04-12 09:08:24
1649754513327132000,77.2,5,0.0,1009,0.0,0,1,2022-04-12 09:08:33
1649754518892067000,77.2,1,0.0,1015,0.0,0,1,2022-04-12 09:08:38
1649754521108200000,77.2,5,0.0,1011,0.0,0,1,2022-04-12 09:08:41
1649754521876609000,77.2,1,0.0,1010,0.0,0,1,2022-04-12 09:08:41
1649754522928173000,77.2,1,0.0,1010,0.0,0,1,2022-04-12 09:08:42
1649754529710128000,77.2,1,0.0,975,0.0,0,1,2022-04-12 09:08:49
1649754531135191000,77.2,5,0.0,970,0.0,0,1,2022-04-12 09:08:51
1649754531412851000,77.2,1,0.0,970,0.0,0,1,2022-04-12 09:08:51
1649754534658892000,77.2,7,0.0,963,0.0,0,1,2022-04-12 09:08:54
1649754536478585000,77.2,1,0.0,963,0.0,0,1,2022-04-12 09:08:56
1649754539434970000,77.2,1,0.0,962,0.0,0,1,2022-04-12 09:08:59
1649754547504488000,77.2,1,0.0,961,0.0,0,1,2022-04-12 09:09:07
1649754552928781000,77.2,5,0.0,956,0.0,0,1,2022-04-12 09:09:12
1649754558666181000,77.2,10,0.0,948,0.0,0,1,2022-04-12 09:09:18
1649754562636405000,77.2,1,0.0,949,0.0,0,1,2022-04-12 09:09:22
1649754572275304000,77.2,1,0.0,955,0.0,0,1,2022-04-12 09:09:32
1649754600947243000,77.2,1,0.0,1002,0.0,0,1,2022-04-12 09:10:00
1649754602088392000,77.2,1,0.0,1002,0.0,0,1,2022-04-12 09:10:02
1649754603233511000,77.2,3,0.0,999,0.0,0,1,2022-04-12 09:10:03
1649754606723534000,77.2,3,0.0,955,0.0,0,1,2022-04-12 09:10:06
1649754609316480000,77.2,2,0.0,959,0.0,0,1,2022-04-12 09:10:09
1649754610851729000,77.2,1,0.0,958,0.0,0,1,2022-04-12 09:10:10
1649754613181506000,77.2,3,0.0,955,0.0,0,1,2022-04-12 09:10:13
1649754620641243000,77.2,1,0.0,955,0.0,0,1,2022-04-12 09:10:20
1649754629011654000,77.2,2,0.0,952,0.0,0,1,2022-04-12 09:10:29
1649754630376319000,77.2,2,0.0,950,0.0,0,1,2022-04-12 09:10:30
1649754631726142000,77.2,1,0.0,949,0.0,0,1,2022-04-12 09:10:31
1649754644888464000,77.2,10,0.0,939,0.0,0,1,2022-04-12 09:10:44
1649754657634098000,77.2,2,0.0,940,0.0,0,1,2022-04-12 09:10:57
1649754659399035000,77.2,200,0.0,742,0.0,0,1,2022-04-12 09:10:59
1649754659422963000,77.2,259,0.0,483,0.0,0,1,2022-04-12 09:10:59
1649754659443484000,77.2,284,0.0,77,0.0,0,1,2022-04-12 09:10:59
1649754659452632000,77.2,21,0.0,85,0.0,0,1,2022-04-12 09:10:59
1649754659466609000,77.2,100,77.2,264,0.0,0,1,2022-04-12 09:10:59
1649754659467733000,77.2,80,77.2,184,0.0,0,1,2022-04-12 09:10:59
1649754659626971000,77.2,2,77.2,182,0.0,0,1,2022-04-12 09:10:59
1649754660699844000,77.2,41,77.2,141,0.0,0,1,2022-04-12 09:11:00
1649754660827913000,77.2,9,77.2,132,0.0,0,1,2022-04-12 09:11:00
1649754660912090000,77.2,132,77.1,32,77.2,367,1,2022-04-12 09:11:00
1649754660992187000,77.1,32,76.9,11,77.0,8,2,2022-04-12 09:11:00
1649754660992187000,77.0,10,76.9,11,77.0,8,2,2022-04-12 09:11:00
1649754661094290000,77.0,1,76.9,26,77.0,7,1,2022-04-12 09:11:01
1649754661119579000,76.9,1,76.9,25,77.0,7,2,2022-04-12 09:11:01
1649754661124361000,76.9,1,76.9,24,77.0,7,2,2022-04-12 09:11:01
1649754661145335000,76.9,1,76.9,23,77.0,9,2,2022-04-12 09:11:01
1649754661278799000,76.9,5,76.9,18,77.0,9,2,2022-04-12 09:11:01
1649754661385931000,76.9,1,76.9,17,77.0,9,2,2022-04-12 09:11:01
1649754661577988000,76.9,1,76.9,16,77.0,9,2,2022-04-12 09:11:01
1649754661941580000,76.9,16,76.7,11,77.0,9,2,2022-04-12 09:11:01
1649754661941580000,76.8,27,76.7,11,77.0,9,2,2022-04-12 09:11:01
1649754661941580000,76.7,7,76.7,11,77.0,9,2,2022-04-12 09:11:01
1649754664142578000,76.7,7,76.7,19,76.8,18,2,2022-04-12 09:11:04
1649754665663660000,76.7,1,76.7,21,76.8,18,2,2022-04-12 09:11:05
1649754666294623000,76.7,4,76.7,18,76.8,18,2,2022-04-12 09:11:06
1649754666506508000,76.7,1,76.7,17,76.8,18,2,2022-04-12 09:11:06
1649754667726786000,76.7,1,76.7,16,76.8,19,2,2022-04-12 09:11:07
1649754668113414000,76.7,1,76.7,15,76.8,19,2,2022-04-12 09:11:08
1649754668209257000,76.7,1,76.7,14,76.8,19,2,2022-04-12 09:11:08
1649754668266885000,76.7,1,76.7,13,76.8,19,2,2022-04-12 09:11:08
1649754668324037000,76.7,5,76.7,8,76.8,19,2,2022-04-12 09:11:08
1649754668507084000,76.7,1,76.7,7,76.8,19,2,2022-04-12 09:11:08
1649754669046414000,76.7,7,76.6,26,76.7,3,2,2022-04-12 09:11:09
1649754670381650000,76.6,5,76.6,36,76.7,12,2,2022-04-12 09:11:10
1649754670926452000,76.7,1,76.6,36,76.7,11,1,2022-04-12 09:11:10
1649754671336393000,76.6,3,76.6,33,76.7,11,2,2022-04-12 09:11:11
1649754671488636000,76.6,5,76.6,28,76.7,11,2,2022-04-12 09:11:11
1649754671523499000,76.6,28,76.5,74,76.7,11,2,2022-04-12 09:11:11
1649754672017677000,76.5,8,76.5,66,76.7,15,2,2022-04-12 09:11:12
1649754672585111000,76.5,1,76.5,80,76.7,15,2,2022-04-12 09:11:12
1649754673180224000,76.5,10,76.5,70,76.6,1,2,2022-04-12 09:11:13
1649754673279239000,76.5,3,76.5,67,76.6,1,2,2022-04-12 09:11:13
1649754673339782000,76.5,1,76.5,66,76.6,1,2,2022-04-12 09:11:13
1649754673788670000,76.5,1,76.5,65,76.6,1,2,2022-04-12 09:11:13
1649754673822495000,76.5,2,76.5,63,76.6,1,2,2022-04-12 09:11:13
1649754673858170000,76.5,31,76.5,32,76.6,4,2,2022-04-12 09:11:13
1649754673890433000,76.5,32,76.4,23,76.6,4,2,2022-04-12 09:11:13
1649754673907439000,76.4,5,76.4,18,76.6,4,2,2022-04-12 09:11:13
1649754674017379000,76.4,1,76.4,17,76.5,5,2,2022-04-12 09:11:14
1649754674773040000,76.4,3,76.4,27,76.5,9,2,2022-04-12 09:11:14
1649754675228909000,76.4,1,76.4,26,76.5,10,2,2022-04-12 09:11:15
1649754675315186000,76.4,1,76.4,25,76.5,10,2,2022-04-12 09:11:15
1649754676413452000,76.4,3,76.4,22,76.5,14,2,2022-04-12 09:11:16
1649754676594207000,76.4,3,76.4,19,76.5,14,2,2022-04-12 09:11:16
1649754676774298000,76.5,1,76.4,19,76.5,13,1,2022-04-12 09:11:16
1649754677145140000,76.4,5,76.4,14,76.5,20,2,2022-04-12 09:11:17
1649754677161670000,76.4,14,76.3,29,76.4,3,2,2022-04-12 09:11:17
1649754677196406000,76.4,2,76.3,29,76.4,1,1,2022-04-12 09:11:17
1649754677524145000,76.3,1,76.3,32,76.4,1,2,2022-04-12 09:11:17
1649754677586311000,76.3,1,76.3,31,76.4,1,2,2022-04-12 09:11:17
1649754677588108000,76.3,5,76.3,26,76.4,1,2,2022-04-12 09:11:17
1649754678066081000,76.3,2,76.3,20,76.4,1,2,2022-04-12 09:11:18
1649754678704353000,76.3,1,76.3,19,76.4,2,2,2022-04-12 09:11:18
1649754678733785000,76.4,1,76.3,19,76.4,1,1,2022-04-12 09:11:18
1649754679100058000,76.3,1,76.3,22,76.4,3,2,2022-04-12 09:11:19
1649754679299109000,76.3,1,76.3,17,76.4,3,2,2022-04-12 09:11:19
1649754679629277000,76.3,2,76.3,15,76.4,12,2,2022-04-12 09:11:19
1649754679727495000,76.3,10,76.3,5,76.4,12,2,2022-04-12 09:11:19
1649754679953034000,76.3,1,76.3,4,76.4,12,2,2022-04-12 09:11:19
1649754680023498000,76.3,2,76.3,2,76.4,12,2,2022-04-12 09:11:20
1649754680073444000,76.3,2,76.2,35,76.3,8,2,2022-04-12 09:11:20
1649754680223460000,76.2,2,76.2,33,76.3,8,2,2022-04-12 09:11:20
1649754680237042000,76.2,1,76.2,32,76.3,8,2,2022-04-12 09:11:20
1649754680733624000,76.3,1,76.2,32,76.3,7,1,2022-04-12 09:11:20
1649754680911818000,76.2,1,76.2,31,76.3,9,2,2022-04-12 09:11:20
1649754681253890000,76.3,6,76.2,31,76.3,4,1,2022-04-12 09:11:21
1649754681294053000,76.3,3,76.2,35,76.3,1,1,2022-04-12 09:11:21
1649754681888451000,76.2,1,76.2,30,76.3,11,2,2022-04-12 09:11:21
1649754681909906000,76.2,30,76.0,150,76.3,12,2,2022-04-12 09:11:21
1649754681909906000,76.1,19,76.0,150,76.3,12,2,2022-04-12 09:11:21
1649754681909906000,76.0,1,76.0,150,76.3,12,2,2022-04-12 09:11:21
1649754681959251000,76.0,1,76.0,149,76.3,14,2,2022-04-12 09:11:21
1649754682187009000,76.0,2,76.0,147,76.1,1,2,2022-04-12 09:11:22
1649754682358976000,76.0,5,76.0,142,76.1,1,2,2022-04-12 09:11:22
1649754682434752000,76.0,1,76.0,141,76.1,1,2,2022-04-12 09:11:22
1649754682522657000,76.1,1,76.0,141,76.3,14,1,2022-04-12 09:11:22
1649754682679697000,76.3,1,76.0,141,76.3,13,1,2022-04-12 09:11:22
1649754682763338000,76.0,1,76.0,142,76.3,13,2,2022-04-12 09:11:22
1649754683046682000,76.0,13,76.0,128,76.1,10,2,2022-04-12 09:11:23
1649754683082950000,76.0,18,76.0,110,76.1,10,2,2022-04-12 09:11:23
1649754683219099000,76.0,10,76.0,100,76.1,10,2,2022-04-12 09:11:23
1649754683474262000,76.0,1,76.0,99,76.1,10,2,2022-04-12 09:11:23
1649754683658612000,76.1,1,76.0,99,76.1,9,1,2022-04-12 09:11:23
1649754684024135000,76.0,2,76.0,97,76.1,9,2,2022-04-12 09:11:24
1649754684108630000,76.0,1,76.0,96,76.1,9,2,2022-04-12 09:11:24
1649754684261269000,76.0,5,76.0,91,76.1,9,2,2022-04-12 09:11:24
1649754684395636000,76.0,1,76.0,90,76.1,9,2,2022-04-12 09:11:24
1649754684469819000,76.0,1,76.0,89,76.2,16,2,2022-04-12 09:11:24
1649754684494438000,76.0,1,76.0,88,76.2,16,2,2022-04-12 09:11:24
1649754684621694000,76.2,1,76.0,88,76.2,16,1,2022-04-12 09:11:24
1649754684826563000,76.0,5,76.0,83,76.2,16,2,2022-04-12 09:11:24
1649754685086211000,76.0,1,76.0,83,76.2,16,2,2022-04-12 09:11:25
1649754685142946000,76.0,5,76.0,78,76.2,16,2,2022-04-12 09:11:25
1649754685523088000,76.1,1,76.1,2,76.2,16,2,2022-04-12 09:11:25
1649754685541360000,76.1,1,76.1,1,76.2,16,2,2022-04-12 09:11:25
1649754685557277000,76.1,1,76.0,77,76.2,16,2,2022-04-12 09:11:25
1649754685557277000,76.0,1,76.0,77,76.2,16,2,2022-04-12 09:11:25
1649754685578850000,76.0,5,76.0,72,76.2,16,2,2022-04-12 09:11:25
1649754685700152000,76.0,2,76.0,70,76.2,16,2,2022-04-12 09:11:25
1649754685804384000,76.0,4,76.0,66,76.2,16,2,2022-04-12 09:11:25
1649754686159390000,76.0,1,76.0,65,76.2,16,2,2022-04-12 09:11:26
1649754686355549000,76.0,4,76.0,61,76.2,16,2,2022-04-12 09:11:26
1649754686392849000,76.0,1,76.0,60,76.2,16,2,2022-04-12 09:11:26
1649754686629487000,76.1,2,76.1,1,76.2,16,2,2022-04-12 09:11:26
1649754686852708000,76.1,1,76.0,60,76.2,16,2,2022-04-12 09:11:26
1649754687029857000,76.0,1,76.0,59,76.1,1,2,2022-04-12 09:11:27
1649754687443915000,76.1,1,76.0,59,76.1,2,1,2022-04-12 09:11:27
1649754687472744000,76.0,1,76.0,58,76.1,2,2,2022-04-12 09:11:27
1649754687665531000,76.0,1,76.0,58,76.1,2,2,2022-04-12 09:11:27
1649754687859892000,76.0,1,76.0,57,76.1,3,2,2022-04-12 09:11:27
1649754687865859000,76.1,2,76.0,57,76.1,1,1,2022-04-12 09:11:27
1649754688110619000,76.0,3,76.0,54,76.1,1,2,2022-04-12 09:11:28
1649754688180823000,76.1,1,76.0,54,76.2,16,1,2022-04-12 09:11:28
1649754688216238000,76.0,3,76.0,51,76.2,16,2,2022-04-12 09:11:28
1649754688795847000,76.0,1,76.0,50,76.2,19,2,2022-04-12 09:11:28
1649754688886555000,76.0,1,76.0,50,76.2,19,2,2022-04-12 09:11:28
1649754688971063000,76.2,5,76.1,3,76.2,14,1,2022-04-12 09:11:28
1649754689360746000,76.1,2,76.1,4,76.2,14,2,2022-04-12 09:11:29
1649754689414636000,76.1,2,76.1,5,76.2,14,2,2022-04-12 09:11:29
1649754689668850000,76.1,3,76.1,2,76.2,14,2,2022-04-12 09:11:29
1649754689697036000,76.1,1,76.1,1,76.2,14,2,2022-04-12 09:11:29
1649754689873635000,76.1,1,76.0,58,76.2,14,2,2022-04-12 09:11:29
1649754689873635000,76.0,2,76.0,58,76.2,14,2,2022-04-12 09:11:29
1649754690371748000,76.0,10,76.0,48,76.2,14,2,2022-04-12 09:11:30
1649754691267824000,76.1,1,76.0,45,76.2,14,2,2022-04-12 09:11:31
1649754691267824000,76.0,4,76.0,45,76.2,14,2,2022-04-12 09:11:31
1649754691669209000,76.1,1,76.1,2,76.2,14,2,2022-04-12 09:11:31
1649754691683527000,76.1,1,76.1,1,76.2,14,2,2022-04-12 09:11:31
1649754692025328000,76.1,1,76.0,46,76.1,1,2,2022-04-12 09:11:32
1649754692225306000,76.0,2,76.0,44,76.1,1,2,2022-04-12 09:11:32
1649754693102058000,76.0,1,76.0,43,76.1,1,2,2022-04-12 09:11:33
1649754693145715000,76.0,3,76.0,40,76.1,1,2,2022-04-12 09:11:33
1649754693421252000,76.0,3,76.0,37,76.1,1,2,2022-04-12 09:11:33
1649754693490206000,76.0,1,76.0,36,76.1,4,2,2022-04-12 09:11:33
1649754693789251000,76.1,1,76.0,37,76.1,3,1,2022-04-12 09:11:33
1649754693996894000,76.0,10,76.0,27,76.1,3,2,2022-04-12 09:11:33
1649754694255662000,76.1,2,76.0,27,76.1,1,1,2022-04-12 09:11:34
1649754694534262000,76.0,1,76.0,26,76.1,1,2,2022-04-12 09:11:34
1649754694656621000,76.0,1,76.0,25,76.1,2,2,2022-04-12 09:11:34
1649754694699872000,76.0,10,76.0,15,76.1,2,2,2022-04-12 09:11:34
1649754695211183000,76.0,15,75.9,7,76.0,20,2,2022-04-12 09:11:35
1649754695284653000,76.0,1,75.9,7,76.0,19,1,2022-04-12 09:11:35
1649754695354330000,76.0,1,75.9,7,76.0,18,1,2022-04-12 09:11:35
1649754695364711000,76.0,10,75.9,7,76.0,8,1,2022-04-12 09:11:35
1649754695438140000,75.9,1,75.9,6,76.0,8,2,2022-04-12 09:11:35
1649754695488071000,75.9,1,75.9,5,76.0,8,2,2022-04-12 09:11:35
1649754695637751000,76.0,2,75.9,5,76.0,6,1,2022-04-12 09:11:35
1649754695718677000,75.9,1,75.9,4,76.0,6,2,2022-04-12 09:11:35
1649754695745457000,75.9,2,75.9,2,76.0,6,2,2022-04-12 09:11:35
1649754695781223000,76.0,1,75.9,2,76.0,5,1,2022-04-12 09:11:35
1649754695877998000,75.9,2,75.8,13,76.0,5,2,2022-04-12 09:11:35
1649754695877998000,75.8,1,75.8,13,76.0,5,2,2022-04-12 09:11:35
1649754696017345000,75.9,1,75.8,13,75.9,49,1,2022-04-12 09:11:36
1649754696237035000,75.8,5,75.8,8,75.9,69,2,2022-04-12 09:11:36
1649754696374524000,75.8,1,75.8,7,75.9,69,2,2022-04-12 09:11:36
1649754696923585000,75.9,1,75.8,7,75.9,68,1,2022-04-12 09:11:36
1649754697036706000,75.8,7,75.7,8,75.8,1,2,2022-04-12 09:11:37
1649754697305875000,75.8,1,75.7,8,75.9,70,1,2022-04-12 09:11:37
1649754697305875000,75.9,3,75.7,8,75.9,70,1,2022-04-12 09:11:37
1649754697995386000,75.8,1,75.7,8,75.9,24,1,2022-04-12 09:11:37
1649754697995386000,75.9,1,75.7,8,75.9,24,1,2022-04-12 09:11:37
1649754698185518000,75.7,1,75.7,7,75.9,24,2,2022-04-12 09:11:38
1649754698573798000,75.8,1,75.7,7,75.9,24,2,2022-04-12 09:11:38
1649754698609042000,75.7,7,75.6,8,75.9,24,2,2022-04-12 09:11:38
1649754698989957000,75.9,3,75.6,8,75.9,21,1,2022-04-12 09:11:38
1649754699091135000,75.6,1,75.6,7,75.9,23,2,2022-04-12 09:11:39
1649754699115528000,75.6,7,75.5,38,75.9,23,2,2022-04-12 09:11:39
1649754699576714000,75.5,1,75.5,37,75.9,23,2,2022-04-12 09:11:39
1649754699691386000,75.9,2,75.5,37,75.9,21,1,2022-04-12 09:11:39
1649754700311099000,75.5,1,75.5,36,75.7,10,2,2022-04-12 09:11:40
1649754700574932000,75.5,1,75.5,35,75.7,10,2,2022-04-12 09:11:40
1649754701452470000,75.5,2,75.5,33,75.7,11,2,2022-04-12 09:11:41
1649754701563598000,75.5,1,75.5,32,75.7,11,2,2022-04-12 09:11:41
1649754701634712000,75.5,1,75.5,31,75.7,11,2,2022-04-12 09:11:41
1649754701687839000,75.5,1,75.5,30,75.7,11,2,2022-04-12 09:11:41
1649754701722255000,75.5,2,75.5,28,75.6,1,2,2022-04-12 09:11:41
1649754701777863000,75.6,1,75.6,10,75.7,11,1,2022-04-12 09:11:41
1649754702118813000,75.6,1,75.6,9,75.7,11,2,2022-04-12 09:11:42
1649754702204515000,75.7,1,75.6,9,75.7,10,1,2022-04-12 09:11:42
1649754702220063000,75.6,9,75.5,27,75.7,10,2,2022-04-12 09:11:42
1649754702220063000,75.5,1,75.5,27,75.7,10,2,2022-04-12 09:11:42
1649754702276763000,75.5,2,75.5,25,75.7,10,2,2022-04-12 09:11:42
1649754702352405000,75.5,12,75.5,13,75.7,10,2,2022-04-12 09:11:42
