ts,close,volume,bid_price,bid_volume,ask_price,ask_volume,tick_type,datetime
1649754009225323000,56.0,1794,56.0,48,56.1,71,1,2022-04-12 09:00:09
1649754009268974000,56.0,1,56.0,47,56.1,71,2,2022-04-12 09:00:09
1649754009280743000,56.1,1,56.0,47,56.1,70,1,2022-04-12 09:00:09
1649754009298736000,56.1,3,56.0,47,56.1,67,1,2022-04-12 09:00:09
1649754009387065000,56.0,4,56.0,43,56.1,27,2,2022-04-12 09:00:09
1649754009624210000,56.1,1,56.0,47,56.1,26,1,2022-04-12 09:00:09
1649754009669287000,56.1,26,56.0,47,56.2,20,1,2022-04-12 09:00:09
1649754009748513000,56.0,5,56.0,42,56.2,20,2,2022-04-12 09:00:09
1649754009987797000,56.2,5,56.0,42,56.2,15,1,2022-04-12 09:00:09
1649754010690168000,56.2,2,56.1,5,56.2,13,1,2022-04-12 09:00:10
1649754010720328000,56.2,13,56.1,5,56.3,41,1,2022-04-12 09:00:10
1649754010973642000,56.3,2,56.1,8,56.3,39,1,2022-04-12 09:00:10
1649754011077667000,56.3,2,56.1,8,56.3,37,1,2022-04-12 09:00:11
1649754011126209000,56.3,2,56.1,8,56.3,35,1,2022-04-12 09:00:11
1649754011225081000,56.3,2,56.1,9,56.3,33,1,2022-04-12 09:00:11
1649754011251862000,56.3,5,56.1,9,56.3,28,1,2022-04-12 09:00:11
1649754011252219000,56.3,28,56.1,9,56.4,35,1,2022-04-12 09:00:11
1649754011371826000,56.4,10,56.2,3,56.4,25,1,2022-04-12 09:00:11
1649754011396180000,56.4,1,56.3,2,56.4,24,1,2022-04-12 09:00:11
1649754011585068000,56.3,1,56.3,3,56.4,24,2,2022-04-12 09:00:11
1649754011603483000,56.3,3,56.2,2,56.4,24,2,2022-04-12 09:00:11
1649754011603483000,56.2,6,56.2,2,56.4,24,2,2022-04-12 09:00:11
1649754011724010000,56.3,1,56.3,1,56.4,24,2,2022-04-12 09:00:11
1649754011929768000,56.4,5,56.3,3,56.4,19,1,2022-04-12 09:00:11
1649754012078865000,56.4,1,56.3,5,56.4,18,1,2022-04-12 09:00:12
1649754012102483000,56.4,4,56.3,5,56.4,14,1,2022-04-12 09:00:12
1649754012133168000,56.4,14,56.3,5,56.5,54,1,2022-04-12 09:00:12
1649754012192190000,56.5,2,56.3,5,56.5,52,1,2022-04-12 09:00:12
1649754012235786000,56.3,1,56.3,4,56.5,52,2,2022-04-12 09:00:12
1649754012366399000,56.5,2,56.3,4,56.5,50,1,2022-04-12 09:00:12
1649754012435407000,56.3,4,56.2,9,56.5,50,2,2022-04-12 09:00:12
1649754012435407000,56.2,2,56.2,9,56.5,50,2,2022-04-12 09:00:12
1649754012676804000,56.5,8,56.2,9,56.5,42,1,2022-04-12 09:00:12
1649754012851469000,56.5,1,56.2,21,56.5,41,1,2022-04-12 09:00:12
1649754012904928000,56.5,2,56.3,1,56.5,39,1,2022-04-12 09:00:12
1649754012941169000,56.5,1,56.3,1,56.5,38,1,2022-04-12 09:00:12
1649754012980234000,56.5,1,56.3,1,56.5,37,1,2022-04-12 09:00:12
1649754013090371000,56.5,2,56.3,1,56.5,35,1,2022-04-12 09:00:13
1649754013227333000,56.5,2,56.3,1,56.5,33,1,2022-04-12 09:00:13
1649754013320282000,56.5,1,56.3,1,56.5,32,1,2022-04-12 09:00:13
1649754013367151000,56.5,3,56.3,1,56.5,29,1,2022-04-12 09:00:13
1649754013489901000,56.5,5,56.3,1,56.5,24,1,2022-04-12 09:00:13
1649754014140725000,56.5,2,56.3,3,56.5,22,1,2022-04-12 09:00:14
1649754014467119000,56.3,1,56.3,2,56.5,22,2,2022-04-12 09:00:14
1649754014785397000,56.5,1,56.4,1,56.5,21,1,2022-04-12 09:00:14
1649754014958173000,56.5,1,56.4,1,56.5,20,1,2022-04-12 09:00:14
1649754014965979000,56.5,1,56.4,1,56.5,19,1,2022-04-12 09:00:14
1649754015023264000,56.5,1,56.4,1,56.5,18,1,2022-04-12 09:00:15
1649754015268291000,56.5,10,56.4,1,56.5,8,1,2022-04-12 09:00:15
1649754015303336000,56.5,8,56.4,1,56.6,54,1,2022-04-12 09:00:15
1649754015418640000,56.6,1,56.4,1,56.6,53,1,2022-04-12 09:00:15
1649754015512294000,56.6,1,56.4,2,56.6,52,1,2022-04-12 09:00:15
1649754015602809000,56.5,2,56.4,2,56.5,3,1,2022-04-12 09:00:15
1649754015735431000,56.5,2,56.4,2,56.5,1,1,2022-04-12 09:00:15
1649754015756271000,56.5,1,56.4,2,56.6,52,1,2022-04-12 09:00:15
1649754015855623000,56.6,1,56.4,2,56.6,51,1,2022-04-12 09:00:15
1649754016134854000,56.6,3,56.5,5,56.6,48,1,2022-04-12 09:00:16
1649754016160638000,56.6,5,56.5,5,56.6,43,1,2022-04-12 09:00:16
1649754016194517000,56.6,3,56.5,5,56.6,40,1,2022-04-12 09:00:16
1649754016330591000,56.6,1,56.5,6,56.6,39,1,2022-04-12 09:00:16
1649754016421346000,56.6,1,56.5,7,56.6,38,1,2022-04-12 09:00:16
1649754016513354000,56.6,2,56.5,7,56.6,36,1,2022-04-12 09:00:16
1649754016592079000,56.6,1,56.5,8,56.6,35,1,2022-04-12 09:00:16
1649754016711061000,56.6,1,56.5,12,56.6,34,1,2022-04-12 09:00:16
1649754017057013000,56.5,5,56.5,9,56.6,34,2,2022-04-12 09:00:17
1649754017166444000,56.5,1,56.5,8,56.6,34,2,2022-04-12 09:00:17
1649754017309382000,56.6,3,56.5,8,56.6,31,1,2022-04-12 09:00:17
1649754017483406000,56.6,1,56.5,9,56.6,30,1,2022-04-12 09:00:17
1649754017575203000,56.6,1,56.5,10,56.6,29,1,2022-04-12 09:00:17
1649754017592059000,56.6,1,56.5,10,56.6,28,1,2022-04-12 09:00:17
1649754017713020000,56.6,15,56.5,11,56.6,13,1,2022-04-12 09:00:17
1649754017743980000,56.6,13,56.5,11,56.7,35,1,2022-04-12 09:00:17
1649754017744357000,56.5,8,56.5,3,56.7,35,2,2022-04-12 09:00:17
1649754018640712000,56.6,1,56.6,1,56.7,35,2,2022-04-12 09:00:18
1649754018687237000,56.7,10,56.6,1,56.7,25,1,2022-04-12 09:00:18
1649754018697630000,56.6,1,56.5,10,56.7,25,2,2022-04-12 09:00:18
1649754018697630000,56.5,2,56.5,10,56.7,25,2,2022-04-12 09:00:18
1649754018778214000,56.7,2,56.5,12,56.7,23,1,2022-04-12 09:00:18
1649754019091847000,56.7,5,56.6,4,56.7,18,1,2022-04-12 09:00:19
1649754019250521000,56.6,1,56.6,3,56.7,18,2,2022-04-12 09:00:19
1649754019365177000,56.6,1,56.6,4,56.7,18,2,2022-04-12 09:00:19
1649754019424229000,56.6,5,56.5,27,56.7,18,2,2022-04-12 09:00:19
1649754019475598000,56.7,1,56.5,28,56.7,17,1,2022-04-12 09:00:19
1649754019604770000,56.7,1,56.6,2,56.7,16,1,2022-04-12 09:00:19
1649754019686112000,56.6,2,56.5,32,56.7,16,2,2022-04-12 09:00:19
1649754019753307000,56.5,3,56.5,29,56.7,16,2,2022-04-12 09:00:19
1649754019760032000,56.7,1,56.5,29,56.7,15,1,2022-04-12 09:00:19
1649754019807003000,56.7,1,56.5,29,56.7,14,1,2022-04-12 09:00:19
1649754019851439000,56.7,1,56.5,29,56.7,13,1,2022-04-12 09:00:19
1649754019899680000,56.7,1,56.5,29,56.7,12,1,2022-04-12 09:00:19
1649754020094512000,56.6,1,56.5,26,56.7,12,2,2022-04-12 09:00:20
1649754020292339000,56.7,6,56.6,5,56.7,6,1,2022-04-12 09:00:20
1649754020342040000,56.6,1,56.6,4,56.7,6,2,2022-04-12 09:00:20
1649754020405547000,56.7,2,56.6,4,56.7,4,1,2022-04-12 09:00:20
1649754020716230000,56.7,1,56.6,12,56.7,3,1,2022-04-12 09:00:20
1649754020834292000,56.7,1,56.6,12,56.7,2,1,2022-04-12 09:00:20
1649754021188721000,56.6,1,56.6,13,56.7,7,2,2022-04-12 09:00:21
1649754021191998000,56.6,13,56.5,40,56.6,7,2,2022-04-12 09:00:21
1649754021295244000,56.6,1,56.5,49,56.6,6,1,2022-04-12 09:00:21
1649754021427833000,56.6,1,56.5,55,56.6,5,1,2022-04-12 09:00:21
1649754021538821000,56.6,5,56.5,55,56.7,2,1,2022-04-12 09:00:21
1649754021538821000,56.7,5,56.5,55,56.7,2,1,2022-04-12 09:00:21
1649754021539371000,56.7,2,56.5,55,56.8,40,1,2022-04-12 09:00:21
1649754021539371000,56.8,1,56.5,55,56.8,40,1,2022-04-12 09:00:21
1649754021546984000,56.8,1,56.5,55,56.8,39,1,2022-04-12 09:00:21
1649754021552287000,56.8,1,56.5,55,56.8,38,1,2022-04-12 09:00:21
1649754021594598000,56.6,1,56.5,55,56.8,38,2,2022-04-12 09:00:21
1649754021595345000,56.5,1,56.5,54,56.8,38,2,2022-04-12 09:00:21
1649754021658806000,56.6,1,56.5,55,56.6,29,2,2022-04-12 09:00:21
1649754021922696000,56.6,1,56.5,57,56.6,28,1,2022-04-12 09:00:21
1649754021932319000,56.6,3,56.5,57,56.6,25,1,2022-04-12 09:00:21
1649754021958200000,56.6,1,56.5,57,56.6,24,1,2022-04-12 09:00:21
1649754022047182000,56.5,1,56.5,56,56.6,24,2,2022-04-12 09:00:22
1649754022081267000,56.6,5,56.5,56,56.6,19,1,2022-04-12 09:00:22
1649754022111106000,56.6,4,56.5,56,56.6,15,1,2022-04-12 09:00:22
1649754022112329000,56.6,1,56.5,56,56.6,14,1,2022-04-12 09:00:22
1649754022119927000,56.6,1,56.5,56,56.6,13,1,2022-04-12 09:00:22
1649754022147959000,56.6,2,56.5,56,56.6,11,1,2022-04-12 09:00:22
1649754022194747000,56.6,2,56.5,56,56.6,9,1,2022-04-12 09:00:22
1649754022245171000,56.6,9,56.5,56,56.7,4,1,2022-04-12 09:00:22
1649754022245171000,56.7,1,56.5,56,56.7,4,1,2022-04-12 09:00:22
1649754022289559000,56.7,1,56.5,56,56.7,3,1,2022-04-12 09:00:22
1649754022372515000,56.7,1,56.5,58,56.7,2,1,2022-04-12 09:00:22
1649754022418184000,56.7,1,56.5,58,56.7,1,1,2022-04-12 09:00:22
1649754022429830000,56.7,1,56.5,58,56.8,49,1,2022-04-12 09:00:22
1649754022476903000,56.6,5,56.5,62,56.6,5,1,2022-04-12 09:00:22
1649754022524194000,56.6,1,56.5,62,56.6,4,1,2022-04-12 09:00:22
1649754022526978000,56.6,3,56.5,62,56.6,1,1,2022-04-12 09:00:22
1649754022597498000,56.6,1,56.5,62,56.7,13,1,2022-04-12 09:00:22
1649754022793297000,56.5,5,56.5,57,56.7,27,2,2022-04-12 09:00:22
1649754022814678000,56.5,1,56.5,56,56.7,27,2,2022-04-12 09:00:22
1649754022832164000,56.6,1,56.5,15,56.7,27,2,2022-04-12 09:00:22
1649754022832164000,56.5,41,56.5,15,56.7,27,2,2022-04-12 09:00:22
1649754022955173000,56.6,2,56.5,18,56.7,28,2,2022-04-12 09:00:22
1649754022980093000,56.7,3,56.5,18,56.7,25,1,2022-04-12 09:00:22
1649754023014086000,56.7,3,56.5,19,56.7,24,1,2022-04-12 09:00:23
1649754023061405000,56.6,1,56.5,19,56.7,24,2,2022-04-12 09:00:23
1649754023120377000,56.7,5,56.6,2,56.7,19,1,2022-04-12 09:00:23
1649754023130869000,56.7,2,56.6,2,56.7,17,1,2022-04-12 09:00:23
1649754023136563000,56.7,4,56.6,2,56.7,13,1,2022-04-12 09:00:23
1649754023138759000,56.6,2,56.5,19,56.7,13,2,2022-04-12 09:00:23
1649754023301497000,56.7,1,56.5,26,56.7,14,1,2022-04-12 09:00:23
1649754023369528000,56.6,4,56.5,26,56.6,1,2,2022-04-12 09:00:23
1649754023395416000,56.6,1,56.5,26,56.7,15,1,2022-04-12 09:00:23
1649754023545306000,56.5,1,56.5,25,56.6,2,2,2022-04-12 09:00:23
1649754023622864000,56.6,2,56.5,26,56.7,15,1,2022-04-12 09:00:23
1649754023646484000,56.7,1,56.5,26,56.7,14,1,2022-04-12 09:00:23
1649754023663569000,56.7,1,56.5,26,56.7,13,1,2022-04-12 09:00:23
1649754023781896000,56.6,1,56.5,27,56.7,13,2,2022-04-12 09:00:23
1649754023888732000,56.6,1,56.5,27,56.6,4,1,2022-04-12 09:00:23
1649754023995096000,56.6,2,56.5,27,56.6,2,1,2022-04-12 09:00:23
1649754024099542000,56.6,1,56.5,27,56.6,1,1,2022-04-12 09:00:24
1649754024127779000,56.6,1,56.5,27,56.7,11,1,2022-04-12 09:00:24
1649754024127779000,56.7,2,56.5,27,56.7,11,1,2022-04-12 09:00:24
1649754024167857000,56.6,2,56.5,27,56.6,8,1,2022-04-12 09:00:24
1649754024169805000,56.6,1,56.5,27,56.6,7,1,2022-04-12 09:00:24
1649754024274179000,56.6,5,56.5,37,56.6,2,1,2022-04-12 09:00:24
1649754024294596000,56.6,2,56.6,1,56.7,11,1,2022-04-12 09:00:24
1649754024326903000,56.6,1,56.6,1,56.7,11,2,2022-04-12 09:00:24
1649754024350648000,56.7,2,56.6,2,56.7,9,1,2022-04-12 09:00:24
1649754024355914000,56.6,1,56.6,1,56.7,9,2,2022-04-12 09:00:24
1649754024477539000,56.7,1,56.6,4,56.7,9,1,2022-04-12 09:00:24
1649754024578242000,56.6,1,56.6,3,56.7,9,2,2022-04-12 09:00:24
1649754024655432000,56.7,1,56.6,3,56.7,8,1,2022-04-12 09:00:24
1649754024667991000,56.6,1,56.6,2,56.7,8,2,2022-04-12 09:00:24
1649754024691006000,56.6,1,56.6,1,56.7,8,2,2022-04-12 09:00:24
1649754024702216000,56.7,8,56.6,1,56.8,40,1,2022-04-12 09:00:24
1649754024702216000,56.8,11,56.6,1,56.8,40,1,2022-04-12 09:00:24
1649754024725104000,56.6,1,56.6,3,56.8,40,2,2022-04-12 09:00:24
1649754024744957000,56.8,1,56.6,6,56.8,39,1,2022-04-12 09:00:24
1649754024751349000,56.6,6,56.5,39,56.6,14,2,2022-04-12 09:00:24
1649754024757940000,56.6,1,56.5,39,56.6,13,1,2022-04-12 09:00:24
1649754024869294000,56.6,1,56.5,39,56.6,12,1,2022-04-12 09:00:24
1649754024870222000,56.6,1,56.5,39,56.6,11,1,2022-04-12 09:00:24
1649754024904142000,56.6,1,56.5,40,56.6,10,1,2022-04-12 09:00:24
1649754024924679000,56.6,1,56.5,40,56.6,9,1,2022-04-12 09:00:24
1649754024938620000,56.6,6,56.5,40,56.6,3,1,2022-04-12 09:00:24
1649754024939569000,56.6,3,56.5,40,56.8,37,1,2022-04-12 09:00:24
1649754024941303000,56.5,1,56.5,39,56.8,37,2,2022-04-12 09:00:24
1649754024963627000,56.8,1,56.7,1,56.8,36,1,2022-04-12 09:00:24
1649754024980309000,56.7,1,56.5,39,56.8,36,2,2022-04-12 09:00:24
1649754025074961000,56.6,6,56.6,3,56.8,36,2,2022-04-12 09:00:25
1649754025170951000,56.7,2,56.6,7,56.8,34,1,2022-04-12 09:00:25
1649754025170951000,56.8,3,56.6,7,56.8,34,1,2022-04-12 09:00:25
1649754025215208000,56.8,2,56.6,9,56.8,32,1,2022-04-12 09:00:25
1649754025338620000,56.8,1,56.7,2,56.8,31,1,2022-04-12 09:00:25
1649754025456628000,56.7,2,56.6,15,56.8,31,2,2022-04-12 09:00:25
1649754025750968000,56.7,4,56.5,40,56.8,31,2,2022-04-12 09:00:25
1649754025750968000,56.6,20,56.5,40,56.8,31,2,2022-04-12 09:00:25
1649754025750968000,56.5,26,56.5,40,56.8,31,2,2022-04-12 09:00:25
1649754025932591000,56.7,1,56.5,40,56.7,10,1,2022-04-12 09:00:25
1649754025969381000,56.7,1,56.6,1,56.7,9,1,2022-04-12 09:00:25
1649754026014658000,56.6,3,56.5,24,56.7,9,2,2022-04-12 09:00:26
1649754026014658000,56.5,17,56.5,24,56.7,9,2,2022-04-12 09:00:26
1649754026099579000,56.7,3,56.5,24,56.7,6,1,2022-04-12 09:00:26
1649754026231996000,56.6,3,56.6,4,56.7,11,2,2022-04-12 09:00:26
1649754026234514000,56.7,3,56.6,4,56.7,8,1,2022-04-12 09:00:26
1649754026251476000,56.6,4,56.4,10,56.5,215,2,2022-04-12 09:00:26
1649754026251476000,56.5,31,56.4,10,56.5,215,2,2022-04-12 09:00:26
1649754026252874000,56.5,1,56.4,10,56.5,214,1,2022-04-12 09:00:26
1649754026313749000,56.4,9,56.4,1,56.5,214,2,2022-04-12 09:00:26
1649754026434478000,56.5,1,56.4,1,56.5,213,1,2022-04-12 09:00:26
1649754026486161000,56.5,2,56.4,1,56.5,211,1,2022-04-12 09:00:26
1649754026487922000,56.5,1,56.4,1,56.5,210,1,2022-04-12 09:00:26
1649754026521223000,56.5,1,56.4,1,56.5,209,1,2022-04-12 09:00:26
1649754026559485000,56.5,1,56.4,1,56.5,208,1,2022-04-12 09:00:26
1649754026593634000,56.5,1,56.4,1,56.5,207,1,2022-04-12 09:00:26
1649754026628305000,56.5,1,56.4,1,56.5,206,1,2022-04-12 09:00:26
1649754026666598000,56.5,5,56.4,1,56.5,201,1,2022-04-12 09:00:26
1649754026678193000,56.5,4,56.4,1,56.5,197,1,2022-04-12 09:00:26
1649754026730707000,56.5,1,56.4,1,56.5,196,1,2022-04-12 09:00:26
1649754026737266000,56.5,2,56.4,1,56.5,194,1,2022-04-12 09:00:26
1649754026740340000,56.5,1,56.4,1,56.5,193,1,2022-04-12 09:00:26
1649754026882723000,56.5,1,56.4,2,56.5,192,1,2022-04-12 09:00:26
1649754027092392000,56.5,1,56.4,2,56.5,191,1,2022-04-12 09:00:27
1649754027097126000,56.5,1,56.4,2,56.5,190,1,2022-04-12 09:00:27
1649754027121373000,56.5,1,56.4,2,56.5,189,1,2022-04-12 09:00:27
1649754027127098000,56.5,8,56.4,2,56.5,181,1,2022-04-12 09:00:27
1649754027140877000,56.5,2,56.4,2,56.5,179,1,2022-04-12 09:00:27
1649754027156517000,56.5,1,56.4,2,56.5,178,1,2022-04-12 09:00:27
1649754027183129000,56.4,2,56.3,53,56.4,23,2,2022-04-12 09:00:27
1649754027183637000,56.4,2,56.3,53,56.4,21,1,2022-04-12 09:00:27
1649754027195405000,56.4,1,56.3,53,56.4,20,1,2022-04-12 09:00:27
1649754027236251000,56.4,1,56.3,53,56.4,19,1,2022-04-12 09:00:27
1649754027280316000,56.4,1,56.3,53,56.4,20,1,2022-04-12 09:00:27
1649754027315690000,56.4,2,56.3,53,56.4,18,1,2022-04-12 09:00:27
1649754027342984000,56.4,10,56.3,53,56.4,8,1,2022-04-12 09:00:27
1649754027458320000,56.4,1,56.3,53,56.4,9,1,2022-04-12 09:00:27
1649754027469394000,56.4,1,56.3,55,56.4,8,1,2022-04-12 09:00:27
1649754027495908000,56.4,8,56.3,55,56.5,178,1,2022-04-12 09:00:27
1649754027525192000,56.5,1,56.3,55,56.5,177,1,2022-04-12 09:00:27
1649754027532125000,56.5,10,56.3,55,56.5,167,1,2022-04-12 09:00:27
1649754027574927000,56.5,1,56.3,55,56.5,166,1,2022-04-12 09:00:27
1649754027619415000,56.4,2,56.3,55,56.5,163,1,2022-04-12 09:00:27
1649754027619415000,56.5,3,56.3,55,56.5,163,1,2022-04-12 09:00:27
1649754027741722000,56.5,1,56.3,55,56.5,162,1,2022-04-12 09:00:27
1649754027786400000,56.4,1,56.3,55,56.4,1,1,2022-04-12 09:00:27
1649754027840508000,56.4,1,56.3,55,56.4,1,1,2022-04-12 09:00:27
1649754027923055000,56.4,6,56.3,55,56.4,21,1,2022-04-12 09:00:27
1649754027923598000,56.4,1,56.3,55,56.4,20,1,2022-04-12 09:00:27
1649754027926055000,56.3,2,56.3,53,56.4,20,2,2022-04-12 09:00:27
1649754027975603000,56.4,1,56.3,53,56.4,23,1,2022-04-12 09:00:27
1649754027982366000,56.3,1,56.3,52,56.4,23,2,2022-04-12 09:00:27
1649754028060234000,56.4,2,56.3,52,56.4,21,1,2022-04-12 09:00:28
1649754028099589000,56.3,2,56.3,50,56.4,25,2,2022-04-12 09:00:28
1649754028164759000,56.4,5,56.3,50,56.4,20,1,2022-04-12 09:00:28
1649754028223858000,56.4,2,56.3,50,56.4,18,1,2022-04-12 09:00:28
1649754028303298000,56.4,10,56.3,50,56.4,13,1,2022-04-12 09:00:28
1649754028376996000,56.4,10,56.3,50,56.4,3,1,2022-04-12 09:00:28
1649754028385004000,56.4,1,56.3,50,56.4,2,1,2022-04-12 09:00:28
1649754028448855000,56.4,1,56.3,50,56.4,1,1,2022-04-12 09:00:28
1649754028475036000,56.4,1,56.3,50,56.5,171,1,2022-04-12 09:00:28
1649754028475036000,56.5,2,56.3,50,56.5,171,1,2022-04-12 09:00:28
1649754028475125000,56.5,1,56.3,50,56.5,170,1,2022-04-12 09:00:28
1649754028484908000,56.5,1,56.3,50,56.5,169,1,2022-04-12 09:00:28
1649754028549173000,56.5,1,56.3,50,56.5,168,1,2022-04-12 09:00:28
1649754028641253000,56.5,4,56.3,50,56.5,164,1,2022-04-12 09:00:28
1649754028746561000,56.5,10,56.3,50,56.5,154,1,2022-04-12 09:00:28
1649754029024662000,56.5,1,56.3,50,56.5,153,1,2022-04-12 09:00:29
1649754029111242000,56.4,1,56.3,50,56.4,14,1,2022-04-12 09:00:29
1649754029140510000,56.4,3,56.3,50,56.4,11,1,2022-04-12 09:00:29
1649754029141227000,56.4,1,56.3,50,56.4,10,1,2022-04-12 09:00:29
1649754029248495000,56.4,1,56.3,50,56.4,9,1,2022-04-12 09:00:29
1649754029295393000,56.4,1,56.3,50,56.4,8,1,2022-04-12 09:00:29
1649754029295528000,56.4,1,56.3,50,56.4,7,1,2022-04-12 09:00:29
1649754029450138000,56.4,1,56.3,50,56.4,8,1,2022-04-12 09:00:29
1649754029576786000,56.4,2,56.3,50,56.4,6,1,2022-04-12 09:00:29
1649754029679303000,56.4,1,56.3,50,56.4,5,1,2022-04-12 09:00:29
1649754029695315000,56.4,1,56.3,50,56.4,4,1,2022-04-12 09:00:29
1649754029706272000,56.4,1,56.3,50,56.4,8,1,2022-04-12 09:00:29
1649754029820317000,56.3,10,56.3,40,56.4,8,2,2022-04-12 09:00:29
1649754029825367000,56.4,1,56.3,40,56.4,7,1,2022-04-12 09:00:29
1649754029834828000,56.4,1,56.3,40,56.4,6,1,2022-04-12 09:00:29
1649754029854361000,56.4,1,56.3,40,56.4,5,1,2022-04-12 09:00:29
1649754029963038000,56.3,10,56.3,25,56.4,5,2,2022-04-12 09:00:29
1649754029971012000,56.3,1,56.3,24,56.4,5,2,2022-04-12 09:00:29
1649754029997510000,56.3,19,56.3,5,56.4,30,2,2022-04-12 09:00:29
1649754030017591000,56.3,5,56.2,12,56.4,30,2,2022-04-12 09:00:30
1649754030106070000,56.4,1,56.2,12,56.4,29,1,2022-04-12 09:00:30
1649754030135290000,56.2,10,56.2,2,56.4,29,2,2022-04-12 09:00:30
1649754030177105000,56.3,2,56.2,2,56.4,29,2,2022-04-12 09:00:30
1649754030441811000,56.2,1,56.2,1,56.3,4,2,2022-04-12 09:00:30
1649754030502839000,56.3,1,56.2,1,56.3,3,1,2022-04-12 09:00:30
1649754030527162000,56.3,3,56.2,1,56.4,39,1,2022-04-12 09:00:30
1649754030539399000,56.4,1,56.2,1,56.4,38,1,2022-04-12 09:00:30
1649754030621009000,56.4,1,56.2,1,56.4,49,1,2022-04-12 09:00:30
1649754030657315000,56.4,49,56.2,1,56.5,160,1,2022-04-12 09:00:30
1649754030657315000,56.5,4,56.2,1,56.5,160,1,2022-04-12 09:00:30
1649754030693369000,56.5,1,56.2,1,56.5,159,1,2022-04-12 09:00:30
1649754030757620000,56.5,5,56.2,14,56.5,164,1,2022-04-12 09:00:30
1649754030827138000,56.2,1,56.1,9,56.4,10,2,2022-04-12 09:00:30
1649754030827138000,56.1,4,56.1,9,56.4,10,2,2022-04-12 09:00:30
1649754031018183000,56.3,2,56.1,9,56.3,8,1,2022-04-12 09:00:31
1649754031020470000,56.1,5,56.1,4,56.3,8,2,2022-04-12 09:00:31
1649754031103244000,56.3,1,56.1,5,56.3,7,1,2022-04-12 09:00:31
1649754031366669000,56.3,5,56.2,6,56.3,7,1,2022-04-12 09:00:31
1649754031395197000,56.3,7,56.2,6,56.4,18,1,2022-04-12 09:00:31
1649754031646445000,56.4,20,56.3,1,56.5,163,1,2022-04-12 09:00:31
1649754031660930000,56.3,1,56.2,7,56.5,163,2,2022-04-12 09:00:31
1649754031700998000,56.5,1,56.2,6,56.5,162,1,2022-04-12 09:00:31
1649754031748220000,56.4,1,56.2,15,56.5,162,2,2022-04-12 09:00:31
1649754031748220000,56.2,4,56.2,15,56.5,162,2,2022-04-12 09:00:31
1649754031753242000,56.2,1,56.2,14,56.5,162,2,2022-04-12 09:00:31
1649754031848975000,56.2,2,56.1,15,56.5,162,2,2022-04-12 09:00:31
1649754031848975000,56.1,2,56.1,15,56.5,162,2,2022-04-12 09:00:31
1649754031910668000,56.4,2,56.2,4,56.4,2,1,2022-04-12 09:00:31
1649754031943268000,56.4,1,56.2,4,56.4,2,1,2022-04-12 09:00:31
1649754031948775000,56.4,2,56.2,5,56.5,162,1,2022-04-12 09:00:31
1649754031975304000,56.2,3,56.2,2,56.5,162,2,2022-04-12 09:00:31
1649754032080054000,56.2,1,56.2,1,56.5,162,2,2022-04-12 09:00:32
1649754032131503000,56.5,50,56.3,1,56.5,112,1,2022-04-12 09:00:32
1649754032163154000,56.3,1,56.1,20,56.5,112,2,2022-04-12 09:00:32
1649754032177841000,56.5,1,56.1,20,56.5,111,1,2022-04-12 09:00:32
1649754032186583000,56.5,7,56.1,20,56.5,104,1,2022-04-12 09:00:32
1649754032309621000,56.4,3,56.4,7,56.5,104,1,2022-04-12 09:00:32
1649754032339221000,56.5,3,56.4,7,56.5,101,1,2022-04-12 09:00:32
1649754032452367000,56.4,1,56.4,6,56.5,101,2,2022-04-12 09:00:32
1649754032469685000,56.5,15,56.4,6,56.5,86,1,2022-04-12 09:00:32
1649754032549086000,56.4,7,56.2,8,56.4,3,2,2022-04-12 09:00:32
1649754032629096000,56.4,3,56.2,8,56.5,84,1,2022-04-12 09:00:32
1649754032629096000,56.5,2,56.2,8,56.5,84,1,2022-04-12 09:00:32
1649754032885468000,56.2,3,56.2,11,56.5,84,2,2022-04-12 09:00:32
1649754033073219000,56.3,1,56.2,13,56.5,60,1,2022-04-12 09:00:33
1649754033073219000,56.5,24,56.2,13,56.5,60,1,2022-04-12 09:00:33
1649754033179466000,56.5,7,56.3,2,56.5,53,1,2022-04-12 09:00:33
1649754033179543000,56.5,1,56.3,2,56.5,52,1,2022-04-12 09:00:33
1649754033456590000,56.4,10,56.3,3,56.5,54,1,2022-04-12 09:00:33
1649754033489416000,56.5,1,56.3,3,56.5,54,1,2022-04-12 09:00:33
1649754033726790000,56.4,1,56.4,19,56.5,54,1,2022-04-12 09:00:33
1649754033915827000,56.4,1,56.4,19,56.5,64,2,2022-04-12 09:00:33
1649754034117363000,56.4,6,56.4,12,56.5,65,2,2022-04-12 09:00:34
1649754034186836000,56.4,1,56.4,11,56.5,65,2,2022-04-12 09:00:34
1649754034225672000,56.5,1,56.4,11,56.5,64,1,2022-04-12 09:00:34
1649754034250449000,56.4,2,56.4,9,56.5,64,2,2022-04-12 09:00:34
1649754034302232000,56.5,4,56.4,9,56.5,60,1,2022-04-12 09:00:34
1649754034432170000,56.4,10,56.3,11,56.5,60,2,2022-04-12 09:00:34
1649754034480097000,56.4,1,56.3,11,56.4,1,1,2022-04-12 09:00:34
1649754034492854000,56.4,1,56.4,4,56.5,61,1,2022-04-12 09:00:34
1649754034501775000,56.4,1,56.4,3,56.5,61,2,2022-04-12 09:00:34
1649754034751189000,56.4,1,56.4,2,56.5,63,2,2022-04-12 09:00:34
1649754034913350000,56.5,2,56.4,2,56.5,61,1,2022-04-12 09:00:34
1649754034924261000,56.5,1,56.4,2,56.5,60,1,2022-04-12 09:00:34
1649754034945302000,56.5,2,56.4,2,56.5,58,1,2022-04-12 09:00:34
1649754034962104000,56.5,1,56.4,2,56.5,57,1,2022-04-12 09:00:34
1649754035063398000,56.5,4,56.4,8,56.5,53,1,2022-04-12 09:00:35
1649754035336014000,56.5,3,56.4,9,56.5,51,1,2022-04-12 09:00:35
1649754035396938000,56.5,5,56.4,9,56.5,46,1,2022-04-12 09:00:35
1649754035532106000,56.4,1,56.4,8,56.5,46,2,2022-04-12 09:00:35
1649754035543304000,56.4,8,56.3,16,56.4,2,2,2022-04-12 09:00:35
1649754035565595000,56.4,2,56.3,16,56.5,45,1,2022-04-12 09:00:35
1649754035565595000,56.5,1,56.3,16,56.5,45,1,2022-04-12 09:00:35
1649754035628635000,56.5,2,56.3,16,56.5,43,1,2022-04-12 09:00:35
1649754035720188000,56.5,3,56.3,16,56.5,40,1,2022-04-12 09:00:35
1649754035838059000,56.4,1,56.3,16,56.5,40,1,2022-04-12 09:00:35
1649754035916147000,56.3,1,56.3,15,56.5,40,2,2022-04-12 09:00:35
1649754036061802000,56.4,1,56.4,4,56.5,40,2,2022-04-12 09:00:36
1649754036187029000,56.4,1,56.4,3,56.5,40,2,2022-04-12 09:00:36
1649754036221364000,56.5,2,56.4,3,56.5,38,1,2022-04-12 09:00:36
1649754036302357000,56.4,5,56.3,18,56.4,5,2,2022-04-12 09:00:36
1649754036383254000,56.4,2,56.3,18,56.4,3,1,2022-04-12 09:00:36
1649754036408326000,56.4,3,56.3,18,56.5,38,1,2022-04-12 09:00:36
1649754036566487000,56.5,2,56.3,18,56.5,37,1,2022-04-12 09:00:36
1649754036616373000,56.5,1,56.4,1,56.5,36,1,2022-04-12 09:00:36
1649754036688596000,56.5,5,56.4,1,56.5,31,1,2022-04-12 09:00:36
1649754036694510000,56.4,1,56.3,18,56.5,31,2,2022-04-12 09:00:36
1649754036899793000,56.5,1,56.4,1,56.5,30,1,2022-04-12 09:00:36
1649754037097108000,56.5,3,56.4,5,56.5,27,1,2022-04-12 09:00:37
1649754037199047000,56.5,3,56.4,5,56.5,24,1,2022-04-12 09:00:37
1649754037230227000,56.5,5,56.4,6,56.5,19,1,2022-04-12 09:00:37
1649754037335773000,56.5,6,56.4,6,56.5,13,1,2022-04-12 09:00:37
1649754037363554000,56.5,13,56.4,6,56.6,62,1,2022-04-12 09:00:37
1649754037690317000,56.5,1,56.4,8,56.6,62,2,2022-04-12 09:00:37
1649754037708746000,56.6,2,56.4,8,56.6,60,1,2022-04-12 09:00:37
1649754037746063000,56.4,1,56.4,7,56.6,60,2,2022-04-12 09:00:37
1649754037775513000,56.6,1,56.5,10,56.6,59,1,2022-04-12 09:00:37
1649754037799901000,56.6,10,56.5,10,56.6,49,1,2022-04-12 09:00:37
1649754037803304000,56.6,1,56.5,10,56.6,48,1,2022-04-12 09:00:37
1649754037952302000,56.5,1,56.5,12,56.6,48,2,2022-04-12 09:00:37
1649754037969990000,56.5,1,56.5,11,56.6,48,2,2022-04-12 09:00:37
1649754038011348000,56.5,11,56.3,30,56.4,1,2,2022-04-12 09:00:38
1649754038011348000,56.4,8,56.3,30,56.4,1,2,2022-04-12 09:00:38
1649754038037984000,56.4,1,56.3,30,56.6,48,1,2022-04-12 09:00:38
1649754038151550000,56.3,2,56.3,28,56.6,48,2,2022-04-12 09:00:38
1649754038314291000,56.6,3,56.5,1,56.6,45,1,2022-04-12 09:00:38
1649754038393017000,56.6,1,56.5,1,56.6,44,1,2022-04-12 09:00:38
1649754038403401000,56.6,1,56.5,1,56.6,43,1,2022-04-12 09:00:38
1649754038773146000,56.5,1,56.4,11,56.5,9,2,2022-04-12 09:00:38
1649754038814773000,56.5,2,56.4,11,56.5,7,1,2022-04-12 09:00:38
1649754038838255000,56.5,7,56.4,11,56.6,43,1,2022-04-12 09:00:38
1649754039008535000,56.6,1,56.4,11,56.6,42,1,2022-04-12 09:00:39
1649754039313159000,56.6,1,56.5,5,56.6,41,1,2022-04-12 09:00:39
1649754039384901000,56.5,1,56.5,4,56.6,41,2,2022-04-12 09:00:39
1649754039500182000,56.6,1,56.5,5,56.6,41,1,2022-04-12 09:00:39
1649754039591288000,56.5,1,56.5,4,56.6,41,2,2022-04-12 09:00:39
1649754039768864000,56.5,1,56.5,8,56.6,41,2,2022-04-12 09:00:39
1649754039785092000,56.5,1,56.5,8,56.6,41,2,2022-04-12 09:00:39
1649754039998228000,56.5,1,56.5,7,56.6,41,2,2022-04-12 09:00:39
1649754039999578000,56.6,1,56.5,7,56.6,40,1,2022-04-12 09:00:39
1649754040412224000,56.6,3,56.5,20,56.6,37,1,2022-04-12 09:00:40
1649754040429838000,56.6,25,56.5,20,56.6,12,1,2022-04-12 09:00:40
1649754040467758000,56.6,12,56.5,20,56.7,46,1,2022-04-12 09:00:40
1649754040745313000,56.5,1,56.5,21,56.7,46,2,2022-04-12 09:00:40
1649754041088758000,56.7,20,56.6,2,56.7,26,1,2022-04-12 09:00:41
1649754041164026000,56.7,1,56.6,2,56.7,25,1,2022-04-12 09:00:41
1649754041197241000,56.7,1,56.6,2,56.7,24,1,2022-04-12 09:00:41
1649754041216670000,56.7,2,56.6,2,56.7,22,1,2022-04-12 09:00:41
1649754041360917000,56.6,1,56.6,4,56.7,22,2,2022-04-12 09:00:41
1649754041363635000,56.7,2,56.6,4,56.7,20,1,2022-04-12 09:00:41
1649754041387349000,56.6,1,56.6,3,56.7,20,2,2022-04-12 09:00:41
1649754041444106000,56.7,4,56.6,3,56.7,16,1,2022-04-12 09:00:41
1649754041512655000,56.7,5,56.6,3,56.7,11,1,2022-04-12 09:00:41
1649754041534968000,56.7,2,56.6,3,56.7,9,1,2022-04-12 09:00:41
1649754041538976000,56.7,1,56.6,3,56.7,8,1,2022-04-12 09:00:41
1649754041572171000,56.7,3,56.6,3,56.7,5,1,2022-04-12 09:00:41
1649754041668905000,56.7,1,56.6,4,56.7,4,1,2022-04-12 09:00:41
1649754041687744000,56.7,2,56.6,5,56.7,2,1,2022-04-12 09:00:41
1649754041846215000,56.6,1,56.6,5,56.7,2,2,2022-04-12 09:00:41
1649754041849038000,56.7,2,56.6,5,56.8,59,1,2022-04-12 09:00:41
1649754041849038000,56.8,3,56.6,5,56.8,59,1,2022-04-12 09:00:41
1649754041857970000,56.8,2,56.6,5,56.8,57,1,2022-04-12 09:00:41
1649754041974719000,56.8,5,56.6,6,56.8,52,1,2022-04-12 09:00:41
1649754042018364000,56.8,2,56.6,6,56.8,50,1,2022-04-12 09:00:42
1649754042152492000,56.8,1,56.6,7,56.8,49,1,2022-04-12 09:00:42
1649754042187838000,56.8,2,56.6,7,56.8,47,1,2022-04-12 09:00:42
1649754042346001000,56.8,2,56.6,7,56.8,45,1,2022-04-12 09:00:42
1649754042415004000,56.8,10,56.6,11,56.8,35,1,2022-04-12 09:00:42
1649754042504479000,56.8,2,56.6,12,56.8,33,1,2022-04-12 09:00:42
1649754042535236000,56.8,5,56.6,12,56.8,28,1,2022-04-12 09:00:42
1649754042548206000,56.8,20,56.6,12,56.8,8,1,2022-04-12 09:00:42
1649754042576332000,56.8,8,56.6,12,56.9,76,1,2022-04-12 09:00:42
1649754042668655000,56.6,2,56.6,10,56.9,76,2,2022-04-12 09:00:42
1649754042781707000,56.8,2,56.5,34,56.6,8,2,2022-04-12 09:00:42
1649754042781707000,56.6,10,56.5,34,56.6,8,2,2022-04-12 09:00:42
1649754042802467000,56.6,8,56.5,34,56.9,76,1,2022-04-12 09:00:42
1649754042809008000,56.9,1,56.5,34,56.9,75,1,2022-04-12 09:00:42
1649754042941467000,56.8,1,56.6,3,56.8,2,1,2022-04-12 09:00:42
1649754043093506000,56.6,1,56.6,5,56.8,2,2,2022-04-12 09:00:43
1649754043296215000,56.8,1,56.6,5,56.8,1,1,2022-04-12 09:00:43
1649754043599316000,56.8,1,56.6,6,56.8,1,1,2022-04-12 09:00:43
1649754043691455000,56.9,5,56.6,11,56.9,80,1,2022-04-12 09:00:43
1649754043830354000,56.9,30,56.6,23,56.9,50,1,2022-04-12 09:00:43
1649754043863660000,56.9,1,56.6,23,56.9,49,1,2022-04-12 09:00:43
1649754044069602000,56.9,2,56.6,15,56.9,47,1,2022-04-12 09:00:44
1649754044181641000,56.8,10,56.6,15,56.9,42,1,2022-04-12 09:00:44
1649754044181641000,56.9,5,56.6,15,56.9,42,1,2022-04-12 09:00:44
1649754044187711000,56.9,1,56.6,15,56.9,41,1,2022-04-12 09:00:44
1649754044333182000,56.9,3,56.6,25,56.9,38,1,2022-04-12 09:00:44
1649754044503237000,56.9,5,56.6,26,56.9,33,1,2022-04-12 09:00:44
1649754044600033000,56.9,5,56.6,27,56.9,28,1,2022-04-12 09:00:44
1649754044694557000,56.9,20,56.6,29,56.9,9,1,2022-04-12 09:00:44
1649754044953833000,56.9,1,56.7,6,56.9,8,1,2022-04-12 09:00:44
1649754044995383000,56.9,1,56.7,6,56.9,7,1,2022-04-12 09:00:44
1649754045058564000,56.9,1,56.7,6,56.9,6,1,2022-04-12 09:00:45
1649754045062739000,56.9,6,56.7,6,57.0,196,1,2022-04-12 09:00:45
1649754045062739000,57.0,4,56.7,6,57.0,196,1,2022-04-12 09:00:45
1649754045131492000,57.0,2,56.7,18,57.0,194,1,2022-04-12 09:00:45
1649754045713914000,57.0,1,56.9,1,57.0,193,1,2022-04-12 09:00:45
1649754045787827000,56.9,1,56.8,9,57.0,193,2,2022-04-12 09:00:45
1649754046187543000,57.0,2,56.9,7,57.0,191,1,2022-04-12 09:00:46
1649754046232300000,57.0,3,56.9,7,57.0,188,1,2022-04-12 09:00:46
1649754046285122000,57.0,2,56.9,7,57.0,186,1,2022-04-12 09:00:46
1649754046420533000,56.9,9,56.8,1,57.0,186,2,2022-04-12 09:00:46
1649754046420533000,56.8,21,56.8,1,57.0,186,2,2022-04-12 09:00:46
1649754046490770000,56.8,1,56.7,11,57.0,186,2,2022-04-12 09:00:46
1649754046490770000,56.7,3,56.7,11,57.0,186,2,2022-04-12 09:00:46
1649754046570415000,56.9,1,56.7,11,57.0,186,2,2022-04-12 09:00:46
1649754046621764000,56.9,1,56.9,1,57.0,186,2,2022-04-12 09:00:46
1649754046654175000,56.9,1,56.7,11,57.0,186,2,2022-04-12 09:00:46
1649754046660845000,57.0,2,56.7,11,57.0,184,1,2022-04-12 09:00:46
1649754046681242000,57.0,1,56.7,11,57.0,183,1,2022-04-12 09:00:46
1649754046844769000,57.0,1,56.7,23,57.0,181,1,2022-04-12 09:00:46
1649754046978015000,56.7,5,56.7,6,56.9,2,2,2022-04-12 09:00:46
1649754047014535000,56.8,1,56.7,6,56.9,2,1,2022-04-12 09:00:47
1649754047126795000,56.8,1,56.8,3,56.9,1,2,2022-04-12 09:00:47
1649754047154713000,56.9,1,56.8,3,57.0,181,1,2022-04-12 09:00:47
1649754047349246000,56.9,5,56.8,5,56.9,2,1,2022-04-12 09:00:47
1649754047374485000,56.8,1,56.8,4,56.9,2,2,2022-04-12 09:00:47
1649754047438874000,56.9,2,56.8,4,57.0,181,1,2022-04-12 09:00:47
1649754047730303000,56.9,1,56.8,4,56.9,4,1,2022-04-12 09:00:47
1649754047819969000,56.9,4,56.8,4,56.9,4,1,2022-04-12 09:00:47
1649754047893043000,56.9,1,56.8,4,56.9,3,1,2022-04-12 09:00:47
1649754048011895000,56.8,1,56.8,3,56.9,13,2,2022-04-12 09:00:48
1649754048166648000,56.9,5,56.8,3,56.9,8,1,2022-04-12 09:00:48
1649754048240791000,56.8,3,56.7,8,56.9,8,2,2022-04-12 09:00:48
1649754048240791000,56.7,2,56.7,8,56.9,8,2,2022-04-12 09:00:48
1649754048260843000,56.9,1,56.7,8,56.9,7,1,2022-04-12 09:00:48
1649754048261107000,56.9,1,56.7,8,56.9,6,1,2022-04-12 09:00:48
1649754048316118000,56.9,1,56.7,8,56.9,5,1,2022-04-12 09:00:48
1649754048337908000,56.9,1,56.7,8,56.9,4,1,2022-04-12 09:00:48
1649754048500400000,56.9,1,56.7,8,56.9,3,1,2022-04-12 09:00:48
1649754048625092000,56.9,1,56.8,1,56.9,2,1,2022-04-12 09:00:48
1649754048663042000,56.9,2,56.8,1,57.0,164,1,2022-04-12 09:00:48
1649754048663042000,57.0,18,56.8,1,57.0,164,1,2022-04-12 09:00:48
1649754048710357000,56.9,2,56.8,1,57.0,164,2,2022-04-12 09:00:48
1649754048717437000,57.0,1,56.8,1,57.0,163,1,2022-04-12 09:00:48
1649754048843375000,56.9,1,56.8,1,56.9,1,1,2022-04-12 09:00:48
1649754048880050000,56.9,1,56.8,1,57.0,161,1,2022-04-12 09:00:48
1649754048880050000,57.0,2,56.8,1,57.0,161,1,2022-04-12 09:00:48
1649754048880857000,56.8,1,56.7,6,57.0,161,2,2022-04-12 09:00:48
1649754048894569000,57.0,1,56.7,6,57.0,160,1,2022-04-12 09:00:48
1649754049171083000,56.9,1,56.7,7,56.9,1,1,2022-04-12 09:00:49
1649754049223322000,56.8,1,56.7,7,56.9,1,2,2022-04-12 09:00:49
1649754049273537000,56.9,1,56.9,3,57.0,161,1,2022-04-12 09:00:49
1649754049280931000,56.9,1,56.9,2,57.0,161,2,2022-04-12 09:00:49
1649754049301561000,56.9,2,56.7,7,57.0,161,2,2022-04-12 09:00:49
1649754049312819000,56.7,1,56.7,6,57.0,161,2,2022-04-12 09:00:49
1649754049518685000,56.9,4,56.7,7,57.0,145,1,2022-04-12 09:00:49
1649754049518685000,57.0,16,56.7,7,57.0,145,1,2022-04-12 09:00:49
1649754049521735000,57.0,2,56.7,7,57.0,143,1,2022-04-12 09:00:49
1649754049785399000,56.9,2,56.9,4,57.0,143,2,2022-04-12 09:00:49
1649754050045802000,56.9,1,56.9,2,57.0,143,2,2022-04-12 09:00:50
1649754050327583000,56.9,1,56.9,1,57.0,143,2,2022-04-12 09:00:50
1649754050340008000,57.0,3,56.9,1,57.0,141,1,2022-04-12 09:00:50
1649754050355256000,56.9,1,56.8,4,57.0,141,2,2022-04-12 09:00:50
1649754050656958000,56.8,1,56.8,4,56.9,18,2,2022-04-12 09:00:50
1649754050694350000,56.9,2,56.8,8,56.9,16,1,2022-04-12 09:00:50
1649754050723019000,56.9,1,56.8,8,56.9,15,1,2022-04-12 09:00:50
1649754050751774000,56.9,2,56.8,8,56.9,13,1,2022-04-12 09:00:50
1649754050782095000,56.9,5,56.8,8,56.9,8,1,2022-04-12 09:00:50
1649754050822902000,56.9,2,56.8,8,56.9,7,1,2022-04-12 09:00:50
1649754050842823000,56.8,2,56.8,6,56.9,7,2,2022-04-12 09:00:50
1649754050877039000,56.8,1,56.8,5,56.9,7,2,2022-04-12 09:00:50
1649754050947795000,56.9,1,56.8,5,56.9,6,1,2022-04-12 09:00:50
1649754051057495000,56.9,6,56.8,6,57.0,138,1,2022-04-12 09:00:51
1649754051057495000,57.0,4,56.8,6,57.0,138,1,2022-04-12 09:00:51
1649754051090808000,57.0,1,56.8,6,57.0,137,1,2022-04-12 09:00:51
1649754051112596000,57.0,2,56.8,6,57.0,135,1,2022-04-12 09:00:51
1649754051168443000,56.9,1,56.9,1,57.0,135,2,2022-04-12 09:00:51
1649754051371932000,57.0,1,56.8,8,57.0,134,1,2022-04-12 09:00:51
1649754051478024000,57.0,2,56.9,1,57.0,132,1,2022-04-12 09:00:51
1649754051481643000,56.9,1,56.8,9,57.0,132,2,2022-04-12 09:00:51
1649754051676455000,57.0,1,56.9,1,57.0,131,1,2022-04-12 09:00:51
1649754051698485000,56.9,1,56.8,10,57.0,131,2,2022-04-12 09:00:51
1649754051743785000,56.8,1,56.8,9,57.0,131,2,2022-04-12 09:00:51
1649754051771962000,57.0,5,56.8,9,57.0,126,1,2022-04-12 09:00:51
1649754052058117000,56.9,1,56.8,12,56.9,19,1,2022-04-12 09:00:52
1649754052277309000,56.9,1,56.8,12,56.9,24,1,2022-04-12 09:00:52
1649754052373372000,56.9,3,56.8,12,56.9,26,1,2022-04-12 09:00:52
1649754052379033000,56.9,2,56.8,12,56.9,24,1,2022-04-12 09:00:52
1649754052408355000,56.9,1,56.8,13,56.9,23,1,2022-04-12 09:00:52
1649754052465863000,56.9,3,56.8,13,56.9,20,1,2022-04-12 09:00:52
1649754052756899000,56.8,1,56.8,15,56.9,20,2,2022-04-12 09:00:52
1649754052826946000,56.9,1,56.8,15,56.9,19,1,2022-04-12 09:00:52
1649754052880600000,56.9,5,56.8,15,56.9,14,1,2022-04-12 09:00:52
1649754052971979000,56.9,5,56.8,15,56.9,9,1,2022-04-12 09:00:52
1649754053004755000,56.8,1,56.8,14,56.9,9,2,2022-04-12 09:00:53
1649754053111313000,56.8,5,56.8,11,56.9,19,2,2022-04-12 09:00:53
1649754053318339000,56.9,1,56.8,11,56.9,35,1,2022-04-12 09:00:53
1649754053347898000,56.8,11,56.7,24,56.8,8,2,2022-04-12 09:00:53
1649754053358747000,56.8,5,56.7,24,56.8,3,1,2022-04-12 09:00:53
1649754053360643000,56.8,2,56.7,24,56.8,1,1,2022-04-12 09:00:53
1649754053396835000,56.7,6,56.7,18,56.8,1,2,2022-04-12 09:00:53
1649754053461066000,56.8,1,56.7,18,56.9,31,1,2022-04-12 09:00:53
1649754053461066000,56.9,4,56.7,18,56.9,31,1,2022-04-12 09:00:53
1649754053611775000,56.8,1,56.7,18,56.9,31,2,2022-04-12 09:00:53
1649754053732711000,56.7,1,56.7,17,56.9,53,2,2022-04-12 09:00:53
1649754053780248000,56.9,2,56.7,17,56.9,51,1,2022-04-12 09:00:53
1649754053790256000,56.7,2,56.7,15,56.9,51,2,2022-04-12 09:00:53
1649754053898827000,56.8,2,56.7,15,56.8,3,1,2022-04-12 09:00:53
1649754053979516000,56.8,1,56.7,16,56.8,2,1,2022-04-12 09:00:53
1649754054037168000,56.8,1,56.7,16,56.8,1,1,2022-04-12 09:00:54
1649754054101318000,56.8,1,56.7,16,56.9,85,1,2022-04-12 09:00:54
1649754054148971000,56.9,1,56.7,16,56.9,84,1,2022-04-12 09:00:54
1649754054179791000,56.8,2,56.7,16,56.8,3,2,2022-04-12 09:00:54
1649754054182973000,56.8,1,56.7,16,56.8,2,1,2022-04-12 09:00:54
1649754054236515000,56.8,1,56.7,19,56.8,6,1,2022-04-12 09:00:54
1649754054344268000,56.7,6,56.7,14,56.8,26,2,2022-04-12 09:00:54
1649754054365278000,56.8,2,56.7,14,56.8,24,1,2022-04-12 09:00:54
1649754054392421000,56.8,3,56.7,14,56.8,27,1,2022-04-12 09:00:54
1649754054399730000,56.8,1,56.7,14,56.8,26,1,2022-04-12 09:00:54
1649754054427991000,56.8,1,56.7,14,56.8,25,1,2022-04-12 09:00:54
1649754054516957000,56.8,1,56.7,14,56.8,38,1,2022-04-12 09:00:54
1649754054528514000,56.7,6,56.7,8,56.8,38,2,2022-04-12 09:00:54
1649754054541127000,56.8,1,56.7,8,56.8,37,1,2022-04-12 09:00:54
1649754054640369000,56.8,1,56.7,9,56.8,36,1,2022-04-12 09:00:54
1649754054651922000,56.8,1,56.7,9,56.8,37,1,2022-04-12 09:00:54
1649754054746910000,56.8,1,56.7,9,56.8,41,1,2022-04-12 09:00:54
1649754054838200000,56.8,1,56.7,10,56.8,41,1,2022-04-12 09:00:54
1649754054966242000,56.7,10,56.6,99,56.8,67,2,2022-04-12 09:00:54
1649754054973503000,56.8,1,56.6,99,56.8,66,1,2022-04-12 09:00:54
1649754055044217000,56.8,2,56.6,99,56.8,72,1,2022-04-12 09:00:55
1649754055045011000,56.8,1,56.6,99,56.8,71,1,2022-04-12 09:00:55
1649754055051870000,56.6,2,56.6,97,56.8,71,2,2022-04-12 09:00:55
1649754055158290000,56.8,2,56.7,1,56.8,71,1,2022-04-12 09:00:55
1649754055224865000,56.7,2,56.6,97,56.8,84,2,2022-04-12 09:00:55
1649754055307135000,56.8,3,56.6,98,56.8,87,1,2022-04-12 09:00:55
1649754055402022000,56.6,2,56.6,96,56.8,97,2,2022-04-12 09:00:55
1649754055419107000,56.8,2,56.6,96,56.8,107,1,2022-04-12 09:00:55
1649754055485759000,56.8,1,56.6,96,56.8,108,1,2022-04-12 09:00:55
1649754055487145000,56.8,5,56.6,96,56.8,105,1,2022-04-12 09:00:55
1649754055556559000,56.6,2,56.6,94,56.8,105,2,2022-04-12 09:00:55
1649754055606046000,56.8,1,56.6,94,56.8,107,1,2022-04-12 09:00:55
1649754055678021000,56.8,2,56.6,94,56.8,125,1,2022-04-12 09:00:55
1649754055719803000,56.6,2,56.6,92,56.7,6,2,2022-04-12 09:00:55
1649754055736788000,56.7,2,56.6,92,56.7,24,1,2022-04-12 09:00:55
1649754055789324000,56.7,1,56.6,92,56.7,24,1,2022-04-12 09:00:55
1649754055832595000,56.7,1,56.6,92,56.7,23,1,2022-04-12 09:00:55
1649754055867515000,56.6,1,56.6,91,56.7,23,2,2022-04-12 09:00:55
1649754055869090000,56.6,2,56.6,89,56.7,23,2,2022-04-12 09:00:55
1649754055886307000,56.7,10,56.6,89,56.7,13,1,2022-04-12 09:00:55
1649754056026499000,56.7,1,56.6,89,56.7,40,1,2022-04-12 09:00:56
1649754056036928000,56.6,2,56.6,87,56.7,40,2,2022-04-12 09:00:56
1649754056120893000,56.7,3,56.6,87,56.7,42,1,2022-04-12 09:00:56
1649754056156136000,56.7,1,56.6,87,56.7,44,1,2022-04-12 09:00:56
1649754056190575000,56.6,2,56.6,85,56.7,44,2,2022-04-12 09:00:56
1649754056207340000,56.7,1,56.6,85,56.7,43,1,2022-04-12 09:00:56
1649754056389201000,56.7,1,56.6,85,56.7,51,1,2022-04-12 09:00:56
1649754056418792000,56.6,2,56.6,83,56.7,51,2,2022-04-12 09:00:56
1649754056468240000,56.6,1,56.6,82,56.7,55,2,2022-04-12 09:00:56
1649754056519466000,56.6,2,56.6,80,56.7,56,2,2022-04-12 09:00:56
1649754056556171000,56.6,2,56.6,78,56.7,56,2,2022-04-12 09:00:56
1649754056613736000,56.7,20,56.6,78,56.7,36,1,2022-04-12 09:00:56
1649754056648168000,56.7,2,56.6,78,56.7,34,1,2022-04-12 09:00:56
1649754056721428000,56.7,29,56.6,78,56.8,130,1,2022-04-12 09:00:56
1649754056721428000,56.8,21,56.6,78,56.8,130,1,2022-04-12 09:00:56
1649754056771527000,56.8,2,56.6,78,56.8,126,1,2022-04-12 09:00:56
1649754056790439000,56.6,16,56.6,62,56.8,126,2,2022-04-12 09:00:56
1649754056826394000,56.6,36,56.6,26,56.8,126,2,2022-04-12 09:00:56
1649754056898737000,56.8,2,56.6,26,56.8,124,1,2022-04-12 09:00:56
1649754056958964000,56.6,23,56.6,3,56.8,124,2,2022-04-12 09:00:56
1649754056963916000,56.8,1,56.6,3,56.8,123,1,2022-04-12 09:00:56
1649754057016595000,56.8,1,56.6,3,56.8,122,1,2022-04-12 09:00:57
1649754057017319000,56.8,1,56.6,3,56.8,121,1,2022-04-12 09:00:57
1649754057043961000,56.6,1,56.6,2,56.8,121,2,2022-04-12 09:00:57
1649754057053291000,56.8,1,56.6,2,56.8,120,1,2022-04-12 09:00:57
1649754057080682000,56.8,2,56.6,2,56.8,118,1,2022-04-12 09:00:57
1649754057136450000,56.8,3,56.6,2,56.8,115,1,2022-04-12 09:00:57
1649754057167889000,56.8,3,56.7,1,56.8,112,1,2022-04-12 09:00:57
1649754057179186000,56.7,1,56.6,2,56.8,112,2,2022-04-12 09:00:57
1649754057409546000,56.7,1,56.6,2,56.7,3,1,2022-04-12 09:00:57
1649754057474955000,56.7,1,56.6,2,56.7,2,1,2022-04-12 09:00:57
1649754057485169000,56.7,1,56.6,2,56.7,1,1,2022-04-12 09:00:57
1649754057607176000,56.7,1,56.6,2,56.7,1,1,2022-04-12 09:00:57
1649754057612604000,56.7,1,56.6,2,56.8,91,1,2022-04-12 09:00:57
1649754057637413000,56.8,2,56.6,2,56.8,89,1,2022-04-12 09:00:57
1649754057637578000,56.8,1,56.6,2,56.8,88,1,2022-04-12 09:00:57
1649754057724706000,56.7,1,56.6,2,56.8,88,2,2022-04-12 09:00:57
1649754057944307000,56.8,1,56.7,2,56.8,73,1,2022-04-12 09:00:57
1649754057992875000,56.7,2,56.6,3,56.7,2,2,2022-04-12 09:00:57
1649754058000478000,56.7,1,56.6,3,56.7,1,1,2022-04-12 09:00:58
1649754058044806000,56.7,1,56.6,3,56.8,73,1,2022-04-12 09:00:58
1649754058071738000,56.8,2,56.6,3,56.8,71,1,2022-04-12 09:00:58
1649754058166449000,56.8,1,56.6,3,56.8,70,1,2022-04-12 09:00:58
1649754058194796000,56.6,3,56.4,34,56.5,161,2,2022-04-12 09:00:58
1649754058194796000,56.5,85,56.4,34,56.5,161,2,2022-04-12 09:00:58
1649754058231185000,56.5,7,56.4,34,56.5,154,1,2022-04-12 09:00:58
1649754058257004000,56.5,1,56.4,34,56.5,153,1,2022-04-12 09:00:58
1649754058257028000,56.5,2,56.4,34,56.5,151,1,2022-04-12 09:00:58
1649754058385969000,56.5,2,56.4,31,56.5,149,1,2022-04-12 09:00:58
1649754058600356000,56.5,1,56.4,31,56.5,148,1,2022-04-12 09:00:58
1649754058675277000,56.5,10,56.4,31,56.5,138,1,2022-04-12 09:00:58
1649754058816400000,56.5,3,56.4,31,56.5,135,1,2022-04-12 09:00:58
1649754058887269000,56.5,1,56.4,31,56.5,134,1,2022-04-12 09:00:58
1649754059024028000,56.4,15,56.4,16,56.5,134,2,2022-04-12 09:00:59
1649754059026035000,56.5,1,56.4,16,56.5,133,1,2022-04-12 09:00:59
1649754059084974000,56.4,16,56.3,63,56.5,133,2,2022-04-12 09:00:59
1649754059084974000,56.3,4,56.3,63,56.5,133,2,2022-04-12 09:00:59
1649754059180093000,56.5,1,56.3,61,56.5,132,1,2022-04-12 09:00:59
1649754059345033000,56.5,2,56.3,61,56.5,130,1,2022-04-12 09:00:59
1649754059402064000,56.5,1,56.3,61,56.5,129,1,2022-04-12 09:00:59
1649754059460327000,56.5,2,56.3,61,56.5,127,1,2022-04-12 09:00:59
1649754059464441000,56.5,1,56.3,61,56.5,126,1,2022-04-12 09:00:59
1649754059557122000,56.5,1,56.3,61,56.5,125,1,2022-04-12 09:00:59
1649754059597257000,56.5,1,56.3,61,56.5,124,1,2022-04-12 09:00:59
1649754059600684000,56.5,2,56.3,61,56.5,122,1,2022-04-12 09:00:59
1649754059715442000,56.5,3,56.3,61,56.5,119,1,2022-04-12 09:00:59
1649754059775098000,56.5,4,56.3,61,56.5,115,1,2022-04-12 09:00:59
1649754059825801000,56.5,1,56.3,61,56.5,114,1,2022-04-12 09:00:59
1649754059840015000,56.5,1,56.3,61,56.5,113,1,2022-04-12 09:00:59
1649754060049053000,56.5,1,56.3,61,56.5,112,1,2022-04-12 09:01:00
1649754060110112000,56.5,6,56.3,65,56.5,106,1,2022-04-12 09:01:00
1649754060130832000,56.5,3,56.3,65,56.5,103,1,2022-04-12 09:01:00
1649754060150515000,56.5,1,56.3,65,56.5,102,1,2022-04-12 09:01:00
1649754060217977000,56.3,3,56.3,62,56.5,102,2,2022-04-12 09:01:00
1649754060382166000,56.5,1,56.3,62,56.5,101,1,2022-04-12 09:01:00
1649754060510892000,56.5,1,56.3,62,56.5,100,1,2022-04-12 09:01:00
1649754060543706000,56.4,10,56.3,62,56.5,100,1,2022-04-12 09:01:00
1649754060627653000,56.5,1,56.3,62,56.5,99,1,2022-04-12 09:01:00
1649754060640623000,56.5,20,56.3,62,56.5,79,1,2022-04-12 09:01:00
1649754060647838000,56.5,11,56.3,62,56.5,68,1,2022-04-12 09:01:00
1649754060812017000,56.4,1,56.4,2,56.5,68,2,2022-04-12 09:01:00
1649754060847798000,56.5,4,56.4,2,56.5,64,1,2022-04-12 09:01:00
1649754060897359000,56.5,5,56.4,1,56.5,59,1,2022-04-12 09:01:00
1649754060932526000,56.5,18,56.4,1,56.5,44,1,2022-04-12 09:01:00
1649754060973492000,56.5,42,56.4,1,56.5,2,1,2022-04-12 09:01:00
1649754061000551000,56.4,3,56.3,62,56.5,2,2,2022-04-12 09:01:01
1649754061004078000,56.5,2,56.5,2,56.6,2,1,2022-04-12 09:01:01
1649754061128536000,56.5,1,56.5,1,56.6,2,2,2022-04-12 09:01:01
1649754061256264000,56.6,2,56.5,1,56.6,1,1,2022-04-12 09:01:01
1649754061265723000,56.6,1,56.5,1,56.7,35,1,2022-04-12 09:01:01
1649754061364056000,56.5,1,56.4,7,56.6,2,2,2022-04-12 09:01:01
1649754061364056000,56.4,9,56.4,7,56.6,2,2,2022-04-12 09:01:01
1649754061398620000,56.6,1,56.3,62,56.6,6,1,2022-04-12 09:01:01
1649754061436421000,56.4,1,56.3,62,56.4,1,1,2022-04-12 09:01:01
1649754061440934000,56.4,1,56.5,1,56.6,7,1,2022-04-12 09:01:01
1649754061564399000,56.6,1,56.5,1,56.6,10,1,2022-04-12 09:01:01
1649754061675944000,56.5,1,56.3,62,56.6,10,2,2022-04-12 09:01:01
1649754061675944000,56.4,1,56.3,62,56.6,10,2,2022-04-12 09:01:01
1649754061712943000,56.4,1,56.3,62,56.4,4,1,2022-04-12 09:01:01
1649754061720131000,56.4,4,56.3,62,56.6,10,1,2022-04-12 09:01:01
1649754061843823000,56.5,1,56.3,60,56.6,10,2,2022-04-12 09:01:01
1649754061843823000,56.3,2,56.3,60,56.6,10,2,2022-04-12 09:01:01
1649754061861422000,56.3,3,56.3,57,56.6,10,2,2022-04-12 09:01:01
1649754061883965000,56.3,3,56.3,54,56.6,10,2,2022-04-12 09:01:01
1649754061920609000,56.5,1,56.3,52,56.6,10,2,2022-04-12 09:01:01
1649754061920609000,56.3,2,56.3,52,56.6,10,2,2022-04-12 09:01:01
1649754061936274000,56.3,3,56.3,49,56.6,10,2,2022-04-12 09:01:01
1649754061956292000,56.3,3,56.3,46,56.6,10,2,2022-04-12 09:01:01
1649754062006758000,56.6,1,56.5,3,56.6,9,1,2022-04-12 09:01:02
1649754062026430000,56.5,3,56.3,46,56.6,9,2,2022-04-12 09:01:02
1649754062035105000,56.3,3,56.3,43,56.6,9,2,2022-04-12 09:01:02
1649754062061968000,56.6,2,56.5,2,56.6,7,1,2022-04-12 09:01:02
1649754062082446000,56.5,2,56.3,42,56.6,7,2,2022-04-12 09:01:02
1649754062082446000,56.3,1,56.3,42,56.6,7,2,2022-04-12 09:01:02
1649754062165502000,56.6,7,56.6,3,56.7,37,1,2022-04-12 09:01:02
1649754062193125000,56.6,3,56.3,42,56.7,37,2,2022-04-12 09:01:02
1649754062221436000,56.3,5,56.3,37,56.7,37,2,2022-04-12 09:01:02
1649754062449438000,56.4,1,56.4,5,56.6,5,2,2022-04-12 09:01:02
1649754062581859000,56.6,1,56.5,3,56.6,4,1,2022-04-12 09:01:02
1649754062892241000,56.6,3,56.5,3,56.6,4,1,2022-04-12 09:01:02
1649754063197038000,56.5,3,56.4,38,56.6,3,2,2022-04-12 09:01:03
1649754063687705000,56.6,5,56.5,1,56.7,37,1,2022-04-12 09:01:03
1649754063714313000,56.7,20,56.5,1,56.7,17,1,2022-04-12 09:01:03
1649754063814275000,56.5,1,56.5,4,56.7,17,2,2022-04-12 09:01:03
1649754063870893000,56.5,3,56.5,1,56.6,20,2,2022-04-12 09:01:03
1649754064036859000,56.6,2,56.5,1,56.6,18,1,2022-04-12 09:01:04
1649754064367792000,56.5,1,56.5,1,56.6,18,2,2022-04-12 09:01:04
1649754064496038000,56.6,1,56.4,47,56.6,18,1,2022-04-12 09:01:04
1649754064548745000,56.6,1,56.4,47,56.6,17,1,2022-04-12 09:01:04
1649754064603644000,56.6,13,56.4,47,56.6,4,1,2022-04-12 09:01:04
1649754064756057000,56.6,1,56.5,1,56.6,3,1,2022-04-12 09:01:04
1649754064759512000,56.6,3,56.5,2,56.7,18,1,2022-04-12 09:01:04
1649754064977544000,56.7,2,56.5,1,56.7,16,1,2022-04-12 09:01:04
1649754065002535000,56.7,10,56.5,1,56.7,6,1,2022-04-12 09:01:05
1649754065181161000,56.6,1,56.5,2,56.6,4,1,2022-04-12 09:01:05
1649754065239376000,56.6,1,56.5,2,56.6,3,1,2022-04-12 09:01:05
1649754065664446000,56.5,5,56.4,46,56.6,3,2,2022-04-12 09:01:05
1649754065742480000,56.6,2,56.4,46,56.6,1,1,2022-04-12 09:01:05
1649754065777155000,56.6,1,56.4,46,56.7,6,1,2022-04-12 09:01:05
1649754066452155000,56.6,1,56.6,23,56.7,7,2,2022-04-12 09:01:06
1649754066599188000,56.7,3,56.6,23,56.7,14,1,2022-04-12 09:01:06
1649754066708690000,56.6,24,56.5,17,56.7,14,2,2022-04-12 09:01:06
1649754066711382000,56.5,1,56.5,16,56.7,14,2,2022-04-12 09:01:06
1649754066719476000,56.5,9,56.5,7,56.7,24,2,2022-04-12 09:01:06
1649754066738501000,56.5,1,56.5,6,56.7,24,2,2022-04-12 09:01:06
1649754066807581000,56.6,1,56.5,7,56.6,1,1,2022-04-12 09:01:06
1649754066943694000,56.7,1,56.5,7,56.7,23,1,2022-04-12 09:01:06
1649754066953813000,56.7,3,56.5,7,56.7,20,1,2022-04-12 09:01:06
1649754067038138000,56.5,2,56.5,5,56.7,20,2,2022-04-12 09:01:07
1649754067324959000,56.6,1,56.6,1,56.7,20,2,2022-04-12 09:01:07
1649754067328134000,56.7,10,56.6,1,56.7,10,1,2022-04-12 09:01:07
1649754067634156000,56.7,3,56.6,3,56.7,7,1,2022-04-12 09:01:07
1649754067718240000,56.6,4,56.5,21,56.7,7,2,2022-04-12 09:01:07
1649754067877099000,56.5,1,56.5,22,56.7,7,2,2022-04-12 09:01:07
1649754067908327000,56.5,3,56.5,19,56.7,7,2,2022-04-12 09:01:07
1649754067948106000,56.7,3,56.6,1,56.7,5,1,2022-04-12 09:01:07
1649754068420720000,56.6,3,56.5,19,56.6,14,2,2022-04-12 09:01:08
1649754068577668000,56.6,6,56.5,20,56.6,8,1,2022-04-12 09:01:08
1649754068621093000,56.5,1,56.5,19,56.6,8,2,2022-04-12 09:01:08
1649754068692790000,56.5,2,56.5,17,56.6,8,2,2022-04-12 09:01:08
1649754068733186000,56.6,1,56.5,17,56.6,7,1,2022-04-12 09:01:08
1649754068810532000,56.6,7,56.5,19,56.7,2,1,2022-04-12 09:01:08
1649754068810532000,56.7,3,56.5,19,56.7,2,1,2022-04-12 09:01:08
1649754068862611000,56.7,1,56.5,29,56.8,37,1,2022-04-12 09:01:08
1649754068890363000,56.8,1,56.5,29,56.8,36,1,2022-04-12 09:01:08
1649754069060148000,56.6,5,56.5,33,56.7,2,1,2022-04-12 09:01:09
1649754069171367000,56.7,1,56.5,33,56.7,1,1,2022-04-12 09:01:09
1649754069393928000,56.6,2,56.5,33,56.7,1,2,2022-04-12 09:01:09
1649754069520784000,56.6,1,56.5,33,56.6,4,2,2022-04-12 09:01:09
1649754069540424000,56.5,1,56.5,32,56.6,4,2,2022-04-12 09:01:09
1649754069551984000,56.6,4,56.5,32,56.7,2,1,2022-04-12 09:01:09
1649754069698047000,56.5,2,56.5,33,56.7,1,2,2022-04-12 09:01:09
1649754069912805000,56.6,1,56.5,55,56.8,36,1,2022-04-12 09:01:09
1649754069912805000,56.7,1,56.5,55,56.8,36,1,2022-04-12 09:01:09
1649754070053070000,56.8,1,56.6,15,56.8,35,1,2022-04-12 09:01:10
1649754070082014000,56.8,1,56.6,15,56.8,34,1,2022-04-12 09:01:10
1649754070196330000,56.7,1,56.7,1,56.8,34,2,2022-04-12 09:01:10
1649754070232947000,56.7,1,56.6,15,56.8,34,2,2022-04-12 09:01:10
1649754070314965000,56.8,2,56.6,15,56.8,32,1,2022-04-12 09:01:10
1649754070573841000,56.6,1,56.6,14,56.7,5,2,2022-04-12 09:01:10
1649754070588584000,56.7,2,56.6,14,56.7,3,1,2022-04-12 09:01:10
1649754070753373000,56.7,1,56.6,14,56.7,5,1,2022-04-12 09:01:10
1649754070921859000,56.7,1,56.6,23,56.7,4,1,2022-04-12 09:01:10
1649754070981850000,56.6,7,56.6,16,56.7,4,2,2022-04-12 09:01:10
1649754071040693000,56.7,2,56.6,16,56.7,2,1,2022-04-12 09:01:11
1649754071083055000,56.7,2,56.7,2,56.8,32,1,2022-04-12 09:01:11
1649754071401703000,56.7,1,56.7,1,56.8,32,2,2022-04-12 09:01:11
1649754071410192000,56.8,1,56.7,1,56.8,31,1,2022-04-12 09:01:11
1649754071574426000,56.7,1,56.7,2,56.8,31,2,2022-04-12 09:01:11
1649754071604248000,56.8,1,56.7,2,56.8,30,1,2022-04-12 09:01:11
1649754071896995000,56.8,1,56.7,2,56.8,30,1,2022-04-12 09:01:11
1649754072023677000,56.7,1,56.7,2,56.8,30,2,2022-04-12 09:01:12
1649754072352420000,56.7,1,56.7,2,56.8,30,2,2022-04-12 09:01:12
1649754072429126000,56.8,1,56.7,2,56.8,29,1,2022-04-12 09:01:12
1649754072610267000,56.7,1,56.7,8,56.8,30,2,2022-04-12 09:01:12
1649754072916715000,56.8,20,56.7,12,56.8,10,1,2022-04-12 09:01:12
1649754073109934000,56.8,1,56.7,13,56.8,9,1,2022-04-12 09:01:13
1649754073207744000,56.8,1,56.7,13,56.8,8,1,2022-04-12 09:01:13
1649754073217012000,56.7,1,56.7,12,56.8,8,2,2022-04-12 09:01:13
1649754073318674000,56.8,1,56.7,13,56.8,7,1,2022-04-12 09:01:13
1649754073561773000,56.8,7,56.7,16,56.9,44,1,2022-04-12 09:01:13
1649754073609516000,56.7,16,56.6,31,56.9,44,2,2022-04-12 09:01:13
1649754073609516000,56.6,4,56.6,31,56.9,44,2,2022-04-12 09:01:13
1649754073641817000,56.9,1,56.6,31,56.9,43,1,2022-04-12 09:01:13
1649754073668565000,56.9,1,56.6,31,56.9,42,1,2022-04-12 09:01:13
1649754074221563000,56.7,1,56.6,37,56.9,42,1,2022-04-12 09:01:14
1649754074224385000,56.9,1,56.6,37,56.9,41,1,2022-04-12 09:01:14
1649754074403137000,56.7,1,56.6,37,56.7,2,2,2022-04-12 09:01:14
1649754074418625000,56.7,2,56.6,37,56.9,37,1,2022-04-12 09:01:14
1649754074766119000,56.9,1,56.7,4,56.9,36,1,2022-04-12 09:01:14
1649754075543529000,56.9,2,56.7,17,56.9,30,1,2022-04-12 09:01:15
1649754075567812000,56.9,3,56.7,17,56.9,27,1,2022-04-12 09:01:15
1649754075838537000,56.9,3,56.7,19,56.9,24,1,2022-04-12 09:01:15
1649754075940207000,56.9,1,56.7,23,56.9,23,1,2022-04-12 09:01:15
1649754076300585000,56.9,10,56.8,5,56.9,13,1,2022-04-12 09:01:16
1649754076343358000,56.9,3,56.8,5,56.9,10,1,2022-04-12 09:01:16
1649754076348531000,56.9,1,56.8,5,56.9,9,1,2022-04-12 09:01:16
1649754076348793000,56.9,1,56.8,5,56.9,8,1,2022-04-12 09:01:16
1649754076359601000,56.9,1,56.8,5,56.9,7,1,2022-04-12 09:01:16
1649754076384094000,56.9,7,56.8,23,57.0,141,1,2022-04-12 09:01:16
1649754077106792000,56.9,2,56.9,13,57.0,139,2,2022-04-12 09:01:17
1649754077221765000,57.0,2,56.9,19,57.0,137,1,2022-04-12 09:01:17
1649754077279467000,57.0,1,56.9,19,57.0,136,1,2022-04-12 09:01:17
1649754077326714000,57.0,3,56.9,19,57.0,133,1,2022-04-12 09:01:17
1649754077335971000,57.0,6,56.9,20,57.0,127,1,2022-04-12 09:01:17
1649754077368134000,57.0,2,56.9,20,57.0,125,1,2022-04-12 09:01:17
1649754077539358000,56.9,5,56.9,25,57.0,127,2,2022-04-12 09:01:17
1649754077568286000,57.0,20,56.9,25,57.0,107,1,2022-04-12 09:01:17
1649754077693120000,57.0,4,56.9,29,57.0,103,1,2022-04-12 09:01:17
1649754077734245000,57.0,20,56.9,29,57.0,83,1,2022-04-12 09:01:17
1649754077736086000,57.0,1,56.9,29,57.0,82,1,2022-04-12 09:01:17
1649754077862540000,57.0,20,56.9,29,57.0,62,1,2022-04-12 09:01:17
1649754077972327000,56.9,1,56.9,33,57.0,62,2,2022-04-12 09:01:17
1649754077990504000,57.0,2,56.9,33,57.0,60,1,2022-04-12 09:01:17
1649754078034397000,57.0,5,56.9,34,57.0,55,1,2022-04-12 09:01:18
1649754078059735000,57.0,5,56.9,34,57.0,50,1,2022-04-12 09:01:18
1649754078090610000,57.0,6,56.9,34,57.0,44,1,2022-04-12 09:01:18
1649754078096558000,57.0,3,56.9,34,57.0,41,1,2022-04-12 09:01:18
1649754078113978000,57.0,2,56.9,34,57.0,39,1,2022-04-12 09:01:18
1649754078120328000,56.9,5,56.9,29,57.0,39,2,2022-04-12 09:01:18
1649754078121819000,57.0,10,56.9,29,57.0,29,1,2022-04-12 09:01:18
1649754078121858000,57.0,6,56.9,29,57.0,23,1,2022-04-12 09:01:18
1649754078122191000,57.0,6,56.9,29,57.0,17,1,2022-04-12 09:01:18
1649754078122400000,57.0,6,56.9,29,57.0,11,1,2022-04-12 09:01:18
1649754078122630000,57.0,6,56.9,29,57.0,5,1,2022-04-12 09:01:18
1649754078122924000,57.0,5,56.9,29,57.1,74,1,2022-04-12 09:01:18
1649754078176961000,57.1,4,56.9,29,57.1,70,1,2022-04-12 09:01:18
1649754078213261000,57.1,20,57.0,10,57.1,50,1,2022-04-12 09:01:18
1649754078214944000,57.1,6,57.0,10,57.1,44,1,2022-04-12 09:01:18
1649754078300847000,57.1,1,57.0,10,57.1,43,1,2022-04-12 09:01:18
1649754078326229000,57.1,1,57.0,10,57.1,42,1,2022-04-12 09:01:18
1649754078342186000,57.1,1,57.0,10,57.1,41,1,2022-04-12 09:01:18
1649754078350462000,57.1,2,57.0,10,57.1,39,1,2022-04-12 09:01:18
1649754078371065000,57.1,2,57.0,20,57.1,37,1,2022-04-12 09:01:18
1649754078372142000,57.1,5,57.0,20,57.1,32,1,2022-04-12 09:01:18
1649754078380262000,57.1,1,57.0,20,57.1,31,1,2022-04-12 09:01:18
1649754078461015000,57.1,20,57.0,21,57.1,11,1,2022-04-12 09:01:18
1649754078493685000,57.1,6,57.0,21,57.1,5,1,2022-04-12 09:01:18
1649754078493725000,57.1,5,57.0,21,57.2,50,1,2022-04-12 09:01:18
1649754078497775000,57.2,2,57.0,21,57.2,48,1,2022-04-12 09:01:18
1649754078501937000,57.0,5,57.0,16,57.2,48,2,2022-04-12 09:01:18
1649754078585726000,57.1,4,57.0,24,57.2,48,2,2022-04-12 09:01:18
1649754078610493000,57.2,2,57.0,24,57.2,46,1,2022-04-12 09:01:18
1649754078657021000,57.2,5,57.0,26,57.2,41,1,2022-04-12 09:01:18
1649754078704670000,57.2,5,57.0,29,57.2,36,1,2022-04-12 09:01:18
1649754078721545000,57.1,5,57.1,1,57.2,36,2,2022-04-12 09:01:18
1649754078867024000,57.2,1,57.1,1,57.2,35,1,2022-04-12 09:01:18
1649754078938594000,57.2,2,57.1,1,57.2,33,1,2022-04-12 09:01:18
1649754078963285000,57.2,2,57.1,1,57.2,31,1,2022-04-12 09:01:18
1649754079099281000,57.2,2,57.1,1,57.2,29,1,2022-04-12 09:01:19
1649754079175388000,57.2,2,57.1,1,57.2,27,1,2022-04-12 09:01:19
1649754079346842000,57.2,2,57.1,2,57.2,25,1,2022-04-12 09:01:19
1649754079522610000,57.2,2,57.1,2,57.2,23,1,2022-04-12 09:01:19
1649754079584284000,57.2,8,57.1,2,57.2,15,1,2022-04-12 09:01:19
1649754079595291000,57.1,2,57.0,29,57.1,3,2,2022-04-12 09:01:19
1649754079598975000,57.0,1,57.0,28,57.1,3,2,2022-04-12 09:01:19
1649754079681610000,57.1,2,57.0,29,57.1,1,1,2022-04-12 09:01:19
1649754079833786000,57.1,1,57.0,30,57.1,5,1,2022-04-12 09:01:19
1649754079844003000,57.1,1,57.0,30,57.1,4,1,2022-04-12 09:01:19
1649754079858848000,57.1,4,57.0,30,57.2,15,1,2022-04-12 09:01:19
1649754079891053000,57.2,8,57.0,30,57.2,7,1,2022-04-12 09:01:19
1649754079932060000,57.2,7,57.0,30,57.3,49,1,2022-04-12 09:01:19
1649754079932060000,57.3,1,57.0,30,57.3,49,1,2022-04-12 09:01:19
1649754079988779000,57.3,1,57.0,30,57.3,48,1,2022-04-12 09:01:19
1649754080002764000,57.3,1,57.0,30,57.3,47,1,2022-04-12 09:01:20
1649754080034628000,57.3,2,57.0,30,57.3,45,1,2022-04-12 09:01:20
1649754080341953000,57.0,6,57.0,14,57.2,5,2,2022-04-12 09:01:20
1649754080408271000,57.0,1,57.0,18,57.2,7,2,2022-04-12 09:01:20
1649754080699282000,57.2,1,57.1,2,57.2,11,1,2022-04-12 09:01:20
1649754080730249000,57.1,2,57.0,13,57.2,11,2,2022-04-12 09:01:20
1649754080808594000,57.2,1,57.0,13,57.2,14,1,2022-04-12 09:01:20
1649754080993785000,57.2,5,57.0,14,57.2,9,1,2022-04-12 09:01:20
1649754081210643000,57.2,1,57.0,17,57.2,8,1,2022-04-12 09:01:21
1649754081226052000,57.2,5,57.0,19,57.2,3,1,2022-04-12 09:01:21
1649754081327388000,57.2,1,57.0,19,57.2,2,1,2022-04-12 09:01:21
1649754081351289000,57.2,2,57.0,19,57.3,52,1,2022-04-12 09:01:21
1649754081351289000,57.3,3,57.0,19,57.3,52,1,2022-04-12 09:01:21
1649754081422746000,57.1,1,57.0,19,57.2,1,2,2022-04-12 09:01:21
1649754081470641000,57.2,1,57.0,19,57.3,52,1,2022-04-12 09:01:21
1649754081485951000,57.3,1,57.1,1,57.3,51,1,2022-04-12 09:01:21
1649754081501037000,57.3,1,57.1,1,57.3,50,1,2022-04-12 09:01:21
1649754081543888000,57.1,1,57.0,19,57.3,50,2,2022-04-12 09:01:21
1649754081572311000,57.3,1,57.0,19,57.3,49,1,2022-04-12 09:01:21
1649754081599275000,57.0,1,57.0,18,57.3,49,2,2022-04-12 09:01:21
1649754081716745000,57.1,1,57.0,14,57.2,1,2,2022-04-12 09:01:21
1649754081716745000,57.0,4,57.0,14,57.2,1,2,2022-04-12 09:01:21
1649754081755198000,57.0,1,57.0,13,57.2,5,2,2022-04-12 09:01:21
1649754081758111000,57.2,1,57.0,13,57.2,4,1,2022-04-12 09:01:21
1649754081876064000,57.2,3,57.1,5,57.2,1,1,2022-04-12 09:01:21
1649754081881641000,57.2,1,57.1,5,57.3,48,1,2022-04-12 09:01:21
1649754081881641000,57.3,1,57.1,5,57.3,48,1,2022-04-12 09:01:21
1649754081957811000,57.2,2,57.1,5,57.3,48,2,2022-04-12 09:01:21
1649754082216124000,57.2,1,57.1,5,57.3,48,2,2022-04-12 09:01:22
1649754082230819000,57.2,1,57.2,1,57.3,48,1,2022-04-12 09:01:22
1649754082259355000,57.2,1,57.1,5,57.3,48,2,2022-04-12 09:01:22
1649754082451142000,57.1,5,57.0,15,57.2,26,2,2022-04-12 09:01:22
1649754082534703000,57.2,1,57.0,15,57.2,25,1,2022-04-12 09:01:22
1649754082795433000,57.2,2,57.1,2,57.2,24,1,2022-04-12 09:01:22
1649754082846731000,57.1,1,57.1,1,57.2,24,2,2022-04-12 09:01:22
1649754082926616000,57.2,1,57.1,1,57.2,23,1,2022-04-12 09:01:22
1649754082945436000,57.2,2,57.1,1,57.2,21,1,2022-04-12 09:01:22
1649754082955082000,57.2,1,57.1,1,57.2,20,1,2022-04-12 09:01:22
1649754082962859000,57.1,1,57.0,15,57.2,20,2,2022-04-12 09:01:22
1649754083095765000,57.2,20,57.1,5,57.3,19,1,2022-04-12 09:01:23
1649754083095765000,57.3,30,57.1,5,57.3,19,1,2022-04-12 09:01:23
1649754083097869000,57.1,5,57.0,16,57.3,19,2,2022-04-12 09:01:23
1649754083137992000,57.3,3,57.1,2,57.3,16,1,2022-04-12 09:01:23
1649754083149222000,57.1,1,57.1,1,57.3,16,2,2022-04-12 09:01:23
1649754083232968000,57.2,1,57.1,1,57.3,16,2,2022-04-12 09:01:23
1649754083235528000,57.1,1,57.0,17,57.3,16,2,2022-04-12 09:01:23
1649754083322476000,57.3,1,57.2,1,57.3,15,1,2022-04-12 09:01:23
1649754083327182000,57.2,1,57.0,18,57.3,15,2,2022-04-12 09:01:23
1649754083362473000,57.3,1,57.0,18,57.3,14,1,2022-04-12 09:01:23
1649754083680684000,57.3,2,57.1,5,57.3,12,1,2022-04-12 09:01:23
1649754083717707000,57.3,1,57.1,5,57.3,11,1,2022-04-12 09:01:23
1649754083769564000,57.2,1,57.1,5,57.2,9,1,2022-04-12 09:01:23
1649754083825417000,57.2,1,57.1,5,57.2,8,1,2022-04-12 09:01:23
1649754083889017000,57.2,1,57.1,6,57.2,7,1,2022-04-12 09:01:23
1649754084006258000,57.2,3,57.1,7,57.2,4,1,2022-04-12 09:01:24
1649754084147362000,57.2,1,57.1,7,57.2,3,1,2022-04-12 09:01:24
1649754084148898000,57.2,3,57.2,2,57.3,11,1,2022-04-12 09:01:24
1649754084163516000,57.2,2,57.1,7,57.3,11,2,2022-04-12 09:01:24
1649754084669280000,57.2,2,57.1,7,57.2,22,1,2022-04-12 09:01:24
1649754084857665000,57.2,1,57.1,8,57.2,23,1,2022-04-12 09:01:24
1649754084884762000,57.2,1,57.1,8,57.2,22,1,2022-04-12 09:01:24
1649754084917368000,57.1,8,57.0,32,57.1,12,2,2022-04-12 09:01:24
1649754084960118000,57.1,1,57.0,32,57.1,16,1,2022-04-12 09:01:24
1649754084974931000,57.1,1,57.0,32,57.1,15,1,2022-04-12 09:01:24
1649754084985000000,57.1,1,57.0,32,57.1,14,1,2022-04-12 09:01:24
1649754085010865000,57.1,1,57.0,32,57.1,13,1,2022-04-12 09:01:25
1649754085082581000,57.1,1,57.0,37,57.1,12,1,2022-04-12 09:01:25
1649754085110603000,57.1,1,57.0,37,57.1,11,1,2022-04-12 09:01:25
1649754085174676000,57.1,1,57.0,37,57.1,10,1,2022-04-12 09:01:25
1649754085294706000,57.1,3,57.0,37,57.1,7,1,2022-04-12 09:01:25
1649754085299916000,57.1,1,57.0,37,57.1,6,1,2022-04-12 09:01:25
1649754085445652000,57.1,1,57.0,37,57.1,5,1,2022-04-12 09:01:25
1649754085483327000,57.1,4,57.0,37,57.1,1,1,2022-04-12 09:01:25
1649754085563298000,57.1,1,57.0,39,57.2,23,1,2022-04-12 09:01:25
1649754085584104000,57.2,1,57.0,39,57.2,22,1,2022-04-12 09:01:25
1649754085615445000,57.2,1,57.0,42,57.2,21,1,2022-04-12 09:01:25
1649754085689318000,57.2,1,57.1,1,57.2,20,1,2022-04-12 09:01:25
1649754085731869000,57.2,3,57.1,1,57.2,17,1,2022-04-12 09:01:25
1649754085778874000,57.1,1,57.0,43,57.1,9,2,2022-04-12 09:01:25
1649754085848640000,57.0,2,57.0,41,57.1,10,2,2022-04-12 09:01:25
1649754085922428000,57.1,3,57.0,43,57.1,7,1,2022-04-12 09:01:25
1649754085962782000,57.1,2,57.0,43,57.1,5,1,2022-04-12 09:01:25
1649754085967654000,57.1,1,57.0,43,57.1,4,1,2022-04-12 09:01:25
1649754086000956000,57.1,1,57.0,43,57.1,3,1,2022-04-12 09:01:26
1649754086004916000,57.1,2,57.0,43,57.1,1,1,2022-04-12 09:01:26
1649754086142667000,57.1,3,57.0,50,57.2,17,1,2022-04-12 09:01:26
1649754086167240000,57.2,1,57.0,50,57.2,16,1,2022-04-12 09:01:26
1649754086168024000,57.2,1,57.0,50,57.2,15,1,2022-04-12 09:01:26
1649754086315096000,57.2,5,57.0,50,57.2,12,1,2022-04-12 09:01:26
1649754086473790000,57.2,2,57.0,50,57.2,10,1,2022-04-12 09:01:26
1649754086581023000,57.2,1,57.0,50,57.2,9,1,2022-04-12 09:01:26
1649754086626794000,57.2,1,57.0,50,57.2,8,1,2022-04-12 09:01:26
1649754086635450000,57.2,1,57.0,50,57.2,7,1,2022-04-12 09:01:26
1649754086647962000,57.2,3,57.0,50,57.2,4,1,2022-04-12 09:01:26
1649754086727940000,57.2,1,57.0,50,57.2,3,1,2022-04-12 09:01:26
1649754086735871000,57.2,2,57.0,50,57.2,1,1,2022-04-12 09:01:26
1649754086821523000,57.1,1,57.0,50,57.1,9,1,2022-04-12 09:01:26
1649754086883206000,57.1,5,57.0,50,57.1,4,1,2022-04-12 09:01:26
1649754086900000000,57.1,1,57.0,50,57.1,3,1,2022-04-12 09:01:26
1649754086945087000,57.0,1,57.0,49,57.1,3,2,2022-04-12 09:01:26
1649754087109661000,57.1,1,57.0,50,57.1,2,1,2022-04-12 09:01:27
1649754087113004000,57.1,1,57.0,50,57.1,1,1,2022-04-12 09:01:27
1649754087137215000,57.1,1,57.0,50,57.1,1,1,2022-04-12 09:01:27
1649754087234338000,57.1,1,57.0,51,57.1,2,1,2022-04-12 09:01:27
1649754087378901000,57.1,1,57.0,53,57.1,1,1,2022-04-12 09:01:27
1649754087408280000,57.1,1,57.0,54,57.1,10,1,2022-04-12 09:01:27
1649754087525837000,57.1,1,57.0,55,57.1,9,1,2022-04-12 09:01:27
1649754087612714000,57.0,1,57.0,55,57.1,9,2,2022-04-12 09:01:27
1649754087724510000,57.1,1,57.0,55,57.1,8,1,2022-04-12 09:01:27
1649754087816462000,57.1,1,57.0,56,57.1,7,1,2022-04-12 09:01:27
1649754087936960000,57.1,2,57.0,57,57.1,5,1,2022-04-12 09:01:27
1649754088104535000,57.1,2,57.0,58,57.1,3,1,2022-04-12 09:01:28
1649754088199090000,57.0,2,57.0,56,57.1,3,2,2022-04-12 09:01:28
1649754088298333000,57.1,3,57.0,61,57.2,19,1,2022-04-12 09:01:28
1649754088340932000,57.2,2,57.0,65,57.2,22,1,2022-04-12 09:01:28
1649754088344254000,57.2,11,57.0,65,57.2,11,1,2022-04-12 09:01:28
1649754088364629000,57.2,1,57.1,1,57.2,10,1,2022-04-12 09:01:28
1649754088411754000,57.1,1,57.0,65,57.1,3,2,2022-04-12 09:01:28
1649754088436010000,57.1,1,57.0,65,57.1,2,1,2022-04-12 09:01:28
1649754088534460000,57.1,2,57.0,66,57.2,20,1,2022-04-12 09:01:28
1649754088616852000,57.1,1,57.0,66,57.2,20,1,2022-04-12 09:01:28
1649754088679626000,57.1,3,57.0,69,57.1,2,2,2022-04-12 09:01:28
1649754088970510000,57.1,2,57.0,80,57.1,2,1,2022-04-12 09:01:28
1649754089349041000,57.1,3,57.1,2,57.2,23,1,2022-04-12 09:01:29
1649754089596447000,57.2,1,57.1,3,57.2,20,1,2022-04-12 09:01:29
1649754089728198000,57.2,1,57.1,4,57.2,19,1,2022-04-12 09:01:29
1649754089831051000,57.2,1,57.1,4,57.2,18,1,2022-04-12 09:01:29
1649754089949041000,57.2,2,57.1,5,57.2,16,1,2022-04-12 09:01:29
1649754090018367000,57.1,1,57.1,6,57.2,16,2,2022-04-12 09:01:30
1649754090078691000,57.1,1,57.1,6,57.2,16,2,2022-04-12 09:01:30
1649754090186683000,57.2,2,57.1,7,57.2,14,1,2022-04-12 09:01:30
1649754090359481000,57.1,1,57.1,7,57.2,14,2,2022-04-12 09:01:30
1649754090374174000,57.2,10,57.1,7,57.2,4,1,2022-04-12 09:01:30
1649754090707438000,57.1,1,57.1,14,57.2,4,2,2022-04-12 09:01:30
1649754090727068000,57.2,1,57.1,14,57.2,3,1,2022-04-12 09:01:30
1649754090980676000,57.1,1,57.1,14,57.2,28,2,2022-04-12 09:01:30
1649754091032507000,57.2,1,57.1,14,57.2,27,1,2022-04-12 09:01:31
1649754091061818000,57.2,2,57.1,16,57.2,25,1,2022-04-12 09:01:31
1649754091181661000,57.2,2,57.1,16,57.2,23,1,2022-04-12 09:01:31
1649754091316443000,57.1,1,57.1,17,57.2,23,2,2022-04-12 09:01:31
1649754091429794000,57.1,1,57.1,16,57.2,23,2,2022-04-12 09:01:31
1649754091474874000,57.1,5,57.1,11,57.2,23,2,2022-04-12 09:01:31
1649754091488881000,57.1,11,57.0,91,57.2,23,2,2022-04-12 09:01:31
1649754091488881000,57.0,9,57.0,91,57.2,23,2,2022-04-12 09:01:31
1649754091673159000,57.2,1,57.0,91,57.2,27,1,2022-04-12 09:01:31
1649754091716746000,57.2,2,57.0,91,57.2,25,1,2022-04-12 09:01:31
1649754091802123000,57.2,10,57.1,3,57.2,15,1,2022-04-12 09:01:31
1649754092107794000,57.1,7,57.0,79,57.2,18,2,2022-04-12 09:01:32
1649754092107794000,57.0,13,57.0,79,57.2,18,2,2022-04-12 09:01:32
1649754092135551000,57.2,1,57.0,79,57.2,17,1,2022-04-12 09:01:32
1649754092258135000,57.2,1,57.0,79,57.2,19,1,2022-04-12 09:01:32
1649754092273726000,57.2,2,57.0,79,57.2,17,1,2022-04-12 09:01:32
1649754092293629000,57.2,1,57.0,80,57.2,16,1,2022-04-12 09:01:32
1649754092410120000,57.2,3,57.1,30,57.2,13,1,2022-04-12 09:01:32
1649754092469994000,57.2,1,57.1,30,57.2,12,1,2022-04-12 09:01:32
1649754092492664000,57.1,6,57.1,24,57.2,12,2,2022-04-12 09:01:32
1649754092597792000,57.2,3,57.1,25,57.2,20,1,2022-04-12 09:01:32
1649754092643018000,57.2,1,57.1,25,57.2,19,1,2022-04-12 09:01:32
1649754092743467000,57.2,1,57.1,25,57.2,18,1,2022-04-12 09:01:32
1649754092911194000,57.2,1,57.1,26,57.2,18,1,2022-04-12 09:01:32
1649754093006814000,57.2,1,57.1,26,57.2,17,1,2022-04-12 09:01:33
1649754093041905000,57.2,1,57.1,26,57.2,16,1,2022-04-12 09:01:33
1649754093239767000,57.2,1,57.1,26,57.2,15,1,2022-04-12 09:01:33
1649754093301926000,57.2,1,57.1,26,57.2,11,1,2022-04-12 09:01:33
1649754093376319000,57.2,1,57.1,26,57.2,10,1,2022-04-12 09:01:33
1649754093622545000,57.2,5,57.1,26,57.2,6,1,2022-04-12 09:01:33
1649754093825369000,57.2,1,57.1,27,57.2,5,1,2022-04-12 09:01:33
1649754093829775000,57.2,5,57.1,27,57.3,27,1,2022-04-12 09:01:33
1649754093829775000,57.3,5,57.1,27,57.3,27,1,2022-04-12 09:01:33
1649754094131172000,57.2,5,57.2,13,57.3,28,2,2022-04-12 09:01:34
1649754094181632000,57.2,1,57.2,11,57.3,28,2,2022-04-12 09:01:34
1649754094192977000,57.3,5,57.2,11,57.3,23,1,2022-04-12 09:01:34
1649754094480190000,57.3,10,57.2,16,57.3,13,1,2022-04-12 09:01:34
1649754094515466000,57.2,1,57.2,15,57.3,13,2,2022-04-12 09:01:34
1649754094696135000,57.3,1,57.2,17,57.3,12,1,2022-04-12 09:01:34
1649754094787311000,57.2,1,57.2,16,57.3,12,2,2022-04-12 09:01:34
1649754094829128000,57.2,4,57.2,13,57.3,12,2,2022-04-12 09:01:34
1649754094897277000,57.3,5,57.2,13,57.3,7,1,2022-04-12 09:01:34
1649754095013444000,57.3,7,57.3,3,57.4,35,1,2022-04-12 09:01:35
1649754095507397000,57.4,3,57.3,3,57.4,32,1,2022-04-12 09:01:35
1649754095558486000,57.4,1,57.3,3,57.4,31,1,2022-04-12 09:01:35
1649754095560597000,57.4,1,57.3,3,57.4,30,1,2022-04-12 09:01:35
1649754095741323000,57.3,1,57.3,2,57.4,30,2,2022-04-12 09:01:35
1649754095914755000,57.4,2,57.3,2,57.4,28,1,2022-04-12 09:01:35
1649754096034822000,57.3,1,57.3,2,57.4,28,2,2022-04-12 09:01:36
1649754096089750000,57.4,12,57.3,8,57.4,16,1,2022-04-12 09:01:36
1649754096204233000,57.4,1,57.3,9,57.4,15,1,2022-04-12 09:01:36
1649754096213323000,57.4,4,57.3,9,57.4,11,1,2022-04-12 09:01:36
1649754096296282000,57.3,2,57.3,7,57.4,11,2,2022-04-12 09:01:36
1649754096312417000,57.4,1,57.3,7,57.4,10,1,2022-04-12 09:01:36
1649754096426625000,57.4,1,57.3,7,57.4,9,1,2022-04-12 09:01:36
1649754096648426000,57.4,4,57.3,8,57.4,5,1,2022-04-12 09:01:36
1649754096649822000,57.4,5,57.3,8,57.5,38,1,2022-04-12 09:01:36
1649754096670535000,57.5,1,57.3,8,57.5,37,1,2022-04-12 09:01:36
1649754096706402000,57.5,1,57.3,8,57.5,36,1,2022-04-12 09:01:36
1649754096707695000,57.5,1,57.3,8,57.5,35,1,2022-04-12 09:01:36
1649754096711372000,57.3,1,57.3,7,57.5,35,2,2022-04-12 09:01:36
1649754096855617000,57.4,4,57.4,1,57.5,35,2,2022-04-12 09:01:36
1649754096894770000,57.5,1,57.3,7,57.5,34,1,2022-04-12 09:01:36
1649754097202926000,57.5,2,57.3,10,57.5,32,1,2022-04-12 09:01:37
1649754097399201000,57.5,1,57.4,1,57.5,31,1,2022-04-12 09:01:37
1649754097649741000,57.4,2,57.4,3,57.5,31,2,2022-04-12 09:01:37
1649754097783184000,57.5,2,57.4,2,57.5,29,1,2022-04-12 09:01:37
1649754098100426000,57.4,1,57.4,1,57.5,29,2,2022-04-12 09:01:38
1649754098194203000,57.5,1,57.4,3,57.5,28,1,2022-04-12 09:01:38
1649754098492710000,57.4,4,57.3,10,57.5,28,2,2022-04-12 09:01:38
1649754098492710000,57.3,1,57.3,10,57.5,28,2,2022-04-12 09:01:38
1649754098532260000,57.5,10,57.3,9,57.5,19,1,2022-04-12 09:01:38
1649754098597755000,57.5,1,57.3,9,57.5,18,1,2022-04-12 09:01:38
1649754098627907000,57.3,5,57.3,4,57.5,18,2,2022-04-12 09:01:38
1649754098962475000,57.3,2,57.3,2,57.5,18,2,2022-04-12 09:01:38
1649754099036961000,57.4,2,57.3,4,57.5,18,2,2022-04-12 09:01:39
1649754099042380000,57.5,1,57.3,4,57.5,17,1,2022-04-12 09:01:39
1649754099096422000,57.5,1,57.4,1,57.5,16,1,2022-04-12 09:01:39
1649754099399811000,57.4,1,57.3,4,57.5,17,2,2022-04-12 09:01:39
1649754099502957000,57.4,3,57.3,4,57.5,19,1,2022-04-12 09:01:39
1649754099502957000,57.5,2,57.3,4,57.5,19,1,2022-04-12 09:01:39
1649754099521817000,57.5,1,57.3,4,57.5,18,1,2022-04-12 09:01:39
1649754099532558000,57.5,4,57.3,4,57.5,14,1,2022-04-12 09:01:39
1649754099535902000,57.5,3,57.3,5,57.5,11,1,2022-04-12 09:01:39
1649754099572573000,57.5,1,57.3,5,57.5,10,1,2022-04-12 09:01:39
1649754099632655000,57.5,1,57.3,5,57.5,9,1,2022-04-12 09:01:39
1649754099778105000,57.4,1,57.3,5,57.5,3,1,2022-04-12 09:01:39
1649754099778105000,57.5,6,57.3,5,57.5,3,1,2022-04-12 09:01:39
1649754099947402000,57.5,1,57.4,3,57.5,2,1,2022-04-12 09:01:39
1649754100040617000,57.4,3,57.2,41,57.5,4,2,2022-04-12 09:01:40
1649754100040617000,57.3,7,57.2,41,57.5,4,2,2022-04-12 09:01:40
1649754100040617000,57.2,5,57.2,41,57.5,4,2,2022-04-12 09:01:40
1649754100093619000,57.2,1,57.2,40,57.5,5,2,2022-04-12 09:01:40
1649754100101612000,57.5,2,57.2,40,57.5,3,1,2022-04-12 09:01:40
1649754100168661000,57.5,1,57.3,1,57.5,2,1,2022-04-12 09:01:40
1649754100449862000,57.4,1,57.3,11,57.5,17,1,2022-04-12 09:01:40
1649754100478497000,57.4,1,57.3,11,57.5,17,2,2022-04-12 09:01:40
1649754100490853000,57.5,1,57.3,11,57.5,16,1,2022-04-12 09:01:40
1649754100511497000,57.5,1,57.3,14,57.5,16,1,2022-04-12 09:01:40
1649754100642315000,57.4,1,57.3,14,57.5,16,2,2022-04-12 09:01:40
1649754100865900000,57.5,2,57.3,15,57.5,19,1,2022-04-12 09:01:40
1649754100989997000,57.5,1,57.3,16,57.5,18,1,2022-04-12 09:01:40
1649754101155982000,57.4,1,57.3,16,57.5,18,1,2022-04-12 09:01:41
1649754101172141000,57.5,2,57.3,16,57.5,17,1,2022-04-12 09:01:41
1649754101305288000,57.5,1,57.3,16,57.5,20,1,2022-04-12 09:01:41
1649754101356100000,57.5,1,57.3,16,57.5,22,1,2022-04-12 09:01:41
1649754101411750000,57.5,1,57.3,17,57.5,21,1,2022-04-12 09:01:41
1649754101483143000,57.4,1,57.3,17,57.5,21,1,2022-04-12 09:01:41
1649754101609447000,57.5,5,57.3,17,57.5,16,1,2022-04-12 09:01:41
1649754101838754000,57.5,1,57.3,48,57.5,20,1,2022-04-12 09:01:41
1649754101940707000,57.4,1,57.4,6,57.5,20,2,2022-04-12 09:01:41
1649754102019950000,57.5,1,57.4,6,57.5,19,1,2022-04-12 09:01:42
1649754102037019000,57.5,19,57.4,6,57.6,41,1,2022-04-12 09:01:42
1649754102037019000,57.6,12,57.4,6,57.6,41,1,2022-04-12 09:01:42
1649754102082410000,57.5,3,57.5,2,57.6,41,2,2022-04-12 09:01:42
1649754102093377000,57.6,1,57.5,2,57.6,40,1,2022-04-12 09:01:42
1649754102113879000,57.5,1,57.5,1,57.6,40,2,2022-04-12 09:01:42
1649754102119674000,57.6,2,57.5,1,57.6,38,1,2022-04-12 09:01:42
1649754102191312000,57.5,4,57.5,1,57.6,38,2,2022-04-12 09:01:42
1649754102210940000,57.5,1,57.4,6,57.6,38,2,2022-04-12 09:01:42
1649754102281385000,57.5,1,57.4,6,57.5,9,2,2022-04-12 09:01:42
1649754102746451000,57.5,1,57.4,11,57.5,9,1,2022-04-12 09:01:42
1649754102854733000,57.4,2,57.4,10,57.5,12,2,2022-04-12 09:01:42
1649754102873444000,57.5,1,57.4,10,57.5,12,1,2022-04-12 09:01:42
1649754102927491000,57.5,1,57.4,10,57.5,11,1,2022-04-12 09:01:42
1649754102935266000,57.5,1,57.4,10,57.5,10,1,2022-04-12 09:01:42
1649754103108161000,57.5,10,57.4,10,57.5,2,1,2022-04-12 09:01:43
1649754103253799000,57.5,1,57.4,10,57.5,2,1,2022-04-12 09:01:43
1649754103342043000,57.5,1,57.4,10,57.5,1,1,2022-04-12 09:01:43
1649754103389705000,57.5,1,57.4,10,57.6,38,1,2022-04-12 09:01:43
1649754103511770000,57.5,1,57.4,10,57.6,38,1,2022-04-12 09:01:43
1649754103672321000,57.6,1,57.5,2,57.6,37,1,2022-04-12 09:01:43
1649754103697428000,57.5,2,57.5,1,57.6,37,2,2022-04-12 09:01:43
1649754103967123000,57.5,5,57.4,10,57.6,37,2,2022-04-12 09:01:43
1649754103984724000,57.4,3,57.4,7,57.6,37,2,2022-04-12 09:01:43
1649754104068303000,57.5,1,57.4,2,57.6,37,2,2022-04-12 09:01:44
1649754104068303000,57.4,5,57.4,2,57.6,37,2,2022-04-12 09:01:44
1649754104214413000,57.5,1,57.4,2,57.6,36,1,2022-04-12 09:01:44
1649754104214413000,57.6,1,57.4,2,57.6,36,1,2022-04-12 09:01:44
1649754104267232000,57.6,1,57.4,2,57.6,35,1,2022-04-12 09:01:44
1649754104477450000,57.5,4,57.4,2,57.6,35,2,2022-04-12 09:01:44
1649754104598786000,57.5,1,57.4,7,57.5,1,1,2022-04-12 09:01:44
1649754104683373000,57.5,1,57.4,7,57.6,35,1,2022-04-12 09:01:44
1649754104794655000,57.5,1,57.4,7,57.6,35,2,2022-04-12 09:01:44
1649754105312533000,57.6,35,57.5,21,57.7,33,1,2022-04-12 09:01:45
1649754105312533000,57.7,5,57.5,21,57.7,33,1,2022-04-12 09:01:45
1649754105360414000,57.5,2,57.5,19,57.7,33,2,2022-04-12 09:01:45
1649754105399950000,57.5,1,57.5,18,57.7,33,2,2022-04-12 09:01:45
1649754105445927000,57.5,4,57.5,19,57.7,33,2,2022-04-12 09:01:45
1649754105504127000,57.7,1,57.5,19,57.7,32,1,2022-04-12 09:01:45
1649754105797860000,57.5,1,57.5,18,57.7,32,2,2022-04-12 09:01:45
1649754105904189000,57.5,2,57.5,18,57.7,32,2,2022-04-12 09:01:45
1649754105977841000,57.7,1,57.5,29,57.7,31,1,2022-04-12 09:01:45
1649754106037258000,57.7,4,57.5,29,57.7,27,1,2022-04-12 09:01:46
1649754106400724000,57.6,1,57.6,10,57.7,27,2,2022-04-12 09:01:46
1649754106463146000,57.7,5,57.6,10,57.7,22,1,2022-04-12 09:01:46
1649754106463437000,57.6,1,57.6,9,57.7,22,2,2022-04-12 09:01:46
1649754106635572000,57.7,1,57.6,9,57.7,21,1,2022-04-12 09:01:46
1649754106734700000,57.6,5,57.6,4,57.7,21,2,2022-04-12 09:01:46
1649754107199971000,57.6,1,57.6,5,57.7,22,2,2022-04-12 09:01:47
1649754107355050000,57.6,1,57.6,9,57.7,22,2,2022-04-12 09:01:47
1649754107424550000,57.6,1,57.6,8,57.7,22,2,2022-04-12 09:01:47
1649754107517384000,57.7,4,57.6,8,57.7,18,1,2022-04-12 09:01:47
1649754107571190000,57.6,6,57.6,2,57.7,17,2,2022-04-12 09:01:47
1649754107580239000,57.7,2,57.6,2,57.7,15,1,2022-04-12 09:01:47
1649754107694248000,57.6,2,57.5,37,57.7,15,2,2022-04-12 09:01:47
1649754107794463000,57.7,1,57.5,37,57.7,14,1,2022-04-12 09:01:47
1649754107887872000,57.7,10,57.5,38,57.7,4,1,2022-04-12 09:01:47
1649754107947434000,57.7,9,57.5,39,57.8,46,1,2022-04-12 09:01:47
1649754107947434000,57.8,1,57.5,39,57.8,46,1,2022-04-12 09:01:47
1649754108104135000,57.7,1,57.5,47,57.8,41,1,2022-04-12 09:01:48
1649754108104135000,57.8,5,57.5,47,57.8,41,1,2022-04-12 09:01:48
1649754108121727000,57.7,5,57.5,47,57.8,41,1,2022-04-12 09:01:48
1649754108133909000,57.8,1,57.6,2,57.8,40,1,2022-04-12 09:01:48
1649754108139574000,57.8,1,57.6,2,57.8,39,1,2022-04-12 09:01:48
1649754108171935000,57.8,2,57.6,2,57.8,37,1,2022-04-12 09:01:48
1649754108358471000,57.6,1,57.6,2,57.7,1,2,2022-04-12 09:01:48
1649754108504418000,57.6,2,57.5,40,57.7,1,2,2022-04-12 09:01:48
1649754108504418000,57.5,8,57.5,40,57.7,1,2,2022-04-12 09:01:48
1649754108694915000,57.6,1,57.5,40,57.6,1,1,2022-04-12 09:01:48
1649754108749930000,57.6,1,57.5,41,57.7,7,1,2022-04-12 09:01:48
1649754108936390000,57.7,1,57.5,41,57.7,6,1,2022-04-12 09:01:48
1649754109203955000,57.7,1,57.5,51,57.7,5,1,2022-04-12 09:01:49
1649754109400189000,57.6,1,57.5,51,57.6,4,1,2022-04-12 09:01:49
1649754109599212000,57.5,1,57.5,50,57.6,4,2,2022-04-12 09:01:49
1649754109639728000,57.6,1,57.5,50,57.6,3,1,2022-04-12 09:01:49
1649754109692481000,57.5,5,57.5,45,57.6,3,2,2022-04-12 09:01:49
1649754109713488000,57.6,3,57.6,1,57.7,6,1,2022-04-12 09:01:49
1649754109925885000,57.6,2,57.6,2,57.7,13,2,2022-04-12 09:01:49
1649754109963177000,57.7,1,57.6,2,57.7,13,1,2022-04-12 09:01:49
1649754110221583000,57.6,7,57.5,51,57.7,18,2,2022-04-12 09:01:50
1649754110221583000,57.5,3,57.5,51,57.7,18,2,2022-04-12 09:01:50
1649754110257826000,57.7,1,57.5,51,57.7,17,1,2022-04-12 09:01:50
1649754110498355000,57.7,4,57.5,53,57.7,13,1,2022-04-12 09:01:50
1649754110514867000,57.5,1,57.5,52,57.7,13,2,2022-04-12 09:01:50
1649754110735907000,57.7,8,57.5,53,57.7,9,1,2022-04-12 09:01:50
1649754110786011000,57.6,1,57.5,63,57.7,9,2,2022-04-12 09:01:50
1649754110985568000,57.5,20,57.5,49,57.7,9,2,2022-04-12 09:01:50
1649754111168811000,57.5,1,57.5,48,57.6,5,2,2022-04-12 09:01:51
1649754111170824000,57.6,1,57.5,48,57.6,4,1,2022-04-12 09:01:51
1649754111171661000,57.6,1,57.5,48,57.6,3,1,2022-04-12 09:01:51
1649754111196159000,57.6,1,57.5,48,57.6,2,1,2022-04-12 09:01:51
1649754111201317000,57.6,2,57.6,1,57.7,9,1,2022-04-12 09:01:51
1649754111223297000,57.6,1,57.5,48,57.7,9,2,2022-04-12 09:01:51
1649754111309037000,57.7,1,57.6,2,57.7,8,1,2022-04-12 09:01:51
1649754111320719000,57.6,2,57.5,55,57.7,8,2,2022-04-12 09:01:51
1649754111359508000,57.7,2,57.5,56,57.7,6,1,2022-04-12 09:01:51
1649754111418917000,57.7,1,57.5,56,57.7,5,1,2022-04-12 09:01:51
1649754111557541000,57.6,1,57.5,56,57.6,1,1,2022-04-12 09:01:51
1649754111565541000,57.6,1,57.5,56,57.7,6,1,2022-04-12 09:01:51
1649754111570009000,57.7,1,57.5,56,57.7,5,1,2022-04-12 09:01:51
1649754111603234000,57.5,3,57.5,53,57.7,5,2,2022-04-12 09:01:51
1649754111622484000,57.7,5,57.5,53,57.8,13,1,2022-04-12 09:01:51
1649754111622484000,57.8,25,57.5,53,57.8,13,1,2022-04-12 09:01:51
1649754111703282000,57.6,1,57.5,53,57.7,10,2,2022-04-12 09:01:51
1649754111814597000,57.7,1,57.5,58,57.7,9,1,2022-04-12 09:01:51
1649754111904043000,57.6,1,57.5,58,57.6,2,1,2022-04-12 09:01:51
1649754111920263000,57.5,1,57.5,58,57.6,3,2,2022-04-12 09:01:51
1649754112059070000,57.6,1,57.5,59,57.6,2,1,2022-04-12 09:01:52
1649754112157869000,57.6,2,57.5,59,57.6,10,1,2022-04-12 09:01:52
1649754112250771000,57.6,1,57.5,59,57.6,9,1,2022-04-12 09:01:52
1649754112489197000,57.6,1,57.5,89,57.6,14,1,2022-04-12 09:01:52
1649754112490244000,57.6,1,57.5,89,57.6,13,1,2022-04-12 09:01:52
1649754112661737000,57.6,1,57.5,90,57.6,13,1,2022-04-12 09:01:52
1649754112737923000,57.6,1,57.5,91,57.6,12,1,2022-04-12 09:01:52
1649754113015556000,57.6,1,57.5,93,57.6,14,1,2022-04-12 09:01:53
1649754113108230000,57.6,1,57.5,93,57.6,15,1,2022-04-12 09:01:53
1649754113336025000,57.6,1,57.5,93,57.6,22,1,2022-04-12 09:01:53
1649754113374480000,57.6,1,57.5,93,57.6,21,1,2022-04-12 09:01:53
1649754113410141000,57.6,1,57.5,93,57.6,20,1,2022-04-12 09:01:53
1649754113514994000,57.6,1,57.5,94,57.6,19,1,2022-04-12 09:01:53
1649754113573077000,57.6,1,57.5,94,57.6,18,1,2022-04-12 09:01:53
1649754113615679000,57.6,1,57.5,94,57.6,17,1,2022-04-12 09:01:53
1649754113631621000,57.6,1,57.5,96,57.6,21,1,2022-04-12 09:01:53
1649754113635764000,57.6,1,57.5,96,57.6,20,1,2022-04-12 09:01:53
1649754113664122000,57.6,4,57.5,98,57.6,16,1,2022-04-12 09:01:53
1649754113713886000,57.6,1,57.5,98,57.6,35,1,2022-04-12 09:01:53
1649754113732540000,57.6,1,57.5,98,57.6,34,1,2022-04-12 09:01:53
1649754113743039000,57.6,1,57.5,98,57.6,33,1,2022-04-12 09:01:53
1649754113773824000,57.6,1,57.5,98,57.6,32,1,2022-04-12 09:01:53
1649754113778520000,57.6,1,57.5,98,57.6,31,1,2022-04-12 09:01:53
1649754113835142000,57.6,1,57.5,98,57.6,30,1,2022-04-12 09:01:53
1649754113927412000,57.6,2,57.5,98,57.6,28,1,2022-04-12 09:01:53
1649754113964225000,57.5,6,57.5,92,57.6,38,2,2022-04-12 09:01:53
1649754113974188000,57.6,1,57.5,92,57.6,37,1,2022-04-12 09:01:53
1649754114151406000,57.6,2,57.5,92,57.6,35,1,2022-04-12 09:01:54
1649754114197920000,57.6,5,57.5,92,57.6,30,1,2022-04-12 09:01:54
1649754114289446000,57.6,1,57.5,93,57.6,29,1,2022-04-12 09:01:54
1649754114340801000,57.5,2,57.5,92,57.6,29,2,2022-04-12 09:01:54
1649754114347290000,57.6,1,57.5,92,57.6,28,1,2022-04-12 09:01:54
1649754114398353000,57.6,1,57.5,92,57.6,27,1,2022-04-12 09:01:54
1649754114501600000,57.5,1,57.5,91,57.6,27,2,2022-04-12 09:01:54
1649754114508619000,57.6,1,57.5,91,57.6,26,1,2022-04-12 09:01:54
1649754114534373000,57.5,15,57.5,77,57.6,26,2,2022-04-12 09:01:54
1649754114534443000,57.5,1,57.5,76,57.6,26,2,2022-04-12 09:01:54
1649754114567131000,57.5,9,57.5,68,57.6,26,2,2022-04-12 09:01:54
1649754114593983000,57.5,2,57.5,67,57.6,26,2,2022-04-12 09:01:54
1649754114640093000,57.5,2,57.5,65,57.6,27,2,2022-04-12 09:01:54
1649754114807852000,57.6,1,57.5,65,57.6,26,1,2022-04-12 09:01:54
1649754114845204000,57.6,5,57.5,78,57.6,23,1,2022-04-12 09:01:54
1649754114891241000,57.5,5,57.5,73,57.6,22,2,2022-04-12 09:01:54
1649754114909450000,57.5,1,57.5,72,57.6,22,2,2022-04-12 09:01:54
1649754115163816000,57.6,3,57.5,73,57.6,54,1,2022-04-12 09:01:55
1649754115302552000,57.6,1,57.5,73,57.6,53,1,2022-04-12 09:01:55
1649754115356860000,57.5,1,57.5,73,57.6,53,2,2022-04-12 09:01:55
1649754115511417000,57.6,3,57.5,75,57.6,52,1,2022-04-12 09:01:55
1649754115565064000,57.6,6,57.5,75,57.6,46,1,2022-04-12 09:01:55
1649754115651127000,57.6,1,57.5,75,57.6,45,1,2022-04-12 09:01:55
1649754115680441000,57.6,1,57.5,75,57.6,44,1,2022-04-12 09:01:55
1649754115851259000,57.6,1,57.5,75,57.6,43,1,2022-04-12 09:01:55
1649754116006959000,57.6,3,57.5,75,57.6,40,1,2022-04-12 09:01:56
1649754116249731000,57.6,1,57.5,89,57.6,51,1,2022-04-12 09:01:56
1649754116280436000,57.5,30,57.5,59,57.6,51,2,2022-04-12 09:01:56
1649754116313007000,57.5,1,57.5,58,57.6,51,2,2022-04-12 09:01:56
1649754116375822000,57.6,4,57.5,58,57.6,47,1,2022-04-12 09:01:56
1649754116507312000,57.6,1,57.5,60,57.6,46,1,2022-04-12 09:01:56
1649754116642929000,57.5,1,57.5,60,57.6,46,2,2022-04-12 09:01:56
1649754116772332000,57.6,2,57.5,60,57.6,44,1,2022-04-12 09:01:56
1649754116775457000,57.5,2,57.5,58,57.6,44,2,2022-04-12 09:01:56
1649754117112842000,57.6,1,57.5,63,57.6,44,1,2022-04-12 09:01:57
1649754117172685000,57.6,1,57.5,63,57.6,43,1,2022-04-12 09:01:57
1649754117213104000,57.6,5,57.5,63,57.6,38,1,2022-04-12 09:01:57
1649754117308677000,57.6,2,57.5,63,57.6,42,1,2022-04-12 09:01:57
1649754117380348000,57.5,30,57.5,33,57.6,42,2,2022-04-12 09:01:57
1649754117435966000,57.6,1,57.5,34,57.6,41,1,2022-04-12 09:01:57
1649754117633630000,57.5,20,57.5,14,57.6,42,2,2022-04-12 09:01:57
1649754117643062000,57.6,1,57.5,14,57.6,41,1,2022-04-12 09:01:57
1649754117759612000,57.6,1,57.5,14,57.6,42,1,2022-04-12 09:01:57
1649754117900571000,57.6,20,57.5,15,57.6,22,1,2022-04-12 09:01:57
1649754117902228000,57.5,1,57.5,14,57.6,22,2,2022-04-12 09:01:57
1649754117958673000,57.6,1,57.5,14,57.6,21,1,2022-04-12 09:01:57
1649754117999147000,57.6,3,57.5,15,57.6,18,1,2022-04-12 09:01:57
1649754118051914000,57.5,8,57.5,9,57.6,19,2,2022-04-12 09:01:58
1649754118122858000,57.6,2,57.5,9,57.6,18,1,2022-04-12 09:01:58
1649754118153787000,57.5,9,57.4,65,57.5,1,2,2022-04-12 09:01:58
1649754118233709000,57.5,5,57.4,65,57.5,14,1,2022-04-12 09:01:58
1649754118288804000,57.5,4,57.4,65,57.5,10,1,2022-04-12 09:01:58
1649754118371292000,57.5,2,57.4,65,57.5,24,1,2022-04-12 09:01:58
1649754118421802000,57.5,1,57.4,65,57.5,23,1,2022-04-12 09:01:58
1649754118487338000,57.4,2,57.4,63,57.5,23,2,2022-04-12 09:01:58
1649754118526039000,57.5,5,57.4,63,57.5,29,1,2022-04-12 09:01:58
1649754118598688000,57.5,1,57.4,63,57.5,29,1,2022-04-12 09:01:58
1649754118633865000,57.5,1,57.4,63,57.5,32,1,2022-04-12 09:01:58
1649754118709351000,57.5,10,57.4,63,57.5,22,1,2022-04-12 09:01:58
1649754118736808000,57.5,1,57.4,62,57.5,21,1,2022-04-12 09:01:58
1649754118793038000,57.5,21,57.5,29,57.6,15,1,2022-04-12 09:01:58
1649754118800296000,57.6,2,57.5,29,57.6,13,1,2022-04-12 09:01:58
1649754118859028000,57.5,5,57.5,24,57.6,13,2,2022-04-12 09:01:58
1649754118859057000,57.6,1,57.5,24,57.6,12,1,2022-04-12 09:01:58
1649754118889467000,57.6,4,57.5,24,57.6,8,1,2022-04-12 09:01:58
1649754118925286000,57.6,6,57.5,24,57.6,2,1,2022-04-12 09:01:58
1649754118929091000,57.5,10,57.5,14,57.6,2,2,2022-04-12 09:01:58
1649754118931837000,57.6,1,57.5,14,57.6,1,1,2022-04-12 09:01:58
1649754118934837000,57.5,2,57.5,12,57.6,1,2,2022-04-12 09:01:58
1649754119013909000,57.5,13,57.4,13,57.6,1,2,2022-04-12 09:01:59
1649754119013909000,57.4,47,57.4,13,57.6,1,2,2022-04-12 09:01:59
1649754119095545000,57.4,4,57.4,9,57.5,27,2,2022-04-12 09:01:59
1649754119198513000,57.5,1,57.4,9,57.5,29,1,2022-04-12 09:01:59
1649754119243892000,57.4,1,57.4,8,57.5,29,2,2022-04-12 09:01:59
1649754119414937000,57.4,5,57.4,3,57.5,31,2,2022-04-12 09:01:59
1649754119520439000,57.5,1,57.4,3,57.5,35,1,2022-04-12 09:01:59
1649754119527700000,57.4,3,57.3,86,57.5,35,2,2022-04-12 09:01:59
1649754119548105000,57.3,1,57.3,85,57.5,35,2,2022-04-12 09:01:59
1649754119583153000,57.5,3,57.3,85,57.5,32,1,2022-04-12 09:01:59
1649754119619094000,57.5,1,57.3,85,57.5,31,1,2022-04-12 09:01:59
1649754119680788000,57.5,1,57.3,85,57.5,30,1,2022-04-12 09:01:59
1649754119775552000,57.3,10,57.3,75,57.5,30,2,2022-04-12 09:01:59
1649754119796660000,57.5,1,57.3,75,57.5,30,1,2022-04-12 09:01:59
1649754119892217000,57.4,1,57.3,75,57.4,1,1,2022-04-12 09:01:59
1649754119950725000,57.4,1,57.3,75,57.4,1,1,2022-04-12 09:01:59
1649754120133118000,57.3,3,57.3,72,57.4,2,2,2022-04-12 09:02:00
1649754120249359000,57.4,1,57.3,72,57.4,14,1,2022-04-12 09:02:00
1649754120397933000,57.3,1,57.3,71,57.4,14,2,2022-04-12 09:02:00
1649754120498458000,57.4,1,57.3,71,57.4,13,1,2022-04-12 09:02:00
1649754120508880000,57.4,1,57.3,71,57.4,12,1,2022-04-12 09:02:00
1649754120573973000,57.3,1,57.3,70,57.4,12,2,2022-04-12 09:02:00
1649754120604785000,57.4,1,57.3,70,57.4,12,1,2022-04-12 09:02:00
1649754120784266000,57.3,1,57.3,70,57.4,13,2,2022-04-12 09:02:00
1649754120789691000,57.4,1,57.3,70,57.4,12,1,2022-04-12 09:02:00
1649754120862254000,57.4,1,57.3,70,57.4,11,1,2022-04-12 09:02:00
1649754120869385000,57.4,2,57.3,70,57.4,9,1,2022-04-12 09:02:00
1649754120904391000,57.4,1,57.3,70,57.4,8,1,2022-04-12 09:02:00
1649754120994059000,57.3,1,57.3,70,57.4,8,2,2022-04-12 09:02:00
1649754121058998000,57.4,1,57.3,70,57.4,7,1,2022-04-12 09:02:01
1649754121164817000,57.4,1,57.3,70,57.4,6,1,2022-04-12 09:02:01
1649754121200932000,57.4,1,57.3,70,57.4,5,1,2022-04-12 09:02:01
1649754121317282000,57.4,1,57.3,70,57.4,4,1,2022-04-12 09:02:01
1649754121328847000,57.4,1,57.3,70,57.4,3,1,2022-04-12 09:02:01
1649754121362214000,57.3,5,57.3,65,57.4,3,2,2022-04-12 09:02:01
1649754121438242000,57.3,5,57.3,60,57.4,3,2,2022-04-12 09:02:01
1649754121452772000,57.3,5,57.3,55,57.4,3,2,2022-04-12 09:02:01
1649754121456943000,57.4,1,57.3,55,57.4,2,1,2022-04-12 09:02:01
1649754121458621000,57.3,5,57.3,50,57.4,2,2,2022-04-12 09:02:01
1649754121496507000,57.3,5,57.3,45,57.4,5,2,2022-04-12 09:02:01
1649754121498266000,57.4,2,57.3,45,57.4,3,1,2022-04-12 09:02:01
1649754121502634000,57.3,15,57.3,30,57.4,3,2,2022-04-12 09:02:01
1649754121687227000,57.4,2,57.3,30,57.4,8,1,2022-04-12 09:02:01
1649754122103422000,57.3,1,57.3,29,57.4,12,2,2022-04-12 09:02:02
1649754122237357000,57.3,1,57.3,28,57.4,12,2,2022-04-12 09:02:02
1649754122275182000,57.4,1,57.3,28,57.4,11,1,2022-04-12 09:02:02
1649754122311445000,57.4,5,57.3,28,57.4,6,1,2022-04-12 09:02:02
1649754122337265000,57.4,1,57.3,28,57.4,5,1,2022-04-12 09:02:02
1649754122532273000,57.4,1,57.3,28,57.4,4,1,2022-04-12 09:02:02
1649754122764581000,57.3,4,57.3,30,57.4,4,2,2022-04-12 09:02:02
1649754122812710000,57.4,1,57.3,30,57.4,3,1,2022-04-12 09:02:02
1649754123154538000,57.4,2,57.3,30,57.4,5,1,2022-04-12 09:02:03
1649754123195870000,57.4,1,57.3,30,57.4,4,1,2022-04-12 09:02:03
1649754123261271000,57.4,2,57.3,30,57.4,2,1,2022-04-12 09:02:03
1649754123920433000,57.3,5,57.3,26,57.4,7,2,2022-04-12 09:02:03
1649754123937763000,57.4,1,57.3,26,57.4,6,1,2022-04-12 09:02:03
1649754124193318000,57.4,1,57.3,26,57.4,5,1,2022-04-12 09:02:04
1649754124234762000,57.4,1,57.3,26,57.4,4,1,2022-04-12 09:02:04
1649754124245757000,57.3,9,57.3,17,57.4,4,2,2022-04-12 09:02:04
1649754124284458000,57.3,5,57.3,12,57.4,4,2,2022-04-12 09:02:04
1649754124514861000,57.3,14,57.2,1,57.4,7,2,2022-04-12 09:02:04
1649754124514861000,57.2,36,57.2,1,57.4,7,2,2022-04-12 09:02:04
1649754124519899000,57.4,1,57.2,1,57.4,6,1,2022-04-12 09:02:04
1649754124529827000,57.4,1,57.2,1,57.4,5,1,2022-04-12 09:02:04
1649754124577974000,57.2,1,57.1,49,57.4,9,2,2022-04-12 09:02:04
1649754124577974000,57.1,7,57.1,49,57.4,9,2,2022-04-12 09:02:04
1649754124588092000,57.4,1,57.1,49,57.4,8,1,2022-04-12 09:02:04
1649754124700940000,57.1,1,57.1,48,57.4,17,2,2022-04-12 09:02:04
1649754124903161000,57.3,1,57.1,48,57.4,22,2,2022-04-12 09:02:04
1649754124944063000,57.4,1,57.1,48,57.4,24,1,2022-04-12 09:02:04
1649754125026024000,57.4,1,57.1,48,57.4,25,1,2022-04-12 09:02:05
1649754125273156000,57.3,2,57.1,48,57.3,4,1,2022-04-12 09:02:05
1649754125361351000,57.3,1,57.1,48,57.3,3,1,2022-04-12 09:02:05
1649754125510917000,57.2,1,57.1,48,57.2,4,1,2022-04-12 09:02:05
1649754125565600000,57.2,4,57.2,1,57.3,3,1,2022-04-12 09:02:05
1649754125627745000,57.3,1,57.2,1,57.3,2,1,2022-04-12 09:02:05
1649754125673758000,57.2,1,57.1,45,57.3,2,2,2022-04-12 09:02:05
1649754125673758000,57.1,3,57.1,45,57.3,2,2,2022-04-12 09:02:05
1649754125749950000,57.3,1,57.1,45,57.3,1,1,2022-04-12 09:02:05
1649754125871656000,57.2,3,57.1,45,57.2,2,1,2022-04-12 09:02:05
1649754126009906000,57.2,1,57.1,45,57.2,7,1,2022-04-12 09:02:06
1649754126045668000,57.1,5,57.1,40,57.2,7,2,2022-04-12 09:02:06
1649754126209142000,57.2,7,57.2,23,57.3,22,1,2022-04-12 09:02:06
1649754126315484000,57.3,1,57.2,23,57.3,21,1,2022-04-12 09:02:06
1649754126468977000,57.3,2,57.2,23,57.3,31,1,2022-04-12 09:02:06
1649754126488015000,57.3,1,57.2,23,57.3,30,1,2022-04-12 09:02:06
1649754126523068000,57.3,1,57.2,23,57.3,29,1,2022-04-12 09:02:06
1649754126564868000,57.3,1,57.2,23,57.3,28,1,2022-04-12 09:02:06
1649754126579090000,57.3,1,57.2,23,57.3,27,1,2022-04-12 09:02:06
1649754126591255000,57.3,1,57.2,23,57.3,26,1,2022-04-12 09:02:06
1649754126593032000,57.2,10,57.2,13,57.3,26,2,2022-04-12 09:02:06
1649754126752678000,57.3,1,57.2,13,57.3,25,1,2022-04-12 09:02:06
1649754126765768000,57.2,10,57.2,3,57.3,25,2,2022-04-12 09:02:06
1649754126786800000,57.2,4,57.1,40,57.2,1,2,2022-04-12 09:02:06
1649754126875202000,57.2,1,57.1,39,57.3,34,1,2022-04-12 09:02:06
1649754126875202000,57.3,1,57.1,39,57.3,34,1,2022-04-12 09:02:06
1649754127019417000,57.1,5,57.1,32,57.2,1,2,2022-04-12 09:02:07
1649754127020839000,57.2,1,57.1,32,57.3,32,1,2022-04-12 09:02:07
1649754127020839000,57.3,2,57.1,32,57.3,32,1,2022-04-12 09:02:07
1649754127283703000,57.1,7,57.1,25,57.3,33,2,2022-04-12 09:02:07
1649754127309612000,57.2,10,57.1,10,57.3,33,2,2022-04-12 09:02:07
1649754127309612000,57.1,15,57.1,10,57.3,33,2,2022-04-12 09:02:07
1649754127437831000,57.3,10,57.1,11,57.3,23,1,2022-04-12 09:02:07
1649754127634824000,57.2,1,57.1,11,57.3,23,2,2022-04-12 09:02:07
1649754127654594000,57.3,1,57.1,11,57.3,22,1,2022-04-12 09:02:07
1649754127704530000,57.1,5,57.1,6,57.3,22,2,2022-04-12 09:02:07
1649754128405712000,57.2,1,57.1,16,57.2,6,1,2022-04-12 09:02:08
1649754128443112000,57.1,1,57.1,15,57.2,6,2,2022-04-12 09:02:08
1649754128615548000,57.2,1,57.1,15,57.2,8,1,2022-04-12 09:02:08
1649754128724254000,57.1,1,57.1,14,57.2,8,2,2022-04-12 09:02:08
1649754128727053000,57.2,8,57.1,14,57.3,23,1,2022-04-12 09:02:08
1649754128727053000,57.3,2,57.1,14,57.3,23,1,2022-04-12 09:02:08
1649754128758123000,57.2,1,57.1,13,57.2,8,1,2022-04-12 09:02:08
1649754129484757000,57.1,2,57.1,14,57.2,25,2,2022-04-12 09:02:09
1649754129545940000,57.1,2,57.1,12,57.2,25,2,2022-04-12 09:02:09
1649754129608233000,57.1,8,57.1,5,57.2,25,2,2022-04-12 09:02:09
1649754129615399000,57.1,5,57.0,158,57.2,25,2,2022-04-12 09:02:09
1649754129615399000,57.0,3,57.0,158,57.2,25,2,2022-04-12 09:02:09
1649754129621520000,57.2,1,57.0,158,57.2,24,1,2022-04-12 09:02:09
1649754129937452000,57.1,1,57.0,159,57.1,21,1,2022-04-12 09:02:09
1649754130084602000,57.1,1,57.0,159,57.1,20,1,2022-04-12 09:02:10
1649754130158371000,57.1,1,57.0,160,57.1,19,1,2022-04-12 09:02:10
1649754130244102000,57.1,19,57.1,6,57.2,46,1,2022-04-12 09:02:10
1649754130252940000,57.1,5,57.1,1,57.2,46,2,2022-04-12 09:02:10
1649754130307191000,57.1,1,57.0,160,57.1,4,2,2022-04-12 09:02:10
1649754130308401000,57.1,1,57.0,160,57.1,3,1,2022-04-12 09:02:10
1649754130738276000,57.1,1,57.0,159,57.1,2,1,2022-04-12 09:02:10
1649754130881624000,57.1,1,57.0,159,57.1,1,1,2022-04-12 09:02:10
1649754130915150000,57.1,1,57.0,159,57.2,46,1,2022-04-12 09:02:10
1649754131165315000,57.1,1,57.0,159,57.1,4,1,2022-04-12 09:02:11
1649754131224472000,57.1,2,57.0,159,57.1,2,1,2022-04-12 09:02:11
1649754131294093000,57.1,1,57.0,158,57.1,1,1,2022-04-12 09:02:11
1649754131415318000,57.1,1,57.0,150,57.1,4,1,2022-04-12 09:02:11
1649754131592017000,57.0,10,57.0,140,57.1,4,2,2022-04-12 09:02:11
1649754131603660000,57.1,1,57.0,140,57.1,3,1,2022-04-12 09:02:11
1649754131745952000,57.0,1,57.0,140,57.1,4,2,2022-04-12 09:02:11
1649754131811803000,57.0,2,57.0,138,57.1,4,2,2022-04-12 09:02:11
1649754131975122000,57.1,4,57.1,1,57.2,52,1,2022-04-12 09:02:11
1649754132026570000,57.1,1,57.0,138,57.1,4,2,2022-04-12 09:02:12
1649754132091824000,57.1,2,57.0,138,57.1,2,1,2022-04-12 09:02:12
1649754132140193000,57.1,1,57.0,138,57.1,1,1,2022-04-12 09:02:12
1649754132181349000,57.0,5,57.0,133,57.1,1,2,2022-04-12 09:02:12
1649754132287779000,57.0,1,57.0,132,57.1,3,2,2022-04-12 09:02:12
1649754132347568000,57.0,2,57.0,132,57.1,3,2,2022-04-12 09:02:12
1649754132630829000,57.1,4,57.0,133,57.2,47,1,2022-04-12 09:02:12
1649754132630829000,57.2,6,57.0,133,57.2,47,1,2022-04-12 09:02:12
1649754132684336000,57.0,20,57.0,113,57.2,47,2,2022-04-12 09:02:12
1649754132748889000,57.1,1,57.1,1,57.2,47,2,2022-04-12 09:02:12
1649754132779674000,57.1,1,57.0,114,57.2,47,2,2022-04-12 09:02:12
1649754132835081000,57.1,1,57.0,114,57.2,47,2,2022-04-12 09:02:12
1649754132856276000,57.2,1,57.0,115,57.2,46,1,2022-04-12 09:02:12
1649754133081284000,57.1,2,57.0,112,57.2,47,2,2022-04-12 09:02:13
1649754133081284000,57.0,3,57.0,112,57.2,47,2,2022-04-12 09:02:13
1649754133174612000,57.0,1,57.0,111,57.2,47,2,2022-04-12 09:02:13
1649754133179481000,57.0,26,57.0,85,57.2,47,2,2022-04-12 09:02:13
1649754133328247000,57.1,1,57.0,90,57.2,47,2,2022-04-12 09:02:13
1649754133535261000,57.1,2,57.0,90,57.1,3,2,2022-04-12 09:02:13
1649754133648134000,57.1,1,57.0,90,57.1,3,1,2022-04-12 09:02:13
1649754133834212000,57.0,20,57.0,70,57.1,3,2,2022-04-12 09:02:13
1649754134158620000,57.1,1,57.0,70,57.1,4,1,2022-04-12 09:02:14
1649754134365150000,57.0,1,57.0,74,57.1,4,2,2022-04-12 09:02:14
1649754134525147000,57.0,1,57.0,73,57.1,5,2,2022-04-12 09:02:14
1649754134529750000,57.0,2,57.0,71,57.1,5,2,2022-04-12 09:02:14
1649754134566573000,57.0,1,57.0,70,57.1,5,2,2022-04-12 09:02:14
1649754134583171000,57.0,1,57.0,69,57.1,10,2,2022-04-12 09:02:14
1649754134608649000,57.0,1,57.0,68,57.1,10,2,2022-04-12 09:02:14
1649754134637552000,57.0,1,57.0,67,57.1,10,2,2022-04-12 09:02:14
1649754134774074000,57.1,1,57.0,67,57.1,11,1,2022-04-12 09:02:14
1649754134924091000,57.1,1,57.0,68,57.1,15,1,2022-04-12 09:02:14
1649754135023097000,57.0,16,57.0,52,57.1,18,2,2022-04-12 09:02:15
1649754135044577000,57.0,6,57.0,46,57.1,18,2,2022-04-12 09:02:15
1649754135044610000,57.0,6,57.0,40,57.1,18,2,2022-04-12 09:02:15
1649754135044626000,57.0,40,56.9,25,57.1,18,2,2022-04-12 09:02:15
1649754135324354000,56.9,1,56.9,28,57.1,23,2,2022-04-12 09:02:15
1649754135329911000,57.0,1,56.9,28,57.0,9,2,2022-04-12 09:02:15
1649754135352313000,57.0,4,56.9,28,57.0,5,1,2022-04-12 09:02:15
1649754135535193000,56.9,4,56.9,24,57.0,5,2,2022-04-12 09:02:15
1649754135536835000,57.0,2,56.9,24,57.0,3,1,2022-04-12 09:02:15
1649754135614704000,57.0,1,56.9,24,57.0,5,1,2022-04-12 09:02:15
1649754135762987000,57.0,1,56.9,24,57.0,5,1,2022-04-12 09:02:15
1649754135992205000,57.0,1,56.9,24,57.0,4,1,2022-04-12 09:02:15
1649754136212366000,57.0,1,56.9,29,57.0,4,1,2022-04-12 09:02:16
1649754136227097000,57.0,1,56.9,29,57.0,3,1,2022-04-12 09:02:16
1649754136398769000,57.0,1,56.9,29,57.0,4,1,2022-04-12 09:02:16
1649754136446704000,57.0,4,57.0,6,57.1,20,1,2022-04-12 09:02:16
1649754136466653000,57.1,1,57.0,6,57.1,19,1,2022-04-12 09:02:16
1649754136483622000,57.0,6,56.9,29,57.1,19,2,2022-04-12 09:02:16
1649754136491446000,57.1,1,56.9,29,57.1,18,1,2022-04-12 09:02:16
1649754136765529000,56.9,29,56.7,45,57.1,19,2,2022-04-12 09:02:16
1649754136765529000,56.8,10,56.7,45,57.1,19,2,2022-04-12 09:02:16
1649754136765529000,56.7,1,56.7,45,57.1,19,2,2022-04-12 09:02:16
1649754136936286000,57.0,4,57.0,1,57.1,19,1,2022-04-12 09:02:16
1649754136968895000,57.0,1,56.8,4,57.1,19,2,2022-04-12 09:02:16
1649754137077432000,57.1,10,56.8,4,57.1,9,1,2022-04-12 09:02:17
1649754137420644000,56.8,4,56.7,45,56.8,46,2,2022-04-12 09:02:17
1649754137449707000,56.8,46,56.7,45,57.0,30,1,2022-04-12 09:02:17
1649754137638809000,57.0,5,56.8,2,57.0,26,1,2022-04-12 09:02:17
1649754137646361000,57.0,1,56.8,2,57.0,25,1,2022-04-12 09:02:17
1649754137688582000,57.0,4,56.8,1,57.0,21,1,2022-04-12 09:02:17
1649754137937271000,57.0,4,56.8,22,57.0,20,1,2022-04-12 09:02:17
1649754138156989000,57.0,1,56.8,25,57.0,22,1,2022-04-12 09:02:18
1649754138264437000,57.0,1,56.8,26,57.0,21,1,2022-04-12 09:02:18
1649754138410427000,57.0,2,56.8,27,57.0,19,1,2022-04-12 09:02:18
1649754138601922000,57.0,1,56.8,34,57.0,19,1,2022-04-12 09:02:18
1649754138773625000,56.9,1,56.8,34,57.0,22,2,2022-04-12 09:02:18
1649754139030933000,57.0,5,56.8,34,57.0,17,1,2022-04-12 09:02:19
1649754139057015000,56.9,3,56.8,34,56.9,2,2,2022-04-12 09:02:19
1649754139088603000,56.9,2,56.8,34,57.0,17,1,2022-04-12 09:02:19
1649754139335430000,56.8,5,56.8,29,56.9,1,2,2022-04-12 09:02:19
1649754139401244000,56.9,1,56.8,29,57.0,22,1,2022-04-12 09:02:19
1649754139808143000,56.9,2,56.9,4,57.0,23,2,2022-04-12 09:02:19
1649754139894007000,57.0,3,56.9,4,57.0,20,1,2022-04-12 09:02:19
1649754140025391000,57.0,1,56.9,4,57.0,19,1,2022-04-12 09:02:20
