ts,close,volume,bid_price,bid_volume,ask_price,ask_volume,tick_type,datetime
1651050016821063000,69.4,450,69.3,8,69.4,113,0,2022-04-27 09:00:16
1651050017114311000,69.4,1,69.3,8,69.4,114,1,2022-04-27 09:00:17
1651050017130845000,69.3,4,69.3,4,69.4,114,2,2022-04-27 09:00:17
1651050017170020000,69.3,4,69.2,3,69.4,114,2,2022-04-27 09:00:17
1651050017496177000,69.2,1,69.2,2,69.4,114,2,2022-04-27 09:00:17
1651050017530103000,69.2,1,69.2,1,69.4,114,2,2022-04-27 09:00:17
1651050017699441000,69.4,1,69.2,1,69.4,113,1,2022-04-27 09:00:17
1651050017993808000,69.2,1,69.1,6,69.2,3,2,2022-04-27 09:00:17
1651050018013087000,69.1,4,69.1,2,69.2,3,2,2022-04-27 09:00:18
1651050018145404000,69.1,1,69.1,1,69.2,3,2,2022-04-27 09:00:18
1651050018559857000,69.1,1,69.0,12,69.2,3,2,2022-04-27 09:00:18
1651050020004294000,69.0,1,69.0,11,69.2,3,2,2022-04-27 09:00:20
1651050020009805000,69.2,2,69.0,11,69.2,1,1,2022-04-27 09:00:20
1651050020151612000,69.0,3,69.0,8,69.2,1,2,2022-04-27 09:00:20
1651050020183002000,69.0,8,68.9,2,69.2,1,2,2022-04-27 09:00:20
1651050020429548000,69.1,1,68.9,2,69.3,13,1,2022-04-27 09:00:20
1651050020429548000,69.2,1,68.9,2,69.3,13,1,2022-04-27 09:00:20
1651050020660896000,69.0,10,68.9,2,69.3,13,2,2022-04-27 09:00:20
1651050020694976000,68.9,2,68.8,2,69.3,13,2,2022-04-27 09:00:20
1651050020998675000,68.8,1,68.8,1,69.2,6,2,2022-04-27 09:00:20
1651050023005625000,68.8,1,68.7,4,69.0,1,2,2022-04-27 09:00:23
1651050023211728000,69.0,2,68.7,4,69.1,22,1,2022-04-27 09:00:23
1651050023395588000,68.7,1,68.7,3,69.0,1,2,2022-04-27 09:00:23
1651050023438454000,69.0,1,68.7,3,69.2,4,1,2022-04-27 09:00:23
1651050023438454000,69.1,2,68.7,3,69.2,4,1,2022-04-27 09:00:23
1651050023438454000,69.2,2,68.7,3,69.2,4,1,2022-04-27 09:00:23
1651050023683496000,68.8,1,68.8,1,68.9,1,2,2022-04-27 09:00:23
1651050023996357000,68.8,1,68.7,3,68.9,2,2,2022-04-27 09:00:23
1651050024578595000,68.7,3,68.6,4,68.9,2,2,2022-04-27 09:00:24
1651050024578595000,68.6,2,68.6,4,68.9,2,2,2022-04-27 09:00:24
1651050024617604000,68.9,2,68.6,4,69.0,11,1,2022-04-27 09:00:24
1651050025824895000,68.6,1,68.6,3,69.0,1,2,2022-04-27 09:00:25
1651050025904170000,68.6,1,68.6,2,69.0,6,2,2022-04-27 09:00:25
1651050025935753000,69.0,1,68.6,2,69.0,5,1,2022-04-27 09:00:25
1651050026627397000,68.6,1,68.6,1,68.9,1,2,2022-04-27 09:00:26
1651050027902337000,68.8,1,68.6,1,68.8,2,1,2022-04-27 09:00:27
1651050029979733000,68.6,1,68.5,31,68.7,1,2,2022-04-27 09:00:29
1651050029979733000,68.5,6,68.5,31,68.7,1,2,2022-04-27 09:00:29
1651050030152043000,68.5,1,68.5,30,68.7,1,2,2022-04-27 09:00:30
1651050030367588000,68.5,1,68.5,29,68.7,1,2,2022-04-27 09:00:30
1651050030590276000,68.5,1,68.5,28,68.7,1,2,2022-04-27 09:00:30
1651050030620521000,68.5,4,68.5,24,68.7,1,2,2022-04-27 09:00:30
1651050031617936000,68.6,1,68.5,24,68.6,5,1,2022-04-27 09:00:31
1651050031653091000,68.6,1,68.5,24,68.6,4,1,2022-04-27 09:00:31
1651050033003232000,68.5,1,68.5,23,68.6,4,2,2022-04-27 09:00:33
1651050033248319000,68.6,5,68.5,23,68.8,6,1,2022-04-27 09:00:33
1651050033956739000,68.5,1,68.5,22,68.8,6,2,2022-04-27 09:00:33
1651050034439672000,68.5,1,68.5,21,68.8,6,2,2022-04-27 09:00:34
1651050034647979000,68.8,6,68.5,21,69.1,1,1,2022-04-27 09:00:34
1651050034647979000,68.9,11,68.5,21,69.1,1,1,2022-04-27 09:00:34
1651050034647979000,69.0,3,68.5,21,69.1,1,1,2022-04-27 09:00:34
1651050034695541000,68.6,1,68.5,21,69.1,1,2,2022-04-27 09:00:34
1651050035293777000,68.6,1,68.5,21,69.1,2,2,2022-04-27 09:00:35
1651050035359557000,68.5,1,68.5,20,69.1,2,2,2022-04-27 09:00:35
1651050035368005000,68.5,10,68.5,10,69.1,2,2,2022-04-27 09:00:35
1651050035530913000,68.5,1,68.5,9,68.9,1,2,2022-04-27 09:00:35
1651050036287038000,68.6,1,68.5,10,68.9,1,2,2022-04-27 09:00:36
1651050036461703000,68.5,1,68.5,9,68.9,1,2,2022-04-27 09:00:36
1651050037278457000,68.5,1,68.5,8,68.9,1,2,2022-04-27 09:00:37
1651050037360362000,68.5,5,68.5,7,68.9,1,2,2022-04-27 09:00:37
1651050037729298000,68.9,1,68.5,7,69.0,7,1,2022-04-27 09:00:37
1651050038089710000,68.5,1,68.5,6,68.9,1,2,2022-04-27 09:00:38
1651050038467414000,68.5,1,68.5,5,68.7,6,2,2022-04-27 09:00:38
1651050038539676000,68.7,2,68.5,5,68.7,4,1,2022-04-27 09:00:38
1651050038685985000,68.6,2,68.5,5,68.7,4,2,2022-04-27 09:00:38
1651050039238707000,68.5,1,68.5,7,68.7,4,2,2022-04-27 09:00:39
1651050039419779000,68.5,2,68.5,5,68.6,1,2,2022-04-27 09:00:39
1651050039721496000,68.6,1,68.5,5,68.7,4,1,2022-04-27 09:00:39
1651050039809382000,68.6,1,68.5,5,68.6,1,1,2022-04-27 09:00:39
1651050039981277000,68.5,1,68.5,4,68.6,1,2,2022-04-27 09:00:39
1651050040389489000,68.5,1,68.5,3,68.6,1,2,2022-04-27 09:00:40
1651050040466646000,68.5,3,68.4,3,68.6,4,2,2022-04-27 09:00:40
1651050041000059000,68.5,1,68.4,3,68.7,4,1,2022-04-27 09:00:41
1651050041000059000,68.6,4,68.4,3,68.7,4,1,2022-04-27 09:00:41
1651050041226296000,68.4,1,68.4,2,68.5,3,2,2022-04-27 09:00:41
1651050041747791000,68.5,1,68.4,2,68.5,2,1,2022-04-27 09:00:41
1651050042570535000,68.5,1,68.4,2,68.5,2,1,2022-04-27 09:00:42
1651050044069325000,68.4,2,68.3,1,68.5,4,2,2022-04-27 09:00:44
1651050044688012000,68.5,1,68.3,1,68.5,3,1,2022-04-27 09:00:44
1651050044961771000,68.3,1,68.2,3,68.5,3,2,2022-04-27 09:00:44
1651050045464158000,68.2,3,68.1,2,68.4,1,2,2022-04-27 09:00:45
1651050045515058000,68.1,1,68.1,1,68.4,1,2,2022-04-27 09:00:45
1651050046218464000,68.4,1,68.1,5,68.5,6,1,2022-04-27 09:00:46
1651050046440897000,68.5,1,68.1,5,68.5,5,1,2022-04-27 09:00:46
1651050046699276000,68.1,1,68.1,4,68.5,5,2,2022-04-27 09:00:46
1651050046752602000,68.1,1,68.1,3,68.5,5,2,2022-04-27 09:00:46
1651050047174509000,68.1,2,68.1,1,68.5,5,2,2022-04-27 09:00:47
1651050047448175000,68.1,1,68.0,27,68.5,15,2,2022-04-27 09:00:47
1651050047448175000,68.0,10,68.0,27,68.5,15,2,2022-04-27 09:00:47
1651050051091018000,68.1,1,68.0,27,68.5,17,2,2022-04-27 09:00:51
1651050051091018000,68.0,2,68.0,27,68.5,17,2,2022-04-27 09:00:51
1651050051940880000,68.2,1,68.0,27,68.5,18,2,2022-04-27 09:00:51
1651050051963560000,68.0,3,68.0,24,68.2,1,2,2022-04-27 09:00:51
1651050052170457000,68.0,1,68.0,23,68.2,1,2,2022-04-27 09:00:52
1651050052569450000,68.1,1,68.0,23,68.2,1,2,2022-04-27 09:00:52
1651050052675871000,68.0,1,68.0,22,68.2,1,2,2022-04-27 09:00:52
1651050052731986000,68.0,1,68.0,21,68.2,1,2,2022-04-27 09:00:52
1651050052860839000,68.1,1,68.0,21,68.2,1,2,2022-04-27 09:00:52
1651050052997753000,68.0,2,68.0,19,68.2,1,2,2022-04-27 09:00:52
1651050053153093000,68.1,1,68.1,4,68.2,1,2,2022-04-27 09:00:53
1651050054103766000,68.2,1,68.1,4,68.4,1,1,2022-04-27 09:00:54
1651050054162953000,68.2,1,68.1,4,68.4,1,2,2022-04-27 09:00:54
1651050055003972000,68.1,1,68.1,5,68.4,1,2,2022-04-27 09:00:55
1651050055651614000,68.4,1,68.2,1,68.5,14,1,2022-04-27 09:00:55
1651050055651614000,68.5,2,68.2,1,68.5,14,1,2022-04-27 09:00:55
1651050056691542000,68.2,2,68.1,5,68.5,19,2,2022-04-27 09:00:56
1651050056691542000,68.1,10,68.1,5,68.5,19,2,2022-04-27 09:00:56
1651050057113422000,68.5,2,68.1,5,68.5,17,1,2022-04-27 09:00:57
1651050058016063000,68.4,1,68.2,2,68.4,1,1,2022-04-27 09:00:58
1651050059442632000,68.4,1,68.2,2,68.5,18,1,2022-04-27 09:00:59
1651050060531637000,68.2,1,68.2,4,68.5,23,2,2022-04-27 09:01:00
1651050060924047000,68.3,1,68.2,5,68.5,23,2,2022-04-27 09:01:00
1651050061396749000,68.2,2,68.2,3,68.5,23,2,2022-04-27 09:01:01
1651050061558799000,68.4,3,68.2,3,68.5,24,2,2022-04-27 09:01:01
1651050061588064000,68.2,3,68.1,7,68.4,3,2,2022-04-27 09:01:01
1651050062468167000,68.1,6,68.1,1,68.2,5,2,2022-04-27 09:01:02
1651050062522337000,68.1,1,68.0,37,68.2,5,2,2022-04-27 09:01:02
1651050062608752000,68.2,1,68.0,37,68.2,4,1,2022-04-27 09:01:02
1651050062750820000,68.2,1,68.0,37,68.2,3,1,2022-04-27 09:01:02
1651050062790147000,68.2,1,68.0,37,68.2,2,1,2022-04-27 09:01:02
1651050062832054000,68.2,2,68.0,37,68.4,5,1,2022-04-27 09:01:02
1651050065388301000,68.3,2,68.0,37,68.4,9,2,2022-04-27 09:01:05
1651050065459606000,68.0,2,68.0,35,68.4,9,2,2022-04-27 09:01:05
1651050066631771000,68.0,1,68.0,33,68.2,3,2,2022-04-27 09:01:06
1651050066693723000,68.2,1,68.0,33,68.2,2,1,2022-04-27 09:01:06
1651050067770110000,68.2,1,68.1,12,68.2,1,1,2022-04-27 09:01:07
1651050067838899000,68.2,1,68.2,1,68.4,9,1,2022-04-27 09:01:07
1651050068162139000,68.2,1,68.1,12,68.4,9,2,2022-04-27 09:01:08
1651050068293137000,68.1,5,68.1,7,68.4,9,2,2022-04-27 09:01:08
1651050070519388000,68.3,1,68.2,10,68.4,15,2,2022-04-27 09:01:10
1651050070686882000,68.4,5,68.2,10,68.4,15,1,2022-04-27 09:01:10
1651050071658492000,68.4,1,68.2,10,68.4,14,1,2022-04-27 09:01:11
1651050073467497000,68.3,1,68.2,13,68.4,16,2,2022-04-27 09:01:13
1651050075257757000,68.4,3,68.3,1,68.4,16,1,2022-04-27 09:01:15
1651050075479101000,68.4,1,68.3,1,68.4,15,1,2022-04-27 09:01:15
1651050078451523000,68.4,1,68.3,2,68.4,14,1,2022-04-27 09:01:18
1651050078455683000,68.3,2,68.2,21,68.3,3,2,2022-04-27 09:01:18
1651050078858757000,68.3,2,68.2,22,68.3,1,1,2022-04-27 09:01:18
1651050078887610000,68.3,1,68.2,22,68.4,14,1,2022-04-27 09:01:18
1651050079369010000,68.4,1,68.2,22,68.4,13,1,2022-04-27 09:01:19
1651050080502852000,68.4,1,68.3,11,68.4,12,1,2022-04-27 09:01:20
1651050081015413000,68.4,1,68.3,11,68.4,11,1,2022-04-27 09:01:21
1651050081052132000,68.4,11,68.3,11,68.5,26,1,2022-04-27 09:01:21
1651050082438009000,68.5,20,68.3,13,68.5,9,1,2022-04-27 09:01:22
1651050082476105000,68.5,8,68.3,13,68.5,1,1,2022-04-27 09:01:22
1651050082476457000,68.5,1,68.3,13,68.6,7,1,2022-04-27 09:01:22
1651050084727916000,68.5,1,68.4,18,68.6,7,2,2022-04-27 09:01:24
1651050085965093000,68.6,3,68.4,19,68.6,4,1,2022-04-27 09:01:25
1651050085997960000,68.6,4,68.4,19,68.7,4,1,2022-04-27 09:01:25
1651050086077238000,68.7,1,68.4,19,68.7,3,1,2022-04-27 09:01:26
1651050087375350000,68.7,4,68.4,19,68.8,5,1,2022-04-27 09:01:27
1651050087670756000,68.7,1,68.7,19,68.8,5,2,2022-04-27 09:01:27
1651050088121927000,68.7,1,68.7,18,68.8,5,2,2022-04-27 09:01:28
1651050088753026000,68.8,2,68.7,18,68.8,3,1,2022-04-27 09:01:28
1651050088776970000,68.8,3,68.7,18,68.9,1,1,2022-04-27 09:01:28
1651050088873875000,68.9,1,68.7,18,69.2,6,1,2022-04-27 09:01:28
1651050088873875000,69.0,5,68.7,18,69.2,6,1,2022-04-27 09:01:28
1651050088873875000,69.1,2,68.7,18,69.2,6,1,2022-04-27 09:01:28
1651050088873875000,69.2,2,68.7,18,69.2,6,1,2022-04-27 09:01:28
1651050089690522000,69.2,3,68.8,1,69.2,3,1,2022-04-27 09:01:29
1651050091847118000,69.2,3,69.0,3,69.3,18,1,2022-04-27 09:01:31
1651050091847118000,69.3,2,69.0,3,69.3,18,1,2022-04-27 09:01:31
1651050092789199000,69.0,2,68.7,9,69.3,18,2,2022-04-27 09:01:32
1651050092789199000,68.9,2,68.7,9,69.3,18,2,2022-04-27 09:01:32
1651050092789199000,68.8,2,68.7,9,69.3,18,2,2022-04-27 09:01:32
1651050092789199000,68.7,9,68.7,9,69.3,18,2,2022-04-27 09:01:32
1651050092847873000,69.2,4,68.7,9,69.2,1,1,2022-04-27 09:01:32
1651050093756000000,69.2,1,68.8,7,69.3,14,1,2022-04-27 09:01:33
1651050093756000000,69.3,4,68.8,7,69.3,14,1,2022-04-27 09:01:33
1651050093838803000,69.1,1,68.8,8,69.3,14,1,2022-04-27 09:01:33
1651050094477713000,69.2,1,68.8,7,69.3,14,2,2022-04-27 09:01:34
1651050095181401000,69.2,1,68.8,7,69.2,1,1,2022-04-27 09:01:35
1651050095580918000,69.2,1,68.9,1,69.2,2,1,2022-04-27 09:01:35
1651050097507450000,69.2,1,69.0,1,69.2,6,1,2022-04-27 09:01:37
1651050097737631000,69.1,1,69.0,1,69.1,2,1,2022-04-27 09:01:37
1651050098854040000,69.0,1,69.0,1,69.1,2,2,2022-04-27 09:01:38
1651050098886591000,69.0,1,68.9,2,69.1,2,2,2022-04-27 09:01:38
1651050099128732000,69.0,1,68.9,2,69.0,4,1,2022-04-27 09:01:39
1651050099333083000,69.0,1,68.9,2,69.0,3,1,2022-04-27 09:01:39
1651050099469031000,69.0,1,68.9,1,69.0,2,1,2022-04-27 09:01:39
1651050101077007000,69.0,1,68.9,1,69.0,1,1,2022-04-27 09:01:41
1651050101118279000,69.0,1,68.9,1,69.1,7,1,2022-04-27 09:01:41
1651050101127822000,68.9,1,68.8,7,69.1,7,2,2022-04-27 09:01:41
1651050101894620000,68.9,1,68.8,7,69.0,1,1,2022-04-27 09:01:41
1651050101968928000,69.0,1,68.8,7,69.0,5,1,2022-04-27 09:01:41
1651050102713179000,68.8,2,68.8,5,69.0,27,2,2022-04-27 09:01:42
1651050102746369000,68.8,5,68.7,9,69.0,27,2,2022-04-27 09:01:42
1651050104388597000,68.7,2,68.7,7,68.8,2,2,2022-04-27 09:01:44
1651050104411226000,68.7,5,68.7,2,68.8,2,2,2022-04-27 09:01:44
1651050104432906000,68.7,2,68.6,5,68.8,2,2,2022-04-27 09:01:44
1651050105202769000,68.8,2,68.6,5,68.9,2,1,2022-04-27 09:01:45
1651050105202769000,68.9,2,68.6,5,68.9,2,1,2022-04-27 09:01:45
1651050105209012000,68.9,1,68.6,5,68.9,1,1,2022-04-27 09:01:45
1651050105395727000,68.6,1,68.6,4,68.9,1,2,2022-04-27 09:01:45
1651050107018493000,68.8,1,68.6,4,68.9,1,1,2022-04-27 09:01:47
1651050109056519000,68.8,1,68.8,5,68.9,13,2,2022-04-27 09:01:49
1651050109082939000,68.8,5,68.7,3,68.9,13,2,2022-04-27 09:01:49
1651050110584147000,68.7,3,68.6,7,68.8,4,2,2022-04-27 09:01:50
1651050111263575000,68.6,1,68.6,6,68.8,5,2,2022-04-27 09:01:51
1651050111665294000,68.8,1,68.6,7,68.8,4,1,2022-04-27 09:01:51
1651050112831842000,68.8,1,68.6,7,68.8,4,1,2022-04-27 09:01:52
1651050113660874000,68.7,1,68.6,7,68.8,4,1,2022-04-27 09:01:53
1651050114070456000,68.6,1,68.6,6,68.8,6,2,2022-04-27 09:01:54
1651050114170614000,68.8,1,68.6,6,68.8,5,1,2022-04-27 09:01:54
1651050117311305000,68.6,5,68.5,7,68.6,2,2,2022-04-27 09:01:57
1651050117550765000,68.6,1,68.5,7,68.6,1,1,2022-04-27 09:01:57
1651050117761062000,68.6,1,68.5,7,68.8,7,1,2022-04-27 09:01:57
1651050117761062000,68.7,3,68.5,7,68.8,7,1,2022-04-27 09:01:57
1651050118153308000,68.8,1,68.5,7,68.8,6,1,2022-04-27 09:01:58
1651050119122647000,68.6,5,68.5,7,68.7,2,2,2022-04-27 09:01:59
1651050120594068000,68.6,1,68.6,1,68.7,2,2,2022-04-27 09:02:00
1651050121806566000,68.7,1,68.6,1,68.7,1,1,2022-04-27 09:02:01
1651050122537923000,68.6,1,68.5,8,68.7,1,2,2022-04-27 09:02:02
1651050122628857000,68.7,3,68.5,8,68.8,4,1,2022-04-27 09:02:02
1651050122628857000,68.8,2,68.5,8,68.8,4,1,2022-04-27 09:02:02
1651050124414915000,68.7,1,68.6,6,68.8,4,2,2022-04-27 09:02:04
1651050125465655000,68.6,1,68.6,5,68.8,4,2,2022-04-27 09:02:05
1651050125869578000,68.8,4,68.6,5,68.9,14,1,2022-04-27 09:02:05
1651050125869578000,68.9,3,68.6,5,68.9,14,1,2022-04-27 09:02:05
1651050126071769000,68.7,1,68.7,3,68.9,14,2,2022-04-27 09:02:06
1651050127308501000,68.7,1,68.7,2,68.9,14,2,2022-04-27 09:02:07
1651050128045023000,68.7,1,68.7,1,68.9,14,2,2022-04-27 09:02:08
1651050128691555000,68.9,1,68.7,1,68.9,13,1,2022-04-27 09:02:08
1651050129342812000,68.7,1,68.6,11,68.9,13,2,2022-04-27 09:02:09
1651050129771747000,68.6,1,68.6,11,68.8,1,2,2022-04-27 09:02:09
1651050130221160000,68.8,1,68.6,13,68.8,5,1,2022-04-27 09:02:10
1651050130515607000,68.7,1,68.6,14,68.8,9,1,2022-04-27 09:02:10
1651050130515607000,68.8,1,68.6,14,68.8,9,1,2022-04-27 09:02:10
1651050130567956000,68.6,1,68.6,13,68.8,9,2,2022-04-27 09:02:10
1651050130813921000,68.6,1,68.6,12,68.8,9,2,2022-04-27 09:02:10
1651050131257023000,68.7,1,68.6,12,68.8,9,2,2022-04-27 09:02:11
1651050132332886000,68.7,1,68.6,23,68.8,9,1,2022-04-27 09:02:12
1651050133351317000,68.7,1,68.6,24,68.8,9,1,2022-04-27 09:02:13
1651050134706262000,68.7,1,68.6,24,68.8,10,2,2022-04-27 09:02:14
1651050134835683000,68.7,1,68.6,24,68.8,10,1,2022-04-27 09:02:14
1651050135281367000,68.6,2,68.6,22,68.8,10,2,2022-04-27 09:02:15
1651050137002711000,68.6,1,68.6,21,68.7,6,2,2022-04-27 09:02:17
1651050137035853000,68.6,3,68.6,18,68.7,6,2,2022-04-27 09:02:17
1651050137065115000,68.6,2,68.6,16,68.7,6,2,2022-04-27 09:02:17
1651050137364263000,68.6,1,68.6,15,68.7,6,2,2022-04-27 09:02:17
1651050137907854000,68.6,10,68.6,5,68.7,7,2,2022-04-27 09:02:17
1651050137957883000,68.6,5,68.5,11,68.7,7,2,2022-04-27 09:02:17
1651050138819845000,68.5,3,68.5,8,68.6,7,2,2022-04-27 09:02:18
1651050139045220000,68.5,1,68.5,7,68.6,7,2,2022-04-27 09:02:19
1651050140115639000,68.5,3,68.5,4,68.6,7,2,2022-04-27 09:02:20
1651050140435984000,68.5,4,68.4,3,68.6,7,2,2022-04-27 09:02:20
1651050140435984000,68.4,6,68.4,3,68.6,7,2,2022-04-27 09:02:20
1651050141816877000,68.4,1,68.4,2,68.5,2,2,2022-04-27 09:02:21
1651050142354170000,68.4,1,68.3,13,68.5,3,2,2022-04-27 09:02:22
1651050142535526000,68.3,1,68.3,12,68.5,3,2,2022-04-27 09:02:22
1651050143199631000,68.3,10,68.3,2,68.5,3,2,2022-04-27 09:02:23
1651050144785375000,68.4,1,68.3,2,68.5,2,1,2022-04-27 09:02:24
1651050144785375000,68.5,1,68.3,2,68.5,2,1,2022-04-27 09:02:24
1651050145048417000,68.3,2,68.2,9,68.3,8,2,2022-04-27 09:02:25
1651050145109260000,68.3,1,68.2,9,68.3,7,1,2022-04-27 09:02:25
1651050145332181000,68.2,1,68.2,8,68.3,7,2,2022-04-27 09:02:25
1651050146151089000,68.3,1,68.2,9,68.3,18,1,2022-04-27 09:02:26
1651050146922441000,68.2,2,68.2,7,68.3,19,2,2022-04-27 09:02:26
1651050147096004000,68.2,1,68.2,6,68.3,19,2,2022-04-27 09:02:27
1651050147174787000,68.3,3,68.2,6,68.3,16,1,2022-04-27 09:02:27
1651050147269495000,68.2,1,68.2,5,68.3,16,2,2022-04-27 09:02:27
1651050147301022000,68.3,5,68.2,5,68.3,11,1,2022-04-27 09:02:27
1651050147347993000,68.3,1,68.2,5,68.3,10,1,2022-04-27 09:02:27
1651050148231484000,68.3,1,68.2,5,68.3,9,1,2022-04-27 09:02:28
1651050148593742000,68.2,1,68.2,4,68.3,13,2,2022-04-27 09:02:28
1651050149400534000,68.2,1,68.2,3,68.3,13,2,2022-04-27 09:02:29
1651050149565719000,68.2,1,68.2,2,68.3,13,2,2022-04-27 09:02:29
1651050150610426000,68.2,4,68.1,46,68.2,6,2,2022-04-27 09:02:30
1651050150873455000,68.1,4,68.1,42,68.2,7,2,2022-04-27 09:02:30
1651050153050500000,68.1,1,68.1,42,68.2,8,2,2022-04-27 09:02:33
1651050153050712000,68.2,1,68.1,42,68.2,7,1,2022-04-27 09:02:33
1651050153752657000,68.2,8,68.1,42,68.3,14,1,2022-04-27 09:02:33
1651050153847460000,68.2,1,68.2,1,68.3,14,2,2022-04-27 09:02:33
1651050154083427000,68.2,1,68.1,42,68.3,14,2,2022-04-27 09:02:34
1651050154433185000,68.1,28,68.1,4,68.3,14,2,2022-04-27 09:02:34
1651050154573379000,68.3,10,68.1,4,68.3,4,1,2022-04-27 09:02:34
1651050154652910000,68.1,1,68.1,3,68.3,4,2,2022-04-27 09:02:34
1651050155261269000,68.1,3,68.0,41,68.2,3,2,2022-04-27 09:02:35
1651050156563049000,68.0,2,68.0,37,68.1,3,2,2022-04-27 09:02:36
1651050157071114000,68.0,1,68.0,36,68.1,3,2,2022-04-27 09:02:37
1651050157225240000,68.0,1,68.0,35,68.1,4,2,2022-04-27 09:02:37
1651050157294840000,68.1,1,68.0,35,68.1,3,1,2022-04-27 09:02:37
1651050157616139000,68.0,1,68.0,34,68.1,3,2,2022-04-27 09:02:37
1651050158091489000,68.0,2,68.0,32,68.1,3,2,2022-04-27 09:02:38
1651050158512066000,68.0,1,68.0,31,68.1,3,2,2022-04-27 09:02:38
1651050158832876000,68.1,2,68.0,31,68.1,1,1,2022-04-27 09:02:38
1651050160595359000,68.0,2,68.0,29,68.1,3,2,2022-04-27 09:02:40
1651050160604653000,68.0,1,68.0,28,68.1,3,2,2022-04-27 09:02:40
1651050160948170000,68.1,3,68.1,2,68.2,6,1,2022-04-27 09:02:40
1651050161562105000,68.1,2,68.0,24,68.2,6,2,2022-04-27 09:02:41
1651050161562105000,68.0,4,68.0,24,68.2,6,2,2022-04-27 09:02:41
1651050161950001000,68.1,1,68.0,26,68.2,6,2,2022-04-27 09:02:41
1651050161989916000,68.0,1,68.0,25,68.2,6,2,2022-04-27 09:02:41
1651050162063021000,68.0,1,68.0,24,68.2,6,2,2022-04-27 09:02:42
1651050162653237000,68.1,10,68.1,15,68.2,6,2,2022-04-27 09:02:42
1651050162660875000,68.2,6,68.1,15,68.3,2,1,2022-04-27 09:02:42
1651050162660875000,68.3,2,68.1,15,68.3,2,1,2022-04-27 09:02:42
1651050163080041000,68.1,1,68.1,14,68.3,2,2,2022-04-27 09:02:43
1651050164023004000,68.2,1,68.1,13,68.3,2,2,2022-04-27 09:02:44
1651050164023004000,68.1,1,68.1,13,68.3,2,2,2022-04-27 09:02:44
1651050165896502000,68.1,5,68.1,10,68.3,2,2,2022-04-27 09:02:45
1651050166793657000,68.2,1,68.2,3,68.3,2,2,2022-04-27 09:02:46
1651050167205952000,68.2,1,68.2,2,68.3,2,2,2022-04-27 09:02:47
1651050167919278000,68.3,2,68.2,2,68.4,4,1,2022-04-27 09:02:47
1651050168036648000,68.2,2,68.1,18,68.4,4,2,2022-04-27 09:02:48
1651050168097002000,68.1,1,68.1,17,68.4,4,2,2022-04-27 09:02:48
1651050168471091000,68.3,1,68.1,17,68.4,4,2,2022-04-27 09:02:48
1651050171832449000,68.1,1,68.1,12,68.3,1,2,2022-04-27 09:02:51
1651050172558468000,68.3,1,68.1,13,68.5,5,1,2022-04-27 09:02:52
1651050172558468000,68.4,4,68.1,13,68.5,5,1,2022-04-27 09:02:52
1651050172558468000,68.5,5,68.1,13,68.5,5,1,2022-04-27 09:02:52
1651050174026038000,68.4,1,68.2,1,68.5,6,1,2022-04-27 09:02:54
1651050176823915000,68.2,2,68.2,5,68.4,1,2,2022-04-27 09:02:56
1651050178057252000,68.4,1,68.2,5,68.5,6,1,2022-04-27 09:02:58
1651050181669326000,68.4,1,68.3,2,68.4,2,1,2022-04-27 09:03:01
1651050182371269000,68.4,3,68.3,2,68.4,3,1,2022-04-27 09:03:02
1651050182666388000,68.2,1,68.2,7,68.4,3,2,2022-04-27 09:03:02
1651050188227749000,68.3,1,68.2,11,68.3,4,1,2022-04-27 09:03:08
1651050188416707000,68.3,1,68.2,11,68.3,3,1,2022-04-27 09:03:08
1651050188545840000,68.3,1,68.2,11,68.3,2,1,2022-04-27 09:03:08
1651050188577942000,68.3,2,68.2,11,68.4,1,1,2022-04-27 09:03:08
1651050189845078000,68.4,1,68.3,4,68.5,18,1,2022-04-27 09:03:09
1651050192113630000,68.4,1,68.3,4,68.4,5,1,2022-04-27 09:03:12
1651050193980786000,68.4,1,68.3,5,68.4,7,1,2022-04-27 09:03:13
1651050195257267000,68.4,1,68.3,5,68.4,6,1,2022-04-27 09:03:15
1651050196255677000,68.4,5,68.3,5,68.4,1,1,2022-04-27 09:03:16
1651050196281321000,68.4,1,68.3,5,68.5,18,1,2022-04-27 09:03:16
1651050197363527000,68.5,1,68.3,7,68.5,18,1,2022-04-27 09:03:17
1651050197864224000,68.4,1,68.3,7,68.5,18,1,2022-04-27 09:03:17
1651050199791521000,68.4,1,68.3,7,68.4,2,1,2022-04-27 09:03:19
1651050199859256000,68.4,2,68.3,7,68.5,16,1,2022-04-27 09:03:19
1651050199859256000,68.5,2,68.3,7,68.5,16,1,2022-04-27 09:03:19
1651050201187340000,68.4,1,68.4,2,68.5,16,2,2022-04-27 09:03:21
1651050202819077000,68.4,2,68.3,4,68.5,16,2,2022-04-27 09:03:22
1651050202819077000,68.3,4,68.3,4,68.5,16,2,2022-04-27 09:03:22
1651050204159307000,68.4,1,68.4,1,68.5,16,2,2022-04-27 09:03:24
1651050205170053000,68.4,1,68.4,1,68.5,18,2,2022-04-27 09:03:25
1651050205575555000,68.4,1,68.3,5,68.5,18,2,2022-04-27 09:03:25
1651050212049847000,68.4,1,68.3,10,68.4,4,1,2022-04-27 09:03:32
1651050212088272000,68.4,4,68.3,10,68.5,18,1,2022-04-27 09:03:32
1651050214533876000,68.4,1,68.3,20,68.5,18,2,2022-04-27 09:03:34
1651050215815982000,68.5,1,68.3,20,68.5,17,1,2022-04-27 09:03:35
1651050217992680000,68.4,1,68.3,21,68.5,19,2,2022-04-27 09:03:37
1651050221038155000,68.4,5,68.4,4,68.5,19,2,2022-04-27 09:03:41
1651050221062525000,68.5,1,68.4,4,68.5,18,1,2022-04-27 09:03:41
1651050221163261000,68.5,2,68.4,4,68.5,16,1,2022-04-27 09:03:41
1651050227168683000,68.5,20,68.4,9,68.5,5,1,2022-04-27 09:03:47
1651050227201551000,68.5,5,68.4,9,68.6,3,1,2022-04-27 09:03:47
1651050228435201000,68.5,1,68.4,9,68.5,2,1,2022-04-27 09:03:48
1651050228832253000,68.5,2,68.5,18,68.6,3,1,2022-04-27 09:03:48
1651050229251017000,68.6,1,68.5,19,68.6,2,1,2022-04-27 09:03:49
1651050229278566000,68.6,2,68.5,19,68.7,7,1,2022-04-27 09:03:49
1651050230165108000,68.7,1,68.5,19,68.7,6,1,2022-04-27 09:03:50
1651050231080597000,68.5,3,68.5,16,68.7,6,2,2022-04-27 09:03:51
1651050233353423000,68.5,2,68.5,17,68.7,6,2,2022-04-27 09:03:53
1651050238199507000,68.7,5,68.6,6,68.7,1,1,2022-04-27 09:03:58
1651050243140042000,68.7,1,68.6,9,68.8,6,1,2022-04-27 09:04:03
1651050243368123000,68.8,1,68.6,9,68.8,5,1,2022-04-27 09:04:03
1651050244574770000,68.7,1,68.6,10,68.7,1,1,2022-04-27 09:04:04
1651050245059554000,68.7,1,68.6,10,68.7,1,1,2022-04-27 09:04:05
1651050245737981000,68.7,1,68.6,10,68.7,1,1,2022-04-27 09:04:05
1651050245954602000,68.7,1,68.7,2,68.8,5,1,2022-04-27 09:04:05
1651050246099000000,68.8,1,68.7,2,68.8,4,1,2022-04-27 09:04:06
1651050246811162000,68.7,2,68.6,10,68.7,2,2,2022-04-27 09:04:06
1651050247076309000,68.7,1,68.6,10,68.7,1,1,2022-04-27 09:04:07
1651050247474529000,68.7,1,68.6,10,68.8,4,1,2022-04-27 09:04:07
1651050247614945000,68.8,3,68.6,10,68.8,1,1,2022-04-27 09:04:07
1651050247820483000,68.7,1,68.6,10,68.8,1,1,2022-04-27 09:04:07
1651050248088922000,68.7,1,68.6,9,68.8,1,1,2022-04-27 09:04:08
1651050248380641000,68.8,1,68.6,9,68.9,16,1,2022-04-27 09:04:08
1651050248414081000,68.9,2,68.6,9,68.9,14,1,2022-04-27 09:04:08
1651050249165104000,68.8,1,68.6,9,68.8,1,1,2022-04-27 09:04:09
1651050249370146000,68.8,1,68.9,15,69.0,29,1,2022-04-27 09:04:09
1651050249370146000,68.9,14,68.9,15,69.0,29,1,2022-04-27 09:04:09
1651050249389198000,68.9,7,68.9,8,69.0,29,2,2022-04-27 09:04:09
1651050250159969000,69.0,29,69.0,1,69.1,4,1,2022-04-27 09:04:10
1651050250188136000,69.0,1,68.9,8,69.1,4,2,2022-04-27 09:04:10
1651050250209439000,68.9,5,68.9,3,69.1,4,2,2022-04-27 09:04:10
1651050250571338000,68.9,2,68.9,1,69.1,4,2,2022-04-27 09:04:10
1651050251204480000,69.0,1,69.0,29,69.1,4,2,2022-04-27 09:04:11
1651050251643294000,69.1,1,69.0,31,69.1,3,1,2022-04-27 09:04:11
1651050251704674000,69.1,1,69.0,31,69.1,2,1,2022-04-27 09:04:11
1651050251754700000,69.1,2,69.0,31,69.3,15,1,2022-04-27 09:04:11
1651050251754700000,69.2,6,69.0,31,69.3,15,1,2022-04-27 09:04:11
1651050251754700000,69.3,8,69.0,31,69.3,15,1,2022-04-27 09:04:11
1651050251790798000,69.0,2,69.0,29,69.3,15,2,2022-04-27 09:04:11
1651050251986014000,69.3,1,69.0,29,69.3,14,1,2022-04-27 09:04:11
1651050252153143000,69.3,1,69.0,29,69.3,13,1,2022-04-27 09:04:12
1651050252522097000,69.3,2,69.0,29,69.3,11,1,2022-04-27 09:04:12
1651050252780229000,69.3,1,69.0,29,69.3,10,1,2022-04-27 09:04:12
1651050252793508000,69.3,5,69.0,29,69.3,5,1,2022-04-27 09:04:12
1651050252918773000,69.3,1,69.0,29,69.3,4,1,2022-04-27 09:04:12
1651050253136897000,69.0,1,69.0,28,69.3,4,2,2022-04-27 09:04:13
1651050253821986000,69.3,1,69.1,2,69.3,3,1,2022-04-27 09:04:13
1651050254011068000,69.1,2,69.1,1,69.3,3,2,2022-04-27 09:04:14
1651050254400033000,69.2,1,69.1,1,69.2,1,1,2022-04-27 09:04:14
1651050254533751000,69.2,1,69.1,1,69.3,3,1,2022-04-27 09:04:14
1651050254608259000,69.3,1,69.1,3,69.3,2,1,2022-04-27 09:04:14
1651050254629918000,69.3,1,69.1,4,69.3,1,1,2022-04-27 09:04:14
1651050254908177000,69.3,1,69.1,4,69.4,72,1,2022-04-27 09:04:14
1651050255238331000,69.4,1,69.1,4,69.4,71,1,2022-04-27 09:04:15
1651050255822382000,69.4,1,69.1,3,69.4,71,1,2022-04-27 09:04:15
1651050257305862000,69.1,1,69.0,27,69.3,2,2,2022-04-27 09:04:17
1651050257305862000,69.0,1,69.0,27,69.3,2,2,2022-04-27 09:04:17
1651050258219317000,69.3,1,69.0,27,69.3,1,1,2022-04-27 09:04:18
1651050258453744000,69.3,1,69.0,27,69.4,71,1,2022-04-27 09:04:18
1651050259242427000,69.3,1,69.1,3,69.4,71,1,2022-04-27 09:04:19
1651050259753751000,69.3,1,69.1,3,69.3,1,1,2022-04-27 09:04:19
1651050260068057000,69.3,1,69.1,3,69.3,1,1,2022-04-27 09:04:20
1651050260504875000,69.3,1,69.1,3,69.4,71,1,2022-04-27 09:04:20
1651050261647449000,69.3,1,69.1,3,69.3,1,1,2022-04-27 09:04:21
1651050262573419000,69.2,1,69.2,1,69.3,1,2,2022-04-27 09:04:22
1651050262604156000,69.2,1,69.1,5,69.3,1,2,2022-04-27 09:04:22
1651050263662085000,69.3,4,69.1,7,69.4,71,1,2022-04-27 09:04:23
1651050263662085000,69.4,1,69.1,7,69.4,71,1,2022-04-27 09:04:23
1651050264240205000,69.3,1,69.3,9,69.4,71,2,2022-04-27 09:04:24
1651050264271868000,69.3,1,69.3,8,69.4,71,2,2022-04-27 09:04:24
1651050264841563000,69.3,1,69.3,7,69.4,71,2,2022-04-27 09:04:24
1651050265615681000,69.3,1,69.3,6,69.4,71,2,2022-04-27 09:04:25
1651050266192337000,69.3,1,69.3,6,69.4,71,2,2022-04-27 09:04:26
1651050266982007000,69.4,1,69.3,16,69.4,70,1,2022-04-27 09:04:26
1651050267683526000,69.4,10,69.3,17,69.4,60,1,2022-04-27 09:04:27
1651050267867168000,69.4,5,69.3,17,69.4,55,1,2022-04-27 09:04:27
1651050268261409000,69.3,5,69.3,12,69.4,55,2,2022-04-27 09:04:28
1651050268869086000,69.4,2,69.3,12,69.4,53,1,2022-04-27 09:04:28
1651050269734698000,69.4,2,69.3,12,69.4,51,1,2022-04-27 09:04:29
1651050269940526000,69.4,2,69.3,12,69.4,49,1,2022-04-27 09:04:29
1651050270056967000,69.4,2,69.3,12,69.4,47,1,2022-04-27 09:04:30
1651050270836921000,69.4,2,69.3,12,69.4,45,1,2022-04-27 09:04:30
1651050270983920000,69.4,1,69.3,12,69.4,44,1,2022-04-27 09:04:30
1651050271178349000,69.4,2,69.3,12,69.4,42,1,2022-04-27 09:04:31
1651050271433074000,69.4,1,69.3,12,69.4,41,1,2022-04-27 09:04:31
1651050271527736000,69.4,1,69.3,13,69.4,40,1,2022-04-27 09:04:31
1651050271595981000,69.3,12,69.3,1,69.4,40,2,2022-04-27 09:04:31
1651050272137950000,69.3,1,69.1,6,69.4,40,2,2022-04-27 09:04:32
1651050272516337000,69.4,1,69.1,6,69.4,39,1,2022-04-27 09:04:32
1651050272698660000,69.4,5,69.1,6,69.4,34,1,2022-04-27 09:04:32
1651050273510324000,69.4,1,69.3,2,69.4,33,1,2022-04-27 09:04:33
1651050273511799000,69.4,1,69.3,2,69.4,32,1,2022-04-27 09:04:33
1651050273897839000,69.4,1,69.3,2,69.4,33,1,2022-04-27 09:04:33
1651050274201296000,69.4,1,69.3,2,69.4,32,1,2022-04-27 09:04:34
1651050274249774000,69.4,1,69.3,2,69.4,31,1,2022-04-27 09:04:34
1651050274391647000,69.4,5,69.3,2,69.4,26,1,2022-04-27 09:04:34
1651050274568123000,69.4,1,69.3,2,69.4,25,1,2022-04-27 09:04:34
1651050274871905000,69.3,2,69.2,1,69.4,25,2,2022-04-27 09:04:34
1651050275175797000,69.3,1,69.2,1,69.4,24,1,2022-04-27 09:04:35
1651050275622647000,69.4,1,69.2,1,69.4,23,1,2022-04-27 09:04:35
1651050275746531000,69.4,1,69.2,1,69.4,22,1,2022-04-27 09:04:35
1651050275979290000,69.4,1,69.2,1,69.4,21,1,2022-04-27 09:04:35
1651050276775329000,69.4,10,69.2,1,69.4,12,1,2022-04-27 09:04:36
1651050277061222000,69.4,1,69.3,1,69.4,12,1,2022-04-27 09:04:37
1651050277364719000,69.4,1,69.3,1,69.4,12,1,2022-04-27 09:04:37
1651050277737409000,69.4,1,69.3,1,69.4,11,1,2022-04-27 09:04:37
1651050277786496000,69.4,1,69.3,1,69.4,10,1,2022-04-27 09:04:37
1651050277922119000,69.4,4,69.3,1,69.4,6,1,2022-04-27 09:04:37
1651050278041113000,69.4,6,69.4,1,69.5,15,1,2022-04-27 09:04:38
1651050278552014000,69.5,1,69.4,1,69.5,14,1,2022-04-27 09:04:38
1651050278599591000,69.5,2,69.4,1,69.5,12,1,2022-04-27 09:04:38
1651050278965829000,69.4,1,69.3,3,69.5,12,2,2022-04-27 09:04:38
1651050279544730000,69.4,1,69.4,2,69.5,12,2,2022-04-27 09:04:39
1651050279743867000,69.4,1,69.4,1,69.5,12,2,2022-04-27 09:04:39
1651050279841647000,69.5,2,69.4,1,69.5,10,1,2022-04-27 09:04:39
1651050279954288000,69.5,1,69.4,1,69.5,9,1,2022-04-27 09:04:39
1651050280174591000,69.4,1,69.3,4,69.5,9,2,2022-04-27 09:04:40
1651050280440357000,69.4,1,69.3,4,69.5,9,1,2022-04-27 09:04:40
1651050280803692000,69.4,1,69.3,4,69.4,9,2,2022-04-27 09:04:40
1651050280990949000,69.4,9,69.3,4,69.5,8,1,2022-04-27 09:04:40
1651050280990949000,69.5,1,69.3,4,69.5,8,1,2022-04-27 09:04:40
1651050281179662000,69.5,1,69.3,4,69.5,7,1,2022-04-27 09:04:41
1651050281223514000,69.5,1,69.3,4,69.5,6,1,2022-04-27 09:04:41
1651050281260561000,69.5,3,69.3,4,69.5,3,1,2022-04-27 09:04:41
1651050281632953000,69.5,3,69.5,9,69.6,15,1,2022-04-27 09:04:41
1651050282975310000,69.5,1,69.5,8,69.6,15,2,2022-04-27 09:04:42
1651050283910407000,69.6,10,69.5,11,69.6,5,1,2022-04-27 09:04:43
1651050283964049000,69.6,2,69.5,11,69.6,3,1,2022-04-27 09:04:43
1651050283996609000,69.6,3,69.5,11,69.7,13,1,2022-04-27 09:04:43
1651050284038323000,69.7,1,69.5,11,69.7,12,1,2022-04-27 09:04:44
1651050284703046000,69.6,1,69.6,4,69.7,12,2,2022-04-27 09:04:44
1651050284913568000,69.6,1,69.6,3,69.7,12,2,2022-04-27 09:04:44
1651050285556180000,69.7,1,69.6,3,69.7,14,1,2022-04-27 09:04:45
1651050285804632000,69.7,1,69.6,3,69.7,13,1,2022-04-27 09:04:45
1651050285894391000,69.7,1,69.6,3,69.7,12,1,2022-04-27 09:04:45
1651050285954340000,69.7,1,69.6,3,69.7,11,1,2022-04-27 09:04:45
1651050286140304000,69.7,2,69.6,3,69.7,9,1,2022-04-27 09:04:46
1651050286446579000,69.6,1,69.6,5,69.7,9,2,2022-04-27 09:04:46
1651050286549678000,69.7,4,69.6,5,69.7,5,1,2022-04-27 09:04:46
1651050286963056000,69.7,2,69.6,6,69.7,3,1,2022-04-27 09:04:46
1651050287288743000,69.6,6,69.5,14,69.7,3,2,2022-04-27 09:04:47
1651050287329276000,69.7,2,69.5,14,69.7,1,1,2022-04-27 09:04:47
1651050287348783000,69.5,1,69.5,13,69.7,1,2,2022-04-27 09:04:47
1651050287466220000,69.7,1,69.7,9,69.8,26,1,2022-04-27 09:04:47
1651050287574759000,69.8,4,69.7,9,69.8,22,1,2022-04-27 09:04:47
1651050287765199000,69.8,10,69.7,9,69.8,12,1,2022-04-27 09:04:47
1651050287831768000,69.7,1,69.7,8,69.8,12,2,2022-04-27 09:04:47
1651050288453909000,69.8,1,69.7,12,69.8,11,1,2022-04-27 09:04:48
1651050288524267000,69.8,1,69.7,12,69.8,10,1,2022-04-27 09:04:48
1651050288726103000,69.8,1,69.7,13,69.8,9,1,2022-04-27 09:04:48
1651050289133881000,69.8,1,69.7,15,69.8,8,1,2022-04-27 09:04:49
1651050289139808000,69.8,6,69.7,15,69.8,2,1,2022-04-27 09:04:49
1651050289174329000,69.8,2,69.7,15,69.9,19,1,2022-04-27 09:04:49
1651050289280810000,69.7,2,69.7,14,69.9,19,2,2022-04-27 09:04:49
1651050289341513000,69.9,1,69.7,14,69.9,18,1,2022-04-27 09:04:49
1651050289382015000,69.7,1,69.7,13,69.9,18,2,2022-04-27 09:04:49
1651050289738216000,69.8,5,69.8,1,69.9,19,2,2022-04-27 09:04:49
1651050289778393000,69.8,1,69.7,13,69.9,19,2,2022-04-27 09:04:49
1651050290156858000,69.9,2,69.8,1,69.9,17,1,2022-04-27 09:04:50
1651050290253490000,69.8,1,69.8,4,69.9,17,2,2022-04-27 09:04:50
1651050290570072000,69.9,5,69.8,4,69.9,12,1,2022-04-27 09:04:50
1651050291205590000,69.8,1,69.8,3,69.9,12,2,2022-04-27 09:04:51
1651050291566317000,69.8,1,69.8,3,69.9,7,2,2022-04-27 09:04:51
1651050292228652000,69.9,3,69.8,3,69.9,4,1,2022-04-27 09:04:52
1651050292256295000,69.9,2,69.8,3,69.9,2,1,2022-04-27 09:04:52
1651050292547210000,69.9,1,69.8,6,69.9,1,1,2022-04-27 09:04:52
1651050292616149000,69.9,1,69.8,6,70.0,70,1,2022-04-27 09:04:52
1651050292729043000,70.0,1,69.8,18,70.0,69,1,2022-04-27 09:04:52
1651050292751837000,70.0,1,69.8,18,70.0,68,1,2022-04-27 09:04:52
1651050293031942000,69.9,1,69.8,20,70.0,68,1,2022-04-27 09:04:53
1651050293526109000,69.9,1,69.9,4,70.0,76,1,2022-04-27 09:04:53
1651050293954474000,69.9,1,69.9,3,70.0,75,2,2022-04-27 09:04:53
1651050293995895000,69.9,1,69.9,2,70.0,75,2,2022-04-27 09:04:53
1651050294086836000,70.0,1,69.9,2,70.0,74,1,2022-04-27 09:04:54
1651050294477879000,69.9,2,69.9,1,70.0,74,2,2022-04-27 09:04:54
1651050294583971000,69.9,1,69.9,1,70.0,74,2,2022-04-27 09:04:54
1651050294627884000,69.9,1,69.8,23,70.0,74,2,2022-04-27 09:04:54
1651050294922894000,70.0,1,69.8,23,70.0,73,1,2022-04-27 09:04:54
1651050295450730000,70.0,1,69.9,2,70.0,72,1,2022-04-27 09:04:55
1651050295536193000,70.0,1,69.9,2,70.0,71,1,2022-04-27 09:04:55
1651050295574657000,69.9,1,69.9,1,70.0,71,2,2022-04-27 09:04:55
1651050295588745000,70.0,1,69.9,1,70.0,70,1,2022-04-27 09:04:55
1651050295676990000,69.9,1,69.8,23,70.0,70,2,2022-04-27 09:04:55
1651050296456468000,69.8,1,69.8,23,70.0,70,2,2022-04-27 09:04:56
1651050296614704000,69.8,1,69.8,22,70.0,70,2,2022-04-27 09:04:56
1651050296638132000,70.0,3,69.8,19,70.0,67,1,2022-04-27 09:04:56
1651050296788229000,70.0,2,69.9,1,70.0,65,1,2022-04-27 09:04:56
1651050296794034000,69.9,1,69.8,19,70.0,65,2,2022-04-27 09:04:56
1651050296806047000,70.0,5,69.8,19,70.0,60,1,2022-04-27 09:04:56
1651050296884812000,69.8,1,69.8,18,70.0,60,2,2022-04-27 09:04:56
1651050297024094000,70.0,1,69.9,1,70.0,59,1,2022-04-27 09:04:57
1651050297109784000,69.9,1,69.8,18,70.0,59,2,2022-04-27 09:04:57
1651050297195907000,70.0,1,69.8,18,70.0,58,1,2022-04-27 09:04:57
1651050297260227000,69.8,1,69.8,17,70.0,58,2,2022-04-27 09:04:57
1651050297310722000,69.9,1,69.8,17,70.0,58,2,2022-04-27 09:04:57
1651050297326783000,70.0,3,69.8,17,70.0,55,1,2022-04-27 09:04:57
1651050297404758000,69.9,1,69.9,3,70.0,55,2,2022-04-27 09:04:57
1651050297478903000,69.9,1,69.9,2,70.0,55,2,2022-04-27 09:04:57
1651050297597954000,69.9,1,69.9,1,70.0,55,2,2022-04-27 09:04:57
1651050297713901000,69.9,1,69.9,1,70.0,55,2,2022-04-27 09:04:57
1651050297993275000,69.9,1,69.8,17,70.0,55,2,2022-04-27 09:04:57
1651050297993275000,69.8,4,69.8,17,70.0,55,2,2022-04-27 09:04:57
1651050298001387000,70.0,1,69.8,17,70.0,54,1,2022-04-27 09:04:58
1651050298004282000,70.0,1,69.8,17,70.0,53,1,2022-04-27 09:04:58
1651050298077100000,69.8,1,69.8,16,70.0,53,2,2022-04-27 09:04:58
1651050298100762000,70.0,3,69.8,16,70.0,50,1,2022-04-27 09:04:58
1651050298181737000,69.8,1,69.8,15,70.0,50,2,2022-04-27 09:04:58
1651050298318799000,69.8,1,69.8,14,70.0,50,2,2022-04-27 09:04:58
1651050298522662000,69.9,1,69.8,14,70.0,50,1,2022-04-27 09:04:58
1651050298543499000,70.0,2,69.8,14,70.0,48,1,2022-04-27 09:04:58
1651050298613770000,70.0,2,69.8,14,70.0,46,1,2022-04-27 09:04:58
1651050298928238000,69.8,1,69.8,15,69.9,2,2,2022-04-27 09:04:58
1651050298928766000,69.9,2,69.8,15,70.0,46,1,2022-04-27 09:04:58
1651050299021561000,69.8,1,69.8,15,70.0,46,2,2022-04-27 09:04:59
1651050299048647000,70.0,7,69.8,15,70.0,39,1,2022-04-27 09:04:59
1651050299179403000,69.8,1,69.8,20,70.0,49,2,2022-04-27 09:04:59
1651050299490420000,70.0,10,69.8,20,70.0,39,1,2022-04-27 09:04:59
1651050299610608000,70.0,2,69.9,1,70.0,37,1,2022-04-27 09:04:59
1651050299636309000,70.0,2,69.9,1,70.0,35,1,2022-04-27 09:04:59
1651050299640210000,69.9,1,69.8,20,70.0,35,2,2022-04-27 09:04:59
1651050299686035000,69.8,1,69.8,19,70.0,35,2,2022-04-27 09:04:59
1651050299914394000,70.0,1,69.9,1,70.0,34,1,2022-04-27 09:04:59
1651050299969291000,69.9,1,69.8,19,70.0,34,2,2022-04-27 09:04:59
1651050300191484000,69.8,1,69.8,18,70.0,34,2,2022-04-27 09:05:00
1651050300202260000,70.0,1,69.8,18,70.0,33,1,2022-04-27 09:05:00
1651050300268487000,69.8,2,69.8,16,70.0,36,2,2022-04-27 09:05:00
1651050300758656000,69.9,1,69.8,16,70.0,36,2,2022-04-27 09:05:00
1651050300837109000,69.8,1,69.8,15,70.0,36,2,2022-04-27 09:05:00
1651050300860583000,69.8,1,69.8,14,70.0,36,2,2022-04-27 09:05:00
1651050301132908000,69.9,1,69.8,12,70.0,36,2,2022-04-27 09:05:01
1651050301132908000,69.8,4,69.8,12,70.0,36,2,2022-04-27 09:05:01
1651050301523168000,70.0,2,69.8,15,70.0,34,1,2022-04-27 09:05:01
1651050302094595000,69.9,1,69.8,15,70.0,35,2,2022-04-27 09:05:02
1651050302188972000,70.0,1,69.8,15,70.0,36,1,2022-04-27 09:05:02
1651050302238433000,70.0,1,69.8,15,70.0,36,1,2022-04-27 09:05:02
1651050302269192000,70.0,10,69.8,15,70.0,26,1,2022-04-27 09:05:02
1651050302384371000,69.9,1,69.8,15,70.0,26,2,2022-04-27 09:05:02
1651050302593863000,69.8,2,69.8,13,69.9,2,2,2022-04-27 09:05:02
1651050302974795000,69.9,1,69.8,14,69.9,1,1,2022-04-27 09:05:02
1651050303068715000,69.8,1,69.8,14,69.9,1,2,2022-04-27 09:05:03
1651050303218634000,69.9,1,69.9,1,70.0,30,1,2022-04-27 09:05:03
1651050303347656000,69.9,1,69.8,14,70.0,31,2,2022-04-27 09:05:03
1651050304065349000,69.9,2,69.8,14,70.0,35,1,2022-04-27 09:05:04
1651050304136908000,69.9,1,69.8,14,69.9,2,1,2022-04-27 09:05:04
1651050304320049000,69.8,3,69.8,11,69.9,3,2,2022-04-27 09:05:04
1651050304349982000,69.8,2,69.8,9,69.9,3,2,2022-04-27 09:05:04
1651050304534785000,69.9,3,69.8,9,70.0,35,1,2022-04-27 09:05:04
1651050304567101000,69.8,3,69.8,6,70.0,35,2,2022-04-27 09:05:04
1651050304620718000,69.9,2,69.8,6,70.0,37,2,2022-04-27 09:05:04
1651050304631294000,69.8,1,69.8,5,70.0,37,2,2022-04-27 09:05:04
1651050304636095000,69.8,1,69.8,4,70.0,37,2,2022-04-27 09:05:04
1651050304680178000,69.8,1,69.8,3,70.0,37,2,2022-04-27 09:05:04
1651050304730210000,69.8,3,69.7,17,70.0,37,2,2022-04-27 09:05:04
1651050304877396000,69.8,1,69.7,17,69.9,6,2,2022-04-27 09:05:04
1651050305094959000,69.7,3,69.7,14,69.9,6,2,2022-04-27 09:05:05
1651050305127728000,69.9,1,69.8,1,69.9,5,1,2022-04-27 09:05:05
1651050305222343000,69.8,1,69.7,14,69.8,2,2,2022-04-27 09:05:05
1651050305458437000,69.8,2,69.7,14,69.9,16,1,2022-04-27 09:05:05
1651050305575511000,69.9,2,69.7,14,69.9,14,1,2022-04-27 09:05:05
1651050305709224000,69.9,1,69.7,14,69.9,13,1,2022-04-27 09:05:05
1651050305716245000,69.7,3,69.7,11,69.9,13,2,2022-04-27 09:05:05
1651050305759644000,69.9,1,69.7,11,69.9,12,1,2022-04-27 09:05:05
1651050305785197000,69.9,1,69.7,11,69.9,14,1,2022-04-27 09:05:05
1651050305818883000,69.7,1,69.7,10,69.9,14,2,2022-04-27 09:05:05
1651050305853030000,69.9,5,69.7,10,69.9,9,1,2022-04-27 09:05:05
1651050306022926000,69.8,3,69.8,12,69.9,10,2,2022-04-27 09:05:06
1651050306108002000,69.8,3,69.8,9,69.9,10,2,2022-04-27 09:05:06
1651050306130787000,69.8,1,69.8,8,69.9,10,2,2022-04-27 09:05:06
1651050306186551000,69.8,1,69.8,7,69.9,10,2,2022-04-27 09:05:06
1651050306221853000,69.8,2,69.8,5,69.9,15,2,2022-04-27 09:05:06
1651050306246698000,69.8,5,69.7,10,69.9,15,2,2022-04-27 09:05:06
1651050306331767000,69.9,1,69.7,10,69.9,15,1,2022-04-27 09:05:06
1651050306416547000,69.7,1,69.7,9,69.9,15,2,2022-04-27 09:05:06
1651050306768215000,69.8,3,69.7,9,69.9,17,1,2022-04-27 09:05:06
1651050306768215000,69.9,2,69.7,9,69.9,17,1,2022-04-27 09:05:06
1651050306945603000,69.7,1,69.7,8,69.9,23,2,2022-04-27 09:05:06
1651050306968836000,69.7,2,69.7,6,69.9,25,2,2022-04-27 09:05:06
1651050307043525000,69.7,1,69.7,5,69.9,23,2,2022-04-27 09:05:07
1651050307059679000,69.7,5,69.6,2,69.9,23,2,2022-04-27 09:05:07
1651050307212707000,69.8,1,69.6,2,69.9,26,1,2022-04-27 09:05:07
1651050307405871000,69.8,1,69.6,2,69.9,26,1,2022-04-27 09:05:07
1651050307676882000,69.8,1,69.6,2,69.8,3,2,2022-04-27 09:05:07
1651050307861617000,69.8,1,69.6,2,69.8,6,1,2022-04-27 09:05:07
1651050307928398000,69.8,2,69.6,2,69.8,4,1,2022-04-27 09:05:07
1651050308075693000,69.6,1,69.6,1,69.8,4,2,2022-04-27 09:05:08
1651050308170480000,69.6,1,69.5,24,69.8,4,2,2022-04-27 09:05:08
1651050308348206000,69.8,1,69.5,8,69.8,6,1,2022-04-27 09:05:08
1651050308376289000,69.8,2,69.5,8,69.8,4,1,2022-04-27 09:05:08
1651050308865995000,69.8,2,69.5,8,69.8,15,1,2022-04-27 09:05:08
1651050309467373000,69.8,1,69.5,8,69.8,18,1,2022-04-27 09:05:09
1651050309482309000,69.8,1,69.5,8,69.8,17,1,2022-04-27 09:05:09
1651050309527760000,69.8,1,69.5,8,69.8,16,1,2022-04-27 09:05:09
1651050309726406000,69.8,1,69.5,9,69.8,19,1,2022-04-27 09:05:09
1651050309759323000,69.8,1,69.5,9,69.8,18,1,2022-04-27 09:05:09
1651050309808173000,69.5,1,69.5,8,69.8,18,2,2022-04-27 09:05:09
1651050310354704000,69.7,1,69.5,8,69.7,10,1,2022-04-27 09:05:10
1651050310703577000,69.5,1,69.5,7,69.7,10,2,2022-04-27 09:05:10
1651050311063326000,69.5,1,69.5,6,69.7,13,2,2022-04-27 09:05:11
1651050311096541000,69.5,6,69.4,4,69.7,13,2,2022-04-27 09:05:11
1651050311590243000,69.6,1,69.4,4,69.6,1,1,2022-04-27 09:05:11
1651050311599098000,69.4,1,69.4,3,69.6,1,2,2022-04-27 09:05:11
1651050311652387000,69.4,1,69.4,2,69.6,1,2,2022-04-27 09:05:11
1651050311667347000,69.6,1,69.4,2,69.7,17,1,2022-04-27 09:05:11
1651050311667347000,69.7,2,69.4,2,69.7,17,1,2022-04-27 09:05:11
1651050311685602000,69.4,1,69.4,1,69.7,17,2,2022-04-27 09:05:11
1651050311773969000,69.4,1,69.3,2,69.7,20,2,2022-04-27 09:05:11
1651050311920824000,69.6,1,69.3,2,69.6,1,1,2022-04-27 09:05:11
1651050312242616000,69.6,1,69.3,2,69.6,2,1,2022-04-27 09:05:12
1651050312306760000,69.3,1,69.3,1,69.5,2,2,2022-04-27 09:05:12
1651050312318490000,69.5,1,69.3,1,69.5,1,1,2022-04-27 09:05:12
1651050312321176000,69.5,1,69.3,1,69.6,2,1,2022-04-27 09:05:12
1651050312374276000,69.6,1,69.3,1,69.6,1,1,2022-04-27 09:05:12
1651050312443911000,69.5,1,69.3,1,69.6,1,2,2022-04-27 09:05:12
1651050312478416000,69.6,1,69.3,1,69.7,21,1,2022-04-27 09:05:12
1651050313179877000,69.6,1,69.3,1,69.7,21,1,2022-04-27 09:05:13
1651050313278465000,69.3,1,69.2,2,69.7,21,2,2022-04-27 09:05:13
1651050313602902000,69.3,1,69.1,4,69.6,4,2,2022-04-27 09:05:13
1651050313602902000,69.2,2,69.1,4,69.6,4,2,2022-04-27 09:05:13
1651050313859444000,69.1,1,69.1,3,69.6,4,2,2022-04-27 09:05:13
1651050314091237000,69.6,1,69.1,3,69.6,3,1,2022-04-27 09:05:14
1651050314432110000,69.2,1,69.1,3,69.5,1,2,2022-04-27 09:05:14
1651050314446709000,69.5,1,69.1,3,69.7,21,1,2022-04-27 09:05:14
1651050314446709000,69.6,2,69.1,3,69.7,21,1,2022-04-27 09:05:14
1651050314546778000,69.3,1,69.2,1,69.6,1,2,2022-04-27 09:05:14
1651050315349339000,69.4,1,69.2,1,69.7,23,1,2022-04-27 09:05:15
1651050315349339000,69.6,3,69.2,1,69.7,23,1,2022-04-27 09:05:15
1651050315442829000,69.3,1,69.2,1,69.6,1,2,2022-04-27 09:05:15
1651050316071123000,69.1,1,69.1,5,69.6,3,2,2022-04-27 09:05:16
1651050316638725000,69.5,1,69.1,3,69.6,5,1,2022-04-27 09:05:16
1651050317142581000,69.3,1,69.2,1,69.4,3,2,2022-04-27 09:05:17
1651050317844833000,69.4,2,69.2,1,69.4,1,1,2022-04-27 09:05:17
1651050318034369000,69.4,1,69.2,1,69.6,18,1,2022-04-27 09:05:18
1651050319272335000,69.3,1,69.2,1,69.5,4,2,2022-04-27 09:05:19
1651050319864644000,69.2,1,69.1,6,69.5,5,2,2022-04-27 09:05:19
1651050319929587000,69.5,4,69.1,6,69.5,1,1,2022-04-27 09:05:19
1651050320328328000,69.4,1,69.1,6,69.4,2,1,2022-04-27 09:05:20
1651050321368362000,69.4,2,69.4,14,69.5,2,1,2022-04-27 09:05:21
1651050322112607000,69.5,1,69.4,14,69.5,1,1,2022-04-27 09:05:22
1651050322690441000,69.5,3,69.4,14,69.5,3,1,2022-04-27 09:05:22
1651050326550649000,69.5,1,69.4,15,69.5,17,1,2022-04-27 09:05:26
1651050326974948000,69.5,1,69.4,15,69.5,17,1,2022-04-27 09:05:26
1651050327499765000,69.5,5,69.4,15,69.5,12,1,2022-04-27 09:05:27
1651050327701296000,69.4,1,69.4,14,69.5,12,2,2022-04-27 09:05:27
1651050327851053000,69.5,1,69.4,14,69.5,11,1,2022-04-27 09:05:27
1651050327869425000,69.5,3,69.4,14,69.5,8,1,2022-04-27 09:05:27
1651050328872689000,69.4,1,69.4,13,69.5,14,2,2022-04-27 09:05:28
1651050328972271000,69.5,1,69.4,13,69.5,19,1,2022-04-27 09:05:28
1651050329120342000,69.5,5,69.4,14,69.5,15,1,2022-04-27 09:05:29
1651050329496350000,69.5,1,69.4,14,69.5,15,1,2022-04-27 09:05:29
1651050329546310000,69.5,2,69.4,14,69.5,13,1,2022-04-27 09:05:29
1651050329671843000,69.4,1,69.4,13,69.5,13,2,2022-04-27 09:05:29
1651050329702444000,69.4,3,69.4,10,69.5,13,2,2022-04-27 09:05:29
1651050330013422000,69.4,2,69.4,8,69.5,15,2,2022-04-27 09:05:30
1651050330929995000,69.5,1,69.4,10,69.5,15,1,2022-04-27 09:05:30
1651050331081984000,69.5,15,69.5,3,69.6,22,1,2022-04-27 09:05:31
1651050331209518000,69.5,1,69.5,2,69.6,22,2,2022-04-27 09:05:31
1651050331484873000,69.5,1,69.5,1,69.6,22,2,2022-04-27 09:05:31
1651050332007743000,69.5,1,69.5,10,69.6,22,2,2022-04-27 09:05:32
1651050332514376000,69.5,10,69.5,1,69.6,22,2,2022-04-27 09:05:32
1651050332741891000,69.5,1,69.4,10,69.5,1,2,2022-04-27 09:05:32
1651050332941445000,69.5,1,69.4,11,69.6,22,1,2022-04-27 09:05:32
1651050333209944000,69.5,3,69.5,7,69.6,22,1,2022-04-27 09:05:33
1651050334173251000,69.5,5,69.5,8,69.6,19,2,2022-04-27 09:05:34
1651050334392214000,69.5,1,69.5,9,69.6,19,2,2022-04-27 09:05:34
1651050335540263000,69.5,1,69.5,10,69.6,22,2,2022-04-27 09:05:35
1651050335772334000,69.5,1,69.5,9,69.6,22,2,2022-04-27 09:05:35
1651050335856824000,69.5,1,69.5,8,69.6,22,2,2022-04-27 09:05:35
1651050336093388000,69.5,1,69.5,7,69.6,22,2,2022-04-27 09:05:36
1651050336139190000,69.5,1,69.5,6,69.6,22,2,2022-04-27 09:05:36
1651050336293113000,69.5,2,69.5,4,69.6,22,2,2022-04-27 09:05:36
1651050336424567000,69.5,1,69.5,4,69.6,22,2,2022-04-27 09:05:36
1651050336558000000,69.5,3,69.5,1,69.6,22,2,2022-04-27 09:05:36
1651050336757351000,69.6,1,69.5,1,69.6,21,1,2022-04-27 09:05:36
1651050336781317000,69.5,1,69.4,13,69.6,21,2,2022-04-27 09:05:36
1651050337535776000,69.4,1,69.4,12,69.5,5,2,2022-04-27 09:05:37
1651050338091633000,69.4,1,69.4,12,69.5,5,2,2022-04-27 09:05:38
1651050338230319000,69.4,1,69.4,11,69.5,5,2,2022-04-27 09:05:38
1651050338786383000,69.5,1,69.4,11,69.5,4,1,2022-04-27 09:05:38
1651050340316899000,69.4,1,69.4,10,69.5,9,2,2022-04-27 09:05:40
1651050341135952000,69.4,5,69.4,5,69.5,12,2,2022-04-27 09:05:41
1651050341173193000,69.4,5,69.3,5,69.5,12,2,2022-04-27 09:05:41
1651050341198406000,69.4,1,69.3,5,69.5,12,2,2022-04-27 09:05:41
1651050341395745000,69.4,1,69.3,5,69.5,7,1,2022-04-27 09:05:41
1651050341395745000,69.5,5,69.3,5,69.5,7,1,2022-04-27 09:05:41
1651050341980434000,69.5,1,69.3,5,69.5,6,1,2022-04-27 09:05:41
1651050342168283000,69.5,1,69.3,5,69.5,5,1,2022-04-27 09:05:42
1651050342239455000,69.3,1,69.3,4,69.4,2,2,2022-04-27 09:05:42
1651050342527215000,69.4,1,69.3,4,69.4,1,1,2022-04-27 09:05:42
1651050342844151000,69.4,1,69.3,4,69.5,7,1,2022-04-27 09:05:42
1651050342863272000,69.5,5,69.3,4,69.5,2,1,2022-04-27 09:05:42
1651050343591013000,69.4,2,69.4,28,69.5,2,1,2022-04-27 09:05:43
1651050344953242000,69.5,5,69.4,29,69.5,18,1,2022-04-27 09:05:44
1651050345078853000,69.5,1,69.4,29,69.5,17,1,2022-04-27 09:05:45
1651050346080140000,69.4,2,69.4,29,69.5,17,2,2022-04-27 09:05:46
1651050347477340000,69.4,1,69.4,30,69.5,32,2,2022-04-27 09:05:47
1651050347871126000,69.4,1,69.4,30,69.5,32,2,2022-04-27 09:05:47
1651050348225045000,69.5,14,69.4,30,69.5,20,1,2022-04-27 09:05:48
1651050350095184000,69.4,1,69.4,29,69.5,22,2,2022-04-27 09:05:50
1651050350747559000,69.5,1,69.4,29,69.5,21,1,2022-04-27 09:05:50
1651050352428622000,69.4,1,69.4,34,69.5,27,2,2022-04-27 09:05:52
1651050352653256000,69.5,1,69.4,34,69.5,26,1,2022-04-27 09:05:52
1651050352835985000,69.5,5,69.4,34,69.5,21,1,2022-04-27 09:05:52
1651050354681933000,69.5,1,69.4,34,69.5,26,1,2022-04-27 09:05:54
1651050355309872000,69.5,1,69.4,34,69.5,25,1,2022-04-27 09:05:55
1651050355672844000,69.5,1,69.4,35,69.5,24,1,2022-04-27 09:05:55
1651050356483531000,69.4,1,69.4,42,69.5,24,2,2022-04-27 09:05:56
1651050358123510000,69.5,1,69.4,46,69.5,23,1,2022-04-27 09:05:58
1651050359053231000,69.5,1,69.4,46,69.5,22,1,2022-04-27 09:05:59
1651050359466991000,69.5,1,69.4,46,69.5,21,1,2022-04-27 09:05:59
1651050359733204000,69.5,10,69.4,47,69.5,11,1,2022-04-27 09:05:59
1651050359769385000,69.5,1,69.4,47,69.5,10,1,2022-04-27 09:05:59
1651050359769409000,69.5,10,69.4,47,69.6,13,1,2022-04-27 09:05:59
1651050362476613000,69.6,2,69.5,10,69.6,13,1,2022-04-27 09:06:02
1651050363064010000,69.6,2,69.5,11,69.6,11,1,2022-04-27 09:06:03
1651050363119553000,69.6,2,69.5,11,69.6,9,1,2022-04-27 09:06:03
1651050363736796000,69.5,3,69.5,10,69.6,9,2,2022-04-27 09:06:03
1651050364009200000,69.6,1,69.5,9,69.6,8,1,2022-04-27 09:06:04
1651050364519923000,69.6,1,69.5,10,69.6,7,1,2022-04-27 09:06:04
1651050364642730000,69.6,2,69.5,10,69.6,5,1,2022-04-27 09:06:04
1651050365860788000,69.6,1,69.5,13,69.6,7,1,2022-04-27 09:06:05
1651050366681211000,69.6,1,69.5,13,69.6,6,1,2022-04-27 09:06:06
1651050366750945000,69.6,3,69.5,13,69.6,4,1,2022-04-27 09:06:06
1651050367622443000,69.6,2,69.5,15,69.6,2,1,2022-04-27 09:06:07
1651050367660636000,69.6,2,69.5,15,69.7,13,1,2022-04-27 09:06:07
1651050367660636000,69.7,2,69.5,15,69.7,13,1,2022-04-27 09:06:07
1651050367678623000,69.5,1,69.5,15,69.7,13,2,2022-04-27 09:06:07
1651050368023843000,69.6,1,69.5,15,69.7,13,2,2022-04-27 09:06:08
1651050369102811000,69.6,1,69.5,15,69.7,13,2,2022-04-27 09:06:09
1651050369611079000,69.5,2,69.5,13,69.7,13,2,2022-04-27 09:06:09
1651050370891203000,69.6,3,69.5,15,69.6,2,2,2022-04-27 09:06:10
1651050374398735000,69.5,1,69.5,18,69.6,7,2,2022-04-27 09:06:14
1651050374411708000,69.6,2,69.5,18,69.6,5,1,2022-04-27 09:06:14
1651050375644789000,69.6,3,69.5,18,69.6,4,1,2022-04-27 09:06:15
1651050375685365000,69.6,1,69.5,18,69.6,3,1,2022-04-27 09:06:15
1651050376189887000,69.6,1,69.5,18,69.6,3,1,2022-04-27 09:06:16
1651050376257792000,69.6,2,69.5,18,69.6,1,1,2022-04-27 09:06:16
1651050376695809000,69.6,1,69.6,19,69.7,15,1,2022-04-27 09:06:16
1651050377010551000,69.6,1,69.6,22,69.7,15,2,2022-04-27 09:06:17
1651050377385886000,69.7,10,69.6,24,69.7,5,1,2022-04-27 09:06:17
1651050377422006000,69.7,5,69.6,27,69.8,19,1,2022-04-27 09:06:17
1651050378467241000,69.8,2,69.6,30,69.8,17,1,2022-04-27 09:06:18
1651050378579582000,69.8,1,69.6,30,69.8,16,1,2022-04-27 09:06:18
1651050378669926000,69.8,1,69.6,30,69.8,15,1,2022-04-27 09:06:18
1651050379143740000,69.8,2,69.6,30,69.8,13,1,2022-04-27 09:06:19
1651050379840378000,69.8,1,69.6,31,69.8,12,1,2022-04-27 09:06:19
1651050380098597000,69.8,2,69.6,31,69.8,13,1,2022-04-27 09:06:20
1651050380166025000,69.8,10,69.6,31,69.8,3,1,2022-04-27 09:06:20
1651050380194771000,69.8,3,69.6,31,69.9,18,1,2022-04-27 09:06:20
1651050381265403000,69.9,1,69.8,2,69.9,17,1,2022-04-27 09:06:21
1651050381699505000,69.9,1,69.8,3,69.9,16,1,2022-04-27 09:06:21
1651050382105590000,69.9,2,69.8,5,69.9,14,1,2022-04-27 09:06:22
1651050382209087000,69.9,1,69.8,5,69.9,13,1,2022-04-27 09:06:22
1651050382236533000,69.9,1,69.8,6,69.9,12,1,2022-04-27 09:06:22
1651050382263370000,69.9,12,69.8,6,70.0,64,1,2022-04-27 09:06:22
1651050382792841000,70.0,2,69.9,16,70.0,62,1,2022-04-27 09:06:22
1651050382850460000,70.0,1,69.9,16,70.0,61,1,2022-04-27 09:06:22
1651050383264788000,70.0,1,69.9,20,70.0,60,1,2022-04-27 09:06:23
1651050383711359000,70.0,5,69.9,20,70.0,55,1,2022-04-27 09:06:23
1651050383783684000,70.0,2,69.9,20,70.0,53,1,2022-04-27 09:06:23
1651050383812034000,70.0,2,69.9,20,70.0,51,1,2022-04-27 09:06:23
1651050383847046000,70.0,5,69.9,20,70.0,46,1,2022-04-27 09:06:23
1651050383881577000,70.0,11,69.9,23,70.0,35,1,2022-04-27 09:06:23
1651050383881885000,70.0,35,69.9,23,70.1,8,1,2022-04-27 09:06:23
1651050384224331000,70.1,2,69.9,24,70.1,6,1,2022-04-27 09:06:24
1651050384418352000,70.1,1,70.0,2,70.1,5,1,2022-04-27 09:06:24
1651050384570776000,70.1,5,70.0,2,70.2,12,1,2022-04-27 09:06:24
1651050384636404000,70.2,5,70.0,2,70.2,7,1,2022-04-27 09:06:24
1651050384901855000,70.2,1,70.0,2,70.2,6,1,2022-04-27 09:06:24
1651050385239066000,70.2,2,70.0,2,70.2,4,1,2022-04-27 09:06:25
1651050385485914000,70.1,1,70.1,1,70.2,4,2,2022-04-27 09:06:25
1651050385612603000,70.2,2,70.1,1,70.2,2,1,2022-04-27 09:06:25
1651050385737275000,70.2,2,70.2,3,70.3,10,1,2022-04-27 09:06:25
1651050385996366000,70.2,2,70.2,1,70.3,10,2,2022-04-27 09:06:25
1651050386578694000,70.3,3,70.2,2,70.3,7,1,2022-04-27 09:06:26
1651050386837016000,70.3,1,70.2,2,70.3,6,1,2022-04-27 09:06:26
1651050386875137000,70.2,2,70.0,12,70.3,6,2,2022-04-27 09:06:26
1651050386875137000,70.1,2,70.0,12,70.3,6,2,2022-04-27 09:06:26
1651050387002284000,70.3,1,70.2,1,70.3,5,1,2022-04-27 09:06:27
1651050387157332000,70.3,1,70.2,1,70.3,4,1,2022-04-27 09:06:27
1651050387488855000,70.3,2,70.2,1,70.3,2,1,2022-04-27 09:06:27
1651050388160501000,70.3,1,70.2,2,70.3,1,1,2022-04-27 09:06:28
1651050388236317000,70.3,1,70.3,1,70.4,12,1,2022-04-27 09:06:28
1651050388863564000,70.4,2,70.3,1,70.4,10,1,2022-04-27 09:06:28
1651050388959961000,70.4,1,70.3,1,70.4,9,1,2022-04-27 09:06:28
1651050389412449000,70.4,1,70.3,7,70.4,8,1,2022-04-27 09:06:29
1651050389788109000,70.4,5,70.3,10,70.4,3,1,2022-04-27 09:06:29
1651050389811308000,70.4,3,70.3,10,70.5,57,1,2022-04-27 09:06:29
1651050389897167000,70.5,5,70.3,10,70.5,52,1,2022-04-27 09:06:29
1651050390081443000,70.5,1,70.3,10,70.5,51,1,2022-04-27 09:06:30
1651050390567832000,70.5,1,70.3,10,70.5,50,1,2022-04-27 09:06:30
1651050391714616000,70.5,1,70.3,12,70.5,49,1,2022-04-27 09:06:31
1651050392044131000,70.3,1,70.3,11,70.5,49,2,2022-04-27 09:06:32
1651050392086967000,70.3,11,70.2,9,70.5,49,2,2022-04-27 09:06:32
1651050392418537000,70.3,5,70.2,9,70.3,2,1,2022-04-27 09:06:32
1651050392452318000,70.3,1,70.2,9,70.3,1,1,2022-04-27 09:06:32
1651050393062943000,70.3,1,70.2,10,70.4,2,1,2022-04-27 09:06:33
1651050393948761000,70.4,1,70.2,13,70.4,6,1,2022-04-27 09:06:33
1651050394179003000,70.3,1,70.2,13,70.3,9,1,2022-04-27 09:06:34
1651050394333709000,70.3,2,70.2,13,70.3,7,1,2022-04-27 09:06:34
1651050394341388000,70.3,1,70.2,13,70.3,6,1,2022-04-27 09:06:34
1651050394501682000,70.3,1,70.2,13,70.3,7,1,2022-04-27 09:06:34
1651050394698865000,70.3,7,70.2,13,70.4,5,1,2022-04-27 09:06:34
1651050394698865000,70.4,1,70.2,13,70.4,5,1,2022-04-27 09:06:34
1651050394699533000,70.4,5,70.2,13,70.5,45,1,2022-04-27 09:06:34
1651050394699533000,70.5,5,70.2,13,70.5,45,1,2022-04-27 09:06:34
1651050394938261000,70.3,4,70.3,1,70.5,46,1,2022-04-27 09:06:34
1651050395238374000,70.5,3,70.3,1,70.5,43,1,2022-04-27 09:06:35
1651050395317826000,70.5,1,70.3,2,70.5,42,1,2022-04-27 09:06:35
1651050395947609000,70.4,1,70.3,5,70.4,2,1,2022-04-27 09:06:35
1651050396239249000,70.4,1,70.3,6,70.4,2,1,2022-04-27 09:06:36
1651050396354162000,70.4,1,70.3,6,70.4,1,1,2022-04-27 09:06:36
1651050396604486000,70.4,2,70.3,6,70.4,19,1,2022-04-27 09:06:36
1651050396669976000,70.4,1,70.3,6,70.4,18,1,2022-04-27 09:06:36
1651050396683986000,70.4,1,70.3,6,70.4,17,1,2022-04-27 09:06:36
1651050396685687000,70.4,1,70.3,6,70.4,16,1,2022-04-27 09:06:36
1651050396743456000,70.4,1,70.3,6,70.4,15,1,2022-04-27 09:06:36
1651050396845842000,70.4,1,70.3,6,70.4,14,1,2022-04-27 09:06:36
1651050397062828000,70.4,1,70.3,7,70.4,13,1,2022-04-27 09:06:37
1651050397264428000,70.4,1,70.3,8,70.4,14,1,2022-04-27 09:06:37
1651050397319356000,70.3,1,70.3,7,70.4,14,2,2022-04-27 09:06:37
1651050397341323000,70.4,5,70.3,7,70.4,9,1,2022-04-27 09:06:37
1651050398149744000,70.3,2,70.3,11,70.4,11,2,2022-04-27 09:06:38
1651050398535533000,70.4,1,70.3,11,70.4,10,1,2022-04-27 09:06:38
1651050398812604000,70.3,2,70.3,9,70.4,10,2,2022-04-27 09:06:38
1651050399069976000,70.3,2,70.3,7,70.4,15,2,2022-04-27 09:06:39
1651050399101694000,70.3,7,70.2,16,70.4,17,2,2022-04-27 09:06:39
1651050399454388000,70.4,1,70.2,16,70.4,16,1,2022-04-27 09:06:39
1651050399551629000,70.4,1,70.2,16,70.4,15,1,2022-04-27 09:06:39
1651050399559121000,70.4,5,70.2,16,70.4,10,1,2022-04-27 09:06:39
1651050399931759000,70.4,2,70.2,16,70.4,12,1,2022-04-27 09:06:39
1651050400060152000,70.4,1,70.2,15,70.4,11,1,2022-04-27 09:06:40
1651050400265681000,70.4,3,70.2,15,70.4,8,1,2022-04-27 09:06:40
1651050400546489000,70.4,2,70.2,15,70.4,7,1,2022-04-27 09:06:40
1651050400616932000,70.4,1,70.2,15,70.4,6,1,2022-04-27 09:06:40
1651050400868817000,70.4,1,70.2,15,70.4,5,1,2022-04-27 09:06:40
1651050401115024000,70.4,1,70.2,15,70.4,5,1,2022-04-27 09:06:41
1651050401509870000,70.4,2,70.2,15,70.4,3,1,2022-04-27 09:06:41
1651050401935316000,70.4,1,70.2,16,70.4,2,1,2022-04-27 09:06:41
1651050402162895000,70.4,1,70.2,16,70.4,1,1,2022-04-27 09:06:42
1651050402401546000,70.4,1,70.3,10,70.5,47,1,2022-04-27 09:06:42
1651050402433501000,70.5,3,70.3,10,70.5,44,1,2022-04-27 09:06:42
1651050403169302000,70.4,1,70.3,12,70.5,44,1,2022-04-27 09:06:43
1651050403635401000,70.4,1,70.4,9,70.5,44,1,2022-04-27 09:06:43
1651050404595978000,70.4,1,70.4,8,70.5,44,2,2022-04-27 09:06:44
1651050405030461000,70.5,1,70.4,8,70.5,43,1,2022-04-27 09:06:45
1651050405256134000,70.4,1,70.4,7,70.5,43,2,2022-04-27 09:06:45
1651050405270633000,70.5,1,70.4,7,70.5,42,1,2022-04-27 09:06:45
1651050405320320000,70.4,1,70.4,10,70.5,42,2,2022-04-27 09:06:45
1651050405334696000,70.4,1,70.4,9,70.5,42,2,2022-04-27 09:06:45
1651050405547645000,70.5,10,70.4,9,70.5,32,1,2022-04-27 09:06:45
1651050405622733000,70.4,3,70.4,7,70.5,32,2,2022-04-27 09:06:45
1651050405782233000,70.4,7,70.3,14,70.4,23,2,2022-04-27 09:06:45
1651050405815728000,70.3,1,70.3,13,70.4,23,2,2022-04-27 09:06:45
1651050406051069000,70.4,1,70.3,13,70.4,22,1,2022-04-27 09:06:46
1651050406344647000,70.4,1,70.3,13,70.4,21,1,2022-04-27 09:06:46
1651050406525800000,70.4,1,70.3,13,70.4,20,1,2022-04-27 09:06:46
1651050406571072000,70.4,1,70.3,13,70.4,19,1,2022-04-27 09:06:46
1651050406773989000,70.3,7,70.3,6,70.4,23,2,2022-04-27 09:06:46
1651050406810765000,70.3,6,70.2,15,70.4,23,2,2022-04-27 09:06:46
1651050406871840000,70.4,2,70.2,15,70.4,21,1,2022-04-27 09:06:46
1651050407052290000,70.3,2,70.3,3,70.4,25,2,2022-04-27 09:06:47
1651050407081446000,70.3,3,70.2,15,70.4,25,2,2022-04-27 09:06:47
1651050407172493000,70.4,1,70.2,15,70.4,25,1,2022-04-27 09:06:47
1651050407177490000,70.4,1,70.2,15,70.4,24,1,2022-04-27 09:06:47
1651050407209135000,70.4,10,70.2,15,70.4,16,1,2022-04-27 09:06:47
1651050407280524000,70.4,1,70.2,15,70.4,13,1,2022-04-27 09:06:47
1651050408136375000,70.4,2,70.2,15,70.4,11,1,2022-04-27 09:06:48
1651050408222893000,70.4,1,70.2,15,70.4,10,1,2022-04-27 09:06:48
1651050409228080000,70.3,1,70.2,15,70.3,1,1,2022-04-27 09:06:49
1651050410000849000,70.2,1,70.2,14,70.3,3,2,2022-04-27 09:06:50
1651050410415718000,70.3,1,70.2,16,70.3,9,1,2022-04-27 09:06:50
1651050410780866000,70.3,1,70.2,16,70.3,11,1,2022-04-27 09:06:50
1651050410838755000,70.3,4,70.2,16,70.3,7,1,2022-04-27 09:06:50
1651050410869707000,70.2,1,70.2,15,70.3,7,2,2022-04-27 09:06:50
1651050411141361000,70.3,2,70.2,13,70.3,6,1,2022-04-27 09:06:51
1651050411401753000,70.3,1,70.2,13,70.3,5,1,2022-04-27 09:06:51
1651050411456344000,70.3,1,70.2,13,70.3,4,1,2022-04-27 09:06:51
1651050411577277000,70.3,2,70.2,13,70.3,2,1,2022-04-27 09:06:51
1651050411858083000,70.3,2,70.3,3,70.4,47,1,2022-04-27 09:06:51
1651050412205357000,70.4,1,70.3,3,70.4,47,1,2022-04-27 09:06:52
1651050412342638000,70.3,1,70.3,2,70.4,47,2,2022-04-27 09:06:52
1651050412376677000,70.3,1,70.3,1,70.4,47,2,2022-04-27 09:06:52
1651050412717828000,70.3,1,70.2,30,70.4,47,2,2022-04-27 09:06:52
1651050412717828000,70.2,4,70.2,30,70.4,47,2,2022-04-27 09:06:52
1651050413159867000,70.3,2,70.2,30,70.4,44,1,2022-04-27 09:06:53
1651050413159867000,70.4,3,70.2,30,70.4,44,1,2022-04-27 09:06:53
1651050413797771000,70.4,1,70.2,30,70.4,50,1,2022-04-27 09:06:53
1651050413849878000,70.2,1,70.2,29,70.4,50,2,2022-04-27 09:06:53
1651050414077358000,70.2,1,70.2,29,70.4,50,2,2022-04-27 09:06:54
1651050414399597000,70.2,2,70.2,27,70.4,52,2,2022-04-27 09:06:54
1651050414454262000,70.2,2,70.2,25,70.4,52,2,2022-04-27 09:06:54
1651050414475194000,70.3,1,70.2,25,70.4,52,2,2022-04-27 09:06:54
1651050414729235000,70.3,1,70.2,25,70.3,1,2,2022-04-27 09:06:54
1651050415246654000,70.3,2,70.2,25,70.3,1,2,2022-04-27 09:06:55
1651050415310414000,70.3,1,70.2,25,70.4,52,1,2022-04-27 09:06:55
1651050415476608000,70.4,10,70.2,25,70.4,42,1,2022-04-27 09:06:55
1651050415542176000,70.2,3,70.2,27,70.4,42,2,2022-04-27 09:06:55
1651050416160189000,70.3,5,70.2,29,70.4,40,1,2022-04-27 09:06:56
1651050416160189000,70.4,5,70.2,29,70.4,40,1,2022-04-27 09:06:56
1651050416584331000,70.3,1,70.2,30,70.4,41,1,2022-04-27 09:06:56
1651050416815071000,70.3,1,70.2,30,70.4,41,1,2022-04-27 09:06:56
1651050417368428000,70.2,1,70.2,31,70.3,11,2,2022-04-27 09:06:57
1651050417616272000,70.3,1,70.2,31,70.3,10,1,2022-04-27 09:06:57
1651050417757267000,70.2,3,70.2,28,70.3,10,2,2022-04-27 09:06:57
1651050417788360000,70.2,1,70.2,37,70.3,10,2,2022-04-27 09:06:57
1651050418125088000,70.3,2,70.2,38,70.3,10,1,2022-04-27 09:06:58
1651050420385879000,70.2,2,70.2,36,70.3,16,2,2022-04-27 09:07:00
1651050421181938000,70.2,1,70.2,35,70.3,20,2,2022-04-27 09:07:01
1651050421257992000,70.2,2,70.2,33,70.3,20,2,2022-04-27 09:07:01
1651050421390359000,70.2,1,70.2,33,70.3,19,2,2022-04-27 09:07:01
1651050421394932000,70.3,1,70.2,33,70.3,18,1,2022-04-27 09:07:01
1651050421436055000,70.2,1,70.2,32,70.3,18,2,2022-04-27 09:07:01
1651050421620176000,70.2,1,70.2,31,70.3,19,2,2022-04-27 09:07:01
1651050421631387000,70.3,15,70.2,31,70.3,4,1,2022-04-27 09:07:01
1651050421968220000,70.3,1,70.2,31,70.3,3,1,2022-04-27 09:07:01
1651050422162852000,70.3,2,70.2,31,70.3,1,1,2022-04-27 09:07:02
1651050422177850000,70.3,1,70.2,31,70.4,41,1,2022-04-27 09:07:02
1651050422201072000,70.2,10,70.2,21,70.4,41,2,2022-04-27 09:07:02
1651050422536845000,70.3,1,70.2,17,70.4,41,2,2022-04-27 09:07:02
1651050422536845000,70.2,4,70.2,17,70.4,41,2,2022-04-27 09:07:02
1651050423263697000,70.3,3,70.2,17,70.4,42,1,2022-04-27 09:07:03
1651050423380231000,70.2,1,70.2,16,70.4,42,2,2022-04-27 09:07:03
1651050423921364000,70.4,2,70.2,16,70.4,40,1,2022-04-27 09:07:03
1651050423971448000,70.2,1,70.2,15,70.4,40,2,2022-04-27 09:07:03
1651050424949847000,70.2,12,70.2,6,70.3,2,2,2022-04-27 09:07:04
1651050424957914000,70.2,2,70.2,4,70.3,2,2,2022-04-27 09:07:04
1651050424990215000,70.2,3,70.2,1,70.3,2,2,2022-04-27 09:07:04
1651050424990297000,70.2,1,70.1,12,70.3,2,2,2022-04-27 09:07:04
1651050425088035000,70.2,1,70.1,12,70.3,2,1,2022-04-27 09:07:05
1651050425397657000,70.1,2,70.1,10,70.3,5,2,2022-04-27 09:07:05
1651050425937912000,70.1,2,70.1,8,70.3,10,2,2022-04-27 09:07:05
1651050426718790000,70.1,1,70.1,7,70.2,2,2,2022-04-27 09:07:06
1651050427250670000,70.2,5,70.1,7,70.2,5,1,2022-04-27 09:07:07
1651050427290531000,70.1,2,70.1,5,70.2,5,2,2022-04-27 09:07:07
1651050427310909000,70.1,1,70.1,4,70.2,5,2,2022-04-27 09:07:07
1651050427333117000,70.1,1,70.1,3,70.2,5,2,2022-04-27 09:07:07
1651050427363979000,70.2,2,70.1,3,70.2,3,1,2022-04-27 09:07:07
1651050427490313000,70.1,1,70.1,2,70.2,6,2,2022-04-27 09:07:07
1651050427698591000,70.1,2,70.0,21,70.2,19,2,2022-04-27 09:07:07
1651050428064813000,70.0,1,70.0,20,70.2,19,2,2022-04-27 09:07:08
1651050428371082000,70.0,2,70.0,18,70.1,3,2,2022-04-27 09:07:08
1651050428553336000,70.0,3,70.0,15,70.1,3,2,2022-04-27 09:07:08
1651050428633477000,70.1,1,70.0,15,70.1,2,1,2022-04-27 09:07:08
1651050428948944000,70.0,1,70.0,14,70.1,4,2,2022-04-27 09:07:08
1651050428978970000,70.1,2,70.0,14,70.1,2,1,2022-04-27 09:07:08
1651050429113690000,70.1,1,70.0,14,70.1,1,1,2022-04-27 09:07:09
1651050429859569000,70.0,10,70.0,4,70.1,2,2,2022-04-27 09:07:09
1651050429888773000,70.0,4,69.9,1,70.1,2,2,2022-04-27 09:07:09
1651050430351862000,70.0,1,69.9,1,70.0,2,1,2022-04-27 09:07:10
1651050430420466000,70.0,1,69.9,1,70.0,1,1,2022-04-27 09:07:10
1651050430883998000,69.9,1,69.8,1,69.9,4,2,2022-04-27 09:07:10
1651050431134919000,69.9,1,69.8,1,69.9,9,1,2022-04-27 09:07:11
1651050431587892000,69.8,1,69.7,5,69.9,9,2,2022-04-27 09:07:11
1651050432029197000,69.7,1,69.7,4,69.9,9,2,2022-04-27 09:07:12
1651050432187316000,69.7,1,69.7,3,69.9,9,2,2022-04-27 09:07:12
1651050432349241000,69.7,1,69.7,2,69.8,1,2,2022-04-27 09:07:12
1651050432477751000,69.8,1,69.7,2,69.9,7,1,2022-04-27 09:07:12
1651050432477751000,69.9,2,69.7,2,69.9,7,1,2022-04-27 09:07:12
1651050432522491000,69.7,1,69.7,1,69.9,7,2,2022-04-27 09:07:12
1651050432977524000,69.7,1,69.6,26,69.9,7,2,2022-04-27 09:07:12
1651050432977524000,69.6,1,69.6,26,69.9,7,2,2022-04-27 09:07:12
1651050433323371000,69.6,1,69.6,25,69.9,7,2,2022-04-27 09:07:13
1651050433483134000,69.7,1,69.6,25,69.9,7,2,2022-04-27 09:07:13
1651050433744888000,69.9,3,69.6,25,69.9,4,1,2022-04-27 09:07:13
1651050433803287000,69.6,1,69.6,29,69.9,4,2,2022-04-27 09:07:13
1651050434305710000,69.6,1,69.6,28,69.9,4,2,2022-04-27 09:07:14
1651050434888027000,69.9,7,69.6,28,70.0,4,1,2022-04-27 09:07:14
1651050434888027000,70.0,1,69.6,28,70.0,4,1,2022-04-27 09:07:14
1651050435159847000,69.9,1,69.6,28,70.0,2,1,2022-04-27 09:07:15
1651050435159847000,70.0,2,69.6,28,70.0,2,1,2022-04-27 09:07:15
1651050435178442000,69.6,1,69.6,27,70.0,2,2,2022-04-27 09:07:15
1651050435404816000,69.9,6,69.9,8,70.0,4,1,2022-04-27 09:07:15
1651050435431775000,70.0,1,69.9,8,70.0,3,1,2022-04-27 09:07:15
1651050435439725000,69.9,1,69.9,7,70.0,3,2,2022-04-27 09:07:15
1651050435440347000,69.9,1,69.9,6,70.0,3,2,2022-04-27 09:07:15
1651050435554955000,69.9,2,69.9,4,70.0,1,2,2022-04-27 09:07:15
1651050435928956000,70.0,1,69.9,4,70.1,7,1,2022-04-27 09:07:15
1651050436079900000,69.9,2,69.9,2,70.1,7,2,2022-04-27 09:07:16
1651050436647306000,69.9,1,69.9,1,70.1,5,2,2022-04-27 09:07:16
1651050436688281000,69.9,1,69.6,26,70.1,5,2,2022-04-27 09:07:16
1651050437743197000,69.9,1,69.6,26,70.1,3,1,2022-04-27 09:07:17
1651050437743197000,70.1,2,69.6,26,70.1,3,1,2022-04-27 09:07:17
1651050438977667000,69.7,1,69.7,3,70.0,3,2,2022-04-27 09:07:18
1651050439184945000,70.0,1,69.7,2,70.0,2,1,2022-04-27 09:07:19
1651050439294123000,70.0,2,69.7,2,70.2,7,1,2022-04-27 09:07:19
1651050439294123000,70.1,3,69.7,2,70.2,7,1,2022-04-27 09:07:19
1651050440058288000,69.8,1,69.7,1,70.0,10,2,2022-04-27 09:07:20
1651050440058288000,69.7,1,69.7,1,70.0,10,2,2022-04-27 09:07:20
1651050441091476000,69.7,1,69.7,3,69.9,3,2,2022-04-27 09:07:21
1651050442478862000,69.9,1,69.7,3,69.9,2,1,2022-04-27 09:07:22
1651050443962207000,69.8,3,69.7,24,69.8,2,2,2022-04-27 09:07:23
1651050443990781000,69.8,2,69.7,24,69.9,2,1,2022-04-27 09:07:23
1651050444398924000,69.7,17,69.7,7,69.9,2,2,2022-04-27 09:07:24
1651050445536122000,69.8,2,69.7,8,69.8,2,1,2022-04-27 09:07:25
1651050445637956000,69.7,5,69.7,3,69.9,6,2,2022-04-27 09:07:25
1651050445793212000,69.7,3,69.6,19,69.9,6,2,2022-04-27 09:07:25
1651050445793212000,69.6,4,69.6,19,69.9,6,2,2022-04-27 09:07:25
1651050446957140000,69.7,1,69.6,19,69.7,6,1,2022-04-27 09:07:26
1651050447986712000,69.6,1,69.6,18,69.7,6,2,2022-04-27 09:07:27
1651050448038676000,69.6,2,69.6,16,69.7,6,2,2022-04-27 09:07:28
1651050448458389000,69.6,2,69.6,13,69.7,5,2,2022-04-27 09:07:28
1651050449229896000,69.6,2,69.6,10,69.7,5,2,2022-04-27 09:07:29
1651050449264695000,69.6,1,69.6,9,69.7,5,2,2022-04-27 09:07:29
1651050449327304000,69.6,2,69.6,7,69.7,7,2,2022-04-27 09:07:29
1651050449607782000,69.6,1,69.6,6,69.7,5,2,2022-04-27 09:07:29
1651050449682459000,69.7,1,69.6,6,69.7,4,1,2022-04-27 09:07:29
1651050450025844000,69.7,1,69.6,6,69.7,3,1,2022-04-27 09:07:30
1651050450262971000,69.6,2,69.6,4,69.7,3,2,2022-04-27 09:07:30
1651050451087633000,69.7,1,69.6,6,69.7,2,1,2022-04-27 09:07:31
1651050451840166000,69.6,1,69.6,5,69.7,2,2,2022-04-27 09:07:31
1651050452272771000,69.7,1,69.6,5,69.7,1,1,2022-04-27 09:07:32
1651050453989459000,69.7,1,69.6,6,69.7,1,1,2022-04-27 09:07:33
1651050454046751000,69.6,1,69.6,5,69.7,1,2,2022-04-27 09:07:34
1651050454318284000,69.6,2,69.6,3,69.7,1,2,2022-04-27 09:07:34
1651050454406486000,69.6,2,69.6,1,69.7,1,2,2022-04-27 09:07:34
1651050454490615000,69.7,1,69.7,19,69.8,3,1,2022-04-27 09:07:34
1651050455080315000,69.7,1,69.7,23,69.8,4,2,2022-04-27 09:07:35
1651050455194477000,69.7,2,69.7,21,69.8,4,2,2022-04-27 09:07:35
1651050455818549000,69.7,2,69.7,19,69.8,4,2,2022-04-27 09:07:35
1651050457269505000,69.7,1,69.7,19,69.8,3,2,2022-04-27 09:07:37
1651050458444703000,69.8,1,69.7,21,69.8,2,1,2022-04-27 09:07:38
1651050458760689000,69.7,2,69.7,19,69.8,2,2,2022-04-27 09:07:38
1651050459430705000,69.8,1,69.7,19,69.8,5,1,2022-04-27 09:07:39
1651050459738283000,69.7,1,69.7,18,69.8,5,2,2022-04-27 09:07:39
1651050459830598000,69.7,5,69.7,13,69.8,5,2,2022-04-27 09:07:39
1651050460020209000,69.8,2,69.7,13,69.8,3,1,2022-04-27 09:07:40
1651050461982076000,69.8,1,69.7,14,69.8,2,1,2022-04-27 09:07:41
1651050462156065000,69.8,1,69.7,14,69.8,1,1,2022-04-27 09:07:42
1651050462824615000,69.8,1,69.7,15,69.8,1,1,2022-04-27 09:07:42
1651050462875322000,69.7,1,69.7,14,69.8,1,2,2022-04-27 09:07:42
1651050464238751000,69.8,2,69.7,15,69.9,6,1,2022-04-27 09:07:44
1651050464427219000,69.9,1,69.7,15,69.9,5,1,2022-04-27 09:07:44
1651050464629288000,69.8,1,69.7,15,69.9,5,1,2022-04-27 09:07:44
1651050467516455000,69.8,1,69.8,2,69.9,5,2,2022-04-27 09:07:47
1651050468304267000,69.9,2,69.8,6,69.9,3,1,2022-04-27 09:07:48
1651050468326238000,69.8,2,69.8,4,69.9,3,2,2022-04-27 09:07:48
1651050469728478000,69.9,1,69.8,9,69.9,2,1,2022-04-27 09:07:49
1651050469822309000,69.8,9,69.7,14,69.9,2,2,2022-04-27 09:07:49
1651050469822309000,69.7,1,69.7,14,69.9,2,2,2022-04-27 09:07:49
1651050470059153000,69.8,1,69.7,14,69.9,2,1,2022-04-27 09:07:50
1651050471698639000,69.9,2,69.8,1,69.9,2,1,2022-04-27 09:07:51
1651050471787125000,69.8,1,69.7,14,69.8,1,2,2022-04-27 09:07:51
1651050471823172000,69.8,1,69.7,14,69.9,2,1,2022-04-27 09:07:51
1651050472664998000,69.8,1,69.7,14,70.0,16,2,2022-04-27 09:07:52
1651050474198665000,69.8,5,69.7,14,69.8,5,2,2022-04-27 09:07:54
1651050474531020000,69.8,2,69.7,14,69.8,3,1,2022-04-27 09:07:54
1651050474565583000,69.8,3,69.7,14,70.0,16,1,2022-04-27 09:07:54
1651050475238827000,69.8,1,69.7,14,69.8,1,1,2022-04-27 09:07:55
1651050475689412000,69.8,1,69.7,14,70.0,18,1,2022-04-27 09:07:55
1651050476621153000,69.8,1,69.7,14,69.8,4,1,2022-04-27 09:07:56
1651050477192997000,69.7,1,69.7,13,69.8,4,2,2022-04-27 09:07:57
1651050477280157000,69.8,1,69.7,13,69.8,4,1,2022-04-27 09:07:57
1651050477338410000,69.8,1,69.7,13,69.8,3,1,2022-04-27 09:07:57
1651050478025052000,69.8,2,69.7,13,69.8,1,1,2022-04-27 09:07:58
1651050480232382000,69.8,1,69.7,23,69.8,2,1,2022-04-27 09:08:00
1651050481228817000,69.7,2,69.7,21,69.8,2,2,2022-04-27 09:08:01
1651050481260641000,69.7,1,69.7,20,69.8,2,2,2022-04-27 09:08:01
1651050482039512000,69.8,2,69.7,20,69.9,4,1,2022-04-27 09:08:02
1651050483026732000,69.8,2,69.7,20,69.9,2,1,2022-04-27 09:08:03
1651050483026732000,69.9,2,69.7,20,69.9,2,1,2022-04-27 09:08:03
1651050484231468000,69.9,2,69.9,8,70.0,21,1,2022-04-27 09:08:04
1651050484612454000,69.9,5,69.9,3,70.0,21,2,2022-04-27 09:08:04
1651050485116208000,69.9,1,69.9,2,70.0,21,2,2022-04-27 09:08:05
1651050485290094000,69.9,1,69.9,1,70.0,21,2,2022-04-27 09:08:05
1651050485407525000,69.9,1,69.8,3,70.0,19,2,2022-04-27 09:08:05
1651050485438764000,70.0,1,69.8,3,70.0,18,1,2022-04-27 09:08:05
1651050487548978000,69.9,1,69.8,10,70.0,18,2,2022-04-27 09:08:07
1651050487842127000,69.8,1,69.8,9,70.0,18,2,2022-04-27 09:08:07
1651050488193900000,69.8,5,69.8,4,70.0,18,2,2022-04-27 09:08:08
1651050489747382000,70.0,1,69.8,5,70.0,18,1,2022-04-27 09:08:09
1651050489877313000,70.0,2,69.8,5,70.0,16,1,2022-04-27 09:08:09
1651050491877175000,69.8,3,69.8,2,69.9,1,2,2022-04-27 09:08:11
1651050495622275000,69.8,3,69.8,8,69.9,1,2,2022-04-27 09:08:15
1651050495879748000,69.8,1,69.8,7,69.9,1,2,2022-04-27 09:08:15
1651050495942334000,69.9,1,69.8,7,70.0,18,1,2022-04-27 09:08:15
1651050496991890000,69.9,2,69.8,7,69.9,8,1,2022-04-27 09:08:16
1651050497393551000,69.9,4,69.8,7,69.9,4,1,2022-04-27 09:08:17
1651050498581630000,69.9,1,69.8,8,69.9,3,1,2022-04-27 09:08:18
1651050498613330000,69.9,1,69.8,8,69.9,2,1,2022-04-27 09:08:18
1651050499142752000,69.8,2,69.8,6,69.9,2,2,2022-04-27 09:08:19
1651050499283807000,69.9,1,69.8,6,69.9,1,1,2022-04-27 09:08:19
1651050499931386000,69.9,1,69.8,6,69.9,5,1,2022-04-27 09:08:19
1651050500410968000,69.9,2,69.8,6,69.9,1,1,2022-04-27 09:08:20
1651050501013413000,69.9,1,69.8,6,70.0,23,1,2022-04-27 09:08:21
1651050502407136000,69.9,1,69.9,3,70.0,23,2,2022-04-27 09:08:22
1651050502612321000,70.0,10,69.9,3,70.0,13,1,2022-04-27 09:08:22
1651050504452220000,69.9,1,69.9,3,70.0,13,2,2022-04-27 09:08:24
1651050504786304000,70.0,2,69.9,3,70.0,11,1,2022-04-27 09:08:24
1651050506776203000,69.9,5,69.8,10,69.9,11,2,2022-04-27 09:08:26
1651050507460239000,69.9,1,69.8,10,69.9,10,1,2022-04-27 09:08:27
1651050507550986000,69.9,10,69.9,90,70.0,13,1,2022-04-27 09:08:27
1651050507648972000,70.0,10,69.9,90,70.0,3,1,2022-04-27 09:08:27
1651050507687820000,70.0,3,69.9,91,70.1,12,1,2022-04-27 09:08:27
1651050507794052000,70.1,2,69.9,91,70.1,10,1,2022-04-27 09:08:27
1651050508032983000,70.0,1,69.9,91,70.1,10,1,2022-04-27 09:08:28
1651050508157777000,69.9,1,69.9,90,70.1,10,2,2022-04-27 09:08:28
1651050509554536000,69.9,10,69.9,83,70.1,10,2,2022-04-27 09:08:29
1651050510186765000,70.1,2,69.9,83,70.1,8,1,2022-04-27 09:08:30
1651050510575849000,70.1,3,69.9,84,70.1,5,1,2022-04-27 09:08:30
1651050511981532000,70.0,2,69.9,84,70.1,5,2,2022-04-27 09:08:31
1651050512111379000,69.9,2,69.9,82,70.1,5,2,2022-04-27 09:08:32
1651050513779213000,70.0,1,69.9,82,70.1,5,2,2022-04-27 09:08:33
1651050513917229000,69.9,2,69.9,80,70.1,5,2,2022-04-27 09:08:33
1651050514312219000,69.9,2,69.9,78,70.1,5,2,2022-04-27 09:08:34
1651050515451889000,70.0,1,69.9,89,70.1,5,2,2022-04-27 09:08:35
1651050515836934000,69.9,2,69.9,88,70.1,5,2,2022-04-27 09:08:35
1651050516009711000,69.9,1,69.9,87,70.1,5,2,2022-04-27 09:08:36
1651050516187918000,69.9,2,69.9,85,70.1,5,2,2022-04-27 09:08:36
1651050516384367000,70.1,1,69.9,85,70.1,8,1,2022-04-27 09:08:36
1651050518465915000,70.0,1,69.9,86,70.1,8,1,2022-04-27 09:08:38
1651050519564823000,70.0,1,69.9,90,70.1,6,2,2022-04-27 09:08:39
1651050519564823000,69.9,1,69.9,90,70.1,6,2,2022-04-27 09:08:39
1651050520542620000,69.9,8,69.9,82,70.0,20,2,2022-04-27 09:08:40
1651050520596850000,70.0,4,69.9,82,70.0,16,1,2022-04-27 09:08:40
1651050521099179000,69.9,2,69.9,80,70.0,17,2,2022-04-27 09:08:41
1651050521161634000,69.9,1,69.9,79,70.0,17,2,2022-04-27 09:08:41
1651050521403712000,69.9,2,69.9,77,70.0,17,2,2022-04-27 09:08:41
1651050521404767000,69.9,2,69.9,75,70.0,17,2,2022-04-27 09:08:41
1651050521436054000,69.9,10,69.9,65,70.0,17,2,2022-04-27 09:08:41
1651050521471350000,69.9,22,69.9,43,70.0,17,2,2022-04-27 09:08:41
1651050521503632000,69.9,12,69.9,31,70.0,17,2,2022-04-27 09:08:41
1651050521503935000,69.9,4,69.9,27,70.0,17,2,2022-04-27 09:08:41
1651050521533358000,69.9,1,69.9,26,70.0,17,2,2022-04-27 09:08:41
1651050522328072000,69.9,10,69.9,19,70.0,17,2,2022-04-27 09:08:42
1651050522338713000,70.0,1,69.9,19,70.0,16,1,2022-04-27 09:08:42
1651050522533570000,69.9,2,69.9,17,70.0,16,2,2022-04-27 09:08:42
1651050523340341000,69.9,2,69.9,16,70.0,17,2,2022-04-27 09:08:43
1651050523540889000,69.9,2,69.9,14,70.0,17,2,2022-04-27 09:08:43
1651050523566329000,69.9,4,69.9,10,70.0,17,2,2022-04-27 09:08:43
1651050523733609000,69.9,5,69.9,5,70.0,19,2,2022-04-27 09:08:43
1651050523741340000,69.9,2,69.9,3,70.0,19,2,2022-04-27 09:08:43
1651050523770558000,69.9,3,69.8,15,70.0,19,2,2022-04-27 09:08:43
1651050523835757000,70.0,1,69.8,15,70.0,18,1,2022-04-27 09:08:43
1651050524459715000,69.9,1,69.8,15,69.9,2,1,2022-04-27 09:08:44
1651050524861320000,69.9,1,69.8,15,69.9,13,1,2022-04-27 09:08:44
1651050525006780000,69.9,1,69.8,15,69.9,12,1,2022-04-27 09:08:45
1651050525354721000,69.8,15,69.7,6,69.9,12,2,2022-04-27 09:08:45
1651050525354721000,69.7,10,69.7,6,69.9,12,2,2022-04-27 09:08:45
1651050525557934000,69.7,6,69.6,24,69.8,1,2,2022-04-27 09:08:45
1651050525557934000,69.6,4,69.6,24,69.8,1,2,2022-04-27 09:08:45
1651050525584986000,69.8,1,69.6,24,69.9,3,1,2022-04-27 09:08:45
1651050525584986000,69.9,9,69.6,24,69.9,3,1,2022-04-27 09:08:45
1651050526085596000,69.6,1,69.6,23,69.8,12,2,2022-04-27 09:08:46
1651050526387288000,69.8,10,69.6,23,69.8,7,1,2022-04-27 09:08:46
1651050527041718000,69.6,1,69.6,22,69.7,5,2,2022-04-27 09:08:47
1651050527089130000,69.7,1,69.6,22,69.7,4,1,2022-04-27 09:08:47
1651050529615874000,69.6,1,69.6,21,69.7,25,2,2022-04-27 09:08:49
1651050530000731000,69.7,1,69.6,11,69.7,24,1,2022-04-27 09:08:50
1651050530497458000,69.6,1,69.6,10,69.7,24,2,2022-04-27 09:08:50
1651050531408827000,69.6,10,69.5,31,69.6,10,2,2022-04-27 09:08:51
1651050531451112000,69.5,1,69.5,30,69.6,10,2,2022-04-27 09:08:51
1651050532074861000,69.6,2,69.5,29,69.6,23,1,2022-04-27 09:08:52
1651050533013131000,69.5,5,69.5,24,69.6,10,2,2022-04-27 09:08:53
1651050533042630000,69.5,1,69.5,23,69.6,10,2,2022-04-27 09:08:53
1651050533043147000,69.5,1,69.5,22,69.6,10,2,2022-04-27 09:08:53
1651050533305399000,69.6,1,69.5,22,69.6,9,1,2022-04-27 09:08:53
1651050533461564000,69.5,5,69.5,17,69.6,9,2,2022-04-27 09:08:53
1651050533484560000,69.5,4,69.5,13,69.6,9,2,2022-04-27 09:08:53
1651050533508610000,69.5,1,69.5,12,69.6,9,2,2022-04-27 09:08:53
1651050533526047000,69.5,1,69.5,11,69.6,9,2,2022-04-27 09:08:53
1651050533539068000,69.5,1,69.5,10,69.6,9,2,2022-04-27 09:08:53
1651050533894651000,69.5,7,69.5,3,69.6,4,2,2022-04-27 09:08:53
1651050533967579000,69.5,2,69.5,1,69.6,4,2,2022-04-27 09:08:53
1651050534003110000,69.5,1,69.4,30,69.6,4,2,2022-04-27 09:08:54
1651050534601739000,69.4,1,69.4,29,69.6,4,2,2022-04-27 09:08:54
1651050534643508000,69.4,3,69.4,26,69.6,4,2,2022-04-27 09:08:54
1651050535161579000,69.4,14,69.4,12,69.6,6,2,2022-04-27 09:08:55
1651050535223668000,69.5,1,69.4,12,69.5,1,1,2022-04-27 09:08:55
1651050535684571000,69.4,1,69.4,11,69.5,4,2,2022-04-27 09:08:55
1651050536047857000,69.4,10,69.4,1,69.5,4,2,2022-04-27 09:08:56
1651050536077183000,69.4,1,69.3,10,69.5,4,2,2022-04-27 09:08:56
1651050536373069000,69.3,1,69.3,9,69.5,4,2,2022-04-27 09:08:56
1651050536422015000,69.3,4,69.3,5,69.5,4,2,2022-04-27 09:08:56
1651050536827280000,69.3,3,69.3,2,69.4,2,2,2022-04-27 09:08:56
1651050537763436000,69.3,1,69.3,3,69.4,3,2,2022-04-27 09:08:57
1651050537785348000,69.3,2,69.3,4,69.4,3,2,2022-04-27 09:08:57
1651050538607045000,69.3,1,69.3,3,69.4,5,2,2022-04-27 09:08:58
1651050538821862000,69.4,5,69.3,3,69.5,7,1,2022-04-27 09:08:58
1651050538884262000,69.3,1,69.3,2,69.4,2,2,2022-04-27 09:08:58
1651050538994441000,69.3,2,69.2,16,69.4,2,2,2022-04-27 09:08:58
1651050539040272000,69.3,1,69.2,16,69.5,7,1,2022-04-27 09:08:59
1651050539040272000,69.4,2,69.2,16,69.5,7,1,2022-04-27 09:08:59
1651050539568791000,69.2,5,69.2,11,69.4,1,2,2022-04-27 09:08:59
1651050539931310000,69.2,3,69.2,8,69.3,1,2,2022-04-27 09:08:59
1651050540759016000,69.3,1,69.3,2,69.4,1,1,2022-04-27 09:09:00
1651050540941551000,69.3,1,69.3,1,69.4,1,2,2022-04-27 09:09:00
1651050540972397000,69.3,1,69.2,8,69.4,1,2,2022-04-27 09:09:00
1651050541173123000,69.2,1,69.2,7,69.3,2,2,2022-04-27 09:09:01
1651050541323945000,69.3,1,69.2,7,69.3,1,1,2022-04-27 09:09:01
1651050541519000000,69.3,1,69.2,22,69.4,2,1,2022-04-27 09:09:01
1651050541645738000,69.2,2,69.2,20,69.4,2,2,2022-04-27 09:09:01
1651050542960722000,69.3,1,69.3,18,69.4,3,2,2022-04-27 09:09:02
1651050543407132000,69.3,1,69.3,17,69.4,3,2,2022-04-27 09:09:03
1651050543554273000,69.3,2,69.3,15,69.4,3,2,2022-04-27 09:09:03
1651050543591286000,69.3,1,69.3,14,69.4,3,2,2022-04-27 09:09:03
1651050543945248000,69.3,1,69.3,13,69.4,3,2,2022-04-27 09:09:03
1651050544062159000,69.3,1,69.3,12,69.4,3,2,2022-04-27 09:09:04
1651050545336265000,69.4,2,69.3,12,69.4,2,1,2022-04-27 09:09:05
1651050545760511000,69.3,5,69.3,7,69.4,2,2,2022-04-27 09:09:05
1651050546195842000,69.3,1,69.3,6,69.4,4,2,2022-04-27 09:09:06
1651050546890446000,69.3,3,69.3,4,69.4,4,2,2022-04-27 09:09:06
1651050547657383000,69.4,3,69.3,5,69.4,1,1,2022-04-27 09:09:07
1651050548316045000,69.3,5,69.3,2,69.4,1,2,2022-04-27 09:09:08
1651050548334933000,69.3,2,69.2,9,69.4,1,2,2022-04-27 09:09:08
1651050548334933000,69.2,10,69.2,9,69.4,1,2,2022-04-27 09:09:08
1651050548743826000,69.3,1,69.2,9,69.4,1,2,2022-04-27 09:09:08
1651050549639754000,69.3,1,69.2,9,69.4,3,2,2022-04-27 09:09:09
1651050550069242000,69.2,5,69.2,4,69.3,3,2,2022-04-27 09:09:10
1651050550538855000,69.3,3,69.2,4,69.3,5,1,2022-04-27 09:09:10
1651050551705707000,69.2,1,69.2,13,69.3,6,2,2022-04-27 09:09:11
1651050552290897000,69.3,1,69.2,13,69.3,5,1,2022-04-27 09:09:12
1651050553012463000,69.2,10,69.2,3,69.3,6,2,2022-04-27 09:09:13
1651050553049757000,69.2,1,69.2,2,69.3,6,2,2022-04-27 09:09:13
1651050553055203000,69.3,1,69.2,2,69.3,5,1,2022-04-27 09:09:13
1651050553093626000,69.2,1,69.2,1,69.3,5,2,2022-04-27 09:09:13
1651050553684750000,69.3,1,69.2,1,69.3,4,1,2022-04-27 09:09:13
1651050553703211000,69.2,1,69.1,18,69.3,4,2,2022-04-27 09:09:13
1651050555067852000,69.2,1,69.2,5,69.3,5,2,2022-04-27 09:09:15
1651050555336513000,69.2,2,69.2,3,69.3,6,2,2022-04-27 09:09:15
1651050555520466000,69.2,1,69.2,2,69.3,6,2,2022-04-27 09:09:15
1651050555553582000,69.2,1,69.2,1,69.3,6,2,2022-04-27 09:09:15
1651050556858660000,69.2,1,69.1,18,69.3,6,2,2022-04-27 09:09:16
1651050557279572000,69.1,2,69.1,14,69.3,8,2,2022-04-27 09:09:17
1651050557816947000,69.2,2,69.0,8,69.3,6,2,2022-04-27 09:09:17
1651050557816947000,69.1,14,69.0,8,69.3,6,2,2022-04-27 09:09:17
1651050557816947000,69.0,4,69.0,8,69.3,6,2,2022-04-27 09:09:17
1651050559467138000,69.0,5,69.0,5,69.2,10,2,2022-04-27 09:09:19
1651050559670397000,69.0,1,69.0,4,69.1,1,2,2022-04-27 09:09:19
1651050559846105000,69.1,1,69.0,4,69.2,9,1,2022-04-27 09:09:19
1651050559846105000,69.2,1,69.0,4,69.2,9,1,2022-04-27 09:09:19
1651050560765124000,69.0,1,69.0,3,69.2,9,2,2022-04-27 09:09:20
1651050560802040000,69.0,3,68.9,9,69.2,9,2,2022-04-27 09:09:20
1651050560802040000,68.9,2,68.9,9,69.2,9,2,2022-04-27 09:09:20
1651050560931197000,68.9,1,68.9,8,69.0,5,2,2022-04-27 09:09:20
1651050561200547000,68.9,1,68.9,7,69.0,5,2,2022-04-27 09:09:21
1651050561405995000,68.9,2,68.9,5,69.0,5,2,2022-04-27 09:09:21
1651050561888093000,69.0,1,68.9,5,69.0,7,1,2022-04-27 09:09:21
1651050562176266000,68.9,1,68.9,4,69.0,7,2,2022-04-27 09:09:22
1651050562212912000,69.0,1,68.9,4,69.0,6,1,2022-04-27 09:09:22
1651050562420032000,69.0,1,68.9,4,69.0,6,1,2022-04-27 09:09:22
1651050562433844000,68.9,3,68.9,1,69.0,6,2,2022-04-27 09:09:22
1651050562517929000,68.9,1,68.8,5,69.0,6,2,2022-04-27 09:09:22
1651050562571336000,68.8,1,68.8,4,69.0,8,2,2022-04-27 09:09:22
1651050562617509000,68.8,2,68.8,2,69.0,8,2,2022-04-27 09:09:22
1651050563561321000,68.8,2,68.7,12,68.9,2,2,2022-04-27 09:09:23
1651050563561321000,68.7,2,68.7,12,68.9,2,2,2022-04-27 09:09:23
1651050564525674000,68.7,2,68.7,12,68.8,1,2,2022-04-27 09:09:24
1651050564881785000,68.8,1,68.7,13,69.0,7,1,2022-04-27 09:09:24
1651050565268661000,68.8,1,68.8,1,69.0,7,2,2022-04-27 09:09:25
1651050565348350000,68.8,1,68.7,10,69.0,7,2,2022-04-27 09:09:25
1651050565348350000,68.7,3,68.7,10,69.0,7,2,2022-04-27 09:09:25
1651050565668442000,68.7,10,68.6,1,68.8,1,2,2022-04-27 09:09:25
1651050565739493000,68.7,2,68.6,1,68.8,1,1,2022-04-27 09:09:25
1651050565911777000,68.8,1,68.6,1,69.0,8,1,2022-04-27 09:09:25
1651050566012488000,68.6,1,68.5,26,69.0,10,2,2022-04-27 09:09:26
1651050567126190000,68.8,1,68.8,1,68.9,1,2,2022-04-27 09:09:27
1651050567562449000,68.8,1,68.8,1,69.0,8,2,2022-04-27 09:09:27
1651050567897748000,69.0,1,68.8,1,69.0,9,1,2022-04-27 09:09:27
1651050567939234000,68.8,1,68.7,1,69.0,9,2,2022-04-27 09:09:27
1651050568073447000,69.0,1,68.7,1,69.0,8,1,2022-04-27 09:09:28
1651050568635457000,69.0,1,68.7,1,69.0,7,1,2022-04-27 09:09:28
1651050568858061000,69.0,2,68.8,1,69.0,5,1,2022-04-27 09:09:28
1651050572318391000,69.0,2,68.9,1,69.0,8,1,2022-04-27 09:09:32
1651050573599833000,69.0,2,68.9,3,69.0,6,1,2022-04-27 09:09:33
1651050574092939000,69.0,1,68.9,4,69.0,5,1,2022-04-27 09:09:34
1651050574289207000,68.9,2,68.9,2,69.0,5,2,2022-04-27 09:09:34
1651050575003310000,68.9,1,68.9,3,69.0,5,2,2022-04-27 09:09:35
1651050575161659000,69.0,6,68.9,3,69.2,5,1,2022-04-27 09:09:35
1651050575161659000,69.2,4,68.9,3,69.2,5,1,2022-04-27 09:09:35
1651050575872335000,69.0,1,68.8,9,69.2,5,2,2022-04-27 09:09:35
1651050575872335000,68.9,4,68.8,9,69.2,5,2,2022-04-27 09:09:35
1651050576636259000,69.0,1,69.0,1,69.2,5,2,2022-04-27 09:09:36
1651050576801490000,69.0,1,68.9,1,69.2,5,2,2022-04-27 09:09:36
1651050578464385000,69.0,2,68.9,7,69.0,1,2,2022-04-27 09:09:38
1651050578500486000,69.0,1,68.9,7,69.2,5,1,2022-04-27 09:09:38
1651050578665649000,68.9,5,68.9,2,69.2,5,2,2022-04-27 09:09:38
1651050580030721000,68.9,3,68.8,7,69.0,1,2,2022-04-27 09:09:40
1651050580054515000,69.0,1,68.8,7,69.2,7,1,2022-04-27 09:09:40
1651050581797406000,69.0,2,69.0,3,69.2,7,2,2022-04-27 09:09:41
1651050583145596000,69.2,3,69.0,4,69.2,4,1,2022-04-27 09:09:43
1651050583908220000,69.0,1,69.0,6,69.2,4,2,2022-04-27 09:09:43
1651050588754725000,69.1,2,69.0,14,69.1,1,1,2022-04-27 09:09:48
1651050588872917000,69.0,2,69.0,12,69.1,1,2,2022-04-27 09:09:48
1651050589447727000,69.0,1,69.0,11,69.1,1,2,2022-04-27 09:09:49
1651050592305243000,69.1,1,69.0,17,69.2,5,1,2022-04-27 09:09:52
1651050595252656000,69.1,1,69.1,1,69.2,4,2,2022-04-27 09:09:55
1651050597380834000,69.1,2,69.0,9,69.2,4,2,2022-04-27 09:09:57
1651050597380834000,69.0,8,69.0,9,69.2,4,2,2022-04-27 09:09:57
1651050598151032000,69.1,1,69.0,9,69.2,4,2,2022-04-27 09:09:58
1651050600130458000,69.1,1,69.0,12,69.1,4,1,2022-04-27 09:10:00
1651050601183631000,69.1,1,69.0,12,69.1,4,1,2022-04-27 09:10:01
1651050601388153000,69.0,10,69.0,2,69.1,4,2,2022-04-27 09:10:01
1651050601450891000,69.1,2,69.0,2,69.1,2,1,2022-04-27 09:10:01
1651050601916956000,69.0,1,69.0,2,69.1,2,2,2022-04-27 09:10:01
1651050602852354000,69.1,1,69.0,2,69.1,1,1,2022-04-27 09:10:02
1651050602951886000,69.0,2,68.9,3,69.1,1,2,2022-04-27 09:10:02
1651050602951886000,68.9,3,68.9,3,69.1,1,2,2022-04-27 09:10:02
1651050603019548000,69.1,1,68.9,3,69.2,6,1,2022-04-27 09:10:03
1651050603086187000,68.9,2,68.9,1,69.2,8,2,2022-04-27 09:10:03
1651050605044483000,68.9,1,68.8,11,69.0,2,2,2022-04-27 09:10:05
1651050605207453000,69.0,1,68.8,11,69.0,1,1,2022-04-27 09:10:05
1651050606647596000,68.8,2,68.8,9,69.0,3,2,2022-04-27 09:10:06
1651050606843708000,68.8,2,68.8,7,69.0,5,2,2022-04-27 09:10:06
1651050607384513000,68.8,1,68.8,6,69.0,6,2,2022-04-27 09:10:07
1651050608461955000,68.9,1,68.8,6,69.0,7,2,2022-04-27 09:10:08
1651050610743026000,68.8,1,68.8,8,68.9,1,2,2022-04-27 09:10:10
1651050610819530000,68.8,2,68.8,6,68.9,1,2,2022-04-27 09:10:10
1651050611019236000,68.8,6,68.6,12,68.9,1,2,2022-04-27 09:10:11
1651050611019236000,68.7,10,68.6,12,68.9,1,2,2022-04-27 09:10:11
1651050611019236000,68.6,4,68.6,12,68.9,1,2,2022-04-27 09:10:11
1651050611050200000,68.8,1,68.6,12,68.9,3,1,2022-04-27 09:10:11
1651050611487039000,68.6,1,68.6,14,68.8,3,2,2022-04-27 09:10:11
1651050612595750000,68.8,1,68.6,15,68.8,2,1,2022-04-27 09:10:12
1651050614797468000,68.8,1,68.6,14,68.9,4,2,2022-04-27 09:10:14
1651050614797468000,68.6,1,68.6,14,68.9,4,2,2022-04-27 09:10:14
1651050615906617000,68.8,1,68.6,14,68.8,10,1,2022-04-27 09:10:15
1651050618753861000,68.6,10,68.6,8,68.8,11,2,2022-04-27 09:10:18
1651050619487932000,68.6,1,68.6,7,68.8,13,2,2022-04-27 09:10:19
1651050620200864000,68.7,2,68.6,7,68.8,12,2,2022-04-27 09:10:20
1651050620274391000,68.6,6,68.6,1,68.7,1,2,2022-04-27 09:10:20
1651050620309106000,68.6,1,68.5,32,68.7,1,2,2022-04-27 09:10:20
1651050621290609000,68.6,2,68.5,32,68.6,4,2,2022-04-27 09:10:21
1651050621325463000,68.5,10,68.5,22,68.6,4,2,2022-04-27 09:10:21
1651050621396799000,68.5,1,68.5,21,68.6,4,2,2022-04-27 09:10:21
1651050621429144000,68.6,1,68.5,21,68.6,3,1,2022-04-27 09:10:21
1651050621438570000,68.5,2,68.5,19,68.6,3,2,2022-04-27 09:10:21
1651050621842566000,68.5,1,68.5,18,68.6,5,2,2022-04-27 09:10:21
1651050623986293000,68.5,1,68.5,19,68.6,5,2,2022-04-27 09:10:23
1651050624362837000,68.5,2,68.5,17,68.6,5,2,2022-04-27 09:10:24
1651050624734813000,68.5,1,68.5,16,68.6,5,2,2022-04-27 09:10:24
1651050624783979000,68.5,1,68.5,15,68.6,5,2,2022-04-27 09:10:24
1651050625201052000,68.5,2,68.5,13,68.6,5,2,2022-04-27 09:10:25
1651050625258666000,68.6,2,68.5,13,68.6,3,1,2022-04-27 09:10:25
1651050625396798000,68.5,1,68.5,12,68.6,3,2,2022-04-27 09:10:25
1651050626068006000,68.5,1,68.5,11,68.6,3,2,2022-04-27 09:10:26
1651050626142783000,68.5,1,68.5,10,68.6,3,2,2022-04-27 09:10:26
1651050626370804000,68.5,7,68.5,3,68.6,3,2,2022-04-27 09:10:26
1651050626415860000,68.5,1,68.5,2,68.6,3,2,2022-04-27 09:10:26
1651050626509379000,68.6,2,68.5,2,68.6,1,1,2022-04-27 09:10:26
1651050626648365000,68.5,1,68.5,1,68.6,1,2,2022-04-27 09:10:26
1651050626786791000,68.5,1,68.4,21,68.6,1,2,2022-04-27 09:10:26
1651050627009047000,68.4,1,68.4,20,68.6,1,2,2022-04-27 09:10:27
1651050627211556000,68.4,1,68.4,19,68.6,1,2,2022-04-27 09:10:27
1651050627407795000,68.6,1,68.4,19,68.8,12,1,2022-04-27 09:10:27
1651050627407795000,68.7,2,68.4,19,68.8,12,1,2022-04-27 09:10:27
1651050627407795000,68.8,2,68.4,19,68.8,12,1,2022-04-27 09:10:27
1651050627795276000,68.4,1,68.4,18,68.7,3,2,2022-04-27 09:10:27
1651050628380726000,68.6,2,68.4,10,68.7,3,2,2022-04-27 09:10:28
1651050628380726000,68.4,1,68.4,10,68.7,3,2,2022-04-27 09:10:28
1651050629611626000,68.5,5,68.5,22,68.7,3,2,2022-04-27 09:10:29
1651050629844670000,68.6,1,68.5,22,68.7,3,1,2022-04-27 09:10:29
1651050630002535000,68.5,2,68.5,20,68.7,3,2,2022-04-27 09:10:30
1651050630370068000,68.5,1,68.5,19,68.7,4,2,2022-04-27 09:10:30
1651050631768850000,68.6,1,68.6,9,68.7,6,2,2022-04-27 09:10:31
1651050632600300000,68.6,2,68.6,7,68.7,6,2,2022-04-27 09:10:32
1651050634093452000,68.6,1,68.6,7,68.7,6,2,2022-04-27 09:10:34
1651050634433995000,68.6,1,68.6,6,68.7,6,2,2022-04-27 09:10:34
1651050635110673000,68.7,1,68.6,30,68.7,5,1,2022-04-27 09:10:35
1651050635536637000,68.7,2,68.6,30,68.7,3,1,2022-04-27 09:10:35
1651050635569215000,68.7,3,68.6,30,68.8,14,1,2022-04-27 09:10:35
1651050635599963000,68.8,14,68.6,30,68.9,1,1,2022-04-27 09:10:35
1651050635940444000,68.7,1,68.7,6,68.9,1,2,2022-04-27 09:10:35
1651050636454928000,68.7,2,68.7,5,68.9,1,2,2022-04-27 09:10:36
1651050636832371000,68.7,1,68.7,5,68.9,2,2,2022-04-27 09:10:36
1651050637373267000,68.7,2,68.7,3,68.9,1,2,2022-04-27 09:10:37
1651050637585785000,68.7,1,68.7,2,68.9,1,2,2022-04-27 09:10:37
1651050638133459000,68.8,2,68.6,30,68.9,1,2,2022-04-27 09:10:38
1651050638133459000,68.7,3,68.6,30,68.9,1,2,2022-04-27 09:10:38
1651050638272044000,68.6,1,68.6,29,68.9,1,2,2022-04-27 09:10:38
1651050639272042000,68.9,1,68.8,2,69.0,5,1,2022-04-27 09:10:39
1651050639607160000,69.0,2,68.8,3,69.0,3,1,2022-04-27 09:10:39
1651050640600769000,68.9,1,68.8,3,69.0,3,2,2022-04-27 09:10:40
1651050640600769000,68.8,1,68.8,3,69.0,3,2,2022-04-27 09:10:40
1651050641290763000,69.0,1,68.8,3,69.0,3,1,2022-04-27 09:10:41
1651050642509818000,69.0,2,68.9,4,69.2,2,1,2022-04-27 09:10:42
1651050642509818000,69.1,4,68.9,4,69.2,2,1,2022-04-27 09:10:42
1651050642509818000,69.2,4,68.9,4,69.2,2,1,2022-04-27 09:10:42
1651050642553182000,69.2,2,68.9,4,69.3,2,1,2022-04-27 09:10:42
1651050642817022000,69.3,1,69.0,1,69.3,3,1,2022-04-27 09:10:42
1651050643785057000,69.0,1,68.9,6,69.3,3,2,2022-04-27 09:10:43
1651050645638029000,69.2,1,69.0,2,69.3,3,1,2022-04-27 09:10:45
1651050647266254000,69.2,1,69.0,4,69.3,1,2,2022-04-27 09:10:47
1651050647266254000,69.0,4,69.0,4,69.3,1,2,2022-04-27 09:10:47
1651050648021271000,69.1,1,69.1,19,69.3,1,2,2022-04-27 09:10:48
1651050650217686000,69.3,1,69.3,1,69.4,4,1,2022-04-27 09:10:50
1651050651914046000,69.4,4,69.4,6,69.5,19,1,2022-04-27 09:10:51
1651050652636089000,69.5,10,69.4,6,69.5,9,1,2022-04-27 09:10:52
1651050652666991000,69.5,6,69.4,6,69.5,3,1,2022-04-27 09:10:52
1651050653400628000,69.4,1,69.4,5,69.5,3,2,2022-04-27 09:10:53
1651050654718151000,69.5,1,69.4,5,69.5,1,1,2022-04-27 09:10:54
1651050654932569000,69.5,1,69.4,5,69.8,4,1,2022-04-27 09:10:54
1651050654932569000,69.7,4,69.4,5,69.8,4,1,2022-04-27 09:10:54
1651050654932569000,69.8,6,69.4,5,69.8,4,1,2022-04-27 09:10:54
1651050655473519000,69.5,1,69.4,5,69.7,2,2,2022-04-27 09:10:55
1651050656113006000,69.4,2,69.4,3,69.7,2,2,2022-04-27 09:10:56
1651050656214149000,69.7,2,69.4,3,69.8,2,1,2022-04-27 09:10:56
1651050657144901000,69.8,3,69.5,8,69.8,3,1,2022-04-27 09:10:57
1651050661988029000,69.6,1,69.5,16,69.8,8,2,2022-04-27 09:11:01
1651050662854670000,69.7,1,69.6,1,69.7,3,1,2022-04-27 09:11:02
1651050664368777000,69.7,1,69.6,3,69.7,2,1,2022-04-27 09:11:04
1651050664526336000,69.7,2,69.6,3,69.8,8,1,2022-04-27 09:11:04
1651050664526336000,69.8,2,69.6,3,69.8,8,1,2022-04-27 09:11:04
1651050664917373000,69.6,1,69.6,2,69.8,10,2,2022-04-27 09:11:04
1651050665769762000,69.6,2,69.5,16,69.7,7,2,2022-04-27 09:11:05
1651050666206373000,69.7,7,69.5,8,69.7,1,1,2022-04-27 09:11:06
1651050666820632000,69.5,1,69.5,7,69.7,2,2,2022-04-27 09:11:06
1651050667481460000,69.5,2,69.5,5,69.6,1,2,2022-04-27 09:11:07
1651050667826573000,69.6,2,69.5,5,69.7,9,1,2022-04-27 09:11:07
1651050668148287000,69.6,1,69.5,5,69.6,1,1,2022-04-27 09:11:08
1651050668166139000,69.5,2,69.5,3,69.6,1,2,2022-04-27 09:11:08
1651050669696452000,69.6,1,69.5,3,69.7,9,1,2022-04-27 09:11:09
1651050670140708000,69.5,3,69.4,7,69.5,2,2,2022-04-27 09:11:10
1651050670165809000,69.5,1,69.4,7,69.5,1,1,2022-04-27 09:11:10
1651050670861118000,69.5,1,69.4,7,69.7,9,1,2022-04-27 09:11:10
1651050671157999000,69.7,1,69.4,7,69.7,8,1,2022-04-27 09:11:11
1651050673403336000,69.6,1,69.6,2,69.7,6,2,2022-04-27 09:11:13
1651050674002896000,69.6,1,69.6,1,69.7,6,2,2022-04-27 09:11:14
1651050674042958000,69.6,1,69.5,1,69.7,6,2,2022-04-27 09:11:14
1651050674157843000,69.5,1,69.5,1,69.7,4,2,2022-04-27 09:11:14
1651050674444200000,69.7,1,69.5,1,69.7,3,1,2022-04-27 09:11:14
1651050675463877000,69.7,1,69.5,1,69.7,3,1,2022-04-27 09:11:15
1651050676956254000,69.6,1,69.4,7,69.5,1,2,2022-04-27 09:11:16
1651050676956254000,69.5,1,69.4,7,69.5,1,2,2022-04-27 09:11:16
1651050678639884000,69.5,1,69.4,7,69.6,5,1,2022-04-27 09:11:18
1651050678822161000,69.6,1,69.4,7,69.6,6,1,2022-04-27 09:11:18
1651050679977815000,69.4,2,69.4,4,69.6,6,2,2022-04-27 09:11:19
1651050680328350000,69.5,1,69.4,5,69.6,6,2,2022-04-27 09:11:20
1651050681105526000,69.6,3,69.4,6,69.6,1,1,2022-04-27 09:11:21
1651050681819107000,69.5,2,69.5,2,69.6,1,2,2022-04-27 09:11:21
1651050683876307000,69.6,3,69.5,6,69.7,12,1,2022-04-27 09:11:23
1651050683876307000,69.7,7,69.5,6,69.7,12,1,2022-04-27 09:11:23
1651050685514512000,69.5,1,69.5,6,69.6,3,2,2022-04-27 09:11:25
1651050685542338000,69.5,1,69.5,5,69.6,3,2,2022-04-27 09:11:25
1651050686905749000,69.6,1,69.5,5,69.6,2,1,2022-04-27 09:11:26
1651050686942746000,69.5,5,69.4,20,69.6,2,2,2022-04-27 09:11:26
1651050687136695000,69.4,1,69.4,19,69.6,4,2,2022-04-27 09:11:27
1651050687139940000,69.4,2,69.4,17,69.6,4,2,2022-04-27 09:11:27
1651050687382330000,69.5,2,69.4,17,69.6,4,2,2022-04-27 09:11:27
1651050688538804000,69.4,3,69.4,16,69.5,1,2,2022-04-27 09:11:28
1651050689227870000,69.4,1,69.4,15,69.5,1,2,2022-04-27 09:11:29
1651050689442192000,69.5,1,69.4,15,69.6,2,1,2022-04-27 09:11:29
1651050690060668000,69.5,5,69.4,15,69.6,2,1,2022-04-27 09:11:30
1651050690920350000,69.4,1,69.4,14,69.6,7,2,2022-04-27 09:11:30
1651050691355101000,69.4,10,69.4,4,69.6,7,2,2022-04-27 09:11:31
1651050691389614000,69.4,4,69.3,12,69.6,7,2,2022-04-27 09:11:31
1651050692398550000,69.4,1,69.3,12,69.5,4,2,2022-04-27 09:11:32
1651050693428280000,69.5,2,69.3,12,69.5,4,1,2022-04-27 09:11:33
1651050695313820000,69.4,1,69.3,12,69.5,10,1,2022-04-27 09:11:35
1651050695313820000,69.5,1,69.3,12,69.5,10,1,2022-04-27 09:11:35
1651050695954593000,69.3,1,69.3,11,69.5,10,2,2022-04-27 09:11:35
1651050696310710000,69.4,1,69.3,11,69.5,10,2,2022-04-27 09:11:36
1651050696805806000,69.3,1,69.3,10,69.4,1,2,2022-04-27 09:11:36
1651050696808999000,69.3,1,69.3,9,69.4,1,2,2022-04-27 09:11:36
1651050696811540000,69.3,1,69.3,8,69.4,1,2,2022-04-27 09:11:36
1651050696852224000,69.3,1,69.3,7,69.4,1,2,2022-04-27 09:11:36
1651050698173176000,69.3,2,69.3,5,69.4,9,2,2022-04-27 09:11:38
1651050698198068000,69.3,3,69.3,2,69.4,9,2,2022-04-27 09:11:38
1651050698237659000,69.3,2,69.2,25,69.4,9,2,2022-04-27 09:11:38
1651050698697377000,69.3,1,69.3,1,69.4,9,2,2022-04-27 09:11:38
1651050700121277000,69.4,1,69.3,3,69.4,9,1,2022-04-27 09:11:40
1651050702660351000,69.3,3,69.3,1,69.4,10,2,2022-04-27 09:11:42
1651050702988403000,69.4,1,69.3,1,69.4,9,1,2022-04-27 09:11:42
1651050703045997000,69.4,4,69.3,1,69.4,5,1,2022-04-27 09:11:43
1651050708140356000,69.3,2,69.3,13,69.4,6,2,2022-04-27 09:11:48
1651050708370369000,69.4,1,69.3,13,69.4,5,1,2022-04-27 09:11:48
1651050709390127000,69.3,1,69.3,12,69.4,7,2,2022-04-27 09:11:49
1651050709972397000,69.4,1,69.3,14,69.4,7,1,2022-04-27 09:11:49
1651050710820642000,69.4,3,69.3,16,69.4,5,1,2022-04-27 09:11:50
1651050712140278000,69.4,3,69.3,16,69.4,1,1,2022-04-27 09:11:52
1651050712168188000,69.3,1,69.3,15,69.4,1,2,2022-04-27 09:11:52
1651050713673889000,69.4,1,69.3,15,69.4,5,1,2022-04-27 09:11:53
1651050713712114000,69.3,1,69.3,14,69.4,5,2,2022-04-27 09:11:53
1651050713764542000,69.4,1,69.3,14,69.4,4,1,2022-04-27 09:11:53
1651050715251012000,69.3,2,69.3,12,69.4,4,2,2022-04-27 09:11:55
1651050715293352000,69.3,1,69.3,11,69.4,4,2,2022-04-27 09:11:55
1651050715717994000,69.3,1,69.3,10,69.4,4,2,2022-04-27 09:11:55
1651050716188005000,69.3,1,69.3,9,69.4,4,2,2022-04-27 09:11:56
1651050716396201000,69.3,9,69.2,25,69.3,1,2,2022-04-27 09:11:56
1651050718875508000,69.3,1,69.3,3,69.4,7,1,2022-04-27 09:11:58
1651050718917341000,69.3,1,69.3,2,69.4,7,2,2022-04-27 09:11:58
1651050719760521000,69.3,1,69.3,1,69.4,7,2,2022-04-27 09:11:59
1651050719782351000,69.3,1,69.2,25,69.4,7,2,2022-04-27 09:11:59
1651050720356632000,69.2,2,69.2,23,69.3,2,2,2022-04-27 09:12:00
1651050721160238000,69.2,1,69.2,22,69.3,2,2,2022-04-27 09:12:01
1651050721593379000,69.3,2,69.2,22,69.4,7,1,2022-04-27 09:12:01
1651050722963793000,69.3,3,69.2,22,69.3,1,1,2022-04-27 09:12:02
1651050723219727000,69.3,1,69.2,22,69.4,7,1,2022-04-27 09:12:03
1651050727773753000,69.3,1,69.3,2,69.4,8,2,2022-04-27 09:12:07
1651050731427912000,69.3,1,69.3,7,69.4,19,2,2022-04-27 09:12:11
1651050731968414000,69.3,1,69.3,14,69.4,30,2,2022-04-27 09:12:11
1651050732534460000,69.3,14,69.2,24,69.4,30,2,2022-04-27 09:12:12
1651050733322497000,69.2,1,69.2,23,69.3,4,2,2022-04-27 09:12:13
1651050737357510000,69.2,3,69.2,20,69.3,9,2,2022-04-27 09:12:17
1651050739375213000,69.2,3,69.2,17,69.3,9,2,2022-04-27 09:12:19
1651050739900590000,69.2,1,69.2,16,69.3,9,2,2022-04-27 09:12:19
1651050740144190000,69.2,1,69.2,15,69.3,9,2,2022-04-27 09:12:20
1651050740203131000,69.2,1,69.2,14,69.3,9,2,2022-04-27 09:12:20
1651050740313901000,69.2,1,69.2,13,69.3,9,2,2022-04-27 09:12:20
1651050740699834000,69.2,7,69.2,6,69.3,9,2,2022-04-27 09:12:20
1651050740723850000,69.2,3,69.2,3,69.3,9,2,2022-04-27 09:12:20
1651050740927172000,69.2,1,69.2,2,69.3,9,2,2022-04-27 09:12:20
1651050741234165000,69.2,1,69.2,1,69.3,10,2,2022-04-27 09:12:21
1651050741253120000,69.2,1,69.1,1,69.3,10,2,2022-04-27 09:12:21
1651050741524616000,69.2,1,69.2,1,69.3,10,1,2022-04-27 09:12:21
1651050741571877000,69.2,1,69.1,1,69.3,10,2,2022-04-27 09:12:21
1651050742126261000,69.1,1,69.0,2,69.2,1,2,2022-04-27 09:12:22
1651050743155865000,69.0,1,69.0,1,69.2,6,2,2022-04-27 09:12:23
1651050743253157000,69.2,1,69.0,1,69.2,5,1,2022-04-27 09:12:23
1651050750552828000,69.2,1,69.1,2,69.2,6,1,2022-04-27 09:12:30
1651050750827196000,69.2,3,69.1,2,69.2,3,1,2022-04-27 09:12:30
1651050750872882000,69.1,1,69.1,1,69.2,3,2,2022-04-27 09:12:30
1651050751300727000,69.1,1,69.0,2,69.2,3,2,2022-04-27 09:12:31
1651050752208247000,69.2,3,69.0,3,69.3,9,1,2022-04-27 09:12:32
1651050754130876000,69.0,1,69.0,2,69.3,9,2,2022-04-27 09:12:34
1651050759543995000,69.1,1,69.1,2,69.2,3,2,2022-04-27 09:12:39
1651050759569900000,69.1,2,69.0,5,69.2,3,2,2022-04-27 09:12:39
