ts,close,volume,bid_price,bid_volume,ask_price,ask_volume,tick_type,datetime
1651050130324939000,32.6,399,32.6,55,32.65,12,2,2022-04-27 09:02:10
1651050131802764000,32.6,2,32.6,54,32.65,28,2,2022-04-27 09:02:11
1651050132876934000,32.65,5,32.6,54,32.65,23,1,2022-04-27 09:02:12
1651050133850337000,32.65,1,32.6,54,32.65,22,1,2022-04-27 09:02:13
1651050134844342000,32.65,1,32.6,55,32.65,22,1,2022-04-27 09:02:14
1651050135181682000,32.6,2,32.6,53,32.65,22,2,2022-04-27 09:02:15
1651050136724918000,32.6,9,32.6,44,32.65,37,2,2022-04-27 09:02:16
1651050139231517000,32.6,7,32.6,39,32.65,37,2,2022-04-27 09:02:19
1651050140019979000,32.6,16,32.6,23,32.65,37,2,2022-04-27 09:02:20
1651050140056965000,32.6,23,32.55,36,32.65,37,2,2022-04-27 09:02:20
1651050140860769000,32.65,37,32.55,36,32.8,4,1,2022-04-27 09:02:20
1651050140907970000,32.8,4,32.65,37,32.85,14,1,2022-04-27 09:02:20
1651050144460542000,32.75,5,32.65,51,32.8,4,1,2022-04-27 09:02:24
1651050148736082000,32.7,2,32.7,7,32.8,9,2,2022-04-27 09:02:28
1651050148759315000,32.8,1,32.7,7,32.8,8,1,2022-04-27 09:02:28
1651050150872002000,32.7,8,32.65,13,32.8,8,2,2022-04-27 09:02:30
1651050151093379000,32.8,1,32.65,13,32.8,7,1,2022-04-27 09:02:31
1651050151982141000,32.75,1,32.7,2,32.75,4,2,2022-04-27 09:02:31
1651050152262848000,32.7,1,32.7,1,32.75,4,2,2022-04-27 09:02:32
1651050152322496000,32.7,1,32.65,11,32.75,4,2,2022-04-27 09:02:32
1651050152322496000,32.65,2,32.65,11,32.75,4,2,2022-04-27 09:02:32
1651050152740236000,32.7,1,32.65,3,32.8,2,1,2022-04-27 09:02:32
1651050152740236000,32.75,4,32.65,3,32.8,2,1,2022-04-27 09:02:32
1651050152740236000,32.8,3,32.65,3,32.8,2,1,2022-04-27 09:02:32
1651050153527378000,32.8,2,32.7,5,32.85,14,1,2022-04-27 09:02:33
1651050155006596000,32.75,1,32.7,7,32.85,14,2,2022-04-27 09:02:35
1651050156253968000,32.7,1,32.7,6,32.85,14,2,2022-04-27 09:02:36
1651050156711126000,32.85,3,32.7,6,32.85,11,1,2022-04-27 09:02:36
1651050158500504000,32.8,1,32.8,9,32.85,11,2,2022-04-27 09:02:38
1651050160792196000,32.85,11,32.85,9,32.95,2,1,2022-04-27 09:02:40
1651050168489447000,32.85,1,32.85,12,32.9,10,2,2022-04-27 09:02:48
1651050170302457000,32.85,1,32.85,12,32.9,10,2,2022-04-27 09:02:50
1651050170473436000,32.9,5,32.85,12,32.9,5,1,2022-04-27 09:02:50
1651050173036447000,32.85,1,32.85,11,32.9,5,2,2022-04-27 09:02:53
1651050176117375000,32.85,1,32.85,9,32.9,7,2,2022-04-27 09:02:56
1651050177483286000,32.9,3,32.85,9,32.9,4,1,2022-04-27 09:02:57
1651050180251686000,32.85,2,32.85,10,32.9,4,2,2022-04-27 09:03:00
1651050180487935000,32.9,2,32.85,10,32.9,2,1,2022-04-27 09:03:00
1651050181102353000,32.9,2,32.85,21,32.95,2,1,2022-04-27 09:03:01
1651050181147035000,32.95,1,32.85,21,32.95,1,1,2022-04-27 09:03:01
1651050181408837000,32.9,3,32.85,21,32.9,7,2,2022-04-27 09:03:01
1651050181850538000,32.9,5,32.85,21,32.9,2,1,2022-04-27 09:03:01
1651050182533709000,32.9,2,32.85,21,32.95,1,1,2022-04-27 09:03:02
1651050187298658000,32.9,11,32.85,27,32.95,51,2,2022-04-27 09:03:07
1651050188026182000,32.85,1,32.85,26,32.95,53,2,2022-04-27 09:03:08
1651050188373015000,32.95,2,32.85,26,32.95,51,1,2022-04-27 09:03:08
1651050190039034000,32.85,1,32.85,26,32.9,5,2,2022-04-27 09:03:10
1651050191144095000,32.85,1,32.85,25,32.9,5,2,2022-04-27 09:03:11
1651050191172183000,32.85,25,32.8,31,32.9,5,2,2022-04-27 09:03:11
1651050192186463000,32.9,3,32.8,31,32.9,2,1,2022-04-27 09:03:12
1651050193946406000,32.8,31,32.75,2,32.9,12,2,2022-04-27 09:03:13
1651050198864870000,32.75,1,32.75,1,32.85,16,2,2022-04-27 09:03:18
1651050198870202000,32.75,1,32.7,7,32.85,16,2,2022-04-27 09:03:18
1651050200207197000,32.8,1,32.7,7,32.8,3,1,2022-04-27 09:03:20
1651050201892840000,32.8,3,32.7,7,32.95,59,1,2022-04-27 09:03:21
1651050201892840000,32.85,18,32.7,7,32.95,59,1,2022-04-27 09:03:21
1651050201892840000,32.9,25,32.7,7,32.95,59,1,2022-04-27 09:03:21
1651050201892840000,32.95,4,32.7,7,32.95,59,1,2022-04-27 09:03:21
1651050202264576000,32.8,1,32.8,4,32.95,59,2,2022-04-27 09:03:22
1651050202392157000,32.8,1,32.8,3,32.95,59,2,2022-04-27 09:03:22
1651050205447060000,32.8,1,32.8,5,32.9,6,2,2022-04-27 09:03:25
1651050205770638000,32.9,1,32.8,6,32.9,5,1,2022-04-27 09:03:25
1651050213274309000,32.8,1,32.8,5,32.9,7,2,2022-04-27 09:03:33
1651050219623329000,32.8,3,32.8,4,32.9,69,2,2022-04-27 09:03:39
1651050219642896000,32.8,4,32.75,3,32.9,69,2,2022-04-27 09:03:39
1651050219766965000,32.75,3,32.7,11,32.85,50,2,2022-04-27 09:03:39
1651050219995755000,32.8,1,32.7,11,32.85,50,1,2022-04-27 09:03:39
1651050223581749000,32.85,5,32.7,11,32.85,47,1,2022-04-27 09:03:43
1651050227570619000,32.8,1,32.7,13,32.8,9,2,2022-04-27 09:03:47
1651050231702550000,32.8,9,32.8,11,32.85,47,1,2022-04-27 09:03:51
1651050231730610000,32.8,11,32.7,13,32.85,47,2,2022-04-27 09:03:51
1651050231928775000,32.85,3,32.7,13,32.85,44,1,2022-04-27 09:03:51
1651050233037455000,32.7,1,32.7,12,32.85,44,2,2022-04-27 09:03:53
1651050238204781000,32.8,3,32.75,1,32.85,54,1,2022-04-27 09:03:58
1651050244184426000,32.75,1,32.7,10,32.85,54,2,2022-04-27 09:04:04
1651050244184426000,32.7,1,32.7,10,32.85,54,2,2022-04-27 09:04:04
1651050248366375000,32.8,1,32.7,22,32.8,20,1,2022-04-27 09:04:08
1651050248592154000,32.8,1,32.7,22,32.8,19,1,2022-04-27 09:04:08
1651050249483539000,32.8,3,32.75,1,32.8,16,1,2022-04-27 09:04:09
1651050252160173000,32.8,2,32.75,1,32.8,15,1,2022-04-27 09:04:12
1651050255354625000,32.75,1,32.7,22,32.8,15,2,2022-04-27 09:04:15
1651050258945234000,32.7,1,32.7,21,32.75,1,2,2022-04-27 09:04:18
1651050260047606000,32.75,1,32.75,1,32.8,15,1,2022-04-27 09:04:20
1651050260675441000,32.75,1,32.7,23,32.75,2,2,2022-04-27 09:04:20
1651050262543168000,32.75,2,32.75,18,32.8,15,1,2022-04-27 09:04:22
1651050269795597000,32.8,3,32.75,20,32.8,16,1,2022-04-27 09:04:29
1651050270532640000,32.8,1,32.75,20,32.8,15,1,2022-04-27 09:04:30
1651050273947800000,32.75,10,32.75,17,32.8,19,2,2022-04-27 09:04:33
1651050277018508000,32.8,1,32.75,17,32.8,20,1,2022-04-27 09:04:37
1651050279935361000,32.75,1,32.75,16,32.8,20,2,2022-04-27 09:04:39
1651050281486535000,32.75,4,32.75,12,32.8,17,2,2022-04-27 09:04:41
1651050281514014000,32.75,12,32.7,24,32.8,17,2,2022-04-27 09:04:41
1651050285636248000,32.8,5,32.7,24,32.8,12,1,2022-04-27 09:04:45
1651050289483302000,32.75,1,32.7,24,32.8,13,2,2022-04-27 09:04:49
1651050291409656000,32.8,10,32.7,24,32.8,2,1,2022-04-27 09:04:51
1651050293593269000,32.8,1,32.7,24,32.85,53,1,2022-04-27 09:04:53
1651050293593269000,32.85,1,32.7,24,32.85,53,1,2022-04-27 09:04:53
1651050293744672000,32.85,10,32.7,24,32.85,43,1,2022-04-27 09:04:53
1651050297455689000,32.8,1,32.7,25,32.8,1,1,2022-04-27 09:04:57
1651050299056464000,32.8,1,32.7,25,32.85,43,1,2022-04-27 09:04:59
1651050300268247000,32.7,4,32.7,21,32.85,43,2,2022-04-27 09:05:00
1651050308687171000,32.8,1,32.7,28,32.85,43,2,2022-04-27 09:05:08
1651050308687171000,32.75,2,32.7,28,32.85,43,2,2022-04-27 09:05:08
1651050308960861000,32.8,1,32.7,28,32.85,43,2,2022-04-27 09:05:08
1651050309846838000,32.7,2,32.7,30,32.85,43,2,2022-04-27 09:05:09
1651050309927903000,32.7,2,32.7,28,32.85,43,2,2022-04-27 09:05:09
1651050317331925000,32.75,10,32.7,29,32.8,20,2,2022-04-27 09:05:17
1651050321617461000,32.8,1,32.75,2,32.8,19,1,2022-04-27 09:05:21
1651050324437156000,32.8,1,32.75,12,32.8,18,1,2022-04-27 09:05:24
1651050324470284000,32.8,18,32.75,12,32.85,45,1,2022-04-27 09:05:24
1651050326861239000,32.85,1,32.8,10,32.85,44,1,2022-04-27 09:05:26
1651050331008399000,32.85,1,32.8,17,32.85,43,1,2022-04-27 09:05:31
1651050331216415000,32.85,1,32.8,17,32.85,42,1,2022-04-27 09:05:31
1651050331244679000,32.85,1,32.8,17,32.85,41,1,2022-04-27 09:05:31
1651050333070827000,32.85,2,32.8,17,32.85,39,1,2022-04-27 09:05:33
1651050333137074000,32.85,25,32.8,17,32.85,14,1,2022-04-27 09:05:33
1651050333164984000,32.85,14,32.8,17,32.9,77,1,2022-04-27 09:05:33
1651050333974688000,32.9,10,32.85,2,32.9,67,1,2022-04-27 09:05:33
1651050334007027000,32.9,3,32.8,19,32.9,64,1,2022-04-27 09:05:34
1651050337686928000,32.9,1,32.85,12,32.9,63,1,2022-04-27 09:05:37
1651050339657695000,32.9,20,32.85,12,32.9,43,1,2022-04-27 09:05:39
1651050339695217000,32.9,2,32.85,12,32.9,41,1,2022-04-27 09:05:39
1651050339695407000,32.9,41,32.85,12,32.95,48,1,2022-04-27 09:05:39
1651050343098296000,32.9,1,32.85,12,32.95,48,1,2022-04-27 09:05:43
1651050345083988000,32.9,1,32.85,12,32.95,48,1,2022-04-27 09:05:45
1651050348547495000,32.95,1,32.9,9,32.95,47,1,2022-04-27 09:05:48
1651050350702578000,32.95,1,32.9,9,32.95,46,1,2022-04-27 09:05:50
1651050352863215000,32.95,1,32.9,9,32.95,46,1,2022-04-27 09:05:52
1651050353158964000,32.95,3,32.9,9,32.95,43,1,2022-04-27 09:05:53
1651050353610033000,32.95,2,32.9,9,32.95,41,1,2022-04-27 09:05:53
1651050354570746000,32.95,41,32.9,9,33.0,37,1,2022-04-27 09:05:54
1651050354570746000,33.0,9,32.9,9,33.0,37,1,2022-04-27 09:05:54
1651050356568523000,33.0,1,32.9,16,33.0,23,1,2022-04-27 09:05:56
1651050357551299000,33.0,5,32.9,17,33.0,18,1,2022-04-27 09:05:57
1651050357594756000,33.0,4,32.9,17,33.0,14,1,2022-04-27 09:05:57
1651050357890680000,33.0,1,32.9,17,33.0,13,1,2022-04-27 09:05:57
1651050357976572000,33.0,1,32.95,2,33.0,12,1,2022-04-27 09:05:57
1651050358471895000,33.0,1,32.95,2,33.0,11,1,2022-04-27 09:05:58
1651050358643645000,33.0,10,32.95,2,33.0,1,1,2022-04-27 09:05:58
1651050358679853000,33.0,1,32.95,2,33.05,5,1,2022-04-27 09:05:58
1651050363267531000,33.05,1,33.0,14,33.05,4,1,2022-04-27 09:06:03
1651050363923617000,33.05,4,33.0,14,33.1,4,1,2022-04-27 09:06:03
1651050369213297000,33.1,1,33.05,2,33.1,3,1,2022-04-27 09:06:09
1651050373887091000,33.1,2,33.05,11,33.1,2,1,2022-04-27 09:06:13
1651050373916833000,33.1,2,33.05,11,33.15,9,1,2022-04-27 09:06:13
1651050375195683000,33.15,5,33.05,37,33.15,4,1,2022-04-27 09:06:15
1651050377025355000,33.2,3,33.05,37,33.2,5,1,2022-04-27 09:06:17
1651050377312481000,33.2,2,33.1,2,33.2,3,1,2022-04-27 09:06:17
1651050380421275000,33.2,3,33.15,2,33.3,2,1,2022-04-27 09:06:20
1651050380421275000,33.3,1,33.15,2,33.3,2,1,2022-04-27 09:06:20
1651050383769398000,33.25,1,33.2,1,33.25,3,1,2022-04-27 09:06:23
1651050384968814000,33.25,1,33.2,1,33.3,4,1,2022-04-27 09:06:24
1651050384968814000,33.3,1,33.2,1,33.3,4,1,2022-04-27 09:06:24
1651050386510157000,33.2,1,33.15,7,33.2,17,2,2022-04-27 09:06:26
1651050387069997000,33.2,1,33.15,7,33.2,16,1,2022-04-27 09:06:27
1651050388751849000,33.2,1,33.15,7,33.2,18,1,2022-04-27 09:06:28
1651050389554924000,33.2,1,33.15,7,33.2,17,1,2022-04-27 09:06:29
1651050389646459000,33.2,10,33.15,7,33.2,7,1,2022-04-27 09:06:29
1651050389958521000,33.2,1,33.15,7,33.2,9,1,2022-04-27 09:06:29
1651050390169731000,33.15,2,33.15,5,33.2,9,2,2022-04-27 09:06:30
1651050390198473000,33.15,5,33.1,10,33.2,9,2,2022-04-27 09:06:30
1651050390832402000,33.15,2,33.1,10,33.2,7,1,2022-04-27 09:06:30
1651050390832402000,33.2,2,33.1,10,33.2,7,1,2022-04-27 09:06:30
1651050391677444000,33.2,1,33.15,1,33.2,6,1,2022-04-27 09:06:31
1651050392162434000,33.2,2,33.15,1,33.2,4,1,2022-04-27 09:06:32
1651050392286518000,33.2,2,33.15,1,33.2,2,1,2022-04-27 09:06:32
1651050393400399000,33.2,1,33.15,2,33.2,3,1,2022-04-27 09:06:33
1651050394246230000,33.2,2,33.15,2,33.2,1,1,2022-04-27 09:06:34
1651050395364419000,33.2,1,33.15,2,33.25,6,2,2022-04-27 09:06:35
1651050396379857000,33.25,1,33.15,3,33.25,5,1,2022-04-27 09:06:36
1651050399029989000,33.25,1,33.2,1,33.25,5,1,2022-04-27 09:06:39
1651050399056369000,33.2,1,33.15,3,33.25,5,2,2022-04-27 09:06:39
1651050400697942000,33.25,1,33.2,2,33.25,4,1,2022-04-27 09:06:40
1651050401581800000,33.2,7,33.15,3,33.25,4,2,2022-04-27 09:06:41
1651050403371026000,33.2,4,33.2,1,33.25,4,1,2022-04-27 09:06:43
1651050406587347000,33.2,2,33.2,6,33.25,3,2,2022-04-27 09:06:46
1651050406640716000,33.2,1,33.2,5,33.25,3,2,2022-04-27 09:06:46
1651050406880583000,33.25,5,33.2,5,33.35,1,1,2022-04-27 09:06:46
1651050406880583000,33.3,2,33.2,5,33.35,1,1,2022-04-27 09:06:46
1651050406880583000,33.35,1,33.2,5,33.35,1,1,2022-04-27 09:06:46
1651050409211575000,33.25,1,33.2,5,33.35,2,1,2022-04-27 09:06:49
1651050409211575000,33.35,2,33.2,5,33.35,2,1,2022-04-27 09:06:49
1651050421422079000,33.3,1,33.2,19,33.3,1,1,2022-04-27 09:07:01
1651050430006042000,33.3,1,33.2,17,33.3,4,1,2022-04-27 09:07:10
1651050431876259000,33.3,1,33.2,17,33.3,3,1,2022-04-27 09:07:11
1651050433435927000,33.2,17,33.15,6,33.25,6,2,2022-04-27 09:07:13
1651050433469276000,33.15,6,33.1,12,33.25,8,2,2022-04-27 09:07:13
1651050437460249000,33.2,1,33.1,12,33.2,2,1,2022-04-27 09:07:17
1651050439212815000,33.2,2,33.1,12,33.25,8,1,2022-04-27 09:07:19
1651050440402408000,33.1,10,33.1,2,33.25,10,2,2022-04-27 09:07:20
1651050440426440000,33.1,2,33.05,3,33.25,10,2,2022-04-27 09:07:20
1651050442630599000,33.05,3,33.0,94,33.1,3,2,2022-04-27 09:07:22
1651050442630599000,33.0,7,33.0,94,33.1,3,2,2022-04-27 09:07:22
1651050443510691000,33.1,3,33.0,94,33.2,6,1,2022-04-27 09:07:23
1651050443510691000,33.2,2,33.0,94,33.2,6,1,2022-04-27 09:07:23
1651050443597589000,33.05,1,33.0,94,33.05,5,2,2022-04-27 09:07:23
1651050444934978000,33.15,3,33.0,94,33.25,3,1,2022-04-27 09:07:24
1651050444934978000,33.2,6,33.0,94,33.25,3,1,2022-04-27 09:07:24
1651050444934978000,33.25,1,33.0,94,33.25,3,1,2022-04-27 09:07:24
1651050446180503000,33.0,20,33.0,74,33.15,1,2,2022-04-27 09:07:26
1651050448944643000,33.05,2,33.0,99,33.1,4,2,2022-04-27 09:07:28
1651050449460490000,33.0,5,33.0,114,33.1,2,2,2022-04-27 09:07:29
1651050453386422000,33.0,1,33.0,115,33.1,2,2,2022-04-27 09:07:33
1651050455792362000,33.1,5,33.0,115,33.15,4,1,2022-04-27 09:07:35
1651050461027507000,33.05,2,33.05,8,33.15,2,1,2022-04-27 09:07:41
1651050464357251000,33.05,2,33.05,7,33.15,2,2,2022-04-27 09:07:44
1651050466904494000,33.05,1,33.05,9,33.15,2,2,2022-04-27 09:07:46
1651050467019685000,33.05,1,33.05,8,33.1,1,2,2022-04-27 09:07:47
1651050470077953000,33.05,1,33.05,9,33.1,1,2,2022-04-27 09:07:50
1651050470406823000,33.1,1,33.1,1,33.15,2,1,2022-04-27 09:07:50
1651050471408045000,33.1,1,33.05,9,33.15,2,2,2022-04-27 09:07:51
1651050474426668000,33.15,1,33.05,9,33.15,1,1,2022-04-27 09:07:54
1651050488615202000,33.15,1,33.05,19,33.2,24,1,2022-04-27 09:08:08
1651050493624387000,33.2,5,33.1,2,33.2,19,1,2022-04-27 09:08:13
1651050495226917000,33.2,5,33.1,3,33.2,14,1,2022-04-27 09:08:15
1651050502473796000,33.2,1,33.15,2,33.2,13,1,2022-04-27 09:08:22
1651050505300410000,33.15,2,33.1,3,33.2,14,2,2022-04-27 09:08:25
1651050506115796000,33.15,1,33.1,3,33.2,10,1,2022-04-27 09:08:26
1651050506115796000,33.2,4,33.1,3,33.2,10,1,2022-04-27 09:08:26
1651050510853091000,33.2,10,33.15,1,33.2,1,1,2022-04-27 09:08:30
1651050510889108000,33.2,1,33.15,1,33.25,2,1,2022-04-27 09:08:30
1651050510895178000,33.15,1,33.1,3,33.25,2,2,2022-04-27 09:08:30
1651050515558842000,33.15,1,33.1,1,33.2,3,2,2022-04-27 09:08:35
1651050515558842000,33.1,2,33.1,1,33.2,3,2,2022-04-27 09:08:35
1651050519644085000,33.1,1,33.05,23,33.15,4,2,2022-04-27 09:08:39
1651050524385248000,33.1,1,33.1,9,33.15,4,2,2022-04-27 09:08:44
1651050524451052000,33.1,1,33.1,8,33.15,4,2,2022-04-27 09:08:44
1651050525217792000,33.1,8,33.05,31,33.15,4,2,2022-04-27 09:08:45
1651050525217792000,33.05,2,33.05,31,33.15,4,2,2022-04-27 09:08:45
1651050525319536000,33.05,2,33.05,29,33.1,4,2,2022-04-27 09:08:45
1651050529589514000,33.05,1,33.05,28,33.1,4,2,2022-04-27 09:08:49
1651050530625950000,33.1,1,33.05,28,33.1,3,1,2022-04-27 09:08:50
1651050530867980000,33.05,5,33.05,23,33.1,3,2,2022-04-27 09:08:50
1651050530915189000,33.05,1,33.05,22,33.1,3,2,2022-04-27 09:08:50
1651050532668015000,33.1,1,33.05,22,33.1,2,1,2022-04-27 09:08:52
1651050533026681000,33.05,5,33.05,17,33.15,4,2,2022-04-27 09:08:53
1651050533982264000,33.05,8,33.05,9,33.15,4,2,2022-04-27 09:08:53
1651050534032658000,33.05,2,33.05,7,33.15,4,2,2022-04-27 09:08:54
1651050534057748000,33.05,7,33.0,156,33.15,4,2,2022-04-27 09:08:54
1651050541067957000,33.05,1,33.0,187,33.1,8,2,2022-04-27 09:09:01
1651050541794895000,33.0,2,33.0,200,33.05,1,2,2022-04-27 09:09:01
1651050544636053000,33.0,12,33.0,188,33.05,3,2,2022-04-27 09:09:04
1651050544673485000,33.0,1,33.0,187,33.05,3,2,2022-04-27 09:09:04
1651050544875374000,33.0,10,33.0,177,33.05,3,2,2022-04-27 09:09:04
1651050544935973000,33.0,2,33.0,175,33.05,3,2,2022-04-27 09:09:04
1651050546891988000,33.0,10,33.0,160,33.05,3,2,2022-04-27 09:09:06
1651050546916750000,33.0,1,33.0,159,33.05,3,2,2022-04-27 09:09:06
1651050547649439000,33.0,1,33.0,158,33.05,3,2,2022-04-27 09:09:07
1651050548156140000,33.0,2,33.0,156,33.05,11,2,2022-04-27 09:09:08
1651050548225920000,33.0,1,33.0,155,33.05,11,2,2022-04-27 09:09:08
1651050548236408000,33.0,2,33.0,153,33.05,11,2,2022-04-27 09:09:08
1651050548613702000,33.0,5,33.0,148,33.05,11,2,2022-04-27 09:09:08
1651050549352680000,33.0,1,33.0,147,33.05,11,2,2022-04-27 09:09:09
1651050550729346000,33.0,5,33.0,142,33.05,6,2,2022-04-27 09:09:10
1651050550760642000,33.0,1,33.0,141,33.05,6,2,2022-04-27 09:09:10
1651050551012678000,33.0,3,33.0,138,33.05,6,2,2022-04-27 09:09:11
1651050552221738000,33.0,2,33.0,136,33.05,6,2,2022-04-27 09:09:12
1651050553182121000,33.05,1,33.0,146,33.05,5,1,2022-04-27 09:09:13
1651050553216399000,33.0,1,33.0,145,33.05,5,2,2022-04-27 09:09:13
1651050553270432000,33.0,1,33.0,144,33.05,5,2,2022-04-27 09:09:13
1651050553360633000,33.0,3,33.0,141,33.05,5,2,2022-04-27 09:09:13
1651050556984820000,33.05,1,33.0,141,33.05,4,1,2022-04-27 09:09:16
1651050563812165000,33.05,5,33.0,141,33.1,9,1,2022-04-27 09:09:23
1651050566351408000,33.05,1,33.0,143,33.05,1,1,2022-04-27 09:09:26
1651050566816276000,33.0,1,33.0,142,33.05,1,2,2022-04-27 09:09:26
1651050571620919000,33.05,10,33.0,143,33.05,2,1,2022-04-27 09:09:31
1651050571660138000,33.0,1,33.0,142,33.05,2,2,2022-04-27 09:09:31
1651050572889376000,33.05,2,33.05,1,33.1,3,1,2022-04-27 09:09:32
1651050576265401000,33.05,1,33.05,5,33.1,3,2,2022-04-27 09:09:36
1651050576904715000,33.1,3,33.05,5,33.25,2,1,2022-04-27 09:09:36
1651050576904715000,33.15,2,33.05,5,33.25,2,1,2022-04-27 09:09:36
1651050576904715000,33.2,8,33.05,5,33.25,2,1,2022-04-27 09:09:36
1651050576904715000,33.25,2,33.05,5,33.25,2,1,2022-04-27 09:09:36
1651050589418462000,33.25,3,33.1,3,33.25,3,1,2022-04-27 09:09:49
1651050599023338000,33.1,2,33.05,18,33.1,8,2,2022-04-27 09:09:59
1651050599065375000,33.05,18,33.0,205,33.1,8,2,2022-04-27 09:09:59
1651050605316216000,33.05,1,33.0,214,33.1,8,1,2022-04-27 09:10:05
1651050609646189000,33.05,2,33.05,1,33.1,8,2,2022-04-27 09:10:09
1651050609683580000,33.05,1,33.0,212,33.1,8,2,2022-04-27 09:10:09
1651050611270419000,33.05,5,33.0,212,33.1,8,2,2022-04-27 09:10:11
1651050611270419000,33.0,10,33.0,212,33.1,8,2,2022-04-27 09:10:11
1651050611723857000,33.05,1,33.05,7,33.1,8,2,2022-04-27 09:10:11
1651050613507002000,33.05,1,33.05,7,33.1,8,2,2022-04-27 09:10:13
1651050618421258000,33.1,2,33.05,7,33.1,6,1,2022-04-27 09:10:18
1651050638522111000,33.1,1,33.05,24,33.1,8,1,2022-04-27 09:10:38
1651050640646848000,33.1,1,33.05,26,33.1,7,1,2022-04-27 09:10:40
1651050641174448000,33.1,7,33.1,9,33.2,26,1,2022-04-27 09:10:41
1651050642416825000,33.15,1,33.15,1,33.2,26,2,2022-04-27 09:10:42
1651050653425171000,33.15,1,33.1,11,33.15,1,1,2022-04-27 09:10:53
1651050655209954000,33.15,1,33.1,11,33.15,2,1,2022-04-27 09:10:55
1651050658120571000,33.15,1,33.1,11,33.15,2,1,2022-04-27 09:10:58
1651050659017135000,33.15,1,33.1,11,33.15,1,1,2022-04-27 09:10:59
1651050670637271000,33.15,2,33.1,11,33.15,1,1,2022-04-27 09:11:10
1651050670977874000,33.1,1,33.1,10,33.15,1,2,2022-04-27 09:11:10
1651050671435908000,33.15,1,33.1,10,33.2,26,1,2022-04-27 09:11:11
1651050674590716000,33.15,1,33.1,3,33.2,26,1,2022-04-27 09:11:14
1651050686086254000,33.15,2,33.15,3,33.2,26,1,2022-04-27 09:11:26
1651050695168991000,33.15,1,33.15,2,33.2,26,2,2022-04-27 09:11:35
1651050701008913000,33.15,1,33.15,6,33.2,26,2,2022-04-27 09:11:41
1651050704117125000,33.15,3,33.15,3,33.2,26,2,2022-04-27 09:11:44
1651050704445368000,33.15,2,33.15,1,33.2,26,2,2022-04-27 09:11:44
1651050714362040000,33.15,3,33.1,4,33.2,26,2,2022-04-27 09:11:54
1651050715874842000,33.15,1,33.1,4,33.2,26,1,2022-04-27 09:11:55
1651050721048182000,33.15,1,33.15,4,33.2,26,1,2022-04-27 09:12:01
1651050724083503000,33.15,1,33.15,3,33.2,26,2,2022-04-27 09:12:04
1651050727234892000,33.15,1,33.15,3,33.2,26,2,2022-04-27 09:12:07
1651050731316811000,33.15,1,33.15,3,33.2,26,2,2022-04-27 09:12:11
1651050746585864000,33.15,1,33.15,7,33.2,26,2,2022-04-27 09:12:26
1651050748514095000,33.15,1,33.15,6,33.2,26,2,2022-04-27 09:12:28
1651050751451840000,33.15,1,33.15,5,33.2,28,2,2022-04-27 09:12:31
1651050755366508000,33.15,1,33.15,5,33.2,30,2,2022-04-27 09:12:35
1651050756432557000,33.15,1,33.15,4,33.2,30,2,2022-04-27 09:12:36
1651050761677824000,33.15,1,33.15,3,33.2,30,2,2022-04-27 09:12:41
1651050761882612000,33.15,1,33.15,2,33.2,30,2,2022-04-27 09:12:41
1651050764509246000,33.15,1,33.15,1,33.2,30,2,2022-04-27 09:12:44
1651050765130862000,33.2,2,33.15,1,33.2,28,1,2022-04-27 09:12:45
1651050768256336000,33.15,1,33.1,12,33.2,28,2,2022-04-27 09:12:48
1651050785351220000,33.1,1,33.1,11,33.15,1,2,2022-04-27 09:13:05
1651050789235705000,33.1,3,33.1,8,33.15,1,2,2022-04-27 09:13:09
1651050792863754000,33.1,4,33.1,6,33.2,26,2,2022-04-27 09:13:12
1651050793899212000,33.1,1,33.1,5,33.2,26,2,2022-04-27 09:13:13
1651050796904063000,33.1,1,33.1,4,33.2,24,2,2022-04-27 09:13:16
1651050799672824000,33.1,2,33.1,2,33.2,24,2,2022-04-27 09:13:19
1651050805855356000,33.1,1,33.1,1,33.2,24,2,2022-04-27 09:13:25
1651050812607003000,33.1,1,33.05,31,33.15,3,2,2022-04-27 09:13:32
1651050815563045000,33.05,3,33.05,28,33.1,1,2,2022-04-27 09:13:35
1651050816379259000,33.05,28,33.0,312,33.05,5,2,2022-04-27 09:13:36
1651050816418792000,33.0,1,33.0,311,33.05,5,2,2022-04-27 09:13:36
1651050824727579000,33.05,1,33.0,310,33.05,4,1,2022-04-27 09:13:44
1651050824887070000,33.0,1,33.0,309,33.05,4,2,2022-04-27 09:13:44
1651050827345734000,33.0,1,33.0,308,33.05,4,2,2022-04-27 09:13:47
1651050828434896000,33.0,1,33.0,307,33.05,4,2,2022-04-27 09:13:48
1651050835969098000,33.05,2,33.0,308,33.05,4,1,2022-04-27 09:13:55
1651050836441251000,33.0,1,33.0,307,33.05,4,2,2022-04-27 09:13:56
1651050839844783000,33.05,4,33.05,6,33.1,3,1,2022-04-27 09:13:59
1651050842857818000,33.1,1,33.05,6,33.1,2,1,2022-04-27 09:14:02
1651050843082201000,33.1,2,33.05,6,33.2,24,1,2022-04-27 09:14:03
1651050843622434000,33.05,5,33.05,1,33.1,1,2,2022-04-27 09:14:03
1651050845231696000,33.05,1,33.0,308,33.1,1,2,2022-04-27 09:14:05
1651050848900895000,33.05,1,33.0,308,33.05,4,1,2022-04-27 09:14:08
1651050849540198000,33.05,4,33.05,1,33.1,1,1,2022-04-27 09:14:09
1651050855756987000,33.05,1,33.0,311,33.1,1,2,2022-04-27 09:14:15
1651050860887557000,33.0,2,33.0,319,33.05,1,2,2022-04-27 09:14:20
1651050860925186000,33.0,1,33.0,318,33.05,1,2,2022-04-27 09:14:20
1651050870993687000,33.0,1,33.0,318,33.05,1,2,2022-04-27 09:14:30
1651050897947881000,33.05,2,33.05,1,33.1,4,1,2022-04-27 09:14:57
1651050906268255000,33.1,1,33.05,1,33.1,3,1,2022-04-27 09:15:06
1651050908319408000,33.05,1,33.0,331,33.1,3,2,2022-04-27 09:15:08
1651050912034858000,33.05,1,33.0,331,33.1,3,1,2022-04-27 09:15:12
1651050912650652000,33.0,2,33.0,329,33.1,3,2,2022-04-27 09:15:12
1651050922407279000,33.05,1,33.05,10,33.1,3,2,2022-04-27 09:15:22
1651050941795365000,33.1,3,33.05,11,33.1,2,1,2022-04-27 09:15:41
1651050945278753000,33.05,1,33.05,10,33.1,2,2,2022-04-27 09:15:45
1651050946398094000,33.05,3,33.05,7,33.1,2,2,2022-04-27 09:15:46
1651050950727222000,33.1,2,33.05,7,33.15,2,1,2022-04-27 09:15:50
1651050950727222000,33.15,1,33.05,7,33.15,2,1,2022-04-27 09:15:50
1651050952077124000,33.1,1,33.0,328,33.15,2,2,2022-04-27 09:15:52
1651050952077124000,33.05,7,33.0,328,33.15,2,2,2022-04-27 09:15:52
1651050952077124000,33.0,12,33.0,328,33.15,2,2,2022-04-27 09:15:52
1651050970431997000,33.05,1,33.05,5,33.15,2,2,2022-04-27 09:16:10
1651050985012349000,33.1,1,33.05,6,33.15,9,2,2022-04-27 09:16:25
1651050985012349000,33.05,4,33.05,6,33.15,9,2,2022-04-27 09:16:25
1651050990289319000,33.1,1,33.05,7,33.1,4,1,2022-04-27 09:16:30
1651050990878901000,33.1,1,33.05,7,33.1,3,1,2022-04-27 09:16:30
1651050990909456000,33.1,3,33.05,7,33.15,9,1,2022-04-27 09:16:30
1651050991969337000,33.05,1,33.05,8,33.15,9,2,2022-04-27 09:16:31
1651051014903162000,33.05,1,33.05,22,33.1,3,2,2022-04-27 09:16:54
1651051015136888000,33.1,3,33.1,7,33.15,11,1,2022-04-27 09:16:55
1651051023294700000,33.15,4,33.1,7,33.15,7,1,2022-04-27 09:17:03
1651051023667210000,33.15,3,33.1,7,33.15,4,1,2022-04-27 09:17:03
1651051031124498000,33.15,4,33.15,1,33.2,22,1,2022-04-27 09:17:11
1651051031212073000,33.2,9,33.15,11,33.2,13,1,2022-04-27 09:17:11
1651051031238308000,33.2,2,33.15,11,33.2,11,1,2022-04-27 09:17:11
1651051031244878000,33.2,4,33.15,11,33.2,7,1,2022-04-27 09:17:11
1651051031244882000,33.2,7,33.15,11,33.25,11,1,2022-04-27 09:17:11
1651051033273030000,33.25,1,33.2,5,33.25,10,1,2022-04-27 09:17:13
1651051033329858000,33.25,2,33.2,5,33.25,8,1,2022-04-27 09:17:13
1651051033361063000,33.25,8,33.2,5,33.3,11,1,2022-04-27 09:17:13
1651051034601083000,33.3,4,33.2,5,33.3,7,1,2022-04-27 09:17:14
1651051034652828000,33.3,2,33.2,5,33.3,5,1,2022-04-27 09:17:14
1651051034684706000,33.3,5,33.2,5,33.35,11,1,2022-04-27 09:17:14
1651051035236711000,33.35,4,33.2,5,33.35,7,1,2022-04-27 09:17:15
1651051035454412000,33.35,3,33.2,5,33.35,4,1,2022-04-27 09:17:15
1651051047934554000,33.3,1,33.3,7,33.35,8,2,2022-04-27 09:17:27
1651051050235449000,33.35,8,33.3,5,33.5,10,1,2022-04-27 09:17:30
1651051050235449000,33.4,7,33.3,5,33.5,10,1,2022-04-27 09:17:30
1651051050235449000,33.45,3,33.3,5,33.5,10,1,2022-04-27 09:17:30
1651051050235449000,33.5,2,33.3,5,33.5,10,1,2022-04-27 09:17:30
1651051050406930000,33.5,10,33.35,2,33.6,24,1,2022-04-27 09:17:30
1651051050406930000,33.55,20,33.35,2,33.6,24,1,2022-04-27 09:17:30
1651051050406930000,33.6,10,33.35,2,33.6,24,1,2022-04-27 09:17:30
1651051050446413000,33.6,2,33.4,1,33.6,22,1,2022-04-27 09:17:30
1651051050702754000,33.6,7,33.45,13,33.6,15,1,2022-04-27 09:17:30
1651051054544947000,33.55,1,33.45,13,33.55,3,1,2022-04-27 09:17:34
1651051055931464000,33.55,1,33.45,14,33.55,2,1,2022-04-27 09:17:35
1651051056518571000,33.55,1,33.45,14,33.55,1,1,2022-04-27 09:17:36
1651051059568926000,33.45,1,33.45,13,33.55,1,2,2022-04-27 09:17:39
1651051065520587000,33.55,3,33.5,1,33.55,3,1,2022-04-27 09:17:45
1651051066574274000,33.55,1,33.5,1,33.55,3,1,2022-04-27 09:17:46
1651051069152186000,33.55,2,33.5,2,33.55,1,1,2022-04-27 09:17:49
1651051069271057000,33.55,1,33.5,4,33.6,13,1,2022-04-27 09:17:49
1651051069271057000,33.6,2,33.5,4,33.6,13,1,2022-04-27 09:17:49
1651051070595869000,33.55,2,33.5,3,33.55,2,2,2022-04-27 09:17:50
1651051070830062000,33.55,2,33.5,3,33.6,1,1,2022-04-27 09:17:50
1651051071191578000,33.5,1,33.5,2,33.6,1,2,2022-04-27 09:17:51
1651051071389756000,33.5,1,33.5,1,33.6,1,2,2022-04-27 09:17:51
1651051071562107000,33.5,4,33.45,5,33.6,1,2,2022-04-27 09:17:51
1651051071991476000,33.55,1,33.45,5,33.6,3,2,2022-04-27 09:17:51
1651051073220524000,33.5,1,33.5,1,33.6,1,2,2022-04-27 09:17:53
1651051073251533000,33.5,1,33.45,5,33.6,1,2,2022-04-27 09:17:53
1651051074252467000,33.55,1,33.45,4,33.6,3,2,2022-04-27 09:17:54
1651051078692174000,33.5,2,33.45,4,33.55,1,1,2022-04-27 09:17:58
1651051078692174000,33.55,1,33.45,4,33.55,1,1,2022-04-27 09:17:58
1651051078860520000,33.55,1,33.45,3,33.6,3,1,2022-04-27 09:17:58
1651051078860520000,33.6,2,33.45,3,33.6,3,1,2022-04-27 09:17:58
1651051079724172000,33.55,1,33.45,3,33.6,3,2,2022-04-27 09:17:59
1651051083047788000,33.55,3,33.5,1,33.6,1,2,2022-04-27 09:18:03
1651051084109023000,33.6,1,33.55,100,33.65,2,1,2022-04-27 09:18:04
1651051084205327000,33.65,2,33.55,100,33.7,29,1,2022-04-27 09:18:04
1651051086021129000,33.6,1,33.55,106,33.65,8,1,2022-04-27 09:18:06
1651051087529728000,33.65,1,33.55,108,33.65,7,1,2022-04-27 09:18:07
1651051090960372000,33.65,3,33.6,3,33.65,6,1,2022-04-27 09:18:10
1651051091618304000,33.65,6,33.6,3,33.7,18,1,2022-04-27 09:18:11
1651051091618304000,33.7,14,33.6,3,33.7,18,1,2022-04-27 09:18:11
1651051092072988000,33.65,2,33.6,3,33.7,18,1,2022-04-27 09:18:12
1651051095513272000,33.65,3,33.65,3,33.7,18,2,2022-04-27 09:18:15
1651051095532927000,33.65,3,33.6,3,33.7,18,2,2022-04-27 09:18:15
1651051097732602000,33.65,1,33.65,3,33.7,18,2,2022-04-27 09:18:17
1651051099574698000,33.65,2,33.65,4,33.7,18,2,2022-04-27 09:18:19
1651051099945930000,33.7,6,33.65,4,33.7,12,1,2022-04-27 09:18:19
1651051100507561000,33.7,2,33.65,4,33.7,10,1,2022-04-27 09:18:20
1651051101925941000,33.7,2,33.65,14,33.7,8,1,2022-04-27 09:18:21
1651051103206386000,33.7,1,33.65,15,33.7,7,1,2022-04-27 09:18:23
1651051105262446000,33.7,3,33.65,15,33.7,5,1,2022-04-27 09:18:25
1651051106073644000,33.7,3,33.65,15,33.7,2,1,2022-04-27 09:18:26
1651051107200090000,33.65,1,33.65,14,33.7,2,2,2022-04-27 09:18:27
1651051119653459000,33.65,2,33.65,23,33.7,12,2,2022-04-27 09:18:39
1651051119746390000,33.65,1,33.65,22,33.7,12,2,2022-04-27 09:18:39
1651051120341155000,33.7,3,33.65,22,33.7,9,1,2022-04-27 09:18:40
1651051121144262000,33.65,2,33.65,20,33.7,10,2,2022-04-27 09:18:41
1651051123121277000,33.7,1,33.65,20,33.7,9,1,2022-04-27 09:18:43
1651051124921536000,33.7,3,33.65,20,33.7,6,1,2022-04-27 09:18:44
1651051128267883000,33.7,5,33.65,20,33.7,1,1,2022-04-27 09:18:48
1651051130046275000,33.7,1,33.65,20,33.75,48,1,2022-04-27 09:18:50
1651051131552644000,33.7,1,33.65,20,33.7,3,2,2022-04-27 09:18:51
1651051132803014000,33.7,1,33.65,19,33.7,4,1,2022-04-27 09:18:52
1651051135634514000,33.7,1,33.65,19,33.7,9,1,2022-04-27 09:18:55
1651051136984145000,33.65,21,33.6,14,33.7,20,2,2022-04-27 09:18:56
1651051137039582000,33.6,10,33.6,7,33.65,1,2,2022-04-27 09:18:57
1651051137039642000,33.6,4,33.6,3,33.65,1,2,2022-04-27 09:18:57
1651051137074211000,33.6,3,33.55,106,33.65,3,2,2022-04-27 09:18:57
1651051143354388000,33.55,2,33.55,104,33.6,3,2,2022-04-27 09:19:03
1651051144621401000,33.55,2,33.55,97,33.6,3,2,2022-04-27 09:19:04
1651051146208523000,33.55,1,33.55,96,33.6,3,2,2022-04-27 09:19:06
1651051147930164000,33.55,1,33.55,95,33.6,3,2,2022-04-27 09:19:07
1651051149054128000,33.55,2,33.55,93,33.6,8,2,2022-04-27 09:19:09
1651051149128699000,33.55,2,33.55,91,33.6,8,2,2022-04-27 09:19:09
1651051149166737000,33.55,1,33.55,90,33.6,8,2,2022-04-27 09:19:09
1651051150451112000,33.55,1,33.55,89,33.6,8,2,2022-04-27 09:19:10
1651051150722230000,33.55,1,33.55,88,33.6,9,2,2022-04-27 09:19:10
1651051150753026000,33.55,4,33.55,84,33.6,9,2,2022-04-27 09:19:10
1651051150753138000,33.55,48,33.55,36,33.6,9,2,2022-04-27 09:19:10
1651051150786987000,33.55,15,33.55,21,33.6,9,2,2022-04-27 09:19:10
1651051150793653000,33.55,1,33.55,20,33.6,9,2,2022-04-27 09:19:10
1651051150794173000,33.55,1,33.55,19,33.6,9,2,2022-04-27 09:19:10
1651051150811839000,33.55,1,33.55,18,33.6,9,2,2022-04-27 09:19:10
1651051150812123000,33.55,1,33.55,17,33.6,9,2,2022-04-27 09:19:10
1651051150812184000,33.55,1,33.55,16,33.6,9,2,2022-04-27 09:19:10
1651051150817238000,33.55,2,33.55,14,33.6,9,2,2022-04-27 09:19:10
1651051150822055000,33.55,2,33.55,12,33.6,9,2,2022-04-27 09:19:10
1651051150822269000,33.55,12,33.5,4,33.55,9,2,2022-04-27 09:19:10
1651051150866693000,33.5,1,33.5,3,33.55,11,2,2022-04-27 09:19:10
1651051150889141000,33.5,1,33.5,2,33.55,13,2,2022-04-27 09:19:10
1651051150890556000,33.5,2,33.45,22,33.55,13,2,2022-04-27 09:19:10
1651051151098740000,33.45,2,33.45,20,33.55,13,2,2022-04-27 09:19:11
1651051153969048000,33.45,1,33.45,19,33.55,18,2,2022-04-27 09:19:13
1651051154954168000,33.45,2,33.45,20,33.5,20,2,2022-04-27 09:19:14
1651051155009889000,33.45,1,33.45,19,33.5,22,2,2022-04-27 09:19:15
1651051155109201000,33.45,2,33.45,17,33.5,20,2,2022-04-27 09:19:15
1651051157622493000,33.45,5,33.45,12,33.5,22,2,2022-04-27 09:19:17
1651051157654269000,33.45,1,33.45,11,33.5,22,2,2022-04-27 09:19:17
1651051160241604000,33.45,1,33.45,10,33.5,22,2,2022-04-27 09:19:20
1651051160298903000,33.45,1,33.45,9,33.5,22,2,2022-04-27 09:19:20
1651051162171230000,33.45,9,33.4,1,33.45,1,2,2022-04-27 09:19:22
1651051162211554000,33.4,1,33.3,45,33.45,1,2,2022-04-27 09:19:22
1651051162536861000,33.3,1,33.3,44,33.45,1,2,2022-04-27 09:19:22
1651051165399844000,33.4,1,33.3,44,33.4,1,1,2022-04-27 09:19:25
1651051166644235000,33.4,1,33.3,44,33.45,8,1,2022-04-27 09:19:26
1651051166644235000,33.45,2,33.3,44,33.45,8,1,2022-04-27 09:19:26
1651051167719668000,33.4,1,33.3,44,33.45,6,1,2022-04-27 09:19:27
1651051167719668000,33.45,2,33.3,44,33.45,6,1,2022-04-27 09:19:27
1651051180353471000,33.4,1,33.35,12,33.45,6,1,2022-04-27 09:19:40
1651051180353471000,33.45,1,33.35,12,33.45,6,1,2022-04-27 09:19:40
1651051182499015000,33.35,1,33.35,11,33.45,4,2,2022-04-27 09:19:42
1651051190399948000,33.45,1,33.4,2,33.45,3,1,2022-04-27 09:19:50
1651051190921429000,33.4,2,33.35,16,33.4,1,2,2022-04-27 09:19:50
1651051201996907000,33.4,1,33.35,17,33.4,4,1,2022-04-27 09:20:01
1651051202033684000,33.4,4,33.35,17,33.45,8,1,2022-04-27 09:20:02
1651051202093623000,33.4,1,33.35,17,33.45,8,1,2022-04-27 09:20:02
1651051202665967000,33.35,1,33.35,16,33.45,8,2,2022-04-27 09:20:02
1651051202884509000,33.35,6,33.35,10,33.45,8,2,2022-04-27 09:20:02
1651051205227111000,33.4,2,33.4,5,33.45,8,1,2022-04-27 09:20:05
1651051205256233000,33.45,8,33.4,5,33.5,22,1,2022-04-27 09:20:05
1651051205260882000,33.4,1,33.4,4,33.5,22,2,2022-04-27 09:20:05
1651051208896307000,33.4,1,33.4,3,33.45,1,2,2022-04-27 09:20:08
1651051212375901000,33.4,1,33.4,3,33.45,1,2,2022-04-27 09:20:12
1651051220293499000,33.4,3,33.35,11,33.4,2,2,2022-04-27 09:20:20
1651051221905778000,33.4,1,33.35,11,33.4,1,1,2022-04-27 09:20:21
1651051225964263000,33.4,1,33.4,1,33.45,1,1,2022-04-27 09:20:25
1651051227286334000,33.45,1,33.4,1,33.5,22,1,2022-04-27 09:20:27
1651051228461528000,33.4,5,33.35,14,33.5,22,2,2022-04-27 09:20:28
1651051231241507000,33.5,3,33.4,2,33.5,19,1,2022-04-27 09:20:31
1651051241123196000,33.5,16,33.4,7,33.5,5,1,2022-04-27 09:20:41
1651051241154995000,33.5,5,33.4,7,33.55,2,1,2022-04-27 09:20:41
1651051242770704000,33.55,1,33.4,7,33.55,1,1,2022-04-27 09:20:42
1651051242812364000,33.55,1,33.4,7,33.6,7,1,2022-04-27 09:20:42
1651051250422411000,33.5,1,33.45,12,33.6,7,1,2022-04-27 09:20:50
1651051253474665000,33.55,3,33.5,4,33.6,7,1,2022-04-27 09:20:53
1651051256220036000,33.6,7,33.5,15,33.65,17,1,2022-04-27 09:20:56
1651051262226843000,33.65,17,33.55,12,33.7,4,1,2022-04-27 09:21:02
1651051266068091000,33.6,1,33.6,2,33.7,4,2,2022-04-27 09:21:06
1651051266980525000,33.65,1,33.55,12,33.7,4,2,2022-04-27 09:21:06
1651051267758839000,33.6,1,33.6,1,33.7,4,1,2022-04-27 09:21:07
1651051267953542000,33.6,1,33.6,2,33.7,4,2,2022-04-27 09:21:07
1651051271968794000,33.65,5,33.65,10,33.7,8,1,2022-04-27 09:21:11
1651051278664524000,33.7,1,33.65,14,33.7,7,1,2022-04-27 09:21:18
1651051279043116000,33.7,7,33.7,3,33.75,52,1,2022-04-27 09:21:19
1651051283641576000,33.75,1,33.7,4,33.75,51,1,2022-04-27 09:21:23
1651051284120727000,33.75,3,33.7,4,33.75,48,1,2022-04-27 09:21:24
1651051286518016000,33.75,18,33.7,6,33.75,30,1,2022-04-27 09:21:26
1651051286579861000,33.75,2,33.7,6,33.75,28,1,2022-04-27 09:21:26
1651051286612113000,33.75,9,33.7,8,33.75,19,1,2022-04-27 09:21:26
1651051286686544000,33.75,1,33.7,6,33.75,18,1,2022-04-27 09:21:26
1651051286698345000,33.75,2,33.7,6,33.75,16,1,2022-04-27 09:21:26
1651051288077789000,33.75,3,33.7,6,33.75,13,1,2022-04-27 09:21:28
1651051288829649000,33.75,1,33.7,6,33.75,12,1,2022-04-27 09:21:28
1651051292333023000,33.75,1,33.7,12,33.75,11,1,2022-04-27 09:21:32
1651051296064759000,33.75,1,33.7,10,33.75,10,1,2022-04-27 09:21:36
1651051297154358000,33.75,1,33.7,10,33.75,9,1,2022-04-27 09:21:37
1651051300093555000,33.75,9,33.7,13,33.8,79,1,2022-04-27 09:21:40
1651051300093555000,33.8,1,33.7,13,33.8,79,1,2022-04-27 09:21:40
1651051300333213000,33.8,1,33.7,13,33.8,78,1,2022-04-27 09:21:40
1651051303708514000,33.8,1,33.7,15,33.8,77,1,2022-04-27 09:21:43
1651051303980419000,33.8,20,33.7,15,33.8,57,1,2022-04-27 09:21:43
1651051305901208000,33.8,1,33.75,1,33.8,56,1,2022-04-27 09:21:45
1651051306120097000,33.8,1,33.75,1,33.8,55,1,2022-04-27 09:21:46
1651051306329493000,33.8,15,33.75,1,33.8,40,1,2022-04-27 09:21:46
1651051307862183000,33.8,3,33.75,1,33.8,37,1,2022-04-27 09:21:47
1651051308834892000,33.8,1,33.75,6,33.8,36,1,2022-04-27 09:21:48
1651051308903063000,33.8,2,33.75,6,33.8,34,1,2022-04-27 09:21:48
1651051309139736000,33.8,2,33.75,6,33.8,32,1,2022-04-27 09:21:49
1651051309348506000,33.8,1,33.75,6,33.8,31,1,2022-04-27 09:21:49
1651051310172828000,33.8,2,33.75,9,33.8,29,1,2022-04-27 09:21:50
1651051310769551000,33.8,1,33.75,9,33.8,28,1,2022-04-27 09:21:50
1651051310993727000,33.8,2,33.75,9,33.8,26,1,2022-04-27 09:21:50
1651051311445821000,33.8,5,33.75,9,33.8,21,1,2022-04-27 09:21:51
1651051311866029000,33.8,5,33.75,9,33.8,16,1,2022-04-27 09:21:51
1651051313202750000,33.8,1,33.75,10,33.8,15,1,2022-04-27 09:21:53
1651051313350922000,33.8,15,33.8,15,33.85,35,1,2022-04-27 09:21:53
1651051314230846000,33.8,10,33.8,6,33.85,35,2,2022-04-27 09:21:54
1651051317631477000,33.8,1,33.8,11,33.85,35,2,2022-04-27 09:21:57
1651051321942958000,33.8,15,33.75,12,33.8,3,2,2022-04-27 09:22:01
1651051321969730000,33.75,12,33.7,13,33.8,3,2,2022-04-27 09:22:01
1651051322415934000,33.7,13,33.65,9,33.75,2,2,2022-04-27 09:22:02
1651051326047513000,33.7,2,33.65,4,33.7,2,1,2022-04-27 09:22:06
1651051326099134000,33.65,1,33.65,3,33.7,2,2,2022-04-27 09:22:06
1651051326711655000,33.7,1,33.65,3,33.75,4,2,2022-04-27 09:22:06
1651051328504286000,33.75,1,33.65,3,33.75,3,1,2022-04-27 09:22:08
1651051331669691000,33.65,4,33.55,7,33.7,5,2,2022-04-27 09:22:11
1651051333409994000,33.7,3,33.55,7,33.7,2,1,2022-04-27 09:22:13
1651051338563965000,33.7,2,33.55,7,33.7,5,1,2022-04-27 09:22:18
1651051340203541000,33.65,3,33.55,7,33.7,5,2,2022-04-27 09:22:20
1651051350160586000,33.6,2,33.55,34,33.65,17,2,2022-04-27 09:22:30
1651051350269977000,33.65,5,33.55,34,33.65,12,1,2022-04-27 09:22:30
1651051350866749000,33.65,2,33.55,34,33.65,8,1,2022-04-27 09:22:30
1651051353481310000,33.6,2,33.55,34,33.6,1,1,2022-04-27 09:22:33
1651051353924984000,33.55,10,33.55,24,33.6,1,2,2022-04-27 09:22:33
1651051353958878000,33.55,1,33.55,23,33.6,1,2,2022-04-27 09:22:33
1651051353987881000,33.55,1,33.55,22,33.6,1,2,2022-04-27 09:22:33
1651051356833496000,33.6,1,33.55,22,33.75,5,1,2022-04-27 09:22:36
1651051356833496000,33.65,11,33.55,22,33.75,5,1,2022-04-27 09:22:36
1651051356833496000,33.7,5,33.55,22,33.75,5,1,2022-04-27 09:22:36
1651051356833496000,33.75,3,33.55,22,33.75,5,1,2022-04-27 09:22:36
1651051356881393000,33.55,1,33.55,21,33.75,5,2,2022-04-27 09:22:36
1651051357201640000,33.55,5,33.55,16,33.7,8,2,2022-04-27 09:22:37
1651051364810995000,33.6,1,33.55,16,33.6,4,1,2022-04-27 09:22:44
1651051366018250000,33.6,4,33.55,16,33.7,2,1,2022-04-27 09:22:46
1651051366018250000,33.65,5,33.55,16,33.7,2,1,2022-04-27 09:22:46
1651051366018250000,33.7,6,33.55,16,33.7,2,1,2022-04-27 09:22:46
1651051370002887000,33.6,2,33.6,3,33.65,3,2,2022-04-27 09:22:50
1651051370024666000,33.6,3,33.55,16,33.65,3,2,2022-04-27 09:22:50
1651051371877960000,33.55,1,33.55,15,33.6,1,2,2022-04-27 09:22:51
1651051374382621000,33.55,5,33.55,11,33.6,16,2,2022-04-27 09:22:54
1651051374420169000,33.55,1,33.55,10,33.6,21,2,2022-04-27 09:22:54
1651051376054109000,33.6,16,33.55,10,33.75,6,1,2022-04-27 09:22:56
1651051376054109000,33.65,8,33.55,10,33.75,6,1,2022-04-27 09:22:56
1651051376054109000,33.75,6,33.55,10,33.75,6,1,2022-04-27 09:22:56
1651051379419439000,33.55,3,33.55,7,33.7,1,2,2022-04-27 09:22:59
1651051385215354000,33.6,1,33.55,6,33.7,1,2,2022-04-27 09:23:05
1651051393417387000,33.6,1,33.55,6,33.7,1,1,2022-04-27 09:23:13
1651051398202517000,33.55,1,33.55,6,33.7,4,2,2022-04-27 09:23:18
1651051410971261000,33.65,1,33.55,6,33.7,5,1,2022-04-27 09:23:30
1651051410971261000,33.7,2,33.55,6,33.7,5,1,2022-04-27 09:23:30
1651051417199174000,33.55,6,33.5,18,33.6,1,2,2022-04-27 09:23:37
1651051418062918000,33.55,1,33.5,18,33.55,1,1,2022-04-27 09:23:38
1651051421950963000,33.55,1,33.55,1,33.6,1,1,2022-04-27 09:23:41
1651051427235221000,33.55,1,33.5,18,33.55,1,2,2022-04-27 09:23:47
1651051429050802000,33.5,1,33.5,17,33.55,1,2,2022-04-27 09:23:49
1651051438230454000,33.55,1,33.5,17,33.6,2,1,2022-04-27 09:23:58
1651051444866087000,33.55,2,33.5,17,33.55,1,1,2022-04-27 09:24:04
1651051446642205000,33.55,1,33.5,17,33.6,2,1,2022-04-27 09:24:06
1651051449622845000,33.5,1,33.5,16,33.55,1,2,2022-04-27 09:24:09
1651051454310132000,33.55,1,33.5,16,33.55,1,1,2022-04-27 09:24:14
1651051454367386000,33.5,1,33.5,15,33.55,1,2,2022-04-27 09:24:14
1651051454747304000,33.5,10,33.5,5,33.55,1,2,2022-04-27 09:24:14
1651051454790500000,33.5,5,33.45,8,33.55,1,2,2022-04-27 09:24:14
1651051456505724000,33.45,5,33.45,3,33.5,3,2,2022-04-27 09:24:16
1651051458308263000,33.45,3,33.4,13,33.5,8,2,2022-04-27 09:24:18
1651051466319958000,33.4,2,33.4,13,33.5,8,2,2022-04-27 09:24:26
1651051469966437000,33.4,2,33.4,13,33.5,8,2,2022-04-27 09:24:29
1651051470855816000,33.4,1,33.4,12,33.5,8,2,2022-04-27 09:24:30
1651051480754725000,33.4,1,33.4,13,33.5,8,2,2022-04-27 09:24:40
1651051491718880000,33.4,1,33.4,17,33.45,1,2,2022-04-27 09:24:51
1651051497188463000,33.45,1,33.4,19,33.5,8,1,2022-04-27 09:24:57
1651051497434652000,33.5,5,33.4,19,33.5,3,1,2022-04-27 09:24:57
1651051499864146000,33.4,19,33.3,93,33.35,44,2,2022-04-27 09:24:59
1651051499864146000,33.35,87,33.3,93,33.35,44,2,2022-04-27 09:24:59
1651051499899078000,33.3,1,33.3,92,33.35,44,2,2022-04-27 09:24:59
1651051499899329000,33.3,1,33.3,91,33.35,44,2,2022-04-27 09:24:59
1651051499900440000,33.3,1,33.3,90,33.35,44,2,2022-04-27 09:24:59
1651051499914524000,33.3,1,33.3,89,33.35,44,2,2022-04-27 09:24:59
1651051499921658000,33.3,1,33.3,88,33.35,44,2,2022-04-27 09:24:59
1651051499923113000,33.3,1,33.3,87,33.35,44,2,2022-04-27 09:24:59
1651051499923389000,33.3,1,33.3,86,33.35,44,2,2022-04-27 09:24:59
1651051499923525000,33.3,1,33.3,85,33.35,44,2,2022-04-27 09:24:59
1651051499923774000,33.3,1,33.3,84,33.35,44,2,2022-04-27 09:24:59
1651051499956910000,33.3,1,33.3,83,33.35,44,2,2022-04-27 09:24:59
1651051500868877000,33.35,5,33.3,83,33.35,39,1,2022-04-27 09:25:00
1651051501321714000,33.35,6,33.3,83,33.35,33,1,2022-04-27 09:25:01
1651051503503459000,33.35,2,33.3,83,33.35,31,1,2022-04-27 09:25:03
1651051503541025000,33.3,1,33.3,82,33.35,31,2,2022-04-27 09:25:03
1651051513690641000,33.3,82,33.15,17,33.2,87,2,2022-04-27 09:25:13
1651051513690641000,33.25,5,33.15,17,33.2,87,2,2022-04-27 09:25:13
1651051513690641000,33.2,176,33.15,17,33.2,87,2,2022-04-27 09:25:13
1651051513728911000,33.15,1,33.15,16,33.2,87,2,2022-04-27 09:25:13
1651051513737180000,33.15,1,33.15,15,33.2,87,2,2022-04-27 09:25:13
1651051513743503000,33.15,1,33.15,14,33.2,87,2,2022-04-27 09:25:13
1651051513747239000,33.15,1,33.15,13,33.2,87,2,2022-04-27 09:25:13
1651051513750237000,33.15,1,33.15,12,33.2,87,2,2022-04-27 09:25:13
1651051513754908000,33.15,1,33.15,11,33.2,87,2,2022-04-27 09:25:13
1651051513755151000,33.15,1,33.15,10,33.2,87,2,2022-04-27 09:25:13
1651051513756089000,33.15,1,33.15,9,33.2,87,2,2022-04-27 09:25:13
1651051513756219000,33.15,1,33.15,8,33.2,87,2,2022-04-27 09:25:13
1651051513756427000,33.15,1,33.15,7,33.2,87,2,2022-04-27 09:25:13
1651051513756452000,33.15,1,33.15,6,33.2,87,2,2022-04-27 09:25:13
1651051513756684000,33.15,1,33.15,5,33.2,87,2,2022-04-27 09:25:13
1651051513760258000,33.15,1,33.15,4,33.2,87,2,2022-04-27 09:25:13
1651051513761185000,33.15,1,33.15,3,33.2,87,2,2022-04-27 09:25:13
1651051513762307000,33.15,1,33.15,2,33.2,87,2,2022-04-27 09:25:13
1651051513767617000,33.15,2,33.1,18,33.2,87,2,2022-04-27 09:25:13
1651051516019311000,33.1,1,33.1,17,33.15,12,2,2022-04-27 09:25:16
1651051516056664000,33.1,1,33.1,16,33.15,12,2,2022-04-27 09:25:16
1651051526003791000,33.1,2,33.1,13,33.15,12,2,2022-04-27 09:25:26
1651051530089952000,33.15,3,33.1,13,33.15,7,1,2022-04-27 09:25:30
1651051530125479000,33.15,7,33.1,13,33.3,2,1,2022-04-27 09:25:30
1651051537829830000,33.15,1,33.15,2,33.25,2,2,2022-04-27 09:25:37
1651051549387125000,33.2,1,33.2,1,33.25,4,2,2022-04-27 09:25:49
1651051549612897000,33.2,1,33.15,6,33.25,4,2,2022-04-27 09:25:49
1651051555639474000,33.15,1,33.15,8,33.25,4,2,2022-04-27 09:25:55
1651051561373951000,33.2,1,33.2,72,33.25,4,1,2022-04-27 09:26:01
1651051562561753000,33.25,4,33.25,1,33.3,4,1,2022-04-27 09:26:02
1651051564533682000,33.3,4,33.3,6,33.5,4,1,2022-04-27 09:26:04
1651051576445311000,33.35,1,33.3,3,33.5,11,2,2022-04-27 09:26:16
1651051578616432000,33.35,1,33.35,1,33.4,5,2,2022-04-27 09:26:18
1651051579456949000,33.35,1,33.3,3,33.4,5,2,2022-04-27 09:26:19
1651051585527901000,33.35,3,33.3,3,33.35,2,1,2022-04-27 09:26:25
1651051593046563000,33.35,3,33.3,30,33.35,2,2,2022-04-27 09:26:33
1651051600207145000,33.35,2,33.35,3,33.4,10,1,2022-04-27 09:26:40
1651051600269915000,33.35,3,33.3,31,33.4,10,2,2022-04-27 09:26:40
1651051614964553000,33.35,1,33.35,21,33.4,6,2,2022-04-27 09:26:54
1651051615415371000,33.4,1,33.35,21,33.4,5,1,2022-04-27 09:26:55
1651051622903373000,33.4,1,33.35,24,33.4,8,1,2022-04-27 09:27:02
1651051636036764000,33.35,1,33.35,23,33.4,8,2,2022-04-27 09:27:16
1651051661249864000,33.4,1,33.35,23,33.4,7,1,2022-04-27 09:27:41
1651051671559680000,33.4,3,33.35,23,33.4,5,1,2022-04-27 09:27:51
1651051679426016000,33.4,5,33.35,23,33.4,1,1,2022-04-27 09:27:59
1651051681128252000,33.4,1,33.4,2,33.45,7,1,2022-04-27 09:28:01
1651051682872899000,33.4,2,33.35,23,33.45,7,2,2022-04-27 09:28:02
1651051687285033000,33.4,1,33.4,47,33.45,7,2,2022-04-27 09:28:07
1651051703754214000,33.45,7,33.45,13,33.5,12,1,2022-04-27 09:28:23
1651051709888162000,33.5,1,33.45,13,33.5,11,1,2022-04-27 09:28:29
1651051718801499000,33.45,13,33.4,72,33.45,2,2,2022-04-27 09:28:38
1651051722124919000,33.45,2,33.45,3,33.5,6,1,2022-04-27 09:28:42
1651051726849797000,33.45,1,33.45,2,33.5,6,2,2022-04-27 09:28:46
1651051727005110000,33.45,2,33.4,76,33.5,6,2,2022-04-27 09:28:47
1651051733287820000,33.45,2,33.4,76,33.45,2,1,2022-04-27 09:28:53
1651051751812408000,33.45,2,33.4,74,33.45,3,1,2022-04-27 09:29:11
1651051758229680000,33.45,3,33.45,3,33.5,20,1,2022-04-27 09:29:18
1651051776741420000,33.45,1,33.45,22,33.5,15,2,2022-04-27 09:29:36
1651051776855887000,33.45,18,33.45,4,33.5,15,2,2022-04-27 09:29:36
1651051779557187000,33.45,1,33.45,4,33.5,15,2,2022-04-27 09:29:39
1651051782448382000,33.45,2,33.45,2,33.5,15,2,2022-04-27 09:29:42
1651051782478076000,33.45,1,33.45,1,33.5,15,2,2022-04-27 09:29:42
1651051782496846000,33.45,1,33.4,75,33.5,15,2,2022-04-27 09:29:42
1651051787094177000,33.45,1,33.4,75,33.45,4,1,2022-04-27 09:29:47
1651051818344814000,33.45,2,33.4,75,33.45,11,1,2022-04-27 09:30:18
1651051818375851000,33.45,11,33.4,75,33.5,11,1,2022-04-27 09:30:18
1651051826663734000,33.5,2,33.45,11,33.5,9,1,2022-04-27 09:30:26
1651051829397295000,33.5,1,33.45,13,33.5,8,1,2022-04-27 09:30:29
1651051829999473000,33.5,2,33.45,13,33.5,6,1,2022-04-27 09:30:29
1651051837557246000,33.5,1,33.45,14,33.5,5,1,2022-04-27 09:30:37
1651051844186103000,33.5,1,33.45,14,33.5,12,1,2022-04-27 09:30:44
1651051844421345000,33.45,2,33.45,12,33.5,12,2,2022-04-27 09:30:44
1651051845727695000,33.45,1,33.45,10,33.5,12,2,2022-04-27 09:30:45
1651051846510049000,33.5,12,33.5,18,33.55,78,1,2022-04-27 09:30:46
1651051848835994000,33.5,1,33.5,17,33.55,79,2,2022-04-27 09:30:48
1651051851737369000,33.5,1,33.5,16,33.55,79,2,2022-04-27 09:30:51
1651051851857901000,33.5,5,33.5,11,33.55,79,2,2022-04-27 09:30:51
1651051853004327000,33.5,2,33.5,9,33.55,79,2,2022-04-27 09:30:53
1651051857011310000,33.55,14,33.5,10,33.55,66,1,2022-04-27 09:30:57
1651051864393834000,33.55,1,33.5,11,33.55,65,1,2022-04-27 09:31:04
1651051872385273000,33.5,1,33.5,10,33.55,63,2,2022-04-27 09:31:12
1651051873386765000,33.55,55,33.5,10,33.55,8,1,2022-04-27 09:31:13
1651051873415623000,33.55,2,33.5,10,33.55,6,1,2022-04-27 09:31:13
1651051876868280000,33.55,1,33.5,10,33.55,5,1,2022-04-27 09:31:16
1651051876905662000,33.55,2,33.5,10,33.55,3,1,2022-04-27 09:31:16
1651051880487201000,33.55,1,33.5,10,33.55,2,1,2022-04-27 09:31:20
1651051881839477000,33.55,1,33.5,10,33.55,1,1,2022-04-27 09:31:21
1651051881882233000,33.55,1,33.5,10,33.6,12,1,2022-04-27 09:31:21
1651051884021247000,33.55,1,33.5,10,33.6,12,2,2022-04-27 09:31:24
1651051886180918000,33.6,1,33.5,10,33.6,12,1,2022-04-27 09:31:26
1651051893377666000,33.6,2,33.5,10,33.6,10,1,2022-04-27 09:31:33
1651051895108386000,33.6,1,33.5,10,33.6,9,1,2022-04-27 09:31:35
1651051896297661000,33.6,4,33.5,10,33.6,5,1,2022-04-27 09:31:36
1651051896705056000,33.6,4,33.5,10,33.6,1,1,2022-04-27 09:31:36
1651051896705394000,33.6,1,33.5,10,33.65,7,1,2022-04-27 09:31:36
1651051900510977000,33.6,1,33.5,11,33.55,3,2,2022-04-27 09:31:40
1651051900510977000,33.55,1,33.5,11,33.55,3,2,2022-04-27 09:31:40
1651051900575566000,33.55,3,33.5,11,33.65,5,1,2022-04-27 09:31:40
1651051918566598000,33.6,1,33.55,1,33.65,5,1,2022-04-27 09:31:58
1651051925652582000,33.6,1,33.55,1,33.6,1,2,2022-04-27 09:32:05
1651051954133252000,33.55,1,33.55,9,33.6,13,1,2022-04-27 09:32:34
1651051956815491000,33.55,6,33.55,5,33.6,13,2,2022-04-27 09:32:36
1651051956843565000,33.55,5,33.5,14,33.6,13,2,2022-04-27 09:32:36
1651051961825620000,33.55,1,33.55,4,33.6,13,2,2022-04-27 09:32:41
1651051962964329000,33.55,1,33.55,3,33.6,13,2,2022-04-27 09:32:42
1651051966020287000,33.55,1,33.55,12,33.6,19,2,2022-04-27 09:32:46
1651051968945686000,33.55,6,33.55,6,33.6,18,2,2022-04-27 09:32:48
1651051971158468000,33.55,1,33.55,5,33.6,17,2,2022-04-27 09:32:51
1651051973167370000,33.6,2,33.55,5,33.6,15,1,2022-04-27 09:32:53
1651051974243685000,33.55,3,33.55,2,33.6,15,2,2022-04-27 09:32:54
1651051974900225000,33.55,2,33.5,13,33.55,4,2,2022-04-27 09:32:54
1651051978553356000,33.55,1,33.5,13,33.55,4,1,2022-04-27 09:32:58
1651051985287850000,33.55,2,33.5,13,33.55,4,1,2022-04-27 09:33:05
1651051997611347000,33.55,1,33.5,23,33.55,4,1,2022-04-27 09:33:17
1651052014696548000,33.55,4,33.5,22,33.6,15,1,2022-04-27 09:33:34
1651052017994771000,33.55,1,33.5,21,33.6,15,2,2022-04-27 09:33:37
1651052017994771000,33.5,1,33.5,21,33.6,15,2,2022-04-27 09:33:37
1651052021614243000,33.55,1,33.55,9,33.6,15,2,2022-04-27 09:33:41
1651052021648321000,33.55,1,33.55,8,33.6,15,2,2022-04-27 09:33:41
1651052027682662000,33.55,2,33.55,11,33.6,15,2,2022-04-27 09:33:47
1651052032375436000,33.6,5,33.55,13,33.6,8,1,2022-04-27 09:33:52
1651052032401082000,33.6,5,33.55,18,33.6,3,1,2022-04-27 09:33:52
1651052032430424000,33.6,3,33.55,18,33.65,7,1,2022-04-27 09:33:52
1651052034147749000,33.6,4,33.55,15,33.65,7,1,2022-04-27 09:33:54
1651052037738629000,33.65,1,33.55,11,33.65,6,1,2022-04-27 09:33:57
1651052037760494000,33.65,6,33.55,11,33.7,20,1,2022-04-27 09:33:57
1651052048752611000,33.6,1,33.55,11,33.7,20,1,2022-04-27 09:34:08
1651052054378630000,33.7,3,33.6,3,33.7,19,1,2022-04-27 09:34:14
1651052057318251000,33.6,1,33.6,3,33.7,18,2,2022-04-27 09:34:17
1651052059828988000,33.7,3,33.6,3,33.7,15,1,2022-04-27 09:34:19
1651052060992544000,33.65,2,33.6,2,33.7,15,1,2022-04-27 09:34:20
1651052064998766000,33.7,1,33.6,2,33.7,14,1,2022-04-27 09:34:24
1651052067357516000,33.65,1,33.65,9,33.7,14,1,2022-04-27 09:34:27
1651052067543271000,33.65,4,33.65,5,33.7,14,2,2022-04-27 09:34:27
1651052067573705000,33.65,5,33.6,2,33.7,14,2,2022-04-27 09:34:27
1651052076580363000,33.65,1,33.65,1,33.7,16,2,2022-04-27 09:34:36
1651052077809925000,33.65,2,33.6,5,33.65,2,2,2022-04-27 09:34:37
1651052081995072000,33.65,1,33.6,5,33.65,3,1,2022-04-27 09:34:41
1651052083626800000,33.65,1,33.6,5,33.65,9,1,2022-04-27 09:34:43
1651052086773942000,33.6,5,33.55,8,33.65,10,2,2022-04-27 09:34:46
1651052105194098000,33.6,1,33.55,9,33.6,11,1,2022-04-27 09:35:05
1651052108032774000,33.55,1,33.55,8,33.6,11,2,2022-04-27 09:35:08
1651052116072175000,33.6,1,33.55,8,33.6,10,1,2022-04-27 09:35:16
1651052116996049000,33.55,1,33.55,7,33.6,10,2,2022-04-27 09:35:16
1651052123422331000,33.55,1,33.55,6,33.6,13,2,2022-04-27 09:35:23
1651052123938548000,33.55,5,33.55,1,33.6,13,2,2022-04-27 09:35:23
1651052127760171000,33.55,1,33.5,22,33.6,13,2,2022-04-27 09:35:27
1651052157415820000,33.5,1,33.5,22,33.55,6,2,2022-04-27 09:35:57
1651052160884741000,33.5,1,33.5,21,33.55,6,2,2022-04-27 09:36:00
1651052166077954000,33.5,1,33.5,20,33.55,6,2,2022-04-27 09:36:06
1651052179688161000,33.5,5,33.5,14,33.55,6,2,2022-04-27 09:36:19
1651052179717292000,33.5,14,33.45,17,33.55,6,2,2022-04-27 09:36:19
1651052191527093000,33.45,10,33.45,6,33.5,7,2,2022-04-27 09:36:31
1651052191581262000,33.45,2,33.45,4,33.5,7,2,2022-04-27 09:36:31
1651052197361353000,33.45,1,33.45,3,33.5,7,2,2022-04-27 09:36:37
1651052202035222000,33.45,4,33.4,77,33.45,1,2,2022-04-27 09:36:42
1651052203404146000,33.45,1,33.4,77,33.5,7,1,2022-04-27 09:36:43
1651052206364270000,33.4,3,33.4,74,33.45,2,2,2022-04-27 09:36:46
1651052211082113000,33.45,2,33.4,74,33.5,7,1,2022-04-27 09:36:51
1651052211395655000,33.5,2,33.4,74,33.5,5,1,2022-04-27 09:36:51
1651052229389376000,33.5,5,33.4,70,33.5,1,1,2022-04-27 09:37:09
1651052240213286000,33.5,1,33.4,71,33.55,7,1,2022-04-27 09:37:20
1651052256288873000,33.5,1,33.5,1,33.55,7,2,2022-04-27 09:37:36
1651052259911758000,33.5,1,33.45,7,33.55,12,2,2022-04-27 09:37:39
1651052267149275000,33.5,2,33.45,6,33.55,12,1,2022-04-27 09:37:47
1651052288152842000,33.5,1,33.5,1,33.55,15,2,2022-04-27 09:38:08
1651052288395589000,33.5,1,33.45,6,33.5,1,2,2022-04-27 09:38:08
1651052289730414000,33.5,1,33.45,6,33.55,15,1,2022-04-27 09:38:09
1651052302884397000,33.5,1,33.45,6,33.5,3,1,2022-04-27 09:38:22
1651052303426036000,33.45,5,33.45,1,33.5,3,2,2022-04-27 09:38:23
1651052303681847000,33.5,1,33.45,1,33.5,2,1,2022-04-27 09:38:23
1651052307863890000,33.5,2,33.45,1,33.5,1,1,2022-04-27 09:38:27
1651052314558160000,33.5,1,33.45,1,33.55,15,1,2022-04-27 09:38:34
1651052328497451000,33.55,5,33.5,1,33.55,10,1,2022-04-27 09:38:48
1651052336984876000,33.5,4,33.45,3,33.5,5,2,2022-04-27 09:38:56
1651052349482256000,33.5,2,33.45,3,33.5,5,1,2022-04-27 09:39:09
1651052351153751000,33.5,1,33.45,3,33.5,4,1,2022-04-27 09:39:11
1651052357551896000,33.5,4,33.5,1,33.55,10,1,2022-04-27 09:39:17
1651052379349159000,33.5,3,33.45,43,33.55,10,2,2022-04-27 09:39:39
1651052387037792000,33.45,8,33.45,35,33.55,10,2,2022-04-27 09:39:47
1651052388279836000,33.5,1,33.45,16,33.55,10,2,2022-04-27 09:39:48
1651052388279836000,33.45,19,33.45,16,33.55,10,2,2022-04-27 09:39:48
1651052388580269000,33.55,1,33.45,16,33.55,9,1,2022-04-27 09:39:48
1651052389659850000,33.55,1,33.5,21,33.55,8,1,2022-04-27 09:39:49
1651052389716847000,33.55,3,33.5,21,33.55,5,1,2022-04-27 09:39:49
1651052391114616000,33.55,1,33.5,30,33.55,4,1,2022-04-27 09:39:51
1651052393682092000,33.55,1,33.5,31,33.55,3,1,2022-04-27 09:39:53
1651052393715814000,33.55,3,33.5,31,33.6,12,1,2022-04-27 09:39:53
1651052396526717000,33.55,2,33.55,3,33.6,12,1,2022-04-27 09:39:56
1651052402600236000,33.6,2,33.55,4,33.6,10,1,2022-04-27 09:40:02
1651052412431883000,33.6,2,33.55,12,33.6,10,1,2022-04-27 09:40:12
1651052415766607000,33.6,1,33.55,12,33.6,9,1,2022-04-27 09:40:15
1651052417722629000,33.6,2,33.55,12,33.6,7,1,2022-04-27 09:40:17
1651052417774184000,33.6,2,33.55,12,33.6,5,1,2022-04-27 09:40:17
1651052420873444000,33.6,2,33.55,12,33.6,3,1,2022-04-27 09:40:20
1651052422721040000,33.6,2,33.55,12,33.6,1,1,2022-04-27 09:40:22
1651052430279464000,33.6,1,33.55,12,33.65,16,1,2022-04-27 09:40:30
1651052447210426000,33.65,8,33.55,4,33.65,8,1,2022-04-27 09:40:47
1651052447250576000,33.65,3,33.55,4,33.65,5,1,2022-04-27 09:40:47
1651052450199087000,33.6,1,33.65,4,33.7,16,1,2022-04-27 09:40:50
1651052450199087000,33.65,5,33.65,4,33.7,16,1,2022-04-27 09:40:50
1651052451123087000,33.7,10,33.65,4,33.7,6,1,2022-04-27 09:40:51
1651052454158682000,33.7,1,33.65,4,33.7,5,1,2022-04-27 09:40:54
1651052456223352000,33.7,2,33.65,4,33.7,3,1,2022-04-27 09:40:56
1651052461913064000,33.7,6,33.65,4,33.75,32,1,2022-04-27 09:41:01
1651052461913064000,33.75,4,33.65,4,33.75,32,1,2022-04-27 09:41:01
1651052462339553000,33.75,2,33.65,4,33.75,30,1,2022-04-27 09:41:02
1651052465299737000,33.7,1,33.65,4,33.75,30,1,2022-04-27 09:41:05
1651052468283258000,33.7,2,33.65,4,33.7,8,1,2022-04-27 09:41:08
1651052469321118000,33.7,8,33.7,2,33.75,30,1,2022-04-27 09:41:09
1651052470502304000,33.75,30,33.7,2,33.8,74,1,2022-04-27 09:41:10
1651052473450273000,33.75,1,33.75,1,33.8,74,1,2022-04-27 09:41:13
1651052473565872000,33.75,1,33.7,3,33.8,74,2,2022-04-27 09:41:13
1651052473565872000,33.7,9,33.7,3,33.8,74,2,2022-04-27 09:41:13
1651052475211453000,33.75,1,33.7,4,33.8,74,2,2022-04-27 09:41:15
1651052482495332000,33.8,10,33.7,4,33.8,63,1,2022-04-27 09:41:22
1651052484939080000,33.75,1,33.7,4,33.75,1,2,2022-04-27 09:41:24
1651052484977438000,33.75,1,33.7,4,33.8,63,1,2022-04-27 09:41:24
1651052486231282000,33.75,1,33.7,4,33.8,62,2,2022-04-27 09:41:26
1651052486578771000,33.8,1,33.7,4,33.8,61,1,2022-04-27 09:41:26
1651052489647963000,33.8,10,33.75,5,33.8,51,1,2022-04-27 09:41:29
1651052490396557000,33.8,2,33.75,6,33.8,49,1,2022-04-27 09:41:30
1651052491632478000,33.8,2,33.75,7,33.8,47,1,2022-04-27 09:41:31
1651052497255258000,33.8,1,33.75,7,33.8,46,1,2022-04-27 09:41:37
1651052497971067000,33.75,1,33.75,6,33.8,46,2,2022-04-27 09:41:37
1651052498007806000,33.75,6,33.7,4,33.8,46,2,2022-04-27 09:41:38
1651052505079464000,33.75,1,33.75,3,33.8,46,2,2022-04-27 09:41:45
1651052506109988000,33.75,3,33.7,4,33.8,96,2,2022-04-27 09:41:46
1651052506592791000,33.8,2,33.7,4,33.8,94,1,2022-04-27 09:41:46
1651052514202076000,33.75,1,33.7,4,33.75,7,1,2022-04-27 09:41:54
1651052515659906000,33.75,2,33.7,4,33.75,5,1,2022-04-27 09:41:55
1651052516049247000,33.7,4,33.65,5,33.75,6,2,2022-04-27 09:41:56
1651052517616695000,33.75,1,33.65,5,33.75,5,1,2022-04-27 09:41:57
1651052517779801000,33.75,5,33.75,5,33.8,99,1,2022-04-27 09:41:57
1651052519064081000,33.75,5,33.65,5,33.75,1,2,2022-04-27 09:41:59
1651052522005008000,33.75,2,33.75,3,33.8,96,1,2022-04-27 09:42:02
1651052522040122000,33.75,3,33.7,1,33.8,96,2,2022-04-27 09:42:02
1651052523909096000,33.75,1,33.75,1,33.8,96,2,2022-04-27 09:42:03
1651052525073864000,33.75,1,33.7,1,33.8,96,2,2022-04-27 09:42:05
1651052529868682000,33.75,12,33.7,1,33.8,104,2,2022-04-27 09:42:09
1651052530529238000,33.75,1,33.7,1,33.8,104,1,2022-04-27 09:42:10
1651052535885294000,33.75,1,33.65,5,33.75,3,1,2022-04-27 09:42:15
1651052546835526000,33.75,4,33.75,1,33.8,103,1,2022-04-27 09:42:26
1651052546867903000,33.75,1,33.7,3,33.8,103,2,2022-04-27 09:42:26
1651052547851341000,33.75,1,33.7,3,33.8,113,1,2022-04-27 09:42:27
1651052553076355000,33.75,2,33.7,3,33.75,1,1,2022-04-27 09:42:33
1651052555610377000,33.75,1,33.75,1,33.8,113,1,2022-04-27 09:42:35
1651052555641411000,33.75,1,33.7,3,33.8,113,2,2022-04-27 09:42:35
1651052559518852000,33.8,3,33.7,3,33.8,111,1,2022-04-27 09:42:39
1651052562048483000,33.7,3,33.65,5,33.75,10,2,2022-04-27 09:42:42
1651052564922252000,33.7,2,33.65,5,33.7,1,1,2022-04-27 09:42:44
1651052565272963000,33.7,1,33.65,5,33.75,14,1,2022-04-27 09:42:45
1651052570759737000,33.75,1,33.7,7,33.75,9,1,2022-04-27 09:42:50
1651052571927280000,33.75,9,33.75,1,33.8,113,1,2022-04-27 09:42:51
1651052571938673000,33.75,1,33.7,8,33.8,113,2,2022-04-27 09:42:51
1651052576254707000,33.7,5,33.7,3,33.75,1,2,2022-04-27 09:42:56
1651052582960762000,33.7,3,33.65,5,33.75,8,2,2022-04-27 09:43:02
1651052588024882000,33.7,1,33.7,9,33.75,12,1,2022-04-27 09:43:08
1651052589874458000,33.75,4,33.7,9,33.75,4,1,2022-04-27 09:43:09
1651052590319324000,33.75,4,33.7,9,33.8,113,1,2022-04-27 09:43:10
1651052594828778000,33.75,1,33.7,10,33.8,114,2,2022-04-27 09:43:14
1651052597151260000,33.75,2,33.7,10,33.8,114,2,2022-04-27 09:43:17
1651052601801464000,33.75,3,33.7,10,33.8,114,2,2022-04-27 09:43:21
1651052608345450000,33.7,2,33.7,2,33.75,6,2,2022-04-27 09:43:28
1651052610654632000,33.7,2,33.65,6,33.75,12,2,2022-04-27 09:43:30
1651052612604889000,33.65,6,33.6,8,33.7,2,2,2022-04-27 09:43:32
1651052612604889000,33.6,4,33.6,8,33.7,2,2,2022-04-27 09:43:32
1651052623195036000,33.65,1,33.6,7,33.7,6,2,2022-04-27 09:43:43
1651052627163319000,33.6,7,33.55,11,33.65,6,2,2022-04-27 09:43:47
1651052646583942000,33.55,11,33.5,31,33.6,5,2,2022-04-27 09:44:06
1651052657792426000,33.6,1,33.55,10,33.6,6,1,2022-04-27 09:44:17
1651052662185916000,33.6,2,33.55,10,33.6,4,1,2022-04-27 09:44:22
1651052662603298000,33.6,1,33.55,20,33.6,3,1,2022-04-27 09:44:22
1651052665605895000,33.6,1,33.55,20,33.6,2,1,2022-04-27 09:44:25
1651052668576506000,33.6,2,33.6,1,33.65,6,1,2022-04-27 09:44:28
1651052672946100000,33.6,1,33.55,20,33.6,4,2,2022-04-27 09:44:32
1651052681759373000,33.6,2,33.55,20,33.6,2,1,2022-04-27 09:44:41
1651052686629619000,33.6,2,33.65,6,33.7,9,1,2022-04-27 09:44:46
1651052686629619000,33.65,2,33.65,6,33.7,9,1,2022-04-27 09:44:46
1651052686661135000,33.65,6,33.55,25,33.7,9,2,2022-04-27 09:44:46
1651052705102287000,33.6,5,33.6,5,33.7,9,1,2022-04-27 09:45:05
1651052710012929000,33.65,1,33.6,5,33.7,9,2,2022-04-27 09:45:10
1651052711391482000,33.6,1,33.6,4,33.7,9,2,2022-04-27 09:45:11
1651052773183574000,33.6,2,33.6,45,33.65,8,2,2022-04-27 09:46:13
1651052775792623000,33.6,2,33.6,43,33.65,8,2,2022-04-27 09:46:15
1651052775846805000,33.6,2,33.6,41,33.65,8,2,2022-04-27 09:46:15
1651052777072210000,33.6,4,33.6,37,33.65,6,2,2022-04-27 09:46:17
1651052777129522000,33.6,2,33.6,35,33.65,6,2,2022-04-27 09:46:17
1651052777544894000,33.6,1,33.6,34,33.65,6,2,2022-04-27 09:46:17
1651052780751061000,33.6,5,33.6,29,33.65,6,2,2022-04-27 09:46:20
1651052792799161000,33.65,5,33.6,69,33.65,1,1,2022-04-27 09:46:32
1651052811081491000,33.65,7,33.6,169,33.7,29,1,2022-04-27 09:46:51
1651052848302920000,33.65,1,33.6,68,33.65,10,1,2022-04-27 09:47:28
1651052851941065000,33.65,1,33.6,68,33.65,9,1,2022-04-27 09:47:31
1651052855710960000,33.65,10,33.6,68,33.7,29,1,2022-04-27 09:47:35
1651052877831891000,33.6,27,33.6,41,33.65,1,2,2022-04-27 09:47:57
1651052877882107000,33.6,2,33.6,39,33.65,1,2,2022-04-27 09:47:57
1651052881896670000,33.65,1,33.6,39,33.7,33,1,2022-04-27 09:48:01
1651052886109625000,33.65,2,33.65,8,33.7,33,2,2022-04-27 09:48:06
1651052907074169000,33.7,1,33.65,18,33.7,32,1,2022-04-27 09:48:27
1651052936524064000,33.7,1,33.65,20,33.7,31,1,2022-04-27 09:48:56
1651052945367396000,33.7,1,33.65,20,33.7,30,1,2022-04-27 09:49:05
1651052959768047000,33.7,1,33.65,20,33.7,29,1,2022-04-27 09:49:19
1651052961159018000,33.65,2,33.65,18,33.7,19,2,2022-04-27 09:49:21
1651052967534220000,33.7,5,33.65,18,33.7,14,1,2022-04-27 09:49:27
1651052969723916000,33.7,14,33.65,18,33.75,36,1,2022-04-27 09:49:29
1651052969723916000,33.75,1,33.65,18,33.75,36,1,2022-04-27 09:49:29
1651052980118496000,33.75,1,33.65,18,33.75,46,1,2022-04-27 09:49:40
1651052984500827000,33.7,2,33.65,16,33.7,3,1,2022-04-27 09:49:44
1651052985013655000,33.7,1,33.65,16,33.7,2,1,2022-04-27 09:49:45
1651052987796957000,33.7,1,33.65,16,33.7,1,1,2022-04-27 09:49:47
1651052995143447000,33.7,1,33.7,4,33.75,45,1,2022-04-27 09:49:55
1651053002373888000,33.7,4,33.7,2,33.75,49,2,2022-04-27 09:50:02
1651053003167773000,33.7,4,33.7,8,33.75,49,2,2022-04-27 09:50:03
1651053009099186000,33.7,5,33.7,3,33.75,51,2,2022-04-27 09:50:09
1651053009163631000,33.7,3,33.65,16,33.75,51,2,2022-04-27 09:50:09
1651053018201922000,33.7,5,33.65,16,33.7,7,1,2022-04-27 09:50:18
1651053024841771000,33.7,5,33.65,16,33.7,12,1,2022-04-27 09:50:24
1651053029134938000,33.7,1,33.65,16,33.7,11,1,2022-04-27 09:50:29
1651053049189233000,33.65,2,33.65,19,33.7,20,2,2022-04-27 09:50:49
1651053053729141000,33.65,2,33.65,17,33.7,25,2,2022-04-27 09:50:53
1651053053755021000,33.65,15,33.65,2,33.7,25,2,2022-04-27 09:50:53
1651053053758489000,33.65,2,33.6,43,33.7,25,2,2022-04-27 09:50:53
1651053055025658000,33.6,2,33.6,41,33.7,25,2,2022-04-27 09:50:55
1651053056814371000,33.65,1,33.6,41,33.7,25,1,2022-04-27 09:50:56
1651053057148434000,33.6,10,33.6,31,33.7,25,2,2022-04-27 09:50:57
1651053069559376000,33.65,1,33.6,31,33.65,13,1,2022-04-27 09:51:09
1651053071218398000,33.65,1,33.6,31,33.65,12,1,2022-04-27 09:51:11
1651053072365534000,33.6,1,33.6,30,33.65,12,2,2022-04-27 09:51:12
1651053077210473000,33.6,30,33.55,26,33.65,12,2,2022-04-27 09:51:17
1651053083278701000,33.6,1,33.55,26,33.65,12,1,2022-04-27 09:51:23
1651053083382526000,33.55,26,33.5,44,33.55,4,2,2022-04-27 09:51:23
1651053083839197000,33.55,4,33.6,16,33.65,12,1,2022-04-27 09:51:23
1651053083869308000,33.6,8,33.6,8,33.65,12,2,2022-04-27 09:51:23
1651053083896029000,33.6,2,33.6,6,33.65,12,2,2022-04-27 09:51:23
1651053083903469000,33.6,6,33.5,44,33.65,12,2,2022-04-27 09:51:23
1651053098162887000,33.6,2,33.55,47,33.6,8,1,2022-04-27 09:51:38
1651053105337871000,33.65,5,33.6,30,33.65,7,1,2022-04-27 09:51:45
1651053105380755000,33.65,7,33.6,30,33.7,21,1,2022-04-27 09:51:45
1651053109653063000,33.7,21,33.7,3,33.75,45,1,2022-04-27 09:51:49
1651053111323726000,33.7,1,33.7,4,33.75,46,2,2022-04-27 09:51:51
1651053115423692000,33.75,5,33.7,4,33.75,41,1,2022-04-27 09:51:55
1651053115491933000,33.75,2,33.7,4,33.75,39,1,2022-04-27 09:51:55
1651053115619290000,33.75,5,33.7,4,33.75,34,1,2022-04-27 09:51:55
1651053115686099000,33.75,2,33.7,4,33.75,32,1,2022-04-27 09:51:55
1651053117992441000,33.75,2,33.7,6,33.75,30,1,2022-04-27 09:51:57
1651053118450673000,33.75,2,33.7,6,33.75,28,1,2022-04-27 09:51:58
1651053118475846000,33.75,28,33.7,6,33.8,125,1,2022-04-27 09:51:58
1651053118936577000,33.7,5,33.7,1,33.8,125,2,2022-04-27 09:51:58
1651053120461179000,33.8,2,33.7,5,33.8,123,1,2022-04-27 09:52:00
1651053131246801000,33.75,2,33.75,2,33.8,123,2,2022-04-27 09:52:11
1651053132093809000,33.75,1,33.7,6,33.8,123,1,2022-04-27 09:52:12
1651053153025482000,33.75,3,33.7,11,33.75,4,1,2022-04-27 09:52:33
1651053155826960000,33.75,1,33.7,11,33.75,9,1,2022-04-27 09:52:35
1651053174416477000,33.75,1,33.7,11,33.75,19,1,2022-04-27 09:52:54
1651053210308704000,33.7,1,33.7,6,33.75,19,2,2022-04-27 09:53:30
1651053214043247000,33.7,1,33.7,5,33.75,19,2,2022-04-27 09:53:34
1651053214490122000,33.7,5,33.65,22,33.7,3,2,2022-04-27 09:53:34
1651053230015233000,33.7,1,33.65,22,33.7,4,1,2022-04-27 09:53:50
1651053245058954000,33.7,6,33.7,10,33.75,19,1,2022-04-27 09:54:05
1651053245458127000,33.7,5,33.7,5,33.75,19,2,2022-04-27 09:54:05
1651053251394573000,33.7,1,33.7,4,33.75,19,2,2022-04-27 09:54:11
1651053257510339000,33.7,4,33.65,21,33.7,1,2,2022-04-27 09:54:17
1651053274551289000,33.7,8,33.7,2,33.75,15,1,2022-04-27 09:54:34
1651053305543453000,33.7,4,33.7,6,33.75,15,2,2022-04-27 09:55:05
1651053321103263000,33.7,5,33.7,1,33.75,15,2,2022-04-27 09:55:21
1651053336864910000,33.7,1,33.7,5,33.75,15,2,2022-04-27 09:55:36
1651053347581843000,33.75,2,33.7,46,33.75,13,1,2022-04-27 09:55:47
1651053350692304000,33.75,10,33.7,48,33.75,4,1,2022-04-27 09:55:50
1651053350730066000,33.75,4,33.7,48,33.8,134,1,2022-04-27 09:55:50
1651053350771604000,33.8,18,33.7,48,33.8,116,1,2022-04-27 09:55:50
1651053350826201000,33.8,2,33.75,2,33.8,114,1,2022-04-27 09:55:50
1651053351935094000,33.8,114,33.75,2,33.85,81,1,2022-04-27 09:55:51
1651053352341389000,33.85,1,33.75,2,33.85,80,1,2022-04-27 09:55:52
1651053352414904000,33.85,2,33.75,3,33.85,78,1,2022-04-27 09:55:52
1651053352545221000,33.85,1,33.75,3,33.85,77,1,2022-04-27 09:55:52
1651053354649912000,33.85,3,33.8,998,33.85,74,1,2022-04-27 09:55:54
1651053355349406000,33.85,1,33.8,998,33.85,73,1,2022-04-27 09:55:55
1651053356014459000,33.85,2,33.8,998,33.85,91,1,2022-04-27 09:55:56
1651053356434545000,33.85,1,33.8,998,33.85,90,1,2022-04-27 09:55:56
1651053357931931000,33.85,1,33.8,998,33.85,104,1,2022-04-27 09:55:57
1651053358938203000,33.85,1,33.75,1,33.85,103,1,2022-04-27 09:55:58
1651053360246432000,33.85,1,33.75,1,33.85,102,1,2022-04-27 09:56:00
1651053360469174000,33.85,20,33.75,1,33.85,82,1,2022-04-27 09:56:00
1651053361057575000,33.85,1,33.75,1,33.85,81,1,2022-04-27 09:56:01
1651053361381208000,33.85,3,33.75,1,33.85,78,1,2022-04-27 09:56:01
1651053361386745000,33.85,2,33.75,1,33.85,76,1,2022-04-27 09:56:01
1651053361712208000,33.85,10,33.75,1,33.85,66,1,2022-04-27 09:56:01
1651053362942536000,33.85,1,33.75,1,33.85,67,1,2022-04-27 09:56:02
1651053363076786000,33.85,10,33.75,1,33.85,57,1,2022-04-27 09:56:03
1651053363768633000,33.8,1,33.75,1,33.8,19,1,2022-04-27 09:56:03
1651053364317829000,33.8,1,33.75,1,33.8,18,1,2022-04-27 09:56:04
1651053364804722000,33.75,1,33.7,41,33.8,18,2,2022-04-27 09:56:04
1651053366166483000,33.8,3,33.75,1,33.8,15,1,2022-04-27 09:56:06
1651053366280783000,33.8,1,33.75,1,33.8,14,1,2022-04-27 09:56:06
1651053369495923000,33.8,5,33.75,3,33.8,30,1,2022-04-27 09:56:09
1651053372289435000,33.8,3,33.75,9,33.8,37,1,2022-04-27 09:56:12
1651053372337399000,33.8,1,33.75,9,33.8,36,1,2022-04-27 09:56:12
1651053375185081000,33.8,2,33.75,17,33.8,34,1,2022-04-27 09:56:15
1651053376379184000,33.8,1,33.75,18,33.8,33,1,2022-04-27 09:56:16
1651053377583311000,33.8,1,33.75,18,33.8,32,1,2022-04-27 09:56:17
1651053377964646000,33.8,1,33.75,18,33.8,31,1,2022-04-27 09:56:17
1651053380070697000,33.8,2,33.75,573,33.8,32,1,2022-04-27 09:56:20
1651053380392732000,33.8,10,33.75,573,33.8,22,1,2022-04-27 09:56:20
1651053381790992000,33.8,3,33.75,573,33.8,24,1,2022-04-27 09:56:21
1651053382691919000,33.8,2,33.75,18,33.8,22,1,2022-04-27 09:56:22
1651053383667353000,33.8,1,33.75,18,33.8,21,1,2022-04-27 09:56:23
1651053384351561000,33.8,1,33.75,19,33.8,20,1,2022-04-27 09:56:24
1651053384368808000,33.8,5,33.75,19,33.8,15,1,2022-04-27 09:56:24
1651053384462959000,33.8,10,33.75,19,33.8,5,1,2022-04-27 09:56:24
1651053385392320000,33.8,1,33.75,19,33.8,4,1,2022-04-27 09:56:25
1651053385429366000,33.8,2,33.75,19,33.8,2,1,2022-04-27 09:56:25
1651053387014661000,33.8,1,33.75,19,33.8,11,1,2022-04-27 09:56:27
1651053388115179000,33.8,2,33.75,19,33.8,9,1,2022-04-27 09:56:28
1651053388753635000,33.8,1,33.75,19,33.8,8,1,2022-04-27 09:56:28
1651053388895863000,33.8,2,33.75,19,33.8,6,1,2022-04-27 09:56:28
1651053389107066000,33.8,1,33.75,19,33.8,5,1,2022-04-27 09:56:29
1651053389165659000,33.8,5,33.8,10,33.85,78,1,2022-04-27 09:56:29
1651053389234774000,33.85,1,33.8,11,33.85,77,1,2022-04-27 09:56:29
1651053390127187000,33.8,12,33.75,19,33.8,8,2,2022-04-27 09:56:30
1651053390383956000,33.8,1,33.75,19,33.8,7,1,2022-04-27 09:56:30
1651053390470554000,33.8,1,33.75,19,33.8,6,1,2022-04-27 09:56:30
1651053393453339000,33.8,10,33.75,15,33.8,1,1,2022-04-27 09:56:33
1651053393480538000,33.8,1,33.75,15,33.85,87,1,2022-04-27 09:56:33
1651053394085149000,33.8,1,33.75,15,33.8,9,1,2022-04-27 09:56:34
1651053396008290000,33.8,2,33.75,15,33.8,7,1,2022-04-27 09:56:36
1651053399381354000,33.8,2,33.75,17,33.8,10,1,2022-04-27 09:56:39
1651053400381522000,33.8,1,33.75,17,33.8,19,1,2022-04-27 09:56:40
1651053401317553000,33.8,1,33.75,17,33.8,18,1,2022-04-27 09:56:41
1651053401595694000,33.8,1,33.75,17,33.8,17,1,2022-04-27 09:56:41
1651053401715582000,33.8,1,33.75,17,33.8,16,1,2022-04-27 09:56:41
1651053404210793000,33.8,1,33.75,18,33.8,49,1,2022-04-27 09:56:44
1651053404591872000,33.8,20,33.75,18,33.8,29,1,2022-04-27 09:56:44
1651053405227413000,33.8,2,33.75,18,33.8,27,1,2022-04-27 09:56:45
1651053405724848000,33.8,1,33.75,18,33.8,26,1,2022-04-27 09:56:45
1651053406270438000,33.8,3,33.75,18,33.8,38,1,2022-04-27 09:56:46
1651053406324483000,33.8,1,33.75,18,33.8,47,1,2022-04-27 09:56:46
1651053406337526000,33.8,2,33.75,18,33.8,45,1,2022-04-27 09:56:46
1651053406441591000,33.8,1,33.75,18,33.8,44,1,2022-04-27 09:56:46
1651053406578240000,33.8,1,33.75,18,33.8,43,1,2022-04-27 09:56:46
1651053406998081000,33.8,2,33.75,17,33.8,41,1,2022-04-27 09:56:46
1651053407171389000,33.8,1,33.75,17,33.8,40,1,2022-04-27 09:56:47
1651053407284302000,33.8,1,33.75,17,33.8,39,1,2022-04-27 09:56:47
1651053407335040000,33.8,1,33.75,17,33.8,38,1,2022-04-27 09:56:47
1651053408009268000,33.8,2,33.75,18,33.8,37,1,2022-04-27 09:56:48
1651053409199590000,33.8,1,33.75,18,33.8,36,1,2022-04-27 09:56:49
1651053409241691000,33.8,1,33.75,18,33.8,35,1,2022-04-27 09:56:49
1651053409634493000,33.8,1,33.75,18,33.8,34,1,2022-04-27 09:56:49
1651053409909472000,33.75,5,33.75,13,33.8,34,2,2022-04-27 09:56:49
1651053412918073000,33.8,6,33.75,13,33.8,28,1,2022-04-27 09:56:52
1651053413194969000,33.8,1,33.75,13,33.8,27,1,2022-04-27 09:56:53
1651053417270934000,33.8,2,33.75,16,33.8,30,1,2022-04-27 09:56:57
1651053418209742000,33.8,30,33.75,16,33.85,31,1,2022-04-27 09:56:58
1651053419045003000,33.8,1,33.75,16,33.85,31,1,2022-04-27 09:56:59
1651053422474462000,33.85,2,33.8,31,33.85,29,1,2022-04-27 09:57:02
1651053423537834000,33.85,1,33.8,41,33.85,38,1,2022-04-27 09:57:03
1651053424759004000,33.85,2,33.8,43,33.85,36,1,2022-04-27 09:57:04
1651053427772625000,33.85,5,33.8,45,33.85,31,1,2022-04-27 09:57:07
1651053428618675000,33.85,1,33.8,45,33.85,30,1,2022-04-27 09:57:08
1651053429327879000,33.85,30,33.8,45,33.9,40,1,2022-04-27 09:57:09
1651053430018348000,33.9,3,33.8,46,33.9,37,1,2022-04-27 09:57:10
1651053430048039000,33.9,37,33.8,46,33.95,44,1,2022-04-27 09:57:10
1651053430257409000,33.95,1,33.9,1,33.95,43,1,2022-04-27 09:57:10
1651053430445990000,33.95,1,33.9,1,33.95,42,1,2022-04-27 09:57:10
1651053436047572000,33.9,2,33.9,2,33.95,43,2,2022-04-27 09:57:16
1651053436271240000,33.95,1,33.9,3,33.95,42,1,2022-04-27 09:57:16
1651053437138570000,33.95,1,33.9,3,33.95,41,1,2022-04-27 09:57:17
1651053437306437000,33.95,1,33.9,3,33.95,40,1,2022-04-27 09:57:17
1651053439528903000,33.95,1,33.9,4,33.95,40,1,2022-04-27 09:57:19
1651053439926719000,33.95,10,33.9,4,33.95,30,1,2022-04-27 09:57:19
1651053440009642000,33.95,10,33.9,4,33.95,20,1,2022-04-27 09:57:20
1651053440310852000,33.95,1,33.9,4,33.95,19,1,2022-04-27 09:57:20
1651053440510241000,33.95,1,33.9,4,33.95,18,1,2022-04-27 09:57:20
1651053440657293000,33.95,2,33.9,4,33.95,16,1,2022-04-27 09:57:20
1651053440962047000,33.95,1,33.9,4,33.95,15,1,2022-04-27 09:57:20
1651053440986567000,33.95,1,33.9,4,33.95,14,1,2022-04-27 09:57:20
1651053441031812000,33.95,2,33.9,4,33.95,12,1,2022-04-27 09:57:21
1651053441047961000,33.95,1,33.9,4,33.95,11,1,2022-04-27 09:57:21
1651053441356809000,33.95,1,33.9,4,33.95,10,1,2022-04-27 09:57:21
1651053441387236000,33.95,1,33.9,4,33.95,9,1,2022-04-27 09:57:21
1651053441589859000,33.95,2,33.9,4,33.95,7,1,2022-04-27 09:57:21
1651053441617514000,33.95,1,33.9,4,33.95,6,1,2022-04-27 09:57:21
1651053441778084000,33.95,2,33.9,4,33.95,4,1,2022-04-27 09:57:21
1651053441805390000,33.95,3,33.9,4,33.95,1,1,2022-04-27 09:57:21
1651053441996125000,33.95,1,33.95,3,34.0,41,1,2022-04-27 09:57:21
1651053443752980000,33.95,1,33.95,15,34.0,41,2,2022-04-27 09:57:23
1651053444248145000,34.0,1,33.95,15,34.0,40,1,2022-04-27 09:57:24
1651053444358467000,34.0,2,33.95,16,34.0,38,1,2022-04-27 09:57:24
1651053445170012000,34.0,4,33.95,17,34.0,34,1,2022-04-27 09:57:25
1651053445194693000,34.0,6,33.95,17,34.0,28,1,2022-04-27 09:57:25
1651053445692569000,34.0,18,33.95,17,34.0,10,1,2022-04-27 09:57:25
1651053445713615000,34.0,4,33.95,17,34.0,6,1,2022-04-27 09:57:25
1651053445749477000,34.0,2,33.95,17,34.0,4,1,2022-04-27 09:57:25
1651053446714188000,34.0,2,33.95,17,34.0,7,1,2022-04-27 09:57:26
1651053446824101000,34.0,1,33.95,17,34.0,6,1,2022-04-27 09:57:26
1651053447273457000,34.0,1,33.95,18,34.0,5,1,2022-04-27 09:57:27
1651053447451052000,34.0,1,33.95,18,34.0,4,1,2022-04-27 09:57:27
1651053447964876000,34.0,1,33.95,18,34.0,3,1,2022-04-27 09:57:27
1651053448843599000,34.0,4,33.95,20,34.05,25,1,2022-04-27 09:57:28
1651053449715124000,34.0,1,33.95,21,34.0,9,1,2022-04-27 09:57:29
1651053449888590000,34.0,1,33.95,22,34.0,9,1,2022-04-27 09:57:29
1651053449985547000,34.0,1,33.95,22,34.0,8,1,2022-04-27 09:57:29
1651053450050980000,34.0,8,34.0,42,34.05,25,1,2022-04-27 09:57:30
1651053450134315000,34.0,5,34.0,37,34.05,25,2,2022-04-27 09:57:30
1651053450614481000,34.05,2,34.0,58,34.05,23,1,2022-04-27 09:57:30
1651053450664011000,34.05,6,34.0,58,34.05,17,1,2022-04-27 09:57:30
1651053450672628000,34.0,1,34.0,58,34.05,17,2,2022-04-27 09:57:30
1651053450939777000,34.0,2,34.0,56,34.05,17,2,2022-04-27 09:57:30
1651053451000987000,34.0,1,34.0,55,34.05,17,2,2022-04-27 09:57:31
1651053452779602000,34.05,1,34.0,55,34.05,17,1,2022-04-27 09:57:32
1651053452958523000,34.05,5,34.0,55,34.05,12,1,2022-04-27 09:57:32
1651053453605163000,34.05,10,34.0,55,34.05,2,1,2022-04-27 09:57:33
1651053453716713000,34.05,1,34.0,55,34.05,1,1,2022-04-27 09:57:33
1651053453894435000,34.0,5,34.0,50,34.05,1,2,2022-04-27 09:57:33
1651053454259068000,34.05,1,34.05,1,34.1,47,1,2022-04-27 09:57:34
1651053454531730000,34.1,1,34.05,1,34.1,46,1,2022-04-27 09:57:34
1651053454702862000,34.1,1,34.05,3,34.1,45,1,2022-04-27 09:57:34
1651053454725192000,34.1,4,34.05,3,34.1,41,1,2022-04-27 09:57:34
1651053454750058000,34.1,1,34.05,3,34.1,40,1,2022-04-27 09:57:34
1651053455521716000,34.05,1,34.05,2,34.1,40,2,2022-04-27 09:57:35
1651053456536269000,34.1,3,34.05,4,34.1,37,1,2022-04-27 09:57:36
1651053457600523000,34.05,2,34.05,2,34.1,37,2,2022-04-27 09:57:37
1651053457936364000,34.1,1,34.05,2,34.1,37,1,2022-04-27 09:57:37
1651053458038554000,34.05,2,34.0,381,34.05,3,2,2022-04-27 09:57:38
1651053458143564000,34.05,1,34.0,381,34.05,2,1,2022-04-27 09:57:38
1651053458645449000,34.05,1,34.0,381,34.05,1,1,2022-04-27 09:57:38
1651053458805616000,34.05,1,34.0,81,34.1,37,1,2022-04-27 09:57:38
1651053459800905000,34.05,1,34.0,82,34.1,39,2,2022-04-27 09:57:39
1651053460085003000,34.05,1,34.0,82,34.05,4,1,2022-04-27 09:57:40
1651053460715834000,34.05,4,34.05,1,34.1,39,1,2022-04-27 09:57:40
1651053460920467000,34.1,1,34.05,1,34.1,38,1,2022-04-27 09:57:40
1651053460967412000,34.05,1,34.0,82,34.05,1,2,2022-04-27 09:57:40
1651053461117908000,34.05,1,34.0,81,34.1,38,1,2022-04-27 09:57:41
1651053461426420000,34.1,1,34.0,81,34.1,37,1,2022-04-27 09:57:41
1651053461557296000,34.1,1,34.0,81,34.1,36,1,2022-04-27 09:57:41
1651053461754052000,34.05,1,34.0,82,34.05,4,2,2022-04-27 09:57:41
1651053462917254000,34.0,3,34.0,79,34.05,22,2,2022-04-27 09:57:42
1651053463446024000,34.0,2,34.0,77,34.05,23,2,2022-04-27 09:57:43
1651053463464947000,34.05,2,34.0,77,34.05,21,1,2022-04-27 09:57:43
1651053464074445000,34.05,1,34.0,77,34.05,21,1,2022-04-27 09:57:44
1651053464619763000,34.0,5,34.0,74,34.05,23,2,2022-04-27 09:57:44
1651053464853183000,34.05,2,34.0,74,34.05,25,1,2022-04-27 09:57:44
1651053465151838000,34.05,2,34.0,74,34.05,24,1,2022-04-27 09:57:45
1651053465359833000,34.05,10,34.0,74,34.05,24,1,2022-04-27 09:57:45
1651053466177648000,34.05,1,34.0,74,34.05,23,1,2022-04-27 09:57:46
1651053466653704000,34.0,2,34.0,72,34.05,23,2,2022-04-27 09:57:46
1651053466891428000,34.05,1,34.0,71,34.05,22,1,2022-04-27 09:57:46
1651053467099768000,34.05,1,34.0,71,34.05,21,1,2022-04-27 09:57:47
1651053467896667000,34.05,1,34.0,71,34.05,24,1,2022-04-27 09:57:47
1651053468197693000,34.05,1,34.0,71,34.05,23,1,2022-04-27 09:57:48
1651053468385282000,34.05,2,34.0,71,34.05,21,1,2022-04-27 09:57:48
1651053468470961000,34.05,1,34.0,71,34.05,20,1,2022-04-27 09:57:48
1651053469625312000,34.05,1,34.0,74,34.05,40,1,2022-04-27 09:57:49
1651053469678879000,34.0,2,34.0,72,34.05,40,2,2022-04-27 09:57:49
1651053469976120000,34.05,1,34.0,72,34.05,39,1,2022-04-27 09:57:49
1651053470014177000,34.05,5,34.0,72,34.05,36,1,2022-04-27 09:57:50
1651053470060717000,34.05,1,34.0,72,34.05,35,1,2022-04-27 09:57:50
1651053470174622000,34.05,1,34.0,72,34.05,36,1,2022-04-27 09:57:50
1651053471003875000,34.05,1,34.0,72,34.05,43,1,2022-04-27 09:57:51
1651053471078472000,34.05,1,34.0,72,34.05,42,1,2022-04-27 09:57:51
1651053471115837000,34.0,72,33.95,21,34.05,42,2,2022-04-27 09:57:51
1651053471176517000,34.05,2,33.95,21,34.05,44,1,2022-04-27 09:57:51
1651053472229608000,34.0,2,33.95,21,34.0,18,2,2022-04-27 09:57:52
1651053472337897000,34.0,1,33.95,21,34.0,17,1,2022-04-27 09:57:52
1651053472377454000,34.0,1,33.95,21,34.0,16,1,2022-04-27 09:57:52
1651053474019728000,34.0,1,33.95,11,34.0,25,1,2022-04-27 09:57:54
1651053475166800000,34.0,1,33.95,11,34.0,22,1,2022-04-27 09:57:55
1651053475238256000,34.0,1,33.95,11,34.0,21,1,2022-04-27 09:57:55
1651053475362542000,34.0,1,33.95,11,34.0,20,1,2022-04-27 09:57:55
1651053476316077000,33.95,2,33.95,9,34.0,20,2,2022-04-27 09:57:56
1651053476638104000,34.0,1,33.95,9,34.0,19,1,2022-04-27 09:57:56
1651053476814450000,33.95,9,33.9,7,34.0,19,2,2022-04-27 09:57:56
1651053476814450000,33.9,1,33.9,7,34.0,19,2,2022-04-27 09:57:56
1651053478192795000,33.95,1,33.9,7,33.95,27,1,2022-04-27 09:57:58
1651053478337735000,33.95,5,33.9,7,33.95,22,1,2022-04-27 09:57:58
1651053478667263000,33.95,3,33.9,7,33.95,19,1,2022-04-27 09:57:58
1651053479123217000,33.95,3,33.9,7,33.95,16,1,2022-04-27 09:57:59
1651053479141123000,33.9,2,33.9,5,33.95,16,2,2022-04-27 09:57:59
1651053481090041000,33.9,1,33.9,5,33.95,16,2,2022-04-27 09:58:01
1651053481994325000,33.9,5,33.85,16,33.95,14,2,2022-04-27 09:58:01
1651053482845273000,33.95,1,33.9,1,33.95,13,1,2022-04-27 09:58:02
1651053482872710000,33.9,1,33.85,16,33.9,19,2,2022-04-27 09:58:02
1651053483009234000,33.9,1,33.85,16,33.9,18,1,2022-04-27 09:58:03
1651053483565336000,33.9,1,33.85,16,33.9,18,1,2022-04-27 09:58:03
1651053484505352000,33.9,1,33.85,15,33.9,22,1,2022-04-27 09:58:04
1651053484801374000,33.9,2,33.85,15,33.9,21,1,2022-04-27 09:58:04
1651053485548762000,33.85,15,33.8,53,33.9,21,2,2022-04-27 09:58:05
1651053487531970000,33.9,1,33.8,53,33.9,20,1,2022-04-27 09:58:07
1651053487599136000,33.9,1,33.8,53,33.9,19,1,2022-04-27 09:58:07
1651053488222557000,33.9,1,33.8,53,33.9,18,1,2022-04-27 09:58:08
1651053488699028000,33.9,10,33.8,53,33.9,8,1,2022-04-27 09:58:08
1651053489413185000,33.85,1,33.8,53,33.9,8,1,2022-04-27 09:58:09
1651053489721419000,33.9,1,33.85,1,33.9,7,1,2022-04-27 09:58:09
1651053489837261000,33.85,1,33.8,52,33.9,7,2,2022-04-27 09:58:09
1651053489837261000,33.8,1,33.8,52,33.9,7,2,2022-04-27 09:58:09
1651053491526654000,33.85,1,33.8,51,33.9,7,2,2022-04-27 09:58:11
1651053491526654000,33.8,1,33.8,51,33.9,7,2,2022-04-27 09:58:11
1651053493181576000,33.85,1,33.85,2,33.9,7,2,2022-04-27 09:58:13
1651053493558426000,33.9,7,33.85,2,34.0,36,1,2022-04-27 09:58:13
1651053493558426000,33.95,13,33.85,2,34.0,36,1,2022-04-27 09:58:13
1651053493558426000,34.0,5,33.85,2,34.0,36,1,2022-04-27 09:58:13
1651053495217727000,33.95,4,33.85,2,33.95,1,1,2022-04-27 09:58:15
1651053496531507000,33.9,2,33.85,9,33.9,2,2,2022-04-27 09:58:16
1651053497187993000,33.9,2,33.85,11,33.95,15,1,2022-04-27 09:58:17
1651053497577963000,33.95,1,33.85,13,33.95,14,1,2022-04-27 09:58:17
1651053499149035000,33.9,1,33.85,14,33.95,18,1,2022-04-27 09:58:19
1651053499149035000,33.95,1,33.85,14,33.95,18,1,2022-04-27 09:58:19
1651053499340804000,33.95,5,33.85,14,33.95,13,1,2022-04-27 09:58:19
1651053502086932000,33.9,1,33.9,1,33.95,28,2,2022-04-27 09:58:22
1651053502342278000,33.9,1,33.85,19,33.9,3,2,2022-04-27 09:58:22
1651053503763537000,33.9,1,33.85,24,33.9,2,1,2022-04-27 09:58:23
1651053503885932000,33.9,2,33.85,24,33.95,26,1,2022-04-27 09:58:23
1651053503885932000,33.95,3,33.85,24,33.95,26,1,2022-04-27 09:58:23
1651053504801842000,33.9,3,33.9,17,33.95,26,2,2022-04-27 09:58:24
1651053505610068000,33.95,1,33.9,18,33.95,25,1,2022-04-27 09:58:25
1651053505840862000,33.95,1,33.9,18,33.95,24,1,2022-04-27 09:58:25
1651053505945668000,33.95,1,33.9,18,33.95,23,1,2022-04-27 09:58:25
1651053506359038000,33.95,1,33.9,18,33.95,22,1,2022-04-27 09:58:26
1651053509361567000,33.95,1,33.9,37,33.95,36,1,2022-04-27 09:58:29
1651053509510635000,33.95,1,33.9,38,33.95,35,1,2022-04-27 09:58:29
1651053510526229000,33.95,1,33.9,38,33.95,34,1,2022-04-27 09:58:30
1651053512312182000,33.95,2,33.9,38,33.95,32,1,2022-04-27 09:58:32
1651053512339760000,33.95,2,33.9,38,33.95,30,1,2022-04-27 09:58:32
1651053514230821000,33.95,1,33.9,38,33.95,29,1,2022-04-27 09:58:34
1651053515082263000,33.95,1,33.9,38,33.95,33,1,2022-04-27 09:58:35
1651053517683015000,33.95,3,33.9,42,33.95,15,1,2022-04-27 09:58:37
1651053517762728000,33.95,3,33.9,42,33.95,12,1,2022-04-27 09:58:37
1651053518211534000,33.9,4,33.9,40,33.95,12,2,2022-04-27 09:58:38
1651053518465320000,33.95,1,33.9,41,33.95,16,1,2022-04-27 09:58:38
1651053518934945000,33.95,2,33.9,41,33.95,14,1,2022-04-27 09:58:38
1651053520040732000,33.95,2,33.9,41,33.95,12,1,2022-04-27 09:58:40
1651053520411568000,33.95,1,33.9,44,33.95,11,1,2022-04-27 09:58:40
1651053521426619000,33.9,4,33.9,40,33.95,11,2,2022-04-27 09:58:41
1651053521639173000,33.95,3,33.9,37,33.95,16,1,2022-04-27 09:58:41
1651053521895898000,33.95,10,33.9,37,33.95,6,1,2022-04-27 09:58:41
1651053522302141000,33.95,2,33.9,37,33.95,4,1,2022-04-27 09:58:42
1651053523416474000,33.95,2,33.9,37,33.95,3,1,2022-04-27 09:58:43
1651053523846484000,33.95,1,33.9,37,33.95,2,1,2022-04-27 09:58:43
1651053523870036000,33.9,1,33.9,36,33.95,2,2,2022-04-27 09:58:43
1651053524021568000,33.95,1,33.9,36,33.95,1,1,2022-04-27 09:58:44
1651053524369554000,33.95,1,33.9,36,33.95,1,1,2022-04-27 09:58:44
1651053525007548000,33.95,1,33.95,1,34.0,80,1,2022-04-27 09:58:45
1651053525324420000,34.0,20,33.95,1,34.0,60,1,2022-04-27 09:58:45
1651053528849966000,33.95,1,33.95,21,34.0,60,2,2022-04-27 09:58:48
1651053529206545000,34.0,1,33.95,21,34.0,59,1,2022-04-27 09:58:49
1651053529596911000,34.0,1,33.95,21,34.0,58,1,2022-04-27 09:58:49
1651053531110465000,34.0,1,33.95,33,34.0,57,1,2022-04-27 09:58:51
1651053532000621000,34.0,1,33.95,33,34.0,56,1,2022-04-27 09:58:52
1651053533582872000,34.0,2,33.95,36,34.0,54,1,2022-04-27 09:58:53
1651053534105138000,34.0,10,33.95,36,34.0,44,1,2022-04-27 09:58:54
1651053535163024000,34.0,2,33.95,36,34.0,42,1,2022-04-27 09:58:55
1651053536141571000,34.0,36,33.95,36,34.0,6,1,2022-04-27 09:58:56
1651053536155721000,34.0,1,33.95,36,34.0,5,1,2022-04-27 09:58:56
1651053536168860000,34.0,1,33.95,36,34.0,4,1,2022-04-27 09:58:56
1651053536186695000,34.0,1,33.95,36,34.0,3,1,2022-04-27 09:58:56
1651053536922293000,34.0,1,33.95,38,34.0,2,1,2022-04-27 09:58:56
1651053537758419000,34.0,1,33.95,39,34.0,1,1,2022-04-27 09:58:57
1651053537908460000,34.0,1,33.95,39,34.05,36,1,2022-04-27 09:58:57
1651053539308271000,34.0,2,33.95,40,34.0,3,2,2022-04-27 09:58:59
1651053540215511000,34.0,3,34.0,7,34.05,36,1,2022-04-27 09:59:00
1651053542316427000,34.0,1,34.0,6,34.05,36,2,2022-04-27 09:59:02
1651053543326533000,34.05,2,34.0,7,34.05,34,1,2022-04-27 09:59:03
1651053543356936000,34.0,7,33.95,545,34.0,13,2,2022-04-27 09:59:03
1651053543377438000,34.0,1,33.95,545,34.0,12,1,2022-04-27 09:59:03
1651053543604002000,34.0,1,33.95,545,34.0,11,1,2022-04-27 09:59:03
1651053543847227000,34.0,2,33.95,545,34.0,9,1,2022-04-27 09:59:03
1651053544723383000,34.0,1,33.95,46,34.0,11,1,2022-04-27 09:59:04
1651053545094915000,34.0,1,33.95,46,34.0,10,1,2022-04-27 09:59:05
1651053545546348000,34.0,1,33.95,46,34.0,19,1,2022-04-27 09:59:05
1651053545993003000,34.0,1,33.95,46,34.0,18,1,2022-04-27 09:59:05
1651053546167767000,34.0,1,33.95,46,34.0,17,1,2022-04-27 09:59:06
1651053546206733000,34.0,5,33.95,46,34.0,12,1,2022-04-27 09:59:06
1651053546451737000,34.0,2,33.95,46,34.0,12,1,2022-04-27 09:59:06
1651053546639746000,34.0,3,33.95,46,34.0,14,1,2022-04-27 09:59:06
1651053547107024000,34.0,1,33.95,46,34.0,24,1,2022-04-27 09:59:07
1651053547388281000,34.0,1,33.95,46,34.0,23,1,2022-04-27 09:59:07
1651053547644468000,34.0,2,33.95,46,34.0,21,1,2022-04-27 09:59:07
1651053547708388000,34.0,1,33.95,46,34.0,20,1,2022-04-27 09:59:07
1651053547814334000,34.0,3,33.95,46,34.0,17,1,2022-04-27 09:59:07
1651053549600180000,34.0,1,33.95,47,34.0,17,1,2022-04-27 09:59:09
1651053550700544000,34.0,5,33.95,47,34.0,12,1,2022-04-27 09:59:10
1651053550943762000,34.0,1,33.95,47,34.0,11,1,2022-04-27 09:59:10
1651053551283682000,34.0,3,33.95,47,34.0,8,1,2022-04-27 09:59:11
1651053551799564000,34.0,3,33.95,47,34.0,5,1,2022-04-27 09:59:11
1651053553779670000,33.95,2,33.95,44,34.0,5,2,2022-04-27 09:59:13
1651053555621113000,34.0,2,33.95,44,34.0,4,1,2022-04-27 09:59:15
1651053556822751000,34.0,2,33.95,44,34.0,16,1,2022-04-27 09:59:16
1651053557026761000,34.0,2,33.95,44,34.0,14,1,2022-04-27 09:59:17
1651053559498980000,33.95,18,33.95,26,34.0,21,2,2022-04-27 09:59:19
1651053559526176000,33.95,26,33.9,35,34.0,21,2,2022-04-27 09:59:19
1651053561096515000,33.95,1,33.9,35,33.95,4,1,2022-04-27 09:59:21
1651053561442862000,33.95,3,33.9,35,33.95,1,1,2022-04-27 09:59:21
1651053562142585000,33.9,1,33.9,34,34.0,35,2,2022-04-27 09:59:22
1651053563098049000,33.9,1,33.9,34,33.95,1,2,2022-04-27 09:59:23
1651053565551306000,33.9,1,33.9,30,33.95,19,2,2022-04-27 09:59:25
1651053565991878000,33.95,1,33.9,30,33.95,38,1,2022-04-27 09:59:25
1651053566334754000,33.95,1,33.9,30,33.95,37,1,2022-04-27 09:59:26
1651053566638115000,33.9,10,33.9,20,33.95,37,2,2022-04-27 09:59:26
1651053567707162000,33.9,5,33.9,15,33.95,37,2,2022-04-27 09:59:27
1651053567741825000,33.9,15,33.85,42,33.95,37,2,2022-04-27 09:59:27
1651053571121426000,33.9,7,33.9,3,33.95,42,1,2022-04-27 09:59:31
1651053571148409000,33.9,3,33.85,43,33.95,62,2,2022-04-27 09:59:31
1651053572124052000,33.9,1,33.85,43,33.9,29,1,2022-04-27 09:59:32
1651053572820999000,33.9,2,33.85,43,33.9,28,1,2022-04-27 09:59:32
1651053573775472000,33.85,1,33.85,42,33.9,40,2,2022-04-27 09:59:33
1651053573992269000,33.9,1,33.85,42,33.9,39,1,2022-04-27 09:59:33
1651053574530059000,33.9,3,33.85,42,33.9,36,1,2022-04-27 09:59:34
1651053575382017000,33.9,2,33.85,43,33.9,34,1,2022-04-27 09:59:35
1651053577987564000,33.9,4,33.85,42,33.9,33,1,2022-04-27 09:59:37
1651053579265198000,33.9,1,33.85,42,33.9,32,1,2022-04-27 09:59:39
1651053580218439000,33.85,5,33.85,37,33.9,33,2,2022-04-27 09:59:40
1651053580837307000,33.9,1,33.85,38,33.9,47,1,2022-04-27 09:59:40
1651053582028394000,33.85,5,33.85,33,33.9,47,2,2022-04-27 09:59:42
1651053582842163000,33.9,1,33.85,33,33.9,46,1,2022-04-27 09:59:42
1651053583204632000,33.9,1,33.85,32,33.9,45,1,2022-04-27 09:59:43
1651053583541354000,33.9,1,33.85,31,33.9,44,1,2022-04-27 09:59:43
1651053583614137000,33.9,1,33.85,31,33.9,43,1,2022-04-27 09:59:43
1651053589969296000,33.85,15,33.85,19,33.9,45,2,2022-04-27 09:59:49
1651053591027729000,33.85,2,33.85,17,33.9,45,2,2022-04-27 09:59:51
1651053591301153000,33.85,5,33.85,14,33.9,45,2,2022-04-27 09:59:51
1651053592734133000,33.85,4,33.85,11,33.9,45,2,2022-04-27 09:59:52
1651053592770403000,33.85,11,33.8,90,33.9,45,2,2022-04-27 09:59:52
1651053596010013000,33.85,2,33.8,89,33.85,25,1,2022-04-27 09:59:56
1651053600585314000,33.8,58,33.8,30,33.85,37,2,2022-04-27 10:00:00
1651053600612084000,33.8,21,33.8,9,33.85,37,2,2022-04-27 10:00:00
1651053600612160000,33.8,9,33.75,22,33.85,37,2,2022-04-27 10:00:00
1651053601764740000,33.85,2,33.75,22,33.85,35,1,2022-04-27 10:00:01
1651053602173394000,33.85,1,33.75,22,33.85,34,1,2022-04-27 10:00:02
1651053602873142000,33.85,1,33.75,22,33.85,33,1,2022-04-27 10:00:02
1651053604861932000,33.85,1,33.75,22,33.85,34,1,2022-04-27 10:00:04
1651053609150653000,33.8,2,33.75,20,33.8,16,1,2022-04-27 10:00:09
1651053615074679000,33.8,1,33.75,19,33.8,16,1,2022-04-27 10:00:15
1651053615167251000,33.8,1,33.75,16,33.8,15,1,2022-04-27 10:00:15
1651053617527725000,33.8,1,33.75,15,33.8,24,1,2022-04-27 10:00:17
1651053617585880000,33.75,4,33.75,11,33.8,24,2,2022-04-27 10:00:17
1651053617614322000,33.75,11,33.7,55,33.8,24,2,2022-04-27 10:00:17
1651053618192064000,33.75,1,33.7,55,33.8,24,1,2022-04-27 10:00:18
1651053618294979000,33.8,5,33.7,55,33.8,19,1,2022-04-27 10:00:18
1651053619086127000,33.7,10,33.7,45,33.75,4,2,2022-04-27 10:00:19
1651053619133881000,33.7,3,33.7,42,33.75,4,2,2022-04-27 10:00:19
1651053620290077000,33.7,1,33.7,41,33.75,4,2,2022-04-27 10:00:20
1651053621798172000,33.75,1,33.7,21,33.75,6,1,2022-04-27 10:00:21
1651053625318609000,33.75,1,33.7,19,33.75,5,1,2022-04-27 10:00:25
1651053626991888000,33.7,2,33.7,18,33.75,3,2,2022-04-27 10:00:26
1651053628049034000,33.7,1,33.7,18,33.75,3,2,2022-04-27 10:00:28
1651053628559274000,33.7,2,33.7,16,33.75,3,2,2022-04-27 10:00:28
1651053634049469000,33.7,1,33.7,14,33.75,3,2,2022-04-27 10:00:34
1651053634227876000,33.7,4,33.7,10,33.75,3,2,2022-04-27 10:00:34
1651053634263514000,33.7,4,33.7,6,33.75,3,2,2022-04-27 10:00:34
1651053635613408000,33.7,5,33.7,1,33.75,3,2,2022-04-27 10:00:35
1651053635627936000,33.7,1,33.65,10,33.75,3,2,2022-04-27 10:00:35
1651053642611270000,33.65,3,33.65,7,33.75,4,2,2022-04-27 10:00:42
1651053644368584000,33.65,2,33.65,5,33.75,4,2,2022-04-27 10:00:44
1651053657147242000,33.65,5,33.65,4,33.75,4,2,2022-04-27 10:00:57
1651053663690978000,33.65,1,33.65,4,33.75,4,2,2022-04-27 10:01:03
1651053667162753000,33.65,1,33.65,7,33.7,1,2,2022-04-27 10:01:07
1651053667541218000,33.65,1,33.65,6,33.7,1,2,2022-04-27 10:01:07
1651053668132855000,33.65,9,33.6,23,33.65,1,2,2022-04-27 10:01:08
1651053670401975000,33.65,1,33.7,1,33.75,3,1,2022-04-27 10:01:10
1651053670401975000,33.7,1,33.7,1,33.75,3,1,2022-04-27 10:01:10
1651053670441963000,33.7,1,33.6,23,33.7,1,2,2022-04-27 10:01:10
1651053670777315000,33.7,1,33.6,23,33.75,3,1,2022-04-27 10:01:10
1651053673317350000,33.65,1,33.6,23,33.65,1,1,2022-04-27 10:01:13
1651053673530266000,33.65,1,33.6,23,33.75,6,1,2022-04-27 10:01:13
1651053681400883000,33.7,1,33.65,14,33.75,13,2,2022-04-27 10:01:21
1651053684432880000,33.65,1,33.65,13,33.75,13,2,2022-04-27 10:01:24
1651053685457185000,33.7,5,33.65,13,33.75,13,2,2022-04-27 10:01:25
1651053694029197000,33.7,5,33.65,18,33.7,5,1,2022-04-27 10:01:34
1651053701856972000,33.65,10,33.65,8,33.7,6,2,2022-04-27 10:01:41
1651053701989006000,33.65,1,33.65,7,33.7,6,2,2022-04-27 10:01:41
1651053704683624000,33.65,1,33.65,6,33.7,6,2,2022-04-27 10:01:44
1651053705175383000,33.65,6,33.6,26,33.65,12,2,2022-04-27 10:01:45
1651053709513584000,33.65,5,33.6,26,33.65,7,1,2022-04-27 10:01:49
1651053711017780000,33.65,2,33.6,26,33.65,6,1,2022-04-27 10:01:51
1651053711189658000,33.6,1,33.6,25,33.65,6,2,2022-04-27 10:01:51
1651053711417762000,33.6,1,33.6,24,33.65,6,2,2022-04-27 10:01:51
1651053712462282000,33.65,5,33.6,24,33.65,1,1,2022-04-27 10:01:52
1651053728228098000,33.65,1,33.6,26,33.65,10,1,2022-04-27 10:02:08
1651053729281892000,33.65,1,33.6,26,33.65,9,1,2022-04-27 10:02:09
1651053739180703000,33.6,26,33.55,26,33.6,1,2,2022-04-27 10:02:19
1651053744626279000,33.55,1,33.55,25,33.6,1,2,2022-04-27 10:02:24
1651053747579064000,33.55,1,33.55,24,33.6,1,2,2022-04-27 10:02:27
1651053749131095000,33.6,1,33.55,24,33.65,9,1,2022-04-27 10:02:29
1651053750727209000,33.55,24,33.5,18,33.55,8,2,2022-04-27 10:02:30
1651053753760017000,33.5,1,33.5,16,33.55,18,2,2022-04-27 10:02:33
1651053755516174000,33.55,1,33.5,16,33.55,17,1,2022-04-27 10:02:35
1651053756275316000,33.5,1,33.5,15,33.55,17,2,2022-04-27 10:02:36
1651053758966815000,33.5,3,33.5,12,33.55,17,2,2022-04-27 10:02:38
1651053759003363000,33.5,12,33.45,5,33.55,17,2,2022-04-27 10:02:39
1651053760570258000,33.45,1,33.45,4,33.5,3,2,2022-04-27 10:02:40
1651053760590719000,33.45,4,33.4,10,33.5,3,2,2022-04-27 10:02:40
1651053768026512000,33.5,2,33.4,10,33.5,3,1,2022-04-27 10:02:48
1651053768093063000,33.5,2,33.4,10,33.5,1,1,2022-04-27 10:02:48
1651053768752867000,33.5,3,33.4,10,33.55,6,1,2022-04-27 10:02:48
1651053768752867000,33.55,2,33.4,10,33.55,6,1,2022-04-27 10:02:48
1651053771070373000,33.45,1,33.4,10,33.5,1,2,2022-04-27 10:02:51
1651053776873299000,33.45,2,33.45,5,33.5,1,2,2022-04-27 10:02:56
1651053783573502000,33.45,2,33.45,13,33.5,12,2,2022-04-27 10:03:03
1651053798364556000,33.45,15,33.45,5,33.5,17,2,2022-04-27 10:03:18
1651053798398950000,33.45,5,33.4,10,33.5,17,2,2022-04-27 10:03:18
1651053803925532000,33.45,1,33.4,10,33.45,9,2,2022-04-27 10:03:23
1651053808392744000,33.4,5,33.4,5,33.45,9,2,2022-04-27 10:03:28
1651053808752979000,33.45,2,33.4,5,33.45,7,1,2022-04-27 10:03:28
1651053811798661000,33.4,1,33.4,4,33.45,7,2,2022-04-27 10:03:31
1651053813896355000,33.4,3,33.4,3,33.45,7,2,2022-04-27 10:03:33
1651053815851006000,33.4,3,33.35,37,33.45,7,2,2022-04-27 10:03:35
1651053819513609000,33.4,2,33.4,3,33.45,7,2,2022-04-27 10:03:39
1651053821328053000,33.4,1,33.4,2,33.45,7,2,2022-04-27 10:03:41
1651053822186540000,33.4,2,33.35,33,33.45,7,2,2022-04-27 10:03:42
1651053822186540000,33.35,4,33.35,33,33.45,7,2,2022-04-27 10:03:42
1651053822228873000,33.35,3,33.35,30,33.45,7,2,2022-04-27 10:03:42
1651053824817287000,33.4,1,33.35,30,33.4,4,1,2022-04-27 10:03:44
1651053828528724000,33.4,4,33.4,1,33.45,12,1,2022-04-27 10:03:48
1651053829131068000,33.4,1,33.35,30,33.45,7,2,2022-04-27 10:03:49
1651053829705456000,33.4,1,33.4,4,33.45,7,2,2022-04-27 10:03:49
1651053829732274000,33.4,4,33.35,30,33.45,7,2,2022-04-27 10:03:49
1651053831122711000,33.35,2,33.35,28,33.45,12,2,2022-04-27 10:03:51
1651053837928194000,33.45,9,33.4,1,33.5,5,1,2022-04-27 10:03:57
1651053837928194000,33.5,1,33.4,1,33.5,5,1,2022-04-27 10:03:57
1651053845152502000,33.4,3,33.35,28,33.45,4,2,2022-04-27 10:04:05
1651053845152502000,33.35,2,33.35,28,33.45,4,2,2022-04-27 10:04:05
1651053847369653000,33.4,1,33.4,10,33.45,4,2,2022-04-27 10:04:07
1651053850683672000,33.45,3,33.4,10,33.45,1,1,2022-04-27 10:04:10
1651053851651823000,33.4,10,33.35,29,33.45,1,2,2022-04-27 10:04:11
1651053871558773000,33.4,10,33.4,10,33.45,5,2,2022-04-27 10:04:31
1651053877073798000,33.4,11,33.35,28,33.4,4,2,2022-04-27 10:04:37
1651053879520660000,33.4,4,33.35,28,33.4,3,1,2022-04-27 10:04:39
1651053879553605000,33.4,3,33.35,28,33.45,5,1,2022-04-27 10:04:39
1651053882393937000,33.4,1,33.4,3,33.45,5,1,2022-04-27 10:04:42
1651053892662325000,33.4,5,33.35,28,33.45,10,2,2022-04-27 10:04:52
1651053894862986000,33.4,1,33.35,27,33.45,10,2,2022-04-27 10:04:54
1651053913377771000,33.35,27,33.3,25,33.4,16,2,2022-04-27 10:05:13
1651053916258042000,33.3,1,33.3,24,33.35,3,2,2022-04-27 10:05:16
1651053920780236000,33.3,20,33.3,4,33.35,3,2,2022-04-27 10:05:20
1651053920814890000,33.3,4,33.25,8,33.35,3,2,2022-04-27 10:05:20
1651053941502444000,33.25,8,33.2,80,33.3,9,2,2022-04-27 10:05:41
1651053941502444000,33.2,2,33.2,80,33.3,9,2,2022-04-27 10:05:41
1651053943267269000,33.3,1,33.2,80,33.3,9,1,2022-04-27 10:05:43
1651053954342504000,33.25,1,33.2,82,33.3,8,2,2022-04-27 10:05:54
1651053957329550000,33.3,6,33.2,82,33.3,3,1,2022-04-27 10:05:57
1651053961801851000,33.3,3,33.3,2,33.35,9,1,2022-04-27 10:06:01
1651053969993141000,33.35,5,33.3,3,33.35,2,1,2022-04-27 10:06:09
1651053977249092000,33.35,1,33.3,3,33.35,5,1,2022-04-27 10:06:17
1651053977767918000,33.3,3,33.25,3,33.35,5,2,2022-04-27 10:06:17
1651053982721735000,33.25,1,33.25,1,33.35,5,2,2022-04-27 10:06:22
1651053990068538000,33.3,1,33.25,4,33.35,5,2,2022-04-27 10:06:30
1651053993187880000,33.25,3,33.25,6,33.35,5,2,2022-04-27 10:06:33
1651053996906411000,33.25,6,33.2,84,33.3,1,2,2022-04-27 10:06:36
1651053999775578000,33.25,1,33.2,84,33.3,5,2,2022-04-27 10:06:39
1651054008152277000,33.2,85,33.15,61,33.2,4,2,2022-04-27 10:06:48
1651054011500520000,33.15,1,33.15,60,33.2,8,2,2022-04-27 10:06:51
1651054012606988000,33.15,1,33.15,59,33.2,8,2,2022-04-27 10:06:52
1651054013315346000,33.15,2,33.15,57,33.2,8,2,2022-04-27 10:06:53
1651054014094662000,33.15,1,33.15,56,33.2,8,2,2022-04-27 10:06:54
1651054015551377000,33.15,1,33.15,55,33.2,8,2,2022-04-27 10:06:55
1651054017155837000,33.15,1,33.15,54,33.2,8,2,2022-04-27 10:06:57
1651054018129164000,33.15,1,33.15,53,33.2,9,2,2022-04-27 10:06:58
1651054022678631000,33.15,1,33.15,52,33.2,6,2,2022-04-27 10:07:02
1651054023163213000,33.15,1,33.15,51,33.2,6,2,2022-04-27 10:07:03
1651054044944673000,33.15,1,33.15,53,33.2,5,2,2022-04-27 10:07:24
1651054045643826000,33.2,5,33.2,1,33.25,12,1,2022-04-27 10:07:25
1651054056887293000,33.2,7,33.2,6,33.25,12,2,2022-04-27 10:07:36
1651054057947039000,33.2,2,33.2,14,33.25,12,2,2022-04-27 10:07:37
1651054060475646000,33.2,7,33.2,7,33.25,12,2,2022-04-27 10:07:40
1651054064670978000,33.2,7,33.2,5,33.25,12,2,2022-04-27 10:07:44
1651054068568197000,33.2,5,33.15,56,33.2,2,2,2022-04-27 10:07:48
1651054070150340000,33.2,1,33.15,56,33.2,1,1,2022-04-27 10:07:50
1651054072103142000,33.2,3,33.2,2,33.25,17,1,2022-04-27 10:07:52
1651054080481294000,33.2,1,33.2,3,33.25,20,2,2022-04-27 10:08:00
1651054080518903000,33.25,1,33.2,3,33.25,19,1,2022-04-27 10:08:00
1651054090869594000,33.2,1,33.2,17,33.25,19,2,2022-04-27 10:08:10
1651054096309278000,33.2,1,33.2,17,33.25,19,2,2022-04-27 10:08:16
1651054117479898000,33.2,1,33.2,20,33.25,17,2,2022-04-27 10:08:37
1651054122248327000,33.2,5,33.2,16,33.25,17,2,2022-04-27 10:08:42
1651054149049023000,33.2,1,33.2,38,33.25,27,2,2022-04-27 10:09:09
1651054150467562000,33.2,5,33.2,31,33.25,27,2,2022-04-27 10:09:10
1651054158136738000,33.2,1,33.2,36,33.25,24,2,2022-04-27 10:09:18
1651054158641334000,33.25,5,33.2,36,33.25,19,1,2022-04-27 10:09:18
1651054162530787000,33.2,1,33.2,35,33.25,15,2,2022-04-27 10:09:22
