ts,close,volume,bid_price,bid_volume,ask_price,ask_volume,tick_type,datetime
1651050008797913000,79.2,4900,79.0,16,79.2,28,1,2022-04-27 09:00:08
1651050008829829000,79.0,1,79.0,15,79.2,28,2,2022-04-27 09:00:08
1651050008842472000,79.0,15,78.9,1,79.2,28,2,2022-04-27 09:00:08
1651050008846576000,78.9,1,78.5,10,79.1,4,2,2022-04-27 09:00:08
1651050008846576000,78.8,1,78.5,10,79.1,4,2,2022-04-27 09:00:08
1651050008864917000,78.5,8,78.5,2,79.1,4,2,2022-04-27 09:00:08
1651050008929056000,78.5,2,78.2,145,79.1,16,2,2022-04-27 09:00:08
1651050008929056000,78.3,1,78.2,145,79.1,16,2,2022-04-27 09:00:08
1651050008929056000,78.2,7,78.2,145,79.1,16,2,2022-04-27 09:00:08
1651050008944695000,78.2,1,78.2,144,79.1,16,2,2022-04-27 09:00:08
1651050008956984000,78.2,2,78.2,140,79.1,17,2,2022-04-27 09:00:08
1651050008980253000,78.2,1,78.2,139,79.1,17,2,2022-04-27 09:00:08
1651050009022232000,78.2,2,78.2,137,79.1,17,2,2022-04-27 09:00:09
1651050009080389000,78.2,2,78.2,135,79.0,4,2,2022-04-27 09:00:09
1651050009146266000,79.0,1,78.2,135,79.0,3,1,2022-04-27 09:00:09
1651050009191904000,78.3,1,78.2,134,78.9,3,2,2022-04-27 09:00:09
1651050009191904000,78.2,1,78.2,134,78.9,3,2,2022-04-27 09:00:09
1651050009222655000,78.2,2,78.2,132,78.8,3,2,2022-04-27 09:00:09
1651050009246371000,78.2,2,78.2,130,78.8,4,2,2022-04-27 09:00:09
1651050009384950000,78.5,3,78.2,130,78.5,1,1,2022-04-27 09:00:09
1651050009386807000,78.5,1,78.2,130,78.7,1,1,2022-04-27 09:00:09
1651050009420314000,78.5,1,78.2,130,78.7,1,1,2022-04-27 09:00:09
1651050009455619000,78.6,1,78.3,2,78.6,1,1,2022-04-27 09:00:09
1651050009489514000,78.7,1,78.5,1,78.8,1,1,2022-04-27 09:00:09
1651050009652124000,78.8,1,78.5,1,79.1,12,1,2022-04-27 09:00:09
1651050009652124000,79.1,1,78.5,1,79.1,12,1,2022-04-27 09:00:09
1651050009813808000,78.9,1,78.7,1,78.9,2,1,2022-04-27 09:00:09
1651050009851449000,78.7,1,78.6,1,78.9,2,2,2022-04-27 09:00:09
1651050009863091000,78.6,1,78.2,130,78.8,4,2,2022-04-27 09:00:09
1651050009863091000,78.2,2,78.2,130,78.8,4,2,2022-04-27 09:00:09
1651050009867363000,78.8,1,78.2,130,78.8,3,1,2022-04-27 09:00:09
1651050009874748000,78.2,4,78.2,126,78.8,3,2,2022-04-27 09:00:09
1651050009878802000,78.8,1,78.2,126,78.8,2,1,2022-04-27 09:00:09
1651050010623881000,78.7,2,78.6,2,78.7,2,1,2022-04-27 09:00:10
1651050010653400000,78.7,2,78.6,2,78.8,1,1,2022-04-27 09:00:10
1651050010701158000,78.7,1,78.6,2,78.8,1,2,2022-04-27 09:00:10
1651050010810163000,78.6,2,78.2,121,78.8,1,2,2022-04-27 09:00:10
1651050010810163000,78.2,3,78.2,121,78.8,1,2,2022-04-27 09:00:10
1651050010869890000,78.7,2,78.3,1,79.2,69,1,2022-04-27 09:00:10
1651050010869890000,78.8,1,78.3,1,79.2,69,1,2022-04-27 09:00:10
1651050010869890000,78.9,2,78.3,1,79.2,69,1,2022-04-27 09:00:10
1651050010869890000,79.0,3,78.3,1,79.2,69,1,2022-04-27 09:00:10
1651050010869890000,79.1,12,78.3,1,79.2,69,1,2022-04-27 09:00:10
1651050010869890000,79.2,10,78.3,1,79.2,69,1,2022-04-27 09:00:10
1651050010970658000,78.4,1,78.4,10,79.2,70,2,2022-04-27 09:00:10
1651050011053515000,78.4,2,78.4,8,79.1,4,2,2022-04-27 09:00:11
1651050011067993000,78.4,1,78.4,7,79.1,4,2,2022-04-27 09:00:11
1651050011100931000,78.4,4,78.4,3,79.0,4,2,2022-04-27 09:00:11
1651050011390422000,78.5,4,78.4,3,78.7,1,1,2022-04-27 09:00:11
1651050011452778000,78.5,4,78.2,120,78.6,1,2,2022-04-27 09:00:11
1651050011452778000,78.4,3,78.2,120,78.6,1,2,2022-04-27 09:00:11
1651050011452778000,78.3,2,78.2,120,78.6,1,2,2022-04-27 09:00:11
1651050011452778000,78.2,1,78.2,120,78.6,1,2,2022-04-27 09:00:11
1651050011533466000,78.2,120,78.1,16,78.5,1,2,2022-04-27 09:00:11
1651050011618606000,78.5,2,78.1,16,78.6,1,1,2022-04-27 09:00:11
1651050011916911000,78.5,2,78.2,2,78.5,1,1,2022-04-27 09:00:11
1651050012177929000,78.5,1,78.2,2,78.5,16,1,2022-04-27 09:00:12
1651050012977309000,78.4,1,78.2,3,78.4,5,2,2022-04-27 09:00:12
1651050013069584000,78.2,1,78.2,2,78.4,6,2,2022-04-27 09:00:13
1651050013193476000,78.4,1,78.2,2,78.4,6,1,2022-04-27 09:00:13
1651050013195032000,78.4,6,78.2,2,78.5,12,1,2022-04-27 09:00:13
1651050013195032000,78.5,4,78.2,2,78.5,12,1,2022-04-27 09:00:13
1651050013303295000,78.5,1,78.2,2,78.5,12,1,2022-04-27 09:00:13
1651050013495324000,78.5,1,78.2,2,78.5,11,1,2022-04-27 09:00:13
1651050013538071000,78.5,1,78.2,2,78.5,10,1,2022-04-27 09:00:13
1651050013584933000,78.5,10,78.2,2,78.6,1,1,2022-04-27 09:00:13
1651050013629350000,78.6,1,78.3,2,78.7,1,1,2022-04-27 09:00:13
1651050013645242000,78.3,2,78.2,1,78.7,1,2,2022-04-27 09:00:13
1651050013645242000,78.2,1,78.2,1,78.7,1,2,2022-04-27 09:00:13
1651050013766963000,78.7,1,78.2,1,78.8,1,1,2022-04-27 09:00:13
1651050014017413000,78.3,1,78.3,1,78.8,1,2,2022-04-27 09:00:14
1651050014025137000,78.8,1,78.3,1,79.1,14,1,2022-04-27 09:00:14
1651050014142670000,78.4,1,78.4,1,78.7,2,2,2022-04-27 09:00:14
1651050014549759000,78.7,3,78.5,1,79.1,10,1,2022-04-27 09:00:14
1651050014549759000,79.1,2,78.5,1,79.1,10,1,2022-04-27 09:00:14
1651050014653928000,79.1,1,78.6,2,79.1,9,1,2022-04-27 09:00:14
1651050015307850000,79.0,1,78.6,3,79.1,10,1,2022-04-27 09:00:15
1651050015411938000,79.1,1,78.6,3,79.1,9,1,2022-04-27 09:00:15
1651050015431210000,78.6,1,78.6,2,79.1,9,2,2022-04-27 09:00:15
1651050015552415000,79.0,1,78.6,3,79.0,1,1,2022-04-27 09:00:15
1651050015729814000,79.0,1,78.6,3,79.0,2,1,2022-04-27 09:00:15
1651050015944764000,79.0,1,78.6,3,79.0,1,1,2022-04-27 09:00:15
1651050015986822000,79.0,1,78.6,3,79.1,12,1,2022-04-27 09:00:15
1651050016021122000,78.6,3,78.5,4,79.1,12,2,2022-04-27 09:00:16
1651050016021122000,78.5,1,78.5,4,79.1,12,2,2022-04-27 09:00:16
1651050016197967000,78.5,1,78.5,3,79.0,1,2,2022-04-27 09:00:16
1651050016627631000,79.0,1,79.0,4,79.1,12,1,2022-04-27 09:00:16
1651050016655436000,79.0,4,78.5,3,79.1,4,2,2022-04-27 09:00:16
1651050016663995000,79.1,1,78.6,1,79.1,3,1,2022-04-27 09:00:16
1651050016813796000,79.1,1,78.6,1,79.1,14,1,2022-04-27 09:00:16
1651050016862393000,79.1,2,78.6,1,79.1,12,1,2022-04-27 09:00:16
1651050017095433000,78.6,1,78.5,8,79.0,2,2,2022-04-27 09:00:17
1651050017733980000,78.7,1,78.6,5,79.0,4,2,2022-04-27 09:00:17
1651050017749782000,78.6,5,78.5,7,79.0,4,2,2022-04-27 09:00:17
1651050017749782000,78.5,2,78.5,7,79.0,4,2,2022-04-27 09:00:17
1651050017763674000,79.0,1,78.5,7,79.0,3,1,2022-04-27 09:00:17
1651050017805508000,78.5,1,78.5,6,79.0,3,2,2022-04-27 09:00:17
1651050017873450000,79.0,1,78.6,2,79.0,2,1,2022-04-27 09:00:17
1651050017908935000,79.0,2,78.6,2,79.1,12,1,2022-04-27 09:00:17
1651050018155523000,78.8,1,78.6,4,79.1,12,1,2022-04-27 09:00:18
1651050018166330000,79.1,1,78.6,4,79.1,11,1,2022-04-27 09:00:18
1651050018337445000,79.1,5,78.7,1,79.1,6,1,2022-04-27 09:00:18
1651050018443003000,78.7,6,78.5,8,79.1,6,2,2022-04-27 09:00:18
1651050018443003000,78.6,4,78.5,8,79.1,6,2,2022-04-27 09:00:18
1651050018783916000,78.6,1,78.5,10,78.6,14,1,2022-04-27 09:00:18
1651050018794837000,78.6,2,78.5,10,78.6,12,1,2022-04-27 09:00:18
1651050018816269000,78.6,12,78.5,10,78.9,6,1,2022-04-27 09:00:18
1651050018906027000,78.9,1,78.6,1,79.0,4,1,2022-04-27 09:00:18
1651050018906027000,79.0,1,78.6,1,79.0,4,1,2022-04-27 09:00:18
1651050018910180000,79.0,4,78.6,1,79.2,67,1,2022-04-27 09:00:18
1651050018910180000,79.2,1,78.6,1,79.2,67,1,2022-04-27 09:00:18
1651050018925426000,79.2,5,78.6,1,79.2,62,1,2022-04-27 09:00:18
1651050018962777000,78.6,1,78.6,1,79.2,62,2,2022-04-27 09:00:18
1651050019086228000,79.1,2,78.6,1,79.1,10,1,2022-04-27 09:00:19
1651050019413148000,79.0,1,78.8,2,79.1,2,2,2022-04-27 09:00:19
1651050019413201000,78.8,1,78.8,1,79.1,2,2,2022-04-27 09:00:19
1651050019414029000,78.8,1,78.7,3,79.1,2,2,2022-04-27 09:00:19
1651050019656018000,78.8,2,78.7,3,79.2,62,1,2022-04-27 09:00:19
1651050019660361000,79.2,1,78.7,3,79.2,61,1,2022-04-27 09:00:19
1651050019829715000,79.2,1,78.7,8,79.2,60,1,2022-04-27 09:00:19
1651050020117527000,78.7,8,78.7,3,78.9,4,2,2022-04-27 09:00:20
1651050020157579000,78.8,4,78.7,3,79.1,12,1,2022-04-27 09:00:20
1651050020270536000,79.0,1,78.8,1,79.0,1,1,2022-04-27 09:00:20
1651050020275375000,78.8,1,78.7,3,79.0,1,2,2022-04-27 09:00:20
1651050020464912000,79.0,1,78.8,2,79.1,4,1,2022-04-27 09:00:20
1651050020503610000,79.1,4,78.8,2,79.2,8,1,2022-04-27 09:00:20
1651050020503610000,79.2,52,78.8,2,79.2,8,1,2022-04-27 09:00:20
1651050020505506000,79.2,1,78.8,2,79.2,7,1,2022-04-27 09:00:20
1651050020758606000,79.0,1,78.9,4,79.2,7,2,2022-04-27 09:00:20
1651050020758606000,78.9,1,78.9,4,79.2,7,2,2022-04-27 09:00:20
1651050020913984000,79.1,2,79.0,10,79.1,2,1,2022-04-27 09:00:20
1651050020963326000,79.1,1,79.0,10,79.1,1,1,2022-04-27 09:00:20
1651050021196832000,79.1,1,79.0,10,79.1,1,1,2022-04-27 09:00:21
1651050021251226000,79.1,1,79.0,10,79.2,7,1,2022-04-27 09:00:21
1651050021339791000,79.2,7,79.2,12,79.3,79,1,2022-04-27 09:00:21
1651050021376839000,79.3,1,79.2,12,79.3,78,1,2022-04-27 09:00:21
1651050021384208000,79.2,12,79.0,10,79.3,78,2,2022-04-27 09:00:21
1651050021573955000,79.2,1,79.0,10,79.3,78,2,2022-04-27 09:00:21
1651050021584975000,79.3,1,79.0,10,79.3,77,1,2022-04-27 09:00:21
1651050021705649000,79.0,2,79.0,9,79.3,77,2,2022-04-27 09:00:21
1651050021742212000,79.0,1,79.0,8,79.3,77,2,2022-04-27 09:00:21
1651050021781064000,79.3,1,79.2,1,79.3,76,1,2022-04-27 09:00:21
1651050021783919000,79.2,1,79.1,1,79.3,76,2,2022-04-27 09:00:21
1651050021943198000,79.1,1,79.0,9,79.3,76,2,2022-04-27 09:00:21
1651050022044567000,79.1,1,79.0,9,79.1,1,2,2022-04-27 09:00:22
1651050022085149000,79.0,5,79.0,4,79.1,1,2,2022-04-27 09:00:22
1651050022172744000,79.1,1,79.0,5,79.3,75,1,2022-04-27 09:00:22
1651050022172744000,79.3,1,79.0,5,79.3,75,1,2022-04-27 09:00:22
1651050022310803000,79.0,5,78.9,4,79.2,2,2,2022-04-27 09:00:22
1651050022626283000,79.1,1,78.9,4,79.1,1,1,2022-04-27 09:00:22
1651050022752142000,78.9,1,78.9,3,79.1,1,2,2022-04-27 09:00:22
1651050022900734000,79.0,1,79.0,2,79.3,75,1,2022-04-27 09:00:22
1651050022900846000,79.0,2,78.8,6,79.3,75,2,2022-04-27 09:00:22
1651050022900846000,78.9,3,78.8,6,79.3,75,2,2022-04-27 09:00:22
1651050022936798000,79.3,5,78.8,6,79.3,70,1,2022-04-27 09:00:22
1651050022974131000,78.8,1,78.8,5,79.3,70,2,2022-04-27 09:00:22
1651050023035840000,78.8,2,78.8,3,79.3,70,2,2022-04-27 09:00:23
1651050023263572000,78.8,1,78.8,3,79.3,70,2,2022-04-27 09:00:23
1651050023288472000,79.3,1,78.8,3,79.3,69,1,2022-04-27 09:00:23
1651050023414712000,79.3,5,78.8,3,79.3,64,1,2022-04-27 09:00:23
1651050023460781000,79.3,10,78.8,3,79.3,54,1,2022-04-27 09:00:23
1651050023658993000,78.8,1,78.8,2,79.3,55,2,2022-04-27 09:00:23
1651050023917330000,79.0,1,78.8,3,79.1,4,2,2022-04-27 09:00:23
1651050024058160000,78.8,1,78.8,2,79.1,4,2,2022-04-27 09:00:24
1651050024088651000,79.0,1,78.8,2,79.1,3,1,2022-04-27 09:00:24
1651050024088651000,79.1,1,78.8,2,79.1,3,1,2022-04-27 09:00:24
1651050024094387000,78.8,2,78.7,7,79.1,3,2,2022-04-27 09:00:24
1651050024094387000,78.7,2,78.7,7,79.1,3,2,2022-04-27 09:00:24
1651050024238541000,79.0,1,78.7,7,79.0,1,2,2022-04-27 09:00:24
1651050024259956000,78.7,1,78.7,6,79.0,1,2,2022-04-27 09:00:24
1651050024269503000,79.0,1,78.7,6,79.3,52,1,2022-04-27 09:00:24
1651050024269503000,79.1,4,78.7,6,79.3,52,1,2022-04-27 09:00:24
1651050024269503000,79.2,2,78.7,6,79.3,52,1,2022-04-27 09:00:24
1651050024269503000,79.3,3,78.7,6,79.3,52,1,2022-04-27 09:00:24
1651050024284404000,79.3,2,78.7,6,79.3,50,1,2022-04-27 09:00:24
1651050024361188000,78.8,1,78.7,5,79.3,50,2,2022-04-27 09:00:24
1651050024361188000,78.7,1,78.7,5,79.3,50,2,2022-04-27 09:00:24
1651050024442566000,78.7,5,78.6,37,79.2,20,2,2022-04-27 09:00:24
1651050024472931000,79.1,5,79.0,5,79.1,7,2,2022-04-27 09:00:24
1651050024494753000,79.0,5,78.6,37,79.1,8,2,2022-04-27 09:00:24
1651050024506571000,78.7,1,78.7,4,79.1,1,2,2022-04-27 09:00:24
1651050024539188000,78.7,1,78.7,3,79.1,1,2,2022-04-27 09:00:24
1651050024547885000,79.1,1,78.7,3,79.2,20,1,2022-04-27 09:00:24
1651050024631593000,79.2,1,78.7,3,79.2,19,1,2022-04-27 09:00:24
1651050024674529000,79.2,1,78.7,3,79.2,18,1,2022-04-27 09:00:24
1651050024708337000,78.7,1,78.7,2,79.2,18,2,2022-04-27 09:00:24
1651050024757508000,79.2,1,78.7,2,79.2,17,1,2022-04-27 09:00:24
1651050024787341000,78.7,2,78.6,26,79.2,17,2,2022-04-27 09:00:24
1651050024787341000,78.6,8,78.6,26,79.2,17,2,2022-04-27 09:00:24
1651050024837663000,79.2,1,78.6,26,79.2,16,1,2022-04-27 09:00:24
1651050024869239000,79.2,1,79.1,1,79.2,15,1,2022-04-27 09:00:24
1651050024891838000,79.1,1,78.6,26,79.2,15,2,2022-04-27 09:00:24
1651050024981161000,79.1,2,78.6,26,79.1,10,1,2022-04-27 09:00:24
1651050025075361000,79.0,1,78.7,2,79.0,9,1,2022-04-27 09:00:25
1651050025193301000,78.8,1,78.7,2,79.1,56,2,2022-04-27 09:00:25
1651050025193301000,78.7,1,78.7,2,79.1,56,2,2022-04-27 09:00:25
1651050025219009000,79.1,1,78.7,2,79.1,57,1,2022-04-27 09:00:25
1651050025348495000,79.1,4,78.7,2,79.1,53,1,2022-04-27 09:00:25
1651050025455054000,78.7,1,78.7,1,79.1,55,2,2022-04-27 09:00:25
1651050025531431000,79.0,2,78.7,2,79.1,47,1,2022-04-27 09:00:25
1651050025531431000,79.1,8,78.7,2,79.1,47,1,2022-04-27 09:00:25
1651050025578876000,78.8,1,78.7,2,79.0,3,2,2022-04-27 09:00:25
1651050025969079000,78.8,1,78.7,3,79.0,25,1,2022-04-27 09:00:25
1651050025969079000,79.0,3,78.7,3,79.0,25,1,2022-04-27 09:00:25
1651050025985923000,78.7,3,78.6,9,79.0,25,2,2022-04-27 09:00:25
1651050025985923000,78.6,17,78.6,9,79.0,25,2,2022-04-27 09:00:25
1651050026072329000,78.9,1,78.5,23,79.0,28,2,2022-04-27 09:00:26
1651050026072329000,78.6,9,78.5,23,79.0,28,2,2022-04-27 09:00:26
1651050026099004000,78.5,2,78.5,21,79.0,38,2,2022-04-27 09:00:26
1651050026300046000,78.9,2,78.5,25,78.9,10,1,2022-04-27 09:00:26
1651050026314800000,78.9,10,78.5,25,79.0,42,1,2022-04-27 09:00:26
1651050026371607000,79.0,1,78.5,27,79.0,41,1,2022-04-27 09:00:26
1651050026559123000,79.0,5,78.5,27,79.0,40,1,2022-04-27 09:00:26
1651050026832104000,78.8,1,78.5,27,78.8,5,1,2022-04-27 09:00:26
1651050026891242000,78.8,1,78.5,26,78.8,4,1,2022-04-27 09:00:26
1651050026899304000,78.8,2,78.5,26,78.8,2,1,2022-04-27 09:00:26
1651050026994595000,78.8,2,78.5,26,78.9,2,1,2022-04-27 09:00:26
1651050027068396000,78.9,1,78.5,26,78.9,5,1,2022-04-27 09:00:27
1651050027068643000,78.9,1,78.5,26,78.9,4,1,2022-04-27 09:00:27
1651050027138486000,78.5,1,78.5,25,78.9,6,2,2022-04-27 09:00:27
1651050027304581000,78.8,1,78.5,25,78.8,1,2,2022-04-27 09:00:27
1651050027570384000,78.5,10,78.5,11,78.8,2,2,2022-04-27 09:00:27
1651050027589640000,78.8,2,78.5,11,78.9,8,1,2022-04-27 09:00:27
1651050027589640000,78.9,2,78.5,11,78.9,8,1,2022-04-27 09:00:27
1651050027685843000,78.9,1,78.5,11,78.9,7,1,2022-04-27 09:00:27
1651050027756662000,78.5,1,78.5,10,78.9,7,2,2022-04-27 09:00:27
1651050027762263000,78.9,5,78.5,10,78.9,2,1,2022-04-27 09:00:27
1651050027774349000,78.5,2,78.5,8,78.9,2,2,2022-04-27 09:00:27
1651050027823580000,78.8,1,78.5,8,78.9,2,2,2022-04-27 09:00:27
1651050027846767000,78.5,8,78.4,24,78.9,2,2,2022-04-27 09:00:27
1651050027953950000,78.8,1,78.5,1,78.8,9,1,2022-04-27 09:00:27
1651050027984292000,78.8,1,78.5,1,78.8,8,1,2022-04-27 09:00:27
1651050028058394000,78.8,4,78.5,1,78.8,4,1,2022-04-27 09:00:28
1651050028127380000,78.5,1,78.4,15,78.8,4,2,2022-04-27 09:00:28
1651050028127380000,78.4,9,78.4,15,78.8,4,2,2022-04-27 09:00:28
1651050028181360000,78.8,2,78.4,15,78.8,2,1,2022-04-27 09:00:28
1651050028380822000,78.7,1,78.6,2,78.8,2,1,2022-04-27 09:00:28
1651050028409141000,78.6,2,78.4,15,78.8,2,2,2022-04-27 09:00:28
1651050028454595000,78.8,2,78.4,15,78.8,12,1,2022-04-27 09:00:28
1651050028463363000,78.8,1,78.4,15,78.8,11,1,2022-04-27 09:00:28
1651050028483699000,78.8,1,78.4,15,78.8,10,1,2022-04-27 09:00:28
1651050028792202000,78.8,1,78.5,5,78.8,12,1,2022-04-27 09:00:28
1651050028801213000,78.5,1,78.5,4,78.8,12,2,2022-04-27 09:00:28
1651050029039147000,78.7,1,78.5,4,78.8,14,2,2022-04-27 09:00:29
1651050029049712000,78.8,1,78.5,4,78.8,3,1,2022-04-27 09:00:29
1651050029161607000,78.5,1,78.5,3,78.8,8,2,2022-04-27 09:00:29
1651050029214058000,78.8,1,78.5,3,78.8,7,1,2022-04-27 09:00:29
1651050029239676000,78.8,1,78.5,3,78.8,6,1,2022-04-27 09:00:29
1651050029515646000,78.8,2,78.5,3,78.8,4,1,2022-04-27 09:00:29
1651050029705269000,78.7,4,78.6,10,78.8,43,1,2022-04-27 09:00:29
1651050029705269000,78.8,16,78.6,10,78.8,43,1,2022-04-27 09:00:29
1651050029854590000,78.6,4,78.6,6,78.8,43,2,2022-04-27 09:00:29
1651050029893763000,78.8,1,78.6,6,78.8,42,1,2022-04-27 09:00:29
1651050029965101000,78.6,1,78.6,5,78.8,43,2,2022-04-27 09:00:29
1651050030050179000,78.8,2,78.6,5,78.8,41,1,2022-04-27 09:00:30
1651050030141083000,78.6,5,78.5,6,78.8,42,2,2022-04-27 09:00:30
1651050030237636000,78.8,1,78.6,1,78.8,41,1,2022-04-27 09:00:30
1651050030434762000,78.7,1,78.6,6,78.7,2,1,2022-04-27 09:00:30
1651050030523957000,78.7,1,78.6,6,78.7,2,1,2022-04-27 09:00:30
1651050031210056000,78.7,1,78.6,8,78.7,12,1,2022-04-27 09:00:31
1651050031254450000,78.7,6,78.6,8,78.7,6,1,2022-04-27 09:00:31
1651050031317731000,78.7,5,78.6,8,78.7,1,1,2022-04-27 09:00:31
1651050031390017000,78.7,1,78.6,8,78.8,41,1,2022-04-27 09:00:31
1651050031390017000,78.8,2,78.6,8,78.8,41,1,2022-04-27 09:00:31
1651050031479801000,78.8,1,78.6,8,78.8,40,1,2022-04-27 09:00:31
1651050031492190000,78.6,2,78.6,6,78.8,40,2,2022-04-27 09:00:31
1651050031557612000,78.6,6,78.5,14,78.8,40,2,2022-04-27 09:00:31
1651050031557612000,78.5,4,78.5,14,78.8,40,2,2022-04-27 09:00:31
1651050031681697000,78.5,2,78.5,12,78.8,44,2,2022-04-27 09:00:31
1651050031903410000,78.6,1,78.5,12,78.8,44,1,2022-04-27 09:00:31
1651050031964588000,78.5,4,78.5,8,78.8,45,2,2022-04-27 09:00:31
1651050031980525000,78.5,1,78.5,7,78.8,45,2,2022-04-27 09:00:31
1651050032016041000,78.5,2,78.5,5,78.8,45,2,2022-04-27 09:00:32
1651050032111546000,78.5,5,78.4,15,78.8,46,2,2022-04-27 09:00:32
1651050032269444000,78.7,2,78.5,1,78.7,1,1,2022-04-27 09:00:32
1651050032572115000,78.6,1,78.5,1,78.6,5,1,2022-04-27 09:00:32
1651050032672084000,78.5,1,78.4,15,78.5,49,2,2022-04-27 09:00:32
1651050032757289000,78.5,1,78.4,15,78.5,48,1,2022-04-27 09:00:32
1651050032860521000,78.5,2,78.4,15,78.5,46,1,2022-04-27 09:00:32
1651050032898016000,78.4,2,78.4,13,78.5,46,2,2022-04-27 09:00:32
1651050033062660000,78.5,5,78.4,13,78.5,41,1,2022-04-27 09:00:33
1651050033082762000,78.5,1,78.4,13,78.5,40,1,2022-04-27 09:00:33
1651050033162162000,78.5,1,78.4,17,78.5,39,1,2022-04-27 09:00:33
1651050033207134000,78.4,1,78.4,16,78.5,39,2,2022-04-27 09:00:33
1651050033279727000,78.5,5,78.4,16,78.5,34,1,2022-04-27 09:00:33
1651050033386394000,78.5,1,78.4,16,78.5,33,1,2022-04-27 09:00:33
1651050033432517000,78.4,13,78.4,3,78.5,33,2,2022-04-27 09:00:33
1651050033436935000,78.5,1,78.4,3,78.5,32,1,2022-04-27 09:00:33
1651050033464972000,78.5,19,78.4,3,78.5,13,1,2022-04-27 09:00:33
1651050033489728000,78.5,5,78.4,3,78.5,9,1,2022-04-27 09:00:33
1651050033537099000,78.4,1,78.4,2,78.5,9,2,2022-04-27 09:00:33
1651050033642622000,78.5,1,78.4,2,78.5,8,1,2022-04-27 09:00:33
1651050033876043000,78.4,2,78.3,12,78.5,8,2,2022-04-27 09:00:33
1651050034012367000,78.5,3,78.3,12,78.5,5,1,2022-04-27 09:00:34
1651050034032606000,78.5,1,78.3,12,78.5,4,1,2022-04-27 09:00:34
1651050034048699000,78.5,1,78.3,12,78.5,3,1,2022-04-27 09:00:34
1651050034256857000,78.5,1,78.3,16,78.5,2,1,2022-04-27 09:00:34
1651050034266413000,78.3,1,78.3,15,78.5,2,2,2022-04-27 09:00:34
1651050034286992000,78.4,1,78.3,15,78.5,1,1,2022-04-27 09:00:34
1651050034286992000,78.5,1,78.3,15,78.5,1,1,2022-04-27 09:00:34
1651050034427875000,78.4,1,78.3,15,78.6,4,1,2022-04-27 09:00:34
1651050034427875000,78.5,2,78.3,15,78.6,4,1,2022-04-27 09:00:34
1651050034427875000,78.6,2,78.3,15,78.6,4,1,2022-04-27 09:00:34
1651050034532990000,78.6,1,78.3,15,78.6,3,1,2022-04-27 09:00:34
1651050034600615000,78.3,4,78.3,11,78.6,3,2,2022-04-27 09:00:34
1651050034645231000,78.5,1,78.5,5,78.6,3,1,2022-04-27 09:00:34
1651050034697870000,78.6,1,78.5,5,78.6,2,1,2022-04-27 09:00:34
1651050034723907000,78.5,1,78.5,4,78.6,2,2,2022-04-27 09:00:34
1651050034760139000,78.5,1,78.5,3,78.6,2,2,2022-04-27 09:00:34
1651050034815077000,78.5,2,78.5,1,78.6,2,2,2022-04-27 09:00:34
1651050034995362000,78.5,1,78.3,11,78.6,7,2,2022-04-27 09:00:34
1651050035099837000,78.5,1,78.3,11,78.5,9,1,2022-04-27 09:00:35
1651050035194860000,78.5,1,78.3,11,78.5,8,1,2022-04-27 09:00:35
1651050035233478000,78.5,2,78.3,11,78.5,6,1,2022-04-27 09:00:35
1651050035299975000,78.5,1,78.3,11,78.5,5,1,2022-04-27 09:00:35
1651050035352481000,78.5,1,78.3,11,78.5,4,1,2022-04-27 09:00:35
1651050035635245000,78.3,1,78.3,10,78.4,32,2,2022-04-27 09:00:35
1651050035709345000,78.4,1,78.3,10,78.4,31,1,2022-04-27 09:00:35
1651050035763520000,78.4,1,78.3,10,78.4,30,1,2022-04-27 09:00:35
1651050035770892000,78.3,6,78.3,4,78.4,30,2,2022-04-27 09:00:35
1651050035836652000,78.3,4,78.2,31,78.4,30,2,2022-04-27 09:00:35
1651050035836652000,78.2,1,78.2,31,78.4,30,2,2022-04-27 09:00:35
1651050035977131000,78.4,1,78.2,31,78.4,30,1,2022-04-27 09:00:35
1651050036103995000,78.4,1,78.2,31,78.4,29,1,2022-04-27 09:00:36
1651050036174082000,78.4,1,78.2,31,78.4,28,1,2022-04-27 09:00:36
1651050036464934000,78.4,1,78.2,35,78.4,27,1,2022-04-27 09:00:36
1651050036518788000,78.2,5,78.2,30,78.4,27,2,2022-04-27 09:00:36
1651050036788515000,78.2,30,78.1,28,78.4,27,2,2022-04-27 09:00:36
1651050036856399000,78.4,2,78.1,28,78.4,25,1,2022-04-27 09:00:36
1651050036887784000,78.4,1,78.1,28,78.4,24,1,2022-04-27 09:00:36
1651050036902200000,78.1,2,78.1,26,78.4,24,2,2022-04-27 09:00:36
1651050037014611000,78.3,4,78.3,6,78.4,24,2,2022-04-27 09:00:37
1651050037068513000,78.3,1,78.3,5,78.4,24,2,2022-04-27 09:00:37
1651050037116726000,78.3,1,78.3,4,78.4,24,2,2022-04-27 09:00:37
1651050037127208000,78.4,1,78.3,4,78.4,23,1,2022-04-27 09:00:37
1651050037216732000,78.3,4,78.1,30,78.3,2,2,2022-04-27 09:00:37
1651050037250475000,78.1,7,78.1,23,78.3,3,2,2022-04-27 09:00:37
1651050037293295000,78.3,2,78.1,23,78.3,1,1,2022-04-27 09:00:37
1651050037443378000,78.1,1,78.1,22,78.3,11,2,2022-04-27 09:00:37
1651050037543493000,78.3,1,78.1,22,78.3,10,1,2022-04-27 09:00:37
1651050037604718000,78.1,1,78.1,21,78.3,10,2,2022-04-27 09:00:37
1651050037623232000,78.2,1,78.1,21,78.3,10,1,2022-04-27 09:00:37
1651050037635736000,78.3,1,78.1,21,78.3,9,1,2022-04-27 09:00:37
1651050037818409000,78.1,2,78.1,19,78.3,9,2,2022-04-27 09:00:37
1651050037972166000,78.3,1,78.1,19,78.3,8,1,2022-04-27 09:00:37
1651050037985940000,78.1,1,78.1,18,78.3,8,2,2022-04-27 09:00:37
1651050038088494000,78.3,1,78.1,18,78.3,7,1,2022-04-27 09:00:38
1651050038099170000,78.3,1,78.1,18,78.3,6,1,2022-04-27 09:00:38
1651050038108736000,78.3,3,78.1,18,78.3,3,1,2022-04-27 09:00:38
1651050038137734000,78.1,1,78.1,17,78.3,3,2,2022-04-27 09:00:38
1651050038167703000,78.1,7,78.1,10,78.3,3,2,2022-04-27 09:00:38
1651050038221237000,78.2,1,78.1,10,78.2,12,1,2022-04-27 09:00:38
1651050038278559000,78.1,2,78.1,8,78.2,12,2,2022-04-27 09:00:38
1651050038403389000,78.1,2,78.1,6,78.2,12,2,2022-04-27 09:00:38
1651050038797339000,78.1,2,78.1,4,78.2,17,2,2022-04-27 09:00:38
1651050038858755000,78.2,2,78.1,4,78.2,15,1,2022-04-27 09:00:38
1651050038917640000,78.1,4,78.0,231,78.2,15,2,2022-04-27 09:00:38
1651050038917640000,78.0,1,78.0,231,78.2,15,2,2022-04-27 09:00:38
1651050038952148000,78.2,1,78.0,235,78.2,14,1,2022-04-27 09:00:38
1651050038962093000,78.0,20,78.0,215,78.2,14,2,2022-04-27 09:00:38
1651050039242296000,78.0,9,78.0,206,78.1,10,2,2022-04-27 09:00:39
1651050039290805000,78.0,1,78.0,205,78.1,10,2,2022-04-27 09:00:39
1651050039317616000,78.0,131,78.0,74,78.1,10,2,2022-04-27 09:00:39
1651050039318808000,78.0,60,78.0,14,78.1,10,2,2022-04-27 09:00:39
1651050039352211000,78.0,14,77.9,1,78.1,10,2,2022-04-27 09:00:39
1651050039425794000,77.9,1,77.8,1,77.9,3,2,2022-04-27 09:00:39
1651050039569474000,77.9,1,77.8,1,77.9,8,1,2022-04-27 09:00:39
1651050039617180000,77.8,2,77.8,2,77.9,14,2,2022-04-27 09:00:39
1651050039617922000,77.8,2,77.7,1,77.8,4,2,2022-04-27 09:00:39
1651050039658613000,77.8,1,77.7,1,77.8,3,1,2022-04-27 09:00:39
1651050039753344000,77.8,1,77.7,1,77.8,2,1,2022-04-27 09:00:39
1651050039806604000,77.8,1,77.7,1,77.8,1,1,2022-04-27 09:00:39
1651050039861710000,77.8,1,77.7,1,77.8,8,1,2022-04-27 09:00:39
1651050039949345000,77.7,1,77.5,24,77.8,8,2,2022-04-27 09:00:39
1651050039949345000,77.5,3,77.5,24,77.8,8,2,2022-04-27 09:00:39
1651050040211360000,77.7,1,77.5,27,77.7,7,1,2022-04-27 09:00:40
1651050040245212000,77.7,2,77.5,27,77.7,5,1,2022-04-27 09:00:40
1651050040392045000,77.6,1,77.5,27,77.6,4,1,2022-04-27 09:00:40
1651050040408874000,77.6,4,77.5,27,78.0,1,1,2022-04-27 09:00:40
1651050040531989000,77.6,2,77.6,2,77.9,3,2,2022-04-27 09:00:40
1651050040571920000,77.6,2,77.5,24,77.9,3,2,2022-04-27 09:00:40
1651050040815449000,77.9,1,77.5,24,77.9,5,1,2022-04-27 09:00:40
1651050041030991000,77.9,1,77.5,24,77.9,16,1,2022-04-27 09:00:41
1651050041121115000,77.9,1,77.5,24,77.9,15,1,2022-04-27 09:00:41
1651050041189197000,77.5,1,77.5,23,77.9,3,2,2022-04-27 09:00:41
1651050041224276000,77.5,3,77.5,20,77.9,15,2,2022-04-27 09:00:41
1651050041351326000,77.5,3,77.5,17,77.9,17,2,2022-04-27 09:00:41
1651050041562783000,77.9,2,77.5,17,77.9,15,1,2022-04-27 09:00:41
1651050041720239000,77.8,1,77.6,1,77.9,5,1,2022-04-27 09:00:41
1651050041750301000,77.6,1,77.5,17,77.9,5,2,2022-04-27 09:00:41
1651050041775169000,77.8,1,77.5,17,77.8,1,1,2022-04-27 09:00:41
1651050041921819000,77.8,1,77.5,17,77.9,17,1,2022-04-27 09:00:41
1651050042067207000,77.5,3,77.5,14,77.8,2,2,2022-04-27 09:00:42
1651050042169579000,77.6,1,77.6,3,77.8,2,2,2022-04-27 09:00:42
1651050042205031000,77.6,2,77.6,1,77.8,2,2,2022-04-27 09:00:42
1651050042612764000,77.6,1,77.5,14,77.8,2,2,2022-04-27 09:00:42
1651050042668547000,77.8,1,77.5,14,77.8,2,1,2022-04-27 09:00:42
1651050042777214000,77.6,1,77.5,14,77.8,2,1,2022-04-27 09:00:42
1651050043253873000,77.7,1,77.6,3,77.7,1,2,2022-04-27 09:00:43
1651050043338307000,77.7,1,77.6,7,77.8,7,1,2022-04-27 09:00:43
1651050043379697000,77.6,10,77.6,2,77.8,7,2,2022-04-27 09:00:43
1651050043760448000,77.8,1,77.6,5,77.8,5,1,2022-04-27 09:00:43
1651050044142037000,77.6,2,77.6,5,77.8,5,2,2022-04-27 09:00:44
1651050044306724000,77.6,1,77.6,4,77.8,5,2,2022-04-27 09:00:44
1651050044371338000,77.8,1,77.6,4,77.8,4,1,2022-04-27 09:00:44
1651050044517590000,77.8,4,77.6,4,77.9,10,1,2022-04-27 09:00:44
1651050044535482000,77.9,1,77.6,4,77.9,8,1,2022-04-27 09:00:44
1651050044799187000,77.9,2,77.6,5,77.9,45,1,2022-04-27 09:00:44
1651050044818919000,77.6,3,77.6,2,77.9,45,2,2022-04-27 09:00:44
1651050044827364000,77.9,1,77.6,2,77.9,44,1,2022-04-27 09:00:44
1651050044827775000,77.9,6,77.6,2,77.9,38,1,2022-04-27 09:00:44
1651050044867477000,77.6,1,77.6,1,77.9,38,2,2022-04-27 09:00:44
1651050045018010000,77.6,1,77.5,16,77.9,38,2,2022-04-27 09:00:45
1651050045139594000,77.5,1,77.5,15,77.9,38,2,2022-04-27 09:00:45
1651050045217909000,77.5,1,77.5,14,77.9,38,2,2022-04-27 09:00:45
1651050045258345000,77.6,2,77.5,14,77.9,38,1,2022-04-27 09:00:45
1651050045356820000,77.9,1,77.5,14,77.9,37,1,2022-04-27 09:00:45
1651050045549999000,77.6,10,77.5,14,77.8,9,1,2022-04-27 09:00:45
1651050045589685000,77.8,1,77.5,14,77.8,8,1,2022-04-27 09:00:45
1651050045924811000,77.8,9,77.7,4,77.9,37,1,2022-04-27 09:00:45
1651050046041641000,77.7,5,77.0,124,77.9,37,2,2022-04-27 09:00:46
1651050046041641000,77.5,14,77.0,124,77.9,37,2,2022-04-27 09:00:46
1651050046041641000,77.3,2,77.0,124,77.9,37,2,2022-04-27 09:00:46
1651050046041641000,77.2,13,77.0,124,77.9,37,2,2022-04-27 09:00:46
1651050046041641000,77.1,6,77.0,124,77.9,37,2,2022-04-27 09:00:46
1651050046041641000,77.0,10,77.0,124,77.9,37,2,2022-04-27 09:00:46
1651050046173079000,77.7,8,77.1,8,77.8,17,2,2022-04-27 09:00:46
1651050046173317000,77.8,2,77.1,5,77.9,37,1,2022-04-27 09:00:46
1651050046436003000,77.6,1,77.2,2,77.8,12,1,2022-04-27 09:00:46
1651050046484980000,77.5,1,77.3,3,77.5,4,1,2022-04-27 09:00:46
1651050046512437000,77.5,4,77.3,1,77.8,13,1,2022-04-27 09:00:46
1651050046541042000,77.8,2,77.3,1,77.8,11,1,2022-04-27 09:00:46
1651050046576174000,77.7,3,77.4,4,77.8,11,1,2022-04-27 09:00:46
1651050046882647000,77.5,1,77.5,3,77.8,13,2,2022-04-27 09:00:46
1651050046999500000,77.8,1,77.5,3,77.8,12,1,2022-04-27 09:00:46
1651050047134210000,77.6,1,77.5,4,77.6,2,1,2022-04-27 09:00:47
1651050047163538000,77.6,2,77.5,4,77.8,12,1,2022-04-27 09:00:47
1651050047353367000,77.6,2,77.5,4,77.8,12,1,2022-04-27 09:00:47
1651050047368068000,77.5,2,77.5,2,77.8,12,2,2022-04-27 09:00:47
1651050047382548000,77.5,2,77.4,4,77.5,4,2,2022-04-27 09:00:47
1651050047407292000,77.5,1,77.4,4,77.5,3,1,2022-04-27 09:00:47
1651050047418997000,77.4,3,77.4,1,77.5,3,2,2022-04-27 09:00:47
1651050047421274000,77.5,3,77.4,1,77.7,2,1,2022-04-27 09:00:47
1651050047455750000,77.7,2,77.5,7,77.8,12,1,2022-04-27 09:00:47
1651050047623435000,77.5,1,77.5,7,77.6,2,2,2022-04-27 09:00:47
1651050047662775000,77.5,1,77.5,6,77.6,2,2,2022-04-27 09:00:47
1651050047690746000,77.6,2,77.5,6,77.8,3,1,2022-04-27 09:00:47
1651050047909440000,77.5,1,77.5,5,77.6,1,2,2022-04-27 09:00:47
1651050048035927000,77.6,1,77.5,5,77.7,2,1,2022-04-27 09:00:48
1651050048075957000,77.7,2,77.5,5,77.8,5,1,2022-04-27 09:00:48
1651050048075957000,77.8,4,77.5,5,77.8,5,1,2022-04-27 09:00:48
1651050048134387000,77.5,2,77.5,3,77.8,5,2,2022-04-27 09:00:48
1651050048250921000,77.8,1,77.5,3,77.8,4,1,2022-04-27 09:00:48
1651050048359024000,77.5,5,77.5,2,77.8,4,2,2022-04-27 09:00:48
1651050048659112000,77.5,1,77.5,2,77.8,15,2,2022-04-27 09:00:48
1651050048683878000,77.6,1,77.5,2,77.6,1,1,2022-04-27 09:00:48
1651050048696000000,77.6,1,77.5,2,77.8,15,1,2022-04-27 09:00:48
1651050048882042000,77.8,10,77.5,2,77.8,5,1,2022-04-27 09:00:48
1651050048886541000,77.8,2,77.5,2,77.8,3,1,2022-04-27 09:00:48
1651050048986611000,77.8,2,77.5,3,77.8,1,1,2022-04-27 09:00:48
1651050049020549000,77.8,1,77.5,3,77.9,46,1,2022-04-27 09:00:49
1651050049060558000,77.5,2,77.5,1,77.6,1,2,2022-04-27 09:00:49
1651050049078659000,77.6,1,77.5,1,77.9,46,1,2022-04-27 09:00:49
1651050049113806000,77.5,1,77.5,1,77.9,46,2,2022-04-27 09:00:49
1651050049160435000,77.5,1,77.4,1,77.5,1,2,2022-04-27 09:00:49
1651050049161719000,77.5,1,77.4,1,77.9,46,1,2022-04-27 09:00:49
1651050049234904000,77.5,4,77.2,1,77.8,3,2,2022-04-27 09:00:49
1651050049234904000,77.4,2,77.2,1,77.8,3,2,2022-04-27 09:00:49
1651050049234904000,77.3,1,77.2,1,77.8,3,2,2022-04-27 09:00:49
1651050049234904000,77.2,7,77.2,1,77.8,3,2,2022-04-27 09:00:49
1651050049337015000,77.5,10,77.2,2,77.6,3,1,2022-04-27 09:00:49
1651050049492372000,77.5,1,77.5,2,77.6,6,2,2022-04-27 09:00:49
1651050049548926000,77.6,1,77.5,2,77.6,5,1,2022-04-27 09:00:49
1651050049665933000,77.5,2,77.2,2,77.5,4,2,2022-04-27 09:00:49
1651050049742312000,77.5,1,77.2,2,77.5,3,1,2022-04-27 09:00:49
1651050050029733000,77.2,2,77.1,39,77.5,3,2,2022-04-27 09:00:50
1651050050029733000,77.1,5,77.1,39,77.5,3,2,2022-04-27 09:00:50
1651050050053781000,77.5,1,77.1,39,77.5,2,1,2022-04-27 09:00:50
1651050050087506000,77.1,1,77.1,39,77.5,2,2,2022-04-27 09:00:50
1651050050140914000,77.5,2,77.2,3,77.6,7,1,2022-04-27 09:00:50
1651050050369410000,77.6,1,77.5,2,77.6,7,1,2022-04-27 09:00:50
1651050050408673000,77.5,1,77.5,1,77.6,7,2,2022-04-27 09:00:50
1651050050427035000,77.5,1,77.2,5,77.6,7,2,2022-04-27 09:00:50
1651050050448967000,77.6,7,77.2,5,77.8,6,1,2022-04-27 09:00:50
1651050050607299000,77.7,1,77.6,1,77.8,6,1,2022-04-27 09:00:50
1651050050702455000,77.6,1,77.5,2,77.8,6,2,2022-04-27 09:00:50
1651050050717221000,77.5,1,77.5,1,77.8,6,2,2022-04-27 09:00:50
1651050050718089000,77.5,1,77.2,5,77.8,6,2,2022-04-27 09:00:50
1651050050718089000,77.3,2,77.2,5,77.8,6,2,2022-04-27 09:00:50
1651050050754506000,77.2,3,77.2,2,77.8,6,2,2022-04-27 09:00:50
1651050050861354000,77.6,2,77.2,5,77.7,3,1,2022-04-27 09:00:50
1651050050928858000,77.2,5,77.1,29,77.6,2,2,2022-04-27 09:00:50
1651050050928858000,77.1,7,77.1,29,77.6,2,2,2022-04-27 09:00:50
1651050051029542000,77.1,1,77.1,28,77.5,1,2,2022-04-27 09:00:51
1651050051085495000,77.5,1,77.1,28,77.5,1,1,2022-04-27 09:00:51
1651050051510270000,77.5,1,77.1,28,77.5,16,1,2022-04-27 09:00:51
1651050051581199000,77.4,10,77.1,28,77.5,16,1,2022-04-27 09:00:51
1651050051644666000,77.1,9,77.1,19,77.5,5,2,2022-04-27 09:00:51
1651050051687317000,77.5,2,77.1,19,77.5,15,1,2022-04-27 09:00:51
1651050051766205000,77.1,1,77.1,18,77.5,15,2,2022-04-27 09:00:51
1651050051819984000,77.1,4,77.1,14,77.5,15,2,2022-04-27 09:00:51
1651050052228500000,77.5,1,77.1,13,77.5,16,1,2022-04-27 09:00:52
1651050052304757000,77.1,1,77.1,12,77.5,16,2,2022-04-27 09:00:52
1651050052670235000,77.4,1,77.2,4,77.4,1,1,2022-04-27 09:00:52
1651050052675573000,77.4,1,77.2,4,77.5,6,1,2022-04-27 09:00:52
1651050052706811000,77.5,2,77.2,4,77.5,4,1,2022-04-27 09:00:52
1651050052707058000,77.5,1,77.2,4,77.5,3,1,2022-04-27 09:00:52
1651050052757101000,77.4,1,77.2,4,77.4,1,1,2022-04-27 09:00:52
1651050052763687000,77.2,1,77.2,3,77.4,1,2,2022-04-27 09:00:52
1651050052777307000,77.4,1,77.2,3,77.5,3,1,2022-04-27 09:00:52
1651050053149520000,77.4,1,77.2,4,77.4,10,1,2022-04-27 09:00:53
1651050053202970000,77.4,10,77.2,4,77.5,7,1,2022-04-27 09:00:53
1651050053320758000,77.4,2,77.2,4,77.5,4,1,2022-04-27 09:00:53
1651050053320758000,77.5,3,77.2,4,77.5,4,1,2022-04-27 09:00:53
1651050053403035000,77.2,2,77.2,2,77.4,2,2,2022-04-27 09:00:53
1651050053414182000,77.2,2,77.1,10,77.4,2,2,2022-04-27 09:00:53
1651050053414182000,77.1,1,77.1,10,77.4,2,2,2022-04-27 09:00:53
1651050053590511000,77.1,10,77.1,5,77.4,7,2,2022-04-27 09:00:53
1651050053597399000,77.1,5,77.0,104,77.4,7,2,2022-04-27 09:00:53
1651050053597399000,77.0,23,77.0,104,77.4,7,2,2022-04-27 09:00:53
1651050053608887000,77.1,1,77.0,95,77.4,7,2,2022-04-27 09:00:53
1651050053608887000,77.0,9,77.0,95,77.4,7,2,2022-04-27 09:00:53
1651050053621642000,77.0,1,77.0,94,77.4,7,2,2022-04-27 09:00:53
1651050053673790000,77.4,1,77.0,94,77.4,19,1,2022-04-27 09:00:53
1651050053782727000,77.2,1,77.0,94,77.3,2,2,2022-04-27 09:00:53
1651050053824351000,77.3,1,77.2,1,77.3,1,1,2022-04-27 09:00:53
1651050053978398000,77.2,1,77.0,93,77.3,1,2,2022-04-27 09:00:53
1651050053978398000,77.0,1,77.0,93,77.3,1,2,2022-04-27 09:00:53
1651050054141207000,77.3,1,77.2,1,77.4,13,1,2022-04-27 09:00:54
1651050054141207000,77.4,6,77.2,1,77.4,13,1,2022-04-27 09:00:54
1651050054154627000,77.4,2,77.2,1,77.4,11,1,2022-04-27 09:00:54
1651050054183110000,77.5,10,77.2,1,77.9,60,1,2022-04-27 09:00:54
1651050054183110000,77.6,16,77.2,1,77.9,60,1,2022-04-27 09:00:54
1651050054183110000,77.7,6,77.2,1,77.9,60,1,2022-04-27 09:00:54
1651050054183110000,77.8,14,77.2,1,77.9,60,1,2022-04-27 09:00:54
1651050054183110000,77.9,14,77.2,1,77.9,60,1,2022-04-27 09:00:54
1651050054239407000,77.6,6,77.6,13,77.8,3,2,2022-04-27 09:00:54
1651050054262735000,77.6,2,77.6,11,77.8,4,2,2022-04-27 09:00:54
1651050054321384000,77.6,2,77.6,9,77.8,2,2,2022-04-27 09:00:54
1651050054474132000,77.6,5,77.6,4,77.7,10,2,2022-04-27 09:00:54
1651050054476600000,77.7,1,77.6,4,77.7,9,1,2022-04-27 09:00:54
1651050054517046000,77.6,4,77.3,2,77.7,9,2,2022-04-27 09:00:54
1651050054520696000,77.3,2,77.1,3,77.2,2,2,2022-04-27 09:00:54
1651050054520696000,77.2,2,77.1,3,77.2,2,2,2022-04-27 09:00:54
1651050054549928000,77.2,2,77.1,3,77.6,1,1,2022-04-27 09:00:54
1651050054578374000,77.6,1,77.1,3,77.7,9,1,2022-04-27 09:00:54
1651050054752121000,77.5,1,77.2,3,77.5,4,1,2022-04-27 09:00:54
1651050054799668000,77.2,1,77.2,2,77.5,4,2,2022-04-27 09:00:54
1651050054826126000,77.2,1,77.2,1,77.5,4,2,2022-04-27 09:00:54
1651050054867518000,77.5,1,77.2,1,77.5,3,1,2022-04-27 09:00:54
1651050055278120000,77.2,1,77.2,1,77.5,5,2,2022-04-27 09:00:55
1651050055357320000,77.4,1,77.2,1,77.5,5,1,2022-04-27 09:00:55
1651050055400684000,77.3,5,77.2,1,77.4,1,1,2022-04-27 09:00:55
1651050055437142000,77.4,1,77.2,1,77.5,5,1,2022-04-27 09:00:55
1651050055506085000,77.5,5,77.5,15,77.6,2,1,2022-04-27 09:00:55
1651050055507971000,77.5,1,77.5,14,77.6,2,2,2022-04-27 09:00:55
1651050055537872000,77.5,14,77.0,80,77.6,2,2,2022-04-27 09:00:55
1651050055537872000,77.2,1,77.0,80,77.6,2,2,2022-04-27 09:00:55
1651050055537872000,77.1,17,77.0,80,77.6,2,2,2022-04-27 09:00:55
1651050055537872000,77.0,15,77.0,80,77.6,2,2,2022-04-27 09:00:55
1651050055592930000,77.2,3,77.0,80,77.5,1,1,2022-04-27 09:00:55
1651050055655186000,77.3,1,77.1,2,77.5,1,2,2022-04-27 09:00:55
1651050055713394000,77.1,2,77.0,80,77.5,1,2,2022-04-27 09:00:55
1651050056104234000,77.2,1,77.1,8,77.5,3,1,2022-04-27 09:00:56
1651050056209725000,77.5,4,77.1,9,77.6,14,1,2022-04-27 09:00:56
1651050056209725000,77.6,1,77.1,9,77.6,14,1,2022-04-27 09:00:56
1651050056213847000,77.5,1,77.1,8,77.6,14,2,2022-04-27 09:00:56
1651050056213847000,77.1,1,77.1,8,77.6,14,2,2022-04-27 09:00:56
1651050056366977000,77.5,3,77.5,3,77.6,2,1,2022-04-27 09:00:56
1651050056434699000,77.5,1,77.5,2,77.6,1,2,2022-04-27 09:00:56
1651050056451056000,77.5,2,77.2,9,77.6,1,2,2022-04-27 09:00:56
1651050056468911000,77.2,1,77.2,8,77.6,1,2,2022-04-27 09:00:56
1651050057044068000,77.4,1,77.4,9,77.5,8,2,2022-04-27 09:00:57
1651050057082296000,77.4,1,77.4,8,77.5,8,2,2022-04-27 09:00:57
1651050057105888000,77.4,5,77.4,3,77.5,8,2,2022-04-27 09:00:57
1651050057805534000,77.4,1,77.4,7,77.5,9,2,2022-04-27 09:00:57
1651050057814851000,77.5,1,77.4,7,77.5,8,1,2022-04-27 09:00:57
1651050057900331000,77.5,1,77.4,7,77.5,7,1,2022-04-27 09:00:57
1651050057909411000,77.4,1,77.4,6,77.5,7,2,2022-04-27 09:00:57
1651050057954962000,77.4,1,77.4,5,77.5,7,2,2022-04-27 09:00:57
1651050058290578000,77.4,2,77.4,9,77.5,8,2,2022-04-27 09:00:58
1651050058306979000,77.5,1,77.4,9,77.5,7,1,2022-04-27 09:00:58
1651050058315482000,77.4,3,77.4,6,77.5,7,2,2022-04-27 09:00:58
1651050058746378000,77.5,1,77.4,6,77.5,11,1,2022-04-27 09:00:58
1651050058953516000,77.5,1,77.4,6,77.5,11,1,2022-04-27 09:00:58
1651050058953564000,77.4,1,77.4,5,77.5,11,2,2022-04-27 09:00:58
1651050058993322000,77.4,1,77.4,4,77.5,11,2,2022-04-27 09:00:58
1651050059092298000,77.4,1,77.4,3,77.5,11,2,2022-04-27 09:00:59
1651050059239608000,77.4,3,77.3,4,77.5,12,2,2022-04-27 09:00:59
1651050059571018000,77.4,8,77.2,30,77.5,10,1,2022-04-27 09:00:59
1651050059571018000,77.5,2,77.2,30,77.5,10,1,2022-04-27 09:00:59
1651050059641054000,77.2,5,77.2,25,77.5,10,2,2022-04-27 09:00:59
1651050060055819000,77.5,1,77.2,28,77.5,13,1,2022-04-27 09:01:00
1651050060071845000,77.2,1,77.2,27,77.4,1,2,2022-04-27 09:01:00
1651050060109838000,77.4,1,77.2,27,77.5,14,1,2022-04-27 09:01:00
1651050060321877000,77.4,1,77.2,24,77.5,16,2,2022-04-27 09:01:00
1651050060321877000,77.3,1,77.2,24,77.5,16,2,2022-04-27 09:01:00
1651050060321877000,77.2,3,77.2,24,77.5,16,2,2022-04-27 09:01:00
1651050060511265000,77.3,2,77.2,22,77.5,16,1,2022-04-27 09:01:00
1651050060617632000,77.4,1,77.2,22,77.5,16,1,2022-04-27 09:01:00
1651050060798251000,77.4,1,77.2,22,77.5,17,2,2022-04-27 09:01:00
1651050060824434000,77.2,1,77.2,21,77.4,1,2,2022-04-27 09:01:00
1651050061258886000,77.3,1,77.2,21,77.3,2,2,2022-04-27 09:01:01
1651050061288161000,77.3,2,77.2,21,77.4,1,1,2022-04-27 09:01:01
1651050061288443000,77.4,1,77.2,21,77.5,17,1,2022-04-27 09:01:01
1651050061318383000,77.3,1,77.2,21,77.3,22,1,2022-04-27 09:01:01
1651050061357093000,77.3,22,77.2,21,77.4,5,1,2022-04-27 09:01:01
1651050061542844000,77.2,2,77.2,19,77.4,5,2,2022-04-27 09:01:01
1651050061548440000,77.4,5,77.2,19,77.5,17,1,2022-04-27 09:01:01
1651050061578341000,77.2,1,77.2,18,77.5,17,2,2022-04-27 09:01:01
1651050061815461000,77.4,1,77.2,18,77.4,1,1,2022-04-27 09:01:01
1651050061888632000,77.2,1,77.2,17,77.4,1,2,2022-04-27 09:01:01
1651050062125810000,77.4,1,77.2,17,77.5,20,1,2022-04-27 09:01:02
1651050062176243000,77.2,1,77.2,17,77.5,20,2,2022-04-27 09:01:02
1651050062198408000,77.4,2,77.2,17,77.4,1,1,2022-04-27 09:01:02
1651050062237623000,77.2,1,77.2,16,77.4,2,2,2022-04-27 09:01:02
1651050062240223000,77.2,1,77.2,15,77.4,2,2,2022-04-27 09:01:02
1651050062416862000,77.4,2,77.2,15,77.5,19,1,2022-04-27 09:01:02
1651050062416862000,77.5,3,77.2,15,77.5,19,1,2022-04-27 09:01:02
1651050062467078000,77.5,1,77.2,15,77.5,18,1,2022-04-27 09:01:02
1651050062524779000,77.3,1,77.2,11,77.5,18,2,2022-04-27 09:01:02
1651050062524779000,77.2,5,77.2,11,77.5,18,2,2022-04-27 09:01:02
1651050062563125000,77.2,3,77.2,9,77.5,18,2,2022-04-27 09:01:02
1651050062902493000,77.2,10,77.1,39,77.2,10,2,2022-04-27 09:01:02
1651050062934816000,77.2,10,77.1,39,77.4,5,1,2022-04-27 09:01:02
1651050062979515000,77.2,1,77.2,9,77.4,6,2,2022-04-27 09:01:02
1651050062985874000,77.4,1,77.2,9,77.4,5,1,2022-04-27 09:01:02
1651050063034821000,77.4,5,77.2,9,77.5,9,1,2022-04-27 09:01:03
1651050063034821000,77.5,9,77.2,9,77.5,9,1,2022-04-27 09:01:03
1651050063063658000,77.2,9,77.1,39,77.2,1,2,2022-04-27 09:01:03
1651050063097852000,77.2,1,77.1,39,77.4,1,1,2022-04-27 09:01:03
1651050063166066000,77.2,2,77.2,8,77.4,1,2,2022-04-27 09:01:03
1651050063368431000,77.2,8,77.1,32,77.4,1,2,2022-04-27 09:01:03
1651050063368431000,77.1,7,77.1,32,77.4,1,2,2022-04-27 09:01:03
1651050063464561000,77.4,1,77.2,1,77.4,1,1,2022-04-27 09:01:03
1651050063520065000,77.3,1,77.2,1,77.4,2,2,2022-04-27 09:01:03
1651050063734301000,77.4,1,77.3,1,77.4,6,1,2022-04-27 09:01:03
1651050063757167000,77.4,2,77.3,1,77.4,4,1,2022-04-27 09:01:03
1651050063971265000,77.4,2,77.3,1,77.4,5,1,2022-04-27 09:01:03
1651050064146295000,77.4,3,77.3,1,77.4,5,1,2022-04-27 09:01:04
1651050064236978000,77.3,1,77.2,12,77.4,5,2,2022-04-27 09:01:04
1651050064577648000,77.2,3,77.2,11,77.4,15,2,2022-04-27 09:01:04
1651050064579851000,77.2,5,77.2,6,77.4,15,2,2022-04-27 09:01:04
1651050064594775000,77.4,5,77.2,6,77.4,10,1,2022-04-27 09:01:04
1651050064675180000,77.2,4,77.2,2,77.4,10,2,2022-04-27 09:01:04
1651050064745480000,77.2,1,77.2,1,77.3,1,2,2022-04-27 09:01:04
1651050064748691000,77.3,1,77.2,1,77.4,11,1,2022-04-27 09:01:04
1651050064759425000,77.2,1,77.1,43,77.4,11,2,2022-04-27 09:01:04
1651050064867886000,77.1,2,77.1,41,77.4,11,2,2022-04-27 09:01:04
1651050065091317000,77.4,1,77.1,42,77.4,15,1,2022-04-27 09:01:05
1651050065191804000,77.2,1,77.1,42,77.4,15,2,2022-04-27 09:01:05
1651050065446551000,77.3,1,77.2,2,77.3,9,1,2022-04-27 09:01:05
1651050065468879000,77.2,1,77.2,1,77.3,9,2,2022-04-27 09:01:05
1651050065473797000,77.3,1,77.2,1,77.3,8,1,2022-04-27 09:01:05
1651050065544314000,77.2,1,77.1,13,77.3,8,2,2022-04-27 09:01:05
1651050065544314000,77.1,29,77.1,13,77.3,8,2,2022-04-27 09:01:05
1651050065651001000,77.3,1,77.1,13,77.3,7,1,2022-04-27 09:01:05
1651050065733915000,77.1,12,77.1,1,77.3,7,2,2022-04-27 09:01:05
1651050065867161000,77.2,6,77.1,1,77.2,5,2,2022-04-27 09:01:05
1651050065904521000,77.2,5,77.1,1,77.3,7,1,2022-04-27 09:01:05
1651050065958034000,77.2,1,77.1,1,77.3,7,1,2022-04-27 09:01:05
1651050066029881000,77.2,1,77.1,1,77.3,7,2,2022-04-27 09:01:06
1651050066151652000,77.3,1,77.1,3,77.3,6,1,2022-04-27 09:01:06
1651050066237376000,77.2,1,77.1,2,77.3,10,2,2022-04-27 09:01:06
1651050066237376000,77.1,1,77.1,2,77.3,10,2,2022-04-27 09:01:06
1651050066320629000,77.3,10,77.1,2,77.4,30,1,2022-04-27 09:01:06
1651050066381252000,77.2,1,77.0,159,77.3,1,2,2022-04-27 09:01:06
1651050066381252000,77.1,2,77.0,159,77.3,1,2,2022-04-27 09:01:06
1651050066540788000,77.3,1,77.0,159,77.4,30,1,2022-04-27 09:01:06
1651050066780588000,77.1,3,77.0,179,77.1,1,1,2022-04-27 09:01:06
1651050066938561000,77.1,1,77.0,179,77.3,4,1,2022-04-27 09:01:06
1651050067201655000,77.2,2,77.0,179,77.2,6,2,2022-04-27 09:01:07
1651050067247689000,77.2,1,77.0,180,77.2,5,1,2022-04-27 09:01:07
1651050067249061000,77.2,1,77.0,180,77.2,4,1,2022-04-27 09:01:07
1651050067457945000,77.0,3,77.0,177,77.2,7,2,2022-04-27 09:01:07
1651050067564105000,77.0,1,77.0,176,77.2,8,2,2022-04-27 09:01:07
1651050067635089000,77.1,1,77.0,176,77.2,9,2,2022-04-27 09:01:07
1651050067661252000,77.0,10,77.0,166,77.2,9,2,2022-04-27 09:01:07
1651050067765436000,77.0,1,77.0,165,77.2,10,2,2022-04-27 09:01:07
1651050067898749000,77.0,1,77.0,165,77.2,10,2,2022-04-27 09:01:07
1651050068006621000,77.2,5,77.0,165,77.2,7,1,2022-04-27 09:01:08
1651050068092018000,77.2,1,77.1,5,77.2,6,1,2022-04-27 09:01:08
1651050068113596000,77.2,6,77.1,5,77.3,14,1,2022-04-27 09:01:08
1651050068135914000,77.3,14,77.1,5,77.4,42,1,2022-04-27 09:01:08
1651050068159195000,77.1,1,77.1,4,77.3,4,2,2022-04-27 09:01:08
1651050068162461000,77.3,2,77.1,4,77.3,2,1,2022-04-27 09:01:08
1651050068277404000,77.1,6,77.0,162,77.2,20,2,2022-04-27 09:01:08
1651050068277404000,77.0,4,77.0,162,77.2,20,2,2022-04-27 09:01:08
1651050068365501000,77.2,2,77.0,162,77.2,18,1,2022-04-27 09:01:08
1651050068388455000,77.2,5,77.0,162,77.2,13,1,2022-04-27 09:01:08
1651050068440379000,77.1,1,77.0,162,77.2,13,1,2022-04-27 09:01:08
1651050068561633000,77.2,6,77.1,30,77.2,7,1,2022-04-27 09:01:08
1651050068612717000,77.2,1,77.1,30,77.2,11,1,2022-04-27 09:01:08
1651050068894859000,77.1,1,77.1,29,77.2,11,2,2022-04-27 09:01:08
1651050069251189000,77.1,5,77.1,28,77.2,12,2,2022-04-27 09:01:09
1651050069333075000,77.1,4,77.1,24,77.2,12,2,2022-04-27 09:01:09
1651050069438442000,77.2,1,77.1,24,77.2,11,1,2022-04-27 09:01:09
1651050069478494000,77.2,1,77.1,24,77.2,10,1,2022-04-27 09:01:09
1651050069546481000,77.2,2,77.1,24,77.2,8,1,2022-04-27 09:01:09
1651050069787698000,77.2,1,77.1,25,77.2,7,1,2022-04-27 09:01:09
1651050069917681000,77.1,10,77.1,15,77.2,7,2,2022-04-27 09:01:09
1651050069952041000,77.1,1,77.1,14,77.2,7,2,2022-04-27 09:01:09
1651050070030188000,77.2,7,77.1,14,77.3,13,1,2022-04-27 09:01:10
1651050070134358000,77.1,1,77.1,14,77.3,13,2,2022-04-27 09:01:10
1651050070277552000,77.2,1,77.2,1,77.3,13,2,2022-04-27 09:01:10
1651050070292165000,77.3,1,77.2,1,77.3,12,1,2022-04-27 09:01:10
1651050070295671000,77.3,1,77.2,1,77.3,11,1,2022-04-27 09:01:10
1651050070377696000,77.3,5,77.2,1,77.3,6,1,2022-04-27 09:01:10
1651050070386350000,77.3,2,77.2,1,77.3,4,1,2022-04-27 09:01:10
1651050070418847000,77.2,1,77.0,163,77.3,4,2,2022-04-27 09:01:10
1651050070418847000,77.1,14,77.0,163,77.3,4,2,2022-04-27 09:01:10
1651050070879711000,77.2,2,77.1,3,77.3,6,1,2022-04-27 09:01:10
1651050070970521000,77.2,1,77.1,3,77.3,6,2,2022-04-27 09:01:10
1651050070972257000,77.3,1,77.1,3,77.3,5,1,2022-04-27 09:01:10
1651050071073826000,77.3,1,77.1,3,77.3,4,1,2022-04-27 09:01:11
1651050071213522000,77.3,1,77.1,6,77.3,3,1,2022-04-27 09:01:11
1651050071245157000,77.2,3,77.1,6,77.3,3,1,2022-04-27 09:01:11
1651050071437386000,77.2,1,77.1,56,77.2,2,1,2022-04-27 09:01:11
1651050071463806000,77.2,1,77.1,56,77.2,1,1,2022-04-27 09:01:11
1651050071470848000,77.2,1,77.1,56,77.3,4,1,2022-04-27 09:01:11
1651050071516999000,77.2,2,77.1,56,77.3,4,2,2022-04-27 09:01:11
1651050071560472000,77.1,2,77.1,54,77.3,4,2,2022-04-27 09:01:11
1651050071733016000,77.1,7,77.1,47,77.2,1,2,2022-04-27 09:01:11
1651050071830045000,77.2,1,77.1,48,77.3,4,1,2022-04-27 09:01:11
1651050071848077000,77.3,1,77.1,48,77.3,3,1,2022-04-27 09:01:11
1651050072013641000,77.3,3,77.2,2,77.4,65,1,2022-04-27 09:01:12
1651050072013641000,77.4,7,77.2,2,77.4,65,1,2022-04-27 09:01:12
1651050072040153000,77.2,2,77.1,40,77.4,65,2,2022-04-27 09:01:12
1651050072040153000,77.1,8,77.1,40,77.4,65,2,2022-04-27 09:01:12
1651050072099246000,77.1,1,77.1,39,77.4,66,2,2022-04-27 09:01:12
1651050072165223000,77.3,1,77.2,1,77.4,65,1,2022-04-27 09:01:12
1651050072330075000,77.3,1,77.2,2,77.4,60,1,2022-04-27 09:01:12
1651050072330075000,77.4,5,77.2,2,77.4,60,1,2022-04-27 09:01:12
1651050072406412000,77.2,1,77.2,1,77.3,2,2,2022-04-27 09:01:12
1651050072424233000,77.2,1,77.1,40,77.3,2,2,2022-04-27 09:01:12
1651050072524816000,77.3,2,77.2,4,77.4,60,1,2022-04-27 09:01:12
1651050072581047000,77.2,4,77.1,41,77.2,1,2,2022-04-27 09:01:12
1651050072586771000,77.2,1,77.2,2,77.3,5,1,2022-04-27 09:01:12
1651050072863526000,77.2,5,77.2,1,77.3,6,2,2022-04-27 09:01:12
1651050072887030000,77.2,1,77.2,1,77.3,6,2,2022-04-27 09:01:12
1651050072951526000,77.3,6,77.2,1,77.4,60,1,2022-04-27 09:01:12
1651050073010632000,77.2,1,77.1,41,77.4,60,2,2022-04-27 09:01:13
1651050073010632000,77.1,4,77.1,41,77.4,60,2,2022-04-27 09:01:13
1651050073033798000,77.1,1,77.1,40,77.4,60,2,2022-04-27 09:01:13
1651050073068143000,77.1,6,77.1,34,77.4,60,2,2022-04-27 09:01:13
1651050073099183000,77.2,3,77.1,36,77.4,60,1,2022-04-27 09:01:13
1651050073224184000,77.1,1,77.1,36,77.2,13,2,2022-04-27 09:01:13
1651050073337960000,77.2,2,77.1,36,77.2,11,1,2022-04-27 09:01:13
1651050073351096000,77.2,1,77.1,37,77.2,10,1,2022-04-27 09:01:13
1651050073374634000,77.2,10,77.1,37,77.4,60,1,2022-04-27 09:01:13
1651050073670563000,77.3,2,77.2,2,77.4,59,1,2022-04-27 09:01:13
1651050073762013000,77.2,1,77.2,2,77.4,59,2,2022-04-27 09:01:13
1651050073854227000,77.2,1,77.2,3,77.4,59,2,2022-04-27 09:01:13
1651050073935155000,77.2,1,77.2,2,77.4,59,2,2022-04-27 09:01:13
1651050074062869000,77.3,1,77.2,7,77.3,4,1,2022-04-27 09:01:14
1651050074127366000,77.2,2,77.2,5,77.3,4,2,2022-04-27 09:01:14
1651050074361154000,77.3,2,77.2,8,77.3,7,1,2022-04-27 09:01:14
1651050074496579000,77.2,1,77.2,8,77.3,7,2,2022-04-27 09:01:14
1651050074525910000,77.3,4,77.2,18,77.3,3,1,2022-04-27 09:01:14
1651050074579896000,77.2,1,77.2,17,77.3,4,2,2022-04-27 09:01:14
1651050074590459000,77.2,5,77.2,12,77.3,4,2,2022-04-27 09:01:14
1651050074658954000,77.3,4,77.2,12,77.4,56,1,2022-04-27 09:01:14
1651050074788642000,77.2,1,77.2,11,77.3,2,2,2022-04-27 09:01:14
1651050074828271000,77.2,1,77.2,10,77.3,3,2,2022-04-27 09:01:14
1651050074870883000,77.2,1,77.2,9,77.3,3,2,2022-04-27 09:01:14
1651050074948403000,77.3,5,77.2,9,77.3,1,1,2022-04-27 09:01:14
1651050075161149000,77.2,1,77.2,9,77.3,1,2,2022-04-27 09:01:15
1651050075207770000,77.2,5,77.2,4,77.3,1,2,2022-04-27 09:01:15
1651050075381668000,77.3,1,77.2,4,77.4,56,1,2022-04-27 09:01:15
1651050075423001000,77.2,4,77.1,30,77.4,57,2,2022-04-27 09:01:15
1651050075423001000,77.1,16,77.1,30,77.4,57,2,2022-04-27 09:01:15
1651050075490588000,77.2,1,77.1,34,77.4,57,1,2022-04-27 09:01:15
1651050075615070000,77.2,1,77.1,30,77.4,57,2,2022-04-27 09:01:15
1651050075615070000,77.1,4,77.1,30,77.4,57,2,2022-04-27 09:01:15
1651050075638210000,77.4,35,77.1,30,77.4,22,1,2022-04-27 09:01:15
1651050075937967000,77.3,10,77.1,35,77.2,2,2,2022-04-27 09:01:15
1651050075966219000,77.2,2,77.1,35,77.4,22,1,2022-04-27 09:01:15
1651050076029250000,77.4,22,77.3,1,77.5,149,1,2022-04-27 09:01:16
1651050076126257000,77.3,1,77.1,35,77.5,149,2,2022-04-27 09:01:16
1651050076297935000,77.2,2,77.1,35,77.4,2,2,2022-04-27 09:01:16
1651050076297935000,77.1,1,77.1,35,77.4,2,2,2022-04-27 09:01:16
1651050076420012000,77.3,1,77.1,35,77.4,2,2,2022-04-27 09:01:16
1651050076529849000,77.1,2,77.1,41,77.4,2,2,2022-04-27 09:01:16
1651050076775840000,77.3,1,77.2,2,77.4,2,2,2022-04-27 09:01:16
1651050076806357000,77.3,1,77.2,2,77.4,2,1,2022-04-27 09:01:16
1651050076827831000,77.4,1,77.2,2,77.4,1,1,2022-04-27 09:01:16
1651050076904126000,77.2,1,77.2,2,77.4,1,2,2022-04-27 09:01:16
1651050076954009000,77.3,2,77.2,2,77.4,1,1,2022-04-27 09:01:16
1651050077226541000,77.2,7,77.1,36,77.3,1,2,2022-04-27 09:01:17
1651050077226541000,77.1,5,77.1,36,77.3,1,2,2022-04-27 09:01:17
1651050077228099000,77.1,10,77.1,26,77.3,1,2,2022-04-27 09:01:17
1651050077387767000,77.3,1,77.2,1,77.4,7,1,2022-04-27 09:01:17
1651050077454289000,77.2,1,77.2,4,77.4,7,2,2022-04-27 09:01:17
1651050077547398000,77.2,4,77.1,23,77.4,7,2,2022-04-27 09:01:17
1651050077547398000,77.1,1,77.1,23,77.4,7,2,2022-04-27 09:01:17
1651050077647893000,77.1,3,77.1,20,77.4,7,2,2022-04-27 09:01:17
1651050077731022000,77.4,1,77.1,20,77.4,6,1,2022-04-27 09:01:17
1651050077802713000,77.2,1,77.1,20,77.2,1,1,2022-04-27 09:01:17
1651050077803217000,77.2,1,77.2,1,77.4,6,1,2022-04-27 09:01:17
1651050077891831000,77.2,1,77.1,20,77.4,8,2,2022-04-27 09:01:17
1651050078179519000,77.2,1,77.1,21,77.2,15,1,2022-04-27 09:01:18
1651050078247057000,77.1,2,77.1,19,77.2,15,2,2022-04-27 09:01:18
1651050078444390000,77.2,2,77.1,23,77.2,13,1,2022-04-27 09:01:18
1651050078686624000,77.2,1,77.1,25,77.2,12,1,2022-04-27 09:01:18
1651050078936175000,77.2,10,77.1,25,77.2,2,1,2022-04-27 09:01:18
1651050078950795000,77.2,1,77.1,25,77.2,1,1,2022-04-27 09:01:18
1651050078969221000,77.2,1,77.1,25,77.3,3,1,2022-04-27 09:01:18
1651050078981022000,77.3,2,77.1,25,77.3,1,1,2022-04-27 09:01:18
1651050079015636000,77.3,1,77.1,25,77.5,126,1,2022-04-27 09:01:19
1651050079015636000,77.4,8,77.1,25,77.5,126,1,2022-04-27 09:01:19
1651050079015636000,77.5,21,77.1,25,77.5,126,1,2022-04-27 09:01:19
1651050079069430000,77.5,1,77.1,26,77.5,125,1,2022-04-27 09:01:19
1651050079176641000,77.2,2,77.1,25,77.3,1,2,2022-04-27 09:01:19
1651050079176641000,77.1,2,77.1,25,77.3,1,2,2022-04-27 09:01:19
1651050079198491000,77.3,1,77.1,25,77.5,126,1,2022-04-27 09:01:19
1651050079282458000,77.2,1,77.1,25,77.2,10,1,2022-04-27 09:01:19
1651050079353412000,77.2,2,77.1,25,77.2,8,1,2022-04-27 09:01:19
1651050079366083000,77.2,8,77.1,25,77.4,1,1,2022-04-27 09:01:19
1651050079529434000,77.2,1,77.1,27,77.4,1,1,2022-04-27 09:01:19
1651050079657113000,77.4,1,77.2,3,77.4,5,1,2022-04-27 09:01:19
1651050079668047000,77.4,4,77.2,5,77.4,1,1,2022-04-27 09:01:19
1651050079808928000,77.2,1,77.2,5,77.4,1,2,2022-04-27 09:01:19
1651050079920603000,77.3,2,77.2,5,77.3,1,1,2022-04-27 09:01:19
1651050079930036000,77.2,1,77.2,4,77.3,1,2,2022-04-27 09:01:19
1651050079998273000,77.2,4,77.1,28,77.2,1,2,2022-04-27 09:01:19
1651050080029805000,77.2,1,77.1,28,77.3,1,1,2022-04-27 09:01:20
1651050080132197000,77.2,1,77.1,27,77.3,1,2,2022-04-27 09:01:20
1651050080132197000,77.1,1,77.1,27,77.3,1,2,2022-04-27 09:01:20
1651050080207656000,77.3,1,77.1,28,77.3,5,1,2022-04-27 09:01:20
1651050080255289000,77.3,2,77.1,28,77.3,3,1,2022-04-27 09:01:20
1651050080303491000,77.2,2,77.2,3,77.3,3,2,2022-04-27 09:01:20
1651050080481476000,77.3,2,77.2,3,77.3,1,1,2022-04-27 09:01:20
1651050080533454000,77.2,3,77.1,24,77.3,1,2,2022-04-27 09:01:20
1651050080533454000,77.1,4,77.1,24,77.3,1,2,2022-04-27 09:01:20
1651050080761646000,77.2,1,77.1,34,77.2,4,1,2022-04-27 09:01:20
1651050080779882000,77.2,1,77.1,34,77.2,3,1,2022-04-27 09:01:20
1651050080798207000,77.1,10,77.1,24,77.2,3,2,2022-04-27 09:01:20
1651050080822093000,77.1,1,77.1,23,77.2,3,2,2022-04-27 09:01:20
1651050080912999000,77.2,3,77.2,2,77.3,1,1,2022-04-27 09:01:20
1651050081000013000,77.3,1,77.2,2,77.4,7,1,2022-04-27 09:01:21
1651050081119394000,77.2,1,77.2,1,77.4,7,2,2022-04-27 09:01:21
1651050081179376000,77.2,1,77.1,24,77.2,2,2,2022-04-27 09:01:21
1651050081332393000,77.2,1,77.1,24,77.2,1,1,2022-04-27 09:01:21
1651050081333659000,77.1,2,77.1,22,77.2,1,2,2022-04-27 09:01:21
1651050081363250000,77.1,22,76.8,25,77.2,1,2,2022-04-27 09:01:21
1651050081363250000,77.0,148,76.8,25,77.2,1,2,2022-04-27 09:01:21
1651050081363250000,76.9,6,76.8,25,77.2,1,2,2022-04-27 09:01:21
1651050081363250000,76.8,6,76.8,25,77.2,1,2,2022-04-27 09:01:21
1651050081378880000,77.2,1,76.8,25,77.4,31,1,2022-04-27 09:01:21
1651050081411556000,76.9,4,76.8,11,77.3,14,2,2022-04-27 09:01:21
1651050081411556000,76.8,14,76.8,11,77.3,14,2,2022-04-27 09:01:21
1651050081503078000,77.2,2,77.1,1,77.3,17,1,2022-04-27 09:01:21
1651050081704334000,77.1,2,77.0,1,77.1,8,2,2022-04-27 09:01:21
1651050081728145000,77.1,5,77.0,1,77.1,3,1,2022-04-27 09:01:21
1651050081833682000,77.1,1,77.0,1,77.1,2,1,2022-04-27 09:01:21
1651050081851759000,77.0,1,76.9,1,77.1,2,2,2022-04-27 09:01:21
1651050081916851000,77.0,2,77.2,6,77.3,11,1,2022-04-27 09:01:21
1651050081916851000,77.1,2,77.2,6,77.3,11,1,2022-04-27 09:01:21
1651050082036645000,77.2,6,77.2,1,77.3,11,2,2022-04-27 09:01:22
1651050082069893000,77.2,1,76.9,1,77.2,1,2,2022-04-27 09:01:22
1651050082121307000,77.1,1,76.9,1,77.1,9,1,2022-04-27 09:01:22
1651050082164112000,76.9,1,76.8,7,77.1,9,2,2022-04-27 09:01:22
1651050082164112000,76.8,4,76.8,7,77.1,9,2,2022-04-27 09:01:22
1651050082252568000,77.1,1,76.8,7,77.1,8,1,2022-04-27 09:01:22
1651050082295153000,77.1,1,76.8,9,77.1,7,1,2022-04-27 09:01:22
1651050082400826000,76.8,1,76.8,8,77.1,7,2,2022-04-27 09:01:22
1651050082437647000,77.1,2,76.8,8,77.1,5,1,2022-04-27 09:01:22
1651050082513245000,77.1,3,76.8,8,77.1,2,1,2022-04-27 09:01:22
1651050082520572000,77.1,1,76.8,8,77.1,1,1,2022-04-27 09:01:22
1651050082564507000,77.0,1,76.8,8,77.0,1,1,2022-04-27 09:01:22
1651050082655736000,77.0,1,76.8,8,77.1,2,1,2022-04-27 09:01:22
1651050082689129000,77.1,2,76.8,8,77.2,21,1,2022-04-27 09:01:22
1651050083025303000,77.0,1,76.8,8,77.0,1,1,2022-04-27 09:01:23
1651050083103105000,77.0,1,76.8,8,77.1,3,1,2022-04-27 09:01:23
1651050083103105000,77.1,4,76.8,8,77.1,3,1,2022-04-27 09:01:23
1651050083106358000,77.1,3,76.8,8,77.2,28,1,2022-04-27 09:01:23
1651050083106358000,77.2,7,76.8,8,77.2,28,1,2022-04-27 09:01:23
1651050083139009000,77.0,3,77.0,5,77.2,28,2,2022-04-27 09:01:23
1651050083243986000,77.1,2,77.0,6,77.1,8,1,2022-04-27 09:01:23
1651050083343388000,77.1,8,77.0,6,77.2,31,1,2022-04-27 09:01:23
1651050083343388000,77.2,2,77.0,6,77.2,31,1,2022-04-27 09:01:23
1651050083372967000,77.0,6,76.8,4,77.2,31,2,2022-04-27 09:01:23
1651050083372967000,76.8,4,76.8,4,77.2,31,2,2022-04-27 09:01:23
1651050083467797000,77.1,5,76.8,5,77.1,2,1,2022-04-27 09:01:23
1651050083538071000,77.0,2,76.8,5,77.0,2,1,2022-04-27 09:01:23
1651050083689954000,77.0,1,76.8,5,77.0,1,1,2022-04-27 09:01:23
1651050083876890000,77.0,1,76.8,5,77.1,10,1,2022-04-27 09:01:23
1651050084019340000,77.1,4,76.8,5,77.1,6,1,2022-04-27 09:01:24
1651050084439841000,77.0,1,76.8,5,77.0,3,2,2022-04-27 09:01:24
1651050084549912000,76.9,1,76.8,6,77.0,8,1,2022-04-27 09:01:24
1651050084554960000,77.0,2,76.8,6,77.0,6,1,2022-04-27 09:01:24
1651050084560729000,77.0,4,76.8,6,77.0,2,1,2022-04-27 09:01:24
1651050084581067000,77.0,1,76.8,6,77.0,1,1,2022-04-27 09:01:24
1651050084617199000,77.0,1,76.8,6,77.0,2,1,2022-04-27 09:01:24
1651050084667230000,77.0,1,76.8,6,77.0,1,1,2022-04-27 09:01:24
1651050084695393000,77.0,1,76.8,6,77.1,12,1,2022-04-27 09:01:24
1651050084846812000,77.1,1,76.8,9,77.1,11,1,2022-04-27 09:01:24
1651050084850109000,76.8,2,76.8,7,77.1,11,2,2022-04-27 09:01:24
1651050085045227000,76.8,6,76.8,5,77.1,11,2,2022-04-27 09:01:25
1651050085130218000,77.1,1,76.8,5,77.1,12,1,2022-04-27 09:01:25
1651050085177689000,76.8,1,76.8,4,77.1,12,2,2022-04-27 09:01:25
1651050085568934000,77.0,2,76.8,9,77.0,6,1,2022-04-27 09:01:25
1651050085571111000,77.0,2,76.8,9,77.0,4,1,2022-04-27 09:01:25
1651050085686788000,77.0,1,76.8,12,77.0,3,1,2022-04-27 09:01:25
1651050085707952000,76.8,1,76.8,11,77.0,3,2,2022-04-27 09:01:25
1651050085743853000,77.0,1,76.8,11,77.0,2,1,2022-04-27 09:01:25
1651050085761872000,77.0,1,76.8,11,77.0,1,1,2022-04-27 09:01:25
1651050085882331000,76.8,10,76.8,11,77.0,1,2,2022-04-27 09:01:25
1651050085907411000,77.0,1,76.8,11,77.1,13,1,2022-04-27 09:01:25
1651050086067278000,77.1,1,76.9,2,77.1,12,1,2022-04-27 09:01:26
1651050086107794000,77.1,1,76.9,2,77.1,11,1,2022-04-27 09:01:26
1651050086507412000,76.9,1,76.9,11,77.0,5,2,2022-04-27 09:01:26
1651050086536622000,76.9,2,76.9,9,77.0,5,2,2022-04-27 09:01:26
1651050086557242000,77.0,5,76.9,9,77.1,16,1,2022-04-27 09:01:26
1651050086587961000,77.1,2,76.9,9,77.1,14,1,2022-04-27 09:01:26
1651050086678734000,76.9,2,76.9,7,77.1,14,2,2022-04-27 09:01:26
1651050086710387000,77.1,4,76.9,7,77.1,10,1,2022-04-27 09:01:26
1651050086833095000,76.9,2,76.9,5,77.1,10,2,2022-04-27 09:01:26
1651050087040990000,77.1,10,76.9,5,77.2,54,1,2022-04-27 09:01:27
1651050087194656000,77.2,4,76.9,11,77.2,50,1,2022-04-27 09:01:27
1651050087249401000,77.2,50,77.1,5,77.3,32,1,2022-04-27 09:01:27
1651050087381813000,77.1,2,77.1,3,77.3,30,2,2022-04-27 09:01:27
1651050087591141000,77.1,1,77.1,2,77.3,30,2,2022-04-27 09:01:27
1651050087607108000,77.3,2,77.1,2,77.3,28,1,2022-04-27 09:01:27
1651050087675665000,77.1,1,77.1,1,77.2,1,2,2022-04-27 09:01:27
1651050087699027000,77.2,1,77.2,1,77.3,28,1,2022-04-27 09:01:27
1651050087818368000,77.2,1,77.1,1,77.3,28,2,2022-04-27 09:01:27
1651050088071635000,77.1,4,76.9,3,77.3,24,2,2022-04-27 09:01:28
1651050088071635000,76.9,6,76.9,3,77.3,24,2,2022-04-27 09:01:28
1651050088251262000,77.2,1,77.2,2,77.3,24,1,2022-04-27 09:01:28
1651050088284840000,77.2,2,77.2,1,77.3,24,2,2022-04-27 09:01:28
1651050088333954000,77.2,1,76.8,1,77.3,24,2,2022-04-27 09:01:28
1651050088333954000,76.9,4,76.8,1,77.3,24,2,2022-04-27 09:01:28
1651050088346116000,77.0,1,77.0,1,77.3,24,2,2022-04-27 09:01:28
1651050088353552000,77.0,1,76.8,1,77.3,24,2,2022-04-27 09:01:28
1651050088467308000,77.1,2,77.0,2,77.3,22,1,2022-04-27 09:01:28
1651050088467308000,77.3,2,77.0,2,77.3,22,1,2022-04-27 09:01:28
1651050088533523000,77.0,4,76.7,59,77.1,2,2,2022-04-27 09:01:28
1651050088533523000,76.8,2,76.7,59,77.1,2,2,2022-04-27 09:01:28
1651050088533523000,76.7,4,76.7,59,77.1,2,2,2022-04-27 09:01:28
1651050088623106000,77.1,2,76.7,59,77.2,12,1,2022-04-27 09:01:28
1651050088993674000,77.1,1,77.1,1,77.3,23,2,2022-04-27 09:01:28
1651050089207368000,77.3,10,77.1,1,77.3,13,1,2022-04-27 09:01:29
1651050089491307000,77.1,1,77.0,3,77.2,5,2,2022-04-27 09:01:29
1651050089543682000,77.0,3,76.9,7,77.0,1,2,2022-04-27 09:01:29
1651050089562528000,77.0,1,76.9,7,77.2,5,1,2022-04-27 09:01:29
1651050089621077000,77.0,2,76.9,9,77.0,86,1,2022-04-27 09:01:29
1651050089639344000,77.0,1,76.9,9,77.0,85,1,2022-04-27 09:01:29
1651050090034961000,76.9,1,76.9,13,77.0,85,2,2022-04-27 09:01:30
1651050090084876000,77.0,1,76.9,13,77.0,84,1,2022-04-27 09:01:30
1651050090147104000,77.0,1,76.9,13,77.0,83,1,2022-04-27 09:01:30
1651050090210263000,77.0,1,76.9,13,77.0,83,1,2022-04-27 09:01:30
1651050090218495000,77.0,1,76.9,13,77.0,82,1,2022-04-27 09:01:30
1651050090262602000,77.0,2,76.9,13,77.0,80,1,2022-04-27 09:01:30
1651050090321083000,77.0,1,76.9,13,77.0,79,1,2022-04-27 09:01:30
1651050090337374000,77.0,1,76.9,13,77.0,78,1,2022-04-27 09:01:30
1651050090597860000,77.0,5,76.9,12,77.0,75,1,2022-04-27 09:01:30
1651050090652035000,77.0,2,76.9,12,77.0,73,1,2022-04-27 09:01:30
1651050090866978000,76.9,8,76.9,4,77.0,73,2,2022-04-27 09:01:30
1651050090927506000,77.0,1,76.9,4,77.0,72,1,2022-04-27 09:01:30
1651050090968681000,77.0,72,76.9,4,77.0,4,1,2022-04-27 09:01:30
1651050091000973000,77.0,4,76.9,4,77.1,16,1,2022-04-27 09:01:31
1651050091384192000,77.0,1,76.9,4,77.0,19,1,2022-04-27 09:01:31
1651050091400946000,77.0,2,76.9,4,77.0,17,1,2022-04-27 09:01:31
1651050091500029000,77.0,3,76.9,4,77.0,14,1,2022-04-27 09:01:31
1651050091519215000,76.9,2,76.9,2,77.0,14,2,2022-04-27 09:01:31
1651050091561962000,77.0,13,76.9,2,77.0,1,1,2022-04-27 09:01:31
1651050091598954000,77.0,1,76.9,2,77.1,16,1,2022-04-27 09:01:31
1651050091630923000,77.1,1,76.9,2,77.1,15,1,2022-04-27 09:01:31
1651050091648196000,77.1,4,76.9,2,77.1,11,1,2022-04-27 09:01:31
1651050091650133000,77.1,1,76.9,2,77.1,10,1,2022-04-27 09:01:31
1651050091744846000,77.1,1,76.9,2,77.1,11,1,2022-04-27 09:01:31
1651050091969105000,76.9,1,76.9,4,77.0,5,2,2022-04-27 09:01:31
1651050092100263000,77.0,5,76.9,4,77.1,11,1,2022-04-27 09:01:32
1651050092268248000,77.1,1,77.0,2,77.1,10,1,2022-04-27 09:01:32
1651050092268366000,77.0,2,76.9,1,77.1,10,2,2022-04-27 09:01:32
1651050092268366000,76.9,3,76.9,1,77.1,10,2,2022-04-27 09:01:32
1651050092576347000,77.0,5,76.8,16,77.1,10,2,2022-04-27 09:01:32
1651050092576347000,76.9,1,76.8,16,77.1,10,2,2022-04-27 09:01:32
1651050092576347000,76.8,14,76.8,16,77.1,10,2,2022-04-27 09:01:32
1651050092685922000,77.1,1,77.0,1,77.1,9,1,2022-04-27 09:01:32
1651050092685944000,77.1,1,77.0,1,77.1,8,1,2022-04-27 09:01:32
1651050092694737000,77.0,1,76.8,16,77.1,8,2,2022-04-27 09:01:32
1651050092974045000,76.9,1,76.8,16,76.9,2,2,2022-04-27 09:01:32
1651050093112918000,76.9,2,77.0,1,77.1,19,1,2022-04-27 09:01:33
1651050093112918000,77.0,1,77.0,1,77.1,19,1,2022-04-27 09:01:33
1651050093147995000,77.1,1,77.0,1,77.1,18,1,2022-04-27 09:01:33
1651050093318239000,77.1,1,77.0,4,77.1,18,1,2022-04-27 09:01:33
1651050093623308000,77.1,3,77.0,5,77.1,15,1,2022-04-27 09:01:33
1651050093705600000,77.1,2,77.0,5,77.1,13,1,2022-04-27 09:01:33
1651050093714349000,77.0,5,76.9,2,77.0,5,2,2022-04-27 09:01:33
1651050093850931000,76.9,12,76.8,24,76.9,3,2,2022-04-27 09:01:33
1651050093986750000,76.9,3,76.8,24,77.0,5,1,2022-04-27 09:01:33
1651050093989816000,77.0,5,77.0,14,77.1,13,1,2022-04-27 09:01:33
1651050093994793000,77.0,5,77.0,9,77.1,13,2,2022-04-27 09:01:33
1651050094061755000,77.0,1,77.0,8,77.1,13,2,2022-04-27 09:01:34
1651050094181952000,77.1,2,77.0,8,77.1,11,1,2022-04-27 09:01:34
1651050094358890000,77.1,4,77.0,8,77.1,11,1,2022-04-27 09:01:34
1651050094421291000,77.1,1,77.0,9,77.1,10,1,2022-04-27 09:01:34
1651050094457552000,77.0,6,77.0,3,77.1,10,2,2022-04-27 09:01:34
1651050094632480000,77.1,1,77.0,3,77.1,10,1,2022-04-27 09:01:34
1651050094696413000,77.0,1,77.0,2,77.1,10,2,2022-04-27 09:01:34
1651050094718216000,77.1,2,77.0,2,77.1,8,1,2022-04-27 09:01:34
1651050094887420000,77.0,1,77.0,1,77.1,8,2,2022-04-27 09:01:34
1651050095238913000,77.0,10,76.7,45,77.1,8,2,2022-04-27 09:01:35
1651050095238913000,76.9,1,76.7,45,77.1,8,2,2022-04-27 09:01:35
1651050095238913000,76.8,24,76.7,45,77.1,8,2,2022-04-27 09:01:35
1651050095238913000,76.7,15,76.7,45,77.1,8,2,2022-04-27 09:01:35
1651050095373626000,77.0,1,76.7,45,77.1,20,1,2022-04-27 09:01:35
1651050095642368000,76.8,1,76.7,45,77.0,4,2,2022-04-27 09:01:35
1651050095716699000,77.0,1,76.9,2,77.0,3,1,2022-04-27 09:01:35
1651050095897499000,77.0,3,77.0,7,77.1,9,1,2022-04-27 09:01:35
1651050095997605000,77.0,3,77.0,7,77.1,9,2,2022-04-27 09:01:35
1651050096031066000,77.1,1,77.0,7,77.1,8,1,2022-04-27 09:01:36
1651050096257310000,77.1,1,77.0,8,77.1,8,1,2022-04-27 09:01:36
1651050096279314000,77.0,2,77.0,6,77.1,8,2,2022-04-27 09:01:36
1651050096316796000,77.0,1,77.0,5,77.1,9,2,2022-04-27 09:01:36
1651050096354910000,77.0,1,77.0,4,77.1,9,2,2022-04-27 09:01:36
1651050096371422000,77.0,1,77.0,3,77.1,9,2,2022-04-27 09:01:36
1651050096372481000,77.0,1,77.0,2,77.1,9,2,2022-04-27 09:01:36
1651050096407921000,77.0,2,76.9,5,77.1,9,2,2022-04-27 09:01:36
1651050096503438000,76.9,1,76.9,5,77.0,10,2,2022-04-27 09:01:36
1651050096522596000,77.0,1,76.9,5,77.0,9,1,2022-04-27 09:01:36
1651050096671298000,76.9,1,76.9,4,77.0,22,2,2022-04-27 09:01:36
1651050096752235000,77.0,2,76.9,4,77.0,40,1,2022-04-27 09:01:36
1651050096906255000,77.0,2,76.9,4,77.0,40,1,2022-04-27 09:01:36
1651050096985788000,77.0,1,76.9,4,77.0,39,1,2022-04-27 09:01:36
1651050097320648000,77.0,1,76.9,18,77.0,89,1,2022-04-27 09:01:37
1651050097322982000,76.9,1,76.9,17,77.0,89,2,2022-04-27 09:01:37
1651050097355027000,77.0,1,76.9,17,77.0,90,1,2022-04-27 09:01:37
1651050097495780000,77.0,1,76.9,17,77.0,91,1,2022-04-27 09:01:37
1651050097609947000,77.0,2,76.9,17,77.0,89,1,2022-04-27 09:01:37
1651050097621266000,77.0,1,76.9,18,77.0,88,1,2022-04-27 09:01:37
1651050097644164000,77.0,1,76.9,18,77.0,87,1,2022-04-27 09:01:37
1651050097654211000,77.0,1,76.9,18,77.0,86,1,2022-04-27 09:01:37
1651050097764998000,77.0,1,76.9,18,77.0,86,1,2022-04-27 09:01:37
1651050097860915000,77.0,1,76.9,18,77.0,85,1,2022-04-27 09:01:37
1651050097927454000,77.0,2,76.9,18,77.0,83,1,2022-04-27 09:01:37
1651050098157942000,77.0,1,76.9,18,77.0,95,1,2022-04-27 09:01:38
1651050098202145000,77.0,2,76.9,18,77.0,93,1,2022-04-27 09:01:38
1651050098209812000,77.0,2,76.9,18,77.0,91,1,2022-04-27 09:01:38
1651050098307638000,77.0,1,76.9,18,77.0,90,1,2022-04-27 09:01:38
1651050098309648000,77.0,1,76.9,18,77.0,89,1,2022-04-27 09:01:38
1651050098363807000,76.9,1,76.9,9,77.0,89,2,2022-04-27 09:01:38
1651050098591680000,77.0,1,76.9,14,77.0,89,1,2022-04-27 09:01:38
1651050098782063000,77.0,1,76.9,14,77.0,94,1,2022-04-27 09:01:38
1651050098880416000,77.0,1,76.9,14,77.0,93,1,2022-04-27 09:01:38
1651050098890672000,77.0,1,76.9,14,77.0,92,1,2022-04-27 09:01:38
1651050099050671000,77.0,3,76.9,14,77.0,93,1,2022-04-27 09:01:39
1651050099178405000,76.9,2,76.9,12,77.0,94,2,2022-04-27 09:01:39
1651050099317254000,77.0,2,76.9,12,77.0,94,1,2022-04-27 09:01:39
1651050099473197000,76.9,1,76.9,11,77.0,94,2,2022-04-27 09:01:39
1651050099609334000,76.9,2,76.9,9,77.0,94,2,2022-04-27 09:01:39
1651050099651391000,77.0,1,76.9,9,77.0,93,1,2022-04-27 09:01:39
1651050099655978000,77.0,3,76.9,11,77.0,90,1,2022-04-27 09:01:39
1651050099797195000,77.0,2,76.9,11,77.0,89,1,2022-04-27 09:01:39
1651050099799039000,76.9,11,76.8,19,76.9,39,2,2022-04-27 09:01:39
1651050099947719000,76.9,1,76.8,19,76.9,38,1,2022-04-27 09:01:39
1651050099953815000,76.9,38,76.8,19,77.0,79,1,2022-04-27 09:01:39
1651050099953815000,77.0,12,76.8,19,77.0,79,1,2022-04-27 09:01:39
1651050100306199000,77.0,1,76.8,19,77.0,89,1,2022-04-27 09:01:40
1651050100337752000,77.0,2,76.8,19,77.0,87,1,2022-04-27 09:01:40
1651050100360963000,76.8,4,76.8,15,77.0,87,2,2022-04-27 09:01:40
1651050100439913000,76.8,1,76.8,14,77.0,87,2,2022-04-27 09:01:40
1651050100442094000,77.0,1,76.8,14,77.0,86,1,2022-04-27 09:01:40
1651050100634214000,76.8,2,76.8,12,77.0,88,2,2022-04-27 09:01:40
1651050100815808000,77.0,1,76.8,12,77.0,88,1,2022-04-27 09:01:40
1651050100893193000,76.9,1,76.8,12,77.0,88,1,2022-04-27 09:01:40
1651050100893193000,77.0,1,76.8,12,77.0,88,1,2022-04-27 09:01:40
1651050101144709000,76.9,1,76.8,15,76.9,4,1,2022-04-27 09:01:41
1651050101409365000,76.9,1,76.8,16,76.9,13,1,2022-04-27 09:01:41
1651050101709784000,76.8,1,76.8,15,76.9,15,2,2022-04-27 09:01:41
1651050101793887000,76.9,2,76.8,15,76.9,13,1,2022-04-27 09:01:41
1651050101829857000,76.9,2,76.8,15,76.9,42,1,2022-04-27 09:01:41
1651050102031917000,76.9,1,76.8,20,76.9,41,1,2022-04-27 09:01:42
1651050102043459000,76.8,20,76.7,46,76.9,41,2,2022-04-27 09:01:42
1651050102075263000,76.9,1,76.7,46,76.9,40,1,2022-04-27 09:01:42
1651050102313957000,76.9,5,76.7,46,76.9,44,1,2022-04-27 09:01:42
1651050102497243000,76.9,1,76.7,46,76.9,45,1,2022-04-27 09:01:42
1651050102700896000,76.7,1,76.7,45,76.8,3,2,2022-04-27 09:01:42
1651050102813495000,76.8,1,76.7,45,76.8,2,1,2022-04-27 09:01:42
1651050102846662000,76.8,2,76.7,45,76.8,1,1,2022-04-27 09:01:42
1651050102978292000,76.8,1,76.8,4,76.9,50,1,2022-04-27 09:01:42
1651050103111114000,76.9,1,76.8,4,76.9,49,1,2022-04-27 09:01:43
1651050103181884000,76.8,1,76.8,3,76.9,49,2,2022-04-27 09:01:43
1651050103373570000,76.9,2,76.8,8,76.9,47,1,2022-04-27 09:01:43
1651050103446066000,76.9,1,76.8,13,76.9,46,1,2022-04-27 09:01:43
1651050103519222000,76.8,1,76.8,17,76.9,46,2,2022-04-27 09:01:43
1651050103590714000,76.9,1,76.8,17,76.9,45,1,2022-04-27 09:01:43
1651050103736220000,76.9,2,76.8,32,76.9,43,1,2022-04-27 09:01:43
1651050103852000000,76.8,2,76.8,30,76.9,48,2,2022-04-27 09:01:43
1651050103859403000,76.9,2,76.8,30,76.9,46,1,2022-04-27 09:01:43
1651050103879293000,76.8,2,76.8,28,76.9,46,2,2022-04-27 09:01:43
1651050104124809000,76.9,1,76.8,28,76.9,47,1,2022-04-27 09:01:44
1651050104288610000,76.8,3,76.8,25,76.9,48,2,2022-04-27 09:01:44
1651050104313535000,76.8,2,76.8,23,76.9,48,2,2022-04-27 09:01:44
1651050104667282000,76.8,4,76.8,21,76.9,60,2,2022-04-27 09:01:44
1651050104684969000,76.8,5,76.8,16,76.9,60,2,2022-04-27 09:01:44
1651050104873546000,76.9,2,76.8,16,76.9,58,1,2022-04-27 09:01:44
1651050104950293000,76.9,4,76.8,16,76.9,54,1,2022-04-27 09:01:44
1651050105177288000,76.9,10,76.8,18,76.9,46,1,2022-04-27 09:01:45
1651050105212035000,76.9,1,76.8,18,76.9,45,1,2022-04-27 09:01:45
1651050105506629000,76.9,1,76.8,18,76.9,47,1,2022-04-27 09:01:45
1651050105727285000,76.9,2,76.8,21,76.9,46,1,2022-04-27 09:01:45
1651050105769463000,76.9,1,76.8,22,76.9,45,1,2022-04-27 09:01:45
1651050105815506000,76.8,3,76.8,19,76.9,46,2,2022-04-27 09:01:45
1651050105886826000,76.9,2,76.8,19,76.9,44,1,2022-04-27 09:01:45
1651050106215014000,76.9,4,76.8,19,76.9,40,1,2022-04-27 09:01:46
1651050106257047000,76.8,2,76.8,17,76.9,40,2,2022-04-27 09:01:46
1651050106294614000,76.8,1,76.8,16,76.9,40,2,2022-04-27 09:01:46
1651050106398073000,76.9,5,76.8,16,76.9,35,1,2022-04-27 09:01:46
1651050106434270000,76.9,1,76.8,16,76.9,34,1,2022-04-27 09:01:46
1651050106494548000,76.9,3,76.8,16,76.9,31,1,2022-04-27 09:01:46
1651050106596491000,76.9,5,76.8,17,76.9,26,1,2022-04-27 09:01:46
1651050106605756000,76.9,1,76.8,17,76.9,25,1,2022-04-27 09:01:46
1651050106666321000,76.9,1,76.8,17,76.9,24,1,2022-04-27 09:01:46
1651050106669118000,76.8,1,76.8,16,76.9,24,2,2022-04-27 09:01:46
1651050106696329000,76.9,8,76.8,16,76.9,16,1,2022-04-27 09:01:46
1651050106731448000,76.9,2,76.8,16,76.9,14,1,2022-04-27 09:01:46
1651050106786572000,76.8,1,76.8,15,76.9,14,2,2022-04-27 09:01:46
1651050106826409000,76.9,5,76.8,15,76.9,9,1,2022-04-27 09:01:46
1651050106906705000,76.9,2,76.8,16,76.9,7,1,2022-04-27 09:01:46
1651050106937725000,76.9,1,76.8,16,76.9,6,1,2022-04-27 09:01:46
1651050107000518000,76.9,5,76.8,16,76.9,1,1,2022-04-27 09:01:47
1651050107138770000,76.9,1,76.9,4,77.0,122,1,2022-04-27 09:01:47
1651050107142931000,76.9,4,76.8,16,77.0,122,2,2022-04-27 09:01:47
1651050107225214000,77.0,1,76.9,2,77.0,121,1,2022-04-27 09:01:47
1651050107350015000,76.9,2,76.9,5,77.0,121,2,2022-04-27 09:01:47
1651050107351242000,76.9,2,76.9,3,77.0,119,2,2022-04-27 09:01:47
1651050107381802000,77.0,1,76.9,6,77.0,118,1,2022-04-27 09:01:47
1651050107397967000,76.9,6,76.8,18,77.0,124,2,2022-04-27 09:01:47
1651050107498989000,77.0,1,76.8,20,77.0,123,1,2022-04-27 09:01:47
1651050107652127000,76.9,2,76.9,10,77.0,124,2,2022-04-27 09:01:47
1651050107685125000,76.9,1,76.9,9,77.0,124,2,2022-04-27 09:01:47
1651050107828087000,77.0,1,76.9,9,77.0,123,1,2022-04-27 09:01:47
1651050107898381000,77.0,2,76.9,9,77.0,121,1,2022-04-27 09:01:47
1651050107922218000,77.0,2,76.9,10,77.0,119,1,2022-04-27 09:01:47
1651050107972268000,76.9,2,76.9,8,77.0,119,2,2022-04-27 09:01:47
1651050107979164000,76.9,1,76.9,7,77.0,119,2,2022-04-27 09:01:47
1651050108021651000,76.9,1,76.9,6,77.0,119,2,2022-04-27 09:01:48
1651050108190264000,76.9,2,76.9,4,77.0,133,2,2022-04-27 09:01:48
1651050108246580000,77.0,2,76.9,4,77.0,131,1,2022-04-27 09:01:48
1651050108284725000,76.9,1,76.9,3,77.0,131,2,2022-04-27 09:01:48
1651050108344424000,76.9,1,76.9,2,77.0,131,2,2022-04-27 09:01:48
1651050108565078000,76.9,1,76.9,2,77.0,132,2,2022-04-27 09:01:48
1651050108568878000,76.9,1,76.9,1,77.0,132,2,2022-04-27 09:01:48
1651050108695369000,76.9,3,76.8,63,77.0,157,2,2022-04-27 09:01:48
1651050108695369000,76.8,2,76.8,63,77.0,157,2,2022-04-27 09:01:48
1651050108743389000,76.8,10,76.8,53,77.0,157,2,2022-04-27 09:01:48
1651050108831435000,76.8,1,76.8,51,76.9,1,2,2022-04-27 09:01:48
1651050108881893000,76.9,1,76.9,1,77.0,157,1,2022-04-27 09:01:48
1651050108889069000,76.9,1,76.8,38,77.0,157,2,2022-04-27 09:01:48
1651050108889069000,76.8,13,76.8,38,77.0,157,2,2022-04-27 09:01:48
1651050108939721000,77.0,2,76.9,15,77.0,155,1,2022-04-27 09:01:48
1651050108951063000,77.0,2,76.9,15,77.0,153,1,2022-04-27 09:01:48
1651050109070680000,77.0,1,76.9,15,77.0,152,1,2022-04-27 09:01:49
1651050109595142000,76.9,1,76.9,14,77.0,152,2,2022-04-27 09:01:49
1651050109866185000,77.0,8,76.9,15,77.0,146,1,2022-04-27 09:01:49
1651050109946297000,77.0,1,76.9,15,77.0,145,1,2022-04-27 09:01:49
1651050109947543000,77.0,1,76.9,15,77.0,144,1,2022-04-27 09:01:49
1651050109973188000,76.9,1,76.9,15,77.0,143,2,2022-04-27 09:01:49
1651050110098372000,76.9,1,76.9,14,77.0,143,2,2022-04-27 09:01:50
1651050110529962000,77.0,1,76.9,18,77.0,143,1,2022-04-27 09:01:50
1651050110674139000,76.9,6,76.9,13,77.0,143,2,2022-04-27 09:01:50
1651050110778938000,76.9,1,76.9,13,77.0,142,2,2022-04-27 09:01:50
1651050110977116000,77.0,2,76.9,14,77.0,140,1,2022-04-27 09:01:50
1651050111047626000,77.0,1,76.9,14,77.0,139,1,2022-04-27 09:01:51
1651050111109451000,76.9,1,76.9,14,77.0,140,2,2022-04-27 09:01:51
1651050111299467000,76.9,2,76.9,12,77.0,139,2,2022-04-27 09:01:51
1651050111364999000,76.9,1,76.9,11,77.0,139,2,2022-04-27 09:01:51
1651050111472252000,77.0,1,76.9,12,77.0,138,1,2022-04-27 09:01:51
1651050111506307000,76.9,10,76.9,2,77.0,138,2,2022-04-27 09:01:51
1651050111506768000,76.9,2,76.8,52,76.9,2,2,2022-04-27 09:01:51
1651050111596448000,76.8,1,76.8,51,76.9,4,2,2022-04-27 09:01:51
1651050111617335000,76.9,4,76.8,51,77.0,137,1,2022-04-27 09:01:51
1651050111617335000,77.0,1,76.8,51,77.0,137,1,2022-04-27 09:01:51
1651050111924928000,76.8,12,76.8,40,76.9,1,2,2022-04-27 09:01:51
1651050111992141000,76.9,1,76.8,40,77.0,145,1,2022-04-27 09:01:51
1651050111992141000,77.0,1,76.8,40,77.0,145,1,2022-04-27 09:01:51
1651050112157926000,77.0,5,76.8,40,77.0,141,1,2022-04-27 09:01:52
1651050112254151000,77.0,1,76.8,40,77.0,140,1,2022-04-27 09:01:52
1651050112357361000,77.0,2,76.8,40,77.0,138,1,2022-04-27 09:01:52
1651050112734299000,76.9,3,76.9,1,77.0,138,2,2022-04-27 09:01:52
1651050112842536000,76.9,1,76.9,1,77.0,138,2,2022-04-27 09:01:52
1651050113003558000,77.0,2,76.9,1,77.0,137,1,2022-04-27 09:01:53
1651050113010180000,76.9,1,76.8,44,77.0,137,2,2022-04-27 09:01:53
1651050113435748000,76.9,1,76.8,44,76.9,13,2,2022-04-27 09:01:53
1651050113441942000,76.8,1,76.8,43,76.9,13,2,2022-04-27 09:01:53
1651050113564573000,76.9,2,76.8,44,76.9,11,1,2022-04-27 09:01:53
1651050113739598000,76.9,10,76.8,44,76.9,1,1,2022-04-27 09:01:53
1651050113745203000,76.8,10,76.8,34,76.9,1,2,2022-04-27 09:01:53
1651050113819830000,76.9,1,76.8,34,77.0,141,1,2022-04-27 09:01:53
1651050114015456000,76.9,1,76.8,34,77.0,140,1,2022-04-27 09:01:54
1651050114015456000,77.0,1,76.8,34,77.0,140,1,2022-04-27 09:01:54
1651050114248214000,77.0,1,76.8,34,77.0,152,1,2022-04-27 09:01:54
1651050114375817000,77.0,1,76.9,2,77.0,152,1,2022-04-27 09:01:54
1651050114394013000,76.9,2,76.8,37,77.0,152,2,2022-04-27 09:01:54
1651050114630821000,77.0,10,76.9,5,77.0,143,1,2022-04-27 09:01:54
1651050114644922000,76.9,1,76.9,4,77.0,143,2,2022-04-27 09:01:54
1651050114993210000,76.9,1,76.9,5,77.0,147,2,2022-04-27 09:01:54
1651050115028873000,77.0,2,76.9,5,77.0,145,1,2022-04-27 09:01:55
1651050115257809000,77.0,1,76.9,5,77.0,144,1,2022-04-27 09:01:55
1651050115373370000,77.0,1,76.9,6,77.0,143,1,2022-04-27 09:01:55
1651050115420711000,76.9,2,76.9,4,77.0,143,2,2022-04-27 09:01:55
1651050115545573000,77.0,1,76.9,4,77.0,182,1,2022-04-27 09:01:55
1651050115551458000,77.0,2,76.9,4,77.0,180,1,2022-04-27 09:01:55
1651050115592334000,76.9,1,76.9,3,77.0,181,2,2022-04-27 09:01:55
1651050115742306000,76.9,1,76.9,4,77.0,181,2,2022-04-27 09:01:55
1651050115890377000,77.0,1,76.9,5,77.0,180,1,2022-04-27 09:01:55
1651050116043738000,77.0,2,76.9,6,77.0,179,1,2022-04-27 09:01:56
1651050116184426000,76.9,3,76.9,3,77.0,179,2,2022-04-27 09:01:56
1651050116305082000,77.0,1,76.9,6,77.0,178,1,2022-04-27 09:01:56
1651050116406822000,77.0,20,76.9,7,77.0,159,1,2022-04-27 09:01:56
1651050116686854000,77.0,2,76.9,7,77.0,158,1,2022-04-27 09:01:56
1651050116767935000,77.0,4,76.9,7,77.0,154,1,2022-04-27 09:01:56
1651050116858539000,77.0,1,76.9,8,77.0,154,1,2022-04-27 09:01:56
1651050116962034000,77.0,2,76.9,8,77.0,152,1,2022-04-27 09:01:56
1651050116962200000,76.9,4,76.9,4,77.0,152,2,2022-04-27 09:01:56
1651050116980121000,76.9,1,76.9,3,77.0,152,2,2022-04-27 09:01:56
1651050117002744000,77.0,1,76.9,3,77.0,151,1,2022-04-27 09:01:57
1651050117062239000,77.0,2,76.9,10,77.0,149,1,2022-04-27 09:01:57
1651050117090449000,76.9,5,76.9,5,77.0,144,2,2022-04-27 09:01:57
1651050117212831000,77.0,2,76.9,5,77.0,142,1,2022-04-27 09:01:57
1651050117529227000,77.0,1,76.9,5,77.0,141,1,2022-04-27 09:01:57
1651050117586375000,76.9,1,76.9,4,77.0,141,2,2022-04-27 09:01:57
1651050117667349000,76.9,4,76.7,4,77.0,141,2,2022-04-27 09:01:57
1651050117667349000,76.8,48,76.7,4,77.0,141,2,2022-04-27 09:01:57
1651050117667349000,76.7,48,76.7,4,77.0,141,2,2022-04-27 09:01:57
1651050117712741000,77.0,1,76.7,7,77.0,140,1,2022-04-27 09:01:57
1651050117723543000,77.0,1,76.7,7,77.0,139,1,2022-04-27 09:01:57
1651050117767468000,76.9,2,76.9,18,77.0,139,2,2022-04-27 09:01:57
1651050117774181000,76.9,6,76.9,12,77.0,139,2,2022-04-27 09:01:57
1651050117818230000,77.0,2,76.9,12,77.0,137,1,2022-04-27 09:01:57
1651050117839538000,77.0,2,76.9,12,77.0,135,1,2022-04-27 09:01:57
1651050117870918000,77.0,1,76.9,12,77.0,134,1,2022-04-27 09:01:57
1651050118029701000,76.9,5,76.9,9,77.0,135,2,2022-04-27 09:01:58
1651050118081363000,77.0,2,76.9,9,77.0,133,1,2022-04-27 09:01:58
1651050118544858000,77.0,1,76.9,18,77.0,140,1,2022-04-27 09:01:58
1651050118549184000,77.0,1,76.9,18,77.0,139,1,2022-04-27 09:01:58
1651050118597998000,77.0,1,76.9,18,77.0,141,1,2022-04-27 09:01:58
1651050119007382000,77.0,2,76.9,21,77.0,146,1,2022-04-27 09:01:59
1651050119113631000,76.9,1,76.9,17,77.0,146,2,2022-04-27 09:01:59
1651050119191704000,77.0,10,76.9,17,77.0,136,1,2022-04-27 09:01:59
1651050119255343000,76.9,1,76.9,16,77.0,139,2,2022-04-27 09:01:59
1651050119369463000,76.9,1,76.9,17,77.0,139,2,2022-04-27 09:01:59
1651050119394002000,76.9,1,76.9,16,77.0,139,2,2022-04-27 09:01:59
1651050119571710000,77.0,1,76.9,16,77.0,138,1,2022-04-27 09:01:59
1651050119843060000,77.0,1,76.9,18,77.0,139,1,2022-04-27 09:01:59
1651050120130387000,76.9,2,76.9,16,77.0,140,2,2022-04-27 09:02:00
1651050120329327000,77.0,3,76.9,16,77.0,137,1,2022-04-27 09:02:00
1651050120412011000,77.0,1,76.9,16,77.0,136,1,2022-04-27 09:02:00
1651050120838650000,76.9,5,76.9,14,77.0,138,2,2022-04-27 09:02:00
1651050121211081000,77.0,1,76.9,20,77.0,138,1,2022-04-27 09:02:01
1651050121351229000,76.9,1,76.9,19,77.0,140,2,2022-04-27 09:02:01
1651050121373872000,77.0,1,76.9,19,77.0,139,1,2022-04-27 09:02:01
1651050121418604000,76.9,2,76.9,17,77.0,139,2,2022-04-27 09:02:01
1651050121582059000,76.9,1,76.9,16,77.0,139,2,2022-04-27 09:02:01
1651050121700461000,76.9,1,76.9,15,77.0,139,2,2022-04-27 09:02:01
1651050122098459000,76.9,2,76.9,14,77.0,152,2,2022-04-27 09:02:02
1651050122114256000,76.9,4,76.9,10,77.0,152,2,2022-04-27 09:02:02
1651050122341714000,77.0,2,76.9,11,77.0,150,1,2022-04-27 09:02:02
1651050122615919000,77.0,1,76.9,11,77.0,174,1,2022-04-27 09:02:02
1651050122623506000,77.0,1,76.9,11,77.0,175,1,2022-04-27 09:02:02
1651050122654600000,77.0,10,76.9,11,77.0,165,1,2022-04-27 09:02:02
1651050122944526000,76.9,1,76.9,12,77.0,166,2,2022-04-27 09:02:02
1651050123012757000,77.0,1,76.9,12,77.0,165,1,2022-04-27 09:02:03
1651050123100056000,76.9,1,76.9,11,77.0,165,2,2022-04-27 09:02:03
1651050123189924000,76.9,1,76.9,11,77.0,165,2,2022-04-27 09:02:03
1651050123204037000,77.0,7,76.9,11,77.0,158,1,2022-04-27 09:02:03
1651050123322889000,77.0,1,76.9,11,77.0,157,1,2022-04-27 09:02:03
1651050123503207000,76.9,3,76.9,9,77.0,157,2,2022-04-27 09:02:03
1651050123569663000,77.0,1,76.9,9,77.0,156,1,2022-04-27 09:02:03
1651050123575565000,77.0,50,76.9,9,77.0,106,1,2022-04-27 09:02:03
1651050123621561000,76.9,6,76.9,3,77.0,106,2,2022-04-27 09:02:03
1651050123737609000,76.9,3,76.9,2,77.0,106,2,2022-04-27 09:02:03
1651050123866485000,77.0,1,76.9,2,77.0,105,1,2022-04-27 09:02:03
1651050124127601000,76.9,1,76.9,1,77.0,110,2,2022-04-27 09:02:04
1651050124235444000,77.0,1,76.9,1,77.0,110,1,2022-04-27 09:02:04
1651050124415992000,77.0,3,76.9,38,77.0,107,1,2022-04-27 09:02:04
1651050124419950000,77.0,1,76.9,38,77.0,106,1,2022-04-27 09:02:04
1651050124645461000,76.9,13,76.9,25,77.0,109,2,2022-04-27 09:02:04
1651050124760542000,76.9,1,76.9,24,77.0,110,2,2022-04-27 09:02:04
1651050124815170000,77.0,1,76.9,24,77.0,109,1,2022-04-27 09:02:04
1651050125012403000,77.0,20,76.9,30,77.0,89,1,2022-04-27 09:02:05
1651050125235796000,77.0,1,76.9,31,77.0,89,1,2022-04-27 09:02:05
1651050125585629000,77.0,1,76.9,31,77.0,102,1,2022-04-27 09:02:05
1651050125628655000,77.0,3,76.9,31,77.0,99,1,2022-04-27 09:02:05
1651050125657158000,76.9,1,76.9,30,77.0,99,2,2022-04-27 09:02:05
1651050125665628000,77.0,1,76.9,30,77.0,98,1,2022-04-27 09:02:05
1651050125771873000,77.0,4,76.9,30,77.0,94,1,2022-04-27 09:02:05
1651050125790629000,77.0,3,76.9,30,77.0,91,1,2022-04-27 09:02:05
1651050125847804000,77.0,6,76.9,30,77.0,86,1,2022-04-27 09:02:05
1651050125876449000,77.0,2,76.9,30,77.0,92,1,2022-04-27 09:02:05
1651050125896130000,77.0,2,76.9,30,77.0,90,1,2022-04-27 09:02:05
1651050125984538000,77.0,3,76.9,30,77.0,87,1,2022-04-27 09:02:05
1651050126124296000,77.0,4,76.9,32,77.0,84,1,2022-04-27 09:02:06
1651050126130221000,77.0,3,76.9,32,77.0,81,1,2022-04-27 09:02:06
1651050126190103000,77.0,1,76.9,32,77.0,80,1,2022-04-27 09:02:06
1651050126239521000,76.9,5,76.9,27,77.0,80,2,2022-04-27 09:02:06
1651050126240270000,77.0,3,76.9,27,77.0,77,1,2022-04-27 09:02:06
1651050126274948000,77.0,3,76.9,27,77.0,74,1,2022-04-27 09:02:06
1651050126375224000,77.0,1,76.9,27,77.0,73,1,2022-04-27 09:02:06
1651050126437403000,77.0,5,76.9,27,77.0,69,1,2022-04-27 09:02:06
1651050126491346000,77.0,4,76.9,27,77.0,65,1,2022-04-27 09:02:06
1651050126511875000,77.0,5,76.9,27,77.0,60,1,2022-04-27 09:02:06
1651050126522430000,76.9,1,76.9,26,77.0,60,2,2022-04-27 09:02:06
1651050126666490000,77.0,5,76.9,28,77.0,56,1,2022-04-27 09:02:06
1651050126712568000,77.0,1,76.9,29,77.0,55,1,2022-04-27 09:02:06
1651050126718274000,77.0,2,76.9,29,77.0,53,1,2022-04-27 09:02:06
1651050126718779000,77.0,2,76.9,29,77.0,51,1,2022-04-27 09:02:06
1651050126723944000,77.0,1,76.9,29,77.0,50,1,2022-04-27 09:02:06
1651050126735277000,77.0,3,76.9,29,77.0,47,1,2022-04-27 09:02:06
1651050126801487000,77.0,1,76.9,30,77.0,46,1,2022-04-27 09:02:06
1651050126814314000,77.0,1,76.9,30,77.0,45,1,2022-04-27 09:02:06
1651050126820280000,77.0,1,76.9,30,77.0,44,1,2022-04-27 09:02:06
1651050126826871000,77.0,2,76.9,30,77.0,42,1,2022-04-27 09:02:06
1651050126839067000,77.0,2,76.9,30,77.0,40,1,2022-04-27 09:02:06
1651050126950241000,76.9,1,76.9,31,77.0,40,2,2022-04-27 09:02:06
1651050126961521000,77.0,10,76.9,31,77.0,30,1,2022-04-27 09:02:06
1651050127021446000,77.0,10,76.9,31,77.0,20,1,2022-04-27 09:02:07
1651050127141269000,77.0,1,76.9,31,77.0,19,1,2022-04-27 09:02:07
1651050127180294000,77.0,1,76.9,31,77.0,19,1,2022-04-27 09:02:07
1651050127209663000,77.0,2,76.9,31,77.0,17,1,2022-04-27 09:02:07
1651050127236465000,77.0,3,76.9,31,77.0,14,1,2022-04-27 09:02:07
1651050127256213000,76.9,4,76.9,27,77.0,15,2,2022-04-27 09:02:07
1651050127264121000,77.0,1,76.9,27,77.0,14,1,2022-04-27 09:02:07
1651050127274777000,77.0,2,76.9,28,77.0,12,1,2022-04-27 09:02:07
1651050127280690000,76.9,1,76.9,27,77.0,12,2,2022-04-27 09:02:07
1651050127283721000,77.0,1,76.9,27,77.0,11,1,2022-04-27 09:02:07
1651050127300255000,77.0,1,76.9,27,77.0,10,1,2022-04-27 09:02:07
1651050127347970000,77.0,3,76.9,22,77.0,7,1,2022-04-27 09:02:07
1651050127399335000,77.0,5,76.9,22,77.0,2,1,2022-04-27 09:02:07
1651050127412627000,76.9,10,76.9,12,77.0,2,2,2022-04-27 09:02:07
1651050127762916000,77.0,4,76.9,12,77.1,33,1,2022-04-27 09:02:07
1651050127762916000,77.1,2,76.9,12,77.1,33,1,2022-04-27 09:02:07
1651050127922502000,77.0,1,76.9,11,77.1,33,2,2022-04-27 09:02:07
1651050127922502000,76.9,4,76.9,11,77.1,33,2,2022-04-27 09:02:07
1651050128047227000,77.0,1,76.9,16,77.0,5,2,2022-04-27 09:02:08
1651050128228862000,77.0,2,76.9,17,77.0,4,1,2022-04-27 09:02:08
1651050128293903000,77.0,4,76.9,17,77.1,16,1,2022-04-27 09:02:08
1651050128293903000,77.1,16,76.9,17,77.1,16,1,2022-04-27 09:02:08
1651050128689944000,77.0,1,77.0,6,77.1,16,2,2022-04-27 09:02:08
1651050128697429000,77.0,5,77.0,1,77.1,16,2,2022-04-27 09:02:08
1651050128755207000,77.0,1,76.9,21,77.1,16,2,2022-04-27 09:02:08
1651050128755207000,76.9,1,76.9,21,77.1,16,2,2022-04-27 09:02:08
1651050128914204000,77.0,1,77.0,22,77.1,16,2,2022-04-27 09:02:08
1651050129225431000,77.0,1,77.0,25,77.1,16,2,2022-04-27 09:02:09
1651050129322371000,77.0,1,77.0,24,77.1,16,2,2022-04-27 09:02:09
1651050129379214000,77.0,3,77.0,22,77.1,16,2,2022-04-27 09:02:09
1651050129675219000,77.0,1,77.0,27,77.1,16,2,2022-04-27 09:02:09
1651050129718893000,77.1,16,77.0,27,77.2,65,1,2022-04-27 09:02:09
1651050129857234000,77.1,1,77.1,4,77.2,65,2,2022-04-27 09:02:09
1651050129914118000,77.1,2,77.1,2,77.2,65,2,2022-04-27 09:02:09
1651050130336099000,77.1,1,77.1,3,77.2,65,2,2022-04-27 09:02:10
1651050130491467000,77.1,2,77.1,1,77.2,65,2,2022-04-27 09:02:10
1651050130525004000,77.2,3,77.1,1,77.2,62,1,2022-04-27 09:02:10
1651050130623814000,77.2,1,77.1,1,77.2,61,1,2022-04-27 09:02:10
1651050130677550000,77.2,1,77.1,1,77.2,60,1,2022-04-27 09:02:10
1651050130730372000,77.1,1,77.0,34,77.2,60,2,2022-04-27 09:02:10
1651050131106182000,77.2,1,77.0,36,77.2,59,1,2022-04-27 09:02:11
1651050131225717000,77.2,26,77.0,39,77.2,33,1,2022-04-27 09:02:11
1651050131266725000,77.2,33,77.0,39,77.3,39,1,2022-04-27 09:02:11
1651050131277732000,77.3,2,77.0,39,77.3,37,1,2022-04-27 09:02:11
1651050131302426000,77.3,37,77.0,39,77.4,50,1,2022-04-27 09:02:11
1651050131368566000,77.4,50,77.0,42,77.5,103,1,2022-04-27 09:02:11
1651050131578289000,77.1,2,77.1,2,77.4,3,2,2022-04-27 09:02:11
1651050131914423000,77.1,2,77.0,50,77.4,4,2,2022-04-27 09:02:11
1651050132238331000,77.0,3,77.0,47,77.3,10,2,2022-04-27 09:02:12
1651050132279413000,77.3,1,77.0,47,77.3,9,1,2022-04-27 09:02:12
1651050132429700000,77.3,1,77.0,47,77.3,8,1,2022-04-27 09:02:12
1651050132432647000,77.0,3,77.0,44,77.3,8,2,2022-04-27 09:02:12
1651050132469485000,77.0,1,77.0,43,77.3,8,2,2022-04-27 09:02:12
1651050132489258000,77.0,20,77.0,23,77.3,8,2,2022-04-27 09:02:12
1651050132584768000,77.2,1,77.1,1,77.3,9,2,2022-04-27 09:02:12
1651050132595356000,77.3,1,77.1,1,77.3,8,1,2022-04-27 09:02:12
1651050132903096000,77.1,1,77.0,21,77.3,11,2,2022-04-27 09:02:12
1651050132903096000,77.0,4,77.0,21,77.3,11,2,2022-04-27 09:02:12
1651050132962151000,77.0,1,77.0,17,77.3,14,2,2022-04-27 09:02:12
1651050133143088000,77.0,1,77.0,17,77.3,17,2,2022-04-27 09:02:13
1651050133318390000,77.1,1,77.0,17,77.3,21,2,2022-04-27 09:02:13
1651050133532541000,77.3,2,77.0,17,77.3,19,1,2022-04-27 09:02:13
1651050134112755000,77.2,3,77.1,2,77.3,22,1,2022-04-27 09:02:14
1651050134112755000,77.3,7,77.1,2,77.3,22,1,2022-04-27 09:02:14
1651050134122413000,77.1,2,77.0,11,77.3,22,2,2022-04-27 09:02:14
1651050134122413000,77.0,13,77.0,11,77.3,22,2,2022-04-27 09:02:14
1651050134154607000,77.3,6,77.1,1,77.3,16,1,2022-04-27 09:02:14
1651050134237816000,77.3,1,77.1,1,77.3,15,1,2022-04-27 09:02:14
1651050134352117000,77.1,2,77.0,11,77.3,15,2,2022-04-27 09:02:14
1651050134517002000,77.0,2,77.0,9,77.2,4,2,2022-04-27 09:02:14
1651050134599245000,77.2,1,77.0,9,77.2,3,1,2022-04-27 09:02:14
1651050134643845000,77.0,2,77.0,7,77.2,3,2,2022-04-27 09:02:14
1651050135264869000,77.1,1,77.0,12,77.1,1,1,2022-04-27 09:02:15
1651050135282652000,77.1,1,77.0,12,77.2,7,1,2022-04-27 09:02:15
1651050135406046000,77.2,2,77.0,12,77.2,5,1,2022-04-27 09:02:15
1651050135439658000,77.2,1,77.0,13,77.2,4,1,2022-04-27 09:02:15
1651050135523404000,77.2,1,77.0,16,77.2,3,1,2022-04-27 09:02:15
1651050135598994000,77.2,1,77.0,16,77.2,2,1,2022-04-27 09:02:15
1651050135631503000,77.2,2,77.0,16,77.3,20,1,2022-04-27 09:02:15
1651050135978392000,77.3,3,77.1,2,77.3,17,1,2022-04-27 09:02:15
1651050135993224000,77.3,5,77.1,2,77.3,12,1,2022-04-27 09:02:15
1651050136488255000,77.2,1,77.2,2,77.3,12,2,2022-04-27 09:02:16
1651050136511678000,77.3,12,77.2,2,77.4,15,1,2022-04-27 09:02:16
1651050136894129000,77.4,2,77.2,2,77.4,13,1,2022-04-27 09:02:16
1651050137149987000,77.4,1,77.2,2,77.4,12,1,2022-04-27 09:02:17
1651050137379741000,77.2,2,77.1,4,77.4,12,2,2022-04-27 09:02:17
1651050137379741000,77.1,2,77.1,4,77.4,12,2,2022-04-27 09:02:17
1651050137858779000,77.3,1,77.3,1,77.4,3,2,2022-04-27 09:02:17
1651050137871253000,77.3,1,77.1,4,77.4,3,2,2022-04-27 09:02:17
1651050138149760000,77.1,1,77.1,4,77.4,4,2,2022-04-27 09:02:18
1651050138305669000,77.2,1,77.1,5,77.4,8,1,2022-04-27 09:02:18
1651050138305669000,77.4,2,77.1,5,77.4,8,1,2022-04-27 09:02:18
1651050138567847000,77.4,1,77.2,5,77.4,9,1,2022-04-27 09:02:18
1651050138600613000,77.4,1,77.2,5,77.4,8,1,2022-04-27 09:02:18
1651050138679246000,77.4,1,77.2,6,77.4,12,1,2022-04-27 09:02:18
1651050138910654000,77.2,1,77.2,5,77.4,12,2,2022-04-27 09:02:18
1651050138916195000,77.2,3,77.2,2,77.4,12,2,2022-04-27 09:02:18
1651050138951539000,77.2,1,77.2,1,77.4,12,2,2022-04-27 09:02:18
1651050139210008000,77.2,1,77.1,6,77.4,16,2,2022-04-27 09:02:19
1651050139210008000,77.1,2,77.1,6,77.4,16,2,2022-04-27 09:02:19
1651050140057166000,77.3,1,77.3,1,77.4,15,2,2022-04-27 09:02:20
1651050140486824000,77.3,7,77.3,2,77.4,17,2,2022-04-27 09:02:20
1651050140607541000,77.3,2,77.2,10,77.3,3,2,2022-04-27 09:02:20
1651050140675638000,77.2,1,77.2,9,77.3,3,2,2022-04-27 09:02:20
1651050140766374000,77.3,1,77.2,9,77.3,2,1,2022-04-27 09:02:20
1651050140784099000,77.2,1,77.2,8,77.3,2,2,2022-04-27 09:02:20
1651050140786161000,77.2,3,77.2,5,77.3,2,2,2022-04-27 09:02:20
1651050140903776000,77.2,3,77.2,2,77.3,2,2,2022-04-27 09:02:20
1651050141075497000,77.3,2,77.2,2,77.4,18,1,2022-04-27 09:02:21
1651050141088849000,77.2,1,77.2,1,77.4,23,2,2022-04-27 09:02:21
1651050141186351000,77.4,1,77.2,1,77.4,22,1,2022-04-27 09:02:21
1651050141236173000,77.4,1,77.2,1,77.4,21,1,2022-04-27 09:02:21
1651050141516841000,77.2,1,77.1,18,77.4,21,2,2022-04-27 09:02:21
1651050141516841000,77.1,1,77.1,18,77.4,21,2,2022-04-27 09:02:21
1651050141799310000,77.3,1,77.1,19,77.4,22,2,2022-04-27 09:02:21
1651050141799310000,77.1,1,77.1,19,77.4,22,2,2022-04-27 09:02:21
1651050141926614000,77.4,1,77.1,19,77.4,21,1,2022-04-27 09:02:21
1651050142069241000,77.4,5,77.1,19,77.4,16,1,2022-04-27 09:02:22
1651050142080934000,77.1,2,77.1,17,77.4,16,2,2022-04-27 09:02:22
1651050142945758000,77.3,1,77.2,1,77.3,15,1,2022-04-27 09:02:22
1651050143111677000,77.3,15,77.2,1,77.5,90,1,2022-04-27 09:02:23
1651050143111677000,77.4,22,77.2,1,77.5,90,1,2022-04-27 09:02:23
1651050143111677000,77.5,13,77.2,1,77.5,90,1,2022-04-27 09:02:23
1651050143288227000,77.5,1,77.4,1,77.5,89,1,2022-04-27 09:02:23
1651050143295126000,77.4,1,77.3,2,77.5,89,2,2022-04-27 09:02:23
1651050143296994000,77.3,2,77.2,1,77.5,89,2,2022-04-27 09:02:23
1651050143324939000,77.3,2,77.2,1,77.5,89,1,2022-04-27 09:02:23
1651050143457674000,77.2,1,77.1,21,77.4,1,2,2022-04-27 09:02:23
1651050143516410000,77.3,1,77.1,24,77.4,1,1,2022-04-27 09:02:23
1651050143523043000,77.4,1,77.1,24,77.5,89,1,2022-04-27 09:02:23
1651050143597942000,77.3,1,77.1,24,77.5,89,2,2022-04-27 09:02:23
1651050143861822000,77.4,2,77.1,25,77.5,89,2,2022-04-27 09:02:23
1651050144089405000,77.5,1,77.2,10,77.5,88,1,2022-04-27 09:02:24
1651050144148629000,77.2,4,77.2,6,77.5,88,2,2022-04-27 09:02:24
1651050144232259000,77.5,1,77.2,6,77.5,87,1,2022-04-27 09:02:24
1651050144502969000,77.3,2,77.2,7,77.4,1,1,2022-04-27 09:02:24
1651050144602560000,77.2,5,77.2,2,77.4,2,2,2022-04-27 09:02:24
1651050144793501000,77.3,1,77.2,2,77.4,2,1,2022-04-27 09:02:24
1651050144842205000,77.4,2,77.4,5,77.5,92,1,2022-04-27 09:02:24
1651050145373034000,77.4,1,77.4,4,77.5,92,2,2022-04-27 09:02:25
1651050145451638000,77.5,1,77.4,4,77.5,91,1,2022-04-27 09:02:25
1651050145951667000,77.5,1,77.4,4,77.5,92,1,2022-04-27 09:02:25
1651050146086243000,77.5,1,77.4,4,77.5,91,1,2022-04-27 09:02:26
1651050146223195000,77.5,1,77.4,4,77.5,90,1,2022-04-27 09:02:26
1651050146634609000,77.5,1,77.4,6,77.5,89,1,2022-04-27 09:02:26
1651050147032448000,77.4,1,77.4,5,77.5,86,2,2022-04-27 09:02:27
1651050147237939000,77.5,1,77.4,5,77.5,85,1,2022-04-27 09:02:27
1651050147263542000,77.5,1,77.4,5,77.5,84,1,2022-04-27 09:02:27
1651050147837683000,77.4,1,77.4,4,77.5,90,2,2022-04-27 09:02:27
1651050147959372000,77.5,1,77.4,4,77.5,89,1,2022-04-27 09:02:27
1651050148025778000,77.5,1,77.4,4,77.5,88,1,2022-04-27 09:02:28
1651050148094621000,77.4,1,77.4,3,77.5,88,2,2022-04-27 09:02:28
1651050148297608000,77.4,2,77.4,1,77.5,88,2,2022-04-27 09:02:28
1651050148418244000,77.5,5,77.4,1,77.5,83,1,2022-04-27 09:02:28
1651050148424593000,77.5,1,77.4,1,77.5,82,1,2022-04-27 09:02:28
1651050148586582000,77.5,1,77.4,1,77.5,81,1,2022-04-27 09:02:28
1651050148609468000,77.4,1,77.3,17,77.5,81,2,2022-04-27 09:02:28
1651050148609468000,77.3,2,77.3,17,77.5,81,2,2022-04-27 09:02:28
1651050148629926000,77.5,2,77.3,17,77.5,79,1,2022-04-27 09:02:28
1651050149040325000,77.5,19,77.4,2,77.5,60,1,2022-04-27 09:02:29
1651050149075164000,77.5,60,77.4,2,77.6,19,1,2022-04-27 09:02:29
1651050149110040000,77.6,14,77.4,3,77.6,5,1,2022-04-27 09:02:29
1651050149144981000,77.6,5,77.4,3,77.7,11,1,2022-04-27 09:02:29
1651050149523794000,77.6,1,77.5,1,77.6,1,1,2022-04-27 09:02:29
1651050149564707000,77.5,1,77.4,3,77.6,1,2,2022-04-27 09:02:29
1651050149602931000,77.6,1,77.4,3,77.7,12,1,2022-04-27 09:02:29
1651050149729835000,77.5,1,77.3,26,77.4,45,2,2022-04-27 09:02:29
1651050149729835000,77.4,4,77.3,26,77.4,45,2,2022-04-27 09:02:29
1651050149765338000,77.4,32,77.3,26,77.4,13,1,2022-04-27 09:02:29
1651050149765548000,77.4,13,77.3,26,77.7,12,1,2022-04-27 09:02:29
1651050149793991000,77.4,2,77.4,4,77.7,12,2,2022-04-27 09:02:29
1651050150059128000,77.7,2,77.5,4,77.7,14,1,2022-04-27 09:02:30
1651050150469611000,77.5,2,77.5,3,77.7,14,2,2022-04-27 09:02:30
1651050150810960000,77.5,1,77.5,3,77.6,4,2,2022-04-27 09:02:30
1651050151241853000,77.5,2,77.5,3,77.6,5,2,2022-04-27 09:02:31
1651050151505564000,77.5,3,77.5,2,77.6,5,2,2022-04-27 09:02:31
1651050151613394000,77.6,1,77.5,2,77.6,4,1,2022-04-27 09:02:31
1651050151802048000,77.6,1,77.5,3,77.6,3,1,2022-04-27 09:02:31
1651050151893724000,77.6,1,77.5,3,77.6,2,1,2022-04-27 09:02:31
1651050151948559000,77.6,1,77.5,3,77.6,1,1,2022-04-27 09:02:31
1651050152188163000,77.6,1,77.5,7,77.7,16,1,2022-04-27 09:02:32
1651050152571555000,77.7,1,77.5,9,77.7,12,1,2022-04-27 09:02:32
1651050152604168000,77.7,1,77.5,9,77.7,13,1,2022-04-27 09:02:32
1651050152617952000,77.7,1,77.5,9,77.7,12,1,2022-04-27 09:02:32
1651050152677261000,77.5,1,77.5,8,77.7,12,2,2022-04-27 09:02:32
1651050152749113000,77.6,5,77.5,9,77.6,16,1,2022-04-27 09:02:32
1651050152884074000,77.6,1,77.5,10,77.6,15,1,2022-04-27 09:02:32
1651050152915988000,77.6,2,77.5,10,77.6,13,1,2022-04-27 09:02:32
1651050153092507000,77.6,1,77.5,11,77.6,12,1,2022-04-27 09:02:33
1651050153145972000,77.6,1,77.5,11,77.6,11,1,2022-04-27 09:02:33
1651050153187485000,77.6,1,77.5,11,77.6,10,1,2022-04-27 09:02:33
1651050153278182000,77.6,5,77.5,12,77.6,5,1,2022-04-27 09:02:33
1651050153304900000,77.6,3,77.5,12,77.6,2,1,2022-04-27 09:02:33
1651050153308213000,77.6,2,77.5,12,77.7,12,1,2022-04-27 09:02:33
1651050153512380000,77.6,1,77.5,12,77.7,12,2,2022-04-27 09:02:33
1651050153515287000,77.7,1,77.5,12,77.7,11,1,2022-04-27 09:02:33
1651050153580349000,77.7,10,77.5,12,77.7,1,1,2022-04-27 09:02:33
1651050153616541000,77.7,1,77.5,12,77.8,14,1,2022-04-27 09:02:33
1651050153962382000,77.8,1,77.6,1,77.8,13,1,2022-04-27 09:02:33
1651050154107383000,77.8,10,77.6,3,77.8,3,1,2022-04-27 09:02:34
1651050154137472000,77.8,3,77.6,3,77.9,21,1,2022-04-27 09:02:34
1651050154641762000,77.9,1,77.6,9,77.9,20,1,2022-04-27 09:02:34
1651050154642340000,77.9,1,77.6,9,77.9,19,1,2022-04-27 09:02:34
1651050154742503000,77.7,2,77.6,11,77.8,4,1,2022-04-27 09:02:34
1651050154762107000,77.8,1,77.6,11,77.8,3,1,2022-04-27 09:02:34
1651050154993026000,77.6,6,77.6,5,77.8,3,2,2022-04-27 09:02:34
1651050155184572000,77.6,1,77.6,4,77.8,3,2,2022-04-27 09:02:35
1651050155379242000,77.7,1,77.7,3,77.8,3,2,2022-04-27 09:02:35
1651050155572620000,77.8,3,77.7,3,77.9,12,1,2022-04-27 09:02:35
1651050155572620000,77.9,7,77.7,3,77.9,12,1,2022-04-27 09:02:35
1651050155641844000,77.7,1,77.7,3,77.9,12,2,2022-04-27 09:02:35
1651050155747083000,77.7,1,77.7,2,77.9,12,2,2022-04-27 09:02:35
1651050155865471000,77.9,1,77.7,3,77.9,11,1,2022-04-27 09:02:35
1651050155930065000,77.8,2,77.7,3,77.9,11,1,2022-04-27 09:02:35
1651050155952673000,77.7,1,77.7,2,77.9,11,2,2022-04-27 09:02:35
1651050156261608000,77.8,1,77.7,1,77.9,11,2,2022-04-27 09:02:36
1651050156261608000,77.7,1,77.7,1,77.9,11,2,2022-04-27 09:02:36
1651050156275767000,77.9,2,77.7,1,77.9,9,1,2022-04-27 09:02:36
1651050156333655000,77.9,1,77.7,1,77.9,8,1,2022-04-27 09:02:36
1651050156355884000,77.7,1,77.6,2,77.9,8,2,2022-04-27 09:02:36
1651050156355884000,77.6,4,77.6,2,77.9,8,2,2022-04-27 09:02:36
1651050156488782000,77.9,1,77.6,2,77.9,8,1,2022-04-27 09:02:36
1651050156907687000,77.9,8,77.8,10,78.0,54,1,2022-04-27 09:02:36
1651050156907687000,78.0,7,77.8,10,78.0,54,1,2022-04-27 09:02:36
1651050156930623000,78.0,1,77.8,10,78.0,53,1,2022-04-27 09:02:36
1651050156977113000,77.8,1,77.8,9,78.0,53,2,2022-04-27 09:02:36
1651050157010994000,77.8,1,77.8,8,78.0,53,2,2022-04-27 09:02:37
1651050157029034000,78.0,2,77.8,8,78.0,51,1,2022-04-27 09:02:37
1651050157552238000,78.0,1,77.8,9,78.0,52,1,2022-04-27 09:02:37
1651050157676971000,78.0,1,77.8,9,78.0,51,1,2022-04-27 09:02:37
1651050157711089000,78.0,1,77.8,9,78.0,50,1,2022-04-27 09:02:37
1651050157776414000,77.9,1,77.8,9,77.9,1,1,2022-04-27 09:02:37
1651050157811524000,77.9,1,77.8,9,78.0,50,1,2022-04-27 09:02:37
1651050158113921000,77.9,1,77.8,9,77.9,1,1,2022-04-27 09:02:38
1651050158129134000,77.8,1,77.8,8,77.9,1,2,2022-04-27 09:02:38
