ts,close,volume,bid_price,bid_volume,ask_price,ask_volume,tick_type,datetime
1639990814053560000,33.1,313,33.1,22,33.35,20,2,2021-12-20 09:00:14
1639990814103557000,33.1,1,33.1,21,33.35,20,2,2021-12-20 09:00:14
1639990814105584000,33.1,1,33.1,20,33.35,20,2,2021-12-20 09:00:14
1639990814929790000,33.35,1,33.1,20,33.35,20,1,2021-12-20 09:00:14
1639990815135779000,33.15,1,33.15,3,33.35,20,2,2021-12-20 09:00:15
1639990818951838000,33.3,1,33.1,24,33.35,19,1,2021-12-20 09:00:18
1639990819039382000,33.35,4,33.1,24,33.35,15,1,2021-12-20 09:00:19
1639990819940111000,33.15,4,33.1,18,33.35,15,2,2021-12-20 09:00:19
1639990819940111000,33.1,6,33.1,18,33.35,15,2,2021-12-20 09:00:19
1639990820102555000,33.3,5,33.1,18,33.3,3,1,2021-12-20 09:00:20
1639990820324695000,33.3,1,33.15,1,33.3,2,1,2021-12-20 09:00:20
1639990820740180000,33.3,1,33.15,5,33.3,1,1,2021-12-20 09:00:20
1639990820768082000,33.3,1,33.15,5,33.35,15,1,2021-12-20 09:00:20
1639990822058768000,33.35,1,33.15,6,33.35,14,1,2021-12-20 09:00:22
1639990822089740000,33.35,14,33.15,6,33.45,20,1,2021-12-20 09:00:22
1639990822308870000,33.3,3,33.15,6,33.45,20,1,2021-12-20 09:00:22
1639990822392963000,33.45,1,33.15,6,33.45,19,1,2021-12-20 09:00:22
1639990823804512000,33.45,1,33.15,3,33.45,19,1,2021-12-20 09:00:23
1639990824396842000,33.4,2,33.25,1,33.4,1,1,2021-12-20 09:00:24
1639990824537990000,33.4,2,33.25,1,33.45,18,1,2021-12-20 09:00:24
1639990824664728000,33.45,4,33.35,1,33.45,14,1,2021-12-20 09:00:24
1639990825116404000,33.45,14,33.4,1,33.5,2,1,2021-12-20 09:00:25
1639990825151194000,33.5,2,33.4,1,33.55,20,1,2021-12-20 09:00:25
1639990825297136000,33.55,1,33.4,1,33.55,19,1,2021-12-20 09:00:25
1639990825647916000,33.55,2,33.45,1,33.55,17,1,2021-12-20 09:00:25
1639990825666079000,33.55,17,33.45,1,33.65,20,1,2021-12-20 09:00:25
1639990826522137000,33.5,1,33.35,5,33.5,14,2,2021-12-20 09:00:26
1639990826545585000,33.5,14,33.35,1,33.65,20,1,2021-12-20 09:00:26
1639990826717819000,33.65,10,33.35,1,33.65,10,1,2021-12-20 09:00:26
1639990826742656000,33.65,10,33.35,1,33.75,20,1,2021-12-20 09:00:26
1639990826897526000,33.75,5,33.45,5,33.75,16,1,2021-12-20 09:00:26
1639990826916794000,33.75,16,33.45,5,34.0,70,1,2021-12-20 09:00:26
1639990829682676000,33.5,1,33.4,6,33.5,14,2,2021-12-20 09:00:29
1639990829721581000,33.5,4,33.4,6,33.5,7,1,2021-12-20 09:00:29
1639990829721600000,33.5,3,33.4,6,33.5,7,1,2021-12-20 09:00:29
1639990829790777000,33.5,1,33.4,6,33.5,6,1,2021-12-20 09:00:29
1639990830399360000,33.5,1,33.4,6,33.5,6,1,2021-12-20 09:00:30
1639990830450158000,33.5,3,33.4,6,33.5,3,1,2021-12-20 09:00:30
1639990830621425000,33.5,3,33.4,6,33.95,23,1,2021-12-20 09:00:30
1639990831003516000,33.75,1,33.45,5,33.95,19,2,2021-12-20 09:00:31
1639990831338036000,33.95,9,33.55,4,33.95,10,1,2021-12-20 09:00:31
1639990831655717000,33.95,4,33.75,1,33.95,6,1,2021-12-20 09:00:31
1639990831897723000,33.75,1,33.55,4,33.95,6,2,2021-12-20 09:00:31
1639990832653466000,33.55,1,33.55,3,33.95,9,2,2021-12-20 09:00:32
1639990835948588000,33.75,2,33.6,1,33.8,3,2,2021-12-20 09:00:35
1639990836637748000,33.8,3,33.6,1,33.9,15,1,2021-12-20 09:00:36
1639990836637748000,33.85,5,33.6,1,33.9,15,1,2021-12-20 09:00:36
1639990837444780000,33.9,1,33.6,1,33.9,14,1,2021-12-20 09:00:37
1639990837534439000,33.6,5,33.55,2,33.9,14,2,2021-12-20 09:00:37
1639990837534439000,33.55,2,33.55,2,33.9,14,2,2021-12-20 09:00:37
1639990837667659000,33.75,10,33.55,3,33.85,5,2,2021-12-20 09:00:37
1639990838321237000,33.8,2,33.55,4,33.85,5,2,2021-12-20 09:00:38
1639990838806310000,33.85,5,33.55,4,33.9,14,1,2021-12-20 09:00:38
1639990840744904000,33.85,1,33.85,2,33.9,14,1,2021-12-20 09:00:40
1639990840759733000,33.85,2,33.7,2,33.9,14,2,2021-12-20 09:00:40
1639990841662045000,33.9,5,33.7,2,33.9,11,1,2021-12-20 09:00:41
1639990841678843000,33.7,2,33.6,3,33.9,11,2,2021-12-20 09:00:41
1639990841678843000,33.6,3,33.6,3,33.9,11,2,2021-12-20 09:00:41
1639990842137463000,33.9,2,33.65,6,33.9,6,1,2021-12-20 09:00:42
1639990842370084000,33.65,6,33.55,9,33.9,2,2,2021-12-20 09:00:42
1639990842370084000,33.6,3,33.55,9,33.9,2,2,2021-12-20 09:00:42
1639990842370084000,33.55,1,33.55,9,33.9,2,2,2021-12-20 09:00:42
1639990843143267000,33.75,2,33.6,2,33.85,7,2,2021-12-20 09:00:43
1639990843179938000,33.85,1,33.7,1,33.85,6,1,2021-12-20 09:00:43
1639990843573550000,33.75,1,33.7,1,33.85,7,2,2021-12-20 09:00:43
1639990843632931000,33.7,1,33.55,8,33.85,7,2,2021-12-20 09:00:43
1639990843632931000,33.55,1,33.55,8,33.85,7,2,2021-12-20 09:00:43
1639990843952774000,33.8,1,33.6,1,33.8,4,1,2021-12-20 09:00:43
1639990844081015000,33.8,2,33.6,1,33.8,2,1,2021-12-20 09:00:44
1639990844141702000,33.65,3,33.6,1,33.8,2,2,2021-12-20 09:00:44
1639990844177860000,33.85,1,33.6,1,33.85,7,1,2021-12-20 09:00:44
1639990844231425000,33.8,1,33.6,3,33.8,1,1,2021-12-20 09:00:44
1639990845247076000,33.6,3,33.55,8,33.65,3,2,2021-12-20 09:00:45
1639990845737729000,33.55,1,33.55,7,33.65,3,2,2021-12-20 09:00:45
1639990845863124000,33.55,7,33.5,19,33.6,5,2,2021-12-20 09:00:45
1639990845863124000,33.5,13,33.5,19,33.6,5,2,2021-12-20 09:00:45
1639990845889669000,33.5,3,33.5,16,33.6,5,2,2021-12-20 09:00:45
1639990845899372000,33.5,16,33.45,6,33.6,5,2,2021-12-20 09:00:45
1639990845899372000,33.45,1,33.45,6,33.6,5,2,2021-12-20 09:00:45
1639990845900260000,33.45,6,33.4,7,33.6,5,2,2021-12-20 09:00:45
1639990845934639000,33.4,7,33.35,3,33.5,4,2,2021-12-20 09:00:45
1639990846308073000,33.5,3,33.35,3,33.5,3,1,2021-12-20 09:00:46
1639990846354294000,33.5,1,33.35,3,33.5,2,1,2021-12-20 09:00:46
1639990846803779000,33.55,1,33.35,3,33.55,1,1,2021-12-20 09:00:46
1639990846893382000,33.55,1,33.35,7,33.6,7,1,2021-12-20 09:00:46
1639990847981559000,33.5,1,33.35,3,33.5,8,1,2021-12-20 09:00:47
1639990848242813000,33.5,2,33.35,3,33.5,6,1,2021-12-20 09:00:48
1639990848455014000,33.5,1,33.35,3,33.5,5,1,2021-12-20 09:00:48
1639990848807151000,33.5,1,33.35,3,33.5,4,1,2021-12-20 09:00:48
1639990849252606000,33.45,2,33.35,3,33.45,1,1,2021-12-20 09:00:49
1639990849419504000,33.5,1,33.35,3,33.5,3,1,2021-12-20 09:00:49
1639990851624014000,33.45,1,33.35,3,33.45,3,1,2021-12-20 09:00:51
1639990851970125000,33.45,1,33.35,3,33.5,1,1,2021-12-20 09:00:51
1639990851970125000,33.5,2,33.35,3,33.5,1,1,2021-12-20 09:00:51
1639990852522700000,33.5,1,33.35,3,33.5,2,1,2021-12-20 09:00:52
1639990852952317000,33.55,1,33.35,3,33.55,4,1,2021-12-20 09:00:52
1639990853713971000,33.5,1,33.35,4,33.5,2,1,2021-12-20 09:00:53
1639990853958196000,33.5,2,33.35,4,33.55,4,1,2021-12-20 09:00:53
1639990853958196000,33.55,1,33.35,4,33.55,4,1,2021-12-20 09:00:53
1639990854426631000,33.5,1,33.35,4,33.5,6,1,2021-12-20 09:00:54
1639990854480407000,33.45,3,33.35,4,33.5,6,2,2021-12-20 09:00:54
1639990854899087000,33.5,3,33.35,4,33.5,5,1,2021-12-20 09:00:54
1639990854935654000,33.5,1,33.35,4,33.5,4,1,2021-12-20 09:00:54
1639990854950742000,33.5,2,33.35,4,33.5,2,1,2021-12-20 09:00:54
1639990855445347000,33.4,1,33.35,4,33.5,4,2,2021-12-20 09:00:55
1639990856300620000,33.35,4,33.2,1,33.5,6,2,2021-12-20 09:00:56
1639990856300620000,33.3,2,33.2,1,33.5,6,2,2021-12-20 09:00:56
1639990856300620000,33.2,2,33.2,1,33.5,6,2,2021-12-20 09:00:56
1639990856430727000,33.4,1,33.2,1,33.45,2,2,2021-12-20 09:00:56
1639990856674938000,33.45,1,33.35,1,33.45,1,1,2021-12-20 09:00:56
1639990856693857000,33.35,1,33.2,1,33.45,1,2,2021-12-20 09:00:56
1639990856736828000,33.4,1,33.2,5,33.45,1,2,2021-12-20 09:00:56
1639990856946292000,33.3,1,33.2,5,33.35,10,2,2021-12-20 09:00:56
1639990857115808000,33.35,1,33.2,5,33.35,10,1,2021-12-20 09:00:57
1639990857853236000,33.35,10,33.2,5,33.5,5,1,2021-12-20 09:00:57
1639990858674775000,33.45,1,33.25,1,33.5,5,1,2021-12-20 09:00:58
1639990859425926000,33.25,1,33.15,26,33.2,27,2,2021-12-20 09:00:59
1639990859425926000,33.2,1,33.15,26,33.2,27,2,2021-12-20 09:00:59
1639990859456146000,33.2,17,33.15,26,33.2,10,1,2021-12-20 09:00:59
1639990859490932000,33.2,10,33.15,26,33.5,10,1,2021-12-20 09:00:59
1639990859921420000,33.2,1,33.2,3,33.45,1,2,2021-12-20 09:00:59
1639990860329139000,33.2,1,33.2,2,33.4,1,2,2021-12-20 09:01:00
1639990860390754000,33.2,2,33.15,25,33.4,2,2,2021-12-20 09:01:00
1639990860390754000,33.15,1,33.15,25,33.4,2,2,2021-12-20 09:01:00
1639990860465388000,33.15,1,33.15,24,33.35,1,2,2021-12-20 09:01:00
1639990860832744000,33.35,1,33.15,24,33.4,3,1,2021-12-20 09:01:00
1639990860832744000,33.4,2,33.15,24,33.4,3,1,2021-12-20 09:01:00
1639990860862228000,33.15,24,33.05,3,33.4,3,2,2021-12-20 09:01:00
1639990860862228000,33.1,5,33.05,3,33.4,3,2,2021-12-20 09:01:00
1639990860862228000,33.05,1,33.05,3,33.4,3,2,2021-12-20 09:01:00
1639990860890427000,33.2,1,33.05,3,33.4,3,2,2021-12-20 09:01:00
1639990862116158000,33.2,3,33.2,7,33.25,1,1,2021-12-20 09:01:02
1639990862151915000,33.2,3,33.05,3,33.25,1,2,2021-12-20 09:01:02
1639990862151935000,33.2,4,33.05,3,33.25,1,2,2021-12-20 09:01:02
1639990862593337000,33.05,3,33.0,63,33.2,2,2,2021-12-20 09:01:02
1639990862593337000,33.0,2,33.0,63,33.2,2,2,2021-12-20 09:01:02
1639990862874068000,33.2,1,33.05,3,33.2,1,1,2021-12-20 09:01:02
1639990864245922000,33.1,2,33.1,2,33.2,2,2,2021-12-20 09:01:04
1639990864264708000,33.1,2,33.05,3,33.2,2,2,2021-12-20 09:01:04
1639990864933221000,33.05,1,33.05,2,33.2,2,2,2021-12-20 09:01:04
1639990865053638000,33.2,2,33.05,2,33.5,9,1,2021-12-20 09:01:05
1639990865053638000,33.25,2,33.05,2,33.5,9,1,2021-12-20 09:01:05
1639990865053638000,33.3,2,33.05,2,33.5,9,1,2021-12-20 09:01:05
1639990865053638000,33.35,2,33.05,2,33.5,9,1,2021-12-20 09:01:05
1639990865053638000,33.4,9,33.05,2,33.5,9,1,2021-12-20 09:01:05
1639990865053638000,33.45,2,33.05,2,33.5,9,1,2021-12-20 09:01:05
1639990865053638000,33.5,1,33.05,2,33.5,9,1,2021-12-20 09:01:05
1639990866497842000,33.35,3,33.05,4,33.95,2,1,2021-12-20 09:01:06
1639990866497842000,33.4,1,33.05,4,33.95,2,1,2021-12-20 09:01:06
1639990866497842000,33.5,7,33.05,4,33.95,2,1,2021-12-20 09:01:06
1639990866497842000,33.55,3,33.05,4,33.95,2,1,2021-12-20 09:01:06
1639990866497842000,33.6,7,33.05,4,33.95,2,1,2021-12-20 09:01:06
1639990866497842000,33.7,8,33.05,4,33.95,2,1,2021-12-20 09:01:06
1639990866497842000,33.8,8,33.05,4,33.95,2,1,2021-12-20 09:01:06
1639990866497842000,33.85,12,33.05,4,33.95,2,1,2021-12-20 09:01:06
1639990866497842000,33.95,1,33.05,4,33.95,2,1,2021-12-20 09:01:06
1639990866522617000,33.95,1,33.05,4,33.95,1,1,2021-12-20 09:01:06
1639990867101551000,33.15,3,33.1,2,33.95,1,1,2021-12-20 09:01:07
1639990867217157000,33.4,2,33.1,2,33.95,1,1,2021-12-20 09:01:07
1639990868444954000,33.95,1,33.2,1,34.0,25,1,2021-12-20 09:01:08
1639990868492482000,34.0,1,33.2,5,34.0,24,1,2021-12-20 09:01:08
1639990872137117000,33.8,1,33.4,2,33.8,1,1,2021-12-20 09:01:12
1639990873121749000,33.8,1,33.4,2,34.0,28,1,2021-12-20 09:01:13
1639990873121749000,34.0,1,33.4,2,34.0,28,1,2021-12-20 09:01:13
1639990873283524000,33.5,2,33.4,2,34.0,28,1,2021-12-20 09:01:13
1639990873284849000,33.4,2,33.3,3,34.0,28,2,2021-12-20 09:01:13
1639990876693295000,34.0,1,33.35,2,34.0,28,1,2021-12-20 09:01:16
1639990877616868000,33.4,6,33.3,2,33.85,1,2,2021-12-20 09:01:17
1639990877616868000,33.35,2,33.3,2,33.85,1,2,2021-12-20 09:01:17
1639990877616868000,33.3,2,33.3,2,33.85,1,2,2021-12-20 09:01:17
1639990878866125000,33.3,1,33.3,1,33.65,2,2,2021-12-20 09:01:18
1639990879940404000,33.3,1,33.2,1,33.6,4,2,2021-12-20 09:01:19
1639990880256024000,33.3,1,33.2,1,33.55,4,2,2021-12-20 09:01:20
1639990880783727000,33.4,1,33.2,1,33.5,6,2,2021-12-20 09:01:20
1639990882527031000,33.2,1,33.15,2,33.4,1,2,2021-12-20 09:01:22
1639990882527031000,33.15,3,33.15,2,33.4,1,2,2021-12-20 09:01:22
1639990882909619000,33.35,1,33.2,2,33.4,1,1,2021-12-20 09:01:22
1639990886068276000,33.35,1,33.25,1,33.4,1,2,2021-12-20 09:01:26
1639990886490464000,33.3,2,33.2,14,33.4,1,2,2021-12-20 09:01:26
1639990887747586000,33.4,1,33.35,2,33.7,3,1,2021-12-20 09:01:27
1639990888878101000,33.4,2,33.4,2,33.65,2,2,2021-12-20 09:01:28
1639990890047587000,33.35,5,33.25,4,33.3,1,2,2021-12-20 09:01:30
1639990890078086000,33.3,1,33.25,4,33.55,2,1,2021-12-20 09:01:30
1639990891612366000,33.35,1,33.25,6,33.55,2,1,2021-12-20 09:01:31
1639990891612643000,33.3,2,33.25,6,33.55,2,2,2021-12-20 09:01:31
1639990895119863000,33.4,1,33.25,6,33.5,2,2,2021-12-20 09:01:35
1639990895119863000,33.35,1,33.25,6,33.5,2,2,2021-12-20 09:01:35
1639990900546801000,33.5,1,33.35,2,33.5,1,1,2021-12-20 09:01:40
1639990902624425000,33.5,1,33.35,4,33.55,12,1,2021-12-20 09:01:42
1639990903479668000,33.5,1,33.35,5,33.55,12,2,2021-12-20 09:01:43
1639990907554156000,33.5,1,33.35,9,33.5,1,1,2021-12-20 09:01:47
1639990908686523000,33.4,2,33.35,9,33.5,1,2,2021-12-20 09:01:48
1639990910683819000,33.5,1,33.35,9,33.55,13,1,2021-12-20 09:01:50
1639990912328251000,33.4,1,33.4,4,33.55,13,2,2021-12-20 09:01:52
1639990912362349000,33.4,1,33.35,10,33.55,13,2,2021-12-20 09:01:52
1639990912362498000,33.4,3,33.35,10,33.55,13,2,2021-12-20 09:01:52
1639990913172622000,33.4,1,33.35,10,33.4,2,2,2021-12-20 09:01:53
1639990913192745000,33.4,2,33.35,10,33.55,13,1,2021-12-20 09:01:53
1639990913225388000,33.35,7,33.35,3,33.55,13,2,2021-12-20 09:01:53
1639990913315210000,33.35,2,33.35,1,33.55,13,2,2021-12-20 09:01:53
1639990913341501000,33.35,1,33.3,6,33.55,13,2,2021-12-20 09:01:53
1639990913946297000,33.5,1,33.3,6,33.5,1,1,2021-12-20 09:01:53
1639990914668618000,33.5,1,33.3,6,33.55,13,1,2021-12-20 09:01:54
1639990914790689000,33.4,1,33.35,4,33.55,13,2,2021-12-20 09:01:54
1639990916866620000,33.4,1,33.3,7,33.5,4,2,2021-12-20 09:01:56
1639990917409518000,33.4,1,33.3,6,33.5,4,2,2021-12-20 09:01:57
1639990921105029000,33.35,6,33.3,6,33.35,14,2,2021-12-20 09:02:01
1639990921135077000,33.3,6,33.25,8,33.35,14,2,2021-12-20 09:02:01
1639990922050806000,33.25,1,33.25,4,33.35,14,2,2021-12-20 09:02:02
1639990922129467000,33.25,1,33.25,3,33.35,14,2,2021-12-20 09:02:02
1639990922872688000,33.35,2,33.25,3,33.35,12,1,2021-12-20 09:02:02
1639990923062551000,33.25,3,33.2,18,33.3,5,2,2021-12-20 09:02:03
1639990923662785000,33.3,4,33.2,18,33.3,3,1,2021-12-20 09:02:03
1639990925873430000,33.3,1,33.2,18,33.3,2,1,2021-12-20 09:02:05
1639990926300618000,33.25,1,33.2,18,33.3,2,2,2021-12-20 09:02:06
1639990926636877000,33.3,2,33.2,18,33.35,4,1,2021-12-20 09:02:06
1639990926636877000,33.35,8,33.2,18,33.35,4,1,2021-12-20 09:02:06
1639990928336003000,33.35,4,33.2,18,33.4,2,1,2021-12-20 09:02:08
1639990928746849000,33.4,2,33.3,1,33.45,3,1,2021-12-20 09:02:08
1639990929454558000,33.3,2,33.2,14,33.45,3,2,2021-12-20 09:02:09
1639990929454558000,33.25,4,33.2,14,33.45,3,2,2021-12-20 09:02:09
1639990929454558000,33.2,4,33.2,14,33.45,3,2,2021-12-20 09:02:09
1639990929965412000,33.4,3,33.2,14,33.4,2,1,2021-12-20 09:02:09
1639990930056341000,33.25,1,33.2,7,33.4,2,2,2021-12-20 09:02:10
1639990930056341000,33.2,7,33.2,7,33.4,2,2,2021-12-20 09:02:10
1639990930464252000,33.3,3,33.3,2,33.4,2,2,2021-12-20 09:02:10
1639990930486980000,33.3,2,33.2,7,33.4,2,2,2021-12-20 09:02:10
1639990931002034000,33.3,1,33.2,7,33.4,4,2,2021-12-20 09:02:11
1639990931807146000,33.2,1,33.2,6,33.4,6,2,2021-12-20 09:02:11
1639990931877987000,33.2,6,33.15,16,33.2,4,2,2021-12-20 09:02:11
1639990931900510000,33.2,4,33.2,1,33.4,6,1,2021-12-20 09:02:11
1639990932736005000,33.25,1,33.2,1,33.25,1,1,2021-12-20 09:02:12
1639990933280664000,33.25,1,33.25,1,33.4,4,1,2021-12-20 09:02:13
1639990933604596000,33.25,1,33.2,2,33.3,1,2,2021-12-20 09:02:13
1639990934051265000,33.2,1,33.2,1,33.3,1,2,2021-12-20 09:02:14
1639990934387140000,33.3,1,33.2,1,33.3,2,1,2021-12-20 09:02:14
1639990934776959000,33.2,1,33.15,16,33.2,9,2,2021-12-20 09:02:14
1639990934799567000,33.15,16,33.1,120,33.2,9,2,2021-12-20 09:02:14
1639990935584674000,33.2,1,33.1,122,33.2,8,1,2021-12-20 09:02:15
1639990935775819000,33.2,2,33.1,122,33.2,6,1,2021-12-20 09:02:15
1639990936882779000,33.2,3,33.1,122,33.2,3,1,2021-12-20 09:02:16
1639990937027437000,33.1,1,33.1,121,33.2,3,2,2021-12-20 09:02:17
1639990937394194000,33.1,1,33.1,120,33.2,3,2,2021-12-20 09:02:17
1639990939369143000,33.1,4,33.1,116,33.2,5,2,2021-12-20 09:02:19
1639990939399636000,33.2,5,33.1,116,33.25,5,1,2021-12-20 09:02:19
1639990939399636000,33.25,5,33.1,116,33.25,5,1,2021-12-20 09:02:19
1639990941068461000,33.15,1,33.1,117,33.2,1,2,2021-12-20 09:02:21
1639990943444535000,33.2,1,33.15,1,33.25,5,1,2021-12-20 09:02:23
1639990943705691000,33.15,1,33.15,1,33.25,5,2,2021-12-20 09:02:23
1639990944058809000,33.15,1,33.1,117,33.25,5,2,2021-12-20 09:02:24
1639990944058809000,33.1,1,33.1,117,33.25,5,2,2021-12-20 09:02:24
1639990944529760000,33.2,1,33.1,117,33.25,5,2,2021-12-20 09:02:24
1639990945632149000,33.15,1,33.15,5,33.25,5,2,2021-12-20 09:02:25
1639990945649843000,33.15,5,33.1,112,33.25,5,2,2021-12-20 09:02:25
1639990945649843000,33.1,5,33.1,112,33.25,5,2,2021-12-20 09:02:25
1639990946185133000,33.15,1,33.1,112,33.25,5,2,2021-12-20 09:02:26
1639990948756458000,33.1,110,33.1,2,33.15,6,2,2021-12-20 09:02:28
1639990948791997000,33.1,2,33.0,47,33.15,6,2,2021-12-20 09:02:28
1639990948791997000,33.05,6,33.0,47,33.15,6,2,2021-12-20 09:02:28
1639990948791997000,33.0,9,33.0,47,33.15,6,2,2021-12-20 09:02:28
1639990948792045000,33.0,1,33.0,46,33.15,6,2,2021-12-20 09:02:28
1639990948824805000,33.0,43,33.0,3,33.15,6,2,2021-12-20 09:02:28
1639990948857851000,33.0,3,32.95,5,33.15,8,2,2021-12-20 09:02:28
1639990949226314000,32.95,1,32.95,4,33.1,7,2,2021-12-20 09:02:29
1639990949264934000,32.95,4,32.9,3,33.1,7,2,2021-12-20 09:02:29
1639990950132881000,32.9,1,32.9,2,33.05,6,2,2021-12-20 09:02:30
1639990950161748000,32.9,2,32.85,3,33.05,6,2,2021-12-20 09:02:30
1639990950357558000,32.9,1,32.85,3,33.05,2,1,2021-12-20 09:02:30
1639990950478861000,32.95,1,32.85,3,32.95,1,1,2021-12-20 09:02:30
1639990951056688000,32.95,1,32.85,3,33.0,3,1,2021-12-20 09:02:31
1639990951129355000,32.85,1,32.85,2,33.0,5,2,2021-12-20 09:02:31
1639990951173665000,32.85,2,32.8,2,33.0,5,2,2021-12-20 09:02:31
1639990951797229000,32.95,1,32.8,2,32.95,3,1,2021-12-20 09:02:31
1639990955511089000,32.9,1,32.8,2,32.95,3,1,2021-12-20 09:02:35
1639990955815948000,32.8,1,32.8,1,32.85,5,2,2021-12-20 09:02:35
1639990955851405000,32.8,1,32.7,4,32.85,5,2,2021-12-20 09:02:35
1639990955866113000,32.7,1,32.7,3,32.85,5,2,2021-12-20 09:02:35
1639990956114369000,32.7,2,32.7,1,32.85,5,2,2021-12-20 09:02:36
1639990956337092000,32.7,1,32.65,1,32.85,7,2,2021-12-20 09:02:36
1639990957302104000,32.8,1,32.65,1,32.8,5,1,2021-12-20 09:02:37
1639990957524532000,32.8,2,32.7,1,32.95,2,1,2021-12-20 09:02:37
1639990957524532000,32.85,5,32.7,1,32.95,2,1,2021-12-20 09:02:37
1639990957524532000,32.95,3,32.7,1,32.95,2,1,2021-12-20 09:02:37
1639990957838315000,32.95,4,32.7,1,33.1,19,1,2021-12-20 09:02:37
1639990957839223000,32.7,1,32.55,2,33.1,19,2,2021-12-20 09:02:37
1639990957839223000,32.65,1,32.55,2,33.1,19,2,2021-12-20 09:02:37
1639990957839223000,32.6,3,32.55,2,33.1,19,2,2021-12-20 09:02:37
1639990957839223000,32.55,3,32.55,2,33.1,19,2,2021-12-20 09:02:37
1639990958704658000,32.7,1,32.55,2,32.95,6,1,2021-12-20 09:02:38
1639990959202405000,32.55,1,32.55,1,32.95,2,2,2021-12-20 09:02:39
1639990961149640000,32.9,1,32.55,4,32.9,1,1,2021-12-20 09:02:41
1639990963102982000,32.6,1,32.6,1,32.85,3,2,2021-12-20 09:02:43
1639990966991121000,32.8,3,32.6,17,32.85,1,1,2021-12-20 09:02:46
1639990967966169000,32.65,1,32.65,11,32.85,1,2,2021-12-20 09:02:47
1639990968298702000,32.65,2,32.65,10,32.85,5,2,2021-12-20 09:02:48
1639990970272310000,32.85,2,32.7,2,32.9,5,1,2021-12-20 09:02:50
1639990971121384000,32.7,7,32.65,9,32.9,5,2,2021-12-20 09:02:51
1639990972021586000,32.85,1,32.7,3,32.85,3,1,2021-12-20 09:02:52
1639990972047856000,32.85,3,32.7,3,32.9,5,1,2021-12-20 09:02:52
1639990972603767000,32.75,1,32.75,5,32.9,5,2,2021-12-20 09:02:52
1639990972686864000,32.75,1,32.75,4,32.9,5,2,2021-12-20 09:02:52
1639990979183697000,32.75,6,32.7,3,32.85,3,2,2021-12-20 09:02:59
1639990979183697000,32.7,4,32.7,3,32.85,3,2,2021-12-20 09:02:59
1639990979217561000,32.85,3,32.7,3,32.85,4,1,2021-12-20 09:02:59
1639990979624964000,32.9,1,32.75,4,33.0,2,1,2021-12-20 09:02:59
1639990979624964000,32.95,1,32.75,4,33.0,2,1,2021-12-20 09:02:59
1639990979624964000,33.0,3,32.75,4,33.0,2,1,2021-12-20 09:02:59
1639990980109465000,32.8,1,32.8,3,33.05,3,2,2021-12-20 09:03:00
1639990980535578000,32.8,1,32.8,2,33.0,1,2,2021-12-20 09:03:00
1639990980692633000,33.0,1,32.8,2,33.25,8,1,2021-12-20 09:03:00
1639990980692633000,33.05,4,32.8,2,33.25,8,1,2021-12-20 09:03:00
1639990980692633000,33.1,14,32.8,2,33.25,8,1,2021-12-20 09:03:00
1639990980692633000,33.15,5,32.8,2,33.25,8,1,2021-12-20 09:03:00
1639990980692633000,33.2,2,32.8,2,33.25,8,1,2021-12-20 09:03:00
1639990980692633000,33.25,2,32.8,2,33.25,8,1,2021-12-20 09:03:00
1639990985213100000,33.2,1,32.9,2,33.2,3,1,2021-12-20 09:03:05
1639990985424636000,32.9,2,32.85,6,33.2,2,2,2021-12-20 09:03:05
1639990985573388000,32.9,2,32.7,12,32.75,29,2,2021-12-20 09:03:05
1639990985573388000,32.85,6,32.7,12,32.75,29,2,2021-12-20 09:03:05
1639990985573388000,32.8,7,32.7,12,32.75,29,2,2021-12-20 09:03:05
1639990985573388000,32.75,6,32.7,12,32.75,29,2,2021-12-20 09:03:05
1639990985597307000,32.75,29,32.7,12,33.2,2,1,2021-12-20 09:03:05
1639990985619084000,32.7,8,32.7,2,33.2,2,2,2021-12-20 09:03:05
1639990988165044000,33.0,29,33.0,1,33.05,2,2,2021-12-20 09:03:08
1639990988197800000,33.0,1,32.7,2,33.1,5,2,2021-12-20 09:03:08
1639990990575199000,32.7,7,32.65,25,33.0,8,2,2021-12-20 09:03:10
1639990990575199000,32.65,33,32.65,25,33.0,8,2,2021-12-20 09:03:10
1639990990918861000,32.65,1,32.65,24,32.85,4,2,2021-12-20 09:03:10
1639990991344987000,32.8,2,32.65,24,32.9,3,2,2021-12-20 09:03:11
1639990992035136000,32.9,1,32.8,1,32.9,2,1,2021-12-20 09:03:12
1639990993598370000,32.8,1,32.65,21,32.9,2,2,2021-12-20 09:03:13
1639990993598370000,32.7,1,32.65,21,32.9,2,2,2021-12-20 09:03:13
1639990993598370000,32.65,3,32.65,21,32.9,2,2,2021-12-20 09:03:13
1639990994218338000,32.65,5,32.65,16,32.85,6,2,2021-12-20 09:03:14
1639990997594756000,32.8,1,32.75,4,32.95,1,2,2021-12-20 09:03:17
1639990997594756000,32.75,1,32.75,4,32.95,1,2,2021-12-20 09:03:17
1639990998126818000,32.75,1,32.75,3,32.95,5,2,2021-12-20 09:03:18
1639990998259632000,32.95,5,32.75,3,33.1,1,1,2021-12-20 09:03:18
1639990998259632000,33.0,12,32.75,3,33.1,1,1,2021-12-20 09:03:18
1639990998259632000,33.05,1,32.75,3,33.1,1,1,2021-12-20 09:03:18
1639990998259632000,33.1,2,32.75,3,33.1,1,1,2021-12-20 09:03:18
1639990998429580000,33.1,1,32.8,6,33.1,2,1,2021-12-20 09:03:18
1639990998562715000,32.85,2,32.8,3,33.15,5,2,2021-12-20 09:03:18
1639990998562715000,32.8,3,32.8,3,33.15,5,2,2021-12-20 09:03:18
1639990999340356000,32.8,2,32.8,3,33.1,3,2,2021-12-20 09:03:19
1639991000130110000,33.0,6,33.0,14,33.15,5,1,2021-12-20 09:03:20
1639991001410692000,33.0,5,33.0,9,33.15,3,2,2021-12-20 09:03:21
1639991001450464000,33.0,9,32.8,3,33.15,3,2,2021-12-20 09:03:21
1639991003588011000,33.05,2,33.05,2,33.1,2,2,2021-12-20 09:03:23
1639991003613174000,33.05,2,32.8,3,33.1,2,2,2021-12-20 09:03:23
1639991007325904000,33.05,1,32.8,5,33.1,2,1,2021-12-20 09:03:27
1639991007660637000,32.8,1,32.8,4,33.1,2,2,2021-12-20 09:03:27
1639991009223867000,33.05,2,32.85,1,33.1,7,1,2021-12-20 09:03:29
1639991011669837000,33.05,1,32.85,2,33.1,7,1,2021-12-20 09:03:31
1639991015652544000,33.0,7,33.0,3,33.05,4,2,2021-12-20 09:03:35
1639991015680580000,33.0,3,32.85,4,33.05,4,2,2021-12-20 09:03:35
1639991019034631000,33.0,17,32.9,5,33.05,2,1,2021-12-20 09:03:39
1639991019034631000,33.05,2,32.9,5,33.05,2,1,2021-12-20 09:03:39
1639991019053145000,33.05,2,32.9,5,33.1,6,1,2021-12-20 09:03:39
1639991026936635000,33.0,2,32.9,11,33.0,8,1,2021-12-20 09:03:46
1639991026963437000,33.0,8,32.9,11,33.05,1,1,2021-12-20 09:03:46
1639991026982076000,33.05,1,32.9,13,33.1,7,1,2021-12-20 09:03:46
1639991027103412000,32.9,10,32.9,3,33.1,7,2,2021-12-20 09:03:47
1639991028016082000,33.05,1,32.9,1,33.05,3,1,2021-12-20 09:03:48
1639991028233953000,32.95,1,32.75,8,33.1,7,2,2021-12-20 09:03:48
1639991028233953000,32.9,1,32.75,8,33.1,7,2,2021-12-20 09:03:48
1639991028233953000,32.85,7,32.75,8,33.1,7,2,2021-12-20 09:03:48
1639991028233953000,32.8,3,32.75,8,33.1,7,2,2021-12-20 09:03:48
1639991028233953000,32.75,8,32.75,8,33.1,7,2,2021-12-20 09:03:48
1639991029884525000,33.05,1,32.8,12,33.05,3,1,2021-12-20 09:03:49
1639991031718139000,33.0,1,32.85,1,33.0,1,1,2021-12-20 09:03:51
1639991034561375000,32.85,1,32.8,12,33.0,12,2,2021-12-20 09:03:54
1639991035261270000,32.95,1,32.8,10,32.95,3,1,2021-12-20 09:03:55
1639991038290599000,32.85,1,32.8,10,33.0,14,2,2021-12-20 09:03:58
1639991039278748000,32.95,1,32.8,10,32.95,3,1,2021-12-20 09:03:59
1639991039323561000,32.95,1,32.8,10,32.95,2,1,2021-12-20 09:03:59
1639991042571712000,32.85,1,32.85,1,32.95,3,2,2021-12-20 09:04:02
1639991042600653000,32.85,1,32.8,11,32.95,3,2,2021-12-20 09:04:02
1639991043472050000,32.95,1,32.8,12,32.95,6,1,2021-12-20 09:04:03
1639991046490254000,32.95,1,32.8,12,32.95,1,1,2021-12-20 09:04:06
1639991048830551000,32.95,1,32.8,26,33.0,11,1,2021-12-20 09:04:08
1639991048830551000,33.0,4,32.8,26,33.0,11,1,2021-12-20 09:04:08
1639991049384627000,32.95,1,32.8,35,33.0,11,2,2021-12-20 09:04:09
1639991050556282000,32.85,1,32.8,1,32.95,1,2,2021-12-20 09:04:10
1639991050556282000,32.8,34,32.8,1,32.95,1,2,2021-12-20 09:04:10
1639991051757851000,32.95,1,32.8,1,32.95,6,1,2021-12-20 09:04:11
1639991053426623000,32.95,1,32.8,1,33.0,11,2,2021-12-20 09:04:13
1639991061483475000,32.85,3,32.85,1,33.0,11,2,2021-12-20 09:04:21
1639991070213954000,32.9,1,32.85,3,32.95,4,2,2021-12-20 09:04:30
1639991074302823000,32.85,1,32.85,8,32.9,1,2,2021-12-20 09:04:34
1639991078913403000,32.85,7,32.85,4,32.9,3,2,2021-12-20 09:04:38
1639991079185344000,32.9,1,32.85,4,32.9,2,1,2021-12-20 09:04:39
1639991083371380000,32.85,1,32.85,3,32.9,2,2,2021-12-20 09:04:43
1639991083393397000,32.85,3,32.8,21,32.9,2,2,2021-12-20 09:04:43
1639991084308279000,32.85,1,32.75,1,32.9,4,2,2021-12-20 09:04:44
1639991084308279000,32.8,21,32.75,1,32.9,4,2,2021-12-20 09:04:44
1639991084308279000,32.75,8,32.75,1,32.9,4,2,2021-12-20 09:04:44
1639991084825256000,32.9,1,32.75,1,32.9,5,1,2021-12-20 09:04:44
1639991085065621000,32.9,2,32.75,1,32.9,3,1,2021-12-20 09:04:45
1639991085386677000,32.9,1,32.75,2,32.9,2,1,2021-12-20 09:04:45
1639991088879254000,32.9,2,32.75,2,32.9,1,1,2021-12-20 09:04:48
1639991089002945000,32.9,1,32.75,2,32.95,16,1,2021-12-20 09:04:49
1639991089673127000,32.9,1,32.75,2,32.9,1,1,2021-12-20 09:04:49
1639991090734901000,32.9,1,32.75,2,32.95,16,1,2021-12-20 09:04:50
1639991093055762000,32.85,1,32.75,1,32.95,14,2,2021-12-20 09:04:53
1639991094100595000,32.9,2,32.75,2,32.9,2,1,2021-12-20 09:04:54
1639991104436565000,32.85,1,32.8,14,32.85,6,1,2021-12-20 09:05:04
1639991105300670000,32.85,6,32.9,2,32.95,15,1,2021-12-20 09:05:05
1639991105300670000,32.9,12,32.9,2,32.95,15,1,2021-12-20 09:05:05
1639991105344843000,32.9,2,32.8,14,32.95,15,2,2021-12-20 09:05:05
1639991109569452000,32.9,7,32.9,3,32.95,15,2,2021-12-20 09:05:09
1639991114168770000,32.9,1,32.9,12,32.95,15,2,2021-12-20 09:05:14
1639991115128320000,32.9,1,32.9,12,32.95,15,2,2021-12-20 09:05:15
1639991117257640000,32.95,1,32.9,13,32.95,14,1,2021-12-20 09:05:17
1639991117299389000,32.95,9,32.9,13,32.95,5,1,2021-12-20 09:05:17
1639991117338999000,32.95,5,32.9,13,33.0,13,1,2021-12-20 09:05:17
1639991117664536000,32.95,2,32.9,13,33.0,13,2,2021-12-20 09:05:17
1639991121620317000,32.95,3,32.95,2,33.0,13,2,2021-12-20 09:05:21
1639991122803825000,32.95,2,32.75,11,33.0,13,2,2021-12-20 09:05:22
1639991122803825000,32.9,13,32.75,11,33.0,13,2,2021-12-20 09:05:22
1639991122803825000,32.85,6,32.75,11,33.0,13,2,2021-12-20 09:05:22
1639991122803825000,32.8,22,32.75,11,33.0,13,2,2021-12-20 09:05:22
1639991122803825000,32.75,7,32.75,11,33.0,13,2,2021-12-20 09:05:22
1639991124841153000,32.95,1,32.85,1,33.0,13,2,2021-12-20 09:05:24
1639991129593442000,32.85,3,32.75,10,33.0,13,2,2021-12-20 09:05:29
1639991129593442000,32.8,1,32.75,10,33.0,13,2,2021-12-20 09:05:29
1639991129593442000,32.75,1,32.75,10,33.0,13,2,2021-12-20 09:05:29
1639991137126856000,32.85,3,32.85,2,32.9,1,2,2021-12-20 09:05:37
1639991140481858000,32.85,1,32.85,1,32.9,4,2,2021-12-20 09:05:40
1639991140505861000,32.85,1,32.8,14,32.9,4,2,2021-12-20 09:05:40
1639991141071390000,32.8,10,32.8,4,32.9,4,2,2021-12-20 09:05:41
1639991148333485000,32.85,2,32.85,1,32.9,4,2,2021-12-20 09:05:48
1639991148357803000,32.85,1,32.8,5,32.9,4,2,2021-12-20 09:05:48
1639991160219151000,32.85,1,32.8,6,32.85,1,1,2021-12-20 09:06:00
1639991160423161000,32.85,1,32.85,1,32.9,4,1,2021-12-20 09:06:00
1639991161913222000,32.9,1,32.85,1,32.9,4,1,2021-12-20 09:06:01
1639991166590042000,32.9,4,32.85,1,32.95,7,1,2021-12-20 09:06:06
1639991171435160000,32.85,2,32.8,41,32.95,7,2,2021-12-20 09:06:11
1639991172405634000,32.85,1,32.8,22,32.95,7,2,2021-12-20 09:06:12
1639991172405634000,32.8,19,32.8,22,32.95,7,2,2021-12-20 09:06:12
1639991173129049000,32.9,1,32.9,1,32.95,7,2,2021-12-20 09:06:13
1639991177467287000,32.9,1,32.85,6,32.9,9,2,2021-12-20 09:06:17
1639991177560540000,32.85,1,32.85,5,32.9,9,2,2021-12-20 09:06:17
1639991178269626000,32.9,5,32.85,5,32.9,4,1,2021-12-20 09:06:18
1639991180011439000,32.9,1,32.85,5,32.9,3,1,2021-12-20 09:06:20
1639991181870961000,32.9,3,32.85,6,32.95,7,1,2021-12-20 09:06:21
1639991185185062000,32.85,4,32.85,2,32.9,1,2,2021-12-20 09:06:25
1639991185940029000,32.9,1,32.85,2,32.95,7,1,2021-12-20 09:06:25
1639991191113895000,32.85,2,32.7,30,32.95,7,2,2021-12-20 09:06:31
1639991191113895000,32.8,24,32.7,30,32.95,7,2,2021-12-20 09:06:31
1639991191113895000,32.75,21,32.7,30,32.95,7,2,2021-12-20 09:06:31
1639991191113895000,32.7,3,32.7,30,32.95,7,2,2021-12-20 09:06:31
1639991194789082000,32.95,1,32.7,30,32.95,7,1,2021-12-20 09:06:34
1639991195708489000,32.7,4,32.7,26,32.95,7,2,2021-12-20 09:06:35
1639991199662313000,32.7,1,32.7,26,32.9,2,2,2021-12-20 09:06:39
1639991207271984000,32.7,1,32.7,29,32.75,1,2,2021-12-20 09:06:47
1639991207378203000,32.75,1,32.7,29,32.9,11,1,2021-12-20 09:06:47
1639991214503799000,32.75,1,32.7,32,32.9,11,2,2021-12-20 09:06:54
1639991215164311000,32.75,1,32.7,31,32.9,9,2,2021-12-20 09:06:55
1639991215164311000,32.7,1,32.7,31,32.9,9,2,2021-12-20 09:06:55
1639991222627346000,32.85,1,32.75,5,32.9,7,1,2021-12-20 09:07:02
1639991222627346000,32.9,3,32.75,5,32.9,7,1,2021-12-20 09:07:02
1639991229858916000,32.75,1,32.75,11,32.85,1,2,2021-12-20 09:07:09
1639991230999259000,32.85,1,32.75,11,32.85,1,1,2021-12-20 09:07:10
1639991232332569000,32.8,1,32.7,8,32.85,1,2,2021-12-20 09:07:12
1639991232332569000,32.75,12,32.7,8,32.85,1,2,2021-12-20 09:07:12
1639991232332569000,32.7,37,32.7,8,32.85,1,2,2021-12-20 09:07:12
1639991234917861000,32.7,2,32.7,8,32.85,11,2,2021-12-20 09:07:14
1639991237612036000,32.7,4,32.65,28,32.8,12,2,2021-12-20 09:07:17
1639991237612040000,32.7,4,32.65,28,32.8,12,2,2021-12-20 09:07:17
1639991241007731000,32.65,1,32.65,27,32.7,1,2,2021-12-20 09:07:21
1639991241791073000,32.7,1,32.65,27,32.8,12,1,2021-12-20 09:07:21
1639991243232192000,32.7,1,32.7,1,32.75,2,2,2021-12-20 09:07:23
1639991243277397000,32.7,1,32.65,27,32.75,2,2,2021-12-20 09:07:23
1639991244929413000,32.7,3,32.65,27,32.8,12,2,2021-12-20 09:07:24
1639991247322392000,32.65,20,32.65,7,32.75,2,2,2021-12-20 09:07:27
1639991247349288000,32.65,7,32.6,55,32.75,2,2,2021-12-20 09:07:27
1639991249026921000,32.7,2,32.6,55,32.7,2,1,2021-12-20 09:07:29
1639991250342742000,32.6,18,32.6,37,32.7,2,2,2021-12-20 09:07:30
1639991250365973000,32.6,7,32.6,30,32.7,2,2,2021-12-20 09:07:30
1639991250372940000,32.6,9,32.6,21,32.7,2,2,2021-12-20 09:07:30
1639991250396668000,32.6,14,32.55,22,32.7,2,2,2021-12-20 09:07:30
1639991250396705000,32.6,7,32.55,22,32.7,2,2,2021-12-20 09:07:30
1639991252862249000,32.55,5,32.55,17,32.65,4,2,2021-12-20 09:07:32
1639991252881678000,32.55,17,32.5,48,32.65,4,2,2021-12-20 09:07:32
1639991253060092000,32.6,1,32.5,48,32.6,2,1,2021-12-20 09:07:33
1639991254440396000,32.6,1,32.5,47,32.6,1,1,2021-12-20 09:07:34
1639991259683641000,32.55,1,32.55,1,32.6,3,2,2021-12-20 09:07:39
1639991259719653000,32.55,1,32.5,46,32.6,3,2,2021-12-20 09:07:39
1639991259720943000,32.6,1,32.5,46,32.6,2,1,2021-12-20 09:07:39
1639991264477981000,32.6,1,32.55,6,32.75,1,1,2021-12-20 09:07:44
1639991264943086000,32.75,1,32.55,6,32.75,2,1,2021-12-20 09:07:44
1639991266226285000,32.6,1,32.55,15,32.75,3,2,2021-12-20 09:07:46
1639991266226285000,32.55,4,32.55,15,32.75,3,2,2021-12-20 09:07:46
1639991267140533000,32.6,1,32.55,15,32.6,2,1,2021-12-20 09:07:47
1639991270419205000,32.6,2,32.6,2,32.75,4,1,2021-12-20 09:07:50
1639991279081185000,32.6,1,32.6,9,32.65,2,2,2021-12-20 09:07:59
1639991280245956000,32.6,1,32.6,13,32.65,2,2,2021-12-20 09:08:00
1639991282549960000,32.65,1,32.6,13,32.65,1,1,2021-12-20 09:08:02
1639991284411428000,32.6,26,32.35,4,32.4,9,2,2021-12-20 09:08:04
1639991284411428000,32.55,4,32.35,4,32.4,9,2,2021-12-20 09:08:04
1639991284411428000,32.5,48,32.35,4,32.4,9,2,2021-12-20 09:08:04
1639991284411428000,32.45,1,32.35,4,32.4,9,2,2021-12-20 09:08:04
1639991284411428000,32.4,12,32.35,4,32.4,9,2,2021-12-20 09:08:04
1639991284468908000,32.35,1,32.35,3,32.4,9,2,2021-12-20 09:08:04
1639991284770922000,32.4,1,32.35,3,32.4,8,1,2021-12-20 09:08:04
1639991284930268000,32.35,1,32.35,2,32.4,8,2,2021-12-20 09:08:04
1639991286322391000,32.35,2,32.3,5,32.4,8,2,2021-12-20 09:08:06
1639991287504577000,32.35,1,32.3,5,32.35,1,1,2021-12-20 09:08:07
1639991288860372000,32.3,2,32.3,3,32.35,2,2,2021-12-20 09:08:08
1639991295134140000,32.3,3,32.1,1,32.35,3,2,2021-12-20 09:08:15
1639991295134140000,32.25,6,32.1,1,32.35,3,2,2021-12-20 09:08:15
1639991295134140000,32.2,8,32.1,1,32.35,3,2,2021-12-20 09:08:15
1639991295134140000,32.15,1,32.1,1,32.35,3,2,2021-12-20 09:08:15
1639991295134140000,32.1,32,32.1,1,32.35,3,2,2021-12-20 09:08:15
1639991295232596000,32.2,2,32.1,3,32.25,2,1,2021-12-20 09:08:15
1639991295310167000,32.35,1,32.1,3,32.35,2,1,2021-12-20 09:08:15
1639991295400920000,32.35,1,32.1,7,32.35,1,1,2021-12-20 09:08:15
1639991295453392000,32.3,2,32.1,7,32.3,1,2,2021-12-20 09:08:15
1639991295543161000,32.3,1,32.3,6,32.35,1,1,2021-12-20 09:08:15
1639991295869094000,32.3,6,32.05,4,32.35,1,2,2021-12-20 09:08:15
1639991295869094000,32.1,7,32.05,4,32.35,1,2,2021-12-20 09:08:15
1639991295869094000,32.05,4,32.05,4,32.35,1,2,2021-12-20 09:08:15
1639991296028165000,32.1,2,32.05,5,32.3,3,2,2021-12-20 09:08:16
1639991296028165000,32.05,3,32.05,5,32.3,3,2,2021-12-20 09:08:16
1639991296147376000,32.3,1,32.05,7,32.3,2,1,2021-12-20 09:08:16
1639991298337040000,32.3,1,32.15,4,32.3,2,1,2021-12-20 09:08:18
1639991300836813000,32.3,5,32.2,1,32.35,2,1,2021-12-20 09:08:20
1639991300958885000,32.2,1,32.2,2,32.35,2,2,2021-12-20 09:08:20
1639991301123873000,32.2,1,32.2,1,32.35,2,2,2021-12-20 09:08:21
1639991301688542000,32.2,1,32.2,1,32.35,2,2,2021-12-20 09:08:21
1639991301795244000,32.2,1,32.15,4,32.35,2,2,2021-12-20 09:08:21
1639991301837140000,32.15,4,32.05,8,32.1,6,2,2021-12-20 09:08:21
1639991301866508000,32.05,1,32.05,7,32.35,2,2,2021-12-20 09:08:21
1639991301866640000,32.1,6,32.05,7,32.35,2,1,2021-12-20 09:08:21
1639991301889290000,32.1,5,32.1,1,32.35,2,2,2021-12-20 09:08:21
1639991301895288000,32.35,1,32.1,1,32.35,1,1,2021-12-20 09:08:21
1639991302804531000,32.15,1,32.15,1,32.35,3,2,2021-12-20 09:08:22
1639991302901901000,32.35,1,32.15,1,32.35,2,1,2021-12-20 09:08:22
1639991303118264000,32.15,1,32.1,7,32.15,1,2,2021-12-20 09:08:23
1639991303139826000,32.15,1,32.1,7,32.35,2,1,2021-12-20 09:08:23
1639991303203224000,32.15,1,32.1,7,32.35,2,1,2021-12-20 09:08:23
1639991304480213000,32.2,1,32.1,7,32.3,2,2,2021-12-20 09:08:24
1639991304513991000,32.1,7,32.05,17,32.25,2,2,2021-12-20 09:08:24
1639991306615613000,32.3,2,32.25,10,32.35,1,1,2021-12-20 09:08:26
1639991307293835000,32.3,1,32.25,10,32.3,9,1,2021-12-20 09:08:27
1639991310480251000,32.3,1,32.25,10,32.3,8,1,2021-12-20 09:08:30
1639991310506972000,32.3,8,32.25,10,32.35,1,1,2021-12-20 09:08:30
1639991310540820000,32.35,1,32.25,10,32.4,8,1,2021-12-20 09:08:30
1639991311181253000,32.25,2,32.25,10,32.4,8,2,2021-12-20 09:08:31
1639991311223480000,32.25,1,32.25,9,32.4,8,2,2021-12-20 09:08:31
1639991313939841000,32.3,2,32.3,1,32.35,1,2,2021-12-20 09:08:33
1639991314113666000,32.35,1,32.3,1,32.4,8,1,2021-12-20 09:08:34
1639991315316577000,32.3,2,32.25,4,32.4,8,2,2021-12-20 09:08:35
1639991315316577000,32.25,3,32.25,4,32.4,8,2,2021-12-20 09:08:35
1639991315791477000,32.25,1,32.25,3,32.4,8,2,2021-12-20 09:08:35
1639991319776350000,32.3,1,32.3,1,32.4,8,2,2021-12-20 09:08:39
1639991320625308000,32.3,1,32.25,4,32.4,8,2,2021-12-20 09:08:40
1639991320939298000,32.4,8,32.25,4,32.6,1,1,2021-12-20 09:08:40
1639991320939298000,32.45,1,32.25,4,32.6,1,1,2021-12-20 09:08:40
1639991320939298000,32.5,1,32.25,4,32.6,1,1,2021-12-20 09:08:40
1639991321392717000,32.3,5,32.25,6,32.6,1,1,2021-12-20 09:08:41
1639991322497065000,32.35,1,32.3,4,32.6,4,1,2021-12-20 09:08:42
1639991324043958000,32.4,1,32.35,1,32.6,4,1,2021-12-20 09:08:44
1639991324298448000,32.4,1,32.25,4,32.55,1,2,2021-12-20 09:08:44
1639991324298448000,32.35,1,32.25,4,32.55,1,2,2021-12-20 09:08:44
1639991324298448000,32.3,2,32.25,4,32.55,1,2,2021-12-20 09:08:44
1639991324877376000,32.25,2,32.25,4,32.45,1,2,2021-12-20 09:08:44
1639991325199242000,32.3,1,32.25,4,32.4,1,1,2021-12-20 09:08:45
1639991330686883000,32.45,1,32.4,1,32.6,1,1,2021-12-20 09:08:50
1639991330686883000,32.55,1,32.4,1,32.6,1,1,2021-12-20 09:08:50
1639991330686883000,32.6,2,32.4,1,32.6,1,1,2021-12-20 09:08:50
1639991330859249000,32.4,2,32.4,1,32.6,1,2,2021-12-20 09:08:50
1639991339171403000,32.45,1,32.4,2,32.55,1,2,2021-12-20 09:08:59
1639991339724789000,32.5,1,32.4,2,32.55,1,2,2021-12-20 09:08:59
1639991339724789000,32.4,2,32.4,2,32.55,1,2,2021-12-20 09:08:59
1639991344237309000,32.4,1,32.4,1,32.45,1,2,2021-12-20 09:09:04
1639991346600521000,32.4,1,32.4,2,32.45,1,2,2021-12-20 09:09:06
1639991351352366000,32.4,1,32.4,2,32.45,9,2,2021-12-20 09:09:11
1639991352475217000,32.4,7,32.4,2,32.45,4,2,2021-12-20 09:09:12
1639991352475345000,32.45,5,32.4,2,32.45,4,1,2021-12-20 09:09:12
1639991352508389000,32.45,4,32.4,2,32.5,1,1,2021-12-20 09:09:12
1639991355568334000,32.5,1,32.4,2,32.55,1,1,2021-12-20 09:09:15
1639991355568334000,32.55,4,32.4,2,32.55,1,1,2021-12-20 09:09:15
1639991357596002000,32.4,1,32.4,4,32.55,1,2,2021-12-20 09:09:17
1639991359870461000,32.4,2,32.4,1,32.55,1,2,2021-12-20 09:09:19
1639991363255143000,32.4,3,32.4,1,32.55,1,2,2021-12-20 09:09:23
1639991371994098000,32.4,9,32.35,13,32.5,1,2,2021-12-20 09:09:31
1639991376019065000,32.4,1,32.3,23,32.5,1,2,2021-12-20 09:09:36
1639991376019065000,32.35,13,32.3,23,32.5,1,2,2021-12-20 09:09:36
1639991376117643000,32.3,1,32.3,20,32.45,1,2,2021-12-20 09:09:36
1639991377743508000,32.4,1,32.3,20,32.5,1,1,2021-12-20 09:09:37
1639991378764923000,32.55,1,32.3,20,32.6,13,1,2021-12-20 09:09:38
1639991379884934000,32.4,1,32.1,30,32.55,1,2,2021-12-20 09:09:39
1639991379884934000,32.35,1,32.1,30,32.55,1,2,2021-12-20 09:09:39
1639991379884934000,32.3,20,32.1,30,32.55,1,2,2021-12-20 09:09:39
1639991379884934000,32.25,15,32.1,30,32.55,1,2,2021-12-20 09:09:39
1639991379884934000,32.2,7,32.1,30,32.55,1,2,2021-12-20 09:09:39
1639991379884934000,32.15,4,32.1,30,32.55,1,2,2021-12-20 09:09:39
1639991379884934000,32.1,2,32.1,30,32.55,1,2,2021-12-20 09:09:39
1639991383588814000,32.3,2,32.3,2,32.45,1,2,2021-12-20 09:09:43
1639991384889545000,32.3,2,32.2,1,32.45,1,2,2021-12-20 09:09:44
1639991387154635000,32.2,3,32.1,18,32.4,1,2,2021-12-20 09:09:47
1639991387154635000,32.15,5,32.1,18,32.4,1,2,2021-12-20 09:09:47
1639991387154635000,32.1,12,32.1,18,32.4,1,2,2021-12-20 09:09:47
1639991388730138000,32.2,1,32.2,5,32.5,4,2,2021-12-20 09:09:48
1639991390922209000,32.2,2,32.2,1,32.4,1,2,2021-12-20 09:09:50
1639991390947867000,32.2,1,32.1,33,32.4,1,2,2021-12-20 09:09:50
1639991392735570000,32.2,2,32.1,31,32.45,3,2,2021-12-20 09:09:52
1639991392735570000,32.1,3,32.1,31,32.45,3,2,2021-12-20 09:09:52
1639991395376627000,32.2,10,32.15,4,32.4,1,1,2021-12-20 09:09:55
1639991395395726000,32.15,1,32.15,1,32.4,1,2,2021-12-20 09:09:55
1639991395417922000,32.15,1,32.15,2,32.35,1,2,2021-12-20 09:09:55
1639991402685523000,32.3,2,32.2,15,32.4,1,1,2021-12-20 09:10:02
1639991403254437000,32.25,2,32.2,14,32.4,1,2,2021-12-20 09:10:03
1639991403254437000,32.2,1,32.2,14,32.4,1,2,2021-12-20 09:10:03
1639991407310705000,32.4,1,32.25,2,32.55,7,1,2021-12-20 09:10:07
1639991407310705000,32.5,2,32.25,2,32.55,7,1,2021-12-20 09:10:07
1639991414912722000,32.45,1,32.3,4,32.55,7,1,2021-12-20 09:10:14
1639991415771903000,32.3,2,32.3,2,32.55,7,2,2021-12-20 09:10:15
1639991415882108000,32.35,1,32.25,4,32.5,1,2,2021-12-20 09:10:15
1639991415882108000,32.25,2,32.25,4,32.5,1,2,2021-12-20 09:10:15
1639991418179196000,32.35,2,32.25,6,32.45,1,1,2021-12-20 09:10:18
1639991421464444000,32.45,1,32.25,17,32.5,2,1,2021-12-20 09:10:21
1639991430484915000,32.4,1,32.4,1,32.45,1,2,2021-12-20 09:10:30
1639991430506341000,32.45,1,32.4,1,32.5,2,1,2021-12-20 09:10:30
1639991434829844000,32.45,1,32.4,5,32.5,1,2,2021-12-20 09:10:34
1639991438115332000,32.5,1,32.45,5,32.55,3,1,2021-12-20 09:10:38
1639991438147417000,32.45,5,32.4,5,32.55,3,2,2021-12-20 09:10:38
1639991439197841000,32.5,2,32.45,2,32.5,1,1,2021-12-20 09:10:39
1639991439224617000,32.5,1,32.45,2,32.55,3,1,2021-12-20 09:10:39
1639991442563376000,32.5,3,32.5,2,32.55,3,2,2021-12-20 09:10:42
1639991446738498000,32.55,2,32.5,12,32.55,1,1,2021-12-20 09:10:46
1639991446754410000,32.55,1,32.5,12,32.6,14,1,2021-12-20 09:10:46
1639991447037760000,32.6,1,32.5,12,32.6,13,1,2021-12-20 09:10:47
1639991447069176000,32.6,9,32.5,12,32.6,4,1,2021-12-20 09:10:47
1639991451311460000,32.55,1,32.55,2,32.6,4,2,2021-12-20 09:10:51
1639991452857328000,32.6,1,32.55,7,32.6,3,1,2021-12-20 09:10:52
1639991452874368000,32.6,3,32.55,7,32.65,3,1,2021-12-20 09:10:52
1639991459564033000,32.55,7,32.35,12,32.65,3,2,2021-12-20 09:10:59
1639991459564033000,32.5,13,32.35,12,32.65,3,2,2021-12-20 09:10:59
1639991459564033000,32.45,3,32.35,12,32.65,3,2,2021-12-20 09:10:59
1639991459564033000,32.4,20,32.35,12,32.65,3,2,2021-12-20 09:10:59
1639991459564033000,32.35,7,32.35,12,32.65,3,2,2021-12-20 09:10:59
1639991464680365000,32.55,1,32.4,1,32.55,3,1,2021-12-20 09:11:04
1639991466856169000,32.55,3,32.4,1,32.6,1,1,2021-12-20 09:11:06
1639991466856169000,32.6,7,32.4,1,32.6,1,1,2021-12-20 09:11:06
1639991467143518000,32.6,1,32.4,1,32.65,3,1,2021-12-20 09:11:07
1639991469589241000,32.6,1,32.45,1,32.65,13,1,2021-12-20 09:11:09
1639991475076065000,32.6,1,32.45,2,32.65,13,1,2021-12-20 09:11:15
1639991476623879000,32.6,2,32.6,1,32.65,13,1,2021-12-20 09:11:16
1639991477986862000,32.65,1,32.6,1,32.65,12,1,2021-12-20 09:11:17
1639991481699753000,32.6,1,32.55,4,32.65,12,2,2021-12-20 09:11:21
1639991481745619000,32.55,2,32.55,2,32.65,12,2,2021-12-20 09:11:21
1639991486626398000,32.65,1,32.6,1,32.65,11,1,2021-12-20 09:11:26
1639991487969823000,32.6,1,32.55,2,32.65,11,2,2021-12-20 09:11:27
1639991492326798000,32.65,1,32.55,4,32.65,10,1,2021-12-20 09:11:32
1639991493853901000,32.55,3,32.55,2,32.6,1,2,2021-12-20 09:11:33
1639991498049545000,32.55,2,32.5,18,32.6,1,2,2021-12-20 09:11:38
1639991498049545000,32.5,3,32.5,18,32.6,1,2,2021-12-20 09:11:38
1639991502907863000,32.6,2,32.5,18,32.65,10,1,2021-12-20 09:11:42
1639991502907863000,32.65,1,32.5,18,32.65,10,1,2021-12-20 09:11:42
1639991504071305000,32.6,1,32.6,1,32.65,10,1,2021-12-20 09:11:44
1639991504081295000,32.6,1,32.5,16,32.6,1,2,2021-12-20 09:11:44
1639991505921170000,32.55,3,32.55,2,32.6,1,2,2021-12-20 09:11:45
1639991505951592000,32.55,2,32.5,16,32.6,1,2,2021-12-20 09:11:45
1639991510030347000,32.6,1,32.5,16,32.65,10,1,2021-12-20 09:11:50
1639991515239848000,32.5,21,32.35,13,32.6,5,2,2021-12-20 09:11:55
1639991515239848000,32.45,4,32.35,13,32.6,5,2,2021-12-20 09:11:55
1639991515239848000,32.4,2,32.35,13,32.6,5,2,2021-12-20 09:11:55
1639991515239848000,32.35,3,32.35,13,32.6,5,2,2021-12-20 09:11:55
1639991516724300000,32.55,1,32.4,1,32.55,2,1,2021-12-20 09:11:56
1639991517051649000,32.5,1,32.4,1,32.55,2,2,2021-12-20 09:11:57
1639991521298145000,32.55,2,32.4,2,32.6,5,1,2021-12-20 09:12:01
1639991524250609000,32.4,1,32.4,1,32.5,3,2,2021-12-20 09:12:04
1639991525747971000,32.4,1,32.35,13,32.5,3,2,2021-12-20 09:12:05
1639991525747971000,32.35,1,32.35,13,32.5,3,2,2021-12-20 09:12:05
1639991536796833000,32.4,1,32.35,11,32.5,23,2,2021-12-20 09:12:16
1639991536796833000,32.35,3,32.35,11,32.5,23,2,2021-12-20 09:12:16
1639991543949025000,32.4,1,32.35,13,32.5,23,2,2021-12-20 09:12:23
1639991544901294000,32.5,1,32.35,13,32.5,22,1,2021-12-20 09:12:24
1639991545298591000,32.35,1,32.35,12,32.5,22,2,2021-12-20 09:12:25
1639991548078771000,32.35,1,32.35,32,32.5,20,2,2021-12-20 09:12:28
1639991552674952000,32.35,33,32.25,1,32.5,20,2,2021-12-20 09:12:32
1639991552674952000,32.3,12,32.25,1,32.5,20,2,2021-12-20 09:12:32
1639991552674952000,32.25,5,32.25,1,32.5,20,2,2021-12-20 09:12:32
1639991555230051000,32.4,1,32.25,1,32.45,2,2,2021-12-20 09:12:35
1639991563051262000,32.35,7,32.35,3,32.4,1,2,2021-12-20 09:12:43
1639991563067596000,32.4,1,32.35,3,32.5,20,1,2021-12-20 09:12:43
1639991565002870000,32.35,1,32.35,2,32.4,1,2,2021-12-20 09:12:45
1639991569571873000,32.4,2,32.35,2,32.5,17,1,2021-12-20 09:12:49
1639991569571873000,32.5,3,32.35,2,32.5,17,1,2021-12-20 09:12:49
1639991571023893000,32.5,17,32.4,1,32.6,6,1,2021-12-20 09:12:51
1639991573051388000,32.5,1,32.4,1,32.6,4,1,2021-12-20 09:12:53
1639991578643334000,32.6,2,32.4,1,32.6,3,1,2021-12-20 09:12:58
1639991587825194000,32.45,1,32.4,4,32.6,4,2,2021-12-20 09:13:07
1639991587825194000,32.4,2,32.4,4,32.6,4,2,2021-12-20 09:13:07
1639991587948269000,32.6,1,32.4,4,32.6,3,1,2021-12-20 09:13:07
1639991590957665000,32.4,1,32.4,3,32.6,3,2,2021-12-20 09:13:10
1639991591869359000,32.6,1,32.4,3,32.6,2,1,2021-12-20 09:13:11
1639991597476782000,32.5,1,32.35,6,32.6,2,2,2021-12-20 09:13:17
1639991597476782000,32.4,3,32.35,6,32.6,2,2,2021-12-20 09:13:17
1639991602689753000,32.6,1,32.4,1,32.6,1,1,2021-12-20 09:13:22
1639991604447519000,32.6,1,32.6,9,32.65,14,1,2021-12-20 09:13:24
1639991604498241000,32.6,6,32.6,3,32.65,14,2,2021-12-20 09:13:24
1639991604528908000,32.6,3,32.4,2,32.65,14,2,2021-12-20 09:13:24
1639991609861661000,32.4,3,32.4,4,32.6,1,2,2021-12-20 09:13:29
1639991610322222000,32.6,1,32.4,2,32.6,5,1,2021-12-20 09:13:30
1639991616071963000,32.45,1,32.4,3,32.6,6,2,2021-12-20 09:13:36
1639991628535360000,32.6,2,32.4,18,32.6,4,1,2021-12-20 09:13:48
1639991634695361000,32.4,1,32.4,17,32.6,4,2,2021-12-20 09:13:54
1639991639675105000,32.4,2,32.4,18,32.6,14,2,2021-12-20 09:13:59
1639991639721126000,32.4,17,32.4,1,32.6,14,2,2021-12-20 09:13:59
1639991663920873000,32.45,1,32.4,5,32.5,3,2,2021-12-20 09:14:23
1639991673463514000,32.45,1,32.4,6,32.5,3,1,2021-12-20 09:14:33
1639991681926465000,32.45,1,32.4,8,32.5,11,2,2021-12-20 09:14:41
1639991688238211000,32.4,1,32.4,8,32.5,11,2,2021-12-20 09:14:48
1639991708316035000,32.5,11,32.4,10,32.6,12,1,2021-12-20 09:15:08
1639991721269179000,32.5,1,32.5,5,32.6,12,2,2021-12-20 09:15:21
1639991730369177000,32.6,1,32.5,15,32.6,10,1,2021-12-20 09:15:30
1639991732868540000,32.5,2,32.5,13,32.6,10,2,2021-12-20 09:15:32
1639991739040056000,32.6,1,32.5,15,32.6,9,1,2021-12-20 09:15:39
1639991739070376000,32.6,1,32.5,15,32.6,8,1,2021-12-20 09:15:39
1639991744730090000,32.6,5,32.55,1,32.6,3,1,2021-12-20 09:15:44
1639991744757594000,32.6,3,32.55,1,32.65,14,1,2021-12-20 09:15:44
1639991745878234000,32.55,1,32.5,16,32.65,14,2,2021-12-20 09:15:45
1639991750558289000,32.65,14,32.7,6,32.75,3,1,2021-12-20 09:15:50
1639991750558289000,32.7,10,32.7,6,32.75,3,1,2021-12-20 09:15:50
1639991756224470000,32.75,1,32.7,8,32.75,2,1,2021-12-20 09:15:56
1639991758416738000,32.75,1,32.7,8,32.75,1,1,2021-12-20 09:15:58
1639991758700739000,32.7,2,32.7,6,32.75,1,2,2021-12-20 09:15:58
1639991761349208000,32.75,1,32.7,12,32.8,7,1,2021-12-20 09:16:01
1639991761349208000,32.8,4,32.7,12,32.8,7,1,2021-12-20 09:16:01
1639991768745340000,32.8,1,32.75,7,32.8,6,1,2021-12-20 09:16:08
1639991771408509000,32.8,1,32.75,9,32.8,5,1,2021-12-20 09:16:11
1639991772830749000,32.8,5,32.75,9,32.85,10,1,2021-12-20 09:16:12
1639991774823517000,32.8,4,32.4,16,32.85,10,2,2021-12-20 09:16:14
1639991774823517000,32.75,9,32.4,16,32.85,10,2,2021-12-20 09:16:14
1639991774823517000,32.7,16,32.4,16,32.85,10,2,2021-12-20 09:16:14
1639991774823517000,32.6,1,32.4,16,32.85,10,2,2021-12-20 09:16:14
1639991774823517000,32.55,1,32.4,16,32.85,10,2,2021-12-20 09:16:14
1639991774823517000,32.5,15,32.4,16,32.85,10,2,2021-12-20 09:16:14
1639991774823517000,32.45,2,32.4,16,32.85,10,2,2021-12-20 09:16:14
1639991774823517000,32.4,2,32.4,16,32.85,10,2,2021-12-20 09:16:14
1639991774961128000,32.8,2,32.45,2,32.85,2,1,2021-12-20 09:16:14
1639991774961128000,32.85,8,32.45,2,32.85,2,1,2021-12-20 09:16:14
1639991782373998000,32.8,3,32.55,5,32.85,3,2,2021-12-20 09:16:22
1639991785263461000,32.8,1,32.6,3,32.85,3,1,2021-12-20 09:16:25
1639991794682186000,32.8,3,32.8,2,32.85,11,1,2021-12-20 09:16:34
1639991794703611000,32.8,2,32.6,2,32.85,11,2,2021-12-20 09:16:34
1639991797733231000,32.75,2,32.6,2,32.75,8,1,2021-12-20 09:16:37
1639991809204990000,32.6,1,32.6,1,32.7,4,2,2021-12-20 09:16:49
1639991809232227000,32.6,1,32.55,3,32.7,4,2,2021-12-20 09:16:49
1639991814418383000,32.65,1,32.55,11,32.65,2,1,2021-12-20 09:16:54
1639991815017457000,32.65,1,32.55,11,32.65,1,1,2021-12-20 09:16:55
1639991825220214000,32.7,4,32.6,7,32.7,2,1,2021-12-20 09:17:05
1639991834358907000,32.7,1,32.65,1,32.7,2,1,2021-12-20 09:17:14
1639991838601981000,32.65,1,32.6,7,32.7,2,2,2021-12-20 09:17:18
1639991839085445000,32.65,1,32.6,6,32.7,4,2,2021-12-20 09:17:19
1639991840280750000,32.7,1,32.6,6,32.7,3,1,2021-12-20 09:17:20
1639991845627337000,32.6,6,32.55,12,32.6,4,2,2021-12-20 09:17:25
1639991861129669000,32.6,1,32.55,11,32.6,3,1,2021-12-20 09:17:41
1639991861986423000,32.6,3,32.6,3,32.7,4,1,2021-12-20 09:17:41
1639991873213761000,32.6,5,32.4,14,32.7,2,2,2021-12-20 09:17:53
1639991873213761000,32.55,12,32.4,14,32.7,2,2,2021-12-20 09:17:53
1639991873213761000,32.5,13,32.4,14,32.7,2,2,2021-12-20 09:17:53
1639991873213761000,32.45,8,32.4,14,32.7,2,2,2021-12-20 09:17:53
1639991873213761000,32.4,12,32.4,14,32.7,2,2,2021-12-20 09:17:53
1639991876967163000,32.55,1,32.45,1,32.65,4,2,2021-12-20 09:17:56
1639991877190535000,32.65,2,32.4,14,32.65,1,1,2021-12-20 09:17:57
1639991879928616000,32.65,1,32.4,14,32.65,2,1,2021-12-20 09:17:59
1639991881260355000,32.65,1,32.4,14,32.65,1,1,2021-12-20 09:18:01
1639991882441867000,32.65,1,32.4,14,32.7,3,1,2021-12-20 09:18:02
1639991883428880000,32.4,11,32.4,3,32.7,3,2,2021-12-20 09:18:03
1639991883464959000,32.4,3,32.35,8,32.7,3,2,2021-12-20 09:18:03
1639991902909660000,32.45,3,32.45,4,32.65,3,2,2021-12-20 09:18:22
1639991906217812000,32.45,2,32.45,3,32.65,3,2,2021-12-20 09:18:26
1639991945337047000,32.5,2,32.3,25,32.65,2,2,2021-12-20 09:19:05
1639991945337047000,32.45,22,32.3,25,32.65,2,2,2021-12-20 09:19:05
1639991945337047000,32.4,10,32.3,25,32.65,2,2,2021-12-20 09:19:05
1639991945337047000,32.35,12,32.3,25,32.65,2,2,2021-12-20 09:19:05
1639991945337047000,32.3,4,32.3,25,32.65,2,2,2021-12-20 09:19:05
1639991955083368000,32.45,1,32.35,10,32.65,2,2,2021-12-20 09:19:15
1639991956267443000,32.35,5,32.35,7,32.65,4,2,2021-12-20 09:19:16
1639991958959109000,32.4,1,32.35,11,32.6,2,1,2021-12-20 09:19:18
1639991959443593000,32.35,1,32.35,10,32.65,4,2,2021-12-20 09:19:19
1639991968831910000,32.4,2,32.35,4,32.5,6,2,2021-12-20 09:19:28
1639991968831910000,32.35,4,32.35,4,32.5,6,2,2021-12-20 09:19:28
1639991977641050000,32.4,1,32.4,2,32.5,6,2,2021-12-20 09:19:37
1639991980393408000,32.4,2,32.35,1,32.4,28,2,2021-12-20 09:19:40
1639991981790532000,32.35,3,32.3,31,32.4,28,2,2021-12-20 09:19:41
1639991984096749000,32.35,1,32.3,31,32.35,3,1,2021-12-20 09:19:44
1639991988964429000,32.35,3,32.35,2,32.4,28,1,2021-12-20 09:19:48
1639991993550341000,32.35,1,32.35,4,32.4,28,2,2021-12-20 09:19:53
1639991993586669000,32.35,4,32.3,31,32.4,28,2,2021-12-20 09:19:53
1639992000170062000,32.4,2,32.35,5,32.4,26,1,2021-12-20 09:20:00
1639992003733444000,32.4,1,32.35,5,32.4,26,1,2021-12-20 09:20:03
1639992005598087000,32.4,1,32.35,5,32.4,25,1,2021-12-20 09:20:05
1639992005938853000,32.35,1,32.35,4,32.4,25,2,2021-12-20 09:20:05
1639992012837634000,32.35,1,32.35,5,32.4,25,2,2021-12-20 09:20:12
1639992015219294000,32.4,3,32.35,5,32.4,22,1,2021-12-20 09:20:15
1639992020963161000,32.4,4,32.35,5,32.4,18,1,2021-12-20 09:20:20
1639992022047544000,32.4,3,32.35,5,32.4,15,1,2021-12-20 09:20:22
1639992025225248000,32.4,2,32.35,5,32.4,12,1,2021-12-20 09:20:25
1639992027587144000,32.4,1,32.35,6,32.4,11,1,2021-12-20 09:20:27
1639992028566292000,32.4,11,32.4,1,32.5,8,1,2021-12-20 09:20:28
1639992036789876000,32.5,1,32.45,4,32.5,7,1,2021-12-20 09:20:36
1639992041185949000,32.45,1,32.45,5,32.5,7,2,2021-12-20 09:20:41
1639992049014494000,32.45,5,32.4,9,32.45,5,2,2021-12-20 09:20:49
1639992051845665000,32.45,1,32.4,10,32.45,4,1,2021-12-20 09:20:51
1639992054631483000,32.45,1,32.4,10,32.45,3,1,2021-12-20 09:20:54
1639992059123797000,32.45,1,32.4,10,32.45,2,1,2021-12-20 09:20:59
1639992066675818000,32.45,1,32.4,17,32.45,1,1,2021-12-20 09:21:06
1639992067361841000,32.45,1,32.4,17,32.5,7,1,2021-12-20 09:21:07
1639992071271231000,32.5,5,32.4,17,32.5,2,1,2021-12-20 09:21:11
1639992074740506000,32.45,1,32.4,17,32.5,2,2,2021-12-20 09:21:14
1639992082607827000,32.45,1,32.4,18,32.5,2,2,2021-12-20 09:21:22
1639992082782660000,32.4,18,32.35,2,32.5,2,2,2021-12-20 09:21:22
1639992082782660000,32.35,32,32.35,2,32.5,2,2,2021-12-20 09:21:22
1639992083404921000,32.45,1,32.35,2,32.5,2,2,2021-12-20 09:21:23
1639992089280715000,32.4,1,32.4,8,32.5,3,2,2021-12-20 09:21:29
1639992092888764000,32.4,9,32.35,2,32.45,2,2,2021-12-20 09:21:32
1639992097287417000,32.4,2,32.4,8,32.45,7,1,2021-12-20 09:21:37
1639992097725716000,32.4,8,32.35,2,32.45,7,2,2021-12-20 09:21:37
1639992100461478000,32.4,1,32.35,3,32.45,7,2,2021-12-20 09:21:40
1639992119377964000,32.4,1,32.35,4,32.4,2,1,2021-12-20 09:21:59
1639992135263698000,32.35,5,32.2,39,32.4,2,2,2021-12-20 09:22:15
1639992135263698000,32.3,30,32.2,39,32.4,2,2,2021-12-20 09:22:15
1639992135263698000,32.25,11,32.2,39,32.4,2,2,2021-12-20 09:22:15
1639992135263698000,32.2,4,32.2,39,32.4,2,2,2021-12-20 09:22:15
1639992142268438000,32.2,1,32.2,39,32.4,6,2,2021-12-20 09:22:22
1639992147058172000,32.2,10,32.2,29,32.4,6,2,2021-12-20 09:22:27
1639992151722517000,32.4,2,32.2,29,32.4,4,1,2021-12-20 09:22:31
1639992166579659000,32.25,1,32.25,5,32.4,12,2,2021-12-20 09:22:46
1639992184133490000,32.25,1,32.25,19,32.3,5,2,2021-12-20 09:23:04
1639992184726017000,32.3,1,32.25,19,32.3,4,1,2021-12-20 09:23:04
1639992188662775000,32.3,1,32.25,19,32.3,3,1,2021-12-20 09:23:08
1639992189355965000,32.3,1,32.25,19,32.3,2,1,2021-12-20 09:23:09
1639992190344910000,32.25,5,32.25,14,32.3,2,2,2021-12-20 09:23:10
1639992194360469000,32.3,2,32.25,14,32.3,1,1,2021-12-20 09:23:14
1639992195712702000,32.3,1,32.3,4,32.4,10,1,2021-12-20 09:23:15
1639992202078742000,32.3,1,32.3,3,32.4,10,2,2021-12-20 09:23:22
1639992232090224000,32.3,1,32.3,23,32.4,25,2,2021-12-20 09:23:52
1639992234624133000,32.3,1,32.3,22,32.4,25,2,2021-12-20 09:23:54
1639992236543106000,32.4,1,32.3,22,32.4,24,1,2021-12-20 09:23:56
1639992246418351000,32.4,1,32.35,3,32.4,23,1,2021-12-20 09:24:06
1639992250225223000,32.35,1,32.35,7,32.4,23,2,2021-12-20 09:24:10
1639992262202366000,32.4,1,32.35,7,32.4,17,1,2021-12-20 09:24:22
1639992265524514000,32.4,15,32.35,7,32.4,2,1,2021-12-20 09:24:25
1639992266405213000,32.4,2,32.4,2,32.45,7,1,2021-12-20 09:24:26
1639992276644415000,32.4,1,32.4,4,32.45,7,2,2021-12-20 09:24:36
1639992298939670000,32.45,1,32.4,14,32.45,6,1,2021-12-20 09:24:58
1639992298976035000,32.45,1,32.4,14,32.45,5,1,2021-12-20 09:24:58
1639992303209221000,32.45,1,32.4,15,32.45,4,1,2021-12-20 09:25:03
1639992308097528000,32.45,1,32.4,14,32.45,3,1,2021-12-20 09:25:08
1639992308233065000,32.45,1,32.4,13,32.45,2,1,2021-12-20 09:25:08
1639992309168880000,32.45,1,32.4,15,32.45,1,1,2021-12-20 09:25:09
1639992309207400000,32.45,1,32.4,15,32.5,1,1,2021-12-20 09:25:09
1639992326280031000,32.45,1,32.45,5,32.5,1,2,2021-12-20 09:25:26
1639992332572102000,32.45,1,32.45,7,32.5,1,2,2021-12-20 09:25:32
1639992340252046000,32.5,1,32.45,6,32.55,1,1,2021-12-20 09:25:40
1639992347802221000,32.5,1,32.45,9,32.55,4,2,2021-12-20 09:25:47
1639992348666643000,32.45,9,32.3,6,32.55,4,2,2021-12-20 09:25:48
1639992348666643000,32.4,16,32.3,6,32.55,4,2,2021-12-20 09:25:48
1639992348666643000,32.35,8,32.3,6,32.55,4,2,2021-12-20 09:25:48
1639992348666643000,32.3,17,32.3,6,32.55,4,2,2021-12-20 09:25:48
1639992367850973000,32.3,2,32.3,8,32.45,3,2,2021-12-20 09:26:07
1639992387553160000,32.3,16,32.3,6,32.45,9,2,2021-12-20 09:26:27
1639992387578493000,32.3,6,32.25,13,32.45,9,2,2021-12-20 09:26:27
1639992394063195000,32.3,2,32.25,13,32.4,11,2,2021-12-20 09:26:34
1639992404886575000,32.3,8,32.2,8,32.35,1,2,2021-12-20 09:26:44
1639992404886575000,32.25,15,32.2,8,32.35,1,2,2021-12-20 09:26:44
1639992404886575000,32.2,27,32.2,8,32.35,1,2,2021-12-20 09:26:44
1639992404942346000,32.2,8,32.15,23,32.35,3,2,2021-12-20 09:26:44
1639992424321959000,32.2,3,32.15,22,32.3,2,2,2021-12-20 09:27:04
1639992424321959000,32.15,2,32.15,22,32.3,2,2,2021-12-20 09:27:04
1639992431495761000,32.2,1,32.15,17,32.3,2,2,2021-12-20 09:27:11
1639992431495761000,32.15,6,32.15,17,32.3,2,2,2021-12-20 09:27:11
1639992431807446000,32.3,2,32.3,3,32.35,6,1,2021-12-20 09:27:11
1639992431825375000,32.3,3,32.15,21,32.35,6,2,2021-12-20 09:27:11
1639992432206736000,32.15,1,32.15,20,32.35,6,2,2021-12-20 09:27:12
1639992434232717000,32.15,1,32.15,19,32.35,6,2,2021-12-20 09:27:14
1639992437676545000,32.15,5,32.15,14,32.35,6,2,2021-12-20 09:27:17
1639992442857935000,32.3,1,32.2,1,32.35,2,1,2021-12-20 09:27:22
1639992442857935000,32.35,4,32.2,1,32.35,2,1,2021-12-20 09:27:22
1639992443406927000,32.2,1,32.15,14,32.35,2,2,2021-12-20 09:27:23
1639992445485253000,32.2,5,32.0,4,32.35,2,2,2021-12-20 09:27:25
1639992445485253000,32.15,15,32.0,4,32.35,2,2,2021-12-20 09:27:25
1639992445485253000,32.1,58,32.0,4,32.35,2,2,2021-12-20 09:27:25
1639992445485253000,32.05,22,32.0,4,32.35,2,2,2021-12-20 09:27:25
1639992445485388000,32.05,36,32.0,4,32.35,2,2,2021-12-20 09:27:25
1639992445485388000,32.0,14,32.0,4,32.35,2,2,2021-12-20 09:27:25
1639992445485498000,32.0,50,32.0,4,32.35,2,2,2021-12-20 09:27:25
1639992445485646000,32.0,50,32.0,4,32.35,2,2,2021-12-20 09:27:25
1639992445521272000,32.0,4,31.95,14,32.35,2,2,2021-12-20 09:27:25
1639992445853050000,32.35,2,32.0,10,32.4,7,1,2021-12-20 09:27:25
1639992445853050000,32.4,3,32.0,10,32.4,7,1,2021-12-20 09:27:25
1639992450410977000,32.0,5,32.0,5,32.25,6,2,2021-12-20 09:27:30
1639992450439588000,32.0,5,31.95,14,32.25,6,2,2021-12-20 09:27:30
1639992450680197000,32.15,1,31.95,14,32.2,2,2,2021-12-20 09:27:30
1639992454310472000,32.15,1,32.0,8,32.25,2,2,2021-12-20 09:27:34
1639992456346720000,32.0,1,32.0,7,32.2,5,2,2021-12-20 09:27:36
1639992460818406000,32.0,1,32.0,11,32.25,2,2,2021-12-20 09:27:40
1639992466132868000,32.15,1,32.2,1,32.3,7,1,2021-12-20 09:27:46
1639992466169922000,32.2,1,32.05,3,32.3,7,2,2021-12-20 09:27:46
1639992471229710000,32.05,1,32.05,9,32.25,2,2,2021-12-20 09:27:51
1639992476531040000,32.15,1,32.15,4,32.2,2,1,2021-12-20 09:27:56
1639992476566879000,32.15,4,32.05,10,32.2,2,2,2021-12-20 09:27:56
1639992477099045000,32.05,1,32.05,9,32.2,2,2,2021-12-20 09:27:57
1639992484455446000,32.05,1,32.05,10,32.1,1,2,2021-12-20 09:28:04
1639992487122230000,32.1,1,32.1,3,32.15,2,1,2021-12-20 09:28:07
1639992488977047000,32.15,2,32.1,3,32.2,4,1,2021-12-20 09:28:08
1639992488977047000,32.2,1,32.1,3,32.2,4,1,2021-12-20 09:28:08
1639992492507891000,32.2,1,32.1,5,32.2,3,1,2021-12-20 09:28:12
1639992493707702000,32.2,1,32.1,11,32.2,2,1,2021-12-20 09:28:13
1639992495579164000,32.1,1,32.1,11,32.2,2,2,2021-12-20 09:28:15
1639992496096059000,32.2,2,32.1,11,32.35,5,1,2021-12-20 09:28:16
1639992496096059000,32.35,1,32.1,11,32.35,5,1,2021-12-20 09:28:16
1639992496752690000,32.1,1,32.1,10,32.35,7,2,2021-12-20 09:28:16
1639992500361182000,32.15,1,32.1,10,32.2,10,2,2021-12-20 09:28:20
1639992512999328000,32.15,1,32.15,2,32.2,10,2,2021-12-20 09:28:32
1639992513638393000,32.15,1,32.15,1,32.2,10,2,2021-12-20 09:28:33
1639992513670970000,32.15,1,32.1,11,32.2,10,2,2021-12-20 09:28:33
1639992517739293000,32.15,1,32.1,10,32.2,10,1,2021-12-20 09:28:37
1639992532266387000,32.2,1,32.15,10,32.35,7,1,2021-12-20 09:28:52
1639992532325297000,32.2,1,32.15,10,32.35,7,2,2021-12-20 09:28:52
1639992544752284000,32.25,1,32.15,10,32.3,1,1,2021-12-20 09:29:04
1639992545476406000,32.2,4,32.15,10,32.3,3,2,2021-12-20 09:29:05
1639992566683215000,32.2,5,32.2,1,32.3,1,2,2021-12-20 09:29:26
1639992566710121000,32.2,1,32.15,12,32.3,1,2,2021-12-20 09:29:26
1639992600501448000,32.2,1,32.15,14,32.3,1,2,2021-12-20 09:30:00
1639992610652194000,32.3,1,32.15,14,32.3,2,1,2021-12-20 09:30:10
1639992627819824000,32.35,1,32.2,1,32.35,6,1,2021-12-20 09:30:27
1639992632290600000,32.25,1,32.2,2,32.35,6,2,2021-12-20 09:30:32
1639992682394406000,32.25,1,32.2,5,32.3,1,2,2021-12-20 09:31:22
1639992684613962000,32.3,2,32.2,5,32.3,1,1,2021-12-20 09:31:24
1639992702619223000,32.3,1,32.2,6,32.3,3,1,2021-12-20 09:31:42
1639992728972460000,32.25,1,32.2,7,32.3,4,2,2021-12-20 09:32:08
1639992729003932000,32.2,7,32.15,12,32.3,2,2,2021-12-20 09:32:09
1639992729141360000,32.15,5,32.15,7,32.3,4,2,2021-12-20 09:32:09
1639992729169089000,32.15,6,32.15,1,32.3,4,2,2021-12-20 09:32:09
1639992729172444000,32.15,1,32.1,16,32.3,4,2,2021-12-20 09:32:09
1639992736971063000,32.25,1,32.1,16,32.25,1,1,2021-12-20 09:32:16
1639992753847953000,32.2,5,32.1,17,32.25,1,2,2021-12-20 09:32:33
1639992755517489000,32.1,5,32.1,12,32.25,3,2,2021-12-20 09:32:35
1639992756725385000,32.15,2,32.1,12,32.25,3,2,2021-12-20 09:32:36
1639992778469131000,32.15,1,32.15,1,32.25,1,2,2021-12-20 09:32:58
1639992831269639000,32.2,1,32.15,18,32.25,12,1,2021-12-20 09:33:51
1639992851431478000,32.25,5,32.2,3,32.25,7,1,2021-12-20 09:34:11
1639992851959696000,32.25,2,32.2,3,32.25,5,1,2021-12-20 09:34:11
1639992855290711000,32.25,1,32.2,3,32.25,4,1,2021-12-20 09:34:15
1639992872864682000,32.25,1,32.2,4,32.25,3,1,2021-12-20 09:34:32
1639992878263623000,32.25,1,32.2,4,32.25,2,1,2021-12-20 09:34:38
1639992882622432000,32.25,2,32.2,4,32.3,2,1,2021-12-20 09:34:42
1639992908746046000,32.2,5,32.15,4,32.3,2,2,2021-12-20 09:35:08
1639992908746046000,32.15,15,32.15,4,32.3,2,2,2021-12-20 09:35:08
1639992909677978000,32.25,3,32.15,4,32.3,2,2,2021-12-20 09:35:09
1639992910634838000,32.3,1,32.15,4,32.3,1,1,2021-12-20 09:35:10
1639992922967288000,32.3,1,32.3,2,32.35,4,1,2021-12-20 09:35:22
1639992922977370000,32.3,2,32.15,6,32.35,4,2,2021-12-20 09:35:22
1639992941323893000,32.35,4,32.35,6,32.4,15,1,2021-12-20 09:35:41
1639992941345295000,32.35,6,32.2,5,32.4,15,2,2021-12-20 09:35:41
1639992944479873000,32.2,1,32.2,4,32.4,15,2,2021-12-20 09:35:44
1639993035333762000,32.2,6,32.2,1,32.3,6,2,2021-12-20 09:37:15
1639993035366493000,32.2,1,32.15,12,32.3,6,2,2021-12-20 09:37:15
1639993040207107000,32.25,2,32.15,12,32.3,8,1,2021-12-20 09:37:20
1639993059711518000,32.3,5,32.2,3,32.3,1,1,2021-12-20 09:37:39
1639993062726874000,32.2,3,32.15,8,32.2,3,2,2021-12-20 09:37:42
1639993065884903000,32.2,3,32.25,2,32.3,1,1,2021-12-20 09:37:45
1639993065981651000,32.25,2,32.15,8,32.3,1,2,2021-12-20 09:37:45
1639993076880848000,32.3,1,32.3,4,32.35,4,1,2021-12-20 09:37:56
1639993076906231000,32.3,4,32.2,3,32.35,4,2,2021-12-20 09:37:56
1639993101128690000,32.3,1,32.25,1,32.35,2,1,2021-12-20 09:38:21
1639993153708125000,32.3,1,32.3,6,32.35,2,2,2021-12-20 09:39:13
1639993161546218000,32.3,1,32.3,5,32.35,2,2,2021-12-20 09:39:21
1639993172122226000,32.35,1,32.3,5,32.35,1,1,2021-12-20 09:39:32
1639993182969785000,32.35,1,32.3,6,32.4,15,1,2021-12-20 09:39:42
1639993207445130000,32.35,1,32.3,6,32.35,1,1,2021-12-20 09:40:07
1639993219554176000,32.35,1,32.3,6,32.4,15,1,2021-12-20 09:40:19
1639993229448842000,32.35,1,32.3,6,32.4,15,2,2021-12-20 09:40:29
1639993241557716000,32.35,1,32.3,5,32.4,15,2,2021-12-20 09:40:41
1639993258104375000,32.3,5,32.25,2,32.35,1,2,2021-12-20 09:40:58
1639993261806737000,32.35,1,32.25,2,32.35,1,1,2021-12-20 09:41:01
1639993269630697000,32.35,3,32.25,2,32.35,1,1,2021-12-20 09:41:09
1639993270486279000,32.35,1,32.25,2,32.4,15,1,2021-12-20 09:41:10
1639993275802874000,32.35,1,32.25,2,32.4,15,2,2021-12-20 09:41:15
1639993279070298000,32.35,1,32.25,2,32.4,15,2,2021-12-20 09:41:19
1639993289121024000,32.35,1,32.25,3,32.35,2,1,2021-12-20 09:41:29
1639993316202501000,32.3,1,32.25,5,32.35,1,2,2021-12-20 09:41:56
1639993346781487000,32.3,2,32.25,5,32.35,7,2,2021-12-20 09:42:26
1639993357099820000,32.25,5,32.15,118,32.35,7,2,2021-12-20 09:42:37
1639993357099820000,32.2,11,32.15,118,32.35,7,2,2021-12-20 09:42:37
1639993357099820000,32.15,4,32.15,118,32.35,7,2,2021-12-20 09:42:37
1639993357482645000,32.3,1,32.15,118,32.3,1,1,2021-12-20 09:42:37
1639993385895254000,32.3,2,32.2,3,32.35,11,1,2021-12-20 09:43:05
1639993437102708000,32.25,2,32.2,11,32.3,9,2,2021-12-20 09:43:57
1639993472996588000,32.3,1,32.2,11,32.3,10,1,2021-12-20 09:44:32
1639993488837765000,32.3,1,32.25,6,32.3,11,1,2021-12-20 09:44:48
1639993491220917000,32.25,1,32.25,5,32.3,11,2,2021-12-20 09:44:51
1639993510231270000,32.3,2,32.25,9,32.3,9,1,2021-12-20 09:45:10
1639993512403328000,32.3,1,32.25,10,32.3,8,1,2021-12-20 09:45:12
1639993526672849000,32.3,2,32.25,10,32.3,11,1,2021-12-20 09:45:26
1639993529684553000,32.3,1,32.25,10,32.3,10,1,2021-12-20 09:45:29
1639993562445098000,32.3,1,32.25,12,32.3,9,1,2021-12-20 09:46:02
1639993566997966000,32.3,1,32.25,12,32.3,8,1,2021-12-20 09:46:06
1639993572164507000,32.3,8,32.25,25,32.35,11,1,2021-12-20 09:46:12
1639993637983415000,32.35,10,32.3,7,32.35,1,1,2021-12-20 09:47:17
1639993638006455000,32.35,1,32.3,4,32.4,11,1,2021-12-20 09:47:18
1639993638006455000,32.4,4,32.3,4,32.4,11,1,2021-12-20 09:47:18
1639993639692680000,32.3,1,32.3,3,32.4,11,2,2021-12-20 09:47:19
1639993660540679000,32.35,1,32.3,6,32.4,11,2,2021-12-20 09:47:40
1639993746616544000,32.35,1,32.35,3,32.4,12,2,2021-12-20 09:49:06
1639993777876232000,32.35,5,32.35,4,32.4,12,2,2021-12-20 09:49:37
1639993817176813000,32.35,5,32.3,17,32.4,12,2,2021-12-20 09:50:17
1639993853162350000,32.35,1,32.3,17,32.35,4,1,2021-12-20 09:50:53
1639993858571024000,32.35,1,32.3,17,32.35,3,1,2021-12-20 09:50:58
1639993867206348000,32.35,1,32.3,17,32.35,2,1,2021-12-20 09:51:07
1639993873736781000,32.35,1,32.3,17,32.35,1,1,2021-12-20 09:51:13
1639993881948475000,32.35,1,32.3,16,32.4,12,1,2021-12-20 09:51:21
1639993882927612000,32.3,4,32.3,12,32.4,12,2,2021-12-20 09:51:22
1639993918222643000,32.35,1,32.35,4,32.4,12,2,2021-12-20 09:51:58
1639993918541765000,32.35,4,32.3,11,32.4,12,2,2021-12-20 09:51:58
1639993918541765000,32.3,2,32.3,11,32.4,12,2,2021-12-20 09:51:58
1639993920345979000,32.3,1,32.3,9,32.4,12,2,2021-12-20 09:52:00
1639993981437712000,32.3,2,32.3,30,32.4,15,2,2021-12-20 09:53:01
1639994024970173000,32.3,7,32.3,23,32.35,3,2,2021-12-20 09:53:44
1639994025002140000,32.3,8,32.3,15,32.35,3,2,2021-12-20 09:53:45
1639994026735963000,32.35,1,32.3,15,32.35,2,1,2021-12-20 09:53:46
1639994033479907000,32.3,10,32.3,6,32.35,2,2,2021-12-20 09:53:53
1639994033512959000,32.3,4,32.3,2,32.35,2,2,2021-12-20 09:53:53
1639994033515366000,32.3,2,32.25,44,32.35,2,2,2021-12-20 09:53:53
1639994080794658000,32.35,2,32.35,8,32.4,15,1,2021-12-20 09:54:40
1639994086361341000,32.4,11,32.35,10,32.4,4,1,2021-12-20 09:54:46
1639994087035090000,32.4,4,32.35,10,32.45,15,1,2021-12-20 09:54:47
1639994116354260000,32.45,11,32.4,1,32.5,18,1,2021-12-20 09:55:16
1639994116354260000,32.5,5,32.4,1,32.5,18,1,2021-12-20 09:55:16
1639994116386035000,32.5,6,32.4,1,32.5,12,1,2021-12-20 09:55:16
1639994126656629000,32.5,1,32.4,2,32.5,11,1,2021-12-20 09:55:26
1639994126960278000,32.5,1,32.4,2,32.5,10,1,2021-12-20 09:55:26
1639994134774715000,32.5,1,32.45,2,32.5,9,1,2021-12-20 09:55:34
1639994139259256000,32.5,1,32.45,3,32.5,8,1,2021-12-20 09:55:39
1639994139435151000,32.5,1,32.45,3,32.5,7,1,2021-12-20 09:55:39
1639994141444573000,32.5,1,32.45,3,32.5,6,1,2021-12-20 09:55:41
1639994141483867000,32.5,6,32.45,3,32.55,17,1,2021-12-20 09:55:41
1639994160071032000,32.55,12,32.5,2,32.55,6,1,2021-12-20 09:56:00
1639994160109474000,32.55,4,32.5,2,32.55,2,1,2021-12-20 09:56:00
1639994166808767000,32.55,1,32.5,3,32.55,1,1,2021-12-20 09:56:06
1639994168381726000,32.55,1,32.55,1,32.6,7,1,2021-12-20 09:56:08
1639994171399324000,32.55,2,32.5,4,32.55,3,2,2021-12-20 09:56:11
1639994187658351000,32.55,1,32.5,2,32.55,3,1,2021-12-20 09:56:27
1639994194654558000,32.55,2,32.5,2,32.55,1,1,2021-12-20 09:56:34
1639994195615240000,32.55,1,32.55,4,32.6,6,1,2021-12-20 09:56:35
1639994200827769000,32.6,4,32.55,4,32.6,2,1,2021-12-20 09:56:40
1639994208159108000,32.6,1,32.5,7,32.6,1,1,2021-12-20 09:56:48
1639994210087042000,32.6,1,32.5,7,32.65,8,1,2021-12-20 09:56:50
1639994217623488000,32.6,1,32.55,3,32.65,8,1,2021-12-20 09:56:57
1639994222265967000,32.65,1,32.6,5,32.65,7,1,2021-12-20 09:57:02
1639994227452941000,32.65,1,32.6,5,32.65,6,1,2021-12-20 09:57:07
1639994229331262000,32.65,1,32.6,5,32.65,5,1,2021-12-20 09:57:09
1639994229756385000,32.65,1,32.6,5,32.65,4,1,2021-12-20 09:57:09
1639994239514444000,32.65,1,32.6,7,32.65,3,1,2021-12-20 09:57:19
1639994240465144000,32.65,1,32.6,7,32.65,2,1,2021-12-20 09:57:20
1639994242420442000,32.65,2,32.65,3,32.7,6,1,2021-12-20 09:57:22
1639994242669601000,32.65,1,32.65,2,32.7,6,2,2021-12-20 09:57:22
1639994242708678000,32.65,2,32.6,7,32.7,6,2,2021-12-20 09:57:22
1639994244977531000,32.7,3,32.6,9,32.7,3,1,2021-12-20 09:57:24
1639994247475670000,32.6,10,32.55,3,32.65,10,2,2021-12-20 09:57:27
1639994248254929000,32.65,1,32.55,3,32.65,9,1,2021-12-20 09:57:28
1639994253087759000,32.65,1,32.55,3,32.65,9,1,2021-12-20 09:57:33
1639994254462771000,32.65,9,32.65,1,32.7,6,1,2021-12-20 09:57:34
1639994254491476000,32.65,1,32.55,3,32.7,6,2,2021-12-20 09:57:34
1639994271095093000,32.55,3,32.45,2,32.6,3,2,2021-12-20 09:57:51
1639994279369080000,32.6,2,32.45,3,32.6,1,1,2021-12-20 09:57:59
1639994287872432000,32.6,2,32.5,1,32.65,5,1,2021-12-20 09:58:07
1639994309326063000,32.6,5,32.5,10,32.65,5,2,2021-12-20 09:58:29
1639994324934320000,32.6,3,32.5,12,32.65,5,1,2021-12-20 09:58:44
1639994326460214000,32.6,1,32.5,12,32.65,5,2,2021-12-20 09:58:46
1639994331985878000,32.6,1,32.5,12,32.6,3,1,2021-12-20 09:58:51
1639994345488335000,32.6,1,32.55,1,32.65,1,1,2021-12-20 09:59:05
1639994345488335000,32.65,4,32.55,1,32.65,1,1,2021-12-20 09:59:05
1639994352913866000,32.6,1,32.55,1,32.65,1,1,2021-12-20 09:59:12
1639994360198888000,32.55,3,32.5,12,32.65,1,2,2021-12-20 09:59:20
1639994360928165000,32.6,1,32.5,12,32.65,3,2,2021-12-20 09:59:20
1639994361842407000,32.65,2,32.55,1,32.65,1,1,2021-12-20 09:59:21
1639994370205964000,32.65,1,32.55,1,32.7,8,1,2021-12-20 09:59:30
1639994375659883000,32.65,1,32.55,1,32.7,4,1,2021-12-20 09:59:35
1639994375659883000,32.7,2,32.55,1,32.7,4,1,2021-12-20 09:59:35
1639994392633814000,32.7,3,32.55,3,32.7,3,1,2021-12-20 09:59:52
1639994393551696000,32.7,1,32.55,4,32.7,2,1,2021-12-20 09:59:53
1639994410126136000,32.6,1,32.55,6,32.7,7,2,2021-12-20 10:00:10
1639994411245673000,32.7,1,32.55,6,32.7,6,1,2021-12-20 10:00:11
1639994417894147000,32.7,1,32.55,6,32.7,9,1,2021-12-20 10:00:17
1639994423578312000,32.6,1,32.55,6,32.7,9,2,2021-12-20 10:00:23
1639994427223918000,32.55,5,32.55,1,32.7,9,2,2021-12-20 10:00:27
1639994427259254000,32.55,1,32.5,19,32.7,9,2,2021-12-20 10:00:27
1639994429507254000,32.6,1,32.5,19,32.65,2,2,2021-12-20 10:00:29
1639994430278913000,32.6,2,32.5,29,32.7,9,2,2021-12-20 10:00:30
1639994436265282000,32.5,5,32.5,24,32.65,2,2,2021-12-20 10:00:36
1639994436296577000,32.5,3,32.5,21,32.65,2,2,2021-12-20 10:00:36
1639994437994033000,32.55,2,32.5,21,32.65,2,2,2021-12-20 10:00:37
1639994440426424000,32.5,5,32.5,16,32.65,2,2,2021-12-20 10:00:40
1639994440464081000,32.5,8,32.5,8,32.65,2,2,2021-12-20 10:00:40
1639994441525563000,32.5,1,32.45,3,32.65,2,2,2021-12-20 10:00:41
1639994441525822000,32.5,7,32.45,3,32.65,2,2,2021-12-20 10:00:41
1639994445427739000,32.6,1,32.45,3,32.65,3,2,2021-12-20 10:00:45
1639994451581321000,32.5,1,32.45,3,32.55,1,2,2021-12-20 10:00:51
1639994470685590000,32.5,3,32.45,3,32.5,1,1,2021-12-20 10:01:10
1639994473658919000,32.5,1,32.45,4,32.55,3,1,2021-12-20 10:01:13
1639994475855345000,32.45,3,32.45,1,32.55,1,2,2021-12-20 10:01:15
1639994475876516000,32.45,1,32.4,9,32.55,1,2,2021-12-20 10:01:15
1639994486236468000,32.45,1,32.4,9,32.55,3,2,2021-12-20 10:01:26
1639994490107446000,32.55,3,32.4,9,32.65,4,1,2021-12-20 10:01:30
1639994494060767000,32.65,4,32.65,9,32.7,7,1,2021-12-20 10:01:34
1639994494099017000,32.65,5,32.45,1,32.7,7,2,2021-12-20 10:01:34
1639994494099214000,32.65,4,32.45,1,32.7,7,2,2021-12-20 10:01:34
1639994500834300000,32.5,1,32.5,1,32.7,8,2,2021-12-20 10:01:40
1639994505858810000,32.65,1,32.5,1,32.65,4,2,2021-12-20 10:01:45
1639994512601640000,32.55,1,32.5,2,32.65,4,2,2021-12-20 10:01:52
1639994512601640000,32.5,1,32.5,2,32.65,4,2,2021-12-20 10:01:52
1639994520792536000,32.6,5,32.55,2,32.65,4,1,2021-12-20 10:02:00
1639994533863390000,32.55,1,32.55,2,32.65,6,2,2021-12-20 10:02:13
1639994548136017000,32.65,3,32.6,1,32.65,4,1,2021-12-20 10:02:28
1639994548157906000,32.65,3,32.6,1,32.65,1,1,2021-12-20 10:02:28
1639994548168972000,32.65,1,32.6,1,32.7,8,1,2021-12-20 10:02:28
1639994551650275000,32.7,4,32.6,16,32.7,4,1,2021-12-20 10:02:31
1639994551682885000,32.7,4,32.6,16,32.8,18,1,2021-12-20 10:02:31
1639994551682885000,32.75,9,32.6,16,32.8,18,1,2021-12-20 10:02:31
1639994553280221000,32.8,1,32.7,5,32.8,17,1,2021-12-20 10:02:33
1639994553307988000,32.8,7,32.7,5,32.8,10,1,2021-12-20 10:02:33
1639994553574857000,32.8,4,32.7,5,32.8,6,1,2021-12-20 10:02:33
1639994553592675000,32.8,6,32.7,5,32.85,1,1,2021-12-20 10:02:33
1639994557313598000,32.85,1,32.8,1,32.9,8,1,2021-12-20 10:02:37
1639994560031360000,32.9,2,32.85,1,32.9,6,1,2021-12-20 10:02:40
1639994560769749000,32.9,1,32.85,1,32.9,5,1,2021-12-20 10:02:40
1639994560877274000,32.9,3,32.85,1,32.9,2,1,2021-12-20 10:02:40
1639994560900777000,32.9,2,32.85,1,32.95,6,1,2021-12-20 10:02:40
1639994561098035000,32.95,2,32.85,1,32.95,4,1,2021-12-20 10:02:41
1639994561431629000,32.95,4,32.9,3,33.0,35,1,2021-12-20 10:02:41
1639994563851446000,33.0,1,32.9,3,33.0,34,1,2021-12-20 10:02:43
1639994563882921000,33.0,8,32.9,3,33.0,26,1,2021-12-20 10:02:43
1639994563912619000,33.0,10,32.9,3,33.1,20,1,2021-12-20 10:02:43
1639994563912826000,33.0,16,32.9,3,33.1,20,1,2021-12-20 10:02:43
1639994566224311000,33.1,5,32.95,10,33.1,15,1,2021-12-20 10:02:46
1639994566260236000,33.1,8,32.95,10,33.1,7,1,2021-12-20 10:02:46
1639994566294878000,33.1,2,32.95,10,33.1,5,1,2021-12-20 10:02:46
1639994567222634000,33.1,5,32.95,4,33.15,1,1,2021-12-20 10:02:47
1639994567645084000,33.15,1,33.0,1,33.2,7,1,2021-12-20 10:02:47
1639994568145801000,33.2,1,33.1,3,33.2,6,1,2021-12-20 10:02:48
1639994568408757000,33.1,1,33.1,2,33.2,6,2,2021-12-20 10:02:48
1639994570845240000,33.15,1,33.1,2,33.15,3,1,2021-12-20 10:02:50
1639994571066697000,33.15,1,33.1,2,33.15,2,1,2021-12-20 10:02:51
1639994571260093000,33.15,2,33.1,2,33.2,8,1,2021-12-20 10:02:51
1639994571260093000,33.2,3,33.1,2,33.2,8,1,2021-12-20 10:02:51
1639994573285428000,33.2,6,33.1,3,33.2,2,1,2021-12-20 10:02:53
1639994573343277000,33.2,2,33.15,1,33.3,2,1,2021-12-20 10:02:53
1639994575247258000,33.3,1,33.2,5,33.3,1,1,2021-12-20 10:02:55
1639994577403390000,33.3,1,33.3,2,33.35,1,1,2021-12-20 10:02:57
1639994577432607000,33.3,2,33.2,6,33.35,1,2,2021-12-20 10:02:57
1639994577647316000,33.35,1,33.2,6,33.4,12,1,2021-12-20 10:02:57
1639994579611696000,33.3,1,33.3,3,33.4,12,2,2021-12-20 10:02:59
1639994579640867000,33.3,3,33.2,4,33.4,12,2,2021-12-20 10:02:59
1639994580943451000,33.35,1,33.2,4,33.35,1,1,2021-12-20 10:03:00
1639994582407551000,33.35,1,33.2,4,33.35,6,1,2021-12-20 10:03:02
1639994582604249000,33.3,1,33.2,4,33.3,1,1,2021-12-20 10:03:02
1639994583009851000,33.3,2,33.2,4,33.35,8,2,2021-12-20 10:03:03
1639994583216379000,33.2,2,33.2,2,33.3,4,2,2021-12-20 10:03:03
1639994583251871000,33.2,2,33.15,2,33.3,4,2,2021-12-20 10:03:03
1639994584408343000,33.25,1,33.2,5,33.25,1,1,2021-12-20 10:03:04
1639994585180571000,33.3,5,33.2,5,33.3,1,1,2021-12-20 10:03:05
1639994586370028000,33.3,2,33.2,5,33.3,2,1,2021-12-20 10:03:06
1639994587858196000,33.2,1,33.2,5,33.3,2,2,2021-12-20 10:03:07
1639994587890508000,33.2,5,33.15,1,33.3,2,2,2021-12-20 10:03:07
1639994588780208000,33.25,2,33.15,1,33.25,1,1,2021-12-20 10:03:08
1639994588866093000,33.3,2,33.15,1,33.35,1,1,2021-12-20 10:03:08
1639994588866093000,33.35,8,33.15,1,33.35,1,1,2021-12-20 10:03:08
1639994589387616000,33.3,3,33.15,1,33.3,2,1,2021-12-20 10:03:09
1639994589845659000,33.3,9,33.3,1,33.35,3,1,2021-12-20 10:03:09
1639994589871069000,33.3,1,33.15,1,33.35,3,2,2021-12-20 10:03:09
1639994591538572000,33.35,1,33.15,1,33.35,13,1,2021-12-20 10:03:11
1639994591635870000,33.35,2,33.2,1,33.35,11,1,2021-12-20 10:03:11
1639994592688142000,33.35,5,33.2,1,33.35,8,1,2021-12-20 10:03:12
1639994593474780000,33.25,2,33.15,1,33.3,1,2,2021-12-20 10:03:13
1639994597760014000,33.15,1,33.1,1,33.2,6,2,2021-12-20 10:03:17
1639994597790762000,33.1,1,33.05,9,33.2,8,2,2021-12-20 10:03:17
1639994597824511000,33.05,1,33.05,8,33.2,8,2,2021-12-20 10:03:17
1639994597854223000,33.05,8,32.8,2,33.2,8,2,2021-12-20 10:03:17
1639994599190293000,33.15,1,32.8,2,33.15,1,1,2021-12-20 10:03:19
1639994599328123000,33.15,1,32.85,1,33.2,4,1,2021-12-20 10:03:19
1639994599328123000,33.2,4,32.85,1,33.2,4,1,2021-12-20 10:03:19
1639994601286387000,33.15,1,32.85,1,33.15,2,1,2021-12-20 10:03:21
1639994601805071000,33.1,1,32.8,2,33.1,2,1,2021-12-20 10:03:21
1639994606526853000,33.15,2,32.85,1,33.2,15,2,2021-12-20 10:03:26
1639994610048743000,33.1,1,32.85,3,33.1,5,1,2021-12-20 10:03:30
1639994613485067000,33.1,1,32.85,3,33.1,4,1,2021-12-20 10:03:33
1639994614968836000,33.0,1,32.85,3,33.0,2,1,2021-12-20 10:03:34
1639994622549918000,32.95,1,32.9,4,33.0,11,2,2021-12-20 10:03:42
1639994622812534000,33.0,1,32.9,5,33.0,10,1,2021-12-20 10:03:42
1639994625013766000,33.0,1,32.9,5,33.0,9,1,2021-12-20 10:03:45
1639994627152966000,33.0,5,32.9,5,33.0,7,1,2021-12-20 10:03:47
1639994632387494000,33.0,2,32.95,5,33.0,6,1,2021-12-20 10:03:52
1639994632543490000,33.0,2,32.95,5,33.0,4,1,2021-12-20 10:03:52
1639994633862902000,33.0,1,32.95,5,33.0,3,1,2021-12-20 10:03:53
1639994634006876000,33.0,1,32.95,5,33.0,2,1,2021-12-20 10:03:54
1639994634062547000,33.0,1,32.95,5,33.0,1,1,2021-12-20 10:03:54
1639994634114446000,33.0,1,33.0,1,33.1,4,1,2021-12-20 10:03:54
1639994634905244000,33.1,1,33.0,1,33.1,1,1,2021-12-20 10:03:54
1639994636992353000,33.1,1,33.0,2,33.15,3,1,2021-12-20 10:03:56
1639994638555425000,33.05,1,33.0,2,33.15,3,2,2021-12-20 10:03:58
1639994638611149000,33.1,1,33.0,2,33.15,3,2,2021-12-20 10:03:58
1639994638994004000,33.1,1,33.05,5,33.1,1,1,2021-12-20 10:03:58
1639994640114380000,33.1,1,33.05,5,33.15,5,1,2021-12-20 10:04:00
1639994642214382000,33.1,1,33.05,5,33.15,3,1,2021-12-20 10:04:02
1639994642214382000,33.15,2,33.05,5,33.15,3,1,2021-12-20 10:04:02
1639994642694677000,33.1,1,33.05,6,33.15,2,2,2021-12-20 10:04:02
1639994643638155000,33.1,1,33.1,1,33.15,2,1,2021-12-20 10:04:03
1639994644048708000,33.1,1,33.1,5,33.15,2,2,2021-12-20 10:04:04
1639994645431660000,33.15,2,33.1,6,33.3,12,1,2021-12-20 10:04:05
1639994645431660000,33.2,2,33.1,6,33.3,12,1,2021-12-20 10:04:05
1639994645431660000,33.25,2,33.1,6,33.3,12,1,2021-12-20 10:04:05
1639994645431660000,33.3,4,33.1,6,33.3,12,1,2021-12-20 10:04:05
1639994647006353000,33.15,1,33.1,7,33.15,1,2,2021-12-20 10:04:07
1639994647048011000,33.15,1,33.1,7,33.3,12,1,2021-12-20 10:04:07
1639994649563726000,33.1,2,33.1,6,33.25,1,2,2021-12-20 10:04:09
1639994650516803000,33.15,1,33.1,7,33.2,2,1,2021-12-20 10:04:10
1639994650997059000,33.2,1,33.1,7,33.2,1,1,2021-12-20 10:04:10
1639994651236954000,33.2,1,33.15,10,33.25,3,1,2021-12-20 10:04:11
1639994651586285000,33.25,2,33.15,10,33.25,1,1,2021-12-20 10:04:11
1639994651610358000,33.25,1,33.15,10,33.3,4,1,2021-12-20 10:04:11
1639994652855839000,33.3,1,33.15,10,33.3,4,1,2021-12-20 10:04:12
1639994655535931000,33.25,1,33.2,2,33.3,4,2,2021-12-20 10:04:15
1639994656074161000,33.3,4,33.2,2,33.35,8,1,2021-12-20 10:04:16
1639994656074161000,33.35,1,33.2,2,33.35,8,1,2021-12-20 10:04:16
1639994658954257000,33.35,8,33.3,33,33.4,12,1,2021-12-20 10:04:18
1639994659183490000,33.3,1,33.3,32,33.4,12,2,2021-12-20 10:04:19
1639994660859888000,33.4,1,33.3,32,33.4,11,1,2021-12-20 10:04:20
1639994662033798000,33.3,32,33.25,3,33.3,3,2,2021-12-20 10:04:22
1639994662250738000,33.3,1,33.25,3,33.3,2,1,2021-12-20 10:04:22
1639994662615817000,33.3,1,33.25,3,33.3,1,1,2021-12-20 10:04:22
1639994663029068000,33.3,1,33.25,3,33.35,1,1,2021-12-20 10:04:23
1639994665114051000,33.35,1,33.3,1,33.4,11,1,2021-12-20 10:04:25
1639994666823292000,33.35,1,33.3,1,33.4,11,2,2021-12-20 10:04:26
1639994666823292000,33.3,1,33.3,1,33.4,11,2,2021-12-20 10:04:26
1639994667032256000,33.3,1,33.25,2,33.4,11,2,2021-12-20 10:04:27
1639994667381758000,33.4,5,33.25,2,33.4,6,1,2021-12-20 10:04:27
1639994668644167000,33.35,2,33.4,12,33.45,14,1,2021-12-20 10:04:28
1639994668644167000,33.4,6,33.4,12,33.45,14,1,2021-12-20 10:04:28
1639994669082012000,33.45,5,33.4,12,33.45,9,1,2021-12-20 10:04:29
1639994670469075000,33.45,9,33.45,1,33.5,24,1,2021-12-20 10:04:30
1639994670708425000,33.45,1,33.4,12,33.5,24,2,2021-12-20 10:04:30
1639994670835655000,33.5,1,33.4,12,33.5,23,1,2021-12-20 10:04:30
1639994671212175000,33.4,3,33.4,9,33.5,23,2,2021-12-20 10:04:31
1639994673057933000,33.4,1,33.4,8,33.5,23,2,2021-12-20 10:04:33
1639994673086325000,33.5,3,33.4,8,33.5,20,1,2021-12-20 10:04:33
1639994673257578000,33.5,5,33.4,8,33.5,15,1,2021-12-20 10:04:33
1639994674316647000,33.45,1,33.45,1,33.5,15,2,2021-12-20 10:04:34
1639994674691893000,33.45,2,33.4,9,33.5,15,2,2021-12-20 10:04:34
1639994676929104000,33.4,8,33.4,2,33.5,15,2,2021-12-20 10:04:36
1639994678087275000,33.4,2,33.3,3,33.5,15,2,2021-12-20 10:04:38
1639994678087275000,33.35,1,33.3,3,33.5,15,2,2021-12-20 10:04:38
1639994678087275000,33.3,2,33.3,3,33.5,15,2,2021-12-20 10:04:38
1639994679338107000,33.4,1,33.3,3,33.5,16,2,2021-12-20 10:04:39
1639994679661806000,33.5,1,33.3,3,33.5,15,1,2021-12-20 10:04:39
1639994680871462000,33.45,1,33.3,3,33.45,4,1,2021-12-20 10:04:40
1639994681175853000,33.45,2,33.3,3,33.45,2,1,2021-12-20 10:04:41
1639994684259052000,33.45,1,33.3,4,33.45,2,1,2021-12-20 10:04:44
1639994684304994000,33.45,1,33.3,4,33.45,1,1,2021-12-20 10:04:44
1639994684348523000,33.3,4,33.2,1,33.45,1,2,2021-12-20 10:04:44
1639994684348523000,33.25,1,33.2,1,33.45,1,2,2021-12-20 10:04:44
1639994684762969000,33.45,1,33.2,1,33.45,3,1,2021-12-20 10:04:44
1639994684774163000,33.45,2,33.2,1,33.45,1,1,2021-12-20 10:04:44
1639994686487620000,33.45,4,33.25,1,33.5,21,1,2021-12-20 10:04:46
1639994686680960000,33.4,2,33.25,1,33.5,21,2,2021-12-20 10:04:46
1639994689707972000,33.35,1,33.2,1,33.4,1,2,2021-12-20 10:04:49
1639994690574853000,33.4,1,33.25,1,33.45,1,1,2021-12-20 10:04:50
1639994691903447000,33.4,1,33.25,1,33.45,3,2,2021-12-20 10:04:51
1639994692645968000,33.4,1,33.25,1,33.45,3,2,2021-12-20 10:04:52
1639994693171463000,33.45,1,33.25,1,33.45,2,1,2021-12-20 10:04:53
1639994695286219000,33.4,3,33.25,1,33.45,2,1,2021-12-20 10:04:55
1639994695286219000,33.45,2,33.25,1,33.45,2,1,2021-12-20 10:04:55
1639994695972282000,33.4,1,33.25,1,33.45,2,2,2021-12-20 10:04:55
1639994699638378000,33.25,1,33.2,1,33.4,3,2,2021-12-20 10:04:59
1639994699883875000,33.4,2,33.2,1,33.4,1,1,2021-12-20 10:04:59
1639994700422471000,33.25,1,33.2,1,33.4,5,2,2021-12-20 10:05:00
1639994704115835000,33.4,1,33.25,2,33.4,4,1,2021-12-20 10:05:04
1639994704145678000,33.25,2,33.2,1,33.4,4,2,2021-12-20 10:05:04
1639994704624711000,33.2,1,33.15,5,33.4,4,2,2021-12-20 10:05:04
1639994705850576000,33.3,1,33.15,5,33.4,4,2,2021-12-20 10:05:05
1639994705850576000,33.25,3,33.15,5,33.4,4,2,2021-12-20 10:05:05
1639994707671710000,33.15,3,33.15,2,33.25,5,2,2021-12-20 10:05:07
1639994709625074000,33.15,2,33.1,6,33.25,5,2,2021-12-20 10:05:09
1639994711077943000,33.25,1,33.1,6,33.25,4,1,2021-12-20 10:05:11
1639994714999080000,33.2,3,33.1,3,33.2,1,1,2021-12-20 10:05:14
1639994719155430000,33.1,3,33.05,2,33.25,2,2,2021-12-20 10:05:19
1639994721780515000,33.2,1,33.1,2,33.25,2,2,2021-12-20 10:05:21
1639994723769292000,33.25,2,33.1,3,33.3,5,1,2021-12-20 10:05:23
1639994723769292000,33.3,1,33.1,3,33.3,5,1,2021-12-20 10:05:23
1639994729310562000,33.25,1,33.15,1,33.3,5,2,2021-12-20 10:05:29
1639994729541692000,33.15,1,33.1,4,33.3,10,2,2021-12-20 10:05:29
1639994730962885000,33.3,1,33.15,1,33.3,9,1,2021-12-20 10:05:30
1639994731403325000,33.15,1,33.1,5,33.25,1,2,2021-12-20 10:05:31
1639994738715216000,33.15,1,33.15,1,33.25,1,2,2021-12-20 10:05:38
1639994739602381000,33.15,1,33.1,6,33.25,3,2,2021-12-20 10:05:39
1639994742488100000,33.15,5,33.15,2,33.2,2,2,2021-12-20 10:05:42
1639994742511192000,33.15,2,33.1,6,33.2,2,2,2021-12-20 10:05:42
1639994743681534000,33.15,1,33.1,6,33.2,2,2,2021-12-20 10:05:43
1639994744323031000,33.1,4,33.1,2,33.2,2,2,2021-12-20 10:05:44
1639994745614677000,33.2,1,33.1,2,33.2,1,1,2021-12-20 10:05:45
1639994748189499000,33.15,3,33.15,2,33.2,1,1,2021-12-20 10:05:48
1639994752067208000,33.2,1,33.15,2,33.25,3,1,2021-12-20 10:05:52
1639994754121961000,33.2,1,33.15,2,33.25,3,2,2021-12-20 10:05:54
1639994759817170000,33.2,1,33.15,2,33.2,1,1,2021-12-20 10:05:59
1639994760499058000,33.2,1,33.15,2,33.25,3,1,2021-12-20 10:06:00
1639994760798410000,33.15,1,33.15,1,33.25,3,2,2021-12-20 10:06:00
1639994766303433000,33.2,1,33.2,4,33.25,3,2,2021-12-20 10:06:06
1639994766355351000,33.2,1,33.2,3,33.25,3,2,2021-12-20 10:06:06
1639994768789505000,33.2,1,33.2,2,33.25,3,2,2021-12-20 10:06:08
1639994769909926000,33.2,1,33.2,1,33.25,3,2,2021-12-20 10:06:09
1639994770891337000,33.2,1,33.15,4,33.25,3,2,2021-12-20 10:06:10
1639994784980995000,33.2,1,33.15,6,33.2,3,1,2021-12-20 10:06:24
1639994799195871000,33.2,7,33.2,13,33.25,3,1,2021-12-20 10:06:39
1639994800025631000,33.2,2,33.2,11,33.25,3,2,2021-12-20 10:06:40
1639994801111503000,33.2,5,33.2,6,33.25,3,2,2021-12-20 10:06:41
1639994807320800000,33.25,1,33.2,6,33.25,1,1,2021-12-20 10:06:47
1639994813204065000,33.25,1,33.2,7,33.3,14,1,2021-12-20 10:06:53
1639994813299535000,33.25,1,33.2,7,33.3,14,2,2021-12-20 10:06:53
1639994821015004000,33.25,1,33.2,14,33.3,15,1,2021-12-20 10:07:01
1639994824688164000,33.25,1,33.2,16,33.25,2,1,2021-12-20 10:07:04
1639994828414602000,33.2,2,33.2,14,33.25,2,2,2021-12-20 10:07:08
1639994828452424000,33.2,14,33.15,8,33.25,2,2,2021-12-20 10:07:08
1639994829118814000,33.25,1,33.15,8,33.25,2,1,2021-12-20 10:07:09
1639994834004899000,33.15,11,33.05,4,33.25,4,2,2021-12-20 10:07:14
1639994834004899000,33.1,8,33.05,4,33.25,4,2,2021-12-20 10:07:14
1639994834004899000,33.05,1,33.05,4,33.25,4,2,2021-12-20 10:07:14
1639994834094098000,33.1,1,33.05,4,33.2,1,2,2021-12-20 10:07:14
1639994834838858000,33.2,1,33.05,4,33.25,1,1,2021-12-20 10:07:14
1639994834838858000,33.25,2,33.05,4,33.25,1,1,2021-12-20 10:07:14
1639994837674206000,33.05,2,33.05,2,33.15,18,2,2021-12-20 10:07:17
1639994850298136000,33.15,2,33.05,18,33.15,18,1,2021-12-20 10:07:30
1639994851747394000,33.05,5,33.05,13,33.15,18,2,2021-12-20 10:07:31
1639994852720834000,33.15,18,33.05,13,33.35,15,1,2021-12-20 10:07:32
1639994852720834000,33.25,10,33.05,13,33.35,15,1,2021-12-20 10:07:32
1639994852720834000,33.3,14,33.05,13,33.35,15,1,2021-12-20 10:07:32
1639994852720834000,33.35,8,33.05,13,33.35,15,1,2021-12-20 10:07:32
1639994864645292000,33.3,1,33.3,14,33.35,20,1,2021-12-20 10:07:44
1639994864673978000,33.3,11,33.3,3,33.35,20,2,2021-12-20 10:07:44
1639994864674192000,33.3,3,33.1,2,33.35,20,2,2021-12-20 10:07:44
1639994867640055000,33.1,3,33.05,9,33.3,1,2,2021-12-20 10:07:47
1639994867640055000,33.05,7,33.05,9,33.3,1,2,2021-12-20 10:07:47
1639994881360105000,33.1,2,33.1,1,33.3,5,2,2021-12-20 10:08:01
1639994881392905000,33.1,1,33.05,12,33.3,5,2,2021-12-20 10:08:01
1639994901306116000,33.15,1,33.1,11,33.25,2,2,2021-12-20 10:08:21
1639994901306116000,33.1,3,33.1,11,33.25,2,2,2021-12-20 10:08:21
1639994905859778000,33.25,2,33.25,3,33.3,27,1,2021-12-20 10:08:25
1639994905890955000,33.25,3,33.1,11,33.3,27,2,2021-12-20 10:08:25
1639994907518504000,33.1,1,33.1,10,33.25,2,2,2021-12-20 10:08:27
1639994913174256000,33.2,15,33.2,5,33.25,3,2,2021-12-20 10:08:33
1639994913196553000,33.2,5,33.1,10,33.25,3,2,2021-12-20 10:08:33
1639994940948471000,33.2,1,33.2,1,33.25,13,1,2021-12-20 10:09:00
1639994953771086000,33.2,5,33.2,16,33.25,5,2,2021-12-20 10:09:13
1639994955429642000,33.2,2,33.2,14,33.25,5,2,2021-12-20 10:09:15
1639994956610625000,33.25,2,33.2,14,33.25,3,1,2021-12-20 10:09:16
1639994958245755000,33.25,3,33.2,14,33.3,28,1,2021-12-20 10:09:18
1639994959808830000,33.25,1,33.25,14,33.3,28,1,2021-12-20 10:09:19
1639994962463002000,33.3,1,33.25,14,33.3,27,1,2021-12-20 10:09:22
1639994965291222000,33.3,11,33.25,16,33.3,16,1,2021-12-20 10:09:25
1639994965311749000,33.3,16,33.25,16,33.35,14,1,2021-12-20 10:09:25
1639994965333322000,33.35,14,33.25,16,33.4,8,1,2021-12-20 10:09:25
1639994965353796000,33.4,4,33.25,16,33.4,4,1,2021-12-20 10:09:25
1639994965374411000,33.4,4,33.25,16,33.45,16,1,2021-12-20 10:09:25
1639994969431766000,33.45,1,33.3,3,33.45,15,1,2021-12-20 10:09:29
1639994970455189000,33.45,8,33.3,3,33.45,7,1,2021-12-20 10:09:30
1639994970490061000,33.45,5,33.3,3,33.45,2,1,2021-12-20 10:09:30
1639994970492328000,33.45,2,33.3,3,33.5,20,1,2021-12-20 10:09:30
1639994971318182000,33.5,2,33.3,3,33.5,18,1,2021-12-20 10:09:31
1639994971353652000,33.5,1,33.3,3,33.5,17,1,2021-12-20 10:09:31
1639994974114576000,33.5,10,33.45,3,33.5,7,1,2021-12-20 10:09:34
1639994974146496000,33.5,6,33.45,3,33.5,1,1,2021-12-20 10:09:34
1639994974147053000,33.5,1,33.45,3,33.55,2,1,2021-12-20 10:09:34
1639994974235108000,33.55,1,33.45,3,33.55,1,1,2021-12-20 10:09:34
1639994974314010000,33.55,1,33.45,3,33.6,6,1,2021-12-20 10:09:34
1639994975803625000,33.6,2,33.5,1,33.6,4,1,2021-12-20 10:09:35
1639994977787182000,33.6,1,33.5,1,33.6,3,1,2021-12-20 10:09:37
1639994977823185000,33.6,3,33.5,1,33.65,1,1,2021-12-20 10:09:37
1639994980604662000,33.65,1,33.6,1,33.7,6,1,2021-12-20 10:09:40
1639994981093039000,33.6,1,33.5,2,33.7,6,2,2021-12-20 10:09:41
1639994981749365000,33.65,2,33.5,2,33.7,6,2,2021-12-20 10:09:41
1639994981790306000,33.7,2,33.5,2,33.7,4,1,2021-12-20 10:09:41
1639994982752523000,33.55,1,33.5,2,33.6,6,2,2021-12-20 10:09:42
1639994983448125000,33.6,1,33.5,2,33.6,5,1,2021-12-20 10:09:43
1639994983707608000,33.6,1,33.5,2,33.6,4,1,2021-12-20 10:09:43
1639994984500619000,33.6,1,33.5,3,33.6,3,1,2021-12-20 10:09:44
1639994984740920000,33.6,1,33.5,2,33.6,2,1,2021-12-20 10:09:44
1639994985249939000,33.6,2,33.5,2,33.7,9,1,2021-12-20 10:09:45
1639994986942240000,33.6,1,33.5,2,33.6,1,1,2021-12-20 10:09:46
1639994987898532000,33.6,1,33.5,2,33.65,1,1,2021-12-20 10:09:47
1639994989963204000,33.6,1,33.5,2,33.65,2,2,2021-12-20 10:09:49
1639994989963204000,33.55,1,33.5,2,33.65,2,2,2021-12-20 10:09:49
1639994990066047000,33.65,2,33.5,2,33.7,1,1,2021-12-20 10:09:50
1639994990066047000,33.7,8,33.5,2,33.7,1,1,2021-12-20 10:09:50
1639994990708488000,33.65,1,33.5,2,33.7,1,2,2021-12-20 10:09:50
1639994993231857000,33.65,3,33.65,2,33.7,1,1,2021-12-20 10:09:53
1639994993259559000,33.65,2,33.55,2,33.7,1,2,2021-12-20 10:09:53
1639994996682579000,33.7,1,33.65,1,33.8,11,1,2021-12-20 10:09:56
1639994996682579000,33.75,9,33.65,1,33.8,11,1,2021-12-20 10:09:56
1639994996682579000,33.8,10,33.65,1,33.8,11,1,2021-12-20 10:09:56
1639994998368234000,33.7,1,33.65,3,33.75,1,2,2021-12-20 10:09:58
1639994998653320000,33.7,1,33.65,3,33.75,1,1,2021-12-20 10:09:58
1639995002196446000,33.75,3,33.65,3,33.8,10,1,2021-12-20 10:10:02
1639995002196446000,33.8,1,33.65,3,33.8,10,1,2021-12-20 10:10:02
1639995003752685000,33.8,2,33.7,3,33.8,8,1,2021-12-20 10:10:03
1639995004364849000,33.8,1,33.7,4,33.8,7,1,2021-12-20 10:10:04
1639995006633576000,33.8,1,33.7,4,33.8,6,1,2021-12-20 10:10:06
1639995008122157000,33.75,1,33.7,4,33.8,6,2,2021-12-20 10:10:08
1639995008340996000,33.8,1,33.75,1,33.8,5,1,2021-12-20 10:10:08
1639995009039171000,33.8,2,33.75,1,33.8,3,1,2021-12-20 10:10:09
1639995009103315000,33.8,1,33.75,1,33.8,2,1,2021-12-20 10:10:09
1639995009352036000,33.75,1,33.7,17,33.8,10,2,2021-12-20 10:10:09
1639995011281585000,33.75,1,33.7,18,33.8,15,1,2021-12-20 10:10:11
1639995011297025000,33.8,1,33.7,18,33.8,14,1,2021-12-20 10:10:11
1639995011318261000,33.7,18,33.65,3,33.8,14,2,2021-12-20 10:10:11
1639995011822189000,33.65,3,33.6,4,33.8,14,2,2021-12-20 10:10:11
1639995012075969000,33.8,2,33.6,4,33.8,12,1,2021-12-20 10:10:12
1639995012991033000,33.75,1,33.6,4,33.8,10,1,2021-12-20 10:10:12
1639995012991033000,33.8,2,33.6,4,33.8,10,1,2021-12-20 10:10:12
1639995013752099000,33.7,2,33.6,4,33.8,10,2,2021-12-20 10:10:13
1639995017596267000,33.75,2,33.65,1,33.8,9,1,2021-12-20 10:10:17
1639995017596267000,33.8,3,33.65,1,33.8,9,1,2021-12-20 10:10:17
1639995020310559000,33.75,1,33.65,1,33.75,3,1,2021-12-20 10:10:20
1639995021648572000,33.75,4,33.6,5,33.8,10,1,2021-12-20 10:10:21
1639995021648572000,33.8,1,33.6,5,33.8,10,1,2021-12-20 10:10:21
1639995024329028000,33.75,1,33.6,5,33.75,1,1,2021-12-20 10:10:24
1639995026017070000,33.7,1,33.6,4,33.75,4,2,2021-12-20 10:10:26
1639995026553834000,33.75,1,33.6,4,33.75,3,1,2021-12-20 10:10:26
1639995026794416000,33.65,1,33.6,4,33.75,3,2,2021-12-20 10:10:26
1639995028214924000,33.75,1,33.6,4,33.75,2,1,2021-12-20 10:10:28
1639995028814489000,33.65,1,33.6,4,33.75,4,2,2021-12-20 10:10:28
1639995031514341000,33.6,1,33.6,2,33.65,2,2,2021-12-20 10:10:31
1639995031542863000,33.6,2,33.55,2,33.65,2,2,2021-12-20 10:10:31
1639995034107549000,33.6,1,33.55,1,33.65,2,2,2021-12-20 10:10:34
1639995036661815000,33.55,1,33.5,11,33.65,2,2,2021-12-20 10:10:36
1639995039351137000,33.5,1,33.5,10,33.65,2,2,2021-12-20 10:10:39
1639995039748776000,33.65,1,33.5,10,33.65,1,1,2021-12-20 10:10:39
1639995045229069000,33.5,1,33.5,9,33.6,1,2,2021-12-20 10:10:45
1639995045250239000,33.5,1,33.5,8,33.6,1,2,2021-12-20 10:10:45
1639995045269838000,33.5,8,33.45,1,33.6,1,2,2021-12-20 10:10:45
1639995046000123000,33.5,1,33.45,1,33.6,1,2,2021-12-20 10:10:46
1639995051322432000,33.45,2,33.3,3,33.6,2,2,2021-12-20 10:10:51
1639995051322432000,33.3,1,33.3,3,33.6,2,2,2021-12-20 10:10:51
1639995051351775000,33.3,3,33.25,15,33.6,2,2,2021-12-20 10:10:51
1639995051557830000,33.25,3,33.25,12,33.6,2,2,2021-12-20 10:10:51
1639995054538553000,33.25,3,33.25,9,33.5,4,2,2021-12-20 10:10:54
1639995060536066000,33.45,1,33.3,3,33.5,4,1,2021-12-20 10:11:00
1639995060536066000,33.5,1,33.3,3,33.5,4,1,2021-12-20 10:11:00
1639995062913364000,33.45,1,33.35,1,33.5,4,1,2021-12-20 10:11:02
1639995066548014000,33.35,1,33.3,4,33.45,1,2,2021-12-20 10:11:06
1639995068158322000,33.45,1,33.3,4,33.5,3,1,2021-12-20 10:11:08
1639995080473158000,33.45,3,33.3,6,33.5,27,1,2021-12-20 10:11:20
1639995085391478000,33.35,1,33.3,5,33.4,1,2,2021-12-20 10:11:25
1639995086495278000,33.4,1,33.3,5,33.55,8,1,2021-12-20 10:11:26
1639995086495278000,33.45,2,33.3,5,33.55,8,1,2021-12-20 10:11:26
1639995086495278000,33.5,27,33.3,5,33.55,8,1,2021-12-20 10:11:26
1639995102319778000,33.45,1,33.35,4,33.5,5,1,2021-12-20 10:11:42
1639995103148983000,33.4,1,33.35,4,33.45,5,2,2021-12-20 10:11:43
1639995109799867000,33.35,1,33.35,3,33.45,5,2,2021-12-20 10:11:49
1639995109829626000,33.35,3,33.3,17,33.45,5,2,2021-12-20 10:11:49
1639995113400411000,33.4,2,33.35,1,33.45,6,2,2021-12-20 10:11:53
1639995116894578000,33.35,1,33.35,3,33.45,7,2,2021-12-20 10:11:56
1639995116928666000,33.35,3,33.3,17,33.45,7,2,2021-12-20 10:11:56
1639995124456563000,33.35,1,33.3,17,33.4,1,1,2021-12-20 10:12:04
1639995126329773000,33.35,1,33.3,17,33.4,1,2,2021-12-20 10:12:06
1639995127402894000,33.35,1,33.3,17,33.4,1,2,2021-12-20 10:12:07
1639995133175623000,33.3,1,33.3,16,33.35,2,2,2021-12-20 10:12:13
1639995144383476000,33.35,1,33.3,16,33.35,1,1,2021-12-20 10:12:24
1639995148881945000,33.35,1,33.3,16,33.45,7,1,2021-12-20 10:12:28
1639995148881945000,33.4,2,33.3,16,33.45,7,1,2021-12-20 10:12:28
1639995148881945000,33.45,7,33.3,16,33.45,7,1,2021-12-20 10:12:28
1639995151680939000,33.45,2,33.35,1,33.45,7,1,2021-12-20 10:12:31
1639995155021548000,33.45,1,33.35,5,33.45,6,1,2021-12-20 10:12:35
1639995161426889000,33.35,5,33.3,17,33.4,3,2,2021-12-20 10:12:41
1639995161447579000,33.3,1,33.3,16,33.4,3,2,2021-12-20 10:12:41
1639995162813942000,33.4,1,33.3,16,33.4,2,1,2021-12-20 10:12:42
1639995167675930000,33.4,1,33.3,16,33.4,1,1,2021-12-20 10:12:47
1639995167933616000,33.3,8,33.3,8,33.35,7,2,2021-12-20 10:12:47
1639995167953851000,33.3,8,33.25,13,33.35,7,2,2021-12-20 10:12:47
1639995172401597000,33.25,13,33.1,10,33.35,7,2,2021-12-20 10:12:52
1639995172401597000,33.2,17,33.1,10,33.35,7,2,2021-12-20 10:12:52
1639995173274255000,33.1,5,33.1,5,33.3,1,2,2021-12-20 10:12:53
1639995173299359000,33.1,5,33.05,9,33.3,1,2,2021-12-20 10:12:53
1639995176972834000,33.2,10,33.05,9,33.35,7,2,2021-12-20 10:12:56
1639995180641096000,33.1,1,33.1,1,33.3,3,2,2021-12-20 10:13:00
1639995183056775000,33.1,1,33.0,1,33.25,1,2,2021-12-20 10:13:03
1639995183056775000,33.05,9,33.0,1,33.25,1,2,2021-12-20 10:13:03
1639995183056775000,33.0,10,33.0,1,33.25,1,2,2021-12-20 10:13:03
1639995191441528000,33.0,2,33.0,17,33.2,1,2,2021-12-20 10:13:11
1639995191569307000,33.0,5,33.0,12,33.15,1,2,2021-12-20 10:13:11
1639995203204907000,33.05,1,33.05,5,33.1,3,2,2021-12-20 10:13:23
1639995204314179000,33.05,1,33.05,4,33.1,3,2,2021-12-20 10:13:24
1639995215227628000,33.05,1,33.05,5,33.1,4,2,2021-12-20 10:13:35
1639995216164065000,33.05,1,33.05,4,33.1,4,2,2021-12-20 10:13:36
1639995219152083000,33.05,1,33.05,4,33.1,4,2,2021-12-20 10:13:39
1639995220638317000,33.05,2,33.05,2,33.1,4,2,2021-12-20 10:13:40
1639995221422310000,33.05,1,33.05,1,33.1,4,2,2021-12-20 10:13:41
1639995224062449000,33.05,1,33.0,25,33.1,6,2,2021-12-20 10:13:44
1639995226627902000,33.05,1,33.0,25,33.05,3,1,2021-12-20 10:13:46
1639995228597322000,33.05,3,33.0,24,33.1,7,1,2021-12-20 10:13:48
1639995231589218000,33.05,1,33.05,1,33.1,6,1,2021-12-20 10:13:51
1639995237608891000,33.1,5,33.05,7,33.15,2,1,2021-12-20 10:13:57
1639995254125441000,33.15,2,33.1,5,33.2,1,1,2021-12-20 10:14:14
1639995260624711000,33.2,1,33.15,1,33.25,4,1,2021-12-20 10:14:20
1639995263496639000,33.25,1,33.15,1,33.25,1,1,2021-12-20 10:14:23
1639995264580817000,33.15,1,33.1,6,33.25,1,2,2021-12-20 10:14:24
1639995274093429000,33.15,1,33.15,3,33.2,1,2,2021-12-20 10:14:34
1639995289595015000,33.2,1,33.15,4,33.25,1,1,2021-12-20 10:14:49
1639995289704176000,33.15,1,33.15,5,33.25,1,2,2021-12-20 10:14:49
1639995295474909000,33.15,1,33.15,4,33.25,1,2,2021-12-20 10:14:55
1639995309946947000,33.15,2,33.15,3,33.25,1,2,2021-12-20 10:15:09
1639995313752588000,33.15,1,33.15,2,33.25,2,2,2021-12-20 10:15:13
1639995314829811000,33.15,2,33.1,7,33.25,2,2,2021-12-20 10:15:14
1639995320762154000,33.2,1,33.1,7,33.25,1,1,2021-12-20 10:15:20
1639995320762154000,33.25,1,33.1,7,33.25,1,1,2021-12-20 10:15:20
1639995332641334000,33.15,2,33.1,7,33.25,3,2,2021-12-20 10:15:32
1639995379578269000,33.15,2,33.15,5,33.2,1,2,2021-12-20 10:16:19
1639995379763295000,33.15,1,33.15,4,33.25,3,2,2021-12-20 10:16:19
1639995389281197000,33.15,1,33.15,3,33.2,1,2,2021-12-20 10:16:29
1639995409521741000,33.25,1,33.15,3,33.25,2,1,2021-12-20 10:16:49
1639995423321038000,33.25,2,33.2,1,33.3,1,1,2021-12-20 10:17:03
1639995432286805000,33.2,2,33.15,4,33.3,1,2,2021-12-20 10:17:12
1639995442356314000,33.15,2,33.15,3,33.3,2,2,2021-12-20 10:17:22
1639995446563474000,33.15,1,33.15,2,33.3,2,2,2021-12-20 10:17:26
1639995446574435000,33.15,2,33.1,7,33.3,2,2,2021-12-20 10:17:26
1639995450159273000,33.2,1,33.1,7,33.3,4,2,2021-12-20 10:17:30
1639995450457351000,33.3,1,33.1,7,33.3,3,1,2021-12-20 10:17:30
1639995456202394000,33.1,1,33.1,6,33.25,1,2,2021-12-20 10:17:36
1639995460603541000,33.15,1,33.15,2,33.25,1,2,2021-12-20 10:17:40
1639995481362197000,33.2,1,33.15,3,33.25,5,2,2021-12-20 10:18:01
1639995481982980000,33.15,2,33.15,1,33.25,5,2,2021-12-20 10:18:01
1639995485651901000,33.15,1,33.1,5,33.2,1,2,2021-12-20 10:18:05
1639995490384959000,33.1,1,33.1,4,33.15,1,2,2021-12-20 10:18:10
