ts,close,volume,bid_price,bid_volume,ask_price,ask_volume,tick_type,datetime
1650531617717241000,54.0,113,53.9,11,54.0,12,1,2022-04-21 09:00:17
1650531618178740000,53.9,2,53.9,9,54.0,12,2,2022-04-21 09:00:18
1650531618234612000,53.9,9,53.8,19,54.0,12,2,2022-04-21 09:00:18
1650531618252506000,53.8,9,53.8,10,54.0,12,2,2022-04-21 09:00:18
1650531618617208000,53.8,2,53.8,8,53.9,2,2,2022-04-21 09:00:18
1650531618654278000,53.8,8,53.7,1,53.9,2,2,2022-04-21 09:00:18
1650531620515142000,53.7,1,53.6,6,53.9,2,2,2022-04-21 09:00:20
1650531620965946000,53.6,6,53.5,3,53.8,1,2,2022-04-21 09:00:20
1650531621723939000,53.5,1,53.5,2,53.8,3,2,2022-04-21 09:00:21
1650531623028042000,53.5,1,53.5,1,53.8,1,2,2022-04-21 09:00:23
1650531630367321000,53.5,1,53.5,2,53.8,1,2,2022-04-21 09:00:30
1650531636872261000,53.5,1,53.5,3,53.8,1,2,2022-04-21 09:00:36
1650531639758084000,53.6,1,53.5,1,53.8,1,2,2022-04-21 09:00:39
1650531640436419000,53.5,1,53.4,1,53.8,3,2,2022-04-21 09:00:40
1650531640436419000,53.4,1,53.4,1,53.8,3,2,2022-04-21 09:00:40
1650531641829594000,53.4,1,53.2,16,53.8,3,2,2022-04-21 09:00:41
1650531643765828000,53.4,1,53.3,2,53.8,1,1,2022-04-21 09:00:43
1650531643789077000,53.3,1,53.3,1,53.8,1,2,2022-04-21 09:00:43
1650531645231889000,53.8,1,53.3,1,53.8,2,1,2022-04-21 09:00:45
1650531646848236000,53.6,1,53.6,8,53.9,1,2,2022-04-21 09:00:46
1650531649427610000,53.6,1,53.6,7,53.9,3,2,2022-04-21 09:00:49
1650531649456086000,53.6,7,53.2,17,53.9,3,2,2022-04-21 09:00:49
1650531652081110000,53.6,1,53.2,19,53.9,3,2,2022-04-21 09:00:52
1650531653902167000,53.3,1,53.3,1,53.8,2,2,2022-04-21 09:00:53
1650531654481274000,53.6,2,53.3,1,53.8,2,2,2022-04-21 09:00:54
1650531657883795000,53.6,1,53.3,1,53.9,1,2,2022-04-21 09:00:57
1650531662319328000,53.3,1,53.3,1,53.9,4,2,2022-04-21 09:01:02
1650531669936483000,53.3,3,53.3,2,53.9,2,2,2022-04-21 09:01:09
1650531679536935000,53.4,1,53.4,1,53.9,3,2,2022-04-21 09:01:19
1650531679607119000,53.4,1,53.3,4,53.8,2,2,2022-04-21 09:01:19
1650531688474842000,53.4,1,53.3,6,53.4,1,1,2022-04-21 09:01:28
1650531688501309000,53.4,1,53.3,6,53.9,3,1,2022-04-21 09:01:28
1650531704788650000,53.4,1,53.4,4,53.9,3,2,2022-04-21 09:01:44
1650531710746750000,53.4,1,53.4,7,53.9,3,2,2022-04-21 09:01:50
1650531748502589000,53.6,1,53.5,6,53.9,1,2,2022-04-21 09:02:28
1650531749725314000,53.5,1,53.5,5,53.9,1,2,2022-04-21 09:02:29
1650531753101299000,53.9,1,53.5,5,54.0,15,1,2022-04-21 09:02:33
1650531761707758000,54.0,1,53.5,6,54.0,14,1,2022-04-21 09:02:41
1650531766056425000,54.0,1,53.5,7,54.0,13,1,2022-04-21 09:02:46
1650531768098629000,54.0,1,53.6,1,54.0,12,1,2022-04-21 09:02:48
1650531768590353000,54.0,1,53.6,1,54.0,11,1,2022-04-21 09:02:48
1650531771146472000,54.0,1,53.6,1,54.0,10,1,2022-04-21 09:02:51
1650531777783560000,54.0,1,53.8,10,54.0,9,1,2022-04-21 09:02:57
1650531778728874000,54.0,1,53.8,10,54.0,8,1,2022-04-21 09:02:58
1650531780127069000,54.0,1,53.8,10,54.0,7,1,2022-04-21 09:03:00
1650531783130304000,53.9,1,53.8,10,54.0,7,1,2022-04-21 09:03:03
1650531783146210000,54.0,1,53.8,10,54.0,6,1,2022-04-21 09:03:03
1650531789128998000,54.0,1,53.8,10,54.0,5,1,2022-04-21 09:03:09
1650531789168211000,54.0,5,53.8,10,54.1,8,1,2022-04-21 09:03:09
1650531791935776000,54.0,1,53.8,10,54.1,7,2,2022-04-21 09:03:11
1650531794389175000,54.0,2,54.0,9,54.1,7,2,2022-04-21 09:03:14
1650531794434929000,54.0,6,54.0,3,54.1,7,2,2022-04-21 09:03:14
1650531794452275000,54.0,3,53.7,1,54.1,7,2,2022-04-21 09:03:14
1650531794751873000,54.0,1,53.7,1,54.0,1,2,2022-04-21 09:03:14
1650531794761619000,54.0,1,53.7,1,54.1,7,1,2022-04-21 09:03:14
1650531796007087000,53.7,1,53.6,4,54.0,2,2,2022-04-21 09:03:16
1650531820754884000,54.0,4,54.0,1,54.1,7,1,2022-04-21 09:03:40
1650531820788271000,54.0,1,53.7,9,54.1,7,2,2022-04-21 09:03:40
1650531828671041000,54.0,1,53.8,1,54.1,7,1,2022-04-21 09:03:48
1650531835015933000,54.1,1,53.8,3,54.1,6,1,2022-04-21 09:03:55
1650531839399144000,54.1,1,53.8,3,54.1,5,1,2022-04-21 09:03:59
1650531853199690000,54.0,1,53.9,9,54.1,2,1,2022-04-21 09:04:13
1650531853199690000,54.1,4,53.9,9,54.1,2,1,2022-04-21 09:04:13
1650531859082095000,54.0,1,53.9,9,54.0,4,1,2022-04-21 09:04:19
1650531859683989000,54.0,1,53.9,9,54.0,3,1,2022-04-21 09:04:19
1650531860794586000,54.0,1,53.9,9,54.0,2,1,2022-04-21 09:04:20
1650531861147568000,54.0,2,53.9,9,54.1,2,1,2022-04-21 09:04:21
1650531862060313000,54.1,1,53.9,9,54.1,1,1,2022-04-21 09:04:22
1650531866378060000,54.1,1,54.0,4,54.2,1,1,2022-04-21 09:04:26
1650531871892988000,54.1,1,54.0,4,54.2,1,1,2022-04-21 09:04:31
1650531876503372000,54.2,1,54.1,1,54.3,1,1,2022-04-21 09:04:36
1650531876503372000,54.3,1,54.1,1,54.3,1,1,2022-04-21 09:04:36
1650531877019938000,54.2,1,54.1,1,54.3,1,1,2022-04-21 09:04:37
1650531877964974000,54.3,1,54.1,1,54.4,9,1,2022-04-21 09:04:37
1650531886618595000,54.3,1,54.1,1,54.3,1,1,2022-04-21 09:04:46
1650531888179921000,54.3,1,54.1,1,54.4,9,1,2022-04-21 09:04:48
1650531890160412000,54.3,1,54.1,1,54.4,9,2,2022-04-21 09:04:50
1650531893296205000,54.3,1,54.1,1,54.3,2,1,2022-04-21 09:04:53
1650531896077997000,54.2,1,54.1,6,54.3,1,2,2022-04-21 09:04:56
1650531896302061000,54.3,1,54.1,6,54.4,9,1,2022-04-21 09:04:56
1650531905383796000,54.3,1,54.3,1,54.4,10,2,2022-04-21 09:05:05
1650531909636261000,54.3,1,54.3,1,54.4,10,2,2022-04-21 09:05:09
1650531909873290000,54.3,1,54.1,7,54.4,10,2,2022-04-21 09:05:09
1650531910156160000,54.3,1,54.1,7,54.3,1,2,2022-04-21 09:05:10
1650531911612776000,54.3,3,54.1,2,54.4,8,1,2022-04-21 09:05:11
1650531911612776000,54.4,2,54.1,2,54.4,8,1,2022-04-21 09:05:11
1650531915466377000,54.2,1,54.1,2,54.3,2,2,2022-04-21 09:05:15
1650531917263960000,54.2,1,54.1,2,54.3,4,2,2022-04-21 09:05:17
1650531929268973000,54.2,2,54.2,3,54.3,2,2,2022-04-21 09:05:29
1650531929298029000,54.2,3,54.1,3,54.3,2,2,2022-04-21 09:05:29
1650531929891104000,54.1,3,54.0,10,54.2,1,2,2022-04-21 09:05:29
1650531931472671000,54.2,1,54.0,9,54.2,2,1,2022-04-21 09:05:31
1650531935473626000,54.2,1,54.1,5,54.3,4,2,2022-04-21 09:05:35
1650531939087380000,54.3,1,54.1,5,54.3,1,1,2022-04-21 09:05:39
1650531943236467000,54.1,6,54.0,4,54.2,2,2,2022-04-21 09:05:43
1650531943236467000,54.0,3,54.0,4,54.2,2,2,2022-04-21 09:05:43
1650531943477816000,54.0,2,54.0,2,54.2,2,2,2022-04-21 09:05:43
1650531945938631000,54.2,2,54.0,2,54.4,7,1,2022-04-21 09:05:45
1650531945938631000,54.3,1,54.0,2,54.4,7,1,2022-04-21 09:05:45
1650531945938631000,54.4,2,54.0,2,54.4,7,1,2022-04-21 09:05:45
1650531954640305000,54.0,1,54.0,2,54.3,2,2,2022-04-21 09:05:54
1650531970249676000,54.1,1,54.0,6,54.1,1,1,2022-04-21 09:06:10
1650531986927163000,54.1,1,54.0,8,54.1,1,1,2022-04-21 09:06:26
1650531987779802000,54.1,1,54.0,8,54.2,2,1,2022-04-21 09:06:27
1650531990085063000,54.0,5,54.0,3,54.2,2,2,2022-04-21 09:06:30
1650532002316677000,54.1,1,54.1,2,54.2,4,2,2022-04-21 09:06:42
1650532008073358000,54.1,1,54.1,1,54.2,4,2,2022-04-21 09:06:48
1650532008107840000,54.1,1,54.0,3,54.2,4,2,2022-04-21 09:06:48
1650532022956225000,54.1,1,54.0,3,54.2,4,2,2022-04-21 09:07:02
1650532046345361000,54.0,2,54.0,4,54.1,2,2,2022-04-21 09:07:26
1650532054499327000,54.0,1,54.0,3,54.1,1,2,2022-04-21 09:07:34
1650532061801437000,54.1,1,54.0,3,54.2,4,1,2022-04-21 09:07:41
1650532062759374000,54.0,1,54.0,2,54.2,4,2,2022-04-21 09:07:42
1650532073961056000,54.0,1,54.0,3,54.1,1,2,2022-04-21 09:07:53
1650532082297466000,54.0,1,54.0,4,54.1,1,2,2022-04-21 09:08:02
1650532121813586000,54.0,1,54.0,4,54.1,2,2,2022-04-21 09:08:41
1650532126296912000,54.0,2,54.0,2,54.1,2,2,2022-04-21 09:08:46
1650532129818631000,54.0,1,54.0,1,54.1,2,2,2022-04-21 09:08:49
1650532130990698000,54.1,1,54.0,1,54.1,1,1,2022-04-21 09:08:50
1650532132372930000,54.0,1,53.9,3,54.1,1,2,2022-04-21 09:08:52
1650532138286787000,54.1,40,53.9,1,54.1,1,1,2022-04-21 09:08:58
1650532140301819000,54.0,1,53.9,3,54.1,1,1,2022-04-21 09:09:00
1650532140324879000,53.9,2,53.9,1,54.1,1,2,2022-04-21 09:09:00
1650532152397324000,53.9,2,53.9,1,54.1,1,2,2022-04-21 09:09:12
1650532162314106000,54.1,1,53.9,1,54.2,1,1,2022-04-21 09:09:22
1650532169063851000,53.9,1,53.8,6,54.2,1,2,2022-04-21 09:09:29
1650532227462216000,54.0,1,53.9,10,54.0,3,1,2022-04-21 09:10:27
1650532227798480000,53.9,10,53.8,5,54.0,3,2,2022-04-21 09:10:27
1650532227798480000,53.8,2,53.8,5,54.0,3,2,2022-04-21 09:10:27
1650532227799707000,53.8,5,53.7,12,53.8,6,2,2022-04-21 09:10:27
1650532228174039000,53.7,2,53.7,10,53.8,11,2,2022-04-21 09:10:28
1650532228200652000,53.7,10,53.6,6,53.8,11,2,2022-04-21 09:10:28
1650532228256075000,53.6,4,53.6,2,53.8,11,2,2022-04-21 09:10:28
1650532234307525000,53.6,1,53.6,1,53.7,1,2,2022-04-21 09:10:34
1650532243582570000,53.6,1,53.6,1,53.7,1,2,2022-04-21 09:10:43
1650532249436170000,53.6,2,53.5,6,53.7,1,2,2022-04-21 09:10:49
1650532263086301000,53.5,3,53.5,5,53.6,1,2,2022-04-21 09:11:03
1650532265371172000,53.5,2,53.5,3,53.6,1,2,2022-04-21 09:11:05
1650532294562859000,53.5,2,53.5,3,53.6,1,2,2022-04-21 09:11:34
1650532304135479000,53.5,3,53.4,1,53.6,1,2,2022-04-21 09:11:44
1650532304135479000,53.4,6,53.4,1,53.6,1,2,2022-04-21 09:11:44
1650532315645575000,53.4,4,53.3,9,53.4,4,2,2022-04-21 09:11:55
1650532320245175000,53.4,1,53.3,9,53.4,3,1,2022-04-21 09:12:00
1650532320278881000,53.4,3,53.3,9,53.6,1,1,2022-04-21 09:12:00
1650532326472189000,53.6,1,53.4,2,53.7,1,1,2022-04-21 09:12:06
1650532339982680000,53.6,1,53.5,1,53.7,2,2,2022-04-21 09:12:19
1650532345562501000,53.5,3,53.3,8,53.7,2,2,2022-04-21 09:12:25
1650532362358179000,53.6,4,53.6,2,53.7,2,1,2022-04-21 09:12:42
1650532387505709000,53.6,3,53.6,2,53.7,2,2,2022-04-21 09:13:07
1650532388633842000,53.6,2,53.5,1,53.7,2,2,2022-04-21 09:13:08
1650532440798449000,53.5,4,53.4,10,53.5,1,2,2022-04-21 09:14:00
1650532440833010000,53.5,1,53.4,10,53.6,1,1,2022-04-21 09:14:00
1650532469670502000,53.6,1,53.5,3,53.7,1,1,2022-04-21 09:14:29
1650532469703621000,53.7,1,53.5,3,53.8,11,1,2022-04-21 09:14:29
1650532484817625000,53.7,1,53.5,3,53.8,11,2,2022-04-21 09:14:44
1650532500090899000,53.7,1,53.7,1,53.8,11,1,2022-04-21 09:15:00
1650532549983489000,53.7,1,53.7,1,53.8,11,2,2022-04-21 09:15:49
1650532550439592000,53.7,1,53.5,1,53.8,11,2,2022-04-21 09:15:50
1650532550439592000,53.5,4,53.5,1,53.8,11,2,2022-04-21 09:15:50
1650532587095595000,53.6,2,53.5,6,53.7,1,2,2022-04-21 09:16:27
1650532588664897000,53.7,1,53.5,6,53.8,11,1,2022-04-21 09:16:28
1650532628759146000,53.7,1,53.6,3,53.8,11,2,2022-04-21 09:17:08
1650532714275378000,53.6,1,53.6,7,53.7,12,2,2022-04-21 09:18:34
1650532720027798000,53.6,7,53.5,8,53.7,12,2,2022-04-21 09:18:40
1650532744929679000,53.6,2,53.6,3,53.7,12,1,2022-04-21 09:19:04
1650532755758787000,53.6,3,53.5,1,53.7,12,2,2022-04-21 09:19:15
1650532755758787000,53.5,7,53.5,1,53.7,12,2,2022-04-21 09:19:15
1650532788513490000,53.6,1,53.6,9,53.7,12,2,2022-04-21 09:19:48
1650532794366131000,53.6,3,53.6,6,53.7,12,2,2022-04-21 09:19:54
1650532799596159000,53.6,1,53.6,6,53.7,12,2,2022-04-21 09:19:59
1650532840749922000,53.6,2,53.6,4,53.7,12,2,2022-04-21 09:20:40
1650532852315947000,53.6,4,53.5,1,53.6,2,2,2022-04-21 09:20:52
1650532872137021000,53.5,1,53.4,2,53.6,4,2,2022-04-21 09:21:12
1650532872137021000,53.4,8,53.4,2,53.6,4,2,2022-04-21 09:21:12
1650532881900244000,53.5,1,53.4,3,53.6,4,2,2022-04-21 09:21:21
1650532898752363000,53.4,2,53.4,1,53.6,2,2,2022-04-21 09:21:38
1650533015318689000,53.4,3,53.4,2,53.6,2,2,2022-04-21 09:23:35
1650533088782697000,53.4,3,53.3,12,53.6,2,2,2022-04-21 09:24:48
1650533129935933000,53.4,1,53.3,11,53.4,1,2,2022-04-21 09:25:29
1650533130821708000,53.4,1,53.3,11,53.6,2,1,2022-04-21 09:25:30
1650533155468088000,53.3,4,53.3,10,53.6,2,2,2022-04-21 09:25:55
1650533185887004000,53.3,9,53.2,16,53.3,1,2,2022-04-21 09:26:25
1650533188194698000,53.2,1,53.2,15,53.3,1,2,2022-04-21 09:26:28
1650533192837187000,53.3,1,53.2,15,53.6,2,1,2022-04-21 09:26:32
1650533268105946000,53.3,1,53.3,4,53.5,1,2,2022-04-21 09:27:48
1650533274596942000,53.3,1,53.3,3,53.5,1,2,2022-04-21 09:27:54
1650533405131827000,53.3,1,53.3,3,53.5,2,2,2022-04-21 09:30:05
1650533470847204000,53.3,1,53.3,3,53.5,2,2,2022-04-21 09:31:10
1650533529406347000,53.3,1,53.3,4,53.5,2,2,2022-04-21 09:32:09
1650533537352303000,53.3,2,53.3,2,53.5,2,2,2022-04-21 09:32:17
1650533580436153000,53.3,1,53.3,1,53.4,2,2,2022-04-21 09:33:00
1650533580601844000,53.4,1,53.3,1,53.4,1,1,2022-04-21 09:33:00
1650533587997149000,53.4,1,53.3,1,53.5,1,1,2022-04-21 09:33:07
1650533598211692000,53.3,1,53.2,7,53.5,2,2,2022-04-21 09:33:18
1650533598211692000,53.2,9,53.2,7,53.5,2,2,2022-04-21 09:33:18
1650533649851025000,53.3,1,53.2,8,53.5,3,2,2022-04-21 09:34:09
1650533663935127000,53.2,1,53.2,7,53.3,3,2,2022-04-21 09:34:23
1650533671821428000,53.2,5,53.2,2,53.3,3,2,2022-04-21 09:34:31
1650533678189039000,53.2,1,53.2,1,53.3,2,2,2022-04-21 09:34:38
1650533685300309000,53.2,1,53.1,8,53.3,4,2,2022-04-21 09:34:45
1650533717213958000,53.2,1,53.1,11,53.2,1,1,2022-04-21 09:35:17
1650533717242896000,53.2,1,53.1,11,53.3,4,1,2022-04-21 09:35:17
1650533717272817000,53.1,1,53.1,10,53.3,4,2,2022-04-21 09:35:17
1650533733570175000,53.2,1,53.2,1,53.3,4,2,2022-04-21 09:35:33
1650533737229540000,53.2,1,53.1,11,53.3,4,2,2022-04-21 09:35:37
1650533753187281000,53.1,10,53.0,18,53.2,1,2,2022-04-21 09:35:53
1650533776876811000,53.0,3,53.0,14,53.1,13,2,2022-04-21 09:36:16
1650533776903946000,53.0,2,53.0,12,53.1,13,2,2022-04-21 09:36:16
1650533779223138000,53.0,1,53.0,11,53.1,12,2,2022-04-21 09:36:19
1650533783977765000,53.0,1,53.0,12,53.1,12,2,2022-04-21 09:36:23
1650533785703779000,53.0,1,53.0,11,53.1,12,2,2022-04-21 09:36:25
1650533786322719000,53.0,9,53.0,2,53.1,12,2,2022-04-21 09:36:26
1650533786347580000,53.0,2,52.9,12,53.1,12,2,2022-04-21 09:36:26
1650533803506056000,53.0,2,52.9,13,53.1,12,2,2022-04-21 09:36:43
1650533813103670000,53.0,1,53.0,3,53.1,12,2,2022-04-21 09:36:53
1650533814172429000,53.0,1,53.0,2,53.1,12,2,2022-04-21 09:36:54
1650533833202516000,53.1,9,53.0,5,53.1,3,1,2022-04-21 09:37:13
1650533833220570000,53.1,1,53.0,5,53.1,2,1,2022-04-21 09:37:13
1650533833220961000,53.1,2,53.0,5,53.2,1,1,2022-04-21 09:37:13
1650533834497879000,53.2,1,53.0,5,53.3,4,1,2022-04-21 09:37:14
1650533836070201000,53.2,1,53.0,2,53.3,4,2,2022-04-21 09:37:16
1650533836070201000,53.0,4,53.0,2,53.3,4,2,2022-04-21 09:37:16
1650533842222717000,53.0,1,53.0,3,53.3,4,2,2022-04-21 09:37:22
1650533878157532000,53.1,1,52.9,11,53.0,14,2,2022-04-21 09:37:58
1650533878157532000,53.0,5,52.9,11,53.0,14,2,2022-04-21 09:37:58
1650533906208814000,52.9,2,52.9,9,53.0,15,2,2022-04-21 09:38:26
1650533929267926000,53.0,9,52.9,10,53.0,6,1,2022-04-21 09:38:49
1650533929296185000,53.0,6,52.9,10,53.3,7,1,2022-04-21 09:38:49
1650533930422840000,53.0,2,52.9,2,53.3,7,2,2022-04-21 09:38:50
1650533930422840000,52.9,8,52.9,2,53.3,7,2,2022-04-21 09:38:50
1650533931593173000,52.9,2,52.8,14,52.9,3,2,2022-04-21 09:38:51
1650533938093901000,52.9,1,52.8,15,52.9,3,1,2022-04-21 09:38:58
1650533938124721000,52.9,3,52.8,15,53.3,7,1,2022-04-21 09:38:58
1650533948450621000,52.9,2,52.8,7,53.3,7,2,2022-04-21 09:39:08
1650533948450621000,52.8,8,52.8,7,53.3,7,2,2022-04-21 09:39:08
1650533960805979000,52.8,7,52.7,4,53.3,10,2,2022-04-21 09:39:20
1650533972099243000,52.7,4,52.6,4,52.8,7,2,2022-04-21 09:39:32
1650533973980373000,52.6,4,52.5,7,52.8,7,2,2022-04-21 09:39:33
1650533973980373000,52.5,5,52.5,7,52.8,7,2,2022-04-21 09:39:33
1650534011770945000,52.6,1,52.6,3,52.8,7,2,2022-04-21 09:40:11
1650534029128306000,52.8,3,52.7,2,52.8,4,1,2022-04-21 09:40:29
1650534029154861000,52.8,1,52.7,2,52.8,3,1,2022-04-21 09:40:29
1650534033648788000,52.8,1,52.7,2,52.8,2,1,2022-04-21 09:40:33
1650534039148424000,52.8,1,52.7,2,52.8,1,1,2022-04-21 09:40:39
1650534062493039000,52.8,1,52.7,4,52.8,7,1,2022-04-21 09:41:02
1650534062727921000,52.8,7,52.7,4,52.9,3,1,2022-04-21 09:41:02
1650534062762007000,52.9,1,52.7,4,52.9,2,1,2022-04-21 09:41:02
1650534082439761000,52.8,1,52.7,4,52.8,6,1,2022-04-21 09:41:22
1650534094340617000,52.8,1,52.7,4,52.8,5,1,2022-04-21 09:41:34
1650534105095091000,52.8,1,52.7,4,52.8,4,1,2022-04-21 09:41:45
1650534114959568000,52.8,1,52.7,3,52.8,3,1,2022-04-21 09:41:54
1650534120991116000,52.8,1,52.7,3,52.8,2,1,2022-04-21 09:42:00
1650534129213999000,52.8,1,52.7,3,52.8,1,1,2022-04-21 09:42:09
1650534133565106000,52.8,1,52.7,3,52.9,2,1,2022-04-21 09:42:13
1650534137109814000,52.8,1,52.7,4,52.8,6,1,2022-04-21 09:42:17
1650534143646685000,52.8,2,52.7,4,52.8,5,1,2022-04-21 09:42:23
1650534154585282000,52.8,1,52.7,4,52.8,4,1,2022-04-21 09:42:34
1650534211442113000,52.8,1,52.7,5,52.8,8,1,2022-04-21 09:43:31
1650534214066725000,52.8,8,52.8,2,52.9,2,1,2022-04-21 09:43:34
1650534269914775000,52.9,1,52.8,15,52.9,1,1,2022-04-21 09:44:29
1650534273463371000,52.9,1,52.9,1,53.2,1,1,2022-04-21 09:44:33
1650534279955859000,53.2,1,52.9,3,53.3,7,1,2022-04-21 09:44:39
1650534290322268000,53.1,1,52.9,3,53.2,1,1,2022-04-21 09:44:50
1650534387503876000,53.1,1,53.0,4,53.2,3,1,2022-04-21 09:46:27
1650534433788474000,53.1,1,53.0,2,53.2,3,2,2022-04-21 09:47:13
1650534445339279000,53.0,2,52.8,6,53.2,4,2,2022-04-21 09:47:25
1650534445339279000,52.9,3,52.8,6,53.2,4,2,2022-04-21 09:47:25
1650534445339279000,52.8,4,52.8,6,53.2,4,2,2022-04-21 09:47:25
1650534529833245000,52.9,1,52.8,7,53.1,1,2,2022-04-21 09:48:49
1650534566033742000,52.8,1,52.8,7,53.0,5,2,2022-04-21 09:49:26
1650534617294308000,52.9,2,52.8,8,53.0,5,2,2022-04-21 09:50:17
1650534617294308000,52.8,1,52.8,8,53.0,5,2,2022-04-21 09:50:17
1650534628684007000,52.8,8,52.7,2,53.0,5,2,2022-04-21 09:50:28
1650534628684007000,52.7,1,52.7,2,53.0,5,2,2022-04-21 09:50:28
1650534711853292000,52.7,1,52.7,2,52.8,7,2,2022-04-21 09:51:51
1650534742073090000,52.8,1,52.7,3,52.8,6,1,2022-04-21 09:52:22
1650534757398132000,52.8,1,52.7,3,52.8,5,1,2022-04-21 09:52:37
1650534778890062000,52.8,2,52.7,4,52.8,3,1,2022-04-21 09:52:58
1650534792598946000,52.8,1,52.7,3,52.8,2,1,2022-04-21 09:53:12
1650534792860771000,52.8,1,52.7,3,52.8,1,1,2022-04-21 09:53:12
1650534795362118000,52.8,1,52.8,1,53.0,7,1,2022-04-21 09:53:15
1650534797732313000,52.8,2,52.7,3,52.8,5,2,2022-04-21 09:53:17
1650534804479633000,52.8,5,52.8,5,53.0,7,1,2022-04-21 09:53:24
1650534809157485000,52.8,2,52.8,3,53.0,7,2,2022-04-21 09:53:29
1650534941681499000,52.9,1,52.8,8,53.0,7,2,2022-04-21 09:55:41
1650534956398155000,52.9,1,52.8,7,53.0,8,1,2022-04-21 09:55:56
1650534958145867000,52.8,2,52.8,5,53.0,8,2,2022-04-21 09:55:58
1650534982701652000,52.8,5,52.7,9,52.8,2,2,2022-04-21 09:56:22
1650535036112501000,52.7,1,52.7,8,52.8,3,2,2022-04-21 09:57:16
1650535055318840000,52.8,1,52.7,8,52.8,2,1,2022-04-21 09:57:35
1650535085027606000,52.8,2,52.8,2,53.0,7,1,2022-04-21 09:58:05
1650535239841486000,52.8,7,52.8,2,53.0,10,2,2022-04-21 10:00:39
1650535239873266000,52.8,2,52.7,8,53.0,10,2,2022-04-21 10:00:39
1650535240986513000,52.8,1,52.7,8,52.8,6,2,2022-04-21 10:00:40
1650535241072873000,52.7,8,52.6,9,52.8,6,2,2022-04-21 10:00:41
1650535316787800000,52.7,1,52.6,10,52.8,6,1,2022-04-21 10:01:56
1650535376156463000,52.6,10,52.5,12,52.6,1,2,2022-04-21 10:02:56
1650535394962412000,52.6,1,52.5,15,52.7,1,1,2022-04-21 10:03:14
1650535416634155000,52.5,1,52.5,12,52.7,1,2,2022-04-21 10:03:36
1650535427764017000,52.5,1,52.5,12,52.7,1,2,2022-04-21 10:03:47
1650535428677200000,52.5,1,52.5,11,52.7,1,2,2022-04-21 10:03:48
1650535515284922000,52.6,6,52.5,12,52.7,4,2,2022-04-21 10:05:15
1650535515284922000,52.5,3,52.5,12,52.7,4,2,2022-04-21 10:05:15
1650535530263854000,52.6,2,52.5,4,52.7,4,2,2022-04-21 10:05:30
1650535530263854000,52.5,8,52.5,4,52.7,4,2,2022-04-21 10:05:30
1650535570446239000,52.5,5,52.3,4,52.4,2,2,2022-04-21 10:06:10
1650535570446239000,52.4,3,52.3,4,52.4,2,2,2022-04-21 10:06:10
1650535570498804000,52.4,1,52.3,4,52.4,1,1,2022-04-21 10:06:10
1650535612855105000,52.4,5,52.3,7,52.6,1,1,2022-04-21 10:06:52
1650535632772721000,52.6,1,52.4,7,52.7,4,1,2022-04-21 10:07:12
1650535680692899000,52.5,3,52.5,2,52.6,5,2,2022-04-21 10:08:00
1650535688893798000,52.5,1,52.5,1,52.6,5,2,2022-04-21 10:08:08
1650535694613922000,52.5,1,52.4,8,52.5,1,2,2022-04-21 10:08:14
1650535706497299000,52.4,5,52.4,3,52.5,2,2,2022-04-21 10:08:26
1650535744036937000,52.5,2,52.4,5,52.6,5,1,2022-04-21 10:09:04
1650535748936372000,52.4,1,52.4,4,52.6,5,2,2022-04-21 10:09:08
1650535753620131000,52.4,4,52.3,6,52.4,1,2,2022-04-21 10:09:13
1650535759928711000,52.4,1,52.3,6,52.6,5,1,2022-04-21 10:09:19
1650535804685891000,52.4,2,52.4,1,52.6,5,2,2022-04-21 10:10:04
1650535822657425000,52.4,1,52.3,7,52.6,5,2,2022-04-21 10:10:22
1650535884083302000,52.3,7,52.2,2,52.6,5,2,2022-04-21 10:11:24
1650535884083302000,52.2,13,52.2,2,52.6,5,2,2022-04-21 10:11:24
1650535889788231000,52.2,2,52.2,2,52.6,5,2,2022-04-21 10:11:29
1650535896873773000,52.1,7,52.0,23,52.6,5,2,2022-04-21 10:11:36
1650535896873773000,52.0,8,52.0,23,52.6,5,2,2022-04-21 10:11:36
1650535910344885000,52.0,2,52.0,20,52.6,5,2,2022-04-21 10:11:50
1650535914904151000,52.1,2,52.1,1,52.6,5,2,2022-04-21 10:11:54
1650535939183299000,52.1,4,52.0,21,52.1,3,2,2022-04-21 10:12:19
1650535939215059000,52.1,1,52.0,21,52.1,2,1,2022-04-21 10:12:19
1650535948070752000,52.1,2,52.0,18,52.5,2,1,2022-04-21 10:12:28
1650535989992959000,52.2,1,52.1,5,52.4,1,2,2022-04-21 10:13:09
1650536049013965000,52.3,2,52.2,7,52.3,5,2,2022-04-21 10:14:09
1650536053793427000,52.2,7,52.1,8,52.3,5,2,2022-04-21 10:14:13
1650536056972605000,52.3,1,52.1,8,52.3,4,1,2022-04-21 10:14:16
1650536087718194000,52.3,1,52.2,2,52.3,3,1,2022-04-21 10:14:47
1650536100728698000,52.3,3,52.2,5,52.4,1,1,2022-04-21 10:15:00
1650536113597823000,52.2,5,52.1,8,52.2,2,2,2022-04-21 10:15:13
1650536124417421000,52.2,2,52.2,3,52.4,1,1,2022-04-21 10:15:24
1650536165407971000,52.3,1,52.2,3,52.4,1,1,2022-04-21 10:16:05
1650536210083589000,52.3,1,52.2,3,52.4,2,1,2022-04-21 10:16:50
1650536304730401000,52.2,3,52.1,14,52.2,4,2,2022-04-21 10:18:24
1650536385722976000,52.2,1,52.1,14,52.2,3,1,2022-04-21 10:19:45
1650536400947103000,52.1,1,52.1,13,52.2,3,2,2022-04-21 10:20:00
1650536445080885000,52.2,1,52.1,14,52.2,2,1,2022-04-21 10:20:45
1650536466931905000,52.2,2,52.1,14,52.4,2,1,2022-04-21 10:21:06
1650536545281065000,52.2,3,52.1,14,52.4,2,2,2022-04-21 10:22:25
1650536571166255000,52.2,1,52.1,14,52.2,6,2,2022-04-21 10:22:51
1650536657098565000,52.2,3,52.1,14,52.2,4,1,2022-04-21 10:24:17
1650536672503173000,52.2,1,52.1,15,52.2,3,1,2022-04-21 10:24:32
1650536711742008000,52.2,1,52.1,15,52.2,2,1,2022-04-21 10:25:11
1650536777172994000,52.2,1,52.1,15,52.2,1,1,2022-04-21 10:26:17
1650536792029683000,52.2,1,52.1,15,52.4,4,1,2022-04-21 10:26:32
1650536850196515000,52.2,1,52.2,1,52.4,4,2,2022-04-21 10:27:30
1650536928928830000,52.2,2,52.1,18,52.3,1,2,2022-04-21 10:28:48
1650536963359304000,52.1,8,52.1,11,52.3,3,2,2022-04-21 10:29:23
1650536963391967000,52.1,2,52.1,9,52.3,3,2,2022-04-21 10:29:23
1650537084533208000,52.1,1,52.1,24,52.3,1,2,2022-04-21 10:31:24
1650537173767730000,52.2,1,52.1,23,52.2,4,2,2022-04-21 10:32:53
1650537182412673000,52.2,2,52.1,23,52.2,2,1,2022-04-21 10:33:02
1650537203555440000,52.2,2,52.1,23,52.3,3,1,2022-04-21 10:33:23
1650537236757368000,52.3,1,52.2,12,52.3,2,1,2022-04-21 10:33:56
1650537286488791000,52.4,4,52.4,1,52.5,2,1,2022-04-21 10:34:46
1650537378987796000,52.4,5,52.3,1,52.5,4,2,2022-04-21 10:36:18
1650537415748594000,52.4,1,52.3,1,52.5,2,2,2022-04-21 10:36:55
1650537448877534000,52.4,1,52.3,1,52.5,4,2,2022-04-21 10:37:28
1650537532532421000,52.3,2,52.2,8,52.4,2,2,2022-04-21 10:38:52
1650537751703793000,52.3,1,52.2,13,52.4,2,2,2022-04-21 10:42:31
1650537784005872000,52.3,1,52.2,14,52.4,4,1,2022-04-21 10:43:04
1650537818582901000,52.3,1,52.2,14,52.4,2,2,2022-04-21 10:43:38
1650537818973589000,52.2,1,52.2,13,52.4,4,2,2022-04-21 10:43:38
1650537839805033000,52.3,3,52.2,12,52.4,2,2,2022-04-21 10:43:59
1650537879570953000,52.3,1,52.3,1,52.4,2,2,2022-04-21 10:44:39
1650537879600152000,52.3,1,52.2,12,52.4,2,2,2022-04-21 10:44:39
1650537883659474000,52.4,1,52.3,1,52.4,1,1,2022-04-21 10:44:43
1650537973325109000,52.4,1,52.3,2,52.4,1,1,2022-04-21 10:46:13
1650537981137951000,52.4,1,52.3,2,52.5,2,1,2022-04-21 10:46:21
1650538081579814000,52.5,1,52.4,1,52.5,1,1,2022-04-21 10:48:01
1650538129037853000,52.5,1,52.4,2,52.5,3,1,2022-04-21 10:48:49
1650538135363330000,52.5,1,52.4,2,52.5,2,1,2022-04-21 10:48:55
1650538139977934000,52.4,2,52.3,2,52.5,3,2,2022-04-21 10:48:59
1650538166207301000,52.4,5,52.3,4,52.5,3,2,2022-04-21 10:49:26
1650538297958612000,52.5,1,52.4,5,52.6,3,1,2022-04-21 10:51:37
1650538485264100000,52.4,5,52.4,3,52.5,2,2,2022-04-21 10:54:45
1650538689169988000,52.4,1,52.4,2,52.5,5,2,2022-04-21 10:58:09
1650538689411270000,52.4,2,52.3,7,52.5,5,2,2022-04-21 10:58:09
1650538815213745000,52.5,1,52.4,10,52.5,1,1,2022-04-21 11:00:15
1650538858207263000,52.5,1,52.4,10,52.6,1,1,2022-04-21 11:00:58
1650539037538434000,52.5,1,52.3,8,52.6,3,2,2022-04-21 11:03:57
1650539141341725000,52.3,10,52.1,9,52.5,1,2,2022-04-21 11:05:41
1650539141341725000,52.2,10,52.1,9,52.5,1,2,2022-04-21 11:05:41
1650539141341725000,52.1,10,52.1,9,52.5,1,2,2022-04-21 11:05:41
1650539158440667000,52.2,1,52.2,9,52.4,2,2,2022-04-21 11:05:58
1650539222582115000,52.2,10,52.1,5,52.3,2,2,2022-04-21 11:07:02
1650539222582115000,52.1,5,52.1,5,52.3,2,2,2022-04-21 11:07:02
1650539300826773000,52.1,1,52.1,4,52.2,4,2,2022-04-21 11:08:20
1650539377818938000,52.1,4,52.1,1,52.2,2,2,2022-04-21 11:09:37
1650539377855714000,52.1,1,52.0,33,52.2,2,2,2022-04-21 11:09:37
1650539416654658000,52.1,3,52.0,32,52.2,2,2,2022-04-21 11:10:16
1650539447060897000,52.2,1,52.0,32,52.2,3,1,2022-04-21 11:10:47
1650539633054134000,52.1,2,52.0,32,52.2,4,2,2022-04-21 11:13:53
1650539731293553000,52.1,1,52.1,1,52.2,4,2,2022-04-21 11:15:31
1650539776286279000,52.1,1,52.0,34,52.1,1,2,2022-04-21 11:16:16
1650539800619737000,52.1,1,52.0,34,52.2,4,1,2022-04-21 11:16:40
1650540056504432000,52.2,4,52.1,5,52.4,4,1,2022-04-21 11:20:56
1650540135022350000,52.4,1,52.2,2,52.5,6,1,2022-04-21 11:22:15
1650540207111156000,52.3,1,52.2,2,52.4,2,2,2022-04-21 11:23:27
1650540211958095000,52.3,1,52.3,1,52.5,8,1,2022-04-21 11:23:31
1650540455427776000,52.4,1,52.3,4,52.5,4,1,2022-04-21 11:27:35
1650540678771524000,52.5,1,52.4,3,52.6,1,1,2022-04-21 11:31:18
1650540756159102000,52.5,1,52.4,1,52.6,2,2,2022-04-21 11:32:36
1650540804053587000,52.6,2,52.4,1,52.7,9,1,2022-04-21 11:33:24
1650540823086711000,52.5,1,52.5,1,52.7,9,1,2022-04-21 11:33:43
1650540929263171000,52.5,1,52.4,1,52.6,2,2,2022-04-21 11:35:29
1650541017113262000,52.4,1,52.3,4,52.5,6,2,2022-04-21 11:36:57
1650541033940050000,52.4,2,52.3,4,52.5,6,1,2022-04-21 11:37:13
1650541099553367000,52.3,3,52.2,4,52.3,2,2,2022-04-21 11:38:19
1650541109230141000,52.3,2,52.3,1,52.5,8,1,2022-04-21 11:38:29
1650541424983338000,52.4,1,52.3,12,52.4,2,1,2022-04-21 11:43:44
1650541433467332000,52.4,2,52.3,12,52.5,8,1,2022-04-21 11:43:53
1650541450306678000,52.5,1,52.4,1,52.5,5,1,2022-04-21 11:44:10
1650541465580129000,52.5,5,52.4,1,52.7,9,1,2022-04-21 11:44:25
1650541633193058000,52.6,1,52.4,1,52.7,8,2,2022-04-21 11:47:13
1650541633193058000,52.5,1,52.4,1,52.7,8,2,2022-04-21 11:47:13
1650541639441547000,52.5,1,52.4,1,52.6,2,2,2022-04-21 11:47:19
1650541768596380000,52.5,1,52.4,1,52.5,2,1,2022-04-21 11:49:28
1650541772497194000,52.4,1,52.3,12,52.6,4,2,2022-04-21 11:49:32
1650541801235806000,52.3,1,52.3,12,52.6,4,2,2022-04-21 11:50:01
1650542021446027000,52.3,13,52.2,8,52.3,2,2,2022-04-21 11:53:41
1650542150144470000,52.3,1,52.2,8,52.3,1,1,2022-04-21 11:55:50
1650542228617814000,52.3,1,52.2,7,52.3,2,1,2022-04-21 11:57:08
1650542316626919000,52.4,1,52.3,1,52.4,1,1,2022-04-21 11:58:36
1650542547292716000,52.3,2,52.2,8,52.4,6,2,2022-04-21 12:02:27
1650542615310608000,52.2,8,52.1,9,52.2,2,2,2022-04-21 12:03:35
1650542636723617000,52.1,1,52.1,8,52.2,5,2,2022-04-21 12:03:56
1650542665789788000,52.1,1,52.1,7,52.2,5,2,2022-04-21 12:04:25
1650542766783254000,52.1,1,52.1,6,52.2,3,2,2022-04-21 12:06:06
1650542805021001000,52.1,1,52.1,9,52.2,2,2,2022-04-21 12:06:45
1650542879014130000,52.1,1,52.1,5,52.2,7,2,2022-04-21 12:07:59
1650542954792916000,52.1,1,52.1,6,52.2,8,2,2022-04-21 12:09:14
1650542957617412000,52.1,6,52.0,40,52.2,8,2,2022-04-21 12:09:17
1650542970218520000,52.1,2,52.0,38,52.2,10,2,2022-04-21 12:09:30
1650542997635217000,52.1,1,52.0,38,52.2,7,2,2022-04-21 12:09:57
1650542999866824000,52.0,25,52.0,13,52.2,7,2,2022-04-21 12:09:59
1650542999900398000,52.0,13,51.9,8,52.2,7,2,2022-04-21 12:09:59
1650543199087045000,52.1,1,52.0,10,52.1,1,1,2022-04-21 12:13:19
1650543199089162000,52.0,2,52.0,8,52.1,1,2,2022-04-21 12:13:19
1650543204770275000,52.0,2,52.0,6,52.1,1,2,2022-04-21 12:13:24
1650543295254776000,52.0,1,52.0,2,52.1,7,2,2022-04-21 12:14:55
1650543322597076000,52.0,1,52.0,1,52.1,6,2,2022-04-21 12:15:22
1650543322615046000,52.0,1,51.9,9,52.1,6,2,2022-04-21 12:15:22
1650543346213851000,52.0,2,52.0,1,52.1,6,2,2022-04-21 12:15:46
1650543406719088000,52.0,1,51.9,9,52.1,6,2,2022-04-21 12:16:46
1650543580877435000,52.0,1,52.0,4,52.1,6,2,2022-04-21 12:19:40
1650543630201178000,52.1,1,52.0,4,52.1,5,1,2022-04-21 12:20:30
1650543660029149000,52.1,1,52.0,4,52.1,3,1,2022-04-21 12:21:00
1650543678793565000,52.0,1,52.0,3,52.1,3,2,2022-04-21 12:21:18
1650543694541378000,52.1,1,52.0,3,52.1,4,1,2022-04-21 12:21:34
1650543722018565000,52.1,2,52.0,4,52.2,6,1,2022-04-21 12:22:02
1650543841464230000,52.1,1,52.0,4,52.1,2,1,2022-04-21 12:24:01
1650543905892809000,52.0,4,52.0,1,52.1,3,2,2022-04-21 12:25:05
1650543905911461000,52.0,1,51.9,8,52.1,3,2,2022-04-21 12:25:05
1650544035347727000,52.0,3,51.9,8,52.1,4,2,2022-04-21 12:27:15
1650544168466380000,51.9,1,51.9,12,52.0,3,2,2022-04-21 12:29:28
1650544168720513000,51.9,5,51.9,7,52.0,3,2,2022-04-21 12:29:28
1650544170416317000,51.9,4,51.9,3,52.0,3,2,2022-04-21 12:29:30
1650544182781511000,51.9,2,51.9,1,52.0,3,2,2022-04-21 12:29:42
1650544182804151000,51.9,1,51.8,10,52.0,3,2,2022-04-21 12:29:42
1650544236042827000,51.8,1,51.8,10,51.9,1,2,2022-04-21 12:30:36
1650544236087001000,51.8,4,51.8,6,51.9,1,2,2022-04-21 12:30:36
1650544236127616000,51.8,1,51.8,5,51.9,1,2,2022-04-21 12:30:36
1650544250342834000,51.8,1,51.8,3,51.9,1,2,2022-04-21 12:30:50
1650544250366204000,51.8,1,51.8,2,51.9,1,2,2022-04-21 12:30:50
1650544250367175000,51.8,2,51.7,3,51.9,1,2,2022-04-21 12:30:50
1650544283951738000,51.8,1,51.7,1,52.0,8,2,2022-04-21 12:31:23
1650544374165927000,51.7,1,51.7,1,51.8,2,2,2022-04-21 12:32:54
1650544384926873000,51.8,1,51.7,1,51.8,3,1,2022-04-21 12:33:04
1650544395039604000,51.7,2,51.6,11,51.8,2,2,2022-04-21 12:33:15
1650544397942337000,51.6,10,51.6,1,51.8,2,2,2022-04-21 12:33:17
1650544424717808000,51.6,4,51.5,34,51.7,1,2,2022-04-21 12:33:44
1650544442103902000,51.6,1,51.5,34,51.6,1,1,2022-04-21 12:34:02
1650544450616231000,51.6,1,51.5,34,51.7,1,1,2022-04-21 12:34:10
1650544474730213000,51.6,1,51.6,1,51.7,2,2,2022-04-21 12:34:34
1650544488797538000,51.6,1,51.5,33,51.7,2,2,2022-04-21 12:34:48
1650544515597062000,51.7,3,51.6,2,51.8,2,1,2022-04-21 12:35:15
1650544515597062000,51.8,3,51.6,2,51.8,2,1,2022-04-21 12:35:15
1650544556051133000,51.8,1,51.6,5,51.8,2,1,2022-04-21 12:35:56
1650544560860751000,51.6,1,51.6,5,51.8,2,2,2022-04-21 12:36:00
1650544590942554000,51.7,3,51.6,8,51.8,2,2,2022-04-21 12:36:30
1650544610367401000,51.7,1,51.6,10,51.8,2,2,2022-04-21 12:36:50
1650544673666266000,51.8,2,51.7,10,52.1,9,1,2022-04-21 12:37:53
1650544673666266000,52.0,2,51.7,10,52.1,9,1,2022-04-21 12:37:53
1650544724555840000,52.0,2,51.7,12,52.0,1,1,2022-04-21 12:38:44
1650544759222477000,52.0,1,51.8,2,52.0,2,1,2022-04-21 12:39:19
1650544887340759000,51.9,2,51.8,7,52.0,3,2,2022-04-21 12:41:27
1650544943412205000,51.8,5,51.8,3,51.9,1,2,2022-04-21 12:42:23
1650545048906047000,51.8,5,51.7,13,51.9,4,2,2022-04-21 12:44:08
1650545099995911000,51.8,1,51.7,13,51.9,4,1,2022-04-21 12:44:59
1650545145466400000,51.8,1,51.7,14,51.8,2,1,2022-04-21 12:45:45
1650545255331098000,51.8,1,51.7,14,51.8,1,1,2022-04-21 12:47:35
1650545307623337000,51.8,1,51.7,14,51.9,3,1,2022-04-21 12:48:27
1650545353462975000,51.8,2,51.8,3,51.9,3,2,2022-04-21 12:49:13
1650545425959588000,51.8,5,51.8,3,51.9,4,2,2022-04-21 12:50:25
1650545425991501000,51.8,3,51.7,14,51.9,4,2,2022-04-21 12:50:25
1650545461114522000,51.9,2,51.7,15,51.9,2,1,2022-04-21 12:51:01
1650545530287215000,51.8,2,51.7,15,51.9,2,1,2022-04-21 12:52:10
1650545661149719000,51.8,1,51.7,16,51.9,5,2,2022-04-21 12:54:21
1650545703609385000,51.8,2,51.7,16,51.9,6,2,2022-04-21 12:55:03
1650545733077514000,51.9,1,51.8,2,51.9,4,1,2022-04-21 12:55:33
1650545930708451000,51.9,1,51.8,3,51.9,3,1,2022-04-21 12:58:50
1650545931316666000,51.9,2,51.8,3,51.9,1,1,2022-04-21 12:58:51
1650545931328550000,51.9,1,51.9,5,52.0,5,1,2022-04-21 12:58:51
1650545977731091000,51.9,1,51.9,6,52.0,5,2,2022-04-21 12:59:37
1650546037623347000,52.0,3,51.9,8,52.0,3,1,2022-04-21 13:00:37
1650546044222510000,52.0,1,51.9,8,52.0,2,1,2022-04-21 13:00:44
1650546047940261000,52.0,1,51.9,8,52.0,1,1,2022-04-21 13:00:47
1650546101391223000,51.9,6,51.9,2,52.0,1,2,2022-04-21 13:01:41
1650546108668074000,51.9,2,51.8,4,52.0,1,2,2022-04-21 13:01:48
1650546204628013000,51.8,2,51.8,6,51.9,2,2,2022-04-21 13:03:24
1650546247812768000,51.8,2,51.8,4,51.9,6,2,2022-04-21 13:04:07
1650546247844599000,51.8,3,51.8,1,51.9,6,2,2022-04-21 13:04:07
1650546247875134000,51.8,1,51.7,15,51.9,6,2,2022-04-21 13:04:07
1650546283028600000,51.8,1,51.7,15,51.9,5,2,2022-04-21 13:04:43
1650546466593663000,51.8,1,51.7,15,51.8,7,1,2022-04-21 13:07:46
1650546480202155000,51.7,1,51.7,14,51.8,7,2,2022-04-21 13:08:00
1650546516521810000,51.7,1,51.7,13,51.8,9,2,2022-04-21 13:08:36
1650546585285398000,51.8,1,51.7,13,51.8,9,1,2022-04-21 13:09:45
1650546598456850000,51.7,2,51.7,11,51.8,9,2,2022-04-21 13:09:58
1650546602147342000,51.8,2,51.7,11,51.8,7,1,2022-04-21 13:10:02
1650546618799247000,51.8,2,51.7,12,51.8,5,1,2022-04-21 13:10:18
1650546637544001000,51.8,1,51.7,12,51.8,4,1,2022-04-21 13:10:37
1650546689267957000,51.8,2,51.7,13,51.8,2,1,2022-04-21 13:11:29
1650546767181286000,51.8,1,51.7,12,51.8,1,1,2022-04-21 13:12:47
1650546768746455000,51.8,1,51.7,12,51.9,4,1,2022-04-21 13:12:48
1650546807136867000,51.8,1,51.7,12,51.9,4,1,2022-04-21 13:13:27
1650546823871226000,51.8,1,51.7,12,51.9,3,2,2022-04-21 13:13:43
1650546902205827000,51.8,1,51.7,13,51.8,2,1,2022-04-21 13:15:02
1650546984582813000,51.7,11,51.7,2,51.8,3,2,2022-04-21 13:16:24
1650546984606603000,51.7,2,51.6,15,51.8,3,2,2022-04-21 13:16:24
1650546993068530000,51.7,1,51.6,15,51.8,5,2,2022-04-21 13:16:33
1650546995289648000,51.7,1,51.6,15,51.8,3,1,2022-04-21 13:16:35
1650547041001362000,51.7,1,51.6,16,51.8,3,1,2022-04-21 13:17:21
1650547128160471000,51.7,1,51.6,16,51.8,2,2,2022-04-21 13:18:48
1650547212855025000,51.7,3,51.6,17,51.8,3,2,2022-04-21 13:20:12
1650547230019435000,51.7,1,51.6,17,51.7,4,1,2022-04-21 13:20:30
1650547319593716000,51.6,1,51.6,16,51.7,6,2,2022-04-21 13:21:59
1650547323029809000,51.7,1,51.6,16,51.7,5,1,2022-04-21 13:22:03
1650547337488622000,51.6,3,51.6,13,51.7,2,2,2022-04-21 13:22:17
1650547345922322000,51.6,10,51.6,3,51.7,2,2,2022-04-21 13:22:25
1650547345951337000,51.6,1,51.6,2,51.7,2,2,2022-04-21 13:22:25
1650547381286331000,51.6,3,51.5,35,51.6,7,2,2022-04-21 13:23:01
1650547385446332000,51.5,35,51.4,4,51.5,7,2,2022-04-21 13:23:05
1650547399101446000,51.4,1,51.4,3,51.5,7,2,2022-04-21 13:23:19
1650547404308410000,51.4,1,51.4,2,51.5,7,2,2022-04-21 13:23:24
1650547412155398000,51.4,1,51.4,1,51.5,7,2,2022-04-21 13:23:32
1650547424093610000,51.4,2,51.3,10,51.5,7,2,2022-04-21 13:23:44
1650547424878005000,51.5,1,51.3,10,51.5,6,1,2022-04-21 13:23:44
1650547432015970000,51.5,1,51.3,10,51.5,5,1,2022-04-21 13:23:52
1650547439838256000,51.4,2,51.3,10,51.5,2,1,2022-04-21 13:23:59
1650547439838256000,51.5,3,51.3,10,51.5,2,1,2022-04-21 13:23:59
1650547496866100000,51.5,1,51.3,22,51.5,5,1,2022-04-21 13:24:56
1650547800000000000,51.2,98,51.2,21,51.3,4,2,2022-04-21 13:30:00
